4160 6420
321 422 430 482 \B?

1333 415 1752 482 COMMENT.
1799 416 1886 478 IN
1932 415 2140 477 ACTA
2185 412 2801 477 APOSTOLORUM.

3668 416 3782 478 158

339 583 366 610 ιι
399 577 575 631 ματος
606 559 711 612 τοῦ
741 556 946 626 Ἰησοῦ
1003 557 1268 629 Χριστοῦ,
1304 547 1660 622 ἐϐαπτίζοντο
1707 547 1897 624 ἄνδρες
1948 569 2007 604 τε

2149 571 2152 596 τ
2185 549 2458 622 Philippo
2481 551 2900 625 evangelizanti
2929 551 3000 607 de
3021 568 3203 618 regno
3224 551 3325 609 Dei
3349 557 3408 608 et
3428 553 3500 609 de
3531 554 3778 610 nomine

343 674 370 700 α
397 647 490 702 καὶ
542 650 828 721 γυναῖκες.
893 646 958 703 Ὀ
1019 641 1078 700 δέ
1127 641 1318 717 Σίμων
1376 641 1466 697 καὶ
1522 641 1684 704 αὐτὸς
1716 639 2015 708 ἐπίστευσε,

343 738 494 794 «καὶ
555 735 883 813 βαπτισθεὶς
948 734 1018 804 ἦν
1105 737 1525 808 προσκαρτερῶν
1586 736 1666 805 τῷ
1725 730 2016 803 Φιλίππῳ,

346 855 374 881 ι(
417 831 636 903 θεωρῶν
663 846 724 881 τε
784 822 1050 896 δυνάμεις
1107 824 1199 877 καὶ
1254 827 1462 896 σημεῖα
1493 821 1775 899 γινόμενα,
1809 818 2020 891 ἐξίστα-

345 946 374 971 ‹‹
403 940 489 975 το.
521 915 887 976 ’Λαο-Ῐισαντες
922 911 980 968 δὲ
1032 913 1087 967 οἱ
1143 911 1194 967 έν
1235 910 1649 985 Ἱεροσολύμοις
1693 908 2016 978 ἀπόστολοι,

349 1033 378 1062 ι
409 1008 498 1064 ὅτι
530 1003 773 1062 δέδεκται
807 1007 844 1074 ἠ
881 1001 1162 1076 Σαμάρεια
1217 1002 1309 1056 τὸν
1361 1001 1532 1076 λόγον
1585 1005 1684 1056 τοῦ
1715 1003 1870 1066 Θεοῦ,
1905 999 2013 1053 ἀπ-

343 1124 374 1150 α
411 1095 664 1154 έστειλαν
697 1095 836 1170 πρός
874 1093 1074 1154 αὐτοὺς
1113 1092 1204 1147 τὸν
1234 1091 1437 1166 Πέτρον
1487 1089 1577 1146 καὶ
1630 1091 1900 1160 Ἰωάννην,
1933 1087 2020 1142 οἳ·

345 1215 373 1239 ι(
406 1207 557 1249 τινες
611 1179 970 1248 καταϐάντες,
1028 1180 1408 1259 προσηύξαντο
1455 1179 1581 1255 περὶ
1632 1179 1834 1247 αὐτῶν,
1867 1178 2020 1240 ὅπως

350 1304 370 1328 ι
413 1271 638 1332 λάϐωσι
674 1274 893 1347 Πνεῦμα
917 1272 1100 1348 ἅγιον.
1135 1297 1157 1324 ι

423 1452 784 1530 Σημειωτέον
843 1453 929 1508 δτι
987 1450 1052 1506 οὐ
1109 1447 1192 1507 δεῖ
1241 1449 1568 1522 πλησιάζειν
1622 1450 1835 1525 μάγοις.
1869 1445 2023 1506 Εἲδὶ

351 1569 441 1610 τις
502 1542 809 1615 απατηθεὶς
868 1538 1226 1611 ἐπλησίασεν,
1292 1539 1606 1620 ἀφιστάσθω
1661 1537 1897 1614 ταχέως.
1955 1539 2022 1594 Ἠ

355 1638 458 1714 γαρ
523 1633 763 1705 ἐπιμονή
834 1633 872 1702 ἦ
937 1631 991 1685 έν
1059 1631 1247 1692 αὐτοῖς
1287 1628 1365 1692 είς
1405 1625 1651 1686 ἔκστασιν
1711 1626 1826 1705 ἄγει
1883 1648 2021 1707 φρε-

360 1731 497 1794 νῶν,
561 1723 700 1780 ὥστε
768 1722 848 1797 μὴ
916 1719 1154 1775 συνιέναι
1216 1716 1507 1796 διακρῖναι.
1549 1719 1726 1781 Οὗτος
1767 1718 1946 1774 τοίνυν
1995 1718 2022 1774 6

369 1814 560 1888 Σίμων
639 1809 1113 1884 ὗποκορισάμενος
1194 1811 1325 1868 τοὺς
1419 1805 1765 1871 ἀποστόλους
1850 1805 2027 1882 μάγος

2127 662 2154 690 ‹‹
2187 640 2327 697 Jesu
2348 641 3046 712 Christi,baptizabantur
3065 644 3171 698 viri
3193 643 3372 699 simul
3389 662 3456 700 ac
3471 646 3778 700 mulieres.

2128 753 2155 780 «
2189 730 2392 786 Simon
2425 736 2623 786 autem
2648 738 2707 786 et
2729 732 2854 803 ipse
2875 732 3148 797 credidit,
3173 751 3427 805 cumque
3449 734 3778 806 baptizatus

2133 843 2154 870 ι
2187 825 2361 886 esset,
2397 820 2741 876 adhaarebat
2773 822 3066 893 Philippo,
3101 829 3160 877 et
3203 823 3404 878 videns
3437 825 3680 880 virtutes
3712 842 3780 879 ac

2129 932 2156 960 «
2191 910 2359 981 signa
2387 927 2518 982 qum
2544 911 2787 976 ﬁebant,
2813 917 3058 983 stupens
3077 912 3652 969 admirabatur.Cum
3675 933 3782 970 au-

2129 1026 2156 1053 α
2191 1009 2309 1058 tem
2342 1002 2651 1058 audissent
2683 1003 2936 1074 apostoli
2985 1005 3086 1076 qui
3133 1012 3303 1060 erant
3334 1006 3781 1078 Hierosolymis,

2131 1115 2159 1143 ‹‹
2191 1092 2350 1165 quod
2383 1093 2706 1165 recepisset
2743 1093 3006 1148 Samaria
3052 1093 3296 1149 verbum
3332 1095 3455 1152 Dei.
3490 1096 3785 1150 miserunt

2131 1205 2157 1231 «
2192 1181 2265 1237 ad
2297 1198 2399 1238 eos
2426 1183 2664 1238 Petrum
2693 1199 2762 1239 ac
2779 1183 3089 1238 Joannem.
3120 1183 3215 1239 78
3243 1184 3351 1249 Qui
3375 1201 3507 1240 cum
3540 1184 3786 1240 descen-

2131 1294 2159 1322 ‹‹
2193 1271 2442 1338 dissent,
2473 1278 2791 1329 oraverunt
2819 1289 2925 1345 pro
2958 1273 3124 1345 ipsis,
3146 1280 3213 1328 ut
3242 1275 3582 1347 accipereut
3613 1274 3790 1346 Spiri-

2134 1381 2162 1411 ‹‹
2193 1367 2317 1417 tum
2352 1367 2643 1418 sanctum.
2679 1383 2708 1412 »

2204 1451 2324 1508 Hoc
2349 1451 2478 1508 loco
2509 1451 2896 1508 indicandum
2921 1456 3011 1507 est
3033 1469 3155 1508 non
3176 1457 3452 1526 oportere
3485 1454 3559 1509 ad
3586 1469 3790 1526 magos

2134 1543 2458 1600 accedere:
2502 1544 2662 1616 quod
2719 1544 2766 1599 si
2825 1544 3109 1616 deceptus
3164 1544 3240 1601 ad
3298 1561 3398 1601 eos
3447 1545 3788 1614 accesserit,

2134 1632 2489 1706 quantocius
2538 1641 2885 1705 separetur:
2932 1635 3371 1706 perseverantis
3420 1651 3679 1706 namque
3725 1635 3790 1690 in

2133 1722 2227 1778 his
2256 1721 2434 1778 rebus
2463 1727 2767 1796 stuporem
2793 1723 3010 1778 mentis
3037 1723 3300 1788 adducit,
3334 1741 3408 1779 ne
3439 1724 3630 1795 possit
3657 1723 3790 1794 quis

2135 1811 2472 1883 intelligere
2529 1811 2603 1867 ad
2662 1811 3136 1883 dijudicandum.
3197 1813 3302 1868 Hic
3353 1814 3556 1883 itaque
3587 1813 3791 1869 Simon

370 1905 649 1978 ὑπάρχων,
678 1901 769 1956 καὶ
802 1899 1018 1973 ὁμοίως
1047 1905 1163 1961 τοῖς
1223 1896 1421 1960 ἄλλοις
1475 1897 1580 1955 ὑπὸ
1611 1895 1896 1955 Φιλίππου
1925 1901 2025 1954 τοῦ

2149 1917 2275 1957 sum
2308 1917 2514 1974 magus
2540 1908 2698 1957 esset
2724 1902 3128 1974 apostolisque
3159 1902 3620 1958 blandiretur.et
3639 1904 3796 1958 sicut

367 1992 488 2052 δνός
527 1994 633 2044 τῶν
669 1989 834 2054 ἑπτα,
867 1986 1184 2063 βαπτισθεὶς
1245 1986 1382 2058 μετᾶ
1439 1982 1688 2052 πολλῶν,
1720 1983 1782 2039 οὐ
1817 1986 1912 2056 μέν
1940 2005 2028 2042 τοι

362 2078 584 2151 ἐδέξατο
615 2077 708 2134 διὰ
733 2085 837 2147 τῆς
896 2076 1185 2139 ἐπιθέσεως
1243 2081 1351 2130 τῶν
1413 2081 1618 2151 χειρῶν
1648 2081 1756 2132 τῶν
1788 2075 2026 2133 ἀποστό-

359 2171 477 2228 λων
511 2171 576 2227 τὸ
608 2171 770 2245 ἅγιον
805 2169 1044 2240 Πνεῦμα.
1094 2165 1155 2222 Τί
1210 2167 1343 2234 οὗνς
1401 2168 1454 2221 οἱ
1514 2167 1892 2242 βαπτισθέντες
1926 2167 2030 2222 ὑπὸ

354 2261 658 2319 Φιλίππου
725 2259 826 2314 οὐκ
873 2252 1074 2314 ἔλαϐον
1140 2261 1363 2330 Πνεῦμα
1423 2257 1626 2331 ἄγιονς
1680 2261 1899 2330 Πνεῦμα
1931 2257 2026 2330 μὶν

351 2355 511 2426 ἅγιον
546 2344 752 2406 ἔλαϐον
792 2349 857 2404 τὸ
900 2354 1002 2416 τῆς
1033 2347 1299 2426 ἀφέσεως,
1331 2346 1395 2403 τὸ
1426 2342 1484 2403 δὲ
1511 2350 1621 2402 τῶν
1654 2345 1899 2420 σημείων
1929 2345 2030 2402 οὐκ

346 2436 576 2497 ἶλαϐον.
610 2441 772 2498 Ὅθεν
801 2439 830 2493 6
866 2439 1058 2511 Σίμων
1111 2435 1240 2494 ἰδὼν
1289 2435 1374 2491 δτι
1423 2432 1634 2492 δίδοται
1665 2432 1755 2491 διὰ
1781 2443 1882 2506 τῆς
1910 2435 2032 2492 έπι..

351 2529 558 2595 θέσεως
592 2532 708 2583 τῶν
743 2531 974 2608 χειρῶν,
1008 2521 1293 2602 προσῆλθε
1340 2530 1461 2586 τοῖς
1518 2524 1852 2588 ἀποστόλοις
1895 2525 2030 2580 ἀπο·

352 2621 656 2693 τολμήσας
686 2618 840 2688 αὖτῷ
897 2617 1366 2691 έμπορεύσασθαι.
1421 2615 1553 2690 Πρὶν
1607 2615 1714 2690 γὰρ
1749 2613 1882 2672 ἰδεῖν
1915 2615 2031 2671 ἐτέ-

357 2731 494 2786 ρους
558 2702 947 2782 λαμϐάνοντας
1011 2705 1076 2761 τὸ
1138 2706 1248 2761 τῶν
1316 2705 1565 2778 σημείων
1646 2709 1867 2777 Πνεῦμα
1933 2705 2034 2760 οὐκ

363 2799 587 2878 έθὰῤῥέι
646 2799 890 2867 αἰτῆσαι.
951 2801 1075 2859 Πῶς
1131 2793 1190 2852 δὲ
1242 2796 1335 2852 τὸν
1383 2799 1634 2851 τοιοῦτον
1667 2796 1696 2851 ὁ
1745 2793 2032 2858 Φίλιππος

357 2886 701 2957 ὶϐαπτισεν;
759 2888 851 2949 Ὠς
905 2886 996 2941 καὶ
1052 2885 1144 2941 τὸν
1201 2882 1415 2942 Ἰούδαν
1465 2885 1698 2959 Χριστὸν
1732 2881 2031 2958 ἐξελέξατο.

366 2985 493 3041 Πῶς
525 2976 589 3036 δὶ
618 2976 784 3034 αὐτὸν
814 2976 914 3032 οὐκ
945 2975 1156 3030 ἀνεῖλον
1211 2977 1288 3037 ὡς
1327 2974 1420 3028 τὸν
1473 2973 1714 3031 Ἀνανίαν
1742 2993 1757 3042 ;
1789 2974 1913 3032 Ὀτι
1942 2959 2032 3028 καὶ

361 3068 415 3123 ἰν
471 3072 543 3140 τῇ
598 3064 815 3135 παλαιᾷ
844 3065 926 3126 εἷς
974 3063 1211 3140 ἀνῃρέθη
1276 3063 1304 3118 6
1354 3063 1420 3118 τὰ
1468 3061 1605 3135 ξύλα
1635 3060 1923 3135 συλλέξας,
1956 3062 2033 3124 εἰς

362 3155 759 3235 σωφρονισμὸν
815 3155 1039 3227 ἑτέρων,
1106 3149 1288 3215 οὐδεὶς
1319 3149 1378 3207 δὲ
1405 3147 1591 3226 ἕτερος
1628 3155 1791 3207 τοῦτο
1830 3150 2034 3206 πέπον-

362 3251 470 3305 Ou.
521 3248 685 3302 Ἐστι
733 3241 796 3301 δὶ
851 3240 1086 3300 συνιδεῖν
1146 3243 1232 3298 δτι
1287 3240 1341 3298 ὲν
1390 3245 1459 3316 τῇ
1519 3239 1668 3298 δόσει
1722 3246 1820 3297 τοῦ
1877 3241 2034 3318 ἁγίου

2135 1991 2335 2046 cmteri
2366 2007 2402 2046 a
2435 1991 2723 2062 Philippo,
2757 1991 2857 2062 qui
2900 2009 3054 2046 unus
3112 2009 3184 2048 ex
3241 1998 3468 2063 septem
3519 1999 3664 2059 erat,
3700 1993 3793 2046 in-

2135 2084 2227 2135 ter
2258 2079 2475 2136 multos
2499 2080 2822 2152 baptizatus
2849 2088 3023 2144 esset,
3049 2098 3166 2136 non
3192 2087 3391 2136 tamen
3415 2099 3520 2153 per
3552 2080 3797 2153 imposi-

2138 2168 2360 2224 tionem
2397 2185 2681 2224 manuum
2743 2169 3150 2241 apostolorum
3201 2171 3484 2242 Spiritum
3519 2176 3794 2226 sanctum

2137 2258 2372 2329 accipit.
2407 2258 2555 2323 Quid
2589 2275 2724 2330 ergo
2748 2258 2775 2313 ?
2827 2262 2913 2314 An
2971 2275 3006 2314 a
3063 2261 3332 2331 Philippo
3367 2260 3638 2330 baptizati
3673 2276 3796 2315 non

2138 2353 2494 2419 acceperant
2522 2348 2803 2420 Spiritum
2837 2354 3108 2404 sanctum
3136 2349 3162 2404 ‘2
3209 2350 3492 2419 Spiritum
3524 2355 3797 2406 sanctum

2137 2444 2492 2510 acceperant
2521 2437 2785 2508 quidem,
2823 2438 3020 2509 quoad
3060 2445 3438 2510 peccatorum
3494 2439 3800 2495 remissio-

2141 2544 2304 2593 nem,
2338 2527 2443 2583 sed
2495 2544 2616 2583 non
2648 2533 3005 2601 acceperant
3042 2535 3330 2600 quantum
3386 2527 3460 2584 ad
3493 2529 3798 2602 signorum

2141 2617 2486 2675 editionem.
2515 2617 2680 2673 Unde
2703 2617 2956 2672 intuitus
2981 2617 3182 2673 Simon
3205 2617 3364 2688 quod
3387 2635 3493 2689 per
3512 2634 3802 2675 manuum

2141 2707 2590 2779 impositionem
2621 2705 2886 2769 daretur.
2919 2707 3172 2762 accessit
3199 2707 3274 2762 ad
3305 2707 3608 2778 apostolos
3638 2724 3800 2764 sum.

2141 2803 2243 2870 pta
2267 2796 2539 2860 audacia.
2571 2802 2638 2852 ut
2666 2797 2838 2852 illum
2899 2797 3012 2852 sibi
3043 2803 3430 2853 mercaretur.
3466 2801 3802 2868 Antequam

2142 2886 2302 2942 enim
2333 2885 2482 2940 alios
2503 2884 2730 2940 videret
2753 2885 3035 2957 Spiritum
3081 2885 3155 2941 ad
3188 2885 3419 2941 edenda
3451 2886 3618 2954 signa
3648 2885 3804 2941 acci-

2142 2976 2392 3048 pientes.
2413 2991 2533 3029 non
2552 2973 2812 3030 audebat
2833 2981 3050 3046 petere.
3077 2975 3383 3039 Quomodo
3405 2981 3604 3030 autem
3630 2976 3800 3030 talem

2144 3064 2459 3136 baptizavit
2479 3063 2830 3135 Philippus?
2854 3064 3068 3119 Eodem
3093 3064 3291 3129 modo,
3317 3080 3432 3134 quo
3455 3070 3514 3118 et
3534 3065 3804 3120 Christus

2142 3154 2354 3212 Iudam
2385 3153 2581 3224 elegit.
2635 3153 2940 3218 Quomodo
3000 3169 3136 3208 vero
3190 3153 3386 3224 ipsum
3428 3168 3548 3208 non
3588 3153 3808 3208 occidit

2144 3247 2354 3300 Petrus
2396 3248 2466 3300 ut
2510 3241 2851 3298 Ananiam?
2892 3242 3182 3308 Quoniam
3233 3243 3295 3297 in
3345 3242 3525 3297 veteri
3567 3259 3805 3312 quoque

363 3337 718 3409 Πνεῦματος,
772 3332 1035 3403 αἴσθητόν
1064 3353 1117 3386 τι
1148 3331 1358 3405 ἐγίνετο
1416 3307 1746 3404 παράδοξον.
1795 3307 2032 3407 Καίγὰρ

2149 3336 2523 3390 Testamento
2537 3349 2693 3388 unus
2710 3333 3109 3405 interemptus
3128 3339 3238 3400 est,
3259 3333 3359 3405 qui
3377 3333 3538 3405 ligna
3552 3307 3805 3389 sabbato

363 3429 394 3482 6
429 3426 624 3498 Σίμων
653 3423 756 3480 οὐκ
785 3421 846 3478 ἃν
877 3419 1192 3498 προσῆλθεν
1236 3419 1424 3489 αἰτῶν,
1475 3419 1524 3477 εί
1585 3421 1661 3492 μή
1693 3423 1856 3477 τοῦτο
1887 3417 2036 3484 ἐθεά-

375 3537 531 3574 σατο.
568 3519 692 3576 Πῶς
726 3511 783 3573 δὲ
835 3513 911 3588 μὴ
971 3509 1102 3569 ἰδὼν
1159 3511 1292 3573 τοὺς
1340 3509 1686 3574 ἀποστόλους
1729 3512 2036 3588 χρημάτων

365 3611 532 3661 τοῖτο
564 3606 927 3677 πράττοντας,
979 3599 1260 3674 ἐτόλμησε
1306 3602 1574 3677 χρήματα
1617 3606 2038 3677 προσενεγιεῖνς

381 3697 516 3750 ὐτι
562 3693 660 3749 οῦκ
699 3693 764 3762 ἦν
816 3689 1069 3770 ἀγνοίας,
1119 3689 1266 3746 ἀλλά
1315 3690 1692 3762 πειράζοντος.
1727 3691 1807 3745 Δι’
1831 3691 1860 3746 ’ὀ
1887 3690 1978 3745 καὶ
2011 3691 2040 3745 6

393 3785 626 3857 Πέτρος,
652 3783 712 3839 Ἤ
739 3778 935 3856 καρδία
984 3801 1079 3837 σου
1139 3777 1239 3835 οὐκ
1283 3775 1428 3835 ἔστιν
1460 3780 1663 3845 εὐθεῖά,
1695 3777 1928 3849 δεικνὺς,
1956 3779 2043 3836 ὅτι

391 3868 521 3927 οὐδὲ
570 3872 634 3927 τὰ
680 3869 730 3927 ἐν
784 3875 857 3944 τῇ
918 3866 1137 3941 διανοίᾳ
1193 3869 1360 3926 αὐτοῦ
1416 3868 1825 3943 σκευωρτςοέντα
1857 3866 2045 3925 ἔλαθεν

380 3961 566 4018 αὐτόν.
619 3962 756 4036 Ὀρα
785 3958 846 4015 δὶ
893 3961 996 4030 τὴν
1046 3958 1437 4039 ἀναισχυντίαν
1475 3963 1574 4013 τοῦ
1607 3957 1880 4031 Σίμωνος.
1913 3958 2042 4013 Δέον

374 4054 480 4130 γαρ
514 4051 681 4107 αὐτὸν
731 4049 956 4120 αἰτῆσαι
1007 4052 1230 4121 Πιεῦμα
1279 4043 1468 4104 λαϐεῖν
1508 4049 1688 4127 ἅγιον,
1719 4045 1910 4114 ἐπειδή
1942 4047 2048 4104 οὐκ

369 4139 576 4216 ἔμελεν
614 4140 766 4213 αὖτῷ
797 4138 1017 4204 τούτου,
1076 4137 1166 4192 ἳνα
1218 4134 1355 4209 διδῷ
1385 4137 1592 4210 ἑτέροις
1639 4137 1798 4193 αἰτεῖ.
1848 4139 2048 4196 Ἤθελε

368 4233 477 4308 γαρ
507 4231 604 4288 καὶ
637 4230 928 4288 Φιλίππου
977 4225 1127 4301 δόξαι
1175 4226 1582 4304 λαμπρότερος,
1609 4230 1670 4289 Ὀ
1701 4232 1805 4307 γὰρ
1838 4229 2050 4285 Φίλιπ-

368 4344 473 4387 πος
505 4323 590 4383 εἷς
625 4318 705 4376 ὢν
752 4323 860 4376 τῶν
921 4319 1076 4386 ἑπτα,
1131 4316 1388 4379 διάκονος
1428 4315 1526 4384 ὢν,
1578 4316 1678 4374 οὐκ
1734 4317 1882 4394 εἶχεν
1931 4319 2050 4391 Eou-

371 4413 491 4467 σίαν
523 4409 620 4465 διὰ
673 4415 777 4476 τῆς
831 4408 1177 4488 χειροθεσίας
1237 4405 1424 4476 αὐτοῦ,
1484 4402 1697 4462 διδόναι
1732 4407 1796 4463 τὸ
1832 4411 2050 4480 Πνεῦμα

375 4501 436 4558 τὸ
461 4495 652 4574 ἅγιον.
684 4499 813 4555 Ὀτι
842 4496 900 4553 δί
953 4501 1121 4552 τοῦτο
1168 4495 1398 4566 ἀληθὲς,
1454 4495 1544 4551 καὶ
1573 4496 1637 4550 τὸ
1667 4500 1776 4552 τῶν
1805 4497 2050 4569 σημείων

374 4595 618 4662 Πνεῦμα
675 4587 777 4644 οὐκ
831 4581 1047 4655 ἔλαϐεν,
1105 4584 1208 4661 δρα
1261 4589 1384 4648 πῶς
1445 4607 1633 4663 φησιν,
1693 4586 1778 4641 ’ὁτι
1829 4591 2046 4663 θεωρῶν

2148 3423 2472 3498 collegerat
2488 3420 2557 3492 ετ,
2580 3423 2654 3480 ad
2678 3424 3111 3479 correctionem
3138 3429 3652 3485 cmterorum.cum
3679 3423 3810 3478 nul-

2149 3514 2244 3570 lus
2275 3514 2429 3569 alius
2458 3513 2569 3570 hoc
2599 3529 2811 3584 passus
2866 3513 2961 3567 sit.
3022 3513 3182 3569 Licet
3237 3519 3436 3570 autem
3471 3514 3806 3585 intelligere

2151 3604 2308 3677 quod
2338 3604 2402 3660 in
2432 3603 2674 3660 datione
2698 3603 2950 3674 Spiritus
2982 3605 3172 3660 sancti
3206 3605 3468 3661 sensible
3500 3605 3809 3676 quidpiam

2151 3693 2571 3750 admirandum
2605 3693 3006 3764 contingebat,
3038 3709 3234 3765 neque
3267 3695 3427 3750 enim
3461 3694 3684 3765 alioqui
3719 3695 3808 3750 Si-

2153 3799 2294 3839 mon
2325 3783 2399 3838 ad
2431 3782 2751 3853 petendum
2785 3783 3156 3850 accessisset,
3183 3783 3300 3838 nisi
3336 3784 3447 3838 hoc
3478 3785 3819 3856 conspexis-

2154 3879 2245 3931 set
2293 3873 2598 3939 Quomodo
2624 3879 2821 3928 autem
2847 3890 2983 3929 cum
3009 3873 3068 3928 id
3091 3891 3213 3929 non
3234 3875 3483 3930 vidisset
3511 3876 3814 3946 apostolos

2153 3963 2542 4037 pecuniarum
2573 3963 2764 4035 gratia
2790 3962 3098 4028 facientes,
3133 3980 3316 4019 ausus
3346 3969 3437 4019 est
3466 3966 3680 4020 offerre
3713 3980 3817 4035 pe-

2155 4052 2407 4109 cunias?
2438 4052 2586 4117 Quia
2617 4067 2737 4106 non
2768 4052 3022 4107 errantis
3056 4053 3314 4108 erat.sed
3340 4054 3646 4108 tentanlis.
3672 4055 3814 4108 Pro-

2153 4149 2359 4215 pterea
2389 4142 2566 4198 etiam
2600 4143 2831 4209 Petrus,
2887 4164 2913 4190 ‹‹
2956 4142 3069 4197 Cor
3099 4147 3290 4202 tuum.
3323 4143 3543 4214 inquit,
3576 4160 3694 4197 non
3729 4146 3821 4199 est

2154 4238 2414 4290 rectum:
2434 4255 2458 4280 n
2481 4230 2804 4288 ostendens
2827 4231 2984 4303 quod
3008 4250 3201 4304 neque
3225 4233 3330 4288 illa
3350 4233 3608 4288 laterent
3628 4235 3818 4305 ipsum

2158 4339 2291 4395 quas
2347 4323 2410 4378 in
2460 4322 2590 4392 ejus
2617 4327 2815 4376 mente
2848 4323 3275 4378 tractabantur.
3315 4324 3453 4379 Vide
3498 4331 3698 4380 autem
3728 4324 3822 4380 Si-

2158 4413 2353 4469 monis
2374 4411 2827 4484 impudentiam.
2852 4418 2996 4468 Cum
3018 4414 3177 4468 enim
3200 4414 3397 4485 ipsum
3430 4421 3630 4485 petere
3654 4432 3822 4485 opor-

2159 4501 2360 4568 tuerit,
2383 4507 2449 4556 ut
2469 4501 2752 4572 Spiritum
2770 4502 3098 4573 acciperet:
3126 4503 3407 4574 quoniam
3434 4503 3493 4558 id
3515 4504 3602 4558 illi
3622 4504 3819 4561 studio

2159 4608 2282 4647 non
2315 4596 2460 4656 erat,
2494 4591 2641 4662 petit
2675 4591 2736 4646 ul
2786 4591 2921 4647 aliis
2974 4591 3162 4647 daret.
3205 4591 3453 4648 Volebat
3485 4595 3643 4648 enim
3681 4595 3816 4649 Phi-

377 4677 645 4751 ὃυναμεις
685 4697 746 4732 τε
772 4675 864 4730 καὶ
894 4680 1099 4749 σημεῖα
1125 4673 1408 4752 γινόμενα,
1467 4672 1733 4745 ἐξίστατο,
1758 4675 1850 4730 καὶ
1879 4695 2032 4751 προσ·

2163 4683 2324 4754 lippo
2345 4697 2580 4753 quoque
2602 4680 2786 4737 videri
2809 4681 3045 4738 clarior.
3066 4685 3210 4738 Nam
3235 4683 3547 4754 Philippus
3564 4701 3719 4740 unus
3751 4703 3823 4743 ex

379 4768 528 4838 ἦλθε
556 4771 726 4823 τοῦτο
756 4764 940 4822 αἶτῶν.

2160 4776 2407 4842 septem,
2435 4785 2570 4825 cum
2593 4769 2880 4826 diaconus
2908 4776 3086 4833 esset,
3110 4776 3465 4842 potestatem
3491 4788 3611 4827 non
3636 4772 3819 4828 habe-

380 4859 508 4920 bat.
545 4863 616 4914 ut
640 4857 716 4914 ad
747 4872 1034 4914 manuum
1065 4871 1310 4912 suarum
1339 4855 1785 4929 impositionem
1844 4855 2018 4914 daret
2061 4859 2346 4934 Spiritum
2396 4865 2693 4915 sanctum.
2727 4859 2892 4924 Quod
2926 4865 3124 4915 autem
3157 4860 3267 4916 hoc
3296 4876 3500 4916 verum
3533 4862 3629 4925 sit,
3661 4864 3823 4934 quod

380 4949 676 5022 Spiritum
707 4946 782 5003 ad
813 4945 1043 5004 edenda
1074 4946 1243 5018 signa
1273 4961 1396 5001 non
1426 4945 1746 5017 acceperit,
1779 4945 1914 5002 vide
1942 4949 2242 5020 quomodo
2265 4949 2424 5006 dicat
2443 4948 2602 5021 quod
2623 4949 2828 5006 videns
2858 4949 3107 5006 virtutes
3135 4967 3204 5008 ac
3237 4951 3402 5026 signa
3434 4970 3568 5024 quas
3602 4954 3827 5012 fiebant

381 5046 638 5111 stupens
670 5035 1102 5101 admirabatur,
1137 5040 1197 5090 et
1225 5034 1339 5090 hoc
1367 5034 1665 5106 petiturus
1697 5037 1968 5094 accessit.

450 5151 477 5177 α
518 5121 693 5183 Οὔπω
746 5123 847 5200 γαρ
901 5121 969 5192 ἦν
1024 5121 1108 5178 ἐπ’
1166 5118 1349 5178 οὐδενὶ
1409 5121 1586 5176 αὒτῶν
1646 5119 2052 5196 ἐπιπεπτωκὸς,

375 5241 405 5267 α
445 5218 615 5289 μόνον
644 5213 702 5272 δί
734 5208 1166 5290 βεϐαπτισμένοι
1203 5213 1457 5292 ὑπῆρχον
1510 5211 1588 5274 εἷς
1640 5212 1702 5268 τὸ
1748 5209 1925 5285 ὄνομα
1954 5218 2052 5269 τοῦ

376 5331 406 5359 κ
438 5307 676 5382 Χριστοῦ
710 5308 918 5378 Ἰησοῦ.
978 5302 1113 5358 Τότε
1168 5302 1448 5357 ἐπετίθουν
1486 5303 1584 5365 τας
1616 5307 1805 5379 χεῖρας
1838 5303 1922 5359 ἐπ’
1953 5304 2055 5361 αὖ-

380 5420 410 5453 α
442 5398 588 5468 τοὺς,
619 5398 710 5456 καὶ
736 5387 1066 5470 ἐλάμϐανον
1101 5396 1324 5466 Πνεῦμα
1351 5392 1528 5468 ἅγιον.
1563 5414 1594 5444 γ)

439 5581 731 5666 Πρόδηλον
766 5581 862 5637 ὅτι
897 5575 956 5631 οἱ
989 5571 1098 5630 ὑπὸ
1146 5571 1432 5631 Φιλίππου
1465 5573 1518 5630 ἰν
1551 5573 2054 5651 Σαμαρείᾳβαπτι.

409 5809 459 5848 u
481 5809 668 5870 Nam,
694 5810 804 5864 ιν,
838 5787 949 5848 32.

2239 5129 2335 5185 79
2367 5127 2514 5185 VIII.
2551 5131 2638 5196 i6,
2676 5131 2759 5183 17.
2810 5151 2836 5179 «
2872 5129 3143 5186 Nondum
3177 5132 3336 5188 enim
3369 5133 3431 5190 in
3460 5151 3824 5207 quemquam

2163 5241 2190 5269 «
2227 5219 2464 5274 illorum
2491 5219 2740 5292 illapsus
2758 5219 3083 5288 fuerat,sed
3105 5222 3374 5296 baptizati
3403 5232 3632 5282 tantum
3656 5234 3828 5286 erant

2165 5331 2190 5361 ι
2225 5309 2288 5366 in
2320 5306 2564 5366 nemine
2599 5311 2830 5368 Domini
2880 5312 3036 5368 Jesu.
3070 5314 3230 5370 Tunc
3272 5316 3664 5388 imponebant
3693 5336 3824 5375 ma-

2163 5422 2190 5449 «
2227 5417 2341 5456 nus
2394 5416 2575 5472 super
2622 5399 2779 5468 illos,
2815 5406 2874 5456 et
2919 5401 3297 5475 accipiebant
3343 5406 3627 5480 Spiritum
3683 5425 3823 5466 san-

2163 5509 2192 5538 u
2220 5494 2402 5546 ctum.
2451 5511 2464 5540 ›

2235 5580 2613 5640 Manifestum
2647 5585 2738 5637 est
2783 5596 2904 5652 eos,
2955 5582 3057 5656 qui
3089 5599 3122 5640 ο
3151 5584 3426 5658 Philippo
3466 5586 3530 5642 in
3559 5587 3824 5644 Samaria
