4160 6440
329 417 446 478 159

1414 422 1849 490 (ECUMENlI
1893 415 2208 481 TRICCE
2250 412 2606 476 EPISCOPI

3637 415 3759 476 160

324 552 600 624 baptizati
636 563 804 610 erant
834 573 953 611 non
1011 560 1314 631 accepisse
1369 563 1652 634 Spiritum
1686 565 1982 622 sanctum,

2103 549 2312 614 σθέντες
2347 549 2446 604 οὐκ
2475 548 2607 624 ᾖσαν
2664 543 2925 608 λαϐόντες
2980 550 3198 622 Πνεῦμα
3249 549 3420 622 ἅγιον,
3467 546 3555 604 διὰ
3580 549 3640 603 τὸ
3675 551 3755 625 μὴ

329 660 395 698 eo
426 645 581 714 quod
616 645 836 700 donum
872 648 1212 715 huiusmodi
1245 668 1364 707 non
1401 652 1685 708 haberet:
1720 648 1986 721 quando-

328 733 591 802 quidem,
616 740 681 788 ut
707 735 989 802 diximus,
1016 739 1109 794 hic
1133 758 1286 796 unus
1319 759 1385 797 ex
1419 750 1644 813 septem
1674 747 1817 796 erat.
1843 741 1986 795 Nam

329 822 385 875 hi
423 822 699 878 virtutem
731 826 970 895 quidem
1027 829 1098 882 ad
1149 831 1381 886 edenda
1421 832 1588 904 signa
1613 834 1985 900 acceperant,

329 928 448 965 non
481 919 678 966 autem
716 922 782 968 ut
820 918 1051 972 caeteris
1100 936 1335 991 quoque
1383 922 1596 976 darent
1643 916 1986 987 huiusmodi

329 1001 611 1072 Spiritum
641 1021 652 1057 :
687 1005 798 1060 hoc
827 1007 986 1062 enim
1020 1011 1303 1079 apostolis
1335 1019 1631 1067 servatum
1664 1015 1810 1064 erat.
1833 1010 1987 1062 Pras-

329 1095 490 1146 terea
542 1093 852 1164 Philippus
901 1097 961 1150 in
1013 1114 1135 1163 eos,
1190 1100 1354 1170 quia
1387 1117 1449 1156 se
1492 1099 1768 1171 baptizati
1821 1102 1992 1152 erant

329 1179 612 1249 Spiritum
648 1181 811 1236 illabi
855 1200 974 1239 non
1023 1185 1182 1252 fecit,
1216 1188 1517 1244 honorans
1544 1187 1819 1243 videlicet
1848 1203 1983 1257 apo-

331 1268 536 1324 stolos.
573 1272 773 1342 Neque
805 1273 962 1328 enim
1016 1281 1295 1348 tanquam
1329 1277 1595 1348 abjectus
1621 1284 1680 1333 et
1709 1277 1988 1349 indignus

330 1359 589 1428 (quando
622 1360 802 1416 etiam
858 1363 928 1418 de
988 1364 1116 1435 ipso
1177 1367 1479 1438 proditum
1511 1374 1600 1424 est
1632 1367 1790 1438 quod
1823 1366 1990 1439 signa

332 1449 587 1505 ediderit
608 1453 665 1507 in
700 1454 1053 1510 sanitatibus
1081 1458 1446 1524 morborum,
1472 1457 1988 1529 ejectionibusque

330 1541 715 1611 dmmonuml,
750 1545 853 1600 sed
913 1546 1072 1617 quod
1120 1565 1242 1603 non
1288 1549 1560 1613 oraverit,
1611 1555 1677 1604 ut
1725 1549 1838 1604 hoc
1868 1548 1989 1602 illis

325 1632 718 1704 contingeret.
771 1635 1042 1691 nondum
1100 1637 1374 1694 videlicet
1430 1640 1584 1710 aptis
1616 1639 1690 1694 ad
1735 1638 1987 1710 Spiritus

326 1723 768 1794 susceptionem
796 1742 808 1779 :
844 1725 1086 1794 quando
1120 1734 1179 1780 et
1210 1728 1410 1783 Simon
1445 1729 1544 1800 qui
1577 1728 1649 1783 ab
1681 1745 1750 1783 eo
1793 1726 1985 1798 bapti-

324 1817 488 1866 zatus
516 1819 664 1879 erat,
697 1829 828 1884 qua)
860 1816 1057 1870 carnis
1106 1825 1248 1872 sunt
1294 1817 1490 1873 adhuc
1532 1819 1791 1889 sapiens,
1827 1822 1993 1887 pete-

2094 635 2243 716 ἔχειν
2280 641 2528 716 χάρισμα
2584 643 2856 694 τοιοῦτον·
2915 635 3103 706 ἐπειδὴ
3165 639 3344 704 οὗτος,
3399 639 3475 701 ὡς
3524 638 3758 717 ἔφημεν,

2093 733 2171 792 εἷς
2227 753 2334 785 των
2393 731 2529 787 ἒπτᾶ
2588 731 2676 799 ἦν.
2730 730 2899 787 Οὗτοι
2950 729 3052 804 γὰρ
3102 725 3360 801 δυνάμεις
3414 730 3508 802 μὲν
3557 726 3757 786 ἔλαϐον

2094 827 2269 876 ποιεῖν
2299 826 2524 892 σημεῖα,
2577 818 2704 894 οὐχὶ
2759 817 2815 874 δὲ
2869 820 2958 872 καὶ
3023 823 3242 892 Πνεῦμα
3291 817 3499 874 διδόναι
3528 821 3758 894 ἑτέροιςο

2093 914 2255 965 τοῦτο
2305 911 2408 984 γὰρ
2457 912 2523 978 ἦν
2571 909 2634 963 τὸ
2679 913 2789 963 τῶν
2837 907 3162 962 ἀποστόλων
3203 910 3494 982 ἐξαίρετον.
3530 909 3762 973 Ἀλλως

2091 1021 2150 1055 τε
2182 997 2240 1055 δὲ
2273 1000 2334 1054 οὐ
2366 1001 2643 1073 κατήγαγε
2692 998 2755 1053 τὸ
2818 1002 3034 1072 Πνεῦμα
3095 999 3122 1052 6
3183 998 3465 1061 Φίλιππος
3508 998 3595 1054 ἐπὶ
3629 1001 3760 1056 τοὺς

2095 1089 2184 1145 ὑπ’
2211 1088 2382 1144 αὑτοῦ
2418 1085 2826 1163 βαπτισθέντας,
2859 1085 2985 1156 ἤτοι
3026 1091 3203 1158 τιμῶν
3233 1086 3362 1149 τοὺς
3392 1088 3760 1152 ἀποστόλους.

2093 1179 2172 1235 Οὐ
2228 1179 2328 1252 γὰρ
2388 1179 2463 1238 ὡς
2522 1177 2751 1244 εὐτελής
2811 1176 2899 1231 καὶ
2958 1175 3178 1246 ἀνάξιος
3239 1177 3428 1248 ίὸπότε
3475 1177 3762 1240 mimi-:6:

2091 1266 2370 1343 ἀνεγράφη
2430 1272 2634 1336 σημεῖα
2690 1265 3010 1336 πεποιηκὼς
3069 1264 3120 1319 ἐν
3186 1263 3354 1320 ῗάσεσι
3414 1267 3610 1326 νόσων.
3665 1267 3762 1322 καὶ

2094 1351 2350 1419 ἐκϐολαῖς
2383 1353 2704 1430 δαιμὸνων),
2730 1354 2860 1411 ἀλλ’
2889 1353 2973 1410 ὅτι
3007 1354 3108 1409 οὐκ
3146 1351 3345 1425 ηὔξατο
3375 1359 3540 1410 τοῦτο
3571 1355 3762 1418 αὐτοῖς

2096 1446 2351 1518 ὑπάρξαι,
2408 1446 2482 1507 ὡς
2532 1446 2711 1516 ἀκμήν
2771 1447 2847 1518 μή
2911 1443 3064 1498 οὖσιν
3124 1441 3456 1513 ἐπιτηδείοις
3491 1445 3625 1520 πρὸς
3656 1447 3760 1514 τήν

2090 1541 2188 1592 τοῦ
2223 1536 2535 1608 Πνεῦματος
2567 1533 2879 1610 ὑποδοχὴν,
2936 1533 3100 1590 ὁπότε
3143 1534 3232 1588 κᾶὶ
3266 1536 3292 1588 ὁ
3329 1534 3517 1609 Σίμων
3559 1537 3760 1611 βαπτι-

2095 1631 2241 1691 σθείς
2273 1627 2363 1682 ὑπ’
2389 1627 2582 1695 αὐτοῦ,
2631 1625 2814 1697 ἀκμὴν
2872 1625 2940 1678 ἐἁ
2995 1630 3095 1693 τῆς
3153 1625 3350 1699 σαρκὸς
3383 1629 3597 1702 φρονῶν
3634 1622 3760 1699 ᾔτει

2093 1717 2220 1778 τοὺς
2253 1715 2597 1778 ἀποστόλους
2630 1711 2722 1770 διὰ
2777 1716 3088 1790 χρημάτων
3145 1711 3349 1775 δόσεως
3383 1709 3573 1769 λαϐεῖν
3607 1714 3766 1788 ἐξου-

2095 1807 2238 1871 σίαν,
2296 1806 2343 1878 ᾦ
2403 1805 2491 1860 ἐὰν
2549 1803 2708 1878 ἐθέλῃ
2762 1801 2852 1859 διὰ
2907 1810 3009 1872 τῆς
3069 1808 3178 1860 τῶν
3219 1808 3427 1879 χειρῶν
3466 1802 3762 1868 ἐπιθέσεως

325 1899 429 1955 bat
449 1900 521 1957 ab
543 1902 831 1974 apostolis
854 1903 1010 1959 dono
1029 1907 1420 1976 pecuniarum
1442 1907 1710 1979 accipere
1734 1911 1982 1978 potesta-

2100 1893 2282 1952 δοῦναι
2316 1899 2532 1970 Πνεῦμα
2561 1896 2741 1973 ἅγιον.

327 1993 470 2057 tem,
506 1996 568 2044 ut
609 1993 944 2064 cuicunque
1001 1993 1201 2063 vellet,
1255 2011 1546 2052 manuum
1603 1995 1987 2068 impositione

324 2077 494 2133 daret
524 2079 810 2156 Spiritum
843 2088 1137 2140 sanctum.

397 2168 544 2234 VIII,
588 2172 667 2229 l8.
713 2175 798 2228 19.
848 2195 876 2222 ‹‹
912 2175 1170 2231 Intuitus
1224 2181 1424 2232 autem
1458 2176 1660 2232 Simon
1692 2176 1850 2248 quod
1881 2193 1989 2248 per

322 2281 350 2307 α
389 2259 834 2331 impositionem
869 2280 1153 2320 manuum
1185 2267 1593 2337 apostolorum
1628 2266 1872 2322 daretur
1903 2268 1988 2323 eis

321 2372 348 2398 ‹‹
389 2349 641 2420 Spiritus
673 2360 934 2414 sanctus,
990 2354 1206 2409 obtulit
1257 2357 1344 2410 eis
1394 2357 1701 2428 pecunias.
1741 2356 1984 2412 dicens:

328 2459 355 2487 ‹ι
390 2438 530 2492 Date
564 2445 621 2492 et
649 2441 791 2494 mihi
824 2448 1175 2513 potestatem
1205 2445 1401 2511 istam,
1427 2452 1488 2500 ut
1515 2447 1850 2517 cuicunque
1883 2447 1990 2502 im-

331 2547 356 2578 ¢
389 2543 643 2597 posuero
676 2545 908 2594 manus,
944 2533 1190 2603 accipiat
1228 2533 1512 2605 Spiritum
1540 2542 1834 2590 sanctum.
1870 2558 1896 2583 »

395 2616 692 2673 Scelestus
724 2619 819 2674 hic
853 2620 1053 2676 Simon
1087 2640 1206 2678 non
1261 2624 1395 2680 fidei
1455 2625 1664 2697 gratia,
1700 2626 1988 2697 pecunias

327 2707 604 2762 offerens.
641 2707 752 2763 hoc
811 2709 922 2764 sibi
993 2713 1338 2785 contingere
1379 2714 1696 2785 cupiebat:
1733 2715 1836 2769 sed
1867 2731 1984 2787 quo

327 2796 438 2851 sibi
475 2803 737 2868 quaestus
796 2816 865 2854 ac
923 2802 1154 2856 occasio
1211 2803 1601 2873 pecuniarum
1648 2805 1757 2860 hoc
1796 2805 1984 2861 fieret.

326 2887 594 2941 Accessit
631 2888 815 2943 enim.
851 2894 916 2944 ut
945 2897 1188 2963 accepta
1240 2893 1584 2962 huiusmodi
1615 2895 1803 2966 gratia
1833 2894 1986 2949 dite-

328 2983 520 3031 sceret
547 2993 650 3048 per
675 2979 879 3050 signa:
903 2981 1407 3051 quemadmodum
1433 2990 1607 3039 antea
1637 2983 1990 3056 imaginaria

324 3065 518 3120 solum
577 3083 832 3138 operans
893 3069 1232 3126 daemonum
1294 3073 1540 3139 auxilio,
1583 3073 1702 3128 sive
1752 3079 1987 3130 tentans

323 3157 623 3226 apostolos
655 3159 768 3214 hoc
795 3158 1283 3227 faciebat,volens
1305 3163 1750 3219 accusationem
1783 3180 1986 3236 capes-

322 3260 474 3302 sere.
506 3245 646 3302 ldeo
679 3248 856 3303 etiam
889 3249 1088 3304 audit:
1123 3275 1149 3300 α
1187 3253 1311 3306 Non
1345 3257 1436 3307 est
1466 3253 1568 3308 tibi
1604 3271 1740 3325 pars
1771 3253 1832 3309 in
1865 3271 1982 3309 ser-
2011 3289 2053 3355 Ο

319 3352 496 3391 mone
520 3337 656 3404 isto,
691 3355 794 3394 cor
822 3342 985 3396 enim
1018 3347 1185 3397 tuum
1236 3360 1356 3398 non
1399 3349 1489 3398 est
1519 3352 1747 3400 rectum
1779 3362 1979 3400 coram

318 3424 457 3480 Deo.
495 3426 796 3496 Resipisce
829 3428 1009 3500 igitur
1035 3431 1082 3485 si
1116 3430 1267 3486 forte
1299 3433 1636 3487 remittatur
1661 3433 1742 3487 ibi
1775 3450 1983 3504 pecca-

321 3519 445 3568 tum
469 3512 533 3567 ⁸³.
573 3537 599 3562 ››
633 3516 992 3572 Praeviderat
1035 3535 1293 3592 namque
1345 3523 1554 3576 Petrus
1585 3538 1719 3577 eum
1751 3523 1825 3578 ad
1859 3539 1981 3595 poe-

320 3603 637 3658 nitentiam
674 3621 794 3660 non
826 3609 1314 3670 convertendum,
1341 3615 1658 3681 propterea
1679 3611 1842 3670 dicit.
1869 3635 1896 3661 ‹‹
1924 3613 1978 3668 Si

317 3691 469 3749 forte
527 3693 951 3750 remittatur.»
1014 3697 1166 3754 Illud
1235 3699 1532 3770 siquidem
1587 3701 1745 3772 quod
1793 3701 1977 3770 addit,

323 3806 343 3830 ι
381 3782 554 3839 Orate
585 3801 706 3854 vos,
737 3809 761 3833 »
785 3803 906 3842 non
931 3789 1295 3859 pcenitentite
1320 3797 1527 3846 estaut
1549 3793 1976 3860 conversionis,

322 3871 424 3927 80
470 3871 571 3927 sed
605 3873 992 3931 defunctoriaa
1025 3883 1254 3933 tantum
1289 3881 1659 3953 purgationis
1690 3888 1980 3952 prmtextu

320 3959 591 4017 dicebat:
624 3962 725 4018 ubi
783 3964 942 4020 enim
1006 3965 1284 4038 lacrymm
1343 3973 1485 4023 sunt
1532 3973 1592 4023 et
1633 3969 1982 4026 confessio?

320 4051 440 4106 Hoc
461 4059 661 4106 autem
683 4051 1056 4110 demonstrat
1073 4072 1199 4111 rem
1224 4073 1353 4111 esse
1375 4064 1646 4113 correctu
1677 4058 1765 4113 dif
1768 4058 1980 4114 ficilem

320 4139 633 4211 multaque
667 4143 1015 4211 paenitentia
1043 4160 1191 4213 opus
1233 4144 1470 4200 habere.
1507 4146 1556 4200 si
1587 4147 1690 4216 qui
1723 4147 1784 4201 in
1816 4163 1976 4203 eam-

322 4227 456 4284 dem
493 4245 615 4284 rem
662 4229 920 4287 divinam
961 4233 1288 4301 attendant,
1321 4235 1380 4289 in
1433 4251 1610 4307 quam
1641 4237 1894 4292 offendit
1921 4243 1982 4293 et

321 4317 545 4383 Simon,
580 4319 682 4390 qui
731 4320 1107 4377 existimabat
1151 4323 1437 4394 Spiritum
1483 4332 1757 4382 sanctum
1789 4343 1977 4398 pecu-

320 4405 436 4462 niae
461 4406 869 4465 obsecundare
891 4410 965 4466 ad
997 4411 1324 4470 efficaciam
1354 4415 1723 4487 operationis
1751 4416 1982 4474 haben-

326 4497 484 4554 dam.

965 4589 1199 4648 CAPUT
1237 4591 1328 4648 IV.

2167 2188 2195 2216 ‹‹
2228 2165 2569 2236 Θεασάμενος
2618 2160 2677 2218 δὶ
2728 2164 2756 2217 6
2810 2161 3020 2236 Σίμων,
3073 2161 3160 2219 ὅτι
3218 2160 3309 2218 διὰ
3335 2165 3434 2228 τῆς
3473 2161 3767 2228 ἐπιθέσεως

2101 2276 2127 2307 ι
2157 2257 2263 2308 τῶν
2310 2258 2514 2328 χειρῶν
2562 2257 2671 2308 τῶν
2728 2250 3052 2308 ἀποστόλων
3113 2249 3328 2307 δίδοται
3357 2254 3420 2307 τὸ
3452 2257 3670 2326 Πνεῦμα
3701 2254 3768 2309 τὸ

2094 2363 2121 2395 α
2153 2344 2328 2418 ἅγιον,
2385 2345 2760 2420 προσήνεγκεν
2819 2342 3004 2402 αὐτοῖς
3065 2343 3352 2416 χσήματα,
3398 2339 3597 2415 λέγων’
3633 2345 3770 2400 Δότε

2094 2457 2124 2487 ‹‹
2157 2433 2324 2506 κάμοὶ
2384 2435 2484 2502 τήν
2540 2430 2780 2506 ἐξουσίαν
2826 2432 3050 2501 ταΰττμ,
3099 2429 3194 2486 ἵνα
3225 2433 3270 2504 ᾧ
3317 2432 3404 2488 ἐὰν
3460 2431 3632 2497 ἐπιθὼ
3664 2433 3762 2498 τὰς

2093 2547 2123 2575 ‹‹
2151 2528 2364 2598 χεῖρας,
2397 2517 2654 2596 λαμϐάνῃ
2686 2526 2909 2593 Πνεῦμα
2935 2522 3114 2595 ἅγιον.
3151 2545 3178 2572 ›)

2163 2612 2220 2666 Ὀ
2252 2613 2448 2688 μιαρὸς
2479 2612 2639 2672 οὗτος
2692 2611 2902 2683 Σίμων,
2964 2611 3028 2666 οὐ
3079 2611 3312 2672 πίστεως
3367 2607 3538 2667 ἕνεκεν
3587 2633 3761 2674 ποοσ-

2093 2705 2274 2776 φὲρων
2301 2701 2370 2758 τα
2400 2704 2686 2777 χρήματα,
2746 2698 2866 2776 ᾔτει
2925 2704 3089 2755 τοῦτο
3141 2700 3383 2774 γενέσθαι
3426 2702 3592 2774 αὐτῷ,
3623 2702 3759 2760 ἀλλ’

2093 2789 2233 2847 ὥστε
2291 2791 2561 2865 πορισμὸν
2621 2791 2769 2862 αῦτῷ
2832 2793 3140 2865 χρημάτων
3198 2791 3288 2845 καὶ
3346 2792 3601 2867 ἀφορμὴν
3662 2814 3762 2867 γε..

2092 2881 2271 2937 νὲσθαι
2303 2885 2462 2936 τοῦτο
2518 2879 2809 2954 [lpos-7,105
2865 2881 2970 2954 γὰρ
3035 2880 3193 2948 ὥστε,
3249 2878 3534 2953 δεξάμενος
3562 2883 3759 2937 τοιαύ-

2091 2993 2192 3043 την
2223 2972 2411 3051 χάριν,
2446 2970 2755 3035 πλουτῆσαι
2801 2967 2890 3025 διὰ
2941 2974 3048 3024 τῶν
3086 2970 3354 3042 σημείων,
3387 2971 3525 3026 κατᾶ
3555 2973 3753 3044 πρώην

2091 3061 2379 3140 φαντασίαν
2441 3059 2668 3136 ἐνεργῶν
2728 3057 2818 3116 δια
2872 3065 2980 3116 τῶν
3040 3057 3341 3133 δαιμόνων,
3397 3060 3520 3131 ἤτοι
3561 3063 3755 3136 πειρσὶ-

2094 3157 2198 3222 ζων
2224 3151 2354 3213 τοὺς
2403 3148 2746 3212 ἀποστόλους
2792 3154 2959 3206 τοῦτο
3012 3149 3208 3218 ἰποίει,
3247 3149 3586 3225 βουλόμενος
3618 3173 3757 3208 κατ-

2095 3240 2324 3318 ηγορίαν
2376 3234 2717 3311 περιϐαλεῖν.
2778 3241 2871 3294 Διὸ
2928 3239 3017 3294 καὶ
3075 3238 3281 3295 ἀκούειο
3323 3262 3342 3288 ι
3377 3239 3489 3298 Οὐκ
3521 3238 3634 3296 ἔστι
3666 3261 3757 3296 σοι

2097 3331 2251 3403 μερίς
2285 3330 2334 3385 ἓν
2363 3335 2444 3401 τῷ
2474 3329 2623 3404 λόγῳ
2668 3327 2869 3402 τούτῳο
2903 3331 2938 3398 ἡ
2971 3328 3075 3404 γαρ
3123 3326 3317 3399 καρδία
3350 3350 3447 3384 σου
3478 3328 3576 3384 οὐκ
3605 3326 3754 3386 ἔστιν

2094 3419 2271 3476 εὐθεῖα
2327 3418 2558 3475 ἐνώπιον
2618 3423 2715 3476 τοῦ
2773 3423 2928 3476 Θεοῦ.
2993 3421 3342 3491 Μιτανόησον
3401 3418 3516 3489 οῦν,
3551 3421 3594 3477 εἶ
3643 3419 3754 3496 ἄρα

2091 3508 2418 3588 ἀφεθήσεταί
2457 3529 2544 3564 σοι
2581 3508 2643 3563 τὸ
2692 3509 3017 3583 ἁμάρτημα.
3055 3534 3083 3559 ›ι
3120 3506 3356 3584 Προῄδει
3387 3510 3490 3587 γὰρ
3522 3511 3686 3566 αὐτὸν
3720 3512 3754 3567 ὁ

2094 3597 2295 3674 υὲτρος
2346 3601 2422 3672 μή
2474 3599 2611 3672 πρὸς
2675 3598 2960 3672 μετάνοιαν
3003 3597 3416 3672 ἐπιστρέψοντα.
3453 3598 3550 3654 Διά
3579 3602 3753 3656 τοῦτὸ

2091 3709 2279 3768 φησιν,
2322 3712 2349 3738 ‹‹
2385 3688 2450 3745 Εἰ
2507 3687 2835 3768 ἀφεθήσεταί
2892 3708 2998 3744 σοι.
3035 3710 3059 3734 ι)
3119 3689 3196 3745 Τὸ
3253 3689 3381 3766 γὰρ,
3441 3713 3470 3739 ‹‹
3503 3692 3758 3762 Δεήθητε

2091 3779 2272 3853 ὑμεῖς,
2309 3805 2334 3831 η
2393 3780 2458 3836 οὐ
2515 3781 2800 3851 μετανοίας
2856 3779 2948 3835 καὶ
3006 3777 3365 3859 ἐπιστροφῆς,
3396 3777 3545 3836 ἀλλὰ
3578 3779 3752 3854 μόνον

2087 3867 2440 3946 ἀφοσιώσεως
2494 3867 2648 3924 ’ἑνεκα
2703 3865 2829 3948 ’ἔφη’
2892 3867 3031 3938 ἐπεὶ,
3108 3873 3213 3924 ποῦ
3268 3869 3335 3924 τὰ
3395 3865 3602 3944 δάκρυα
3653 3871 3752 3926 καὶ

2089 3959 2124 4026 ἠ
2192 3955 2641 4034 ἐξομολόγησιςς
2707 3960 2880 4014 Τοῦτο
2947 3954 3005 4014 δὲ
3072 3955 3377 4023 δεικνύντος
3457 3958 3601 4016 ἐστιν
3669 3961 3754 4022 ὡς

2090 4042 2538 4120 δυσκατόρθωτον
2593 4046 2656 4102 τὸ
2712 4050 2964 4124 πρᾶγμα,
3034 4047 3127 4103 καὶ
3208 4046 3429 4116 πολλῆς
3489 4046 3753 4124 δεόμενον

2093 4136 2403 4207 μετανοίας,
2460 4141 2579 4198 τοῖς
2634 4135 2711 4198 εἷς
2762 4135 2893 4191 aii-c6
2949 4136 3013 4194 τὸ
3071 4142 3214 4200 θεῖον
3269 4136 3757 4214 ἐξαμαρτάνουσιν,

2090 4223 2168 4286 εἷς
2201 4223 2232 4279 ὅ
2277 4225 2369 4279 καὶ
2426 4225 2612 4300 Σίμων
2671 4224 2993 4300 ἐξήμαρτεν,
3051 4226 3317 4304 ἀργυρίου
3351 4228 3643 4286 ὑπακούειν
3674 4229 3759 4293 εἱς

2089 4314 2186 4379 τὰς
2214 4314 2478 4391 ἐνεργείας
2505 4317 2567 4372 τὸ
2598 4319 2816 4389 Πνεῦμα
2844 4316 2908 4374 τὸ
2937 4317 3094 4393 ἅγιον
3129 4318 3496 4394 ἡγησάμενος.

2711 4588 2978 4646 ΚΕΦΑΛ.
3021 4587 3124 4646 Μ’.

323 4677 480 4744 Quod
505 4693 623 4758 no_n_
659 4685 916 4758 argenta
944 4697 1122 4752 neque
1177 4681 1613 4758 simulatoribus.
1647 4685 1744 4758 sed
1769 4689 1975 4745 sanctis

2102 4677 2678 4758 (h‘tmi’m‘dp‘pgtou
2747 4675 2873 4734 οὐδὲ
2930 4680 3309 4758 ⁵ὑποκριταῖςξ
3362 4679 3511 4737 ἀλλὰ
3554 4680 3758 4758 -ἁγίοις

385 4767 489 4820 per
543 4753 707 4821 ﬁdem
761 4754 1005 4822 Spiritus
1059 4757 1237 4809 sancti
1285 4759 1642 4811 commutatio
1673 4757 1884 4817 datur:
1919 4762 1978 4816 in

392 4837 500 4896 quo
530 4825 698 4877 etiam
731 4832 1018 4892 ponuntur
1067 4842 1189 4896 quae
1244 4833 1373 4881 sunt
1422 4828 1487 4883 de
1531 4829 1885 4886 simulatione
1913 4849 1978 4888 ac

391 4893 778 4963 objurgatione
809 4897 1072 4952 Simonis.

395 4981 534 5047 Vlll,
573 4984 752 5036 19-25.
791 5005 819 5031 ‹‹
853 4985 1059 5040 Petrus
1089 4992 1288 5040 autem
1336 4985 1485 5041 dixit
1528 4988 1601 5044 ad
1651 5005 1787 5046 eum
1820 5007 1834 5044 :
1868 4991 1978 5046 Pe-

318 5092 348 5117 «
383 5071 553 5125 cunia
599 5078 699 5126 tua
751 5078 945 5128 tecum
999 5076 1076 5129 sit
1121 5075 1182 5130 in
1236 5076 1658 5147 perditionem.
1693 5081 1979 5152 quoniam

323 5181 342 5206 α
383 5158 607 5215 donum
646 5162 749 5216 Dei
783 5163 1134 5219 existimasti
1168 5165 1436 5235 pecuniis
1481 5169 1698 5239 parari.
1734 5171 1858 5224 Non
1893 5175 1982 5225 est

322 5272 341 5296 ι
381 5248 487 5303 tibi
523 5265 659 5320 pars
690 5267 883 5323 neque
918 5270 1045 5309 sors
1089 5256 1148 5309 in
1200 5272 1471 5311 sermone
1507 5257 1654 5312 isto:
1689 5273 1790 5312 cor
1818 5258 1980 5314 enim

323 5357 349 5387 κ
378 5343 544 5392 tuum
582 5355 700 5394 non
729 5347 819 5395 est
843 5348 1071 5398 rectum
1095 5360 1293 5399 coram
1319 5345 1454 5399 Deo.
1481 5347 1782 5418 Resipisce
1803 5346 1983 5419 igitur

323 5447 349 5478 α
380 5426 452 5481 ab
485 5427 598 5483 hoc
628 5429 789 5496 vitio,
821 5436 880 5485 et
924 5449 1067 5505 roga
1117 5434 1304 5488 Deum
1361 5434 1408 5490 si
1457 5435 1609 5490 forte
1643 5437 1984 5493 remittatur

322 5543 348 5569 ‹‹
383 5518 488 5573 tibi
523 5521 799 5592 cogitatio
834 5523 1030 5579 cordis
1055 5526 1161 5580 tui.
1189 5527 1331 5581 Nam
1363 5527 1425 5584 in
1457 5527 1597 5584 felle
1629 5529 1982 5585 amaritudi-

321 5629 348 5657 ‹‹
381 5610 476 5664 nis
527 5616 584 5665 et
631 5611 953 5669 collatione
1001 5615 1335 5687 iniquitatis
1385 5617 1554 5675 video
1589 5625 1644 5675 te
1677 5635 1830 5676 esse.
1868 5618 1980 5674 Re-

383 5792 435 5831 ⁸³
464 5796 589 5854 Act.
623 5813 739 5870 Vm,
770 5799 863 5870 21,
893 5799 986 5860 82.

2163 4749 2254 4827 διᾲ
2334 4749 2662 4827 πίστεωςιὴ
2694 4821 2704 4827 ἡ
2739 4751 2978 4827 μετοχὴ-
3039 4749 3156 4827 τοῦ
3221 4753 3376 4826 ἁγίου
3431 4749 3758 4827 ΔΗνειςμὶιτος

2161 4821 2392 4880 δίδοται·
2447 4821 2498 4877 ἐν
2557 4823 2603 4894 ᾦ
2656 4821 2916 4897 ταπερῖ
2960 4821 3299 4897 ὑποκρίσεως
3357 4824 3448 4880 καὶ
3504 4821 3757 4894 ἐπιπλή-

2159 4896 2290 4966 Eam;
2324 4895 2597 4967 Σίμωνος.

2162 5011 2190 5038 ‹‹
2226 4985 2430 5058 Πέτρος
2459 4983 2517 5042 δὲ
2546 4985 2666 5041 εἶπε
2703 4986 2839 5062 πρὸς
2897 4985 3078 5042 αὐτόν·
3135 4988 3206 5042 Τὸ
3237 4987 3491 5064 ἀργύριόν
3522 5008 3617 5044 σου
3649 4986 3750 5042 σὺν

2092 5101 2120 5130 ‹‹
2153 5077 2240 5132 σοὶ
2272 5073 2356 5145 εἾη
2392 5075 2467 5137 εἷς
2495 5074 2796 5143 ἂπώλειαν,
2830 5076 2916 5131 δτι
2957 5077 3056 5145 τήν
3103 5073 3309 5152 δωρεὰν
3332 5083 3429 5134 τοῦ
3460 5083 3598 5135 Θεοῦ
3629 5077 3756 5133 ἐνό-

2093 5192 2120 5218 (ι
2159 5187 2320 5240 μισας
2380 5163 2469 5220 διὰ
2518 5166 2826 5245 χρημάτων
2883 5168 3129 5221 κτᾶσθαι.
3165 5166 3275 5221 Οὐκ
3306 5166 3419 5223 ἔστι
3473 5189 3559 5223 σοι
3593 5167 3756 5239 μερὶς

2091 5282 2119 5309 ‹‹
2153 5253 2279 5312 οὐδέ
2307 5253 2518 5330 κλῆρος
2551 5255 2602 5309 ἐν
2649 5259 2728 5327 τῷ
2783 5253 2934 5330 λόγῳ
2991 5255 3194 5328 τοῦτιιν
3228 5259 3261 5325 ἡ
3293 5258 3394 5332 γὰρ
3426 5254 3621 5333 καρδία
3651 5278 3762 5314 σου

2091 5370 2122 5398 ‹‹
2155 5345 2256 5400 οὐκ
2311 5343 2453 5400 ἔστιν
2512 5345 2688 5400 εὐθεῖα
2745 5342 2977 5400 ἐνώπιον
3034 5349 3133 5401 τοῦ
3191 5350 3326 5401 Θεοῦ
3396 5346 3755 5417 Μετανὸησον

2092 5460 2120 5488 ‹‹
2155 5435 2246 5491 οὗν
2280 5434 2386 5490 ἀπὸ
2415 5441 2515 5503 τῆς
2554 5433 2746 5495 κακίας
2790 5455 2887 5488 σου
2940 5433 3183 5506 ταύτηςς
3244 5436 3335 5490 καὶ
3395 5432 3620 5507 δεήθητι
3647 5441 3759 5494 τοῦ

2091 5549 2120 5575 ‹‹
2157 5528 2312 5594 Θεοῦ,
2345 5524 2390 5580 εἰ
2419 5521 2519 5598 ἄρα
2549 5523 2877 5603 ἀφεθήσεταί
2925 5544 3010 5578 σοι
3059 5526 3093 5593 ἡ
3149 5523 3362 5580 ἐπίνοια
3391 5533 3490 5595 τῆς
3524 5523 3763 5600 καρδίας

2092 5639 2122 5669 ‹‹
2155 5635 2277 5670 σου.
2314 5612 2403 5676 Εἷς
2434 5613 2538 5691 γὰρ
2569 5610 2750 5689 χολὴν
2793 5614 3040 5687 πικρίας,
3087 5614 3176 5669 καὶ
3210 5611 3506 5689 σύνδεσμον
3534 5613 3763 5681 ἀδικίας
