4160 6424
412 372 524 430 163

1531 363 1948 430 (ECUMENll
1993 361 2295 424 TRICCIE
2338 363 2462 423 EPI
2475 360 2697 424 SCOPI

3716 370 3835 429 164

408 527 437 557 ‹‹
469 507 598 578 ejus
624 504 921 561 sublatum
955 504 1523 561 est.Generationem
1550 508 1749 560 autem
1779 502 1910 574 ejus
1931 500 2063 573 quis

2176 519 2204 548 ιι
2235 499 2270 567 ἡ
2313 496 2490 573 κρίσις
2547 497 2715 554 αὑτοῦ
2771 496 2940 572 ἤρθη.
2999 502 3115 571 Τὴν
3171 501 3230 558 δὶ
3276 501 3461 580 γενεὰν
3517 503 3686 560 αὐτοῦ
3749 506 3835 570 τίς

416 622 433 642 υ
474 594 820 651 enarrabit?
849 595 1137 660 Quoniam
1173 596 1435 650 elevatur
1463 612 1497 650 a
1527 601 1684 650 terra
1732 594 1850 648 vita
1905 593 2056 663 ejus.

413 709 438 733 ‹‹
475 685 858 755 Respondens
891 692 1086 739 autem
1124 686 1435 740 ennuchus
1455 685 1728 756 Philippo
1748 681 1931 737 dixit:
1958 678 2064 736 Ob-

411 797 437 825 ‹‹
464 792 627 829 secro
665 776 736 830 de
769 793 886 846 quo
921 776 1065 830 dicit
1097 777 1207 831 hoc
1238 775 1629 848 propheta,de
1662 774 1961 845 seipso,an
1993 771 2064 826 de

415 883 436 910 π
471 865 589 919 alio
624 865 974 936 quopiam?
1029 865 1320 936 Aperiens
1377 872 1576 920 autem
1632 864 1943 934 Philippus
2001 877 2066 916 os

413 977 431 1003 ι
470 971 667 1021 suum,
688 962 746 1008 et
768 956 1062 1026 incipiens
1095 955 1167 1010 ab
1199 957 1310 1010 hac
1342 954 1664 1025 Scriptura.
1695 951 2069 1007 annuntiavit

407 1066 434 1094 «
467 1045 557 1099 illi
589 1046 809 1100 Jesum.
844 1046 1108 1117 Cumque
1146 1046 1302 1099 irent
1327 1061 1433 1116 per
1462 1046 1636 1113 viam,
1671 1047 1964 1098 venerunt
1990 1039 2066 1097 ad

411 1156 438 1185 «
479 1134 799 1204 quamdam
826 1152 1066 1206 aquam,
1102 1141 1158 1190 et
1189 1134 1272 1190 ait
1301 1134 1635 1190 eunuchus.
1672 1155 1699 1183 »

482 1313 632 1368 Hinc
661 1314 1032 1386 signiﬁcatur
1063 1318 1393 1385 spontanea
1425 1312 1640 1368 Christi
1697 1310 1973 1366 voluntas
2003 1308 2066 1362 in

411 1403 822 1475 aggrediendis
853 1403 946 1457 his
978 1421 1109 1474 qua:
1142 1403 1417 1457 ordinata
1446 1407 1634 1458 erant.
1698 1401 1859 1456 Sicut
1907 1397 2067 1454 enim

409 1493 551 1556 ovis,
589 1510 718 1563 quae
751 1493 825 1548 ad
856 1493 1157 1548 victimam
1191 1492 1449 1560 ducitur,
1482 1492 1576 1546 vel
1633 1507 1818 1564 agnus
1869 1502 2069 1544 coram

409 1581 694 1637 tondente
727 1599 788 1637 se
836 1583 959 1652 (qui
993 1590 1191 1638 autem
1227 1583 1394 1637 nulla
1424 1582 1782 1637 necessitate
1814 1577 2065 1652 cogitur,

406 1688 603 1742 neque
636 1672 874 1728 balandi
905 1672 1083 1728 habet
1112 1674 1533 1742 occasionem),
1571 1671 1654 1726 ita
1685 1687 1825 1726 cum
1859 1674 2069 1740 sponte

407 1769 731 1833 pateretur,
789 1762 1040 1818 tacebat.
1099 1763 1263 1827 Quod
1323 1770 1524 1817 autem
1589 1761 1880 1831 sequitur,
1918 1782 1944 1808 ιι
2002 1759 2068 1811 In

406 1851 747 1906 humilitate
776 1852 962 1923 ipsius
1011 1852 1310 1922 judicium
1373 1854 1503 1922 ejus
1536 1850 1836 1906 sublatum
1895 1851 2006 1915 est,
2040 1868 2067 1895 »

408 1941 705 2013 significat
735 1942 1011 2013 iniquum
1035 1942 1337 2014 judicium
1388 1941 1450 1996 in
1504 1942 1702 2012 ipsum
1754 1938 2068 1993 inductum

405 2032 699 2086 occultata
730 2031 994 2086 veritate.
1056 2033 1314 2086 Rursum
1377 2030 1666 2094 inferens,
1720 2052 1747 2079 «
1807 2029 2070 2084 Genera-

404 2121 630 2175 tionem
664 2122 793 2191 ejus
821 2121 955 2192 quis
988 2120 1336 2176 enarrabit?
1369 2142 1396 2170 ››
1429 2119 1691 2175 ostendit
1723 2119 1920 2190 ipsum
1951 2115 2069 2191 ἀγε-

405 2206 738 2281 νεσλόγητον
773 2228 924 2277 esse,
962 2229 1176 2282 nempe
1209 2209 1366 2282 quod
1415 2211 1578 2283 origo
1609 2209 1846 2281 generis
1877 2208 2068 2279 ipsius

403 2300 530 2355 dari
565 2319 682 2356 non
717 2303 922 2373 possit.
981 2301 1286 2372 Siquidem
1341 2301 1468 2372 ipse
1519 2306 1576 2355 et
1631 2296 2066 2372 ἀγενεαλόγητος

405 2398 531 2444 erat
564 2397 846 2461 tanquam
885 2393 1058 2457 Deus,
1092 2397 1150 2445 et
1193 2392 1529 2462 descriptus
1579 2407 1646 2444 ac
1701 2389 1762 2443 in
1823 2402 2069 2444 censum

408 2480 634 2534 relatus
668 2488 947 2550 tanquam
997 2483 1168 2550 juxta
1223 2497 1465 2534 carnem
1497 2485 1832 2552 generatus.
1885 2477 2066 2531 Sive:

411 2570 685 2641 gloriam,
706 2587 836 2639 qua:
869 2576 1004 2640 post
1033 2570 1535 2624 resurrectionem
1568 2569 1680 2639 ipsi
1714 2572 2068 2634 accesserat,

411 2676 478 2714 ac
511 2676 862 2727 generosam
893 2659 1080 2729 ipsius
1100 2659 1470 2730 dignitatem,
1493 2675 1671 2727 quam
1705 2656 2071 2728 experientia

413 2765 612 2803 rerum
691 2749 1098 2803 ordinatarum
1151 2749 1570 2815 manilestavit,
1627 2747 1761 2818 quis
1819 2747 2070 2801 idoneus

412 2839 615 2904 erit,ut
645 2855 919 2894 sermone
947 2838 1424 2894 edisserat?cum
1459 2839 1583 2908 ipse
1616 2836 1858 2908 quidem
1892 2837 2068 2892 morti

413 2928 719 2998 subjectus
746 2929 948 2995 fuerit,
1000 2928 1259 2982 universi
1293 2945 1427 2983 vero
1450 2928 1523 2982 ad
1556 2926 2068 2998 incorruptionem

411 3018 598 3089 gratia
620 3019 750 3089 ejus
780 3019 1052 3072 vivificati
1087 3018 1206 3072 sint
1237 3018 1474 3088 ﬁdeque
1505 3017 1817 3088 redempti.
1846 3015 2068 3071 Deinde

415 3107 517 3172 ait,
558 3135 576 3155 -
610 3110 899 3173 Quoniam
929 3109 1196 3164 elevatur
1224 3108 1297 3162 de
1330 3113 1487 3162 terra
1541 3108 1657 3162 vita
1688 3108 1838 3179 ejus.
1891 3129 1918 3156 ››
1951 3107 2070 3162 Hoc

412 3197 816 3252 estattollitur
847 3214 912 3252 ac
942 3197 1258 3252 sublimior
1307 3203 1396 3252 est
1450 3197 1564 3264 his,
1601 3214 1732 3268 quas
1793 3197 1854 3250 in
1909 3203 2068 3251 terra

411 3293 550 3340 sunt
576 3287 690 3342 vita
723 3287 872 3358 ejus,
898 3287 957 3341 id
990 3294 1079 3342 est
1109 3287 1499 3342 conversatio.
1534 3287 1810 3341 Elevatur
1866 3293 2064 3340 autem

408 3381 466 3431 et
495 3376 612 3430 alio
655 3376 928 3441 modo,ac
959 3393 1139 3447 super
1169 3393 1380 3430 omnes
1412 3376 1634 3430 estvita
1664 3376 1812 3446 ejus,
1844 3375 1954 3429 hoc
1977 3387 2070 3436 est

406 3465 740 3520 substantia
763 3465 1083 3538 Unigeniti,
1108 3482 1242 3520 cum
1275 3465 1596 3535 separatim
1633 3479 1665 3517 a
1691 3479 1869 3518 carne
1892 3462 2066 3518 intel-

405 3553 609 3624 ligitur
635 3555 735 3609 83
759 3555 1148 3625 nondumque
1181 3553 1252 3608 ad
1287 3571 1396 3608 nos
1427 3552 1886 3608 accedens.Cum
1905 3551 2066 3607 enim

404 3643 477 3698 ad
503 3650 751 3698 mortem
772 3650 1098 3715 spontanee
1116 3641 1748 3699 descenderit.elevata
1762 3646 2066 3695 estaterra

406 3735 539 3791 vita.
578 3735 971 3806 sublimisque
1030 3736 1240 3790 effecta
1286 3740 1395 3800 est,
1440 3749 1508 3788 ac
1540 3747 1924 3804 supergressa
1974 3735 2063 3786 est

405 3825 578 3881 cmlos
613 3826 675 3881 ⁸⁵.
699 3827 834 3897 quia
871 3843 968 3880 rex
999 3826 1202 3899 gloria:
1222 3832 1347 3881 erat
1375 3831 1434 3880 et
1463 3825 1579 3880 vita
1601 3825 1729 3896 ejus
1745 3822 2058 3890 naturalis,

400 3915 806 3987 Dominusque
834 3916 1116 3971 virtutum
1144 3933 1156 3970 :
1182 3932 1523 3987 quanquam
1547 3921 1789 3985 propter
1815 3912 2058 3982 dispen-

399 4007 694 4062 sationem
719 4007 878 4061 circa
909 4024 1018 4061 nos
1047 4024 1115 4062 ac
1147 4013 1536 4078 spontaneam
1564 4003 2060 4069 exinanitionem,

397 4096 460 4151 in
495 4098 768 4166 passione
804 4097 1228 4151 contumeliam
1263 4103 1320 4150 et
1349 4095 1738 4168 ignominiam
1760 4091 2058 4148 sustinue-

397 4185 497 4248 rit,
531 4185 708 4238 dante
738 4185 848 4240 hoc
881 4186 934 4239 ei
995 4185 1206 4240 merito
1266 4201 1444 4238 carne
1501 4198 1632 4254 qum
1665 4179 2061 4252 personaliter

399 4289 465 4327 ac
507 4271 989 4344 inseparabiliter
1019 4275 1069 4328 ei
1102 4273 1272 4327 unita
1311 4278 1458 4338 erat,
1493 4271 1651 4326 circa
1682 4286 1859 4341 quam
1901 4268 2056 4324 61Ἠὶ-

399 4361 515 4417 ctio
551 4361 832 4416 etexinde
865 4361 1230 4416 contumelia
1261 4360 1540 4433 contigit:
1574 4358 1800 4415 audens
1816 4358 2056 4431 quidem

401 4451 682 4505 adversus
714 4452 899 4506 Deum
956 4453 1356 4512 incarnatum,
1408 4467 1527 4505 non
1589 4455 1788 4504 tamen
1845 4455 2056 4520 potens

399 4541 831 4612 impassibilem
867 4542 1179 4607 attingere,
1214 4541 1273 4595 id
1305 4542 1464 4595 enim
1499 4539 1868 4611 impossibile
1907 4544 2053 4594 erat.

2172 611 2201 639 ιι
2237 584 2564 665 διηγήσεται
2599 606 2613 657 ;
2643 590 2767 646 Ὀτι
2799 588 3010 665 αἴρεται
3044 591 3151 648 ἀπὸ
3201 599 3304 664 τῆς
3341 599 3445 670 γῆς
3477 596 3512 664 ἡ
3563 597 3677 664 ζωὴ
3729 595 3832 652 αὖ·

2175 700 2203 728 (ι
2231 681 2350 732 τοῦ.
2385 677 2727 752 ’Λποκρ;θεῖς
2756 674 2812 733 δὲ
2845 681 2872 733 ὁ
2905 679 3170 760 εὐνοῦχος
3228 686 3309 754 τῷ
3339 680 3630 756 Φιλίππῳ,
3686 684 3829 740 εἶπε’

2176 788 2198 819 ι
2235 763 2436 838 Δέομαί
2472 788 2589 838 σου,
2623 768 2746 843 περὶ
2792 767 2941 832 τίνος
2973 771 3000 824 ὁ
3059 773 3354 848 προφήτης
3413 771 3562 850 λέγει
3613 778 3778 829 τοῦτο
3815 793 3831 845 ;

2171 877 2200 906 «
2233 854 2356 930 περὶ
2386 855 2600 926 ἑαυτοῦ,
2647 859 2680 928 ἧ
2741 858 2866 933 περὶ
2925 858 3109 933 ἑτέρου
3165 862 3364 930 τινόςς
3419 861 3662 933 Ἀνοίξας
3695 861 3751 917 δὲ
3807 864 3837 917 ὁ

2173 966 2200 995 ιι
2235 943 2516 1006 Φίλιππος
2544 946 2606 1000 τὸ
2638 945 2814 1019 στόμα
2845 946 3032 1016 αὐτοῦ,
3091 948 3182 1003 καὶ
3239 949 3536 1025 ἀρξάμενος
3569 950 3676 1007 ἀπὸ
3732 959 3838 1021 τῆς

2175 1055 2203 1086 ιι
2229 1038 2451 1113 Γραφῆς
2498 1033 2726 1106 ταύτης.
2781 1034 3174 1113 εὐηγγελίσατο
3233 1039 3384 1112 αὐτῷ
3439 1040 3532 1095 τὸν
3591 1041 3838 1111 Ἰησοῦν,

2171 1147 2200 1176 ιι
2229 1124 2316 1185 Ὡς
2350 1121 2406 1178 δὲ
2435 1122 2759 1199 ἐπορεύοντο
2785 1126 2922 1180 κατά
2949 1129 3048 1198 τὴν
3080 1125 3225 1199 ὁδὸν,
3257 1127 3430 1198 ἦλθον
3453 1129 3538 1186 ἐπί
3572 1151 3624 1184 τι
3655 1128 3835 1207 ὕδωρ,

2177 1235 2197 1264 α
2232 1211 2321 1267 καί
2353 1235 2516 1292 φησιν
2547 1213 2575 1268 ὁ
2611 1213 2889 1294 εὐνοῦχος.
2925 1239 2954 1267 υ

2243 1303 2511 1359 Ἐντεῦθεν
2541 1304 2602 1358 τὸ
2634 1304 2878 1360 ἑκούσιον
2909 1309 3011 1362 τοῦ
3055 1313 3320 1384 Σωτῆρος
3347 1307 3400 1364 ἐν
3432 1313 3500 1382 τῇ
3533 1309 3692 1386 πείρα
3721 1315 3838 1366 τῶν

2173 1390 2653 1465 οἰκονομουμένων
2683 1393 3026 1466 σημαίνεται,
3060 1397 3151 1460 Ὧς
3209 1399 3314 1474 γὰρ
3374 1394 3649 1472 πρόϐατον
3707 1400 3846 1477 ἀγό-

2178 1504 2339 1555 μενον
2371 1481 2448 1545 εἰς
2480 1483 2688 1553 θυσίαν,
2721 1483 2756 1554 ἢ
2790 1483 2960 1558 ἀμνὸς
2985 1485 3226 1543 ἐναντίου
3257 1492 3357 1544 τοῦ
3380 1489 3661 1565 κείροντος
3679 1491 3850 1547 αὐτὸν

2174 1570 2395 1647 (ἀνάγκῃ
2439 1570 2495 1627 δὲ
2527 1569 2904 1648 δαμαζόμενος
2938 1573 3064 1631 οὐδὲ
3089 1574 3410 1653 βληχᾶσθαι
3453 1579 3518 1634 τὸ
3550 1577 3846 1655 ἐνδόσιμον

2173 1654 2341 1736 ἔχει),
2395 1660 2567 1725 οὕτως
2626 1663 2763 1718 ἑκὼν
2824 1663 2876 1719 ἐν
2935 1670 3015 1738 τῷ
3074 1667 3310 1743 πάσχειν
3367 1654 3849 1739 ὲσιώπα.Τὸνδὲ,

2179 1776 2206 1802 ι(
2239 1753 2328 1808 Ἐν
2353 1755 2421 1825 τῇ
2449 1754 2769 1809 ταπεινώσει
2829 1754 2996 1810 αὐτοῦ
3054 1759 3089 1826 ἡ
3144 1758 3324 1831 κρίσις
3383 1757 3548 1814 αὐτοῦ
3603 1760 3773 1836 ἤρθη,
3813 1782 3843 1815 ι

2102 1870 2146 1935 Β
2178 1836 2473 1935 δηλοῖ-τήν
2505 1843 2821 1935 παράνομον
2854 1843 3031 1917 κρίσιν
3060 1843 3145 1901 ἐπ’
3182 1847 3332 1920 αὐτῷ
3385 1847 3702 1925 γενομένην,
3733 1857 3844 1920 τῆς

2177 1929 2439 2002 ἀληθείας
2462 1927 2780 2007 κρυϐείσης.
2827 1934 2903 1989 Τὸ
2953 1931 3032 2006 δὲ,
3066 1960 3095 1988 ‹‹
3158 1938 3270 2006 Τήν
3326 1939 3510 2012 γενεὰν
3555 1939 3721 1995 αὐτοῦ
3758 1939 3851 2005 τίς

2177 2018 2551 2098 διηγήσεταη
2613 2046 2634 2074 ι
2699 2023 3016 2100 ἐπενεγκὼν,
3079 2023 3342 2082 δείκνυσιν
3403 2027 3567 2086 αὐτὸν
3618 2031 3848 2104 ἀγενεα-

2177 2108 2564 2188 λόγητον.Ἢν
2603 2112 2698 2184 μὲν
2753 2113 2857 2189 γὰρ
2895 2114 3057 2177 αὐτὸς
3113 2117 3203 2171 καὶ
3265 2117 3704 2195 ἀγενεαλόγητος
3762 2120 3848 2184 ὡς

2177 2202 2330 2270 Θεὸς,
2380 2200 2470 2256 καὶ
2527 2202 2664 2257 κατὰ
2729 2203 2900 2278 σάρκα
2965 2206 3304 2279 γεννώμενος
3358 2207 3434 2270 ὡς
3508 2209 3843 2288 ἀπογραφό-

2181 2310 2360 2362 μενος.
2423 2293 2583 2347 Ἤτοι
2640 2294 2739 2363 τήν
2818 2294 2952 2366 μετὰ
2998 2296 3098 2365 τήν
3171 2295 3455 2352 ἀνάστασιν
3541 2297 3846 2373 γενομένην

2177 2374 2476 2449 δόξαν,καὶ
2507 2381 2607 2449 τήν
2663 2381 2845 2456 εὐγενῆ
2907 2382 3075 2439 αὐτοῦ
3124 2384 3296 2455 ἀξίαν,
3353 2387 3419 2456 ἢν
3480 2389 3515 2457 ἡ
3546 2391 3657 2443 τῶν
3691 2388 3850 2445 οἰκο-

2176 2471 2524 2539 νοςαηθέντων
2562 2469 2802 2543 ὑπέδειξε
2859 2477 3042 2548 πεῖρα,
3091 2473 3172 2536 τίς
3223 2468 3373 2531 ἔσται
3431 2477 3617 2540 ἱκανὸς
3676 2476 3838 2554 λόγῳ

2177 2557 2376 2638 φράσαι
2413 2577 2425 2627 ;
2458 2559 2623 2614 αὐτοῦ
2659 2561 2754 2633 μὲν
2814 2562 3024 2635 θανάτῳ
3083 2558 3566 2639 ὑποδαλλομένου,
3625 2567 3851 2623 πάντων

2179 2644 2236 2701 δὲ
2269 2647 2345 2709 εἰς
2402 2648 2700 2725 ἀφθαρσίαν
2758 2651 2948 2726 χάριτι
3001 2651 3167 2707 αὐτοῦ
3229 2657 3713 2729 ζωοποιουμένων,
3745 2658 3850 2713 καὶ

2178 2736 2360 2794 πίστει
2390 2736 2799 2814 λυτρουμένων.
2837 2740 2970 2797 Εἶτά
2999 2765 3186 2822 φησιν.
3236 2769 3263 2796 ‹‹
3298 2746 3418 2800 Ὅτι
3475 2743 3680 2817 α’ίρεται
3735 2746 3857 2804 ἀπὸ

2177 2833 2278 2898 τῆς
2309 2831 2477 2904 γῆςὴ
2538 2832 2653 2900 ζωὴ
2714 2830 2903 2900 αὐτοῦ,
2969 2855 2993 2885 ν
3043 2834 3320 2889 τουτέστιν
3386 2834 3686 2912 ἐπαίρεται,
3743 2838 3848 2893 καὶ

2181 2914 2494 2992 ὑψηλοτέρα
2523 2924 2631 2974 τῶν
2666 2917 2752 2974 ἐπὶ
2782 2926 2885 2997 γῆς
2917 2919 3058 2976 ἐστιν
3086 2923 3121 2992 ἠ
3185 2923 3297 2992 ζωὴ
3339 2921 3528 2995 αὐτοῦ,
3560 2923 3845 2981 τουτέστιν

2176 3008 2211 3075 ἡ
2244 3005 2515 3066 πολιτεία.
2553 3006 2774 3083 Αἴρεται
2809 3007 2979 3065 δὲκαὶ
3011 3009 3226 3087 ἑτέρως,
3288 3013 3376 3067 καὶ
3439 3014 3570 3089 ὑπὲρ
3631 3014 3841 3078 πάντας

2178 3094 2318 3151 ἐστὶν
2344 3098 2378 3166 ἡ
2411 3099 2525 3167 ζιυή
2558 3098 2748 3164 αὐτοῦ,
2781 3099 3055 3154 τουτέστιν
3115 3103 3148 3170 ἡ
3210 3099 3435 3177 ὕπαρξις
3495 3101 3592 3158 τοῦ
3652 3107 3841 3161 Μονο-

2098 3219 2139 3282 C
2177 3190 2386 3260 γενοῦς,
2422 3189 2549 3243 ὅταν
2583 3186 2682 3260 ἔξω
2713 3193 2915 3244 νοεῖται
2946 3190 3164 3264 σαρκὸς,
3199 3191 3289 3246 καὶ
3322 3191 3477 3248 οὖπω
3508 3195 3627 3258 καθ’
3685 3196 3848 3269 ἡμᾶς

2175 3277 2491 3350 γενόμενος.
2528 3277 2708 3333 Αὐτοῦ
2765 3278 2869 3356 γὰρ
2928 3278 3002 3342 εἰς
3058 3279 3287 3344 θάνατον
3346 3281 3608 3345 ἑκουσίως
3665 3305 3841 3340 κατα-

2177 3360 2505 3437 ϐεϐηκότος,
2538 3366 2681 3441 ἤρθη
2719 3368 2822 3424 ἀπὸ
2853 3375 2951 3438 τῆς
2983 3375 3088 3443 γῆς
3146 3371 3181 3440 ἡ
3417 3372 3509 3427 καὶ
3573 3372 3850 3449 μετεωρί-

2177 3455 2302 3526 σθη.
2371 3456 2458 3509 καὶ
2518 3451 2820 3531 ὑπερανέϐη
2894 3458 3021 3521 τοὺς
3089 3458 3372 3534 οὐρανοὺς,
3442 3461 3526 3517 ὅτι
3582 3462 3854 3538 βασιλεὺς

2177 3543 2396 3620 ὑπῆρχε
2426 3551 2527 3615 τῆς
2561 3542 2744 3616 δόξης,
2776 3546 2864 3601 καὶ
2896 3549 2930 3618 ἡ
2974 3547 3141 3604 αὐτοῦ
3194 3551 3309 3620 ζωή
3340 3551 3478 3606 κατὰ
3534 3551 3709 3630 φύσιν,
3745 3555 3850 3610 καὶ

2176 3634 2377 3707 Κύριος
2433 3640 2541 3690 τῶν
2589 3633 2892 3710 δυνάμεων
2955 3637 3000 3693 εἰ
3053 3639 3143 3693 καὶ
3195 3637 3285 3694 διὰ
3337 3642 3437 3711 τήν
3499 3643 3620 3718 περὶ
3677 3645 3854 3717 ἡμᾶς

2173 3722 2504 3798 οἰκονομίαν
2539 3726 2625 3780 καὶ
2661 3729 2760 3794 τήν
2804 3725 3049 3784 ἑκούσιον
3111 3725 3360 3795 κένωσιν,
3417 3737 3520 3801 τῆς
3578 3736 3715 3787 κατὰ
3774 3735 3847 3790 τὸ

2171 3813 2342 3878 πάθος
2374 3815 2464 3870 ἐπὶ
2495 3823 2598 3891 γῆς
2633 3815 2854 3891 ἀτιμίας
2914 3817 3005 3873 καὶ
3057 3813 3274 3889 ἀδοξίας
3316 3821 3610 3902 ἠνέσχετο,
3670 3827 3848 3878 τοῦτο

2173 3901 2433 3976 διδούσης
2475 3904 2726 3984 εὐλόγως
2785 3904 2931 3978 αὐτῷ
2977 3914 3078 3977 τῆς
3129 3910 3250 3964 καθ’
3303 3901 3595 3966 ὑπόστασιν
3680 3909 3840 3984 αὐτῷ

2168 3992 2259 4047 καὶ
2287 3989 2607 4066 ἀδιαιρέτως
2639 3993 2927 4067 ἡνιυμένης
2959 3995 3178 4070 σαρκὸς,
3231 3998 3352 4072 περὶ
3413 3997 3480 4067 ἢν
3543 3999 3606 4054 τὸ
3639 3998 3846 4068 πάθος,

2169 4081 2258 4138 καὶ
2319 4083 2354 4150 ἡ
2416 4080 2654 4146 έντεῦθεν
2709 4083 2905 4156 ἀτιμία
2960 4079 3259 4141 συνέϐαινε·
3349 4088 3485 4143 κατὰ
3535 4093 3672 4144 Θεοῦ
3737 4089 3838 4162 μέν

2167 4167 2503 4243 τολμωμένη
2537 4175 2632 4226 τοῦ
2664 4172 3099 4248 σεσαρκωμένου,
3164 4178 3366 4251 ψαῦσαι
3422 4175 3482 4232 δὲ
3543 4179 3618 4251 μή
3674 4175 3848 4234 δυνα-

2173 4257 2306 4332 μένη
2369 4265 2466 4315 τοῦ
2519 4261 2780 4334 ἀπαθοῦς,
2841 4264 2975 4339 ὅπερ
3033 4265 3346 4345 ἀμήχανον.
3406 4271 3607 4322 Τοῦτον
3652 4267 3852 4324 τοίνυν

2169 4349 2308 4405 εἶναι
2367 4350 2458 4405 τὸν
2515 4352 2747 4423 Ἰησοῦν,
2807 4352 2899 4407 καὶ
2959 4350 3360 4430 πεπληρῶσθαι
3419 4354 3472 4412 ἐν
3532 4358 3684 4430 αὐτῷ
3730 4360 3840 4428 τήν

2167 4439 2443 4518 Γραιρὴνὸ
2503 4437 2787 4501 Φίλιππος
2845 4441 3048 4513 τα·5την
3105 4447 3182 4514 τῷ
3241 4443 3493 4525 εὐνούχῳ
3545 4443 3844 4521 εὐαγγελί-

2168 4531 2331 4597 ζεται·
2395 4529 2440 4600 ᾧ
2497 4527 2588 4582 καὶ
2657 4530 2918 4598 πεισθεῗς,
2974 4532 3065 4584 καὶ
3127 4532 3436 4607 παραυτίκα
3511 4535 3836 4610 βαπτισθεὶς

399 4632 565 4688 Hunc
600 4632 777 4705 igitur
807 4648 936 4687 esse
968 4633 1190 4693 Jesum,
1225 4637 1282 4685 et
1308 4631 1460 4686 hanc
1494 4631 1554 4684 in
1601 4647 1667 4685 eo
1702 4630 2058 4702 completam

2176 4617 2415 4698 ἐπέμφθη
2477 4617 2553 4679 εἷς
2610 4619 2676 4674 τᾶ
2753 4615 2998 4694 κλίματα
3051 4627 3152 4692 τῆς
3208 4622 3520 4689 Αἰθιοπίας,
3579 4625 3837 4700 κηρῦξων

398 4739 526 4776 esse
559 4721 923 4793 Scripturam
957 4720 1268 4791 Philippus
1298 4721 1572 4776 ennucbo
1606 4719 2057 4775 denuntiatzcui

399 4812 576 4865 etiam
607 4811 913 4875 obediens,
944 4810 1265 4881 statimque
1331 4810 1677 4881 baptizatus.
1722 4810 1939 4864 missus
1969 4814 2058 4864 est

401 4901 473 4954 ad
503 4902 802 4972 regionem
848 4901 1176 4971 Ethiopiae,
1239 4899 1669 4972 praedicaturus
1727 4899 1838 4953 hoc
1897 4897 2055 4969 quod

401 4992 526 5062 ipse
559 4991 942 5046 crediderat:
977 4993 1163 5046 Deum
1222 4989 1460 5061 quidem
1522 5006 1708 5043 unum
1765 5004 1894 5044 esse
1948 5005 2056 5060 per

398 5081 719 5154 prophetas
752 5081 1161 5152 praedicatum,
1195 5079 1374 5147 hujus
1409 5085 1604 5134 autem
1655 5079 1873 5134 Filium
1925 5080 2051 5149 jam

397 5169 726 5224 secundum
752 5171 1185 5225 humanitatem
1217 5169 1524 5224 advenisse
1557 5185 1622 5224 ac
1654 5167 1874 5222 factum
1900 5183 2049 5236 esse,

397 5266 456 5314 et
481 5266 548 5313 ut
577 5276 740 5314 ovem
765 5260 837 5314 ad
869 5261 1230 5315 occisionem
1289 5259 1532 5314 ductum
1566 5274 1716 5322 esse,
1751 5264 1810 5311 et
1838 5264 2054 5312 cmtera

2165 4711 2315 4773 τοῦθ’
2348 4709 2481 4784 ὅπερ
2519 4707 2682 4771 αὐτὸς
2739 4705 3036 4782 ἐπίστευσε,
3097 4712 3228 4767 Θεὸν
3289 4714 3384 4786 μὲν
3439 4714 3534 4770 ’ἐνα
3574 4713 3664 4770 διὰ
3719 4720 3836 4772 τῶν

2175 4801 2475 4875 προφητῶν
2534 4799 2960 4872 κεκηρυγμένον,
3041 4800 3241 4856 τοῦτου
3292 4799 3349 4858 δέ
3403 4804 3496 4859 τὸν
3554 4805 3678 4859 Υῖὸν
3728 4807 3836 4874 τήν

2166 4889 2309 4943 κατά
2340 4885 2622 4962 ἄνθρωπον
2660 4884 2769 4958 ἤδη
2826 4891 3160 4960 πεποιῆσθαι
3218 4893 3541 4968 παρουσίαν,
3603 4895 3690 4949 καὶ
3754 4894 3836 4960 ὡς

2163 4974 2439 5056 πρόϐατον
2486 4978 2575 5035 ἐπὶ
2607 4982 2821 5059 σφαγὴν
2878 4983 3076 5053 ἦχθαι,
3137 4985 3229 5040 καὶ
3280 4986 3346 5041 τὰ
3400 4986 3570 5043 λοιπὰ
3626 4986 3724 5042 ὅσα
3779 4974 3842 5042 οῑ

2160 5077 2438 5149 προφῆται
2472 5068 2698 5145 λέγουσι
2759 5070 2886 5145 περὶ
2941 5071 3133 5132 αὐτοῦ,
3189 5076 3294 5130 Καὶ
3345 5075 3570 5132 ἐνταῦθα
3611 5075 3836 5148 πεπλή-

2162 5162 2396 5234 ρωταιὴ
2458 5157 2691 5235 λέγουσα
2751 5161 3083 5238 προφητεία,
3137 5187 3164 5215 ‹‹
3222 5163 3483 5222 Αἰθιοπία
3531 5165 3836 5246 προφθάσει

2159 5257 2322 5328 χεῖρα
2357 5250 2526 5320 αὐτῆς
2563 5254 2646 5323 τῷ
2673 5255 2811 5323 Θεῷ.
2850 5276 2880 5305 ››

399 5366 771 5420 quascunque
804 5349 1012 5405 dicunt
1039 5349 1111 5404 de
1166 5349 1295 5422 ipso
1327 5348 1658 5420 prophetm.
1726 5348 1796 5402 Et
1824 5347 1920 5401 hic
1950 5363 2063 5402 con

2176 5352 2249 5400 :ta
2305 5348 2396 5398 est
2434 5342 2770 5414 pr0pbetia,
2804 5359 2936 5414 qua
2968 5345 3051 5400 ait
3086 5361 3098 5399 :
3133 5368 3162 5396 ‹‹
3185 5346 3481 5419 ᾸΞιΙιὶορὶα
3507 5347 3838 5420 praeveniet

399 5455 615 5494 manus
640 5441 768 5509 ejus
798 5441 914 5494 Deo
946 5437 1014 5494 ⁸⁵.
1053 5463 1078 5489 ››

472 5529 676 5597 «VIII,
716 5532 783 5586 36
817 5533 906 5587 40.
968 5531 1114 5588 Ecce
1171 5546 1345 5604 aqua,
1409 5528 1552 5602 quid
1608 5527 1887 5603 prohibet
1939 5542 2057 5602 quo

473 5711 520 5748 ⁸⁵
544 5710 697 5769 Psal.
732 5727 847 5781 νιιι,
881 5712 932 5767 2.
965 5711 1009 5748 ⁸⁸
1038 5711 1193 5768 Psal.
1226 5727 1396 5779 uvn,
1429 5712 1517 5766 21.

2241 5546 2270 5576 ιι
2302 5517 2444 5579 Ἰδοὺ
2467 5517 2634 5597 ὕδωρ,
2670 5519 2718 5577 τί
2751 5518 2957 5578 κωλύει
2991 5543 3062 5599 με
3112 5523 3480 5602 βαπτισθῆναι
3515 5544 3530 5598 ;
3592 5526 3730 5585 Εῖπε
3771 5523 3833 5584 δδ
