4160 6436
297 317 412 378 167

1419 307 1831 370 (ΕΟΙΞΜΕΝΠ
1879 305 2187 368 ΤΗΙΟΟιΕ
2233 307 2584 370 EPISCOPI

3602 316 3723 376 168

297 453 360 507 in
381 449 678 508 Christum
707 463 910 504 verum
932 446 1119 501 Deum
1145 450 1437 501 nostrum.
1457 459 1635 516 quam
1659 442 1946 516 praedica-

2063 440 2186 495 στὸν
2219 440 2314 496 τὸν
2350 438 2531 512 ἀληθῆ
2565 441 2695 499 Θεὸν
2729 445 2912 517 ἡμῶν,
2944 441 3012 515 ἤν
3042 443 3341 520 ἐκήρυττον
3377 445 3431 501 οἱ
3486 445 3730 502 ἀπόστο-

298 542 443 597 bant
473 540 720 612 apostoli
749 555 762 593 :
796 545 854 591 et
885 537 1096 591 merito
1121 534 1592 606 sane.Siquidem
1619 535 1680 588 in
1705 550 1952 607 regnum

297 633 581 687 cmlorum
601 646 704 700 per
728 629 893 683 illam
920 635 978 682 et
1001 645 1118 682 non
1155 644 1258 698 per
1282 627 1461 682 aliam
1484 625 1668 680 ullam
1700 623 1955 698 ingredi-

293 737 445 774 mur.
488 717 707 772 Veriori
743 724 943 771 autem
979 732 1255 770 sermone
1303 716 1393 770 via
1444 713 1835 786 intelligenda
1865 717 1955 767 est

293 807 684 873 conversatio,
719 805 895 860 veluti
933 805 1088 876 apud
1125 805 1368 859 Isaiam:
1405 827 1430 853 «
1469 805 1542 859 Ut
1581 803 1722 874 quid
1755 818 1952 857 errare

296 916 405 953 nos
437 899 708 953 fecerunt
745 913 780 951 a
813 897 904 950 via
937 902 1035 950 tua
1065 897 1105 929 ³⁷
1130 895 1156 950 ?
1184 915 1208 945 ιι
1276 897 1394 950 Hoc
1443 899 1533 949 est
1563 910 1596 949 a
1642 908 1952 948 conversa-

294 989 477 1055 tione,
514 1005 645 1060 quas
680 987 794 1041 tuis
827 985 1103 1040 convenit
1162 983 1418 1055 placitis.
1470 984 1551 1036 Ita
1597 997 1732 1053 ergo
1768 986 1826 1033 et
1855 979 1952 1034 hic

296 1081 448 1135 viam
483 1077 802 1150 appellavit
845 1076 1355 1132 conversationem
1402 1071 1728 1127 secundum
1783 1069 1952 1126 Chri-

295 1174 472 1224 stum.
508 1167 600 1223 Sic
620 1175 676 1222 et
709 1166 843 1222 aliis
883 1165 1030 1221 locis
1060 1164 1161 1220 ubi
1195 1164 1298 1217 vim
1334 1163 1629 1225 meminit,
1665 1161 1951 1233 praedica-

294 1259 519 1314 tionem
551 1257 879 1312 secundum
913 1255 1214 1310 Christum
1249 1253 1620 1326 signiﬁcavit.
1649 1257 1750 1307 aut
1807 1267 1955 1306 con-

297 1347 700 1402 versationem
743 1346 916 1416 juxta
968 1343 1186 1416 placita
1243 1342 1480 1397 Christi.
1541 1341 1712 1396 Forte
1771 1341 1952 1395 etiam

299 1436 468 1507 quasi
491 1441 868 1490 attenuantes
892 1439 994 1488 aut
1013 1432 1395 1488 detrahentes
1418 1431 1498 1486 ita
1521 1448 1622 1486 eos
1644 1429 1950 1485 vocabant.

297 1528 600 1598 Siquidem
615 1525 935 1580 obscurum
956 1524 1073 1578 sive
1093 1522 1413 1594 ignobilem
1429 1522 1624 1576 solent
1650 1519 1953 1592 appellare

298 1616 603 1671 hominem
637 1631 665 1669 e
696 1615 790 1670 via
821 1631 922 1668 seu
975 1630 1005 1667 e
1064 1612 1251 1667 trivio.
1321 1613 1444 1666 Non
1505 1610 1710 1682 petivit
1751 1617 1951 1665 autem

296 1713 655 1777 potestatem
679 1722 780 1759 eos
807 1703 886 1758 ibi
917 1701 1226 1774 puniendi.
1250 1701 1352 1756 sed
1376 1699 1954 1756 adducendiJeroso-

299 1794 459 1866 lyma
486 1813 498 1849 :
524 1794 683 1866 quod
722 1795 848 1849 haec
871 1792 1081 1864 majori
1108 1791 1457 1846 auctoritate
1490 1790 1619 1846 fieri
1653 1790 1845 1845 vellet.
1885 1790 1950 1844 In

295 1885 532 1940 civitate
558 1901 693 1939 vero
718 1901 838 1939 non
864 1883 1078 1938 accidit
1100 1881 1264 1946 visio,
1297 1881 1397 1935 sed
1422 1881 1482 1935 in
1523 1880 1614 1935 via
1644 1897 1749 1951 per
1781 1879 1948 1951 quie-

296 1981 439 2042 tem,
474 1991 547 2029 ne
579 1975 712 2029 aliis
745 1974 951 2028 liceret
980 1972 1096 2028 alio
1130 1972 1304 2026 modo
1336 1986 1581 2025 narrare
1615 1969 1771 2041 quod
1795 1969 1954 2024 circa

294 2065 492 2136 ipsum
529 2063 893 2132 contigisset,
929 2062 1030 2117 sed
1062 2062 1189 2133 ipse
1241 2060 1356 2116 ﬁde
1411 2059 1624 2132 dignus
1675 2065 1833 2114 esset
1878 2057 1953 2114 ad

290 2155 695 2221 referendum,
732 2153 833 2223 qui
866 2152 1156 2207 visionem
1191 2150 1452 2212 vidisset,
1488 2155 1547 2205 et
1567 2165 1770 2204 casum
1817 2165 1950 2220 per-

290 2265 501 2319 pessus
532 2247 762 2301 fuisset.
808 2247 933 2300 Non
995 2260 1204 2299 omnes
1253 2248 1450 2298 autem
1510 2247 1785 2301 excmcat.
1847 2239 1952 2296 sed

292 2339 487 2392 solum
521 2335 811 2390 duntaxat
863 2332 1135 2399 Paulum,
1193 2345 1269 2386 ne
1317 2330 1655 2385 communis
1707 2327 1951 2384 afﬂictio

296 2426 756 2487 existimaretur,
787 2428 845 2476 et
874 2439 1004 2492 qua:
1051 2438 1192 2476 casu
1241 2420 1607 2491 contigisset,
1661 2417 1766 2473 sed
1797 2434 1830 2472 a
1862 2416 1953 2471 di-

294 2515 429 2568 vina
454 2512 842 2585 providentia.
869 2513 1058 2574 Quare
1080 2516 1278 2564 autem
1311 2525 1431 2562 non
1484 2506 1866 2562 crediderunt
1913 2506 1952 2560 ii

294 2605 556 2675 quicum
581 2619 649 2656 eo
675 2599 885 2655 erant?
915 2600 987 2653 Ut
1019 2598 1133 2653 ﬁde
1185 2597 1347 2670 digni
1381 2603 1560 2651 testes
1594 2601 1796 2651 essent
1825 2596 1953 2666 ejus

293 2695 448 2764 quod
473 2692 627 2748 circa
653 2689 896 2745 Paulum
928 2687 1427 2757 contigerat.Nam
1457 2687 1502 2740 si
1530 2685 1949 2750 credidissent,

297 2783 639 2836 viderentur
696 2779 769 2834 ad
827 2779 1078 2851 gratiam
1140 2775 1466 2831 testiﬁcari.
1535 2798 1562 2825 ιι
1628 2774 1952 2830 Audientes

297 2871 539 2942 quidem
571 2886 794 2925 vocem.
836 2891 861 2916 η
896 2869 1021 2922 Non
1055 2883 1185 2921 eam
1218 2882 1349 2936 qum
1400 2865 1658 2936 desuper
1710 2863 1956 2935 delapsa

295 2967 420 3017 erat
443 2976 638 3014 vocem
663 2957 986 3014 audierunt
1027 2957 1082 3010 hi
1113 2956 1212 3027 qui
1242 2972 1376 3010 cum
1411 2954 1591 3009 Paulo
1623 2959 1814 3011 erant.
1849 2951 1953 3009 sed

291 3049 461 3105 Pauli
495 3065 710 3103 vocem.
752 3049 953 3118 Ipsum
991 3045 1210 3100 etenim
1245 3043 1494 3098 Paulum
1529 3043 1590 3096 in
1649 3043 1950 3112 sequenti-

290 3138 402 3194 bus
436 3138 665 3193 inducit
697 3137 997 3192 dicentem
1026 3151 1039 3189 :
1075 3158 1101 3184 ι(
1143 3140 1208 3187 Lt
1234 3133 1334 3204 qui
1369 3148 1602 3188 mecum
1636 3139 1826 3195 erant,
1862 3131 1954 3186 lu-

2063 530 2176 600 λοι,
2218 531 2424 586 πίστιν·
2471 531 2562 587 καὶ
2623 531 2772 606 μάλα
2821 533 3065 596 εἰκότως.
3124 536 3202 590 Δι’
3260 534 3430 602 αὐτῆς
3486 536 3590 613 γάρ
3652 535 3732 599 είς

2059 621 2158 690 τήν
2191 624 2300 676 τῶν
2331 620 2573 696 οὐρανῶν
2607 620 2911 698 βασιλείαν,
2936 624 3027 680 καὶ
3080 623 3145 679 οὐ
3207 622 3276 680 δι’
3335 623 3518 694 ἄλλης
3577 627 3729 688 τινὸς

2062 711 2444 786 εἰσερχόμεθα.
2481 714 2862 789 Ἀληθεστέρῳ
2899 713 2956 770 δὶ
2998 713 3176 790 λόγῳ,
3226 713 3352 772 ὁδὸν
3394 717 3493 787 τήν
3548 716 3726 773 πολι-

2059 799 2201 854 τείαν
2286 799 2596 868 ἀκουστέον,
2667 803 2742 865 ὡς
2799 803 2946 880 παρα
3001 808 3081 876 τῷ
3140 803 3333 876 Ἡσαΐᾳ
3410 830 3437 857 ‹‹
3493 807 3612 862 Ἵνα
3669 793 3727 861 τί

2061 889 2373 961 ἐπλάνησαν
2408 895 2556 966 ἡμᾶς
2587 893 2695 950 ἀπὸ
2727 901 2826 964 τῆς
2888 893 3018 950 ὁδοῦ
3059 915 3197 964 σου;
3236 921 3263 947 ››
3319 898 3568 952 τουτέστι
3619 904 3722 967 τῆς

2059 987 2195 1040 κατὰ
2236 987 2293 1042 σὶ
2349 983 2654 1048 πολιτείας.
2720 987 2910 1051 Πῦτως
2967 988 3059 1042 οὗν
3122 986 3344 1051 ἐνταῦθα
3402 985 3559 1058 ὁδὸν,
3615 991 3719 1058 τήν

2060 1077 2196 1132 κατὰ
2227 1077 2458 1155 Χριστὸν
2490 1077 2608 1131 εἶπε
2647 1075 2928 1132 πολιτείαν
2986 1077 3083 1132 Καὶ
3116 1075 3168 1132 ἐν
3200 1079 3284 1142 οἷς
3333 1076 3527 1140 ἄλλοις
3589 1077 3724 1134 ὀδοῦ

2067 1166 2422 1238 μνημονεύει,
2455 1167 2518 1221 τὸ
2548 1167 2686 1221 κατὰ
2716 1167 2950 1242 Χριστὸν
2999 1170 3263 1243 κήρυγμα
3308 1168 3397 1224 καὶ
3445 1170 3546 1237 την
3602 1169 3723 1225 κατ’

2060 1255 2219 1311 αὐτὸν
2255 1256 2507 1331 σημαίνει
2560 1253 2846 1312 πολιτείαν
2928 1258 3087 1320 Ἴσως
3133 1258 3226 1313 καὶ
3277 1259 3354 1322 ὡς
3413 1257 3729 1330 εὐτελίζον-

2063 1367 2150 1408 τες
2183 1345 2271 1401 καὶ
2305 1343 2650 1422 διασύροντες
2710 1347 2883 1410 οὓτως
2929 1346 3124 1412 αὐτοὺς
3171 1346 3424 1405 ἐκάλουν.
3476 1349 3574 1404 Καὶ
3620 1351 3727 1426 γὰρ

2019 1436 2151 1491 ’τὸν
2184 1434 2379 1511 ἃτιμον
2413 1436 2634 1492 εἰώθασι
2685 1437 2872 1492 καλεῖν
2933 1436 3219 1513 ἄνθρωπον
3281 1437 3330 1510 ἐξ
3395 1436 3546 1496 ὁδοῦ.
3608 1439 3732 1497 Ούκ

2059 1523 2293 1597 ἐζήτησε
2324 1523 2381 1582 δὲ
2413 1526 2656 1596 ἐξουσίαν
2688 1526 2799 1582 ἐκεῖ
2848 1529 3268 1604 τιμωρήσασθαι
3323 1528 3541 1599 αὐτοὺς,
3596 1527 3731 1585 ἀλλ’

2061 1615 2282 1693 ἀγαγεῖν
2317 1615 2396 1676 εἷς
2427 1613 2820 1690 Ἰερουσαλὴμ,
2853 1617 2937 1673 ὅτι
3001 1618 3137 1691 μετᾶ
3189 1616 3448 1681 πλείονος
3492 1624 3594 1687 τῆς
3638 1617 3726 1689 ἐξ·

2061 1706 2246 1765 ουσίας
2276 1709 2443 1758 ταῦτα
2474 1704 2641 1774 ἤθελε
2671 1708 2948 1780 πράττειν.
2983 1709 3074 1762 Ἐν
3134 1707 3295 1764 πόλει
3334 1706 3392 1764 δὲ
3421 1709 3455 1778 ἠ
3490 1709 3727 1764 ὸπτασία

2062 1789 2123 1846 οὐ
2149 1790 2380 1866 γίνεται,
2413 1791 2540 1848 ἀλλ’
2571 1791 2624 1846 ἐν
2658 1796 2725 1867 τῇ
2759 1792 2873 1868 ὁδῷ
2904 1794 2984 1875 ἐφ’
3017 1797 3246 1872 ἡσυχίᾳ,
3307 1796 3382 1859 ὡς
3415 1800 3492 1870 μή
3526 1797 3724 1868 ἐξεῖναι

2063 1881 2125 1934 τὸ
2173 1880 2297 1956 περὶ
2357 1881 2514 1936 αὐτὸν
2573 1883 2801 1958 γεγονὸς
2860 1882 3068 1948 ἄλλους
3128 1884 3317 1949 ἄλλως
3387 1884 3723 1963 διηγεῖσθαι,

2063 1967 2195 2025 ἀλλ’
2220 1971 2380 2026 αὐτὸς
2421 1971 2668 2042 ἀξιόπισ-
2794 1970 2820 1994 ”
2889 1971 2916 2028 δ
3028 1980 3075 2005 -“’
3246 1976 3262 1997 ⁸
3504 1978 3518 1995 ⁸
3595 1974 3621 1993 ”

2358 2014 2379 2033 ς
2493 2015 2503 2023 .
2651 1994 2734 2036 .ος
2766 1994 2848 2044 ειη
2925 1977 3198 2052 ιηγεισθαι
3231 1997 3305 2038 ως
3331 1975 3422 2031 καὶ
3459 1997 3557 2046 την
3593 1980 3723 2051 οψιν

2065 2055 2216 2129 ἶδὼν,
2249 2060 2340 2115 καὶ
2370 2059 2433 2116 τὸ
2463 2060 2636 2125 πάθος
2671 2061 2930 2126 ὑποστάς.
2964 2064 3042 2121 Οὑ
3072 2067 3276 2128 πάντας
3331 2064 3388 2121 δὲ
3438 2065 3642 2148 τυφλοῖ
3674 2066 3730 2122 εἴ

2067 2150 2142 2222 μή
2180 2148 2393 2205 Παῦλον
2431 2151 2614 2223 μόνον,
2641 2150 2733 2206 ’ἱνα
2769 2155 2845 2226 μή
2899 2155 3084 2210 κοινὸν
3128 2155 3219 2210 καὶ
3267 2156 3343 2219 ὡς
3391 2156 3496 2211 ἀπὸ
3542 2156 3730 2232 τύχης

2063 2238 2126 2292 τὸ
2151 2241 2325 2303 πάθος
2356 2243 2620 2314 νομισθῇ,
2652 2238 2800 2297 ἀλλὰ
2831 2243 2977 2306 θείας
3009 2243 3290 2319 προνοίας.
3324 2245 3420 2300 Διά
3449 2245 3502 2301 τί
3552 2241 3610 2300 δὶ
3641 2245 3726 2314 μή

2062 2326 2377 2382 ἐπίστευσαν
2441 2329 2493 2384 οῖ
2555 2329 2647 2384 σὺν
2722 2329 2915 2404 αύτῷς
3005 2335 3119 2388 Ἵνα
3201 2335 3332 2388 ὧσιν
3415 2335 3729 2405 ἀξιόπιστοι

2067 2422 2463 2494 μαρτυροῦντες
2494 2420 2556 2474 τὸ
2612 2419 2735 2497 περί
2799 2419 3038 2479 Παῦλον.
3099 2422 3164 2480 El
3219 2423 3322 2500 γὰρ
3380 2423 3724 2496 ἐπίστευσαν,

2065 2504 2249 2577 ἔδοξαν
2280 2509 2340 2563 ἂν
2393 2509 2531 2584 πρὸς
2590 2512 2754 2586 χάριν
2817 2518 3132 2588 μαρτυρεῖν.
3190 2539 3216 2566 ιι
3253 2514 3568 2577 Ἀκούοντες
3622 2514 3724 2587 μὶν

2065 2604 2165 2665 τῆς
2217 2606 2424 2675 φωνῆς.
2461 2622 2488 2647 ι
2547 2600 2625 2657 Ού
2683 2603 2781 2670 τῆς
2841 2600 3044 2666 ἃνωθεν
3126 2603 3365 2672 ἤκουσαν
3424 2611 3608 2684 φωνῆς
3665 2607 3724 2661 οἱ

2065 2687 2312 2749 συνόντες
2336 2693 2416 2760 τῷ
2449 2691 2669 2762 Παύλῳ,
2711 2689 2858 2746 ἀλλᾶ
2914 2697 3014 2761 τῆς
3049 2696 3147 2747 τοῦ
3209 2692 3452 2750 Παύλου.
3513 2691 3726 2752 Ούδένα

2065 2771 2122 2829 δὲ
2152 2773 2419 2852 ἐθεώρουν
2451 2777 2588 2853 πρὸς
2624 2775 2681 2833 ὄν
2713 2778 3060 2854 ἀπεκρίνατο·
3119 2783 3147 2837 ὁ
3173 2779 3231 2837 δὲ
3278 2783 3495 2848 Παῦλος
3544 2783 3723 2859 μόνος

2062 2872 2164 2934 τῆς
2193 2863 2420 2923 ἃνωθεν.
2456 2868 2557 2924 Καὶ
2611 2868 2714 2945 γὰρ
2765 2869 2972 2945 προϊὼν
3032 2871 3194 2926 αὑτὸν
3252 2871 3450 2947 εἷσάγει
3491 2871 3723 2951 λεγοντα

2062 2956 2155 3043 τὸν
2191 2953 2407 3011 Παῦλον
2493 2958 2618 3016 ιιοἱ
2677 2956 2733 3014 δὲ
2783 2960 2876 3015 σὺν
2931 2959 3055 3034 ἐμοὶ
3112 2961 3261 3026 ὄντες
3318 2963 3380 3019 τὸ
3441 2965 3537 3038 μὶν
3601 2969 3722 3043 φῶς

2063 3042 2368 3116 ἐθεάσαντο,
2399 3047 2489 3102 καὶ
2522 3043 2760 3121 ἔμφοϐοι
2802 3047 3068 3126 ἐγένοντο,
3122 3053 3223 3122 τὴν
3276 3051 3334 3108 δὲ
3382 3056 3572 3129 φωνην
3615 3042 3726 3111 οὑκ

2062 3132 2299 3223 ⁴ἤκουσαν
2341 3142 2447 3223 τοῦΔ
2498 3137 2798 3223 λαλοῦντύς
2858 3163 2978 3215 μοι,
3014 3167 3042 3193 ››
3096 3142 3160 3199 Εἰ
3218 3145 3323 3219 γὰρ
3374 3147 3473 3213 τῆς
3529 3153 3723 3223 φωνῆς

290 3245 429 3283 men
461 3228 701 3299 quidem
733 3227 1012 3281 viderunt
1044 3232 1100 3278 et
1135 3223 1399 3279 exterriti
1427 3228 1587 3283 sunt,
1619 3238 1821 3277 vocem
1849 3238 1945 3276 au-

2063 3220 2300 3290 ἤκουσαν
2339 3220 2572 3294 ἐκείνης,
2607 3222 2707 3279 οὐκ
2737 3221 2797 3278 ἃν
2851 3224 3181 3296 ἠπίστησαν.
3225 3207 3329 3285 Τὸιν
3389 3225 3447 3284 δὲ
3501 3207 3726 3285 Παῦλον

288 3323 409 3372 tem
435 3333 554 3372 non
578 3316 899 3372 audierunt
923 3315 1053 3386 ejus
1075 3314 1174 3384 qui
1197 3312 1553 3383 loquebatur
1573 3327 1806 3366 mecum
1825 3309 1890 3364 ⁸⁸.
1922 3333 1948 3360 n

288 3406 344 3461 Si
379 3407 536 3461 enim
561 3422 759 3460 vocem
796 3404 959 3459 illam
994 3403 1319 3458 audissent.
1358 3416 1732 3472 nequaquam
1763 3400 1949 3455 incre-

289 3494 413 3550 duli
448 3493 936 3566 permansissent.
981 3491 1232 3546 Paulum
1293 3506 1429 3544 vero
1483 3489 1949 3561 respondentem

290 3583 972 3643 videntesmirabantur.
985 3581 1120 3637 Ideo
1135 3587 1333 3636 autem
1349 3579 1461 3634 hoc
1475 3578 1547 3634 ab
1567 3578 1737 3634 initio
1752 3584 1948 3633 actum

290 3691 410 3730 non
445 3679 552 3741 est,
587 3674 687 3729 86
720 3677 784 3727 ut
824 3671 1240 3727 ostenderetur
1297 3669 1456 3740 quod
1489 3684 1622 3722 vere
1678 3683 1946 3723 surrexe-

287 3765 368 3820 rit
392 3764 680 3820 Christus.
716 3765 858 3817 Nam
895 3761 941 3817 is
975 3760 1075 3832 qui
1104 3760 1275 3816 illum
1336 3757 1614 3830 ejiciebat
1664 3774 1774 3812 nec
1819 3757 1947 3828 ejus

2060 3311 2293 3386 ὁρῶντες
2355 3311 2818 3386 ἀποκρινόμενον,
2877 3313 3208 3389 ἐθαύμαζον.
3271 3319 3368 3373 Διὰ
3437 3320 3598 3376 τοῦτο
3661 3318 3727 3375 δὲ

2060 3396 2163 3453 ούκ
2195 3398 2246 3468 ἐξ
2279 3398 2458 3476 ἀρχῆς
2491 3399 2652 3456 τοῦτο
2696 3403 2944 3478 γέγονεν,
3003 3402 3098 3460 ’ίνα
3149 3403 3346 3483 δειχθῇ
3396 3406 3568 3470 ὅντως
3631 3410 3720 3465 ὅτι

2060 3486 2253 3560 ἀνέστη
2315 3489 2569 3564 Χριστός.
2620 3492 2681 3550 Ὀ
2729 3493 2830 3569 γάρ
2889 3492 3126 3551 ἐλαύνων
3206 3496 3368 3553 αὐτὸν
3419 3500 3511 3554 καὶ
3584 3501 3722 3555 ἀπι-

2059 3582 2196 3634 στῶν
2224 3577 2390 3633 αύτοῦ
2419 3582 2488 3654 τῇ
2547 3579 2856 3652 ἀναστάσει,
2914 3584 3177 3650 καὶτοὺς
3239 3589 3486 3660 μαθητὰς
3542 3588 3717 3646 αὐτοῦ

2060 3665 2299 3736 διώκων,
2332 3669 2494 3725 πόθεν
2528 3671 2586 3725 ἂν
2625 3669 2954 3744 ἐπίστευσεν,
3009 3673 3054 3730 εί
3097 3677 3174 3751 μή
3235 3674 3424 3747 πολλή
3482 3677 3549 3748 ἧν
3609 3685 3715 3750 τῆς

2060 3758 2396 3822 ἀναστάσεως
2428 3761 2462 3830 ἠ
2498 3759 2662 3838 ἷσχύς
2689 3781 2703 3830 ;

283 3852 582 3910 credendo
613 3852 1035 3908 resurrectioni
1069 3851 1247 3905 etiam
1282 3850 1470 3921 ipsius
1502 3847 1828 3919 discipulos
1861 3850 2352 3923 persequebatur,
2387 3850 2546 3908 unde
2579 3851 2954 3925 credidisset,
3000 3856 3117 3912 nisi
3166 3873 3383 3932 magna
3426 3865 3583 3916 esset
3630 3860 3722 3918 vis

289 3943 746 4000 resurrectionis
780 3943 908 4013 ejus
929 3941 956 3996 ‘I

362 4057 389 4084 ιι
422 4034 491 4087 Et
519 4049 642 4087 non
674 4030 935 4086 comedit
965 4045 1159 4099 neque
1186 4028 1356 4083 bibit.
1393 4049 1421 4077 »

357 4123 542 4188 Quam
577 4121 651 4176 ob
683 4135 925 4174 causam
948 4117 975 4172 ?
1003 4117 1297 4182 Quoniam
1331 4116 1594 4186 seipsum
1627 4115 1846 4170 mirum
1883 4114 1944 4170 in

285 4210 532 4268 modum
565 4225 739 4280 pcena
759 4207 1003 4280 dignum
1021 4206 1331 4276 judicabat
1350 4205 1424 4259 ob
1447 4205 1720 4261 Ecclesia:
1744 4222 1943 4276 perse-

286 4302 612 4364 cutionem,
649 4297 955 4368 tristisque
1003 4297 1185 4352 Deum
1236 4295 1673 4368 deprecabatur
1717 4303 1781 4352 ut
1831 4295 1943 4352 sibi

281 4390 635 4446 remitteret.

357 4480 452 4542 IX,
489 4480 555 4532 10
592 4479 677 4533 l2.
713 4477 848 4532 Erat
899 4481 1098 4531 autem
1159 4474 1400 4548 quidam
1453 4473 1782 4546 discipulus
1833 4476 1944 4531 Da-

291 4591 315 4618 n
353 4567 539 4624 masci
573 4566 814 4622 nomine
843 4565 1146 4621 Ananias:
1200 4571 1258 4619 et
1299 4564 1447 4619 dixit
1493 4563 1566 4618 ad
1616 4564 1786 4619 illum
1838 4581 1946 4637 per

2190 4033 2229 4083 Κ
2273 4027 2288 4050 \
2363 4029 2378 4048 ν
2452 4025 2476 4044 ν
2718 4031 2730 4051 ν
2777 4032 2792 4050 \

2129 4057 2153 4082 ι)
2236 4050 2290 4082 αι
2323 4049 2421 4084 ουκ
2450 4050 2642 4104 εφαγεν
2676 4029 2802 4087 ουδε
2827 4028 2996 4091 ἔπιεν.
3033 4058 3061 4086 ››

2129 4117 2226 4171 Διὰ
2255 4118 2350 4186 τίς
2385 4118 2503 4174 Ὀτι
2536 4119 2659 4173 Λίαν
2695 4120 2887 4176 ἑαυτοῦ
2928 4123 3170 4200 κατέγνω
3223 4123 3312 4180 ἐπὶ
3361 4130 3440 4199 τῷ
3489 4123 3728 4204 διωγμῷ

2055 4203 2156 4272 τῆς
2181 4207 2533 4278 Ἐκκλησίας,
2568 4208 2659 4264 καὶ
2689 4207 3038 4286 λυπούμενος
3099 4213 3397 4291 παρεκάλει
3449 4215 3542 4273 τὸν
3587 4203 3728 4273 Θεὸν

2054 4293 2320 4372 ἀφεθῆναι
2353 4296 2522 4371 αὐτῷ,

2129 4500 2156 4528 ιι
2187 4477 2287 4533 Ἦν
2323 4475 2380 4532 δέ
2408 4497 2490 4539 τις
2519 4480 2774 4551 μαθητὴς
2805 4478 2858 4535 ἔν
2924 4487 3219 4555 Δαμασκῷ,
3272 4483 3499 4560 ὀνόματι
3557 4489 3723 4544 Ἀνα-

2057 4590 2084 4618 ιι
2110 4565 2240 4628 νίας·
2301 4566 2391 4622 καὶ
2451 4567 2570 4622 εἶπε
2627 4569 2768 4644 πρὸς
2820 4569 2980 4626 αὐτὸν
3037 4572 3065 4626 ὁ
3097 4574 3300 4647 Κύριος
3349 4575 3400 4629 ἐν
3453 4577 3722 4652 ὁράματι,

287 4681 312 4708 ‹‹
347 4659 536 4713 visum
570 4657 894 4713 Dominus:
942 4655 1189 4710 Anania.
1227 4660 1298 4710 At
1330 4654 1430 4709 ille
1462 4653 1584 4709 ait:
1637 4655 1780 4710 Ecce
1813 4671 1942 4727 ego,

2063 4679 2084 4709 ιι
2117 4655 2354 4747 Ἀνανία.
2417 4656 2480 4747 Ὁ
2537 4655 2595 4713 δὲ
2652 4658 2819 4714 εἶπενο
2877 4657 3024 4716 Ἰδοὺ
3082 4659 3210 4736 ἐγὼ,
3295 4665 3481 4738 Κύριε.
3540 4667 3596 4721 Ὀ
3657 4665 3727 4726 δὶ

286 4771 314 4798 ‹‹
347 4750 613 4805 Domine.
652 4749 718 4803 Et
751 4747 1033 4802 Dominus
1055 4745 1127 4800 ad
1156 4761 1332 4823 eum:
1383 4745 1560 4816 Surge
1615 4750 1674 4800 et
1706 4744 1848 4800 vade
1882 4746 1945 4801 in

284 4860 312 4888 ‹‹
345 4838 537 4894 vicum
565 4838 666 4909 qui
698 4845 939 4893 vocatur
978 4838 1214 4894 Rectus.
1278 4851 1344 4889 ac
1405 4851 1603 4906 qurere
1661 4835 1722 4889 in
1765 4834 1942 4890 domo

283 4949 312 4976 «
346 4928 508 4983 Judaa
541 4929 783 4984 Saulum
834 4928 1077 4983 nomine
1135 4929 1524 4981 Tarsensem:
1587 4942 1722 4981 ecce
1781 4925 1943 4982 enim

289 5044 310 5071 ι
348 5029 497 5078 orat.
542 5023 818 5092 Viditque
850 5038 957 5093 per
1008 5021 1196 5077 visum
1249 5021 1438 5075 virum
1489 5021 1733 5076 nomine
1783 5023 1944 5076 Ana-

285 5134 314 5164 «
351 5112 512 5168 niam
545 5113 974 5174 introeuntem,
1007 5118 1066 5167 et
1094 5112 1504 5182 imponentem
1547 5111 1658 5166 sibi
1693 5124 1942 5166 manum

285 5224 311 5252 ι(
345 5209 413 5256 ut
441 5203 630 5257 visum
662 5203 972 5273 reciperet.
1007 5223 1033 5254 ιι

355 5292 427 5346 Ut
459 5292 624 5362 quid.
659 5291 923 5360 obsecro,
983 5290 1219 5345 nullum
1270 5307 1620 5364 magnorum
1670 5290 1771 5360 qui
1825 5289 1940 5345 ﬁde

280 5379 493 5453 dignus
527 5387 682 5437 esset
714 5382 912 5447 traxit,
961 5387 1064 5436 aut
1120 5381 1193 5436 ad
1252 5381 1418 5436 Pauli
1480 5379 1938 5435 instructionem

276 5471 630 5538 transmisit,
665 5472 767 5528 sed
791 5471 1081 5528 Ananiam
1107 5471 1208 5543 qui
1239 5487 1396 5527 unus
1429 5475 1557 5526 erat
1589 5486 1658 5525 ex
1689 5469 1937 5540 Septua-

346 5680 394 5717 ⁸⁷
421 5683 534 5746 Isa.
564 5699 726 5754 um,
761 5687 848 5744 t7.
923 5682 970 5722 ⁸⁸
994 5683 1175 5758 Infra,
1198 5700 1339 5746 nu.

2057 4770 2085 4797 «
2120 4743 2320 4821 Κύριος
2363 4745 2498 4820 πρὸς
2557 4746 2740 4802 αὐτόν’
2804 4750 3060 4813 ’Δναστᾶς
3118 4752 3413 4829 πορεύθητι
3471 4753 3559 4813 ἐπὶ
3611 4759 3724 4828 τὴν

2061 4856 2082 4886 ι
2119 4833 2298 4910 ῥύμην
2350 4836 2449 4904 τὴν
2509 4836 2858 4912 καλουμένην
2922 4839 3168 4908 Εὐθεῖαν,
3211 4845 3300 4898 καὶ
3361 4848 3596 4917 ζήτησον
3658 4845 3721 4904 ἐν

2060 4946 2081 4974 ι
2116 4923 2264 4996 οἰκίᾳ
2319 4922 2499 4982 Ἰούδα
2560 4926 2776 4982 Σαῦλον
2833 4928 3064 5002 ὀνόματι
3124 4933 3357 5008 Ταρσὲαο
3430 4934 3547 4992 ἰδοὺ
3606 4938 3721 5013 γὰρ

2049 5041 2076 5067 ιι
2116 5016 2502 5092 προσεύχεται.
2537 5017 2640 5074 Καὶ
2673 5016 2812 5074 εἶδεν
2845 5019 2895 5075 ἐν
2958 5022 3193 5097 ὁράματι
3253 5022 3422 5100 ἄνδρα
3480 5027 3722 5101 ὀνόματι

2055 5130 2083 5159 ιι
2117 5107 2367 5162 Ἀνανίαν
2411 5105 2748 5194 είσελθόντα,
2807 5111 2899 5165 καὶ
2959 5110 3262 5170 ἐπιτιθὲντα
3315 5116 3466 5190 αύτῷ
3523 5124 3719 5194 χεῖρα,

2051 5221 2079 5248 ιι
2115 5196 2265 5258 ὅπως
2299 5191 2599 5270 ἀναϐλέψῃ.
2637 5224 2660 5250 ι

2122 5285 2191 5342 Τί
2220 5282 2287 5356 δή
2323 5306 2451 5340 ποτε
2485 5283 2678 5340 ούόἑναι
2735 5291 2844 5342 τῶν
2905 5288 3238 5360 ἀξιοπίστων
3298 5295 3388 5350 καὶ
3450 5297 3718 5373 μεγάλων

2050 5373 2317 5444 ε’ἶλκυσεν,
2379 5372 2504 5429 οὑδὲ
2567 5378 2862 5448 μετέστησε
2925 5382 3064 5454 πρὸς
3148 5383 3248 5451 τήν
3308 5389 3407 5440 τοῦ
3487 5372 3722 5448 Παύλου

2049 5465 2385 5539 κατήγησιν,
2444 5462 2571 5520 ἀλλ’
2627 5465 2875 5523 Ἀνανίαν
2936 5467 3065 5527 ὄντα
3119 5476 3231 5528 τῶν
3285 5469 3726 5556 δϐδομήκοντας
