4112 6422
384 359 494 430 171

389 521 420 552 ‹‹
452 499 642 557 oculis
678 501 807 574 ejus
859 505 1145 573 tanquam
1202 498 1489 574 squamea,
1525 509 1583 559 et
1622 504 1814 561 visum
1872 506 2040 560 rec'e-

2171 524 2192 556 ιι
2223 502 2389 559 αὐτοῦ
2445 503 2573 559 ὡσεὶ

393 611 419 645 ι
453 592 559 664 pit,
593 609 661 647 ac
694 608 942 664 surgens
992 592 1321 665 baptizatus
1378 600 1487 649 est.
1549 596 1815 666 Cumque
1882 611 2052 650 acce-

392 703 422 733 «
454 681 642 754 pisset
670 681 871 738 cibum
902 682 1274 739 confortatus
1305 690 1414 739 est.
1445 684 1578 739 Fuit
1608 693 1806 741 autem
1840 685 2052 741 Saulus

394 786 582 827 «cum
640 770 952 844 discipulis
1010 773 1112 843 qui
1170 779 1343 830 erant
1401 775 1671 831 Damasci
1753 774 1882 830 dies
1939 774 2050 831 ali-

397 882 426 911 ‹‹
460 867 624 933 quot.
663 885 691 912 »

473 990 498 1021 ιι
536 970 645 1034 Qui
683 970 961 1042 apparuit
990 969 1118 1026 tibi.
1152 992 1180 1020 ››
1211 971 1389 1042 Atqui
1420 988 1542 1027 non
1594 972 1744 1028 dixit
1790 973 1844 1027 ei
1884 972 2054 1029 Chri-

381 1064 529 1123 _stus
561 1077 573 1116 :
609 1062 726 1134 Ego
761 1061 849 1117 illi
882 1062 1150 1134 apparui,
1185 1061 1289 1117 sed
1341 1061 1453 1117 hoc
1483 1079 1518 1119 a
1548 1062 1790 1134 Spiritui
1848 1069 2052 1119 sancto

409 1149 637 1207 didicit.
674 1153 888 1206 Verum
920 1168 1040 1206 non
1067 1151 1178 1206 fuit
1207 1151 1278 1206 ab
1314 1168 1381 1207 eo
1417 1152 1595 1208 visus.
1630 1153 1843 1224 Utique
1874 1153 2053 1209 rebus

402 1240 554 1313 ipsis
581 1246 639 1295 et
668 1241 934 1296 efﬁcacia
958 1241 1116 1296 visus
1146 1241 1261 1296 fuit
1291 1248 1349 1296 et
1382 1243 1675 1314 apparuit.
1732 1244 1859 1299 Non
1906 1242 2056 1298 dixit

400 1338 635 1388 autem:
668 1331 768 1387 88
792 1332 899 1397 Qui
932 1338 989 1387 te
1022 1332 1352 1394 excaecavit.
1409 1333 1839 1406 improperium
1871 1333 2053 1389 decli-

398 1437 573 1490 nans,
593 1420 697 1476 sed
729 1422 829 1492 qui
862 1422 1139 1493 apparuit
1172 1421 1626 1495 tibi.:Decidunt
1644 1429 1844 1479 autem
1877 1440 2055 1495 squao

395 1527 532 1579 mae,
564 1510 999 1566 vehementiam
1032 1511 1315 1567 cacitatis
1362 1511 1770 1583 ostendentes,
1827 1513 2055 1569 sanita-

394 1590 591 1671 tisque
621 1599 1065 1656 certitudinem.

465 1711 565 1775 IX,
598 1714 782 1768 20-25.
817 1734 845 1762 «
880 1713 950 1766 Et
980 1712 1297 1767 confestim
1321 1712 1382 1768 in
1416 1713 1728 1786 synagogis
1760 1712 2055 1786 praedica-

401 1821 425 1854 ι
457 1800 563 1856 bat
590 1800 910 1865 Christum,
946 1801 1104 1873 quod
1138 1802 1234 1857 hic
1266 1808 1424 1857 esset
1475 1802 1657 1858 Filius
1690 1803 1812 1859 Dei.
1848 1804 2058 1875 Stupe-

1374 414 1377 417 -
1405 370 1654 433 (ECUM
1668 373 1898 434 ENIUS
1943 370 2245 433 TlilCC/E
2294 372 2737 434 EPISCOPI’S.

3698 377 3815 448 178

2675 502 2915 569 λεπίδες,
2992 500 3261 580 ἀνέϐλεψέ
3323 526 3385 562 τε
3438 506 3529 563 καὶ
3584 506 3825 575 ἀναστὰς

2167 617 2186 644 ε
2221 587 2545 663 ἐϐαπτίσθη,
2578 593 2669 650 καὶ
2702 589 2889 650 λαϐὼν
2948 596 3156 675 τροφὴν
3213 594 3516 673 ἐνίσχυσεν.
3569 597 3821 673 Ἐγένετο

2165 679 2279 738 «δὲ
2363 684 2392 737 6
2484 681 2695 742 Σαῦλος
2776 685 2910 757 μετὰ
2952 689 3058 741 τῶν
3111 683 3164 740 ἐν
3225 691 3499 761 Δαμασκῷ
3555 690 3822 763 μαθητῶν

2166 796 2187 824 ι
2225 771 2438 847 ἡμέρας
2470 774 2640 836 τινάς.
2682 798 2710 826 ››

2240 969 2348 1024 ιιὈ
2408 969 2592 1049 ὀφθεὶς
2647 991 2819 1028 σοι.»
2880 972 2982 1028 Καὶ
3048 973 3161 1046 μὴν
3219 973 3323 1029 οὐκ
3379 973 3530 1029 εἶπεν
3595 972 3741 1048 αὐτῷ
3793 974 3828 1031 6

2162 1059 2414 1131 Χριστὸς,
2446 1060 2529 1114 ὅτι
2561 1061 2769 1140 Ὠφθην
2801 1062 2973 1133 αὐτῷ,
3026 1060 3154 1117 ἀλλ’
3193 1061 3302 1118 ἀπὸ
3350 1066 3450 1119 τοῦ
3507 1067 3831 1137 Ιινεύματος

2162 1143 2378 1222 ἔμαθεν.
2438 1149 2542 1205 Καὶ
2608 1153 2716 1224 μὴν
2776 1152 2879 1206 οὐκ
2930 1146 3111 1229 ὤφθη.
3174 1152 3277 1207 Ναὶ
3339 1149 3429 1208 διὰ
3474 1174 3825 1228 πραγματων

2161 1237 2379 1308 καὶτῆς
2408 1236 2677 1314 ἐνεργείας
2729 1235 2910 1315 ὤφθη.
2970 1242 3086 1299 υύκ
3137 1243 3251 1297 εἶπε
3308 1240 3386 1310 δὲ,
3436 1243 3497 1300 Ὀ
3555 1245 3831 1318 πηρώσας

2163 1347 2243 1392 σε,
2276 1326 2541 1383 ἐκκλίνων
2591 1330 2679 1383 τὸν
2742 1328 3073 1404 ὀνειδισμὸν,
3146 1328 3295 1402 ἀλλ’,
3355 1332 3416 1389 Ὀ
3467 1331 3650 1409 ὀφθεὶς
3709 1355 3830 1390 σοι.

2163 1416 2517 1472 Ἐκπίπτουσι
2552 1416 2608 1473 δὲ
2652 1416 2891 1488 λεπίδες,
2950 1420 3014 1476 τὸ
3072 1417 3310 1499 σφοδρὸν
3375 1419 3683 1478 δεικύουσαι
3715 1429 3830 1494 τῆς

2160 1503 2515 1581 τυφλώσεως,
2549 1509 2635 1563 καὶ
2668 1509 2730 1563 τὸ
2759 1505 3138 1588 ἀναμφίϐολον
3170 1518 3273 1580 τῆς
3306 1509 3522 1575 ἰάσεως.

2239 1732 2266 1758 ‹‹
2301 1707 2402 1763 Καῖ
2454 1706 2654 1772 εὐθέως
2720 1705 2772 1762 ἐν
2830 1713 2952 1771 ταῖς
3008 1714 3355 1784 συναγωγαῖς
3409 1708 3672 1786 ἐκήρυσσε
3729 1713 3837 1768 τὸν

2171 1819 2198 1848 ιι
2230 1796 2484 1871 Χριστὸν,
2548 1797 2633 1851 δτι
2685 1797 2842 1860 οὗτός
2894 1795 3037 1854 ἐστιν
3072 1798 3099 1853 6
3138 1798 3256 1861 (‘16:
3312 1804 3414 1854 τοῦ
3472 1804 3626 1859 Θεοῦ.
3707 1801 3837 1872 Ἑξ-

360 1956 367 1964 ,
402 1913 431 1942 ‹‹
463 1889 608 1946 bant
633 1898 831 1946 autem
864 1908 1073 1947 omnes
1105 1891 1206 1962 qui
1242 1908 1375 1946 eum
1416 1891 1757 1953 audiebant.
1792 1909 1860 1947 ac
1899 1892 2050 1948 dice-

2172 1911 2199 1937 ‹‹
2238 1883 2450 1941 ίσταντο
2486 1884 2543 1942 δὲ
2581 1887 2777 1950 πάντες
2824 1888 2876 1943 οἱ
2938 1888 3247 1957 ἀκούοντις,
3304 1889 3396 1945 καὶ
3452 1888 3667 1967 ἔλεγον·
3702 1890 3843 1969 Οὐχ

408 2001 430 2033 ι
457 1978 601 2035 baut
626 1995 640 2032 :
664 1981 867 2034 Nonne
896 1980 993 2035 hic
1020 1986 1107 2035 est
1136 1980 1237 2052 qui
1272 1980 1649 2053 expugnabat
1676 1980 2058 2053 Jerosol3mis

403 2090 431 2119 ι(
461 2085 563 2124 eos
595 2070 695 2141 qui
721 2069 1071 2125 invocabant
1094 2087 1314 2124 nomen
1346 2070 1506 2125 istud
1537 2070 1564 2125 ‘?
1587 2072 1656 2125 Et
1686 2071 1801 2126 huc
1831 2071 1904 2127 ad
1947 2073 2060 2127 hoc

408 2178 430 2208 ι
464 2160 625 2214 venit
645 2167 710 2214 ut
730 2160 956 2215 vinctos
988 2160 1270 2216 educeret
1290 2160 1427 2215 illos
1448 2160 1522 2215 ad
1546 2161 1847 2233 principes
1871 2178 2061 2217 sacer-

398 2272 427 2302 ιι
463 2250 667 2306 dctum
696 2251 723 2305 ‘2
754 2252 965 2307 Saulus
986 2269 1122 2307 vero
1154 2253 1343 2325 magis
1366 2253 1786 2322 invalescebat,
1825 2260 1883 2310 et
1910 2271 2056 2311 con-

399 2359 429 2389 α
458 2339 749 2395 fundebat
777 2340 1011 2395 Judaeos
1042 2341 1142 2412 qui
1176 2340 1451 2397 habitant
1495 2342 1785 2409 Damasci,
1836 2342 2053 2398 conﬁr-

398 2450 427 2478 ‹‹
462 2445 633 2485 mans
656 2430 816 2486 hunc
840 2447 967 2485 esse
993 2431 1310 2485 Christum.
1341 2431 1600 2503 Expletis
1624 2438 1824 2487 autem
1847 2432 2057 2487 diebus

399 2540 429 2569 ι(
462 2520 890 2592 compluribus,
921 2521 1189 2575 inierunt
1216 2521 1374 2576 inter
1405 2538 1466 2577 se
1509 2521 1695 2576 Judaei
1736 2522 2055 2578 consilium

402 2630 430 2659 (ι
459 2614 526 2664 ut
555 2611 750 2681 ipsum
795 2610 1154 2666 occiderent.
1217 2612 1432 2666 Verum
1478 2616 1633 2667 notae
1692 2611 1859 2667 factas
1920 2619 2058 2667 sunt

400 2721 429 2751 «
463 2699 639 2755 Saulo
672 2700 905 2755 insidia;
939 2716 1164 2755 eorum.
1206 2702 1273 2754 ιει
1302 2699 1687 2755 asservabant
1725 2707 1925 2772 portas
1960 2701 2055 2756 die

364 2813 428 2853 μα
461 2808 529 2847 ac
558 2797 732 2847 nocte
753 2797 820 2845 ut
858 2791 1051 2863 ipsum
1086 2790 1445 2846 occiderent.
1482 2796 1800 2862 Acceptum
1855 2797 2054 2846 autem

400 2903 431 2933 (ι
464 2897 599 2938 eum
622 2880 897 2953 discipuli
926 2886 1109 2936 noctu
1135 2898 1243 2953 per
1270 2878 1901 2953 murumﬁemiserunt
1923 2880 2056 2936 sub-

406 2992 428 3024 ι
463 2972 772 3029 mittentes
803 2972 864 3026 in
898 2977 1118 3043 sporta.
1156 2992 1183 3020 »

471 3080 892 3137 «Prmdicabat
949 3079 1247 3136 Christum
1300 3080 1362 3135 in
1394 3079 1725 3152 synagogis.
1764 3101 1791 3128 »
1833 3081 2053 3152 Nempe

397 3188 532 3227 cum
579 3171 769 3243 legem
832 3169 1158 3237 didicisset,
1216 3187 1319 3225 ora
1377 3170 1496 3225 illis
1545 3168 1880 3237 obturabat,
1942 3186 2052 3225 nec

2171 1999 2198 2027 ι(
2230 1975 2387 2038 οὗτός
2418 1976 2557 2031 ἐστιν
2592 1977 2620 2031 6
2652 1979 2931 2052 πορθήσας
2991 1977 3045 2033 ἐν
3103 1978 3469 2054 Ἰερουσαλὴμ
3524 1980 3653 2043 τοὺς
3700 1979 3837 2037 ἐπι-

2169 2064 2597 2139 «καλουμένους
2654 2066 2718 2122 τὸ
2764 2063 2940 2139 ὄνομα
2994 2071 3196 2139 τοῦτο;
3241 2069 3339 2124 Καὶ
3389 2067 3496 2125 ὧδε
3555 2069 3632 2133 εἰς
3660 2075 3841 2127 τοῦτο

2169 2155 2518 2228 «ἐλήλυθεν,
2563 2155 2655 2213 ἶνα
2715 2154 3034 2231 δεδεμένους
3095 2158 3298 2222 αὐτοὺς
3349 2160 3525 2236 ἀγάγῃ
3555 2161 3640 2217 ἐπὶ
3692 2162 3844 2226 τοὺς

2170 2245 2556 2325 ‹‹ἀρχιερεῖς;
2612 2246 2826 2310 Σαῦλος
2885 2244 2942 2303 δὶ
3005 2247 3221 2323 μᾶλλον
3280 2248 3676 2323 ἐνεδυναμοῦτο
3731 2253 3841 2307 καὶ

2171 2358 2195 2389 ι
2231 2337 2495 2415 συνέχυνε
2564 2335 2694 2399 τοὺς
2782 2335 3079 2400 Ἰουδαίους
3134 2337 3262 2401 τοὺς
3317 2344 3706 2403 κατοικοῦντας
3762 2337 3832 2396 ἓν

2172 2451 2193 2477 ι
2229 2430 2521 2500 Δαμασκῷ.
2557 2420 2910 2497 συμϐιϐάζων
2971 2426 3054 2483 ὅτι
3110 2428 3268 2490 οὗτός
3332 2429 3416 2485 ἐστ
3431 2451 3475 2484 ιν
3501 2430 3530 2484 6
3562 2430 3834 2504 Χριστός.

2167 2520 2312 2577 «Ὡς
2371 2512 2428 2570 δὲ
2485 2513 2829 2590 ἐπληροῦντο
2888 2516 3092 2592 ἡμέραι
3170 2518 3353 2574 ἱκαναὶ
3389 2566 3403 2586 ,
3465 2515 3846 2576 συνεϐουλεύ-

2169 2629 2192 2657 ι
2228 2625 2389 2662 σαντο
2421 2605 2472 2661 οἱ
2505 2603 2760 2662 Ἰουδαῖοι
2821 2605 3032 2662 ἀνελεῖν
3094 2607 3273 2664 αὐτόν.
3344 2610 3622 2686 Ἐγνώσθη
3658 2607 3715 2666 δὲ
3744 2630 3841 2685 τῳ

2165 2718 2194 2747 ‹‹
2229 2693 2428 2767 Σαύλῳ
2457 2696 2491 2765 ἡ
2527 2690 2797 2766 ἐπιϐουλή
2831 2696 3028 2753 αὐτῶν.
3074 2700 3422 2775 Παρετήρουν
3479 2720 3540 2754 τε
3592 2699 3689 2760 τὰς
3718 2702 3838 2756 πό-

2165 2807 2195 2836 ‹‹
2224 2780 2322 2845 λας
2352 2782 2563 2858 ἡμέρας
2602 2805 2660 2839 τε
2699 2784 2789 2840 καὶ
2848 2787 3061 2856 νυκτὸς,
3125 2786 3276 2850 ὅπως
3335 2788 3495 2844 αὐτὸν
3561 2787 3833 2850 ἀνέλωσι.

2166 2897 2195 2925 ‹‹
2230 2867 2501 2938 Λαϐόντες
2531 2871 2588 2929 δὲ
2619 2873 2777 2930 αὐτὸν
2809 2877 2859 2930 οἱ
2895 2876 3135 2952 μαθηταὶ
3177 2878 3391 2949 νυκτὸς,
3430 2885 3674 2951 καθῆκαν
3733 2877 3836 2936 διὰ

2165 2989 2193 3017 ‹‹
2216 2968 2313 3020 τοῦ
2344 2964 2585 3041 τείχους,
2621 2967 2960 3042 χαλάσαντες
2994 2967 3045 3024 ἐν
3080 2967 3323 3046 σπυρίδι.
3360 2994 3388 3023 ››

2236 3073 2598 3149 «Ἑκήρυσσε
2651 3075 2742 3130 τὸν
2811 3076 3038 3151 Χριστὸν
3098 3074 3151 3131 ἐν
3212 3082 3331 3140 ταῖς
3385 3085 3753 3155 συναγωγαῖς.
3794 3104 3831 3132 κ

2160 3163 2289 3219 ’Ἄτε
2317 3166 2644 3237 νομομαθὴς
2676 3163 3138 3241 ὥνηέπεστόμιζεν
3195 3167 3417 3241 αὑτοὺς,
3476 3169 3564 3224 καὶ
3600 3167 3699 3223 οὐκ
3730 3168 3828 3225 εἷά.

396 3260 630 3317 sinebat
676 3259 859 3332 loqui,
902 3260 1003 3314 sed
1036 3276 1070 3315 a
1100 3258 1419 3330 Scripturis
1449 3258 1814 3315 contrarium
1846 3264 2049 3314 osten-

2171 3250 2498 3329 ιρθὲγγεσθαι,
2534 3251 2660 3309 ἀλλ’
2686 3253 2792 3310 ἀπὸ
2844 3259 2952 3311 τῶν
3007 3261 3234 3333 Γραφῶν
3287 3254 3543 3314 ἐδείκνυε.
3602 3282 3629 3309 ‹‹
3664 3264 3828 3332 Συμ-

394 3347 590 3403 debat.
615 3370 644 3398 «
671 3347 1066 3415 Conﬁrmans,
1092 3370 1120 3397 »
1152 3347 1263 3401 hoc
1287 3353 1395 3417 est,
1419 3364 1553 3402 cum
1588 3348 2046 3404 mansuetudine

393 3437 614 3494 docens
643 3438 845 3493 Jesum
877 3454 1005 3493 esse
1063 3436 1363 3491 Christum
1424 3437 1527 3491 Dei
1586 3435 1821 3490 Filium.
1856 3439 1929 3491 At
1959 3437 2045 3493 illi

390 3527 831 3584 insidiabantur
859 3533 925 3582 ut
950 3528 1147 3598 ipsum
1178 3525 1556 3582 occiderent:
1589 3542 1791 3581 verum
1822 3543 1856 3582 a
1876 3543 2047 3583 muro

391 3634 499 3691 per
524 3617 847 3689 discipulos
888 3615 1185 3672 demissus
1243 3621 1333 3671 est
1380 3616 1441 3670 in
1510 3621 1732 3687 sporta,
1787 3632 1854 3671 ac
1910 3616 2048 3690 fuga

393 3714 659 3763 servatus
693 3712 802 3762 est.
836 3706 1157 3762 Considera
1189 3705 1347 3777 quod
1374 3707 1498 3775 jam
1536 3705 1862 3777 discipulos
1901 3723 2045 3777 quo-

395 3814 513 3868 que
544 3804 755 3854 nactus
786 3802 932 3865 erat,
965 3796 1111 3852 adeo
1145 3803 1301 3851 totus
1331 3795 1578 3851 ardebat
1633 3813 1701 3851 ac
1758 3797 2046 3868 praedica-

396 3888 558 3943 tione
592 3887 1256 3960 perﬁciebaturzatque
1316 3904 1382 3941 eo
1438 3887 1565 3958 ipso
1612 3887 1771 3957 quod
1818 3887 2044 3943 tardius

393 3977 765 4045 accessisset,
798 3977 1130 4049 promptior
1160 3976 1552 4031 efﬁciebatur.
1602 3976 1671 4029 Et
1698 3992 2043 4046 quanquam

393 4066 534 4120 hinc
565 4066 819 4138 migrare
873 4071 1136 4136 cuperet,
1167 4070 1428 4120 attamen
1460 4064 1771 4119 hominum
1806 4081 2043 4135 quoque

389 4153 647 4209 salutem
678 4153 919 4209 amabat
950 4170 962 4207 :
995 4158 1240 4224 propter
1268 4151 1428 4223 quod
1472 4152 1652 4207 etiam
1698 4152 2045 4223 frequenter

386 4242 734 4314 hujusmodi
793 4240 1407 4309 comminiscebatur,
1482 4257 1719 4296 servans
1778 4241 2040 4312 seipsum

384 4330 828 4404 praedicationi;
863 4346 974 4385 nec
1002 4329 1319 4386 recusabat
1338 4329 1618 4385 humanis
1643 4330 1731 4385 uti
1762 4330 2036 4396 inventis,

352 4468 359 4479 ,
383 4419 486 4476 ubi
514 4421 800 4492 temporis
822 4420 1055 4476 occasio
1086 4426 1407 4491 expeteret.

453 4528 547 4599 IX,
577 4531 750 4585 26~28
805 4554 831 4581 «
866 4531 1010 4585 Cum
1040 4536 1240 4586 autem
1289 4529 1502 4587 Saulus
1559 4531 1818 4586 venisset
1842 4531 2028 4586 Jeru-

2164 3335 2429 3415 ϐιϐἀζων,
2464 3368 2493 3395 ››
2550 3346 2820 3416 τουτέστι,
2882 3346 2998 3419 μετ’
3049 3345 3343 3409 ἐπιεικείας
3375 3343 3671 3418 διδάσκων,
3731 3349 3827 3405 δτι

2163 3430 2373 3501 Ἰησοῦς
2407 3432 2548 3487 ἐστιν
2582 3434 2610 3488 6
2638 3434 2873 3509 Χριστὸς
2906 3436 2933 3489 6
2965 3435 3091 3498 Υἱὸς
3147 3441 3246 3491 τοῦ
3312 3441 3440 3496 Θοῦ.
3484 3439 3552 3495 Ο¹ι
3612 3434 3670 3492 δὲ
3717 3436 3826 3493 ἐπ-

2162 3514 2451 3577 εϐούλευον
2482 3521 2621 3577 ὣστε
2650 3522 2860 3579 ἀνελεῖν
2904 3520 3085 3579 αὐτόν·
3120 3526 3149 3580 6
3180 3523 3236 3580 δὲ
3265 3524 3371 3581 ἀπὸ
3437 3531 3536 3582 τοῦ
3593 3526 3828 3607 τείχους

2161 3607 2214 3664 ἐν
2244 3608 2461 3685 σπυρίδι
2497 3610 2737 3688 ἐχαλᾶτο
2768 3608 2857 3667 διὰ
2885 3618 2994 3668 τῶν
3047 3616 3325 3689 μαθητῶν,
3374 3615 3477 3671 ικαὶ
3527 3613 3827 3686 διεσώζετο

2161 3703 2352 3779 φυγάς·
2386 3702 2587 3758 Σκόπει
2620 3702 2703 3758 ὅτι
2730 3701 2839 3774 ἤδη
2881 3706 2970 3759 καὶ
3025 3708 3270 3779 μαθητάς
3328 3706 3398 3776 ἦν
3449 3706 3825 3782 κτησάμενος,

2159 3791 2334 3855 οὕτως
2367 3792 2514 3854 ὅλως
2546 3792 2752 3848 ἐκαίετο
2797 3795 2887 3849 καὶ
2945 3794 3308 3871 ἐπεπλήρωτο
3364 3800 3463 3852 τοῦ
3520 3796 3825 3875 κηρύγμα-

2155 3903 2276 3953 τος,
2335 3883 2426 3938 καί
2482 3884 2545 3937 τὸ
2607 3881 2937 3958 βραδύτερον
2998 3886 3163 3941 αὐτὸν
3224 3884 3545 3961 προσελθεῖν
3605 3889 3818 3963 προθυ-

2159 3973 2387 4048 μότερον
2418 3971 2612 4029 ἐποίει.
2671 3971 2738 4028 lii
2790 3974 2891 4050 γὰρ
2950 3976 3041 4031 καὶ
3102 3975 3358 4049 ἐπεθύμει
3412 3979 3510 4046 τῆς
3568 3976 3817 4041 ἐντεῦθεν

2153 4059 2491 4135 ἀποδημίας,
2543 4061 2670 4119 ἀλλ’
2708 4063 2861 4137 ὅμως
2917 4066 3008 4120 καὶ
3072 4073 3171 4136 τῆς
3222 4071 3329 4122 τῶν
3379 4067 3677 4143 ἀνθρώπων
3699 4064 3819 4142 ἤρα

2155 4152 2446 4226 σωτηρίης·
2508 4150 2577 4207 δι’
2621 4153 2649 4208 ὃ
2706 4154 2797 4208 καὶ
2849 4154 3123 4220 πολλάκις
3175 4161 3403 4212 τοιαῦτα
3460 4155 3813 4232 ἐμηχανᾶτο,

2150 4242 2336 4317 τηρῶν
2364 4242 2552 4297 ἑαυτὸν
2600 4248 2679 4316 τῷ
2733 4244 3068 4321 κηρύγματι·
3128 4246 3216 4301 καὶ
3259 4248 3322 4301 οὐ
3382 4251 3684 4323 παρῃτεῖτο
3716 4248 3815 4303 καὶ

2152 4329 2515 4407 ἀνθρωπίνοις
2543 4334 2855 4409 χρήσασθαι
2907 4337 3327 4413 μηχανήμασιν,
3384 4337 3546 4407 ἡνίκα
3604 4335 3818 4411 ἀπῄτει

2149 4420 2360 4496 καιρός.
2806 4420 2815 4426 ’

2223 4550 2248 4580 α
2284 4529 2723 4604 Παραγενόμενος
2805 4527 2863 4585 δὲ
2945 4532 2973 4586 ὁ
3032 4531 3249 4595 Σαῦλος
3306 4531 3357 4588 ἐν
3415 4532 3809 4609 Ἰερουσαλὴμ,

380 4644 408 4671 ‹‹
436 4621 643 4687 salem,
670 4621 937 4677 tentabat
958 4638 1019 4676 se
1036 4620 1131 4692 adj
1145 4637 1361 4693 ungere
1383 4620 1693 4692 discipulis
1714 4638 1725 4675 :
1748 4626 1807 4676 et
1827 4637 2036 4676 omnes

2207 4617 2459 4694 ἐπειρᾶτο
2539 4618 2811 4677 κολλᾰσαι
2902 4628 3017 4686 τοῖς
3107 4625 3396 4697 μαθηταῖς·
3456 4625 3546 4680 καὶ
3602 4625 3809 4688 πάντες

377 4732 406 4762 ‹‹
437 4711 611 4767 illum
644 4711 952 4778 timebant,
986 4728 1106 4766 non
1137 4710 1448 4766 credentes
1475 4710 1630 4782 quod
1665 4718 1823 4766 esset
1851 4710 2027 4766 disci-

2200 4704 2498 4784 ἐφοϐοῦντο
2529 4710 2714 4777 αὐτὸν,
2769 4713 2844 4783 μή
2905 4712 3247 4776 πιστεύοντες
3306 4713 3388 4769 ὅτι
3445 4713 3555 4769 ἐστὶ
3618 4717 3813 4789 μαθη-

373 4821 402 4851 ‹‹
433 4802 629 4872 pulus.
667 4802 963 4858 Barnabas
995 4818 1129 4856 vero
1161 4801 1599 4873 apprehensum
1643 4801 1816 4857 illum
1863 4801 2031 4857 duxit

2200 4800 2318 4869 τῆς.
2354 4794 2632 4873 Βαρνάϐας
2676 4797 2734 4855 δὲ
2782 4796 3185 4876 ἐπιλαϐόμενος
3237 4803 3419 4869 αὐτὸν,
3452 4801 3626 4882 ἤγαγε
3656 4808 3802 4879 πρὸς

372 4913 400 4941 ‹‹
424 4892 499 4946 ad
528 4895 850 4963 apostolos,
902 4892 1280 4963 narravitque
1309 4893 1455 4964 ipsis
1486 4893 1784 4963 quomodo
1820 4893 1883 4947 in
1936 4893 2027 4949 via

2194 4892 2321 4953 τοὺς
2351 4891 2714 4961 ἀποστόλους,
2768 4895 2858 4950 καὶ
2917 4893 3218 4971 διηγήσατο
3278 4897 3464 4960 αὐτοῖς
3494 4902 3612 4960 πῶς
3643 4896 3694 4952 ἐν
3723 4902 3798 4973 τῇ

372 5000 397 5033 α
433 4980 675 5037 vidisset
704 4983 1025 5037 Dominum
1056 4982 1155 5038 89
1190 4987 1249 5036 et
1283 4982 1442 5053 quod
1474 4982 1708 5037 locutus
1739 4987 1895 5037 esset
1925 4983 1976 5038 ei
2009 4998 2022 5036 :

2193 4979 2306 5054 ὁδῷ
2336 4979 2445 5037 εἶδε
2474 4982 2565 5037 τὸν
2601 4982 2825 5058 Κύριον,
2878 4986 2970 5040 καὶ
3028 4986 3112 5041 ὅτι
3173 4986 3443 5057 ἐλάλησεν
3500 4986 3667 5061 αὐτῷ·
3699 4989 3797 5043 καὶ

373 5090 395 5121 ι
433 5075 492 5123 et
520 5071 816 5140 quomodo
847 5071 1110 5126 Damasci
1145 5076 1384 5127 strenue
1407 5088 1469 5127 se
1515 5072 1796 5143 gessisset
1818 5072 1882 5127 in
1913 5089 2022 5127 no-

2193 5074 2310 5132 πῶς
2367 5069 2421 5126 ἐν
2481 5079 2741 5145 Δαμασκη
2803 5073 3247 5152 ἐπαρρησιάσατο
3307 5074 3358 5131 ἐν
3420 5081 3499 5150 τῷ
3561 5076 3797 5151 ὀνόματι

366 5180 392 5209 ιι
422 5160 586 5213 mine
615 5161 773 5216 Jesu.
798 5162 1054 5231 Eratque
1093 5177 1227 5216 cum
1262 5160 1408 5231 ipsis
1464 5162 1695 5216 intrans
1728 5167 1787 5217 et
1817 5161 2019 5217 exiens

2195 5164 2292 5215 τοῦ
2325 5161 2527 5232 Ἰησοῦ,
2563 5161 2667 5219 Καὶ
2709 5163 2775 5232 ἦν
2814 5165 2931 5237 μετ’
2964 5165 3141 5220 αὐτῶν
3198 5165 3656 5242 εἰσπορευόμενος
3716 5167 3802 5232 εἷς

362 5268 392 5298 ‹‹
425 5248 833 5320 Jerosolymis,
866 5266 935 5304 ac
967 5266 1103 5305 cum
1134 5249 1355 5305 ﬁducia
1386 5249 1639 5321 loquens
1678 5250 1741 5305 in
1774 5251 2018 5306 nomine

2190 5248 2574 5323 Ἰερουσαλὴμ,
2606 5250 2696 5306 καὶ
2749 5249 3261 5331 παρρησιαζόμενος
3318 5253 3373 5311 ἐν
3428 5260 3509 5329 τῷ
3563 5256 3797 5330 ὀνόματι

364 5358 393 5388 ιι
432 5337 667 5393 Domini
699 5339 857 5394 Jesu.
890 5358 917 5389 ι

2185 5344 2283 5396 τοῦ
2318 5342 2519 5416 Κυρίου
2550 5343 2756 5411 Ἰησοῦ,
2794 5368 2822 5394 n
3754 5392 3764 5399 ,

433 5429 621 5503 Digna
650 5432 747 5487 hic
780 5432 1084 5487 suboritur
1118 5431 1406 5488 dubitatio
1449 5432 1743 5504 quomodo
1793 5432 1854 5487 in
1880 5434 2018 5505 Epi-

2195 5432 2382 5502 ’Άξιον
2430 5431 2657 5495 ἐνταῦθα
2716 5430 3070 5509 διαπορῆσαι,
3105 5440 3224 5499 πῶς
3255 5435 3307 5491 ἐν
3378 5436 3475 5506 μὶν
3532 5439 3600 5510 τῇ
3647 5434 3795 5509 πρὸς

342 5519 509 5577 'stola
535 5520 608 5577 ad
635 5521 870 5578 Galatas
902 5522 1063 5577 dicat
1091 5523 1249 5594 quod
1281 5539 1402 5579 non
1459 5521 1673 5578 abierit
1720 5522 2014 5595 Jerosoly-

2171 5517 2371 5581 αλατας
2403 5519 2588 5598 φησὶν,
2640 5520 2723 5576 ὅτι
2785 5520 2901 5579 Οὐκ
2958 5521 3212 5593 ἀπῆλθον
3271 5524 3345 5587 εἷς
3404 5521 3765 5599 Ἰεροσόλυμα

354 5622 542 5680 mam,
575 5611 679 5669 sed
710 5612 773 5669 in
803 5612 1107 5684 Arabiam,
1136 5618 1195 5669 et
1239 5629 1481 5670 rursum
1539 5613 2015 5683 Damascum,‘ac

2171 5607 2246 5665 λλ¹
2276 5608 2352 5672 εἰς
2386 5603 2645 5683 ’Λραϐίαν
2674 5612 2762 5667 καὶ
2820 5614 3132 5686 Δαμασκὸν,
3162 5613 3254 5670 καὶ
3313 5614 3449 5689 μετὰ
3502 5612 3630 5687 τρία
3683 5607 3785 5685 ἔτη

350 5707 488 5774 post
515 5707 637 5762 tres
669 5719 860 5762 annos
909 5702 1338 5777 Jerosolymam
1369 5708 1435 5760 ut
1492 5701 1720 5760 videret
1748 5705 2008 5773 Petrum,

2173 5720 2197 5761 ς
2251 5698 2612 5777 Ἰεροσόλυμα
2647 5744 2662 5774 ,
2714 5701 2808 5757 καὶ
2885 5702 3172 5780 ἱστορῆσαι
3257 5702 3465 5781 Πέτρον
3541 5703 3632 5759 καὶ
3690 5701 3793 5761 ὅτι
