4112 6438
314 331 455 425 ,ιη

1340 330 1743 392 COMMENT.
1798 329 1870 389 IN
1919 325 2129 390 AGTA
2172 324 2777 409 APOSTOLORUM.

3660 334 3773 400 174

330 461 528 541 «tam
553 466 664 543 τιῖιν
694 461 1031 520 ἀποστόλων
1065 460 1234 519 εἶδον.
1274 464 1558 539 Ἐνταῦθα⁴
1609 460 1667 517 δὲ
1694 459 2000 518 τούναντίον

2119 459 2397 534 quodque
2418 458 2652 516 nullum
2675 464 3026 519 cmterorum
3044 462 3259 521 viderit
3281 467 3690 539 apostolorum
3704 471 3774 527 ⁸⁸.

331 552 526 633 φητὶν,
558 550 760 629 ἤγαγεν
815 551 984 609 αὐτὸν
1043 553 1185 630 πρὸς
1235 552 1366 614 τοὺς
1425 549 1767 631 ἀποστόλους
1801 551 1828 606 6
1865 552 2009 625 Βαρ-

334 641 529 706 νάϐας.
562 646 631 701 ’Β
662 644 842 700 τοίνυν
880 644 1052 700 τοῦτὸ
1107 665 1271 717 φησιν
1334 642 1383 699 ἒν
1440 647 1510 719 τῇ
1565 643 1703 718 πρὸς
1765 638 2007 703 Γαλάτας

337 732 671 809 Ἐπιστολῇ,
705 732 791 788 ὅτι
822 732 925 790 οὐκ
978 732 1245 806 ἀπῆλθεν,
1307 732 1447 790 ὥστε
1505 730 1806 797 ἀναθέσθαι.
1864 729 2008 799 Φησὶ

330 824 466 901 γὰρ,
498 823 690 881 δτιυὺ
720 821 1154 898 προσανεθέμην,
1208 820 1341 878 οὐδὲ
1396 820 1645 891 ἀπῆλθον
1704 821 1782 883 εἰς
1840 821 2005 895 Ἰερο-

331 912 585 986 σόλυμα.
614 914 687 969 Ἥ
714 912 762 969 εἰ
798 914 875 987 μή
905 917 1093 984 τοῦτο,
1131 910 1302 982 δῆλον
1331 912 1418 968 ὅτι
1449 914 1485 982 ἡ
1546 906 1824 979 ἐπιϐουλὴ
1882 911 1918 979 ἡ
1953 908 2007 964 ἐν

327 1007 618 1077 Δαμασκῷ
678 1003 781 1059 οὐκ
848 1003 1048 1064 εὐθέως
1116 1002 1251 1077 μετὰ
1304 1002 1367 1057 τὸ
1427 1005 1710 1057 πιστεῦσαι
1767 1000 2006 1075 γέγονεν,

324 1091 486 1149 ἀλλά
518 1092 661 1166 μετὰ
683 1093 748 1147 τὸ
779 1090 957 1157 ἐλθεῖν
1019 1092 1181 1148 αὐτὸν
1235 1091 1341 1147 ἀπὸ
1401 1086 1657 1167 Ἀραϐίας
1720 1089 1858 1162 μετὰ
1903 1082 2000 1159 ἔτη

319 1185 478 1259 τρία,
513 1186 585 1241 Ἥ
618 1184 667 1239 εἰ
692 1184 770 1256 μὴ
802 1188 962 1240 τοῦτο
994 1182 1186 1253 πάλιν,
1243 1181 1409 1245 αὐτὸς
1468 1182 1564 1256 μὲν
1628 1180 1729 1236 οὐκ
1784 1177 2003 1249 ἀπῆλθε

320 1274 467 1349 πρὸς
492 1275 627 1337 τοὺς
662 1271 1037 1343 ἀποστόλους,
1070 1272 1218 1328 ἀλλᾶ
1264 1275 1382 1333 τοῖς
1417 1274 1690 1345 μαθηταῖς
1746 1267 2002 1337 ἐπειρᾶτο

320 1362 671 1431 κολλᾶσθαι,
708 1365 1031 1438 μετριάζων,
1067 1359 1103 1417 ἅ
1155 1383 1214 1418 τε
1271 1358 1601 1423 διδάσκαλος
1658 1365 1732 1415 ὧν
1790 1358 1881 1414 καὶ
1938 1358 2004 1413 οὐ

331 1456 624 1528 μαθητής.
660 1448 942 1529 Βαρνάϐας
964 1449 1023 1507 δὲ
1053 1451 1213 1508 αὐτὸν
1241 1452 1331 1507 καὶ
1390 1451 1529 1526 πρὸς
1583 1449 1710 1512 τοὺς
1764 1447 2003 1504 ἀποστό-

330 1542 474 1605 λους
506 1543 648 1620 ἄγει,
680 1543 773 1598 καὶ
806 1540 1076 1618 διηγεῖται
1130 1541 1222 1597 ἁτε
1279 1537 1417 1596 εἶδεν
1471 1541 1505 1595 ’ὰ
1554 1561 1613 1595 τε
1670 1537 2003 1616 ἐπαῤῥησιά-

346 1656 499 1693 uno.
534 1634 632 1689 Διά
658 1636 826 1688 τοῦτο
858 1630 1130 1702 ἀπῆλθον,
1186 1632 1370 1711 φησὶν,
1398 1631 1487 1686 ἳνα
1518 1633 1654 1708 πρὸς
1707 1629 1837 1691 τοὺς
1898 1627 2005 1703 πρὸ

344 1724 487 1797 ἐμοῦ
541 1720 881 1784 ἀποστόλους
939 1719 1183 1786 ἀπέλθω·
1245 1718 1398 1777 οὐδὲν
1449 1724 1581 1796 γοῦν
1640 1720 1769 1795 παρ’
1825 1716 2003 1773 αὐτῶν

2120 549 2224 605 Hic
2255 556 2453 606 autem
2484 551 2569 606 ait
2589 551 2977 611 contrarium.
3009 554 3168 625 quod
3198 555 3434 612 duxerit
3462 574 3599 615 eum
3636 560 3777 617 Bar-

2117 639 2304 696 nabas
2330 640 2404 695 ad
2435 640 2759 711 apostolos.
2791 643 2908 696 Aut
2937 642 3117 715 igitur
3173 644 3285 701 hoc
3342 647 3487 703 dicit
3543 649 3604 706 in
3635 650 3774 723 Epi-

2120 734 2272 789 stola
2302 733 2374 789 ad
2396 735 2652 795 Galatas.
2679 735 2836 806 quod
2861 753 2981 791 non
3013 736 3160 792 abiit
3184 745 3250 795 ut
3277 740 3351 795 ad
3372 756 3473 796 eos
3504 742 3775 800 referret.

2118 823 2217 878 Ait
2244 824 2404 878 enim
2436 822 2691 879 ibidem:
2726 825 2853 879 Non
2882 827 3108 881 contuli
3133 844 3226 883 me
3247 845 3443 901 neque
3472 831 3588 887 abii
3609 833 3772 888 Jero-

2119 913 2409 983 solymam
2440 929 2454 980 ;
2487 918 2589 968 aut
2619 913 2666 967 si
2698 913 2810 969 hoc
2837 931 2959 969 non
2999 915 3195 987 placet
3249 919 3633 977 manifestum
3682 927 3773 978 est

2122 1004 2279 1075 quod
2310 1004 2543 1059 insidiae
2567 1021 2699 1075 quae
2734 1006 3001 1062 Damasci
3034 1008 3418 1079 parabantur,
3443 1028 3566 1068 non
3589 1014 3776 1069 conti-

2118 1108 2237 1147 nuo
2271 1092 2438 1147 factae
2473 1099 2613 1148 sunt
2635 1092 2735 1147 ubi
2790 1094 2893 1149 ille
2950 1096 3324 1167 credidisset,
3384 1100 3489 1155 sed
3540 1117 3675 1157 cum
3697 1102 3771 1158 ab

2117 1181 2336 1238 Arabia
2364 1188 2501 1254 post
2530 1199 2722 1238 annos
2752 1189 2873 1239 tres
2902 1185 3198 1244 rediisset.
3234 1190 3611 1262 Rursumque
3641 1191 3690 1247 si
3712 1191 3773 1248 id

2115 1288 2238 1329 non
2271 1272 2639 1344 placet,ipsa
2670 1273 2913 1344 quidem
2948 1291 3067 1331 non
3127 1277 3275 1333 abiit
3318 1278 3395 1334 ad
3447 1280 3773 1352 apostolos.

2117 1362 2221 1417 sed
2252 1361 2563 1433 discipulis
2593 1362 2728 1418 aliis
2761 1364 3028 1420 tentabat
3048 1382 3111 1422 se
3132 1366 3482 1441 adjungere,
3508 1368 3776 1426 modeste

2117 1450 2190 1506 de
2221 1469 2283 1506 se
2315 1451 2601 1520 sentiens,
2635 1468 2770 1507 cum
2805 1459 3003 1508 tamen
3034 1464 3367 1527 praeceptor
3389 1464 3548 1515 esset
3567 1465 3627 1515 et
3656 1474 3779 1515 non

2116 1539 2466 1611 discipulus.
2495 1540 2793 1595 Barnabas
2826 1557 2961 1596 vero
2992 1542 3188 1613 ipsum
3210 1544 3391 1600 etiam
3423 1545 3498 1601 ad
3540 1551 3778 1619 aposto-

2114 1630 2206 1686 los
2237 1630 2421 1694 ducit,
2455 1635 2779 1702 narratque
2810 1636 2869 1686 et
2899 1648 3031 1704 qum
3063 1633 3277 1690 viderit
3315 1640 3375 1690 et
3407 1653 3539 1708 qua)
3576 1636 3777 1709 palam

2114 1719 2349 1775 locutus
2379 1719 2473 1775 sit.
2512 1721 2760 1791 Propter
2790 1720 2923 1786 hoc,
2958 1720 3173 1793 inquit,
3205 1724 3508 1795 profectus
3530 1741 3684 1795 sum,
3706 1731 3776 1781 ut

346 1809 661 1889 ἔμαθον.⁹Η
691 1813 900 1882 ταύτην
949 1814 1052 1882 τήν
1108 1809 1299 1868 ἄνοδον
1359 1806 1612 1885 λάμϐανε
1666 1809 1806 1867 ὥστε
1859 1809 2000 1865 εἶναι

2118 1809 2188 1866 ad
2222 1826 2324 1866 eos
2354 1809 2457 1881 qui
2488 1815 2627 1867 ante
2646 1826 2744 1867 me
2765 1810 3003 1867 fuerant
3020 1814 3277 1885 apostoli
3299 1816 3584 1873 venirem.
3612 1816 3773 1873 Nihil

344 1907 545 1975 οὕτως,
603 1906 686 1958 ὅτι
744 1902 992 1973 ἀπῆλθεν
1053 1902 1128 1964 είς
1186 1896 1463 1976 Ἀραϐίαν,
1525 1903 1642 1957 εἶτα
1697 1898 1866 1969 ἦλθεν
1922 1898 2000 1962 εἷς

336 1995 653 2069 Δαμασκὸν,
715 1993 832 2049 εἶτα
892 1991 969 2055 εἲς
1025 1990 1403 2066 Ἰεροσόλυμα,
1465 1990 1579 2046 εἶτα
1637 1990 1713 2051 εἰς
1776 1988 1997 2064 Συρίαν.

326 2086 405 2143 Ἦ
434 2084 480 2140 εξ
517 2086 596 2157 μή
629 2087 801 2139 τοῦτο
858 2080 1053 2149 πάλιν,
1088 2081 1174 2137 ὅτι
1203 2082 1355 2145 αὖθις
1409 2078 1640 2150 ἀνῆλθεν
1700 2079 1775 2141 εἰς
1835 2080 1999 2153 Ἰερο-

326 2174 562 2247 σόλυμα
596 2219 612 2242 ,
673 2174 789 2228 εἶτα
876 2172 952 2235 εἷς
1015 2172 1299 2244 Δαμασκὸν
1356 2168 1688 2247 ἐξεπέμφθη,
1749 2174 1866 2224 εἶτα
1921 2168 1997 2230 εἷς

323 2259 629 2339 Ἀραϐίαα,
662 2265 780 2319 εἶτα
826 2262 905 2324 εἷς
963 2261 1250 2335 Δαμασκὸν
1305 2257 1499 2333 πάλιν,
1562 2258 1674 2314 εἶτα
1731 2258 1807 2321 εἰς
1862 2262 1998 2317 Και-

329 2354 581 2429 σάρειαν.
646 2350 749 2409 Καὶ
826 2352 951 2406 τότε
1037 2349 1126 2405 διὰ
1183 2348 1587 2425 δεκατεσσάρων
1642 2347 1774 2404 ἐτῶν
1832 2342 1995 2417 ἀνέϐη

329 2441 507 2499 πάλιν
541 2443 621 2505 εἰς
652 2439 1035 2517 Ἰεροσόλυμα,
1079 2438 1211 2503 ἴσως
1262 2438 1352 2495 ὅτε
1397 2440 1524 2500 τοὺς
1574 2436 1848 2512 ἀδελφοὺς
1904 2439 1998 2493 ἀν-

328 2534 518 2610 ήγαγε
555 2531 696 2605 μετά
718 2525 986 2605 Βαρνάϐα.
1017 2530 1089 2587 ’Ἠ
1142 2528 1187 2583 εἰ
1241 2529 1317 2602 μή
1369 2531 1555 2595 τοῦτο,
1612 2522 1793 2603 ἕτερον
1845 2524 1998 2604 λέγει

321 2619 549 2697 καιρόν.
584 2622 697 2678 Καὶ
741 2620 847 2694 γὰρ
907 2621 936 2674 ὁ
984 2618 1403 2697 ἱστοριογράφος
1457 2614 1646 2672 πολλᾶ
1697 2614 1998 2689 ἐπιτέμνει,

320 2712 421 2767 καῖ
450 2707 713 2771 πολλοὺς
736 2709 953 2782 συνάγει
1008 2706 1253 2783 καιροὺς.
1287 2711 1446 2761 Δοκεῖ
1502 2702 1561 2761 δὲ
1606 2725 1701 2779 μοι
1730 2705 1759 2760 6
1791 2702 1999 2781 Βαρνά-

321 2797 426 2867 ϐας
515 2797 725 2856 ἄνωθεν
787 2799 933 2871 αὖτῷ
1007 2798 1141 2853 εἶναι
1199 2793 1381 2877 φίλος.
1448 2797 1549 2853 Ἠν
1605 2792 1663 2850 δὲ
1713 2793 1997 2871 ἅνθρωπος

328 2890 588 2960 ἐπιεικὴς
621 2889 715 2944 καὶ
747 2887 992 2963 χρηστὸς
1024 2882 1250 2963 συρόδρα·
1286 2882 1371 2941 διὸ
1399 2886 1489 2940 καὶ
1542 2884 1661 2946 υἱὸς
1709 2882 2000 2960 παρακλή-

324 3002 465 3043 σεως
554 2979 899 3058 φερωνύμως
981 2974 1226 3053 ἐλέγετο·
1311 2976 1432 3031 ὅθεν
1517 2974 1606 3030 καὶ
1678 2973 1999 3051 εὐπρόσιτος

323 3074 519 3151 γέγονε
546 3074 632 3143 τῷ
661 3065 840 3145 ἀνδρί.

407 3276 433 3306 ι
463 3248 697 3308 Ἐλάλει
756 3267 816 3302 τε
894 3246 986 3301 καὶ
1040 3247 1317 3317 συνεζήτει
1367 3244 1507 3319 πρὸς
1556 3244 1683 3307 τοὺς
1733 3240 1993 3315 Έλληνι·
2026 3194 2071 3262 C

325 3366 356 3394 ιι
390 3339 521 3402 στάς
556 3340 611 3395 οἱ
664 3334 724 3393 δὲ
781 3335 1103 3412 ἐπεχείρουν
1150 3334 1309 3391 αὐτὸν
1358 3333 1588 3389 ἀνελεῖν.
1658 3333 1998 3406 Ἐπιγνόντες

325 3451 360 3486 ι
391 3426 452 3485 δὲ
478 3430 538 3483 οἱ
594 3423 856 3506 ἀδελφοὶ,
907 3428 1223 3500 κατήγαγον
1284 3422 1445 3479 αὐτὸν
1503 3422 1579 3484 εἷς
1644 3421 1993 3498 Καισάρειαν,

324 3544 356 3574 σι
388 3520 485 3591 καὶ
516 3512 909 3587 ἐξαπέστειλαν
938 3512 1100 3570 αὑτὸν
1130 3513 1205 3577 εἰς
1234 3515 1469 3589 Ταρσόν.
1504 3537 1533 3564 ››

400 3605 773 3677 Ἑλληνιστάς
825 3626 961 3684 φησι
1018 3605 1151 3667 τοὺς
1197 3600 1523 3675 Ἑλληνιστὶ
1573 3604 1999 3681 φθεγγομένους,

343 3702 444 3756 καὶ
478 3699 677 3778 σοὸὃρα
703 3703 911 3775 σοφῶς.
944 3698 1012 3755 Οἱ
1043 3698 1148 3775 γὰρ
1178 3695 1368 3769 ἄλλοι,
1398 3696 1674 3752 τουτὲστιν
1704 3696 1757 3750 οἱ
1811 3696 1995 3771 βαθεῖς

350 3784 623 3864 Ἑϐραῖοι,
653 3788 763 3845 ώδέ
794 3785 929 3844 ἰδεῖν
964 3787 1127 3843 αὐτὸν
1156 3785 1457 3858 ἠθέλησαν.

418 3903 451 3931 ιτ
484 3879 554 3935 ΑΞ
584 3880 676 3951 μὲν
706 3880 807 3934 οὒκ
835 3874 1158 3948 Ἑκκλησίαι
1214 3877 1334 3933 καθ’
1382 3874 1519 3948 ὅλης
1569 3883 1672 3946 τῆς
1729 3872 1997 3938 Ἰουδαίας

333 3994 367 4023 α
394 3970 484 4024 καί
532 3968 833 4030 Γαλιλαίας
863 3968 954 4023 καὶ
989 3967 1299 4042 Σαμαρείας
1332 3965 1483 4041 εἶχον
1550 3965 1791 4042 εἰρήνην,
1847 3964 1996 4021 οἱκο·

319 4084 349 4115 α
398 4057 744 4132 δομο·3μεναι
826 4058 918 4112 καὶ
969 4056 1335 4132 πορευόμεναι
1387 4059 1468 4128 τῷ
1517 4050 1673 4135 φόϐῳ
1722 4059 1821 4110 τοῦ
1882 4061 1996 4109 Κυ-

322 4176 354 4203 α
394 4149 546 4224 ρίου,
597 4148 691 4203 καὶ
898 4142 1243 4221 παρακλήσει
1292 4148 1400 4200 ποῦ
1452 4146 1612 4223 ἁγίου
1676 4143 1994 4219 Πνεύματος

319 4265 351 4295 α
386 4236 797 4309 ἐπληθῦνοντο.
831 4262 853 4290 ι

396 4331 469 4387 Αἱ
534 4328 632 4401 μὶν
712 4325 804 4382 οὗν
896 4324 1241 4396 Ἐκκλησίαι.
1275 4347 1302 4378 ι
1389 4322 1599 4381 Μέλλει
1660 4322 1842 4402 Λὲγειν
1904 4324 1992 4381 ὅτι

321 4420 572 4474 κάτεισιν
607 4415 811 4480 ἰκεῖθεν
840 4416 868 4469 6
901 4417 1121 4488 ΙΙετροςο
1174 4412 1263 4469 ἳνα
1313 4414 1406 4469 οὗν
1471 4414 1547 4487 μὴ
1608 4407 1778 4493 φόϐον
1829 4417 1998 4469 τοῦτο

318 4509 594 4583 νομίσῃς,
658 4510 912 4580 προεῖπεν
963 4503 1048 4559 ὅτι
1078 4503 1304 4575 εἰρήνην
1336 4503 1497 4582 εἶχον
1553 4502 1609 4556 αἱ
1641 4498 1992 4572 Ἐκκλησίαι.

317 4598 458 4656 Ὀτε
494 4596 595 4670 μὶν
619 4594 727 4672 γάρ
775 4595 811 4663 ἡ
859 4594 1007 4667 ἀκμή
1057 4596 1157 4647 τοῦ
1214 4591 1465 4664 πολέμου
1523 4589 1608 4659 ἦν,
1643 4590 1696 4644 ἒν
1756 4592 1993 4663 Ἰεροσο-

316 4684 535 4759 λῦμοις
593 4676 867 4759 διέτριϐον
918 4682 973 4738 οἱ
1015 4679 1339 4737 ἀπόστολοι·
1387 4680 1478 4736 ὅτε
1535 4677 1593 4735 δὶ
1651 4678 1869 4755 εἰρήνη,
1899 4680 1991 4737 καὶ

314 4779 444 4839 τθῖς
477 4773 684 4837 ἄλλοις
711 4773 1029 4848 ἐκήρυττον.

963 4864 1223 4921 ΚΕΦΑΛ.
1269 4861 1366 4918 1Δ“.

326 4957 462 5023 Ηεοῖ
552 4954 717 5013 Λίνέα
803 4949 1180 5026 παραλυτικοῦ
1216 4949 1490 5026 ᾉίαθὲντος
1548 4946 1602 5003 ἐν
1663 4946 1863 5026 ΛξίδδϊὶΔ
1906 4946 1997 5005 διὰ

400 5018 629 5110 [lixae-.3.
666 5029 755 5086 Ἑν
885 5017 974 5079 ’τὰ
1028 5023 1153 5109 περὶ
1190 5017 1442 5110 ,Τὲϐηθὶ
1485 5026 1588 5110 τῆξ
1615 5017 1992 5110 ,φιλοχξήροιη

399 5101 488 5230 ἓν,
509 5090 745 5181 ’ἤγειρεν
798 5090 862 5156 ἔκ
916 5090 1124 5171 νεκρῶν
1183 5095 1212 5150 ὁ
1261 5090 1489 5170 Πέτρος,
1550 5090 1639 5148 διὰ
1663 5090 1993 5171 προξεῦχῆς

494 5176 714 5232 Ιώππη.

522 5198 714 5235 tum.

268 5285 282 5298 .
770 5261 859 5334 δε,
926 5259 1131 5349 Πέτρον
1183 5252 1545 5349 διερχόμενον
1603 5251 1692 5310 διὰ
1749 5255 1991 5326 πάντῶν,

312 5384 340 5415 κ
362 5344 642 5425 κατελθεῖν
664 5359 766 5418 καὶ
798 5351 954 5431 πρὸς
983 5346 1115 5409 τοὺς
1172 5345 1364 5423 ἀγίους
1419 5344 1548 5409 τοὺς
1604 5351 1992 5410 κατοικοῦντας

294 5458 526 5524 πλάδαν.
575 5457 731 5535 Εὗρε
799 5443 866 5503 δὲ
934 5438 1054 5496 ἐκεῖ
1108 5436 1392 5510 ἄνθρωπόν
1451 5456 1572 5491 τινα
1633 5435 1824 5493 Δῖνὲαν
1876 5437 1995 5492 ὀνό-

277 5584 305 5623 ι
325 5584 483 5644 Fam,
537 5556 601 5632 ἐξ
630 5524 796 5610 ίτῶν
866 5531 1033 5594 ὀκτὼ
1086 5529 1475 5605 κατακείμενον
1526 5525 1612 5585 ἐπὶ
1668 5524 1989 5606 κραϐϐάτῳ,

190 5835 211 5850 ⁸
298 5756 573 5826 aeaut,
616 5732 799 5816 ινιτ
836 5733 1014 5795 ερα-
1086 5824 1095 5832 Ι

2112 1899 2292 1973 igitur
2322 1898 2394 1954 ab
2428 1900 2513 1954 eis
2539 1899 2740 1956 didici.
2776 1901 2882 1956 Vel
2913 1902 3072 1958 hunc
3132 1903 3390 1961 reditum
3450 1906 3536 1961 sic
3566 1906 3768 1978 accipe

2109 1993 2176 2044 ut
2206 1989 2287 2044 ita
2316 1989 2393 2043 sit
2423 1988 2581 2059 quod
2615 1989 2830 2045 abierit
2860 1990 2920 2044 in
2952 1991 3253 2060 Arabiam,
3286 1994 3504 2050 deinde
3536 1995 3764 2051 venerit

2109 2081 2482 2147 Damascum,
2497 2077 2715 2132 deinde
2726 2078 3179 2151 Jerosolymam,
3198 2080 3415 2138 deinde
3433 2084 3493 2138 in
3508 2083 3759 2155 Syriam.

2109 2171 2225 2223 Aut
2254 2168 2301 2222 si
2329 2184 2439 2223 nec
2499 2167 2609 2222 hoc
2642 2168 2886 2239 quidem
2942 2170 3250 2237 satisfacit,
3302 2172 3460 2243 quod
3517 2190 3756 2230 rursum

2105 2257 2536 2329 Jerosolymam
2566 2256 2832 2325 redierit,
2865 2257 3083 2315 deinde
3125 2260 3473 2317 Damascum
3508 2262 3767 2318 emissus

2110 2346 2596 2418 sit,postmodum
2612 2346 2676 2401 in
2710 2346 3008 2415 Arabiam,
3032 2348 3246 2405 exinde
3269 2367 3509 2407 rursum
3526 2351 3765 2408 Damas-

2106 2453 2266 2500 cum,
2298 2442 2507 2508 postea
2526 2437 2852 2492 Caesaream
2876 2453 2890 2493 :
2914 2443 2973 2492 et
2994 2444 3135 2494 tunc
3156 2446 3293 2512 post
3309 2441 3764 2512 quatuordecim

2107 2543 2299 2584 annos
2352 2543 2558 2582 rursus
2656 2527 2929 2582 ascendit
2964 2602 2968 2605 _
3000 2529 3417 2603 Jerosolyma:
3492 2531 3767 2588 fortassis

2108 2616 2347 2691 quando
2379 2617 2591 2672 fratres
2620 2616 2868 2673 adduxit
2895 2634 3030 2674 cum
3056 2620 3343 2677 Barnaba.
3378 2621 3543 2687 Quod
3575 2622 3626 2678 si
3654 2622 3768 2678 hoc

2107 2724 2228 2764 non
2259 2712 2369 2775 est,
2401 2706 2564 2762 aliud
2597 2706 2744 2762 dicit
2768 2713 3024 2779 tempus.
3060 2709 3584 2783 Historiographus
3605 2711 3768 2768 enim

2107 2800 2297 2856 multa
2326 2799 2649 2864 abbreviat,
2684 2799 2990 2871 multaque
3022 2802 3322 2857 contrahit
3350 2807 3638 2875 tempora.
3670 2805 3766 2859 Vi-

2107 2891 2283 2947 detur
2309 2895 2509 2944 autem
2543 2888 2689 2944 mihi
2724 2890 3022 2946 Barnabas
3054 2891 3234 2947 etiam
3258 2898 3439 2949 antea
3465 2892 3651 2949 fuisse
3676 2893 3769 2949 illi

2108 2980 2356 3037 amicus.
2385 2981 2525 3033 Erat
2552 2979 2715 3033 enim
2767 2979 2942 3035 homo
2998 2980 3292 3053 benignus
3327 2987 3386 3038 et
3441 2982 3766 3039 admodum

2109 3068 2305 3126 suavis
2329 3085 2342 3123 :
2377 3068 2509 3124 ideo
2527 3083 2764 3139 quoque
2796 3068 2955 3123 illius
2972 3070 3404 3126 consolationis
3422 3086 3494 3126 ex
3514 3071 3765 3128 nomine

2109 3157 2419 3213 dicebatur
2438 3174 2458 3212 :
2485 3156 2646 3212 unde
2677 3163 2738 3212 et
2765 3173 3009 3213 accessu
3033 3157 3227 3214 facilis
3258 3158 3371 3215 fuit
3399 3160 3551 3217 viro.

2175 3248 2271 3317 IX,
2299 3251 2388 3315 29,
2414 3249 2501 3302 30.
2527 3268 2553 3296 ‹‹
2582 3246 3076 3319 Loquebaturque
3097 3253 3154 3303 et
3175 3247 3519 3320 disputabat
3550 3249 3763 3306 adver-

2105 3358 2134 3387 ‹‹
2170 3353 2271 3392 sus
2298 3338 2561 3392 Grmcos:
2595 3340 2656 3391 at
2696 3335 2786 3390 illi
2844 3336 3194 3393 nitebantur
3259 3337 3532 3395 occidere
3563 3338 3761 3395 illum.

2104 3447 2134 3476 ‹‹
2167 3425 2337 3491 Quod
2364 3424 2468 3481 ubi
2521 3424 2938 3498 cognovissent
2985 3425 3221 3492 fratres,
3252 3428 3357 3484 90
3387 3427 3768 3484 deduxerunt

2103 3537 2133 3567 α
2167 3531 2303 3571 eum
2334 3516 2664 3572 Cassaream
2695 3520 2754 3571 et
2783 3516 3114 3572 emiserunt
3140 3517 3335 3590 ipsum
3362 3518 3628 3574 Tarsum.
3664 3540 3692 3569 ››

2180 3606 2412 3663 Graecos
2442 3612 2611 3661 vocat
2640 3607 2837 3662 Graace
2860 3605 3199 3678 loquentes,
3231 3608 3413 3680 idque
3462 3609 3767 3681 sapienter

2104 3696 2449 3753 admodum.
2484 3697 2598 3751 Alii
2630 3697 2816 3757 enim,
2867 3714 3085 3769 nempe
3117 3698 3218 3769 qui
3269 3699 3481 3771 intime
3536 3698 3769 3755 ΗΘΚ)τωί

2108 3793 2296 3849 erant.
2333 3803 2408 3842 ne
2428 3786 2629 3842 videre
2660 3785 2900 3858 quidem
2935 3787 3130 3858 ipsum
3160 3787 3497 3844 voluerunt.

2181 3878 2277 3937 ΙΧ,
2311 3878 2399 3931 3i.
2433 3897 2458 3929 α
2482 3877 2666 3949 Igitur
2694 3876 2976 3932 Ecclesiae
3003 3893 3112 3949 per
3134 3878 3471 3933 universam
3501 3877 3769 3934 Iudaeam

2108 3990 2137 4022 α
2169 3973 2228 4023 et
2259 3967 2561 4024 Galilaeam
2591 3983 2659 4022 ac
2690 3966 3017 4022 Samariam
3074 3982 3218 4038 pace
3277 3966 3631 4023 fruebantur
3657 3984 3671 4036 ;
3704 3974 3767 4023 et

2108 4080 2136 4109 «
2171 4056 2624 4113 mdiﬁcabantur
2652 4060 2955 4111 versantes
3014 4055 3075 4111 in
3136 4055 3348 4112 timore
3409 4056 3666 4121 Domini,
3703 4061 3764 4113 et

2113 4168 2140 4201 ο
2171 4145 2577 4203 consolatione
2609 4145 2806 4200 Sancti
2842 4144 3087 4217 spiritus
3119 4145 3687 4217 multiplicabantur.
3729 4168 3757 4196 ι)

2181 4352 2207 4385 α
2239 4331 2425 4404 Igitur
2443 4330 2738 4387 Ecclesia).
2778 4352 2805 4381 ››
2848 4330 3126 4387 Dicturus
3167 4336 3258 4387 est
3304 4331 3465 4404 quod
3517 4330 3764 4387 descen-

2106 4422 2263 4478 derit
2290 4421 2430 4477 inde
2459 4423 2707 4477 Petrus:
2734 4437 2809 4477 ne
2840 4437 2981 4495 orgo
3008 4422 3240 4478 timoris
3269 4421 3330 4477 id
3362 4437 3491 4477 esse
3521 4422 3769 4478 arbitre-

2105 4512 2209 4579 ris,
2236 4511 2511 4584 praadixit
2540 4510 2699 4583 quod
2756 4511 3034 4568 Ecclesiae
3091 4527 3238 4584 pace
3267 4510 3637 4567 fruebantur.
3672 4510 3762 4567 εί.

2102 4602 2347 4674 quidem
2369 4601 2606 4673 quando
2626 4601 2769 4657 belli
2799 4601 2962 4674 vigor
2991 4607 3136 4669 erat,
3165 4601 3552 4673 Jerosolymis
3571 4618 3768 4659 versa-

2106 4692 2325 4748 bantur
2351 4690 2659 4762 Apostoli:
2711 4691 2950 4762 quando
3007 4707 3144 4747 vero
3196 4707 3331 4762 pax,
3388 4691 3568 4749 etiam
3625 4689 3762 4747 aliis

2106 4780 2531 4853 praedicabant.

2726 4870 2955 4927 CAPUT
2994 4870 3136 4925 XIV.

2105 4961 2183 5015 De
2212 4961 2382 5016 Enen
2413 4959 2730 5029 Paralytico
2780 4959 2989 5028 Lycida
3007 4975 3111 5030 per
3138 4960 3361 5015 Petrum
3413 4966 3607 5017 curato
3640 4975 3655 5015 :
3702 4962 3767 5016 in

2175 5047 2282 5102 quo
2307 5031 2500 5102 agitur
2526 5034 2694 5087 etiam
2721 5032 2786 5087 de
2814 5032 3051 5104 Tarbitha
3103 5032 3304 5087 dilecta
3347 5030 3541 5098 vidua,
3593 5049 3764 5104 quam

2176 5107 2370 5161 Petrus
2398 5105 2592 5175 Joppm
2615 5120 2715 5177 per
2744 5103 3051 5160 orationem
3080 5120 3117 5159 a
3143 5106 3378 5161 mortuis
3404 5103 3690 5162 excitauit.

2176 5263 2278 5333 IX,
2308 5266 2376 5319 32
2409 5266 2499 5319 35.
2536 5286 2564 5315 «
2591 5264 2843 5337 Contigit
2876 5269 3076 5321 autem
3107 5270 3174 5320 ut
3203 5267 3430 5331 Petrus,
3464 5263 3604 5321 dum
3652 5283 3763 5340 per

2106 5378 2133 5406 α
2149 5372 2357 5411 omnes
2383 5361 2739 5428 peragraret.
2767 5354 3072 5411 deveniret
3092 5355 3271 5411 etiam
3295 5355 3369 5412 ad
3393 5361 3629 5411 sanctos
3657 5356 3760 5430 qui

2101 5468 2131 5497 α
2166 5444 2518 5502 habitabant
2546 5443 2780 5516 Lyddm.
2806 5445 3091 5518 Repperit
3119 5451 3320 5501 autem
3351 5445 3431 5500 ibi
3452 5445 3759 5504 hominem

2101 5557 2133 5589 α
2166 5535 2488 5610 quemdam
2509 5535 2756 5594 nomine
2775 5536 3044 5608 Eneam,
3065 5534 3138 5593 ab
3164 5536 3338 5595 annis
3362 5540 3492 5594 octo
3522 5535 3761 5593 decum-
