4112 6436
388 421 508 482 115

1431 409 1857 473 (ΕΟΗΜΕΝΗ
1902 408 2206 471 TillCC/E
2250 407 2703 473 EPISCUPUS.

3696 412 3827 473 176

386 575 414 604 «
453 550 697 607 bentem
730 548 791 603 in
818 546 1124 620 grabbato,
1157 545 1259 617 qui
1292 550 1419 601 erat
1445 544 1809 618 paralyticus
1837 560 1854 598 :
1886 549 1945 600 et
1967 542 2052 600 ait

2165 565 2190 593 ι(
2222 539 2282 607 ὅς
2309 543 2377 612 iv
2407 539 2877 619 παραλελυμένος,
2939 542 3029 599 καὶ
3089 546 3235 600 εἶπεν
3292 541 3440 618 αὖτῷ
3497 545 3525 601 6
3584 544 3830 623 Πέτρος.

387 664 416 693 (ι
450 642 539 697 illi
570 642 780 695 Petrus
806 654 819 691 :
851 640 1053 701 Ainea,
1084 642 1255 692 sanet
1277 644 1330 691 te
1362 637 1531 691 Jesus
1547 636 1833 691 Christus.
1862 636 2045 709 Surge

392 754 419 784 ι
450 746 517 785 ac
543 736 740 783 sterne
760 726 864 780 tibi
894 727 1029 799 ipsi.
1052 728 1119 781 Et
1143 727 1414 798 protinus
1437 726 1712 781 surrexit.
1742 725 2047 781 Viderunt-

387 843 416 872 «
460 835 575 892 que
607 836 741 875 eum
775 833 985 874 omnes
1017 818 1118 889 qui
1152 816 1499 872 habitabant
1530 816 1742 887 Lydda)
1778 824 1836 870 et
1864 818 2044 872 Assa-

390 931 419 962 ‹‹
450 926 619 978 rone,
654 910 756 982 qui
788 910 1055 965 conversi
1091 914 1231 963 sunt
1256 918 1329 962 ad
1362 907 1703 962 Dominum.
1730 928 1759 957 »

461 1003 586 1057 Non
621 998 1109 1071 exspectavitviri
1151 998 1354 1063 ﬁdem,
1412 1013 1607 1068 neque
1664 996 2049 1068 interrogavit

391 1107 467 1147 an
500 1091 698 1146 sanari
727 1090 903 1145 vellet
930 1107 943 1144 :
975 1088 1127 1143 nulli
1157 1087 1299 1143 dum
1342 1086 1502 1142 enim
1551 1086 1806 1158 propriae
1838 1091 2049 1157 poten-

388 1181 487 1235 tiae
519 1179 744 1235 indicia
774 1179 851 1233 ibi
886 1178 1111 1250 experti
1172 1182 1342 1232 erant
1374 1194 1387 1232 :
1450 1176 1664 1231 merito
1722 1175 1902 1247 igitur
1930 1191 2048 1229 non

391 1271 738 1344 exigebatur
765 1287 799 1326 a
829 1271 951 1325 viro
992 1269 1162 1335 ﬁdes,
1210 1268 1509 1338 siquidem
1538 1282 1734 1339 neque
1771 1282 1805 1322 a
1836 1264 2048 1321 claudo

389 1367 725 1435 exegerant.
751 1361 844 1416 9|
877 1359 963 1414 Ad
978 1359 1307 1415 multorum
1330 1358 1490 1413 enim
1508 1356 1763 1412 maxime
1777 1355 2048 1411 consola-

388 1452 617 1507 tionem
632 1451 920 1507 conduxit
936 1450 1050 1505 hoc
1066 1449 1419 1504 miraculum
1442 1446 1697 1521 insignis
1719 1447 1940 1518 quippe
1962 1445 2050 1499 vir

388 1548 532 1597 erat.
585 1539 1099 1607 Quemadmodum
1158 1556 1295 1611 ergo
1344 1538 1633 1605 Christus,
1702 1553 1839 1593 cum
1881 1537 2050 1608 signa

386 1631 582 1686 facere
623 1630 937 1702 inciperet,
966 1628 1148 1684 ﬁdem
1167 1644 1290 1683 non
1317 1628 1605 1701 exigebat,
1641 1627 1724 1682 ita
1745 1642 1941 1696 neque
1965 1625 2046 1679 hi.

386 1719 776 1791 Jerosolymis
808 1734 1069 1790 namque
1097 1716 1309 1772 merito
1334 1717 1480 1772 ﬁdes
1503 1732 1641 1790 erga
1669 1732 1773 1771 eos
1804 1729 2049 1786 praeces-

391 1810 507 1865 sit:
538 1816 605 1863 ut
635 1808 932 1864 venientis
956 1807 1110 1862 Petri
1161 1806 1255 1861 vel
1284 1806 1496 1861 umbra
1539 1805 1881 1877 quempiam
1914 1803 2047 1858 illo-

2155 656 2183 684 α
2216 631 2579 701 Αἱνέα,⁹ίᾶταί
2609 654 2667 688 σε
2708 635 2735 688 6
2796 635 3006 705 Ἰησοῦς
3071 634 3332 708 Χριστός·
3387 635 3673 705 Ἀναστηθι
3723 637 3829 692 καὶ

2157 747 2184 775 ι(
2218 728 2463 799 στρῶσον
2522 728 2751 796 σεαυτῷ.
2812 723 2916 780 Καὶ
2977 722 3176 789 εὐθέως
3232 723 3449 796 ἀνέστη.
3508 725 3608 781 Καὶ
3667 724 3830 783 εἶδον

2159 838 2186 866 ‹‹
2220 813 2379 868 αὐτὸν
2415 815 2607 875 πάντες
2636 814 2688 869 οἱ
2735 819 3116 876 κατοικοῦντες
3148 811 3361 870 Λύδδαν
3417 814 3507 871 καὶ
3563 815 3656 873 τὸν
3689 818 3836 875 Ἀσ-

2220 904 2457 979 σάρωνα,
2479 904 2677 966 οἵτινες
2707 904 3035 980 ἐπέστρεψαν
3065 905 3159 961 ἐπὶ
3184 904 3276 960 τὸν
3306 904 3534 981 Κύριον.
3568 929 3597 959 ι)

2229 991 2344 1050 Οὐκ
2375 991 2616 1065 ἀνέμεινε
2640 995 2741 1063 την
2771 995 2954 1049 πίστίι
2986 998 3083 1049 τοῦ
3139 990 3359 1069 ἀνδρὸς,
3404 991 3532 1049 ούδὶ
3584 995 3831 1069 ἠρώτη-

2159 1102 2264 1150 σεν,
2320 1082 2365 1136 εἰ
2444 1079 2708 1156 βούλοιτο
2794 1084 3211 1158 θεραπευθῆναι·
3300 1081 3455 1138 οῧπω
3512 1084 3616 1161 γὰρ
3674 1083 3829 1153 ἦσαν

2156 1175 2429 1247 τεκμήρια
2460 1180 2562 1243 τῆς
2594 1174 2797 1236 οἰκείας
2839 1175 3141 1249 πάσχοντες
3200 1170 3506 1248 δυνάμεως.
3568 1174 3835 1236 Εἰκότως

2157 1262 2335 1318 τοίνυν
2392 1263 2495 1318 οὐκ
2547 1263 2811 1338 ἀπῃτεῖτο
2865 1264 2965 1335 τήν
3021 1264 3202 1320 πίστιν
3234 1263 3450 1336 ὁάνήρ.
3516 1261 3659 1322 Οὐδέ
3713 1265 3833 1340 γὰρ

2156 1353 2249 1408 τὸν
2294 1351 2488 1433 χωλὸν
2546 1354 2855 1428 ἀπῄτησαν.
2915 1354 3181 1413 Μάλιστα
3242 1354 3338 1428 μὶν
3400 1356 3490 1411 οὖν
3547 1356 3637 1411 καὶ
3676 1356 3829 1430 πρὸς

2157 1441 2386 1499 πολλῶν
2417 1443 2760 1520 παράκλησιν
2789 1448 2981 1523 γέγονε
3022 1446 3084 1500 τὸ
3143 1449 3346 1517 θαῦμα·
3402 1445 3678 1519 ἐπίσημος
3708 1446 3827 1521 γὰρ

2156 1535 2224 1604 iv
2260 1536 2288 1590 6
2320 1534 2480 1611 ἀνὴρο
2520 1538 2772 1611 Καθάπερ
2832 1536 2924 1591 οὗν
2986 1536 3015 1591 6
3049 1535 3286 1612 Χριστὸς
3343 1535 3651 1611 ἀρχόμενος
3706 1540 3833 1592 τῶν

2159 1625 2428 1697 σημείων,
2462 1625 2561 1680 οὐκ
2589 1625 2787 1699 ἀπῄτει
2817 1626 3022 1697 πίστιν,
3069 1624 3242 1689 οὕτως
3305 1624 3433 1681 οὐὸὶ
3488 1626 3662 1682 οὗτοι.
3725 1627 3830 1683 Ἐν

2157 1714 2570 1791 Ἱεροσολύμοις
2656 1716 2753 1789 μὲν
2835 1716 2941 1794 γὰρ
3017 1716 3243 1777 εῖκότως
3302 1718 3337 1785 ἡ
3392 1716 3575 1778 πίστις
3633 1716 3829 1771 αὐτῶν

2157 1806 2498 1881 προεγένετο,
2550 1804 2640 1860 ἵνα
2700 1804 3003 1881 ἐρχομένου
3062 1803 3268 1880 Πέτρου
3317 1803 3478 1875 atavi
3510 1806 3633 1860 σκιὰ
3689 1804 3831 1860 ἐπι-

390 1914 523 1952 rum
556 1897 959 1952 obumbraret.
994 1895 1174 1950 Multa
1196 1894 1354 1950 enim
1378 1895 1534 1950 facta
1555 1893 1822 1950 erantibi
1858 1892 2044 1965 signa,

2165 1895 2353 1969 σκιάσῃ
2386 1893 2491 1950 τινὶ
2522 1894 2723 1951 αὐτῶν.
2764 1892 2955 1951 Πολλὰ
3012 1896 3113 1971 γὰρ
3145 1893 3257 1950 ἐκεῖ
3314 1893 3527 1971 ἐγένετο
3586 1900 3829 1969 σημεῖα.

390 1988 489 2043 hic
511 1993 709 2043 autem
734 1987 845 2041 hoc
868 1986 1128 2057 primum
1146 1983 1362 2040 accidit
1383 2001 1394 2038 :
1416 1984 1585 2056 signa
1608 1983 1807 2054 itaque
1826 1981 2042 2054 partim

390 2078 618 2134 ﬁebant
643 2083 709 2133 ut
737 2077 838 2133 alii
869 2076 943 2132 ad
976 2076 1158 2132 ﬁdem
1176 2076 1641 2143 attraherentur,
1671 2073 1888 2147 partim
1906 2088 2043 2128 vero

387 2173 455 2225 ut
483 2167 793 2224 credentes
820 2166 1297 2223 consolarentur.

458 2350 556 2413 IX,
582 2349 773 2403 36-42.
817 2369 844 2395 «
868 2348 1070 2418 Joppaa
1092 2351 1291 2401 autem
1311 2349 1438 2401 erat
1458 2343 1731 2416 qumdam
1753 2342 2048 2415 discipula

389 2460 418 2489 ι(
445 2438 689 2492 nomine
719 2435 987 2500 Tabitha,
1021 2451 1152 2504 qum
1187 2451 1290 2505 per
1315 2433 1870 2505 interpretationem
1903 2431 2050 2486 dici-

397 2546 420 2575 ι
453 2533 551 2581 tur
582 2526 815 2580 Dorcas.
852 2525 987 2579 Haec
1020 2524 1199 2594 plena
1250 2529 1379 2578 erat
1434 2522 1610 2578 bonis
1668 2522 1949 2594 operibus
1981 2536 2049 2576 ac

395 2640 418 2668 ι
437 2615 999 2687 θιθειῐῐιοεγιιίεξῳιειε
1017 2613 1355 2685 ριάιειειὸειι.
1375 2613 1605 2667 Accidit
1619 2618 1818 2667 autem
1840 2610 2050 2667 diebus

394 2730 425 2757 ιι
459 2705 581 2759 illis
608 2711 672 2759 ut
699 2702 1048 2759 inﬁrmitate
1070 2709 1308 2775 gravata
1339 2708 1671 2757 moreretur
1722 2703 1905 2767 Quam
1950 2698 2051 2754 ubi

396 2818 425 2848 ‹‹
456 2795 759 2851 lavissent.
783 2800 1114 2865 posuerunt
1131 2793 1191 2847 in
1210 2792 1533 2847 caenaculo.
1569 2792 1715 2846 Cum
1737 2806 1873 2845 vero
1896 2793 2055 2845 esset

397 2910 425 2939 «
462 2886 661 2959 Lydda
689 2885 1117 2957 vicinaloppm,
1143 2884 1569 2955 audissentque
1602 2880 2054 2955 discipuliquod

393 2999 422 3028 «
458 2978 667 3031 Petrus
700 2980 858 3030 esset
879 2975 939 3030 in
971 2990 1059 3042 ea,
1092 2974 1386 3029 miserunt
1415 2973 1488 3029 ad
1512 2990 1650 3029 eum
1683 2979 1957 3046 rogantes
1979 2987 2053 3027 ne

401 3087 428 3120 ι
458 3070 801 3139 gravaretur
817 3064 1018 3120 venire
1041 3081 1230 3135 usque
1264 3063 1339 3119 ad
1370 3080 1453 3118 se.
1491 3064 1823 3136 Exsurgens
1854 3068 2053 3119 autem

393 3182 421 3209 «
457 3161 668 3214 Petrus
711 3157 872 3213 venit
901 3173 1039 3212 cum
1072 3156 1212 3211 illis.
1246 3160 1513 3227 Cumque
1543 3155 1900 3223 advenisset,
1941 3154 2055 3209 du-

393 3272 422 3299 α(
457 3254 675 3305 xerunt
703 3247 878 3303 illum
911 3247 973 3302 in
1005 3246 1403 3312 cmnaculum,
1437 3252 1497 3302 et
1529 3247 2057 3302 circumsteterunt

391 3361 421 3390 ‹‹
461 3355 598 3394 eum
630 3354 841 3393 omnes
858 3337 1046 3392 viduae
1064 3336 1297 3403 ﬁentes,
1329 3342 1388 3391 et
1416 3336 1799 3391 ostendentes
1821 3335 2053 3390 tunicas

397 3451 426 3480 «
458 3445 526 3484 ac
547 3434 739 3484 vestes
760 3444 908 3499 quas
934 3427 1193 3482 faciebat
1211 3443 1346 3481 cum
1370 3432 1529 3481 esset
1557 3442 1693 3481 cum
1726 3426 1873 3497 ipsis
1905 3425 2053 3480 Dor-

398 3540 427 3568 «
462 3533 581 3573 cas.
619 3520 829 3574 Petrus
859 3533 993 3571 vero
1036 3516 1243 3587 ejectis
1300 3514 1456 3569 foras
1514 3514 1813 3582 omnibus,
1845 3513 2056 3585 positis

402 3630 430 3657 ‹‹
468 3607 718 3677 genibus
750 3606 956 3671 oravit,
1017 3621 1455 3674 conversusque
1487 3604 1560 3660 ad
1592 3622 1807 3676 corpus
1860 3605 2009 3660 dixit
2043 3620 2057 3658 :

406 3718 435 3748 ‹‹
468 3695 736 3762 Tabitha,
771 3711 965 3767 surge.
1005 3700 1073 3748 At
1104 3694 1208 3749 illa
1236 3694 1689 3765 aperuitoculos
1720 3710 1879 3763 suos,
1903 3694 2059 3750 viso-

410 3809 431 3836 ο
470 3802 585 3857 que
618 3790 789 3841 Petro
822 3784 1063 3841 resedit.
1101 3789 1241 3839 Data
1269 3790 1467 3839 autem
1496 3784 1581 3838 illi
1613 3801 1816 3848 manu.
1849 3784 2056 3851 erexit,

413 3898 441 3927 ‹‹
475 3883 533 3932 et
562 3893 697 3932 cum
729 3880 995 3931 vocasset
1025 3881 1260 3930 sanctos
1291 3891 1359 3930 ac
1380 3875 1605 3937 viduas.
1641 3875 1908 3931 exhibuit
1928 3891 2058 3931 eam

408 3988 436 4016 ιι
470 3966 680 4022 vivam.
714 3965 898 4037 quue
931 3965 1194 4020 innotuit
1222 3981 1328 4035 per
1359 3971 1542 4020 totum
1567 3965 1818 4036 Joppen,
1842 3970 1902 4019 et
1930 3979 2060 4019 cre-

406 4076 433 4105 «
468 4054 749 4110 diderunt
780 4053 952 4109 multi
985 4053 1049 4108 in
1076 4052 1415 4108 Dominum.
1448 4074 1477 4103 »ι

478 4255 508 4286 ‹‹
537 4235 789 4290 Nomine
819 4232 1087 4297 Tabitha,
1112 4254 1140 4283 »
1184 4237 1294 4287 etc.
1344 4231 1689 4289 Ostenditur
1717 4249 1788 4288 ex
1819 4233 2061 4290 nomine

405 4324 564 4396 quod
594 4324 729 4379 haec
751 4323 1004 4396 vigilans
1035 4327 1163 4377 erat
1192 4336 1261 4377 ac
1306 4321 1522 4389 sobria,
1557 4322 2061 4393 quemadmodum

406 4407 625 4484 δορκὰς,
657 4411 718 4467 id
750 4417 841 4467 est
860 4427 1094 4483 caprea.
1119 4411 1301 4466 Multa
1319 4427 1577 4482 namque
1604 4412 1852 4467 nomina
1881 4412 2061 4467 etiam

404 4501 853 4573 dispensatione
866 4505 1308 4573 ponuntur,sua
1327 4500 1592 4556 efﬁcacia
1604 4501 2061 4574 appellationem

405 4590 805 4665 signiﬁcantia
835 4607 966 4662 quae
998 4591 1406 4662 consequitur.
1444 4612 1469 4639 ‹‹
1503 4591 1975 4664 Contigitautem
1997 4595 2063 4646 ut

2155 1985 2415 2041 Ἐνταῦθα
2468 1981 2526 2039 δέ
2582 1987 2745 2040 τοῦτο
2802 1989 3019 2059 πρῶτον
3077 1979 3362 2041 ἐπιϐαίνει.
3421 1984 3503 2041 Τά
3563 1984 3656 2058 μὲν
3708 1985 3831 2060 γὰρ

2152 2080 2261 2131 τῶν
2310 2075 2555 2147 σημείων
2614 2074 2748 2150 ὑπὲρ
2802 2080 2902 2130 τοῦ
2959 2074 3088 2136 τοὺς
3143 2072 3353 2137 ἄλλους
3410 2070 3827 2139 ἐπισπάσασθαι

2152 2162 2381 2239 ἐγίνετο,
2412 2164 2479 2219 τὶ
2509 2160 2566 2219 δὲ
2595 2164 2685 2219 καὶ
2722 2164 2854 2239 ὑπὲρ
2909 2170 3011 2236 τῆς
3067 2169 3175 2221 τῶν
3230 2162 3592 2221 πιστευόντων
3633 2184 3832 2241 παρα-

2153 2251 2429 2324 κλήσεως.

2232 2369 2257 2400 α
2289 2347 2378 2401 Ἐν
2409 2345 2606 2420 Ἰόππῃ
2641 2342 2699 2400 δέ
2725 2366 2809 2407 τις
2850 2347 2915 2415 iv
2949 2346 3225 2421 μαθήτρια
3276 2346 3506 2419 ὀνόματι
3556 2339 3822 2417 Ταῦηθᾶ,

2160 2459 2188 2488 ι(
2220 2435 2255 2505 ἢ
2290 2433 2756 2508 διερμηνευομένη
2790 2433 3007 2514 λέγεται
3058 2436 3287 2511 Δορκάς.
3348 2434 3497 2506 Αὕτη
3560 2436 3625 2505 iv
3655 2432 3820 2506 πλή-

2162 2547 2189 2575 ‹‹
2223 2543 2322 2599 ρης
2380 2522 2598 2598 ἀγαθῶν
2654 2522 2828 2600 ἔργων
2884 2524 2975 2579 καὶ
3034 2523 3422 2595 ἐλεημοσυνῶν
3489 2522 3563 2579 ὧν
3613 2523 3827 2583 ἐποίει.

2160 2637 2188 2665 ‹‹
2221 2613 2462 2686 Ἐγένετο
2498 2609 2554 2667 δὲ
2578 2612 2629 2667 ἐν
2661 2619 2779 2674 ταῖς
2837 2614 3071 2688 ἡμέραις
3126 2614 3379 2676 ἐκείναις.
3439 2614 3822 2685 ἀσθενήσασαν

2161 2727 2190 2756 «
2225 2701 2391 2771 αὐτὴν
2423 2702 2729 2758 ἀτοθανεῖν.
2782 2702 3083 2765 Λούσαντες
3147 2701 3204 2759 δὲ
3249 2703 3449 2774 αὐτὴν,
3507 2702 3701 2774 ἔθηκαν
3763 2702 3827 2758 ἐν

2161 2818 2188 2845 ‹‹
2227 2792 2480 2868 ὑπερῴῳ.
2530 2792 2734 2870 ἰιγγυς
2794 2790 2851 2848 δὲ
2889 2789 3056 2864 οὔσης
3117 2790 3334 2864 Λύδδης
3387 2797 3457 2868 τῇ
3506 2793 3730 2868 Ἰόππῃ,
3764 2794 3826 2848 οἱ

2162 2883 2467 2956 «μαθηταὶ
2526 2882 2875 2951 ἀκούσαντες,
2934 2882 3020 2938 ὅτι
3081 2885 3282 2957 Πέτρος
3341 2882 3484 2939 ἐστὶν
3545 2881 3599 2939 ἐν
3657 2881 3819 2953 αὐτῇ,

2165 2997 2189 3027 α
2222 2970 2546 3028 ἀπέστειλαν
2577 2971 2712 3045 πρὸς
2745 2972 2928 3039 αὐτὸν,
2988 2971 3448 3045 παρακαλοῦντες,
3508 2974 3584 3045 μή
3647 2972 3821 3041 ὀκνῆ-

2163 3089 2191 3118 ‹‹
2222 3086 2307 3121 σαι
2340 3062 2573 3128 διελθεῖν
2601 3061 2708 3127 ἓως
2754 3065 2948 3121 αὐτῶν.
3001 3065 3269 3130 Ἀναστὰς
3323 3063 3381 3121 δὲ
3436 3065 3642 3140 Πέτρος
3692 3086 3832 3120 συν-

2164 3154 2386 3225 «ἧλθεν
2422 3154 2634 3226 αὐτοῖς,
2695 3155 2756 3210 ὃν
2812 3155 3249 3231 παραγετόμενον
3310 3156 3586 3233 ἀνήγαγον
3646 3154 3725 3216 εἰς
3752 3155 3826 3210 τὸ

2164 3270 2191 3298 «ι
2229 3246 2495 3321 ὑπερῷον,
2543 3246 2633 3300 καὶ
2692 3241 3050 3321 περιέστησαν
3101 3246 3252 3319 αύτῷ
3308 3251 3476 3301 πᾶσαι
3533 3246 3589 3302 αἱ
3637 3252 3824 3321 χῆραι

2162 3360 2191 3388 ‹‹
2224 3333 2539 3405 κλαίουσαι,
2586 3334 2678 3391 καὶ
2745 3332 3179 3411 ἐπιδεικνύμεναι
3228 3340 3466 3415 χιτῶνας
3532 3335 3623 3391 καὶ
3678 3335 3823 3409 ἱμά-

2160 3445 2331 3494 «τια,
2383 3425 2481 3479 ὅσα
2508 3423 2677 3480 ἐποίει
2731 3426 2847 3498 μετ’
2892 3425 3070 3482 αὐτῶν
3126 3424 3261 3480 οὖσα
3315 3428 3351 3496 ἡ
3407 3423 3631 3501 δορκάς.
3694 3426 3825 3482 Ἐκο

2163 3540 2190 3567 ‹‹
2225 3510 2413 3569 ϐαλῶν
2443 3510 2500 3569 δὲ
2529 3508 2631 3585 ἔξω
2679 3516 2883 3576 πάντας
2946 3516 2975 3570 ὁ
3034 3514 3257 3590 Πέτρος,
3316 3515 3426 3577 θεὶς
3480 3515 3550 3571 τὰ
3616 3513 3826 3593 γόνατα

2163 3628 2191 3656 ‹‹
2223 3604 2591 3677 προσηύξατο,
2616 3602 2706 3658 καὶ
2739 3602 3061 3677 ἐπιστρέψας
3119 3604 3258 3680 πρὸς
3315 3604 3378 3660 τὸ
3428 3609 3610 3678 σῶμα,
3669 3605 3823 3660 εἶπε⁸

2163 3717 2192 3745 ‹‹
2225 3686 2472 3762 Ταϐηθά,
2503 3690 2789 3763 ἀνάστηθι.
2835 3693 2897 3748 Ἡ
2956 3690 3014 3748 δέ
3067 3691 3252 3766 ἤνοιξε
3307 3691 3437 3755 τοὺς
3494 3690 3823 3770 ὀφθαλμοὺς

2167 3804 2190 3836 α
2227 3780 2415 3851 αὐτῆς,
2447 3783 2537 3836 καὶ
2570 3779 2760 3837 ἰδοῦσα
2789 3783 2881 3837 τὸν
2937 3784 3154 3856 Πέτρον,
3213 3782 3511 3847 ἀνεκάθισε.
3570 3782 3708 3845 Aab;
3763 3780 3828 3839 δὲ

2168 3896 2195 3926 α
2228 3873 2367 3945 αὐτῇ
2417 3879 2602 3950 χεῖρα,
2661 3872 2949 3943 ἀνέστησεν
3009 3872 3198 3943 αὐτηνο
3261 3874 3520 3952 φωνήσας
3578 3869 3637 3928 δὲ
3688 3874 3828 3936 τοὺς

2165 3988 2194 4015 ‹‹
2228 3964 2417 4039 ἁγίους
2446 3963 2535 4017 καὶ
2584 3963 2679 4024 τὰς
2741 3964 2943 4038 χήρας,
3002 3961 3334 4037 παρέστησεν
3396 3962 3565 4031 αὐτην
3622 3966 3823 4034 ζῶσαν.

2167 4076 2193 4104 ‹‹
2236 4052 2480 4106 Γνωστὸν
2512 4049 2568 4106 δὲ
2618 4048 2826 4129 ἐγένετο
2882 4052 3002 4106 καθ’
3059 4051 3198 4123 ὅλης
3251 4059 3351 4121 τῆς
3409 4050 3661 4123 Ἰόππης,
3729 4051 3824 4108 καὶ

2168 4164 2197 4193 ‹‹
2226 4137 2433 4196 πολλοὶ
2464 4139 2781 4197 ἐπίστευσαν
2813 4139 2899 4196 ἐπὶ
2929 4141 3021 4196 τὸν
3052 4140 3276 4216 Κύριον.
3310 4164 3338 4194 η

2241 4230 2555 4304 «Ὀνόματι
2612 4225 2861 4302 Ταϐηθά,
2940 4231 3030 4286 καὶ
3115 4232 3184 4287 τὰ
3235 4232 3381 4305 ἑξῆς.
3446 4254 3475 4284 ››
3535 4231 3822 4289 Δείκνυται

2166 4321 2252 4375 ὃτι
2308 4320 2446 4391 αὕτη
2524 4319 2859 4400 φερωνύμως
2907 4320 2975 4390 iv
3036 4318 3372 4399 ἐγρηγορυῖα
3427 4320 3516 4378 καὶ
3569 4324 3826 4402 νήφουσα

2167 4408 2350 4485 ὥσπερ
2382 4406 2602 4486 δορκάς,
2631 4407 2825 4466 Πολλά
2854 4411 2959 4487 γὰρ
3002 4411 3094 4466 καὶ
3157 4411 3526 4486 οἰκονομικῶς
3578 4411 3829 4485 ὀνόματα

2165 4498 2391 4569 τίθεται,
2451 4496 2727 4570 δηλοῦντα
2791 4503 2859 4572 τῇ
2954 4499 3196 4576 ἐνεργείᾳ
3275 4502 3375 4571 τὴν
3448 4500 3827 4576 προσηγορίαν

2166 4587 2598 4654 ἀκολουθοῦσαν.
2636 4613 2665 4642 ‹‹
2698 4584 2907 4661 Συνέϐη
2948 4589 3131 4646 τοίνυν
3199 4590 3401 4663 ταύτην
3461 4591 3833 4667 ἀρρωστήσα-

402 4681 527 4736 hzec
591 4681 937 4736 inﬁrmitate
998 4686 1235 4753 gravata
1291 4686 1641 4735 moreretur.
1712 4682 1896 4745 Quam
1956 4681 2052 4736 ubi

2166 4701 2258 4735 σαν
2290 4680 2597 4735 ἀποθανεῖν.
2651 4680 2949 4741 Λούσαντες
3008 4677 3066 4734 δὲ
3109 4680 3295 4748 αὐτην,
3335 4706 3363 4732 υ
3392 4684 3459 4736 τά
3514 4681 3601 4737 ἐπὶ
3649 4684 3831 4755 νεκρῷ

398 4771 701 4835 Iavissent,
743 4798 758 4816 ολ
790 4772 1059 4826 fecerunt
1089 4777 1302 4837 cuncta
1339 4787 1469 4840 qua:
1528 4770 1590 4825 in
1640 4779 1874 4827 mortuo
1926 4771 2051 4826 lieri

398 4868 871 4915 consueverunt:
907 4868 965 4914 et
996 4867 1134 4914 tunc
1166 4861 1405 4914 Petrum
1438 4860 1896 4915 accersiverunt.
1935 4862 2053 4915 Hoc

398 4956 596 5003 autem
629 4966 749 5003 non
780 4951 1053 5005 fecerunt
1084 4950 1428 5021 priusquam
1482 4956 1845 5004 moreretur:
1894 4949 2051 5004 indi-

396 5052 577 5108 gnum
601 5038 701 5093 92
725 5037 1011 5092 ducentes
1047 5038 1120 5092 ob
1157 5037 1297 5092 talia
1325 5053 1535 5091 vexare
1577 5036 1902 5109 discipulos
1935 5043 1989 5092 et
2022 5053 2058 5093 a

396 5127 823 5197 prwdicatione
847 5126 1124 5182 avellere.
1145 5127 1289 5181 Nam
1315 5133 1372 5181 et
1390 5132 1705 5198 prapterea
1732 5127 1875 5182 dicit
1895 5127 2055 5197 quod

398 5216 629 5272 vicinus
671 5224 797 5273 erat
826 5218 1013 5273 locus.
1049 5217 1109 5272 1d
1140 5218 1301 5273 enim
1334 5235 1441 5289 per
1471 5219 1713 5273 modum
1748 5219 2054 5275 succisivm

398 5322 594 5377 operae
611 5307 1214 5378 petebantsiquidem
1232 5306 1526 5378 discipula
1539 5312 1715 5363 erat”
1734 5309 1876 5363 Cum
1900 5324 2060 5373 esset

404 5411 538 5450 cum
570 5396 714 5467 ipsis
747 5397 985 5451 Dorcas.
1025 5420 1052 5446 ››
1083 5396 1248 5461 Quod
1280 5396 1499 5451 dicitur
1527 5396 1711 5451 fuisse
1742 5414 1862 5453 una
1920 5416 2054 5454 cum

399 5483 567 5554 ipsis.
601 5486 785 5539 animi
820 5485 981 5540 illius
1015 5485 1369 5540 modestiam
1394 5485 1708 5556 signiﬁcat,
1735 5488 1894 5556 quod
1920 5506 2053 5545 cum

394 5572 586 5628 viduis
619 5574 964 5629 convivebat
986 5590 1052 5629 ac
1083 5574 1428 5629 versabatur
1466 5588 1534 5628 ac
1566 5573 1612 5628 si
1646 5590 1765 5630 una
1787 5576 1997 5634 fuisset
2026 5595 2057 5635 e

392 5664 586 5739 vulgo.
625 5665 773 5731 Quid
808 5664 987 5739 igitur
1018 5666 1226 5720 Petrus
1248 5667 1275 5719 ?
1309 5664 1527 5719 Omnes
1557 5663 1715 5721 foras
1765 5666 1949 5738 ejicit,
1982 5684 2056 5725 ne

397 5770 604 5828 acrym
623 5771 795 5814 arum
812 5754 1066 5814 tumultu
1082 5750 1446 5819 turbaretur;
1463 5753 1793 5828 positisque
1808 5759 2058 5831 genibus

2764 4770 2867 4826 Καὶ
2925 4770 3048 4825 τότε
3106 4769 3526 4832 ἀποστείλαντες
3584 4791 3827 4845 μετακα-

2164 4857 2386 4914 λοῦνται
2450 4865 2671 4934 Πετρον.
2731 4860 2847 4916 Οὐκ
2906 4860 3168 4931 ἐποίησαν
3230 4858 3287 4916 δὲ
3343 4867 3506 4917 τοῦτο
3559 4862 3666 4936 πρὸ
3724 4863 3830 4915 τοῦ

2162 4948 2489 5018 ἀποθανεῖν,
2548 4948 2761 5020 ἀνάξιον
2818 4951 3123 5026 ήγὸύμενοι
3184 4951 3320 5026 ὑπὲρ
3377 4955 3485 5007 τῶν
3554 4948 3826 5006 τοιούτων

2165 5037 2419 5095 σκύλλειν
2449 5039 2579 5103 τοὺς
2615 5040 2887 5113 μαθητὰς,
2930 5042 3019 5096 καί
3080 5044 3177 5096 τοῦ
3233 5042 3590 5119 κηρύγματος
3647 5059 3826 5114 παρα-

2165 5134 2320 5200 σπᾷν.
2352 5129 2503 5187 Ἐπεὶ
2543 5131 2632 5185 καὶ
2667 5126 2755 5184 διᾶ
2783 5134 2944 5185 τοῦτο
2998 5127 3157 5207 λέγει
3217 5131 3301 5187 ὅτι
3361 5131 3528 5209 ἐγγὺς
3581 5130 3670 5201 iv.
3733 5130 3831 5186 Ἐν

2161 5220 2307 5291 τάξει
2339 5219 2444 5295 γὰρ
2475 5222 2747 5296 παρέργου
2778 5223 2939 5275 τοῦτο
2998 5216 3182 5295 ᾔτουνο
3246 5223 3527 5295 μαθήτρία
3578 5220 3680 5294 γὰρ
3727 5219 3822 5289 iv.

2316 5311 2361 5340 -ν
2428 5308 2449 5347 '9
2634 5308 2660 5327 ν-
2993 5311 3039 5343 ι-
3214 5310 3227 5327 ς
3488 5312 3500 5333 ,
3602 5310 3616 5328 ν
3666 5313 3693 5325 ο

2166 5334 2194 5363 ι(
2228 5316 2339 5367 Ms.
2392 5330 2567 5365 αυτων
2598 5330 2731 5364 ουσα
2763 5311 2798 5378 ἡ
2834 5319 3058 5386 Δοκρα...
3096 5335 3123 5362 ››
3158 5313 3259 5381 To,
3324 5336 3351 5363 α
3384 5332 3480 5384 μετ
3557 5331 3759 5369 αυτων.
3793 5330 3828 5359 ι»

2161 4770 2336 4825 πάντα
2396 4767 2675 4837 ἐποίησαν.

2165 5401 2263 5468 τὴν
2305 5401 2799 5480 ταπεινοφροσύνην
2845 5402 3014 5470 αὐτῆς
3047 5398 3235 5471 δηλοῖ,
3269 5403 3355 5457 ὅτι
3408 5408 3571 5470 συνῆν
3632 5398 3830 5454 αὖταῖ)

2164 5489 2258 5543 καὶ
2288 5485 2612 5562 συνδιῃτᾶτο
2644 5490 2719 5549 ὡς
2751 5491 2847 5562 μία
2905 5496 3011 5546 τῶν
3068 5488 3299 5547 πολλῶν
3333 5491 3484 5546 οὖσα.
3546 5489 3615 5548 Τί
3670 5489 3763 5544 οὗν
3800 5489 3837 5545 ὁ

2172 5581 2374 5654 Πέτρος
2409 5598 2424 5649 ;
2462 5581 2665 5644 Πέντας
2693 5576 2954 5636 ἐκϐάλλει
2988 5576 3112 5654 ἔξω,
3154 5579 3294 5637 ὥστε
3354 5583 3429 5655 μή
3488 5586 3839 5656 συγχυθῆναι

2166 5675 2283 5732 τοῖς
2341 5667 2563 5747 δάκρυσι
2599 5666 2742 5746 μηδέ
2769 5673 3133 5748 ταραχθῆναι.
3170 5673 3272 5729 Καὶ
3335 5670 3447 5734 θεὶς
3505 5671 3572 5727 τὰ
3630 5671 3842 5746 γόνατα

2169 5760 2534 5837 προσηύξατο.
2580 5761 2657 5818 Οὐ
2713 5762 2886 5819 πάντα
2935 5761 3038 5843 γὰρ
3100 5763 3234 5839 μετὰ
3288 5766 3391 5832 τῆς
3447 5758 3617 5832 αὐτῆς
3672 5759 3843 5818 εὐκοι-
