4112 6424
380 488 493 549 ιτα
1405 476 1904 541 (EGUMENIUS
1948 472 2255 536 TRICCuE
2301 476 2746 541 EPISCOPUS.
3685 473 3805 535 180

381 648 403 675 ι
438 626 520 682 Ex
548 623 788 679 cohorte
832 636 965 693 quae
1001 617 1220 674 dicitur
1248 616 1471 673 Italica.
1514 636 1544 667 »
1578 619 1779 690 Σπεῖρα
1810 619 2032 681 autem,

2168 612 2229 668 tt’
2260 613 2290 668 6'
2318 612 2410 669 καὶ
2440 616 2541 685 τήν
2569 614 2716 689 ἀξίαν
2771 611 3069 685 ἐδήλωσεν.
3105 638 3135 667 ‹‹
3192 615 3288 672 Ἐκ
3345 610 3574 687 σπείρης
3632 610 3803 669 εἰπὼν

374 716 435 773 id
466 721 558 771 est
583 714 821 779 cohors,
857 716 948 767 est
980 725 1160 781 quam
1192 725 1355 765 nunc
1386 707 1652 781 νούμερον
1685 706 1961 762 dicimus.

2168 704 2246 767 τῆς
2273 701 2624 777 καλουμένης
2655 703 2949 775 Ἰταλικῆς.
2986 729 3013 757 ››
3072 709 3280 780 Σπεῖρα
3339 700 3397 758 δέ
3445 700 3588 758 ἔστιν
3646 701 3675 757 ὅ
3704 722 3808 757 κα-

2147 790 2353 866 λοῦμεν
2384 797 2475 848 νῦν
2508 794 2801 870 νούμερον.

2221 907 2250 934 ‹‹
2285 886 2349 962 ᾩ
2380 884 2520 939 ἐστιν
2555 884 2702 939 οἰκία
2769 886 2917 959 παρὰ
2975 883 3273 951 θάλασσαν.
3335 882 3512 946 Οὗτος
3572 881 3814 955 λαλήσει

2153 996 2179 1026 ιι
2210 994 2317 1039 σοι,
2348 972 2401 1029 τί
2431 994 2489 1028 σε
2517 970 2601 1029 δεῖ
2626 980 2826 1031 ποιεῖν.
2859 976 2947 1037 Ὠς
2995 972 3053 1030 δὲ
3108 973 3352 1043 ἀπῆλθεν
3408 974 3435 1028 6
3487 971 3715 1050 ἅγγελος
3775 972 3808 1028 6

2153 1087 2180 1115 ιι
2212 1062 2398 1118 λαλῶν
2427 1069 2505 1137 τῷ
2540 1062 2856 1137 Κορνηλίῳ,
2894 1066 3149 1142 φωνήσας
3185 1060 3281 1118 δύο
3310 1067 3420 1118 τῶν
3453 1062 3676 1117 οἰκετῶν
3710 1060 3816 1117 αὖ-

2154 1177 2182 1206 (ι
2213 1158 2330 1221 τοῦ,
2361 1154 2451 1210 καὶ
2487 1154 2826 1231 στρατιώτην
2857 1150 3054 1226 εὐσεϐῆ
3089 1159 3198 1210 τῶν
3251 1153 3812 1231 προσκαρτερούντων

2152 1267 2181 1296 ((
2214 1242 2381 1318 αὐτῷ.
2418 1268 2444 1297 ))

2223 1332 2303 1390 Τὰ
2328 1332 2793 1409 ἀνακεχωρημένα
2822 1339 2933 1390 τῶν
2986 1333 3203 1390 πόλεων
3263 1330 3506 1390 ἐδίωκων
3558 1335 3607 1389 οἱ
3666 1332 3822 1389 ἀπό-

2154 1422 2365 1489 στολοι,
2398 1420 2634 1507 ἐρημίας
2667 1421 2814 1486 ὄντες
2846 1422 3000 1503 φίλοι
3057 1423 3149 1479 καὶ
3199 1423 3461 1500 ἡσυχίας.
3522 1424 3588 1482 Τί
3650 1421 3708 1479 δὶ
3769 1422 3828 1479 ἑὶ

2156 1507 2352 1581 συνέϐη
2377 1513 2466 1568 καὶ
2509 1510 2681 1569 ἄλλον
2716 1514 2855 1569 εἶναι
2886 1506 3109 1587 Σίμωνα
3145 1534 3158 1584 ;
3188 1510 3348 1581 Ἰδοὺ,
3409 1510 3520 1571 ἔστι
3579 1518 3823 1585 σημεῖον

2155 1602 2217 1659 τὸ
2248 1604 2395 1679 παρὰ
2425 1602 2694 1667 θάλασσαν
2724 1604 2913 1659 οίκεῖν.
2965 1604 3080 1662 Οὔκ
3113 1605 3235 1659 εἶπε
3266 1600 3323 1658 δὲ
3356 1600 3447 1658 διὰ
3476 1602 3551 1674 τί,
3579 1603 3672 1659 ἳνα
3734 1604 3821 1675 μὴ

2155 1690 2357 1769 ἐκλύσῃ
2392 1692 2576 1765 αὐτὸν,
2636 1693 2764 1750 ἀλλ’
2812 1693 3016 1768 ἀφῆκεν
3079 1693 3237 1749 αὐτὸν
3298 1692 3350 1748 ἐν
3411 1691 3678 1769 ἐπιθυμίᾳ
3718 1691 3826 1748 καὶ

439 894 503 963 Χ,
535 898 591 957 6.
619 898 675 950 7.
708 916 735 943 «
768 892 876 949 Cui
909 891 1123 948 domus
1155 894 1248 946 est
1288 890 1463 962 juxta
1510 904 1697 944 mare.
1734 886 1837 942 Hic
1881 885 2039 941 dicet

371 1008 400 1035 ‹‹
434 984 541 1040 tibi
579 982 725 1056 quid
754 988 811 1038 te
857 986 1132 1054 oporteat
1161 980 1376 1035 facere.
1432 979 1504 1034 Ut
1533 982 1732 1034 autem
1764 974 2040 1032 discessit

376 1097 405 1125 ‹‹
438 1073 687 1146 angelus
720 1072 821 1143 qui
855 1070 1218 1142 loquebatur
1251 1068 1546 1129 Cornelio.
1608 1066 1833 1122 vocavit
1888 1066 2037 1121 duos

379 1186 407 1215 «
441 1162 698 1219 famulos
730 1167 789 1217 et
813 1160 1066 1217 militem
1099 1159 1445 1232 religiosum
1477 1174 1548 1213 ex
1577 1157 1670 1212 his
1701 1155 1803 1229 qui
1849 1154 1902 1211 ei
1935 1153 2041 1210 ad-

381 1274 411 1303 «
444 1251 774 1309 haerebant.
812 1273 839 1299 »

454 1342 765 1415 Segregata
795 1339 867 1395 ab
898 1338 1146 1395 urbibus
1177 1337 1308 1394 loca
1352 1336 1733 1392 sectabantur
1762 1332 2040 1408 apostoli,

380 1422 587 1504 utpote
615 1429 959 1486 solitudinis
991 1444 1061 1484 ac
1091 1427 1312 1500 quietis
1343 1425 1542 1482 amici.
1576 1424 1730 1491 Quid
1760 1431 1956 1481 autem
1990 1418 2042 1481 si

382 1526 443 1578 et
470 1521 654 1576 alium
687 1519 1038 1592 contigisset
1067 1534 1199 1573 esse
1233 1518 1534 1572 Simonem
1564 1515 1591 1571 ἰν
1628 1517 1774 1571 Ecce
1806 1515 2042 1589 signum

382 1611 484 1667 dat
513 1609 670 1682 quod
703 1608 933 1665 habitet
972 1608 1146 1679 juxta
1176 1622 1361 1662 mare.
1394 1607 1609 1661 Verum
1649 1621 1889 1661 causam
1923 1620 2043 1660 non

385 1700 636 1766 dixit,ne
667 1699 865 1771 ipsum
908 1701 1241 1762 enervaret,
1274 1695 1380 1751 sed
1409 1695 1469 1751 in
1501 1694 1822 1766 cupiditate
1846 1711 1915 1751 ac
1942 1693 2045 1750 de-

386 1789 606 1846 siderio
639 1786 922 1845 audiendi
957 1803 1087 1842 esse
1110 1785 1358 1841 dimisit.

2168 1782 2307 1856 ιτὸθῳ
2335 1789 2436 1852 τῆς
2468 1783 2781 1858 ἀκροάσεως
2808 1779 3069 1858 γενέσθαι.

458 1877 520 1949 Χ,
552 1881 707 1935 8-10.
736 1898 761 1929 α
796 1880 1062 1948 Cumque
1113 1881 1417 1932 narrasset
1463 1874 1584 1931 illis
1635 1876 1857 1943 omnia,
1881 1859 2048 1933 misit

2231 1897 2257 1923 ‹‹
2323 1873 2421 1927 Καὶ
2479 1872 2884 1950 ἐξηγησάμενος
2964 1871 3151 1934 αὐτοῖς
3213 1867 3442 1939 ἅπαντα,
3501 1871 3832 1928 ἀπέστειλεν

391 1989 419 2022 ιι
450 1968 627 2025 eosin
651 1965 1203 2039 Joppen.Postridie
1225 1981 1361 2021 vero
1390 1964 1886 2021 facientibusillis
1912 1967 2046 2035 iter,

2168 1985 2188 2012 rc
2220 1960 2419 2024 αὐτοὺς
2452 1962 2530 2025 είς
2556 1963 2657 2030 τήν
2692 1962 2941 2032 Ἰόππην.
2975 1965 3059 2035 Τῇ
3090 1959 3146 2018 δὲ
3177 1960 3433 2038 ἐπαύριον
3458 1958 3835 2035 ὁδοιπορούν-

387 2082 416 2111 ‹‹
441 2058 694 2130 jamque
725 2054 1344 2129 appropinquantibus
1374 2054 1616 2113 civ1tati.
1649 2054 2042 2111 ascenditPe-

389 2170 417 2200 ι(
447 2153 576 2203 trus
606 2147 669 2202 in
702 2145 1071 2218 superiorem
1095 2144 1309 2200 domus
1326 2150 1557 2216 partem
1580 2149 1646 2200 ut
1668 2150 1867 2201 oraret
1889 2146 2049 2203 circa

385 2258 415 2288 «
447 2238 657 2293 horam
689 2241 917 2292 sextam
952 2251 965 2289 :
995 2239 1053 2289 et
1081 2250 1217 2290 cum
1248 2234 1524 2302 esuriret,
1574 2233 1761 2290 voluit
1808 2240 2048 2308 gustare

385 2350 414 2379 ιι
442 2326 671 2383 cibum:
704 2341 958 2397 cumque
980 2324 1067 2379 illi
1094 2329 1479 2397 appararent.
1517 2343 1541 2374 ι

463 2416 609 2472 Vide
639 2415 826 2471 animi
864 2414 1221 2471 modestiam
1276 2415 1477 2485 Neque
1508 2414 1668 2470 enim
1695 2413 1846 2469 dixit
1878 2432 1890 2469 :
1925 2416 2046 2471 Vo-

385 2512 515 2565 cate
537 2507 613 2562 ad
644 2521 739 2561 me
772 2510 1009 2560 Petrum
1038 2521 1051 2559 :
1114 2502 1361 2559 nolebat
1412 2503 1708 2576 siquidem
1740 2503 2047 2578 dignitatis

384 2596 628 2654 nomine
660 2611 796 2651 eum
845 2610 1171 2651 accersere.
1205 2594 1529 2666 Propterea
1556 2594 1817 2649 narravit
1847 2595 2049 2652 omnia

384 2692 452 2743 ut
481 2686 657 2742 etiam
681 2684 1118 2756 persuaderet:
1172 2682 1321 2739 adeo
1381 2683 1469 2738 vir
1534 2683 1841 2739 modestus
1900 2689 2044 2740 erat-

384 2776 563 2848 Atqui
584 2773 735 2830 nihil
767 2774 963 2846 magni
989 2772 1231 2845 concipi
1257 2777 1490 2845 poterat
1517 2771 1590 2828 de
1622 2773 1743 2828 viro
1767 2773 1869 2845 qui
1888 2772 2047 2846 apud

386 2863 709 2920 coriarium
750 2860 1180 2917 diversabatur.

457 2951 523 3021 Χ,
550 2952 739 3009 10-13.
797 2975 817 3000 ι
862 2951 1043 3005 Irruit
1079 2967 1259 3022 super
1305 2966 1443 3006 eum
1475 2950 1694 3006 mentis
1743 2967 2044 3025 excessus,

391 3065 421 3093 α
457 3042 730 3115 videtque
762 3041 978 3097 ccelum
1008 3046 1303 3112 apertum,
1338 3047 1397 3095 et
1426 3040 1798 3097 descendens
1855 3042 1930 3097 ad
1983 3060 2046 3100 se

396 3154 424 3183 ‹‹
454 3148 555 3188 vas
613 3131 915 3203 quoddam
966 3130 1126 3186 velut
1172 3130 1422 3185 linteum
1473 3146 1753 3203 magnum
1793 3138 2049 3203 quatuor

390 3242 421 3276 ι
455 3222 643 3278 initiis
677 3222 1009 3294 alligatum,
1059 3221 1331 3277 submitti
1355 3238 1390 3277 a
1421 3221 1567 3277 ccelo
1600 3222 1663 3276 in
1693 3227 1910 3277 terram
1937 3239 1950 3276 :
1983 3223 2045 3278 in

389 3332 422 3366 κ
453 3329 569 3385 quo
601 3318 773 3368 erant
802 3312 1007 3367 omnia
1031 3311 1443 3384 quadrupedia
1473 3312 1956 3380 terraa,etbestiaz
1979 3329 2047 3368 ac

397 3422 421 3452 ι
452 3402 712 3475 reptilia,
743 3401 1129 3473 volatiliaque
1168 3400 1321 3457 coeli.
1369 3402 1439 3455 Et
1490 3401 1647 3457 facta
1699 3406 1788 3457 est
1815 3419 1923 3457 vox
1972 3402 2046 3458 ad

395 3514 424 3543 ιι
459 3508 615 3548 eum.
652 3513 680 3541 υ

469 3582 755 3641 Ἐκστασις
789 3580 1089 3651 significat
1117 3584 1177 3635 et
1206 3580 1753 3635 consternationem
1815 3596 1946 3652 quae
1991 3581 2053 3636 in

393 3673 791 3731 admiratione
806 3670 1328 3745 contingit,etcum
1356 3676 1522 3726 extra
1540 3670 2053 3728 sensibiliafactus

394 3763 690 3836 quispiam
726 3761 800 3817 ad
834 3760 1174 3834 spiritualia
1203 3760 1537 3816 deducitur.
1571 3761 1651 3815 Ex
1683 3760 1795 3817 hoc
1852 3763 2052 3834 itaque

396 3850 778 3908 manifestum
793 3850 891 3907 95
922 3855 1012 3906 est
1035 3850 1192 3921 quod
1226 3848 1554 3921 spiritualis
1576 3849 1850 3921 quaedam
1872 3849 2051 3905 veluti

391 3940 536 3997 visio
569 3940 681 4013 ipsi
708 3939 862 3995 facta
893 3939 1057 4001 sit.et
1081 3944 1369 4010 tanquam
1393 3936 1595 3992 anima
1612 3937 2052 4009 quodammodo

391 4047 426 4088 a
457 4045 703 4102 corpore
734 4026 1079 4084 excedente.
1132 4051 1157 4077 ‹‹
1186 4027 1501 4096 Videtque.
1537 4047 1565 4073 ››
1598 4028 1870 4083 Linteum
1905 4026 2054 4081 illud

392 4122 625 4192 signum
662 4124 787 4173 erat
817 4116 1071 4172 sublime
1102 4117 1363 4172 universi
1412 4118 1593 4172 orbis.
1625 4119 1888 4182 Quatuor
1916 4133 2052 4172 vero

392 4207 567 4263 initia
597 4211 855 4278 quatuor
888 4209 1031 4260 sunt
1087 4205 1405 4259 elementa.
1459 4207 1571 4260 Vas
1616 4212 1814 4261 autem
1872 4222 2052 4277 appa-

391 4313 533 4353 rens
564 4294 919 4350 crassiorem
955 4293 1229 4366 designat
1285 4293 1600 4350 mundum.
1660 4295 1841 4350 Porro
1891 4295 2051 4349 varia

389 4384 722 4443 animantia
761 4384 929 4457 signa
984 4388 1123 4438 sunt
1180 4388 1368 4438 status
1419 4384 1751 4439 hominum.
1798 4386 1934 4450 Aut,
1988 4389 2054 4439 ut

392 4475 656 4547 apertius
680 4471 1136 4537 dicam,sindon
1169 4479 1260 4528 est
1307 4473 1588 4529 Ecclesia.
1652 4474 1859 4529 Bestiae
1915 4489 2050 4529 vero

392 4580 524 4638 quaa
557 4563 617 4618 in
652 4579 722 4618 ea
747 4568 939 4630 erant,
1000 4568 1208 4635 gentes
1265 4570 1425 4617 sunt.
1478 4562 1798 4618 Ecclesiam
1848 4564 2049 4634 itaque

391 4653 702 4726 conspexit
732 4660 986 4724 quatuor
1042 4651 1372 4725 Evangeliis
1430 4652 1754 4725 alligatam,
1811 4654 1873 4708 in
1933 4671 2051 4725 qua

388 4752 559 4803 erant
588 4760 796 4800 omnes
823 4749 1050 4816 gentes.

460 4836 529 4904 Χ,
566 4836 745 4891 13-29.
780 4859 804 4883 ιι
843 4836 1045 4906 Surge.
1071 4834 1263 4903 Petre,
1297 4838 1492 4889 macta
1547 4838 1607 4888 et
1650 4850 1905 4890 vescere.
1952 4833 2053 4891 Ait

394 4948 421 4973 ιι
456 4931 655 4980 autem
685 4927 897 4979 Petrus
925 4939 939 4977 :
973 4924 1380 4994 Nequaquam,
1412 4924 1682 4992 Domine,
1725 4924 1865 4995 quia
1894 4941 2051 4979 nun-

396 5037 423 5064 ‹‹
458 5030 636 5086 quam
667 5013 762 5068 edi
785 5012 1115 5083 quidquam
1134 5029 1451 5068 commune
1484 5020 1543 5069 et
1567 5014 2053 5070 immundum.Et

398 5125 426 5154 ‹‹
460 5120 569 5158 vox
589 5119 796 5158 rursus
848 5100 922 5156 ad
954 5117 1127 5157 eum:
1187 5102 1354 5167 Quod
1394 5104 1549 5159 Deus
1599 5105 1933 5176 puriﬁcavit
1986 5110 2051 5159 tu

397 5216 423 5243 ‹‹
459 5209 775 5249 commune
817 5208 890 5247 ne
947 5191 1190 5248 dixeris.
1242 5193 1361 5248 Hoc
1392 5200 1591 5250 autem
1627 5196 1796 5250 tertio
1828 5195 2050 5252 factum

396 5304 421 5331 ‹‹
456 5288 564 5338 est.
599 5282 669 5336 Et
696 5297 932 5337 rursum
953 5288 1259 5353 receptum
1292 5288 1382 5337 est
1409 5300 1508 5338 vas
1533 5284 1595 5339 in
1626 5285 2052 5340 cmlumDum-

397 5392 421 5423 ι
455 5388 572 5444 que
601 5371 757 5443 apud
800 5387 928 5426 sese
961 5371 1265 5427 haesitaret
1318 5376 1525 5428 Petrus
1588 5391 1862 5444 qua'nam
1896 5381 2055 5432 esset.

393 5488 421 5516 ‹‹
457 5463 603 5520 visio
634 5477 813 5534 quam
845 5460 1255 5519 vidisset,ecce
1277 5463 1383 5517 viri
1417 5464 1516 5533 qui
1570 5463 1739 5519 missi
1790 5470 1963 5520 erant
2017 5482 2054 5522 a

392 5578 419 5605 ‹‹
457 5550 730 5608 Cornelio
762 5550 1092 5622 percontati
1117 5549 1191 5604 de
1212 5549 1389 5606 domo
1414 5552 1697 5619 Simonis,
1734 5554 2054 5611 astiterunt

397 5666 424 5694 ιι
460 5641 534 5699 ad
570 5644 900 5710 januam,et
920 5644 1156 5695 evocato
1188 5641 1467 5712 quopiam
1501 5642 1948 5716 interrogabant
1974 5662 2051 5701 an

405 5754 427 5783 ι
462 5732 666 5788 Simon
692 5729 794 5802 qui
825 5728 1349 5803 cognominaretur
1379 5732 1607 5798 Petrus,
1642 5732 1888 5790 haberet
1927 5735 2055 5793 illic

402 5844 428 5870 «
462 5821 804 5892 hospitium.
840 5821 1011 5875 Petro
1046 5835 1177 5873 vero
1209 5819 1502 5891 cogitante
1533 5821 1603 5877 de
1639 5823 1881 5894 visione,
1906 5824 2053 5881 dixit

2157 2076 2185 2104 (ι
2216 2073 2324 2107 των
2353 2048 2596 2120 ἐκείνων,
2630 2047 2794 2121 ἀνέϐη
2847 2052 3051 2128 Πέτρος
3110 2050 3200 2106 ἐπὶ
3258 2051 3320 2107 τὸ
3379 2048 3540 2125 δῶμα
3592 2048 3839 2124 προσεύ-

2162 2141 2394 2210 «ξασθαι
2424 2139 2548 2216 περὶ
2576 2138 2720 2215 ὥραν
2779 2137 2966 2211 ἕκτην.
3028 2140 3278 2217 Ἐγένετο
3338 2137 3397 2196 δὶ
3451 2140 3827 2213 πρόσπεινος,

2162 2256 2182 2281 ι
2215 2231 2304 2301 καὶ
2339 2231 2504 2300 ἤθελε
2531 2231 2838 2306 γεύσασθαι·
2874 2227 3454 2305 παρασκευαζόντωνδὶ
3501 2228 3742 2291 ἐκείνων,

2226 2411 2367 2482 "Op:
2412 2409 2475 2464 τὸ
2531 2407 2757 2483 ἄτυφον.
2820 2409 2900 2491 ρύ
2978 2409 3083 2485 γὰρ
3170 2409 3305 2475 εἶπε,
3386 2403 3659 2464 Καλέσατέ
3720 2390 3836 2484 μοι

2157 2500 2226 2554 ul
2368 2516 2381 2530 .
2485 2498 2498 2519 ν
2612 2498 2627 2517 ε
2794 2498 2804 2518 ν
2841 2521 2849 2534 .
3012 2499 3027 2517 κ
3170 2503 3193 2515 ··
3394 2497 3406 2519 ν
3698 2496 3712 2515 ν
3766 2498 3780 2514 ⁸

2207 2519 2357 2573 ετρον
2444 2519 2505 2553 ου
2568 2519 2671 2573 γαρ
2715 2499 2869 2569 ἠξιο)
2928 2497 3036 2554 ἀπο
3099 2520 3197 2554 του
3281 2497 3595 2573 ἆξιωματος
3654 2519 3834 2554 αυτον

2160 2586 2633 2663 μεταπέμψασθαι.
2680 2588 2777 2643 Διὰ
2827 2592 2991 2643 τοῦτο
3049 2587 3358 2667 ἐξηγήσατο
3418 2587 3649 2655 ἅπαντα,
3680 2587 3840 2647 ὥστ.

2155 2678 2245 2734 καὶ
2285 2683 2491 2734 πεῖσαι.
2521 2678 2680 2736 Οὖτω
2714 2679 2934 2754 μέτριος
2966 2679 3033 2748 ἦν
3065 2679 3093 2734 6
3136 2680 3295 2753 ἀνήρ.
3357 2678 3461 2737 Καί
3516 2699 3601 2734 τοι
3662 2675 3839 2734 οὐδὲν

2160 2770 2303 2851 μέγα
2328 2778 2697 2850 φαντασθῆναι
2735 2773 2801 2842 ἦν
2832 2773 2957 2849 περί
2987 2769 3182 2849 ἀνδρὸς
3230 2769 3615 2851 καταγομένου
3672 2772 3837 2846 παρᾶ

2162 2863 2372 2938 βυρσεῖ.
3426 2918 3430 2923 ,

2229 2976 2259 3005 ‹‹
2294 2950 2578 3007 Ἐπέπεσεν
2636 2951 2719 3006 ἐπ’
2777 2950 2940 3006 αὐτὸν
3000 2949 3271 3010 ἔκστασις.
3322 2951 3426 3009 Καὶ
3484 2952 3681 3027 θεωρεῖ
3729 2950 3826 3007 τὸν

2157 3067 2185 3096 (ι
2232 3041 2459 3118 οὐρανὸν
2518 3041 2887 3118 ἀνεῳγμένον,
2945 3043 3035 3097 καὶ
3093 3036 3424 3098 καταϐαῖνον
3511 3040 3594 3096 ἐπ’
3651 3039 3825 3097 αὐτὸν

2164 3153 2187 3184 ι
2221 3131 2409 3194 σκεῦός
2460 3152 2516 3187 τι
2559 3131 2634 3193 ὡς
2693 3130 2889 3201 ὀθόνην
2945 3131 3216 3210 μεγάλην,
3274 3137 3558 3206 τέσσαρσιν
3613 3129 3831 3207 ἀρχαῖς

2159 3218 2535 3295 «δεδεμένον,
2585 3219 2676 3275 καὶ
2734 3222 3053 3294 καθιέμενον
3114 3219 3203 3275 ἐπὶ
3287 3227 3390 3290 τῆς
3468 3227 3595 3295 γῆς,
3656 3216 3708 3274 ἐν
3778 3222 3829 3295 ᾦ

2166 3334 2186 3362 ι
2228 3312 2447 3387 ὑπῆρχε
2471 3308 2646 3365 πάντα
2674 3308 2741 3365 τὰ
2772 3307 3080 3385 τετράποδα
3125 3312 3225 3375 τῆς
3255 3316 3381 3385 γῆς,
3439 3309 3527 3364 καὶ
3589 3310 3657 3365 τὰ
3716 3320 3837 3381 θη-

2162 3423 2192 3453 ‹‹
2224 3399 2335 3475 ρία,
2366 3399 2553 3455 καὶτὰ
2611 3399 2830 3471 ἑρπετὰ,
2886 3399 2975 3455 καὶ
3037 3400 3103 3455 τὰ
3142 3399 3363 3455 πετεινὰ
3410 3403 3507 3455 τοῦ
3564 3399 3832 3475 οὐρανοῦ.

2166 3513 2194 3542 ι(
2226 3490 2328 3546 Καὶ
2362 3486 2576 3566 ἐγένετο
2607 3490 2761 3565 φωνή
2793 3488 2931 3562 πρὸς
2960 3489 3145 3546 αὐτόν.
3182 3512 3210 3541 »

2231 3580 2295 3636 Ἡ
2353 3573 2601 3641 ἔκστασις
2656 3576 2825 3648 δηλοῖ
2879 3579 2970 3634 καὶ
3029 3580 3129 3649 τὴν
3204 3578 3293 3635 ἐπὶ
3351 3585 3663 3655 θαυμασμῷ
3733 3574 3837 3635 ἔκ-

2161 3669 2498 3741 πληξιν,καὶ
2528 3668 2592 3725 τὸ
2649 3666 2750 3740 ἔξω
2808 3673 2914 3724 τῶν
2985 3669 3257 3741 αἰσθητῶν
3308 3667 3552 3747 γενέσθαι
3610 3667 3698 3726 ἐπὶ
3763 3673 3840 3727 τὰ

2161 3761 2505 3833 πνευματικᾶ
2561 3756 2963 3836 ὁδηγούμενον.
3025 3759 3118 3816 Ἐκ
3208 3759 3407 3816 τούτου
3492 3756 3664 3831 δῆλον
3737 3761 3837 3819 ὅτι

2160 3850 2503 3921 πνευματική
2562 3868 2643 3909 τις
2700 3847 2894 3903 ὡσανεὶ
2954 3849 3156 3919 θεωρία
3211 3846 3433 3925 γέγονεν
3493 3847 3666 3920 αὐτῷ,
3716 3854 3833 3906 τοῦ

2162 3939 2439 4010 σώματος,
2472 3937 2548 3999 ὡς
2599 3935 2660 3992 ἑίν
2714 3935 2862 3992 εἷ’ποι
2910 3958 3014 4006 τις,
3049 3935 3392 4007 ἐξεστηκυίας
3441 3943 3543 4007 τῆς
3602 3942 3833 4013 ψυχῆς.

2165 4026 2321 4081 «Καὶ
2351 4028 2561 4102 θεωρεῖ.
2616 4050 2643 4078 ››
2704 4021 2998 4099 Σύμϐολον
3056 4033 3159 4096 τῆς
3213 4027 3543 4102 οἰκουμένης
3599 4027 3830 4101 ἀπάσης

2161 4115 2482 4190 ἀκρότατον,
2534 4116 2635 4185 τήν
2697 4115 2889 4187 ὀθόνην
2947 4114 3179 4187 ἐκείνην.
3242 4118 3308 4174 Αἱ
3337 4112 3395 4173 δὲ
3433 4117 3686 4194 τέσσαρες
3720 4117 3831 4193 ἀρ-

2163 4204 2262 4282 χαὶ
2315 4205 2383 4261 τὰ
2437 4205 2676 4278 τέσσαρα
2733 4211 2985 4286 στοιχεῖα
3044 4204 3297 4277 δηλοῦσι.
3378 4207 3447 4263 Τὸ
3524 4206 3582 4261 δὲ
3655 4208 3833 4285 φανὲν

2162 4299 2351 4359 σκεῦος
2373 4296 2465 4350 τὸν
2501 4295 2812 4372 παχύτερον
2847 4296 3055 4371 κόσμον
3112 4296 3389 4372 σημαίνει.
3449 4298 3533 4355 Τὰ
3589 4296 3648 4353 δὶ
3705 4296 3841 4355 διά-

2161 4407 2303 4467 φορα
2361 4391 2495 4459 ζῶα,
2565 4393 2665 4457 τῆς
2723 4391 2831 4443 τῶν
2885 4387 3220 4463 ςάνθρώπων
3278 4387 3390 4445 ἐστί
3449 4390 3847 4454 καταστάσεως

2162 4473 2438 4549 σύμϐολα.
2493 4480 2587 4545 ”Η,
2641 4476 2727 4531 ἳνα
2780 4476 3105 4553 σαφέστερον
3167 4475 3325 4546 ε’ίπω,
3361 4474 3556 4534 σινδὼν
3616 4481 3650 4549 ἠ
3699 4480 3844 4537 Ἐκ·-

2160 4563 2385 4636 κλησία.
2419 4567 2500 4623 Τὰ
2532 4565 2590 4620 δὲ
2619 4564 2670 4620 ἐν
2730 4564 2870 4639 αὖτῇ
2930 4566 3115 4640 θηρία,
3169 4567 3224 4622 οἱ
3276 4566 3328 4638 ἐξ
3387 4568 3577 4625 ἐθνῶν.
3641 4567 3846 4632 Ἑθεά-

2161 4675 2291 4712 σατο
2337 4656 2521 4711 τοίνυν
2579 4657 2679 4726 τήν
2745 4655 3072 4727 Ἐκκλησίαν
3123 4657 3404 4731 τέσσαρσιν
3458 4653 3847 4733 Εὐαγγελίοις

2076 4735 2122 4799 D
2155 4744 2466 4821 δεδεμένην,
2499 4744 2550 4800 ἐν
2652 4746 2874 4825 ὑπῆρχε
2904 4747 3081 4803 πάντα
3110 4748 3177 4803 τὰ
3200 4743 3349 4818 ἔθνη.

2232 4862 2259 4888 ‹‹
2295 4834 2576 4901 Ἀναστὰς,
2613 4837 2798 4910 Πέτρε,
2834 4840 2993 4899 θῦσον
3026 4836 3117 4891 καὶ
3174 4837 3336 4915 φάγε.
3390 4838 3451 4895 Ὀ
3511 4834 3569 4892 δὲ
3617 4839 3848 4912 Πέτρος

2156 4918 2187 4977 ὶι
2220 4926 2361 4993 εἷπε,
2395 4921 2705 4998 Μηδαμῶς,
2743 4924 2923 4997 Κύριε,
2987 4924 3071 4980 ὅτι
3134 4924 3259 4981 οὐδε
3292 4947 3428 4982 ποτε
3457 4922 3657 5005 ἔφαγον
3714 4932 3842 4985 πᾶν

2165 5038 2191 5067 ι(
2221 5014 2401 5071 κοινὸν
2434 5016 2468 5084 ἢ
2499 5013 2824 5089 ἀκάθαρτον.
2881 5015 2982 5070 Καὶ
3042 5018 3197 5093 φωνή
3235 5013 3400 5072 πάλιν
3455 5016 3514 5071 ἐκ
3567 5013 3842 5093 δευτέρου

2161 5129 2188 5157 ‹‹
2222 5105 2360 5177 πρὸς
2392 5102 2569 5160 αὐτόν.
2603 5105 2673 5162 Ἀ
2704 5104 2833 5167 Θεὸς
2865 5102 3167 5181 ἐκαθάρισε,
3201 5105 3263 5160 σὺ
3302 5106 3379 5180 μὴ
3402 5105 3606 5163 κοίνου.
3643 5108 3847 5165 Τοῦτο

2164 5219 2191 5247 ‹‹
2226 5191 2283 5249 δὲ
2315 5193 2527 5269 ἐγένετο
2560 5193 2648 5249 ἐπὶ
2675 5194 2813 5268 τρίς.
2863 5195 2964 5251 Καὶ
3000 5193 3166 5251 πάλιν
3197 5193 3486 5272 ἀνελήφθη
3521 5197 3582 5253 τὸ
3636 5202 3851 5262 σκεῦος

2161 5309 2189 5337 ι(
2224 5284 2299 5347 είς
2334 5285 2426 5341 τὸν
2451 5283 2701 5359 οὐρανόν.
2734 5284 2823 5346 Ὠς
2885 5281 2943 5339 δὲ
2990 5282 3042 5339 ἐν
3096 5286 3270 5357 ἑαυτῷ
3330 5281 3586 5359 διηπόρει
3645 5286 3672 5342 6
3735 5286 3859 5343 Πέ-

2171 5400 2196 5431 ιι
2227 5396 2357 5453 τρος
2378 5377 2431 5432 τί
2462 5376 2521 5431 ἄν
2554 5374 2638 5447 εἴη
2670 5377 2733 5432 τὸ
2765 5378 2947 5453 ὅραμα
2978 5377 3007 5432 6'
3038 5372 3170 5448 εἶδε,
3200 5380 3292 5434 καὶ
3314 5376 3433 5435 ἰδοὺ
3472 5380 3525 5434 οἱ
3556 5377 3742 5454 ἄνδρες
3781 5383 3855 5439 οἱ

2167 5491 2194 5518 ‹‹
2227 5465 2628 5539 ἀπεσταλμένοι
2679 5466 2784 5521 ἀπὸ
2845 5470 2943 5521 τοῦ
3002 5465 3340 5542 Κορνηλίου,
3399 5466 3858 5545 διερωτήσαντες

2165 5581 2192 5608 ‹‹
2226 5559 2324 5628 τὴν
2360 5554 2537 5612 οἰκίαν
2575 5555 2847 5630 Σίμωνος,
2881 5554 3177 5627 ἐπέστησαν
3208 5557 3296 5613 ἐπὶ
3331 5559 3417 5614 τὸν
3452 5557 3700 5628 πυλῶνα,
3728 5562 3851 5619 καὶ

2166 5671 2193 5700 ιι
2226 5649 2573 5725 φωνήσαντες
2602 5636 2963 5702 ἐπυνθάνοντο
3022 5647 3068 5703 εί
3126 5648 3318 5721 Σίμων
3370 5650 3398 5705 ὁ
3456 5648 3847 5720 ἐπικαλούμε-

2164 5761 2193 5789 ‹‹
2222 5757 2315 5799 νος
2344 5738 2545 5812 Πέτρος
2578 5733 2764 5792 ἐνθάδε
2790 5736 3067 5807 ξενίζεται.
3127 5739 3241 5795 Τοῦ
3299 5735 3359 5794 δὲ
3416 5737 3624 5815 Πέτρου
3666 5737 3852 5795 ἐνθυ-

2166 5854 2192 5880 ‹‹
2231 5830 2509 5904 μουμένου
2541 5828 2663 5904 περὶ
2694 5833 2791 5884 τοῦ
2824 5829 3125 5906 ὁράματος,
3159 5830 3307 5886 εἶπεν
3357 5829 3506 5906 αὐτῷ
3544 5832 3608 5888 τὸ
3655 5832 3847 5889 πνιῦ-
