4112 6454
318 419 433 481 183

1385 417 1799 482 CECUMENH
1847 419 2154 481 ΤΗΙΕΩΛΕ
2196 420 2648 484 EPISCOPUS.

3617 416 3738 479 184

311 575 496 634 perne
519 557 730 614 viderit
749 555 880 611 etin
894 555 1115 611 mentis
1137 571 1384 612 excessu
1415 556 1671 628 positus,
1708 556 1807 611 97
1845 561 1969 612 tum

2102 555 2165 609 ιαὶ
2194 554 2258 610 τὸ
2280 557 2469 634 φωνὴν
2500 552 2698 620 ἐκεῖθεν
2741 553 3055 635 ἐνεχθῆναι,
3087 555 3179 612 καὶ
3230 556 3295 613 τὸ
3342 552 3463 630 τρὶς
3517 552 3744 626 ὁμολο-Δ

316 648 473 721 quod
507 665 613 702 vox
642 647 782 702 inde
812 645 1211 713 descenderit,
1245 651 1304 701 et
1326 646 1483 718 quod
1509 646 1681 701 tertio
1711 646 1817 701 illa
1847 663 1976 703 esse

314 740 548 810 impura
572 743 820 792 testatus
844 737 1245 793 sit.Praeterea
1268 738 1426 808 quod
1455 753 1485 792 e
1509 738 1655 793 ocelo
1680 739 1974 805 venerint,

314 844 501 901 eoque
526 833 782 882 retracta
813 826 954 892 sint,
990 843 1271 900 maguum
1304 834 1395 881 est
1417 827 1974 898 purificationisar-

315 923 662 992 gumentum
697 917 817 971 Hoc
838 923 1036 971 autem
1068 923 1313 988 propter
1334 917 1471 971 illos
1492 923 1691 972 actum
1726 923 1817 972 est
1843 917 1976 987 qui-

316 1006 429 1064 bus
460 1006 841 1079 postmodum
878 1021 999 1060 rem
1021 1012 1373 1061 narraturus
1405 1009 1652 1076 est.lpse
1674 1006 1975 1077 siquidem

319 1097 614 1165 audierat,
647 1120 675 1148 ‹‹
710 1098 776 1152 In
808 1096 954 1151 viam
981 1095 1250 1165 gentium
1271 1112 1346 1150 ne
1377 1094 1732 1152 abieritis“.
1763 1120 1789 1145 »ι
1811 1095 1977 1162 Quod

317 1187 463 1244 item
484 1203 594 1243 vox
627 1187 800 1241 tertio
832 1184 987 1241 facta
1017 1189 1128 1245 est.
1168 1185 1431 1241 ostendit
1455 1184 1569 1258 ipsi
1603 1184 1849 1241 visionis
1878 1200 1975 1240 ve-

317 1276 578 1333 ritatem.
614 1274 990 1331 Manifestum
1021 1279 1111 1330 est
1127 1279 1326 1330 autem
1350 1273 1510 1346 quod
1531 1290 1652 1330 non
1684 1273 1757 1330 de
1785 1272 1978 1330 omni-

320 1365 432 1422 bus
463 1365 613 1422 cibis
643 1364 1096 1437 pronuntiatum
1129 1380 1258 1419 esse
1309 1380 1646 1419 sermonem
1698 1364 1977 1430 voluerit,

325 1472 443 1529 quo
474 1456 594 1511 ait:
629 1475 658 1505 «
690 1455 1005 1526 Nunquam
1037 1454 1130 1510 edi
1162 1454 1485 1526 quidquam
1532 1458 1848 1510 commune
1879 1460 1982 1510 aut

324 1544 725 1613 immundum,
754 1566 782 1593 ››
806 1551 869 1600 ut
901 1550 961 1600 et
990 1544 1167 1600 boves
1199 1549 1257 1599 et
1280 1561 1473 1617 capras
1497 1561 1753 1617 avesque
1783 1561 1851 1601 ac
1879 1562 1980 1601 vo-

321 1632 518 1689 lucres
549 1633 892 1690 communia
921 1632 1078 1705 apud
1100 1649 1238 1688 eum
1271 1632 1636 1696 dicerentur.
1668 1650 1802 1689 cum
1827 1652 1862 1690 a
1881 1636 1983 1692 Ju-

324 1723 469 1781 dmis
500 1730 667 1779 ortus
699 1729 859 1779 esset
892 1725 1121 1778 Petrus.
1158 1726 1301 1779 Nam
1333 1723 1520 1779 Judaei
1542 1740 1751 1780 carnes
1775 1724 1981 1795 edunt,

323 1830 437 1872 nec
466 1814 624 1886 apud
655 1831 756 1870 eos
789 1813 1169 1871 interdicitur
1195 1814 1464 1870 carnium
1502 1831 1641 1871 esus
1693 1815 1838 1870 Cum
1880 1816 1985 1872 ita-

2078 650 2247 719 γῆσαι
2278 644 2363 699 ὅτι
2392 645 2670 720 ἀκάθαρτα
2698 648 2763 715 ἦν
2796 644 2992 702 ἐκεῖνα.
3029 646 3129 701 Καὶ
3184 646 3247 701 τὸ
3293 644 3494 709 ἐκεῖθεν
3554 645 3737 715 ἣκειν,

2079 735 2166 789 καῖ
2201 734 2264 790 τὸ
2295 733 2407 790 ἐκεῖ
2434 736 2867 805 ἀνασπασθῆναι,
2904 735 3039 811 μέγα
3085 733 3281 811 δεῖγμα
3328 735 3736 805 καθαρότητος.

2078 828 2254 880 Τοῦτο
2286 823 2343 880 δὲ
2371 827 2576 899 γίνεται
2610 823 2700 881 διὰ
2727 826 2855 887 τοὺς
2893 827 3029 900 μετά
3058 830 3228 882 ταῦτα
3271 826 3358 886 οἷς
3407 823 3603 899 μέλλει
3654 822 3748 896 ἐξ-

2080 916 2347 984 ηγεῖσθαι.
2393 914 2544 971 Ἐπεὶ
2583 913 2743 977 αὐτὸς
2786 916 2990 983 ἤκουσε
3042 914 3129 970 τό’
3198 940 3225 967 «ι
3261 914 3354 979 Εἷς
3403 914 3527 970 ὁδὸν
3573 913 3746 971 ἐθνῶν

2084 1005 2158 1075 μὴ
2193 1001 2489 1073 ἀπέλθητε.
2528 1029 2556 1055 ι)
2587 1006 2661 1061 Τὸ
2693 1001 2750 1059 δὲ
2779 1003 2870 1060 ἐπὶ
2928 1006 3047 1069 τρὶς
3098 1005 3196 1073 τήν
3242 1007 3429 1086 φωνὴν
3474 1002 3745 1078 γενέσθαι,

2082 1089 2350 1148 δείκνυσιν
2378 1093 2527 1165 αὐτῷ
2558 1094 2621 1151 τὸ
2673 1094 2878 1166 ἀληθὲς
2934 1101 3035 1165 τῆς
3096 1094 3381 1156 ὀπτασίας.
3445 1091 3623 1163 Δῆλον
3684 1090 3749 1148 δέ

2084 1180 2226 1238 ἐστιν
2260 1182 2343 1238 ὅτι
2379 1185 2454 1258 μή
2487 1185 2626 1240 κατά
2654 1184 2867 1239 πάντων
2900 1188 3008 1240 τῶν
3042 1184 3353 1260 βρωμάτων
3417 1180 3748 1254 διεξεληλυ-

2085 1272 2236 1337 θέναι
2281 1273 2375 1329 τὸν
2435 1271 2604 1349 λόγον
2664 1268 2951 1342 ἐϐούλετο,
3004 1278 3085 1347 τῷ
3137 1272 3341 1349 λέγειν,
3402 1272 3484 1329 δτι
3546 1269 3749 1329 «Οὖδέ

2082 1381 2215 1416 ποτε
2246 1356 2442 1439 ἔφαγον
2475 1362 2658 1419 κοινὸν
2716 1363 2809 1418 καὶ
2868 1362 3196 1438 ἀκάθαρτον,
3227 1389 3253 1414 ιι
3311 1362 3387 1424 ὡς
3444 1361 3534 1418 καὶ
3586 1361 3749 1437 βόας,

2082 1450 2172 1506 καὶ
2230 1453 2391 1529 αἱγας
2448 1453 2537 1508 καὶ
2589 1446 2843 1528 πρόϐατα
2898 1453 2989 1507 καὶ
3047 1447 3223 1525 ὄρνεις
3277 1453 3434 1507 κοινᾶ
3490 1449 3748 1527 λέγεσθαι

2084 1541 2518 1617 παράύτῷ,τῷ
2550 1543 2599 1612 εξ
2661 1538 2936 1597 Ἰουδαίων
3003 1542 3275 1618 ὁρμᾶσθαι
3326 1541 3547 1617 Πέτρον.
3602 1543 3751 1598 Ἴου-

2086 1629 2231 1687 δαῖοι
2259 1632 2363 1708 γὰρ
2396 1634 2595 1709 σάρκας
2627 1632 2889 1699 ἐσθίουσι,
2953 1634 3045 1689 καὶ
3094 1634 3410 1711 κρεωφαγία
3461 1634 3588 1709 παρ’
3645 1631 3752 1688 αύ-

2085 1727 2205 1785 τοῖς
2238 1721 2337 1778 οὐκ
2364 1722 2736 1797 ἀπηγόρευται
2814 1724 2954 1798 Ἀρα
3010 1724 3104 1779 οὗν
3163 1723 3335 1780 αὐτοῦ
3395 1717 3752 1798 βεϐρωκότος

2086 1812 2175 1869 ἀπ’
2211 1812 2478 1888 ἀρχῆς,ἣ
2511 1813 2602 1869 καὶ
2656 1809 2761 1874 ἕως
2819 1816 2917 1869 τοῦ
2975 1819 3303 1881 συναντῆσαι
3355 1818 3749 1886 τῷιεξΣωτῆρι,

325 1920 442 1977 que
473 1904 599 1977 ipse
630 1903 889 1960 abinitio
913 1904 1265 1970 edisset,aut
1281 1905 1491 1960 saltem
1519 1905 1710 1960 donec
1741 1905 1815 1961 ad
1848 1905 1981 1961 Sal-

328 1999 591 2047 vatorem
623 1993 993 2047 accessisset.
1038 1993 1425 2047 manifestum
1486 1999 1576 2047 est
1623 1999 1782 2047 certe
1827 1994 1986 2047 auod

2102 1907 2208 1963 πῶς
2237 1901 2343 1957 οὐκ
2370 1900 2484 1957 ἔστι
2514 1899 2686 1972 δῆλον
2712 1901 2795 1959 ὅτι
2822 1902 2888 1957 οὗ
2936 1903 3073 1957 κατά
3129 1902 3344 1960 πάντων
3396 1902 3499 1959 ἀπε
3543 1905 3747 1973 ήνατο,

2102 2016 2126 2046 κ
2159 1991 2239 2047 Τὸ
2276 1991 2459 2047 κοινὸν
2490 1991 2582 2046 καὶ
2611 1991 2939 2047 ἀκάθαοτον.
2970 2014 3000 2044 »
3034 1988 3182 2046 ἀλλά
3218 1990 3339 2047 περὶ
3371 1989 3445 2046 ὧν
3496 1924 3683 2047 gmw
3717 1989 3747 2045 ὁ

328 1999 591 2051 vatorem
623 1993 993 2061 accessisset,
1038 1993 1425 2050 manifestum
1486 1999 1576 2050 est
1623 1999 1782 2050 certe
1827 1994 1987 2066 quod

335 2100 459 2142 non
490 2083 906 2141 universaliter
932 2083 1426 2155 pronuntiaverit,
1469 2084 1675 2140 dicens
1707 2101 1721 2140 :
1751 2108 1779 2135 «
1812 2085 1987 2141 Com-

334 2190 518 2232 mune
549 2178 605 2230 et
636 2173 1088 2243 immundum,»
1116 2174 1220 2230 sed
1243 2174 1314 2231 de
1338 2174 1430 2230 his
1454 2191 1586 2246 quas
1609 2173 1705 2230 lex
1721 2190 1987 2230 commu-

336 2264 439 2321 nia
467 2263 701 2321 dicebat
728 2269 787 2319 et
816 2264 1147 2320 immunda.
1180 2267 1252 2321 Et
1280 2269 1481 2321 tamen
1513 2280 1649 2321 cum
1678 2263 1751 2319 de
1778 2264 1871 2320 his
1900 2264 1991 2321 fa-

329 2354 492 2412 beret
520 2356 731 2411 Petrus
777 2370 1138 2423 sermonem,
1191 2372 1322 2428 quas
1362 2356 1425 2411 in
1470 2354 1597 2429 lege
1645 2355 1991 2412 communia

331 2449 504 2500 erant
533 2450 593 2501 et
622 2444 952 2507 immunda,
987 2446 1142 2501 Deus
1174 2445 1275 2516 qui
1298 2451 1517 2501 sanctis
1548 2445 1765 2501 Christi
1795 2445 1992 2501 Eccle-

334 2533 438 2590 sim
480 2534 715 2607 signum
746 2534 1091 2595 tradiderat,
1127 2535 1279 2590 nihil
1309 2535 1422 2607 ipsi
1450 2551 1770 2591 commune
1794 2534 1990 2590 existi.

331 2623 618 2680 mandum
650 2623 925 2690 ducebat,
959 2624 1161 2679 omnia
1189 2639 1452 2696 namque
1475 2624 1586 2696 ipsi
1612 2623 1836 2679 munda
1852 2628 1993 2678 sunt

334 2733 365 2762 ιι
396 2729 531 2783 quae
563 2729 698 2768 cum
727 2713 1053 2787 gratiarum
1083 2713 1318 2769 actione
1372 2720 1693 2768 sumuntur
1720 2711 1788 2767 9'.
1817 2736 1845 2762 ιι
1877 2712 1988 2769 Sed

333 2818 680 2874 quanquam
699 2802 770 2858 de
786 2803 1055 2873 gentium
1069 2802 1371 2858 vocatione
1385 2802 1789 2858 subobscurus
1803 2818 1989 2859 sermo

328 2888 512 2948 fuerit
561 2907 638 2947 ne
668 2909 772 2948 eos
805 2893 908 2964 qui
947 2894 1010 2948 in
1068 2893 1360 2965 prmputio
1410 2897 1582 2948 erant
1637 2908 1989 2949 communes

329 2986 435 3037 aut
462 2981 730 3054 impuros
789 2998 920 3038 esse
963 2982 1252 3051 dicerent,
1310 2982 1469 3037 Petri
1532 2987 1734 3038 tamen
1791 2997 1987 3038 sermo

331 3069 608 3127 homines
638 3087 759 3128 non
791 3071 1160 3145 designabat,
1198 3070 1303 3128 sed
1336 3088 1406 3128 ea
1430 3087 1564 3144 quea
1597 3072 1659 3128 in
1715 3072 1842 3146 lege
1894 3072 1991 3128 in-

335 3160 589 3218 terdicta
618 3168 808 3232 erant,
841 3167 1020 3236 prout
1049 3161 1523 3219 demonstratum
1556 3166 1664 3218 est.

409 3272 435 3298 ιι
463 3253 769 3325 Interrogo
801 3269 938 3324 ergo
979 3269 1158 3324 quam
1218 3253 1291 3308 ob
1351 3267 1592 3308 causam
1650 3251 1989 3309 accersistis

333 3358 451 3400 me.
491 3361 520 3394 ι

403 3432 531 3487 Ιαω
563 3434 775 3487 Petrus
805 3448 932 3487 rem
965 3447 1205 3487 omnem
1239 3431 1419 3487 etiam
1477 3447 1512 3486 a
1557 3430 1851 3486 militibus
1884 3444 1989 3486 au-

334 3520 545 3587 dierat,
580 3521 684 3576 sed
724 3521 848 3576 vult
903 3521 1163 3594 primum
1218 3537 1320 3576 eos
1377 3519 1672 3587 confiteri,
1728 3536 1798 3575 ac
1853 3518 1989 3575 fidei

335 3609 607 3666 subditos
640 3610 817 3666 effici.

404 3700 480 3767 X,
510 3702 596 3755 30.
629 3722 657 3750 ‹‹
691 3702 761 3756 Et
789 3700 1100 3757 Cornelius
1133 3699 1280 3757 dixit
1308 3717 1321 3755 :
1352 3703 1396 3757 A
1429 3704 1639 3773 quarto
1694 3716 1885 3772 usque
1917 3698 1991 3755 ad

340 3811 368 3839 ‹‹
399 3789 553 3846 hanc
576 3789 783 3846 horam
815 3790 911 3845 die
935 3791 1306 3862 jejunabam,
1341 3796 1400 3846 et
1448 3791 1595 3846 hora
1640 3806 1803 3847 nona
1857 3805 1988 3846 ora-

336 3903 363 3932 (ι
397 3880 533 3936 bam
565 3880 628 3937 in
673 3881 850 3937 domo
883 3897 1033 3936 mea.
1070 3904 1097 3929 »ι

415 3970 656 4027 Videtur
686 3971 924 4028 hic'sibi
954 3972 1065 4044 ipsi
1097 3972 1461 4045 asperiorem
1494 3971 1723 4026 vivendi
1748 3970 1991 4027 modum

334 4061 683 4134 prmﬁxisse.
718 4061 897 4133 idque
930 4062 1109 4116 certis
1160 4060 1518 4131 quibusdam
1567 4060 1800 4115 diebus.
1854 4060 1992 4114 Ideo

333 4151 494 4206 enim
523 4150 705 4205 dixit:
738 4175 760 4197 α
789 4152 836 4205 Α
856 4156 1066 4220 quarto
1088 4149 1204 4204 die.
1233 4172 1260 4198 ν
1284 4149 1530 4214 Quando
1568 4166 1702 4220 ergo
1749 4155 1997 4220 apparet

330 4241 444 4311 ipsi
469 4239 737 4311 angelus,
766 4237 864 4292 his
889 4236 1016 4292 dies
1042 4253 1196 4292 unus
1248 4245 1357 4305 est,
1384 4238 1536 4293 alter
1564 4245 1761 4293 autem
1794 4239 1844 4293 is
1876 4254 1993 4309 quo

331 4326 737 4397 abierunt,qui
756 4342 790 4381 a
810 4326 1082 4383 Cornelio
1104 4326 1269 4381 missi
1292 4333 1479 4389 erant,
1510 4328 1721 4383 tertius
1743 4344 1861 4398 quo
1902 4345 1995 4385 ve-

338 4421 643 4481 nerunt,et
661 4420 874 4486 quarto
892 4415 1228 4486 comparuit
1256 4416 1496 4471 circiter
1516 4416 1725 4472 horam
1760 4418 1996 4474 tertiam

334 4511 651 4580 postquam
682 4504 887 4560 oravit.
919 4504 1021 4561 98
1051 4505 1190 4560 Vide
1213 4522 1351 4579 ergo
1376 4507 1738 4577 precationis
1766 4509 1994 4581 magni-

336 4595 647 4651 tudinem:
682 4594 921 4666 quando
953 4595 1216 4666 seipsum
1251 4595 1516 4668 provexit
1558 4595 1633 4652 ad
1691 4597 1994 4669 pietatem,

332 4692 484 4743 tunc
513 4691 763 4759 apparet
791 4685 903 4757 ipsi
936 4684 1207 4758 angelus.

399 4777 468 4841 Χ,
503 4778 691 4833 30-35.
727 4799 753 4826 ιι
788 4776 860 4831 Et
889 4792 1027 4832 ecce
1054 4775 1143 4830 vir
1167 4775 1333 4848 stetit
1358 4792 1557 4833 coram
1590 4794 1686 4835 me
1733 4778 1796 4833 in
1826 4785 1989 4836 veste

332 4886 358 4918 ι
394 4865 713 4938 splendida
743 4866 853 4938 (vir
877 4865 1025 4922 dicit
1054 4872 1114 4920 et
1143 4882 1263 4922 non
1294 4866 1545 4937 angelus,
1581 4867 1728 4924 adeo
1781 4869 1988 4927 mode-

331 4980 358 5009 ‹‹
381 4965 508 5014 stus
526 4964 695 5028 erat),
727 4964 788 5012 et
812 4959 927 5013 ait:
953 4959 1208 5019 Corneli.
1235 4959 1512 5016 exaudita
1538 4966 1628 5016 est
1651 4962 1988 5033 deprecatio

330 5070 358 5099 ‹‹
394 5053 517 5109 tua.
551 5053 609 5102 et
639 5047 1035 5118 eleemosynm
1068 5054 1184 5103 tum
1218 5049 1279 5103 in
1306 5051 1595 5106 memoria
1615 5051 1833 5107 habitae
1848 5059 1992 5108 sunt

335 5159 364 5187 ιι
395 5152 595 5192 coram
630 5136 766 5191 Deo.
802 5136 961 5193 Mitte
994 5153 1131 5209 ergo
1154 5137 1389 5209 aliquos
1409 5141 1656 5212 JOppen,
1682 5147 1987 5198 etaccerse

335 5249 362 5277 ‹‹
398 5225 727 5292 Simonem,
756 5225 855 5297 qui
887 5227 1342 5300 cognominatur
1372 5233 1577 5285 Petrus
1611 5249 1624 5285 :
1668 5231 1761 5286 hic
1794 5231 1989 5287 diver-

335 5338 365 5368 «
399 5323 566 5371 satur
597 5315 655 5369 in
688 5314 864 5370 domo
896 5314 1157 5371 Simonis
1183 5318 1417 5373 coriarii
1444 5319 1616 5390 juxta
1662 5336 1846 5379 mare.
1884 5322 1985 5393 qui

333 5429 360 5457 α
394 5404 496 5461 ubi
529 5404 755 5460 venerit
783 5405 1058 5475 ioquelur
1089 5405 1214 5460 tibi.
1239 5407 1446 5462 Statim
1471 5425 1608 5477 ergo
1640 5410 1775 5464 misi
1798 5411 1872 5465 ad
1907 5418 1983 5479 te,

335 5518 363 5547 ‹‹
397 5500 456 5551 et
472 5501 532 5549 tu
558 5494 709 5550 bene
723 5494 913 5550 fecisti
936 5494 1035 5565 qui
1062 5495 1391 5552 adveneris.
1417 5499 1588 5554 Nunc
1608 5515 1744 5572 ergo
1776 5517 1984 5557 omnes

336 5606 365 5637 α
387 5600 521 5654 nos,
537 5590 686 5642 teste
708 5582 1271 5654 Deo,adsumus,aut
1284 5585 1599 5644 audiamus
1611 5605 1985 5662 quaecunque

407 5765 447 5801 °'
482 5765 683 5823 Matth.
716 5782 773 5834 x,
800 5768 852 5821 κ.
930 5764 979 5803 ⁹²
1009 5768 1032 5821 Ι
1060 5766 1207 5824 Tim.
1243 5782 1314 5836 ιν,
1342 5769 1398 5826 ὁ.

2098 2016 2126 2046 κ
2159 1991 2239 2049 Τὸ
2276 1991 2459 2047 κοινὸν
2490 1991 2582 2046 καὶ
2611 1991 2939 2063 ἀκάθαρτον,
2970 2014 3000 2044 »
3034 1988 3182 2046 ἀλλά
3218 1990 3339 2065 περῖ
3371 1989 3445 2046 ὧν
3496 1988 3683 2065 ἔλεγεν
3717 1989 3749 2045 ὁ

2094 2079 2264 2155 νόμος
2303 2083 2498 2136 κοινῶν
2554 2081 2645 2135 καὶ
2684 2079 3046 2155 ἀναθάρτων;
3103 2080 3299 2153 Ὅμως
3356 2079 3483 2153 περὶ
3535 2079 3751 2135 τούτων

2097 2168 2432 2243 ποιουμένου
2464 2169 2556 2225 τὸν
2593 2167 2758 2244 λόγον
2788 2175 2885 2226 τοῦ
2916 2169 3145 2245 Πέτρου,
3190 2174 3298 2226 τῶν
3351 2167 3404 2225 ἐν
3442 2170 3597 2244 νόμῳ
3643 2165 3757 2240 δη-

2098 2257 2287 2317 λονότι
2325 2264 2524 2315 κοινῶν
2554 2281 2611 2315 τε
2667 2259 2757 2315 καὶ
2811 2259 3156 2336 ἀκαθάρτων,
3187 2260 3216 2314 ὁ
3248 2259 3378 2322 Θεὸς
3433 2266 3536 2328 τῆς
3594 2258 3758 2337 ἁγίας

2097 2354 2342 2427 Χριστοῦ
2380 2348 2713 2421 Ἐκκλησίας
2752 2351 2843 2407 τὸν
2873 2357 3198 2427 χαρακτῆρα
3242 2346 3580 2424 παραδιδοὺς
3632 2342 3760 2405 ἕλε-

2096 2460 2185 2517 γεν
2210 2439 2360 2513 αὐτῷ
2412 2437 2582 2513 μηδὲν
2635 2440 2815 2496 κοινὸν
2871 2442 3143 2514 ἡγεῖσθαι.
3205 2440 3383 2497 πάντα
3438 2439 3544 2514 γὰρ
3599 2437 3758 2509 αὐτῷ

2099 2528 2448 2604 ἑστικαθαρά
2500 2550 2525 2576 κ
2582 2535 2699 2604 μετ’
2757 2527 3105 2606 εὐχαριστίας
3162 2528 3255 2583 καὶ
3313 2525 3568 2602 εὐλογίας
3622 2529 3764 2583 Θεοῦ

2098 2613 2509 2692 λαμϐανόμενα.
2544 2648 2567 2672 »
2603 2616 2762 2676 Ἀλλ’
2795 2618 2961 2674 εἶκαὶ
3011 2619 3136 2695 περὶ
3190 2624 3293 2687 τῆς
3349 2614 3603 2688 κλήσεως
3647 2620 3762 2674 τῶν

2099 2704 2262 2763 ἐθνῶν
2290 2708 2352 2762 τὸ
2383 2705 2634 2782 αἶ’νιγμα,
2682 2708 2768 2763 ἴνα
2828 2710 2905 2784 μή
2966 2709 3252 2785 ἡγήσηται
3304 2707 3432 2766 τοὺς
3486 2704 3539 2762 έν
3598 2706 3767 2782 ἀκρο-

2099 2791 2313 2869 ϐυστίᾳ,
2372 2797 2586 2860 κοινοὺς
2645 2799 2680 2868 ἢ
2740 2797 3100 2873 ἀκαθάρτους,
3159 2798 3315 2870 ὅμως
3358 2797 3388 2851 ὁ
3428 2795 3601 2870 λόγος
3656 2800 3762 2852 τοῦ

2099 2892 2307 2962 Πέτρου
2339 2886 2401 2942 οὗ
2429 2885 2553 2962 περὶ
2593 2886 2897 2961 ἀνθρώπων
2954 2892 3078 2967 εἶχε
3127 2888 3228 2956 τήν
3290 2884 3546 2967 ἔμφασιν,
3604 2881 3756 2940 ἀλλά

2098 2979 2222 3053 περὶ
2271 2980 2379 3034 τῶν
2434 2975 2487 3033 ἓν
2554 2982 2634 3050 τῷ
2690 2977 2850 3051 νόμῳ
2924 2975 3412 3053 ἀπηγορευμένων,
3499 2974 3575 3038 ὡς
3662 2971 3755 3030 δέ·

2098 3065 2326 3125 δεικται.

2173 3272 2200 3302 (ι
2234 3247 2578 3323 Πυνθάνομαι
2604 3244 2699 3305 οὖν
2730 3248 2838 3306 τίνι
2868 3246 3021 3325 λόγῳ
3054 3247 3470 3324 μετεπέμψασθέ
3502 3267 3591 3323 με.
3628 3269 3657 3299 »
3738 3238 3741 3241 I

2171 3425 2315 3499 ’Ἤδη
2346 3429 2410 3484 τὸ
2441 3434 2545 3485 πᾶν
2578 3430 2606 3485 ὁ
2638 3426 2842 3505 Πέτρος
2872 3428 3075 3499 ἢκουσε
3103 3428 3195 3486 καὶ
3243 3429 3390 3504 παρά
3435 3432 3544 3485 τῶν
3593 3448 3764 3503 στρα-

2099 3521 2336 3574 τιωτῶν·
2369 3515 2516 3572 ἀλλὰ
2552 3515 2809 3592 βούλεται
2861 3521 3081 3590 πρῶτον
3131 3516 3329 3581 αὐτοὺς
3384 3514 3763 3592 ὁμολογῆσαι,

2100 3607 2192 3661 καὶ
2226 3607 2550 3670 ὑπευθύνους
2581 3614 2809 3679 ποιῆσαι
2848 3611 2916 3683 τῇ
2948 3609 3148 3666 πίστει.

2176 3723 2200 3747 ‹‹
2244 3697 2339 3752 Καὶ
2399 3698 2427 3753 ὁ
2487 3695 2795 3775 Κορνήλιος
2851 3696 2976 3781 ἔφη·
3034 3701 3166 3757 Ἀπὸ
3220 3699 3483 3775 τετάρτης
3542 3701 3763 3774 ἡμέρας

2103 3810 2132 3839 ι(
2169 3786 2340 3867 μέχρι
2368 3787 2571 3860 ταύτης
2600 3790 2699 3859 τῆς
2729 3786 2874 3865 ὣρας
2934 3790 3091 3865 ἤμην
3146 3788 3447 3863 νηστεύων,
3504 3788 3595 3845 καί
3653 3790 3759 3859 τήν

2103 3901 2131 3929 ι(
2167 3875 2386 3946 ἐννάτην
2417 3874 2562 3954 ὢραν
2594 3881 3040 3955 προσευχόμενος
3074 3879 3125 3934 ἐν
3153 3884 3233 3953 τῷ
3263 3876 3402 3954 οἴκῳ
3437 3901 3564 3951 μου.
3593 3906 3618 3932 η

2175 3967 2390 4024 Ἔοικεν
2427 3965 2584 4031 οὗτος
2614 3967 2842 4043 καιροὺς
2897 3969 3155 4039 ὡρικέναι
3203 3969 3378 4041 ἑαυτῷ
3431 3969 3553 4045 βίον
3600 3967 3761 4043 ἀκρι-

2104 4049 2385 4127 ϐεστέρου,
2415 4057 2505 4110 καὶ
2537 4052 2590 4112 ἔν
2616 4077 2758 4113 τισιν
2792 4059 3050 4134 ἡμέραις.
3085 4059 3184 4113 Διά
3213 4058 3315 4133 γὰρ
3366 4061 3528 4115 τοῦτο
3578 4058 3764 4130 εἶπεν,

2106 4169 2132 4196 <<
2169 4146 2302 4201 Ἀπὸ
2332 4145 2597 4221 τετάρτης
2652 4146 2884 4223 ἡμέρας.
2919 4168 2944 4193 ν»
2998 4148 3128 4205 Ὀτε
3168 4146 3265 4203 οὖν
3320 4147 3563 4203 φαίνεται
3611 4147 3768 4220 αὐτῷ

2105 4231 2418 4312 ὁᾶγγελος,
2478 4235 2615 4305 αὕτη
2681 4237 2780 4309 μία
2845 4236 3045 4312 ἡμέρα·
3107 4237 3197 4292 καὶ
3252 4238 3320 4309 ἢν
3404 4234 3653 4305 ἀπῆλθον
3708 4237 3771 4293 οἱ

2104 4325 2437 4405 πεμφθέντες
2467 4328 2616 4401 παρά
2649 4325 2963 4401 Κορνηλίου
2999 4327 3099 4399 μία
3151 4328 3238 4382 καὶ
3273 4327 3342 4396 ἢν
3390 4323 3586 4397 ἦλθον,
3639 4325 3765 4398 μία’

2104 4412 2194 4468 καὶ
2224 4414 2456 4491 τετάρτη
2489 4413 2658 4493 ἐφάνη
2694 4415 2823 4472 ὡσεὶ
2851 4416 3041 4487 τρίτην
3071 4413 3242 4493 ὥραν,
3302 4417 3418 4492 μεθ’
3466 4414 3532 4486 ἤν
3587 4433 3771 4489 προσ-

2103 4506 2326 4578 ηύξατο.
2355 4508 2496 4583 Ὅρα
2527 4508 2617 4563 οὗν
2650 4507 2713 4564 τὸ
2744 4504 2970 4584 μέγεθος
3011 4515 3112 4579 τῆς
3168 4507 3363 4590 εὐχῆς,
3414 4509 3503 4566 ὅτε
3550 4504 3769 4566 ἐπέδωο

2104 4617 2194 4652 κεν
2223 4597 2411 4654 ἑαυτὸν
2441 4596 2517 4660 εἰς
2562 4591 2872 4670 εὐλάϐειαν,
2929 4598 3054 4654 τότε
3114 4599 3363 4677 φαίνεται
3418 4598 3569 4671 αὐτῷ
3612 4599 3641 4654 ὁ

2026 4684 2072 4751 D
2104 4683 2288 4763 γελος.

2168 4798 2194 4833 ιι
2228 4775 2334 4836 Καὶ
2363 4774 2481 4833 ἰδοὺ
2511 4776 2645 4852 ἀνὴρ
2679 4772 2807 4849 ἔστη
2841 4776 3071 4835 ἐνώπιόν
3109 4799 3217 4850 μου
3274 4777 3330 4835 ἐν
3379 4778 3566 4849 ἐσθῆτι
3617 4776 3770 4851 λαμ-

2098 4869 2274 4941 ‹‹ζπρᾷ
2301 4865 2459 4940 (ἀνὴρ
2492 4864 2641 4940 λέγει
2670 4868 2758 4923 καὶ
2794 4868 2895 4923 οὐκ
2928 4865 3192 4945 ἃγγελος,
3217 4867 3390 4931 οὕτως
3416 4868 3485 4938 ἧν
3507 4865 3768 4945 ἄτυφος),

2099 4979 2128 5009 ‹‹
2162 4956 2252 5012 καί
2282 4977 2449 5031 φησιν
2508 4955 2807 5032 Κορνήλιε,
2867 4957 3199 5029 εἰσηκούσθη
3250 4980 3349 5014 σου
3379 4961 3414 5028 ἡ
3445 4957 3773 5033 προσευχὴ,

2098 5069 2125 5099 «
2161 5047 2252 5101 καὶ
2293 5048 2347 5102 αἱ
2379 5044 2748 5121 ἐλεημοσύναι
2806 5069 2904 5104 σου
2963 5048 3312 5121 ἐμνήσθησαν
3373 5048 3606 5105 ἐνώπιον
3659 5051 3772 5105 τοῦ

2099 5160 2128 5187 ‹‹
2160 5139 2315 5193 Θεοῦ.
2354 5133 2575 5212 Πέμψον
2609 5137 2700 5193 οὗν
2731 5137 2808 5200 εἷς
2840 5138 3091 5210 Ἰόππην,
3123 5138 3213 5194 καὶ
3251 5136 3617 5212 μετακάλεσαι
3658 5135 3773 5194 Σί-

2099 5252 2127 5279 ‹‹
2165 5248 2336 5300 μωνα,
2398 5227 2458 5289 ὅς
2496 5227 2838 5285 ἐπικαλεῖται
2892 5229 3114 5304 Πέτρος.
3170 5228 3347 5291 Οὗτος
3400 5228 3657 5301 ξενίζεται
3707 5226 3775 5284 ὲν

2102 5340 2129 5368 «ι
2165 5317 2317 5388 οἰκίᾳ
2347 5316 2603 5390 Σίμωνος
2636 5319 2881 5394 βυρσέως
2912 5318 3060 5395 παρά
3090 5318 3386 5384 θάλασσαν,
3421 5321 3480 5383 ὅς
3517 5337 3779 5395 παραγε-

2096 5432 2123 5459 (ι
2153 5406 2378 5479 νόμενος
2405 5403 2642 5477 λαλήσει
2673 5427 2781 5463 σοι.
2814 5408 2896 5479 Ἐξ
2928 5408 3099 5478 αὐτῆς
3131 5409 3226 5465 οὗν
3260 5406 3481 5484 ἔπεμψα
3509 5409 3647 5480 πρὸς
3673 5408 3763 5464 σέο

2092 5522 2121 5549 ‹‹
2155 5495 2219 5552 σύ
2246 5516 2307 5552 τε
2334 5494 2520 5557 καλῶς
2545 5495 2807 5568 ἐποίησας
2837 5497 3291 5574 παραγενόμενος.
3330 5501 3437 5558 Νῦν
3488 5499 3583 5554 οὗν
3615 5498 3764 5553 πάνε-

2093 5610 2119 5644 ε
2150 5607 2236 5650 τες
2293 5589 2459 5660 ἡμεῖς
2514 5584 2748 5644 ἐνώπιον
2801 5593 2901 5645 τοῦ
2960 5593 3095 5646 Θεοῦ
3159 5591 3456 5665 πάρεσμεν,
3518 5590 3764 5649 ἀκοῦσαι
