4112 6462
332 453 458 513 185

1381 453 1792 518 COMMENT.
1839 455 1917 514 IN
1967 451 2176 512 ACTA
2220 445 2821 511 APOS'I‘OLORUM.

3690 457 3805 517 186

337 584 584 643 σι’-πάντα
609 586 682 641 τά
710 587 1193 665 προστπαγμένα
1223 609 1308 645 σοι
1341 589 1445 646 ὑπὸ
1475 594 1574 645 τοῦ
1605 592 1741 646 Θεοῦ
1797 585 2034 658 Ἀνοίξας

2157 608 2180 636 ι(
2215 583 2320 640 tibi
2352 588 2650 658 praecepta
2679 587 2818 640 sunt
2839 601 2872 640 a
2893 585 3342 658 Deo.Aperiens
3373 592 3572 645 autem
3595 593 3806 650 Petrus

343 704 372 731 α
404 676 465 735 δὲ
497 676 702 753 ιιὲτρος
751 679 819 732 τὸ
875 681 1088 754 στόμα,
1148 681 1317 737 εἶπεν·
1385 681 1502 736 Ἐπ’
1558 677 1821 751 ἀληθείας
1873 699 2043 734 κατα-

356 793 384 819 ιι
417 763 814 842 λαμϐάνομαι,
849 767 936 823 ὅτι
1000 769 1105 826 ούκ
1135 766 1250 826 ἔστι
1307 767 1801 846 προσωπολήπτης
1834 770 1861 822 6
1889 769 2038 832 Θεός⁶

431 858 479 876 μ
539 861 552 880 ,
590 858 604 874 .
825 859 843 879 ς
873 855 899 874 ν
1333 859 1346 878 ,
1498 884 1513 892 _
1587 859 1609 893 ι,
1657 859 1670 874 .
1829 859 1844 877 ς
1881 856 1895 875 ,

361 883 389 915 ε
417 857 534 915 αλλ
588 879 638 913 εν
673 879 845 915 παντι
873 861 1017 915 εθνει
1075 861 1105 916 6
1174 855 1513 940 φοϐουμενο,
1549 880 1709 914 αυτον
1753 878 1846 914 και
1877 877 2041 935 εργα-

358 975 389 1002 ιι
427 950 662 1024 ζόμενος
697 945 1081 1020 δικαιοσύνην,
1115 945 1304 1014 δεκτὸς
1332 948 1482 1023 αὐτῷ
1513 947 1649 1006 ἐστι.
1685 973 1714 1002 ››

435 1063 467 1089 α
505 1035 872 1108 Δικαιοσύνην
906 1060 936 1088 n
972 1037 1094 1092 ἀντὶ
1123 1041 1220 1092 τοῦ
1258 1041 1432 1093 πᾶσαν
1459 1036 1680 1111 ἀρετήν.

438 1152 462 1178 ι
525 1127 631 1182 τὸν
689 1122 867 1204 λόγον
930 1127 991 1181 δν
1042 1125 1327 1183 ἀπέστειλε
1382 1131 1500 1188 τοῖς
1585 1126 1730 1187 υἱοῖς
1788 1121 2037 1199 Ἰσραὴλ,

345 1242 378 1268 ιε
420 1214 931 1292 εὐαγγελιζόμενος
961 1215 1187 1292 εἰρήνην
1221 1212 1310 1271 διὰ
1343 1217 1528 1287 Ἰησοῦ
1585 1219 1844 1290 Χριστοῦ,
1879 1214 2038 1274 οὗτός

345 1333 376 1359 α
415 1305 542 1364 ἐστι
603 1307 828 1362 πάντων
886 1305 1112 1382 Κύριος.
1169 1310 1350 1379 Ὑμεῖς
1409 1302 1593 1362 οἷ’δατε
1647 1305 1710 1360 τὸ
1749 1299 2038 1381 γενόμενον

341 1421 373 1447 σ
418 1397 583 1470 ῥῆμα
610 1397 732 1452 καθ’
764 1396 906 1467 ὅλης
935 1399 1036 1461 τῆς
1067 1393 1364 1466 Ἰουδαίας,
1426 1395 1726 1470 ἀρξάμενον
1786 1394 1891 1450 ἀπὸ
1934 1400 2036 1464 τῆς

347 1511 378 1537 α
420 1484 762 1554 Γαλιλαίας,
798 1487 936 1560 μετὰ
965 1487 1028 1541 τὸ
1061 1485 1345 1560 βάπτισμα
1376 1485 1407 1541 6'
1447 1482 1702 1560 ἐκήρυξεν
1755 1485 2034 1555 Ἰωάννης,

359 1600 392 1628 ιι
428 1579 646 1644 Ἰησοῦν
678 1576 774 1630 τὸν
806 1575 914 1631 ἀπὸ
946 1574 1212 1650 Ναζαρὲθ.

439 1669 626 1724 ταῦτα
655 1665 806 1743 λέγει
842 1661 934 1720 διὰ
981 1664 1109 1727 τοὺς
1166 1666 1468 1736 παθόντας,
1521 1663 1613 1721 ’ίνα
1669 1663 1758 1720 καὶ
1800 1662 2038 1725 ἐκείνους

374 1755 738 1825 ὶπισπάσηται
799 1754 879 1817 εἷς
941 1755 1147 1812 πίστιν.
1199 1756 1396 1830 ’Όμως
1456 1752 1650 1811 δίδωσι
1718 1760 1837 1817 τοῖς
1895 1754 2039 1815 υἱοῖς

377 1843 610 1920 Ἰσραὴλ
659 1845 717 1902 :6
773 1843 1072 1920 ἐξαίρετον,
1128 1842 1222 1900 ’ίνα
1286 1846 1362 1920 μή
1432 1845 1731 1921 νομίσωσιν
1779 1842 1830 1899 ἐν
1890 1843 2035 1914 τάξει

2157 699 2182 730 ιι
2212 694 2277 732 os
2309 677 2458 733 dixit
2490 693 2503 731 :
2541 678 2686 732 Vere
2718 677 3019 748 comperio
3052 678 3210 748 quod
3251 677 3483 748 non:sit
3525 696 3807 750 persona-

2153 790 2180 817 ‹‹
2215 784 2348 823 rum
2380 773 2688 840 respectus
2717 784 2917 822 coram
2953 768 3068 821 Deo
3103 783 3115 820 :
3152 768 3255 822 sed
3287 768 3346 822 in
3395 769 3599 841 quavis
3629 778 3804 843 gente

2150 880 2178 908 «
2213 857 2315 929 qui
2347 858 2734 931 timetipsum
2751 863 2808 912 et
2824 863 3104 929 operatur
3125 858 3501 930 justitiam,is
3523 866 3801 932 acceptus

2151 971 2176 996 «
2215 953 2305 1002 est
2333 947 2442 1002 illi.
2481 969 2508 994 ιν

2224 1058 2253 1089 ιι
2276 1037 2594 1099 Justitiam.
2635 1059 2662 1086 »
2695 1038 2808 1093 hoc
2840 1042 2931 1092 est
2960 1053 3202 1092 omnem
3231 1037 3536 1094 virtutem.

2219 1128 2288 1195 X,
2321 1129 2514 1182 36-38.
2549 1151 2575 1176 ‹‹
2603 1128 2706 1182 Hic
2738 1132 2828 1182 est
2857 1143 3260 1198 sermo,quem
3292 1128 3458 1182 misit
3487 1130 3639 1184 Deus
3663 1129 3803 1185 ﬁliis

2148 1240 2174 1268 «
2211 1218 2394 1273 lsrael
2427 1217 2792 1273 annuntians
2845 1232 3050 1289 pacem
3103 1233 3207 1288 per
3253 1217 3453 1272 Jesum
3484 1217 3806 1285 Christum,

2146 1329 2175 1357 «
2209 1308 2307 1363 hic
2339 1313 2429 1363 est
2458 1307 2729 1362 omnium
2763 1305 3068 1361 Dominus.
3103 1307 3221 1378 Ipsi
3274 1306 3438 1361 scitis
3491 1323 3640 1374 rem,
3672 1324 3802 1378 qum

2146 1419 2174 1448 «
2209 1397 2428 1453 accidit
2456 1413 2563 1470 per
2595 1402 2776 1452 totam
2807 1395 3094 1464 Judaeam,
3127 1412 3261 1451 cum
3295 1396 3618 1470 incepisset
3639 1413 3672 1451 a
3694 1397 3806 1453 Ga-

2148 1511 2175 1540 ιι
2206 1487 2364 1544 Ιὶιωει
2403 1493 2539 1559 post
2567 1486 2884 1559 baptisma,
2918 1485 3078 1558 quod
3130 1485 3470 1558 praedicavit
3524 1487 3809 1553 Joannes,

2150 1600 2178 1628 «
2217 1594 2436 1651 nempe
2463 1576 2701 1650 deﬂesu
2730 1579 3046 1632 Nazareno.
3084 1597 3108 1626 ν

2221 1669 2355 1724 Haec
2387 1674 2629 1741 propter
2660 1685 2762 1723 eos
2806 1667 2970 1733 dicit,
3006 1668 3107 1739 qui
3161 1673 3487 1740 praesentes
3516 1673 3706 1735 erant,
3740 1676 3812 1726 ut

2148 1760 2327 1816 etiam
2361 1759 2498 1815 illos
2526 1759 2600 1814 ad
2633 1759 2808 1813 fidem
2845 1759 3107 1814 attrahat
3129 1758 3218 1813 :id
3253 1765 3450 1815 tamen
3484 1761 3640 1832 quod
3657 1778 3809 1832 pras-

2147 1850 2388 1922 cipuum
2423 1855 2514 1906 est
2543 1849 2645 1904 dat
2668 1849 2809 1906 ﬁliis
2828 1850 3112 1916 Israel,ne
3133 1866 3192 1904 se
3227 1850 3286 1904 in
3319 1850 3528 1905 ordine
3551 1852 3804 1920 rejecto~

377 1935 795 2010 ἆπερῥιμμὲνων
827 1935 988 1992 εἶναι.
1023 1935 1199 2000 Οὗτός
1242 1934 1378 2004 ἐστι,
1437 1935 1595 2016 φησὶ,
1654 1935 1870 1992 πάντων
1925 1933 2034 1994 Κύ-

2157 1956 2279 1996 rum
2312 1956 2442 1998 esse
2472 1940 2856 1996 arbitrentur.
2879 1940 2984 1996 Hic
3015 1938 3348 2011 est,inquit.
3382 1940 3651 1996 omnium
3682 1941 3798 1996 Πο-

366 2045 517 2100 ριος.

446 2141 468 2166 ι
503 2115 598 2177 Ὠς
627 2110 848 2196 ἔχρισεν
875 2114 1038 2172 αὐτὸν
1072 2117 1102 2171 6
1133 2117 1263 2182 Θεὸς
1292 2116 1566 2191 Πνεύματι
1597 2116 1736 2191 ἁγίῳ
1792 2116 1883 2171 καὶ
1941 2113 2036 2171 δυ-

355 2230 392 2258 α
425 2207 621 2279 νάμει,
649 2207 712 2268 ὃς
765 2203 995 2276 διῆλθεν
1047 2206 1344 2282 εὐεργετῶν
1393 2206 1482 2262 καὶ
1541 2206 1774 2282 ἰώμενος
1830 2205 2034 2270 πάντας

362 2319 388 2350 ε
421 2296 561 2358 τοὺς
595 2293 1234 2369 καταδυναστευομένους
1267 2297 1374 2353 ὑπὸ
1414 2300 1512 2353 τοῦ
1570 2291 1857 2366 διαϐόλου,
1891 2295 1977 2351 ὅτι
2006 2297 2034 2352 6

365 2407 392 2440 ε
422 2385 564 2448 Θεὸς
596 2385 668 2455 ἦν
735 2387 854 2461 μετ’
912 2385 1096 2442 αὐτοῦ.
1160 2385 1264 2442 Καὶ
1319 2387 1482 2462 ἠμεῖν
1545 2384 1704 2459 ἐσμεν
1767 2385 2036 2462 μάρτυρες

366 2502 393 2531 ιι
426 2477 654 2532 πάντων
678 2476 757 2530 ὧν
785 2474 1038 2547 ἐποίησεν
1073 2473 1126 2532 ἔν
1177 2496 1237 2532 τε
1292 2479 1362 2548 τῇ
1423 2475 1587 2557 χώρᾳ
1614 2479 1723 2532 τῶν
1757 2472 2036 2533 Ἰουδαίων

359 2590 387 2617 ει
424 2568 516 2620 καῖ
554 2563 613 2620 ἐν
671 2563 1060 2640 Ἰερουσαλήμ,
1109 2566 1168 2620 6'v
1216 2563 1434 2621 ἀνεῖλον
1491 2567 1858 2641 κρεμάσαντες
1945 2563 2033 2620 ἰπὶ

367 2678 399 2709 ει
429 2655 628 2726 ξύλου.
660 2656 868 2712 Τοῦτον
901 2655 931 2710 6
963 2656 1094 2717 Θεὸς
1122 2651 1314 2732 ἤγειρε
1344 2659 1412 2729 τῇ
1471 2654 1628 2730 τρίτῃ
1686 2653 1892 2729 ἡμέρᾳ,
1943 2659 2034 2711 καί

355 2771 383 2799 α
429 2742 638 2802 ἔδωκεν
670 2744 836 2802 αὐτὸν
866 2745 1084 2825 ἐμφανῆ
1143 2744 1387 2820 γενέσθαι
1439 2745 1505 2800 οὐ
1561 2745 1722 2801 παντὶ
1781 2749 1860 2818 τῷ
1890 2743 2034 2817 λαῷ,

361 2833 572 2892 ιιᾶλλᾶ
607 2835 846 2910 μάρτυσι
886 2841 1006 2898 τοῖς
1059 2835 1722 2911 προκεχειροτονημένοις
1781 2834 1885 2890 ὑπὸ
1937 2837 2037 2889 τοῦ

363 2947 392 2980 ι
423 2930 562 2982 Θεοῦ
585 2927 750 2999 ἢμῖν.
783 2948 811 2975 ιο

434 3015 516 3073 Τὸ
546 3014 849 3090 κεχρίσθαι
900 3015 1080 3102 Ἰησοῦ
1133 3013 1410 3087 Πνεύματι
1469 3014 1615 3090 ἁγίῳ
1697 3013 1801 3070 ὑπὸ
1876 3016 2036 3102 Θεοῦ⁹

363 3106 496 3161 κατᾶ
527 3104 596 3160 τὸ
640 3105 985 3180 ἀνθρώπινον
1039 3101 1122 3160 δεῖ
1176 3110 1343 3164 νοεῖν,
1395 3102 1622 3174 Ἐπειδή
1675 3105 1777 3182 γάρ
1839 3101 2038 3162 ἑκένωὲ

363 3218 446 3253 σεν
479 3197 708 3262 ἑαυτὸν,
740 3195 833 3252 καὶ
876 3195 1283 3273 παραπλησίως
1341 3199 1481 3271 ἡμῖν
1543 3197 1801 3274 μετέσχεν
1861 3197 2039 3274 α’ίμα-

363 3307 456 3348 τος
489 3286 587 3341 καὶ
619 3286 847 3360 σαρκὸς,
905 3288 1072 3340 ταῦτα
1128 3278 1266 3362 ἅπερ
1328 3283 1448 3359 ἔχει
1501 3285 1636 3340 κατὰ
1692 3285 1876 3363 φύσιν,
1963 3285 2037 3348 ὡς

365 3376 498 3438 Θεὸς
531 3369 842 3448 λαμϐάνειν
872 3373 1092 3449 λέγεται
1138 3371 1227 3430 διὰ
1279 3373 1344 3430 τὸ
1400 3373 1764 3449 ἀνθρώπινον.
1807 3373 2034 3452 Δέχεται

362 3466 470 3541 γὰρ
505 3465 621 3546 οὐχ
653 3465 856 3535 ιαυτῷ,
888 3465 1006 3521 καθ’
1036 3463 1067 3520 ὅ
1111 3465 1241 3526 Θεθμς
1295 3464 1470 3541 Λόγος
1530 3462 1672 3521 ἐστὶν
1743 3462 1878 3540 (Ὺδια
1933 3467 2035 3542 γάρ

369 3556 438 3624 ἦν
469 3557 689 3627 αὐτοῦ),
722 3551 855 3611 ἀλλ’
888 3555 1055 3627 ἡμῖν,
1089 3554 1163 3617 ὡς
1196 3553 1248 3610 ἐν
1277 3553 1504 3632 ἀπαρχῇ
1538 3551 1609 3610 δι’
1642 3555 1857 3612 ἑαυτοῦ.

461 3757 489 3782 «ι
551 3733 756 3796 Οἲτινες
820 3731 1199 3814 συνεφάγομεν
1288 3733 1378 3789 καὶ
1464 3735 1788 3808 συνεπίομεν
1863 3733 2035 3809 αὐτῷ,

394 3846 424 3874 ει
465 3821 597 3895 μετὰ
621 3823 680 3877 :6
706 3822 994 3892 ἀναστῆναι
1051 3823 1215 3880 αὐτὸν
1272 3822 1332 3879 ἐκ
1380 3829 1608 3902 νεκρῶν.
1645 3825 1747 3881 Καὶ
1816 3827 2034 3900 παρήγ-

391 3936 420 3963 α
454 3909 628 3986 γειλεν
660 3915 794 3985 ἡμῖν
828 3913 1062 3988 κηρύξαι
1109 3914 1190 3986 τῷ
1231 3912 1352 3986 λαῷ
1405 3915 1496 3970 καὶ
1547 3913 2035 3988 διαμαρτύρασθαι,

379 4025 410 4056 ι
438 4003 524 4057 ὅτι
555 4002 713 4066 αὐτός
746 4002 892 4058 ἐστιν
922 4004 951 4057 6
983 4002 1290 4080 ὡρισμένος
1339 4004 1444 4062 ὑπὸ
1499 4008 1601 4062 τοῦ
1661 4007 1794 4062 Θεοῦ
1842 4006 2036 4080 κριτὴς

369 4116 402 4142 α
437 4092 658 4161 ζώντων
687 4090 780 4148 καὶ
812 4095 1040 4166 νεκρῶν.
1075 4115 1103 4143 ιι

448 4182 726 4238 Ἐντεῦθεν
754 4181 853 4248 τὴν
885 4179 1171 4237 ἀνάστασιν
1202 4185 1300 4237 τοῦ
1342 4182 1572 4256 Χριστοῦ
1605 4175 2032 4255 διαϐεϐαιοῦται,

366 4272 433 4329 ὶκ
461 4276 565 4327 τοῦ
598 4277 901 4351 συμφαγεῖν
951 4271 1101 4344 αὐτῷ
1133 4292 1271 4346 μετα
1297 4272 1396 4340 τήν
1427 4272 1732 4331 ἀνάστασιν.
1766 4271 1906 4330 υύδὲ
1933 4275 2033 4350 γάρ

361 4363 608 4422 ἀναστάς
637 4358 864 4433 ἐποίησὲ
891 4382 942 4416 τι
975 4367 1230 4434 σημεῖον·
1257 4360 1395 4432 αὕτη
1415 4363 1520 4437 γὰρ
1542 4361 1872 4431 ἡάνάπτασις
1895 4366 2036 4438 μέγα

365 4455 612 4524 σημεῖον
635 4449 728 4519 ἦν.
759 4448 978 4522 Ταύτης
1009 4445 1069 4508 δὶ
1097 4447 1259 4508 οὗδὶν
1288 4455 1519 4524 σημεῖον
1550 4450 1618 4521 ἦν
1641 4450 1716 4514 ὡς
1747 4452 1809 4507 τὸ
1843 4457 2034 4531 φαγεῖν

355 4563 450 4598 και
482 4561 581 4596 πιε
591 4560 637 4595 ιν
651 4583 666 4597 ο

2144 2045 2365 2087 minus.

2215 2123 2289 2184 X,
2322 2120 2511 2177 38-41.
2574 2141 2600 2168 ‹‹
2661 2117 2968 2184 Quomodo
3016 2119 3255 2174 unxerit
3309 2135 3446 2174 eum
3513 2119 3806 2176 Dominus

2146 2230 2175 2259 «
2205 2209 2427 2282 Spiritu
2464 2214 2668 2265 sancto
2701 2215 2760 2264 et
2788 2210 3024 2273 virtute,
3059 2208 3160 2279 qui
3187 2208 3513 2264 ambulavit
3560 2208 3804 2265 benefa-

2143 2321 2171 2350 ‹‹
2208 2299 2420 2355 ciendo
2453 2304 2513 2354 et
2534 2299 2800 2354 sanando
2846 2314 3054 2353 omnes
3086 2315 3404 2370 oppressos
3454 2315 3490 2354 a
3545 2299 3804 2368 diabolo,

2145 2411 2173 2438 ‹‹
2208 2389 2492 2463 quoniam
2527 2389 2680 2444 Deus
2710 2393 2838 2443 erat
2867 2405 3002 2443 cum
3030 2388 3232 2444 illo.Et
3261 2405 3370 2444 nos
3393 2393 3572 2444 testes
3599 2405 3804 2446 sumus

2145 2502 2173 2530 «
2207 2481 2637 2551 omnium,qum
2661 2479 2800 2534 fecit
2822 2479 2881 2533 in
2912 2479 3154 2552 regione
3183 2479 3520 2534 Iudaeorum
3555 2483 3612 2532 et
3640 2479 3804 2534 Jero-

2145 2593 2173 2622 «
2204 2571 2450 2644 solymis
2485 2587 2499 2626 :
2533 2586 2711 2642 quem
2739 2568 3088 2624 occiderunt
3127 2585 3483 2639 suspensum
3526 2568 3585 2623 in
3621 2569 3802 2639 ligno.

2146 2682 2175 2712 ιι
2207 2662 2376 2717 Hunc
2401 2661 2552 2715 Deus
2574 2660 2883 2715 suscitavit
2907 2660 3078 2714 tertio
3099 2658 3280 2724 die,et
3297 2658 3808 2725 exhibuiteum,ut

2146 2773 2173 2802 ‹‹
2207 2756 2524 2823 appareret
2553 2766 2670 2805 non
2703 2750 2866 2805 omni
2900 2748 3250 2821 populo.sed
3276 2748 3527 2804 testibus
3548 2750 3712 2822 prius
3727 2747 3805 2804 ad

2149 2863 2174 2895 α
2208 2842 2321 2899 hoc
2350 2858 2385 2897 a
2415 2842 2533 2898 Deo
2565 2840 2834 2910 delectis,
2870 2839 3158 2896 nimirum
3189 2838 3384 2895 nobis.
3423 2861 3450 2888 »

2216 3024 2472 3080 Unctum
2506 3038 2634 3078 esse
2664 3023 2866 3078 Jesum
2897 3037 2931 3077 a
2960 3020 3184 3093 Spiritu
3217 3024 3446 3088 sancto,
3471 3017 3802 3076 secundum

2142 3113 2576 3171 humanitatem
2594 3111 2928 3185 intelligere
2943 3115 3194 3184 oportet.
3210 3110 3311 3165 99
3328 3109 3620 3176 Quoniam
3637 3108 3800 3164 enim

2145 3201 2894 3273 exinanivitsernetipsum,
2910 3205 2966 3254 et
2986 3200 3250 3272 proxime
3267 3199 3342 3254 ad
3361 3215 3469 3254 nos
3507 3197 3799 3254 accedens

2143 3292 2516 3366 participavit
2540 3306 2719 3346 carne
2751 3295 2806 3345 et
2825 3288 3112 3362 sanguine
3140 3289 3295 3344 τι]ωο
3317 3305 3448 3359 quae
3473 3287 3803 3343 secundum

2144 3389 2419 3439 naturam
2453 3380 2724 3438 habet.ut
2740 3381 2892 3435 Deus
2905 3379 3174 3452 accipere
3189 3377 3407 3432 dicitur
3433 3382 3676 3450 propter
3688 3377 3800 3432 hu-

2144 3471 2514 3528 manitatem.
2551 3469 2780 3540 Accipit
2809 3485 3085 3540 namque,
3146 3484 3266 3523 non
3299 3467 3431 3528 sibi,
3467 3465 3800 3523 secundum

2144 3561 2304 3634 quod
2335 3562 2488 3616 Deus
2518 3559 2780 3615 Verbum
2812 3564 2903 3615 est
2925 3559 3086 3627 (nam
3119 3557 3360 3630 propria
3389 3556 3553 3611 illius
3586 3555 3801 3624 erant),

2145 3652 2249 3731 sed
2275 3651 2469 3718 nobis,
2504 3657 2786 3722 tanquam
2815 3650 2876 3705 in
2921 3649 3202 3722 primitiis
3233 3665 3340 3719 per
3369 3648 3653 3720 seipsum.

2213 3743 2282 3810 X,
2315 3744 2502 3796 4142.
2543 3765 2563 3788 ι
2601 3742 2709 3807 Qui
2741 3739 3111 3796 comedimus
3141 3756 3209 3794 ac
3239 3738 3634 3794 bibimusuna
3663 3752 3800 3793 cum

2142 3855 2170 3883 ιι
2203 3832 2355 3904 ipso,
2392 3841 2706 3903 postquam
2737 3829 3064 3884 resurrexit
3090 3846 3124 3883 a
3157 3826 3804 3899 mortuis.Etprmcepit

2142 3943 2170 3972 ιι
2205 3921 2472 3982 nobis.ut
2503 3919 2964 3994 prmdicaremus
3000 3918 3219 3990 populo
3251 3934 3319 3973 ac
3344 3917 3803 3972 testiﬁcaremur

2141 4032 2168 4059 ‹‹
2201 4009 2358 4082 quod
2392 4010 2518 4081 ip-e
2551 4009 2629 4064 sit
2652 4008 2883 4082 ille,qui
2916 4008 3276 4063 constitutus
3299 4011 3390 4060 est
3419 4021 3452 4060 a
3476 4004 3797 4076 Deojudex

2140 4123 2166 4152 (ι
2203 4101 2464 4157 vivorum
2489 4117 2556 4156 ac
2583 4103 2976 4155 mortuorum.
3010 4117 3036 4146 ιι

2213 4191 2360 4247 Hinc
2375 4190 2589 4245 Christi
2622 4187 3121 4244 resurrectionem
3143 4183 3644 4257 conﬂrmat.quod
3661 4198 3797 4239 cum

2140 4297 2209 4336 eo
2240 4286 2375 4353 post
2400 4279 2901 4336 resurrectionem
2932 4277 3319 4333 comederint.
3340 4279 3540 4347 Neque
3570 4274 3730 4329 enim
3764 4289 3800 4329 a

2138 4373 2580 4427 resurrectione
2612 4370 2752 4426 fecit
2782 4366 3024 4442 aliquod
3057 4368 3289 4442 signum
3326 4383 3339 4421 :
3373 4367 3505 4439 ipsa
3533 4380 3796 4437 namque

2138 4463 2498 4519 resurrectio
2529 4477 2813 4530 magnum
2863 4464 2990 4516 erat
3019 4459 3280 4530 signum,
3339 4456 3798 4513 resurrectionis

2139 4559 2336 4611 autem
2365 4552 2600 4610 nullum
2626 4552 2744 4608 tale
2776 4552 3011 4625 signum
3042 4554 3187 4618 erat,
3213 4549 3388 4622 quale
3420 4553 3506 4606 est
3524 4547 3801 4604 edisseac

2135 4640 2382 4698 bibisse.

447 4745 477 4773 σι
508 4718 714 4792 Τούτῳ
745 4719 935 4782 πάντες
969 4717 1022 4774 οἳ
1082 4725 1360 4800 προφῆται
1423 4722 1790 4796 μαρτυροῦσιν
1844 4718 2030 4801 ἄφεσιν

2212 4730 2273 4795 X,
2301 4732 2392 4786 43.
2425 4752 2454 4780 ‹‹
2488 4730 2633 4786 Huic
2663 4746 2874 4786 omnes
2903 4730 3206 4802 prophetze
3250 4727 3662 4784 testimonium
3711 4727 3796 4782 fe-

366 4838 399 4867 οι
429 4816 720 4888 ἁμαρτιῶν
753 4806 939 4869 λαϐεῖν
1001 4809 1094 4868 διά
1141 4815 1238 4868 τοῦ
1295 4811 1562 4886 ὀνόματος
1621 4813 1785 4868 αὐτοῦ
1865 4813 2034 4869 πάντα

367 4929 404 4957 ε
437 4906 536 4961 τὸν
569 4901 900 4959 πιστεύοντα
930 4900 1009 4965 εἰς
1039 4901 1226 4959 αὐτόν.
1262 4925 1292 4954 »

439 4995 634 5057 Ὅσοι,
694 4992 849 5071 φησὶ,
907 4994 1184 5070 προφῇται
1244 4988 1521 5060 ἐλάλησαν
1580 4993 1702 5069 περὶ
1751 4994 2032 5068 ἁμαρτιῶν

365 5081 717 5160 ἆφέσεως,ἰν
749 5081 934 5155 τούτῳ
987 5086 1069 5155 τῷ
1127 5083 1309 5155 Ἰησοῦ
1367 5083 1520 5139 εἶπον
1551 5082 1712 5146 αὐτάς
1760 5085 2028 5160 ἀφίεσθαι.

365 5174 529 5232 Οῧτω
582 5173 674 5229 καὶ
729 5173 978 5242 Ἡσαΐας,
1031 5172 1095 5228 :6
1141 5171 1314 5229 αὐτοῦ
1388 5172 1650 5255 εἰσφέρων
1706 5175 2030 5250 πρόσωπον,

369 5264 541 5340 λέγει·
580 5291 605 5314 ει
642 5265 782 5341 Ἐγώ
835 5263 952 5336 εἰμι
1007 5265 1038 5320 6
1095 5261 1390 5342 ἰξαλεᾶρων
1442 5265 1538 5328 τὰς
1586 5266 1853 5342 ἁμαρτίας
1913 5289 2029 5340 σου,

366 5353 459 5409 καὶ
489 5354 586 5416 τὰς
616 5355 855 5427 ἀνομίας
885 5373 1002 5412 σου.
1035 5375 1065 5406 11

437 5469 466 5498 α
500 5445 616 5503 Ἔτι
667 5440 983 5505 λαλοῦντος
1040 5444 1138 5498 τοῦ
1186 5441 1392 5519 Πέτρου
1448 5444 1516 5501 τὰ
1569 5445 1792 5521 ῥήματα
1837 5450 2026 5517 ταῦτα,

361 5533 639 5593 «ἐπέπεσε
689 5535 760 5592 :6
827 5535 1052 5606 ιινεῦμα
1096 5531 1162 5588 :6
1220 5533 1376 5612 ἅγιον
1461 5531 1550 5590 ἐπὶ
1606 5535 1813 5598 πάντας
1899 5535 2027 5602 τοὺς

353 5652 378 5679 α
405 5628 706 5692 ἀκούοντας
739 5625 845 5685 τὸν
879 5619 1068 5698 λόγον·
1105 5623 1197 5680 καὶ
1232 5621 1516 5696 ἐξίστησαν
1581 5625 1634 5681 οἳ
1691 5624 1754 5682 ἐκ
1808 5645 2026 5704 περιτο·

391 5822 810 5887 unum,
846 5809 975 5868 βυ

2147 4838 2169 4866 ι
2203 4825 2415 4875 cerunt
2443 4820 2598 4892 quod
2614 4820 3030 4876 remissionem
3053 4823 3430 4892 peccatorum
3447 4824 3799 4888 accepturus

2147 4931 2168 4957 α
2206 4909 2284 4964 sit
2312 4926 2419 4982 per
2448 4925 2688 4964 omnem
2734 4909 2863 4980 ejus
2894 4909 3164 4980 quisquis
3197 4907 3385 4963 credit
3424 4908 3485 4962 in
3512 4907 3730 4978 ipsum.
3768 4929 3795 4956 η

2213 4999 2764 5072 Quotquot,inquit,
2784 4999 3088 5072 prophetae
3120 4997 3304 5054 locuti
3336 5003 3475 5055 sunt
3504 4998 3574 5055 de
3597 5014 3804 5070 pecca-

2145 5095 2337 5146 torum
2371 5090 2747 5153 remissione,
2768 5106 2874 5162 per
2903 5090 3061 5144 hunc
3092 5090 3291 5145 Jesum
3323 5088 3599 5145 dixerunt
3621 5106 3688 5144 ea
3707 5107 3802 5145 re-

2143 5179 2300 5235 mitti
2354 5179 2446 5235 Sic
2468 5187 2527 5235 et
2558 5179 2761 5240 Isaias.
2807 5185 3115 5251 assumpta
3166 5179 3295 5250 ejus
3356 5197 3633 5253 persona.
3669 5179 3795 5235 ait:

2143 5293 2170 5320 «
2204 5271 2321 5343 Ego
2353 5286 2508 5338 sum,
2531 5270 2632 5340 qui
2666 5269 2838 5326 deleo
2871 5269 3223 5342 iniquitates
3255 5276 3407 5341 tuas,
3464 5276 3522 5326 et
3552 5273 3796 5343 peccata

2140 5363 2245 5416 tua
2261 5361 2325 5415 ⁸³.
2359 5379 2390 5413 ι)

2209 5449 2284 5514 Χ,
2316 5452 2386 5506 44
2421 5451 2510 5506 48.
2544 5474 2570 5500 ‹‹
2617 5450 2884 5522 Cumque
2939 5449 3133 5507 adhuc
3189 5451 3538 5523 loqueretur
3585 5453 3795 5508 Petrus

2139 5562 2166 5591 (ι
2200 5539 2380 5596 verba
2405 5540 2819 5612 hmc,illapsus
2850 5547 2942 5597 est
2969 5541 3222 5614 Spiritus
3255 5541 3571 5598 sanctusin
3586 5557 3792 5597 omnes

2143 5653 2164 5680 α
2201 5629 2304 5702 qui
2333 5629 2657 5689 audiebant
2688 5647 3059 5689 sermonem:
3087 5630 3667 5704 etobstupueruntbi
3688 5629 3790 5703 qui
