4112 6486
305 454 419 515 187

1428 451 1840 515 (ΕΟΗΜΕΝΠ
1880 454 2190 518 ΤΒῙΟΟᾸΞ
2235 455 2591 521 EPISCOPI

3615 461 3733 529 188

299 615 327 644 ‹‹
357 609 428 649 ex
453 587 906 647 circumcisione
933 587 1335 657 crediderant,
1366 594 1659 663 quotquot
1686 590 1950 647 comitati

2084 614 2095 642 ι
2130 597 2239 664 μῆς
2286 593 2495 665 πιστοὶ,
2555 593 2674 652 ὅσοι
2730 576 2997 666 συνῆλθον
3027 602 3108 670 τῷ
3138 594 3352 671 Ηέτρῳ,
3380 595 3463 653 ὅτι
3511 598 3600 653 καὶ
3637 575 3734 655 ἐπἲ

300 706 328 737 ‹‹
358 684 599 739 fuerant
623 684 885 744 Petrum,
913 680 1073 754 quod
1095 688 1155 736 et
1185 682 1247 737 in
1279 689 1488 755 gentes
1516 683 1738 739 donum
1772 683 1964 739 sancti

302 796 331 825 ι(
357 773 610 845 Spiritus
641 772 897 827 effusum
929 778 1105 827 esset.
1146 771 1482 828 Audiebant
1510 772 1669 828 enim
1705 773 1840 828 illos
1872 773 1961 829 lo-

302 889 320 913 ι
355 868 607 935 quentes
662 860 882 934 linguis
958 878 1026 917 ac
1084 862 1535 934 magniﬁcantes
1569 864 1772 919 Deum.
1804 864 1964 920 Tunc

304 974 331 1002 ‹‹
359 950 672 1023 respondit
702 952 911 1005 Petrus
939 968 951 1006 :
1001 951 1279 1022 Nunquid
1311 951 1628 1023 prohibere
1664 952 1961 1025 quispiam

303 1060 331 1093 α
360 1045 574 1113 potest,
597 1055 673 1095 ne
704 1056 860 1112 aqua
891 1038 1264 1111 baptizentur
1294 1040 1354 1095 hi
1387 1040 1486 1112 qui
1516 1040 1799 1113 Spiritum
1824 1058 1960 1097 san-

303 1153 331 1183 ‹‹
363 1137 525 1187 ctum
549 1135 910 1203 acceperunt
931 1130 1083 1185 sicut
1108 1135 1167 1185 et
1185 1147 1295 1186 nos
1311 1130 1339 1186 ‘2
1362 1131 1629 1203 Etjussit
1652 1148 1752 1188 eos
1776 1132 1966 1205 bapti-

302 1243 330 1273 ‹‹
361 1220 478 1276 zari
510 1221 572 1276 in
604 1219 847 1275 nomine
880 1220 1137 1275 Domini.
1166 1221 1326 1276 Tunc
1349 1226 1704 1294 rogaverunt
1726 1226 1964 1291 eum,ut

310 1336 330 1363 ι
367 1316 708 1368 remaneret
736 1310 865 1367 dies
897 1310 1146 1382 aliquot.
1186 1334 1206 1361 ι

377 1402 484 1458 Ubi
528 1400 929 1457 credidissent
957 1401 1117 1472 quod
1146 1418 1254 1474 per
1281 1400 1577 1474 baptisma
1620 1401 1863 1458 omnino
1896 1401 1964 1458 ﬁt

301 1491 575 1548 remissio
599 1496 997 1563 peccatorum.
1018 1495 1158 1546 tunc
1181 1506 1361 1562 super
1380 1507 1479 1546 eos
1502 1490 1810 1549 descendit
1827 1490 1960 1564 Spi-

301 1581 603 1638 ritus.Hoc
625 1580 972 1645 autem,Deo
992 1579 1685 1652 praeordinante,accidit
1706 1581 1861 1637 100
1886 1581 1961 1638 ad

303 1688 583 1745 magnam
624 1670 783 1726 Petri
832 1670 1265 1727 defensionem.
1296 1673 1497 1743 Neque
1526 1671 1751 1745 vulgari
1783 1671 1958 1729 modo

300 1763 555 1835 Spiritus
589 1760 949 1835 supervenit,
1007 1760 1110 1816 sed
1169 1767 1227 1816 et
1280 1760 1501 1835 linguis
1540 1761 1959 1833 loquebantur,

302 1852 463 1926 quod
485 1852 547 1907 in
567 1857 873 1924 stuporem
895 1850 1129 1906 induxit
1149 1867 1268 1919 eos,
1295 1868 1397 1923 qni
1418 1852 1668 1908 comites
1684 1851 1953 1907 fuerant:

2071 706 2099 734 ι(
2129 681 2196 737 τὰ
2238 676 2362 755 ἔθνη
2413 687 2448 755 ἠ
2501 683 2678 761 δωρεὰ
2708 691 2805 743 τοϋ
2835 688 2990 764 ἁγίου
3041 690 3356 761 Πνεύματος
3410 687 3728 763 ἐκκέχυται.

2071 795 2097 828 α
2130 776 2362 831 Ἤκουον
2417 776 2521 854 γὰρ
2572 776 2748 833 αὐτῶν
2805 777 3124 835 λαλούντων
3184 780 3463 858 γλώσσαις
3497 783 3587 837 καὶ
3623 805 3729 854 με·

2071 887 2094 912 α
2129 864 2474 939 γαλυνόντων
2532 866 2622 921 τὸν
2674 866 2823 926 Θεόν,
2885 868 3025 925 Τότε
3092 869 3357 945 ἀπεκρίθη
3415 870 3442 924 6
3503 871 3731 943 11έτρός’

2069 977 2097 1005 ι(
2130 956 2221 1025 Μή
2264 975 2316 1009 τι
2364 955 2427 1011 τὸ
2475 953 2621 1033 ὕδωρ
2674 955 2919 1013 κωλῦσαι
2980 955 3201 1029 δύναταί
3240 981 3346 1029 τις,
3378 964 3476 1014 τοῦ
3512 961 3587 1033 μὴ
3626 962 3734 1037 βα-

2069 1066 2096 1095 ‹‹
2132 1052 2421 1115 πτισθῆναι
2451 1045 2696 1119 τούτους,
2733 1045 2931 1109 οἷ’τινες
2960 1048 3022 1103 τὸ
3071 1052 3289 1123 Πνεῦμα
3317 1050 3379 1105 τὸ
3413 1050 3567 1123 ἅγιον
3600 1045 3740 1106 ἔλα-

2070 1152 2101 1186 α
2132 1127 2251 1203 60v,
2284 1134 2463 1196 καθὼς
2516 1136 2603 1190 καὶ
2664 1138 2873 1210 ἡμεῖς;
2936 1136 3233 1212 Προσέταεέ
3280 1159 3339 1193 τε
3387 1137 3584 1201 αὐτοὺς
3628 1141 3737 1215 βα-

2072 1245 2097 1277 ι
2130 1229 2419 1293 πτισθῆναι
2452 1224 2501 1280 έν
2532 1229 2610 1297 τῷ
2658 1224 2888 1299 ὀνόματι
2938 1230 3034 1282 τοῦ
3085 1227 3311 1302 Κυρίου.
3343 1228 3479 1285 Τότε
3503 1229 3749 1304 ἠρώτηέ

2070 1341 2095 1365 ει
2127 1333 2218 1367 σαν
2250 1313 2414 1370 αὐτὸν
2446 1313 2722 1388 ἐπιμεῖναι
2754 1312 2966 1391 ἡμέρας
3001 1316 3172 1379 τινάς,
3211 1340 3232 1370 ι

2136 1402 2261 1456 Ὀτε
2316 1400 2632 1460 ἐπίστευσαν
2691 1403 2774 1459 ὅτι
2833 1406 3051 1468 πάντως
3109 1406 3172 1461 τὸ
3226 1406 3507 1480 βάπτισμα
3536 1404 3737 1484 ἄφεσίς

2068 1487 2208 1546 ἐστιν
2268 1492 2572 1566 ἁμαρτιῶν,
2629 1492 2751 1549 τότε
2808 1492 3041 1565 ἐπῆλθεν
3119 1495 3309 1557 αὐτοῖς
3362 1497 3425 1551 τὸ
3486 1498 3739 1569 Πνεῦμα.

2064 1585 2233 1636 Τοῦτο
2266 1578 2325 1637 δὲ
2352 1583 2561 1657 γίνεται
2605 1588 3145 1658 προοικονομοῦντος
3198 1582 3507 1663 ἀπολογίαν
3559 1588 3733 1660 μεγά-

2066 1668 2173 1748 λην
2202 1675 2281 1743 τῷ
2313 1673 2501 1745 Πέτρῳ
2545 1676 2640 1728 105
2698 1677 2853 1743 Θεοῦ,
2892 1674 2992 1732 Καὶ
3025 1675 3128 1730 οὐκ
3158 1674 3353 1737 ἁπλῶς
3383 1676 3445 1730 τὸ
3482 1680 3743 1748 Πνεῦμα-

2066 1741 2324 1831 ἐπῆλθιεν,
2393 1741 2538 1817 ἀλλὰ
2603 1762 2693 1817 καὶ
2759 1741 3039 1839 γλώσσαις
3104 1761 3363 1835 ἐλάλουῦ,
3428 1762 3561 1840 ὅπερ
3622 1741 3737 1838 τέξέ-

2066 1848 2288 1920 πληπτε
2314 1853 2442 1913 τοὺς
2472 1851 2845 1928 συνελθόντας.
2904 1854 2984 1909 Δι’
3040 1853 3070 1909 ’ὀ
3131 1852 3221 1909 καὶ
3255 1855 3283 1909 6
3311 1855 3515 1929 Ηέτρος
3557 1875 3743 1929 προσ-

300 1948 546 2016 propter
568 1940 726 2013 quod
758 1940 938 1997 etiam
970 1941 1178 1996 Petrus
1210 1939 1524 1997 confestim
1552 1958 1651 1998 eos
1675 1941 1958 2015 baptizari

2084 1940 2244 2011 quev
2299 1939 2499 2005 εὐθέως
2554 1942 2752 2004 αὐτοὺς
2816 1944 3187 2018 βαπτισθῆναι
3241 1943 3295 1998 ὲν
3354 1944 3433 2017 τῷ
3494 1944 3737 2017 ὀνόματι

294 2031 481 2105 jussit
510 2032 571 2087 in
594 2031 840 2088 nomine
863 2030 1119 2087 Domini.
1146 2031 1262 2086 Nec
1284 2030 1463 2088 dixit:
1489 2032 1782 2096 Quorsum
1805 2047 1963 2103 aqua

298 2139 448 2194 opus
471 2126 582 2186 est,
606 2139 742 2178 cum
764 2120 1173 2194 supervenerit
1192 2121 1254 2177 in
1278 2137 1378 2178 eos
1401 2120 1652 2194 Spiritus
1675 2127 1916 2178 sanctus
1936 2122 1965 2178 ’ἶ

300 2214 554 2269 Noverat
578 2211 759 2276 enim,
791 2210 952 2284 quod
1004 2210 1067 2267 in
1108 2226 1264 2283 aqua
1293 2209 1737 2283 complerentur
1765 2210 1963 2268 divina

304 2305 491 2377 signa,
515 2321 733 2377 nempe
756 2303 1064 2376 sepultura
1085 2320 1154 2360 ac
1175 2303 1578 2371 mortificatio,
1602 2303 1958 2359 resurrectio

302 2402 362 2451 et
381 2396 513 2452 vita.
543 2394 1057 2458 Quemadmodum
1082 2393 1240 2450 enim
1266 2392 1440 2450 nobis
1460 2393 1633 2450 facile
1659 2399 1748 2450 est
1767 2393 1960 2466 bapti-

302 2502 432 2541 zare
463 2502 531 2540 ac
561 2501 885 2558 emergere,
918 2485 1000 2539 ita
1029 2485 1148 2541 Deo
1196 2484 1369 2540 facile
1398 2489 1488 2539 est
1517 2483 1771 2556 sepelire
1804 2489 1962 2540 vete-

306 2591 433 2630 rem
462 2575 765 2632 hominem
797 2591 1134 2647 novumque
1159 2575 1592 2631 demonstrare.
1621 2576 1738 2630 Hoc
1763 2578 1962 2630 autem

306 2666 484 2720 tertio
517 2664 601 2733 ﬁt,
634 2670 700 2721 ut
744 2681 1135 2738 agnoscamus
1192 2664 1352 2736 quod
1383 2664 1651 2736 potentia
1682 2663 1873 2720 Patris
1907 2667 1966 2718 et

309 2754 444 2809 Filii
475 2760 533 2810 et
552 2754 806 2827 Spiritus
829 2754 1018 2811 sancti
1046 2755 1157 2810 hoc
1180 2754 1454 2810 efﬁcitur.
1481 2753 1731 2820 Quidam
1762 2758 1963 2809 autem

312 2844 712 2900 demonstrari
735 2844 944 2900 dicunt
964 2845 1138 2901 tertio
1161 2843 1256 2899 die
1277 2844 1492 2900 factam
1516 2843 1732 2901 Christi
1760 2859 1961 2899 resur-

308 2934 662 3004 rectionem,
695 2952 827 3008 quas
857 2935 972 2991 hoc
1003 2933 1064 2990 in
1095 2934 1269 2990 nobis
1296 2933 1535 2991 efficiat.

923 3046 1155 3102 CAPUT
1196 3045 1344 3102 XVI.

311 3156 590 3222 Quomodo
625 3157 817 3210 Petrus
845 3153 1100 3223 deinceps
1152 3152 1319 3210 etiam
1346 3153 1572 3223 singula
1599 3168 1809 3213 eorum.
1837 3164 1966 3223 quas

382 3233 508 3283 acta
551 3233 678 3283 sunt
733 3231 929 3280 narrat
983 3224 1243 3297 apostolis
1295 3226 1551 3281 adversus
1582 3223 1763 3295 ipsum
1788 3225 1964 3297 disce-

369 3301 680 3370 ptantibus.
717 3299 867 3353 Tunc
896 3295 1079 3370 autem
1108 3297 1420 3353 Barnabam
1447 3299 1713 3353 miserunt
1736 3295 1810 3352 ad
1837 3297 1963 3364 fra-

382 3377 506 3437 tres,
540 3372 639 3440 qui
668 3376 829 3425 erant
858 3369 1189 3425 Antiochiae.

389 3478 487 3544 XI,
522 3480 675 3533 1-20.
705 3498 729 3526 α
751 3475 1085 3532 Audierunt
1113 3481 1314 3531 autem
1347 3473 1596 3546 apostoli
1631 3490 1699 3530 ac
1727 3472 1966 3541 fratres,

312 3590 341 3620 «
376 3567 479 3639 qui
509 3571 679 3622 erant
709 3566 768 3620 in
799 3564 1021 3626 Judma.
1057 3563 1214 3637 quod
1260 3569 1319 3619 et
1365 3569 1571 3635 gentes
1602 3563 1971 3637 recepissent

317 3680 343 3712 ι
370 3656 615 3715 verbum
636 3657 1030 3726 Dei.Cumque
1053 3654 1331 3711 rediisset
1350 3655 1559 3710 Petrus
1579 3653 1979 3726 Jerosolyma;

312 3771 341 3799 «
378 3746 792 3819 disceptabant
835 3745 1119 3801 adversus
1166 3744 1357 3804 illum.
1391 3744 1492 3817 qui
1544 3748 1715 3800 erant
1754 3760 1824 3799 ex
1854 3743 1974 3799 cir-

318 3860 343 3892 c
379 3837 761 3894 cumcisione.
799 3835 1105 3893 dicentes:
1147 3834 1234 3891 Ad
1282 3836 1435 3890 viros
1465 3834 1823 3908 praaputiurn
1855 3833 1971 3890 ha-

318 3950 346 3979 «
381 3927 590 3983 bentes
620 3927 880 3983 introisti
912 3931 970 3981 et
1001 3925 1175 3983 edisti
1214 3942 1350 3981 cum
1379 3924 1522 3981 illis.
1557 3926 1639 3982 Re
1668 3931 1867 3980 autem
1898 3922 1971 3980 ab

316 4041 344 4070 «
379 4018 550 4074 initio
580 4019 833 4090 repetita
864 4019 1072 4073 Petrus
1097 4018 1374 4088 exposuit
1401 4016 1523 4071 illis
1552 4014 1849 4091 ordinem,
1883 4013 1974 4069 di-

323 4130 345 4158 c
382 4124 562 4164 cens:
595 4109 712 4179 Ego
744 4107 805 4162 in
838 4107 1073 4162 civitate
1114 4108 1297 4177 Joppe
1346 4105 1613 4174 orabam,
1643 4103 1880 4174 vidique
1911 4102 1974 4158 in

318 4220 345 4249 ‹‹
371 4197 589 4254 mentis
605 4213 849 4251 excessu
864 4193 1545 4261 visionem,descendere
1559 4209 1659 4248 vas
1673 4191 1975 4264 quoddam

321 4308 343 4338 ι
379 4304 487 4343 ceu
509 4286 761 4341 linteum
786 4290 1350 4357 magnum,quatuor
1375 4282 1564 4339 initiis
1590 4283 1874 4337 emissum
1906 4297 1977 4338 ex

322 4400 342 4426 ι
377 4376 545 4441 ccelo,
580 4380 641 4430 et
672 4375 830 4429 venit
858 4390 1047 4445 usque
1076 4372 1149 4429 ad
1183 4389 1295 4428 me.
1320 4373 1386 4427 In
1419 4371 1578 4443 quod
1609 4388 1744 4428 cum
1778 4371 1976 4427 inten-

320 4486 348 4515 ‹‹
384 4464 605 4519 dissem
639 4463 865 4529 oculos,
897 4462 1289 4518 animadverti
1321 4466 1379 4518 et
1406 4459 1522 4516 vidi
1566 4457 1981 4534 quadrupedie.‘

320 4578 347 4605 (ι
385 4562 654 4622 terraa,ac
677 4554 988 4620 bestias,et
1004 4552 1262 4624 reptilia.
1289 4551 1672 4625 volatiliaque
1694 4552 1848 4609 cmli.
1866 4555 1977 4608 Au-

324 4666 352 4696 «
381 4645 492 4701 divi
518 4649 718 4700 autem
742 4650 802 4700 et
818 4660 1023 4703 vocem
1043 4643 1341 4699 dicentem
1362 4642 1507 4697 mihi
1534 4659 1547 4698 :
1572 4642 1975 4715 Surge,Petre,

2065 2033 2164 2085 τοῦ
2194 2028 2425 2111 Κυρίου.
2485 2031 2583 2086 Καὶ
2637 2031 2742 2087 οὐκ
2796 2032 2932 2101 εἶπε,
2992 2031 3091 2095 Τίς
3120 2034 3155 2102 ἡ
3186 2037 3285 2086 τοῦ
3315 2030 3509 2094 ὕδατος
3540 2032 3733 2109 χρεία,

2065 2122 2163 2175 τοῦ
2193 2117 2353 2197 ἀγίου
2387 2120 2705 2193 Πνεόματος
2754 2120 3110 2185 ἐπιπεσόντος
3144 2122 3335 2186 αὐτοῖς
3364 2142 3377 2193 ;
3433 2121 3589 2180 Ἥδει
3622 2124 3735 2198 γὰρ

2068 2207 2151 2265 ὅτι
2209 2209 2327 2265 θεῖα
2373 2208 2615 2267 τελεῖται
2674 2210 2727 2265 ἐν
2784 2211 2935 2283 αὖτῷ
2992 2208 3268 2284 σύμϐολα,
3317 2211 3487 2294 τάφος
3517 2213 3608 2268 καὶ
3640 2212 3757 2268 νέ-“

2067 2318 2290 2373 κρωσις,
2348 2299 2438 2357 καὶ
2497 2300 2806 2369 ἀνάστασις,
2866 2302 2953 2356 καὶ
3019 2304 3157 2372 ζωή.
3213 2303 3417 2378 ’Ὠσπερ
3446 2303 3547 2378 γὰρ
3572 2298 3744 2358 εὔκο-

2069 2387 2164 2446 λον
2197 2390 2335 2465 ἡμῖν
2384 2390 2751 2466 βαπτίσασθκι
2806 2390 2896 2446 καὶ
2954 2390 3256 2462 ἀνανεῦσαι,
3291 2393 3467 2456 οὕτως
3502 2388 3739 2448 εὔκολον

2067 2482 2147 2553 τῷ
2207 2479 2371 2553 θάψαι
2425 2480 2519 2535 τὸν
2603 2479 2840 2537 παλαιὸν
2924 2478 3232 2555 ἄνθρωπον,
3312 2484 3401 2537 καὶ
3458 2479 3740 2552 ἀναδεῖξαι

2068 2569 2160 2625 τὸν
2191 2569 2333 2626 νέον.
2376 2569 2568 2646 Τρίτον
2630 2567 2688 2625 δὲ
2743 2574 2906 2627 τοῦτο
2967 2570 3197 2645 γίνεται,
3262 2572 3358 2627 ’ἱνα
3388 2574 3603 2646 γνῶμεν
3636 2570 3737 2628 ὅτι

2069 2655 2297 2731 δυνάμει
2329 2660 2562 2734 Πατρὸς,
2594 2659 2684 2716 καὶ
2717 2661 2867 2731 l‘ioii,
2900 2661 2992 2715 xxi
3019 2661 3181 2736 ἁγίου
3221 2660 3533 2734 Πνεόματος
3572 2666 3749 2717 τοῦτο

2068 2746 2293 2824 γίνεται.
2344 2750 2494 2810 Τινὲς
2550 2746 2609 2804 δέ
2664 2770 2845 2826 φασιν,
2918 2747 3009 2805 ’ίνα
3066 2746 3269 2826 δειχθῇ
3330 2753 3364 2820 ἠ
3425 2752 3750 2827 τριήμερος

2067 2836 2353 2900 ἀνάστασις
2427 2842 2524 2893 τοῦ
2598 2842 2845 2915 Χριστοῦ
2919 2843 3083 2896 τοῦτο
3149 2842 3620 2917 κατεργαζογένου
3683 2840 3744 2897 ἄν

2071 2930 2232 3003 ἡμῖν.

2702 3058 2965 3113 ΚΕΦΑΛ.
2998 3056 3090 3127 Ιξ’.

2064 3163 2151 3219 Ὠς
2226 3156 2429 3232 Πέτρος
2478 3156 2567 3232 ⁸τόι
2632 3155 2862 3227 καθεξῆς
2928 3156 3020 3211 καὶ
3079 3157 3157 3232 ,τὰ
3223 3154 3420 3232 ἕκαστα
3488 3162 3596 3232 τῷν
3642 3176 3753 3232 γε-

2848 3231 2966 3290 τοῖς
3069 3227 3401 3293 ἀποστόλοις
3521 3227 3747 3293 διακρι-

2175 3305 2277 3356 εἶσι
2301 3372 2311 3378 _
2340 3298 2476 3373 πρὸς
2505 3372 2517 3378 _
2541 3297 2752 3378 αὐτόν..
2794 3300 2865 3378 ’Ῑίὸ
2928 3298 3121 3378 τηνίκα
3167 3297 3268 3378 -ξὶ⁵
3307 3303 3400 3378 τὸν
3449 3297 3759 3378 Βαρνάϐαν

2145 3364 2394 3446 ἔπεμψαν
2423 3372 2558 3446 πρὸς
2577 3371 2706 3436 τοὺς
2734 3369 2789 3426 ἐν
2817 3364 3125 3448 Ἀντιόχείᾳ
3156 3369 3445 3454 ἀδελφούς.

2173 3225 2376 3284 ονότιυν
2474 3225 2747 3319 διηγεῖται

2137 3250 2277 3354 θεῖσι
2340 3298 2476 3354 πυὸς
2541 3299 2728 3354 αυτόν.

2150 3500 2179 3529 ι(
2210 3476 2484 3535 Ἤκουσαν
2518 3473 2575 3533 δὶ
2605 3478 2657 3532 οἱ
2688 3468 2988 3534 ἀποστολοι
3034 3477 3125 3534 καὶ
3177 3479 3229 3533 οἱ
3279 3476 3531 3553 ἀδελφοὶ,
3560 3479 3611 3534 οἱ
3644 3474 3753 3535 ὅν-

2082 3591 2109 3622 α
2140 3587 2226 3629 τες
2273 3566 2410 3622 κατά
2462 3567 2562 3636 τὴν
2622 3563 2911 3633 Ἰουδαίαν,
2965 3569 3047 3623 δτι
3086 3568 3278 3623 καὶτὰ
3331 3563 3459 3639 ἔθνη
3493 3566 3749 3640 ἐδέξαντο

2087 3656 2232 3712 στὸν
2287 3654 2606 3730 λόγοντοῦ
2662 3659 2815 3711 Θεοῦ.
2873 3657 2975 3714 Καὶ
3045 3658 3135 3712 ὅτε
3190 3653 3358 3728 ἀνέϐη
3423 3657 3631 3733 Πέτρος
3661 3657 3747 3722 εἰς

2083 3772 2112 3801 ι(
2142 3745 2523 3820 Ἰεροσόλυμα,
2558 3743 2888 3822 διεκρίνοντο
2921 3749 3055 3822 πρῆς
3091 3746 3252 3803 αὐτὸν
3307 3749 3363 3803 οἱ
3409 3747 3469 3803 ἐκ
3516 3770 3751 3823 περιτο-

2083 3843 2278 3910 «μῆς,
2346 3833 2627 3910 λέγοντες,
2722 3836 2805 3891 δτι
2900 3836 3041 3911 Πρὸς
3110 3834 3305 3908 ἄνδρας
3379 3832 3756 3914 ἀκροϐυστίαν

2084 3941 2113 3979 ἁ
2145 3920 2375 4003 ἔχοντας
2406 3924 2680 3997 εἰσῆλθες,
2709 3924 2797 3980 καὶ
2849 3924 3136 4001 συνέφαγες
3168 3928 3377 3989 αὐτοῖς.
3413 3928 3757 4001 Ἀρξάμενος

2092 4037 2113 4066 ι
2142 4012 2200 4071 ὃὶ
2231 4016 2258 4069 ὁ
2293 4014 2495 4090 Πέτρος
2535 4014 2791 4085 ἐξετίθετο
2843 4014 3034 4077 αὐτοῖς
3083 4019 3331 4090 καθεξῆς,
3365 4014 3561 4093 λέγων·
3601 4017 3757 4091 Ἐγὼ

2090 4127 2118 4161 ι
2143 4105 2295 4179 ἢμην
2330 4103 2382 4160 ἒν
2423 4104 2585 4160 πόλει
2633 4105 2827 4180 Ἰόππῃ
2879 4105 3350 4182 προσευχόμενος,
3393 4108 3481 4161 καὶ
3517 4104 3658 4163 εἶδον
3692 4108 3755 4164 ὲν

2092 4215 2121 4250 ι
2151 4192 2396 4248 ἐκστάσει
2453 4192 2655 4268 ὅραμα,
2707 4188 3034 4250 καταϐαῖνον
3095 4195 3282 4259 σκεῦός
3333 4216 3389 4252 τι
3437 4196 3511 4259 ὡς
3550 4195 3757 4268 ὀθόνην

2088 4302 2117 4338 ε
2154 4281 2420 4357 μεγάλην,
2468 4281 2748 4355 τέσσαρσιν
2808 4281 3011 4363 ἀρχαῖς
3070 4284 3398 4358 ωθιεμὶνην
3433 4284 3492 4340 ἐκ
3516 4287 3613 4339 τοῦ
3645 4285 3761 4341 οὗ·-

2088 4374 2334 4447 «ρανοῢ,
2395 4369 2484 4424 καὶ
2536 4369 2700 4440 ἦλθεν
2761 4369 2928 4450 ἄχρις
2979 4371 3135 4444 ἐμοῦ.
3196 4372 3286 4435 Εἲς
3344 4373 3411 4444 ἢν
3481 4371 3759 4445 ἀτενίσας,

2089 4484 2119 4514 α
2147 4459 2433 4515 κατενόουν
2464 4458 2553 4515 καὶ
2603 4455 2747 4515 εἶδον
2796 4459 2864 4514 τὰ
2901 4456 3206 4536 τετράποδα
3254 4466 3354 4532 τῆς
3402 4467 3521 4536 γῆς.
3562 4461 3760 4519 καὶτὰ

2090 4572 2118 4602 ‹‹
2151 4548 2334 4625 θηρία,
2393 4548 2485 4603 καὶ
2535 4549 2604 4604 τὰ
2656 4548 2872 4623 ἑρπετὰ,
2922 4548 3021 4604 καὶ
3073 4549 3141 4606 τὰ
3194 4552 3413 4605 πετεινὰ
3450 4555 3548 4605 τοῦ
3580 4552 3761 4627 οὐρα-

2091 4643 2265 4695 «νοῦ.
2327 4640 2573 4694 Ἤκουσα
2630 4634 2688 4693 δὲ
2746 4644 2934 4716 φωνῆς
2993 4638 3267 4716 Λεγοῦσης
3316 4656 3432 4713 μοι’
3469 4641 3758 4715 Ἀναστέισς⁹

325 4756 350 4787 ι
384 4740 577 4791 macta
606 4739 664 4790 et
689 4751 947 4791 vescere.
974 4733 1102 4789 Dixi
1134 4738 1373 4788 autem:
1409 4733 1551 4788 σοι
1592 4732 1971 4804 Nequaquam

2087 4725 2332 4802 cellétps,
2384 4727 2545 4782 θῦσον
2585 4729 2671 4781 καὶ
2707 4727 2865 4807 φάγε.
2925 4726 3095 4783 Εἶπον
3159 4725 3235 4782 δέ’
3294 4725 3599 4807 Μηδαμῶς,
3636 4729 3762 4786 Κό-

319 4848 347 4876 ‹‹
381 4827 655 4885 Domine.
678 4826 817 4899 quia
838 4825 989 4881 nihil
1010 4840 1328 4881 commune
1350 4828 1454 4879 aut
1475 4822 1849 4879 immundum
1868 4838 1982 4877 un-

318 4938 347 4966 ‹‹
386 4932 563 4985 quam
596 4916 865 4971 introivit
893 4915 956 4970 in
988 4932 1055 4971 os
1102 4929 1320 4969 meum.
1357 4911 1802 4984 Responditque
1833 4910 1982 4967 mihi

328 5026 352 5057 α
387 5020 623 5060 rursum
659 5022 765 5059 vox
795 5004 866 5059 de
899 5004 1047 5060 coelo
1075 5020 1088 5058 :
1124 5005 1262 5069 Quae
1295 5003 1449 5058 Deus
1480 5000 1790 5058 mundavit
1820 5005 1882 5056 tu
1907 5015 1984 5055 ne

329 5116 356 5171 gr
392 5093 735 5150 communia
784 5094 1022 5149 dixeris.
1077 5093 1197 5148 Hoc
1244 5098 1442 5148 autem
1493 5091 1742 5165 contigit
1784 5089 1980 5145 tertio.

328 5190 355 5234 ξ(
394 5186 771 5254 Rursumque
802 5181 1092 5238 subducta
1123 5186 1263 5236 sunt
1305 5179 1510 5236 omnia
1546 5180 1607 5236 in
1648 5179 1885 5235 malum.
1918 5179 1990 5234 Et

331 5295 359 5325 ‹‹
394 5288 531 5329 ecce
562 5278 807 5344 repente
841 5278 959 5327 tres
990 5271 1095 5327 viri
1118 5271 1367 5328 aderant
1395 5270 1468 5326 ad
1500 5269 1745 5325 domum
1777 5270 1839 5323 in
1870 5282 1989 5340 qua

336 5383 357 5411 ι
389 5379 571 5430 eram,
598 5379 628 5419 e
660 5361 928 5418 Cassarea
959 5360 1126 5416 missi
1159 5360 1232 5416 ad
1260 5359 1657 5433 me.Dixitque
1688 5358 1835 5415 mihi
1860 5357 1987 5431 Spi-

333 5476 360 5502 ‹‹
394 5450 563 5514 ritus,
596 5455 665 5507 ut
695 5450 1089 5524 congrederer
1140 5467 1276 5506 cum
1333 5448 1456 5505 illis
1489 5448 1646 5505 nihil
1679 5448 1985 5504 haesitans.

340 5568 360 5592 ι
400 5541 674 5598 Comitati
698 5547 839 5598 sunt
869 5547 1067 5597 autem
1099 5557 1195 5596 me
1226 5549 1280 5597 et
1317 5554 1419 5598 sex
1448 5541 1661 5596 fratres
1687 5539 1771 5596 hi.
1797 5540 1864 5594 Et
1894 5539 1990 5595 in-

336 5657 364 5685 «
398 5633 584 5707 gressi
619 5649 826 5689 sumus
869 5631 1113 5687 domum
1173 5633 1322 5687 viri:
1383 5633 1555 5703 isque
1584 5629 1790 5686 retulit
1817 5628 1991 5686 nobis

335 5747 364 5775 ‹‹
401 5724 700 5797 quomodo
735 5722 978 5779 vidisset
1024 5722 1302 5796 angelum
1351 5721 1514 5778 domi
1545 5738 1667 5777 sum
1695 5726 1991 5777 astantem

336 5839 363 5865 ι‹
401 5832 469 5872 ac
506 5816 803 5875 dicentem
836 5814 948 5871 sibi
975 5831 987 5870 :
1020 5814 1180 5871 Mitte
1225 5814 1379 5870 viros
1409 5813 1636 5888 Joppen
1668 5817 1726 5870 et
1754 5825 1993 5871 accerse

2091 4840 2120 4869 «
2153 4836 2255 4892 ριε,
2306 4815 2389 4871 ὅτι
2446 4819 2549 4869 πᾶν
2607 4815 2792 4871 κοινὸν
2841 4813 2877 4885 ἥ
2933 4815 3239 4891 ἀκάθαρτον
3270 4813 3529 4873 οὐδέποτε
3556 4816 3762 4888 εἷο-ἧλ-

2093 4929 2123 4960 ‹‹
2153 4908 2239 4962 θεν
2268 4906 2344 4969 εἰς
2403 4906 2465 4961 τὸ
2518 4904 2694 4979 στόμα
2754 4926 2880 4979 μου.
2933 4907 3227 4980 Ἀπεκρίθη
3281 4905 3339 4962 δέ
3382 4928 3476 4980 μοι
3509 4911 3660 4986 φωνή
3691 4907 3761 4965 ἐκ

2095 5018 2125 5048 ι(
2156 4994 2408 5067 δευτέρου
2460 4995 2519 5050 ἐκ
2571 4998 2668 5052 τοῦ
2722 4994 2977 5071 οὖρανοῦο
3035 5000 3110 5053 "A
3167 4997 3196 5051 6
3254 4996 3386 5061 Θεὸς
3444 4996 3757 5074 ἐκαθαρισε,

2094 5110 2121 5140 κ
2156 5085 2218 5142 σὺ
2252 5087 2327 5161 μή
2362 5084 2564 5143 κοίνου.
2619 5087 2796 5142 Τοῦτο
2855 5083 2914 5140 δὲ
2971 5083 3178 5160 ἐγένετο
3215 5085 3304 5141 ἐπὶ
3333 5086 3472 5159 τρίς.
3511 5088 3613 5143 Καὶ
3644 5087 3762 5141 πά-

2094 5200 2125 5229 ‹‹
2158 5174 2244 5231 λιν
2302 5175 2600 5245 ἀνεσπάσθη
2665 5175 2873 5230 ἅπαντα
2924 5174 3001 5237 εἷς
3045 5176 3138 5230 τὸν
3199 5175 3450 5249 οὐρανόν,
3497 5177 3599 5233 Καὶ
3631 5173 3758 5231 ἰδοὺ

2092 5291 2125 5319 ‹‹
2158 5264 2208 5336 ἐξ
2240 5266 2414 5336 αὐτῆς
2472 5269 2619 5339 τρεῖς
2676 5262 2869 5339 ἄνδρες
2924 5263 3225 5333 ἐπέστησαν
3272 5263 3362 5319 ἐπὶ
3414 5266 3513 5336 τήν
3573 5266 3757 5320 οὶκίαν

2098 5354 2206 5410 «ἐν
2357 5351 2532 5427 ἤμην,
2594 5354 2996 5428 ἀπεσταλμένοι
3065 5352 3172 5409 ἀπὸ
3231 5355 3558 5427 Καισαρείας
3614 5357 3761 5432 πρός

2099 5470 2125 5497 α
2159 5465 2244 5519 με.
2279 5444 2415 5502 Eine
2463 5440 2521 5500 δέ
2572 5464 2665 5517 μοι
2716 5444 2779 5499 τὸ
2827 5447 3060 5515 πνεῦμα,
3093 5440 3368 5507 συνελθεῖν
3402 5444 3610 5513 αὐτοῖς,
3645 5467 3764 5517 μη-

2092 5542 2131 5587 «ι
2162 5532 2247 5590 δέν
2283 5531 2716 5606 διακρινόμενον.
2773 5532 2981 5590 Ἦλθον
3043 5529 3102 5587 δὲ
3136 5532 3254 5589 ,σὺν
3299 5530 3423 5605 ἐμοὶ
3482 5535 3572 5588 καὶ
3619 5534 3760 5608 0125

2102 5648 2131 5677 ‹‹
2163 5621 2393 5701 ἀδελφοὶ
2450 5622 2624 5689 οὗτοι,
2681 5622 2773 5677 καὶ
2825 5620 3157 5692 εἰσήλθομεν
3218 5621 3297 5681 εἷς
3337 5622 3624 5678 ~16v0Tx0v
3656 5628 3759 5680 τοῦ

2107 5737 2128 5767 ι
2166 5710 2379 5788 ἀνδρὸς.
2413 5708 2750 5792 ’Δπήγγειλέ
2803 5731 2861 5768 τε
2916 5711 3076 5783 ἡμῖν,
3114 5714 3231 5773 πῶς
3261 5707 3367 5766 εἶδε
3396 5710 3489 5767 τὸν
3521 5710 3756 5789 ἄγγελον

2105 5830 2133 5857 ‹‹
2168 5801 2220 5861 ἰν
2272 5808 2353 5878 τῷ
2400 5803 2537 5879 οἲκῳ
2594 5803 2760 5862 αὐτοῦ
2819 5799 3077 5861 σταθέντα
3149 5799 3240 5856 καὶ
3297 5800 3526 5857 εἶπόν-ια
3558 5803 3752 5879 αὐτῷ·
