  <div class='ocr_page' id='page_1' title='image "/cluster/home/n/w/nwhite01/storage/ocr_20150623/118:no.1/coo.31924054870229/104.png"; bbox 0 0 4112 6454; ppageno 0'>
   <div class='ocr_carea' id='block_1_1' title="bbox 347 432 464 497">
    <p class='ocr_par' dir='ltr' id='par_1_1' title="bbox 347 432 464 497">
     <span class='ocr_line' id='line_1_1' title="bbox 347 432 464 497; baseline -0.009 0"><span class='ocrx_word' id='word_1_1' title='bbox 347 432 464 497; x_wconf 70' lang='lat'><strong>189</strong></span> 
     </span>
    </p>
   </div>
   <div class='ocr_carea' id='block_1_2' title="bbox 1392 429 2846 502">
    <p class='ocr_par' dir='ltr' id='par_1_2' title="bbox 1392 429 2846 502">
     <span class='ocr_line' id='line_1_2' title="bbox 1392 429 2846 502; baseline -0.008 0"><span class='ocrx_word' id='word_1_2' title='bbox 1392 436 1802 502; x_wconf 59' lang='lat' dir='ltr'><strong>COVMENT.</strong></span> <span class='ocrx_word' id='word_1_3' title='bbox 1847 437 1930 498; x_wconf 80' lang='lat' dir='ltr'><strong>IN</strong></span> <span class='ocrx_word' id='word_1_4' title='bbox 1976 432 2181 497; x_wconf 82' lang='lat' dir='ltr'><strong>ACTA</strong></span> <span class='ocrx_word' id='word_1_5' title='bbox 2223 429 2846 494; x_wconf 79' lang='lat' dir='ltr'><strong>APOSTOLORUM.</strong></span> 
     </span>
    </p>
   </div>
   <div class='ocr_carea' id='block_1_3' title="bbox 3706 432 3823 492">
    <p class='ocr_par' dir='ltr' id='par_1_3' title="bbox 3706 432 3823 492">
     <span class='ocr_line' id='line_1_3' title="bbox 3706 432 3823 492; baseline 0 0"><span class='ocrx_word' id='word_1_6' title='bbox 3706 432 3823 492; x_wconf 76' lang='lat'><strong>190</strong></span> 
     </span>
    </p>
   </div>
   <div class='ocr_carea' id='block_1_4' title="bbox 373 567 2055 650">
    <p class='ocr_par' dir='ltr' id='par_1_4' title="bbox 373 567 2048 650">
     <span class='ocr_line' id='line_1_4' title="bbox 373 567 2048 650; baseline 0.001 -23"><span class='ocrx_word' id='word_1_7' title='bbox 373 595 398 627; x_wconf 82' lang='grc' dir='ltr'><strong>ε</strong></span> <span class='ocrx_word' id='word_1_8' title='bbox 424 567 795 630; x_wconf 73' lang='grc' dir='ltr'><strong>Ἀπόστειλον</strong></span> <span class='ocrx_word' id='word_1_9' title='bbox 832 569 921 636; x_wconf 81' lang='grc' dir='ltr'><strong>εῖς</strong></span> <span class='ocrx_word' id='word_1_10' title='bbox 958 573 1196 646; x_wconf 84' lang='grc' dir='ltr'>Ἰόππην</span> <span class='ocrx_word' id='word_1_11' title='bbox 1253 570 1475 650; x_wconf 72' lang='grc' dir='ltr'>ἃνδρας.</span> <span class='ocrx_word' id='word_1_12' title='bbox 1531 574 1621 631; x_wconf 75' lang='grc' dir='ltr'><strong>καὶ</strong></span> <span class='ocrx_word' id='word_1_13' title='bbox 1693 573 2048 649; x_wconf 78' lang='grc' dir='ltr'><strong>μετάπεμψαι</strong></span> 
     </span>
    </p>
   </div>
   <div class='ocr_carea' id='block_1_5' title="bbox 2173 567 3822 650">
    <p class='ocr_par' dir='ltr' id='par_1_5' title="bbox 2173 569 3822 644">
     <span class='ocr_line' id='line_1_5' title="bbox 2173 569 3822 644; baseline 0.002 -19"><span class='ocrx_word' id='word_1_14' title='bbox 2173 591 2189 625; x_wconf 88' lang='grc' dir='ltr'><strong>ι</strong></span> <span class='ocrx_word' id='word_1_15' title='bbox 2224 571 2526 629; x_wconf 86' lang='lat' dir='ltr'><strong>Simonem</strong></span> <span class='ocrx_word' id='word_1_16' title='bbox 2556 575 2952 644; x_wconf 81' lang='lat' dir='ltr'><strong>cognomento</strong></span> <span class='ocrx_word' id='word_1_17' title='bbox 2982 569 3355 644; x_wconf 87' lang='lat' dir='ltr'><strong>Petrum.qui</strong></span> <span class='ocrx_word' id='word_1_18' title='bbox 3386 569 3493 627; x_wconf 87' lang='lat' dir='ltr'><strong>tibi</strong></span> <span class='ocrx_word' id='word_1_19' title='bbox 3526 587 3595 629; x_wconf 91' lang='lat' dir='ltr'><strong>ea</strong></span> <span class='ocrx_word' id='word_1_20' title='bbox 3624 572 3822 629; x_wconf 88' lang='lat' dir='ltr'><strong>dictu-</strong></span> 
     </span>
    </p>
   </div>
   <div class='ocr_carea' id='block_1_6' title="bbox 377 657 2051 738">
    <p class='ocr_par' dir='ltr' id='par_1_6' title="bbox 377 657 2051 738">
     <span class='ocr_line' id='line_1_6' title="bbox 377 657 2051 738; baseline -0.002 -19"><span class='ocrx_word' id='word_1_21' title='bbox 377 685 400 713; x_wconf 80' lang='grc' dir='ltr'><strong>ι</strong></span> <span class='ocrx_word' id='word_1_22' title='bbox 438 658 669 734; x_wconf 84' lang='grc' dir='ltr'>Σίμωνα</span> <span class='ocrx_word' id='word_1_23' title='bbox 706 659 805 715; x_wconf 84' lang='grc' dir='ltr'><strong>τὸν</strong></span> <span class='ocrx_word' id='word_1_24' title='bbox 836 657 1283 737; x_wconf 72' lang='grc' dir='ltr'><strong>ἐπικαλούμενον</strong></span> <span class='ocrx_word' id='word_1_25' title='bbox 1313 663 1540 738; x_wconf 72' lang='grc' dir='ltr'>Πέτρον,</span> <span class='ocrx_word' id='word_1_26' title='bbox 1568 662 1628 727; x_wconf 80' lang='grc' dir='ltr'><strong>ὅς</strong></span> <span class='ocrx_word' id='word_1_27' title='bbox 1687 659 1918 732; x_wconf 75' lang='grc' dir='ltr'><strong>λαλήσει</strong></span> <span class='ocrx_word' id='word_1_28' title='bbox 1951 659 2051 734; x_wconf 81' lang='grc' dir='ltr'><strong>ῥή-</strong></span> 
     </span>
    </p>
   </div>
   <div class='ocr_carea' id='block_1_7' title="bbox 386 750 2057 828">
    <p class='ocr_par' dir='ltr' id='par_1_7' title="bbox 386 750 2057 828">
     <span class='ocr_line' id='line_1_7' title="bbox 386 750 2057 828; baseline 0 -23"><span class='ocrx_word' id='word_1_29' title='bbox 386 774 413 805; x_wconf 71' lang='lat' dir='ltr'><strong>c</strong></span> <span class='ocrx_word' id='word_1_30' title='bbox 451 770 593 825; x_wconf 80' lang='grc' dir='ltr'>ματα</span> <span class='ocrx_word' id='word_1_31' title='bbox 624 750 774 824; x_wconf 85' lang='grc' dir='ltr'>πρὸς</span> <span class='ocrx_word' id='word_1_32' title='bbox 808 751 893 815; x_wconf 82' lang='grc' dir='ltr'>σὶ,</span> <span class='ocrx_word' id='word_1_33' title='bbox 926 750 983 806; x_wconf 68' lang='grc' dir='ltr'>ἐν</span> <span class='ocrx_word' id='word_1_34' title='bbox 1017 753 1104 813; x_wconf 83' lang='grc' dir='ltr'><strong>οῖς</strong></span> <span class='ocrx_word' id='word_1_35' title='bbox 1136 754 1360 828; x_wconf 73' lang='grc' dir='ltr'>σωθήσῃ</span> <span class='ocrx_word' id='word_1_36' title='bbox 1389 752 1454 808; x_wconf 77' lang='grc' dir='ltr'>σὺ</span> <span class='ocrx_word' id='word_1_37' title='bbox 1504 753 1596 808; x_wconf 84' lang='grc' dir='ltr'><strong>καὶ</strong></span> <span class='ocrx_word' id='word_1_38' title='bbox 1652 757 1757 815; x_wconf 82' lang='grc' dir='ltr'><strong>πᾶς</strong></span> <span class='ocrx_word' id='word_1_39' title='bbox 1817 752 1845 806; x_wconf 87' lang='grc' dir='ltr'><strong>ὁ</strong></span> <span class='ocrx_word' id='word_1_40' title='bbox 1899 751 2057 813; x_wconf 79' lang='grc' dir='ltr'>οἶκός</span> 
     </span>
    </p>
   </div>
   <div class='ocr_carea' id='block_1_8' title="bbox 372 836 2052 916">
    <p class='ocr_par' dir='ltr' id='par_1_8' title="bbox 372 836 2052 916">
     <span class='ocr_line' id='line_1_8' title="bbox 372 836 2052 916; baseline 0.001 -22"><span class='ocrx_word' id='word_1_41' title='bbox 372 865 405 894; x_wconf 76' lang='grc' dir='ltr'><strong>α</strong></span> <span class='ocrx_word' id='word_1_42' title='bbox 442 861 557 895; x_wconf 89' lang='grc' dir='ltr'>σου.</span> <span class='ocrx_word' id='word_1_43' title='bbox 624 840 716 896; x_wconf 82' lang='grc' dir='ltr'>Ἐν</span> <span class='ocrx_word' id='word_1_44' title='bbox 780 836 842 895; x_wconf 76' lang='grc' dir='ltr'>δὶ</span> <span class='ocrx_word' id='word_1_45' title='bbox 891 843 974 913; x_wconf 81' lang='grc' dir='ltr'><strong>τῷ</strong></span> <span class='ocrx_word' id='word_1_46' title='bbox 1027 841 1283 915; x_wconf 76' lang='grc' dir='ltr'>ἄρξασθαί</span> <span class='ocrx_word' id='word_1_47' title='bbox 1343 863 1410 916; x_wconf 89' lang='grc' dir='ltr'><strong>με</strong></span> <span class='ocrx_word' id='word_1_48' title='bbox 1461 838 1654 898; x_wconf 79' lang='grc' dir='ltr'><strong>λαλεῖν</strong></span> <span class='ocrx_word' id='word_1_49' title='bbox 1709 841 1935 897; x_wconf 76' lang='grc' dir='ltr'>ἰπέπεσε</span> <span class='ocrx_word' id='word_1_50' title='bbox 1988 840 2052 896; x_wconf 86' lang='grc' dir='ltr'><strong>τὸ</strong></span> 
     </span>
    </p>
   </div>
   <div class='ocr_carea' id='block_1_9' title="bbox 376 927 2053 1008">
    <p class='ocr_par' dir='ltr' id='par_1_9' title="bbox 376 927 2053 1008">
     <span class='ocr_line' id='line_1_9' title="bbox 376 927 2053 1008; baseline 0.001 -25"><span class='ocrx_word' id='word_1_51' title='bbox 376 953 408 983; x_wconf 81' lang='grc' dir='ltr'><strong>ει</strong></span> <span class='ocrx_word' id='word_1_52' title='bbox 444 933 672 1004; x_wconf 75' lang='grc' dir='ltr'>Πνεῦμα</span> <span class='ocrx_word' id='word_1_53' title='bbox 698 928 767 984; x_wconf 90' lang='grc' dir='ltr'><strong>τὸ</strong></span> <span class='ocrx_word' id='word_1_54' title='bbox 798 929 959 1004; x_wconf 75' lang='grc' dir='ltr'>ἅγιον</span> <span class='ocrx_word' id='word_1_55' title='bbox 990 927 1076 984; x_wconf 77' lang='grc' dir='ltr'><strong>ἐπ’</strong></span> <span class='ocrx_word' id='word_1_56' title='bbox 1116 929 1333 996; x_wconf 81' lang='grc' dir='ltr'>αὐτοὺς,</span> <span class='ocrx_word' id='word_1_57' title='bbox 1384 930 1567 1007; x_wconf 79' lang='grc' dir='ltr'>ὥσπερ</span> <span class='ocrx_word' id='word_1_58' title='bbox 1619 930 1710 986; x_wconf 84' lang='grc' dir='ltr'><strong>καὶ</strong></span> <span class='ocrx_word' id='word_1_59' title='bbox 1763 929 1847 1008; x_wconf 74' lang='grc' dir='ltr'><strong>ἐφ’</strong></span> <span class='ocrx_word' id='word_1_60' title='bbox 1901 930 2053 1004; x_wconf 71' lang='grc' dir='ltr'>ἡμᾶς</span> 
     </span>
    </p>
   </div>
   <div class='ocr_carea' id='block_1_10' title="bbox 377 1014 2052 1097">
    <p class='ocr_par' dir='ltr' id='par_1_10' title="bbox 377 1014 2052 1097">
     <span class='ocr_line' id='line_1_10' title="bbox 377 1014 2052 1097; baseline -0.001 -24"><span class='ocrx_word' id='word_1_61' title='bbox 377 1043 401 1068; x_wconf 76' lang='grc' dir='ltr'>α</span> <span class='ocrx_word' id='word_1_62' title='bbox 435 1016 491 1073; x_wconf 70' lang='grc' dir='ltr'>ἐν</span> <span class='ocrx_word' id='word_1_63' title='bbox 523 1017 706 1093; x_wconf 79' lang='grc' dir='ltr'>ἀρχῇ.</span> <span class='ocrx_word' id='word_1_64' title='bbox 740 1019 1066 1090; x_wconf 75' lang='grc' dir='ltr'>Ἐμνήσθην</span> <span class='ocrx_word' id='word_1_65' title='bbox 1110 1014 1169 1074; x_wconf 70' lang='grc' dir='ltr'>δὲ</span> <span class='ocrx_word' id='word_1_66' title='bbox 1220 1023 1318 1074; x_wconf 90' lang='grc' dir='ltr'><strong>τοῦ</strong></span> <span class='ocrx_word' id='word_1_67' title='bbox 1375 1020 1626 1097; x_wconf 74' lang='grc' dir='ltr'>ῥήματος</span> <span class='ocrx_word' id='word_1_68' title='bbox 1685 1019 1916 1090; x_wconf 75' lang='grc' dir='ltr'>Κυρίου,</span> <span class='ocrx_word' id='word_1_69' title='bbox 1974 1017 2052 1079; x_wconf 86' lang='grc' dir='ltr'><strong>ὡς</strong></span> 
     </span>
    </p>
   </div>
   <div class='ocr_carea' id='block_1_11' title="bbox 372 1102 2053 1182">
    <p class='ocr_par' dir='ltr' id='par_1_11' title="bbox 372 1102 2053 1182">
     <span class='ocr_line' id='line_1_11' title="bbox 372 1102 2053 1182; baseline 0.002 -24"><span class='ocrx_word' id='word_1_70' title='bbox 372 1103 648 1182; x_wconf 58' lang='grc' dir='ltr'>«ἔλεγεν</span> <span class='ocrx_word' id='word_1_71' title='bbox 716 1106 981 1178; x_wconf 79' lang='grc' dir='ltr'>Ἰωάννης</span> <span class='ocrx_word' id='word_1_72' title='bbox 1039 1107 1135 1181; x_wconf 77' lang='grc' dir='ltr'>μὶν</span> <span class='ocrx_word' id='word_1_73' title='bbox 1189 1102 1472 1172; x_wconf 73' lang='grc' dir='ltr'>ἐϐάπτισεν</span> <span class='ocrx_word' id='word_1_74' title='bbox 1533 1106 1712 1177; x_wconf 74' lang='grc' dir='ltr'>ὃδατι,</span> <span class='ocrx_word' id='word_1_75' title='bbox 1783 1107 1939 1181; x_wconf 77' lang='grc' dir='ltr'>ὑμεῖς</span> <span class='ocrx_word' id='word_1_76' title='bbox 1994 1104 2053 1162; x_wconf 70' lang='grc' dir='ltr'>δὲ</span> 
     </span>
    </p>
   </div>
   <div class='ocr_carea' id='block_1_12' title="bbox 372 1194 2052 1275">
    <p class='ocr_par' dir='ltr' id='par_1_12' title="bbox 372 1194 2052 1275">
     <span class='ocr_line' id='line_1_12' title="bbox 372 1194 2052 1275; baseline 0.002 -26"><span class='ocrx_word' id='word_1_77' title='bbox 372 1221 405 1249; x_wconf 88' lang='grc' dir='ltr'><strong>ιι</strong></span> <span class='ocrx_word' id='word_1_78' title='bbox 440 1198 894 1273; x_wconf 71' lang='grc' dir='ltr'>βαπτισθήσεσθε</span> <span class='ocrx_word' id='word_1_79' title='bbox 923 1196 976 1252; x_wconf 68' lang='grc' dir='ltr'>ἄν</span> <span class='ocrx_word' id='word_1_80' title='bbox 1009 1195 1285 1272; x_wconf 80' lang='grc' dir='ltr'>Ηνεύματι</span> <span class='ocrx_word' id='word_1_81' title='bbox 1316 1198 1477 1275; x_wconf 81' lang='grc' dir='ltr'>ἁγίῳ.</span> <span class='ocrx_word' id='word_1_82' title='bbox 1544 1197 1607 1253; x_wconf 84' lang='grc' dir='ltr'><strong>Εἰ</strong></span> <span class='ocrx_word' id='word_1_83' title='bbox 1659 1194 1750 1253; x_wconf 79' lang='grc' dir='ltr'><strong>οῦν</strong></span> <span class='ocrx_word' id='word_1_84' title='bbox 1776 1198 1879 1267; x_wconf 85' lang='grc' dir='ltr'><strong>τήν</strong></span> <span class='ocrx_word' id='word_1_85' title='bbox 1926 1194 2052 1269; x_wconf 80' lang='grc' dir='ltr'>ἷ⁷σην</span> 
     </span>
    </p>
   </div>
   <div class='ocr_carea' id='block_1_13' title="bbox 373 1286 2055 1365">
    <p class='ocr_par' dir='ltr' id='par_1_13' title="bbox 373 1286 2055 1365">
     <span class='ocr_line' id='line_1_13' title="bbox 373 1286 2055 1365; baseline 0 -22"><span class='ocrx_word' id='word_1_86' title='bbox 373 1314 405 1343; x_wconf 83' lang='grc' dir='ltr'><strong>ιι</strong></span> <span class='ocrx_word' id='word_1_87' title='bbox 444 1286 664 1365; x_wconf 71' lang='grc' dir='ltr'>δωρεὰν</span> <span class='ocrx_word' id='word_1_88' title='bbox 696 1286 896 1345; x_wconf 73' lang='grc' dir='ltr'>ἔδωκεν</span> <span class='ocrx_word' id='word_1_89' title='bbox 918 1293 1105 1352; x_wconf 74' lang='grc' dir='ltr'>αὐτοῖς</span> <span class='ocrx_word' id='word_1_90' title='bbox 1133 1290 1163 1346; x_wconf 76' lang='grc' dir='ltr'>ὁ</span> <span class='ocrx_word' id='word_1_91' title='bbox 1193 1290 1344 1357; x_wconf 82' lang='grc' dir='ltr'>Θεὸς,</span> <span class='ocrx_word' id='word_1_92' title='bbox 1377 1290 1453 1353; x_wconf 84' lang='grc' dir='ltr'><strong>ὡς</strong></span> <span class='ocrx_word' id='word_1_93' title='bbox 1484 1290 1575 1346; x_wconf 80' lang='grc' dir='ltr'><strong>καὶ</strong></span> <span class='ocrx_word' id='word_1_94' title='bbox 1632 1293 1770 1364; x_wconf 81' lang='grc' dir='ltr'>ἡμῖν</span> <span class='ocrx_word' id='word_1_95' title='bbox 1826 1309 2055 1345; x_wconf 84' lang='grc' dir='ltr'>πιστευ-</span> 
     </span>
    </p>
   </div>
   <div class='ocr_carea' id='block_1_14' title="bbox 382 1375 2052 1457">
    <p class='ocr_par' dir='ltr' id='par_1_14' title="bbox 382 1375 2052 1457">
     <span class='ocr_line' id='line_1_14' title="bbox 382 1375 2052 1457; baseline -0.001 -23"><span class='ocrx_word' id='word_1_96' title='bbox 382 1402 413 1434; x_wconf 77' lang='grc' dir='ltr'><strong>σ</strong></span> <span class='ocrx_word' id='word_1_97' title='bbox 443 1400 603 1436; x_wconf 82' lang='grc' dir='ltr'>σασιν</span> <span class='ocrx_word' id='word_1_98' title='bbox 638 1378 733 1435; x_wconf 69' lang='grc' dir='ltr'><strong>ἐπὶ</strong></span> <span class='ocrx_word' id='word_1_99' title='bbox 759 1379 854 1435; x_wconf 89' lang='grc' dir='ltr'><strong>τὸν</strong></span> <span class='ocrx_word' id='word_1_100' title='bbox 885 1378 1087 1454; x_wconf 83' lang='grc' dir='ltr'>Κύριον</span> <span class='ocrx_word' id='word_1_101' title='bbox 1117 1380 1327 1450; x_wconf 84' lang='grc' dir='ltr'>Ἰησοῦν</span> <span class='ocrx_word' id='word_1_102' title='bbox 1382 1378 1644 1457; x_wconf 82' lang='grc' dir='ltr'>Χριστὸν,</span> <span class='ocrx_word' id='word_1_103' title='bbox 1704 1379 1814 1454; x_wconf 78' lang='grc' dir='ltr'><strong>ἐγὼ</strong></span> <span class='ocrx_word' id='word_1_104' title='bbox 1864 1375 1922 1433; x_wconf 69' lang='grc' dir='ltr'>δὲ</span> <span class='ocrx_word' id='word_1_105' title='bbox 1968 1376 2052 1441; x_wconf 74' lang='grc' dir='ltr'><strong>τίς</strong></span> 
     </span>
    </p>
   </div>
   <div class='ocr_carea' id='block_1_15' title="bbox 381 1464 2052 1542">
    <p class='ocr_par' dir='ltr' id='par_1_15' title="bbox 381 1464 2052 1542">
     <span class='ocr_line' id='line_1_15' title="bbox 381 1464 2052 1542; baseline -0.001 -20"><span class='ocrx_word' id='word_1_106' title='bbox 381 1491 408 1522; x_wconf 78' lang='grc' dir='ltr'><strong>ε</strong></span> <span class='ocrx_word' id='word_1_107' title='bbox 440 1469 606 1542; x_wconf 70' lang='grc' dir='ltr'>ἢμην</span> <span class='ocrx_word' id='word_1_108' title='bbox 634 1465 863 1530; x_wconf 76' lang='grc' dir='ltr'>δυνατὸς</span> <span class='ocrx_word' id='word_1_109' title='bbox 892 1466 1139 1524; x_wconf 80' lang='grc' dir='ltr'>κωλύσαι</span> <span class='ocrx_word' id='word_1_110' title='bbox 1180 1470 1274 1524; x_wconf 84' lang='grc' dir='ltr'><strong>τὸν</strong></span> <span class='ocrx_word' id='word_1_111' title='bbox 1335 1469 1466 1526; x_wconf 87' lang='grc' dir='ltr'>Θεόν</span> <span class='ocrx_word' id='word_1_112' title='bbox 1503 1487 1517 1539; x_wconf 78' lang='grc' dir='ltr'><strong>ς</strong></span> <span class='ocrx_word' id='word_1_113' title='bbox 1573 1467 1932 1532; x_wconf 72' lang='grc' dir='ltr'>’Λκούσαντες</span> <span class='ocrx_word' id='word_1_114' title='bbox 1993 1464 2052 1522; x_wconf 78' lang='grc' dir='ltr'>δὲ</span> 
     </span>
    </p>
   </div>
   <div class='ocr_carea' id='block_1_16' title="bbox 379 1559 2050 1641">
    <p class='ocr_par' dir='ltr' id='par_1_16' title="bbox 379 1559 2050 1641">
     <span class='ocr_line' id='line_1_16' title="bbox 379 1559 2050 1641; baseline 0 -23"><span class='ocrx_word' id='word_1_115' title='bbox 379 1588 411 1618; x_wconf 85' lang='grc' dir='ltr'><strong>ιι</strong></span> <span class='ocrx_word' id='word_1_116' title='bbox 443 1567 642 1631; x_wconf 69' lang='grc' dir='ltr'>ταῦτα,</span> <span class='ocrx_word' id='word_1_117' title='bbox 693 1561 1003 1641; x_wconf 69' lang='grc' dir='ltr'>ἡσύχασαν,</span> <span class='ocrx_word' id='word_1_118' title='bbox 1054 1562 1146 1619; x_wconf 82' lang='grc' dir='ltr'><strong>καὶ</strong></span> <span class='ocrx_word' id='word_1_119' title='bbox 1190 1559 1445 1635; x_wconf 77' lang='grc' dir='ltr'>ἐδόξασαν</span> <span class='ocrx_word' id='word_1_120' title='bbox 1492 1563 1584 1619; x_wconf 90' lang='grc' dir='ltr'><strong>τὸν</strong></span> <span class='ocrx_word' id='word_1_121' title='bbox 1646 1563 1796 1630; x_wconf 81' lang='grc' dir='ltr'>Θεὸν,</span> <span class='ocrx_word' id='word_1_122' title='bbox 1857 1560 2050 1640; x_wconf 73' lang='grc' dir='ltr'>λὲγον-</span> 
     </span>
    </p>
   </div>
   <div class='ocr_carea' id='block_1_17' title="bbox 396 1646 2052 1730">
    <p class='ocr_par' dir='ltr' id='par_1_17' title="bbox 396 1646 2052 1730">
     <span class='ocr_line' id='line_1_17' title="bbox 396 1646 2052 1730; baseline 0.002 -25"><span class='ocrx_word' id='word_1_123' title='bbox 396 1678 425 1705; x_wconf 80' lang='grc' dir='ltr'><strong>ει</strong></span> <span class='ocrx_word' id='word_1_124' title='bbox 453 1671 562 1717; x_wconf 85' lang='grc' dir='ltr'>τες’</span> <span class='ocrx_word' id='word_1_125' title='bbox 596 1653 813 1730; x_wconf 76' lang='grc' dir='ltr'>Ἀραγε</span> <span class='ocrx_word' id='word_1_126' title='bbox 840 1652 932 1708; x_wconf 79' lang='grc' dir='ltr'><strong>καὶ</strong></span> <span class='ocrx_word' id='word_1_127' title='bbox 989 1657 1108 1715; x_wconf 86' lang='grc' dir='ltr'>τοῖς</span> <span class='ocrx_word' id='word_1_128' title='bbox 1157 1646 1363 1709; x_wconf 76' lang='grc' dir='ltr'><strong>ἔθνεσιν</strong></span> <span class='ocrx_word' id='word_1_129' title='bbox 1395 1653 1423 1708; x_wconf 85' lang='grc' dir='ltr'><strong>ὁ</strong></span> <span class='ocrx_word' id='word_1_130' title='bbox 1454 1653 1583 1716; x_wconf 85' lang='grc' dir='ltr'><strong>Θεὸς</strong></span> <span class='ocrx_word' id='word_1_131' title='bbox 1630 1653 1730 1721; x_wconf 78' lang='grc' dir='ltr'><strong>τήν</strong></span> <span class='ocrx_word' id='word_1_132' title='bbox 1767 1653 2052 1727; x_wconf 77' lang='grc' dir='ltr'>μετάνοιαν</span> 
     </span>
    </p>
   </div>
   <div class='ocr_carea' id='block_1_18' title="bbox 405 1739 2053 1826">
    <p class='ocr_par' dir='ltr' id='par_1_18' title="bbox 405 1739 2053 1826">
     <span class='ocr_line' id='line_1_18' title="bbox 405 1739 2053 1826; baseline 0.002 -30"><span class='ocrx_word' id='word_1_133' title='bbox 405 1741 651 1826; x_wconf 42' lang='lat' dir='ltr'><strong>cibum</strong></span> <span class='ocrx_word' id='word_1_134' title='bbox 713 1740 791 1805; x_wconf 63' lang='lat' dir='ltr'><strong>ei;</strong></span> <span class='ocrx_word' id='word_1_135' title='bbox 850 1742 1023 1813; x_wconf 80' lang='grc' dir='ltr'>ζωήν.</span> <span class='ocrx_word' id='word_1_136' title='bbox 1092 1744 1198 1799; x_wconf 81' lang='grc' dir='ltr'><strong>Καὶ</strong></span> <span class='ocrx_word' id='word_1_137' title='bbox 1251 1741 1305 1813; x_wconf 67' lang='grc' dir='ltr'>οἱ</span> <span class='ocrx_word' id='word_1_138' title='bbox 1364 1743 1458 1817; x_wconf 76' lang='grc' dir='ltr'>μὶν</span> <span class='ocrx_word' id='word_1_139' title='bbox 1518 1742 1615 1799; x_wconf 82' lang='grc' dir='ltr'><strong>οῦν</strong></span> <span class='ocrx_word' id='word_1_140' title='bbox 1672 1739 2053 1819; x_wconf 73' lang='grc' dir='ltr'>διασπαρέντες</span> 
     </span>
    </p>
   </div>
   <div class='ocr_carea' id='block_1_19' title="bbox 411 1830 2049 1908">
    <p class='ocr_par' dir='ltr' id='par_1_19' title="bbox 411 1830 2049 1908">
     <span class='ocr_line' id='line_1_19' title="bbox 411 1830 2049 1908; baseline 0 -22"><span class='ocrx_word' id='word_1_141' title='bbox 411 1860 442 1886; x_wconf 74' lang='grc' dir='ltr'><strong>σε</strong></span> <span class='ocrx_word' id='word_1_142' title='bbox 503 1835 609 1890; x_wconf 65' lang='grc' dir='ltr'><strong>ἀπὸ</strong></span> <span class='ocrx_word' id='word_1_143' title='bbox 653 1839 753 1902; x_wconf 75' lang='grc' dir='ltr'><strong>τῆς</strong></span> <span class='ocrx_word' id='word_1_144' title='bbox 814 1830 1056 1906; x_wconf 79' lang='grc' dir='ltr'>θλίψεως</span> <span class='ocrx_word' id='word_1_145' title='bbox 1113 1834 1214 1902; x_wconf 74' lang='grc' dir='ltr'><strong>τῆς</strong></span> <span class='ocrx_word' id='word_1_146' title='bbox 1271 1833 1572 1908; x_wconf 68' lang='grc' dir='ltr'>γενομένης</span> <span class='ocrx_word' id='word_1_147' title='bbox 1628 1830 1717 1889; x_wconf 79' lang='grc' dir='ltr'>ἐπὶ</span> <span class='ocrx_word' id='word_1_148' title='bbox 1772 1835 2049 1908; x_wconf 69' lang='grc' dir='ltr'>Στεφάνῳ,</span> 
     </span>
    </p>
   </div>
   <div class='ocr_carea' id='block_1_20' title="bbox 2166 661 3819 734">
    <p class='ocr_par' dir='ltr' id='par_1_20' title="bbox 2166 661 3819 734">
     <span class='ocr_line' id='line_1_20' title="bbox 2166 661 3819 734; baseline 0 -15"><span class='ocrx_word' id='word_1_149' title='bbox 2166 684 2194 712; x_wconf 82' lang='grc' dir='ltr'><strong>ιι</strong></span> <span class='ocrx_word' id='word_1_150' title='bbox 2224 679 2328 719; x_wconf 86' lang='lat' dir='ltr'><strong>rus</strong></span> <span class='ocrx_word' id='word_1_151' title='bbox 2362 667 2452 718; x_wconf 89' lang='lat' dir='ltr'><strong>est</strong></span> <span class='ocrx_word' id='word_1_152' title='bbox 2474 677 2582 734; x_wconf 90' lang='lat' dir='ltr'><strong>per</strong></span> <span class='ocrx_word' id='word_1_153' title='bbox 2611 677 2744 733; x_wconf 61' lang='lat' dir='ltr'><strong>qua;</strong></span> <span class='ocrx_word' id='word_1_154' title='bbox 2777 661 3112 718; x_wconf 85' lang='lat' dir='ltr'><strong>salveris.et</strong></span> <span class='ocrx_word' id='word_1_155' title='bbox 3144 662 3585 718; x_wconf 80' lang='lat' dir='ltr'><strong>tu.etuniversa</strong></span> <span class='ocrx_word' id='word_1_156' title='bbox 3604 663 3819 719; x_wconf 91' lang='lat' dir='ltr'><strong>domus</strong></span> 
     </span>
    </p>
   </div>
   <div class='ocr_carea' id='block_1_21' title="bbox 2165 751 3821 825">
    <p class='ocr_par' dir='ltr' id='par_1_21' title="bbox 2165 751 3821 825">
     <span class='ocr_line' id='line_1_21' title="bbox 2165 751 3821 825; baseline 0.004 -21"><span class='ocrx_word' id='word_1_157' title='bbox 2165 776 2184 804; x_wconf 83' lang='grc' dir='ltr'><strong>ε</strong></span> <span class='ocrx_word' id='word_1_158' title='bbox 2223 753 2615 825; x_wconf 88' lang='lat' dir='ltr'><strong>tua.Cumque</strong></span> <span class='ocrx_word' id='word_1_159' title='bbox 2646 752 2811 824; x_wconf 84' lang='lat' dir='ltr'><strong>loqui</strong></span> <span class='ocrx_word' id='word_1_160' title='bbox 2836 751 3426 824; x_wconf 75' lang='lat' dir='ltr'><strong>cmpissemillapsus</strong></span> <span class='ocrx_word' id='word_1_161' title='bbox 3450 760 3541 808; x_wconf 92' lang='lat' dir='ltr'><strong>est</strong></span> <span class='ocrx_word' id='word_1_162' title='bbox 3564 754 3821 825; x_wconf 74' lang='lat' dir='ltr'><strong>Spiritus</strong></span> 
     </span>
    </p>
   </div>
   <div class='ocr_carea' id='block_1_22' title="bbox 2159 842 3818 914">
    <p class='ocr_par' dir='ltr' id='par_1_22' title="bbox 2159 842 3818 914">
     <span class='ocr_line' id='line_1_22' title="bbox 2159 842 3818 914; baseline -0.001 -13"><span class='ocrx_word' id='word_1_163' title='bbox 2159 867 2187 895; x_wconf 88' lang='lat'><strong><em>«</em></strong></span> <span class='ocrx_word' id='word_1_164' title='bbox 2223 851 2464 902; x_wconf 88' lang='lat' dir='ltr'><strong>sanctus</strong></span> <span class='ocrx_word' id='word_1_165' title='bbox 2488 844 2549 898; x_wconf 91' lang='lat' dir='ltr'><strong>in</strong></span> <span class='ocrx_word' id='word_1_166' title='bbox 2565 842 3235 914; x_wconf 87' lang='lat' dir='ltr'><strong>illos,quemadmodum</strong></span> <span class='ocrx_word' id='word_1_167' title='bbox 3253 850 3311 897; x_wconf 88' lang='lat' dir='ltr'><strong>et</strong></span> <span class='ocrx_word' id='word_1_168' title='bbox 3335 843 3395 897; x_wconf 90' lang='lat' dir='ltr'><strong>in</strong></span> <span class='ocrx_word' id='word_1_169' title='bbox 3412 859 3523 897; x_wconf 88' lang='lat' dir='ltr'><strong>nos</strong></span> <span class='ocrx_word' id='word_1_170' title='bbox 3536 842 3608 897; x_wconf 91' lang='lat' dir='ltr'><strong>ab</strong></span> <span class='ocrx_word' id='word_1_171' title='bbox 3626 844 3818 901; x_wconf 87' lang='lat' dir='ltr'><strong>initio.</strong></span> 
     </span>
    </p>
   </div>
   <div class='ocr_carea' id='block_1_23' title="bbox 2160 929 3823 1004">
    <p class='ocr_par' dir='ltr' id='par_1_23' title="bbox 2160 929 3823 1004">
     <span class='ocr_line' id='line_1_23' title="bbox 2160 929 3823 1004; baseline -0.001 -15"><span class='ocrx_word' id='word_1_172' title='bbox 2160 960 2187 989; x_wconf 88' lang='grc' dir='ltr'><strong>ιι</strong></span> <span class='ocrx_word' id='word_1_173' title='bbox 2221 935 2585 990; x_wconf 79' lang='lat' dir='ltr'><strong>Recordatus</strong></span> <span class='ocrx_word' id='word_1_174' title='bbox 2619 950 2746 988; x_wconf 90' lang='lat' dir='ltr'><strong>sum</strong></span> <span class='ocrx_word' id='word_1_175' title='bbox 2780 937 2978 988; x_wconf 90' lang='lat' dir='ltr'><strong>autem</strong></span> <span class='ocrx_word' id='word_1_176' title='bbox 3012 929 3171 986; x_wconf 85' lang='lat' dir='ltr'><strong>verbi</strong></span> <span class='ocrx_word' id='word_1_177' title='bbox 3208 932 3630 1004; x_wconf 60' lang='lat' dir='ltr'><strong>Dominiquod</strong></span> <span class='ocrx_word' id='word_1_178' title='bbox 3655 934 3823 989; x_wconf 82' lang='lat' dir='ltr'><strong>dixe-</strong></span> 
     </span>
    </p>
   </div>
   <div class='ocr_carea' id='block_1_24' title="bbox 2163 1021 3819 1094">
    <p class='ocr_par' dir='ltr' id='par_1_24' title="bbox 2163 1021 3819 1094">
     <span class='ocr_line' id='line_1_24' title="bbox 2163 1021 3819 1094; baseline 0.001 -17"><span class='ocrx_word' id='word_1_179' title='bbox 2163 1049 2188 1077; x_wconf 93' lang='grc' dir='ltr'><strong>ιι</strong></span> <span class='ocrx_word' id='word_1_180' title='bbox 2222 1031 2317 1082; x_wconf 89' lang='lat' dir='ltr'><strong>rat</strong></span> <span class='ocrx_word' id='word_1_181' title='bbox 2340 1042 2353 1080; x_wconf 92' lang='lat'><strong>:</strong></span> <span class='ocrx_word' id='word_1_182' title='bbox 2376 1026 2634 1081; x_wconf 78' lang='lat' dir='ltr'><strong>Joannes</strong></span> <span class='ocrx_word' id='word_1_183' title='bbox 2666 1023 2906 1094; x_wconf 89' lang='lat' dir='ltr'><strong>quidem</strong></span> <span class='ocrx_word' id='word_1_184' title='bbox 2949 1021 3262 1093; x_wconf 80' lang='lat' dir='ltr'><strong>baptizavit</strong></span> <span class='ocrx_word' id='word_1_185' title='bbox 3289 1038 3463 1092; x_wconf 77' lang='lat' dir='ltr'><strong>aqua.</strong></span> <span class='ocrx_word' id='word_1_186' title='bbox 3497 1038 3597 1076; x_wconf 90' lang='lat' dir='ltr'><strong>vos</strong></span> <span class='ocrx_word' id='word_1_187' title='bbox 3618 1029 3819 1078; x_wconf 88' lang='lat' dir='ltr'><strong>autem</strong></span> 
     </span>
    </p>
   </div>
   <div class='ocr_carea' id='block_1_25' title="bbox 2163 1110 3817 1187">
    <p class='ocr_par' dir='ltr' id='par_1_25' title="bbox 2163 1110 3817 1187">
     <span class='ocr_line' id='line_1_25' title="bbox 2163 1110 3817 1187; baseline 0.001 -22"><span class='ocrx_word' id='word_1_188' title='bbox 2163 1140 2184 1165; x_wconf 89' lang='grc' dir='ltr'><strong>ιι</strong></span> <span class='ocrx_word' id='word_1_189' title='bbox 2220 1114 2667 1187; x_wconf 86' lang='lat' dir='ltr'><strong>baptizabimini</strong></span> <span class='ocrx_word' id='word_1_190' title='bbox 2726 1113 2948 1185; x_wconf 83' lang='lat' dir='ltr'><strong>Spiritu</strong></span> <span class='ocrx_word' id='word_1_191' title='bbox 3009 1117 3236 1166; x_wconf 86' lang='lat' dir='ltr'><strong>sancto.</strong></span> <span class='ocrx_word' id='word_1_192' title='bbox 3300 1110 3358 1165; x_wconf 90' lang='lat' dir='ltr'><strong>Si</strong></span> <span class='ocrx_word' id='word_1_193' title='bbox 3425 1127 3530 1183; x_wconf 86' lang='lat' dir='ltr'><strong>ego</strong></span> <span class='ocrx_word' id='word_1_194' title='bbox 3591 1111 3817 1167; x_wconf 89' lang='lat' dir='ltr'><strong>donum</strong></span> 
     </span>
    </p>
   </div>
   <div class='ocr_carea' id='block_1_26' title="bbox 2158 1200 3822 1277">
    <p class='ocr_par' dir='ltr' id='par_1_26' title="bbox 2158 1200 3822 1277">
     <span class='ocr_line' id='line_1_26' title="bbox 2158 1200 3822 1277; baseline -0.001 -20"><span class='ocrx_word' id='word_1_195' title='bbox 2158 1229 2187 1257; x_wconf 89' lang='lat'><strong>«</strong></span> <span class='ocrx_word' id='word_1_196' title='bbox 2222 1205 2450 1277; x_wconf 68' lang='lat' dir='ltr'><strong>aequale</strong></span> <span class='ocrx_word' id='word_1_197' title='bbox 2483 1203 2791 1259; x_wconf 90' lang='lat' dir='ltr'><strong>deditillis</strong></span> <span class='ocrx_word' id='word_1_198' title='bbox 2828 1202 3236 1265; x_wconf 77' lang='lat' dir='ltr'><strong>Deus,sicutet</strong></span> <span class='ocrx_word' id='word_1_199' title='bbox 3264 1200 3602 1258; x_wconf 66' lang='lat' dir='ltr'><strong>nobiscum</strong></span> <span class='ocrx_word' id='word_1_200' title='bbox 3624 1200 3822 1256; x_wconf 92' lang='lat' dir='ltr'><strong>credi-</strong></span> 
     </span>
    </p>
   </div>
   <div class='ocr_carea' id='block_1_27' title="bbox 2157 1290 3820 1364">
    <p class='ocr_par' dir='ltr' id='par_1_27' title="bbox 2157 1290 3820 1364">
     <span class='ocr_line' id='line_1_27' title="bbox 2157 1290 3820 1364; baseline 0 -17"><span class='ocrx_word' id='word_1_201' title='bbox 2157 1318 2186 1346; x_wconf 93' lang='grc' dir='ltr'><strong>ιι</strong></span> <span class='ocrx_word' id='word_1_202' title='bbox 2216 1294 2512 1351; x_wconf 89' lang='lat' dir='ltr'><strong>dissemus</strong></span> <span class='ocrx_word' id='word_1_203' title='bbox 2542 1296 2603 1351; x_wconf 90' lang='lat' dir='ltr'><strong>in</strong></span> <span class='ocrx_word' id='word_1_204' title='bbox 2643 1294 2958 1351; x_wconf 89' lang='lat' dir='ltr'><strong>Dominum</strong></span> <span class='ocrx_word' id='word_1_205' title='bbox 2990 1293 3191 1349; x_wconf 78' lang='lat' dir='ltr'><strong>Iesum</strong></span> <span class='ocrx_word' id='word_1_206' title='bbox 3224 1290 3659 1364; x_wconf 80' lang='lat' dir='ltr'><strong>Christum,ego</strong></span> <span class='ocrx_word' id='word_1_207' title='bbox 3678 1308 3820 1347; x_wconf 87' lang='lat' dir='ltr'><strong>sane</strong></span> 
     </span>
    </p>
   </div>
   <div class='ocr_carea' id='block_1_28' title="bbox 2161 1381 3823 1459">
    <p class='ocr_par' dir='ltr' id='par_1_28' title="bbox 2161 1381 3823 1459">
     <span class='ocr_line' id='line_1_28' title="bbox 2161 1381 3823 1459; baseline -0.002 -19"><span class='ocrx_word' id='word_1_208' title='bbox 2161 1406 2191 1436; x_wconf 90' lang='grc' dir='ltr'><strong>ιι</strong></span> <span class='ocrx_word' id='word_1_209' title='bbox 2217 1385 2351 1458; x_wconf 90' lang='lat' dir='ltr'><strong>quis</strong></span> <span class='ocrx_word' id='word_1_210' title='bbox 2381 1402 2543 1442; x_wconf 88' lang='lat' dir='ltr'><strong>eram</strong></span> <span class='ocrx_word' id='word_1_211' title='bbox 2576 1386 2677 1459; x_wconf 87' lang='lat' dir='ltr'><strong>qui</strong></span> <span class='ocrx_word' id='word_1_212' title='bbox 2704 1402 2941 1459; x_wconf 89' lang='lat' dir='ltr'><strong>possem</strong></span> <span class='ocrx_word' id='word_1_213' title='bbox 2974 1384 3263 1440; x_wconf 86' lang='lat' dir='ltr'><strong>obsistere</strong></span> <span class='ocrx_word' id='word_1_214' title='bbox 3296 1383 3412 1438; x_wconf 93' lang='lat' dir='ltr'><strong>Deo</strong></span> <span class='ocrx_word' id='word_1_215' title='bbox 3440 1382 3468 1437; x_wconf 87' lang='lat'><strong>?</strong></span> <span class='ocrx_word' id='word_1_216' title='bbox 3499 1381 3599 1437; x_wconf 87' lang='lat' dir='ltr'><strong>His</strong></span> <span class='ocrx_word' id='word_1_217' title='bbox 3621 1386 3823 1437; x_wconf 88' lang='lat' dir='ltr'><strong>autem</strong></span> 
     </span>
    </p>
   </div>
   <div class='ocr_carea' id='block_1_29' title="bbox 2160 1469 3821 1547">
    <p class='ocr_par' dir='ltr' id='par_1_29' title="bbox 2160 1469 3821 1547">
     <span class='ocr_line' id='line_1_29' title="bbox 2160 1469 3821 1547; baseline -0.005 -14"><span class='ocrx_word' id='word_1_218' title='bbox 2160 1496 2189 1526; x_wconf 84' lang='lat'>«</span> <span class='ocrx_word' id='word_1_219' title='bbox 2221 1475 2443 1533; x_wconf 90' lang='lat' dir='ltr'><strong>auditis</strong></span> <span class='ocrx_word' id='word_1_220' title='bbox 2472 1476 2949 1541; x_wconf 88' lang='lat' dir='ltr'><strong>obticuerunt,et</strong></span> <span class='ocrx_word' id='word_1_221' title='bbox 2976 1474 3458 1547; x_wconf 81' lang='lat' dir='ltr'><strong>gloriﬁcaverunt</strong></span> <span class='ocrx_word' id='word_1_222' title='bbox 3487 1471 3696 1535; x_wconf 89' lang='lat' dir='ltr'><strong>Deum,</strong></span> <span class='ocrx_word' id='word_1_223' title='bbox 3729 1469 3821 1525; x_wconf 88' lang='lat' dir='ltr'><strong>di-</strong></span> 
     </span>
    </p>
   </div>
   <div class='ocr_carea' id='block_1_30' title="bbox 2158 1560 3820 1640">
    <p class='ocr_par' dir='ltr' id='par_1_30' title="bbox 2158 1560 3820 1640">
     <span class='ocr_line' id='line_1_30' title="bbox 2158 1560 3820 1640; baseline -0.005 -17"><span class='ocrx_word' id='word_1_224' title='bbox 2158 1588 2187 1617; x_wconf 82' lang='grc' dir='ltr'><strong>ιι</strong></span> <span class='ocrx_word' id='word_1_225' title='bbox 2220 1572 2467 1624; x_wconf 81' lang='lat' dir='ltr'><strong>centes:</strong></span> <span class='ocrx_word' id='word_1_226' title='bbox 2518 1567 2702 1640; x_wconf 84' lang='lat' dir='ltr'><strong>igitur</strong></span> <span class='ocrx_word' id='word_1_227' title='bbox 2754 1571 2811 1621; x_wconf 89' lang='lat' dir='ltr'><strong>et</strong></span> <span class='ocrx_word' id='word_1_228' title='bbox 2861 1565 3139 1639; x_wconf 83' lang='lat' dir='ltr'><strong>gentibus</strong></span> <span class='ocrx_word' id='word_1_229' title='bbox 3198 1563 3350 1617; x_wconf 85' lang='lat' dir='ltr'><strong>Deus</strong></span> <span class='ocrx_word' id='word_1_230' title='bbox 3405 1560 3820 1633; x_wconf 67' lang='lat' dir='ltr'><strong>paenitentiam</strong></span> 
     </span>
    </p>
   </div>
   <div class='ocr_carea' id='block_1_31' title="bbox 2160 1651 3811 1725">
    <p class='ocr_par' dir='ltr' id='par_1_31' title="bbox 2160 1651 3811 1725">
     <span class='ocr_line' id='line_1_31' title="bbox 2160 1651 3811 1725; baseline -0.001 -17"><span class='ocrx_word' id='word_1_231' title='bbox 2160 1676 2186 1708; x_wconf 85' lang='grc' dir='ltr'><strong>ιι</strong></span> <span class='ocrx_word' id='word_1_232' title='bbox 2215 1657 2512 1713; x_wconf 83' lang='lat' dir='ltr'><strong>concessit</strong></span> <span class='ocrx_word' id='word_1_233' title='bbox 2539 1656 2613 1713; x_wconf 89' lang='lat' dir='ltr'><strong>ad</strong></span> <span class='ocrx_word' id='word_1_234' title='bbox 2647 1658 2843 1713; x_wconf 89' lang='lat' dir='ltr'><strong>vitam.</strong></span> <span class='ocrx_word' id='word_1_235' title='bbox 2878 1658 2949 1712; x_wconf 93' lang='lat' dir='ltr'><strong>Et</strong></span> <span class='ocrx_word' id='word_1_236' title='bbox 3004 1655 3095 1712; x_wconf 89' lang='lat' dir='ltr'><strong>illi</strong></span> <span class='ocrx_word' id='word_1_237' title='bbox 3144 1652 3387 1725; x_wconf 89' lang='lat' dir='ltr'><strong>quidem</strong></span> <span class='ocrx_word' id='word_1_238' title='bbox 3418 1652 3518 1725; x_wconf 90' lang='lat' dir='ltr'><strong>qui</strong></span> <span class='ocrx_word' id='word_1_239' title='bbox 3550 1651 3811 1723; x_wconf 87' lang='lat' dir='ltr'><strong>dispersi</strong></span> 
     </span>
    </p>
   </div>
   <div class='ocr_carea' id='block_1_32' title="bbox 2158 1742 3816 1818">
    <p class='ocr_par' dir='ltr' id='par_1_32' title="bbox 2158 1742 3816 1818">
     <span class='ocr_line' id='line_1_32' title="bbox 2158 1742 3816 1818; baseline -0.004 -15"><span class='ocrx_word' id='word_1_240' title='bbox 2158 1768 2187 1796; x_wconf 87' lang='lat'><strong>«</strong></span> <span class='ocrx_word' id='word_1_241' title='bbox 2219 1746 2461 1804; x_wconf 86' lang='lat' dir='ltr'><strong>fuerant</strong></span> <span class='ocrx_word' id='word_1_242' title='bbox 2489 1764 2559 1803; x_wconf 85' lang='lat' dir='ltr'><strong>ex</strong></span> <span class='ocrx_word' id='word_1_243' title='bbox 2590 1747 3082 1818; x_wconf 79' lang='lat' dir='ltr'><strong>al&#39;ﬂictione,quse</strong></span> <span class='ocrx_word' id='word_1_244' title='bbox 3105 1751 3236 1801; x_wconf 90' lang='lat' dir='ltr'><strong>orta</strong></span> <span class='ocrx_word' id='word_1_245' title='bbox 3256 1745 3449 1799; x_wconf 80' lang='lat' dir='ltr'><strong>fuerat</strong></span> <span class='ocrx_word' id='word_1_246' title='bbox 3478 1742 3552 1797; x_wconf 91' lang='lat' dir='ltr'><strong>ob</strong></span> <span class='ocrx_word' id='word_1_247' title='bbox 3569 1742 3816 1813; x_wconf 85' lang='lat' dir='ltr'><strong>Stepha-</strong></span> 
     </span>
    </p>
   </div>
   <div class='ocr_carea' id='block_1_33' title="bbox 2158 1832 3823 1910">
    <p class='ocr_par' dir='ltr' id='par_1_33' title="bbox 2158 1832 3823 1910">
     <span class='ocr_line' id='line_1_33' title="bbox 2158 1832 3823 1910; baseline -0.004 -17"><span class='ocrx_word' id='word_1_248' title='bbox 2158 1858 2187 1886; x_wconf 87' lang='lat'><strong><em>«</em></strong></span> <span class='ocrx_word' id='word_1_249' title='bbox 2221 1853 2387 1907; x_wconf 89' lang='lat' dir='ltr'><strong>num,</strong></span> <span class='ocrx_word' id='word_1_250' title='bbox 2448 1837 3014 1910; x_wconf 88' lang='lat' dir='ltr'><strong>perambulaverunt</strong></span> <span class='ocrx_word' id='word_1_251' title='bbox 3061 1852 3249 1907; x_wconf 89' lang='lat' dir='ltr'><strong>usque</strong></span> <span class='ocrx_word' id='word_1_252' title='bbox 3280 1834 3354 1889; x_wconf 90' lang='lat' dir='ltr'><strong>ad</strong></span> <span class='ocrx_word' id='word_1_253' title='bbox 3410 1832 3735 1889; x_wconf 64' lang='lat' dir='ltr'><strong>Phoenicen</strong></span> <span class='ocrx_word' id='word_1_254' title='bbox 3761 1834 3823 1886; x_wconf 91' lang='lat' dir='ltr'><strong>et</strong></span> 
     </span>
    </p>
   </div>
   <div class='ocr_carea' id='block_1_34' title="bbox 408 1920 2055 2014">
    <p class='ocr_par' dir='ltr' id='par_1_34' title="bbox 408 1920 2050 2001">
     <span class='ocr_line' id='line_1_34' title="bbox 408 1920 2050 2001; baseline 0.001 -24"><span class='ocrx_word' id='word_1_255' title='bbox 408 1949 439 1977; x_wconf 82' lang='grc' dir='ltr'><strong>ιι</strong></span> <span class='ocrx_word' id='word_1_256' title='bbox 476 1923 696 1993; x_wconf 76' lang='grc' dir='ltr'><strong>διῆλθον</strong></span> <span class='ocrx_word' id='word_1_257' title='bbox 724 1920 831 1986; x_wconf 73' lang='grc' dir='ltr'>’ἐως</span> <span class='ocrx_word' id='word_1_258' title='bbox 865 1923 1132 1995; x_wconf 79' lang='grc' dir='ltr'>Φοινίκης</span> <span class='ocrx_word' id='word_1_259' title='bbox 1161 1921 1250 1979; x_wconf 81' lang='grc' dir='ltr'>καί</span> <span class='ocrx_word' id='word_1_260' title='bbox 1279 1924 1504 2001; x_wconf 88' lang='grc' dir='ltr'>Κύπρου</span> <span class='ocrx_word' id='word_1_261' title='bbox 1559 1924 1650 1980; x_wconf 83' lang='grc' dir='ltr'><strong>καὶ</strong></span> <span class='ocrx_word' id='word_1_262' title='bbox 1690 1923 2050 2001; x_wconf 78' lang='grc' dir='ltr'>Ἀντιοχείας,</span> 
     </span>
    </p>
   </div>
   <div class='ocr_carea' id='block_1_35' title="bbox 2173 1920 3816 2014">
    <p class='ocr_par' dir='ltr' id='par_1_35' title="bbox 2173 1920 3816 2000">
     <span class='ocr_line' id='line_1_35' title="bbox 2173 1920 3816 2000; baseline -0.005 -17"><span class='ocrx_word' id='word_1_263' title='bbox 2173 1947 2191 1977; x_wconf 70' lang='grc' dir='ltr'><strong>κ</strong></span> <span class='ocrx_word' id='word_1_264' title='bbox 2230 1926 2488 2000; x_wconf 83' lang='lat' dir='ltr'><strong>Cyprum</strong></span> <span class='ocrx_word' id='word_1_265' title='bbox 2518 1944 2587 1984; x_wconf 87' lang='lat' dir='ltr'><strong>ac</strong></span> <span class='ocrx_word' id='word_1_266' title='bbox 2616 1928 3015 1993; x_wconf 82' lang='lat' dir='ltr'><strong>Antiochiam,</strong></span> <span class='ocrx_word' id='word_1_267' title='bbox 3048 1925 3276 1982; x_wconf 88' lang='lat' dir='ltr'><strong>nemini</strong></span> <span class='ocrx_word' id='word_1_268' title='bbox 3306 1924 3621 1995; x_wconf 83' lang='lat' dir='ltr'><strong>loquentes</strong></span> <span class='ocrx_word' id='word_1_269' title='bbox 3642 1920 3816 1976; x_wconf 91' lang='lat' dir='ltr'><strong>illum</strong></span> 
     </span>
    </p>
   </div>
   <div class='ocr_carea' id='block_1_36' title="bbox 400 2011 2048 2089">
    <p class='ocr_par' dir='ltr' id='par_1_36' title="bbox 400 2011 2048 2089">
     <span class='ocr_line' id='line_1_36' title="bbox 400 2011 2048 2089; baseline 0 -21"><span class='ocrx_word' id='word_1_270' title='bbox 400 2012 650 2087; x_wconf 73' lang='grc' dir='ltr'>«μηδενῖ</span> <span class='ocrx_word' id='word_1_271' title='bbox 684 2011 991 2077; x_wconf 77' lang='grc' dir='ltr'>λαλοῦντες</span> <span class='ocrx_word' id='word_1_272' title='bbox 1044 2013 1136 2070; x_wconf 83' lang='grc' dir='ltr'><strong>τὸν</strong></span> <span class='ocrx_word' id='word_1_273' title='bbox 1192 2011 1382 2089; x_wconf 87' lang='grc' dir='ltr'>λόγον,</span> <span class='ocrx_word' id='word_1_274' title='bbox 1437 2013 1484 2069; x_wconf 66' lang='grc' dir='ltr'>εἴ</span> <span class='ocrx_word' id='word_1_275' title='bbox 1536 2014 1625 2089; x_wconf 80' lang='grc' dir='ltr'>μὴ</span> <span class='ocrx_word' id='word_1_276' title='bbox 1689 2012 1852 2089; x_wconf 89' lang='grc' dir='ltr'>μόνον</span> <span class='ocrx_word' id='word_1_277' title='bbox 1908 2013 2048 2070; x_wconf 85' lang='grc' dir='ltr'>Ἰου-</span> 
     </span>
    </p>
   </div>
   <div class='ocr_carea' id='block_1_37' title="bbox 394 2092 2051 2182">
    <p class='ocr_par' dir='ltr' id='par_1_37' title="bbox 394 2092 2051 2182">
     <span class='ocr_line' id='line_1_37' title="bbox 394 2092 2051 2182; baseline 0 -25"><span class='ocrx_word' id='word_1_278' title='bbox 394 2128 421 2157; x_wconf 78' lang='grc' dir='ltr'><strong>σ</strong></span> <span class='ocrx_word' id='word_1_279' title='bbox 456 2101 654 2165; x_wconf 79' lang='grc' dir='ltr'>δαίοις.</span> <span class='ocrx_word' id='word_1_280' title='bbox 677 2103 850 2161; x_wconf 86' lang='grc' dir='ltr'>Ἦσαν</span> <span class='ocrx_word' id='word_1_281' title='bbox 882 2100 941 2158; x_wconf 66' lang='grc' dir='ltr'>δέ</span> <span class='ocrx_word' id='word_1_282' title='bbox 967 2123 1111 2166; x_wconf 88' lang='grc' dir='ltr'>τινες</span> <span class='ocrx_word' id='word_1_283' title='bbox 1142 2101 1195 2177; x_wconf 74' lang='grc' dir='ltr'><strong>ἐξ</strong></span> <span class='ocrx_word' id='word_1_284' title='bbox 1227 2102 1403 2160; x_wconf 80' lang='grc' dir='ltr'>αὐτῶν</span> <span class='ocrx_word' id='word_1_285' title='bbox 1443 2100 1633 2182; x_wconf 75' lang='grc' dir='ltr'>ἄνδρες</span> <span class='ocrx_word' id='word_1_286' title='bbox 1690 2103 1928 2180; x_wconf 83' lang='grc' dir='ltr'>Κύπριοι</span> <span class='ocrx_word' id='word_1_287' title='bbox 1958 2092 2051 2159; x_wconf 72' lang='grc' dir='ltr'><strong>καὶ</strong></span> 
     </span>
    </p>
   </div>
   <div class='ocr_carea' id='block_1_38' title="bbox 388 2197 844 2269">
    <p class='ocr_par' dir='ltr' id='par_1_38' title="bbox 388 2197 844 2269">
     <span class='ocr_line' id='line_1_38' title="bbox 388 2197 844 2269; baseline -0.004 -22"><span class='ocrx_word' id='word_1_288' title='bbox 388 2217 422 2247; x_wconf 79' lang='grc' dir='ltr'><strong>ιι</strong></span> <span class='ocrx_word' id='word_1_289' title='bbox 454 2197 788 2269; x_wconf 75' lang='grc' dir='ltr'>Κυρηναῖοι.</span> <span class='ocrx_word' id='word_1_290' title='bbox 815 2215 844 2245; x_wconf 72' lang='grc' dir='ltr'><strong>ιε</strong></span> 
     </span>
    </p>
   </div>
   <div class='ocr_carea' id='block_1_39' title="bbox 458 2279 2048 2360">
    <p class='ocr_par' dir='ltr' id='par_1_39' title="bbox 458 2279 2048 2360">
     <span class='ocr_line' id='line_1_39' title="bbox 458 2279 2048 2360; baseline -0.003 -20"><span class='ocrx_word' id='word_1_291' title='bbox 458 2282 745 2340; x_wconf 80' lang='grc' dir='ltr'>Δείκνυσιν</span> <span class='ocrx_word' id='word_1_292' title='bbox 802 2282 831 2339; x_wconf 88' lang='grc' dir='ltr'><strong>ὁ</strong></span> <span class='ocrx_word' id='word_1_293' title='bbox 889 2280 1093 2359; x_wconf 65' lang='grc' dir='ltr'>Πετρος</span> <span class='ocrx_word' id='word_1_294' title='bbox 1154 2279 1243 2338; x_wconf 78' lang='grc' dir='ltr'><strong>διὰ</strong></span> <span class='ocrx_word' id='word_1_295' title='bbox 1297 2288 1399 2353; x_wconf 88' lang='grc' dir='ltr'><strong>τῆς</strong></span> <span class='ocrx_word' id='word_1_296' title='bbox 1471 2280 1808 2360; x_wconf 78' lang='grc' dir='ltr'>ἀπολογίας,</span> <span class='ocrx_word' id='word_1_297' title='bbox 1863 2281 2048 2338; x_wconf 70' lang='grc' dir='ltr'>ἑαυτὸν</span> 
     </span>
    </p>
   </div>
   <div class='ocr_carea' id='block_1_40' title="bbox 388 2372 2055 2452">
    <p class='ocr_par' dir='ltr' id='par_1_40' title="bbox 388 2372 2055 2452">
     <span class='ocr_line' id='line_1_40' title="bbox 388 2372 2055 2452; baseline -0.002 -19"><span class='ocrx_word' id='word_1_298' title='bbox 388 2378 487 2452; x_wconf 72' lang='grc' dir='ltr'>μὶν</span> <span class='ocrx_word' id='word_1_299' title='bbox 517 2373 775 2433; x_wconf 66' lang='grc' dir='ltr'>οὐδαμοῦ</span> <span class='ocrx_word' id='word_1_300' title='bbox 803 2373 1001 2448; x_wconf 74' lang='grc' dir='ltr'>αἴτιον,</span> <span class='ocrx_word' id='word_1_301' title='bbox 1059 2379 1341 2452; x_wconf 85' lang='grc' dir='ltr'>πανταχοῦ</span> <span class='ocrx_word' id='word_1_302' title='bbox 1372 2372 1430 2432; x_wconf 80' lang='grc' dir='ltr'>δὶ</span> <span class='ocrx_word' id='word_1_303' title='bbox 1485 2375 1578 2432; x_wconf 88' lang='grc' dir='ltr'><strong>τὸν</strong></span> <span class='ocrx_word' id='word_1_304' title='bbox 1607 2376 1760 2434; x_wconf 83' lang='grc' dir='ltr'>Θεόν.</span> <span class='ocrx_word' id='word_1_305' title='bbox 1794 2376 1887 2433; x_wconf 85' lang='grc' dir='ltr'>Ἐν</span> <span class='ocrx_word' id='word_1_306' title='bbox 1972 2375 2055 2431; x_wconf 73' lang='grc' dir='ltr'><strong>ἐκ·</strong></span> 
     </span>
    </p>
   </div>
   <div class='ocr_carea' id='block_1_41' title="bbox 386 2464 2054 2544">
    <p class='ocr_par' dir='ltr' id='par_1_41' title="bbox 386 2464 2054 2544">
     <span class='ocr_line' id='line_1_41' title="bbox 386 2464 2054 2544; baseline -0.001 -21"><span class='ocrx_word' id='word_1_307' title='bbox 386 2468 578 2524; x_wconf 72' lang='grc' dir='ltr'>στάσει</span> <span class='ocrx_word' id='word_1_308' title='bbox 624 2466 728 2542; x_wconf 67' lang='grc' dir='ltr'><strong>γὰρ</strong></span> <span class='ocrx_word' id='word_1_309' title='bbox 785 2464 945 2530; x_wconf 75' lang='grc' dir='ltr'>αὐτὸς</span> <span class='ocrx_word' id='word_1_310' title='bbox 1010 2464 1257 2537; x_wconf 74' lang='grc' dir='ltr'>ἐποίησε,</span> <span class='ocrx_word' id='word_1_311' title='bbox 1314 2465 1470 2544; x_wconf 77' lang='grc' dir='ltr'>φησὶ,</span> <span class='ocrx_word' id='word_1_312' title='bbox 1535 2466 1598 2522; x_wconf 88' lang='grc' dir='ltr'><strong>τὸ</strong></span> <span class='ocrx_word' id='word_1_313' title='bbox 1653 2470 1841 2529; x_wconf 88' lang='grc' dir='ltr'>σκεῦος</span> <span class='ocrx_word' id='word_1_314' title='bbox 1894 2465 2054 2527; x_wconf 84' lang='grc' dir='ltr'>αὐτὸς</span> 
     </span>
    </p>
   </div>
   <div class='ocr_carea' id='block_1_42' title="bbox 385 2552 2056 2634">
    <p class='ocr_par' dir='ltr' id='par_1_42' title="bbox 385 2552 2056 2634">
     <span class='ocr_line' id='line_1_42' title="bbox 385 2552 2056 2634; baseline -0.002 -20"><span class='ocrx_word' id='word_1_315' title='bbox 385 2552 616 2629; x_wconf 67' lang='grc' dir='ltr'><strong>ἔδειξεν⁸</strong></span> <span class='ocrx_word' id='word_1_316' title='bbox 679 2555 792 2634; x_wconf 71' lang='grc' dir='ltr'>ἐγὼ</span> <span class='ocrx_word' id='word_1_317' title='bbox 841 2555 933 2612; x_wconf 85' lang='grc' dir='ltr'><strong>καὶ</strong></span> <span class='ocrx_word' id='word_1_318' title='bbox 992 2554 1266 2612; x_wconf 78' lang='grc' dir='ltr'>ἀντεῖπον·</span> <span class='ocrx_word' id='word_1_319' title='bbox 1327 2555 1419 2612; x_wconf 78' lang='grc' dir='ltr'><strong>καὶ</strong></span> <span class='ocrx_word' id='word_1_320' title='bbox 1476 2553 1644 2613; x_wconf 79' lang='grc' dir='ltr'>πάλιν</span> <span class='ocrx_word' id='word_1_321' title='bbox 1703 2554 1863 2619; x_wconf 80' lang='grc' dir='ltr'>αὐτὸς</span> <span class='ocrx_word' id='word_1_322' title='bbox 1909 2554 2056 2627; x_wconf 77' lang='grc' dir='ltr'>εἷπε,</span> 
     </span>
    </p>
   </div>
   <div class='ocr_carea' id='block_1_43' title="bbox 389 2640 2057 2720">
    <p class='ocr_par' dir='ltr' id='par_1_43' title="bbox 389 2640 2057 2720">
     <span class='ocr_line' id='line_1_43' title="bbox 389 2640 2057 2720; baseline -0.001 -16"><span class='ocrx_word' id='word_1_323' title='bbox 389 2646 484 2704; x_wconf 76' lang='grc' dir='ltr'><strong>καὶ</strong></span> <span class='ocrx_word' id='word_1_324' title='bbox 509 2643 648 2703; x_wconf 76' lang='grc' dir='ltr'>οὐδὲ</span> <span class='ocrx_word' id='word_1_325' title='bbox 677 2645 860 2709; x_wconf 80' lang='grc' dir='ltr'>οὓτως</span> <span class='ocrx_word' id='word_1_326' title='bbox 888 2644 1115 2715; x_wconf 73' lang='grc' dir='ltr'>ἥκουσα.</span> <span class='ocrx_word' id='word_1_327' title='bbox 1167 2646 1239 2700; x_wconf 88' lang='grc' dir='ltr'>Τὸ</span> <span class='ocrx_word' id='word_1_328' title='bbox 1297 2640 1515 2720; x_wconf 76' lang='grc' dir='ltr'>Πνεῦμα</span> <span class='ocrx_word' id='word_1_329' title='bbox 1554 2642 1828 2701; x_wconf 74' lang='grc' dir='ltr'>ἰκέλέυσεν</span> <span class='ocrx_word' id='word_1_330' title='bbox 1886 2643 2057 2702; x_wconf 86' lang='grc' dir='ltr'>ἀπελ-</span> 
     </span>
    </p>
   </div>
   <div class='ocr_carea' id='block_1_44' title="bbox 388 2733 2055 2812">
    <p class='ocr_par' dir='ltr' id='par_1_44' title="bbox 388 2733 2055 2812">
     <span class='ocr_line' id='line_1_44' title="bbox 388 2733 2055 2812; baseline -0.002 -19"><span class='ocrx_word' id='word_1_331' title='bbox 388 2739 524 2807; x_wconf 73' lang='grc' dir='ltr'>ϐεῖν,</span> <span class='ocrx_word' id='word_1_332' title='bbox 570 2735 665 2792; x_wconf 83' lang='grc' dir='ltr'><strong>καὶ</strong></span> <span class='ocrx_word' id='word_1_333' title='bbox 715 2736 969 2792; x_wconf 70' lang='grc' dir='ltr'>ἀπελθὼν</span> <span class='ocrx_word' id='word_1_334' title='bbox 1029 2733 1155 2792; x_wconf 70' lang='grc' dir='ltr'>οὐδὲ</span> <span class='ocrx_word' id='word_1_335' title='bbox 1202 2734 1377 2798; x_wconf 71' lang='grc' dir='ltr'>οὕτως</span> <span class='ocrx_word' id='word_1_336' title='bbox 1433 2733 1692 2812; x_wconf 77' lang='grc' dir='ltr'>ἔδραμον.</span> <span class='ocrx_word' id='word_1_337' title='bbox 1752 2736 1922 2794; x_wconf 77' lang='grc' dir='ltr'>Εἶπον</span> <span class='ocrx_word' id='word_1_338' title='bbox 1970 2734 2055 2790; x_wconf 75' lang='grc' dir='ltr'><strong>ὅτι</strong></span> 
     </span>
    </p>
   </div>
   <div class='ocr_carea' id='block_1_45' title="bbox 387 2819 2054 2899">
    <p class='ocr_par' dir='ltr' id='par_1_45' title="bbox 387 2819 2054 2899">
     <span class='ocr_line' id='line_1_45' title="bbox 387 2819 2054 2899; baseline -0.003 -15"><span class='ocrx_word' id='word_1_339' title='bbox 387 2829 420 2884; x_wconf 81' lang='grc' dir='ltr'><strong>ὸ</strong></span> <span class='ocrx_word' id='word_1_340' title='bbox 450 2827 589 2888; x_wconf 89' lang='grc' dir='ltr'>Θεὸς</span> <span class='ocrx_word' id='word_1_341' title='bbox 614 2822 849 2899; x_wconf 72' lang='grc' dir='ltr'>ἔπεμψε,</span> <span class='ocrx_word' id='word_1_342' title='bbox 881 2825 975 2881; x_wconf 77' lang='grc' dir='ltr'><strong>καὶ</strong></span> <span class='ocrx_word' id='word_1_343' title='bbox 1005 2821 1132 2881; x_wconf 72' lang='grc' dir='ltr'>οῦδὲ</span> <span class='ocrx_word' id='word_1_344' title='bbox 1161 2825 1337 2888; x_wconf 71' lang='grc' dir='ltr'>οὕτως</span> <span class='ocrx_word' id='word_1_345' title='bbox 1375 2819 1661 2892; x_wconf 77' lang='grc' dir='ltr'>ἐϐάπτισα,</span> <span class='ocrx_word' id='word_1_346' title='bbox 1694 2823 1839 2881; x_wconf 67' lang='grc' dir='ltr'>ἀλλὰ</span> <span class='ocrx_word' id='word_1_347' title='bbox 1885 2823 2054 2880; x_wconf 85' lang='grc' dir='ltr'>πάλιν</span> 
     </span>
    </p>
   </div>
   <div class='ocr_carea' id='block_1_46' title="bbox 391 2909 2056 2992">
    <p class='ocr_par' dir='ltr' id='par_1_46' title="bbox 391 2909 2056 2992">
     <span class='ocr_line' id='line_1_46' title="bbox 391 2909 2056 2992; baseline -0.002 -18"><span class='ocrx_word' id='word_1_348' title='bbox 391 2917 592 2978; x_wconf 73' lang='grc' dir='ltr'>δ’Θεὸς</span> <span class='ocrx_word' id='word_1_349' title='bbox 620 2915 687 2972; x_wconf 89' lang='grc' dir='ltr'><strong>τὸ</strong></span> <span class='ocrx_word' id='word_1_350' title='bbox 718 2921 822 2971; x_wconf 77' lang='grc' dir='ltr'><strong>πᾶν</strong></span> <span class='ocrx_word' id='word_1_351' title='bbox 871 2914 1178 2992; x_wconf 73' lang='grc' dir='ltr'>εἶ’ργάσατο.</span> <span class='ocrx_word' id='word_1_352' title='bbox 1237 2915 1298 2975; x_wconf 88' lang='grc' dir='ltr'>Ὀ</span> <span class='ocrx_word' id='word_1_353' title='bbox 1354 2916 1484 2975; x_wconf 90' lang='grc' dir='ltr'>Θεὸς</span> <span class='ocrx_word' id='word_1_354' title='bbox 1538 2915 1700 2978; x_wconf 78' lang='grc' dir='ltr'>αὐτὸς</span> <span class='ocrx_word' id='word_1_355' title='bbox 1749 2909 2056 2985; x_wconf 65' lang='grc' dir='ltr'>ἐϐάπτισεν,</span> 
     </span>
    </p>
   </div>
   <div class='ocr_carea' id='block_1_47' title="bbox 390 3002 2055 3081">
    <p class='ocr_par' dir='ltr' id='par_1_47' title="bbox 390 3002 2055 3081">
     <span class='ocr_line' id='line_1_47' title="bbox 390 3002 2055 3081; baseline -0.002 -18"><span class='ocrx_word' id='word_1_356' title='bbox 390 3004 494 3064; x_wconf 76' lang='grc' dir='ltr'><strong>οῦκ</strong></span> <span class='ocrx_word' id='word_1_357' title='bbox 522 3005 664 3081; x_wconf 67' lang='grc' dir='ltr'>ἐγώ.</span> <span class='ocrx_word' id='word_1_358' title='bbox 694 3006 815 3063; x_wconf 86' lang='grc' dir='ltr'>Ἐτι</span> <span class='ocrx_word' id='word_1_359' title='bbox 845 3004 954 3081; x_wconf 80' lang='grc' dir='ltr'><strong>γάρ</strong></span> <span class='ocrx_word' id='word_1_360' title='bbox 1014 3025 1118 3080; x_wconf 88' lang='grc' dir='ltr'><strong>μου</strong></span> <span class='ocrx_word' id='word_1_361' title='bbox 1177 3002 1482 3070; x_wconf 87' lang='grc' dir='ltr'>λαλοῦντος</span> <span class='ocrx_word' id='word_1_362' title='bbox 1537 3004 1744 3072; x_wconf 81' lang='grc' dir='ltr'>αὐτοῖς,</span> <span class='ocrx_word' id='word_1_363' title='bbox 1803 3003 2055 3061; x_wconf 71' lang='grc' dir='ltr'>ξπέπεσεν</span> 
     </span>
    </p>
   </div>
   <div class='ocr_carea' id='block_1_48' title="bbox 390 3090 2056 3172">
    <p class='ocr_par' dir='ltr' id='par_1_48' title="bbox 390 3090 2056 3172">
     <span class='ocr_line' id='line_1_48' title="bbox 390 3090 2056 3172; baseline -0.003 -18"><span class='ocrx_word' id='word_1_364' title='bbox 390 3096 469 3154; x_wconf 70' lang='grc' dir='ltr'><strong>ἔπ’</strong></span> <span class='ocrx_word' id='word_1_365' title='bbox 501 3094 715 3157; x_wconf 77' lang='grc' dir='ltr'>αὐτοὺς</span> <span class='ocrx_word' id='word_1_366' title='bbox 740 3094 805 3150; x_wconf 89' lang='grc' dir='ltr'><strong>τὸ</strong></span> <span class='ocrx_word' id='word_1_367' title='bbox 835 3099 1054 3169; x_wconf 79' lang='grc' dir='ltr'>Πνεῦμα</span> <span class='ocrx_word' id='word_1_368' title='bbox 1084 3093 1147 3151; x_wconf 89' lang='grc' dir='ltr'><strong>τὸ</strong></span> <span class='ocrx_word' id='word_1_369' title='bbox 1176 3090 1350 3170; x_wconf 73' lang='grc' dir='ltr'>ἅγιον,</span> <span class='ocrx_word' id='word_1_370' title='bbox 1372 3095 1461 3150; x_wconf 79' lang='grc' dir='ltr'><strong>καὶ</strong></span> <span class='ocrx_word' id='word_1_371' title='bbox 1492 3092 1725 3152; x_wconf 77' lang='grc' dir='ltr'>ἐλάλουν</span> <span class='ocrx_word' id='word_1_372' title='bbox 1757 3093 2056 3172; x_wconf 84' lang='grc' dir='ltr'>γλώσσαις,</span> 
     </span>
    </p>
   </div>
   <div class='ocr_carea' id='block_1_49' title="bbox 385 3182 1699 3261">
    <p class='ocr_par' dir='ltr' id='par_1_49' title="bbox 385 3182 1699 3261">
     <span class='ocr_line' id='line_1_49' title="bbox 385 3182 1699 3261; baseline -0.004 -18"><span class='ocrx_word' id='word_1_373' title='bbox 385 3188 470 3242; x_wconf 80' lang='grc' dir='ltr'><strong>καὶ</strong></span> <span class='ocrx_word' id='word_1_374' title='bbox 505 3182 859 3261; x_wconf 72' lang='grc' dir='ltr'>ἰμεγάλυνον</span> <span class='ocrx_word' id='word_1_375' title='bbox 890 3185 983 3240; x_wconf 86' lang='grc' dir='ltr'><strong>τὸν</strong></span> <span class='ocrx_word' id='word_1_376' title='bbox 1016 3183 1144 3240; x_wconf 89' lang='grc' dir='ltr'>Θεὸν</span> <span class='ocrx_word' id='word_1_377' title='bbox 1176 3184 1356 3247; x_wconf 83' lang='grc' dir='ltr'>καθὼς</span> <span class='ocrx_word' id='word_1_378' title='bbox 1381 3185 1469 3239; x_wconf 85' lang='grc' dir='ltr'><strong>καὶ</strong></span> <span class='ocrx_word' id='word_1_379' title='bbox 1512 3185 1699 3257; x_wconf 78' lang='grc' dir='ltr'>ἡμεῖς.</span> 
     </span>
    </p>
   </div>
   <div class='ocr_carea' id='block_1_50' title="bbox 456 3272 2058 3351">
    <p class='ocr_par' dir='ltr' id='par_1_50' title="bbox 456 3272 2058 3351">
     <span class='ocr_line' id='line_1_50' title="bbox 456 3272 2058 3351; baseline -0.001 -21"><span class='ocrx_word' id='word_1_380' title='bbox 456 3302 486 3330; x_wconf 81' lang='grc' dir='ltr'><strong>ει</strong></span> <span class='ocrx_word' id='word_1_381' title='bbox 547 3276 772 3337; x_wconf 80' lang='grc' dir='ltr'>Οἶτινες</span> <span class='ocrx_word' id='word_1_382' title='bbox 858 3273 1192 3339; x_wconf 79' lang='grc' dir='ltr'>εἰσελθόντες</span> <span class='ocrx_word' id='word_1_383' title='bbox 1266 3272 1345 3340; x_wconf 77' lang='grc' dir='ltr'>εἷς</span> <span class='ocrx_word' id='word_1_384' title='bbox 1399 3274 1745 3351; x_wconf 67' lang='grc' dir='ltr'>Ἀντιόχειαν</span> <span class='ocrx_word' id='word_1_385' title='bbox 1823 3272 2058 3331; x_wconf 77' lang='grc' dir='ltr'>ἐλάλουν</span> 
     </span>
    </p>
   </div>
   <div class='ocr_carea' id='block_1_51' title="bbox 386 3363 2051 3445">
    <p class='ocr_par' dir='ltr' id='par_1_51' title="bbox 386 3363 2051 3445">
     <span class='ocr_line' id='line_1_51' title="bbox 386 3363 2051 3445; baseline 0 -25"><span class='ocrx_word' id='word_1_386' title='bbox 386 3366 588 3440; x_wconf 34' lang='grc' dir='ltr'>..πρὸς</span> <span class='ocrx_word' id='word_1_387' title='bbox 636 3365 771 3429; x_wconf 80' lang='grc' dir='ltr'>τοῦς</span> <span class='ocrx_word' id='word_1_388' title='bbox 825 3363 1198 3435; x_wconf 81' lang='grc' dir='ltr'>Ἐλληνιστὰς</span> <span class='ocrx_word' id='word_1_389' title='bbox 1254 3363 1739 3445; x_wconf 76' lang='grc' dir='ltr'>εὐαγγελιζόμενοι</span> <span class='ocrx_word' id='word_1_390' title='bbox 1789 3366 1880 3421; x_wconf 85' lang='grc' dir='ltr'><strong>τὸν</strong></span> <span class='ocrx_word' id='word_1_391' title='bbox 1931 3365 2051 3423; x_wconf 85' lang='grc' dir='ltr'>Κύ-</span> 
     </span>
    </p>
   </div>
   <div class='ocr_carea' id='block_1_52' title="bbox 388 3455 2052 3532">
    <p class='ocr_par' dir='ltr' id='par_1_52' title="bbox 388 3455 2052 3532">
     <span class='ocr_line' id='line_1_52' title="bbox 388 3455 2052 3532; baseline 0.001 -21"><span class='ocrx_word' id='word_1_392' title='bbox 388 3483 416 3511; x_wconf 80' lang='grc' dir='ltr'><strong>σ</strong></span> <span class='ocrx_word' id='word_1_393' title='bbox 448 3477 567 3532; x_wconf 91' lang='grc' dir='ltr'>ριον</span> <span class='ocrx_word' id='word_1_394' title='bbox 625 3457 861 3525; x_wconf 81' lang='grc' dir='ltr'>Ἰησοῦν.</span> <span class='ocrx_word' id='word_1_395' title='bbox 917 3456 1021 3513; x_wconf 85' lang='grc' dir='ltr'><strong>Καὶ</strong></span> <span class='ocrx_word' id='word_1_396' title='bbox 1079 3455 1146 3526; x_wconf 76' lang='grc' dir='ltr'>ἦν</span> <span class='ocrx_word' id='word_1_397' title='bbox 1207 3455 1331 3531; x_wconf 81' lang='grc' dir='ltr'>χεὶρ</span> <span class='ocrx_word' id='word_1_398' title='bbox 1390 3455 1598 3530; x_wconf 86' lang='grc' dir='ltr'>Κυρίου</span> <span class='ocrx_word' id='word_1_399' title='bbox 1669 3456 1788 3531; x_wconf 83' lang='grc' dir='ltr'>μετ’</span> <span class='ocrx_word' id='word_1_400' title='bbox 1845 3455 2052 3513; x_wconf 77' lang='grc' dir='ltr'>αὐτῶν.</span> 
     </span>
    </p>
   </div>
   <div class='ocr_carea' id='block_1_53' title="bbox 389 3543 2054 3621">
    <p class='ocr_par' dir='ltr' id='par_1_53' title="bbox 389 3543 2054 3621">
     <span class='ocr_line' id='line_1_53' title="bbox 389 3543 2054 3621; baseline 0.001 -23"><span class='ocrx_word' id='word_1_401' title='bbox 389 3572 419 3598; x_wconf 78' lang='grc' dir='ltr'><strong>ιι</strong></span> <span class='ocrx_word' id='word_1_402' title='bbox 451 3543 640 3608; x_wconf 80' lang='grc' dir='ltr'>Πολύς</span> <span class='ocrx_word' id='word_1_403' title='bbox 684 3565 744 3601; x_wconf 86' lang='grc' dir='ltr'><strong>τε</strong></span> <span class='ocrx_word' id='word_1_404' title='bbox 806 3545 1041 3620; x_wconf 77' lang='grc' dir='ltr'>ἀριθμὸς</span> <span class='ocrx_word' id='word_1_405' title='bbox 1096 3545 1386 3607; x_wconf 74' lang='grc' dir='ltr'>πιστεύσας</span> <span class='ocrx_word' id='word_1_406' title='bbox 1442 3543 1760 3621; x_wconf 70' lang='grc' dir='ltr'>ἑπέστρεψεν</span> <span class='ocrx_word' id='word_1_407' title='bbox 1815 3544 1904 3605; x_wconf 77' lang='grc' dir='ltr'><strong>ἐπὶ</strong></span> <span class='ocrx_word' id='word_1_408' title='bbox 1960 3546 2054 3603; x_wconf 89' lang='grc' dir='ltr'><strong>τὸν</strong></span> 
     </span>
    </p>
   </div>
   <div class='ocr_carea' id='block_1_54' title="bbox 399 3630 2053 3711">
    <p class='ocr_par' dir='ltr' id='par_1_54' title="bbox 399 3630 2053 3711">
     <span class='ocr_line' id='line_1_54' title="bbox 399 3630 2053 3711; baseline 0.003 -25"><span class='ocrx_word' id='word_1_409' title='bbox 399 3659 429 3686; x_wconf 85' lang='grc' dir='ltr'><strong>ιι</strong></span> <span class='ocrx_word' id='word_1_410' title='bbox 456 3636 683 3709; x_wconf 74' lang='grc' dir='ltr'>Κύριον.</span> <span class='ocrx_word' id='word_1_411' title='bbox 717 3634 995 3705; x_wconf 83' lang='grc' dir='ltr'>Ἠκούσθη</span> <span class='ocrx_word' id='word_1_412' title='bbox 1029 3630 1088 3689; x_wconf 70' lang='grc' dir='ltr'>δὲ</span> <span class='ocrx_word' id='word_1_413' title='bbox 1114 3634 1143 3689; x_wconf 81' lang='grc' dir='ltr'>ὁ</span> <span class='ocrx_word' id='word_1_414' title='bbox 1177 3632 1349 3711; x_wconf 82' lang='grc' dir='ltr'>λόγος</span> <span class='ocrx_word' id='word_1_415' title='bbox 1383 3633 1461 3694; x_wconf 69' lang='grc' dir='ltr'>εἷς</span> <span class='ocrx_word' id='word_1_416' title='bbox 1503 3635 1570 3690; x_wconf 82' lang='grc' dir='ltr'><strong>τὰ</strong></span> <span class='ocrx_word' id='word_1_417' title='bbox 1627 3635 1740 3690; x_wconf 83' lang='grc' dir='ltr'>ὦτα</span> <span class='ocrx_word' id='word_1_418' title='bbox 1770 3634 1870 3704; x_wconf 80' lang='grc' dir='ltr'><strong>τῆς</strong></span> <span class='ocrx_word' id='word_1_419' title='bbox 1929 3635 2053 3691; x_wconf 85' lang='grc' dir='ltr'>Ἐκ·</span> 
     </span>
    </p>
   </div>
   <div class='ocr_carea' id='block_1_55' title="bbox 412 3722 2055 3798">
    <p class='ocr_par' dir='ltr' id='par_1_55' title="bbox 412 3722 2055 3798">
     <span class='ocr_line' id='line_1_55' title="bbox 412 3722 2055 3798; baseline 0.004 -24"><span class='ocrx_word' id='word_1_420' title='bbox 412 3723 691 3790; x_wconf 66' lang='grc' dir='ltr'>ιικλτβίας</span> <span class='ocrx_word' id='word_1_421' title='bbox 750 3729 854 3794; x_wconf 78' lang='grc' dir='ltr'><strong>τῆς</strong></span> <span class='ocrx_word' id='word_1_422' title='bbox 905 3722 958 3778; x_wconf 74' lang='grc' dir='ltr'>ἐν</span> <span class='ocrx_word' id='word_1_423' title='bbox 1016 3724 1427 3797; x_wconf 77' lang='grc' dir='ltr'>Ἰεροσολύμοις</span> <span class='ocrx_word' id='word_1_424' title='bbox 1504 3723 1629 3798; x_wconf 82' lang='grc' dir='ltr'>περῖ</span> <span class='ocrx_word' id='word_1_425' title='bbox 1705 3722 1906 3780; x_wconf 76' lang='grc' dir='ltr'>αὐτῶν·</span> <span class='ocrx_word' id='word_1_426' title='bbox 1963 3723 2055 3780; x_wconf 78' lang='grc' dir='ltr'><strong>καὶ</strong></span> 
     </span>
    </p>
   </div>
   <div class='ocr_carea' id='block_1_56' title="bbox 420 3807 2052 3889">
    <p class='ocr_par' dir='ltr' id='par_1_56' title="bbox 420 3807 2052 3889">
     <span class='ocr_line' id='line_1_56' title="bbox 420 3807 2052 3889; baseline 0.004 -24"><span class='ocrx_word' id='word_1_427' title='bbox 420 3835 449 3861; x_wconf 82' lang='grc' dir='ltr'><strong>ιι</strong></span> <span class='ocrx_word' id='word_1_428' title='bbox 480 3810 840 3881; x_wconf 65' lang='grc' dir='ltr'>ἐξαπέστειλαν</span> <span class='ocrx_word' id='word_1_429' title='bbox 895 3807 1179 3889; x_wconf 83' lang='grc' dir='ltr'>Βαρνάϐαν</span> <span class='ocrx_word' id='word_1_430' title='bbox 1256 3810 1491 3877; x_wconf 83' lang='grc' dir='ltr'>διελθεῖν</span> <span class='ocrx_word' id='word_1_431' title='bbox 1530 3810 1636 3876; x_wconf 66' lang='grc' dir='ltr'><strong>ἕως</strong></span> <span class='ocrx_word' id='word_1_432' title='bbox 1689 3813 2052 3889; x_wconf 77' lang='grc' dir='ltr'>Ἀντιοχείας.</span> 
     </span>
    </p>
   </div>
   <div class='ocr_carea' id='block_1_57' title="bbox 418 3902 2053 3979">
    <p class='ocr_par' dir='ltr' id='par_1_57' title="bbox 418 3902 2053 3979">
     <span class='ocr_line' id='line_1_57' title="bbox 418 3902 2053 3979; baseline 0.004 -27"><span class='ocrx_word' id='word_1_433' title='bbox 418 3926 441 3952; x_wconf 79' lang='grc' dir='ltr'><strong>σ</strong></span> <span class='ocrx_word' id='word_1_434' title='bbox 476 3903 571 3965; x_wconf 83' lang='grc' dir='ltr'>⁸ος</span> <span class='ocrx_word' id='word_1_435' title='bbox 592 3902 1054 3978; x_wconf 72' lang='grc' dir='ltr'>παραγενόμενος,</span> <span class='ocrx_word' id='word_1_436' title='bbox 1086 3902 1176 3958; x_wconf 78' lang='grc' dir='ltr'><strong>καὶ</strong></span> <span class='ocrx_word' id='word_1_437' title='bbox 1210 3902 1339 3957; x_wconf 80' lang='grc' dir='ltr'>ίδὼν</span> <span class='ocrx_word' id='word_1_438' title='bbox 1377 3904 1477 3973; x_wconf 79' lang='grc' dir='ltr'>τὴν</span> <span class='ocrx_word' id='word_1_439' title='bbox 1538 3904 1702 3979; x_wconf 77' lang='grc' dir='ltr'>χάριν</span> <span class='ocrx_word' id='word_1_440' title='bbox 1754 3906 1852 3958; x_wconf 90' lang='grc' dir='ltr'><strong>τοῦ</strong></span> <span class='ocrx_word' id='word_1_441' title='bbox 1896 3908 2053 3974; x_wconf 82' lang='grc' dir='ltr'>Θεοῦ,</span> 
     </span>
    </p>
   </div>
   <div class='ocr_carea' id='block_1_58' title="bbox 403 3989 2055 4068">
    <p class='ocr_par' dir='ltr' id='par_1_58' title="bbox 403 3989 2055 4068">
     <span class='ocr_line' id='line_1_58' title="bbox 403 3989 2055 4068; baseline 0.006 -25"><span class='ocrx_word' id='word_1_442' title='bbox 403 4015 431 4043; x_wconf 83' lang='grc' dir='ltr'><strong>ιι</strong></span> <span class='ocrx_word' id='word_1_443' title='bbox 462 3989 667 4066; x_wconf 68' lang='grc' dir='ltr'>ἐχάρη,</span> <span class='ocrx_word' id='word_1_444' title='bbox 722 3992 815 4049; x_wconf 82' lang='grc' dir='ltr'><strong>καὶ</strong></span> <span class='ocrx_word' id='word_1_445' title='bbox 868 3991 1166 4067; x_wconf 76' lang='grc' dir='ltr'>παρεκάλει</span> <span class='ocrx_word' id='word_1_446' title='bbox 1214 3991 1442 4063; x_wconf 78' lang='grc' dir='ltr'>πάντας,</span> <span class='ocrx_word' id='word_1_447' title='bbox 1498 3995 1567 4067; x_wconf 80' lang='grc' dir='ltr'><strong>τῇ</strong></span> <span class='ocrx_word' id='word_1_448' title='bbox 1653 3993 1907 4068; x_wconf 63' lang='grc' dir='ltr'>προθέσει</span> <span class='ocrx_word' id='word_1_449' title='bbox 1953 3999 2055 4063; x_wconf 84' lang='grc' dir='ltr'>τῆς</span> 
     </span>
    </p>
   </div>
   <div class='ocr_carea' id='block_1_59' title="bbox 395 4078 1451 4156">
    <p class='ocr_par' dir='ltr' id='par_1_59' title="bbox 395 4078 1451 4156">
     <span class='ocr_line' id='line_1_59' title="bbox 395 4078 1451 4156; baseline -0.001 -22"><span class='ocrx_word' id='word_1_450' title='bbox 395 4105 425 4133; x_wconf 80' lang='grc' dir='ltr'><strong>ει</strong></span> <span class='ocrx_word' id='word_1_451' title='bbox 455 4078 687 4155; x_wconf 72' lang='grc' dir='ltr'>καρδίας</span> <span class='ocrx_word' id='word_1_452' title='bbox 716 4082 1046 4156; x_wconf 60' lang='grc' dir='ltr'>προσμένειν</span> <span class='ocrx_word' id='word_1_453' title='bbox 1064 4085 1146 4155; x_wconf 79' lang='grc' dir='ltr'><strong>τῷ</strong></span> <span class='ocrx_word' id='word_1_454' title='bbox 1176 4080 1386 4156; x_wconf 77' lang='grc' dir='ltr'>Κυρίῳ.</span> <span class='ocrx_word' id='word_1_455' title='bbox 1421 4105 1451 4133; x_wconf 81' lang='grc'><strong>››</strong></span> 
     </span>
    </p>
   </div>
   <div class='ocr_carea' id='block_1_60' title="bbox 424 4169 2057 4247">
    <p class='ocr_par' dir='ltr' id='par_1_60' title="bbox 424 4169 2057 4247">
     <span class='ocr_line' id='line_1_60' title="bbox 424 4169 2057 4247; baseline 0.001 -20"><span class='ocrx_word' id='word_1_456' title='bbox 424 4200 437 4212; x_wconf 90' lang='lat'><strong><em>-</em></strong></span> <span class='ocrx_word' id='word_1_457' title='bbox 469 4194 500 4221; x_wconf 73' lang='grc' dir='ltr'><strong>ιι</strong></span> <span class='ocrx_word' id='word_1_458' title='bbox 531 4172 677 4247; x_wconf 82' lang='grc' dir='ltr'>Πρὸς</span> <span class='ocrx_word' id='word_1_459' title='bbox 708 4171 838 4235; x_wconf 69' lang='grc' dir='ltr'>τοὺς</span> <span class='ocrx_word' id='word_1_460' title='bbox 865 4169 1254 4242; x_wconf 76' lang='grc' dir='ltr'>Ἑλληνιστάς.</span> <span class='ocrx_word' id='word_1_461' title='bbox 1288 4195 1317 4223; x_wconf 82' lang='grc'><strong>››</strong></span> <span class='ocrx_word' id='word_1_462' title='bbox 1345 4173 1505 4235; x_wconf 85' lang='grc' dir='ltr'>Ἴσως</span> <span class='ocrx_word' id='word_1_463' title='bbox 1534 4169 1624 4227; x_wconf 73' lang='grc' dir='ltr'><strong>διὰ</strong></span> <span class='ocrx_word' id='word_1_464' title='bbox 1650 4173 1713 4227; x_wconf 83' lang='grc' dir='ltr'><strong>τὸ</strong></span> <span class='ocrx_word' id='word_1_465' title='bbox 1747 4174 1823 4247; x_wconf 75' lang='grc' dir='ltr'>μή</span> <span class='ocrx_word' id='word_1_466' title='bbox 1858 4170 2057 4229; x_wconf 71' lang='grc' dir='ltr'>εἴδέναι</span> 
     </span>
    </p>
   </div>
   <div class='ocr_carea' id='block_1_61' title="bbox 406 4256 2058 4338">
    <p class='ocr_par' dir='ltr' id='par_1_61' title="bbox 406 4256 2058 4338">
     <span class='ocr_line' id='line_1_61' title="bbox 406 4256 2058 4338; baseline -0.001 -18"><span class='ocrx_word' id='word_1_467' title='bbox 406 4256 1016 4338; x_wconf 74' lang='grc' dir='ltr'>Εϐραϊστῖ,”Ελληνας</span> <span class='ocrx_word' id='word_1_468' title='bbox 1074 4258 1272 4325; x_wconf 63' lang='grc' dir='ltr'>αὖτοὺς</span> <span class='ocrx_word' id='word_1_469' title='bbox 1330 4259 1577 4318; x_wconf 74' lang='grc' dir='ltr'>ἒκάλουν.</span> <span class='ocrx_word' id='word_1_470' title='bbox 1622 4259 1892 4319; x_wconf 82' lang='grc' dir='ltr'>Ἐλάλουν</span> <span class='ocrx_word' id='word_1_471' title='bbox 1939 4261 2058 4318; x_wconf 82' lang='grc' dir='ltr'>τοί-</span> 
     </span>
    </p>
   </div>
   <div class='ocr_carea' id='block_1_62' title="bbox 387 4348 2056 4428">
    <p class='ocr_par' dir='ltr' id='par_1_62' title="bbox 387 4348 2056 4428">
     <span class='ocr_line' id='line_1_62' title="bbox 387 4348 2056 4428; baseline 0.001 -20"><span class='ocrx_word' id='word_1_472' title='bbox 387 4374 487 4408; x_wconf 78' lang='grc' dir='ltr'><strong>νυν</strong></span> <span class='ocrx_word' id='word_1_473' title='bbox 549 4349 652 4406; x_wconf 74' lang='grc' dir='ltr'><strong>καΐ</strong></span> <span class='ocrx_word' id='word_1_474' title='bbox 706 4350 848 4424; x_wconf 82' lang='grc' dir='ltr'>πρὸς</span> <span class='ocrx_word' id='word_1_475' title='bbox 903 4350 1122 4421; x_wconf 71' lang='grc' dir='ltr'>αὐτοὺς,</span> <span class='ocrx_word' id='word_1_476' title='bbox 1178 4348 1655 4428; x_wconf 79' lang='grc' dir='ltr'>εὐαγγελιζόμενοι</span> <span class='ocrx_word' id='word_1_477' title='bbox 1710 4352 1803 4407; x_wconf 89' lang='grc' dir='ltr'><strong>τὸν</strong></span> <span class='ocrx_word' id='word_1_478' title='bbox 1855 4352 2056 4428; x_wconf 82' lang='grc' dir='ltr'>Κύριον</span> 
     </span>
    </p>
   </div>
   <div class='ocr_carea' id='block_1_63' title="bbox 391 4438 2059 4518">
    <p class='ocr_par' dir='ltr' id='par_1_63' title="bbox 391 4438 2059 4518">
     <span class='ocr_line' id='line_1_63' title="bbox 391 4438 2059 4518; baseline -0.001 -19"><span class='ocrx_word' id='word_1_479' title='bbox 391 4443 645 4511; x_wconf 80' lang='grc' dir='ltr'>Ἰησοῦν,</span> <span class='ocrx_word' id='word_1_480' title='bbox 677 4438 1077 4497; x_wconf 69' lang='grc' dir='ltr'>καὶὶπίστευοι</span> <span class='ocrx_word' id='word_1_481' title='bbox 1134 4441 1383 4510; x_wconf 74' lang='grc' dir='ltr'>ἅπαντες,</span> <span class='ocrx_word' id='word_1_482' title='bbox 1443 4438 1657 4512; x_wconf 72' lang='grc' dir='ltr'>ἐπειδὴ,</span> <span class='ocrx_word' id='word_1_483' title='bbox 1716 4442 1870 4518; x_wconf 74' lang='grc' dir='ltr'>φησὶ,</span> <span class='ocrx_word' id='word_1_484' title='bbox 1932 4442 2059 4518; x_wconf 79' lang='grc' dir='ltr'>χεὶρ</span> 
     </span>
    </p>
   </div>
   <div class='ocr_carea' id='block_1_64' title="bbox 392 4528 2061 4608">
    <p class='ocr_par' dir='ltr' id='par_1_64' title="bbox 392 4528 2061 4608">
     <span class='ocr_line' id='line_1_64' title="bbox 392 4528 2061 4608; baseline -0.001 -19"><span class='ocrx_word' id='word_1_485' title='bbox 392 4532 615 4601; x_wconf 69' lang='grc' dir='ltr'>Κυρίου</span> <span class='ocrx_word' id='word_1_486' title='bbox 677 4530 747 4599; x_wconf 73' lang='grc' dir='ltr'><strong>ἦν</strong></span> <span class='ocrx_word' id='word_1_487' title='bbox 821 4532 936 4603; x_wconf 80' lang='grc' dir='ltr'>μετ’</span> <span class='ocrx_word' id='word_1_488' title='bbox 987 4528 1187 4586; x_wconf 73' lang='grc' dir='ltr'>αὐτῶν·</span> <span class='ocrx_word' id='word_1_489' title='bbox 1270 4530 1538 4598; x_wconf 70' lang='grc' dir='ltr'>τουτέστι,</span> <span class='ocrx_word' id='word_1_490' title='bbox 1600 4536 1804 4603; x_wconf 85' lang='grc' dir='ltr'>σημεῖα</span> <span class='ocrx_word' id='word_1_491' title='bbox 1884 4531 2061 4608; x_wconf 62' lang='grc' dir='ltr'>εἲργάο</span> 
     </span>
    </p>
   </div>
   <div class='ocr_carea' id='block_1_65' title="bbox 394 4617 2058 4699">
    <p class='ocr_par' dir='ltr' id='par_1_65' title="bbox 394 4617 2058 4699">
     <span class='ocr_line' id='line_1_65' title="bbox 394 4617 2058 4699; baseline 0.002 -27"><span class='ocrx_word' id='word_1_492' title='bbox 394 4626 583 4693; x_wconf 70' lang='grc' dir='ltr'>ζρντΟ.</span> <span class='ocrx_word' id='word_1_493' title='bbox 613 4618 718 4677; x_wconf 86' lang='grc' dir='ltr'><strong>Διᾶ</strong></span> <span class='ocrx_word' id='word_1_494' title='bbox 741 4623 905 4674; x_wconf 83' lang='grc' dir='ltr'>τοῦτο</span> <span class='ocrx_word' id='word_1_495' title='bbox 930 4619 1036 4695; x_wconf 77' lang='grc' dir='ltr'><strong>γὰρ</strong></span> <span class='ocrx_word' id='word_1_496' title='bbox 1065 4619 1102 4688; x_wconf 75' lang='grc' dir='ltr'><strong>ἡ</strong></span> <span class='ocrx_word' id='word_1_497' title='bbox 1134 4622 1240 4673; x_wconf 83' lang='grc' dir='ltr'><strong>τῶν</strong></span> <span class='ocrx_word' id='word_1_498' title='bbox 1292 4617 1536 4692; x_wconf 86' lang='grc' dir='ltr'>σημείων</span> <span class='ocrx_word' id='word_1_499' title='bbox 1593 4618 1802 4697; x_wconf 79' lang='grc' dir='ltr'>ἀνάγκη</span> <span class='ocrx_word' id='word_1_500' title='bbox 1836 4621 2058 4699; x_wconf 65' lang='grc' dir='ltr'>γέγονεν</span> 
     </span>
    </p>
   </div>
   <div class='ocr_carea' id='block_1_66' title="bbox 389 4706 907 4765">
    <p class='ocr_par' dir='ltr' id='par_1_66' title="bbox 389 4706 907 4765">
     <span class='ocr_line' id='line_1_66' title="bbox 389 4706 907 4765; baseline 0.002 -1"><span class='ocrx_word' id='word_1_501' title='bbox 389 4710 483 4765; x_wconf 80' lang='grc' dir='ltr'>ἳισ</span> <span class='ocrx_word' id='word_1_502' title='bbox 517 4706 907 4765; x_wconf 84' lang='grc' dir='ltr'>πιστεύσωσιν.</span> 
     </span>
    </p>
   </div>
   <div class='ocr_carea' id='block_1_67' title="bbox 472 4795 2062 4876">
    <p class='ocr_par' dir='ltr' id='par_1_67' title="bbox 472 4795 2062 4876">
     <span class='ocr_line' id='line_1_67' title="bbox 472 4795 2062 4876; baseline 0.004 -27"><span class='ocrx_word' id='word_1_503' title='bbox 472 4823 497 4849; x_wconf 77' lang='grc' dir='ltr'><strong>ι</strong></span> <span class='ocrx_word' id='word_1_504' title='bbox 561 4800 689 4855; x_wconf 80' lang='grc' dir='ltr'>Ὀτι</span> <span class='ocrx_word' id='word_1_505' title='bbox 746 4798 812 4867; x_wconf 81' lang='grc' dir='ltr'><strong>ἧν</strong></span> <span class='ocrx_word' id='word_1_506' title='bbox 869 4796 1010 4873; x_wconf 79' lang='grc' dir='ltr'>ἀνὴρ</span> <span class='ocrx_word' id='word_1_507' title='bbox 1066 4798 1263 4875; x_wconf 76' lang='grc' dir='ltr'>ἀγαθὸς</span> <span class='ocrx_word' id='word_1_508' title='bbox 1320 4799 1411 4854; x_wconf 69' lang='grc' dir='ltr'><strong>καὶ</strong></span> <span class='ocrx_word' id='word_1_509' title='bbox 1460 4795 1686 4876; x_wconf 70' lang='grc' dir='ltr'>πλήρης</span> <span class='ocrx_word' id='word_1_510' title='bbox 1748 4798 2062 4865; x_wconf 83' lang='grc' dir='ltr'>Πνεύπατος</span> 
     </span>
    </p>
   </div>
   <div class='ocr_carea' id='block_1_68' title="bbox 394 4884 2062 4966">
    <p class='ocr_par' dir='ltr' id='par_1_68' title="bbox 394 4884 2062 4966">
     <span class='ocr_line' id='line_1_68' title="bbox 394 4884 2062 4966; baseline 0.002 -25"><span class='ocrx_word' id='word_1_511' title='bbox 394 4886 627 4961; x_wconf 66' lang='grc' dir='ltr'>κάγίου</span> <span class='ocrx_word' id='word_1_512' title='bbox 666 4887 757 4942; x_wconf 83' lang='grc' dir='ltr'><strong>καὶ</strong></span> <span class='ocrx_word' id='word_1_513' title='bbox 811 4887 1066 4952; x_wconf 85' lang='grc' dir='ltr'>πίστεως.</span> <span class='ocrx_word' id='word_1_514' title='bbox 1119 4888 1223 4945; x_wconf 83' lang='grc' dir='ltr'><strong>Καὶ</strong></span> <span class='ocrx_word' id='word_1_515' title='bbox 1280 4886 1582 4961; x_wconf 72' lang='grc' dir='ltr'>προσετέθη</span> <span class='ocrx_word' id='word_1_516' title='bbox 1644 4884 1824 4966; x_wconf 76' lang='grc' dir='ltr'>ὄχλος</span> <span class='ocrx_word' id='word_1_517' title='bbox 1876 4890 2062 4952; x_wconf 77' lang='grc' dir='ltr'>ἱκανὸς</span> 
     </span>
    </p>
   </div>
   <div class='ocr_carea' id='block_1_69' title="bbox 395 4972 2063 5054">
    <p class='ocr_par' dir='ltr' id='par_1_69' title="bbox 395 4972 2063 5054">
     <span class='ocr_line' id='line_1_69' title="bbox 395 4972 2063 5054; baseline 0.004 -25"><span class='ocrx_word' id='word_1_518' title='bbox 395 4982 548 5050; x_wconf 77' lang='grc' dir='ltr'>ιι-τῷ</span> <span class='ocrx_word' id='word_1_519' title='bbox 605 4974 815 5049; x_wconf 77' lang='grc' dir='ltr'>Κυρίῳ.</span> <span class='ocrx_word' id='word_1_520' title='bbox 876 4976 1105 5048; x_wconf 75' lang='grc' dir='ltr'>Ἐξῆλθε</span> <span class='ocrx_word' id='word_1_521' title='bbox 1160 4973 1218 5031; x_wconf 79' lang='grc' dir='ltr'><strong>ὂὶ</strong></span> <span class='ocrx_word' id='word_1_522' title='bbox 1285 4976 1363 5039; x_wconf 79' lang='grc' dir='ltr'><strong>εἷς</strong></span> <span class='ocrx_word' id='word_1_523' title='bbox 1422 4979 1633 5050; x_wconf 80' lang='grc' dir='ltr'>Ταρσὸν</span> <span class='ocrx_word' id='word_1_524' title='bbox 1691 4979 1718 5034; x_wconf 84' lang='grc' dir='ltr'>ὁ</span> <span class='ocrx_word' id='word_1_525' title='bbox 1780 4972 2063 5054; x_wconf 73' lang='grc' dir='ltr'>Βαρνάϐας</span> 
     </span>
    </p>
   </div>
   <div class='ocr_carea' id='block_1_70' title="bbox 395 5065 2061 5144">
    <p class='ocr_par' dir='ltr' id='par_1_70' title="bbox 395 5065 2061 5144">
     <span class='ocr_line' id='line_1_70' title="bbox 395 5065 2061 5144; baseline 0.002 -23"><span class='ocrx_word' id='word_1_526' title='bbox 395 5090 425 5120; x_wconf 88' lang='grc' dir='ltr'><strong>ιι</strong></span> <span class='ocrx_word' id='word_1_527' title='bbox 488 5066 830 5137; x_wconf 76' lang='grc' dir='ltr'>ἀναζητῆσαι</span> <span class='ocrx_word' id='word_1_528' title='bbox 896 5065 1132 5123; x_wconf 66' lang='grc' dir='ltr'><strong>Σαῦλον⁸</strong></span> <span class='ocrx_word' id='word_1_529' title='bbox 1216 5066 1307 5123; x_wconf 81' lang='grc' dir='ltr'><strong>καὶ</strong></span> <span class='ocrx_word' id='word_1_530' title='bbox 1367 5067 1543 5143; x_wconf 75' lang='grc' dir='ltr'>εὑρὼν</span> <span class='ocrx_word' id='word_1_531' title='bbox 1615 5067 1801 5135; x_wconf 79' lang='grc' dir='ltr'>αὐτὸν,</span> <span class='ocrx_word' id='word_1_532' title='bbox 1858 5068 2061 5144; x_wconf 75' lang='grc' dir='ltr'>ἢγαγεν</span> 
     </span>
    </p>
   </div>
   <div class='ocr_carea' id='block_1_71' title="bbox 409 5154 2060 5236">
    <p class='ocr_par' dir='ltr' id='par_1_71' title="bbox 409 5154 2060 5236">
     <span class='ocr_line' id='line_1_71' title="bbox 409 5154 2060 5236; baseline 0 -23"><span class='ocrx_word' id='word_1_533' title='bbox 409 5156 634 5213; x_wconf 76' lang='grc' dir='ltr'>σαύτὸν</span> <span class='ocrx_word' id='word_1_534' title='bbox 659 5156 737 5218; x_wconf 75' lang='grc' dir='ltr'><strong>εἷς</strong></span> <span class='ocrx_word' id='word_1_535' title='bbox 787 5155 1155 5232; x_wconf 81' lang='grc' dir='ltr'>Ἀντιόχειαν.</span> <span class='ocrx_word' id='word_1_536' title='bbox 1215 5154 1460 5236; x_wconf 73' lang='grc' dir='ltr'>Ἐγένετο</span> <span class='ocrx_word' id='word_1_537' title='bbox 1510 5155 1569 5213; x_wconf 74' lang='grc' dir='ltr'><strong>δὲ</strong></span> <span class='ocrx_word' id='word_1_538' title='bbox 1623 5157 1824 5221; x_wconf 72' lang='grc' dir='ltr'>αὐτοὺς</span> <span class='ocrx_word' id='word_1_539' title='bbox 1883 5158 2060 5214; x_wconf 76' lang='grc' dir='ltr'>ἐνιαυ-</span> 
     </span>
    </p>
   </div>
   <div class='ocr_carea' id='block_1_72' title="bbox 399 5245 2065 5325">
    <p class='ocr_par' dir='ltr' id='par_1_72' title="bbox 399 5245 2065 5325">
     <span class='ocr_line' id='line_1_72' title="bbox 399 5245 2065 5325; baseline 0.005 -27"><span class='ocrx_word' id='word_1_540' title='bbox 399 5269 423 5298; x_wconf 80' lang='grc' dir='ltr'><strong>σ</strong></span> <span class='ocrx_word' id='word_1_541' title='bbox 454 5249 554 5303; x_wconf 88' lang='grc' dir='ltr'><strong>τὸν</strong></span> <span class='ocrx_word' id='word_1_542' title='bbox 582 5245 713 5304; x_wconf 77' lang='grc' dir='ltr'>ὅλον</span> <span class='ocrx_word' id='word_1_543' title='bbox 745 5253 1086 5323; x_wconf 81' lang='grc' dir='ltr'>συναχθῆναι</span> <span class='ocrx_word' id='word_1_544' title='bbox 1107 5249 1178 5323; x_wconf 76' lang='grc' dir='ltr'><strong>τῇ</strong></span> <span class='ocrx_word' id='word_1_545' title='bbox 1208 5245 1500 5321; x_wconf 76' lang='grc' dir='ltr'>ἐκκλησίᾳ,</span> <span class='ocrx_word' id='word_1_546' title='bbox 1522 5248 1611 5304; x_wconf 79' lang='grc' dir='ltr'>καὶ</span> <span class='ocrx_word' id='word_1_547' title='bbox 1647 5245 1856 5320; x_wconf 66' lang='grc' dir='ltr'>διδάξαι</span> <span class='ocrx_word' id='word_1_548' title='bbox 1889 5245 2065 5325; x_wconf 78' lang='grc' dir='ltr'>ὄχλον</span> 
     </span>
    </p>
   </div>
   <div class='ocr_carea' id='block_1_73' title="bbox 392 5339 732 5398">
    <p class='ocr_par' dir='ltr' id='par_1_73' title="bbox 392 5339 732 5398">
     <span class='ocr_line' id='line_1_73' title="bbox 392 5339 732 5398; baseline -0.006 -5"><span class='ocrx_word' id='word_1_549' title='bbox 392 5361 428 5393; x_wconf 68' lang='grc' dir='ltr'><strong>α</strong></span> <span class='ocrx_word' id='word_1_550' title='bbox 457 5339 666 5398; x_wconf 73' lang='grc' dir='ltr'>ἱκανόν,</span> <span class='ocrx_word' id='word_1_551' title='bbox 699 5362 732 5391; x_wconf 66' lang='grc' dir='ltr'><strong>κ</strong></span> 
     </span>
    </p>
   </div>
   <div class='ocr_carea' id='block_1_74' title="bbox 462 5423 2067 5505">
    <p class='ocr_par' dir='ltr' id='par_1_74' title="bbox 462 5423 2067 5505">
     <span class='ocr_line' id='line_1_74' title="bbox 462 5423 2067 5505; baseline -0.001 -21"><span class='ocrx_word' id='word_1_552' title='bbox 462 5426 563 5486; x_wconf 73' lang='grc' dir='ltr'><strong>Διὰ</strong></span> <span class='ocrx_word' id='word_1_553' title='bbox 586 5430 641 5486; x_wconf 78' lang='grc' dir='ltr'><strong>τί</strong></span> <span class='ocrx_word' id='word_1_554' title='bbox 669 5429 752 5505; x_wconf 77' lang='grc' dir='ltr'><strong>μή</strong></span> <span class='ocrx_word' id='word_1_555' title='bbox 791 5425 1006 5499; x_wconf 84' lang='grc' dir='ltr'>Παύλῳ</span> <span class='ocrx_word' id='word_1_556' title='bbox 1036 5425 1360 5503; x_wconf 72' lang='grc' dir='ltr'>γράφουσιν,</span> <span class='ocrx_word' id='word_1_557' title='bbox 1412 5425 1564 5484; x_wconf 77' lang='grc' dir='ltr'>ἀλλὰ</span> <span class='ocrx_word' id='word_1_558' title='bbox 1613 5423 1893 5503; x_wconf 81' lang='grc' dir='ltr'>Βαρνάϐαν</span> <span class='ocrx_word' id='word_1_559' title='bbox 1923 5426 2067 5504; x_wconf 71' lang='grc' dir='ltr'>πέμ-</span> 
     </span>
    </p>
   </div>
   <div class='ocr_carea' id='block_1_75' title="bbox 390 5513 2065 5596">
    <p class='ocr_par' dir='ltr' id='par_1_75' title="bbox 390 5513 2065 5596">
     <span class='ocr_line' id='line_1_75' title="bbox 390 5513 2065 5596; baseline -0.017 -14"><span class='ocrx_word' id='word_1_560' title='bbox 390 5542 581 5581; x_wconf 74' lang='grc' dir='ltr'>πουσιν</span> <span class='ocrx_word' id='word_1_561' title='bbox 614 5542 633 5596; x_wconf 84' lang='lat'><strong>;</strong></span> <span class='ocrx_word' id='word_1_562' title='bbox 664 5520 798 5582; x_wconf 83' lang='grc' dir='ltr'>Ὅτι</span> <span class='ocrx_word' id='word_1_563' title='bbox 834 5516 1001 5575; x_wconf 70' lang='grc' dir='ltr'>οὔπω</span> <span class='ocrx_word' id='word_1_564' title='bbox 1030 5520 1129 5572; x_wconf 79' lang='grc' dir='ltr'><strong>τοῦ</strong></span> <span class='ocrx_word' id='word_1_565' title='bbox 1153 5513 1349 5593; x_wconf 80' lang='grc' dir='ltr'>ἀνδρὸς</span> <span class='ocrx_word' id='word_1_566' title='bbox 1401 5514 1627 5593; x_wconf 72' lang='grc' dir='ltr'>ᾔδεισαν</span> <span class='ocrx_word' id='word_1_567' title='bbox 1685 5520 1784 5588; x_wconf 78' lang='grc' dir='ltr'><strong>τήν</strong></span> <span class='ocrx_word' id='word_1_568' title='bbox 1843 5518 2065 5592; x_wconf 55' lang='grc' dir='ltr'><strong>ἀρετήν.</strong></span> 
     </span>
    </p>
   </div>
   <div class='ocr_carea' id='block_1_76' title="bbox 368 5608 2065 5692">
    <p class='ocr_par' dir='ltr' id='par_1_76' title="bbox 368 5608 2065 5692">
     <span class='ocr_line' id='line_1_76' title="bbox 368 5608 2065 5692; baseline -0.007 -13"><span class='ocrx_word' id='word_1_569' title='bbox 368 5622 479 5685; x_wconf 80' lang='grc' dir='ltr'>Ούκ</span> <span class='ocrx_word' id='word_1_570' title='bbox 532 5620 857 5683; x_wconf 76' lang='grc' dir='ltr'>ἀντίκειται</span> <span class='ocrx_word' id='word_1_571' title='bbox 928 5608 987 5665; x_wconf 72' lang='grc' dir='ltr'>δὲ</span> <span class='ocrx_word' id='word_1_572' title='bbox 1036 5612 1218 5685; x_wconf 84' lang='grc' dir='ltr'>τούτῳ</span> <span class='ocrx_word' id='word_1_573' title='bbox 1264 5612 1347 5682; x_wconf 88' lang='grc' dir='ltr'><strong>τὸ,</strong></span> <span class='ocrx_word' id='word_1_574' title='bbox 1408 5637 1436 5666; x_wconf 93' lang='grc' dir='ltr'><strong>ιι</strong></span> <span class='ocrx_word' id='word_1_575' title='bbox 1520 5609 1713 5674; x_wconf 76' lang='grc' dir='ltr'>Οὐδεὶς</span> <span class='ocrx_word' id='word_1_576' title='bbox 1770 5613 1972 5692; x_wconf 84' lang='grc' dir='ltr'>ἀγαθὸς</span> <span class='ocrx_word' id='word_1_577' title='bbox 2029 5614 2065 5687; x_wconf 76' lang='grc' dir='ltr'><strong>ἢ</strong></span> 
     </span>
    </p>
   </div>
   <div class='ocr_carea' id='block_1_77' title="bbox 348 5699 2064 5802">
    <p class='ocr_par' dir='ltr' id='par_1_77' title="bbox 348 5699 2064 5802">
     <span class='ocr_line' id='line_1_77' title="bbox 348 5699 2064 5802; baseline -0.015 -22"><span class='ocrx_word' id='word_1_578' title='bbox 348 5716 520 5802; x_wconf 61' lang='grc' dir='ltr'>μάθος</span> <span class='ocrx_word' id='word_1_579' title='bbox 558 5716 588 5774; x_wconf 84' lang='grc' dir='ltr'><strong><em>ὁ</em></strong></span> <span class='ocrx_word' id='word_1_580' title='bbox 614 5709 795 5773; x_wconf 78' lang='grc' dir='ltr'>Θεός.</span> <span class='ocrx_word' id='word_1_581' title='bbox 838 5728 872 5755; x_wconf 62' lang='grc' dir='ltr'><strong>ν)</strong></span> <span class='ocrx_word' id='word_1_582' title='bbox 909 5699 992 5759; x_wconf 77' lang='grc' dir='ltr'><strong>Οὖ</strong></span> <span class='ocrx_word' id='word_1_583' title='bbox 1016 5700 1121 5776; x_wconf 74' lang='grc' dir='ltr'>γᾶρ</span> <span class='ocrx_word' id='word_1_584' title='bbox 1155 5699 1352 5758; x_wconf 74' lang='grc' dir='ltr'>ταύτόν</span> <span class='ocrx_word' id='word_1_585' title='bbox 1403 5702 1516 5757; x_wconf 64' lang='grc' dir='ltr'>ἑστι</span> <span class='ocrx_word' id='word_1_586' title='bbox 1571 5701 1702 5759; x_wconf 84' lang='grc' dir='ltr'>Θεὸν</span> <span class='ocrx_word' id='word_1_587' title='bbox 1739 5701 1904 5776; x_wconf 86' lang='grc' dir='ltr'>μόνον</span> <span class='ocrx_word' id='word_1_588' title='bbox 1936 5702 2064 5778; x_wconf 83' lang='grc' dir='ltr'>ἀγα-</span> 
     </span>
    </p>
   </div>
   <div class='ocr_carea' id='block_1_78' title="bbox 403 5802 1017 5887">
    <p class='ocr_par' dir='ltr' id='par_1_78' title="bbox 403 5802 1017 5887">
     <span class='ocr_line' id='line_1_78' title="bbox 403 5802 1017 5887; baseline -0.013 -5"><span class='ocrx_word' id='word_1_589' title='bbox 403 5829 452 5868; x_wconf 73' lang='grc' dir='ltr'>οι</span> <span class='ocrx_word' id='word_1_590' title='bbox 492 5826 649 5887; x_wconf 77' lang='lat' dir='ltr'><strong>Luc.</strong></span> <span class='ocrx_word' id='word_1_591' title='bbox 689 5821 882 5875; x_wconf 70' lang='lat' dir='ltr'><strong>xum</strong></span> <span class='ocrx_word' id='word_1_592' title='bbox 926 5802 1017 5857; x_wconf 67' lang='lat'><strong>‘9-</strong></span> 
     </span>
    </p>
   </div>
   <div class='ocr_carea' id='block_1_79' title="bbox 2092 4695 2142 4760">
    <p class='ocr_par' dir='ltr' id='par_1_79' title="bbox 2092 4695 2142 4760">
     <span class='ocr_line' id='line_1_79' title="bbox 2092 4695 2142 4760; baseline 0 0"><span class='ocrx_word' id='word_1_593' title='bbox 2092 4695 2142 4760; x_wconf 90' lang='lat' dir='ltr'><strong>D</strong></span> 
     </span>
    </p>
   </div>
   <div class='ocr_carea' id='block_1_80' title="bbox 2160 2009 3814 2084">
    <p class='ocr_par' dir='ltr' id='par_1_80' title="bbox 2160 2009 3814 2084">
     <span class='ocr_line' id='line_1_80' title="bbox 2160 2009 3814 2084; baseline -0.005 -10"><span class='ocrx_word' id='word_1_594' title='bbox 2160 2038 2189 2067; x_wconf 84' lang='grc' dir='ltr'><strong>ιι</strong></span> <span class='ocrx_word' id='word_1_595' title='bbox 2232 2034 2596 2084; x_wconf 83' lang='lat' dir='ltr'><strong>sermonem,</strong></span> <span class='ocrx_word' id='word_1_596' title='bbox 2622 2018 2738 2075; x_wconf 88' lang='lat' dir='ltr'><strong>nisi</strong></span> <span class='ocrx_word' id='word_1_597' title='bbox 2768 2018 2913 2074; x_wconf 88' lang='lat' dir='ltr'><strong>solis</strong></span> <span class='ocrx_word' id='word_1_598' title='bbox 2935 2016 3365 2074; x_wconf 80' lang='lat' dir='ltr'><strong>Judaeis.Erant</strong></span> <span class='ocrx_word' id='word_1_599' title='bbox 3393 2018 3595 2069; x_wconf 88' lang='lat' dir='ltr'><strong>autem</strong></span> <span class='ocrx_word' id='word_1_600' title='bbox 3628 2027 3698 2068; x_wconf 84' lang='lat' dir='ltr'><strong>ex</strong></span> <span class='ocrx_word' id='word_1_601' title='bbox 3729 2009 3814 2066; x_wconf 88' lang='lat' dir='ltr'><strong>eis</strong></span> 
     </span>
    </p>
   </div>
   <div class='ocr_carea' id='block_1_81' title="bbox 2163 2107 3416 2181">
    <p class='ocr_par' dir='ltr' id='par_1_81' title="bbox 2163 2107 3416 2181">
     <span class='ocr_line' id='line_1_81' title="bbox 2163 2107 3416 2181; baseline 0 -22"><span class='ocrx_word' id='word_1_602' title='bbox 2163 2127 2189 2159; x_wconf 88' lang='grc' dir='ltr'><strong>ιι</strong></span> <span class='ocrx_word' id='word_1_603' title='bbox 2225 2107 2471 2181; x_wconf 88' lang='lat' dir='ltr'><strong>quidam</strong></span> <span class='ocrx_word' id='word_1_604' title='bbox 2502 2108 2612 2164; x_wconf 86' lang='lat' dir='ltr'><strong>viri</strong></span> <span class='ocrx_word' id='word_1_605' title='bbox 2643 2108 2842 2181; x_wconf 86' lang='lat' dir='ltr'><strong>Cyprii</strong></span> <span class='ocrx_word' id='word_1_606' title='bbox 2875 2112 2934 2164; x_wconf 90' lang='lat' dir='ltr'><strong>et</strong></span> <span class='ocrx_word' id='word_1_607' title='bbox 2972 2108 3363 2180; x_wconf 84' lang='lat' dir='ltr'><strong>Cyrenenses.</strong></span> <span class='ocrx_word' id='word_1_608' title='bbox 3395 2127 3416 2157; x_wconf 77' lang='grc' dir='ltr'><strong>ι</strong></span> 
     </span>
    </p>
   </div>
   <div class='ocr_carea' id='block_1_82' title="bbox 2234 2270 3821 2344">
    <p class='ocr_par' dir='ltr' id='par_1_82' title="bbox 2234 2270 3821 2344">
     <span class='ocr_line' id='line_1_82' title="bbox 2234 2270 3821 2344; baseline -0.004 -16"><span class='ocrx_word' id='word_1_609' title='bbox 2234 2271 2508 2329; x_wconf 86' lang='lat' dir='ltr'><strong>Ostendit</strong></span> <span class='ocrx_word' id='word_1_610' title='bbox 2567 2288 2675 2327; x_wconf 90' lang='lat' dir='ltr'><strong>sua</strong></span> <span class='ocrx_word' id='word_1_611' title='bbox 2729 2270 3002 2344; x_wconf 90' lang='lat' dir='ltr'><strong>apologia</strong></span> <span class='ocrx_word' id='word_1_612' title='bbox 3059 2272 3269 2324; x_wconf 87' lang='lat' dir='ltr'><strong>Petrus</strong></span> <span class='ocrx_word' id='word_1_613' title='bbox 3327 2284 3390 2323; x_wconf 90' lang='lat' dir='ltr'><strong>se</strong></span> <span class='ocrx_word' id='word_1_614' title='bbox 3437 2279 3821 2337; x_wconf 86' lang='lat' dir='ltr'><strong>nequaquam</strong></span> 
     </span>
    </p>
   </div>
   <div class='ocr_carea' id='block_1_83' title="bbox 2160 2356 3821 2432">
    <p class='ocr_par' dir='ltr' id='par_1_83' title="bbox 2160 2356 3821 2432">
     <span class='ocr_line' id='line_1_83' title="bbox 2160 2356 3821 2432; baseline -0.004 -15"><span class='ocrx_word' id='word_1_615' title='bbox 2160 2360 2347 2418; x_wconf 85' lang='lat' dir='ltr'><strong>fuisse</strong></span> <span class='ocrx_word' id='word_1_616' title='bbox 2378 2378 2642 2428; x_wconf 83' lang='lat' dir='ltr'><strong>causam,</strong></span> <span class='ocrx_word' id='word_1_617' title='bbox 2678 2361 2780 2416; x_wconf 90' lang='lat' dir='ltr'><strong>sed</strong></span> <span class='ocrx_word' id='word_1_618' title='bbox 2812 2359 3032 2432; x_wconf 86' lang='lat' dir='ltr'><strong>ubique</strong></span> <span class='ocrx_word' id='word_1_619' title='bbox 3089 2359 3273 2414; x_wconf 90' lang='lat' dir='ltr'><strong>Deum</strong></span> <span class='ocrx_word' id='word_1_620' title='bbox 3331 2359 3475 2414; x_wconf 85' lang='lat' dir='ltr'><strong>Nam</strong></span> <span class='ocrx_word' id='word_1_621' title='bbox 3520 2356 3648 2427; x_wconf 89' lang='lat' dir='ltr'><strong>ipse</strong></span> <span class='ocrx_word' id='word_1_622' title='bbox 3702 2370 3821 2424; x_wconf 91' lang='lat' dir='ltr'><strong>me,</strong></span> 
     </span>
    </p>
   </div>
   <div class='ocr_carea' id='block_1_84' title="bbox 2163 2446 3819 2525">
    <p class='ocr_par' dir='ltr' id='par_1_84' title="bbox 2163 2446 3819 2525">
     <span class='ocr_line' id='line_1_84' title="bbox 2163 2446 3819 2525; baseline -0.004 -16"><span class='ocrx_word' id='word_1_623' title='bbox 2163 2453 2450 2525; x_wconf 78' lang='lat' dir='ltr'><strong>inquit,in</strong></span> <span class='ocrx_word' id='word_1_624' title='bbox 2481 2453 2700 2509; x_wconf 90' lang='lat' dir='ltr'><strong>mentis</strong></span> <span class='ocrx_word' id='word_1_625' title='bbox 2727 2468 3036 2508; x_wconf 86' lang='lat' dir='ltr'><strong>excessum</strong></span> <span class='ocrx_word' id='word_1_626' title='bbox 3067 2450 3397 2513; x_wconf 85' lang='lat' dir='ltr'><strong>constituit,</strong></span> <span class='ocrx_word' id='word_1_627' title='bbox 3426 2449 3554 2521; x_wconf 88' lang='lat' dir='ltr'><strong>ipse</strong></span> <span class='ocrx_word' id='word_1_628' title='bbox 3581 2464 3684 2503; x_wconf 87' lang='lat' dir='ltr'><strong>vas</strong></span> <span class='ocrx_word' id='word_1_629' title='bbox 3714 2446 3819 2502; x_wconf 88' lang='lat' dir='ltr'><strong>de-</strong></span> 
     </span>
    </p>
   </div>
   <div class='ocr_carea' id='block_1_85' title="bbox 2163 2532 3821 2617">
    <p class='ocr_par' dir='ltr' id='par_1_85' title="bbox 2163 2532 3821 2617">
     <span class='ocr_line' id='line_1_85' title="bbox 2163 2532 3821 2617; baseline -0.005 -17"><span class='ocrx_word' id='word_1_630' title='bbox 2163 2532 2537 2608; x_wconf 83' lang='lat' dir='ltr'><strong>monstravit,</strong></span> <span class='ocrx_word' id='word_1_631' title='bbox 2561 2560 2666 2617; x_wconf 92' lang='lat' dir='ltr'><strong>ego</strong></span> <span class='ocrx_word' id='word_1_632' title='bbox 2696 2559 2834 2598; x_wconf 87' lang='lat' dir='ltr'><strong>vero</strong></span> <span class='ocrx_word' id='word_1_633' title='bbox 2859 2542 3036 2598; x_wconf 88' lang='lat' dir='ltr'><strong>etiam</strong></span> <span class='ocrx_word' id='word_1_634' title='bbox 3067 2539 3399 2596; x_wconf 84' lang='lat' dir='ltr'><strong>contradixi</strong></span> <span class='ocrx_word' id='word_1_635' title='bbox 3427 2552 3821 2606; x_wconf 83' lang='lat' dir='ltr'><strong>:rursumque</strong></span> 
     </span>
    </p>
   </div>
   <div class='ocr_carea' id='block_1_86' title="bbox 2164 2626 3815 2706">
    <p class='ocr_par' dir='ltr' id='par_1_86' title="bbox 2164 2626 3815 2706">
     <span class='ocr_line' id='line_1_86' title="bbox 2164 2626 3815 2706; baseline -0.005 -18"><span class='ocrx_word' id='word_1_636' title='bbox 2164 2631 2325 2689; x_wconf 89' lang='lat' dir='ltr'><strong>idem</strong></span> <span class='ocrx_word' id='word_1_637' title='bbox 2358 2634 2484 2706; x_wconf 88' lang='lat' dir='ltr'><strong>ipse</strong></span> <span class='ocrx_word' id='word_1_638' title='bbox 2512 2633 2679 2699; x_wconf 81' lang='lat' dir='ltr'><strong>dixit,</strong></span> <span class='ocrx_word' id='word_1_639' title='bbox 2708 2639 2767 2688; x_wconf 91' lang='lat' dir='ltr'><strong>et</strong></span> <span class='ocrx_word' id='word_1_640' title='bbox 2795 2635 2990 2703; x_wconf 86' lang='lat' dir='ltr'><strong>neque</strong></span> <span class='ocrx_word' id='word_1_641' title='bbox 3014 2632 3099 2687; x_wconf 90' lang='lat' dir='ltr'><strong>sic</strong></span> <span class='ocrx_word' id='word_1_642' title='bbox 3131 2629 3346 2686; x_wconf 87' lang='lat' dir='ltr'><strong>audivi.</strong></span> <span class='ocrx_word' id='word_1_643' title='bbox 3375 2627 3631 2700; x_wconf 83' lang='lat' dir='ltr'><strong>Spiritus</strong></span> <span class='ocrx_word' id='word_1_644' title='bbox 3682 2626 3815 2697; x_wconf 81' lang='lat' dir='ltr'><strong>jus-</strong></span> 
     </span>
    </p>
   </div>
   <div class='ocr_carea' id='block_1_87' title="bbox 2166 2716 3823 2800">
    <p class='ocr_par' dir='ltr' id='par_1_87' title="bbox 2166 2716 3823 2800">
     <span class='ocr_line' id='line_1_87' title="bbox 2166 2716 3823 2800; baseline -0.005 -19"><span class='ocrx_word' id='word_1_645' title='bbox 2166 2725 2244 2782; x_wconf 88' lang='lat' dir='ltr'><strong>sit</strong></span> <span class='ocrx_word' id='word_1_646' title='bbox 2273 2732 2338 2782; x_wconf 88' lang='lat' dir='ltr'><strong>ut</strong></span> <span class='ocrx_word' id='word_1_647' title='bbox 2366 2724 2948 2800; x_wconf 75' lang='lat' dir='ltr'><strong>congrederer.102</strong></span> <span class='ocrx_word' id='word_1_648' title='bbox 2981 2738 3338 2796; x_wconf 82' lang='lat' dir='ltr'><strong>congressus</strong></span> <span class='ocrx_word' id='word_1_649' title='bbox 3368 2736 3443 2775; x_wconf 90' lang='lat' dir='ltr'><strong>ne</strong></span> <span class='ocrx_word' id='word_1_650' title='bbox 3474 2719 3556 2775; x_wconf 88' lang='lat' dir='ltr'><strong>ita</strong></span> <span class='ocrx_word' id='word_1_651' title='bbox 3578 2716 3823 2789; x_wconf 82' lang='lat' dir='ltr'><strong>quidem</strong></span> 
     </span>
    </p>
   </div>
   <div class='ocr_carea' id='block_1_88' title="bbox 2166 2806 3827 2889">
    <p class='ocr_par' dir='ltr' id='par_1_88' title="bbox 2166 2806 3827 2889">
     <span class='ocr_line' id='line_1_88' title="bbox 2166 2806 3827 2889; baseline -0.007 -16"><span class='ocrx_word' id='word_1_652' title='bbox 2166 2816 2753 2889; x_wconf 83' lang='lat' dir='ltr'><strong>procurri.Dixerunt</strong></span> <span class='ocrx_word' id='word_1_653' title='bbox 2774 2813 2959 2869; x_wconf 89' lang='lat' dir='ltr'><strong>Deum</strong></span> <span class='ocrx_word' id='word_1_654' title='bbox 2993 2813 3250 2878; x_wconf 86' lang='lat' dir='ltr'><strong>misisse,</strong></span> <span class='ocrx_word' id='word_1_655' title='bbox 3277 2815 3334 2866; x_wconf 87' lang='lat' dir='ltr'><strong>et</strong></span> <span class='ocrx_word' id='word_1_656' title='bbox 3365 2825 3474 2866; x_wconf 90' lang='lat' dir='ltr'><strong>nec</strong></span> <span class='ocrx_word' id='word_1_657' title='bbox 3515 2808 3600 2864; x_wconf 84' lang='lat' dir='ltr'><strong>sic</strong></span> <span class='ocrx_word' id='word_1_658' title='bbox 3630 2806 3827 2878; x_wconf 79' lang='lat' dir='ltr'><strong>bapti—</strong></span> 
     </span>
    </p>
   </div>
   <div class='ocr_carea' id='block_1_89' title="bbox 2166 2895 3828 2973">
    <p class='ocr_par' dir='ltr' id='par_1_89' title="bbox 2166 2895 3828 2973">
     <span class='ocr_line' id='line_1_89' title="bbox 2166 2895 3828 2973; baseline -0.007 -10"><span class='ocrx_word' id='word_1_659' title='bbox 2166 2905 2419 2973; x_wconf 88' lang='lat' dir='ltr'><strong>zavi,sed</strong></span> <span class='ocrx_word' id='word_1_660' title='bbox 2448 2922 2687 2961; x_wconf 88' lang='lat' dir='ltr'><strong>rursum</strong></span> <span class='ocrx_word' id='word_1_661' title='bbox 2721 2905 2876 2960; x_wconf 90' lang='lat' dir='ltr'><strong>Deus</strong></span> <span class='ocrx_word' id='word_1_662' title='bbox 2905 2919 3033 2959; x_wconf 90' lang='lat' dir='ltr'><strong>rem</strong></span> <span class='ocrx_word' id='word_1_663' title='bbox 3066 2917 3307 2957; x_wconf 89' lang='lat' dir='ltr'><strong>omnem</strong></span> <span class='ocrx_word' id='word_1_664' title='bbox 3336 2899 3712 2956; x_wconf 84' lang='lat' dir='ltr'><strong>effecit.Deus</strong></span> <span class='ocrx_word' id='word_1_665' title='bbox 3729 2895 3828 2952; x_wconf 89' lang='lat' dir='ltr'><strong>ba-</strong></span> 
     </span>
    </p>
   </div>
   <div class='ocr_carea' id='block_1_90' title="bbox 2165 2987 3827 3072">
    <p class='ocr_par' dir='ltr' id='par_1_90' title="bbox 2165 2987 3827 3072">
     <span class='ocr_line' id='line_1_90' title="bbox 2165 2987 3827 3072; baseline -0.007 -20"><span class='ocrx_word' id='word_1_666' title='bbox 2165 2997 2856 3072; x_wconf 40' lang='lat' dir='ltr'><strong>ptizavit,non‘ego.Nam</strong></span> <span class='ocrx_word' id='word_1_667' title='bbox 2888 2993 3030 3049; x_wconf 89' lang='lat' dir='ltr'><strong>dum</strong></span> <span class='ocrx_word' id='word_1_668' title='bbox 3059 2992 3252 3049; x_wconf 82' lang='lat' dir='ltr'><strong>adhuc</strong></span> <span class='ocrx_word' id='word_1_669' title='bbox 3269 2987 3827 3063; x_wconf 66' lang='lat' dir='ltr'><strong>loquerenillapsus</strong></span> 
     </span>
    </p>
   </div>
   <div class='ocr_carea' id='block_1_91' title="bbox 2168 3075 3826 3158">
    <p class='ocr_par' dir='ltr' id='par_1_91' title="bbox 2168 3075 3826 3158">
     <span class='ocr_line' id='line_1_91' title="bbox 2168 3075 3826 3158; baseline -0.008 -15"><span class='ocrx_word' id='word_1_670' title='bbox 2168 3094 2259 3143; x_wconf 89' lang='lat' dir='ltr'><strong>est</strong></span> <span class='ocrx_word' id='word_1_671' title='bbox 2288 3089 2349 3142; x_wconf 90' lang='lat' dir='ltr'><strong>in</strong></span> <span class='ocrx_word' id='word_1_672' title='bbox 2383 3087 2521 3143; x_wconf 91' lang='lat' dir='ltr'><strong>illos</strong></span> <span class='ocrx_word' id='word_1_673' title='bbox 2534 3084 2788 3158; x_wconf 88' lang='lat' dir='ltr'><strong>Spiritus</strong></span> <span class='ocrx_word' id='word_1_674' title='bbox 2810 3080 3554 3154; x_wconf 86' lang='lat' dir='ltr'><strong>sanctus,etloquehantur</strong></span> <span class='ocrx_word' id='word_1_675' title='bbox 3583 3075 3826 3150; x_wconf 81' lang='lat' dir='ltr'><strong>linguis,</strong></span> 
     </span>
    </p>
   </div>
   <div class='ocr_carea' id='block_1_92' title="bbox 2169 3171 3396 3250">
    <p class='ocr_par' dir='ltr' id='par_1_92' title="bbox 2169 3171 3396 3250">
     <span class='ocr_line' id='line_1_92' title="bbox 2169 3171 3396 3250; baseline -0.008 -16"><span class='ocrx_word' id='word_1_676' title='bbox 2169 3182 2228 3234; x_wconf 92' lang='lat' dir='ltr'><strong>et</strong></span> <span class='ocrx_word' id='word_1_677' title='bbox 2255 3175 2723 3250; x_wconf 83' lang='lat' dir='ltr'><strong>magniﬁcabant</strong></span> <span class='ocrx_word' id='word_1_678' title='bbox 2752 3176 2960 3239; x_wconf 90' lang='lat' dir='ltr'><strong>Deum,</strong></span> <span class='ocrx_word' id='word_1_679' title='bbox 2993 3171 3149 3228; x_wconf 88' lang='lat' dir='ltr'><strong>sicut</strong></span> <span class='ocrx_word' id='word_1_680' title='bbox 3178 3177 3237 3227; x_wconf 91' lang='lat' dir='ltr'><strong>et</strong></span> <span class='ocrx_word' id='word_1_681' title='bbox 3265 3187 3396 3225; x_wconf 92' lang='lat' dir='ltr'><strong>nos.</strong></span> 
     </span>
    </p>
   </div>
   <div class='ocr_carea' id='block_1_93' title="bbox 2240 3254 3829 3337">
    <p class='ocr_par' dir='ltr' id='par_1_93' title="bbox 2240 3254 3829 3337">
     <span class='ocr_line' id='line_1_93' title="bbox 2240 3254 3829 3337; baseline -0.007 -14"><span class='ocrx_word' id='word_1_682' title='bbox 2240 3267 2334 3334; x_wconf 86' lang='lat' dir='ltr'><strong>XI,</strong></span> <span class='ocrx_word' id='word_1_683' title='bbox 2363 3268 2554 3323; x_wconf 86' lang='lat'><strong>20-23.</strong></span> <span class='ocrx_word' id='word_1_684' title='bbox 2594 3289 2621 3317; x_wconf 91' lang='grc' dir='ltr'><strong>ιι</strong></span> <span class='ocrx_word' id='word_1_685' title='bbox 2654 3264 2761 3332; x_wconf 89' lang='lat' dir='ltr'><strong>Qui</strong></span> <span class='ocrx_word' id='word_1_686' title='bbox 2794 3262 3047 3337; x_wconf 87' lang='lat' dir='ltr'><strong>ingressi</strong></span> <span class='ocrx_word' id='word_1_687' title='bbox 3084 3259 3458 3316; x_wconf 85' lang='lat' dir='ltr'><strong>Antiochiam</strong></span> <span class='ocrx_word' id='word_1_688' title='bbox 3497 3254 3829 3330; x_wconf 83' lang='lat' dir='ltr'><strong>loqueban-</strong></span> 
     </span>
    </p>
   </div>
   <div class='ocr_carea' id='block_1_94' title="bbox 2169 3348 3824 3414">
    <p class='ocr_par' dir='ltr' id='par_1_94' title="bbox 2169 3348 3824 3414">
     <span class='ocr_line' id='line_1_94' title="bbox 2169 3348 3824 3414; baseline -0.005 -4"><span class='ocrx_word' id='word_1_689' title='bbox 2169 3381 2197 3410; x_wconf 86' lang='lat'><strong>«</strong></span> <span class='ocrx_word' id='word_1_690' title='bbox 2233 3363 2328 3414; x_wconf 91' lang='lat' dir='ltr'><strong>tur</strong></span> <span class='ocrx_word' id='word_1_691' title='bbox 2358 3357 2431 3414; x_wconf 85' lang='lat' dir='ltr'><strong>ad</strong></span> <span class='ocrx_word' id='word_1_692' title='bbox 2463 3358 2696 3414; x_wconf 62' lang='lat' dir='ltr'><strong>Graecos</strong></span> <span class='ocrx_word' id='word_1_693' title='bbox 2733 3353 3163 3411; x_wconf 88' lang='lat' dir='ltr'><strong>annuntiantes</strong></span> <span class='ocrx_word' id='word_1_694' title='bbox 3196 3349 3510 3406; x_wconf 89' lang='lat' dir='ltr'><strong>Dominum</strong></span> <span class='ocrx_word' id='word_1_695' title='bbox 3573 3348 3775 3403; x_wconf 87' lang='lat' dir='ltr'><strong>Jesum</strong></span> <span class='ocrx_word' id='word_1_696' title='bbox 3810 3362 3824 3400; x_wconf 91' lang='lat'>:</span> 
     </span>
    </p>
   </div>
   <div class='ocr_carea' id='block_1_95' title="bbox 2166 3438 3825 3521">
    <p class='ocr_par' dir='ltr' id='par_1_95' title="bbox 2166 3438 3825 3521">
     <span class='ocr_line' id='line_1_95' title="bbox 2166 3438 3825 3521; baseline -0.008 -16"><span class='ocrx_word' id='word_1_697' title='bbox 2166 3472 2194 3501; x_wconf 88' lang='grc' dir='ltr'><strong>ιι</strong></span> <span class='ocrx_word' id='word_1_698' title='bbox 2230 3455 2473 3521; x_wconf 89' lang='lat' dir='ltr'><strong>eratque</strong></span> <span class='ocrx_word' id='word_1_699' title='bbox 2505 3463 2719 3502; x_wconf 89' lang='lat' dir='ltr'><strong>manus</strong></span> <span class='ocrx_word' id='word_1_700' title='bbox 2748 3444 2986 3501; x_wconf 84' lang='lat' dir='ltr'><strong>Domini</strong></span> <span class='ocrx_word' id='word_1_701' title='bbox 3017 3459 3152 3498; x_wconf 91' lang='lat' dir='ltr'><strong>cum</strong></span> <span class='ocrx_word' id='word_1_702' title='bbox 3184 3441 3327 3509; x_wconf 91' lang='lat' dir='ltr'><strong>illis,</strong></span> <span class='ocrx_word' id='word_1_703' title='bbox 3366 3445 3425 3496; x_wconf 90' lang='lat' dir='ltr'><strong>et</strong></span> <span class='ocrx_word' id='word_1_704' title='bbox 3456 3438 3680 3495; x_wconf 89' lang='lat' dir='ltr'><strong>multus</strong></span> <span class='ocrx_word' id='word_1_705' title='bbox 3710 3453 3825 3493; x_wconf 89' lang='lat' dir='ltr'><strong>nu-</strong></span> 
     </span>
    </p>
   </div>
   <div class='ocr_carea' id='block_1_96' title="bbox 2170 3532 3825 3595">
    <p class='ocr_par' dir='ltr' id='par_1_96' title="bbox 2170 3532 3825 3595">
     <span class='ocr_line' id='line_1_96' title="bbox 2170 3532 3825 3595; baseline -0.004 -4"><span class='ocrx_word' id='word_1_706' title='bbox 2170 3564 2191 3591; x_wconf 89' lang='grc' dir='ltr'><strong>ιι</strong></span> <span class='ocrx_word' id='word_1_707' title='bbox 2227 3555 2431 3595; x_wconf 87' lang='lat' dir='ltr'><strong>merus</strong></span> <span class='ocrx_word' id='word_1_708' title='bbox 2463 3536 2720 3593; x_wconf 88' lang='lat' dir='ltr'><strong>credidit</strong></span> <span class='ocrx_word' id='word_1_709' title='bbox 2759 3540 2818 3590; x_wconf 89' lang='lat' dir='ltr'><strong>et</strong></span> <span class='ocrx_word' id='word_1_710' title='bbox 2865 3534 2941 3591; x_wconf 87' lang='lat' dir='ltr'><strong>ad</strong></span> <span class='ocrx_word' id='word_1_711' title='bbox 2998 3532 3315 3589; x_wconf 90' lang='lat' dir='ltr'><strong>Dominum</strong></span> <span class='ocrx_word' id='word_1_712' title='bbox 3349 3546 3671 3587; x_wconf 89' lang='lat' dir='ltr'><strong>conversus</strong></span> <span class='ocrx_word' id='word_1_713' title='bbox 3714 3532 3825 3585; x_wconf 90' lang='lat' dir='ltr'><strong>est.</strong></span> 
     </span>
    </p>
   </div>
   <div class='ocr_carea' id='block_1_97' title="bbox 2167 3620 3828 3689">
    <p class='ocr_par' dir='ltr' id='par_1_97' title="bbox 2167 3620 3828 3689">
     <span class='ocr_line' id='line_1_97' title="bbox 2167 3620 3828 3689; baseline -0.005 -8"><span class='ocrx_word' id='word_1_714' title='bbox 2167 3652 2195 3681; x_wconf 93' lang='grc' dir='ltr'><strong>ιι</strong></span> <span class='ocrx_word' id='word_1_715' title='bbox 2229 3628 2505 3685; x_wconf 85' lang='lat' dir='ltr'><strong>Pervenit</strong></span> <span class='ocrx_word' id='word_1_716' title='bbox 2535 3633 2732 3683; x_wconf 90' lang='lat' dir='ltr'><strong>autem</strong></span> <span class='ocrx_word' id='word_1_717' title='bbox 2767 3641 2975 3681; x_wconf 89' lang='lat' dir='ltr'><strong>rumor</strong></span> <span class='ocrx_word' id='word_1_718' title='bbox 3004 3623 3077 3679; x_wconf 93' lang='lat' dir='ltr'><strong>ad</strong></span> <span class='ocrx_word' id='word_1_719' title='bbox 3108 3639 3284 3678; x_wconf 82' lang='lat' dir='ltr'><strong>aures</strong></span> <span class='ocrx_word' id='word_1_720' title='bbox 3337 3620 3640 3679; x_wconf 65' lang='lat' dir='ltr'><strong>Ecclesiae,</strong></span> <span class='ocrx_word' id='word_1_721' title='bbox 3694 3634 3828 3689; x_wconf 73' lang='lat' dir='ltr'><strong>quae</strong></span> 
     </span>
    </p>
   </div>
   <div class='ocr_carea' id='block_1_98' title="bbox 2167 3711 3825 3789">
    <p class='ocr_par' dir='ltr' id='par_1_98' title="bbox 2167 3711 3825 3789">
     <span class='ocr_line' id='line_1_98' title="bbox 2167 3711 3825 3789; baseline -0.004 -19"><span class='ocrx_word' id='word_1_722' title='bbox 2167 3742 2196 3770; x_wconf 87' lang='grc' dir='ltr'><strong>ιι</strong></span> <span class='ocrx_word' id='word_1_723' title='bbox 2230 3723 2358 3774; x_wconf 90' lang='lat' dir='ltr'><strong>erat</strong></span> <span class='ocrx_word' id='word_1_724' title='bbox 2385 3717 2770 3789; x_wconf 87' lang='lat' dir='ltr'><strong>Jerosolymis</strong></span> <span class='ocrx_word' id='word_1_725' title='bbox 2804 3731 2985 3786; x_wconf 84' lang='lat' dir='ltr'><strong>super</strong></span> <span class='ocrx_word' id='word_1_726' title='bbox 3015 3713 3104 3769; x_wconf 89' lang='lat' dir='ltr'><strong>his</strong></span> <span class='ocrx_word' id='word_1_727' title='bbox 3137 3729 3151 3767; x_wconf 88' lang='lat'><strong>:</strong></span> <span class='ocrx_word' id='word_1_728' title='bbox 3185 3718 3244 3768; x_wconf 89' lang='lat' dir='ltr'><strong>et</strong></span> <span class='ocrx_word' id='word_1_729' title='bbox 3284 3713 3580 3767; x_wconf 87' lang='lat' dir='ltr'><strong>miserunt</strong></span> <span class='ocrx_word' id='word_1_730' title='bbox 3612 3711 3825 3765; x_wconf 84' lang='lat' dir='ltr'><strong>Barna-</strong></span> 
     </span>
    </p>
   </div>
   <div class='ocr_carea' id='block_1_99' title="bbox 2167 3799 3829 3873">
    <p class='ocr_par' dir='ltr' id='par_1_99' title="bbox 2167 3799 3829 3873">
     <span class='ocr_line' id='line_1_99' title="bbox 2167 3799 3829 3873; baseline -0.004 -12"><span class='ocrx_word' id='word_1_731' title='bbox 2167 3831 2196 3861; x_wconf 90' lang='grc' dir='ltr'><strong>ιι</strong></span> <span class='ocrx_word' id='word_1_732' title='bbox 2228 3808 2391 3873; x_wconf 89' lang='lat' dir='ltr'><strong>bam,</strong></span> <span class='ocrx_word' id='word_1_733' title='bbox 2423 3808 2622 3862; x_wconf 88' lang='lat' dir='ltr'><strong>utiret</strong></span> <span class='ocrx_word' id='word_1_734' title='bbox 2651 3805 3045 3860; x_wconf 83' lang='lat' dir='ltr'><strong>Antiochiam.</strong></span> <span class='ocrx_word' id='word_1_735' title='bbox 3107 3803 3215 3868; x_wconf 85' lang='lat' dir='ltr'><strong>Qui</strong></span> <span class='ocrx_word' id='word_1_736' title='bbox 3274 3819 3409 3857; x_wconf 90' lang='lat' dir='ltr'><strong>cum</strong></span> <span class='ocrx_word' id='word_1_737' title='bbox 3457 3799 3829 3873; x_wconf 88' lang='lat' dir='ltr'><strong>pervenisset</strong></span> 
     </span>
    </p>
   </div>
   <div class='ocr_carea' id='block_1_100' title="bbox 2168 3889 3825 3969">
    <p class='ocr_par' dir='ltr' id='par_1_100' title="bbox 2168 3889 3825 3969">
     <span class='ocr_line' id='line_1_100' title="bbox 2168 3889 3825 3969; baseline -0.005 -19"><span class='ocrx_word' id='word_1_738' title='bbox 2168 3922 2196 3951; x_wconf 91' lang='grc' dir='ltr'><strong>ιι</strong></span> <span class='ocrx_word' id='word_1_739' title='bbox 2226 3914 2293 3955; x_wconf 87' lang='lat' dir='ltr'><strong>ac</strong></span> <span class='ocrx_word' id='word_1_740' title='bbox 2331 3897 2575 3953; x_wconf 87' lang='lat' dir='ltr'><strong>vidisset</strong></span> <span class='ocrx_word' id='word_1_741' title='bbox 2593 3895 2843 3969; x_wconf 83' lang='lat' dir='ltr'><strong>gratiam</strong></span> <span class='ocrx_word' id='word_1_742' title='bbox 2878 3894 3000 3960; x_wconf 90' lang='lat' dir='ltr'><strong>Dei,</strong></span> <span class='ocrx_word' id='word_1_743' title='bbox 3032 3892 3265 3966; x_wconf 82' lang='lat' dir='ltr'><strong>gavisus</strong></span> <span class='ocrx_word' id='word_1_744' title='bbox 3299 3895 3407 3957; x_wconf 89' lang='lat' dir='ltr'><strong>est,</strong></span> <span class='ocrx_word' id='word_1_745' title='bbox 3457 3897 3516 3945; x_wconf 89' lang='lat' dir='ltr'><strong>et</strong></span> <span class='ocrx_word' id='word_1_746' title='bbox 3544 3889 3825 3944; x_wconf 85' lang='lat' dir='ltr'><strong>hortaba-</strong></span> 
     </span>
    </p>
   </div>
   <div class='ocr_carea' id='block_1_101' title="bbox 2167 3977 3835 4057">
    <p class='ocr_par' dir='ltr' id='par_1_101' title="bbox 2167 3977 3835 4057">
     <span class='ocr_line' id='line_1_101' title="bbox 2167 3977 3835 4057; baseline -0.004 -16"><span class='ocrx_word' id='word_1_747' title='bbox 2167 4013 2197 4041; x_wconf 92' lang='grc' dir='ltr'><strong>ιι</strong></span> <span class='ocrx_word' id='word_1_748' title='bbox 2229 3994 2325 4044; x_wconf 92' lang='lat' dir='ltr'><strong>tur</strong></span> <span class='ocrx_word' id='word_1_749' title='bbox 2352 3990 2655 4044; x_wconf 66' lang='lat' dir='ltr'><strong>omnesut</strong></span> <span class='ocrx_word' id='word_1_750' title='bbox 2683 3983 2988 4057; x_wconf 88' lang='lat' dir='ltr'><strong>proposito</strong></span> <span class='ocrx_word' id='word_1_751' title='bbox 3023 3981 3220 4039; x_wconf 89' lang='lat' dir='ltr'><strong>cordis</strong></span> <span class='ocrx_word' id='word_1_752' title='bbox 3252 3982 3703 4053; x_wconf 86' lang='lat' dir='ltr'><strong>perseverarent</strong></span> <span class='ocrx_word' id='word_1_753' title='bbox 3731 3977 3835 4034; x_wconf 79' lang='lat' dir='ltr'><strong>ad-</strong></span> 
     </span>
    </p>
   </div>
   <div class='ocr_carea' id='block_1_102' title="bbox 2170 4079 2829 4138">
    <p class='ocr_par' dir='ltr' id='par_1_102' title="bbox 2170 4079 2829 4138">
     <span class='ocr_line' id='line_1_102' title="bbox 2170 4079 2829 4138; baseline -0.017 1"><span class='ocrx_word' id='word_1_754' title='bbox 2170 4104 2199 4136; x_wconf 85' lang='grc' dir='ltr'><strong>ιι</strong></span> <span class='ocrx_word' id='word_1_755' title='bbox 2230 4081 2459 4138; x_wconf 65' lang='lat' dir='ltr'><strong>hilarere</strong></span> <span class='ocrx_word' id='word_1_756' title='bbox 2490 4079 2763 4136; x_wconf 89' lang='lat' dir='ltr'><strong>Domino.</strong></span> <span class='ocrx_word' id='word_1_757' title='bbox 2801 4099 2829 4128; x_wconf 67' lang='grc' dir='ltr'><strong>η</strong></span> 
     </span>
    </p>
   </div>
   <div class='ocr_carea' id='block_1_103' title="bbox 2244 4163 3824 4237">
    <p class='ocr_par' dir='ltr' id='par_1_103' title="bbox 2244 4163 3824 4237">
     <span class='ocr_line' id='line_1_103' title="bbox 2244 4163 3824 4237; baseline -0.006 -9"><span class='ocrx_word' id='word_1_758' title='bbox 2244 4194 2271 4224; x_wconf 88' lang='grc' dir='ltr'><strong>ιι</strong></span> <span class='ocrx_word' id='word_1_759' title='bbox 2304 4172 2393 4228; x_wconf 81' lang='lat' dir='ltr'><strong>Ad</strong></span> <span class='ocrx_word' id='word_1_760' title='bbox 2419 4171 2671 4228; x_wconf 75' lang='lat' dir='ltr'><strong>Grmcos.</strong></span> <span class='ocrx_word' id='word_1_761' title='bbox 2692 4192 2719 4221; x_wconf 78' lang='grc'><strong>››</strong></span> <span class='ocrx_word' id='word_1_762' title='bbox 2733 4166 3024 4225; x_wconf 88' lang='lat' dir='ltr'><strong>Fortassis</strong></span> <span class='ocrx_word' id='word_1_763' title='bbox 3039 4183 3106 4222; x_wconf 91' lang='lat' dir='ltr'><strong>eo</strong></span> <span class='ocrx_word' id='word_1_764' title='bbox 3123 4164 3283 4237; x_wconf 88' lang='lat' dir='ltr'><strong>quod</strong></span> <span class='ocrx_word' id='word_1_765' title='bbox 3308 4163 3592 4220; x_wconf 83' lang='lat' dir='ltr'><strong>Hebraice</strong></span> <span class='ocrx_word' id='word_1_766' title='bbox 3609 4179 3824 4219; x_wconf 88' lang='lat' dir='ltr'><strong>sonare</strong></span> 
     </span>
    </p>
   </div>
   <div class='ocr_carea' id='block_1_104' title="bbox 2168 4254 3828 4337">
    <p class='ocr_par' dir='ltr' id='par_1_104' title="bbox 2168 4254 3828 4337">
     <span class='ocr_line' id='line_1_104' title="bbox 2168 4254 3828 4337; baseline -0.008 -14"><span class='ocrx_word' id='word_1_767' title='bbox 2168 4281 2289 4323; x_wconf 87' lang='lat' dir='ltr'><strong>non</strong></span> <span class='ocrx_word' id='word_1_768' title='bbox 2320 4266 2586 4337; x_wconf 84' lang='lat' dir='ltr'><strong>possent,</strong></span> <span class='ocrx_word' id='word_1_769' title='bbox 2606 4262 2837 4318; x_wconf 78' lang='lat' dir='ltr'><strong>Graecos</strong></span> <span class='ocrx_word' id='word_1_770' title='bbox 2870 4260 3029 4330; x_wconf 85' lang='lat' dir='ltr'><strong>ipsos</strong></span> <span class='ocrx_word' id='word_1_771' title='bbox 3062 4255 3384 4328; x_wconf 86' lang='lat' dir='ltr'><strong>appellant.</strong></span> <span class='ocrx_word' id='word_1_772' title='bbox 3408 4254 3828 4327; x_wconf 87' lang='lat' dir='ltr'><strong>Loquebantur</strong></span> 
     </span>
    </p>
   </div>
   <div class='ocr_carea' id='block_1_105' title="bbox 2170 4345 3830 4428">
    <p class='ocr_par' dir='ltr' id='par_1_105' title="bbox 2170 4345 3830 4428">
     <span class='ocr_line' id='line_1_105' title="bbox 2170 4345 3830 4428; baseline -0.007 -16"><span class='ocrx_word' id='word_1_773' title='bbox 2170 4372 2308 4428; x_wconf 89' lang='lat' dir='ltr'><strong>ergo</strong></span> <span class='ocrx_word' id='word_1_774' title='bbox 2341 4358 2399 4410; x_wconf 86' lang='lat' dir='ltr'><strong>et</strong></span> <span class='ocrx_word' id='word_1_775' title='bbox 2428 4351 2502 4409; x_wconf 87' lang='lat' dir='ltr'><strong>ad</strong></span> <span class='ocrx_word' id='word_1_776' title='bbox 2533 4369 2656 4421; x_wconf 89' lang='lat' dir='ltr'><strong>eos,</strong></span> <span class='ocrx_word' id='word_1_777' title='bbox 2692 4349 3118 4407; x_wconf 87' lang='lat' dir='ltr'><strong>annuntiantes</strong></span> <span class='ocrx_word' id='word_1_778' title='bbox 3164 4347 3482 4402; x_wconf 89' lang='lat' dir='ltr'><strong>Dominum</strong></span> <span class='ocrx_word' id='word_1_779' title='bbox 3514 4345 3733 4409; x_wconf 73' lang='lat' dir='ltr'><strong>Iesum,</strong></span> <span class='ocrx_word' id='word_1_780' title='bbox 3770 4350 3830 4400; x_wconf 91' lang='lat' dir='ltr'><strong>et</strong></span> 
     </span>
    </p>
   </div>
   <div class='ocr_carea' id='block_1_106' title="bbox 2170 4434 3828 4513">
    <p class='ocr_par' dir='ltr' id='par_1_106' title="bbox 2170 4434 3828 4513">
     <span class='ocr_line' id='line_1_106' title="bbox 2170 4434 3828 4513; baseline -0.007 -12"><span class='ocrx_word' id='word_1_781' title='bbox 2170 4442 2497 4502; x_wconf 86' lang='lat' dir='ltr'><strong>credebant</strong></span> <span class='ocrx_word' id='word_1_782' title='bbox 2525 4457 2774 4498; x_wconf 88' lang='lat' dir='ltr'><strong>omnes:</strong></span> <span class='ocrx_word' id='word_1_783' title='bbox 2807 4438 3560 4513; x_wconf 87' lang='lat' dir='ltr'><strong>quoniam,inquit,manus</strong></span> <span class='ocrx_word' id='word_1_784' title='bbox 3593 4434 3828 4491; x_wconf 88' lang='lat' dir='ltr'><strong>Domini</strong></span> 
     </span>
    </p>
   </div>
   <div class='ocr_carea' id='block_1_107' title="bbox 2172 4525 3830 4601">
    <p class='ocr_par' dir='ltr' id='par_1_107' title="bbox 2172 4525 3830 4601">
     <span class='ocr_line' id='line_1_107' title="bbox 2172 4525 3830 4601; baseline -0.007 -10"><span class='ocrx_word' id='word_1_785' title='bbox 2172 4539 2299 4591; x_wconf 88' lang='lat' dir='ltr'><strong>erat</strong></span> <span class='ocrx_word' id='word_1_786' title='bbox 2332 4549 2467 4590; x_wconf 90' lang='lat' dir='ltr'><strong>cum</strong></span> <span class='ocrx_word' id='word_1_787' title='bbox 2488 4531 2641 4588; x_wconf 88' lang='lat' dir='ltr'><strong>illis:</strong></span> <span class='ocrx_word' id='word_1_788' title='bbox 2663 4531 2775 4587; x_wconf 89' lang='lat' dir='ltr'><strong>hoc</strong></span> <span class='ocrx_word' id='word_1_789' title='bbox 2806 4536 2916 4594; x_wconf 89' lang='lat' dir='ltr'><strong>est,</strong></span> <span class='ocrx_word' id='word_1_790' title='bbox 2953 4529 3121 4601; x_wconf 89' lang='lat' dir='ltr'><strong>signa</strong></span> <span class='ocrx_word' id='word_1_791' title='bbox 3151 4525 3830 4599; x_wconf 82' lang='lat' dir='ltr'><strong>Operahantur.Propter</strong></span> 
     </span>
    </p>
   </div>
   <div class='ocr_carea' id='block_1_108' title="bbox 2169 4615 3754 4695">
    <p class='ocr_par' dir='ltr' id='par_1_108' title="bbox 2169 4615 3754 4695">
     <span class='ocr_line' id='line_1_108' title="bbox 2169 4615 3754 4695; baseline -0.006 -14"><span class='ocrx_word' id='word_1_792' title='bbox 2169 4625 2283 4681; x_wconf 90' lang='lat' dir='ltr'><strong>hoc</strong></span> <span class='ocrx_word' id='word_1_793' title='bbox 2314 4623 2475 4680; x_wconf 90' lang='lat' dir='ltr'><strong>enim</strong></span> <span class='ocrx_word' id='word_1_794' title='bbox 2503 4621 2615 4677; x_wconf 86' lang='lat' dir='ltr'><strong>fuit</strong></span> <span class='ocrx_word' id='word_1_795' title='bbox 2647 4622 2953 4695; x_wconf 88' lang='lat' dir='ltr'><strong>signorum</strong></span> <span class='ocrx_word' id='word_1_796' title='bbox 2985 4617 3311 4675; x_wconf 85' lang='lat' dir='ltr'><strong>necessitas</strong></span> <span class='ocrx_word' id='word_1_797' title='bbox 3340 4615 3754 4672; x_wconf 89' lang='lat' dir='ltr'><strong>utcrederent.</strong></span> 
     </span>
    </p>
   </div>
   <div class='ocr_carea' id='block_1_109' title="bbox 2239 4795 3826 4870">
    <p class='ocr_par' dir='ltr' id='par_1_109' title="bbox 2239 4795 3826 4870">
     <span class='ocr_line' id='line_1_109' title="bbox 2239 4795 3826 4870; baseline -0.004 -13"><span class='ocrx_word' id='word_1_798' title='bbox 2239 4802 2333 4870; x_wconf 82' lang='lat' dir='ltr'><strong>XI,</strong></span> <span class='ocrx_word' id='word_1_799' title='bbox 2362 4802 2549 4856; x_wconf 69' lang='lat'><strong>24-26.</strong></span> <span class='ocrx_word' id='word_1_800' title='bbox 2575 4822 2605 4851; x_wconf 85' lang='grc' dir='ltr'><strong>ιι</strong></span> <span class='ocrx_word' id='word_1_801' title='bbox 2631 4801 2771 4855; x_wconf 88' lang='lat' dir='ltr'><strong>Erat</strong></span> <span class='ocrx_word' id='word_1_802' title='bbox 2800 4799 2961 4855; x_wconf 88' lang='lat' dir='ltr'><strong>enim</strong></span> <span class='ocrx_word' id='word_1_803' title='bbox 2992 4798 3079 4853; x_wconf 88' lang='lat' dir='ltr'><strong>vir</strong></span> <span class='ocrx_word' id='word_1_804' title='bbox 3107 4798 3300 4854; x_wconf 91' lang='lat' dir='ltr'><strong>bonus</strong></span> <span class='ocrx_word' id='word_1_805' title='bbox 3348 4813 3416 4853; x_wconf 85' lang='lat' dir='ltr'><strong>ac</strong></span> <span class='ocrx_word' id='word_1_806' title='bbox 3445 4795 3661 4870; x_wconf 88' lang='lat' dir='ltr'><strong>plenus</strong></span> <span class='ocrx_word' id='word_1_807' title='bbox 3694 4795 3826 4868; x_wconf 90' lang='lat' dir='ltr'><strong>Spi-</strong></span> 
     </span>
    </p>
   </div>
   <div class='ocr_carea' id='block_1_110' title="bbox 2178 4885 3827 4947">
    <p class='ocr_par' dir='ltr' id='par_1_110' title="bbox 2178 4885 3827 4947">
     <span class='ocr_line' id='line_1_110' title="bbox 2178 4885 3827 4947; baseline -0.005 1"><span class='ocrx_word' id='word_1_808' title='bbox 2178 4912 2199 4941; x_wconf 82' lang='grc' dir='ltr'><strong>ι</strong></span> <span class='ocrx_word' id='word_1_809' title='bbox 2231 4892 2349 4947; x_wconf 90' lang='lat' dir='ltr'><strong>ritu</strong></span> <span class='ocrx_word' id='word_1_810' title='bbox 2381 4895 2585 4947; x_wconf 88' lang='lat' dir='ltr'><strong>sancto</strong></span> <span class='ocrx_word' id='word_1_811' title='bbox 2615 4887 2909 4945; x_wconf 82' lang='lat' dir='ltr'><strong>etﬁde.Et</strong></span> <span class='ocrx_word' id='word_1_812' title='bbox 2939 4886 3141 4943; x_wconf 87' lang='lat' dir='ltr'><strong>addita</strong></span> <span class='ocrx_word' id='word_1_813' title='bbox 3171 4891 3261 4942; x_wconf 87' lang='lat' dir='ltr'><strong>est</strong></span> <span class='ocrx_word' id='word_1_814' title='bbox 3291 4885 3480 4942; x_wconf 88' lang='lat' dir='ltr'><strong>multa</strong></span> <span class='ocrx_word' id='word_1_815' title='bbox 3511 4885 3684 4941; x_wconf 87' lang='lat' dir='ltr'><strong>turba</strong></span> <span class='ocrx_word' id='word_1_816' title='bbox 3715 4886 3827 4941; x_wconf 85' lang='lat' dir='ltr'><strong>Do-</strong></span> 
     </span>
    </p>
   </div>
   <div class='ocr_carea' id='block_1_111' title="bbox 2173 4976 3835 5044">
    <p class='ocr_par' dir='ltr' id='par_1_111' title="bbox 2173 4976 3835 5044">
     <span class='ocr_line' id='line_1_111' title="bbox 2173 4976 3835 5044; baseline -0.002 -10"><span class='ocrx_word' id='word_1_817' title='bbox 2173 5004 2201 5034; x_wconf 91' lang='grc' dir='ltr'><strong>ιι</strong></span> <span class='ocrx_word' id='word_1_818' title='bbox 2232 4981 2417 5037; x_wconf 89' lang='lat' dir='ltr'><strong>mino.</strong></span> <span class='ocrx_word' id='word_1_819' title='bbox 2446 4980 2753 5035; x_wconf 83' lang='lat' dir='ltr'><strong>Profectus</strong></span> <span class='ocrx_word' id='word_1_820' title='bbox 2786 4984 2875 5033; x_wconf 84' lang='lat' dir='ltr'><strong>est</strong></span> <span class='ocrx_word' id='word_1_821' title='bbox 2905 4981 3103 5032; x_wconf 89' lang='lat' dir='ltr'><strong>autem</strong></span> <span class='ocrx_word' id='word_1_822' title='bbox 3142 4976 3439 5033; x_wconf 89' lang='lat' dir='ltr'><strong>Barnabas</strong></span> <span class='ocrx_word' id='word_1_823' title='bbox 3464 4978 3735 5044; x_wconf 87' lang='lat' dir='ltr'><strong>Tarsum,</strong></span> <span class='ocrx_word' id='word_1_824' title='bbox 3766 4980 3835 5031; x_wconf 90' lang='lat' dir='ltr'><strong>ut</strong></span> 
     </span>
    </p>
   </div>
   <div class='ocr_carea' id='block_1_112' title="bbox 2175 5066 3832 5146">
    <p class='ocr_par' dir='ltr' id='par_1_112' title="bbox 2175 5066 3832 5146">
     <span class='ocr_line' id='line_1_112' title="bbox 2175 5066 3832 5146; baseline -0.001 -22"><span class='ocrx_word' id='word_1_825' title='bbox 2175 5094 2203 5124; x_wconf 90' lang='grc' dir='ltr'><strong>ιι</strong></span> <span class='ocrx_word' id='word_1_826' title='bbox 2234 5075 2530 5146; x_wconf 78' lang='lat' dir='ltr'><strong>quaereret</strong></span> <span class='ocrx_word' id='word_1_827' title='bbox 2553 5069 2819 5131; x_wconf 86' lang='lat' dir='ltr'><strong>Saulum,</strong></span> <span class='ocrx_word' id='word_1_828' title='bbox 2846 5085 2963 5139; x_wconf 86' lang='lat' dir='ltr'><strong>quo</strong></span> <span class='ocrx_word' id='word_1_829' title='bbox 2994 5067 3255 5134; x_wconf 89' lang='lat' dir='ltr'><strong>invento,</strong></span> <span class='ocrx_word' id='word_1_830' title='bbox 3277 5066 3445 5122; x_wconf 86' lang='lat' dir='ltr'><strong>duxit</strong></span> <span class='ocrx_word' id='word_1_831' title='bbox 3474 5084 3607 5122; x_wconf 88' lang='lat' dir='ltr'><strong>eum</strong></span> <span class='ocrx_word' id='word_1_832' title='bbox 3626 5067 3832 5123; x_wconf 85' lang='lat' dir='ltr'><strong>Antio-</strong></span> 
     </span>
    </p>
   </div>
   <div class='ocr_carea' id='block_1_113' title="bbox 2176 5159 3829 5218">
    <p class='ocr_par' dir='ltr' id='par_1_113' title="bbox 2176 5159 3829 5218">
     <span class='ocr_line' id='line_1_113' title="bbox 2176 5159 3829 5218; baseline -0.002 -2"><span class='ocrx_word' id='word_1_833' title='bbox 2176 5184 2202 5216; x_wconf 83' lang='grc' dir='ltr'><strong>ιι</strong></span> <span class='ocrx_word' id='word_1_834' title='bbox 2241 5162 2455 5218; x_wconf 88' lang='lat' dir='ltr'><strong>chiam.</strong></span> <span class='ocrx_word' id='word_1_835' title='bbox 2491 5159 2719 5216; x_wconf 87' lang='lat' dir='ltr'><strong>Accidit</strong></span> <span class='ocrx_word' id='word_1_836' title='bbox 2748 5165 2965 5215; x_wconf 88' lang='lat' dir='ltr'><strong>autem.</strong></span> <span class='ocrx_word' id='word_1_837' title='bbox 3001 5163 3067 5213; x_wconf 89' lang='lat' dir='ltr'><strong>ut</strong></span> <span class='ocrx_word' id='word_1_838' title='bbox 3095 5174 3315 5214; x_wconf 87' lang='lat' dir='ltr'><strong>annum</strong></span> <span class='ocrx_word' id='word_1_839' title='bbox 3352 5163 3539 5213; x_wconf 85' lang='lat' dir='ltr'><strong>totum</strong></span> <span class='ocrx_word' id='word_1_840' title='bbox 3599 5174 3733 5213; x_wconf 89' lang='lat' dir='ltr'><strong>cum</strong></span> <span class='ocrx_word' id='word_1_841' title='bbox 3763 5174 3829 5213; x_wconf 88' lang='lat' dir='ltr'><strong>ea</strong></span> 
     </span>
    </p>
   </div>
   <div class='ocr_carea' id='block_1_114' title="bbox 2176 5247 3832 5325">
    <p class='ocr_par' dir='ltr' id='par_1_114' title="bbox 2176 5247 3832 5325">
     <span class='ocr_line' id='line_1_114' title="bbox 2176 5247 3832 5325; baseline -0.004 -17"><span class='ocrx_word' id='word_1_842' title='bbox 2176 5273 2203 5307; x_wconf 76' lang='grc' dir='ltr'><strong>ε</strong></span> <span class='ocrx_word' id='word_1_843' title='bbox 2234 5251 2695 5325; x_wconf 85' lang='lat' dir='ltr'><strong>congregatione</strong></span> <span class='ocrx_word' id='word_1_844' title='bbox 2721 5254 3116 5315; x_wconf 88' lang='lat' dir='ltr'><strong>versarentur,</strong></span> <span class='ocrx_word' id='word_1_845' title='bbox 3152 5249 3521 5322; x_wconf 89' lang='lat' dir='ltr'><strong>multamque</strong></span> <span class='ocrx_word' id='word_1_846' title='bbox 3544 5247 3832 5305; x_wconf 88' lang='lat' dir='ltr'><strong>docerent</strong></span> 
     </span>
    </p>
   </div>
   <div class='ocr_carea' id='block_1_115' title="bbox 2176 5342 2545 5398">
    <p class='ocr_par' dir='ltr' id='par_1_115' title="bbox 2176 5342 2545 5398">
     <span class='ocr_line' id='line_1_115' title="bbox 2176 5342 2545 5398; baseline -0.005 -4"><span class='ocrx_word' id='word_1_847' title='bbox 2176 5366 2204 5395; x_wconf 88' lang='grc' dir='ltr'><strong>ιι</strong></span> <span class='ocrx_word' id='word_1_848' title='bbox 2232 5342 2487 5398; x_wconf 87' lang='lat' dir='ltr'><strong>turbam.</strong></span> <span class='ocrx_word' id='word_1_849' title='bbox 2525 5365 2545 5392; x_wconf 79' lang='grc' dir='ltr'><strong>ι</strong></span> 
     </span>
    </p>
   </div>
   <div class='ocr_carea' id='block_1_116' title="bbox 2244 5428 3835 5499">
    <p class='ocr_par' dir='ltr' id='par_1_116' title="bbox 2244 5428 3835 5499">
     <span class='ocr_line' id='line_1_116' title="bbox 2244 5428 3835 5499; baseline -0.001 -11"><span class='ocrx_word' id='word_1_850' title='bbox 2244 5433 2431 5499; x_wconf 88' lang='lat' dir='ltr'><strong>Quam</strong></span> <span class='ocrx_word' id='word_1_851' title='bbox 2465 5431 2539 5486; x_wconf 93' lang='lat' dir='ltr'><strong>ob</strong></span> <span class='ocrx_word' id='word_1_852' title='bbox 2569 5446 2810 5487; x_wconf 88' lang='lat' dir='ltr'><strong>causam</strong></span> <span class='ocrx_word' id='word_1_853' title='bbox 2834 5430 3016 5486; x_wconf 84' lang='lat' dir='ltr'><strong>Paulo</strong></span> <span class='ocrx_word' id='word_1_854' title='bbox 3044 5446 3164 5487; x_wconf 89' lang='lat' dir='ltr'><strong>non</strong></span> <span class='ocrx_word' id='word_1_855' title='bbox 3187 5428 3588 5498; x_wconf 80' lang='lat' dir='ltr'><strong>scribunt,sed</strong></span> <span class='ocrx_word' id='word_1_856' title='bbox 3610 5430 3835 5487; x_wconf 84' lang='lat' dir='ltr'><strong>Barna-</strong></span> 
     </span>
    </p>
   </div>
   <div class='ocr_carea' id='block_1_117' title="bbox 2172 5519 3836 5587">
    <p class='ocr_par' dir='ltr' id='par_1_117' title="bbox 2172 5519 3836 5587">
     <span class='ocr_line' id='line_1_117' title="bbox 2172 5519 3836 5587; baseline -0.004 -7"><span class='ocrx_word' id='word_1_857' title='bbox 2172 5524 2309 5580; x_wconf 87' lang='lat' dir='ltr'><strong>bam</strong></span> <span class='ocrx_word' id='word_1_858' title='bbox 2343 5520 2634 5577; x_wconf 84' lang='lat' dir='ltr'><strong>mittunt?</strong></span> <span class='ocrx_word' id='word_1_859' title='bbox 2663 5520 2811 5587; x_wconf 87' lang='lat' dir='ltr'><strong>Quia</strong></span> <span class='ocrx_word' id='word_1_860' title='bbox 2852 5519 3015 5576; x_wconf 91' lang='lat' dir='ltr'><strong>illius</strong></span> <span class='ocrx_word' id='word_1_861' title='bbox 3067 5522 3172 5576; x_wconf 86' lang='lat' dir='ltr'><strong>viri</strong></span> <span class='ocrx_word' id='word_1_862' title='bbox 3235 5520 3503 5576; x_wconf 89' lang='lat' dir='ltr'><strong>nondum</strong></span> <span class='ocrx_word' id='word_1_863' title='bbox 3557 5520 3836 5575; x_wconf 89' lang='lat' dir='ltr'><strong>virtutem</strong></span> 
     </span>
    </p>
   </div>
   <div class='ocr_carea' id='block_1_118' title="bbox 2174 5611 3838 5685">
    <p class='ocr_par' dir='ltr' id='par_1_118' title="bbox 2174 5611 3838 5685">
     <span class='ocr_line' id='line_1_118' title="bbox 2174 5611 3838 5685; baseline -0.004 -16"><span class='ocrx_word' id='word_1_864' title='bbox 2174 5611 2637 5669; x_wconf 67' lang='lat' dir='ltr'><strong>noverantﬂuic</strong></span> <span class='ocrx_word' id='word_1_865' title='bbox 2670 5628 2789 5667; x_wconf 88' lang='lat' dir='ltr'><strong>non</strong></span> <span class='ocrx_word' id='word_1_866' title='bbox 2821 5617 3115 5685; x_wconf 86' lang='lat' dir='ltr'><strong>repugnat</strong></span> <span class='ocrx_word' id='word_1_867' title='bbox 3143 5612 3298 5684; x_wconf 78' lang='lat' dir='ltr'><strong>quod</strong></span> <span class='ocrx_word' id='word_1_868' title='bbox 3334 5611 3554 5667; x_wconf 85' lang='lat' dir='ltr'><strong>dicitur</strong></span> <span class='ocrx_word' id='word_1_869' title='bbox 3583 5611 3838 5664; x_wconf 74' lang='lat' dir='ltr'><strong>:«Nemo</strong></span> 
     </span>
    </p>
   </div>
   <div class='ocr_carea' id='block_1_119' title="bbox 2173 5698 3831 5772">
    <p class='ocr_par' dir='ltr' id='par_1_119' title="bbox 2173 5698 3831 5772">
     <span class='ocr_line' id='line_1_119' title="bbox 2173 5698 3831 5772; baseline -0.003 -13"><span class='ocrx_word' id='word_1_870' title='bbox 2173 5702 2367 5759; x_wconf 89' lang='lat' dir='ltr'><strong>bonus</strong></span> <span class='ocrx_word' id='word_1_871' title='bbox 2398 5702 2515 5761; x_wconf 89' lang='lat' dir='ltr'><strong>nisi</strong></span> <span class='ocrx_word' id='word_1_872' title='bbox 2542 5702 2704 5758; x_wconf 84' lang='lat' dir='ltr'><strong>solus</strong></span> <span class='ocrx_word' id='word_1_873' title='bbox 2738 5703 2890 5758; x_wconf 83' lang='lat' dir='ltr'><strong>Deus</strong></span> <span class='ocrx_word' id='word_1_874' title='bbox 2920 5700 2988 5753; x_wconf 62' lang='grc' dir='ltr'><strong>Μ.</strong></span> <span class='ocrx_word' id='word_1_875' title='bbox 3026 5724 3053 5751; x_wconf 86' lang='grc'><strong>››</strong></span> <span class='ocrx_word' id='word_1_876' title='bbox 3081 5703 3281 5772; x_wconf 83' lang='lat' dir='ltr'><strong>Neque</strong></span> <span class='ocrx_word' id='word_1_877' title='bbox 3315 5701 3475 5756; x_wconf 88' lang='lat' dir='ltr'><strong>enim</strong></span> <span class='ocrx_word' id='word_1_878' title='bbox 3500 5701 3613 5755; x_wconf 90' lang='lat' dir='ltr'><strong>hoc</strong></span> <span class='ocrx_word' id='word_1_879' title='bbox 3632 5698 3831 5769; x_wconf 87' lang='lat' dir='ltr'><strong>ipsum</strong></span> 
     </span>
    </p>
   </div>
  </div>
