4112 6480
310 421 416 479 191

1391 407 1808 472 ωϐυΜΕΝΙῙ
1851 409 2158 471 ΤΒῙΟΟιΕ
2200 411 2652 478 EPISCOPUS.

3619 413 3725 474 191

312 557 588 611 estDeum
607 553 798 607 solum
813 550 1034 604 bonum
1049 562 1178 602 esse
1194 544 1352 618 quod
1367 547 1556 602 virum
1571 546 1792 600 bonum
1808 561 1958 600 esse.

2110 544 2166 598 6v
2199 546 2360 614 εἶναι,
2417 547 2508 602 καὶ
2565 544 2736 619 ἄνδρα
2794 545 2999 621 ἀγαθὸν
3062 544 3356 625 ὑπάρχειν.
3408 545 3468 603 Ὀ
3500 545 3727 624 μὲνγὰρ

314 645 419 699 Ille
443 642 737 714 siquidem
759 644 969 692 natura
994 638 1187 692 bonus
1216 643 1325 703 est,
1349 652 1484 690 eum
1509 635 1870 707 principium
1901 649 1968 688 ac

311 733 445 789 fons
469 733 545 786 sit
566 731 857 784 bonorum
885 744 897 782 :
924 729 1011 781 vir
1033 733 1230 782 autem
1261 743 1380 781 non
1405 731 1616 780 natura
1640 725 1834 779 bonus
1858 729 1967 790 est,

315 822 416 879 sed
449 820 681 874 virtutis
713 817 1123 889 assumptione
1158 815 1336 870 habet
1380 821 1448 870 ut
1491 815 1680 869 bonus
1713 815 1810 870 sit.
1845 816 1969 867 Non

314 912 474 967 enim
507 909 863 980 simpliciter
893 907 1084 961 bonus
1116 896 1352 964 dicitur.
1389 903 1492 958 sed
1533 904 1622 958 vir
1659 904 1872 959 bonus.
1905 904 1971 957 In

315 1003 475 1059 hunc
506 1017 642 1072 ergo
677 1015 919 1054 sensum
951 997 1130 1053 etiam
1165 996 1313 1050 illud
1365 995 1674 1067 accipitur,
1708 1017 1735 1042 «
1774 995 1971 1048 Bonus

317 1092 493 1147 homo
524 1089 574 1124 9⁵
607 1110 631 1141 ι»
680 1095 740 1146 et
796 1112 824 1139 ‹‹
859 1090 1015 1161 Euge
1075 1103 1238 1143 serve
1289 1086 1444 1141 bone
1500 1089 1560 1140 et
1618 1082 1813 1139 ﬁdelis
1843 1083 1908 1149 ⁸⁸,
1946 1103 1966 1130 ι

314 1182 551 1253 aliaque
585 1180 679 1236 his
711 1179 954 1235 similia.

386 1273 425 1325 ‘I
439 1271 548 1326 08
577 1293 602 1318 ‹‹
628 1270 699 1326 Et
718 1267 995 1340 discipuli
1019 1267 1475 1323 nominarentur
1489 1264 1751 1337 primum
1767 1262 1975 1319 Antio-

323 1380 346 1409 ι
390 1360 538 1416 chiaa
569 1357 910 1414 Christiani.
942 1376 967 1406 ο

388 1479 557 1536 Pauli
589 1480 702 1534 hoc
734 1492 972 1550 quoque
1019 1476 1251 1532 facinus
1290 1475 1589 1549 egregium
1639 1473 1702 1528 in
1747 1477 1973 1529 tantam

324 1571 520 1628 efferri
555 1577 818 1626 meretur
849 1568 1278 1624 sublimitatem
1329 1572 1398 1622 ut
1433 1565 1681 1637 quodvis
1714 1565 1971 1637 signum.

319 1663 463 1718 Cum
497 1661 656 1716 enim
691 1666 810 1714 tam
839 1658 1008 1714 multi
1037 1658 1318 1713 essentin
1340 1655 1542 1711 Judaaa
1563 1655 1662 1726 qui
1688 1653 1972 1710 credidis-

320 1757 473 1818 sent,
497 1750 644 1804 nihil
675 1750 790 1805 tale
821 1750 1041 1804 factum
1065 1746 1287 1809 est,sed
1308 1746 1388 1800 ibi
1413 1745 1560 1801 ﬁdes
1583 1745 1644 1800 in
1675 1744 1974 1798 Christum

320 1846 413 1900 via
439 1843 766 1898 dicebatur.
799 1840 1239 1898 Advertendum
1271 1847 1466 1895 autem
1493 1837 1654 1910 quod
1681 1837 1755 1892 ob
1787 1836 1845 1891 id
1879 1852 1976 1908 po-

2075 638 2195 692 κατ¹
2226 637 2409 694 οὐσίαν
2455 639 2650 715 ἀγαθὸς
2709 639 2972 713 ὑπάρχει,
3027 637 3178 712 ἁρχὴ
3209 637 3298 691 καὶ
3333 639 3488 711 πηγὴ
3521 635 3592 690 ὢν
3630 642 3728 692 τῶν

2075 725 2312 801 ἀγαθῶνο
2347 729 2374 783 6
2407 725 2464 782 δὲ
2494 728 2630 799 ἀνὴρ
2677 728 2742 783 ού
2798 728 2916 782 κατ’
2949 726 3160 794 οὐσίαν,
3219 724 3346 780 ἀλλ’
3380 726 3431 779 ἐν
3465 723 3727 798 ἀναλήψει

2076 815 2272 889 ἀρετῆς
2301 811 2420 893 ἔχει
2475 819 2538 872 τὸ
2589 817 2792 891 ἀγαθὸν
2828 818 2986 874 εἶναι.
3020 817 3100 874 Οὐ
3154 815 3255 890 γὰρ
3291 816 3479 877 ἁπλῶς
3512 817 3726 892 ἀγαθὸς,

2077 902 2206 959 ἀλλ’
2236 907 2372 981 ἀνὴρ
2404 907 2619 980 ἀγαθός.
2653 907 2747 968 Εἰς
2775 911 2938 963 toﬁ-t0
2970 904 3064 960 οὖν
3090 903 3244 980 λήψῃ
3278 907 3478 971 καὶτὸ,
3502 930 3529 958 ‹‹
3565 908 3729 982 Ἀγα-

2077 995 2169 1056 θὸς
2225 995 2531 1070 ἅνθρωπος,
2569 1020 2595 1046 ››
2654 998 2744 1051 καὶ
2798 997 2884 1060 τὸ,
2945 1021 2971 1046 α
3008 996 3173 1068 Εὖγε,
3232 993 3398 1050 δοῦλε
3444 995 3605 1070 ἀγαθὲ
3649 993 3730 1048 καῖ

2077 1104 2118 1138 π
2207 1084 2224 1104 κ
2417 1085 2430 1105 \
2507 1085 2518 1101 ἴ
2632 1084 2654 1120 ,Ι
2821 1085 2830 1100 ν

2127 1104 2254 1152 ιστε,
2288 1110 2316 1136 ››
2347 1106 2433 1140 και
2466 1105 2533 1139 τα
2563 1105 2778 1147 τοδτοις
2800 1087 2991 1160 ὅμοια.

2153 1285 2181 1315 α
2213 1261 2565 1336 Χρηματίσαι
2619 1283 2678 1319 τε
2730 1268 2951 1340 πρῶτον
3003 1261 3057 1319 ἂν
3114 1261 3437 1344 Ἀντιοχείᾳ
3477 1261 3604 1323 τοὺς
3637 1283 3735 1334 μαι

2081 1374 2110 1402 ‹‹
2144 1352 2314 1422 θητᾶς
2344 1353 2718 1427 Χριστιανούς.
2751 1380 2778 1408 »

2154 1475 2374 1533 Παύλου
2431 1478 2521 1534 καὶ
2575 1483 2738 1535 τοῦτο
2793 1478 2857 1534 τὸ
2909 1477 3246 1553 κατόρθωμα
3329 1477 3407 1540 εἱς
3483 1481 3738 1532 τοσούτον

2082 1565 2276 1642 ἐπᾶραι
2325 1568 2462 1644 ὖψος
2519 1566 2703 1640 ὥσπερ
2764 1589 2816 1624 τι
2876 1574 3107 1641 σημεῖον
3164 1569 3228 1624 τὸ
3283 1564 3480 1640 ὄνομα.
3515 1568 3601 1624 Ἐν
3632 1567 3736 1643 γὰρ

2078 1660 2148 1730 τῇ
2225 1655 2462 1728 Ἰουδαίᾳ
2531 1657 2808 1713 τοσούτων
2883 1655 3050 1713 ὄντων
3127 1662 3235 1713 τῶν
3309 1658 3730 1727 πιστευσάντων,

2081 1743 2234 1801 οὐδὲν
2266 1752 2522 1802 τοιοῦτον
2564 1747 2807 1821 γέγονεν,
2865 1746 2997 1803 ἀλλ’
3057 1749 3109 1803 οἱ
3166 1754 3264 1816 τῆς
3323 1744 3453 1802 ὁδοῦ
3511 1744 3735 1815 ἤκουον.

2081 1838 2430 1907 Σημειωτὲον
2484 1833 2543 1890 δὲ
2599 1837 2683 1890 δτι
2744 1835 2834 1891 διὰ
2889 1840 3054 1892 τοῦτο
3107 1837 3388 1910 μᾶλλονὴ
3432 1836 3738 1916 Ἀντιόχεια

325 1934 623 1989 tissimum
642 1932 820 2006 digna
837 1931 1040 1988 habita
1053 1935 1144 1987 est
1160 1929 1472 1986 Antiochia
1489 1927 1628 1983 sede
1649 1934 1784 1998 poni
1797 1926 1973 1991 iﬁcia,

2109 1924 2284 1997 ιρόνου
2339 1925 2551 1996 ἠξιώθη
2621 1925 2979 2006 ἀρχοντικοῦ,
3053 1922 3240 1996 ἐπειδή
3327 1925 3436 1980 ἐκεῖ
3522 1929 3737 1999 πρῶτον

323 2024 608 2096 quoniam
639 2023 718 2077 ibi
751 2022 1015 2094 primum
1063 2026 1419 2086 statuerunt,
1453 2023 1520 2075 ut
1563 2016 1838 2089 discipuli
1870 2033 1981 2071 no—

324 2113 702 2171 minarentur
730 2111 1069 2168 Christiani.
1093 2112 1212 2167 Hoc
1234 2115 1432 2166 autem
1458 2125 1674 2164 nomen
1711 2106 1982 2163 multitu-

322 2205 450 2265 dini
483 2205 730 2262 deorum
761 2221 830 2260 ac
860 2204 1035 2260 varia
1068 2204 1129 2261 in
1158 2203 1280 2259 illis
1313 2202 1606 2259 divinitati
1636 2201 1978 2276 Opponitur.

934 2348 1166 2407 CAPUT
1203 2348 1375 2405 XVII.

330 2513 635 2586 PrOphetia
695 2513 873 2585 Αθαδί
929 2515 997 2570 de
1050 2513 1302 2584 generali
1335 2529 1438 2584 per
1488 2513 1671 2569 orbem
1729 2514 1879 2586 fame
1912 2517 1986 2586 _et

402 2582 994 2712 effmosyna'collecta
1022 2582 1175 2658 apud
1210 2582 1433 2656 fratres,
1467 2587 1565 2657 qui
1595 2590 1753 2640 erant
1782 2582 1983 2639 Antio-

403 2675 430 2715 ο
471 2674 564 2715 ue.

401 2752 498 2817 XI,
529 2754 597 2806 27
635 2753 722 2806 30.
761 2772 788 2802 α
820 2751 920 2806 His
968 2755 1168 2807 autem
1212 2749 1423 2806 diebus
1455 2752 1925 2821 supervenerunt
1954 2763 1989 2802 a

335 2864 357 2891 α
392 2842 775 2913 Jerosolymis
805 2842 1110 2913 propheta)
1159 2841 1573 2896 Antiochiam:
1623 2851 1992 2911 surgensque

335 2952 363 2981 ‹‹
395 2947 551 2986 unus
583 2932 827 2987 nomine
879 2931 1105 3004 Agabus
1162 2929 1534 3003 signiﬁcabat
1572 2945 1678 3001 per
1707 2927 1992 3000 Spiritum

337 3041 366 3069 ‹ι
397 3019 619 3076 famem
657 3036 933 3095 magnam
971 3020 1231 3075 futuram
1263 3020 1325 3075 in
1357 3019 1632 3075 universo
1663 3018 1826 3081 orbe,
1860 3033 1993 3088 qua)

340 3131 367 3159 ‹‹
403 3110 620 3166 accidit
651 3110 759 3166 sub
821 3109 1068 3166 Claudio
1126 3110 1376 3166 Cmsare.
1437 3107 1723 3180 Discipuli
1771 3112 1992 3172 autem,

346 3223 368 3250 α
402 3206 582 3272 prout
604 3201 818 3272 cuique
847 3200 1625 3272 suppetebat,decreverunt
1649 3197 1901 3270 quisque
1933 3197 1994 3252 in

2090 2012 2471 2096 ἐχρημάτισαν
2501 2016 2553 2070 οἱ
2588 2015 2826 2088 μαθηταὶ
2875 2015 3157 2079 καλεῖσθαι
3189 2013 3528 2090 Χριστιανοί.
3562 2016 3738 2071 Τοῦτο

2091 2100 2150 2159 δὲ
2176 2105 2239 2159 τὸ
2269 2100 2440 2179 ὄνομα
2469 2103 2765 2168 πολυθεΐας
2796 2105 2940 2161 ἐστὶν
2974 2104 3290 2162 ἀντίπαλον.

2716 2342 2981 2401 ΚΕΦΑΛ.
3023 2339 3120 2401 Ιτ.

2095 2501 2413 2583 Προῖητεία
2514 2499 2754 2583 Ἀγαέϐου
2799 2574 2810 2583 _
2856 2501 2988 2583 περί
3085 2501 3256 2583 λιμοῦ
3353 2500 3744 2583 olxooncvfaoﬁ,

2167 2571 2661 2656 καῖ’καρποφορία
2715 2574 2854 2651 πρὸς
2906 2571 3036 2638 τοὺς
3108 2571 3160 2632 ἐν
3213 2571 3541 2656 Ἀντιοχείᾲ
3595 2571 3748 2629 ἀδελ-

2171 2665 2323 2744 φοῦς.

2174 2758 2322 2814 «Ἐν
2375 2756 2594 2818 ταύταις
2648 2751 2706 2812 δὶ
2787 2759 2904 2818 ταῖς
2986 2757 3222 2830 ἡμέραις
3298 2751 3578 2824 κατῆλθον
3643 2751 3741 2807 ἀπὸ

2106 2869 2128 2900 ι
2160 2843 2560 2920 Ἰεροσολύμων
2619 2851 2893 2923 προφῆται
2955 2844 3032 2907 εἷς
3085 2842 3457 2919 Ἀντιόχειαν.
3501 2841 3752 2902 Ἀναστὰς

2102 2961 2129 2990 ι(
2161 2933 2218 2992 δὲ
2275 2937 2352 2999 εἷς
2407 2935 2458 3007 ἐξ
2515 2936 2692 2992 αὐτῶν
2751 2937 2980 3009 ὀνόματι
3039 2929 3301 3011 Ἄγαϐος,
3386 2933 3616 3007 ἐσήμαινε
3671 2929 3752 2986 διὰ

2103 3051 2132 3079 ‹‹
2165 3031 2261 3082 τοῦ
2315 3026 2654 3100 Ιινεύματος,
2715 3024 2880 3097 λιμὸν
2943 3023 3105 3100 μέγαν
3167 3022 3403 3097 μέλλειν
3433 3018 3638 3080 ἔσεσθαι
3677 3021 3751 3098 ἐφ’

2107 3140 2137 3170 «ι
2168 3114 2306 3186 ὅλην
2337 3117 2436 3184 τήν
2485 3117 2840 3189 οἱκουμένην,
2896 3114 3046 3178 ὅστις
3092 3115 3183 3169 καὶ
3213 3113 3432 3192 ἐγένετο
3461 3113 3544 3168 ἐπὶ
3577 3110 3753 3169 Κλαυ-

2113 3204 2286 3261 ιδίου
2345 3205 2636 3280 Καίσαρος.
2694 3209 2817 3262 Τῶν
2877 3203 2935 3261 δὲ
2995 3205 3253 3276 μαθητῶν
3333 3204 3520 3266 καθὼς
3587 3201 3758 3270 ηὐπο-

334 3311 355 3339 ι
392 3289 724 3345 subsidium
755 3289 989 3345 mittere
1023 3289 1430 3345 habitantibus
1459 3289 1520 3344 in
1550 3287 1752 3343 Judaea
1785 3285 1979 3340 fratri-

2109 3320 2124 3350 ι
2157 3296 2303 3372 ρεῖτό
2360 3317 2467 3366 τις,
2525 3293 2725 3371 ὥρισαν
2811 3291 3034 3356 ἕκαστος
3104 3293 3279 3349 αὐτῶν
3339 3294 3426 3355 εἷς
3483 3290 3759 3348 διακονίαν.

328 3400 358 3429 ‹‹
393 3378 503 3434 bus
529 3395 543 3435 :
578 3379 737 3451 quod
766 3384 825 3432 et
855 3378 1144 3445 fecerunt,
1163 3379 1468 3432 mittentes
1498 3376 1572 3433 ad
1603 3375 1983 3450 presbyteros

338 3491 366 3518 α
400 3483 506 3542 per
535 3485 784 3525 manum
810 3467 1093 3525 Barnabas
1124 3484 1193 3525 ac
1223 3467 1406 3524 Sauli.
1441 3487 1472 3516 ι»

411 3687 539 3742 Non
571 3690 662 3740 est
686 3684 828 3741 huic
853 3684 1217 3743 contrarium
1249 3684 1406 3757 quod
1428 3702 1464 3742 a
1491 3685 1739 3741 Domino
1769 3682 1997 3740 dictum

342 3781 434 3832 est
456 3791 471 3830 :
499 3797 521 3823 σι
551 3775 662 3830 Lex
681 3782 736 3829 et
760 3774 1062 3848 prOphetas
1079 3774 1123 3810 9"
1150 3798 1175 3824 ι»
1198 3792 1389 3847 usque
1412 3775 1483 3831 ad
1505 3777 1816 3831 Joannem.
1853 3776 1997 3831 Nam

339 3867 451 3923 hoc
475 3865 549 3922 de
578 3866 700 3921 illis
757 3865 989 3921 dixerat
1040 3867 1346 3939 prophetis
1385 3867 1485 3938 qui
1517 3867 1648 3937 ejus
1679 3864 1997 3921 adventum

343 3957 760 4030 praedixerant.
797 3957 880 4013 Ne
930 3959 1110 4030 igitur
1139 3958 1212 4013 ob
1261 3957 1321 4013 id
1372 3957 1753 4030 postmodum
1780 3956 1998 4012 factam

344 4063 473 4103 esse
487 4048 707 4104 famem
721 4045 2001 4118 zestimarent,quodsubintroissetChristia—

345 4137 600 4203 nismus,
633 4137 904 4207 praedicit
933 4135 1099 4190 illam
1131 4135 1388 4206 Spiritus
1428 4141 1690 4191 sanctus.
1744 4135 1863 4189 Hoc
1893 4150 2000 4189 au-

347 4232 467 4282 tem
500 4230 559 4279 et
615 4225 880 4278 Christus
939 4223 1296 4295 praedixerat
1336 4223 1416 4278 9‘:
1478 4240 1597 4278 non
1631 4222 1790 4294 quod
1840 4221 1900 4277 id
1927 4221 2001 4277 ab

345 4316 517 4373 initio
552 4313 680 4369 ﬁeri
713 4315 1059 4385 oportuerit.
1095 4314 1198 4370 sed
1252 4319 1494 4385 propter
1524 4313 1699 4377 mala,
1732 4328 1863 4383 quae
1895 4311 1998 4366 ad-

345 4421 550 4460 versus
580 4404 881 4476 apostolos
914 4404 1157 4460 ﬁebant.
1193 4404 1570 4476 Longanimis
1603 4403 1843 4476 quidem
1875 4409 2006 4459 erat

347 4501 522 4564 Deus,
554 4512 758 4553 verum
780 4513 916 4552 cum
942 4495 1194 4552 nimium
1222 4501 1520 4568 urgerent,
1541 4511 1757 4567 magna
1787 4495 2007 4551 accidit

351 4589 559 4656 fames,
618 4587 837 4643 Judaais
892 4587 1094 4643 futura
1147 4587 1466 4659 designans
1525 4587 1701 4642 mala.
1757 4585 1923 4652 Quod
1954 4585 2002 4642 si

2110 3411 2130 3437 ι
2166 3388 2379 3459 πεμψαι
2410 3391 2526 3448 τοῖς
2575 3389 2923 3440 κατοικοῦσιν
2983 3383 3036 3439 ἰν
3097 3386 3167 3456 τῇ
3227 3379 3474 3453 Ἰουδαίᾳ
3501 3377 3746 3455 ἀδελφοῖς

2106 3495 2135 3524 ‹‹
2167 3471 2196 3526 ὃ
2226 3470 2317 3525 καὶ
2347 3469 2633 3538 ἐποίησαν,
2691 3468 3106 3530 ἀποστείλαντες
3165 3469 3303 3543 πρὸς
3366 3467 3497 3530 τοὺς
3533 3458 3758 3541 πρεσϐυ-

2108 3587 2136 3616 ‹‹
2169 3564 2359 3640 τέρους
2387 3559 2477 3620 διὰ
2506 3561 2694 3638 χειρὸς
2729 3555 2978 3635 Βαρνάϐα
3010 3561 3104 3616 καὶ
3135 3559 3390 3620 Σαύλου.
3426 3586 3454 3613 ››

2179 3689 2296 3746 Οὔκ
2325 3681 2467 3746 ἔστιν
2501 3686 2737 3743 ἐναντίον
2766 3685 2945 3761 τούτῳ
2989 3686 3051 3743 τὸ
3112 3686 3214 3742 ὑπὸ
3246 3689 3342 3741 τοῦ
3384 3685 3588 3760 Κυρίου
3618 3681 3762 3757 εἴρη-

2113 3781 2295 3854 μὲνον’
2331 3805 2356 3831 (ι
2389 3779 2447 3834 '0
2504 3780 2677 3853 νόμος
2731 3777 2820 3832 καὶ
2879 3777 2934 3832 οἳ
2990 3782 3267 3857 προφῆται
3298 3800 3326 3826 ››
3355 3773 3469 3838 ἕως
3499 3775 3759 3830 Ἰωάννου.

2107 3874 2287 3930 Τοῦτο
2340 3869 2442 3948 γὰρ
2500 3869 2626 3944 περὶ
2687 3867 2907 3925 ἐκείνων
2967 3869 3102 3945 φησὶ
3161 3871 3267 3923 τῶν
3327 3871 3632 3945 προφητῶν
3665 3867 3762 3918 τῶν

2108 3963 2209 4031 τήν
2267 3957 2565 4033 παρουσίαν
2626 3958 2796 4014 αὐτοῦ
2849 3957 3461 4036 προαναφωνησαντιυν.
3523 3959 3636 4011 ’Ίνα
3674 3948 3762 4009 οὖν

2115 4051 2192 4126 μὴ
2253 4048 2550 4121 νομίσωσιν
2613 4048 2696 4102 δτι
2752 4043 2842 4102 διὰ
2872 4050 3038 4100 τοῦτο
3091 4045 3121 4101 ὁ
3180 4044 3347 4117 λιμὸς
3409 4044 3653 4123 γέγονεν,
3687 4041 3766 4096 δτι

2112 4138 2535 4210 Χριστιανισμὸε
2571 4133 2813 4207 εἰσῆλθε,
2855 4134 3117 4211 προλέγει
3158 4135 3220 4190 τὸ
3252 4139 3475 4208 Πνεῦμα
3502 4135 3565 4189 τὸ
3595 4135 3770 4210 ἅγιον.

2113 4231 2291 4287 Τοῦτο
2351 4225 2408 4281 δὲ
2464 4225 2553 4280 καὶ
2582 4226 2610 4281 ὁ
2642 4226 2874 4300 Χριστὸς
2928 4227 3210 4294 προεῖπεν,
3242 4223 3344 4278 οὐκ
3388 4221 3579 4294 ἐπειδὴ
3613 4226 3769 4276 τοῦτο

2113 4316 2165 4388 ἐξ
2195 4317 2378 4397 ἀρχῆς
2405 4319 2650 4391 γενεσθαι
2706 4308 2841 4384 ἔδει,
2903 4313 3049 4370 ἀλλὰ
3109 4312 3201 4369 διὰ
3256 4313 3324 4368 τὰ
3382 4313 3527 4370 κακὰ
3575 4312 3643 4368 τὰ
3693 4309 3768 4370 εἷς

2112 4405 2240 4468 τοὺς
2271 4403 2614 4467 ἀποστόλους
2645 4405 2930 4481 γενόμενα.
2992 4403 3089 4458 Καὶ
3147 4399 3528 4478 ὶμακροθύμει
3563 4404 3590 4458 6
3621 4399 3769 4461 Θιός·

2116 4496 2191 4558 ὡς
2247 4491 2304 4550 δὲ
2356 4492 2643 4560 ἐνέκειντο,
2701 4492 2868 4566 λιμὸς
2911 4491 3076 4568 μίγας
3131 4491 3362 4567 γίνεται,
3411 4491 3633 4566 μηνύων
3661 4491 3774 4550 τοῖς

2109 4582 2396 4646 Ἰουδαίοις
2451 4584 2518 4639 τὰ
2575 4583 2808 4656 ἰσόμενα
2861 4583 3021 4639 κακά.
3080 4581 3146 4641 El.
3203 4579 3261 4637 ὂὶ
3319 4579 3390 4636 δι’
3449 4581 3642 4641 αὐτοὺς
3679 4577 3770 4656 ἦν,

349 4685 592 4752 propter
620 4679 764 4734 istos
795 4679 1068 4744 fuissent,
1118 4677 1480 4750 oportuisset
1520 4678 1717 4750 potius
1747 4683 1806 4733 et
1835 4677 1989 4732 illam

2109 4670 2217 4734 ἔδει
2249 4677 2465 4735 παντως
2520 4674 2612 4728 καὶ
2671 4668 2802 4728 ὅντα
2857 4671 3183 4729 παύσασθαι.
3241 4669 3626 4743 Εύδοκιμῆσαι
3668 4666 3771 4741 γὰρ

352 4787 482 4840 quae
515 4775 641 4826 erat
667 4785 922 4826 cessare.
958 4770 1102 4824 Nam
1137 4769 1322 4841 magis
1371 4767 1601 4824 laudari
1633 4767 1999 4835 debuissent,

351 4860 453 4929 qui
481 4859 639 4930 quod
671 4876 846 4915 suum
877 4865 1001 4914 erat
1031 4858 1348 4924 faciebant,
1377 4859 1600 4929 nempe
1631 4856 2003 4920 occidebant.

356 4949 511 5002 104
544 4948 893 5018 puniebant,
944 4948 1309 5007 cruciabant.
1367 4947 1636 5018 undique
1684 4962 2006 5018 perseque-

351 5037 588 5092 bantur.
622 5038 940 5107 Propterea
969 5054 1106 5109 ergo
1136 5037 1316 5108 pestis
1336 5037 1491 5092 facta
1521 5043 1630 5098 est,
1664 5052 2007 5108 quanquam

355 5127 557 5183 miseri
581 5143 700 5180 non
721 5126 1164 5198 intelligebant:
1187 5133 1245 5181 et
1264 5125 1782 5197 compatiebantur
1801 5125 1924 5181 illis
1947 5125 2010 5179 in

358 5216 471 5273 hoc
499 5215 839 5270 Christiani.
875 5215 1315 5270 Advertemlum
1348 5222 1438 5270 est
1477 5215 1635 5286 quod
1667 5216 1845 5270 etiam
1876 5229 2012 5286 pre-

357 5306 730 5376 sbyterorum
785 5305 1130 5377 dignitatem
1184 5305 1485 5361 habebant
1535 5304 1811 5376 apostoli.
1863 5303 2012 5358 Aliis

355 5411 594 5466 quoque
625 5395 920 5467 capitibus
951 5395 1351 5467 signiﬁcatum
1401 5400 1492 5450 est
1540 5393 1700 5467 quod
1730 5393 2011 5450 diacono-

357 5500 492 5542 rum
528 5491 586 5541 et
614 5486 1032 5561 episcoporum
1062 5487 1310 5558 gradum
1341 5486 1660 5545 habebant.

430 5739 480 5776 ’⁵
512 5740 717 5801 Matth.
754 5755 857 5811 xu,
886 5743 975 5797 35.
1054 5740 1100 5776 ³⁸
1130 5741 1330 5800 Matth.
1365 5757 1495 5811 xxv,
1527 5741 1621 5811 21,
1652 5737 1741 5796 23.

2117 4764 2331 4838 μᾶλλον
2392 4765 2564 4844 ἐχρῆν
2625 4763 2824 4824 αὐτοὺς
2882 4762 2966 4817 ὅτι
3024 4763 3085 4816 τὸ
3143 4762 3322 4818 αὐτῶν
3385 4760 3628 4825 ἐποίουν,
3683 4758 3776 4812 ἀν-

2113 4854 2302 4930 ῄρουν,
2363 4851 2647 4923 ἒκόλαζον,
2725 4851 3055 4924 ἐτιμώρουν,
3132 4851 3472 4926 πανταχόθεν
3531 4846 3774 4904 ἐδίωκον.

2118 4948 2216 4999 Δια
2269 4946 2431 4999 τοῦτο
2484 4942 2664 4996 τοίνυν
2719 4941 2808 4996 καὶ
2869 4941 2897 4995 ὁ
2957 4939 3121 5013 λιμὸς
3173 4942 3409 5016 γέγονεν,
3472 4939 3519 4994 εἰ
3575 4936 3666 4992 καὶ
3712 4932 3772 4989 ού

2118 5039 2352 5101 συνῆκαν
2421 5031 2474 5086 οἱ
2553 5030 2805 5098 τᾶλανες,
2889 5031 2978 5084 καὶ
3059 5029 3400 5104 συνέπασχον
3462 5029 3647 5086 αὐτοῖς
3704 5022 3778 5085 εἰς

2116 5125 2278 5176 τοῦτο
2325 5121 2377 5175 οἱ
2435 5119 2775 5195 Χριστιανοί.
2837 5120 3188 5192 Σημειωτέοι
3251 5117 3336 5174 ὅτι
3368 5119 3458 5172 καὶ
3490 5110 3780 5188 πρεσϐυτέ-

2120 5232 2229 5287 ρων
2283 5211 2436 5287 εἶχον
2496 5211 2642 5282 ἀξίαν
2703 5212 2755 5266 οἱ
2814 5205 3136 5269 απὸστολοι.
3199 5211 3302 5268 Καὶ
3354 5209 3443 5265 ἐπὶ
3496 5205 3680 5262 ἄλλων
3723 5199 3781 5255 δὶ

2117 5301 2431 5379 κεφαλαίων
2465 5303 2835 5375 σεσημείωται
2893 5302 2978 5360 ὅτι
3036 5299 3296 5358 διακόνων
3347 5300 3434 5356 καὶ
3469 5297 3779 5355 ἰπισκόπων

2123 5391 2278 5468 εἶχον
2313 5393 2418 5468 βαθ
2427 5391 2548 5466 μόν.

1821 5740 1862 5776 ⁸⁷
1894 5739 2101 5798 Matth.
2135 5757 2200 5808 ιι,
2236 5743 2322 5796 l2.
2401 5737 2453 5774 9⁸
2482 5739 2685 5796 Matth.
2713 5755 2866 5809 xxxv,
2900 5741 2951 5793 7.
