4112 6416
402 383 512 442 193

1025 511 1294 569 ΚΕΦΔΛ.
1347 509 1462 571 ῙΙΓ.

396 613 665 680 Ἰακώϐου
722 623 852 693 Ατοῦ
933 616 1248 693 ἆποστᾷλου
1322 621 1664 693 κατασφαγη·
1742 616 1798 675 ἐν
1871 617 1918 692 ᾧ
1954 618 2073 693 ΔΠέ-

467 713 603 768 τρου
672 689 968 768 σῦλληψις
1039 687 1197 780 πρόςκ
1238 687 1535 780 'l-lcdidoo",
1581 687 1732 780 ὅπως
1785 711 1844 745 τε
1889 687 2070 780 ἀὐτὸν

477 767 490 780 .
584 763 609 780 ν
711 762 733 780 ς
884 769 909 780 ..
954 765 967 780 ,
1547 764 1567 780 .
1608 764 1620 780 ,
1856 766 1884 779 η
2002 777 2008 780 .

472 761 515 820 6'
576 762 822 852 ἄγγελος
853 761 1016 852 θίξείῳ
1054 761 1440 852 "uela-39911:
1472 834 1486 852 ‘
1518 761 1752 852 ἐξείλετο
1817 766 1925 817 τῶν
1992 761 2075 852 6’s-

476 834 672 908 σμιῖνίξ
727 836 827 890 Καὶ
899 838 926 892 6
959 834 1203 926 ,ξιξτρος
1279 834 1528 921 ἐμφανὴς
1568 836 1918 926 ’γενόμενος’
1975 834 2072 926 v6;-

474 905 623 984 κτωρ
723 915 844 970 τοῖς
949 905 1229 987 ἀδελφοῖς,
1310 905 1782 987 ’ὑξπανεχώρησεὼ
1861 907 1949 987 ᾚν
2024 906 2070 977 ᾧ

473 977 606 1051 περῖ
660 987 761 1047 τῆς
818 983 932 1034 τῶν
984 977 1243 1051 φυλάκων
1288 977 1608 1051 κολάσεως,
1640 979 1731 1034 καὶ
1783 977 2072 1051 μετέπειτα

472 1041 598 1125 περῖ
669 1041 768 1120 vi:
836 1055 936 1106 τοῦ
1003 1045 1232 1112 ἀσεϐοῦς
1295 1041 1806 1124 Ἡρώδου’πικρᾶς
1868 1069 1928 1104 τε
1977 1049 2069 1105 καὶ

470 1123 737 1200 ὀλεθρίου
762 1130 1170 1200 καταστροφῆς.

471 1257 502 1283 ι(
540 1232 676 1287 Κατ’
734 1231 935 1286 ἐκεῖνον
998 1227 1056 1284 δὲ
1112 1229 1205 1284 τὸν
1261 1231 1453 1305 καιρὸν
1510 1224 1774 1286 ἐπέϐαλεν
1815 1225 2072 1303 Ἡρώδης

402 1347 431 1374 ιι
460 1323 493 1376 6
534 1319 792 1394 βασιλεὺς
849 1320 946 1381 τὰς
993 1326 1181 1395 χεῖρας
1237 1319 1484 1375 κακῶσαί
1514 1340 1660 1383 τινας
1690 1323 1798 1375 τῶν
1830 1317 1937 1373 ἀπὸ
1968 1325 2068 1387 τῆς

395 1436 424 1463 ιι
461 1409 821 1480 Ἐκκλησίας.
863 1433 889 1460 ι)

469 1503 714 1556 Ἐκεῖνον
755 1498 946 1573 καιρόν
979 1520 1112 1576 φησι
1165 1500 1258 1554 τὸν
1310 1497 1400 1554 ἐπὶ
1460 1495 1738 1554 Κλαυδίου
1772 1496 2066 1571 Καίσαρος.

400 1590 566 1644 Γάϊος
623 1589 985 1663 αὐτοκράτωρ
1039 1587 1328 1661 Ῥωμαίων
1408 1588 1716 1663 ’Δγρίππαν
1778 1587 2068 1658 καθίστησι

412 1678 637 1753 βασιλέα
694 1682 798 1749 τῆς
851 1675 1141 1747 Ἰουδαίας,
1198 1679 1290 1733 τὸν
1347 1675 1602 1752 Ἡρώδην
1674 1677 1933 1752 ἐξωρίσας
1998 1674 2067 1731 δι’

423 1769 755 1848 αἷσχρᾶτητα
793 1769 917 1845 βίου
951 1768 1004 1834 ἐς
1053 1767 1382 1847 Λουγδοῦνῳ
1439 1775 1538 1838 τῆς
1597 1767 1840 1830 Γαλλίας
1870 1768 1963 1823 σὺν
1996 1771 2067 1842 τῇ

424 1859 624 1935 γυναικῖ
673 1854 1000 1932 Ἡρωδιάδι.
1063 1857 1237 1921 Οὗτός
1300 1856 1444 1913 ἐστιν
1501 1859 1528 1912 6
1581 1857 1720 1913 κατᾶ
1773 1858 1836 1913 τὸ
1896 1857 2069 1920 πάθος

415 1951 508 2002 τοῦ
558 1947 761 2020 Κυρίου
823 1946 1170 2022 βασιλεύσας,
1243 1947 1318 2008 ὡς
1397 1948 1604 2022 ἱστορεῖ
1672 1947 1940 2017 Ἰώσηπος
2007 1945 2059 2002 ἐν

407 2040 484 2109 τῷ
543 2034 999 2110 ὀκτωκαιδεκάτῳ
1061 2035 1215 2114 λόγῳ
1271 2044 1372 2106 τῆς
1452 2034 1909 2115 Ἀρχαιολογίας,
1970 2036 2061 2092 καὶ

401 2123 669 2192 Εὐσέϐιος
697 2127 748 2183 ἐν
796 2134 875 2201 τῷ
934 2126 1171 2204 δευτέρῳ
1230 2127 1381 2205 λόγῳ
1436 2129 2062 2200 τῆςἘκκλησιαστικῆς

394 2217 671 2292 ἱστορίας.
703 2218 773 2274 Ἦ
831 2218 924 2272 οῦν
980 2215 1244 2296 διαφωνῗα
1315 2221 1412 2273 τοῦ
1495 2217 1762 2291 ὀνόματος
1842 2217 2064 2280 ἐνταῦθα

391 2307 457 2362 τὸ
510 2303 700 2384 λέγειν
759 2306 878 2362 ἀντὶ
942 2307 1219 2384 Ἀγρίππα
1273 2304 1552 2382 Ἠρώδήν,
1595 2309 1631 2379 ἢ
1673 2305 2065 2380 κατάσφαλμα,

393 2397 471 2458 ὡς
541 2395 692 2458 εἰκὸς
787 2396 1052 2476 γραφικὸν
1144 2398 1381 2473 γέγονεν,
1447 2395 1482 2465 ἢ
1552 2395 1689 2452 κατᾶ
1765 2392 2063 2469 διωνυμίαν

397 2486 645 2559 εἴρηκεν,
716 2484 830 2540 ἐπεὶ
893 2486 983 2541 καὶ
1051 2485 1080 2540 6
1147 2486 1350 2561 χρόνος
1413 2485 1503 2541 καὶ
1570 2486 1624 2540 αἱ
1691 2486 1910 2562 πράξεις
1975 2485 2066 2539 τὸν

397 2576 566 2631 αὐτὸν
597 2572 936 2630 δεικνύουσιν
966 2575 1273 2650 Ἀγρίππαν
1311 2573 1399 2631 ἐπὶ
1453 2572 1735 2632 Κλαυδίου
1770 2575 2064 2651 Καίσαρος,

395 2667 458 2729 ’ὸς
493 2667 634 2738 μετᾶ
671 2671 826 2720 Γαῖον
857 2663 1072 2739 γέγονεν
1103 2665 1480 2739 αὐτοκράτωρ.

471 2781 500 2807 η
536 2753 756 2811 Ἀνεῖλε
805 2752 862 2810 δὲ
905 2750 1166 2811 Ἰάκωϐον
1221 2756 1316 2811 τὸν
1373 2752 1607 2835 ἀδελφὸν
1666 2756 1920 2812 Ἰωάννου
1961 2776 2068 2829 μα-

398 2871 428 2899 σι
469 2847 670 2921 χαίρᾳ.
734 2845 830 2900 Καὶ
890 2842 1019 2900 ἰδὼν
1065 2844 1148 2900 ὅτι
1210 2845 1434 2920 ἀρεστόν
1463 2843 1575 2901 ἐστι
1606 2851 1724 2907 τοῖς
1758 2843 2064 2916 Ἰουδαίοις,

400 2961 428 2987 α
462 2934 765 3011 προσέθετο
825 2931 1122 2990 συλλαϐεῖν
1177 2935 1267 2990 καὶ
1327 2934 1548 3009 Πέτρον.
1603 2940 1770 2990 Ἦσαν
1818 2932 1875 2990 δὲ
1923 2935 2066 3007 ἡμὲ-

401 3051 428 3080 α
461 3047 558 3101 ραι
590 3031 703 3081 τῶν
735 3024 982 3099 ἀζύμων.
1043 3032 1138 3083 Ὃν
1195 3023 1284 3081 καί
1337 3026 1556 3096 πιάσας,
1599 3020 1748 3082 ἔθετο
1782 3024 1858 3088 εἷς
1892 3023 2068 3106 φυλα·

409 3139 429 3165 ι
460 3117 590 3186 κήν.
630 3139 660 3168 ››

467 3208 590 3262 Ἵνα
649 3205 758 3280 γὰρ
819 3201 1012 3278 μηδεὶς
1071 3202 1204 3280 λέγῃ
1264 3203 1350 3261 ὅτι
1408 3201 1498 3260 διὰ
1546 3209 1712 3261 τοῦτο
1764 3200 2065 3266 ἀκινδύνως

400 3296 492 3350 καὶ
551 3292 727 3355 ἀδεῶς
786 3292 1176 3369 κατατολμῶσι
1229 3297 1326 3349 τοῦ
1385 3292 1634 3366 θανάτου,
1691 3295 1782 3350 ἅτε
1830 3293 2063 3368 ἐξαρπά-
2095 3264 2138 3330 C

403 3391 592 3453 ζοντος
654 3383 852 3444 αὐτοὺς
909 3386 1011 3438 τοῦ
1067 3387 1221 3453 Θεοῦ,
1277 3380 1368 3438 διὰ
1430 3383 1592 3439 τοῦτο
1646 3388 1932 3462 συγχωρεῖ
1977 3382 2066 3438 καὶ

405 3475 761 3547 ἀναιρεθῆναι
819 3472 911 3527 καὶ
965 3472 1095 3534 τοὺς
1178 3472 1533 3552 κορυφαίους,
1608 3474 1812 3536 πείθων
1870 3473 2066 3536 αὐτοὺς

408 3563 539 3623 τοὺς
593 3563 972 3638 ἀναιροῦντας,
1027 3560 1113 3618 ὅτι
1154 3558 1279 3617 οὐδὲ
1335 3565 1502 3618 ταῦτα
1549 3560 1842 3638 ἀφίστησιν
1868 3563 2066 3624 αὐτοὺς

414 3654 504 3706 καὶ
536 3653 764 3708 κωλύει.

502 3766 531 3791 ιι
565 3741 833 3813 Παραδοὺς
891 3743 1145 3818 τέσσαρσι
1197 3740 1501 3818 τετραδίοις
1560 3749 1908 3818 στρατίωτῶν
1967 3766 2070 3823 φυ-

437 3855 466 3881 α
500 3828 704 3886 λάσαειν
727 3834 908 3898 αὐτὸν,
947 3831 1283 3908 βουλόμενος
1337 3833 1471 3906 μετᾶ
1529 3833 1592 3889 τὸ
1653 3834 1844 3909 Πάσχα
1873 3832 2066 3910 ἀναγα-

427 3929 592 3996 σιγεῖν
622 3923 776 3977 αὐτὸν
833 3928 914 3996 τῷ
973 3922 1110 3996 λαῷ.
1169 3925 1231 3980 Ὀ
1292 3923 1387 3995 μὲν
1445 3919 1538 3978 οῦν
1589 3922 1787 3998 Πέτρος
1819 3923 2068 3997 ἐτηρεῖτο

417 4040 444 4065 ‹‹
475 4013 530 4068 ἐν
557 4017 624 4085 τῇ
658 4013 898 4089 φυλακῇ·
954 4013 1236 4091 προσευχή
1298 4011 1356 4067 δὲ
1410 4013 1478 4082 ἦν
1528 4011 1747 4083 ἐκτενὴς
1805 4015 2067 4088 γινομένη

413 4127 439 4158 α
477 4105 585 4158 ὑπὸ
643 4110 748 4171 τῆς
804 4100 1134 4172 Ἑκκλησίας
1194 4102 1330 4177 πρὸς
1387 4103 1479 4158 τὸν
1536 4103 1665 4158 Θεὸν
1721 4103 1855 4177 ὑπὲρ
1882 4103 2068 4159 αὐτοῦ.

405 4219 436 4245 κ
469 4195 599 4251 Ὀτε
659 4189 718 4246 δὲ
774 4187 1005 4264 ἔμελλεν
1064 4191 1224 4248 αὐτὸν
1278 4192 1538 4269 προάγειν
1597 4193 1626 4247 6
1675 4188 1950 4267 Ἡρώδης,
2000 4195 2070 4267 τῇ

409 4308 438 4338 ει
468 4283 632 4338 νυκτὶ
663 4281 836 4355 ἐκείνῃ
888 4283 954 4352 ἦν
1016 4283 1044 4338 6
1105 4281 1307 4357 Πέτρος
1365 4283 1713 4356 κοιμώμενος
1748 4283 1944 4355 μεταξὺ
1973 4279 2072 4338 δύο

407 4378 849 4450 «στρατιωτῶν,
909 4369 1192 4447 δεδεμένος
1247 4371 1469 4428 ἁλύσεσι
1529 4368 1670 4426 δυσί·
1730 4369 1968 4449 φύλακές
2014 4393 2074 4428 τε

407 4489 435 4516 ιι
470 4465 587 4538 πρὸ
617 4469 724 4533 τῆς
753 4462 915 4538 θύρας
947 4461 1176 4538 ἐτήρουν
1210 4462 1310 4531 τήν
1370 4459 1637 4540 φυλακήν.
1692 4459 1788 4516 Καὶ
1826 4457 1948 4516 ἰδοὺ
1973 4460 2073 4539 ἅγο

410 4579 432 4605 ι
467 4551 644 4630 γελος
702 4552 904 4626 Κυρίου
984 4552 1206 4624 ἐπέστη,
1265 4552 1356 4607 καὶ
1415 4557 1532 4630 φῶς
1590 4545 1832 4625 ἔλαμψεν
1887 4551 1939 4606 ἐν
1994 4555 2074 4624 τῷ

1478 376 1898 449 ωῠΗΜΕΝΙΙ
1946 375 2252 444 ΤΒΙΟΟιΕ
2293 367 2750 445 ΕΡῙΒΟΟΡΠΞ.

2096 539 2152 607 Α

3717 387 3831 446 104

2766 512 3000 570 CAPUT
3035 511 3235 572 XVIII.

2176 620 2635 698 Jacobiiapostoli
2665 625 3054 696 interemptio:
3112 629 3170 680 in
3228 644 3337 698 quo
3382 637 3650 686 narratur
3681 632 3836 687 Petri

2249 694 2562 773 ab_Her_ode
2592 694 3038 773 compreheivsio:
3101 706 3152 773 et
3209 694 3480 770 quomodo
3520 703 3701 773 ipsum
3729 721 3831 759 αη-

2248 765 2400 834 gelus
2429 769 2620 822 divino
2643 765 2806 838 jussu
2858 786 2893 824 a
2951 772 3183 826 vinculis
3222 765 3489 829 liberavit
3515 765 3611 830 fet
3635 776 3832 830 Petrus

2248 838 2344 912 ubi
2397 841 2671 906 fratribus
2723 847 2891 896 noctu
2951 846 3316 912 apparuisset.
3368 847 3507 900 clam
3537 847 3828 903 discessit:

2250 909 2306 962 in
2339 926 2447 980 quo
2476 919 2746 966 narratur
2789 920 2843 967 et
2895 915 2961 967 de
2984 909 2997 912 “
3016 909 3226 970 ultione
3256 917 3538 971 custodum
3567 927 3618 974 et
3647 935 3829 974 conse-

2249 988 2478 1062 quenter
2507 983 2574 1038 de
2602 986 2765 1054 ἀνηριί
2792 986 3022 1040 Herodis
3068 990 3268 1042 misera
3317 990 3619 1061 acerbaque
3641 990 3832 1062 perdi-

2248 1053 2412 1109 tione.

2248 1251 2370 1318 XII,
2406 1257 2454 1308 1.
2489 1277 2516 1304 ‹‹
2551 1255 2772 1312 Eodem
2804 1263 3003 1313 autem
3037 1263 3302 1331 tempore
3335 1260 3542 1332 injecit
3573 1262 3832 1321 Herodes

2175 1362 2204 1391 «
2239 1357 2340 1396 rex
2373 1359 2606 1413 manus,
2639 1351 2705 1400 ut
2733 1346 3025 1420 afﬂigeret
3055 1350 3345 1420 quosdam
3379 1351 3453 1406 de
3482 1352 3766 1410 Ecclesia.
3802 1376 3830 1405 »

2245 1521 2498 1592 Tempus
2519 1522 2665 1579 illud
2689 1524 2836 1580 dicit
2857 1527 3017 1598 quod
3040 1533 3166 1584 erat
3183 1531 3291 1584 sub
3314 1530 3558 1587 Claudio
3579 1534 3830 1592 Cmsare.

2174 1607 2347 1663 Caius
2373 1609 2696 1683 imperator
2725 1615 3124 1671 Romanorum
3182 1618 3498 1690 Agrippam
3523 1621 3835 1676 constituit

2174 1697 2389 1754 Iudam:
2417 1717 2638 1773 regem,
2675 1704 2900 1760 Herode
2943 1707 3016 1761 ob
3062 1707 3193 1763 vitae
3228 1710 3657 1781 turpitudinem
3687 1714 3833 1787 Lug-

2175 1787 2401 1844 dunum
2434 1791 2636 1846 Galliae
2669 1793 2929 1866 relegata
2963 1811 3096 1850 cum
3129 1814 3311 1853 uxore
3346 1800 3694 1857 Herodiade.
3725 1803 3830 1859 Hic

2098 1900 2141 1965 Β
2176 1881 2266 1930 est
2294 1878 2397 1947 qui
2433 1883 2696 1950 tempore
2727 1882 3022 1951 passionis
3059 1885 3289 1939 Domini
3322 1888 3626 1958 regnabat,
3650 1890 3831 1946 veluti

2178 1965 2384 2021 scribit
2401 1967 2691 2040 Josephus
2711 1969 2862 2026 libro
2889 1971 3119 2027 decimo
3143 1982 3344 2032 octavo
3366 1977 3630 2034 historiae
3662 1982 3833 2035 Anti-

2175 2055 2489 2126 quitatum,
2527 2064 2584 2113 et
2612 2059 2901 2115 Eusebius
2923 2063 3184 2118 secundo
3218 2065 3369 2121 libro
3399 2068 3832 2125 Ecclesiasticae

2175 2143 2461 2200 historiae.
2497 2147 2601 2200 Vel
2652 2163 2788 2221 ergo
2823 2149 2932 2205 hoc
2985 2150 3116 2207 loco
3170 2155 3431 2211 nominis
3461 2157 3834 2216 dissonantia

2177 2233 2450 2304 est,quod
2476 2252 2582 2306 pro
2601 2238 2858 2310 Agrippa
2879 2245 3136 2310 ponatur
3157 2243 3504 2301 Herodeset
3525 2248 3833 2319 scriptoris

2176 2320 2348 2392 lapsu
2381 2324 2647 2398 contigit,
2675 2327 3084 2384 utverisimile
3112 2330 3215 2385 ﬁt:
3249 2339 3351 2388 aut
3371 2334 3544 2405 juxta
3574 2338 3833 2395 nominis

2175 2411 2641 2482 geminationem
2665 2415 2832 2484 dixit,
2853 2419 3135 2489 quoniam
3163 2426 3400 2494 tempus
3430 2431 3487 2480 et
3516 2433 3647 2482 acta
3669 2445 3838 2483 eum-

2179 2498 2313 2555 dem
2345 2503 2671 2558 ostendunt
2700 2506 3017 2578 Agrippam
3049 2509 3158 2564 sub
3180 2511 3426 2569 Claudio
3458 2515 3706 2586 Caesare,
3732 2517 3834 2589 qui

2181 2595 2323 2660 post
2352 2591 2557 2646 Caium
2578 2592 2769 2649 factus
2801 2603 2891 2650 est
2921 2596 3264 2668 imperator.

2251 2771 2403 2827 105
2436 2770 2557 2833 ΧΙΙ,
2591 2775 2699 2828 2-4.
2734 2797 2760 2826 ιι
2793 2775 3021 2832 Occidit
3050 2783 3248 2834 autem
3278 2781 3559 2839 Iacobum
3593 2784 3839 2842 fratrem

2178 2880 2206 2907 «
2238 2859 2483 2916 Joannis
2506 2862 2722 2934 gladio.
2755 2864 2971 2922 Videns
2993 2873 3192 2923 autem
3228 2870 3385 2940 quod
3417 2880 3651 2944 gratum
3683 2880 3842 2930 esset

2184 2969 2205 2997 ι
2238 2949 2477 3008 Judaais.
2513 2954 2805 3023 processit
2833 2958 3289 3027 apprehendens
3322 2967 3379 3014 et
3407 2963 3666 3019 Petrum.
3701 2965 3840 3020 Erat

2153 3061 2205 3087 ει(
2240 3046 2437 3094 autem
2462 3040 2590 3096 dies
2614 3047 3167 3114 azymorum.Quem
3190 3049 3368 3105 etiam
3391 3054 3836 3123 apprehensum

2181 3148 2209 3177 «
2240 3127 2440 3198 posuit
2469 3129 2529 3184 in
2562 3146 2883 3188 carcerem.
2915 3154 2943 3184 »

2251 3218 2329 3272 Ne
2362 3219 2495 3289 quis
2519 3219 2680 3274 enim
2708 3221 2867 3277 dicat
2896 3225 3055 3295 quod
3076 3231 3392 3300 propterea
3418 3229 3546 3286 sine
3570 3232 3836 3303 periculo

2178 3321 2246 3361 ac
2278 3305 2406 3362 sine
2440 3307 2652 3364 timore
2709 3313 2887 3367 morti
2941 3330 3071 3370 sese
3126 3325 3519 3389 opponerent,
3549 3321 3837 3377 nimirum

2178 3395 2296 3451 Deo
2328 3396 2492 3468 ipsos
2522 3399 2836 3471 eripiente,
2871 3401 3003 3459 ideo
3036 3405 3222 3460 occidi
3277 3425 3514 3480 quoque
3545 3411 3840 3481 permittit

2179 3490 2238 3540 et
2262 3485 2442 3542 duces
2483 3489 2853 3561 praecipuos:
2915 3492 3076 3564 ipsos
3137 3495 3451 3554 declarans
3482 3499 3834 3571 homicidas,

2178 3584 2337 3646 quod
2366 3594 2561 3649 neque
2592 3579 2719 3636 haec
2749 3581 2887 3637 illos
2909 3592 3155 3641 avocent
3183 3593 3286 3642 aut
3313 3589 3690 3659 prohibeant.

2250 3756 2376 3823 XII,
2399 3757 2522 3812 4-8.
2550 3781 2577 3807 ιι
2604 3759 2867 3816 Tradens
2890 3769 3146 3832 quatuor
3169 3769 3664 3836 quaternionibus
3688 3771 3839 3825 mili-

2180 3866 2209 3894 «
2245 3850 2367 3899 tum
2395 3849 2823 3904 asservandum
2846 3867 2858 3906 :
2884 3852 3088 3907 volens
3113 3863 3245 3924 post
3267 3857 3490 3913 Pascha
3513 3860 3838 3929 producere

2181 3957 2208 3984 «
2244 3950 2380 3989 eum
2407 3936 2644 4007 populo.
2667 3939 2873 3995 Petrus
2901 3941 3100 4012 itaque
3125 3945 3544 4001 servabaturin
3562 3964 3798 4003 carcere
3825 3965 3840 4004 :

2183 4045 2210 4074 ι(
2243 4031 2524 4080 caeterum
2555 4028 2816 4096 precatio
2861 4029 3041 4085 {iebat
3089 4032 3220 4086 sine
3269 4034 3716 4091 intermissione
3766 4037 3840 4092 ab

2185 4134 2209 4164 ι
2239 4113 2502 4170 Ecclesia
2525 4115 2596 4171 ad
2616 4117 2801 4172 Deum
2826 4137 2931 4190 pro
2955 4123 3196 4177 eo.Cum
3219 4130 3417 4178 autem
3442 4125 3838 4197 producturus

2185 4226 2209 4252 α
2237 4210 2394 4259 esset
2410 4220 2545 4260 eum
2567 4207 2918 4275 Herodes,in
2941 4210 3070 4282 ipsa
3088 4219 3259 4268 nocte
3277 4213 3612 4271 dormiebat
3630 4218 3841 4273 Petrus

2188 4315 2208 4339 ι
2244 4292 2402 4348 inter
2422 4293 2570 4351 duos
2591 4296 2814 4352 milites
2834 4299 3065 4355 vinctus
3089 4303 3317 4358 catenis
3339 4303 3568 4360 duabus
3594 4321 3607 4360 :
3633 4311 3692 4360 et
3711 4322 3841 4361 cus-

2184 4403 2213 4431 «
2248 4383 2416 4438 todes
2441 4391 2576 4440 ante
2609 4388 2828 4442 ostium
2851 4389 3266 4447 custodiebant
3286 4397 3684 4450 carcerem.Et
3704 4411 3842 4451 ecce

2186 4493 2214 4522 ‹‹
2247 4473 2494 4542 angelus
2520 4475 2752 4532 Domini
2775 4479 2981 4546 astitit,
3004 4487 3062 4535 et
3090 4481 3294 4537 lumen
3316 4484 3552 4540 refulsit
3582 4484 3642 4540 in
3668 4485 3842 4541 babi-

2187 4581 2215 4610 «
2249 4561 2444 4616 taculo
2475 4578 2489 4616 :
2523 4579 2926 4637 percussaque
2975 4568 3160 4624 latere
3188 4572 3343 4626 Petri
3376 4573 3651 4628 excitavit
3679 4590 3839 4643 eum,

406 4669 436 4695 κ
472 4643 773 4713 οἰκήματι·
833 4643 1070 4713 πατάξας
1130 4640 1187 4698 δὲ
1243 4644 1345 4713 τὴν
1403 4640 1643 4714 πλευρὰν
1701 4645 1800 4696 τοῦ
1849 4639 2068 4716 Πέτρου,

2195 4672 2214 4699 ε(
2248 4649 2493 4706 dicens:
2533 4634 2738 4726 Surge
2796 4656 3094 4714 velociter.
3157 4661 3226 4714 Et
3302 4661 3651 4717 exciderunt
3709 4664 3841 4735 ejus

406 4760 433 4785 σ
469 4735 698 4809 ἤγειρεν
750 4733 936 4803 αὑτὸν,
998 4731 1194 4807 λέγων*
1257 4732 1487 4789 ’Λνάστα
1544 4729 1595 4786 ἐν
1655 4732 1838 4806 τάχει,
1871 4731 1972 4786 Καί
1998 4731 2074 4800 ἐξ·-

409 4849 437 4876 ιι
475 4822 675 4878 ἐπεσιν
716 4821 880 4879 αὐτοῦ
909 4824 966 4878 αἱ
999 4823 1226 4884 ἁλύσεις
1277 4822 1336 4878 ἐκ
1388 4827 1496 4878 τῶν
1532 4827 1754 4899 χειρῶν.
1793 4822 1926 4877 Βῖπέ
1953 4843 2011 4877 τε
2042 4822 2071 4877 6

408 4940 436 4966 α
474 4911 722 4991 ἄγγελος
772 4915 908 4988 πρὸς
962 4913 1141 4970 αῦτνῖν·
1179 4913 1504 4986 Περίζωσαι,
1559 4911 1648 4967 καὶ
1703 4909 1973 4982 ὑπόδησαι
2004 4912 2072 4968 τὰ

409 5027 440 5056 σι
477 5002 747 5058 σανδάλιά
779 5023 894 5059 σου.
929 5003 1187 5074 Ἐποίησε
1218 4999 1274 5057 δὲ
1305 5003 1500 5064 οὕτως,
1532 5001 1629 5056 Καὶ
1664 5000 1813 5077 λέγει
1843 5001 2010 5076 αὐτῷ.
2041 5026 2070 5054 ι)

485 5119 514 5147 α
551 5094 811 5169 Τὲσσαρσι
871 5091 1276 5169 τετραδίοις.»
1327 5093 1589 5150 Τουτέστι
1658 5091 1750 5148 τὸν
1836 5092 2068 5168 ἀριθμὸν

411 5182 541 5239 δέκα
727 5183 979 5258 τετράκις
1035 5185 1140 5258 γὰρ
1197 5182 1450 5259 τὲσσαρες
1519 5184 1718 5258 γίνεται
1807 5180 1935 5237 δέκα
1991 5179 2066 5254 ἓξ·

408 5272 544 5335 ἴσως
578 5278 698 5330 καθ’
751 5276 982 5343 ἑκαστην
1039 5271 1314 5352 φυλακην,
1372 5275 1619 5330 τουτέστι
1676 5273 1958 5346 τριωρίαν,
1992 5273 2071 5328 εἶ’-

406 5387 488 5419 ναι
557 5363 806 5444 φύλακας
877 5363 1158 5435 τέσσαρας.
1219 5363 1342 5420 Εἰσὶ
1411 5362 1469 5419 δὲ
1525 5359 1764 5436 φύλακες
1819 5363 2069 5438 τέσσαρες

407 5457 540 5512 κατᾶ
570 5457 842 5530 τριωρίαν
875 5451 1099 5534 (ρυλαιιή
1151 5452 1446 5529 λεγομένη,
1508 5451 1583 5513 ὡς
1641 5451 1774 5505 εἶναι
1805 5451 1868 5506 τὸ
1900 5450 2073 5508 δωδε-

402 5548 608 5626 κάωρον
663 5549 767 5616 τῆς
826 5543 975 5614 ὅλης
1025 5542 1240 5612 νυκτὸς,
1299 5541 1545 5623 φυλακὰς
1585 5541 1868 5616 τὲσσαρας’
1902 5541 1953 5596 ἐν
1983 5545 2070 5606 αἷς

397 5637 489 5696 ἄνα
543 5640 832 5715 τεσσάρων
899 5636 1256 5706 στρατιωτῶν
1304 5630 1712 5710 φυΛασσόντων,
1772 5630 1825 5684 οἱ
1875 5631 2073 5696 πάντας

384 5736 471 5792 τὸν
507 5732 750 5813 ἀριθμὸν
785 5725 931 5783 δέκα
963 5719 1042 5792 ἕξ.
1074 5720 1186 5778 Οῦκ
1212 5721 1279 5793 ἦν
1308 5721 1360 5779 ὗν
1391 5722 1599 5802 ἀγωνίᾳ
1639 5717 1763 5776 οὐδὲ
1810 5718 1863 5774 ἐν
1914 5717 2095 5804 φόϐφι

2185 4759 2212 4788 ‹‹
2245 4745 2470 4793 catenas
2517 4739 2590 4795 de
2636 4743 2929 4799 manibus.
2970 4746 3241 4817 Dixitque
3275 4751 3524 4821 angelus
3554 4751 3627 4805 ad
3661 4767 3793 4806 eum
3825 4770 3838 4808 :

2187 4847 2209 4876 ι
2245 4827 2612 4900 Praecingere
2641 4835 2700 4885 et
2728 4830 2959 4905 subliga
2989 4835 3182 4890 soleas
3216 4842 3366 4892 tuas.
3401 4841 3470 4892 Et
3496 4839 3639 4894 fecit
3671 4840 3774 4896 sic.
3808 4863 3836 4892 ››

2254 5117 2285 5152 ιι
2316 5098 2577 5164 Quatuor
2605 5103 3125 5174 quaternionibus,
3161 5130 3189 5157 »
3249 5107 3360 5164 hoc
3405 5115 3495 5166 est
3541 5112 3836 5169 sedecim:

2183 5187 2479 5259 siquidem
2541 5198 2752 5261 quater
2809 5201 3065 5264 quatuor
3120 5199 3493 5255 constituunt
3550 5201 3835 5259 sedecim.

2181 5280 2472 5338 Fortassis
2503 5290 2568 5337 ut
2599 5285 2849 5357 singulis
2884 5287 3117 5361 vigiliis.
3154 5290 3209 5344 id
3245 5299 3333 5347 est
3371 5294 3554 5349 ternis
3587 5295 3838 5366 quibus-

2182 5385 2296 5440 que
2331 5370 2493 5426 horis
2525 5381 2725 5429 essent
2779 5382 3034 5447 quatuor
3084 5380 3381 5438 custodes.
3443 5383 3592 5438 Sunt
3637 5392 3839 5440 autem

2182 5463 2438 5527 quatuor
2453 5461 2727 5517 custodes
2750 5481 2857 5535 per
2881 5471 3081 5522 ternas
3105 5467 3281 5526 horas
3300 5470 3572 5544 dispositi
3596 5469 3840 5544 φυλακή,

2182 5547 2241 5602 id
2275 5555 2363 5604 est
2393 5552 2663 5608 custodia
2691 5556 2973 5626 appellati
3001 5573 3014 5613 :
3051 5565 3116 5614 ut
3163 5561 3283 5616 sint
3332 5565 3611 5618 universa
3641 5566 3837 5628 nocte,

2182 5654 2398 5711 nempe
2415 5640 2730 5700 duodecim
2752 5647 3036 5704 horarum
3055 5652 3244 5722 spatio
3262 5659 3518 5723 quatuor
3529 5647 3836 5707 custodiae:

2183 5729 2244 5787 in
2275 5729 2513 5814 quibus,
2538 5736 2910 5798 servantibus
2941 5739 3202 5800 vicissim
3233 5745 3492 5814 quatuor
3520 5733 3837 5805 militibus:
