4112 6466
351 380 466 441 195
1365 350 1771 441 COMMENT.
1821 369 1908 430 IN
1955 368 2151 430 ACTA
2198 371 2800 439 APOSTOLORUM.
3663 382 3783 443 196

349 527 561 569 omnes
594 523 910 565 numerum
942 503 1242 562 sexdecim
1292 505 1684 561 constituunt.
1718 504 1844 559 Non
1879 518 1973 567 era

2176 500 2352 578 έτρος,
2387 500 2512 560 ἁλλ’
2558 503 2832 579 ἐκάθευδε,
2889 508 2954 565 τὸ
3010 514 3113 566 πᾶν
3171 511 3332 589 ῥίψας
3392 510 3483 568 έπὶ
3524 511 3619 568 τὸν
3667 503 3792 569 K6-

354 602 562 657 Petrus
615 600 676 653 in
735 596 1008 670 angustia
1061 600 1161 652 aut
1218 596 1455 660 timore,
1520 594 1624 650 sed
1677 592 1978 648 dormieba

2163 613 2263 650 ιον.
2295 591 2554 670 Ἔλαμψε
2583 594 2661 669 δὲ,
2707 597 2895 676 φησὶν,
2953 597 3092 656 ὥστε
3147 603 3238 656 καὶ
3272 597 3405 657 ἰδεῖν
3435 601 3526 657 καὶ
3556 601 3786 657 ἀκοῦσαι

354 691 514 746 omni
547 687 786 760 negotio
811 687 873 741 in
907 686 1094 741 Deum
1124 685 1365 757 rejecto.
1393 685 1545 740 Dicit
1574 690 1775 739 autem
1807 683 1978 738 lume:

2162 683 2214 737 ὸν
2246 683 2473 760 Πέτρον,
2526 687 2614 741 καὶ
2680 689 2758 759 μὴ
2816 689 3042 762 νομίσαι
3100 691 3396 767 φαντασίαν
3434 690 3594 748 εἶναι.
3622 691 3696 749 Τὸ
3727 688 3786 745 δὲ

348 778 677 847 refulsisse,
734 782 802 831 ut
864 780 921 831 et
979 775 1204 830 videret
1261 780 1319 829 et
1376 774 1611 829 audiret
1639 775 1869 839 Petrus,
1903 788 1972 826 ne

2187 770 2239 825 ἐν
2296 772 2455 851 τάχει
2495 796 2522 825 ››
2579 775 2648 830 οὐ
2708 771 3297 850 θορυϐοῦντος,ἀλλᾶ,
3355 779 3639 840 πείθοντος
3699 779 3776 852 μή

302 900 307 907 -
347 869 705 941 phantasma
737 883 867 921 esse
899 864 1283 920 existimaret.
1318 863 1483 930 Quod
1512 879 1647 917 vero
1679 862 1761 917 ait
1796 879 1808 917 :
1843 883 1870 911 ‹‹
1901 863 1926 914 \

2161 854 2546 926 ναϐἆλλεσοαι.
2593 866 2736 941 ’Όρα
2795 861 2852 921 δὲ
2892 867 3022 928 τοὺς
3080 866 3381 932 Ἰουδαίους
3411 868 3462 925 ἐν
3490 874 3611 932 ταῖς
3643 867 3785 941 ἠμέ-

345 958 578 1025 lociter,
616 980 644 1006 ››
704 973 825 1012 non
888 953 1307 1010 tumultuantis
1373 958 1481 1020 est,
1542 952 1646 1007 sed
1706 950 1969 1008 suadenti

1706 950 2014 1008 suadentis
2125 968 2245 1025 ραις
2277 955 2385 1007 τῶν
2417 952 2671 1026 Ἀζύμων
2700 959 2931 1011 τοιαῦτα
2958 957 3316 1032 πράττοντας.

344 1046 750 1104 cunctandum
780 1062 905 1100 non
935 1061 1094 1100 esse.
1130 1043 1277 1098 Vide
1304 1049 1503 1098 autem
1535 1041 1737 1113 qualia
1766 1044 2090 1112 operentur
2117 1040 2303 1097 Judaai
2344 1040 2405 1098 in
2437 1042 2652 1100 diebus
2679 1052 3044 1118 Azymorum.

419 1139 575 1193 106
595 1138 722 1204 XII,
741 1137 773 1190 8
804 1137 889 1190 11.
921 1155 940 1181 ι
965 1136 1033 1189 Ει
1048 1133 1131 1189 ait
1152 1132 1271 1187 illi:
1297 1132 1611 1188 Circumda
1633 1130 1740 1185 tibi
1763 1130 2013 1202 pallium

2198 1152 2225 1181 ‹‹
2260 1126 2570 1205 Περιϐαλοῦ
2625 1131 2688 1188 τὸ
2746 1135 2969 1207 ἱμάτιόν
3031 1156 3151 1206 σου,
3199 1137 3290 1192 καὶ
3339 1134 3632 1193 ἀκολούθει
3665 1160 3784 1213 μοι.

348 1235 568 1283 «tuum
591 1232 649 1282 et
672 1241 920 1296 sequere
941 1223 1130 1278 me.Et
1156 1222 1359 1277 exiens
1381 1220 1743 1292 sequebatur
1763 1235 1933 1274 eum:
1956 1235 1972 1273 ε

2186 1219 2292 1275 Καὶ
2344 1218 2576 1297 ἐξελθῳν
2632 1221 2934 1292 ἠκολούθει
2992 1226 3164 1298 αὐτῷ.
3225 1228 3324 1283 Καὶ
3388 1225 3487 1282 οὐκ
3525 1223 3651 1301 ᾔδει
3701 1228 3789 1283 ὅτι

350 1340 377 1367 ‹‹
404 1315 711 1382 nesciebat
736 1313 894 1386 quod
920 1328 1125 1367 verum
1149 1318 1306 1367 esset
1328 1309 1388 1366 id
1407 1309 1565 1382 quod
1588 1310 1767 1365 ﬁebat
1788 1325 1894 1381 per
1914 1324 1974 1362 ar

2188 1307 2391 1380 ἀληθές
2421 1309 2534 1366 ἐστι
2580 1313 2643 1367 τὸ
2671 1314 2951 1389 γενόμενον
3012 1312 3102 1370 διὰ
3154 1318 3252 1371 τοῦ
3312 1312 3574 1392 ἀγγέλου⁵
3609 1314 3790 1373 ἐδόκει

352 1429 380 1457 ‹‹
415 1407 636 1479 gelum,
671 1404 773 1459 sed
805 1402 1048 1475 putabat
1080 1420 1141 1458 se
1173 1403 1363 1457 visum
1385 1400 1604 1455 videre.
1639 1400 1783 1454 Cum
1814 1404 1976 1453 auter

2188 1396 2244 1454 δὲ
2275 1398 2458 1473 ὅραμα
2517 1399 2759 1476 βλέπειν.
2820 1403 3132 1468 Διελθόντες
3191 1402 3250 1460 δὲ
3278 1408 3505 1481 πρώτην
3537 1405 3793 1481 φυλακὴν

350 1518 379 1547 ‹‹
414 1496 821 1568 praeterissent
870 1493 1124 1565 primam
1180 1509 1247 1547 ac
1302 1489 1627 1546 secundam
1659 1488 1974 1545 custodiam

2185 1489 2275 1544 καὶ
2309 1472 2582 1565 δευτέραν,
2639 1490 2813 1561 ἦλθον
2872 1492 2961 1549 ἐπὶ
3018 1495 3118 1564 τήν
3174 1472 3357 1566 πύλη-ν
3406 1472 3507 1564 την
3537 1472 3787 1571 σιδηρᾶν,

356 1609 383 1635 α
417 1591 710 1641 venerunt
740 1583 815 1639 ad
848 1588 1079 1655 portam
1114 1582 1390 1648 ferream,
1424 1597 1556 1651 quas
1588 1578 1751 1634 ducit
1776 1578 1838 1633 in
1869 1576 1979 1632 civi

2184 1579 2285 1648 τήν
2318 1577 2582 1653 φέρουσαν
2614 1578 2691 1642 εἷς
2724 1583 2825 1651 τὴν
2880 1580 3069 1651 πόλιν,
3130 1580 3255 1653 ἥτις
3304 1584 3595 1658 αὐτομάτη
3627 1586 3790 1655 ἠνοί-

355 1698 375 1725 α
411 1681 615 1735 tatem.
640 1691 772 1745 qua;
797 1672 955 1727 ultro
980 1676 1186 1743 aperta
1215 1676 1305 1725 est
1327 1669 1703 1739 eis.Cumque
1728 1667 1979 1722 exissent

2189 1669 2299 1741 χθη
2364 1667 2575 1731 αὐτοῖς.
2660 1670 2759 1725 Καὶ
2837 1668 3143 1744 ἐξελθόντες
3220 1671 3540 1748 προσῆλθον
3602 1672 3784 1749 ῥύμην

351 1786 379 1816 ‹‹
413 1768 833 1837 processerunt
863 1763 1056 1816 vicum
1086 1776 1296 1828 unum,
1330 1765 1388 1813 et
1425 1759 1707 1814 continuo
1739 1756 1975 1812 discessi

2190 1755 2340 1829 μίαν,
2392 1757 2484 1812 καὶ
2544 1757 2741 1820 εὐθέως
2797 1759 3005 1831 ἀπέσθη
3062 1762 3091 1816 ὁ
3156 1760 3387 1838 ἅγγελος
3445 1762 3537 1818 ἀπ’
3598 1761 3788 1821 αὐτοῦ.

350 1877 378 1905 ‹‹
416 1855 661 1926 angelus
693 1852 765 1909 ab
799 1869 889 1908 eo.
924 1853 993 1906 Et
1026 1851 1231 1906 Petrus
1276 1849 1349 1905 ad
1392 1865 1454 1905 se
1500 1864 1792 1910 reversus,
1827 1845 1974 1901 dixit

2191 1846 2295 1902 Καὶ
2327 1847 2356 1901 ὁ
2389 1847 2598 1921 Πέτρος
2658 1849 2953 1923 γενόμενος
3013 1848 3069 1904 ἐν
3119 1851 3316 1924 ἑαυτῷ,
3350 1851 3485 1908 εἶπε
3519 1857 3632 1908 Νῦν
3661 1850 3793 1908 οἴδα

351 1967 379 1995 ‹‹
414 1946 580 1999 Nunc
613 1943 733 1998 scio
766 1958 900 1996 vere
952 1940 1107 2013 quod
1159 1939 1390 1995 miserit
1421 1939 1708 1993 Dominus
1736 1936 1975 2009 angelut

2188 1934 2436 2006 ἀληθῶς,
2494 1935 2577 1993 ὅτι
2619 1936 2959 2007 ἐξαπέστειλε
3019 1939 3217 2017 Κύριος
3272 1942 3362 1995 τὸν
3417 1939 3650 2017 ἄγγελον
3680 1942 3790 1998 αὖ-

356 2056 379 2086 (
416 2051 611 2103 suum,
641 2040 699 2088 et
725 2031 1011 2103 eripuerit
1034 2047 1128 2085 me
1153 2030 1225 2085 de
1249 2046 1431 2085 manu
1462 2026 1709 2083 Herodis
1732 2026 1977 2097 omniqu

2189 2030 2308 2094 τοῦ,
2341 2026 2431 2080 καὶ
2466 2025 2700 2095 ἐξείλετό
2753 2048 2819 2101 με
2874 2027 2934 2085 ἐκ
2989 2030 3180 2106 χειρὸς
3236 2028 3509 2107 Ἡρώδου,
3548 2032 3638 2086 καὶ
3674 2031 3790 2087 πά·-

357 2147 378 2175 ι
417 2123 858 2195 exspectatione
891 2120 1080 2192 plebis
1111 2119 1471 2175 Judmorum.
1508 2138 1537 2168 »

2132 2138 2153 2165 σ
2190 2134 2289 2185 σης
2318 2121 2419 2185 τῆς
2447 2113 2779 2189 προσδοκίας
2812 2119 2909 2173 τοῦ
2942 2116 3080 2176 λαοῦ
3107 2123 3215 2175 τῶν
3246 2117 3548 2178 Ἰουδαίων.
3582 2146 3607 2174 ›ι

425 2216 572 2268 Cum
594 2212 880 2266 Dominus
901 2209 1212 2281 discipulis
1244 2208 1479 2263 dixerit.
1505 2229 1533 2259 «
1556 2209 1637 2263 Ne
1660 2205 2017 2278 possideatis

2198 2209 2307 2262 Τοῦ
2366 2205 2570 2281 Κυρίου
2627 2205 2871 2270 εῗπόντος
2927 2213 3047 2273 τοῖς
3108 2212 3401 2282 μαθηταῖς.
3451 2235 3479 2263 ‹‹
3514 2212 3602 2282 Μὴ
3634 2213 3788 2282 κτή-

352 2320 567 2360 aurum
600 2318 791 2373 neque
826 2305 1158 2373 argentum,
1194 2315 1392 2369 neque
1432 2297 1579 2353 duas
1612 2296 1868 2362 tunicas,
1902 2311 1976 2350 ne

2166 2298 2293 2366 ησθε
2347 2296 2550 2372 χρυσὸν
2614 2293 2757 2370 μηδὲ
2842 2296 3105 2374 ἄργυρον,
3163 2297 3306 2373 μηδὶ
3365 2297 3462 2357 δύο
3521 2305 3790 2377 χιτῶνας,

356 2410 471 2464 que
496 2391 920 2456 calceamenta,
945 2405 1139 2459 neque
1161 2403 1591 2457 zonam,neque
1612 2384 1890 2441 baculum
1910 2382 1978 2450 9’,

2164 2382 2274 2453 ,ηδε
2303 2381 2653 2459 ὑποδήματα,
2712 2384 2856 2461 μηδὲ
2913 2389 3109 2459 ζώνην,
3163 2385 3305 2463 μηδὲ
3336 2383 3566 2466 ῥάϐδον,
3600 2414 3627 2442 ››
3658 2394 3788 2453 πῶς

355 2480 654 2553 quomodo
688 2481 894 2534 Petrus
926 2484 1135 2534 contra
1192 2477 1425 2532 Domini
1473 2476 1711 2547 jussum
1739 2474 1979 2530 faciebat

2190 2476 2392 2549 Πέτρος
2449 2476 2596 2550 παρὰ
2652 2477 2716 2532 τὸ
2766 2477 3095 2553 πρόσταγμα
3151 2478 3345 2548 έποίει,
3387 2476 3534 2556 ἔχων
3587 2481 3788 2553 ἱμάτια

357 2570 502 2626 duas
537 2570 771 2625 tunicas
823 2568 1051 2623 habens
1102 2582 1429 2637 zonamque
1471 2571 1529 2621 et
1568 2564 1975 2620 calceamenta

2164 2563 2220 2619 αὶ
2279 2566 2456 2636 ζώνην
2515 2567 2604 2621 καὶ
2667 2564 3039 2640 ὑποδήματα;
3097 2568 3218 2625 Ἔτι
3271 2565 3330 2624 δὲ
3378 2570 3528 2624 καὶὸ
3563 2567 3786 2633 Παῦλος

353 2663 650 2717 Ρτωιετεᾶ
681 2658 901 2714 Paulus
940 2673 1178 2729 quoque
1221 2673 1358 2711 cum
1402 2654 1707 2709 Timotheo
1750 2653 1977 2709 scriben

2165 2673 2252 2707 ταν
2286 2650 2649 2729 παραγγέλλῃ
2682 2657 2942 2729 Τιμοθέῳ
2991 2657 3244 2736 γράφων,
3276 2658 3386 2715 Τὸν
3419 2656 3689 2732 φαιλόνην
3722 2656 3789 2714 δν

351 2749 761 2826 praeciperet‘,
789 2772 815 2799 ‹‹
842 2748 1151 2803 Ρωηιιίειω
1175 2763 1354 2817 quam
1370 2744 1590 2816 reliqui
1614 2743 1837 2800 Troade
1858 2760 1975 2815 apu

2166 2741 2396 2798 πέλιπον
2448 2741 2501 2797 ἐν
2562 2742 2775 2819 Τρωᾶδι
2831 2746 2983 2821 παρά
3041 2748 3267 2820 Κάρπῳ,
3300 2746 3602 2823 ἐρχόμενος
3635 2746 3790 2826 φέρε,

352 2843 633 2912 Carpum,
656 2837 902 2893 veniens
931 2838 1167 2897 aﬂ‘eras.
1197 2858 1224 2885 ι)
1253 2852 1388 2891 ecce
1412 2834 1711 2908 pmnulam
1738 2833 1976 2889 habebat

2159 2829 2248 2887 δοὺ
2307 2831 2576 2911 φαιλόνην
2634 2834 2802 2910 εἶχεν,
2860 2834 2950 2890 καὶ
2992 2836 3094 2891 οὐκ
3152 2837 3212 2891 ἅν
3268 2832 3393 2912 ἔχοι
3448 2858 3532 2900 τις
3588 2836 3783 2906 εἰπεῖν,

352 2948 462 2986 nec
497 2929 712 3002 poterit
770 2927 1073 2999 quispiam
1129 2925 1326 2981 dicere
1382 2923 1542 2996 quod
1600 2924 1850 2980 alteram
1893 2939 1971 2978 no

2160 2943 2212 2977 τι
2242 2921 2334 2977 καὶ
2362 2920 2546 2997 ἓτερον
2577 2922 2676 2979 οὐκ
2733 2924 2882 3003 εἶχεν
2924 2923 2983 2980 ὅν
3038 2924 3245 3005 ἐφόρει.
3296 2928 3440 3000 Ἀρα
3468 2929 3783 3004 παρήκουσε

355 3022 632 3077 habuerit
681 3036 859 3090 quam
919 3017 1206 3092 gestabat,
1267 3021 1355 3072 An
1415 3033 1550 3089 ergo
1610 3016 1841 3071 Christo
1895 3031 1979 3070 no:

2162 3013 2223 3066 οῦ
2261 3014 2547 3085 Χριστοῦ;
2580 3011 2647 3069 Τί
2701 3012 2794 3067 οὗν
2850 3011 3032 3083 ἐστιν;
3093 3014 3176 3071 Ἰὰ
3231 3011 3574 3089 ἐπιτάγματα
3604 3014 3786 3070 ἐκεῖνα

352 3112 553 3184 paruit
573 3110 600 3165 Ἰ
628 3109 779 3175 Quid
813 3108 993 3180 igitur
1023 3106 1344 3163 dicendum
1401 3112 1491 3162 est
1511 3106 1539 3162 ‘2
1579 3108 1882 3177 Praecepta
1912 3104 1976 3159 ill

2164 3101 2264 3175 p6:
2291 3101 2480 3177 καιρὸν
2524 3101 2612 3172 ἧν,
2671 3102 2762 3157 καὶ
2822 3101 2884 3158 οὐ
2944 3099 3033 3157 διὰ
3089 3104 3309 3165 παντός,
3342 3105 3459 3159 Ὀτι
3492 3102 3550 3160 δὲ
3578 3104 3788 3176 ἀληθές

349 3218 472 3256 non
504 3216 760 3270 semper,
803 3198 905 3253 sed
946 3196 1020 3252 ad
1079 3204 1314 3268 tempus
1374 3195 1663 3252 servanda
1694 3194 1973 3251 dabantui

2168 3211 2256 3261 ττι,
2287 3196 2498 3253 Λουκᾶς
2534 3191 2567 3245 ὁ
2614 3191 3012 3268 εύαγγελιστής
3070 3198 3354 3269 μαρτυρεῖ.
3386 3195 3531 3266 Φησί
3561 3195 3665 3272 γὰρ
3707 3195 3792 3250 εἰ·

351 3289 518 3357 Quod
552 3295 752 3345 autem
784 3288 897 3343 hoc
926 3303 1128 3342 verum
1181 3286 1276 3352 sit,
1322 3287 1505 3341 Lucas
1539 3285 1900 3356 evangelista
1929 3290 1975 3340 te

2165 3281 2348 3349 ηκέναι
2401 3280 2492 3335 τὸν
2548 3281 2778 3355 Χριστὸν
2829 3286 2947 3344 τοῖς
3007 3283 3297 3355 μαθηταῖς·
3330 3282 3459 3340 Ὅτε
3488 3280 3789 3339 ἀπέστειλα

352 3382 561 3432 statur.
586 3374 681 3430 Ait
704 3374 863 3428 enim
885 3373 1184 3429 Christum
1213 3372 1432 3428 dixisse
1454 3372 1784 3444 discipulis:
1818 3372 1976 3438 Quan

2165 3372 2264 3442 μᾶς
2321 3393 2349 3421 ι(
2392 3368 2518 3443 ἄτερ
2577 3368 2895 3445 βαλαντίου,
2956 3370 3049 3428 καὶ
3104 3372 3306 3448 πήρας,
3336 3372 3427 3427 καὶ
3457 3371 3657 3445 ζώνης,
3689 3373 3789 3428 καὶ

352 3464 427 3519 do
462 3464 597 3518 misi
629 3461 834 3517 γοε²α
886 3461 1014 3516 sine
1074 3461 1287 3516 loculis
1347 3467 1403 3515 et
1459 3476 1603 3531 pera
1653 3475 1916 3532 zonaque
1946 3476 1976 3514 a

2161 3455 2522 3529 ποδημάτων,
2557 3482 2586 3511 ››
2666 3461 2742 3532 μή
2799 3480 2852 3515 τι
2913 3459 3204 3535 ὑστέρησιν
3264 3461 3439 3535 ὕμῖνς
3518 3462 3783 3539 Λέγουσιν

352 3551 992 3615 calceamentis,-num
1016 3549 1245 3621 aliquid
1270 3549 1457 3605 defuit
1481 3548 1873 3605 vobis?Aiunt
1894 3548 1976 3603 illi

2159 3545 2291 3620 ύτῷ.
2327 3543 2425 3604 Οὔ.
2460 3545 2619 3623 Λέγει
2651 3544 2708 3602 δὲ
2760 3547 2963 3610 αὐτοῖς·
3022 3549 3229 3605 Οὐκοῦν
3262 3549 3460 3607 λοιπὸν
3488 3555 3782 3621 κτήσασθε.

352 3641 531 3697 Nihil.
568 3640 723 3696 Dicit
757 3646 955 3695 autem
987 3640 1073 3694 eis
1108 3656 1121 3693 :
1156 3640 1338 3712 Igitur
1377 3638 1659 3710 deinceps
1691 3638 1976 3710 possudete

2156 3636 2280 3698 ’ίνος
2339 3634 2397 3691 δὲ
2449 3632 2627 3693 ’ένεκεν
2685 3641 2847 3694 τοῦτο
2906 3637 3030 3694 τότε
3087 3638 3340 3714 ἐπέταεε;
3396 3643 3509 3710 Τῆν
3554 3640 3780 3717 δύναμιν

356 3732 573 3786 Verum
606 3746 783 3802 quam
820 3729 892 3785 ob
925 3745 1165 3784 causam
1198 3728 1257 3783 id
1290 3735 1435 3785 tunc
1466 3733 1830 3801 praeceperat
1852 3727 1879 3783 ?
1910 3727 1980 3782 Vc

2161 3723 2289 3781 ύτοῦ
2321 3724 2489 3797 δεῖξαι
2543 3723 2906 3801 βουλόμενος.
2964 3727 3035 3785 Εἴ
3087 3728 3270 3785 τοίνυν
3303 3726 3411 3786 ἔδει
3444 3728 3538 3786 ἕνα
3568 3735 3785 3807 χιτῶνα

352 3823 486 3878 lens
517 3823 845 3895 potentiam
879 3838 1046 3877 suam
1080 3821 1413 3876 ostendere.
1450 3828 1741 3876 Caeterum
1779 3820 1826 3875 si
1860 3820 1976 3875 Pau

2163 3835 2269 3889 χειν
2314 3814 2555 3883 Παῦλον,
2615 3816 2661 3872 εί
2708 3816 2929 3873 πλύνειν
2990 3816 3150 3873 αὐτὸν
3211 3813 3339 3888 ἔδει,
3372 3822 3583 3896 γυμνὸν
3616 3821 3787 3878 αὐτὸν

351 3913 476 3969 lum
506 3914 744 3968 unicam
771 3912 1034 3967 tunicam
1062 3910 1279 3967 habere
1302 3911 1583 3984 oportuit.
1609 3911 1654 3965 si
1676 3910 1839 3964 illam
1863 3908 1975 3965 lava

2167 3911 2295 3979 (ρῆν
2324 3910 2469 3961 οἴκοι
2498 3907 2789 3978 καθῆσθαι,
2847 3906 2883 3977 ἢ
2942 3907 3148 3983 γυμνὸν
3183 3909 3448 3983 περιιέναι
3480 3910 3571 3965 καὶ
3602 3910 3791 3990 ἀσχη-

353 4020 417 4058 re
451 4003 857 4067 conveniebat,
917 4019 993 4057 an
1051 4001 1279 4058 nudum
1338 4001 1500 4057 domi
1561 4000 1769 4055 sedere
1818 3999 1977 4070 ipsur

2171 3999 2311 4049 ονεῖν
2369 3994 2562 4074 χρείας
2617 3992 2936 4066 καλούσης;
2995 3997 3107 4053 Οὐκ
3162 3995 3272 4053 ἔδει
3317 4003 3610 4074 τοιγαροῦν
3645 4004 3795 4056 Παῦ-

364 4092 747 4164 oportuisset,
771 4096 873 4147 aut
903 4090 1131 4146 nudum
1152 4076 1466 4145 circumire
1496 4106 1565 4144 ac
1597 4087 1927 4143 verecunde
1953 4106 1988 4143 si

2170 4104 2221 4139 ον
2309 4082 2398 4139 ἐπὶ
2483 4083 2771 4147 τοσούτοις
2856 4087 3249 4163 κατορθώμασι
3343 4089 3633 4164 περιιόντα
3687 4094 3794 4162 τήν

370 4197 575 4254 gerere
605 4186 849 4235 vocante
882 4185 1234 4234 necessitate
1256 4179 1283 4234 ?
1342 4180 1468 4234 Non
1524 4177 1788 4249 oportuit
1817 4177 1994 4247 itaqut

2168 4171 2453 4246 ἱκουμένην
2542 4170 2612 4228 δι’
2696 4175 2925 4250 ἱματίου
3008 4169 3215 4233 ἔνδειαν
3294 4177 3438 4234 οἷ’κοι
3493 4179 3792 4251 καθῆσθαι,

356 4269 630 4332 Paulum,
665 4269 765 4339 qui
798 4273 1041 4340 propter
1093 4274 1178 4322 tot
1229 4266 1519 4339 praeclara
1545 4265 1813 4322 facinora
1841 4282 1980 4321 mun

2173 4263 2213 4318 ιὶ
2269 4259 2628 4332 τηλικούτοις
2685 4264 3004 4341 πράγμασιν
3072 4263 3408 4341 ἐμποδίζειν.
3478 4267 3545 4326 Τί
3603 4264 3681 4340 δὲ,
3743 4271 3797 4325 εὶ

354 4357 496 4413 dum
527 4356 904 4417 circumibat.
940 4356 1013 4410 ob
1045 4356 1210 4427 pallii
1244 4356 1636 4429 indigentiam
1669 4354 1829 4411 domi
1862 4354 1978 4411 desi

2169 4351 2331 4425 ουμὸς
2382 4349 2607 4422 ἐπετέθη
2664 4350 2920 4430 σφοδρὸς,
3003 4354 3093 4409 καὶ
3182 4349 3496 4429 κατέϐρεξεν
3564 4356 3599 4427 ἢ
3653 4354 3793 4411 ἐπά-

348 4446 513 4516 dere,
548 4462 616 4502 ac
647 4446 989 4518 hujusmodi
1021 4446 1196 4501 rebus
1228 4446 1529 4518 impediri.
1563 4445 1713 4511 Quid
1738 4452 1938 4502 autem
1969 4468 1972 4499 :

2168 4459 2341 4511 ωσεν;
2402 4442 2460 4496 δν
2550 4441 2734 4523 ἐφόρει
2825 4446 3034 4518 χιτῶνα
3112 4447 3231 4506 πῶς
3305 4445 3366 4500 ἂν
3442 4444 3792 4521 ξηραίνεσθαι

345 4537 669 4592 vehemens
691 4535 856 4607 algor
881 4535 1169 4606 urgeret?
1197 4536 1245 4590 si
1272 4536 1449 4591 etiam
1482 4551 1698 4609 magna
1724 4536 1921 4607 pluvia
1950 4535 1968 4590 i

2164 4551 2230 4601 v;
2296 4499 2371 4588 "li
2437 4499 2604 4587 πάλιν
2652 4499 2889 4609 ιγυμνίζν
2952 4531 3125 4609 ἐχρῆν
3198 4499 3788 4607 καθῆσθαίςτίνδξ,

354 4642 485 4682 eum
521 4624 951 4689 descendisset,
984 4625 1281 4696 quomodo
1315 4626 1517 4681 tunica
1548 4642 1724 4697 quam
1755 4631 1978 4698 gestare

2170 4638 2173 4671 ;
2231 4620 2411 4696 ψύχος
2465 4615 2738 4676 κατέτεινε
2814 4621 2875 4676 τὸ
2962 4626 3146 4696 σῶμα,
3203 4624 3463 4693 τήκεσθαι
3523 4618 3632 4680 ἔδει
3688 4627 3794 4681 καὶ

357 4715 641 4772 exsiccari
669 4720 889 4787 posset,
915 4731 990 4770 an
1022 4732 1259 4771 rursum
1285 4722 1586 4788 oporteret
1606 4715 1832 4771 nudum
1853 4713 1981 4770 sede

2165 4712 2203 4779 ὴ
2260 4709 2624 4787 σθέγγεσθαη
2677 4710 2767 4765 καὶ
2817 4708 2871 4766 τί
2928 4709 2990 4766 ἂν
3047 4709 3134 4783 εἳη
3188 4711 3388 4769 τούτου
3450 4712 3789 4789 χαλεπώτε-

310 4802 316 4808 ’
349 4822 412 4861 re
435 4804 614 4871 ‘?Quid
641 4812 930 4877 praeterea
956 4804 1004 4859 si
1040 4822 1255 4877 corpus
1280 4805 1700 4877 prostravisset
1723 4804 1929 4875 frigus,

2167 4823 2256 4857 ονι
2317 4799 2443 4856 οὐδὲ
2511 4800 2618 4877 γὰρ
2683 4797 3018 4874 ἀδαμάντινα
3093 4803 3325 4875 σώματα
3396 4804 3586 4870 αύτοῖς
3649 4826 3791 4862 κατ-

352 4893 658 4948 tabescere
688 4898 991 4964 oporteret
1007 4899 1066 4948 et
1082 4910 1202 4948 non
1226 4893 1390 4965 loqui
1412 4893 1438 4948 Τ
1458 4896 1491 4947 1
1506 4894 1600 4948 07
1629 4896 1698 4948 Et
1718 4892 1861 4964 quid
1880 4910 1974 4948 ess

2160 4891 2429 4948 ηεύαστο.
2485 4889 2552 4947 Τί
2608 4888 2739 4960 οὗν;
2798 4888 3145 4947 ἀπόλλυσθαι
3209 4891 3422 4971 ἐχρῆνς
3482 4892 3784 4967 Οὐδαμῶς.

352 4986 555 5053 posset
585 4981 697 5035 hac
730 4997 793 5035 re
825 4981 1102 5036 miserius
1133 4981 1160 5036 ‘I
1204 4998 1399 5053 neque
1431 4982 1589 5037 enim
1621 4980 1972 5037 adamantin

2194 4983 2294 5035 51:0
2344 4976 2421 5049 δὲ,
2480 4979 2664 5041 κακὼς
2712 4978 2952 5054 εἲρηται,
2980 4979 3105 5036 τότε
3151 4980 3389 5056 ἐπέταξε,
3414 4985 3514 5052 τὴν
3548 4981 3785 5057 δύναμιν

349 5087 599 5141 corpora
618 5069 762 5139 ipsis
788 5068 926 5125 data
948 5076 1137 5126 erant.
1158 5070 1305 5136 Quid
1332 5088 1467 5144 ergo
1485 5070 1513 5127 ?
1542 5071 1817 5142 perirene
1845 5085 1973 5142 opm

2166 5069 2286 5125 ὄτοῦ
2328 5066 2497 5141 δεῖξαι
2531 5066 2895 5144 βουλόμενος,
2927 5068 3011 5125 ὅτι
3062 5067 3274 5134 οὐδενὸς
3315 5077 3424 5129 τῶν
3455 5071 3790 5144 ἐπιτηδείων

348 5157 547 5215 teret?
578 5159 984 5228 Nequaquam.
1019 5159 1139 5214 Hoc
1196 5166 1416 5226 autem,
1461 5159 1615 5216 sicut
1643 5159 1867 5215 dictum
1900 5167 1972 5213 e51

909 5176 984 5215 m.
1019 5159 1139 5214 Hoc
1196 5166 1416 5226 autem,
1461 5159 1615 5216 sicut
1643 5159 1867 5215 dictum
1900 5162 2010 5226 est,
2122 5157 2533 5234 ὑστερήσουσιν.

347 5254 492 5304 tunc
516 5248 799 5318 jusserat,
833 5265 1002 5304 suam
1035 5249 1245 5305 volens
1275 5250 1590 5305 ostendere
1621 5249 1968 5321 potentiam,
2003 5249 2160 5319 quod
2192 5250 2360 5307 nulla
2388 5266 2452 5306 re
2484 5248 2559 5306 ad
2590 5250 2769 5305 vitam
2798 5250 3141 5309 necessaria
3169 5259 3467 5314 carerent.

424 5338 543 5399 XII,
580 5340 645 5390 12
680 5340 762 5390 15.
798 5360 825 5387 «
863 5337 931 5392 Et
984 5338 1124 5394 dum
1186 5343 1576 5413 cognovisset,
1615 5339 1777 5394 venit
1807 5337 1883 5393 ad
1913 5338 2017 5392 do-

2200 5362 2229 5390 ‹‹
2264 5337 2508 5394 Συνιδών
2546 5358 2626 5408 τε,
2681 5334 2847 5406 ἦλθεν
2897 5337 2986 5393 ἐπὶ
3045 5340 3144 5409 τήν
3205 5340 3383 5399 οἰκίαν
3442 5343 3650 5418 Μαρίας
3680 5349 3788 5414 τῆς

356 5450 385 5480 ‹‹
419 5442 584 5481 mum
619 5425 818 5481 Mariae
847 5428 1050 5483 matris
1067 5429 1333 5495 Joannis,
1355 5431 1456 5502 qui
1488 5427 1980 5498 cognominabatu

2198 5428 2408 5503 μητρὸς
2457 5425 2712 5508 Ἰωᾴννου
2765 5431 2869 5481 τοῦ
2924 5425 3361 5504 ἐπικαλουμένου
3409 5432 3660 5508 Μάρκου,
3719 5434 3786 5489 οὗ

359 5537 383 5568 ι
416 5518 665 5587 Marcus,
699 5514 800 5571 ubi
825 5523 995 5572 erant
1014 5518 1540 5593 multicongregati
1562 5525 1621 5575 et
1645 5516 1983 5576 orantes.U1

2157 5511 2327 5583 ιῆσαν
2394 5506 2571 5563 ἱκανοὶ
2633 5509 3087 5585 συνηθροισμένοι
3169 5511 3261 5567 καὶ
3340 5506 3781 5592 προσευχόμενοι

422 5696 470 5735 ⁹⁹
498 5698 710 5756 Matth.
744 5714 800 5765 κ,
838 5702 922 5755 to.
1004 5698 1021 5733 ί
1053 5700 1102 5756 II
1131 5698 1277 5756 Tim.
1313 5716 1387 5770 ιν,
1422 5701 1507 5756 13.
1583 5699 1606 5735 ³
1636 5701 1773 5758 Luc.
1804 5717 1945 5771 nu,
1972 5700 2063 5756 35.
