4112 6430
326 339 433 402 191

1336 342 1754 406 (IOMMBNT.
1802 342 1890 403 IN
1935 341 2145 404 ACTA
2200 340 2811 404 APOS'I‘OLORUM.

3680 345 3797 405 198

312 473 850 547 οιιΚροῖσαντοξδὶ
900 480 1007 533 τοῦ
1066 474 1644 553 Πέτρου’τήν’θύραν
1694 478 1793 531 τοῦ
1838 472 2036 531 πυλῶ-

2167 472 2181 531 i
2214 472 2414 533 autem
2438 477 2739 551 pulsasset
2765 470 2982 536 ostium
3016 473 3312 542 vestibuli,
3343 477 3567 552 prodiit
3597 475 3800 553 puella

357 590 388 620 ιι
412 587 524 635 νος,
555 563 857 641 προσῆλθε
887 564 1159 640 παιδίσκη
1195 568 1517 634 ὑπακοῦσαι,
1552 567 1783 641 ὀνόματι
1840 561 2028 636 Ῥόδη,

2141 587 2169 618 ιι
2192 574 2259 623 ut
2281 567 2784 634 subauscultaret,
2816 570 3061 625 nomine
3094 569 3318 638 Rhode,
3354 577 3414 625 et
3433 570 3636 643 agnita
3656 587 3798 627 voce

361 680 391 711 ιι
418 657 503 712 καὶ
534 655 842 733 ἐπιγνοῦσα
873 659 981 728 τήν
1012 659 1196 735 φωνὴν
1227 661 1325 713 τοῦ
1358 659 1589 732 ΙΙέτρου,
1621 656 1726 713 ἀπὸ
1775 661 1876 725 τῆς
1926 674 2036 729 χα-

2202 659 2382 725 Petri,
2408 676 2528 731 prae
2550 659 2765 732 gaudio
2788 676 2911 715 non
2932 661 3166 733 aperuit
3185 660 3680 728 vestibulum,sed
3704 661 3797 717 in-

360 772 390 802 “
424 753 520 825 Ρᾶξ
554 749 660 804 οὐκ·
688 748 883 822 ἤνοιξε
912 748 1007 802 τὸν
1038 746 1287 818 πυλῶνα,
1319 744 1691 822 εἰσδραμοῦσα
1739 743 1797 801 δὲ
1847 744 2036 822 ἀπήγ-

2167 770 2170 797 :
2206 753 2548 805 trocurrens
2577 749 2944 805 renuntiavit
2975 755 3131 805 stare
3165 755 3401 806 Petrum
3433 757 3572 806 ante
3615 751 3799 806 vesti-

368 861 401 892 »
432 836 617 916 γειλεν
651 839 873 894 ἑστάναι
906 838 996 894 τὸν
1036 841 1236 913 Πέτρον
1263 836 1372 909 πρὸ
1402 840 1503 892 τοῦ
1547 834 1825 898 πυλῶνος.
1885 835 1949 889 O't
1979 831 2039 891 δὶ

2167 837 2429 896 rbulum.
2463 845 2539 894 At
2563 840 2650 895 illi
2684 840 2965 896 dixerunt
2993 840 3069 897 ad
3126 856 3260 896 eam
3289 857 3304 897 :
3357 842 3589 899 Insanis
3614 842 3642 898 ?
3690 841 3800 897 Illa

371 950 401 981 ι
428 930 572 1004 πρὸς
599 929 776 1000 αὐτὴν
808 930 992 1001 εἷπον,
1026 917 1208 1004 Μαίνῃ
1237 947 1251 999 ;
1278 929 1343 986 Ἠ
1403 923 1463 983 δὶ
1513 924 1893 1007 διισχυρίζετο
1942 926 2039 982 οὕ-

2167 954 2171 977 ι
2212 945 2343 986 vero
2374 929 2716 987 affirmabat
2745 930 2830 987 sic
2862 947 2925 987 se
2956 930 3196 987 habere.
3234 953 3262 981 ››

376 1045 398 1071 ο
433 1041 549 1081 τως
584 1018 761 1095 ἔχειν.
798 1042 828 1070 ››

439 1110 514 1168 Τί
547 1110 688 1177 ἔστι,
719 1130 747 1154 α
777 1106 1006 1164 συνιδών
1034 1126 1048 1177 ;
1081 1134 1106 1161 ι
1140 1109 1267 1165 Ὅτι
1298 1106 1407 1183 οὐχ
1430 1104 1624 1169 ἁπλῶς
1650 1103 1905 1171 ἀπελθεῖν
1936 1102 2039 1175 δεῖ,

364 1198 502 1256 ἀλλ’
544 1199 884 1273 ἀμείψασθαι
935 1199 1030 1253 τὸν
1090 1197 1378 1273 εὐεργέτην
1445 1219 1474 1249 ι(
1506 1197 1619 1253 Τοῦ
1671 1192 2039 1269 ἐπικαλουμέ-

2216 1108 2369 1175 Quid
2382 1114 2491 1172 est,
2508 1132 2535 1177 ιι
2551 1109 2693 1165 dum
2706 1109 3114 1185 cognovisset?
3129 1131 3158 1160 »
3171 1111 3391 1182 Nempe
3406 1110 3566 1181 quod
3588 1127 3708 1166 non
3722 1117 3810 1166 ut-

2147 1214 2383 1270 cunque
2393 1198 2714 1256 abscedere
2727 1199 3164 1273 oporteret,sed
3186 1200 3340 1256 vices
3358 1200 3689 1271 rependere
3707 1200 3807 1256 be-

365 1312 468 1345 νου
504 1291 761 1365 Μάρκου.
796 1314 826 1340 ιι
858 1290 970 1345 Ἵνα
1030 1285 1176 1362 δείξῃ
1233 1285 1321 1342 ὅτι
1378 1286 1443 1341 οὗ
1504 1289 1601 1340 τοῦ
1658 1284 1740 1341 ἀεὶ
1793 1285 2042 1347 συνόντος

2167 1288 2459 1344 Iefactori.
2485 1313 2512 1340 ιι
2538 1290 2646 1355 Qui
2670 1289 3211 1363 cognominabatur
3228 1291 3476 1353 Marcus,
3510 1314 3530 1343 ι
3561 1290 3633 1345 Ut
3659 1289 3811 1345 scias

369 1380 569 1440 αὐτοῖς
633 1377 888 1434 Ἰωάννου
946 1378 1047 1445 τήν
1107 1377 1316 1452 μητέρα
1376 1376 1533 1450 φησὶ,
1599 1374 1690 1430 καὶ
1747 1375 1810 1430 τὸ
1866 1374 2041 1450 παρά-

2152 1378 2310 1450 quod
2336 1385 2590 1436 matrem
2622 1397 2745 1435 non
2776 1379 2937 1436 dicat
2970 1381 3102 1451 ejus
3131 1380 3397 1447 Joannis,
3431 1380 3534 1451 qui
3578 1396 3817 1451 semper

371 1489 562 1540 σημον
614 1466 785 1522 αὑτοῦ
855 1465 1082 1531 τέθεικε,
1165 1465 1298 1541 φησί
1376 1465 1505 1539 γὰρ,
1565 1488 1595 1518 ιι
1656 1465 1769 1521 Τοῦ
1854 1462 2046 1519 ἐπικα-

2167 1485 2288 1524 :um
2317 1469 2405 1525 eis
2435 1476 2701 1526 versatus
2732 1476 2880 1533 erat,
2938 1470 3102 1525 illius
3147 1470 3383 1542 signum
3433 1469 3681 1533 addidit.
3734 1470 3819 1525 ait

376 1556 663 1630 λουμένου
696 1556 946 1631 Μάρκου.
982 1577 1010 1607 ››
1057 1554 1231 1617 Οὗτος
1285 1551 1345 1609 δὲ
1398 1552 1489 1624 ἦν,
1552 1553 1581 1608 6
1636 1552 1728 1608 καὶ
1786 1553 1848 1609 τὸ
1910 1554 2048 1609 κατὰ

384 1650 605 1721 Nisum
667 1643 1002 1721 Εὐαγγέλιω
1056 1645 1538 1723 συγγραψάμενος,
1569 1642 1850 1720 ὁᾶνεψιὸς
1906 1650 2048 1721 Βαρ-

395 1732 557 1805 νὰὖα,
601 1736 723 1809 περὶ
783 1736 848 1790 οὗ
906 1735 1126 1798 Παῦλος
1178 1735 1375 1811 γράφει
1434 1730 1710 1807 Τιμοθέῳ·
1770 1757 1799 1786 ιι
1830 1732 2051 1809 Μάρκον

2154 1559 2354 1615 enim:
2389 1582 2415 1609 «
2451 1560 2560 1626 Qui
2590 1560 3134 1633 cognominabatur
3155 1562 3404 1616 Marcus.
3439 1583 3459 1609 ι
3488 1560 3591 1615 Hic
3610 1565 3816 1616 autem

2156 1656 2283 1705 erat
2313 1651 2415 1721 qui
2448 1650 2830 1720 Evangelium
2867 1651 3197 1707 secundum
3231 1652 3490 1706 Marcum
3543 1650 3817 1706 conscri-

2155 1739 2296 1812 psit,
2319 1756 2505 1812 nepos
2531 1739 2833 1808 Barnabaa,
2860 1740 2931 1796 de
2963 1757 3079 1812 quo
3112 1740 3332 1796 Paulus
3376 1739 3590 1796 scribit
3617 1740 3816 1795 Timo-

403 1819 678 1881 ἀναλαϐὼν
894 1824 1029 1898 μετᾶ
1078 1827 1324 1882 σεαυτοῦ.
1406 1824 1568 1880 Ἔστι
1649 1822 1754 1897 γάρ
1809 1843 1904 1897 μοι
1962 1818 2049 1878 εῦ-

2167 1828 2295 1884 theo
2326 1846 2340 1884 :
2374 1851 2402 1879 ιι
2437 1829 2702 1886 Marcum
2732 1837 3109 1902 assumptum
3136 1829 3414 1885 adducito
3445 1844 3570 1885 una
3590 1834 3812 1899 tecum,

402 1935 637 1991 χρηστος
668 1913 742 1975 εἷς
771 1911 1071 1969 διακονίαν.
1106 1935 1129 1961 η

464 2030 493 2056 ιι
527 2004 595 2060 Οἱ
627 2000 689 2058 δὲ
737 1999 949 2078 ἔλεγον,
1009 2001 1092 2057 ὅτι
1153 1999 1385 2079 ἃγγελος
1444 2002 1618 2057 αὐτοῦ
1668 2000 1837 2060 ἆστιν.
1887 2001 1950 2059 Ὀ
1992 1996 2052 2055 δὲ

386 2118 417 2147 ιι
449 2094 660 2169 Πέτρος
692 2092 919 2166 ἐπέμενε
955 2091 1194 2169 κρούων.
1254 2092 1591 2162 Ἀνοίξαντες
1647 2088 1705 2146 δὲ
1757 2087 1906 2146 εἶδον
1955 2088 2052 2145 αὖ-

383 2209 415 2237 ιι
440 2184 566 2253 τὸν,
598 2183 695 2238 καὶ
725 2182 1037 2254 ἐξέστησαν.
1101 2181 1429 2245 Κατασείσας
1462 2179 1520 2237 δὲ
1547 2180 1739 2243 αὐτοῖς
1784 2184 1852 2255 τῇ
1902 2177 2051 2256 χειρὶ

378 2299 410 2327 ιι
447 2277 640 2349 σιγᾷν,
675 2269 979 2348 διηγήσατο
1012 2272 1220 2341 αὐτοῖς,
1251 2276 1370 2333 πῶς
1428 2272 1458 2326 6
1506 2269 1710 2347 Κύριος
1758 2269 1917 2325 αὐτὸν
1967 2269 2051 2340 ἦξ-

395 2390 423 2417 α
457 2361 668 2439 τςναγεν
727 2363 789 2418 ἐκ
843 2369 945 2434 τῆς
998 2360 1267 2441 φυλακῆς,
1345 2362 1462 2418 εἶπε
1520 2359 1596 2417 δέ’
1656 2358 2053 2436 Ἀπαγγείλατε

383 2479 412 2505 α
446 2448 713 2526 Ἰακώϐῳ
768 2452 860 2509 καὶ
916 2458 1034 2515 τοῖς
1091 2449 1352 2532 ἀδελφοῖς
1408 2456 1597 2508 ταῦτα·
1656 2450 1760 2508 Καὶ
1818 2447 2050 2524 ἐξελθὼν

381 2567 411 2596 ιι
446 2542 733 2618 ἐπορεύθη
767 2541 845 2604 είς
902 2538 1087 2617 ἓτερον
1144 2541 1331 2598 τόπον.
1385 2540 1684 2615 Οενομένης
1742 2538 1801 2596 δὲ
1841 2541 2053 2615 ἡμέρας

382 2659 414 2686 ιι
456 2634 532 2702 ἦν
562 2651 815 2708 ταραχος
845 2630 945 2687 οὐκ
975 2629 1164 2708 ὀλίγος
1192 2631 1243 2687 έν
1283 2637 1403 2694 τοῖς
1450 2631 1832 2705 στρατιώταις,
1863 2632 1916 2687 τί
1949 2629 2053 2707 ἄρα

381 2747 414 2777 ιι
448 2724 479 2777 ὁ
514 2721 729 2797 Πέτρος
759 2720 996 2796 ἐγένετο.
1054 2717 1308 2797 Ἡρώδης
1367 2718 1425 2777 δὲ
1480 2718 1815 2792 ἐπιζητήσας
1862 2720 2050 2791 αὐτὸν,

390 2813 536 2868 ικαὶ
598 2812 681 2884 μὴ
733 2811 933 2884 εὑρὼν,
982 2810 1267 2885 ἀνακρίνας
1318 2809 1447 2873 τοὺς
1505 2809 1771 2885 φύλακας,
1834 2807 2054 2865 ἐκέλευ-

381 2927 415 2958 ιι
448 2923 536 2958 σεν
575 2902 920 2976 ἀπαχθῆναι,
978 2900 1071 2956 καὶ
1129 2900 1409 2973 κατελθὼν
1461 2899 1566 2957 ἀπὸ
1622 2903 1721 2969 τῆς
1780 2896 2052 2964 Ἰουδαίας

382 3018 412 3047 ιι
443 2991 525 3056 εἷς
584 2991 691 3060 τήν
737 2987 1085 3063 Καισάρειαν,
1147 2984 1427 3066 διέτριϐεν.
1509 2990 1610 3048 Ἦν
1673 2985 1732 3045 δὶ
1796 2987 2051 3065 Ἡρώδης

385 3110 413 3137 ιι
444 3085 816 3157 θυμομαγῶν
845 3082 1071 3161 Τυρίοις
1094 3082 1186 3137 καὶ
1217 3080 1514 3145 Σιδονίοις.
1574 3078 1962 3156 Ὁμοθυμαδὸν
1994 3078 2053 3137 δὲ

384 3198 413 3226 ιι
446 3180 712 3249 μαρῆσαν
739 3172 879 3246 πρὸς
922 3171 1108 3242 αὐτὸν,
1165 3173 1257 3228 καὶ
1315 3172 1598 3235 πείσαντες
1649 3168 1898 3230 Βλάστον
1954 3170 2049 3227 τὸν

384 3290 415 3319 ιι
441 3233 542 3321 έπέ
565 3269 671 3320 τοῦ
702 3269 967 3325 κοιτῶνος
999 3268 1096 3321 σοῦ
1155 3263 1448 3341 βασιλέως,
1503 3264 1737 3341 ᾐτοῦντο
1795 3261 2049 3339 εἰρήνην,
2080 3233 2125 3301 C

383 3382 411 3410 ιι
449 3353 548 3411 διὰ
572 3357 647 3411 τδ
671 3353 962 3431 τρέφεσθαι
994 3352 1173 3411 αὐτῶν
1201 3356 1303 3425 τὴν
1345 3355 1535 3432 χώραν
1594 3353 1704 3410 ἀπὸ
1751 3360 1852 3424 τῆς
1900 3354 2050 3429 βασι·

386 3472 417 3500 ιι
447 3444 644 3514 λικῆς.
685 3467 737 3503 ιι.
1902 3450 1904 3453 ³

460 3561 489 3587 ιι
523 3533 810 3613 Ἀγγελος
840 3534 1004 3590 αὐτοῦ
1033 3534 1200 3593 ἐστιν.
1230 3557 1257 3590 ε
1293 3536 1390 3592 Ἐκ
1445 3533 1646 3591 τούτου
1703 3530 1907 3604 δῆλον,
1966 3529 2051 3590 ὅτι

386 3624 618 3687 ’ἐκαπος
649 3628 815 3698 ἡμῶν
844 3623 1078 3702 ἄγγελον
1118 3619 1258 3700 ἔχει.
1319 3627 1554 3682 Ἐκεῖνοι
1614 3621 1674 3680 δὶ
1722 3628 1887 3681 τοῦτο
1943 3623 2051 3680 ἀπὸ

401 3721 503 3771 τοῦ
554 3721 739 3790 καιροῦ
788 3713 1222 3792 προσεδόκησαν.
1278 3715 1424 3787 Φησί
1477 3715 1600 3791 γάρ·
1652 3742 1681 3769 ιι
1716 3717 1893 3773 ὐπου
1947 3714 2053 3771 εῗσὶ

416 3806 714 3879 εῖν-δηγμένο
758 3808 834 3871 ε“ς
866 3809 929 3864 τὸ
962 3808 1093 3881 ἐμὸν
1126 3803 1324 3883 ὄνομα,
1376 3805 1488 3864 ἐκεῖ
1536 3807 1653 3881 εἶμι
1707 3807 1759 3863 ἒν
1819 3806 1990 3880 μέσῳ.
2025 3831 2055 3860 ››

416 3895 555 3951 ὅπου
584 3893 687 3952 δὲό
717 3899 969 3974 Χριστὸς,
1001 3898 1203 3973 ἀνάγκη
1264 3900 1406 3955 εἶναι
1462 3898 1555 3954 καὶ
1611 3896 1905 3973 ἀγγέλους,
1962 3895 2054 3952 καὶ

402 3988 500 4049 τας
529 3985 660 4049 ὅλας
700 3984 977 4061 δυνάμεις.
1009 4009 1032 4034 α
1065 3987 1331 4058 Ἐξελθὼν
1384 3985 1443 4044 δὶ
1473 3989 1502 4044 6
1532 3986 1739 4063 Πέτρος
1785 3986 2053 4062 ἐπορεύθη

397 4077 477 4140 είς
508 4073 697 4152 ’ἕτερον
723 4077 913 4133 τόπον.
945 4099 973 4130 ι)
1004 4076 1082 4136 Οὐ
1120 4078 1225 4154 γὰρ
1282 4076 1529 4152 ἐπείραζε
1586 4076 1678 4132 τὸν
1737 4075 1894 4135 Θεόν.
1963 4084 2059 4131 Δυ-

387 4166 552 4221 νατὸν
589 4163 648 4221 δὲ
701 4166 768 4236 ἦν
825 4170 905 4237 τῷ
960 4170 1077 4239 Θεῷ
1128 4167 1215 4222 καὶ
1269 4168 1402 4230 τοὺς
1456 4165 1702 4245 φύλακας
1760 4163 2054 4239 έεελέσθαι.

386 4256 556 4317 Ἀλλ’
590 4255 643 4311 εἴ
671 4261 857 4327 τοῦτο,
890 4254 1154 4331 ἐνομίσθη
1211 4254 1271 4311 ἄν
1305 4258 1452 4336 φυγὴ
1511 4257 1649 4312 εἶναι
1697 4255 1759 4311 τὸ
1807 4261 2053 4331 πρᾶγμα.

2160 1923 2252 1973 est
2280 1918 2436 1974 enim
2469 1919 2618 1975 mihi
2649 1920 2922 1991 perutilis
2951 1919 3027 1975 ad
3057 1919 3458 1975 ministerium
3487 1917 3531 1974 ³.
3567 1940 3596 1968 ››

2230 2009 2363 2076 XII,
2399 2010 2461 2064 I5
2496 2010 2586 2064 20.
2624 2031 2652 2060 «
2685 2009 2780 2064 Illi
2805 2016 3004 2065 autem
3037 2009 3318 2065 dicebant
3348 2025 3361 2063 :
3397 2008 3652 2077 Angelus
3685 2008 3815 2080 ejus

2163 2119 2189 2150 ι
2214 2105 2304 2153 est
2329 2115 2342 2154 :
2367 2100 2578 2155 Petrus
2605 2115 2742 2155 vero
2784 2099 3199 2171 perseverabat
3228 2098 3494 2170 pulsans.
3531 2099 3677 2153 Cum
3708 2113 3817 2153 au—

2161 2191 2333 2243 «tem
2359 2188 2754 2260 aperuissent,
2785 2187 3061 2244 viderunt
3087 2203 3225 2243 eum
3258 2193 3317 2242 et
3354 2187 3817 2258 obstupuerunt.

2160 2300 2189 2328 ι‹
2215 2279 2361 2333 Cum
2388 2278 2687 2335 inuuisset
2704 2284 2904 2334 autem
2926 2278 3012 2334 eis
3042 2282 3206 2333 mota
3226 2281 3504 2337 manu.ut
3524 2280 3814 2344 tacerent,

2161 2387 2191 2416 ιι
2223 2366 2485 2423 narravit
2515 2366 2661 2438 ipsis
2693 2366 2991 2438 quomodo
3026 2365 3330 2421 eduxisset
3359 2381 3495 2421 eum
3527 2366 3817 2420 Dominus

2116 2478 2123 2481 τ
2162 2483 2190 2510 ιι
2212 2474 2514 2518 ecarcere.
2539 2459 2724 2515 etait:
2745 2459 3023 2514 Nuntiate
3052 2457 3267 2513 Iacobo
3287 2455 3645 2513 etfratribus
3668 2456 3820 2512 haac.

2162 2569 2190 2597 ιι
2226 2549 2296 2602 Et
2325 2563 2599 2621 egressus
2619 2547 2770 2604 abiit
2797 2547 2858 2603 in
2890 2547 3076 2611 alium
3110 2547 3329 2603 locum.
3365 2546 3475 2602 Ubi
3506 2562 3641 2602 vero
3664 2544 3822 2600 dilu-

2160 2659 2189 2689 ιι
2206 2636 2549 2704 xisset,erat
2565 2637 2823 2695 turbatio
2847 2654 2968 2693 non
2990 2653 3171 2709 parva
3194 2637 3354 2692 inter
3375 2635 3617 2698 milites.
3645 2634 3817 2707 quid-

2162 2749 2190 2778 ‹‹
2224 2744 2364 2784 nam
2395 2728 2712 2784 accidisset
2739 2726 2813 2783 de
2842 2730 3037 2783 Petro.
3063 2726 3326 2783 Herodes
3346 2733 3545 2782 autem
3568 2741 3702 2781 cum
3726 2739 3819 2779 re-

2165 2838 2193 2869 ι‹
2221 2817 2507 2890 quisisset
2534 2834 2670 2874 eum
2701 2834 2812 2874 nec
2842 2817 3183 2883 invenisset,
3216 2816 3585 2872 examinatos
3617 2820 3817 2871 custo-

2168 2926 2192 2957 ι
2224 2908 2329 2964 des
2356 2908 2536 2981 jussit
2559 2907 2771 2965 abduci
2798 2926 2813 2975 ;
2836 2907 3327 2979 descendensque
3350 2923 3385 2963 a
3402 2905 3604 2962 Judaaa
3620 2905 3812 2960 Caesa-

2163 3019 2192 3048 ιι
2227 3015 2411 3067 ream,
2444 2998 2526 3053 ibi
2557 3004 2960 3055 commoratus
2992 3003 3099 3054 est.
3132 2999 3271 3052 Erat
3298 3003 3499 3053 autem
3552 2995 3813 3050 Herodes

2163 3110 2191 3141 «
2224 3088 2496 3145 infensus
2526 3088 2715 3161 Tyriis
2736 3104 2803 3143 ac
2835 3087 3115 3144 Sidoniis.
3150 3091 3222 3141 At
3243 3086 3331 3141 illi
3356 3102 3474 3141 uno
3496 3084 3699 3141 animo
3718 3100 3817 3139 ve-

2165 3199 2190 3230 ι
2227 3184 2449 3234 nerunt
2477 3177 2551 3234 ad
2583 3194 2720 3234 eum
2746 3194 2759 3233 :
2794 3182 2853 3233 et
2880 3192 3164 3249 persuaso
3190 3175 3408 3243 Blasto,
3440 3174 3540 3247 qui
3565 3178 3820 3245 praeerat

2167 3290 2195 3320 ιι
2226 3268 2501 3325 cubiculo
2539 3267 2696 3340 regis
2726 3266 3010 3340 petebant
3037 3281 3267 3338 pacem,
3327 3281 3396 3320 eo
3463 3263 3617 3321 108
3656 3261 3817 3335 quod

2165 3381 2188 3409 ι
2222 3358 2484 3414 aleretur
2512 3358 2673 3431 regio
2699 3373 2907 3414 eorum
2928 3372 3170 3413 annona
3194 3354 3371 3428 regis.
3413 3372 3437 3397 υ

2236 3568 2261 3592 (ι
2283 3538 2543 3612 Angelus
2560 3539 2692 3611 ejus
2708 3544 2816 3595 est.
2834 3560 2860 3590 ι
2883 3539 2966 3594 Ex
2977 3539 3089 3594 hoc
3104 3536 3488 3594 manifestum
3504 3539 3783 3605 estquem
3796 3564 3821 3575 -

2162 3645 2279 3701 que
2309 3636 2581 3685 nostrum
2614 3628 2832 3685 habere
2863 3628 3162 3701 angelum.
3186 3626 3281 3682 Illi
3310 3641 3446 3681 vero
3468 3625 3581 3681 hoc
3611 3641 3646 3679 a
3668 3630 3819 3680 tem-

2160 3722 2325 3794 poris
2355 3720 2669 3776 occasione
2692 3717 3131 3775 existimabant.
3159 3717 3257 3771 Ait
3278 3716 3468 3771 enim:
3494 3736 3522 3764 «
3547 3713 3655 3770 Ubi
3677 3717 3818 3768 sunt

2162 3812 2280 3868 duo
2301 3812 2391 3866 vel
2414 3817 2533 3865 tres
2555 3809 2889 3882 congregati
2922 3809 2983 3862 in
3017 3808 3260 3863 nomine
3285 3821 3438 3867 meo,
3472 3802 3554 3859 ibi
3585 3819 3713 3859 sum
3750 3803 3812 3857 in

2163 3900 2359 3957 medio
2389 3916 2597 3956 eorum
2618 3900 2658 3953 ‘.
2686 3920 2713 3948 »
2738 3898 2846 3954 Ubi
2877 3903 3076 3953 autem
3108 3902 3199 3951 est
3226 3895 3518 3960 Christus,
3570 3907 3817 3947 necesse

2166 3998 2256 4050 est
2284 3991 2463 4048 simul
2488 4006 2616 4046 esse
2650 3995 2708 4046 et
2739 3986 3436 4060 angelos,universasque
3466 3986 3813 4055 potestates.

2165 4106 2194 4136 «
2210 4085 2280 4139 Et
2291 4098 2563 4156 egressus
2584 4082 2795 4136 Petrus
2811 4078 2957 4134 abiit
2970 4078 3030 4132 in
3043 4077 3227 4132 alium
3245 4075 3463 4130 locum.
3475 4096 3501 4121 »ι
3516 4074 3642 4127 Non
3656 4071 3815 4127 enim

2166 4172 2434 4229 tentabat
2462 4172 2668 4226 Deum.
2702 4167 2994 4224 Possibile
3025 4171 3225 4223 autem
3256 4165 3375 4221 Deo
3405 4168 3533 4219 erat
3552 4160 3731 4217 simul
3756 4166 3817 4216 et

2166 4262 2445 4320 custodes
2475 4261 2743 4332 eripere:
2774 4274 2979 4313 verum
3012 4257 3062 4313 si
3095 4255 3152 4311 id
3183 4261 3381 4310 actum
3438 4252 3670 4319 fuisset,
3718 4266 3819 4305 res

390 4345 631 4404 Μᾶλλον
667 4348 772 4423 γὰρ
830 4346 992 4402 αὑτὸν
1056 4346 1247 4404 ἑλυπει
1301 4348 1366 4404 τὸ
1419 4347 1819 4424 ἰμπαιχθῆναι,
1873 4344 2051 4422 ὥσπερ

2167 4352 2429 4426 judicata
2443 4350 2656 4405 fuisset
2675 4364 2805 4403 esse
2822 4347 2977 4421 fuga.
3004 4345 3183 4419 Magis
3204 4350 3403 4401 autem
3427 4338 3820 4399 contristabat

395 4438 503 4494 ὑπὸ
535 4441 648 4491 τῶν
683 4436 900 4511 μάγων,
956 4435 1046 4491 τὸν
1107 4435 1273 4493 αὐτοῦ
1328 4435 1549 4493 πάππον
1612 4434 1828 4511 μᾶλλον
1885 4435 2055 4492 ἐποίει

385 4526 855 4603 διαπρίεσθαικαὶ
897 4526 1300 4603 καταγέλαστον
1360 4530 1524 4585 εἶναι.
1584 4528 1709 4602 [Διὰ
1755 4528 1808 4583 τί
1858 4525 1917 4584 δὲ
1977 4530 2054 4602 μή

380 4617 478 4674 καί
539 4619 599 4673 οἱ
651 4614 888 4680 κόλακες
945 4616 1318 4687 κολάζονται;

388 4709 531 4779 ἃξιοι
564 4706 866 4783 τιμωρίας.
904 4704 1061 4765 Ἀλλ’
1088 4706 1204 4763 ἐπεὶ
1234 4707 1468 4782 κρίσεως
1527 4706 1628 4764 οὐκ
1675 4705 1790 4764 ἔστι
1840 4707 2058 4783 καιρὸς,

384 4800 416 4853 6
450 4798 698 4873 μάλιστα
730 4796 1029 4871 ὑπεύθυνος
1054 4795 1395 4872 κολάζεται.]

462 4914 489 4938 ιι
536 4890 727 4952 Τακτῆ
763 4884 820 4943 δὲ
850 4885 1036 4960 ὕμέρᾳ
1067 4888 1095 4941 ὁ
1152 4884 1409 4962 Ἦρώδης
1457 4884 1813 4961 ἐνδεδυμένος
1862 4885 2059 4957 ἐσθῆτα

389 4977 781 5055 «βασιλικήν,
818 4977 910 5034 καὶ
940 4978 1167 5042 καθίσας
1217 4976 1305 5032 ἐπὶ
1362 4981 1460 5034 τοῦ
1516 4979 1790 5054 βήματος,
1840 4974 2057 5049 ἐδημη-

397 5072 603 5146 ιιγόδςει
636 5071 781 5144 πρὸς
830 5066 1059 5131 αὗτοῦς.
1115 5073 1175 5126 Ὀ
1234 5065 1293 5124 δὲ
1352 5065 1531 5141 δῆμος
1577 5066 1860 5145 ἐπεφώνει.
1924 5067 2058 5122 θεοῦ

387 5183 413 5214 ι
450 5163 623 5238 φωνή,
681 5160 774 5219 καί
808 5160 916 5216 οὑκ
968 5156 1284 5230 ἀνθρώπου.
1346 5160 1699 5234 Παραχρῆμα
1754 5153 1812 5212 δὲ
1866 5154 2061 5213 έπάτα.

388 5274 416 5305 ιι
441 5253 520 5324 ξεν
546 5254 715 5312 αὑτὸν
752 5247 1013 5329 ἅγγελος
1046 5246 1272 5323 Κυρίου,
1304 5247 1417 5312 ἀνθ’
1476 5245 1552 5302 ὥν
1603 5267 1703 5302 ουκ
1746 5240 1916 5301 ἔδωκε
1964 5242 2057 5301 δό-

373 5346 513 5419 αξιν
568 5352 654 5423 τῷ
712 5353 868 5404 Θεω’
933 5338 1030 5393 καὶ
1091 5337 1381 5413 γενόμενος
1439 5330 1921 5411 σκωληκόϐρωτος
1976 5334 2061 5405 ἰξ-

357 5462 387 5493 ιι
416 5439 619 5519 ἔψυξεν.
661 5440 726 5501 Ὀ
771 5434 835 5494 δὲ
902 5427 1087 5505 λόγος
1145 5431 1242 5485 τοῦ
1298 5432 1433 5513 Θεοῦ
1489 5422 1678 5502 ηὔξανε
1732 5427 1825 5482 καὶ
1879 5423 2059 5497 ἐπλη-

384 5733 649 5795 ἰΙΤὶω
712 5742 797 5795 ιν,
846 5712 968 5773 ίί·

2168 4459 2304 4499 eum
2335 4440 2494 4513 quod
2520 4439 2734 4495 illusus
2765 4443 2942 4507 esset,
3003 4433 3508 4507 quemadmodum
3552 4438 3820 4503 tempore

2163 4547 2474 4605 magorum
2506 4544 2679 4585 avum
2710 4528 2900 4600 ipsius
2930 4525 2991 4581 id
3011 4525 3271 4598 amplius
3305 4521 3589 4579 dissecari
3636 4519 3820 4576 facie-

1403 4617 1706 4698 ἀμφότεροι
1766 4618 1861 4691 μὲν
1916 4618 2051 4687 ἦσαν

2167 4622 2268 4678 bat
2297 4619 2457 4692 quod
2487 4617 2746 4674 ludibrio
2776 4615 3016 4672 habitus
3046 4620 3206 4671 esset
3232 4614 3273 4668 ⁸.

2238 4876 2357 4940 XII,
2390 4874 2580 4927 21-25.
2613 4892 2640 4919 ιι
2674 4869 2900 4924 Statuto
2928 4870 3128 4923 autem
3159 4864 3255 4920 die
3282 4862 3544 4919 Herodes
3574 4860 3821 4917 vestitus

2172 4988 2199 5018 ιι
2222 4969 2382 5021 veste
2404 4961 2565 5036 regia
2587 4959 2741 5017 sedit
2757 4975 2861 5032 pro
2875 4955 3251 5015 tribunali.et
3270 4951 3736 5011 concionabatur
3748 4951 3823 5006 ad

2168 5076 2195 5107 ιι
2231 5072 2352 5111 eos.
2387 5051 2651 5125 Populus
2680 5067 2817 5105 vero
2848 5046 3245 5104 acclamabat:
3283 5047 3402 5101 Vox
3450 5044 3554 5100 Dei
3612 5048 3672 5099 et
3698 5059 3823 5099 non

2167 5171 2198 5202 ιι
2231 5145 2515 5204 hominis.
2546 5142 2866 5200 Confestim
2889 5146 3085 5197 autem
3107 5136 3552 5211 percussiteum
3576 5134 3824 5209 angelus

2168 5263 2197 5294 ιι
2234 5238 2494 5305 Domini,
2528 5253 2598 5293 eo
2626 5233 2787 5307 quod
2818 5249 2940 5289 non
2972 5230 3235 5287 dedisset
3291 5229 3543 5303 gloriam
3577 5227 3735 5283 Deo:
3767 5230 3828 5281 et

2168 5353 2198 5383 ιι
2233 5346 2440 5387 erosus
2462 5344 2498 5384 a
2515 5325 2815 5382 vermibus
2838 5322 3155 5394 exspiravit
3197 5324 3488 5378 Caeterum
3507 5318 3609 5374 Dei
3628 5332 3825 5373 sermo

2169 5444 2200 5476 ιι
2235 5418 2542 5478 crescebat
2569 5433 2639 5473 ac
2668 5411 3199 5486 multiplicabatur.
3224 5410 3524 5468 Barnabas
3544 5413 3746 5465 autem
3770 5410 3831 5462 et

1056 5704 1079 5741 ⁴
1108 5705 1286 5764 Matth
1339 5723 1499 5771 xvm.
1541 5709 1629 5762 20.
1706 5705 1732 5742 ⁵
1760 5704 1958 5763 Matth.
1996 5718 2060 5772 η,
2093 5703 2177 5760 lo.
