4112 6436
406 345 524 405 199

1491 334 1918 397 ἝΟΗΜΕΝΙῙ
1963 333 2265 396 ΤιιιοοιΕ
2311 335 2731 400 EPISGOPUS

3707 337 3825 400 200

413 497 435 528 ι
466 476 679 534 Saulus
702 471 919 530 reversi
940 474 1080 527 sunt
1099 468 1424 526 Jerusalem
1446 466 1680 541 expleto
1699 467 2051 535 ministerio,

2180 491 2204 519 ε
2241 466 2450 532 θύνετο.
2484 461 2769 544 Βαρνάϐας
2811 464 2870 524 δὶ
2925 465 3018 523 καὶ
3087 467 3304 532 Σαῦλος
3358 465 3693 544 ὖπέστριψαν
3749 467 3835 535 είς

408 590 434 618 ‹‹
456 570 760 636 assumpto
779 569 837 618 et
851 561 1208 632 Joanne,qui
1224 558 1759 634 cognominabatur
1772 559 2056 615 Marcus.»

475 857 502 885 ‹‹
529 833 792 905 Populus
814 849 949 889 vero
977 830 1363 887 acclamabat.
1394 852 1420 879 ιι
1453 832 1523 885 Et
1550 829 1690 901 quid
1713 829 1786 885 ad
1817 830 1976 884 hunc
2008 827 2056 883 si

409 922 495 976 illi
522 921 1205 986 vociferabantur?Quia
1235 937 1434 975 vocem
1465 918 1744 990 suscepit.
1779 916 1938 989 quod
1968 933 2062 972 se-

400 1013 597 1085 ipsum
615 1014 712 1084 huj
725 1011 956 1066 usmodi
973 1010 1375 1066 assentatione
1394 1009 1632 1081 dignum
1645 1007 2056 1064 arbitraretur.

402 1103 566 1170 Quod
601 1103 649 1157 si
684 1103 780 1157 hic
811 1101 951 1172 quia
981 1100 1224 1160 audivit.
1262 1101 1379 1154 Vox
1411 1099 1511 1154 Dci
1542 1105 1602 1154 et
1631 1115 1750 1152 non
1776 1096 2059 1164 hominis,

403 1208 747 1264 quanquam
764 1191 916 1245 nihil
934 1190 1254 1255 dixit,talia
1278 1205 1488 1260 passus
1509 1195 1616 1243 est:
1639 1193 1859 1259 quanto
1875 1186 2061 1258 magis

395 1283 664 1338 Christus
687 1283 733 1337 si
760 1283 912 1336 Deus
947 1297 1068 1335 non
1099 1280 1332 1344 fuisset,
1368 1296 1502 1334 cum
1536 1279 1662 1350 ipse
1697 1294 1934 1349 semper
1962 1276 2052 1332 di-

396 1377 577 1434 ceret,
603 1394 631 1420 «
651 1371 837 1426 Verba
854 1373 979 1426 haec
996 1387 1112 1425 non
1137 1376 1276 1425 sunt
1292 1386 1449 1434 mea;
1480 1390 1502 1420 υ
1523 1377 1610 1423 et:
1641 1392 1666 1418 «
1683 1367 1889 1440 Angeli
1906 1365 2055 1421 mihi

399 1463 837 1518 ministrant?»
859 1463 976 1516 l-loc
994 1466 1190 1515 autem
1211 1468 1474 1531 tempore
1497 1458 1666 1514 tertio
1683 1457 2062 1530 regniAgrip-

401 1569 490 1622 pa:
523 1567 680 1607 anno
710 1551 869 1605 venit
898 1551 1250 1608 Caesaream.
1280 1566 1410 1619 quae
1438 1548 1604 1620 prius
1633 1547 1835 1601 Turris
1889 1546 2057 1600 Stra-

398 1641 557 1696 tonis
570 1639 1023 1696 vocabatur.Hic
1049 1647 1246 1694 autem
1263 1635 1864 1709 celebrabatOswpia:,
1894 1633 1952 1689 id
1969 1623 2063 1690 est

399 1731 740 1802 spectacula
773 1730 846 1784 ad
871 1730 1158 1784 honorem
1192 1729 1461 1789 Caesaris,
1484 1727 1680 1782 sciens
1702 1727 1827 1781 haec
1841 1726 2057 1780 festum

397 1819 696 1891 quoddam
719 1837 868 1874 esse.
898 1818 1167 1873 Secundo
1196 1835 1329 1873 vero
1354 1818 1828 1889 spectaculorum
1853 1815 1946 1871 die
1963 1831 2058 1870 ve-

401 1916 554 1965 stem
586 1910 834 1966 indutus
868 1915 1050 1965 totam
1078 1926 1147 1963 ex
1169 1915 1413 1981 argento
1430 1909 1835 1972 contextam,‘l
1853 1906 1954 1962 09
1975 1906 2059 1961 sic

402 2006 470 2054 ut
499 2000 849 2055 admiranda
880 2005 1196 2070 appareret
1227 2006 1478 2066 textura,
1515 1998 1830 2052 inchoante
1862 1995 1959 2052 die
1986 1994 2060 2052 ad

405 2089 704 2144 theatrum
739 2090 988 2144 accessit
1021 2105 1033 2141 :
1058 2088 1158 2142 ubi
1182 2087 1390 2159 primis
1412 2088 1597 2143 radiis
1614 2086 1910 2143 solaribus
1929 2103 2058 2142 sese

402 2177 848 2249 objicientibus,
909 2184 1220 2250 argentum
1266 2176 1418 2231 miro
1467 2177 1643 2232 modo
1695 2176 2058 2231 illustratum

399 2267 843 2338 resplendebat,
876 2267 1166 2340 fulgorem
1193 2265 1514 2337 quemdam
1545 2284 1666 2338 pra:
1694 2283 1755 2322 se
1772 2265 1968 2321 ferens
1990 2281 2058 2321 ac

399 2355 733 2421 horrorem,
763 2358 855 2412 his
879 2359 976 2429 qui
1000 2358 1338 2412 intentosin
1363 2358 1554 2430 ipsum
1582 2357 1910 2429 defigerent
1927 2373 2062 2423 ocu,

396 2446 508 2500 los.
539 2447 867 2518 Statimque
913 2453 1317 2502 assentatores
1375 2448 1529 2503 alius
1582 2447 1823 2503 aliunde
1883 2463 2055 2507 voces

394 2537 1036 2607 emittebanttanquam
1055 2537 1912 2609 Deumsalutantes.benignum
1927 2552 2056 2591 esse

395 2626 742 2681 asserenda.
767 2627 906 2689 Etsi.
930 2627 1233 2698 inquiunt,
1253 2629 1542 2682 hactenus
1563 2627 1729 2697 quasi
1753 2626 2058 2680 hominem

393 2716 566 2769 veriti
603 2732 830 2781 sumus,
858 2717 986 2787 jam
1022 2724 1218 2771 tamen
1262 2717 1508 2788 posthac
1553 2723 1606 2771 te
1666 2717 1954 2787 majorem
1989 2731 2058 2770 ea

402 2812 620 2860 natura
649 2806 1023 2860 conﬁtemur.
1063 2808 1180 2862 Hos
1209 2811 1408 2860 autem
1442 2821 1563 2860 non
1597 2805 1926 2876 increpavit
1956 2821 2058 2858 rex

394 2911 589 2966 neque
622 2895 867 2966 impiam
902 2897 1373 2952 assentationem
1426 2901 1729 2951 aversatus
1784 2901 1891 2950 est.
1948 2895 2050 2948 Su-

391 2984 650 3054 spiciens
683 2985 884 3057 itaque
918 2987 1096 3057 paulo
1158 2993 1311 3059 post,
1363 2985 1664 3040 bubonem
1714 2985 1894 3056 capiti
1947 3000 2054 3039 suo

390 3074 809 3130 imminentem
831 3077 1171 3148 viditsuper
1188 3076 1508 3147 quemdam
1523 3075 2049 3132 funiculum:hunc

388 3165 587 3220 statim
614 3166 890 3238 angelum
910 3166 1129 3221 malum
1151 3166 1674 3222 intelleXItesse.et
1697 3165 1864 3220 nullo
1881 3171 2050 3237 pacto

384 3253 679 3310 bonorum
710 3256 1009 3311 nuntium.
1048 3256 1243 3311 Sensit
1270 3272 1404 3327 ergo
1436 3255 1706 3310 dolorem
1729 3255 2047 3326 circapraa-

2169 3247 2383 3320 ὀδύνην,
2425 3249 2624 3323 ἄθρους

387 3344 614 3411 cordia,
635 3362 700 3399 ac
724 3346 1073 3417 repentinus
1097 3346 1317 3400 ventris
1340 3345 1511 3400 dolor
1524 3362 1659 3401 cum
1676 3344 2050 3400 vehementia

387 3433 560 3488 illum
593 3434 896 3504 corripuit.
929 3434 1165 3488 Amicos
1191 3434 1371 3500 igitur
1391 3433 2047 3505 circumspicienszEgo,

389 3521 607 3592 inquit,
639 3522 741 3592 qui
773 3523 919 3578 deus
951 3522 1108 3593 apud
1141 3539 1241 3577 vos
1275 3522 1520 3585 habeor,
1547 3522 1676 3592 jam
1708 3522 1839 3576 vitae
1868 3522 2048 3576 ﬁnem

390 3609 705 3680 imponere
736 3628 932 3683 cogor,
967 3627 1102 3665 eum
1129 3612 1349 3666 factum
1369 3617 1577 3683 arguat
1599 3611 1776 3666 falsas
1799 3627 1927 3666 esse
1951 3626 2052 3664 vo-

390 3715 508 3764 ces,
545 3715 677 3771 quas
718 3701 894 3755 modo
927 3700 999 3755 de
1036 3717 1129 3755 me
1161 3701 1534 3757 ferebantur:
1571 3707 1630 3756 et
1686 3700 1786 3772 qui
1819 3718 1853 3755 a
1884 3699 2048 3755 vobis

390 3787 750 3844 immortalis
783 3790 976 3845 dictus
1006 3808 1157 3859 sum,
1194 3793 1322 3861 jam
1381 3791 1454 3846 ad
1515 3797 1766 3846 mortem
1825 3791 2044 3862 rapior.

2175 584 2195 609 ι
2229 557 2619 635 Ἰερουσαλὴμ,
2664 559 3057 632 πληρώσαντες
3096 561 3198 630 τήν
3259 557 3555 630 διακονίαν,
3607 580 3828 634 συμπα-

2172 672 2200 699 ‹‹
2234 644 2562 724 ραλαϐόντες
2615 651 2706 706 καὶ
2776 651 3030 721 Ἰωάννην
3081 651 3173 706 τὸν
3250 647 3614 720 ἐπικληθέντα
3671 652 3830 725 Μαρ-

2175 759 2202 792 Ι
2231 759 2348 796 κον.
2376 763 2403 792 η

2245 830 2357 882 «Ὀ
2389 825 2446 884 Si
2503 827 2683 903 δῆμος
2719 827 3001 909 ἐπεφώνει.
3035 850 3062 881 ι
3127 830 3232 887 Καὶ
3287 830 3341 885 τί
3409 831 3549 905 πρὸς
3606 833 3829 902 τοῦτον,

2171 917 2221 972 εἶ
2251 917 2444 973 ἐκεῖνοι
2476 913 2709 988 ἐϐόησαν
2744 938 2758 988 ;
2790 925 2908 974 Ὅτι
2950 916 3269 990 κατεδέξατο
3329 921 3430 989 τήν
3483 920 3692 1000 φωνην,
3738 920 3833 974 ὅτι

2171 1007 2316 1077 ἀξιον
2376 1008 2562 1062 ἑαυτὸν
2620 1008 2867 1081 ἐνόμισεν
2926 1009 3066 1064 εἶναι
3132 1016 3234 1078 τῆς
3289 1006 3604 1070 κολακείας.
3665 1007 3728 1063 El
3771 1006 3837 1063 δὲ

2171 1095 2329 1159 οὗτος
2364 1096 2595 1158 ἀκούσας
2650 1099 2732 1153 δτι
2788 1098 2940 1176 φωνὴ
3011 1101 3145 1153 Θεοῦ
3200 1096 3292 1153 καὶ
3351 1098 3454 1153 οὐκ
3509 1097 3834 1172 ἀνθρώπου,

2168 1185 2345 1240 καίτοι
2382 1183 2551 1259 μηδὲν
2581 1186 2769 1255 εἷ’πὼν,
2825 1190 3050 1243 τοιαῦτα
3105 1183 3290 1255 ἔπαθε,
3348 1185 3548 1258 πολλῷ
3611 1183 3838 1259 μᾶλλον

2171 1277 2200 1331 ὁ
2240 1277 2494 1351 Χριστὸς,
2527 1275 2572 1331 εἷ
2607 1277 2682 1351 μὴ
2717 1277 2847 1338 Θεὸς
2880 1277 2965 1346 ἦν,
2998 1276 3156 1339 αὐτὸς
3213 1277 3297 1332 ἀεὶ
3356 1275 3559 1354 λέγων,
3616 1278 3700 1332 ὅτι
3743 1276 3841 1333 Τὰ

2172 1366 2394 1441 ῥήματα
2423 1369 2589 1421 ταῦτα
2623 1365 2723 1421 οὐκ
2746 1364 2888 1421 ἔστιν
2919 1364 3046 1440 ἐμὲ,
3078 1366 3191 1435 καὶ,
3249 1365 3518 1442 ’Δγγελοί
3575 1387 3672 1438 μοι
3723 1366 3839 1421 ὕπ-

2171 1461 2451 1529 ηρετοῦσι.
2507 1457 2654 1513 Κατὰ
2715 1455 2772 1512 δὲ
2818 1461 3009 1513 τοῦτον
3059 1457 3148 1513 τὸν
3203 1459 3409 1533 καιρὸν,
3466 1458 3648 1533 τρίτον
3707 1453 3843 1521 ἔτος

2171 1547 2456 1622 Ἀγρίππᾳ
2505 1544 2848 1622 βασιλεύοντι
2895 1553 3073 1623 παρῆν
3126 1544 3177 1600 ἐν
3240 1547 3530 1622 Καισαρείᾳ
3585 1550 3654 1619 τῇ
3685 1547 3840 1622 πρό-

2169 1656 2323 1711 τερον
2374 1635 2691 1712 Στράτωνος
2752 1637 2962 1714 πύργος
3019 1635 3362 1712 καλουμένῃ.
3427 1636 3705 1692 Συνετέλει
3768 1633 3842 1692 δὲ

2171 1724 2394 1780 ἐνταῦθα
2450 1725 2679 1800 θεωρίας
2739 1725 2816 1790 εἷς
2870 1727 2970 1795 τήν
3031 1725 3304 1802 Καίσαρος
3358 1728 3548 1798 τιμήν,
3626 1726 3839 1802 ἑορτήν

2169 1836 2290 1870 τινα
2319 1815 2521 1884 ταύτην
2573 1813 2948 1888 ἐπιστάμενος.
3009 1812 3241 1891 Δευτὲρᾳ
3299 1813 3356 1871 δὲ
3410 1820 3519 1870 τῶν
3577 1819 3838 1889 θεωριῶν

2168 1903 2351 1979 ἡμέρᾳ
2378 1903 2580 1974 στολὴν
2609 1901 2758 1966 ἐνδὺς
2789 1903 2840 1974 ἐξ
2891 1903 3133 1980 ἀργύρου
3191 1903 3566 1979 πεποιημένην
3624 1909 3843 1974 πᾶσαν,

2168 1997 2240 2056 ὡς
2271 1996 2570 2070 θαυμάσιον
2606 1997 2744 2074 ὑφὴν
2775 1996 2938 2063 εἶναι,
2971 1995 3252 2070 παρῆλθεν
3314 1996 3390 2055 εἷς
3448 1994 3668 2069 θέατρον
3719 1995 3840 2069 ἀρ-

2169 2084 2412 2159 χομένης
2453 2083 2686 2159 ἡμέρας·
2746 2083 2866 2148 ἔνθα
2921 2089 3042 2147 ταῖς
3110 2085 3355 2159 πρώταις
3408 2090 3515 2140 τῶν
3567 2082 3836 2154 ἡλιακῶν

2168 2174 2399 2229 ἀκτίνων
2425 2169 2715 2237 ἐπιϐολαῖς
2775 2175 2802 2228 ὁ
2862 2173 3098 2249 ἄργυρος
3155 2173 3546 2250 καταυγασθεὶς
3601 2177 3836 2248 Θαυμα-

2168 2263 2300 2325 σίως
2329 2258 2645 2333 ἀπέστιλϐε,
2692 2263 3007 2338 μαρμαῖρόν
3068 2284 3120 2319 τι
3179 2263 3364 2338 φὲρον,
3418 2263 3511 2319 καὶ
3566 2269 3685 2326 τοῖς
3746 2262 3842 2324 εἷς

2165 2353 2329 2408 αὐτὸν
2358 2351 2627 2408 ἀτένίσαοι
2661 2351 2953 2430 φρικῶδες.
3022 2351 3194 2415 Εὐθὺς
3224 2350 3282 2409 δὲ
3335 2354 3386 2407 οἱ
3438 2352 3670 2415 κόλακες
3723 2353 3847 2410 ἆλ-

2165 2440 2263 2504 λος
2295 2441 2527 2497 ἄλλοθεν
2560 2437 2733 2498 ἐϐόων
2759 2443 2961 2523 φωνὰς,
3017 2443 3092 2505 ὡς
3141 2443 3269 2498 Θεὸν
3325 2442 3845 2518 προσαγορεύοντες

2166 2531 2365 2606 εὐμενῆ
2399 2533 2533 2587 εἶναι
2568 2531 2932 2609 ἐπιλέγοντες.
2983 2532 3051 2589 Εἴ
3104 2532 3194 2588 καὶ
3251 2531 3420 2612 μέχρι
3471 2538 3562 2588 νῦν
3605 2534 3680 2598 ὡς
3729 2535 3840 2588 ἄν·

2166 2634 2385 2696 θρωπον
2430 2617 2806 2699 ἐφοϐήθημεν,
2870 2620 3016 2676 ἀλλὰ
3070 2621 3383 2677 τούντεῦθεν
3433 2622 3720 2696 κρείττονά
3765 2644 3836 2680 σε

2163 2719 2266 2780 τῆς
2295 2710 2507 2790 φύσεως
2540 2711 2947 2787 ὁμολογοῦμεν.
2989 2709 3104 2768 Οὐκ
3158 2709 3430 2783 ἐπέπληξε
3477 2709 3536 2767 δὲ
3589 2712 3834 2776 τούτους

2165 2801 2192 2855 ὁ
2227 2801 2506 2875 βασιλεὺς,
2540 2797 2668 2854 ούδέ
2705 2801 2806 2868 τήν
2864 2798 3155 2856 κολακείαν
3213 2796 3509 2857 ἀσεϐοῦσαν
3556 2801 3828 2877 ἀπεστρέ-

2163 2894 2324 2965 ψατο·
2360 2889 2664 2964 Ἀνακύψας
2692 2894 2823 2966 γοῦν
2859 2896 2976 2964 μετ’
3017 2888 3206 2967 ὀλίγον
3259 2891 3352 2946 τὸν
3407 2885 3680 2966 βουϐῶνα,
3716 2898 3822 2961 τῆς

2160 2981 2351 3035 ἑαυτοῦ
2381 2977 2624 3059 κεφαλῆς
2668 2978 3167 3054 ὒπερκαθεζόμενον
3228 2978 3370 3036 εἶδεν
3423 2980 3512 3035 ἐπὶ
3570 2980 3821 3056 σχοινίου

2157 3069 2328 3137 τινὸς,
2359 3067 2590 3146 ἃγγελον
2620 3075 2814 3125 τοῦτον
2845 3069 3001 3132 εὐθὺς
3035 3068 3228 3141 ἐνόησε
3286 3072 3447 3126 κακὸν
3507 3073 3668 3138 εἶναι,
3724 3071 3825 3127 καὶ

2160 3157 2361 3214 οὔποτε
2389 3164 2498 3214 τῶν
2529 3159 2744 3237 ἀγαθῶν
2775 3159 3092 3235 γενόμενον.
3139 3157 3460 3234 Διακάρδιον
3518 3158 3609 3215 οῦν
3656 3155 3824 3236 ἔσχεν

2685 3245 2731 3302 δ’
2790 3247 2938 3322 αύτῷ
2994 3256 3093 3319 τῆς
3151 3247 3370 3312 κοιλίας
3431 3251 3821 3325 προσήθρησιν

2159 3337 2389 3413 ἄλγημα
2451 3339 2586 3411 μετὰ
2644 3334 3017 3414 σφοδρότητος
3088 3337 3409 3414 ἀρξάμενον.
3496 3341 3822 3414 ’Δναθορῶν

2159 3428 2249 3482 οῦν
2278 3427 2415 3501 πρὸς
2445 3426 2572 3489 τοὺς
2599 3427 2816 3507 φίλους,
2847 3433 2905 3484 'O
2935 3429 3054 3492 θεὸς
3085 3435 3210 3503 παρ’
3266 3429 3394 3504 ὑμῖν
3455 3428 3585 3504 ἐγὼ,
3630 3430 3826 3506 φησὶν,

2159 3515 2269 3588 ἤδη
2312 3519 2698 3596 καταστρέφειν
2760 3516 3056 3594 ἐπείγομαι
3114 3520 3207 3574 τὸν
3262 3520 3405 3595 βίον,
3463 3527 3824 3596 παραχηῆμα

2156 3615 2256 3676 τῆς
2289 3605 2630 3682 εἱμαρμένης
2673 3606 2768 3669 τὰς
2826 3606 2949 3682 ἄρτι
3013 3630 3119 3682 μου
3175 3611 3659 3683 καταψευσαμένας
3695 3630 3821 3686 φω-

2158 3698 2253 3758 νὰς
2285 3696 2657 3776 ἐλεγχούσης,
2687 3699 2715 3752 ὁ
2747 3695 2980 3769 κληθεὶς
3013 3699 3281 3762 ἀθάνατος
3329 3700 3415 3779 ὑφ’
3483 3700 3656 3774 ὑμῶν,
3706 3695 3829 3771 ἢδη

2161 3794 2336 3852 θανεῖν
2369 3787 2674 3862 ἀπάγομαι.

391 3878 604 3933 Verum
628 3896 811 3950 quare
834 3898 953 3935 non
979 3882 1157 3937 etiam
1182 3887 1583 3937 assentatores
1614 3880 1989 3954 puniuntur?
2014 3880 2256 3950 Utrique
2281 3896 2422 3934 sane
2445 3879 2737 3950 supplicio
2764 3879 3140 3951 dignierant:
3167 3896 3370 3936 verum
3389 3897 3526 3936 cum
3551 3880 3841 3940 nondum

390 3973 630 4040 tempus
661 3970 737 4023 sit
758 3970 969 4040 judicii
999 3989 1011 4036 ;
1045 3972 1094 4025 is
1128 3972 1374 4042 punitur
1404 3972 1502 4042 qui
1539 3972 1793 4027 maxime
1826 3969 2118 4025 obnoxius
2145 3975 2237 4024 est
2260 3969 2518 4025 crimini.

457 4056 602 4122 Xlll,
624 4062 672 4110 t.
689 4077 713 4103 (ι
732 4061 916 4114 Erant
936 4067 1134 4115 autem
1160 4061 1402 4130 quidam
1420 4061 1477 4114 in
1495 4061 1754 4116 Ecclesia
1769 4077 1898 4132 quae
1917 4065 2047 4114 erat

385 4169 413 4195 (ι
445 4146 772 4202 Antiochiae
806 4149 1110 4219 propheta:
1138 4166 1205 4203 ac
1223 4149 1531 4204 doctores:
1568 4166 1782 4221 nempe
1817 4151 2040 4204 Barna-

389 4257 409 4282 α
440 4232 545 4289 bas
579 4241 637 4289 et
666 4237 869 4292 Simon
929 4239 1031 4307 qui
1092 4239 1413 4294 vocabatur
1453 4239 1647 4311 Niger,
1709 4239 2040 4310 Luciusque

385 4346 405 4372 ι
443 4323 826 4396 Cyrenensis,
890 4331 949 4380 et
1021 4327 1310 4382 Manahen
1398 4328 1650 4384 Herodis
1726 4328 2038 4384 tetrarchas

381 4434 409 4461 «
443 4413 855 4469 collactaneus
888 4421 947 4469 et
978 4415 1209 4471 Saulus.
1247 4437 1275 4466 »

455 4502 920 4575 Ecce,cujusque
941 4505 1334 4573 conversatio,
1370 4511 1565 4562 etnon
1583 4507 1827 4579 primaa
1857 4523 2040 4579 puero
2077 4502 2119 4566 D

386 4591 656 4647 educatio
681 4593 883 4649 salvat.
912 4594 1054 4649 Vide
1074 4595 1230 4650 enim
1258 4597 1544 4652 Manahen
1565 4615 1699 4653 cum
1719 4614 1835 4670 quo
1863 4598 2042 4654 fuerit

384 4680 669 4738 educatus
701 4684 801 4755 qui
831 4689 1032 4740 tamen
1059 4686 1384 4757 prophetiae
1407 4685 1630 4743 donum
1653 4688 1904 4760 adeptus
1929 4694 2036 4743 est.

999 4795 1232 4850 CAPUT
1271 4795 1420 4851 XIX.

386 4899 612 4967 Legatio
644 4901 914 4956 Barnabz
947 4909 999 4956 ct
1040 4904 1204 4975 Pauli
1242 4920 1276 4956 a
1313 4903 1502 4958 divino
1548 4904 1767 4974 Spiritu
1815 4904 1875 4959 in
1932 4905 2035 4975 Cy-

449 4986 641 5038 prum,
673 4988 908 5041 qumque
939 4975 996 5027 in
1023 4974 1271 5044 Elymum
1306 4992 1528 5043 magum
1555 4992 1656 5045 per
1687 4976 1888 5031 Chrisli
1936 4974 2040 5031 no—

457 5057 579 5094 men
601 5047 816 5110 operati
841 5047 970 5098 sint.

455 5127 602 5195 Xlll,
636 5134 668 5182 2
705 5133 753 5184 8.
792 5155 817 5177 u
854 5135 998 5188 Cum
1048 5135 1248 5206 itaque
1308 5137 1720 5192 ministrarent
1779 5137 1865 5191 illi
1925 5139 2038 5193 Do-

388 5241 408 5267 ι
447 5220 610 5274 mino
645 5238 710 5275 ac
734 5221 1102 5294 jejunarent,
1137 5227 1286 5281 dixit
1315 5227 1569 5298 Spiritus
1621 5235 1901 5283 sanctus:
1937 5229 2037 5282 Se-

391 5327 412 5354 α
445 5317 682 5381 gregale
714 5314 860 5366 mihi
895 5315 1225 5370 Barnabam
1261 5325 1319 5372 et
1351 5319 1593 5372 Saulum
1650 5319 1712 5372 in
1763 5335 1910 5389 opus
1961 5317 2034 5374 ad

381 5418 410 5447 «
444 5399 601 5467 quod
633 5401 906 5458 advocavi
939 5421 1040 5458 eos
1093 5405 1356 5475 Cumque
1381 5407 1762 5477 jejunassent
1794 5413 1851 5461 rt
1871 5424 2032 5463 oras-

381 5509 410 5538 «
445 5495 597 5557 sent,
630 5491 1175 5565 imposuissentque
1226 5495 1312 5550 eis
1360 5513 1591 5566 manus,
1653 5496 2030 5554 dimiserunt.

447 5670 470 5704 ⁸
503 5671 671 5728 Joan.
706 5690 798 5727 vn.

2232 4083 2251 4106 ι
2289 4059 2460 4112 Ἦσαν
2499 4053 2556 4112 δέ
2606 4077 2749 4119 τινες
2811 4057 2862 4112 ἐν
2920 4059 3238 4134 Ἀντιοχείᾳ
3289 4059 3426 4114 κατᾶ
3488 4060 3589 4129 τήν
3648 4059 3824 4117 οὖσαν

2153 4171 2182 4199 ‹‹
2218 4145 2548 4218 Ἐκκλησίαν
2578 4154 2854 4227 προφῆται
2905 4149 2997 4204 καὶ
3057 4146 3402 4218 διδάσκαλοι,
3438 4148 3467 4204 ὅ
3497 4170 3555 4206 τε
3605 4151 3828 4226 Βαρνά-

2151 4260 2177 4290 (ι
2209 4232 2326 4298 ϐας.
2382 4237 2472 4292 καὶ
2508 4237 2698 4312 Σίμων
2731 4240 2760 4294 ὁ
2793 4236 3137 4314 καλούμενος
3195 4241 3384 4317 Νίγερ,
3435 4241 3525 4296 καὶ
3570 4241 3830 4307 Λούκιος

2151 4350 2177 4378 ‹‹
2212 4327 2593 4402 ὁΚυρηναῖος,
2635 4329 2858 4399 Μαναήν
2919 4349 2980 4384 τε
3037 4327 3291 4404 Ἡρώδου
3349 4334 3448 4386 τοῦ
3506 4330 3830 4407 τετράρχου

2149 4441 2177 4468 ‹‹
2213 4417 2534 4495 σύντροφος,
2565 4417 2656 4472 καὶ
2691 4415 2924 4480 Σαῦλος.
2964 4448 2987 4473 ι)

2224 4503 2363 4564 Ἰδοὺ
2395 4510 2423 4562 ὁ
2453 4508 2655 4582 τρόπος
2688 4507 2939 4580 ἑκάστου,
2972 4508 3062 4564 καὶ
3094 4508 3200 4585 ούχ
3257 4511 3292 4579 ἡ
3337 4509 3404 4566 ἐπ
3434 4507 3632 4575 παιδὸς
3681 4511 3827 4568 ἀνα-

2147 4599 2323 4674 τροφή
2359 4599 2541 4667 σώζει.
2573 4599 2712 4672 Ὅρα
2743 4599 2844 4674 γὰρ
2890 4597 2981 4654 τὸν
3038 4600 3262 4668 Μαναήν
3311 4603 3459 4662 τίνος
3513 4601 3835 4680 σύντροφος

2150 4687 2224 4742 ὢν
2258 4689 2595 4768 προφητείας
2624 4689 2861 4761 ἠξιώθη.

2769 4803 3030 4858 ΚΕΦΛΛ.
3075 4804 3174 4860 ΙΘ“.

2149 4903 2466 4984 Ἀποστολῆ
2533 4901 2799 4984 Βαρνάϐα·
2856 4908 2945 4962 καὶ
3024 4906 3248 4984 Παύλου
3307 4909 3446 4984 προς
3500 4913 3596 4984 τοῦ
3663 4909 3825 4984 θείου

2222 4980 2266 5057 li
2301 4979 2537 5057 εύματος
2597 4978 2672 5040 εἷς
2699 4978 2991 5057 ⁸Κύπρονλ
3048 4981 3147 5035 ὅσα
3177 5052 3188 5057 _
3230 5002 3290 5037 τε
3328 4978 3689 5057 ’ἐτ’ργάσαντο
3757 4981 3823 5037 ἕν

2220 5048 2448 5120 ὀνόματι
2487 5051 2726 5121 Χριστοῦ
2755 5049 2830 5112 εἰς
2853 5048 3110 5126 ’Ἐλύμαν
3139 5052 3231 5107 τὸν
3267 5048 3462 5128 μάγον.

2223 5162 2251 5190 ‹‹
2285 5138 2760 5213 Λειτουργούντων
2813 5137 2870 5194 δὲ
2927 5139 3106 5197 αὐτῶν
3157 5141 3236 5213 τῷ
3301 5143 3503 5217 Κυρὲῳ,
3571 5143 3661 5200 καὶ
3709 5163 3828 5214 νη·-

2147 5253 2174 5280 ‹‹
2210 5228 2534 5297 στεοόντων,
2568 5230 2690 5284 εἷπε
2720 5229 2782 5284 τὸ
2840 5235 3065 5305 Πνεῦμα
3121 5231 3183 5287 τὸ
3243 5231 3425 5305 ἅγιονο
3489 5231 3828 5310 Ἀςρορίσατε

2146 5341 2174 5369 ‹‹
2210 5315 2276 5387 δή
2310 5339 2405 5391 μοι
2437 5320 2527 5373 τὸν
2562 5313 2846 5393 Βαρνάϐαν
2875 5320 2964 5375 καὶ
2998 5322 3090 5376 τὸν
3147 5321 3362 5377 Σαῦλον
3406 5321 3482 5385 ε”ς
3533 5323 3595 5376 τὸ
3649 5318 3823 5397 ἔργον

2149 5430 2169 5458 ι
2207 5411 2282 5467 εἰς
2313 5405 2341 5459 ὅ
2373 5405 2799 5481 προσκέκλημαι
2831 5407 3052 5468 αὐτούς.
3098 5410 3234 5466 Τότε
3284 5410 3672 5479 νηστεύσαντες
3719 5410 3826 5465 καὶ

2144 5519 2173 5549 ‹‹
2208 5496 2660 5571 προσευξάμενοι,
2719 5497 2810 5553 καὶ
2867 5496 3138 5562 ἐπιθέντες
3192 5499 3290 5564 τὰς
3347 5506 3540 5576 χεῖρας
3599 5500 3826 5571 αὐτοῖς,
