4112 6492
345 357 448 416 2m
1067 315 1080 326 ’
1328 345 1748 412 CUMMENT.
1797 347 1872 405 lN
1919 344 2117 404 ACTA
2167 342 2780 406 APOSTOLORUM.
3671 339 3790 400 202

344 513 371 538 α
405 484 707 542 ἀπέλυσαν.
743 485 922 542 Οὗτοι
985 484 1082 556 μὲν
1138 483 1232 538 οὗν
1278 480 1673 558 ἐκπεμφθᾶντες
1734 479 1864 552 ὑπὲρ
1913 479 2005 532 τοῦ

2128 499 2158 529 α
2188 478 2307 549 Ipsi
2338 477 2539 549 itaque
2571 477 2773 533 emissi
2805 493 2840 532 a
2861 476 3081 548 Spiritu
3104 479 3310 532 sancto
3340 473 3785 530 descenderunt

349 603 376 629 α
407 577 723 649 Πνεύματος
756 580 857 630 τοῦ
888 573 1054 648 ἀγίου
1083 574 1359 643 κατῆλθον
1420 571 1496 634 είς
1535 571 1635 640 τὴν
1671 567 2005 635 Σελεύκειαν,

2133 589 2156 616 α
2190 566 2610 630 Seleuciam,et
2638 566 2778 622 inde
2805 567 3156 638 navigarunt
3177 565 3238 619 in
3271 565 3618 636 Cyprum,et
3646 579 3783 617 cum

346 697 374 723 α
407 669 654 734 κάκεῖθεν
703 666 764 722 δὲ
798 665 1151 722 ἀπέπλευσαν
1198 665 1273 726 εἷς
1320 665 1420 732 τήν
1479 661 1720 736 Κύπρον·
1777 659 1868 715 καὶ
1923 679 2005 735 γε‹

2127 678 2158 707 α
2189 663 2388 712 essent
2416 656 2736 720 Salamine,
2770 655 3282 711 annuntiaverunt
3306 652 3549 708 verbum
3587 651 3689 707 Dei
3717 651 3780 706 in

347 782 370 810 ι
405 757 711 833 νομενοιέν
745 755 1054 830 Σαλαμῖνι,
1111 752 1488 829 κατήγγελλον
1543 753 1634 808 τὸν
1685 750 1858 828 λόγον
1918 753 2005 804 τοῦ

2129 768 2160 798 (ι
2193 747 2504 818 synagogis
2534 745 2894 802 Judaaorum.
2927 743 3233 798 Habebant
3271 748 3470 797 autem
3503 746 3562 795 et
3612 741 3780 796 Joan-

343 873 372 898 ιι
406 853 545 904 Θεοῦ
571 848 625 903 ἐν
655 853 776 908 ταῖς
811 828 1158 921 συναγωγαῖς
1199 828 1308 898 τῶν
1370 838 1663 898 Ἰουδαίων.
1727 839 1901 914 Εἶχον
1959 835 2005 893 δέ

2128 858 2156 885 ‹‹
2186 852 2326 890 nem
2358 835 2720 891 ministrum.
2755 836 2824 888 Et
2857 837 3170 906 peragrata
3228 830 3426 886 insula
3476 845 3667 900 usque
3709 828 3785 883 ad

342 965 371 991 ιι
405 939 500 993 καὶ
535 939 800 1008 Ἰωάννην
846 936 1150 1007 ὑπηρέτην.
1221 930 1535 997 Διελθόντες
1595 929 1653 986 δὲ
1689 932 1788 1001 τήν
1849 935 2005 998 νῆσον

2127 947 2154 974 ‹‹
2189 925 2456 996 Paphum
2481 925 2840 979 invenerunt
2887 921 3211 1006 quemdam
3242 935 3478 992 magum
3529 917 3784 990 pseudo-

336 1053 368 1082 α
428 1025 571 1103 ἄχρι
643 1004 861 1104 Πάρου,
920 1004 1080 1100 εῦρόν
1137 1043 1260 1078 τινα
1319 1022 1493 1098 μάγον
1553 1017 2005 1095 ψευδοπροφήτην

2132 1035 2154 1065 ι
2181 1015 2530 1086 prophetam
2563 1004 2956 1080 Judaeum,cui
2986 1026 3205 1066 nomen
3234 1009 3635 1080 Bariesus.qui
3659 1014 3790 1063 erat

342 1142 371 1170 ιι
408 1095 709 1183 ἰοῦδαῖον,
820 1095 999 1186 ὄνομα
1033 1116 1364 1188 Βαριησοῦν,
1393 1095 1453 1172 δς
1511 1111 1576 1178 ἦν
1632 1109 1724 1164 σὺν
1777 1111 1858 1179 τῷ
1889 1107 2005 1170 ἀνθ-

2129 1123 2158 1154 ‹‹
2191 1119 2324 1158 cum
2359 1103 2714 1174 proconsule
2745 1101 2945 1174 Sergio
2971 1099 3154 1156 Paulo
3195 1098 3317 1153 viro
3350 1095 3788 1168 prudente.Hic

341 1235 370 1262 σε
405 1208 613 1280 υπάτῳ
646 1185 862 1283 Σεργίῳ
895 1185 1277 1278 Παύλῳῇάνδρὶ
1332 1198 1562 1272 συνετῷ.
1621 1198 1793 1259 Οὗτος
1842 1217 2005 1267 προσ·

2128 1213 2157 1244 ‹‹
2186 1192 2492 1248 accersitis
2515 1192 2783 1248 Barnaba
2813 1196 2872 1246 et
2901 1189 3077 1246 Saulo
3109 1187 3390 1260 cupiebat
3423 1185 3635 1242 audire
3655 1201 3788 1240 ver-

339 1296 783 1369 κκαλεσάμενος
862 1290 1144 1368 Βαρνάϐαν
1202 1290 1293 1346 καὶ
1360 1287 1600 1356 Σαῦλον,
1681 1286 2005 1358 ἐπεζήτησεν

2125 1305 2152 1333 ‹‹
2187 1282 2328 1338 bum
2365 1283 2484 1338 Dei.
2521 1281 2856 1338 Resistebat
2884 1286 3083 1336 autem
3114 1279 3238 1334 illis
3268 1278 3509 1349 Elymas
3539 1290 3788 1347 magus:

337 1414 368 1440 α
399 1391 638 1443 ἀκοῦσαι
673 1387 767 1440 τὸν
802 1383 970 1461 λόγον
995 1386 1094 1438 τοῦ
1125 1386 1280 1438 Θεοῦ.
1340 1379 1660 1444 Ἀνθίστατο
1710 1375 1768 1432 δὲ
1825 1375 2005 1439 αὐτοῖς

2125 1394 2152 1422 ‹‹
2187 1373 2272 1427 sic
2321 1373 2480 1428 enim
2533 1373 2960 1442 interpretatur
3018 1383 3242 1424 nomen
3296 1367 3475 1440 ejus:
3511 1380 3789 1438 quarens

337 1505 366 1530 ι(
404 1477 722 1551 Ἐλύμαςὸ
785 1458 957 1550 μάγος
1017 1476 1221 1549 (οὓτως
1276 1473 1381 1548 γὰρ
1433 1469 1896 1547 μεθερμηνεύεται
1949 1468 2005 1524 τὸ

2125 1483 2152 1512 κ
2175 1467 2439 1517 avertere
2471 1461 2892 1533 proconsulem
2923 1476 2958 1515 a
2988 1458 3125 1514 ﬁde.

343 1594 370 1619 ι(
406 1565 588 1642 ὄνομα
618 1567 834 1634 αὐτοῦ),
864 1569 1045 1636 ζητῶν
1081 1561 1401 1637 διαπρέψαι
1429 1561 1522 1617 τὸν
1567 1559 1870 1616 ἀνθύπατον
1904 1558 2012 1614 ἀπὸ

353 1682 374 1707 ι
406 1663 505 1724 τῆς
535 1657 797 1715 πίστεως.
833 1678 862 1706 »

424 1746 623 1802 Τὶἱστι
679 1769 708 1796 cc
771 1743 1247 1818 Λειτουργούντων
1302 1761 1316 1811 ;
1381 1763 1408 1792 ›)
1464 1736 1738 1808 τουτέστι,
1797 1758 2001 1813 κηρυτ-

2191 1747 2484 1814 Quidnam
2509 1753 2600 1804 est
2629 1770 2657 1798 «
2694 1747 3168 1802 Ministrantibus
3189 1745 3218 1800 ?
3239 1766 3267 1794 »
3299 1743 3413 1800 hoc
3437 1748 3528 1799 est
3556 1743 3783 1816 pradi-

357 1837 590 1891 τόντων.
616 1860 640 1885 α
669 1833 992 1911 ’Δψορῖσατὲ
1053 1854 1148 1905 μοι
1196 1833 1273 1894 εἷς
1327 1831 1390 1886 τὸ
1431 1827 1612 1907 ἔργον.
1650 1853 1678 1881 ››
1711 1830 2004 1886 Τουτέστιν

2125 1839 2418 1895 cantibus.
2447 1859 2472 1891 α
2508 1839 2821 1911 Segregate
2854 1836 3003 1892 mihi
3056 1837 3116 1890 in
3179 1851 3348 1906 cpus,
3376 1853 3404 1885 ι
3450 1833 3509 1888 id
3542 1838 3652 1903 est,
3712 1832 3786 1888 ad

362 1925 440 1984 είς
471 1923 796 1992 ἀποστολήν.
857 1924 989 1977 Ὑπὸ
1045 1921 1207 1978 τίνων
1268 1919 1325 1976 δὲ
1382 1924 1826 1996 χειροτονεῖται;
1872 1918 2002 1972 Ὑπὸ

351 2015 588 2068 Λουκίου
616 2035 673 2068 τε
703 2013 792 2068 καὶ
827 2014 1074 2083 Μαναήν,
1111 2009 1323 2086 μᾶλλον
1379 2007 1436 2064 δὲ
1492 2010 1595 2064 ὑπὸ
1633 2013 1730 2064 τοῦ
1761 2007 2006 2080 πνεύμα-

340 2123 454 2166 τος.
549 2107 965 2174 Χειροτονεῖται
1025 2100 1082 2158 δὲ
1139 2100 1275 2156 ὣστε
1333 2101 1446 2174 μετ’
1503 2097 1746 2170 ἐξουσίας
1798 2096 2004 2172 κηρύτ-

329 2213 465 2250 τειν.
503 2195 594 2248 Ἐν
625 2189 919 2263 Σελευκείᾳ
975 2188 1034 2246 δὲ
1090 2188 1242 2246 οὐδὲν
1287 2184 1594 2265 τρίϐουσιν,
1656 2186 1858 2249 εἰδότες
1918 2188 2002 2242 ὅτι

333 2281 437 2336 ἀπὸ
468 2288 577 2350 τῆς
609 2282 858 2358 γείτονος
889 2279 1111 2341 πόλεως
1140 2278 1520 2356 ἐκαρπώσαντο
1550 2273 1609 2332 ἄν
1648 2273 1869 2347 πολλὴν
1897 2277 1997 2346 τήν

338 2371 631 2450 ὠφέλειαν.

401 2523 430 2551 κ
472 2495 694 2559 Σαῦλος
727 2495 783 2552 δὲ
827 2497 854 2552 ὁ
910 2497 998 2552 καὶ
1062 2496 1302 2560 Παῦλος,
1360 2494 1625 2566 πλησθεὶς
1686 2495 2001 2567 Πνεύματος

339 2589 580 2663 σάγίου.
624 2587 719 2642 καὶ
751 2586 994 2648 ἀτενίσας
1054 2585 1130 2648 εἷς
1185 2585 1370 2653 αὐτὸν,
1427 2585 1596 2640 εἶπεν·
1658 2590 1722 2639 Ὦ
1778 2582 2003 2656 πλήρης

336 2702 360 2730 ι
394 2677 601 2737 παντὸς
633 2674 830 2743 δόλου,
862 2677 952 2729 καὶ
983 2675 1162 2744 nisu:
1195 2671 1568 2752 ῥᾳδιουργίας,
1597 2675 1679 2729 υἱὲ
1710 2668 1999 2744 διαϐόλου,
2034 2729 2039 2734 ,

337 2792 363 2817 α
397 2765 568 2841 έλθρέ
624 2763 806 2836 πέσῃς
876 2763 1247 2834 δικαιοσύνης,
1301 2765 1365 2819 οὐ
1426 2763 1606 2839 παύσῃ
1660 2761 2000 2840 διαστρέφων

340 2878 366 2911 ι
394 2859 490 2919 τὰς
524 2853 696 2918 ὁδους
733 2855 936 2930 Κυρίου
965 2855 1062 2916 τὰς
1091 2854 1300 2916 εὐθείας
1335 2873 1348 2922 ;
1412 2854 1512 2910 Καὶ
1572 2858 1659 2908 νῦν
1726 2850 1844 2909 ἰδοῦ
1875 2854 2003 2928 χεὶρ

340 2970 366 2997 α
390 2949 486 3001 τοῦ
519 2946 738 3018 Κυρίου
771 2943 860 3000 ἐπὶ
894 2945 976 3014 σε,
999 2944 1090 2998 καὶ
1121 2939 1214 3018 ἔσῃ
1247 2941 1452 3023 τυφλὸς
1497 2945 1572 3016 μή
1635 2942 1856 3018 βλέπων
1910 2943 2001 2997 τὸν

347 3059 369 3088 ι
407 3035 575 3103 ἥλιον
625 3031 763 3109 ἄχρι
818 3039 1030 3107 καιροῦ.
1095 3039 1449 3109 Παραχρῆμα
1508 3031 1566 3088 δὲ
1618 3031 1869 3088 ἐπέπεσεν
1921 3031 2004 3088 ἐπ’

329 3149 373 3178 ,ι
402 3124 559 3179 αὑτὸν
592 3122 779 3198 ἀχλὺς
807 3124 897 3177 καὶ
926 3123 1142 3191 σκότος,
1173 3123 1262 3178 καὶ
1305 3121 1584 3198 περιάγων
1633 3121 1814 3194 ἐζήτει
1847 3143 2003 3202 χειρ-

2117 1930 2588 2002 apostolatum./\
2621 1929 2836 2001 quibus
2864 1935 3065 1984 autem
3102 1925 3430 1983 creantur?
3462 1927 3505 1979 Α
3542 1924 3791 1981 Lucioet

2118 2020 2384 2086 Manalie,
2413 2021 2530 2074 imo
2565 2019 2750 2092 magis
2784 2035 2817 2073 a
2849 2017 3085 2089 spiritu.
3122 2019 3415 2072 Creantur
3463 2019 3661 2070 autem
3721 2017 3788 2067 ut

2118 2127 2254 2166 cum
2287 2109 2636 2166 auctoritate
2688 2109 3034 2180 praedicent.
3097 2105 3384 2162 Seleucim
3435 2120 3569 2159 vero
3627 2100 3782 2158 nihil

2114 2199 2370 2255 cunctati
2405 2204 2563 2262 sunt,
2625 2199 2884 2253 scientes
2915 2195 3073 2268 quod
3133 2212 3168 2250 a
3226 2193 3500 2266 proxima
3545 2191 3781 2247 civitate

2113 2289 2433 2361 plurimam
2465 2287 2816 2360 colligerent
2844 2286 3146 2342 fructuum
3181 2283 3520 2339 utilitatem.

2185 2507 2332 2573 XIII,
2361 2508 2515 2562 9-13.
2557 2527 2585 2556 ‹‹
2612 2503 2826 2560 Saulus
2857 2508 3054 2559 autem
3090 2503 3190 2574 qui
3222 2507 3280 2557 et
3310 2499 3777 2571 Paulus,reple-—

2117 2620 2144 2648 «
2187 2603 2281 2652 tus
2313 2597 2534 2668 Spiritu
2566 2602 2793 2660 sancto,
2818 2594 3066 2648 intentis
3099 2594 3158 2647 in
3193 2608 3328 2648 eum
3357 2589 3548 2647 oculis
3577 2589 3726 2644 dixit
3759 2601 3776 2644 :

2118 2710 2147 2739 ι(
2187 2689 2230 2744 Ο
2262 2687 2437 2759 plene
2473 2686 2635 2740 omni
2668 2685 2831 2750 dolo,
2861 2683 3147 2754 omnique
3188 2681 3472 2748 versutia,
3510 2679 3594 2734 fili
3654 2678 3777 2734 dia-

2117 2800 2144 2828 ι(
2178 2776 2326 2842 boli,
2360 2776 2603 2830 inimice
2633 2774 2830 2829 omnis
2851 2773 3266 2846 justitize,non
3295 2787 3496 2826 cessas
3530 2768 3777 2824 subver-

2120 2888 2148 2917 α
2181 2873 2302 2921 tere
2336 2865 2457 2920 vias
2490 2864 2726 2920 Domini
2760 2869 2953 2919 rectas
2975 2862 3004 2916 ‘I
3034 2864 3104 2916 Et
3163 2877 3324 2916 nunc
3374 2875 3510 2915 ecce
3559 2873 3774 2913 manus

2119 2978 2148 3006 «ι
2184 2955 2416 3012 Domini
2449 2970 2629 3026 super
2660 2960 2738 3022 te,
2769 2954 3004 3023 erisque
3040 2967 3252 3018 caecus,
3283 2966 3404 3005 non
3430 2949 3639 3004 videns
3668 2963 3773 3002 so-

2119 3045 2292 3101 «lem
2324 3060 2512 3115 usque
2544 3043 2616 3097 ad
2652 3048 2902 3114 tempus.
2937 3040 3298 3112 Etprotinus
3327 3037 3616 3093 ceciditin
3639 3052 3776 3091 eum

2123 3155 2151 3185 ι(
2186 3133 2374 3204 caligo
2399 3148 2464 3186 ac
2506 3130 2788 3197 tenebrae,
2821 3135 2880 3184 et
2905 3129 3268 3183 circumiens
3328 3125 3634 3197 quaerebat
3673 3123 3776 3195 qui

320 3239 369 3280 να
395 3214 678 3291 ἀγωγούς.
716 3215 857 3268 Τότε
888 3210 1018 3268 ίδὼν
1053 3214 1080 3267 ὁ
1113 3212 1419 3277 ἀνθύπατος
1451 3213 1515 3268 τὸ
1566 3213 1814 3290 γεγονὸς,
1850 3211 1999 3268 ἑπίσ·

2125 3245 2146 3272 ι
2183 3239 2246 3277 se
2280 3238 2458 3276 manu
2489 3220 2751 3275 duceret.
2787 3221 2948 3274 Tunc
2981 3217 3304 3289 proconsul
3335 3231 3473 3271 cum
3531 3213 3779 3269 vidisset

340 3327 362 3356 ι
392 3326 603 3373 τευσεν,
639 3302 1091 3376 ἐκπλησσόμενος
1122 3303 1210 3358 ἐπὶ
1241 3307 1311 3378 τῇ
1372 3301 1577 3378 διδαχῇ
1637 3307 1735 3358 τοῦ
1778 3304 2002 3378 Κυρίου.

333 3421 360 3446 οι
392 3396 757 3471 Ἀναχθὲντες
791 3391 850 3448 δὲ
879 3393 987 3448 ἀπὸ
1017 3401 1117 3464 τῆς
1171 3395 1358 3468 Πάφου
1391 3393 1448 3448 οἱ
1479 3394 1604 3468 περὶ
1636 3394 1726 3449 τὸν
1763 3391 2002 3462 Παῦλον,

319 3509 354 3550 ,ι
389 3483 568 3553 ἦλθον
603 3483 682 3544 εἰς
716 3481 928 3557 Πέργην
959 3486 1061 3548 τῆς
1097 3481 1441 3562 Παμφυλίας.
1476 3507 1502 3534 ››

413 3632 440 3662 ι
475 3607 696 3670 Σαῦλος
729 3605 785 3662 δὲ
839 3609 868 3663 ὁ
926 3610 1017 3662 καὶ
1080 3607 1315 3670 Παῦλος.
1353 3633 1381 3662 »
1439 3613 1556 3667 Ἵνα
1590 3611 1665 3682 μὴ
1697 3609 1866 3684 ταύτῃ
1913 3609 2004 3664 καὶ

341 3699 458 3752 τῶν
483 3697 802 3753 ἀποστόλων
858 3696 1085 3753 ἔλαττον
1119 3693 1224 3773 ἔχῃ
1277 3699 1306 3754 ὁ
1390 3699 1628 3768 Παῦλος,
1693 3699 2006 3772 μεθίστησιν

361 3786 826 3852 αῦτοῦόθῖὸςτὸ
911 3784 1108 3859 ὄνομα,
1159 3790 1247 3843 καὶ
1313 3786 1523 3843 Σαῦλον
1580 3787 1708 3843 ὄντα
1790 3787 2002 3843 Παῦλον

363 3873 613 3939 ἐκάλεσε,
645 3877 885 3950 καξεπερ
947 3873 1102 3952 ἔσχεν
1157 3876 1424 3952 ἐξαίρετον
1457 3880 1484 3933 ὁ
1542 3883 1838 3954 κορυφαῖος
1894 3882 2002 3933 τῶν

354 3968 642 4038 μαθητῶν,
676 3971 835 4020 τοῦτο
875 3966 968 4022 καὶ
1027 3968 1190 4028 αὐτὸς
1239 3969 1530 4038 κτήσηται,
1599 3967 1688 4022 καὶ
1747 3965 2004 4030 πλείονος

336 4056 679 4115 οἰκειώσεως
708 4056 959 4118 ὑπόθεσιν
1009 4051 1178 4131 λάϐῃ.
1212 4057 1326 4112 Ἵνα
1384 4057 1476 4111 οὖν
1535 4054 1703 4132 δείξῃ,
1763 4057 1848 4112 ’ὁτι
1908 4056 2008 4112 οὐκ

330 4145 406 4214 ἦν
443 4148 629 4218 θυμοῦ
655 4146 722 4198 τὰ
755 4145 976 4218 ῥήματα
1008 4145 1254 4216 Παύλου,
1313 4144 1346 4200 ἅ
1402 4147 1538 4221 πρὸς
1598 4144 1840 4219 Ἐλύμπιν
1901 4141 2002 4226 ἔφη

313 4235 418 4288 τὸν
455 4235 665 4309 μίγον,
727 4231 816 4288 διὰ
871 4239 1033 4289 τοῦτο
1092 4229 1389 4310 προλαϐὼν
1447 4237 1588 4302 εἷπε,
1650 4260 1677 4286 ‹‹
1736 4233 2008 4305 Ηλησθεῖς

331 4325 661 4398 Πνεύματος
690 4324 871 4397 ἁγίου,
905 4348 932 4372 ιι
963 4325 1043 4381 Οὐ
1071 4326 1172 4400 γὰρ
1204 4322 1555 4394 κολάζοντος,
1597 4323 1726 4380 ἀλλ’
1760 4325 2003 4402 ἐπιστρέ-

336 4437 538 4487 φοντος
572 4415 643 4483 ἧν
675 4417 849 4468 ταῦτα
868 4415 934 4469 τὰ
966 4415 1208 4490 ῥήματα.
1245 4414 1314 4470 Ei’
1366 4416 1468 4492 γὰρ
1527 4414 1864 4486 κολάζοντος
1915 4417 2005 4486 ἦν,

335 4504 637 4566 διαπαντὸς
671 4509 735 4560 ἄν
757 4505 978 4577 ἐποίησε
1005 4505 1236 4584 τυφλόν
1296 4510 1384 4561 νῦν
1445 4505 1502 4562 δὲ
1534 4507 1595 4562 ού
1636 4512 1820 4576 τοῦτο,
1879 4506 2008 4563 ἀλλ’

2123 3333 2151 3362 ‹‹
2183 3311 2343 3382 quod
2375 3309 2694 3375 acciderat,
2736 3307 3010 3374 credidit,
3071 3305 3374 3362 admirans
3437 3320 3617 3375 super
3674 3301 3779 3356 do-

2117 3424 2146 3452 ‹‹
2176 3402 2368 3456 ctrina
2400 3398 2818 3454 Domini.Cum
2847 3402 3046 3453 autem
3063 3395 3311 3468 aPapho
3345 3393 3620 3450 solvisset
3635 3392 3776 3447 Pau-

2119 3514 2147 3542 ‹‹
2180 3491 2296 3560 lus,
2330 3495 2619 3546 venerunt
2650 3491 2873 3561 Pergen
2902 3486 3285 3559 Pamphyliae.
3317 3507 3344 3533 ››

2191 3643 2219 3672 ‹‹
2254 3620 2465 3676 Saulus
2488 3624 2684 3676 autem
2723 3618 2825 3690 qui
2859 3623 2917 3672 et
2946 3615 3189 3672 Paulus.
3227 3637 3254 3664 »
3283 3615 3362 3670 Ne
3394 3613 3487 3669 vel
3545 3614 3606 3668 in
3665 3611 3780 3666 hoc

2119 3711 2318 3766 minor
2347 3715 2506 3765 esset
2534 3707 2824 3779 apostolis
2840 3707 3306 3762 Paulus.nomen
3331 3705 3460 3772 ejus
3478 3709 3781 3758 transmu-

2118 3807 2204 3856 tat
2228 3802 2399 3861 Deus,
2423 3815 2677 3870 cumque
2701 3797 2914 3853 Saulus
2941 3797 3240 3851 diceretur
3261 3793 3510 3849 Paulum
3531 3791 3780 3858 vocavit,

2117 3891 2394 3962 quodque
2414 3889 2780 3960 praecipuum
2807 3887 3014 3942 habuit
3029 3889 3064 3940 1
3082 3890 3117 3940 Ι
3135 3889 3171 3940 1
3196 3886 3474 3957 princeps
3487 3881 3782 3954 apostolo-

2116 3998 2272 4043 rum,
2307 3978 2364 4034 id
2399 3979 2524 4050 ipse
2557 3994 2796 4049 quoque
2829 3975 3080 4047 adeptus
3113 3982 3222 4039 est,
3254 3979 3320 4030 ut
3369 3972 3557 4045 magis
3601 3969 3778 4025 fami-

2115 4069 2395 4124 liaritatis
2418 4073 2833 4139 argumentum
2867 4062 3487 4137 acciperetpraamisit
3517 4075 3777 4132 quoque,

2117 4160 2344 4219 dicens.
2379 4181 2406 4207 ‹‹
2441 4159 2662 4213 Plenus
2694 4157 2915 4229 Spiritu
2939 4162 3144 4211 sancto
3181 4172 3194 4209 :
3232 4177 3258 4204 υ
3292 4170 3408 4225 quo
3437 4150 3786 4208 ostenderet

2118 4248 2475 4305 Pauliverba
2489 4265 2606 4303 non
2621 4264 2690 4302 ex
2720 4247 2806 4302 ira
2821 4263 2949 4301 esse
2973 4262 3105 4316 qum
3136 4244 3211 4300 ad
3247 4242 3512 4314 Elymam
3535 4255 3774 4310 magum

2117 4339 2352 4394 locutus
2383 4343 2489 4393 est.
2509 4339 2710 4408 Neque
2743 4338 2906 4392 enim
2922 4336 3226 4408 punientis
3243 4333 3421 4389 verba
3446 4333 3572 4388 haec
3587 4335 3781 4394 erant,

2118 4429 2222 4485 sed
2254 4434 2600 4485 convertere
2629 4427 2897 4483 nitentis.
2921 4428 3065 4482 Nam
3095 4427 3143 4481 si
3177 4423 3489 4498 punientis
3504 4423 3779 4489 fuissent,

2116 4519 2357 4574 fecisset
2387 4535 2524 4574 eum
2557 4534 2794 4590 semper
2810 4533 2940 4574 esse
2965 4532 3187 4572 caecum
3215 4532 3227 4568 :
3263 4529 3424 4569 nunc
3445 4517 3645 4568 autem
3660 4526 3783 4567 non

331 4596 476 4671 ἄχρι
530 4599 760 4671 κκιροῦ,
814 4593 908 4651 ’ἶνα
959 4596 1116 4670 πείσῃ
1172 4597 1263 4651 τὸν
1336 4595 1667 4654 ἀνθύπατον.
1746 4598 1823 4654 Τὸ
1878 4599 2005 4674 γὰρ,

2125 4609 2230 4665 hoc
2260 4609 2419 4675 facit,
2455 4609 2559 4664 sed
2590 4625 2781 4680 usque
2814 4607 2888 4663 ad
2919 4610 3249 4679 tempus,ut
3270 4601 3696 4677 proconsulem
3719 4601 3782 4655 in

328 4713 358 4738 α
395 4690 576 4762 Ἀχρι
611 4689 829 4760 καιροῦ,
859 4710 879 4736 ο
915 4687 1064 4760 ὅριον
1093 4689 1160 4758 τῇ
1189 4687 1384 4763 γνώμῃ
1419 4683 1603 4750 διδοὺς
1635 4682 1819 4766 ἔφη,ἒν
1845 4688 2007 4763 ἑαυτῇ

327 4773 488 4853 ἔχειν
522 4781 626 4831 τοῦ
654 4775 840 4855 φωτὸς
891 4778 989 4846 τὴν
1037 4775 1318 4850 ἀπόληψιν
1368 4778 1460 4832 τὸν
1514 4778 1716 4852 τρόπον
1772 4773 2006 4852 μεταὲα-

330 4867 547 4922 λοῦσαν
576 4867 718 4939 πρὸς
746 4867 808 4920 τὸ
842 4865 1080 4941 βέλτιον·
1114 4866 1160 4938 ᾦ
1185 4866 1286 4941 γὰρ
1345 4865 1507 4929 αὐτὸς
1547 4869 1842 4943 προσήχθη
1907 4889 2006 4938 ση-

333 4958 502 5030 μείῳ,
537 4956 725 5028 τούτῳ
753 4954 842 5012 καὲ
881 4959 1072 5010 τοῦτον
1104 4950 1396 5027 ἠϐουλήθη
1445 4962 1832 5035 προσαγαγεῖν.
1893 4957 2007 5015 Οὐκ

332 5045 438 5120 ἂρα
477 5047 730 5124 τιμωρία
759 5048 847 5118 ἦν,
879 5043 1011 5101 ἀλλ’
1048 5043 1207 5108 ἴασις.

414 5270 443 5296 α
477 5245 738 5315 Ἰωάννης
770 5240 829 5298 δὲ
861 5241 1244 5316 ἀποχωρήσας
1296 5241 1390 5298 ἀπ’
1439 5242 1615 5299 αύτῶν
1679 5243 2005 5322 ὑπέστρεψεν

347 5359 369 5386 ι
406 5335 894 5414 εἷςἹεροσόλυμα.
936 5330 1104 5385 Αὐτοὶ
1167 5329 1224 5386 δὲ
1254 5327 1563 5398 διελθόντες
1593 5333 1697 5389 ἀπὸ
1738 5341 1838 5405 τῆς
1873 5334 2006 5412 Πὲρ-

347 5450 368 5474 τι
399 5449 496 5504 γης
527 5430 908 5508 παρεγένοντο
943 5419 1026 5480 εἷς
1087 5419 1423 5497 Ἀντιόχειαν
1474 5426 1573 5488 τῆς
1606 5422 1877 5496 Πισιδίας,
1917 5427 2004 5481 καὶ

326 5549 352 5578 α
380 5523 510 5586 εἶαελ
522 5528 712 5587 ϐάντες

575 5845 932 5923 Ρλτιιοιι.
989 5822 1109 5882 GR.
1156 5821 1418 5886 CXVI".

809 5515 900 5575 εἷς
965 5512 1070 5580 τήν
1133 5515 1454 5588 συναγωγὴν
1510 5518 1579 5582 τῇ
1642 5515 1822 5591 ἡμέρᾳ
1900 5522 2007 5573 τῶν

306 5619 677 5688 ,Σπϐδσάτωη
717 5608 1035 5669 ἐκάθισαν.
1075 5603 1228 5658 Μετᾶ
1283 5600 1340 5658 δὲ
1391 5605 1490 5674 τήν
1552 5604 1854 5682 ἀνάγνωσιν
1911 5612 2010 5663 τοῦ

289 5749 309 5783 ι
344 5725 515 5808 νόμον
549 5716 653 5781 καί
688 5711 824 5770 τῶν
868 5697 1218 5773 προφητῶν,
1257 5691 1578 5752 ἀπέστειλαν
1633 5697 1685 5752 οἱ
1741 5699 2008 5775 ἀρχισυι-

2118 4715 2284 4754 suam
2318 4697 2679 4754 sententiam
2702 4695 3048 4752 adduceret.
3074 4693 3381 4766 Siquidem
3413 4691 3588 4755 dixit,
3624 4712 3652 4740 «
3689 4707 3783 4744 us-

2118 4804 2231 4859 que
2265 4787 2336 4842 ad
2360 4792 2652 4857 tempus,»
2683 4785 2832 4840 dans
2865 4785 3052 4840 menti
3079 4783 3398 4839 terminum
3413 4785 3480 4835 ut
3501 4780 3562 4834 in
3585 4779 3782 4850 seipsa

2114 4877 2319 4932 lumen
2351 4876 2789 4947 reciperet,quo
2805 4891 3002 4930 mores
3031 4874 3092 4928 in
3124 4871 3343 4927 melius
3366 4871 3776 4935 commutaret,

2115 4966 2335 5038 quippe
2367 4965 2534 5038 signo
2567 4981 2684 5036 quo
2715 4963 2844 5036 ipse
2877 4961 3169 5018 adductus
3204 4965 3315 5026 est,
3376 4960 3555 5015 etiam
3619 4957 3784 5013 hunc

2111 5054 2405 5112 adducere
2437 5053 2890 5110 nitebatur.Non
2915 5051 3113 5124 itaque
3138 5049 3496 5124 supplicium
3523 5044 3783 5115 erat,sed

2116 5146 2367 5202 curatio.

2185 5253 2326 5322 XIV,
2368 5256 2550 5310 13-15.
2587 5273 2616 5303 «
2645 5253 2902 5308 Joannes
2935 5255 3134 5306 autem
3164 5252 3507 5321 segregatus
3568 5244 3642 5302 ab
3693 5241 3780 5300 eis

2115 5366 2144 5395 «
2175 5361 2452 5399 reversus
2485 5348 2574 5399 est
2611 5341 3000 5413 Jerosolyma.
3062 5339 3180 5412 Ipsi
3238 5353 3374 5393 vero
3425 5337 3560 5392 loca
3621 5332 3783 5390 varia

2121 5454 2145 5485 ιι
2179 5438 2690 5505 pertranseuntes,
2754 5448 2788 5486 a
2841 5432 3028 5502 Perga
3070 5432 3365 5484 venerunt
3396 5423 3781 5482 Antiochiam

2117 5545 2145 5573 «
2170 5523 2427 5582 Pisidiaa.
2462 5521 2836 5593 ingressique
2867 5534 3227 5591 synagogam
3261 5516 3357 5570 die
3391 5514 3782 5569 Sabbatorum

2121 5637 2144 5663 .‹
2180 5613 2482 5668 sederunt.
2518 5613 2658 5667 Post
2678 5610 2997 5666 lectionem
3029 5615 3225 5663 autem
3256 5605 3404 5678 legis
3433 5622 3502 5660 ac
3521 5599 3782 5675 prophe-

2115 5724 2144 5752 ‹‹
2173 5708 2367 5760 tarum
2402 5703 2697 5760 miserunt
2725 5700 3028 5776 principes
3060 5711 3372 5770 synagoga
3404 5693 3480 5751 ad
3523 5707 3652 5757 eos,
3681 5684 3784 5743 di-

3416 5820 3454 5876 7
