4112 6422
439 341 556 403 203

1563 333 1997 397 (ΕΟΠΜΕΝΠ
2043 333 2350 396 ΤΠῘΟΟιΕ
2394 333 2773 400 EPISCOPI.

3751 335 3872 397 204

444 497 464 525 ι
502 476 708 531 centes
750 486 764 524 :
799 467 917 523 Viri
950 467 1185 533 fratres,
1219 466 1269 522 si
1301 467 1438 537 quis
1482 472 1573 523 est
1613 467 1676 523 in
1700 466 1865 523 vobis
1897 483 2093 523 sermo

2212 488 2239 518 ι(
2268 467 2478 543 ἀγωγοι
2521 468 2664 541 πρὸς
2712 467 2929 537 αὐτοὺς,
2984 465 3257 544 λέγοντες.
3323 465 3541 543 Ἂνδρι,
3607 464 3862 548 ἀδελφοιθ

447 587 474 620 ι
509 560 941 621 exhortationis
972 558 1047 615 ad
1077 558 1335 630 plebem,
1364 558 1563 614 dicite.
1602 582 1629 608 υ

519 765 541 793 ι
580 744 837 798 Joannes
868 744 1065 795 autem
1100 743 1462 813 segregatus.
1495 760 1524 791 ››
1569 737 1675 794 Hic
1723 742 1814 794 est
1839 739 2095 794 Joannes

442 835 543 908 qui
571 841 630 888 et
660 834 889 888 Marcus
909 830 1103 886 dictus
1134 837 1440 901 est,nepos
1464 829 1746 885 Barnabm
1772 829 2094 900 :quietiam

439 922 823 996 Evangelium
856 920 1185 976 secundum
1216 921 1474 975 Marcum
1517 918 1891 990 conscripsit,
1916 924 1976 973 et
1996 919 2097 971 Pe-

439 1014 516 1071 tri
550 1012 957 1086 apostolorum
991 1009 1277 1082 principis
1309 1007 1747 1081 discipulus,de
1781 1024 1896 1079 quo
1919 1007 2004 1063 ait
2030 1007 2094 1061 in

439 1104 744 1179 Epistola:
777 1102 1007 1157 Salutat
1034 1117 1135 1156 vos
1168 1102 1395 1156 Marcus
1453 1099 1613 1156 filius
1668 1114 1836 1154 meus
1890 1098 1932 1153 ’⁸.
1988 1097 2093 1153 Hic

436 1194 637 1267 igitur,
674 1198 957 1263 tanquam
983 1191 1162 1247 Paulo
1185 1206 1318 1245 cum
1348 1190 1472 1244 suis
1502 1189 1564 1243 in
1594 1189 1925 1261 longiorem
1941 1188 2095 1243 viam

440 1284 662 1343 missis.
711 1288 1054 1354 segregatur
1123 1280 1195 1336 ab
1243 1280 1352 1345 eis,
1413 1295 1763 1350 quanquam
1822 1277 2098 1333 minister

441 1378 619 1439 esset,
652 1388 722 1428 eo
754 1370 915 1443 quod
943 1370 1179 1427 labores
1209 1376 1270 1426 et
1299 1369 1567 1441 pericula
1592 1368 1747 1424 ferre
1806 1384 1929 1424 non
1960 1385 2093 1440 pos-

441 1468 552 1520 set.

1084 1551 1311 1607 CAPUT
1328 1551 1447 1606 XX.

445 1662 667 1718 Florens
697 1663 864 1717 Pauli
922 1660 1178 1715 doctrina
1234 1660 1433 1715 ducens
1472 1658 1543 1714 ad
1574 1659 1854 1715 Christum
1885 1664 1997 1713 tum
2028 1674 2099 1712 ex

513 1734 650 1805 lege,
684 1740 797 1788 tum
834 1738 1032 1803 postea
1089 1748 1159 1805 ea:
1206 1732 1514 1802 prophetis,
1542 1731 1809 1805 historica
1847 1736 1898 1805 et
1923 1746 2093 1805 evan-

512 1802 710 1886 gelica.
742 1802 885 1886 qua:
941 1811 993 1860 et
1024 1803 1415 1886 collectivacst
1455 1810 1513 1886 et
1568 1802 1990 1886 ratiocinativa.
2020 1802 2094 1856 De

514 1874 880 1932 translatione
929 1875 1345 1946 praedicationis
1396 1874 1471 1930 ad
1526 1881 1735 1945 gentes,
1796 1888 2093 1944 eorumque

514 1948 718 2006 ibidem
740 1949 1122 2019 persecutione
1144 1963 1208 2003 ac
1245 1947 1565 2003 discessione
1591 1948 1651 2001 in
1679 1947 1949 2003 Iconium.

512 2129 666 2194 XIII,
697 2131 883 2183 16.19.
938 2149 966 2177 «
1017 2127 1274 2199 Surgens
1323 2130 1523 2181 autem
1582 2125 1804 2181 Paulus
1869 2123 2095 2179 indicto

445 2241 473 2271 ι(
490 2235 675 2275 manu
687 2217 924 2272 silentio
938 2217 1049 2272 ait:
1068 2216 1187 2270 Viri
1206 2215 1738 2286 Israelitas,quique
1752 2217 1790 2269 ‘I
1808 2215 1845 2269 I
1860 2214 1907 2270 2
1925 2214 2095 2268 time-

446 2331 474 2359 «
511 2308 588 2364 tis
613 2309 819 2377 Deum,
849 2305 1233 2362 audite.Deus
1264 2305 1468 2377 p0pu1i
1503 2305 1680 2377 hujus
1699 2304 1877 2377 elegit
1897 2308 2097 2375 patres

446 2422 473 2451 ι(
504 2403 764 2465 nostros,
798 2402 856 2452 et
884 2395 1171 2468 pOpulum
1212 2395 1275 2449 in
1308 2396 1495 2450 altum
1544 2393 1773 2459 extulit,
1834 2410 1969 2448 cum
2002 2409 2097 2448 es—

444 2510 471 2541 ‹‹
505 2493 639 2544 sent
667 2487 877 2542 incolae
910 2486 969 2540 in
998 2492 1158 2541 terra
1188 2485 1392 2558 Egypti
1428 2501 1440 2538 :
1473 2483 1839 2555 brachioque
1861 2482 2095 2539 excelso

410 2614 415 2617 -
444 2601 471 2629 ‹‹
504 2578 708 2635 eduxit
737 2593 837 2632 eos
869 2593 938 2632 ex
968 2575 1109 2631 illa:
1144 2581 1202 2629 et
1229 2575 1468 2630 circiter
1493 2574 1887 2647 quadraginta
1906 2589 2094 2629 anno-

444 2691 472 2721 «
506 2685 640 2725 rum
677 2674 911 2739 tempus
946 2681 1143 2721 mores
1173 2681 1378 2720 eorum
1414 2663 1695 2719 sustinuit
1729 2664 1790 2717 in
1837 2661 2092 2720 deserto.

448 2780 475 2810 ιι
508 2759 579 2814 Ει
609 2756 822 2812 deletis
849 2761 1073 2827 septem
1107 2753 1385 2827 gentibus
1414 2753 1474 2807 in
1533 2758 1691 2808 terra
1729 2753 2028 2807 Chanaan.
2065 2772 2093 2802 ››

511 2847 841 2904 Antiochiae
863 2844 1097 2901 Pisidiae
1129 2842 1491 2916 praedicabat
1508 2842 1725 2898 Paulus
1753 2843 1819 2896 In
1842 2858 2091 2915 synago-

439 2955 542 3013 gas
574 2945 772 2994 autem
804 2935 1168 2991 introierunt
1203 2934 1264 2988 in
1296 2934 1505 2989 habitu
1528 2932 1867 2988 Judaeorum
1898 2949 1971 2987 ne
1994 2949 2097 2988 ex-

441 3028 840 3102 pellerentur,
894 3024 998 3082 sed
1083 3025 1166 3080 ita
1222 3040 1350 3080 rem
1407 3040 1648 3079 omnem
1706 3022 2091 3092 corrigerent.

441 3141 471 3170 «
497 3118 736 3189 Septem
764 3115 1046 3190 gentibus
1079 3131 1093 3182 ;
1123 3135 1149 3165 ››
1182 3130 1398 3185 nempe
1440 3112 1711 3173 Chetazis.
1747 3111 2090 3186 Gergesaeis,

443 3205 830 3271 Amorrhseis,
867 3203 1241 3271 Chananasis,
1274 3202 1623 3268 Pheresasis,
1683 3201 1867 3258 Evaais
1916 3206 1975 3257 et
2002 3202 2092 3257 Je-
2124 3204 2167 3273 C
2205 3213 2476 3290 Ywaiou‘,

440 3296 684 3352 busmis.

516 3385 666 3451 XIII,
702 3386 886 3441 49-24.
923 3406 947 3436 α
979 3384 1143 3439 Sorte
1171 3381 1476 3439 distribuit
1531 3382 1677 3453 ipsis
1722 3387 1942 3437 terram
2000 3397 2100 3438 eo-

450 3499 471 3525 ι
507 3492 661 3531 rum.
695 3475 766 3527 Et
795 3478 930 3545 post
958 3472 1108 3537 haec,
1142 3472 1371 3527 scilicet
1414 3471 1591 3526 annis
1648 3470 2100 3542 quadringentis

447 3586 475 3615 ‹‹
500 3563 953 3636 quinquaginta,
990 3561 1154 3617 dedit
1178 3560 1414 3631 judices
1439 3576 1627 3631 usque
1659 3560 1733 3616 ad
1762 3560 2098 3615 Samuelem

447 3677 475 3704 ‹‹
499 3654 874 3726 prophetam.
905 3653 977 3706 Et
1004 3651 1214 3707 exinde
1249 3650 1699 3722 postulaverunt
1729 3666 1949 3723 regem,
1993 3650 2100 3705 de-

446 3766 471 3797 σ
507 3744 710 3815 ἀίτειυθ
769 3742 890 3797 illis
948 3742 1100 3797 Deus
1149 3740 1285 3796 Saul
1346 3740 1536 3795 filium
1598 3741 1713 3807 Cis,
1772 3740 1962 3796 virum
2024 3740 2097 3795 de

443 3858 469 3886 (ι
500 3834 656 3889 tribu
687 3833 996 3905 Benjamin
1021 3831 1195 3887 annis
1218 3829 1629 3903 quadraginta.
1650 3830 1875 3901 Illoque
1898 3835 2096 3886 amoto

444 3949 471 3977 (ι
507 3924 812 3982 suscitavit
837 3923 923 3979 eis
946 3922 1122 3978 David
1180 3922 1240 3977 in
1294 3938 1514 3994 regem.
1550 3921 1645 3976 cui
1687 3921 2096 3977 testimonium

443 4040 472 4070 ‹‹
505 4014 786 4079 reddens,
818 4013 1003 4068 dixit:
1038 4012 1239 4066 Inveni
1274 4011 1453 4066 David
1484 4009 1675 4065 ﬁlium
1711 4011 1887 4066 Jessaa
1905 4011 2096 4066 virum

442 4131 469 4160 «
502 4105 827 4163 secundum
854 4119 955 4157 cor
987 4100 1314 4170 meum,qui
1338 4099 1515 4155 faciet
1545 4100 2098 4156 omnesvoluntates

445 4216 473 4245 ι(
516 4210 701 4251 meas.
727 4192 916 4263 Hujus
962 4207 1032 4246 ex
1063 4189 1292 4243 semine
1351 4189 1507 4243 Deus
1542 4190 1695 4243 sicut
1742 4189 2101 4260 promiserat

443 4307 472 4336 ι(
503 4282 750 4341 adduxit
778 4280 981 4336 Israeli
1006 4279 1366 4335 Salvatorem
1419 4279 1641 4346 Jesum,
1674 4285 1849 4335 antea
1880 4280 2096 4351 praedi-

440 4396 469 4424 ‹‹
501 4376 673 4429 cante
694 4372 917 4426 Joanne
950 4374 1085 4424 ante
1131 4367 1344 4423 faciem
1378 4366 1658 4421 introitus
1697 4368 1826 4440 ejus
1870 4367 2098 4440 baptis-

439 4486 467 4514 «
505 4479 670 4518 mum
704 4458 1066 4533 poenitentia:
1098 4456 1324 4512 Israeli.
1366 4479 1386 4505 ι

2209 580 2230 608 ι
2265 555 2312 612 εί
2343 550 2453 612 ἔστι
2489 557 2657 633 λόγος
2685 556 2738 614 ἐν
2770 559 2897 634 ὑμῖν
2927 556 3334 635 παρακλήσεως
3360 557 3503 635 πρὸς
3558 558 3652 614 τὸν
3704 554 3864 627 λαὸν,

2211 671 2232 697 ι
2272 644 2480 724 λέγετε.
2508 673 2531 703 ι

2275 760 2303 788 ι(
2338 737 2593 810 Ἰωάννης
2618 735 2676 793 δὶ
2703 737 3100 814 ἀποχωρήσας,
3135 763 3163 792 υ
3195 738 3371 802 Οὗτός
3424 737 3566 794 ἰστιν
3601 738 3866 809 Ἰωάννης

2202 826 2231 880 6
2288 825 2378 881 καὶ
2439 829 2660 903 Μάρκος
2725 827 2975 899 κληθεὶς,
3074 830 3104 884 6
3186 829 3412 905 ἀνεψιὸς
3499 822 3772 904 Βαρνάϐα,
3832 826 3863 882 6

2202 917 2292 971 καί
2349 918 2412 971 τὸ
2498 918 2635 973 κατά
2693 920 2917 993 Μάρκον
3008 917 3344 996 Εὗαγγέλιον
3403 917 3869 995 συγγραψάμενος

2201 1006 2292 1060 καὶ
2327 1008 2579 1079 μαθητής
2618 1008 2824 1081 Πέτρου
2880 1012 2978 1063 τοῦ
3026 1008 3354 1088 κορυφαίου,
3405 1007 3533 1081 περὶ
3586 1006 3651 1062 οὗ
3699 1028 3866 1084 φησιν

2204 1093 2258 1150 ἐν
2288 1098 2356 1170 τῇ
2390 1095 2711 1171 Ἐπιστολῇσ
2749 1118 2772 1149 ι
2819 1096 3146 1167 Ἀσπάζεται
3205 1099 3346 1171 ὑμᾶς
3411 1101 3631 1174 Μάρκος
3685 1098 3713 1152 6
3745 1095 3868 1160 υἱός

2205 1205 2332 1259 μου.
2368 1211 2389 1235 ι
2424 1184 2595 1251 Οὗτος
2622 1187 2805 1243 τοίνυν
2864 1188 2957 1243 ἅτε
3003 1187 3095 1243 ἐπὶ
3158 1190 3498 1265 μακροτέραν
3555 1184 3870 1261 στελλομὲ-

2200 1297 2308 1330 νων
2340 1272 2465 1330 ὁδὸν
2520 1282 2627 1332 τῶν
2682 1277 2809 1352 περὶ
2876 1276 3115 1347 Παῦλον,
3173 1278 3453 1353 ὀναχωρεῖ
3510 1277 3602 1334 ἀπ’
3656 1277 3871 1348 αὐτῶν,

2199 1364 2379 1420 καίτοί
2409 1386 2471 1442 γε
2501 1366 2777 1441 ὑπηρέτης
2807 1365 2905 1438 ὢν,
2939 1364 3030 1423 διὰ
3057 1368 3120 1423 τὸ
3171 1370 3247 1443 μὴ
3284 1368 3463 1445 φέρειν
3516 1367 3679 1424 αὐτὸν
3735 1366 3868 1435 τοὺς

2198 1451 2503 1517 κινδύνους.

2844 1567 3103 1623 ΚΕΦΑΛ.
3151 1566 3215 1621 Κ¹

2201 1668 2422 1749 Παύλου
2468 1670 2760 1749 Δεύθαλὴςμ
2819 1669 3141 1749 διδασκαλία
3180 1748 3198 1749 γ,
3241 1672 3318 1735 εἷς
3386 1671 3624 1749 Χριστὸν
3687 1670 3750 1749 ἔκ
3801 1691 3870 1727 τι

2271 1745 2388 1823 τοῦ·
2424 1743 2596 1823 νόμου
2636 1815 2649 1823 _
2674 1744 2764 1799 καὶ
2792 1745 3049 1823 ικαδεξῆς
3132 1748 3241 1823 τῶν
3281 1743 3650 1823 ’προφητῶνη
3713 1743 3872 1823 ἱστρ-

2127 1844 2170 1909 B
2272 1816 2398 1909 ρικὴ
2456 1813 2564 1909 κάξ
2599 1813 2973 1909 εὐαγγεκλικήί
3120 1816 3166 1889 ᾧ
3218 1813 3508 1904 ἐκλεκτίκῆ
3566 1815 3657 1909 καὶ
3724 1813 3872 1871 συλ-

2273 1884 2589 1962 λογιστική.
2663 1884 2797 1962 Περὶ
2859 1884 3194 1962 μεταθέαεως
3253 1957 3265 1962 _
3296 1893 3396 1944 τοῦ
3463 1884 3867 1962 *κηρύγματος

2274 1957 2448 2039 είςτα
2469 1958 2617 2031 ἓθνη,
2659 1957 2910 2037 διωγμοῦ
2940 1980 2999 2015 τε
3038 1957 3215 2015 αὐτῶν
3248 1957 3361 2016 ἐκεῖ
3390 1959 3478 2015 καὶ
3512 1957 3746 2039 ἀφίξεως
3781 1957 3869 2023 εἷς

2272 2029 2517 2089 Ἰκόνιον.

2273 2160 2302 2190 ‹‹
2335 2136 2590 2200 Ἀναστὰς
2644 2134 2702 2192 δὶ
2760 2136 2978 2201 Παῦλος
3030 2138 3121 2194 καὶ
3182 2137 3500 2201 κατασείσας
3549 2143 3619 2214 τῇ
3682 2136 3866 2214 χειρὶ,

2203 2249 2231 2277 ‹‹
2264 2225 2429 2280 εἶπεν
2460 2223 2683 2302 Ἄνδρες
2714 2226 3078 2302 Ἰσραηλῖται,
3129 2226 3220 2283 καὶ
3282 2227 3333 2282 οἱ
3368 2221 3708 2305 φοϐούμενοι
3761 2225 3868 2283 τὸν

2207 2337 2227 2366 ι
2264 2320 2412 2385 Θεὸν,
2446 2314 2729 2373 ἀκούσατε.
2757 2317 2818 2373 Ὁ
2850 2317 2982 2378 Θεὸς
3014 2320 3112 2372 τοῦ
3144 2314 3281 2372 λαοῦ
3335 2316 3535 2372 τούτου
3580 2312 3867 2387 ἐξελέξατο

2200 2427 2230 2456 ι(
2268 2404 2395 2465 τοὺς
2424 2404 2659 2480 πατὲρας
2688 2407 2873 2478 ἡμῶν,
2931 2406 3023 2461 καὶ
3073 2406 3165 2461 τὸν
3226 2404 3359 2461 λαὸν
3410 2403 3620 2480 ὕψωσεν
3677 2403 3729 2459 ἐν
3786 2407 3867 2479 τῇ

2199 2494 2520 2569 «παροικίᾳ
2577 2494 2629 2550 ἐν
2695 2498 2767 2570 γῇ
2829 2495 3113 2573 Αἰγύπτῳ.
3177 2494 3275 2550 Καὶ
3338 2495 3473 2569 μετὰ
3558 2494 3868 2570 βραχίονος

2201 2607 2229 2635 α
2265 2581 2484 2657 ὑψηλοῦ
2512 2584 2768 2662 ἐξήγαγεν
2798 2585 2998 2649 αὐτοὺς
3027 2584 3075 2655 ἐξ
3132 2583 3322 2653 αὐτῆς.
3386 2584 3484 2639 Καὶ
3543 2584 3618 2646 ὡς
3667 2604 3869 2640 τεσσα-

2204 2694 2229 2727 s
2264 2673 2497 2746 ροὶκοντα
2527 2670 2617 2745 ἔτη
2649 2676 2852 2751 χρόνον
2912 2675 3358 2753 ἐτροποφόρησεν
3421 2673 3616 2737 αὐτοὺς
3677 2673 3730 2729 ἂν
3789 2677 3868 2750 τῇ

2201 2788 2229 2815 ‹‹
2259 2762 2470 2839 ἐρήμῳ.
2505 2765 2607 2822 Καὶ
2630 2763 2875 2822 καθελὼν
2906 2762 3028 2837 ἔθνη
3053 2766 3187 2822 ἔπτᾶ
3220 2765 3269 2820 ὲν
3305 2769 3377 2843 γῇ
3413 2766 3650 2823 Χαναὰν.
3689 2792 3711 2820 ι

2274 2851 2532 2918 Ἐνταῦθα
2607 2860 2825 2928 πρῶτον
2909 2854 2962 2910 ἦν
3026 2854 3342 2930 Ἀντιοχείᾳ
3427 2861 3529 2925 τῆς
3608 2850 3863 2917 Ηισιδίας

2199 2940 2457 3016 κηρύττει
2492 2940 2733 3005 Παῦλος.
2767 2944 2863 3007 Εἲς
2892 2944 2988 3007 τὰς
3022 2945 3340 3019 συναγωγὰς
3375 2942 3434 2999 δὲ
3496 2942 3741 3019 εἲσῄεσαν
3800 2941 3853 2999 δν

2201 3033 2450 3107 σχήματι
2502 3030 2801 3102 Ἰουδαίων,
2861 3034 3000 3090 ὥστε
3052 3035 3128 3108 μὴ
3189 3032 3525 3100 ἐλαύνεσθαι,
3566 3034 3657 3089 καὶ
3715 3031 3863 3090 οὕτω

2199 3122 2262 3177 τὸ
2292 3127 2394 3177 πᾶν
2423 3123 2757 3199 κατώρθουν.
2788 3148 2817 3176 ‹‹
2868 3125 3034 3195 ’Έθνη
3092 3123 3247 3179 ἓπτάν
3319 3146 3345 3179 ι
3408 3124 3695 3191 Χεταίους,
3726 3128 3867 3199 Γερ-

2583 3212 2972 3291 ’Λμορῤαιους,
3057 3213 3414 3284 Χαναναίους,
3500 3214 3865 3290 Φερεζαίους,

2202 3300 2457 3373 Εὐαίους,
2487 3303 2575 3358 καὶ
2610 3297 2971 3365 Ἰεϐουσαίους

2274 3417 2301 3445 α
2336 3389 2887 3467 Κατεκληρονόμησεν
2947 3391 3136 3458 αὐτοῖς
3192 3395 3292 3464 τήν
3352 3396 3455 3469 γῆν
3502 3393 3707 3451 αὐτῶν.
3747 3392 3862 3451 Καὶ

2203 3504 2231 3531 ι(
2268 3480 2402 3552 μετᾶ
2431 3485 2598 3535 ταῦτα
2630 3480 2703 3541 ὡς
2734 3479 2873 3536 ἔτεσι
2912 3483 3294 3557 τετρακοσίοις
3338 3481 3430 3538 καὶ
3487 3483 3860 3553 πεντήκοντα,

2210 3591 2230 3619 ι
2264 3564 2433 3626 ἔδωκε
2455 3570 2641 3645 κριτὰς
2663 3569 2768 3632 ἓως
2827 3571 3097 3645 Σαμουὴλ
3156 3575 3253 3627 τοῦ
3318 3573 3625 3649 προφήτου.
3661 3571 3858 3626 Κάκεῖ-

2207 3684 2227 3713 α
2264 3671 2349 3725 θεν
2382 3659 2656 3735 ᾐτήσαντο
2693 3658 2942 3737 βασιλέα,
2991 3662 3079 3716 val.
3139 3658 3336 3717 ἔδωκεν
3392 3661 3578 3724 αὒτοῖς
3636 3661 3662 3716 6
3717 3659 3856 3723 Θεὸς

2202 3775 2230 3802 ‹‹
2262 3751 2352 3805 τὸν
2386 3748 2566 3807 Σαοὺλ
2596 3751 2711 3806 υἱὸν
2745 3750 2869 3818 Κὶς,
2896 3747 3063 3826 ἄνδρα
3112 3751 3171 3806 ἐκ
3227 3748 3407 3829 φυλῆς
3442 3751 3726 3825 Βενιαμὶν,
3756 3747 3862 3822 ἔτη

2205 3837 2676 3911 «τεσσαράκοντα.
2715 3837 2818 3895 Καὶ
2882 3841 3223 3911 μεταστήσας
3279 3838 3437 3895 αὐτὸν
3490 3840 3704 3915 ἤγειρεν
3756 3838 3867 3894 αὖ·

2206 3951 2229 3982 ι
2272 3934 2388 3991 τοῖς
2417 3930 2507 3983 τὸν
2542 3925 2702 3984 Δαυῖδ
2736 3926 2812 3990 εἷς
2847 3927 3099 4003 βασιλέα,
3134 3928 3179 4003 ᾧ
3235 3928 3326 3984 καὶ
3394 3928 3513 3984 εἶπε
3573 3929 3866 4003 μαρτυρή-

2206 4042 2230 4073 α
2265 4039 2378 4083 σας.
2412 4018 2581 4095 Εὗρον
2613 4014 2775 4073 Δαυίδ
2806 4018 2896 4073 τὸν
2924 4022 3021 4074 τοῦ
3056 4017 3267 4088 Ἰεσσαὶ,
3325 4015 3494 4095 ἄνδρα
3550 4018 3691 4074 κατᾶ
3754 4020 3868 4087 τήν

2201 4132 2231 4161 ‹‹
2261 4104 2483 4183 καρδίαν
2519 4128 2648 4182 μου,
2683 4108 2743 4170 ὅς
2776 4110 2997 4178 ποιήσει
3046 4110 3218 4164 πάντα
3261 4109 3330 4164 τὰ
3381 4107 3667 4182 θελήματά
3725 4128 3861 4179 μου.

2204 4221 2229 4249 ιι
2262 4195 2471 4253 Τούτου
2502 4196 2530 4250 6
2563 4196 2691 4257 Θεὸς
2750 4195 2856 4250 ἀπὸ
2911 4200 3010 4251 τοῦ
3077 4197 3389 4270 σπέρματος
3444 4195 3563 4251 κατ’
3619 4194 3870 4270 ἐπαγγε-

2202 4309 2230 4337 ‹‹
2265 4284 2385 4341 λίαν
2414 4283 2590 4364 ἤγαγε
2628 4290 2708 4359 τῷ
2740 4284 2965 4363 Ἰσραήλ
3021 4291 3256 4362 Σωτῆρα
3314 4286 3518 4358 Ἰησοῦ,
3570 4283 3871 4361 προκηρύ-

2204 4398 2232 4427 ‹‹
2263 4376 2448 4446 ξαντος
2488 4375 2762 4433 Ἰωάννου.
2795 4397 2823 4427 ›)

510 4552 771 4608 «Inveni
814 4550 1015 4615 David,
1075 4572 1103 4599 »
1163 4554 1271 4604 etc.
1334 4546 1769 4603 Advertendum
1816 4554 1906 4604 est
1964 4548 2091 4606 haec

2273 4578 2300 4606 κ
2334 4553 2505 4630 Εὗρον
2563 4549 2752 4623 Δαυῒδ,
2789 4577 2816 4605 ››
2864 4552 2956 4609 καὶ
3022 4554 3088 4608 τὰ
3146 4554 3291 4625 ἑξῆς.
3357 4549 3712 4628 Σημειωτέον
3774 4552 3869 4618 ὡς

435 4644 612 4700 verba
645 4656 1026 4715 nequaquam
1059 4638 1265 4694 eadem
1297 4637 1627 4692 dictionum
1670 4638 1823 4694 serie
1884 4639 2088 4694 haberi

435 4736 498 4790 in
531 4735 685 4791 libro
717 4735 1054 4805 Regnorum
1090 4746 1103 4783 :
1136 4733 1239 4784 aut
1278 4729 1468 4782 solum
1527 4744 1561 4783 a
1617 4728 1887 4785 Samuele
1928 4730 2086 4786 dicta

437 4842 566 4881 esse
598 4824 669 4879 ad
694 4823 830 4880 Saul
847 4824 959 4877 hoc
992 4819 1164 4875 modo
1190 4835 1244 4872 τα
1264 4820 1505 4873 Etnunc
1525 4834 1770 4890 regnum
1788 4825 1951 4874 tuum
1969 4836 2087 4875 non

436 4913 857 4984 permanebit:
893 4916 953 4966 et
989 4914 1219 4981 quaeret
1276 4907 1562 4962 Dominus
1619 4907 1729 4961 sibi
1783 4909 2089 4964 hominem

438 5001 764 5058 secundum
797 5018 900 5056 cor
938 5015 1132 5056 suum.
1168 5003 1225 5052 et
1254 4996 1559 5068 praecipiet
1586 4995 1673 5050 illi
1708 4997 1995 5053 Dominus
2023 5005 2092 5055 ut

436 5090 691 5161 imperet
721 5107 899 5161 super
921 5088 1211 5160 populum
1244 5102 1415 5141 suum
1452 5101 1464 5139 :
1508 5085 1649 5156 quia
1678 5102 1799 5140 non
1846 5089 2087 5143 servasti

435 5196 806 5254 quaecunque
837 5178 1119 5250 prmcepit
1144 5175 1250 5231 tibi
1277 5175 1614 5230 Dominus“.
1637 5200 1656 5223 ιι
1676 5175 1901 5231 Ethinc
1918 5194 2086 5233 assu-

431 5288 603 5328 mens
634 5270 851 5325 Paulus
884 5269 964 5324 ita
995 5268 1179 5323 dixit:
1217 5265 1414 5320 Inveni
1448 5263 1629 5319 David
1670 5264 1861 5321 filium
1904 5267 2085 5323 Jessas

425 5362 615 5415 virum
650 5358 981 5414 secundum
1015 5374 1117 5413 cor
1151 5372 1368 5421 meum,
1398 5355 1499 5425 qui
1525 5354 1703 5409 faciet
1734 5371 1944 5412 omnes
1974 5374 2082 5413 vo-

426 5450 687 5505 luntates
720 5465 881 5503 meas
939 5469 965 5496 (ι
1000 5450 1149 5501 Ante
1183 5444 1393 5500 faciem
1423 5443 1703 5500 introitus
1737 5445 1885 5517 ejus.
1922 5470 1948 5498 ›.
1980 5448 2077 5503 In-

424 5539 669 5595 troitum
703 5544 871 5595 vocat
899 5536 1396 5592 incarnationem.

498 5749 521 5784 ⁷
552 5750 577 5805 Ι
606 5744 767 5806 Petr.
800 5764 851 5817 ν,
888 5747 976 5804 13.
1010 5744 1077 5801 ⁸1
1106 5744 1248 5819 Reg.
1279 5759 1397 5816 xm,
1436 5743 1522 5799 1-3.

2201 4640 2446 4719 οὒδαμοῦ
2504 4642 2781 4714 αὖτολεξεὶ
2837 4648 3006 4700 ταῦτα
3057 4645 3126 4700 τὰ
3181 4644 3405 4719 ῥήματα
3452 4649 3626 4700 κεῖται
3657 4642 3709 4698 ἐν
3766 4649 3865 4716 τῷ

2203 4729 2385 4809 βίϐλῳ
2416 4738 2524 4789 τῶν
2558 4732 2883 4801 Βασιλειῶν,
2916 4734 2951 4805 ἢ
2993 4734 3161 4809 μόνον
3197 4738 3556 4812 προφητικῶς
3612 4734 3719 4789 ἀπὸ
3748 4738 3862 4789 τοῦ

2206 4821 2476 4897 Σαμουὴλ
2508 4822 2769 4899 εἰρημένα
2804 4824 2942 4899 πρὸς
2995 4825 3088 4880 τὸν
3145 4823 3352 4893 Σαοὺλ,
3403 4825 3602 4886 οὓτως·
3667 4846 3694 4874 α
3745 4822 3868 4880 Καὶ

2200 4915 2355 4982 νῦνὴ
2391 4912 2647 4988 βασιλεία
2702 4934 2799 4968 σου
2856 4914 2917 4969 ού
2969 4915 3243 4984 στήσεται·
3303 4914 3395 4970 καὶ
3452 4916 3676 4985 ζητήσει
3734 4913 3867 4969 Κύ-

2199 5023 2317 5079 ριος
2347 5003 2521 5075 ἑαυτῷ
2552 4999 2832 5079 ἄνθρωπον
2890 5005 3029 5060 κατὰ
3080 5010 3181 5074 τὴν
3242 5001 3470 5080 καρδίαν
3511 5002 3701 5073 αὐτοῦ,
3755 5001 3865 5058 καὶ

2198 5090 2490 5149 ἐντελεῖται
2532 5093 2733 5168 Κύριος
2788 5094 2938 5166 αύτῷ
2992 5093 3067 5157 εἷς
3126 5091 3368 5170 ἃρχοντα
3427 5091 3514 5149 ἐπὶ
3567 5094 3658 5149 τὸν
3715 5090 3862 5149 λαὸν

2196 5184 2383 5251 αύτοῦ,
2420 5182 2503 5239 ὅτι
2535 5182 2634 5238 οὐκ
2663 5182 2930 5262 ἐφύλαξας
2964 5182 3063 5239 ὅσα
3092 5182 3399 5239 ἐνετείλατό
3440 5204 3525 5239 σοι
3561 5182 3786 5258 Κύριος.
3827 5206 3865 5235 ι»

2195 5273 2300 5330 Καὶ
2360 5272 2594 5329 ἐντεῦθεν
2653 5274 2681 5328 ὁ
2739 5273 2955 5337 Παῦλος
3026 5274 3204 5337 οὕτως
3264 5272 3474 5351 ε’ίρηκε,
3532 5272 3618 5341 τὸ,
3679 5268 3878 5347 Εὗρον

2195 5360 2356 5419 Δαυίδ
2386 5362 2478 5418 τὸν
2506 5367 2602 5418 τοῦ
2642 5364 2856 5432 Ἰεσσαὶ,
2889 5360 3059 5439 ἄνδρα
3112 5365 3251 5419 κατᾶ
3307 5365 3405 5434 τὴν
3437 5360 3662 5440 καρδίαν
3723 5382 3874 5435 μου,

2192 5451 2251 5514 ὅς
2284 5455 2503 5523 ποιήσει
2531 5453 2707 5509 πάντα
2737 5454 2804 5510 τα
2833 5453 3119 5527 θελήματα
3154 5475 3280 5528 μου.
3318 5478 3346 5509 ι(
3406 5454 3515 5529 Πρὸ
3550 5452 3877 5531 προσώπου

2189 5550 2292 5613 τῆς
2325 5541 2541 5600 εἰσόδου
2571 5545 2738 5602 αὑτοῦ
2767 5566 2793 5598 ιι
2834 5546 3119 5621 βάπτισμα
3152 5544 3433 5621 μετανοίας
3489 5548 3568 5619 τῷ
3600 5541 3872 5623 Ἰσραήλ.

2190 5631 2424 5693 Εῗσοδον
2453 5637 2553 5707 τὴν
2582 5635 2854 5714 σάρκωσιν
2888 5632 3059 5712 λέγει.
