  <div class='ocr_page' id='page_1' title='image "/cluster/home/n/w/nwhite01/storage/ocr_20150623/118:no.1/coo.31924054870229/112.png"; bbox 0 0 4112 6488; ppageno 0'>
   <div class='ocr_carea' id='block_1_1' title="bbox 378 335 491 397">
    <p class='ocr_par' dir='ltr' id='par_1_1' title="bbox 378 335 491 397">
     <span class='ocr_line' id='line_1_1' title="bbox 378 335 491 397; baseline 0 0"><span class='ocrx_word' id='word_1_1' title='bbox 378 335 491 397; x_wconf 69' lang='grc'>205</span> 
     </span>
    </p>
   </div>
   <div class='ocr_carea' id='block_1_2' title="bbox 1393 328 2841 397">
    <p class='ocr_par' dir='ltr' id='par_1_2' title="bbox 1393 328 2841 397">
     <span class='ocr_line' id='line_1_2' title="bbox 1393 328 2841 397; baseline -0.003 0"><span class='ocrx_word' id='word_1_2' title='bbox 1393 332 1797 397; x_wconf 82' lang='grc' dir='ltr'>ΟΟΝΜΕΝΤ.</span> <span class='ocrx_word' id='word_1_3' title='bbox 1844 332 1931 395; x_wconf 80' lang='lat' dir='ltr'><strong>IN</strong></span> <span class='ocrx_word' id='word_1_4' title='bbox 1977 331 2186 394; x_wconf 83' lang='lat' dir='ltr'>ACTA</span> <span class='ocrx_word' id='word_1_5' title='bbox 2229 328 2841 393; x_wconf 76' lang='lat' dir='ltr'>APOSTOLO-RUM.</span> 
     </span>
    </p>
   </div>
   <div class='ocr_carea' id='block_1_3' title="bbox 3710 334 3831 399">
    <p class='ocr_par' dir='ltr' id='par_1_3' title="bbox 3710 334 3831 399">
     <span class='ocr_line' id='line_1_3' title="bbox 3710 334 3831 399; baseline 0 -4"><span class='ocrx_word' id='word_1_6' title='bbox 3710 334 3831 399; x_wconf 71' lang='lat'>200</span> 
     </span>
    </p>
   </div>
   <div class='ocr_carea' id='block_1_4' title="bbox 459 462 2056 542">
    <p class='ocr_par' dir='ltr' id='par_1_4' title="bbox 459 462 2056 542">
     <span class='ocr_line' id='line_1_4' title="bbox 459 462 2056 542; baseline 0.001 -24"><span class='ocrx_word' id='word_1_7' title='bbox 459 473 605 529; x_wconf 61' lang='grc' dir='ltr'>αὩς</span> <span class='ocrx_word' id='word_1_8' title='bbox 666 464 727 522; x_wconf 70' lang='grc' dir='ltr'>εὶ</span> <span class='ocrx_word' id='word_1_9' title='bbox 782 467 1045 542; x_wconf 70' lang='grc' dir='ltr'>ἒπΑήρου</span> <span class='ocrx_word' id='word_1_10' title='bbox 1115 465 1368 536; x_wconf 75' lang='grc' dir='ltr'>Ἰωάννης</span> <span class='ocrx_word' id='word_1_11' title='bbox 1442 468 1536 522; x_wconf 87' lang='grc' dir='ltr'>τὸν</span> <span class='ocrx_word' id='word_1_12' title='bbox 1596 463 1825 541; x_wconf 83' lang='grc' dir='ltr'>δρόμον,</span> <span class='ocrx_word' id='word_1_13' title='bbox 1885 462 2056 538; x_wconf 73' lang='grc' dir='ltr'>ἔλεγε·</span> 
     </span>
    </p>
   </div>
   <div class='ocr_carea' id='block_1_5' title="bbox 2174 462 3824 542">
    <p class='ocr_par' dir='ltr' id='par_1_5' title="bbox 2247 464 3824 538">
     <span class='ocr_line' id='line_1_5' title="bbox 2247 464 3824 538; baseline 0.004 -18"><span class='ocrx_word' id='word_1_14' title='bbox 2247 465 2400 527; x_wconf 77' lang='lat' dir='ltr'>Xlll,</span> <span class='ocrx_word' id='word_1_15' title='bbox 2429 464 2612 520; x_wconf 74' lang='lat'>25-29.</span> <span class='ocrx_word' id='word_1_16' title='bbox 2649 486 2677 513; x_wconf 76' lang='grc' dir='ltr'>ιι</span> <span class='ocrx_word' id='word_1_17' title='bbox 2710 468 2785 519; x_wconf 79' lang='lat' dir='ltr'>At</span> <span class='ocrx_word' id='word_1_18' title='bbox 2814 480 2949 519; x_wconf 86' lang='lat' dir='ltr'>cum</span> <span class='ocrx_word' id='word_1_19' title='bbox 2977 465 3234 521; x_wconf 80' lang='lat' dir='ltr'>Joannes</span> <span class='ocrx_word' id='word_1_20' title='bbox 3256 465 3534 538; x_wconf 77' lang='lat' dir='ltr'>impleret</span> <span class='ocrx_word' id='word_1_21' title='bbox 3563 484 3824 536; x_wconf 77' lang='lat' dir='ltr'>cursum,</span> 
     </span>
    </p>
   </div>
   <div class='ocr_carea' id='block_1_6' title="bbox 393 551 2063 633">
    <p class='ocr_par' dir='ltr' id='par_1_6' title="bbox 393 551 2063 633">
     <span class='ocr_line' id='line_1_6' title="bbox 393 551 2063 633; baseline -0.002 -21"><span class='ocrx_word' id='word_1_22' title='bbox 393 581 425 612; x_wconf 75' lang='grc' dir='ltr'>ιι</span> <span class='ocrx_word' id='word_1_23' title='bbox 448 556 582 617; x_wconf 87' lang='grc' dir='ltr'>Τίνα</span> <span class='ocrx_word' id='word_1_24' title='bbox 616 577 687 629; x_wconf 89' lang='grc' dir='ltr'>με</span> <span class='ocrx_word' id='word_1_25' title='bbox 709 555 1008 612; x_wconf 79' lang='grc' dir='ltr'>ὑπονοεῖτε</span> <span class='ocrx_word' id='word_1_26' title='bbox 1036 555 1182 612; x_wconf 76' lang='grc' dir='ltr'>εἶναι</span> <span class='ocrx_word' id='word_1_27' title='bbox 1214 575 1229 627; x_wconf 88' lang='grc'><strong>;</strong></span> <span class='ocrx_word' id='word_1_28' title='bbox 1267 555 1366 612; x_wconf 82' lang='grc' dir='ltr'>οὐκ</span> <span class='ocrx_word' id='word_1_29' title='bbox 1412 554 1529 629; x_wconf 79' lang='grc' dir='ltr'>είμὶ</span> <span class='ocrx_word' id='word_1_30' title='bbox 1587 553 1718 633; x_wconf 78' lang='grc' dir='ltr'>ἐγώ,</span> <span class='ocrx_word' id='word_1_31' title='bbox 1754 553 1882 611; x_wconf 76' lang='grc' dir='ltr'>ἀλλ’</span> <span class='ocrx_word' id='word_1_32' title='bbox 1940 551 2063 609; x_wconf 76' lang='grc' dir='ltr'>ῗδοὺ</span> 
     </span>
    </p>
   </div>
   <div class='ocr_carea' id='block_1_7' title="bbox 397 641 2064 724">
    <p class='ocr_par' dir='ltr' id='par_1_7' title="bbox 397 641 2064 724">
     <span class='ocr_line' id='line_1_7' title="bbox 397 641 2064 724; baseline -0.004 -21"><span class='ocrx_word' id='word_1_33' title='bbox 397 646 676 724; x_wconf 71' lang='grc' dir='ltr'>«ἔρχεται</span> <span class='ocrx_word' id='word_1_34' title='bbox 714 648 837 720; x_wconf 74' lang='grc' dir='ltr'>μετ’</span> <span class='ocrx_word' id='word_1_35' title='bbox 868 643 992 719; x_wconf 74' lang='grc' dir='ltr'>ἐμὲ,</span> <span class='ocrx_word' id='word_1_36' title='bbox 1040 644 1104 701; x_wconf 76' lang='grc' dir='ltr'>οὗ</span> <span class='ocrx_word' id='word_1_37' title='bbox 1167 645 1267 701; x_wconf 82' lang='grc' dir='ltr'>οὐκ</span> <span class='ocrx_word' id='word_1_38' title='bbox 1311 644 1426 720; x_wconf 82' lang='grc' dir='ltr'>ἐίμί</span> <span class='ocrx_word' id='word_1_39' title='bbox 1485 644 1633 715; x_wconf 78' lang='grc' dir='ltr'>ἄξιος</span> <span class='ocrx_word' id='word_1_40' title='bbox 1688 644 1751 701; x_wconf 90' lang='grc' dir='ltr'>τὸ</span> <span class='ocrx_word' id='word_1_41' title='bbox 1804 641 2064 716; x_wconf 83' lang='grc' dir='ltr'>ὑποδημα</span> 
     </span>
    </p>
   </div>
   <div class='ocr_carea' id='block_1_8' title="bbox 392 730 2061 815">
    <p class='ocr_par' dir='ltr' id='par_1_8' title="bbox 392 730 2061 815">
     <span class='ocr_line' id='line_1_8' title="bbox 392 730 2061 815; baseline -0.002 -26"><span class='ocrx_word' id='word_1_42' title='bbox 392 741 560 792; x_wconf 78' lang='grc' dir='ltr'>ατῶν</span> <span class='ocrx_word' id='word_1_43' title='bbox 620 735 814 791; x_wconf 80' lang='grc' dir='ltr'>ποδῶν</span> <span class='ocrx_word' id='word_1_44' title='bbox 875 734 1064 791; x_wconf 69' lang='grc' dir='ltr'>λῦσαι.</span> <span class='ocrx_word' id='word_1_45' title='bbox 1123 732 1355 809; x_wconf 72' lang='grc' dir='ltr'>’Ἄνδρες</span> <span class='ocrx_word' id='word_1_46' title='bbox 1412 730 1666 815; x_wconf 73' lang='grc' dir='ltr'>ἀδελφοὶ,</span> <span class='ocrx_word' id='word_1_47' title='bbox 1716 732 1826 788; x_wconf 84' lang='grc' dir='ltr'>οἱοὶ</span> <span class='ocrx_word' id='word_1_48' title='bbox 1872 734 2061 809; x_wconf 74' lang='grc' dir='ltr'>γένους</span> 
     </span>
    </p>
   </div>
   <div class='ocr_carea' id='block_1_9' title="bbox 389 818 2060 903">
    <p class='ocr_par' dir='ltr' id='par_1_9' title="bbox 389 818 2060 903">
     <span class='ocr_line' id='line_1_9' title="bbox 389 818 2060 903; baseline -0.002 -25"><span class='ocrx_word' id='word_1_49' title='bbox 389 820 734 899; x_wconf 71' lang='grc' dir='ltr'>«Ἀϐρααμ,</span> <span class='ocrx_word' id='word_1_50' title='bbox 795 823 891 879; x_wconf 82' lang='grc' dir='ltr'>καὶ</span> <span class='ocrx_word' id='word_1_51' title='bbox 951 824 1004 879; x_wconf 76' lang='grc' dir='ltr'>οἱ</span> <span class='ocrx_word' id='word_1_52' title='bbox 1070 822 1125 879; x_wconf 82' lang='grc' dir='ltr'>ἐν</span> <span class='ocrx_word' id='word_1_53' title='bbox 1184 823 1310 896; x_wconf 77' lang='grc' dir='ltr'>ὑμῖν</span> <span class='ocrx_word' id='word_1_54' title='bbox 1370 818 1706 903; x_wconf 76' lang='grc' dir='ltr'>φοϐούμενοι</span> <span class='ocrx_word' id='word_1_55' title='bbox 1760 823 1852 878; x_wconf 87' lang='grc' dir='ltr'>τὸν</span> <span class='ocrx_word' id='word_1_56' title='bbox 1907 821 2060 888; x_wconf 84' lang='grc' dir='ltr'>Θεὸν,</span> 
     </span>
    </p>
   </div>
   <div class='ocr_carea' id='block_1_10' title="bbox 389 909 2062 989">
    <p class='ocr_par' dir='ltr' id='par_1_10' title="bbox 389 909 2062 989">
     <span class='ocr_line' id='line_1_10' title="bbox 389 909 2062 989; baseline -0.002 -21"><span class='ocrx_word' id='word_1_57' title='bbox 389 940 423 968; x_wconf 78' lang='grc' dir='ltr'><strong><em>κ</em></strong></span> <span class='ocrx_word' id='word_1_58' title='bbox 460 915 593 989; x_wconf 78' lang='grc' dir='ltr'>ὑμῖν</span> <span class='ocrx_word' id='word_1_59' title='bbox 625 916 656 969; x_wconf 85' lang='grc' dir='ltr'><strong>ὁ</strong></span> <span class='ocrx_word' id='word_1_60' title='bbox 684 913 865 989; x_wconf 94' lang='grc' dir='ltr'>λόγος</span> <span class='ocrx_word' id='word_1_61' title='bbox 903 919 1006 983; x_wconf 79' lang='grc' dir='ltr'>τῆς</span> <span class='ocrx_word' id='word_1_62' title='bbox 1066 913 1340 986; x_wconf 78' lang='grc' dir='ltr'>σωτηρίας</span> <span class='ocrx_word' id='word_1_63' title='bbox 1397 911 1601 983; x_wconf 78' lang='grc' dir='ltr'>ταύτης</span> <span class='ocrx_word' id='word_1_64' title='bbox 1657 909 1961 982; x_wconf 73' lang='grc' dir='ltr'>ἀπεστάλη.</span> <span class='ocrx_word' id='word_1_65' title='bbox 1993 909 2062 967; x_wconf 77' lang='grc' dir='ltr'>Οἱ</span> 
     </span>
    </p>
   </div>
   <div class='ocr_carea' id='block_1_11' title="bbox 387 1000 2061 1080">
    <p class='ocr_par' dir='ltr' id='par_1_11' title="bbox 387 1000 2061 1080">
     <span class='ocr_line' id='line_1_11' title="bbox 387 1000 2061 1080; baseline -0.005 -18"><span class='ocrx_word' id='word_1_66' title='bbox 387 1033 421 1062; x_wconf 77' lang='grc' dir='ltr'>οι</span> <span class='ocrx_word' id='word_1_67' title='bbox 450 1007 559 1080; x_wconf 75' lang='grc' dir='ltr'>γὰρ</span> <span class='ocrx_word' id='word_1_68' title='bbox 591 1007 979 1065; x_wconf 81' lang='grc' dir='ltr'>κατοικοῦντες</span> <span class='ocrx_word' id='word_1_69' title='bbox 1011 1001 1065 1058; x_wconf 73' lang='grc' dir='ltr'>ἐν</span> <span class='ocrx_word' id='word_1_70' title='bbox 1114 1000 1506 1078; x_wconf 73' lang='grc' dir='ltr'>Ἰερουσαλὴμ,</span> <span class='ocrx_word' id='word_1_71' title='bbox 1562 1002 1653 1057; x_wconf 83' lang='grc' dir='ltr'>καὶ</span> <span class='ocrx_word' id='word_1_72' title='bbox 1709 1002 1761 1057; x_wconf 78' lang='grc' dir='ltr'>οἱ</span> <span class='ocrx_word' id='word_1_73' title='bbox 1793 1003 2061 1080; x_wconf 77' lang='grc' dir='ltr'>ἄρχοντες</span> 
     </span>
    </p>
   </div>
   <div class='ocr_carea' id='block_1_12' title="bbox 387 1091 2058 1167">
    <p class='ocr_par' dir='ltr' id='par_1_12' title="bbox 387 1091 2058 1167">
     <span class='ocr_line' id='line_1_12' title="bbox 387 1091 2058 1167; baseline -0.004 -18"><span class='ocrx_word' id='word_1_74' title='bbox 387 1122 420 1149; x_wconf 73' lang='grc' dir='ltr'><strong><em>κ</em></strong></span> <span class='ocrx_word' id='word_1_75' title='bbox 453 1094 640 1151; x_wconf 79' lang='grc' dir='ltr'>αὐτῶν</span> <span class='ocrx_word' id='word_1_76' title='bbox 700 1097 894 1149; x_wconf 85' lang='grc' dir='ltr'>τοῦτον</span> <span class='ocrx_word' id='word_1_77' title='bbox 968 1093 1350 1167; x_wconf 76' lang='grc' dir='ltr'>ἀγνοήσαντες,</span> <span class='ocrx_word' id='word_1_78' title='bbox 1410 1091 1501 1146; x_wconf 84' lang='grc' dir='ltr'>καὶ</span> <span class='ocrx_word' id='word_1_79' title='bbox 1556 1091 1654 1154; x_wconf 70' lang='grc' dir='ltr'>τας</span> <span class='ocrx_word' id='word_1_80' title='bbox 1711 1092 1892 1166; x_wconf 75' lang='grc' dir='ltr'>φωνὰς</span> <span class='ocrx_word' id='word_1_81' title='bbox 1948 1095 2058 1145; x_wconf 79' lang='grc' dir='ltr'>τῶν</span> 
     </span>
    </p>
   </div>
   <div class='ocr_carea' id='block_1_13' title="bbox 383 1175 2059 1262">
    <p class='ocr_par' dir='ltr' id='par_1_13' title="bbox 383 1175 2059 1262">
     <span class='ocr_line' id='line_1_13' title="bbox 383 1175 2059 1262; baseline -0.002 -24"><span class='ocrx_word' id='word_1_82' title='bbox 383 1211 415 1239; x_wconf 83' lang='lat'><strong>«</strong></span> <span class='ocrx_word' id='word_1_83' title='bbox 440 1188 784 1262; x_wconf 73' lang='grc' dir='ltr'>προφητῶν,</span> <span class='ocrx_word' id='word_1_84' title='bbox 832 1180 929 1244; x_wconf 70' lang='grc' dir='ltr'>τὰς</span> <span class='ocrx_word' id='word_1_85' title='bbox 986 1182 1125 1236; x_wconf 77' lang='grc' dir='ltr'>κατᾶ</span> <span class='ocrx_word' id='word_1_86' title='bbox 1180 1184 1285 1236; x_wconf 81' lang='grc' dir='ltr'>πᾶν</span> <span class='ocrx_word' id='word_1_87' title='bbox 1356 1175 1637 1236; x_wconf 75' lang='grc' dir='ltr'>Σάϐϐατον</span> <span class='ocrx_word' id='word_1_88' title='bbox 1694 1181 2059 1259; x_wconf 84' lang='grc' dir='ltr'>ἀναγινωσκο-</span> 
     </span>
    </p>
   </div>
   <div class='ocr_carea' id='block_1_14' title="bbox 386 1267 2058 1350">
    <p class='ocr_par' dir='ltr' id='par_1_14' title="bbox 386 1267 2058 1350">
     <span class='ocr_line' id='line_1_14' title="bbox 386 1267 2058 1350; baseline -0.004 -21"><span class='ocrx_word' id='word_1_89' title='bbox 386 1302 420 1329; x_wconf 76' lang='grc' dir='ltr'>ιι</span> <span class='ocrx_word' id='word_1_90' title='bbox 454 1279 654 1350; x_wconf 74' lang='grc' dir='ltr'>μένας,</span> <span class='ocrx_word' id='word_1_91' title='bbox 687 1272 971 1345; x_wconf 78' lang='grc' dir='ltr'>κρίναντες</span> <span class='ocrx_word' id='word_1_92' title='bbox 1001 1268 1354 1346; x_wconf 58' lang='grc' dir='ltr'>ἐπλήρωσαν</span> <span class='ocrx_word' id='word_1_93' title='bbox 1396 1271 1489 1325; x_wconf 83' lang='grc' dir='ltr'>καὶ</span> <span class='ocrx_word' id='word_1_94' title='bbox 1552 1267 1824 1344; x_wconf 86' lang='grc' dir='ltr'>μηδεμίαν</span> <span class='ocrx_word' id='word_1_95' title='bbox 1882 1268 2058 1325; x_wconf 72' lang='grc' dir='ltr'>αἰτίαν</span> 
     </span>
    </p>
   </div>
   <div class='ocr_carea' id='block_1_15' title="bbox 388 1357 2061 1436">
    <p class='ocr_par' dir='ltr' id='par_1_15' title="bbox 388 1357 2061 1436">
     <span class='ocr_line' id='line_1_15' title="bbox 388 1357 2061 1436; baseline -0.004 -18"><span class='ocrx_word' id='word_1_96' title='bbox 388 1361 700 1418; x_wconf 68' lang='grc' dir='ltr'>«θανάτου</span> <span class='ocrx_word' id='word_1_97' title='bbox 754 1359 1024 1436; x_wconf 83' lang='grc' dir='ltr'>εύροντες,</span> <span class='ocrx_word' id='word_1_98' title='bbox 1083 1359 1358 1435; x_wconf 72' lang='grc' dir='ltr'>ᾐτήσαντο</span> <span class='ocrx_word' id='word_1_99' title='bbox 1417 1357 1657 1414; x_wconf 82' lang='grc' dir='ltr'>Πιλᾶτον</span> <span class='ocrx_word' id='word_1_100' title='bbox 1712 1358 2061 1434; x_wconf 81' lang='grc' dir='ltr'>ἀναιρεθῆναι</span> 
     </span>
    </p>
   </div>
   <div class='ocr_carea' id='block_1_16' title="bbox 382 1449 2059 1526">
    <p class='ocr_par' dir='ltr' id='par_1_16' title="bbox 382 1449 2059 1526">
     <span class='ocr_line' id='line_1_16' title="bbox 382 1449 2059 1526; baseline -0.002 -16"><span class='ocrx_word' id='word_1_101' title='bbox 382 1480 415 1509; x_wconf 71' lang='grc' dir='ltr'><strong><em>κ</em></strong></span> <span class='ocrx_word' id='word_1_102' title='bbox 448 1453 639 1512; x_wconf 68' lang='grc' dir='ltr'>αὐτόν.</span> <span class='ocrx_word' id='word_1_103' title='bbox 713 1453 803 1515; x_wconf 81' lang='grc' dir='ltr'>Ὠς</span> <span class='ocrx_word' id='word_1_104' title='bbox 864 1449 924 1507; x_wconf 69' lang='grc' dir='ltr'>δὲ</span> <span class='ocrx_word' id='word_1_105' title='bbox 1008 1450 1258 1507; x_wconf 69' lang='grc' dir='ltr'>ἐτέλεσαν</span> <span class='ocrx_word' id='word_1_106' title='bbox 1330 1452 1539 1508; x_wconf 80' lang='grc' dir='ltr'>ἅπαντα</span> <span class='ocrx_word' id='word_1_107' title='bbox 1592 1452 1661 1507; x_wconf 77' lang='grc' dir='ltr'>τὰ</span> <span class='ocrx_word' id='word_1_108' title='bbox 1709 1451 1834 1526; x_wconf 83' lang='grc' dir='ltr'>περὶ</span> <span class='ocrx_word' id='word_1_109' title='bbox 1892 1450 2059 1508; x_wconf 76' lang='grc' dir='ltr'>αὐτοῦ</span> 
     </span>
    </p>
   </div>
   <div class='ocr_carea' id='block_1_17' title="bbox 394 1538 2060 1626">
    <p class='ocr_par' dir='ltr' id='par_1_17' title="bbox 394 1538 2060 1626">
     <span class='ocr_line' id='line_1_17' title="bbox 394 1538 2060 1626; baseline -0.003 -24"><span class='ocrx_word' id='word_1_110' title='bbox 394 1569 423 1601; x_wconf 79' lang='grc' dir='ltr'>ι</span> <span class='ocrx_word' id='word_1_111' title='bbox 450 1545 839 1626; x_wconf 74' lang='grc' dir='ltr'>γεγραμμένα,</span> <span class='ocrx_word' id='word_1_112' title='bbox 870 1540 1195 1606; x_wconf 78' lang='grc' dir='ltr'>καθελόντες</span> <span class='ocrx_word' id='word_1_113' title='bbox 1226 1542 1333 1598; x_wconf 78' lang='grc' dir='ltr'>ἀπὸ</span> <span class='ocrx_word' id='word_1_114' title='bbox 1380 1547 1477 1599; x_wconf 81' lang='grc' dir='ltr'>τοῦ</span> <span class='ocrx_word' id='word_1_115' title='bbox 1507 1542 1674 1615; x_wconf 80' lang='grc' dir='ltr'>ξύλου</span> <span class='ocrx_word' id='word_1_116' title='bbox 1730 1538 1928 1613; x_wconf 78' lang='grc' dir='ltr'>ἔθηκαν</span> <span class='ocrx_word' id='word_1_117' title='bbox 1982 1542 2060 1607; x_wconf 76' lang='grc' dir='ltr'>εἷς</span> 
     </span>
    </p>
   </div>
   <div class='ocr_carea' id='block_1_18' title="bbox 397 1638 822 1710">
    <p class='ocr_par' dir='ltr' id='par_1_18' title="bbox 397 1638 822 1710">
     <span class='ocr_line' id='line_1_18' title="bbox 397 1638 822 1710; baseline -0.012 -20"><span class='ocrx_word' id='word_1_118' title='bbox 397 1658 428 1690; x_wconf 76' lang='grc' dir='ltr'>ι</span> <span class='ocrx_word' id='word_1_119' title='bbox 459 1638 754 1710; x_wconf 79' lang='grc' dir='ltr'>μνημεῖον,</span> <span class='ocrx_word' id='word_1_120' title='bbox 790 1657 822 1686; x_wconf 75' lang='grc' dir='ltr'><strong><em>υ</em></strong></span> 
     </span>
    </p>
   </div>
   <div class='ocr_carea' id='block_1_19' title="bbox 472 1718 2056 1798">
    <p class='ocr_par' dir='ltr' id='par_1_19' title="bbox 472 1718 2056 1798">
     <span class='ocr_line' id='line_1_19' title="bbox 472 1718 2056 1798; baseline -0.004 -18"><span class='ocrx_word' id='word_1_121' title='bbox 472 1725 731 1793; x_wconf 66' lang='grc' dir='ltr'>Ἰωάννης</span> <span class='ocrx_word' id='word_1_122' title='bbox 790 1725 1089 1798; x_wconf 85' lang='grc' dir='ltr'>μαρτυρεῖ,</span> <span class='ocrx_word' id='word_1_123' title='bbox 1179 1720 1286 1796; x_wconf 80' lang='grc' dir='ltr'>οὐχ</span> <span class='ocrx_word' id='word_1_124' title='bbox 1365 1719 1581 1789; x_wconf 82' lang='grc' dir='ltr'>ἁπλῶς,</span> <span class='ocrx_word' id='word_1_125' title='bbox 1640 1718 1787 1777; x_wconf 87' lang='grc' dir='ltr'>ἀλλά</span> <span class='ocrx_word' id='word_1_126' title='bbox 1840 1719 2056 1775; x_wconf 76' lang='grc' dir='ltr'>πάντων</span> 
     </span>
    </p>
   </div>
   <div class='ocr_carea' id='block_1_20' title="bbox 2172 552 3828 618">
    <p class='ocr_par' dir='ltr' id='par_1_20' title="bbox 2172 552 3828 618">
     <span class='ocr_line' id='line_1_20' title="bbox 2172 552 3828 618; baseline 0.007 -14"><span class='ocrx_word' id='word_1_127' title='bbox 2172 576 2199 604; x_wconf 75' lang='grc' dir='ltr'>(ι</span> <span class='ocrx_word' id='word_1_128' title='bbox 2235 552 2473 613; x_wconf 89' lang='lat' dir='ltr'>dicebat</span> <span class='ocrx_word' id='word_1_129' title='bbox 2505 569 2518 607; x_wconf 88' lang='lat'><strong>:</strong></span> <span class='ocrx_word' id='word_1_130' title='bbox 2552 553 2738 618; x_wconf 86' lang='lat' dir='ltr'>Quem</span> <span class='ocrx_word' id='word_1_131' title='bbox 2770 569 2863 608; x_wconf 92' lang='lat' dir='ltr'>me</span> <span class='ocrx_word' id='word_1_132' title='bbox 2899 553 3277 610; x_wconf 76' lang='lat' dir='ltr'>arbitramini</span> <span class='ocrx_word' id='word_1_133' title='bbox 3309 556 3483 612; x_wconf 82' lang='lat' dir='ltr'><strong>esse?</strong></span> <span class='ocrx_word' id='word_1_134' title='bbox 3527 574 3649 615; x_wconf 90' lang='lat' dir='ltr'>non</span> <span class='ocrx_word' id='word_1_135' title='bbox 3694 574 3828 616; x_wconf 92' lang='lat' dir='ltr'>sum</span> 
     </span>
    </p>
   </div>
   <div class='ocr_carea' id='block_1_21' title="bbox 2174 642 3826 723">
    <p class='ocr_par' dir='ltr' id='par_1_21' title="bbox 2174 642 3826 723">
     <span class='ocr_line' id='line_1_21' title="bbox 2174 642 3826 723; baseline 0.006 -28"><span class='ocrx_word' id='word_1_136' title='bbox 2174 664 2199 695; x_wconf 80' lang='lat'><strong>¢</strong></span> <span class='ocrx_word' id='word_1_137' title='bbox 2233 659 2361 716; x_wconf 83' lang='lat' dir='ltr'>ego,</span> <span class='ocrx_word' id='word_1_138' title='bbox 2392 642 2497 699; x_wconf 89' lang='lat' dir='ltr'>sed</span> <span class='ocrx_word' id='word_1_139' title='bbox 2521 659 2654 699; x_wconf 91' lang='lat' dir='ltr'>ecce</span> <span class='ocrx_word' id='word_1_140' title='bbox 2673 643 2834 698; x_wconf 87' lang='lat' dir='ltr'>venit</span> <span class='ocrx_word' id='word_1_141' title='bbox 2860 649 2994 716; x_wconf 91' lang='lat' dir='ltr'>post</span> <span class='ocrx_word' id='word_1_142' title='bbox 3017 660 3108 701; x_wconf 91' lang='lat' dir='ltr'>me</span> <span class='ocrx_word' id='word_1_143' title='bbox 3131 646 3301 718; x_wconf 84' lang='lat' dir='ltr'>cujus</span> <span class='ocrx_word' id='word_1_144' title='bbox 3320 662 3440 703; x_wconf 89' lang='lat' dir='ltr'>non</span> <span class='ocrx_word' id='word_1_145' title='bbox 3456 664 3590 704; x_wconf 92' lang='lat' dir='ltr'>sum</span> <span class='ocrx_word' id='word_1_146' title='bbox 3612 647 3826 723; x_wconf 87' lang='lat' dir='ltr'>dignus</span> 
     </span>
    </p>
   </div>
   <div class='ocr_carea' id='block_1_22' title="bbox 2171 733 3826 812">
    <p class='ocr_par' dir='ltr' id='par_1_22' title="bbox 2171 733 3826 812">
     <span class='ocr_line' id='line_1_22' title="bbox 2171 733 3826 812; baseline 0.009 -30"><span class='ocrx_word' id='word_1_147' title='bbox 2171 753 2200 783; x_wconf 88' lang='grc'>‹‹</span> <span class='ocrx_word' id='word_1_148' title='bbox 2234 733 2458 790; x_wconf 82' lang='lat' dir='ltr'>soleam</span> <span class='ocrx_word' id='word_1_149' title='bbox 2496 733 2717 806; x_wconf 90' lang='lat' dir='ltr'>pedum</span> <span class='ocrx_word' id='word_1_150' title='bbox 2750 733 2994 790; x_wconf 89' lang='lat' dir='ltr'>solvere.</span> <span class='ocrx_word' id='word_1_151' title='bbox 3031 735 3150 790; x_wconf 90' lang='lat' dir='ltr'>Viri</span> <span class='ocrx_word' id='word_1_152' title='bbox 3183 734 3415 797; x_wconf 79' lang='lat' dir='ltr'>fratres.</span> <span class='ocrx_word' id='word_1_153' title='bbox 3451 739 3558 794; x_wconf 79' lang='lat' dir='ltr'>filii</span> <span class='ocrx_word' id='word_1_154' title='bbox 3588 741 3826 812; x_wconf 80' lang='lat' dir='ltr'>generis</span> 
     </span>
    </p>
   </div>
   <div class='ocr_carea' id='block_1_23' title="bbox 2171 823 3826 895">
    <p class='ocr_par' dir='ltr' id='par_1_23' title="bbox 2171 823 3826 895">
     <span class='ocr_line' id='line_1_23' title="bbox 2171 823 3826 895; baseline 0.007 -22"><span class='ocrx_word' id='word_1_155' title='bbox 2171 845 2200 873; x_wconf 84' lang='lat'><strong>«</strong></span> <span class='ocrx_word' id='word_1_156' title='bbox 2234 823 2553 890; x_wconf 82' lang='lat' dir='ltr'>Abraham,</span> <span class='ocrx_word' id='word_1_157' title='bbox 2573 829 2633 880; x_wconf 91' lang='lat' dir='ltr'>et</span> <span class='ocrx_word' id='word_1_158' title='bbox 2661 823 2763 895; x_wconf 90' lang='lat' dir='ltr'>qui</span> <span class='ocrx_word' id='word_1_159' title='bbox 2798 825 2832 878; x_wconf 83' lang='lat' dir='ltr'>&#39;l</span> <span class='ocrx_word' id='word_1_160' title='bbox 2849 825 2885 878; x_wconf 82' lang='lat' dir='ltr'><strong>l</strong></span> <span class='ocrx_word' id='word_1_161' title='bbox 2900 824 2948 879; x_wconf 76' lang='lat'><strong>3</strong></span> <span class='ocrx_word' id='word_1_162' title='bbox 2967 823 3124 881; x_wconf 91' lang='lat' dir='ltr'>inter</span> <span class='ocrx_word' id='word_1_163' title='bbox 3142 842 3243 881; x_wconf 84' lang='lat' dir='ltr'>vos</span> <span class='ocrx_word' id='word_1_164' title='bbox 3260 826 3473 883; x_wconf 81' lang='lat' dir='ltr'>timent</span> <span class='ocrx_word' id='word_1_165' title='bbox 3496 829 3698 893; x_wconf 87' lang='lat' dir='ltr'>Deum,</span> <span class='ocrx_word' id='word_1_166' title='bbox 3731 846 3826 885; x_wconf 84' lang='lat' dir='ltr'>vo-</span> 
     </span>
    </p>
   </div>
   <div class='ocr_carea' id='block_1_24' title="bbox 2170 912 3821 985">
    <p class='ocr_par' dir='ltr' id='par_1_24' title="bbox 2170 912 3821 985">
     <span class='ocr_line' id='line_1_24' title="bbox 2170 912 3821 985; baseline 0.007 -21"><span class='ocrx_word' id='word_1_167' title='bbox 2170 935 2198 964; x_wconf 82' lang='lat'><strong>«</strong></span> <span class='ocrx_word' id='word_1_168' title='bbox 2229 912 2321 968; x_wconf 91' lang='lat' dir='ltr'>bis</span> <span class='ocrx_word' id='word_1_169' title='bbox 2353 913 2596 968; x_wconf 82' lang='lat' dir='ltr'>verbum</span> <span class='ocrx_word' id='word_1_170' title='bbox 2628 913 2840 969; x_wconf 89' lang='lat' dir='ltr'>salutis</span> <span class='ocrx_word' id='word_1_171' title='bbox 2868 913 3052 985; x_wconf 86' lang='lat' dir='ltr'>hujus</span> <span class='ocrx_word' id='word_1_172' title='bbox 3094 915 3349 971; x_wconf 87' lang='lat' dir='ltr'>missum</span> <span class='ocrx_word' id='word_1_173' title='bbox 3381 923 3487 973; x_wconf 91' lang='lat' dir='ltr'>est.</span> <span class='ocrx_word' id='word_1_174' title='bbox 3515 919 3623 984; x_wconf 87' lang='lat' dir='ltr'>Qui</span> <span class='ocrx_word' id='word_1_175' title='bbox 3655 919 3821 976; x_wconf 89' lang='lat' dir='ltr'>enim</span> 
     </span>
    </p>
   </div>
   <div class='ocr_carea' id='block_1_25' title="bbox 2169 1002 3823 1078">
    <p class='ocr_par' dir='ltr' id='par_1_25' title="bbox 2169 1002 3823 1078">
     <span class='ocr_line' id='line_1_25' title="bbox 2169 1002 3823 1078; baseline 0.005 -21"><span class='ocrx_word' id='word_1_176' title='bbox 2169 1002 2498 1059; x_wconf 85' lang='lat' dir='ltr'>«habitant</span> <span class='ocrx_word' id='word_1_177' title='bbox 2543 1003 2871 1061; x_wconf 80' lang='lat' dir='ltr'>Jerusalem</span> <span class='ocrx_word' id='word_1_178' title='bbox 2922 1010 2983 1060; x_wconf 89' lang='lat' dir='ltr'>et</span> <span class='ocrx_word' id='word_1_179' title='bbox 3038 1004 3342 1078; x_wconf 84' lang='lat' dir='ltr'>principes</span> <span class='ocrx_word' id='word_1_180' title='bbox 3401 1023 3628 1075; x_wconf 90' lang='lat' dir='ltr'>eorum,</span> <span class='ocrx_word' id='word_1_181' title='bbox 3685 1024 3823 1065; x_wconf 88' lang='lat' dir='ltr'>cum</span> 
     </span>
    </p>
   </div>
   <div class='ocr_carea' id='block_1_26' title="bbox 2164 1093 3821 1171">
    <p class='ocr_par' dir='ltr' id='par_1_26' title="bbox 2164 1093 3821 1171">
     <span class='ocr_line' id='line_1_26' title="bbox 2164 1093 3821 1171; baseline 0.005 -26"><span class='ocrx_word' id='word_1_182' title='bbox 2164 1093 2559 1167; x_wconf 80' lang='lat' dir='ltr'>«ignorarent</span> <span class='ocrx_word' id='word_1_183' title='bbox 2579 1110 2736 1158; x_wconf 88' lang='lat' dir='ltr'>eum,</span> <span class='ocrx_word' id='word_1_184' title='bbox 2769 1110 3062 1167; x_wconf 81' lang='lat' dir='ltr'>vocesque</span> <span class='ocrx_word' id='word_1_185' title='bbox 3093 1096 3519 1169; x_wconf 84' lang='lat' dir='ltr'>prophetarum</span> <span class='ocrx_word' id='word_1_186' title='bbox 3548 1114 3684 1170; x_wconf 63' lang='lat' dir='ltr'>quae</span> <span class='ocrx_word' id='word_1_187' title='bbox 3710 1114 3821 1171; x_wconf 87' lang='lat' dir='ltr'>per</span> 
     </span>
    </p>
   </div>
   <div class='ocr_carea' id='block_1_27' title="bbox 2173 1182 3826 1256">
    <p class='ocr_par' dir='ltr' id='par_1_27' title="bbox 2173 1182 3826 1256">
     <span class='ocr_line' id='line_1_27' title="bbox 2173 1182 3826 1256; baseline 0.009 -23"><span class='ocrx_word' id='word_1_188' title='bbox 2173 1206 2195 1232; x_wconf 76' lang='grc' dir='ltr'>ι</span> <span class='ocrx_word' id='word_1_189' title='bbox 2230 1200 2407 1239; x_wconf 91' lang='lat' dir='ltr'>omne</span> <span class='ocrx_word' id='word_1_190' title='bbox 2440 1182 2753 1241; x_wconf 79' lang='lat' dir='ltr'>sabbatum</span> <span class='ocrx_word' id='word_1_191' title='bbox 2790 1183 3095 1256; x_wconf 83' lang='lat' dir='ltr'>leguntur,</span> <span class='ocrx_word' id='word_1_192' title='bbox 3129 1184 3526 1245; x_wconf 83' lang='lat' dir='ltr'>condemnato</span> <span class='ocrx_word' id='word_1_193' title='bbox 3558 1203 3628 1244; x_wconf 90' lang='lat' dir='ltr'>eo</span> <span class='ocrx_word' id='word_1_194' title='bbox 3658 1203 3826 1248; x_wconf 86' lang='lat' dir='ltr'>com—</span> 
     </span>
    </p>
   </div>
   <div class='ocr_carea' id='block_1_28' title="bbox 2167 1272 3821 1349">
    <p class='ocr_par' dir='ltr' id='par_1_28' title="bbox 2167 1272 3821 1349">
     <span class='ocr_line' id='line_1_28' title="bbox 2167 1272 3821 1349; baseline 0.005 -25"><span class='ocrx_word' id='word_1_195' title='bbox 2167 1293 2197 1324; x_wconf 85' lang='grc'>‹‹</span> <span class='ocrx_word' id='word_1_196' title='bbox 2228 1272 2559 1347; x_wconf 86' lang='lat' dir='ltr'>pleverunt,</span> <span class='ocrx_word' id='word_1_197' title='bbox 2587 1273 2874 1346; x_wconf 76' lang='lat' dir='ltr'>nullaque</span> <span class='ocrx_word' id='word_1_198' title='bbox 2904 1274 3114 1330; x_wconf 91' lang='lat' dir='ltr'>mortis</span> <span class='ocrx_word' id='word_1_199' title='bbox 3141 1291 3322 1333; x_wconf 85' lang='lat' dir='ltr'>causa</span> <span class='ocrx_word' id='word_1_200' title='bbox 3359 1275 3600 1333; x_wconf 85' lang='lat' dir='ltr'>inventa</span> <span class='ocrx_word' id='word_1_201' title='bbox 3629 1277 3821 1349; x_wconf 86' lang='lat' dir='ltr'>petie-</span> 
     </span>
    </p>
   </div>
   <div class='ocr_carea' id='block_1_29' title="bbox 2173 1362 3819 1439">
    <p class='ocr_par' dir='ltr' id='par_1_29' title="bbox 2173 1362 3819 1439">
     <span class='ocr_line' id='line_1_29' title="bbox 2173 1362 3819 1439; baseline 0.004 -22"><span class='ocrx_word' id='word_1_202' title='bbox 2173 1381 2196 1409; x_wconf 67' lang='grc' dir='ltr'><strong><em>η</em></strong></span> <span class='ocrx_word' id='word_1_203' title='bbox 2227 1368 2369 1419; x_wconf 90' lang='lat' dir='ltr'>runt</span> <span class='ocrx_word' id='word_1_204' title='bbox 2399 1380 2434 1420; x_wconf 90' lang='lat' dir='ltr'>a</span> <span class='ocrx_word' id='word_1_205' title='bbox 2463 1362 2649 1420; x_wconf 82' lang='lat' dir='ltr'>Pilato</span> <span class='ocrx_word' id='word_1_206' title='bbox 2681 1369 2747 1419; x_wconf 93' lang='lat' dir='ltr'>ut</span> <span class='ocrx_word' id='word_1_207' title='bbox 2778 1363 3241 1421; x_wconf 88' lang='lat' dir='ltr'>interimeretur.</span> <span class='ocrx_word' id='word_1_208' title='bbox 3285 1368 3551 1438; x_wconf 88' lang='lat' dir='ltr'>Cumque</span> <span class='ocrx_word' id='word_1_209' title='bbox 3578 1366 3819 1439; x_wconf 77' lang='lat' dir='ltr'>exples—</span> 
     </span>
    </p>
   </div>
   <div class='ocr_carea' id='block_1_30' title="bbox 2168 1454 3820 1531">
    <p class='ocr_par' dir='ltr' id='par_1_30' title="bbox 2168 1454 3820 1531">
     <span class='ocr_line' id='line_1_30' title="bbox 2168 1454 3820 1531; baseline 0.008 -28"><span class='ocrx_word' id='word_1_210' title='bbox 2168 1474 2197 1504; x_wconf 85' lang='lat'>«</span> <span class='ocrx_word' id='word_1_211' title='bbox 2230 1454 2577 1511; x_wconf 88' lang='lat' dir='ltr'>sentomnia</span> <span class='ocrx_word' id='word_1_212' title='bbox 2602 1471 2733 1527; x_wconf 83' lang='lat' dir='ltr'>quae</span> <span class='ocrx_word' id='word_1_213' title='bbox 2755 1454 2828 1510; x_wconf 92' lang='lat' dir='ltr'>de</span> <span class='ocrx_word' id='word_1_214' title='bbox 2851 1470 2919 1511; x_wconf 92' lang='lat' dir='ltr'>eo</span> <span class='ocrx_word' id='word_1_215' title='bbox 2941 1456 3163 1528; x_wconf 88' lang='lat' dir='ltr'>scripta</span> <span class='ocrx_word' id='word_1_216' title='bbox 3183 1456 3721 1531; x_wconf 75' lang='lat' dir='ltr'>erant.depositum</span> <span class='ocrx_word' id='word_1_217' title='bbox 3746 1458 3820 1516; x_wconf 90' lang='lat' dir='ltr'>de</span> 
     </span>
    </p>
   </div>
   <div class='ocr_carea' id='block_1_31' title="bbox 2170 1542 3356 1617">
    <p class='ocr_par' dir='ltr' id='par_1_31' title="bbox 2170 1542 3356 1617">
     <span class='ocr_line' id='line_1_31' title="bbox 2170 1542 3356 1617; baseline -0.001 -19"><span class='ocrx_word' id='word_1_218' title='bbox 2170 1563 2197 1594; x_wconf 84' lang='lat'><strong>«</strong></span> <span class='ocrx_word' id='word_1_219' title='bbox 2227 1542 2389 1617; x_wconf 91' lang='lat' dir='ltr'>ligno</span> <span class='ocrx_word' id='word_1_220' title='bbox 2419 1549 2750 1617; x_wconf 87' lang='lat' dir='ltr'>posuerunt</span> <span class='ocrx_word' id='word_1_221' title='bbox 2778 1544 2844 1600; x_wconf 91' lang='lat' dir='ltr'>in</span> <span class='ocrx_word' id='word_1_222' title='bbox 2874 1551 3287 1603; x_wconf 89' lang='lat' dir='ltr'>monumento.</span> <span class='ocrx_word' id='word_1_223' title='bbox 3325 1569 3356 1598; x_wconf 83' lang='lat'><strong>»</strong></span> 
     </span>
    </p>
   </div>
   <div class='ocr_carea' id='block_1_32' title="bbox 2235 1722 3822 1800">
    <p class='ocr_par' dir='ltr' id='par_1_32' title="bbox 2235 1722 3822 1800">
     <span class='ocr_line' id='line_1_32' title="bbox 2235 1722 3822 1800; baseline 0.005 -22"><span class='ocrx_word' id='word_1_224' title='bbox 2235 1723 2491 1779; x_wconf 84' lang='lat' dir='ltr'>Joannes</span> <span class='ocrx_word' id='word_1_225' title='bbox 2519 1722 2932 1781; x_wconf 90' lang='lat' dir='ltr'>testimonium</span> <span class='ocrx_word' id='word_1_226' title='bbox 2963 1724 3183 1792; x_wconf 88' lang='lat' dir='ltr'>reddit,</span> <span class='ocrx_word' id='word_1_227' title='bbox 3216 1742 3340 1782; x_wconf 91' lang='lat' dir='ltr'>non</span> <span class='ocrx_word' id='word_1_228' title='bbox 3359 1725 3583 1800; x_wconf 85' lang='lat' dir='ltr'>vulgari</span> <span class='ocrx_word' id='word_1_229' title='bbox 3612 1726 3822 1796; x_wconf 88' lang='lat' dir='ltr'>modo,</span> 
     </span>
    </p>
   </div>
   <div class='ocr_carea' id='block_1_33' title="bbox 409 1806 2056 1909">
    <p class='ocr_par' dir='ltr' id='par_1_33' title="bbox 409 1806 2056 1886">
     <span class='ocr_line' id='line_1_33' title="bbox 409 1806 2056 1886; baseline -0.003 -17"><span class='ocrx_word' id='word_1_230' title='bbox 409 1811 496 1869; x_wconf 66' lang='grc' dir='ltr'>ἔπ’</span> <span class='ocrx_word' id='word_1_231' title='bbox 554 1812 702 1865; x_wconf 60' lang='lat' dir='ltr'>autin</span> <span class='ocrx_word' id='word_1_232' title='bbox 754 1810 1003 1886; x_wconf 85' lang='grc' dir='ltr'>ἀγόντων</span> <span class='ocrx_word' id='word_1_233' title='bbox 1069 1810 1168 1879; x_wconf 80' lang='grc' dir='ltr'>τήν</span> <span class='ocrx_word' id='word_1_234' title='bbox 1221 1806 1378 1881; x_wconf 83' lang='grc' dir='ltr'>δόξαν</span> <span class='ocrx_word' id='word_1_235' title='bbox 1410 1853 1426 1882; x_wconf 82' lang='lat'>,</span> <span class='ocrx_word' id='word_1_236' title='bbox 1482 1808 1645 1875; x_wconf 82' lang='grc' dir='ltr'>αὐτὸς</span> <span class='ocrx_word' id='word_1_237' title='bbox 1702 1809 1868 1878; x_wconf 78' lang='grc' dir='ltr'>αὐτὴν</span> <span class='ocrx_word' id='word_1_238' title='bbox 1922 1810 2056 1864; x_wconf 86' lang='grc' dir='ltr'>ἀπο-</span> 
     </span>
    </p>
   </div>
   <div class='ocr_carea' id='block_1_34' title="bbox 2174 1806 3824 1909">
    <p class='ocr_par' dir='ltr' id='par_1_34' title="bbox 2174 1810 3824 1909">
     <span class='ocr_line' id='line_1_34' title="bbox 2174 1810 3824 1909; baseline 0.005 -43"><span class='ocrx_word' id='word_1_239' title='bbox 2174 1810 2285 1909; x_wconf 39' lang='lat' dir='ltr'>sed.</span> <span class='ocrx_word' id='word_1_240' title='bbox 2300 1811 2494 1884; x_wconf 88' lang='lat' dir='ltr'>ipsam</span> <span class='ocrx_word' id='word_1_241' title='bbox 2528 1812 2781 1886; x_wconf 80' lang='lat' dir='ltr'>gloriam</span> <span class='ocrx_word' id='word_1_242' title='bbox 2813 1831 2990 1886; x_wconf 89' lang='lat' dir='ltr'>quam</span> <span class='ocrx_word' id='word_1_243' title='bbox 3023 1814 3098 1871; x_wconf 88' lang='lat' dir='ltr'>ad</span> <span class='ocrx_word' id='word_1_244' title='bbox 3129 1815 3325 1887; x_wconf 92' lang='lat' dir='ltr'>ipsum</span> <span class='ocrx_word' id='word_1_245' title='bbox 3357 1815 3704 1873; x_wconf 79' lang='lat' dir='ltr'>deferebant</span> <span class='ocrx_word' id='word_1_246' title='bbox 3731 1833 3824 1874; x_wconf 89' lang='lat' dir='ltr'>re-</span> 
     </span>
    </p>
   </div>
   <div class='ocr_carea' id='block_1_35' title="bbox 408 1899 2056 1979">
    <p class='ocr_par' dir='ltr' id='par_1_35' title="bbox 408 1899 2056 1979">
     <span class='ocr_line' id='line_1_35' title="bbox 408 1899 2056 1979; baseline -0.004 -17"><span class='ocrx_word' id='word_1_247' title='bbox 408 1905 669 1978; x_wconf 78' lang='grc' dir='ltr'>κρούεται.</span> <span class='ocrx_word' id='word_1_248' title='bbox 714 1902 793 1961; x_wconf 81' lang='grc' dir='ltr'>Ού</span> <span class='ocrx_word' id='word_1_249' title='bbox 826 1904 933 1979; x_wconf 72' lang='grc' dir='ltr'>γὰρ</span> <span class='ocrx_word' id='word_1_250' title='bbox 994 1901 1138 1958; x_wconf 74' lang='grc' dir='ltr'>ἐστιν</span> <span class='ocrx_word' id='word_1_251' title='bbox 1195 1901 1307 1957; x_wconf 78' lang='grc' dir='ltr'>ἴσον</span> <span class='ocrx_word' id='word_1_252' title='bbox 1368 1899 1601 1976; x_wconf 84' lang='grc' dir='ltr'>μηδενὸς</span> <span class='ocrx_word' id='word_1_253' title='bbox 1661 1900 1908 1964; x_wconf 79' lang='grc' dir='ltr'>διδόντος</span> <span class='ocrx_word' id='word_1_254' title='bbox 1966 1901 2056 1957; x_wconf 85' lang='grc' dir='ltr'>καὶ</span> 
     </span>
    </p>
   </div>
   <div class='ocr_carea' id='block_1_36' title="bbox 407 1989 2058 2070">
    <p class='ocr_par' dir='ltr' id='par_1_36' title="bbox 407 1989 2058 2070">
     <span class='ocr_line' id='line_1_36' title="bbox 407 1989 2058 2070; baseline -0.003 -19"><span class='ocrx_word' id='word_1_255' title='bbox 407 1993 635 2051; x_wconf 82' lang='grc' dir='ltr'>πολλων</span> <span class='ocrx_word' id='word_1_256' title='bbox 664 1993 1024 2070; x_wconf 72' lang='grc' dir='ltr'>παρεχόντων</span> <span class='ocrx_word' id='word_1_257' title='bbox 1054 1994 1224 2066; x_wconf 75' lang='grc' dir='ltr'>τιμὴν</span> <span class='ocrx_word' id='word_1_258' title='bbox 1257 1989 1588 2058; x_wconf 83' lang='grc' dir='ltr'>διωθεῖσθαι.</span> <span class='ocrx_word' id='word_1_259' title='bbox 1618 1993 1690 2049; x_wconf 83' lang='grc' dir='ltr'>Τὸ</span> <span class='ocrx_word' id='word_1_260' title='bbox 1731 1991 1810 2065; x_wconf 79' lang='grc' dir='ltr'>δὲ,</span> <span class='ocrx_word' id='word_1_261' title='bbox 1845 2016 1874 2045; x_wconf 87' lang='grc'>‹‹</span> <span class='ocrx_word' id='word_1_262' title='bbox 1903 1993 2058 2066; x_wconf 82' lang='grc' dir='ltr'>Ὑμῖν</span> 
     </span>
    </p>
   </div>
   <div class='ocr_carea' id='block_1_37' title="bbox 400 2080 2058 2160">
    <p class='ocr_par' dir='ltr' id='par_1_37' title="bbox 400 2080 2058 2160">
     <span class='ocr_line' id='line_1_37' title="bbox 400 2080 2058 2160; baseline -0.001 -20"><span class='ocrx_word' id='word_1_263' title='bbox 400 2086 431 2140; x_wconf 81' lang='grc' dir='ltr'>ό</span> <span class='ocrx_word' id='word_1_264' title='bbox 477 2084 671 2160; x_wconf 86' lang='grc' dir='ltr'>λόγος,</span> <span class='ocrx_word' id='word_1_265' title='bbox 735 2107 763 2135; x_wconf 82' lang='grc'><strong>››</strong></span> <span class='ocrx_word' id='word_1_266' title='bbox 800 2082 900 2152; x_wconf 79' lang='grc' dir='ltr'>τὴν</span> <span class='ocrx_word' id='word_1_267' title='bbox 962 2082 1228 2157; x_wconf 75' lang='grc' dir='ltr'>εὐγένειαν</span> <span class='ocrx_word' id='word_1_268' title='bbox 1286 2080 1517 2138; x_wconf 81' lang='grc' dir='ltr'>δείκνυσι</span> <span class='ocrx_word' id='word_1_269' title='bbox 1573 2086 1672 2155; x_wconf 82' lang='grc' dir='ltr'>τήν</span> <span class='ocrx_word' id='word_1_270' title='bbox 1736 2081 2058 2153; x_wconf 76' lang='grc' dir='ltr'>Ἰουδαϊκήν.</span> 
     </span>
    </p>
   </div>
   <div class='ocr_carea' id='block_1_38' title="bbox 392 2170 2056 2249">
    <p class='ocr_par' dir='ltr' id='par_1_38' title="bbox 392 2170 2056 2249">
     <span class='ocr_line' id='line_1_38' title="bbox 392 2170 2056 2249; baseline -0.004 -19"><span class='ocrx_word' id='word_1_271' title='bbox 392 2171 646 2231; x_wconf 76' lang='grc' dir='ltr'>Πιλάτου</span> <span class='ocrx_word' id='word_1_272' title='bbox 682 2171 742 2228; x_wconf 73' lang='grc' dir='ltr'>δὲ</span> <span class='ocrx_word' id='word_1_273' title='bbox 768 2173 1122 2247; x_wconf 83' lang='grc' dir='ltr'>μνημονεύει,</span> <span class='ocrx_word' id='word_1_274' title='bbox 1171 2170 1261 2227; x_wconf 85' lang='grc' dir='ltr'>ἳνα</span> <span class='ocrx_word' id='word_1_275' title='bbox 1316 2172 1582 2247; x_wconf 81' lang='grc' dir='ltr'>μειζόνως</span> <span class='ocrx_word' id='word_1_276' title='bbox 1641 2176 2056 2249; x_wconf 78' lang='grc' dir='ltr'>κατηγορῶν-ται</span> 
     </span>
    </p>
   </div>
   <div class='ocr_carea' id='block_1_39' title="bbox 384 2258 2057 2342">
    <p class='ocr_par' dir='ltr' id='par_1_39' title="bbox 384 2258 2057 2342">
     <span class='ocr_line' id='line_1_39' title="bbox 384 2258 2057 2342; baseline -0.005 -23"><span class='ocrx_word' id='word_1_277' title='bbox 384 2264 463 2327; x_wconf 80' lang='grc' dir='ltr'>ὡς</span> <span class='ocrx_word' id='word_1_278' title='bbox 490 2261 653 2338; x_wconf 78' lang='grc' dir='ltr'>ἀνδρὶ</span> <span class='ocrx_word' id='word_1_279' title='bbox 686 2258 1019 2335; x_wconf 84' lang='grc' dir='ltr'>παραδόντεν</span> <span class='ocrx_word' id='word_1_280' title='bbox 1043 2259 1372 2342; x_wconf 73' lang='grc' dir='ltr'>ἀλλοφύλῳ.</span> <span class='ocrx_word' id='word_1_281' title='bbox 1406 2263 1486 2320; x_wconf 82' lang='grc' dir='ltr'>Τὸ</span> <span class='ocrx_word' id='word_1_282' title='bbox 1518 2258 1596 2333; x_wconf 63' lang='grc' dir='ltr'>δὲ,</span> <span class='ocrx_word' id='word_1_283' title='bbox 1621 2286 1650 2314; x_wconf 83' lang='grc' dir='ltr'>(ι</span> <span class='ocrx_word' id='word_1_284' title='bbox 1681 2261 2005 2332; x_wconf 78' lang='grc' dir='ltr'>ᾝτήσαντο,</span> <span class='ocrx_word' id='word_1_285' title='bbox 2028 2282 2057 2311; x_wconf 84' lang='grc'>››</span> 
     </span>
    </p>
   </div>
   <div class='ocr_carea' id='block_1_40' title="bbox 383 2347 2055 2431">
    <p class='ocr_par' dir='ltr' id='par_1_40' title="bbox 383 2347 2055 2431">
     <span class='ocr_line' id='line_1_40' title="bbox 383 2347 2055 2431; baseline -0.003 -23"><span class='ocrx_word' id='word_1_286' title='bbox 383 2355 553 2430; x_wconf 68' lang='grc' dir='ltr'>χάριν</span> <span class='ocrx_word' id='word_1_287' title='bbox 591 2347 795 2407; x_wconf 77' lang='grc' dir='ltr'>ἔλαϐον</span> <span class='ocrx_word' id='word_1_288' title='bbox 832 2398 846 2420; x_wconf 94' lang='grc'>,</span> <span class='ocrx_word' id='word_1_289' title='bbox 879 2352 1069 2431; x_wconf 72' lang='grc' dir='ltr'>φησὶν,</span> <span class='ocrx_word' id='word_1_290' title='bbox 1102 2351 1177 2413; x_wconf 86' lang='grc' dir='ltr'>ὡς</span> <span class='ocrx_word' id='word_1_291' title='bbox 1212 2350 1418 2406; x_wconf 78' lang='grc' dir='ltr'>ἐκείνου</span> <span class='ocrx_word' id='word_1_292' title='bbox 1479 2353 1555 2425; x_wconf 81' lang='grc' dir='ltr'>μή</span> <span class='ocrx_word' id='word_1_293' title='bbox 1589 2350 1867 2415; x_wconf 83' lang='grc' dir='ltr'>θέλοντος·</span> <span class='ocrx_word' id='word_1_294' title='bbox 1904 2350 1933 2405; x_wconf 82' lang='grc' dir='ltr'>’ὁ</span> <span class='ocrx_word' id='word_1_295' title='bbox 1963 2349 2055 2404; x_wconf 84' lang='grc' dir='ltr'>καὶ</span> 
     </span>
    </p>
   </div>
   <div class='ocr_carea' id='block_1_41' title="bbox 386 2438 2055 2518">
    <p class='ocr_par' dir='ltr' id='par_1_41' title="bbox 386 2438 2055 2518">
     <span class='ocr_line' id='line_1_41' title="bbox 386 2438 2055 2518; baseline -0.002 -21"><span class='ocrx_word' id='word_1_296' title='bbox 386 2442 601 2518; x_wconf 66' lang='grc' dir='ltr'>Πέτρος</span> <span class='ocrx_word' id='word_1_297' title='bbox 657 2439 808 2517; x_wconf 71' lang='grc' dir='ltr'>λέγει</span> <span class='ocrx_word' id='word_1_298' title='bbox 884 2442 1204 2517; x_wconf 71' lang='grc' dir='ltr'>σαφέστρον·</span> <span class='ocrx_word' id='word_1_299' title='bbox 1287 2438 1531 2497; x_wconf 80' lang='grc' dir='ltr'>Ἐκείνοο</span> <span class='ocrx_word' id='word_1_300' title='bbox 1578 2443 1858 2516; x_wconf 71' lang='grc' dir='ltr'>κρίναντος</span> <span class='ocrx_word' id='word_1_301' title='bbox 1917 2439 2055 2494; x_wconf 85' lang='grc' dir='ltr'>ἀπο-</span> 
     </span>
    </p>
   </div>
   <div class='ocr_carea' id='block_1_42' title="bbox 384 2528 564 2590">
    <p class='ocr_par' dir='ltr' id='par_1_42' title="bbox 384 2528 564 2590">
     <span class='ocr_line' id='line_1_42' title="bbox 384 2528 564 2590; baseline 0.011 -2"><span class='ocrx_word' id='word_1_302' title='bbox 384 2528 564 2590; x_wconf 79' lang='grc' dir='ltr'>λύειν.</span> 
     </span>
    </p>
   </div>
   <div class='ocr_carea' id='block_1_43' title="bbox 455 2702 2049 2789">
    <p class='ocr_par' dir='ltr' id='par_1_43' title="bbox 455 2702 2049 2789">
     <span class='ocr_line' id='line_1_43' title="bbox 455 2702 2049 2789; baseline -0.001 -24"><span class='ocrx_word' id='word_1_303' title='bbox 455 2732 481 2765; x_wconf 76' lang='grc' dir='ltr'>ι</span> <span class='ocrx_word' id='word_1_304' title='bbox 514 2709 580 2781; x_wconf 69' lang='grc' dir='ltr'>⁸ο</span> <span class='ocrx_word' id='word_1_305' title='bbox 606 2705 666 2764; x_wconf 70' lang='grc' dir='ltr'>δὲ</span> <span class='ocrx_word' id='word_1_306' title='bbox 700 2707 833 2771; x_wconf 86' lang='grc' dir='ltr'>Θεὸς</span> <span class='ocrx_word' id='word_1_307' title='bbox 890 2705 1110 2784; x_wconf 79' lang='grc' dir='ltr'>ἤγειρεν</span> <span class='ocrx_word' id='word_1_308' title='bbox 1166 2707 1331 2763; x_wconf 83' lang='grc' dir='ltr'>αὑτὸν</span> <span class='ocrx_word' id='word_1_309' title='bbox 1389 2706 1449 2763; x_wconf 70' lang='grc' dir='ltr'>ἑκ</span> <span class='ocrx_word' id='word_1_310' title='bbox 1504 2713 1729 2784; x_wconf 80' lang='grc' dir='ltr'>νεκρῶν,</span> <span class='ocrx_word' id='word_1_311' title='bbox 1778 2708 1838 2771; x_wconf 79' lang='grc' dir='ltr'>’ὸς</span> <span class='ocrx_word' id='word_1_312' title='bbox 1895 2702 2049 2789; x_wconf 73' lang='grc' dir='ltr'>ὤφθη</span> 
     </span>
    </p>
   </div>
   <div class='ocr_carea' id='block_1_44' title="bbox 383 2794 2053 2873">
    <p class='ocr_par' dir='ltr' id='par_1_44' title="bbox 383 2794 2053 2873">
     <span class='ocr_line' id='line_1_44' title="bbox 383 2794 2053 2873; baseline 0.001 -21"><span class='ocrx_word' id='word_1_313' title='bbox 383 2796 539 2854; x_wconf 73' lang='grc' dir='ltr'>«ἐπὶ</span> <span class='ocrx_word' id='word_1_314' title='bbox 592 2798 810 2873; x_wconf 64' lang='grc' dir='ltr'>ἡμέρας</span> <span class='ocrx_word' id='word_1_315' title='bbox 868 2794 1096 2859; x_wconf 86' lang='grc' dir='ltr'>πλείους</span> <span class='ocrx_word' id='word_1_316' title='bbox 1174 2799 1291 2860; x_wconf 80' lang='grc' dir='ltr'>τοῖς</span> <span class='ocrx_word' id='word_1_317' title='bbox 1370 2794 1661 2854; x_wconf 75' lang='grc' dir='ltr'>συναὸὰσιν</span> <span class='ocrx_word' id='word_1_318' title='bbox 1742 2797 1891 2871; x_wconf 78' lang='grc' dir='ltr'>αὐτῷ</span> <span class='ocrx_word' id='word_1_319' title='bbox 1945 2798 2053 2853; x_wconf 85' lang='grc' dir='ltr'>ἀπὸ</span> 
     </span>
    </p>
   </div>
   <div class='ocr_carea' id='block_1_45' title="bbox 386 2886 2050 2965">
    <p class='ocr_par' dir='ltr' id='par_1_45' title="bbox 386 2886 2050 2965">
     <span class='ocr_line' id='line_1_45' title="bbox 386 2886 2050 2965; baseline 0 -21"><span class='ocrx_word' id='word_1_320' title='bbox 386 2915 417 2944; x_wconf 75' lang='grc' dir='ltr'>ιι</span> <span class='ocrx_word' id='word_1_321' title='bbox 449 2896 560 2960; x_wconf 81' lang='grc' dir='ltr'>τῆς</span> <span class='ocrx_word' id='word_1_322' title='bbox 601 2887 910 2950; x_wconf 81' lang='grc' dir='ltr'>Γαλιλαίας</span> <span class='ocrx_word' id='word_1_323' title='bbox 940 2886 1019 2950; x_wconf 74' lang='grc' dir='ltr'>εἷς</span> <span class='ocrx_word' id='word_1_324' title='bbox 1076 2887 1470 2965; x_wconf 74' lang='grc' dir='ltr'>Ἰερουσαλὴμ.</span> <span class='ocrx_word' id='word_1_325' title='bbox 1530 2890 1745 2952; x_wconf 79' lang='grc' dir='ltr'>Οἲτινές</span> <span class='ocrx_word' id='word_1_326' title='bbox 1772 2889 1874 2945; x_wconf 86' lang='grc' dir='ltr'>εἰσι</span> <span class='ocrx_word' id='word_1_327' title='bbox 1909 2891 2050 2963; x_wconf 77' lang='grc' dir='ltr'>μάρ-</span> 
     </span>
    </p>
   </div>
   <div class='ocr_carea' id='block_1_46' title="bbox 383 2975 2053 3055">
    <p class='ocr_par' dir='ltr' id='par_1_46' title="bbox 383 2975 2053 3055">
     <span class='ocr_line' id='line_1_46' title="bbox 383 2975 2053 3055; baseline 0.001 -23"><span class='ocrx_word' id='word_1_328' title='bbox 383 2994 608 3055; x_wconf 75' lang='grc' dir='ltr'>ιιτυρες</span> <span class='ocrx_word' id='word_1_329' title='bbox 634 2976 817 3032; x_wconf 75' lang='grc' dir='ltr'>αὐτοῦ</span> <span class='ocrx_word' id='word_1_330' title='bbox 848 2977 985 3053; x_wconf 82' lang='grc' dir='ltr'>πρὸς</span> <span class='ocrx_word' id='word_1_331' title='bbox 1043 2976 1137 3032; x_wconf 86' lang='grc' dir='ltr'>τὸν</span> <span class='ocrx_word' id='word_1_332' title='bbox 1195 2975 1348 3034; x_wconf 86' lang='grc' dir='ltr'>λαὸν.</span> <span class='ocrx_word' id='word_1_333' title='bbox 1402 2977 1505 3035; x_wconf 84' lang='grc' dir='ltr'>Καὶ</span> <span class='ocrx_word' id='word_1_334' title='bbox 1563 2980 1727 3052; x_wconf 81' lang='grc' dir='ltr'>ἡμεῖς</span> <span class='ocrx_word' id='word_1_335' title='bbox 1794 2978 1934 3052; x_wconf 80' lang='grc' dir='ltr'>ὑμᾶς</span> <span class='ocrx_word' id='word_1_336' title='bbox 1964 2977 2053 3034; x_wconf 79' lang='grc' dir='ltr'>εὖ·-</span> 
     </span>
    </p>
   </div>
   <div class='ocr_carea' id='block_1_47' title="bbox 385 3066 2053 3147">
    <p class='ocr_par' dir='ltr' id='par_1_47' title="bbox 385 3066 2053 3147">
     <span class='ocr_line' id='line_1_47' title="bbox 385 3066 2053 3147; baseline 0.001 -26"><span class='ocrx_word' id='word_1_337' title='bbox 385 3066 864 3147; x_wconf 75' lang='grc' dir='ltr'>«αγγελιζόμεθα</span> <span class='ocrx_word' id='word_1_338' title='bbox 904 3069 1003 3138; x_wconf 79' lang='grc' dir='ltr'>τήν</span> <span class='ocrx_word' id='word_1_339' title='bbox 1065 3068 1201 3144; x_wconf 88' lang='grc' dir='ltr'>πρὸς</span> <span class='ocrx_word' id='word_1_340' title='bbox 1253 3067 1385 3132; x_wconf 81' lang='grc' dir='ltr'>τοὺς</span> <span class='ocrx_word' id='word_1_341' title='bbox 1434 3070 1670 3146; x_wconf 78' lang='grc' dir='ltr'>πατέρας</span> <span class='ocrx_word' id='word_1_342' title='bbox 1723 3067 2053 3147; x_wconf 81' lang='grc' dir='ltr'>ἐπαγγελίαν</span> 
     </span>
    </p>
   </div>
   <div class='ocr_carea' id='block_1_48' title="bbox 394 3156 2050 3235">
    <p class='ocr_par' dir='ltr' id='par_1_48' title="bbox 394 3156 2050 3235">
     <span class='ocr_line' id='line_1_48' title="bbox 394 3156 2050 3235; baseline 0.002 -24"><span class='ocrx_word' id='word_1_343' title='bbox 394 3181 423 3211; x_wconf 76' lang='grc' dir='ltr'>ι</span> <span class='ocrx_word' id='word_1_344' title='bbox 451 3156 789 3233; x_wconf 72' lang='grc' dir='ltr'>γενομένην,</span> <span class='ocrx_word' id='word_1_345' title='bbox 841 3156 927 3212; x_wconf 78' lang='grc' dir='ltr'>ὅτι</span> <span class='ocrx_word' id='word_1_346' title='bbox 954 3157 1157 3227; x_wconf 87' lang='grc' dir='ltr'>ταύτην</span> <span class='ocrx_word' id='word_1_347' title='bbox 1219 3158 1248 3213; x_wconf 83' lang='grc' dir='ltr'>ὁ</span> <span class='ocrx_word' id='word_1_348' title='bbox 1295 3159 1426 3223; x_wconf 83' lang='grc' dir='ltr'>Θεὸς</span> <span class='ocrx_word' id='word_1_349' title='bbox 1479 3156 1880 3235; x_wconf 78' lang='grc' dir='ltr'>ἐκπεπλήρωκε</span> <span class='ocrx_word' id='word_1_350' title='bbox 1933 3164 2050 3222; x_wconf 84' lang='grc' dir='ltr'>τοῖς</span> 
     </span>
    </p>
   </div>
   <div class='ocr_carea' id='block_1_49' title="bbox 386 3246 1137 3320">
    <p class='ocr_par' dir='ltr' id='par_1_49' title="bbox 386 3246 1137 3320">
     <span class='ocr_line' id='line_1_49' title="bbox 386 3246 1137 3320; baseline 0.001 -19"><span class='ocrx_word' id='word_1_351' title='bbox 386 3271 412 3301; x_wconf 77' lang='grc' dir='ltr'>σ</span> <span class='ocrx_word' id='word_1_352' title='bbox 444 3249 669 3309; x_wconf 66' lang='grc' dir='ltr'>τέκνοις</span> <span class='ocrx_word' id='word_1_353' title='bbox 700 3246 886 3302; x_wconf 78' lang='grc' dir='ltr'>αὐτῶν</span> <span class='ocrx_word' id='word_1_354' title='bbox 916 3248 1072 3320; x_wconf 74' lang='grc' dir='ltr'>ἡμῖν.</span> <span class='ocrx_word' id='word_1_355' title='bbox 1105 3268 1137 3302; x_wconf 74' lang='grc' dir='ltr'>ι)</span> 
     </span>
    </p>
   </div>
   <div class='ocr_carea' id='block_1_50' title="bbox 454 3335 2051 3415">
    <p class='ocr_par' dir='ltr' id='par_1_50' title="bbox 454 3335 2051 3415">
     <span class='ocr_line' id='line_1_50' title="bbox 454 3335 2051 3415; baseline 0.001 -22"><span class='ocrx_word' id='word_1_356' title='bbox 454 3335 625 3393; x_wconf 71' lang='grc' dir='ltr'>Οὐδὲν</span> <span class='ocrx_word' id='word_1_357' title='bbox 648 3336 857 3392; x_wconf 76' lang='grc' dir='ltr'>ατοπον</span> <span class='ocrx_word' id='word_1_358' title='bbox 903 3335 967 3392; x_wconf 84' lang='grc' dir='ltr'>τὸ</span> <span class='ocrx_word' id='word_1_359' title='bbox 1016 3337 1109 3392; x_wconf 85' lang='grc' dir='ltr'>τὸν</span> <span class='ocrx_word' id='word_1_360' title='bbox 1169 3337 1381 3408; x_wconf 85' lang='grc' dir='ltr'>Ἰησοῦν</span> <span class='ocrx_word' id='word_1_361' title='bbox 1442 3336 1734 3415; x_wconf 74' lang='grc' dir='ltr'>ἐγηγέρθαι</span> <span class='ocrx_word' id='word_1_362' title='bbox 1794 3339 1898 3394; x_wconf 79' lang='grc' dir='ltr'>ὑπὸ</span> <span class='ocrx_word' id='word_1_363' title='bbox 1953 3344 2051 3396; x_wconf 83' lang='grc' dir='ltr'>τοῦ</span> 
     </span>
    </p>
   </div>
   <div class='ocr_carea' id='block_1_51' title="bbox 383 3424 2051 3503">
    <p class='ocr_par' dir='ltr' id='par_1_51' title="bbox 383 3424 2051 3503">
     <span class='ocr_line' id='line_1_51' title="bbox 383 3424 2051 3503; baseline 0.002 -21"><span class='ocrx_word' id='word_1_364' title='bbox 383 3431 520 3482; x_wconf 87' lang='grc' dir='ltr'>Θεοῦ</span> <span class='ocrx_word' id='word_1_365' title='bbox 552 3424 835 3503; x_wconf 73' lang='grc' dir='ltr'>λέγεσθαι.</span> <span class='ocrx_word' id='word_1_366' title='bbox 870 3424 932 3483; x_wconf 77' lang='grc' dir='ltr'>Εἰ</span> <span class='ocrx_word' id='word_1_367' title='bbox 964 3425 1069 3502; x_wconf 71' lang='grc' dir='ltr'>γὰρ</span> <span class='ocrx_word' id='word_1_368' title='bbox 1122 3427 1334 3498; x_wconf 77' lang='grc' dir='ltr'>Ἰησοῦς</span> <span class='ocrx_word' id='word_1_369' title='bbox 1384 3427 1489 3482; x_wconf 82' lang='grc' dir='ltr'>οὐκ</span> <span class='ocrx_word' id='word_1_370' title='bbox 1541 3425 1712 3492; x_wconf 75' lang='grc' dir='ltr'>ἄλλος</span> <span class='ocrx_word' id='word_1_371' title='bbox 1768 3427 1909 3484; x_wconf 78' lang='grc' dir='ltr'>ἐστὶν</span> <span class='ocrx_word' id='word_1_372' title='bbox 1955 3429 1990 3499; x_wconf 72' lang='grc' dir='ltr'><strong>ἢ</strong></span> <span class='ocrx_word' id='word_1_373' title='bbox 2024 3430 2051 3486; x_wconf 88' lang='grc' dir='ltr'>ὁ</span> 
     </span>
    </p>
   </div>
   <div class='ocr_carea' id='block_1_52' title="bbox 385 3514 2053 3592">
    <p class='ocr_par' dir='ltr' id='par_1_52' title="bbox 385 3514 2053 3592">
     <span class='ocr_line' id='line_1_52' title="bbox 385 3514 2053 3592; baseline 0.002 -21"><span class='ocrx_word' id='word_1_374' title='bbox 385 3517 567 3591; x_wconf 71' lang='grc' dir='ltr'>Λόγος</span> <span class='ocrx_word' id='word_1_375' title='bbox 618 3517 648 3571; x_wconf 82' lang='grc' dir='ltr'><strong>ὁ</strong></span> <span class='ocrx_word' id='word_1_376' title='bbox 711 3516 1038 3592; x_wconf 79' lang='grc' dir='ltr'>σαρκωθείς,</span> <span class='ocrx_word' id='word_1_377' title='bbox 1097 3515 1256 3578; x_wconf 80' lang='grc' dir='ltr'>οὗτος</span> <span class='ocrx_word' id='word_1_378' title='bbox 1318 3514 1374 3571; x_wconf 73' lang='grc' dir='ltr'>δὲ</span> <span class='ocrx_word' id='word_1_379' title='bbox 1429 3515 1570 3571; x_wconf 75' lang='grc' dir='ltr'>ἐστιν</span> <span class='ocrx_word' id='word_1_380' title='bbox 1602 3519 1638 3587; x_wconf 76' lang='grc' dir='ltr'>ἡ</span> <span class='ocrx_word' id='word_1_381' title='bbox 1673 3514 1901 3591; x_wconf 83' lang='grc' dir='ltr'>δύναμις</span> <span class='ocrx_word' id='word_1_382' title='bbox 1955 3524 2053 3575; x_wconf 87' lang='grc' dir='ltr'>τοῦ</span> 
     </span>
    </p>
   </div>
   <div class='ocr_carea' id='block_1_53' title="bbox 388 3603 2053 3682">
    <p class='ocr_par' dir='ltr' id='par_1_53' title="bbox 388 3603 2053 3682">
     <span class='ocr_line' id='line_1_53' title="bbox 388 3603 2053 3682; baseline 0.003 -21"><span class='ocrx_word' id='word_1_383' title='bbox 388 3605 636 3677; x_wconf 74' lang='grc' dir='ltr'>Πατρὸς,</span> <span class='ocrx_word' id='word_1_384' title='bbox 695 3603 768 3660; x_wconf 80' lang='grc' dir='ltr'>δι’</span> <span class='ocrx_word' id='word_1_385' title='bbox 829 3603 892 3660; x_wconf 72' lang='grc' dir='ltr'>οὗ</span> <span class='ocrx_word' id='word_1_386' title='bbox 949 3605 1123 3661; x_wconf 74' lang='grc' dir='ltr'>πάντα</span> <span class='ocrx_word' id='word_1_387' title='bbox 1180 3604 1410 3682; x_wconf 81' lang='grc' dir='ltr'>ἐνεργεῖ,</span> <span class='ocrx_word' id='word_1_388' title='bbox 1462 3608 1598 3661; x_wconf 78' lang='grc' dir='ltr'>κατᾶ</span> <span class='ocrx_word' id='word_1_389' title='bbox 1654 3609 1760 3675; x_wconf 80' lang='grc' dir='ltr'>τὸ,</span> <span class='ocrx_word' id='word_1_390' title='bbox 1821 3610 2053 3681; x_wconf 77' lang='grc' dir='ltr'>Χριστὸς</span> 
     </span>
    </p>
   </div>
   <div class='ocr_carea' id='block_1_54' title="bbox 400 3694 2049 3773">
    <p class='ocr_par' dir='ltr' id='par_1_54' title="bbox 400 3694 2049 3773">
     <span class='ocr_line' id='line_1_54' title="bbox 400 3694 2049 3773; baseline 0.004 -24"><span class='ocrx_word' id='word_1_391' title='bbox 400 3700 540 3750; x_wconf 75' lang='grc' dir='ltr'>Θεοῦ</span> <span class='ocrx_word' id='word_1_392' title='bbox 570 3694 1008 3771; x_wconf 64' lang='grc' dir='ltr'>ὂιόναμις,αὖτὸς</span> <span class='ocrx_word' id='word_1_393' title='bbox 1067 3697 1254 3753; x_wconf 72' lang='grc' dir='ltr'>ἑαυτὸν</span> <span class='ocrx_word' id='word_1_394' title='bbox 1312 3698 1645 3756; x_wconf 71' lang='grc' dir='ltr'>ἀνεπακέναι</span> <span class='ocrx_word' id='word_1_395' title='bbox 1700 3704 2049 3773; x_wconf 70' lang='grc' dir='ltr'>νοηθησεται,</span> 
     </span>
    </p>
   </div>
   <div class='ocr_carea' id='block_1_55' title="bbox 407 3782 2054 3868">
    <p class='ocr_par' dir='ltr' id='par_1_55' title="bbox 407 3782 2054 3868">
     <span class='ocr_line' id='line_1_55' title="bbox 407 3782 2054 3868; baseline 0.005 -31"><span class='ocrx_word' id='word_1_396' title='bbox 407 3785 595 3837; x_wconf 83' lang='grc' dir='ltr'>καίτοι</span> <span class='ocrx_word' id='word_1_397' title='bbox 622 3782 894 3862; x_wconf 71' lang='grc' dir='ltr'>ἒγηγέρθαι</span> <span class='ocrx_word' id='word_1_398' title='bbox 931 3785 1232 3861; x_wconf 87' lang='grc' dir='ltr'>λεγόμενος</span> <span class='ocrx_word' id='word_1_399' title='bbox 1285 3786 1389 3843; x_wconf 83' lang='grc' dir='ltr'>ὑπὸ</span> <span class='ocrx_word' id='word_1_400' title='bbox 1444 3793 1539 3844; x_wconf 80' lang='grc' dir='ltr'>τοῦ</span> <span class='ocrx_word' id='word_1_401' title='bbox 1599 3791 1831 3862; x_wconf 83' lang='grc' dir='ltr'>Πατρὸς,</span> <span class='ocrx_word' id='word_1_402' title='bbox 1890 3790 2054 3868; x_wconf 81' lang='grc' dir='ltr'>ἐφ”ὀν</span> 
     </span>
    </p>
   </div>
   <div class='ocr_carea' id='block_1_56' title="bbox 412 3872 2052 3958">
    <p class='ocr_par' dir='ltr' id='par_1_56' title="bbox 412 3872 2052 3958">
     <span class='ocr_line' id='line_1_56' title="bbox 412 3872 2052 3958; baseline 0.006 -32"><span class='ocrx_word' id='word_1_403' title='bbox 412 3872 489 3933; x_wconf 85' lang='grc' dir='ltr'>ὡς</span> <span class='ocrx_word' id='word_1_404' title='bbox 544 3874 719 3948; x_wconf 72' lang='grc' dir='ltr'>ἀρχὴν</span> <span class='ocrx_word' id='word_1_405' title='bbox 765 3876 852 3931; x_wconf 72' lang='grc' dir='ltr'>καὶ</span> <span class='ocrx_word' id='word_1_406' title='bbox 913 3875 1087 3931; x_wconf 82' lang='grc' dir='ltr'>αἰτίαν</span> <span class='ocrx_word' id='word_1_407' title='bbox 1147 3876 1383 3952; x_wconf 80' lang='grc' dir='ltr'>άχρονον</span> <span class='ocrx_word' id='word_1_408' title='bbox 1439 3878 1645 3934; x_wconf 75' lang='grc' dir='ltr'>ἅπαντα</span> <span class='ocrx_word' id='word_1_409' title='bbox 1712 3876 2052 3958; x_wconf 71' lang='grc' dir='ltr'>ἀναφέρεται.</span> 
     </span>
    </p>
   </div>
   <div class='ocr_carea' id='block_1_57' title="bbox 400 3962 2056 4042">
    <p class='ocr_par' dir='ltr' id='par_1_57' title="bbox 400 3962 2056 4042">
     <span class='ocr_line' id='line_1_57' title="bbox 400 3962 2056 4042; baseline 0.004 -24"><span class='ocrx_word' id='word_1_410' title='bbox 400 3962 553 4018; x_wconf 73' lang='grc' dir='ltr'>Ἐπεὲ</span> <span class='ocrx_word' id='word_1_411' title='bbox 609 3963 697 4017; x_wconf 75' lang='grc' dir='ltr'>καὶ</span> <span class='ocrx_word' id='word_1_412' title='bbox 752 3964 916 4029; x_wconf 79' lang='grc' dir='ltr'>αύτός</span> <span class='ocrx_word' id='word_1_413' title='bbox 971 3985 1127 4036; x_wconf 78' lang='grc' dir='ltr'>φησι·</span> <span class='ocrx_word' id='word_1_414' title='bbox 1203 3990 1231 4018; x_wconf 87' lang='grc'><em>‹‹</em></span> <span class='ocrx_word' id='word_1_415' title='bbox 1270 3965 1477 4022; x_wconf 78' lang='grc' dir='ltr'>Λύσατε</span> <span class='ocrx_word' id='word_1_416' title='bbox 1531 3968 1626 4024; x_wconf 88' lang='grc' dir='ltr'>τὸν</span> <span class='ocrx_word' id='word_1_417' title='bbox 1667 3968 1792 4023; x_wconf 83' lang='grc' dir='ltr'>ναὸν</span> <span class='ocrx_word' id='word_1_418' title='bbox 1834 3973 2056 4042; x_wconf 81' lang='grc' dir='ltr'>τοῦτον,</span> 
     </span>
    </p>
   </div>
   <div class='ocr_carea' id='block_1_58' title="bbox 387 4051 1517 4132">
    <p class='ocr_par' dir='ltr' id='par_1_58' title="bbox 387 4051 1517 4132">
     <span class='ocr_line' id='line_1_58' title="bbox 387 4051 1517 4132; baseline 0.002 -25"><span class='ocrx_word' id='word_1_419' title='bbox 387 4054 482 4107; x_wconf 79' lang='grc' dir='ltr'>καί</span> <span class='ocrx_word' id='word_1_420' title='bbox 515 4051 571 4107; x_wconf 79' lang='grc' dir='ltr'>ἐν</span> <span class='ocrx_word' id='word_1_421' title='bbox 602 4053 781 4127; x_wconf 78' lang='grc' dir='ltr'>τρισῖν</span> <span class='ocrx_word' id='word_1_422' title='bbox 814 4054 1049 4131; x_wconf 78' lang='grc' dir='ltr'>ἡμέραις</span> <span class='ocrx_word' id='word_1_423' title='bbox 1075 4053 1249 4132; x_wconf 78' lang='grc' dir='ltr'>ἐγερῶ</span> <span class='ocrx_word' id='word_1_424' title='bbox 1279 4054 1457 4114; x_wconf 72' lang='grc' dir='ltr'>αὐτόν.</span> <span class='ocrx_word' id='word_1_425' title='bbox 1489 4081 1517 4109; x_wconf 85' lang='lat'><strong><em>»</em></strong></span> 
     </span>
    </p>
   </div>
   <div class='ocr_carea' id='block_1_59' title="bbox 444 4232 2053 4313">
    <p class='ocr_par' dir='ltr' id='par_1_59' title="bbox 444 4232 2053 4313">
     <span class='ocr_line' id='line_1_59' title="bbox 444 4232 2053 4313; baseline 0.006 -28"><span class='ocrx_word' id='word_1_426' title='bbox 444 4259 475 4285; x_wconf 71' lang='grc' dir='ltr'>(ε</span> <span class='ocrx_word' id='word_1_427' title='bbox 545 4232 873 4303; x_wconf 75' lang='grc' dir='ltr'>’ναστήσας</span> <span class='ocrx_word' id='word_1_428' title='bbox 935 4236 1167 4307; x_wconf 79' lang='grc' dir='ltr'>Ἰησοῦν,</span> <span class='ocrx_word' id='word_1_429' title='bbox 1228 4236 1301 4297; x_wconf 81' lang='grc' dir='ltr'>ὡς</span> <span class='ocrx_word' id='word_1_430' title='bbox 1357 4236 1447 4291; x_wconf 83' lang='grc' dir='ltr'>καὶ</span> <span class='ocrx_word' id='word_1_431' title='bbox 1505 4235 1559 4291; x_wconf 78' lang='grc' dir='ltr'>ἐν</span> <span class='ocrx_word' id='word_1_432' title='bbox 1615 4241 1693 4311; x_wconf 80' lang='grc' dir='ltr'>τῷ</span> <span class='ocrx_word' id='word_1_433' title='bbox 1715 4236 1925 4313; x_wconf 78' lang='grc' dir='ltr'>ψαλμῷ</span> <span class='ocrx_word' id='word_1_434' title='bbox 1974 4243 2053 4313; x_wconf 80' lang='grc' dir='ltr'>τῷ</span> 
     </span>
    </p>
   </div>
   <div class='ocr_carea' id='block_1_60' title="bbox 383 4325 2051 4408">
    <p class='ocr_par' dir='ltr' id='par_1_60' title="bbox 383 4325 2051 4408">
     <span class='ocr_line' id='line_1_60' title="bbox 383 4325 2051 4408; baseline 0.006 -31"><span class='ocrx_word' id='word_1_435' title='bbox 383 4348 415 4375; x_wconf 70' lang='grc' dir='ltr'><strong>κ</strong></span> <span class='ocrx_word' id='word_1_436' title='bbox 446 4325 666 4399; x_wconf 83' lang='grc' dir='ltr'>πρώτῳ</span> <span class='ocrx_word' id='word_1_437' title='bbox 698 4325 1016 4402; x_wconf 69' lang='grc' dir='ltr'>γέγραπται.</span> <span class='ocrx_word' id='word_1_438' title='bbox 1066 4326 1194 4390; x_wconf 77' lang='grc' dir='ltr'>Υἱός</span> <span class='ocrx_word' id='word_1_439' title='bbox 1228 4349 1334 4401; x_wconf 83' lang='grc' dir='ltr'>μου</span> <span class='ocrx_word' id='word_1_440' title='bbox 1392 4328 1443 4384; x_wconf 73' lang='grc' dir='ltr'>εἴ</span> <span class='ocrx_word' id='word_1_441' title='bbox 1494 4329 1581 4398; x_wconf 75' lang='grc' dir='ltr'>σὺ,</span> <span class='ocrx_word' id='word_1_442' title='bbox 1640 4327 1752 4405; x_wconf 78' lang='grc' dir='ltr'>ἐγὼ</span> <span class='ocrx_word' id='word_1_443' title='bbox 1810 4329 2051 4408; x_wconf 74' lang='grc' dir='ltr'>σῄμερον</span> 
     </span>
    </p>
   </div>
   <div class='ocr_carea' id='block_1_61' title="bbox 387 4412 930 4491">
    <p class='ocr_par' dir='ltr' id='par_1_61' title="bbox 387 4412 930 4491">
     <span class='ocr_line' id='line_1_61' title="bbox 387 4412 930 4491; baseline 0 -25"><span class='ocrx_word' id='word_1_444' title='bbox 387 4438 417 4466; x_wconf 75' lang='grc' dir='ltr'><strong>(ι</strong></span> <span class='ocrx_word' id='word_1_445' title='bbox 444 4412 763 4491; x_wconf 70' lang='grc' dir='ltr'>γεγέννηκά</span> <span class='ocrx_word' id='word_1_446' title='bbox 794 4434 869 4473; x_wconf 85' lang='grc' dir='ltr'>σε.</span> <span class='ocrx_word' id='word_1_447' title='bbox 901 4439 930 4468; x_wconf 86' lang='grc'>›)</span> 
     </span>
    </p>
   </div>
   <div class='ocr_carea' id='block_1_62' title="bbox 455 4502 2048 4587">
    <p class='ocr_par' dir='ltr' id='par_1_62' title="bbox 455 4502 2048 4587">
     <span class='ocr_line' id='line_1_62' title="bbox 455 4502 2048 4587; baseline 0.003 -26"><span class='ocrx_word' id='word_1_448' title='bbox 455 4502 695 4575; x_wconf 80' lang='grc' dir='ltr'>Ἐπειδῆ</span> <span class='ocrx_word' id='word_1_449' title='bbox 732 4504 793 4560; x_wconf 84' lang='grc' dir='ltr'>τὸ</span> <span class='ocrx_word' id='word_1_450' title='bbox 847 4506 1054 4577; x_wconf 85' lang='grc' dir='ltr'>Ἰησοῦς</span> <span class='ocrx_word' id='word_1_451' title='bbox 1079 4503 1255 4582; x_wconf 81' lang='grc' dir='ltr'>ὄνομα</span> <span class='ocrx_word' id='word_1_452' title='bbox 1314 4507 1403 4564; x_wconf 79' lang='grc' dir='ltr'>ἐπὶ</span> <span class='ocrx_word' id='word_1_453' title='bbox 1456 4513 1554 4565; x_wconf 86' lang='grc' dir='ltr'>τοῦ</span> <span class='ocrx_word' id='word_1_454' title='bbox 1605 4510 1893 4587; x_wconf 75' lang='grc' dir='ltr'>ἀνθρώπου</span> <span class='ocrx_word' id='word_1_455' title='bbox 1955 4532 2048 4567; x_wconf 84' lang='grc' dir='ltr'>κα-</span> 
     </span>
    </p>
   </div>
   <div class='ocr_carea' id='block_1_63' title="bbox 2167 1899 3821 1978">
    <p class='ocr_par' dir='ltr' id='par_1_63' title="bbox 2167 1899 3821 1978">
     <span class='ocr_line' id='line_1_63' title="bbox 2167 1899 3821 1978; baseline 0.007 -24"><span class='ocrx_word' id='word_1_456' title='bbox 2167 1899 2424 1972; x_wconf 89' lang='lat' dir='ltr'>pellens.</span> <span class='ocrx_word' id='word_1_457' title='bbox 2458 1903 2657 1973; x_wconf 85' lang='lat' dir='ltr'>Neque</span> <span class='ocrx_word' id='word_1_458' title='bbox 2689 1903 2850 1958; x_wconf 89' lang='lat' dir='ltr'>enim</span> <span class='ocrx_word' id='word_1_459' title='bbox 2876 1904 3107 1976; x_wconf 73' lang='lat' dir='ltr'>aequale</span> <span class='ocrx_word' id='word_1_460' title='bbox 3138 1910 3227 1962; x_wconf 90' lang='lat' dir='ltr'>est</span> <span class='ocrx_word' id='word_1_461' title='bbox 3264 1906 3514 1978; x_wconf 80' lang='lat' dir='ltr'>gloriam</span> <span class='ocrx_word' id='word_1_462' title='bbox 3569 1906 3821 1978; x_wconf 75' lang='lat' dir='ltr'>rejicere</span> 
     </span>
    </p>
   </div>
   <div class='ocr_carea' id='block_1_64' title="bbox 2167 1989 3819 2067">
    <p class='ocr_par' dir='ltr' id='par_1_64' title="bbox 2167 1989 3819 2067">
     <span class='ocr_line' id='line_1_64' title="bbox 2167 1989 3819 2067; baseline 0.004 -22"><span class='ocrx_word' id='word_1_463' title='bbox 2167 2005 2302 2049; x_wconf 89' lang='lat' dir='ltr'>cum</span> <span class='ocrx_word' id='word_1_464' title='bbox 2324 1989 2491 2046; x_wconf 87' lang='lat' dir='ltr'>illam</span> <span class='ocrx_word' id='word_1_465' title='bbox 2521 1991 2724 2048; x_wconf 92' lang='lat' dir='ltr'>nullus</span> <span class='ocrx_word' id='word_1_466' title='bbox 2754 1993 2946 2062; x_wconf 69' lang='lat' dir='ltr'>offert,</span> <span class='ocrx_word' id='word_1_467' title='bbox 2972 1999 3030 2048; x_wconf 89' lang='lat' dir='ltr'>et</span> <span class='ocrx_word' id='word_1_468' title='bbox 3048 2010 3191 2059; x_wconf 53' lang='lat' dir='ltr'>,cum</span> <span class='ocrx_word' id='word_1_469' title='bbox 3221 1994 3497 2067; x_wconf 85' lang='lat' dir='ltr'>plerique</span> <span class='ocrx_word' id='word_1_470' title='bbox 3526 1995 3819 2053; x_wconf 91' lang='lat' dir='ltr'>tribuunt.</span> 
     </span>
    </p>
   </div>
   <div class='ocr_carea' id='block_1_65' title="bbox 2167 2080 3817 2155">
    <p class='ocr_par' dir='ltr' id='par_1_65' title="bbox 2167 2080 3817 2155">
     <span class='ocr_line' id='line_1_65' title="bbox 2167 2080 3817 2155; baseline 0.004 -18"><span class='ocrx_word' id='word_1_471' title='bbox 2167 2080 2315 2137; x_wconf 89' lang='lat' dir='ltr'>Cum</span> <span class='ocrx_word' id='word_1_472' title='bbox 2345 2088 2544 2138; x_wconf 88' lang='lat' dir='ltr'>autem</span> <span class='ocrx_word' id='word_1_473' title='bbox 2573 2082 2738 2149; x_wconf 89' lang='lat' dir='ltr'>dicit,</span> <span class='ocrx_word' id='word_1_474' title='bbox 2795 2105 2822 2134; x_wconf 85' lang='lat'><strong>«</strong></span> <span class='ocrx_word' id='word_1_475' title='bbox 2859 2084 3036 2139; x_wconf 87' lang='lat' dir='ltr'>Vobis</span> <span class='ocrx_word' id='word_1_476' title='bbox 3085 2085 3350 2155; x_wconf 82' lang='lat' dir='ltr'>verbum,</span> <span class='ocrx_word' id='word_1_477' title='bbox 3410 2091 3468 2141; x_wconf 90' lang='lat' dir='ltr'>et</span> <span class='ocrx_word' id='word_1_478' title='bbox 3520 2092 3752 2151; x_wconf 76' lang='lat' dir='ltr'>caetera,</span> <span class='ocrx_word' id='word_1_479' title='bbox 3789 2108 3817 2137; x_wconf 77' lang='grc' dir='ltr'><strong>υ</strong></span> 
     </span>
    </p>
   </div>
   <div class='ocr_carea' id='block_1_66' title="bbox 2164 2171 3821 2242">
    <p class='ocr_par' dir='ltr' id='par_1_66' title="bbox 2164 2171 3821 2242">
     <span class='ocr_line' id='line_1_66' title="bbox 2164 2171 3821 2242; baseline 0.005 -17"><span class='ocrx_word' id='word_1_480' title='bbox 2164 2171 2627 2242; x_wconf 82' lang='lat' dir='ltr'>generositatem</span> <span class='ocrx_word' id='word_1_481' title='bbox 2660 2173 2923 2228; x_wconf 88' lang='lat' dir='ltr'>ostendit</span> <span class='ocrx_word' id='word_1_482' title='bbox 2941 2173 3301 2231; x_wconf 83' lang='lat' dir='ltr'>Judaeorum.</span> <span class='ocrx_word' id='word_1_483' title='bbox 3337 2175 3512 2231; x_wconf 86' lang='lat' dir='ltr'>Pilati</span> <span class='ocrx_word' id='word_1_484' title='bbox 3528 2192 3665 2233; x_wconf 84' lang='lat' dir='ltr'>vero</span> <span class='ocrx_word' id='word_1_485' title='bbox 3699 2191 3821 2233; x_wconf 87' lang='lat' dir='ltr'>me-</span> 
     </span>
    </p>
   </div>
   <div class='ocr_carea' id='block_1_67' title="bbox 2166 2259 3820 2336">
    <p class='ocr_par' dir='ltr' id='par_1_67' title="bbox 2166 2259 3820 2336">
     <span class='ocr_line' id='line_1_67' title="bbox 2166 2259 3820 2336; baseline 0.002 -22"><span class='ocrx_word' id='word_1_486' title='bbox 2166 2259 2362 2326; x_wconf 88' lang='lat' dir='ltr'>minit,</span> <span class='ocrx_word' id='word_1_487' title='bbox 2396 2265 2459 2315; x_wconf 94' lang='lat' dir='ltr'>ut</span> <span class='ocrx_word' id='word_1_488' title='bbox 2490 2262 2686 2317; x_wconf 91' lang='lat' dir='ltr'>acrius</span> <span class='ocrx_word' id='word_1_489' title='bbox 2719 2279 2818 2318; x_wconf 91' lang='lat' dir='ltr'>eos</span> <span class='ocrx_word' id='word_1_490' title='bbox 2861 2269 3155 2336; x_wconf 82' lang='lat' dir='ltr'>argueret,</span> <span class='ocrx_word' id='word_1_491' title='bbox 3216 2270 3280 2319; x_wconf 92' lang='lat' dir='ltr'>ut</span> <span class='ocrx_word' id='word_1_492' title='bbox 3325 2264 3426 2335; x_wconf 90' lang='lat' dir='ltr'>qui</span> <span class='ocrx_word' id='word_1_493' title='bbox 3486 2264 3608 2320; x_wconf 88' lang='lat' dir='ltr'>viro</span> <span class='ocrx_word' id='word_1_494' title='bbox 3639 2264 3820 2322; x_wconf 90' lang='lat' dir='ltr'>tradi-</span> 
     </span>
    </p>
   </div>
   <div class='ocr_carea' id='block_1_68' title="bbox 2166 2347 3813 2424">
    <p class='ocr_par' dir='ltr' id='par_1_68' title="bbox 2166 2347 3813 2424">
     <span class='ocr_line' id='line_1_68' title="bbox 2166 2347 3813 2424; baseline 0.003 -21"><span class='ocrx_word' id='word_1_495' title='bbox 2166 2347 2363 2404; x_wconf 87' lang='lat' dir='ltr'>derint</span> <span class='ocrx_word' id='word_1_496' title='bbox 2392 2350 2764 2424; x_wconf 83' lang='lat' dir='ltr'>alienigenae.</span> <span class='ocrx_word' id='word_1_497' title='bbox 2798 2353 2867 2407; x_wconf 89' lang='lat' dir='ltr'>Et</span> <span class='ocrx_word' id='word_1_498' title='bbox 2908 2352 3067 2424; x_wconf 88' lang='lat' dir='ltr'>quod</span> <span class='ocrx_word' id='word_1_499' title='bbox 3115 2353 3302 2421; x_wconf 85' lang='lat' dir='ltr'>addit,</span> <span class='ocrx_word' id='word_1_500' title='bbox 3368 2377 3390 2403; x_wconf 82' lang='grc' dir='ltr'>ι</span> <span class='ocrx_word' id='word_1_501' title='bbox 3425 2355 3755 2423; x_wconf 85' lang='lat' dir='ltr'>Petierunt,</span> <span class='ocrx_word' id='word_1_502' title='bbox 3784 2373 3813 2407; x_wconf 74' lang='grc' dir='ltr'>ι</span> 
     </span>
    </p>
   </div>
   <div class='ocr_carea' id='block_1_69' title="bbox 2165 2440 3819 2515">
    <p class='ocr_par' dir='ltr' id='par_1_69' title="bbox 2165 2440 3819 2515">
     <span class='ocr_line' id='line_1_69' title="bbox 2165 2440 3819 2515; baseline 0.002 -20"><span class='ocrx_word' id='word_1_503' title='bbox 2165 2440 2397 2505; x_wconf 87' lang='lat' dir='ltr'>Munus,</span> <span class='ocrx_word' id='word_1_504' title='bbox 2442 2440 2660 2513; x_wconf 88' lang='lat' dir='ltr'>inquit,</span> <span class='ocrx_word' id='word_1_505' title='bbox 2719 2448 3078 2515; x_wconf 89' lang='lat' dir='ltr'>acceperunt</span> <span class='ocrx_word' id='word_1_506' title='bbox 3135 2443 3307 2515; x_wconf 90' lang='lat' dir='ltr'>quasi</span> <span class='ocrx_word' id='word_1_507' title='bbox 3365 2443 3468 2500; x_wconf 90' lang='lat' dir='ltr'>illo</span> <span class='ocrx_word' id='word_1_508' title='bbox 3525 2444 3819 2503; x_wconf 88' lang='lat' dir='ltr'>nolente:</span> 
     </span>
    </p>
   </div>
   <div class='ocr_carea' id='block_1_70' title="bbox 2163 2528 3826 2603">
    <p class='ocr_par' dir='ltr' id='par_1_70' title="bbox 2163 2528 3826 2603">
     <span class='ocr_line' id='line_1_70' title="bbox 2163 2528 3826 2603; baseline 0.004 -19"><span class='ocrx_word' id='word_1_509' title='bbox 2163 2528 2323 2600; x_wconf 90' lang='lat' dir='ltr'>quod</span> <span class='ocrx_word' id='word_1_510' title='bbox 2379 2531 2643 2603; x_wconf 88' lang='lat' dir='ltr'>apertius</span> <span class='ocrx_word' id='word_1_511' title='bbox 2690 2530 2833 2588; x_wconf 84' lang='lat' dir='ltr'>dicit</span> <span class='ocrx_word' id='word_1_512' title='bbox 2863 2533 3116 2591; x_wconf 86' lang='lat' dir='ltr'>Petrus:</span> <span class='ocrx_word' id='word_1_513' title='bbox 3158 2533 3303 2589; x_wconf 89' lang='lat' dir='ltr'>Cum</span> <span class='ocrx_word' id='word_1_514' title='bbox 3352 2532 3454 2590; x_wconf 91' lang='lat' dir='ltr'>ille</span> <span class='ocrx_word' id='word_1_515' title='bbox 3502 2532 3826 2591; x_wconf 64' lang='lat' dir='ltr'>absolven~</span> 
     </span>
    </p>
   </div>
   <div class='ocr_carea' id='block_1_71' title="bbox 2163 2608 3004 2691">
    <p class='ocr_par' dir='ltr' id='par_1_71' title="bbox 2163 2608 3004 2691">
     <span class='ocr_line' id='line_1_71' title="bbox 2163 2608 3004 2691; baseline 0.005 -18"><span class='ocrx_word' id='word_1_516' title='bbox 2163 2618 2305 2675; x_wconf 93' lang='lat' dir='ltr'>dum</span> <span class='ocrx_word' id='word_1_517' title='bbox 2325 2620 2678 2691; x_wconf 88' lang='lat' dir='ltr'>judicasset.</span> <span class='ocrx_word' id='word_1_518' title='bbox 3000 2608 3004 2613; x_wconf 54' lang='grc'><em>’</em></span> 
     </span>
    </p>
   </div>
   <div class='ocr_carea' id='block_1_72' title="bbox 2233 2710 3821 2785">
    <p class='ocr_par' dir='ltr' id='par_1_72' title="bbox 2233 2710 3821 2785">
     <span class='ocr_line' id='line_1_72' title="bbox 2233 2710 3821 2785; baseline 0.004 -21"><span class='ocrx_word' id='word_1_519' title='bbox 2233 2710 2386 2778; x_wconf 81' lang='lat' dir='ltr'>XIII,</span> <span class='ocrx_word' id='word_1_520' title='bbox 2421 2711 2489 2765; x_wconf 89' lang='lat'>30</span> <span class='ocrx_word' id='word_1_521' title='bbox 2546 2712 2635 2767; x_wconf 88' lang='lat'>33.</span> <span class='ocrx_word' id='word_1_522' title='bbox 2678 2733 2707 2762; x_wconf 89' lang='grc'>‹‹</span> <span class='ocrx_word' id='word_1_523' title='bbox 2765 2713 2918 2768; x_wconf 90' lang='lat' dir='ltr'>Deus</span> <span class='ocrx_word' id='word_1_524' title='bbox 2971 2717 3172 2769; x_wconf 89' lang='lat' dir='ltr'>autem</span> <span class='ocrx_word' id='word_1_525' title='bbox 3230 2713 3501 2770; x_wconf 80' lang='lat' dir='ltr'>excitavit</span> <span class='ocrx_word' id='word_1_526' title='bbox 3559 2712 3821 2785; x_wconf 89' lang='lat' dir='ltr'>ipsuma</span> 
     </span>
    </p>
   </div>
   <div class='ocr_carea' id='block_1_73' title="bbox 2162 2801 3817 2876">
    <p class='ocr_par' dir='ltr' id='par_1_73' title="bbox 2162 2801 3817 2876">
     <span class='ocr_line' id='line_1_73' title="bbox 2162 2801 3817 2876; baseline 0.005 -26"><span class='ocrx_word' id='word_1_527' title='bbox 2162 2822 2190 2850; x_wconf 86' lang='grc'>‹‹</span> <span class='ocrx_word' id='word_1_528' title='bbox 2225 2801 2497 2868; x_wconf 86' lang='lat' dir='ltr'>mortuis,</span> <span class='ocrx_word' id='word_1_529' title='bbox 2524 2802 2624 2873; x_wconf 90' lang='lat' dir='ltr'>qui</span> <span class='ocrx_word' id='word_1_530' title='bbox 2656 2802 2932 2875; x_wconf 89' lang='lat' dir='ltr'>apparuit</span> <span class='ocrx_word' id='word_1_531' title='bbox 2974 2820 3082 2874; x_wconf 91' lang='lat' dir='ltr'>per</span> <span class='ocrx_word' id='word_1_532' title='bbox 3137 2803 3264 2859; x_wconf 90' lang='lat' dir='ltr'>dies</span> <span class='ocrx_word' id='word_1_533' title='bbox 3322 2804 3543 2860; x_wconf 90' lang='lat' dir='ltr'>multos</span> <span class='ocrx_word' id='word_1_534' title='bbox 3591 2803 3685 2859; x_wconf 89' lang='lat' dir='ltr'>his</span> <span class='ocrx_word' id='word_1_535' title='bbox 3714 2803 3817 2876; x_wconf 90' lang='lat' dir='ltr'>qui</span> 
     </span>
    </p>
   </div>
   <div class='ocr_carea' id='block_1_74' title="bbox 2167 2892 3815 2966">
    <p class='ocr_par' dir='ltr' id='par_1_74' title="bbox 2167 2892 3815 2966">
     <span class='ocr_line' id='line_1_74' title="bbox 2167 2892 3815 2966; baseline 0.004 -25"><span class='ocrx_word' id='word_1_536' title='bbox 2167 2911 2190 2941; x_wconf 75' lang='grc' dir='ltr'>ι</span> <span class='ocrx_word' id='word_1_537' title='bbox 2220 2906 2342 2949; x_wconf 86' lang='lat' dir='ltr'>una</span> <span class='ocrx_word' id='word_1_538' title='bbox 2370 2908 2506 2947; x_wconf 92' lang='lat' dir='ltr'>cum</span> <span class='ocrx_word' id='word_1_539' title='bbox 2537 2908 2605 2947; x_wconf 93' lang='lat' dir='ltr'>eo</span> <span class='ocrx_word' id='word_1_540' title='bbox 2624 2892 3018 2949; x_wconf 85' lang='lat' dir='ltr'>ascenderant</span> <span class='ocrx_word' id='word_1_541' title='bbox 3047 2893 3339 2950; x_wconf 84' lang='lat' dir='ltr'>aGalilaea</span> <span class='ocrx_word' id='word_1_542' title='bbox 3353 2894 3815 2966; x_wconf 83' lang='lat' dir='ltr'>Jerosolymam:</span> 
     </span>
    </p>
   </div>
   <div class='ocr_carea' id='block_1_75' title="bbox 2162 2979 3815 3056">
    <p class='ocr_par' dir='ltr' id='par_1_75' title="bbox 2162 2979 3815 3056">
     <span class='ocr_line' id='line_1_75' title="bbox 2162 2979 3815 3056; baseline 0.005 -26"><span class='ocrx_word' id='word_1_543' title='bbox 2162 3000 2191 3029; x_wconf 86' lang='grc'><em>‹‹</em></span> <span class='ocrx_word' id='word_1_544' title='bbox 2223 2979 2325 3051; x_wconf 91' lang='lat' dir='ltr'>qui</span> <span class='ocrx_word' id='word_1_545' title='bbox 2357 2987 2539 3037; x_wconf 88' lang='lat' dir='ltr'>testes</span> <span class='ocrx_word' id='word_1_546' title='bbox 2562 2981 2691 3054; x_wconf 86' lang='lat' dir='ltr'>ejus</span> <span class='ocrx_word' id='word_1_547' title='bbox 2713 2983 2799 3037; x_wconf 89' lang='lat' dir='ltr'>rei</span> <span class='ocrx_word' id='word_1_548' title='bbox 2827 2988 2967 3038; x_wconf 90' lang='lat' dir='ltr'>sunt</span> <span class='ocrx_word' id='word_1_549' title='bbox 2996 2999 3197 3041; x_wconf 92' lang='lat' dir='ltr'>coram</span> <span class='ocrx_word' id='word_1_550' title='bbox 3220 2983 3462 3056; x_wconf 91' lang='lat' dir='ltr'>populo.</span> <span class='ocrx_word' id='word_1_551' title='bbox 3494 2984 3564 3039; x_wconf 87' lang='lat' dir='ltr'>Et</span> <span class='ocrx_word' id='word_1_552' title='bbox 3590 3000 3701 3040; x_wconf 91' lang='lat' dir='ltr'>nos</span> <span class='ocrx_word' id='word_1_553' title='bbox 3721 2999 3815 3038; x_wconf 86' lang='lat' dir='ltr'>vo-</span> 
     </span>
    </p>
   </div>
   <div class='ocr_carea' id='block_1_76' title="bbox 2161 3068 3819 3144">
    <p class='ocr_par' dir='ltr' id='par_1_76' title="bbox 2161 3068 3819 3144">
     <span class='ocr_line' id='line_1_76' title="bbox 2161 3068 3819 3144; baseline 0.003 -20"><span class='ocrx_word' id='word_1_554' title='bbox 2161 3090 2189 3118; x_wconf 87' lang='lat'><strong>«</strong></span> <span class='ocrx_word' id='word_1_555' title='bbox 2221 3068 2314 3125; x_wconf 89' lang='lat' dir='ltr'>bis</span> <span class='ocrx_word' id='word_1_556' title='bbox 2342 3071 2770 3127; x_wconf 89' lang='lat' dir='ltr'>annuntiamus</span> <span class='ocrx_word' id='word_1_557' title='bbox 2802 3071 2963 3143; x_wconf 91' lang='lat' dir='ltr'>quod</span> <span class='ocrx_word' id='word_1_558' title='bbox 2994 3089 3126 3128; x_wconf 87' lang='lat' dir='ltr'>eam</span> <span class='ocrx_word' id='word_1_559' title='bbox 3157 3089 3289 3144; x_wconf 66' lang='lat' dir='ltr'>qua)</span> <span class='ocrx_word' id='word_1_560' title='bbox 3332 3071 3407 3129; x_wconf 90' lang='lat' dir='ltr'>ad</span> <span class='ocrx_word' id='word_1_561' title='bbox 3438 3074 3642 3131; x_wconf 88' lang='lat' dir='ltr'>Patres</span> <span class='ocrx_word' id='word_1_562' title='bbox 3674 3087 3819 3129; x_wconf 81' lang='lat' dir='ltr'>nos-</span> 
     </span>
    </p>
   </div>
   <div class='ocr_carea' id='block_1_77' title="bbox 2167 3161 3817 3235">
    <p class='ocr_par' dir='ltr' id='par_1_77' title="bbox 2167 3161 3817 3235">
     <span class='ocr_line' id='line_1_77' title="bbox 2167 3161 3817 3235; baseline 0.002 -21"><span class='ocrx_word' id='word_1_563' title='bbox 2167 3184 2196 3215; x_wconf 84' lang='lat'><strong>«</strong></span> <span class='ocrx_word' id='word_1_564' title='bbox 2226 3168 2349 3218; x_wconf 92' lang='lat' dir='ltr'>tros</span> <span class='ocrx_word' id='word_1_565' title='bbox 2379 3161 2535 3217; x_wconf 86' lang='lat' dir='ltr'>facta</span> <span class='ocrx_word' id='word_1_566' title='bbox 2565 3168 2653 3217; x_wconf 90' lang='lat' dir='ltr'>est</span> <span class='ocrx_word' id='word_1_567' title='bbox 2682 3163 3234 3234; x_wconf 88' lang='lat' dir='ltr'>repromissionem,</span> <span class='ocrx_word' id='word_1_568' title='bbox 3265 3162 3422 3218; x_wconf 88' lang='lat' dir='ltr'>Deus</span> <span class='ocrx_word' id='word_1_569' title='bbox 3454 3162 3817 3235; x_wconf 87' lang='lat' dir='ltr'>adimpleve-</span> 
     </span>
    </p>
   </div>
   <div class='ocr_carea' id='block_1_78' title="bbox 2086 3251 3029 3309">
    <p class='ocr_par' dir='ltr' id='par_1_78' title="bbox 2086 3251 3029 3309">
     <span class='ocr_line' id='line_1_78' title="bbox 2086 3251 3029 3309; baseline -0.005 -2"><span class='ocrx_word' id='word_1_570' title='bbox 2086 3251 2126 3307; x_wconf 54' lang='lat'>3‘</span> <span class='ocrx_word' id='word_1_571' title='bbox 2167 3275 2195 3304; x_wconf 84' lang='lat'><strong>«</strong></span> <span class='ocrx_word' id='word_1_572' title='bbox 2229 3252 2306 3309; x_wconf 89' lang='lat' dir='ltr'>rit</span> <span class='ocrx_word' id='word_1_573' title='bbox 2327 3251 2500 3307; x_wconf 91' lang='lat' dir='ltr'>nobis</span> <span class='ocrx_word' id='word_1_574' title='bbox 2528 3251 2668 3308; x_wconf 87' lang='lat' dir='ltr'>ﬁliis</span> <span class='ocrx_word' id='word_1_575' title='bbox 2698 3251 2962 3309; x_wconf 90' lang='lat' dir='ltr'>illorum.</span> <span class='ocrx_word' id='word_1_576' title='bbox 3001 3274 3029 3303; x_wconf 81' lang='grc'>››</span> 
     </span>
    </p>
   </div>
   <div class='ocr_carea' id='block_1_79' title="bbox 2232 3340 3813 3413">
    <p class='ocr_par' dir='ltr' id='par_1_79' title="bbox 2232 3340 3813 3413">
     <span class='ocr_line' id='line_1_79' title="bbox 2232 3340 3813 3413; baseline 0.001 -15"><span class='ocrx_word' id='word_1_577' title='bbox 2232 3342 2395 3398; x_wconf 88' lang='lat' dir='ltr'>Nihil</span> <span class='ocrx_word' id='word_1_578' title='bbox 2437 3341 2761 3398; x_wconf 89' lang='lat' dir='ltr'>absurdum</span> <span class='ocrx_word' id='word_1_579' title='bbox 2821 3347 2910 3397; x_wconf 91' lang='lat' dir='ltr'>est</span> <span class='ocrx_word' id='word_1_580' title='bbox 2957 3340 3115 3413; x_wconf 87' lang='lat' dir='ltr'>quod</span> <span class='ocrx_word' id='word_1_581' title='bbox 3158 3343 3328 3399; x_wconf 84' lang='lat' dir='ltr'>Jesus</span> <span class='ocrx_word' id='word_1_582' title='bbox 3379 3341 3612 3399; x_wconf 87' lang='lat' dir='ltr'>dicatur</span> <span class='ocrx_word' id='word_1_583' title='bbox 3640 3342 3813 3399; x_wconf 88' lang='lat' dir='ltr'>aDeo</span> 
     </span>
    </p>
   </div>
   <div class='ocr_carea' id='block_1_80' title="bbox 2162 3431 3817 3505">
    <p class='ocr_par' dir='ltr' id='par_1_80' title="bbox 2162 3431 3817 3505">
     <span class='ocr_line' id='line_1_80' title="bbox 2162 3431 3817 3505; baseline 0.001 -17"><span class='ocrx_word' id='word_1_584' title='bbox 2162 3431 2472 3489; x_wconf 88' lang='lat' dir='ltr'>excitatus.</span> <span class='ocrx_word' id='word_1_585' title='bbox 2533 3432 2837 3505; x_wconf 90' lang='lat' dir='ltr'>Siquidem</span> <span class='ocrx_word' id='word_1_586' title='bbox 2891 3433 3060 3489; x_wconf 79' lang='lat' dir='ltr'>lesus</span> <span class='ocrx_word' id='word_1_587' title='bbox 3117 3448 3239 3489; x_wconf 91' lang='lat' dir='ltr'>non</span> <span class='ocrx_word' id='word_1_588' title='bbox 3286 3431 3440 3487; x_wconf 92' lang='lat' dir='ltr'>alius</span> <span class='ocrx_word' id='word_1_589' title='bbox 3484 3437 3576 3487; x_wconf 87' lang='lat' dir='ltr'>est</span> <span class='ocrx_word' id='word_1_590' title='bbox 3636 3446 3817 3504; x_wconf 87' lang='lat' dir='ltr'>quam</span> 
     </span>
    </p>
   </div>
   <div class='ocr_carea' id='block_1_81' title="bbox 2162 3521 3816 3594">
    <p class='ocr_par' dir='ltr' id='par_1_81' title="bbox 2162 3521 3816 3594">
     <span class='ocr_line' id='line_1_81' title="bbox 2162 3521 3816 3594; baseline 0 -17"><span class='ocrx_word' id='word_1_591' title='bbox 2162 3522 2420 3578; x_wconf 84' lang='lat' dir='ltr'>Verbum</span> <span class='ocrx_word' id='word_1_592' title='bbox 2450 3522 2828 3578; x_wconf 87' lang='lat' dir='ltr'>incarnatum</span> <span class='ocrx_word' id='word_1_593' title='bbox 2861 3538 2874 3577; x_wconf 89' lang='lat'>:</span> <span class='ocrx_word' id='word_1_594' title='bbox 2903 3522 3017 3578; x_wconf 91' lang='lat' dir='ltr'>hoc</span> <span class='ocrx_word' id='word_1_595' title='bbox 3047 3527 3246 3578; x_wconf 91' lang='lat' dir='ltr'>autem</span> <span class='ocrx_word' id='word_1_596' title='bbox 3288 3528 3378 3577; x_wconf 91' lang='lat' dir='ltr'>est</span> <span class='ocrx_word' id='word_1_597' title='bbox 3408 3521 3673 3594; x_wconf 89' lang='lat' dir='ltr'>potentia</span> <span class='ocrx_word' id='word_1_598' title='bbox 3702 3523 3816 3577; x_wconf 92' lang='lat' dir='ltr'>Pa-</span> 
     </span>
    </p>
   </div>
   <div class='ocr_carea' id='block_1_82' title="bbox 2161 3610 3814 3685">
    <p class='ocr_par' dir='ltr' id='par_1_82' title="bbox 2161 3610 3814 3685">
     <span class='ocr_line' id='line_1_82' title="bbox 2161 3610 3814 3685; baseline 0.001 -17"><span class='ocrx_word' id='word_1_599' title='bbox 2161 3613 2292 3671; x_wconf 90' lang='lat' dir='ltr'>tris.</span> <span class='ocrx_word' id='word_1_600' title='bbox 2320 3629 2426 3685; x_wconf 88' lang='lat' dir='ltr'>per</span> <span class='ocrx_word' id='word_1_601' title='bbox 2464 3612 2622 3685; x_wconf 90' lang='lat' dir='ltr'>quod</span> <span class='ocrx_word' id='word_1_602' title='bbox 2653 3613 2857 3669; x_wconf 89' lang='lat' dir='ltr'>omnia</span> <span class='ocrx_word' id='word_1_603' title='bbox 2886 3612 3041 3668; x_wconf 83' lang='lat' dir='ltr'>facta</span> <span class='ocrx_word' id='word_1_604' title='bbox 3071 3618 3247 3669; x_wconf 88' lang='lat' dir='ltr'>sunt:</span> <span class='ocrx_word' id='word_1_605' title='bbox 3293 3611 3622 3669; x_wconf 88' lang='lat' dir='ltr'>secundum</span> <span class='ocrx_word' id='word_1_606' title='bbox 3654 3610 3814 3684; x_wconf 88' lang='lat' dir='ltr'>quod</span> 
     </span>
    </p>
   </div>
   <div class='ocr_carea' id='block_1_83' title="bbox 2163 3703 3810 3778">
    <p class='ocr_par' dir='ltr' id='par_1_83' title="bbox 2163 3703 3810 3778">
     <span class='ocr_line' id='line_1_83' title="bbox 2163 3703 3810 3778; baseline 0.001 -19"><span class='ocrx_word' id='word_1_607' title='bbox 2163 3704 2430 3759; x_wconf 84' lang='lat' dir='ltr'>Christus</span> <span class='ocrx_word' id='word_1_608' title='bbox 2459 3704 2675 3775; x_wconf 90' lang='lat' dir='ltr'>quiDei</span> <span class='ocrx_word' id='word_1_609' title='bbox 2694 3703 2958 3778; x_wconf 89' lang='lat' dir='ltr'>potentia</span> <span class='ocrx_word' id='word_1_610' title='bbox 2984 3704 3214 3776; x_wconf 89' lang='lat' dir='ltr'>estipse</span> <span class='ocrx_word' id='word_1_611' title='bbox 3228 3704 3492 3776; x_wconf 88' lang='lat' dir='ltr'>seipsum</span> <span class='ocrx_word' id='word_1_612' title='bbox 3520 3704 3810 3760; x_wconf 85' lang='lat' dir='ltr'>excitasse</span> 
     </span>
    </p>
   </div>
   <div class='ocr_carea' id='block_1_84' title="bbox 2163 3792 3814 3864">
    <p class='ocr_par' dir='ltr' id='par_1_84' title="bbox 2163 3792 3814 3864">
     <span class='ocr_line' id='line_1_84' title="bbox 2163 3792 3814 3864; baseline 0 -17"><span class='ocrx_word' id='word_1_613' title='bbox 2163 3793 2537 3864; x_wconf 77' lang='lat' dir='ltr'>intelligitur.</span> <span class='ocrx_word' id='word_1_614' title='bbox 2575 3798 2639 3847; x_wconf 72' lang='lat' dir='ltr'>Et</span> <span class='ocrx_word' id='word_1_615' title='bbox 2670 3792 2912 3863; x_wconf 90' lang='lat' dir='ltr'>quidem</span> <span class='ocrx_word' id='word_1_616' title='bbox 2944 3792 2993 3847; x_wconf 91' lang='lat' dir='ltr'>is</span> <span class='ocrx_word' id='word_1_617' title='bbox 3024 3792 3242 3848; x_wconf 90' lang='lat' dir='ltr'>dicitur</span> <span class='ocrx_word' id='word_1_618' title='bbox 3298 3792 3586 3848; x_wconf 86' lang='lat' dir='ltr'>excitatus</span> <span class='ocrx_word' id='word_1_619' title='bbox 3619 3808 3747 3848; x_wconf 90' lang='lat' dir='ltr'>esse</span> <span class='ocrx_word' id='word_1_620' title='bbox 3780 3809 3814 3848; x_wconf 88' lang='lat' dir='ltr'>a</span> 
     </span>
    </p>
   </div>
   <div class='ocr_carea' id='block_1_85' title="bbox 2162 3880 3825 3953">
    <p class='ocr_par' dir='ltr' id='par_1_85' title="bbox 2162 3880 3825 3953">
     <span class='ocr_line' id='line_1_85' title="bbox 2162 3880 3825 3953; baseline -0.001 -16"><span class='ocrx_word' id='word_1_621' title='bbox 2162 3884 2355 3947; x_wconf 87' lang='lat' dir='ltr'>Patre,</span> <span class='ocrx_word' id='word_1_622' title='bbox 2381 3882 2454 3937; x_wconf 89' lang='lat' dir='ltr'>ad</span> <span class='ocrx_word' id='word_1_623' title='bbox 2479 3898 2655 3953; x_wconf 90' lang='lat' dir='ltr'>quem</span> <span class='ocrx_word' id='word_1_624' title='bbox 2678 3888 2743 3936; x_wconf 93' lang='lat' dir='ltr'>ut</span> <span class='ocrx_word' id='word_1_625' title='bbox 2760 3880 2835 3936; x_wconf 87' lang='lat' dir='ltr'>ad</span> <span class='ocrx_word' id='word_1_626' title='bbox 2854 3881 3213 3953; x_wconf 85' lang='lat' dir='ltr'>principium</span> <span class='ocrx_word' id='word_1_627' title='bbox 3232 3898 3591 3952; x_wconf 88' lang='lat' dir='ltr'>causamque</span> <span class='ocrx_word' id='word_1_628' title='bbox 3610 3882 3825 3936; x_wconf 87' lang='lat' dir='ltr'>intem-</span> 
     </span>
    </p>
   </div>
   <div class='ocr_carea' id='block_1_86' title="bbox 2164 3969 3823 4045">
    <p class='ocr_par' dir='ltr' id='par_1_86' title="bbox 2164 3969 3823 4045">
     <span class='ocr_line' id='line_1_86' title="bbox 2164 3969 3823 4045; baseline 0 -19"><span class='ocrx_word' id='word_1_629' title='bbox 2164 3971 2432 4045; x_wconf 90' lang='lat' dir='ltr'>poralem</span> <span class='ocrx_word' id='word_1_630' title='bbox 2465 3971 2666 4027; x_wconf 87' lang='lat' dir='ltr'>omnia</span> <span class='ocrx_word' id='word_1_631' title='bbox 2697 3971 3074 4026; x_wconf 83' lang='lat' dir='ltr'>referuntur:</span> <span class='ocrx_word' id='word_1_632' title='bbox 3109 3969 3393 4041; x_wconf 89' lang='lat' dir='ltr'>quoniam</span> <span class='ocrx_word' id='word_1_633' title='bbox 3424 3970 3552 4042; x_wconf 89' lang='lat' dir='ltr'>ipse</span> <span class='ocrx_word' id='word_1_634' title='bbox 3583 3986 3823 4041; x_wconf 89' lang='lat' dir='ltr'>quoque</span> 
     </span>
    </p>
   </div>
   <div class='ocr_carea' id='block_1_87' title="bbox 2167 4059 3823 4134">
    <p class='ocr_par' dir='ltr' id='par_1_87' title="bbox 2167 4059 3823 4134">
     <span class='ocr_line' id='line_1_87' title="bbox 2167 4059 3823 4134; baseline -0.001 -16"><span class='ocrx_word' id='word_1_635' title='bbox 2167 4062 2288 4118; x_wconf 87' lang='lat' dir='ltr'>ait:</span> <span class='ocrx_word' id='word_1_636' title='bbox 2322 4086 2348 4113; x_wconf 87' lang='grc'>‹‹</span> <span class='ocrx_word' id='word_1_637' title='bbox 2382 4061 2597 4117; x_wconf 87' lang='lat' dir='ltr'>Solvite</span> <span class='ocrx_word' id='word_1_638' title='bbox 2637 4061 2928 4134; x_wconf 92' lang='lat' dir='ltr'>templum</span> <span class='ocrx_word' id='word_1_639' title='bbox 2960 4062 3092 4129; x_wconf 89' lang='lat' dir='ltr'>hoc,</span> <span class='ocrx_word' id='word_1_640' title='bbox 3127 4066 3184 4116; x_wconf 90' lang='lat' dir='ltr'>et</span> <span class='ocrx_word' id='word_1_641' title='bbox 3236 4061 3300 4116; x_wconf 90' lang='lat' dir='ltr'>in</span> <span class='ocrx_word' id='word_1_642' title='bbox 3360 4061 3553 4117; x_wconf 89' lang='lat' dir='ltr'>tribus</span> <span class='ocrx_word' id='word_1_643' title='bbox 3609 4059 3823 4117; x_wconf 89' lang='lat' dir='ltr'>diebus</span> 
     </span>
    </p>
   </div>
   <div class='ocr_carea' id='block_1_88' title="bbox 2171 4150 2760 4209">
    <p class='ocr_par' dir='ltr' id='par_1_88' title="bbox 2171 4150 2760 4209">
     <span class='ocr_line' id='line_1_88' title="bbox 2171 4150 2760 4209; baseline -0.012 -1"><span class='ocrx_word' id='word_1_644' title='bbox 2171 4151 2442 4209; x_wconf 83' lang='lat' dir='ltr'>excitabo</span> <span class='ocrx_word' id='word_1_645' title='bbox 2474 4151 2623 4208; x_wconf 90' lang='lat' dir='ltr'>illud</span> <span class='ocrx_word' id='word_1_646' title='bbox 2652 4150 2695 4207; x_wconf 73' lang='grc' dir='ltr'>θ.</span> <span class='ocrx_word' id='word_1_647' title='bbox 2732 4174 2760 4201; x_wconf 87' lang='grc'><strong>››</strong></span> 
     </span>
    </p>
   </div>
   <div class='ocr_carea' id='block_1_89' title="bbox 2237 4238 3828 4312">
    <p class='ocr_par' dir='ltr' id='par_1_89' title="bbox 2237 4238 3828 4312">
     <span class='ocr_line' id='line_1_89' title="bbox 2237 4238 3828 4312; baseline 0.001 -20"><span class='ocrx_word' id='word_1_648' title='bbox 2237 4264 2265 4292; x_wconf 81' lang='grc' dir='ltr'>κ</span> <span class='ocrx_word' id='word_1_649' title='bbox 2292 4243 2663 4297; x_wconf 82' lang='lat' dir='ltr'>Besuscitato</span> <span class='ocrx_word' id='word_1_650' title='bbox 2694 4241 2832 4297; x_wconf 86' lang='lat' dir='ltr'>Jesu</span> <span class='ocrx_word' id='word_1_651' title='bbox 2855 4240 3008 4296; x_wconf 91' lang='lat' dir='ltr'>sicut</span> <span class='ocrx_word' id='word_1_652' title='bbox 3034 4240 3095 4295; x_wconf 94' lang='lat' dir='ltr'>in</span> <span class='ocrx_word' id='word_1_653' title='bbox 3128 4239 3365 4296; x_wconf 88' lang='lat' dir='ltr'>Psalmo</span> <span class='ocrx_word' id='word_1_654' title='bbox 3423 4239 3619 4312; x_wconf 92' lang='lat' dir='ltr'>primo</span> <span class='ocrx_word' id='word_1_655' title='bbox 3684 4238 3828 4295; x_wconf 86' lang='lat' dir='ltr'>scri-</span> 
     </span>
    </p>
   </div>
   <div class='ocr_carea' id='block_1_90' title="bbox 2164 4328 3826 4402">
    <p class='ocr_par' dir='ltr' id='par_1_90' title="bbox 2164 4328 3826 4402">
     <span class='ocr_line' id='line_1_90' title="bbox 2164 4328 3826 4402; baseline 0.003 -24"><span class='ocrx_word' id='word_1_656' title='bbox 2164 4350 2193 4379; x_wconf 85' lang='lat'><strong>«</strong></span> <span class='ocrx_word' id='word_1_657' title='bbox 2227 4333 2397 4400; x_wconf 86' lang='lat' dir='ltr'>ptum</span> <span class='ocrx_word' id='word_1_658' title='bbox 2443 4335 2568 4385; x_wconf 91' lang='lat' dir='ltr'>est:</span> <span class='ocrx_word' id='word_1_659' title='bbox 2625 4328 2807 4384; x_wconf 85' lang='lat' dir='ltr'>Filius</span> <span class='ocrx_word' id='word_1_660' title='bbox 2857 4345 3028 4385; x_wconf 91' lang='lat' dir='ltr'>meus</span> <span class='ocrx_word' id='word_1_661' title='bbox 3058 4343 3120 4384; x_wconf 92' lang='lat' dir='ltr'>es</span> <span class='ocrx_word' id='word_1_662' title='bbox 3147 4332 3234 4398; x_wconf 87' lang='lat' dir='ltr'>tu,</span> <span class='ocrx_word' id='word_1_663' title='bbox 3284 4345 3389 4401; x_wconf 88' lang='lat' dir='ltr'>ego</span> <span class='ocrx_word' id='word_1_664' title='bbox 3437 4328 3618 4385; x_wconf 90' lang='lat' dir='ltr'>hodie</span> <span class='ocrx_word' id='word_1_665' title='bbox 3646 4328 3826 4402; x_wconf 84' lang='lat' dir='ltr'>genui</span> 
     </span>
    </p>
   </div>
   <div class='ocr_carea' id='block_1_91' title="bbox 2167 4425 2305 4475">
    <p class='ocr_par' dir='ltr' id='par_1_91' title="bbox 2167 4425 2305 4475">
     <span class='ocr_line' id='line_1_91' title="bbox 2167 4425 2305 4475; baseline 0.014 -2"><span class='ocrx_word' id='word_1_666' title='bbox 2167 4425 2244 4475; x_wconf 91' lang='lat' dir='ltr'>te.</span> <span class='ocrx_word' id='word_1_667' title='bbox 2284 4441 2305 4468; x_wconf 76' lang='grc' dir='ltr'>ι</span> 
     </span>
    </p>
   </div>
   <div class='ocr_carea' id='block_1_92' title="bbox 2234 4508 3827 4579">
    <p class='ocr_par' dir='ltr' id='par_1_92' title="bbox 2234 4508 3827 4579">
     <span class='ocr_line' id='line_1_92' title="bbox 2234 4508 3827 4579; baseline 0 -14"><span class='ocrx_word' id='word_1_668' title='bbox 2234 4509 2525 4575; x_wconf 87' lang='lat' dir='ltr'>Quoniam</span> <span class='ocrx_word' id='word_1_669' title='bbox 2559 4526 2780 4566; x_wconf 89' lang='lat' dir='ltr'>nomen</span> <span class='ocrx_word' id='word_1_670' title='bbox 2803 4511 2957 4566; x_wconf 84' lang='lat' dir='ltr'>Jesus</span> <span class='ocrx_word' id='word_1_671' title='bbox 2987 4510 3264 4567; x_wconf 91' lang='lat' dir='ltr'>nonnulli</span> <span class='ocrx_word' id='word_1_672' title='bbox 3297 4509 3370 4566; x_wconf 90' lang='lat' dir='ltr'>de</span> <span class='ocrx_word' id='word_1_673' title='bbox 3399 4509 3648 4566; x_wconf 90' lang='lat' dir='ltr'>homine</span> <span class='ocrx_word' id='word_1_674' title='bbox 3669 4508 3827 4579; x_wconf 83' lang='lat' dir='ltr'>male</span> 
     </span>
    </p>
   </div>
   <div class='ocr_carea' id='block_1_93' title="bbox 380 4588 2056 4673">
    <p class='ocr_par' dir='ltr' id='par_1_93' title="bbox 380 4588 2056 4673">
     <span class='ocr_line' id='line_1_93' title="bbox 380 4588 2056 4673; baseline 0.006 -27"><span class='ocrx_word' id='word_1_675' title='bbox 380 4598 498 4655; x_wconf 77' lang='grc' dir='ltr'>κῶς</span> <span class='ocrx_word' id='word_1_676' title='bbox 529 4588 950 4667; x_wconf 74' lang='grc' dir='ltr'>ἐκλαμϐάνουσί</span> <span class='ocrx_word' id='word_1_677' title='bbox 986 4617 1148 4669; x_wconf 85' lang='grc' dir='ltr'>τινες,</span> <span class='ocrx_word' id='word_1_678' title='bbox 1202 4597 1293 4652; x_wconf 85' lang='grc' dir='ltr'>καὶ</span> <span class='ocrx_word' id='word_1_679' title='bbox 1352 4593 1648 4673; x_wconf 79' lang='grc' dir='ltr'>προλαϐὼν</span> <span class='ocrx_word' id='word_1_680' title='bbox 1683 4599 1822 4673; x_wconf 75' lang='grc' dir='ltr'>εἶπε,</span> <span class='ocrx_word' id='word_1_681' title='bbox 1882 4602 2056 4656; x_wconf 83' lang='grc' dir='ltr'>τεθεῖ-</span> 
     </span>
    </p>
   </div>
   <div class='ocr_carea' id='block_1_94' title="bbox 2174 4588 3827 4673">
    <p class='ocr_par' dir='ltr' id='par_1_94' title="bbox 2174 4598 3827 4673">
     <span class='ocr_line' id='line_1_94' title="bbox 2174 4598 3827 4673; baseline 0 -18"><span class='ocrx_word' id='word_1_682' title='bbox 2174 4599 2485 4671; x_wconf 72' lang='lat' dir='ltr'>accipiunt,</span> <span class='ocrx_word' id='word_1_683' title='bbox 2518 4604 2577 4655; x_wconf 88' lang='lat' dir='ltr'>et</span> <span class='ocrx_word' id='word_1_684' title='bbox 2606 4600 2975 4672; x_wconf 69' lang='lat' dir='ltr'>praemiserat</span> <span class='ocrx_word' id='word_1_685' title='bbox 3006 4599 3167 4672; x_wconf 90' lang='lat' dir='ltr'>quod</span> <span class='ocrx_word' id='word_1_686' title='bbox 3206 4599 3520 4673; x_wconf 90' lang='lat' dir='ltr'>posueridt</span> <span class='ocrx_word' id='word_1_687' title='bbox 3570 4598 3827 4655; x_wconf 86' lang='lat' dir='ltr'>Verbum</span> 
     </span>
    </p>
   </div>
   <div class='ocr_carea' id='block_1_95' title="bbox 380 4683 2055 4767">
    <p class='ocr_par' dir='ltr' id='par_1_95' title="bbox 380 4683 2055 4767">
     <span class='ocr_line' id='line_1_95' title="bbox 380 4683 2055 4767; baseline 0.005 -30"><span class='ocrx_word' id='word_1_688' title='bbox 380 4694 509 4747; x_wconf 70' lang='grc' dir='ltr'>σθαι</span> <span class='ocrx_word' id='word_1_689' title='bbox 540 4683 640 4738; x_wconf 72' lang='grc' dir='ltr'>τὸν</span> <span class='ocrx_word' id='word_1_690' title='bbox 703 4684 877 4760; x_wconf 79' lang='grc' dir='ltr'>Λόγον</span> <span class='ocrx_word' id='word_1_691' title='bbox 936 4684 987 4740; x_wconf 72' lang='grc' dir='ltr'>ἐν</span> <span class='ocrx_word' id='word_1_692' title='bbox 1041 4686 1320 4762; x_wconf 75' lang='grc' dir='ltr'>μνημείῳ,</span> <span class='ocrx_word' id='word_1_693' title='bbox 1376 4688 1463 4743; x_wconf 76' lang='grc' dir='ltr'>ἳνα</span> <span class='ocrx_word' id='word_1_694' title='bbox 1516 4690 1593 4763; x_wconf 84' lang='grc' dir='ltr'>μή</span> <span class='ocrx_word' id='word_1_695' title='bbox 1650 4711 1736 4751; x_wconf 88' lang='grc' dir='ltr'>τις</span> <span class='ocrx_word' id='word_1_696' title='bbox 1797 4684 2055 4767; x_wconf 71' lang='grc' dir='ltr'>ὑπολάϐῃ</span> 
     </span>
    </p>
   </div>
   <div class='ocr_carea' id='block_1_96' title="bbox 380 4770 2058 4856">
    <p class='ocr_par' dir='ltr' id='par_1_96' title="bbox 380 4770 2058 4856">
     <span class='ocr_line' id='line_1_96' title="bbox 380 4770 2058 4856; baseline 0.003 -29"><span class='ocrx_word' id='word_1_697' title='bbox 380 4771 629 4848; x_wconf 63' lang='grc' dir='ltr'>ἔπαρχον</span> <span class='ocrx_word' id='word_1_698' title='bbox 694 4772 853 4828; x_wconf 70' lang='grc' dir='ltr'>αὑτὸν</span> <span class='ocrx_word' id='word_1_699' title='bbox 914 4770 1187 4852; x_wconf 77' lang='grc' dir='ltr'>εἰρηκέναι</span> <span class='ocrx_word' id='word_1_700' title='bbox 1270 4777 1363 4833; x_wconf 89' lang='grc' dir='ltr'>τὸν</span> <span class='ocrx_word' id='word_1_701' title='bbox 1419 4776 1623 4856; x_wconf 86' lang='grc' dir='ltr'>Λόγον,</span> <span class='ocrx_word' id='word_1_702' title='bbox 1674 4777 1840 4834; x_wconf 75' lang='grc' dir='ltr'>πάλιν</span> <span class='ocrx_word' id='word_1_703' title='bbox 1898 4778 2058 4835; x_wconf 76' lang='grc' dir='ltr'>αὐτὸν</span> 
     </span>
    </p>
   </div>
   <div class='ocr_carea' id='block_1_97' title="bbox 383 4860 2059 4943">
    <p class='ocr_par' dir='ltr' id='par_1_97' title="bbox 383 4860 2059 4943">
     <span class='ocr_line' id='line_1_97' title="bbox 383 4860 2059 4943; baseline 0.007 -29"><span class='ocrx_word' id='word_1_704' title='bbox 383 4861 612 4932; x_wconf 73' lang='grc' dir='ltr'>Ἰησοῦν</span> <span class='ocrx_word' id='word_1_705' title='bbox 644 4866 829 4929; x_wconf 79' lang='grc' dir='ltr'>καλεῖ,</span> <span class='ocrx_word' id='word_1_706' title='bbox 863 4860 1109 4937; x_wconf 73' lang='grc' dir='ltr'>οὐδαμοῦ</span> <span class='ocrx_word' id='word_1_707' title='bbox 1148 4862 1408 4939; x_wconf 77' lang='grc' dir='ltr'>διαίρεσιν</span> <span class='ocrx_word' id='word_1_708' title='bbox 1467 4862 1653 4929; x_wconf 76' lang='grc' dir='ltr'>διδοὺς</span> <span class='ocrx_word' id='word_1_709' title='bbox 1710 4871 1788 4940; x_wconf 78' lang='grc' dir='ltr'>τῷ</span> <span class='ocrx_word' id='word_1_710' title='bbox 1845 4889 2059 4943; x_wconf 85' lang='grc' dir='ltr'>σαρκω-</span> 
     </span>
    </p>
   </div>
   <div class='ocr_carea' id='block_1_98' title="bbox 388 4951 2061 5034">
    <p class='ocr_par' dir='ltr' id='par_1_98' title="bbox 388 4951 2061 5034">
     <span class='ocr_line' id='line_1_98' title="bbox 388 4951 2061 5034; baseline 0.004 -27"><span class='ocrx_word' id='word_1_711' title='bbox 388 4954 533 5015; x_wconf 77' lang='grc' dir='ltr'>θέντι</span> <span class='ocrx_word' id='word_1_712' title='bbox 580 4952 747 5028; x_wconf 77' lang='grc' dir='ltr'>Λόγῳ</span> <span class='ocrx_word' id='word_1_713' title='bbox 780 4953 919 5026; x_wconf 80' lang='grc' dir='ltr'>μετᾶ</span> <span class='ocrx_word' id='word_1_714' title='bbox 944 4955 1047 5024; x_wconf 78' lang='grc' dir='ltr'>τήν</span> <span class='ocrx_word' id='word_1_715' title='bbox 1084 4951 1297 5024; x_wconf 72' lang='grc' dir='ltr'>ἕνωσιν,</span> <span class='ocrx_word' id='word_1_716' title='bbox 1349 4961 1636 5034; x_wconf 81' lang='grc' dir='ltr'>πανταχοῦ</span> <span class='ocrx_word' id='word_1_717' title='bbox 1684 4960 1793 5012; x_wconf 81' lang='grc' dir='ltr'>τῶν</span> <span class='ocrx_word' id='word_1_718' title='bbox 1852 4953 2061 5014; x_wconf 76' lang='grc' dir='ltr'>ἀσεϐῶν</span> 
     </span>
    </p>
   </div>
   <div class='ocr_carea' id='block_1_99' title="bbox 388 5042 2061 5121">
    <p class='ocr_par' dir='ltr' id='par_1_99' title="bbox 388 5042 2061 5121">
     <span class='ocr_line' id='line_1_99' title="bbox 388 5042 2061 5121; baseline 0.004 -24"><span class='ocrx_word' id='word_1_719' title='bbox 388 5042 706 5121; x_wconf 70' lang='grc' dir='ltr'>ἔμφραττον</span> <span class='ocrx_word' id='word_1_720' title='bbox 744 5044 815 5099; x_wconf 74' lang='grc' dir='ltr'>τὰ</span> <span class='ocrx_word' id='word_1_721' title='bbox 864 5042 1131 5119; x_wconf 74' lang='grc' dir='ltr'>στόματα.</span> <span class='ocrx_word' id='word_1_722' title='bbox 1184 5070 1211 5098; x_wconf 87' lang='grc'><strong>‹‹</strong></span> <span class='ocrx_word' id='word_1_723' title='bbox 1245 5046 1371 5109; x_wconf 76' lang='grc' dir='ltr'>Υἱός</span> <span class='ocrx_word' id='word_1_724' title='bbox 1431 5068 1536 5121; x_wconf 87' lang='grc' dir='ltr'>μου</span> <span class='ocrx_word' id='word_1_725' title='bbox 1595 5049 1647 5103; x_wconf 83' lang='grc' dir='ltr'>εἴ</span> <span class='ocrx_word' id='word_1_726' title='bbox 1702 5049 1787 5107; x_wconf 75' lang='grc' dir='ltr'>σὺ.</span> <span class='ocrx_word' id='word_1_727' title='bbox 1828 5053 2061 5104; x_wconf 81' lang='grc' dir='ltr'>»Ταῦτα</span> 
     </span>
    </p>
   </div>
   <div class='ocr_carea' id='block_1_100' title="bbox 387 5133 2059 5215">
    <p class='ocr_par' dir='ltr' id='par_1_100' title="bbox 387 5133 2059 5215">
     <span class='ocr_line' id='line_1_100' title="bbox 387 5133 2059 5215; baseline 0.003 -26"><span class='ocrx_word' id='word_1_728' title='bbox 387 5133 570 5191; x_wconf 60' lang='lat' dir='ltr'>iure?»</span> <span class='ocrx_word' id='word_1_729' title='bbox 594 5133 824 5210; x_wconf 81' lang='grc' dir='ltr'>καλμοῦ</span> <span class='ocrx_word' id='word_1_730' title='bbox 888 5138 961 5209; x_wconf 80' lang='grc' dir='ltr'>τῇ</span> <span class='ocrx_word' id='word_1_731' title='bbox 1026 5133 1433 5211; x_wconf 69' lang='grc' dir='ltr'>ἑνανθρωπησει</span> <span class='ocrx_word' id='word_1_732' title='bbox 1485 5142 1583 5193; x_wconf 86' lang='grc' dir='ltr'>τοῦ</span> <span class='ocrx_word' id='word_1_733' title='bbox 1638 5138 1876 5212; x_wconf 85' lang='grc' dir='ltr'>Χριστοῦ</span> <span class='ocrx_word' id='word_1_734' title='bbox 1930 5137 2059 5215; x_wconf 79' lang='grc' dir='ltr'>πρὲ-</span> 
     </span>
    </p>
   </div>
   <div class='ocr_carea' id='block_1_101' title="bbox 388 5223 2058 5307">
    <p class='ocr_par' dir='ltr' id='par_1_101' title="bbox 388 5223 2058 5307">
     <span class='ocr_line' id='line_1_101' title="bbox 388 5223 2058 5307; baseline 0.004 -29"><span class='ocrx_word' id='word_1_735' title='bbox 388 5245 469 5280; x_wconf 76' lang='grc' dir='ltr'>πει</span> <span class='ocrx_word' id='word_1_736' title='bbox 499 5227 566 5283; x_wconf 70' lang='grc' dir='ltr'>τοὶ</span> <span class='ocrx_word' id='word_1_737' title='bbox 594 5229 853 5307; x_wconf 70' lang='grc' dir='ltr'>ρῆματα,</span> <span class='ocrx_word' id='word_1_738' title='bbox 888 5223 1019 5294; x_wconf 79' lang='grc' dir='ltr'>ἥτις</span> <span class='ocrx_word' id='word_1_739' title='bbox 1068 5227 1336 5303; x_wconf 73' lang='grc' dir='ltr'>χρονικὴν</span> <span class='ocrx_word' id='word_1_740' title='bbox 1366 5226 1484 5303; x_wconf 80' lang='grc' dir='ltr'>εἶχε</span> <span class='ocrx_word' id='word_1_741' title='bbox 1534 5228 1633 5296; x_wconf 78' lang='grc' dir='ltr'>τήν</span> <span class='ocrx_word' id='word_1_742' title='bbox 1688 5226 2058 5303; x_wconf 72' lang='grc' dir='ltr'>ἐπιφοίτησιν.</span> 
     </span>
    </p>
   </div>
   <div class='ocr_carea' id='block_1_102' title="bbox 387 5313 2062 5398">
    <p class='ocr_par' dir='ltr' id='par_1_102' title="bbox 387 5313 2062 5398">
     <span class='ocr_line' id='line_1_102' title="bbox 387 5313 2062 5398; baseline 0.001 -24"><span class='ocrx_word' id='word_1_743' title='bbox 387 5316 455 5375; x_wconf 77' lang='grc' dir='ltr'>Τό</span> <span class='ocrx_word' id='word_1_744' title='bbox 484 5320 608 5398; x_wconf 78' lang='grc' dir='ltr'>γὰρ,</span> <span class='ocrx_word' id='word_1_745' title='bbox 668 5322 954 5395; x_wconf 74' lang='grc' dir='ltr'>Σήμερον</span> <span class='ocrx_word' id='word_1_746' title='bbox 1019 5316 1112 5370; x_wconf 86' lang='grc' dir='ltr'>καὶ</span> <span class='ocrx_word' id='word_1_747' title='bbox 1166 5313 1393 5392; x_wconf 77' lang='grc' dir='ltr'>Αὔριον,</span> <span class='ocrx_word' id='word_1_748' title='bbox 1450 5320 1674 5393; x_wconf 77' lang='grc' dir='ltr'>ἡμερῶν</span> <span class='ocrx_word' id='word_1_749' title='bbox 1730 5316 1842 5374; x_wconf 80' lang='grc' dir='ltr'>ἐστι</span> <span class='ocrx_word' id='word_1_750' title='bbox 1890 5340 2062 5396; x_wconf 84' lang='grc' dir='ltr'>παρα-</span> 
     </span>
    </p>
   </div>
   <div class='ocr_carea' id='block_1_103' title="bbox 368 5403 2054 5486">
    <p class='ocr_par' dir='ltr' id='par_1_103' title="bbox 368 5403 2054 5486">
     <span class='ocr_line' id='line_1_103' title="bbox 368 5403 2054 5486; baseline -0.004 -14"><span class='ocrx_word' id='word_1_751' title='bbox 368 5414 628 5475; x_wconf 76' lang='grc' dir='ltr'>στατικόν.</span> <span class='ocrx_word' id='word_1_752' title='bbox 666 5410 863 5474; x_wconf 81' lang='grc' dir='ltr'>Οὗτος</span> <span class='ocrx_word' id='word_1_753' title='bbox 912 5403 975 5461; x_wconf 64' lang='grc' dir='ltr'>δὲ</span> <span class='ocrx_word' id='word_1_754' title='bbox 1032 5405 1166 5469; x_wconf 80' lang='grc' dir='ltr'>καθὸ</span> <span class='ocrx_word' id='word_1_755' title='bbox 1215 5406 1417 5482; x_wconf 79' lang='grc' dir='ltr'>Λόγος,</span> <span class='ocrx_word' id='word_1_756' title='bbox 1475 5407 1732 5484; x_wconf 81' lang='grc' dir='ltr'>ἀχρόνως</span> <span class='ocrx_word' id='word_1_757' title='bbox 1780 5408 1926 5486; x_wconf 83' lang='grc' dir='ltr'>παρὰ</span> <span class='ocrx_word' id='word_1_758' title='bbox 1956 5414 2054 5467; x_wconf 87' lang='grc' dir='ltr'>τοῦ</span> 
     </span>
    </p>
   </div>
   <div class='ocr_carea' id='block_1_104' title="bbox 353 5507 891 5590">
    <p class='ocr_par' dir='ltr' id='par_1_104' title="bbox 353 5507 891 5590">
     <span class='ocr_line' id='line_1_104' title="bbox 353 5507 891 5590; baseline -0.004 -25"><span class='ocrx_word' id='word_1_759' title='bbox 353 5507 557 5590; x_wconf 77' lang='grc' dir='ltr'>Πατρός</span> <span class='ocrx_word' id='word_1_760' title='bbox 585 5508 891 5568; x_wconf 80' lang='grc' dir='ltr'>τίκτεται-</span> 
     </span>
    </p>
   </div>
   <div class='ocr_carea' id='block_1_105' title="bbox 385 5688 877 5768">
    <p class='ocr_par' dir='ltr' id='par_1_105' title="bbox 385 5688 877 5768">
     <span class='ocr_line' id='line_1_105' title="bbox 385 5688 877 5768; baseline -0.03 0"><span class='ocrx_word' id='word_1_761' title='bbox 385 5707 408 5749; x_wconf 81' lang='grc'><strong><em>⁸</em></strong></span> <span class='ocrx_word' id='word_1_762' title='bbox 428 5706 617 5768; x_wconf 77' lang='lat' dir='ltr'>Ioan.</span> <span class='ocrx_word' id='word_1_763' title='bbox 645 5711 722 5766; x_wconf 77' lang='grc' dir='ltr'>ιι,</span> <span class='ocrx_word' id='word_1_764' title='bbox 765 5688 877 5748; x_wconf 73' lang='grc'>19-</span> 
     </span>
    </p>
   </div>
   <div class='ocr_carea' id='block_1_106' title="bbox 2171 4688 3826 4762">
    <p class='ocr_par' dir='ltr' id='par_1_106' title="bbox 2171 4688 3826 4762">
     <span class='ocr_line' id='line_1_106' title="bbox 2171 4688 3826 4762; baseline 0.001 -18"><span class='ocrx_word' id='word_1_765' title='bbox 2171 4688 2233 4744; x_wconf 87' lang='lat' dir='ltr'>in</span> <span class='ocrx_word' id='word_1_766' title='bbox 2263 4695 2674 4757; x_wconf 88' lang='lat' dir='ltr'>monumento,</span> <span class='ocrx_word' id='word_1_767' title='bbox 2706 4706 2946 4745; x_wconf 90' lang='lat' dir='ltr'>rursum</span> <span class='ocrx_word' id='word_1_768' title='bbox 3001 4706 3075 4745; x_wconf 92' lang='lat' dir='ltr'>ne</span> <span class='ocrx_word' id='word_1_769' title='bbox 3107 4690 3242 4762; x_wconf 92' lang='lat' dir='ltr'>quis</span> <span class='ocrx_word' id='word_1_770' title='bbox 3301 4690 3636 4762; x_wconf 87' lang='lat' dir='ltr'>suspicetur</span> <span class='ocrx_word' id='word_1_771' title='bbox 3670 4690 3826 4745; x_wconf 76' lang='grc'><strong>114</strong></span> 
     </span>
    </p>
   </div>
   <div class='ocr_carea' id='block_1_107' title="bbox 2170 4777 3827 4850">
    <p class='ocr_par' dir='ltr' id='par_1_107' title="bbox 2170 4777 3827 4850">
     <span class='ocr_line' id='line_1_107' title="bbox 2170 4777 3827 4850; baseline 0 -17"><span class='ocrx_word' id='word_1_772' title='bbox 2170 4777 2368 4849; x_wconf 91' lang='lat' dir='ltr'>ipsum</span> <span class='ocrx_word' id='word_1_773' title='bbox 2392 4777 2610 4833; x_wconf 83' lang='lat' dir='ltr'>dixisse</span> <span class='ocrx_word' id='word_1_774' title='bbox 2643 4777 2901 4833; x_wconf 90' lang='lat' dir='ltr'>Verbum</span> <span class='ocrx_word' id='word_1_775' title='bbox 2927 4778 3056 4834; x_wconf 91' lang='lat' dir='ltr'>sine</span> <span class='ocrx_word' id='word_1_776' title='bbox 3087 4795 3287 4847; x_wconf 89' lang='lat' dir='ltr'>carne,</span> <span class='ocrx_word' id='word_1_777' title='bbox 3323 4784 3491 4834; x_wconf 80' lang='lat' dir='ltr'>vocat</span> <span class='ocrx_word' id='word_1_778' title='bbox 3515 4777 3711 4850; x_wconf 92' lang='lat' dir='ltr'>ipsum</span> <span class='ocrx_word' id='word_1_779' title='bbox 3738 4777 3827 4833; x_wconf 87' lang='lat' dir='ltr'>Je-</span> 
     </span>
    </p>
   </div>
   <div class='ocr_carea' id='block_1_108' title="bbox 2172 4866 3827 4940">
    <p class='ocr_par' dir='ltr' id='par_1_108' title="bbox 2172 4866 3827 4940">
     <span class='ocr_line' id='line_1_108' title="bbox 2172 4866 3827 4940; baseline -0.001 -15"><span class='ocrx_word' id='word_1_780' title='bbox 2172 4883 2302 4925; x_wconf 90' lang='lat' dir='ltr'>sum</span> <span class='ocrx_word' id='word_1_781' title='bbox 2331 4883 2676 4938; x_wconf 88' lang='lat' dir='ltr'>:nunquam</span> <span class='ocrx_word' id='word_1_782' title='bbox 2708 4866 2898 4922; x_wconf 88' lang='lat' dir='ltr'>Verbo</span> <span class='ocrx_word' id='word_1_783' title='bbox 2937 4866 3246 4925; x_wconf 87' lang='lat' dir='ltr'>incarnato</span> <span class='ocrx_word' id='word_1_784' title='bbox 3276 4866 3600 4924; x_wconf 88' lang='lat' dir='ltr'>admittens</span> <span class='ocrx_word' id='word_1_785' title='bbox 3652 4883 3827 4940; x_wconf 89' lang='lat' dir='ltr'>sepa-</span> 
     </span>
    </p>
   </div>
   <div class='ocr_carea' id='block_1_109' title="bbox 2171 4956 3831 5030">
    <p class='ocr_par' dir='ltr' id='par_1_109' title="bbox 2171 4956 3831 5030">
     <span class='ocr_line' id='line_1_109' title="bbox 2171 4956 3831 5030; baseline -0.001 -17"><span class='ocrx_word' id='word_1_786' title='bbox 2171 4959 2467 5015; x_wconf 91' lang='lat' dir='ltr'>rationem</span> <span class='ocrx_word' id='word_1_787' title='bbox 2498 4962 2633 5030; x_wconf 88' lang='lat' dir='ltr'>post</span> <span class='ocrx_word' id='word_1_788' title='bbox 2661 4956 2880 5013; x_wconf 88' lang='lat' dir='ltr'>factam</span> <span class='ocrx_word' id='word_1_789' title='bbox 2910 4957 3100 5013; x_wconf 90' lang='lat' dir='ltr'>semel</span> <span class='ocrx_word' id='word_1_790' title='bbox 3128 4958 3437 5026; x_wconf 91' lang='lat' dir='ltr'>unionem,</span> <span class='ocrx_word' id='word_1_791' title='bbox 3469 4957 3693 5029; x_wconf 90' lang='lat' dir='ltr'>ubique</span> <span class='ocrx_word' id='word_1_792' title='bbox 3720 4957 3831 5013; x_wconf 91' lang='lat' dir='ltr'>im-</span> 
     </span>
    </p>
   </div>
   <div class='ocr_carea' id='block_1_110' title="bbox 2170 5046 3828 5121">
    <p class='ocr_par' dir='ltr' id='par_1_110' title="bbox 2170 5046 3828 5121">
     <span class='ocr_line' id='line_1_110' title="bbox 2170 5046 3828 5121; baseline 0.001 -17"><span class='ocrx_word' id='word_1_793' title='bbox 2170 5048 2407 5121; x_wconf 90' lang='lat' dir='ltr'>piorum</span> <span class='ocrx_word' id='word_1_794' title='bbox 2454 5047 2740 5103; x_wconf 91' lang='lat' dir='ltr'>obturans</span> <span class='ocrx_word' id='word_1_795' title='bbox 2770 5063 2893 5103; x_wconf 89' lang='lat' dir='ltr'>ora.</span> <span class='ocrx_word' id='word_1_796' title='bbox 2954 5067 2981 5099; x_wconf 74' lang='grc' dir='ltr'>α</span> <span class='ocrx_word' id='word_1_797' title='bbox 3011 5046 3192 5103; x_wconf 86' lang='lat' dir='ltr'>Filius</span> <span class='ocrx_word' id='word_1_798' title='bbox 3223 5063 3392 5104; x_wconf 90' lang='lat' dir='ltr'>meus</span> <span class='ocrx_word' id='word_1_799' title='bbox 3423 5065 3486 5104; x_wconf 91' lang='lat' dir='ltr'>es</span> <span class='ocrx_word' id='word_1_800' title='bbox 3530 5052 3615 5109; x_wconf 89' lang='lat' dir='ltr'>tu,</span> <span class='ocrx_word' id='word_1_801' title='bbox 3650 5046 3828 5105; x_wconf 88' lang='lat' dir='ltr'>hodie</span> 
     </span>
    </p>
   </div>
   <div class='ocr_carea' id='block_1_111' title="bbox 2170 5135 3823 5211">
    <p class='ocr_par' dir='ltr' id='par_1_111' title="bbox 2170 5135 3823 5211">
     <span class='ocr_line' id='line_1_111' title="bbox 2170 5135 3823 5211; baseline -0.002 -17"><span class='ocrx_word' id='word_1_802' title='bbox 2170 5138 2346 5211; x_wconf 90' lang='lat' dir='ltr'>genui</span> <span class='ocrx_word' id='word_1_803' title='bbox 2372 5143 2449 5193; x_wconf 92' lang='lat' dir='ltr'>te.</span> <span class='ocrx_word' id='word_1_804' title='bbox 2486 5159 2514 5187; x_wconf 84' lang='lat'>»</span> <span class='ocrx_word' id='word_1_805' title='bbox 2549 5137 2684 5193; x_wconf 69' lang='lat' dir='ltr'>Haec</span> <span class='ocrx_word' id='word_1_806' title='bbox 2713 5136 2926 5210; x_wconf 89' lang='lat' dir='ltr'>psalmi</span> <span class='ocrx_word' id='word_1_807' title='bbox 2960 5137 3137 5193; x_wconf 85' lang='lat' dir='ltr'>verba</span> <span class='ocrx_word' id='word_1_808' title='bbox 3165 5136 3383 5194; x_wconf 88' lang='lat' dir='ltr'>Christi</span> <span class='ocrx_word' id='word_1_809' title='bbox 3414 5135 3823 5194; x_wconf 88' lang='lat' dir='ltr'>incarnationi</span> 
     </span>
    </p>
   </div>
   <div class='ocr_carea' id='block_1_112' title="bbox 2171 5226 3826 5301">
    <p class='ocr_par' dir='ltr' id='par_1_112' title="bbox 2171 5226 3826 5301">
     <span class='ocr_line' id='line_1_112' title="bbox 2171 5226 3826 5301; baseline -0.001 -16"><span class='ocrx_word' id='word_1_810' title='bbox 2171 5233 2472 5301; x_wconf 88' lang='lat' dir='ltr'>aptantur,</span> <span class='ocrx_word' id='word_1_811' title='bbox 2507 5244 2638 5298; x_wconf 66' lang='lat' dir='ltr'>quae</span> <span class='ocrx_word' id='word_1_812' title='bbox 2689 5226 3081 5299; x_wconf 87' lang='lat' dir='ltr'>temporalem</span> <span class='ocrx_word' id='word_1_813' title='bbox 3130 5226 3339 5283; x_wconf 91' lang='lat' dir='ltr'>habuit</span> <span class='ocrx_word' id='word_1_814' title='bbox 3397 5227 3826 5284; x_wconf 90' lang='lat' dir='ltr'>accessionem.</span> 
     </span>
    </p>
   </div>
   <div class='ocr_carea' id='block_1_113' title="bbox 2172 5316 3829 5390">
    <p class='ocr_par' dir='ltr' id='par_1_113' title="bbox 2172 5316 3829 5390">
     <span class='ocr_line' id='line_1_113' title="bbox 2172 5316 3829 5390; baseline -0.001 -15"><span class='ocrx_word' id='word_1_815' title='bbox 2172 5317 2476 5390; x_wconf 91' lang='lat' dir='ltr'>Siquidem</span> <span class='ocrx_word' id='word_1_816' title='bbox 2530 5316 2712 5372; x_wconf 87' lang='lat' dir='ltr'>Hodie</span> <span class='ocrx_word' id='word_1_817' title='bbox 2780 5322 2837 5372; x_wconf 91' lang='lat' dir='ltr'>et</span> <span class='ocrx_word' id='word_1_818' title='bbox 2885 5317 3023 5373; x_wconf 89' lang='lat' dir='ltr'>Cras</span> <span class='ocrx_word' id='word_1_819' title='bbox 3069 5316 3303 5373; x_wconf 86' lang='lat' dir='ltr'>dierum</span> <span class='ocrx_word' id='word_1_820' title='bbox 3361 5316 3829 5374; x_wconf 85' lang='lat' dir='ltr'>demonstrativa</span> 
     </span>
    </p>
   </div>
   <div class='ocr_carea' id='block_1_114' title="bbox 2172 5407 3830 5481">
    <p class='ocr_par' dir='ltr' id='par_1_114' title="bbox 2172 5407 3830 5481">
     <span class='ocr_line' id='line_1_114' title="bbox 2172 5407 3830 5481; baseline -0.002 -14"><span class='ocrx_word' id='word_1_821' title='bbox 2172 5415 2331 5467; x_wconf 88' lang='lat' dir='ltr'>sunt.</span> <span class='ocrx_word' id='word_1_822' title='bbox 2363 5410 2545 5464; x_wconf 84' lang='lat' dir='ltr'>Porro</span> <span class='ocrx_word' id='word_1_823' title='bbox 2579 5414 2873 5479; x_wconf 88' lang='lat' dir='ltr'>quatenus</span> <span class='ocrx_word' id='word_1_824' title='bbox 2903 5408 3001 5465; x_wconf 86' lang='lat' dir='ltr'>hic</span> <span class='ocrx_word' id='word_1_825' title='bbox 3032 5414 3122 5465; x_wconf 90' lang='lat' dir='ltr'>est</span> <span class='ocrx_word' id='word_1_826' title='bbox 3153 5407 3412 5465; x_wconf 89' lang='lat' dir='ltr'>Verbum</span> <span class='ocrx_word' id='word_1_827' title='bbox 3469 5409 3830 5481; x_wconf 87' lang='lat' dir='ltr'>intempora-</span> 
     </span>
    </p>
   </div>
   <div class='ocr_carea' id='block_1_115' title="bbox 2170 5498 2953 5571">
    <p class='ocr_par' dir='ltr' id='par_1_115' title="bbox 2170 5498 2953 5571">
     <span class='ocr_line' id='line_1_115' title="bbox 2170 5498 2953 5571; baseline -0.004 -15"><span class='ocrx_word' id='word_1_828' title='bbox 2170 5498 2308 5556; x_wconf 90' lang='lat' dir='ltr'>liter</span> <span class='ocrx_word' id='word_1_829' title='bbox 2345 5515 2379 5556; x_wconf 89' lang='lat' dir='ltr'>a</span> <span class='ocrx_word' id='word_1_830' title='bbox 2408 5499 2583 5556; x_wconf 89' lang='lat' dir='ltr'>Patre</span> <span class='ocrx_word' id='word_1_831' title='bbox 2612 5503 2953 5571; x_wconf 86' lang='lat' dir='ltr'>generatur.</span> 
     </span>
    </p>
   </div>
  </div>
