4112 6438
321 363 324 366 ’
343 358 460 417 907

343 606 371 635 «
409 584 678 639 mortuis.
705 583 830 653 jam
865 600 985 638 non
1018 583 1275 654 amplius
1300 599 1668 638 reversurum
1705 582 1765 636 in
1797 598 1995 637 corru-

357 693 378 721 ι
418 670 707 742 ptionem,
769 670 852 726 ita
911 669 1106 724 dixit:
1169 670 1328 725 Dabo
1361 669 1528 724 vobis
1561 675 1766 725 sancta
1825 669 2004 725 David

345 785 372 811 κ
415 761 633 816 ﬁdelia.
670 760 806 816 Ideo
837 777 1075 832 quoque
1137 761 1254 816 alio
1315 762 1376 815 in
1436 760 1566 815 loco
1625 760 1813 814 dicit:
1873 761 1999 815 Non

343 873 371 902 «
409 850 701 906 concedes
728 857 794 905 ut
824 859 1066 906 sanctus
1099 857 1235 906 tuus
1269 850 1506 905 videbat
1535 851 2000 921 corruptionem.

343 963 371 990 ‹‹
409 940 590 995 David
677 941 974 1012 siquidem
1023 941 1122 996 ubi
1200 958 1307 996 sua
1383 945 1554 996 astate
1627 939 2002 1009 deservisset,

347 1052 375 1080 «
410 1032 666 1087 consilio
700 1033 801 1086 Dei
843 1031 1124 1087 dormivit
1181 1037 1240 1086 et
1287 1031 1594 1103 appositus
1653 1037 1744 1085 est
1797 1029 1871 1085 ad
1902 1046 2006 1102 pa-

343 1141 373 1171 «
407 1127 529 1176 tres
559 1138 699 1177 suos
730 1121 990 1191 viditque
1021 1121 1460 1192 corruptionem
1487 1136 1502 1175 :
1531 1120 1581 1174 is
1595 1126 1794 1175 autem
1827 1134 2006 1190 quem

350 1229 378 1257 «
403 1207 559 1263 Deus
591 1207 867 1263 excitavit
895 1223 1014 1262 non
1045 1207 1191 1261 vidit
1215 1207 1678 1279 corruptionem.
1716 1228 1742 1255 ››

419 1295 861 1351 Advertendum
915 1301 1007 1351 est
1088 1297 1266 1368 igitur
1337 1295 1494 1367 quod
1551 1312 1672 1350 non
1735 1298 2009 1366 oporteat

348 1387 620 1442 contiteri
653 1403 866 1458 corpus
899 1386 1220 1441 Salvatoris
1241 1403 1309 1441 ac
1333 1386 1433 1441 Dei
1467 1385 1654 1440 nostri
1685 1386 1820 1440 Jesu
1847 1384 2010 1438 Chri-

350 1478 425 1532 sti
452 1477 633 1532 fuisse
667 1478 915 1533 mortale
947 1485 1081 1549 post
1117 1478 1620 1532 resurrectionem
1666 1481 1768 1531 aut
1816 1475 2004 1546 passi-

350 1565 490 1635 bile,
525 1583 717 1637 neque
748 1573 886 1622 ante
919 1567 1420 1622 resurrectionem
1470 1564 1862 1637 impassibile.
1895 1565 2008 1618 hoc

349 1663 441 1712 est
469 1657 920 1728 incorruptibile
951 1662 1010 1712 et
1039 1657 1395 1712 immortale.
1431 1659 1575 1712 Nam
1607 1654 2010 1725 incorruptio-

352 1762 492 1802 nem
537 1747 866 1802 secundum
923 1746 983 1801 id
1039 1747 1489 1818 provenientem
1550 1745 1708 1817 quod
1765 1748 2006 1816 peccato

354 1854 476 1893 non
508 1844 599 1893 est
628 1837 974 1905 obnoxium,
1016 1837 1405 1892 manifestum
1463 1842 1553 1892 est
1583 1835 1742 1906 quod
1773 1834 1845 1889 ab
1877 1835 2006 1904 ipso
2041 1878 2087 1941 Β

355 1927 789 1983 incarnationis
821 1932 1086 1998 tempore
1119 1926 1411 1981 habuerit.

425 2021 574 2076 XIII.
606 2020 695 2085 38,
729 2021 815 2072 39.
864 2040 892 2067 ‹‹
927 2020 1138 2073 Notum
1189 2017 1368 2088 igitur
1418 2016 1577 2070 vobis
1609 2017 1704 2084 sit,
1738 2015 1846 2069 viri
1878 2012 2003 2067 fra-

356 2133 384 2161 ‹‹
418 2115 561 2176 tres,
594 2107 754 2179 quod
783 2124 888 2179 per
927 2108 1085 2162 hunc
1113 2106 1383 2161 remissio
1413 2111 1795 2177 peccatorum
1839 2101 2006 2156 vobis

357 2221 385 2247 ‹‹
418 2196 831 2266 annuntiatur,
864 2201 924 2250 et
950 2195 1022 2250 ab
1082 2194 1360 2249 omnibus
1392 2211 1426 2249 a
1456 2193 1672 2265 quibus
1730 2210 1850 2248 non
1903 2211 2007 2266 po-

353 2311 382 2339 ‹‹
418 2288 613 2343 tuistis
633 2304 741 2359 per
768 2287 959 2358 legem
993 2286 1135 2340 Mosi
1159 2285 1499 2358 justiﬂcari,
1527 2301 1632 2357 per
1663 2285 1820 2340 hunc
1845 2285 2005 2356 quis-

355 2399 383 2426 «
419 2378 553 2447 quis
585 2376 775 2431 credit
796 2375 1184 2446 justificatur.
1222 2396 1249 2422 »

351 2475 356 2506 ῖ
425 2468 616 2531 Quare
649 2466 1058 2520 testimonium
1087 2479 1207 2517 non
1239 2463 1513 2532 adjunxit
1534 2480 1650 2534 quo
1684 2462 2007 2535 persuade-

356 2562 516 2612 retur
553 2573 659 2627 per
697 2555 856 2609 hunc
913 2553 1040 2608 ﬁeri
1101 2554 1516 2607 remissionem
1577 2551 2013 2624 peccatorum?

359 2645 508 2712 Quia
537 2645 646 2699 hoc
677 2644 728 2698 ei
763 2643 958 2697 studio
1018 2649 1145 2696 erat
1182 2641 1419 2696 tandem
1475 2642 1792 2696 ostendere
1854 2639 2013 2712 quod

363 2735 972 2804 resurrexissetzquo
1003 2731 1140 2787 dato
1200 2732 1349 2786 illud
1409 2731 1810 2785 indubitatum
1866 2736 2010 2785 erat.

363 2827 482 2881 Hoc
515 2824 734 2879 etenim
764 2823 959 2893 magni
1013 2823 1272 2893 stuporis
1306 2827 1450 2888 erat,
1485 2821 1783 2891 quomodo
1834 2820 2016 2875 Israel

363 2913 467 2986 qui
505 2913 666 2967 ﬁlius
696 2911 1126 2984 primogenitus
1159 2917 1306 2976 erat,
1359 2917 1601 2981 propter
1633 2926 1807 2980 quem
1840 2910 2019 2981 periit

360 3006 659 3076 Egyptus,
687 3002 948 3057 inimicis
978 3001 1320 3074 Babyloniis
1347 3001 1596 3056 traditus
1621 3007 1777 3056 esset
1802 3001 1862 3054 in
1894 2999 2015 3072 gla-

363 3094 462 3150 dio
495 3099 553 3148 et
582 3092 919 3165 captivitate
937 3109 1006 3148 ac
1033 3092 1333 3148 servitute.

431 3281 584 3349 XIII,
617 3282 808 3336 40-42.
842 3303 864 3330 σ
903 3279 1110 3334 Videte
1143 3295 1281 3351 ergo
1313 3295 1387 3334 ne
1431 3278 1811 3349 superveniat
1849 3277 2014 3333 vobis
2047 3244 2090 3312 C

366 3395 386 3422 ι
426 3369 584 3443 quod
606 3370 834 3425 dictum
857 3373 946 3423 est
970 3368 1032 3422 in
1051 3368 1378 3440 prophetis.
1409 3368 1612 3423 Videte
1644 3372 2018 3438 contempto-

366 3478 524 3516 «res
581 3466 641 3514 et
698 3458 1077 3514 admiramini
1146 3474 1213 3512 ac
1275 3458 1630 3523 evanescite,
1674 3457 1818 3527 quia
1870 3473 2019 3527 opus

373 3570 395 3599 ι
427 3565 642 3622 Operor
663 3564 766 3620 ego
796 3549 855 3602 in
879 3547 1088 3602 diebus
1111 3547 1338 3606 vestris,
1369 3545 1524 3617 quod
1549 3563 1669 3601 non
1693 3546 1949 3601 credetis
1972 3545 2020 3600 si

371 3665 399 3692 ‹‹
434 3641 568 3712 quis
591 3639 957 3696 enarraverit
986 3639 1137 3694 115
1171 3637 1354 3692 vobis.
1390 3637 1532 3693 Cum
1558 3645 1755 3693 autem
1803 3637 2023 3710 egressi

371 3755 399 3787 ι(
432 3738 634 3789 essent
661 3749 691 3786 e
721 3747 1014 3804 synagoga
1071 3731 1429 3795 Judzeorum,
1493 3729 1782 3801 rogabant
1818 3735 2024 3803 gentes

375 3847 401 3875 ‹‹
427 3828 493 3879 ut
524 3821 795 3894 sequenti
829 3821 1073 3877 sabbato
1096 3820 1485 3891 loquerentur
1507 3820 1616 3875 sibi
1651 3819 1848 3875 verba.
1887 3842 1913 3868 ›ι

444 4004 550 4060 Ubi
609 4003 929 4058 clamasset
1009 3999 1300 4071 prOpheta
1386 3997 1658 4053 Habacuc
1743 3997 2026 4053 adversus

371 4094 662 4165 injustum
695 4090 991 4162 judicium
1046 4095 1104 4143 et
1163 4087 1410 4142 nimiam
1466 4087 1566 4140 Dei
1618 4086 2022 4154 tolerantiam,

371 4200 440 4239 ac
471 4182 720 4238 dixisset
751 4197 764 4236 :
798 4195 982 4251 quare
1027 4177 1421 4233 ostenderunt
1480 4176 1626 4229 mihi
1686 4175 1925 4231 labores
1956 4193 2023 4231 ac

369 4271 676 4326 molestias
704 4268 1038 4339 ‘Iquoniam
1094 4267 1316 4321 factum
1349 4271 1439 4319 est
1487 4271 1692 4319 contra
1728 4283 1823 4320 me
1860 4265 2023 4337 judi-

369 4362 550 4428 cium,
570 4358 829 4430 etjudex
850 4357 1084 4428 accipit,
1111 4363 1169 4411 et
1186 4355 1406 4426 impius
1425 4361 1481 4410 et
1498 4356 2023 4427 opprimitjustum

369 4468 481 4506 nec
503 4449 919 4522 perduciturin
937 4447 1117 4500 finem
1149 4462 1216 4501 ac
1248 4444 2020 4516 perfectionemjudicium:

366 4539 690 4611 respondet
718 4543 886 4596 Deus.
921 4535 1143 4606 iniquis
1173 4535 1403 4590 futuras
1450 4534 1818 4590 calamitates
1870 4551 2025 4606 pras-

1430 356 1845 419 CEGUMENII
1894 358 2196 420 ΤίὶΙΟΟιΕ
2242 358 2616 422 EPISCOPI.

412 489 562 558 Xlll,
604 493 795 550 34-37.
855 515 883 543 «
917 491 1083 558 Quod
1143 497 1343 547 autem
1405 492 1710 548 suscitavit
1770 508 1904 546 eum
1962 509 1998 547 a
2027 493 2080 559 Α

3647 363 3764 420 ‘208

2164 493 2285 546 Ὅτι
2371 489 2428 546 δὲ
2509 491 2798 562 ἀνεστησεν
2878 492 3040 547 αὐτὸν
3125 488 3186 547 ἐκ
3271 495 3500 569 νεκρῶν,
3565 493 3769 565 μηκέτι

2120 607 2140 631 ι
2181 580 2456 656 μέλλοντα
2514 581 2843 657 ὑποστρέφεν
2931 583 3006 646 εἰς
3075 580 3391 662 διαφθορὰν,
3451 582 3625 644 οὕτως
3685 579 3766 637 εἶ’-

2116 692 2359 748 «ρηκεν,
2393 673 2476 726 ὅτι
2518 673 2687 727 Δώσω
2749 673 2876 746 ὑμῖν
2934 675 3001 727 τὰ
3058 672 3180 728 ὅσια
3233 669 3397 729 Δαυΐδ
3457 674 3526 727 τά
3579 672 3766 729 πιστά.

2115 785 2142 812 ‹‹
2181 762 2274 815 Διὸ
2304 762 2392 816 καὶ
2424 761 2475 816 ἐν
2504 762 2671 834 ἑτέρῳ
2702 761 2867 838 λέγει.
2932 760 3008 819 Ού
3069 761 3262 824 δώσεις
3320 761 3410 816 τὸν
3473 760 3621 816 ὅσιόν
3670 783 3768 816 σου

2115 877 2142 903 ‹‹
2178 849 2310 905 ἰδεῖν
2345 849 2654 930 διαφθοράν,
2690 849 2852 907 Δαυῖδ
2888 852 2982 923 μὶν
3014 851 3116 926 γὰρ
3174 848 3288 922 ἰδίᾳ
3346 856 3503 928 γενεᾷ
3564 851 3770 928 ὑπηρε-

2119 941 2368 1011 ‹‹τήσας,
2403 942 2470 1012 τῆ
2497 944 2593 995 τοῦ
2661 945 2795 995 Θεοῦ
2855 940 3032 1017 βουλῆ
3089 939 3385 1013 ἐκοιμήθη,
3443 940 3533 995 καὶ
3592 961 3772 1015 προσ-

2118 1056 2145 1081 ‹‹
2180 1031 2335 1100 ετέθη
2370 1032 2507 1106 πρὸς
2536 1032 2663 1093 τοὺς
2722 1035 2958 1106 πατέρας
3018 1030 3206 1100 αὐτοῦ,
3261 1030 3352 1085 καὶ
3401 1027 3508 1085 εἶδε
3548 1028 3774 1108 διαφθο-

2121 1144 2146 1172 «
2183 1118 2300 1194 ράν.
2361 1120 2458 1177 ’ον
2543 1117 2600 1175 δὲ
2672 1121 2700 1176 6
2759 1121 2888 1182 Θεὸς
2946 1118 3163 1197 ἤγειρεν
3221 1119 3320 1175 οὐκ
3375 1117 3485 1175 εἶδε
3542 1117 3776 1200 διαφθο-

2120 1230 2147 1259 ‹‹
2183 1209 2296 1284 ράν,
2331 1232 2358 1261 n

2188 1299 2537 1370 Σημειωτέον
2570 1298 2747 1354 τοίνυν
2779 1298 2862 1355 ὅτὶ
2891 1298 2953 1354 οὐ
2987 1296 3070 1355 δεῖ
3097 1299 3159 1354 τὸ
3199 1303 3360 1374 σῶμα
3416 1303 3517 1355 τοῦ
3577 1304 3776 1368 Σωτῆ-

2119 1409 2212 1463 ρος
2243 1389 2330 1442 καὶ
2377 1394 2510 1444 Θεοῦ
2565 1393 2724 1462 ἡμῶν
2781 1393 2965 1460 Ἰησοῦ
3020 1391 3256 1464 Χριστοῦ
3309 1390 3444 1463 μετά
3497 1391 3597 1460 τήν
3651 1387 3779 1443 ἀνά·

2119 1499 2299 1533 στασιν
2356 1481 2595 1550 παθητὸν
2679 1477 3004 1556 ὁμολογεῖν,
3084 1479 3210 1549 ἤτοι
3284 1482 3467 1535 παθῶν
3526 1477 3776 1534 δεκτικὸν

2119 1566 2243 1622 οὐδὲ
2272 1569 2378 1642 πρὸ
2408 1575 2508 1637 τῆς
2557 1567 2899 1630 ἀναστάσεως
2949 1568 3170 1632 ἀπαθὲς,
3229 1569 3502 1623 τουτέστιν
3565 1567 3777 1643 ἄφθαρ-

2116 1679 2207 1713 τον
2263 1657 2352 1712 καὶ
2418 1659 2699 1716 ἀθάνατον.
2759 1659 2874 1727 Τῆν
2918 1658 3022 1734 γὰρ
3081 1657 3219 1714 κατά
3273 1659 3334 1713 τὸ
3388 1657 3774 1734 ἀναμάρτητον

2117 1747 2435 1823 ἀφθαρσίαν,
2469 1744 2754 1823 προδηλον
2806 1748 2882 1810 ὡς
2915 1749 3065 1823 εἶχεν
3209 1746 3375 1804 αὐτοῦ
3431 1751 3530 1804 τοῦ
3575 1751 3780 1823 καιροῦ

2117 1845 2216 1907 τῆς
2238 1837 2584 1912 σαρκώσεως,

2196 2039 2215 2067 ι
2254 2018 2494 2072 Γνωστὸν
2523 2022 2614 2071 οῦν
2649 2016 2787 2073 ἔστω
2831 2018 2982 2091 ὑμῖν,
3043 2016 3228 2094 ἄνδρες
3286 2014 3537 2097 ἀδελφοὶ,
3571 2019 3652 2072 δτι
3683 2017 3782 2073 διὰ

2118 2107 2374 2162 «τούτου
2458 2109 2596 2181 ἡμῖν
2682 2108 2866 2186 ἄφεσις
2950 2109 3231 2183 ἁμαρτιῶν
3317 2106 3779 2184 καταγγέλλεται,

2121 2222 2148 2250 ‹‹
2181 2196 2268 2252 καὶ
2300 2197 2406 2252 ἀπὸ
2450 2197 2665 2251 πάντων
2720 2202 2793 2251 ὧν
2853 2199 2950 2252 οὐκ
3015 2195 3318 2268 ἐδυνήθητε
3367 2197 3418 2252 ἐν
3479 2202 3558 2270 τῷ
3615 2196 3786 2270 νόμῳ

2121 2309 2149 2339 ‹‹
2182 2289 2428 2347 Μωσέως
2487 2293 2882 2356 νικαιωθῆναι,
2918 2285 2972 2341 ἐν
3031 2287 3211 2360 τούτῳ
3268 2291 3370 2350 πᾶς
3424 2288 3451 2341 ὁ
3511 2285 3794 2342 πιστεύων

2122 2402 2148 2428 ‹‹
2187 2373 2512 2432 δικαιοῦται.
2550 2400 2577 2427 ι)

2196 2467 2294 2520 Διά
2355 2466 2410 2522 τί
2469 2466 2567 2521 οὐκ
2627 2467 2870 2542 ἐπήγαγε
2929 2465 3230 2543 μαρτυρίαν
3292 2465 3362 2522 δι’
3412 2468 3480 2536 ἧς
3534 2460 3788 2541 ἔμελλον

2124 2557 2398 2619 πείθεσθαι
2450 2559 2534 2612 ὅτι
2593 2556 2778 2636 ἄφεσις
2827 2557 3109 2632 ἁμαρτιῶν
3173 2556 3242 2612 δι’
3301 2557 3466 2612 αὐτοῦ
3521 2557 3732 2632 γίνεται

2122 2647 2246 2702 "Ott
2276 2646 2339 2700 τὸ
2374 2644 2814 2718 σπουδαζόμενον
2842 2647 3004 2702 τοῦτο
3034 2648 3121 2716 ἦν,
3153 2647 3215 2703 τὸ
3275 2643 3442 2720 δεῖξαι
3500 2646 3634 2709 τέως
3696 2631 3798 2702 8τῖ

2127 2736 2343 2805 ἀνέστη.
2396 2736 2609 2793 Τούτου
2689 2733 2747 2791 δὲ
2805 2735 3284 2812 ὡμολογημένου,
3341 2736 3480 2792 ἐκεῖν
3540 2736 3796 2815 ἀναμφι-

2129 2820 2425 2896 σϐήτητον.
2477 2826 2582 2883 Καὶ
2638 2827 2738 2902 γὰρ
2806 2828 2875 2896 ἦν
2935 2825 3155 2898 πολλῆς
3207 2825 3525 2898 ἐκπλήξεως
3583 2830 3702 2888 πῶς
3759 2827 3792 2881 6

2128 2914 2375 2988 Ἰσραὴλ,
2436 2917 2552 2977 υἷος
2638 2917 2927 2987 πρωτόκος
3009 2913 3423 2991 ὠνομασμένος,
3503 2913 3573 2971 δι’
3655 2916 3782 2985 ’ὀνὴ

2130 3006 2216 3062 Ah
2473 3006 2487 3024 ς
2563 3003 2621 3060 ιλ
2880 3028 2898 3036 _
2949 3003 3032 3062 ηδ
3285 3012 3304 3023 .
3556 3011 3577 3022 ..
3665 3010 3754 3042 _-

2181 3027 2402 3079 ιίυπτος
2463 3027 2585 3061 απω
2631 3026 2738 3074 ετο,
2794 3021 3000 3074 παμαο-
3040 3028 3158 3062 οται
3216 3028 3331 3070 τοις
3380 3006 3606 3082 έχθροις
3677 3027 3787 3068 τοις

2128 3091 2511 3154 Βαϐυλωνίοις
2541 3095 2593 3151 ἐν
2643 3096 2894 3172 μαχαίρᾳ
2940 3097 3029 3152 καὶ
3088 3095 3452 3173 αἰχμαλωσίᾳ
3505 3095 3594 3152 καὶ
3649 3092 3789 3150 δου-

2131 3184 2274 3258 λείᾳ.

2201 3300 2228 3328 ‹‹
2257 3275 2497 3332 Βλέπετε
2527 3274 2619 3330 οῦν
2680 3279 2755 3350 μὴ
2785 3274 2990 3352 ἐπέλθῃ
3041 3274 3122 3353 ἐφ’
3183 3276 3324 3349 ὑμᾶς
3380 3276 3444 3331 τὸ
3492 3275 3792 3349 εῗρημένον

2131 3389 2154 3412 α
2188 3363 2240 3420 ἐν
2271 3371 2387 3427 τοῖς
2415 3368 2745 3443 προφήταις.
2778 3363 2968 3436 Ἴδετε,
3000 3366 3051 3420 οὶ
3074 3365 3502 3444 καταφρονηταὶ,
3531 3365 3620 3420 καὶ
3653 3375 3792 3429 θαυ-

2134 3478 2158 3509 α
2197 3457 2420 3529 μάσατε,
2449 3457 2540 3510 καὶ
2573 3456 2920 3532 ἀφανίσθητε,
2967 3457 3049 3511 ὅτι
3100 3454 3258 3532 ἔργον
3319 3455 3430 3534 ἐγὼ
3483 3454 3794 3531 ἐργάζομαι

2134 3571 2162 3598 ‹‹
2195 3545 2245 3600 ἐν
2279 3551 2398 3607 ταῖς
2431 3543 2665 3619 ἡμέραις
2697 3545 2872 3617 ὑμῶν,
2933 3545 2978 3618 ᾧ
3038 3547 3102 3601 ού
3165 3547 3239 3619 μὴ
3295 3545 3639 3614 πιστεύσητε,
3697 3544 3791 3598 ἐάν

2736 3637 2884 3709 ὑμῖν.
2939 3637 3224 3711 Ἐξιὸντων
3276 3635 3333 3692 δὲ
3392 3635 3450 3692 ἐκ
3503 3638 3598 3705 τῆς
3653 3655 3788 3688 συν-

2135 3752 2163 3780 ‹‹
2195 3735 2421 3805 ἀγωγῆς
2475 3732 2582 3782 τῶν
2642 3724 2950 3793 Ἰουδαίων,
3009 3724 3352 3803 παρεκάλουν
3407 3727 3475 3782 τὰ
3531 3720 3654 3796 ἔθνη
3711 3722 3793 3786 εἷς

2134 3821 2258 3875 «τὸ
2321 3819 2514 3892 μεταξὺ
2575 3813 2863 3888 σάϐϐατον,
2921 3816 3235 3889 λαληθῆναι
3302 3817 3492 3881 αὐτοῖς
3552 3816 3618 3871 τά
3677 3813 3794 3890 ῥή-

2135 3934 2165 3963 ‹(
2201 3931 2362 3983 ματα.
2399 3933 2427 3961 ›)

2205 3997 2690 4074 Κατακεκραγύτος
2774 4002 2869 4055 τοῦ
2953 4000 3240 4078 προφήτου
3311 3991 3634 4069 Ἀϐϐακοὸμ
3690 4002 3798 4065 τῆς

2136 4085 2327 4144 ἀδίκου
2357 4089 2588 4161 κρίσεως
2621 4087 2710 4142 καὶ
2741 4093 2840 4156 τῆς
2885 4084 3016 4165 ἄγαν
3083 4085 3417 4157 ἀνεξικακίας
3471 4090 3569 4141 τοῦ
3629 4085 3796 4159 Θεοῦ,

2133 4177 2223 4232 καὶ
2256 4175 2531 4250 λέγοντος*
2594 4178 2708 4233 Ἵνα
2763 4175 2815 4231 τί
2871 4197 2968 4250 μοι
3038 4173 3240 4245 ἔδειξαν
3298 4174 3504 4238 κόπους
3555 4175 3645 4230 καὶ
3679 4175 3799 4230 πό-

2135 4289 2262 4330 νους
2298 4272 2447 4336 ςὈτι
2480 4265 2777 4336 ἐξεναντίας
2810 4271 2927 4340 ’μου
2985 4265 3174 4341 γέγονε
3230 4265 3426 4341 κρίσις,
3483 4263 3576 4320 καὶ
3608 4266 3637 4319 6
3662 4285 3798 4340 κρι-

2133 4357 2232 4426 τὴς
2293 4351 2583 4430 λαμϐάνει,
2640 4355 2730 4410 καὶ
2789 4350 2987 4424 ἀσεϐὴς
3043 4353 3494 4411 καταδυναστεύει
3549 4355 3642 4409 τὸν
3707 4351 3798 4408 δί-

2134 4467 2311 4516 καιον,
2359 4446 2449 4501 καὶ
2510 4445 2572 4500 οὗ
2625 4442 2920 4520 διεξάγεται
2974 4443 3049 4506 εἰς
3104 4442 3263 4508 τέλος
3310 4449 3505 4518 κρῖμα·
3557 4441 3798 4518 ἀποκρί-

2132 4557 2276 4591 νεται
2309 4537 2336 4588 ὁ
2369 4537 2520 4603 Θεὸς,
2557 4539 2674 4614 τοῖς
2735 4531 2983 4589 ἀδικοῦσι
3040 4533 3134 4596 τὰς
3190 4531 3452 4607 ἐσομένας
3500 4534 3796 4609 συμφοράς

2134 3661 2162 3688 ‹‹
2184 3658 2266 3699 τις
2323 3635 2648 3715 ἐκδιηγῆται

369 4630 671 4685 nuntians.
705 4626 1069 4682 Admiranda
1096 4641 1230 4679 vero
1264 4623 1408 4678 dicit
1438 4640 1569 4693 quas
1637 4623 1900 4678 futurum
1937 4629 2016 4677 est

2135 4622 2632 4701 προαπαγγέλλων.
2667 4625 2949 4696 Θαυμάσια
2980 4621 3037 4679 δὲ
3080 4623 3227 4699 λέγει
3284 4625 3350 4680 τά
3407 4623 3592 4686 αὐτοῖς
3643 4643 3800 4697 συμ-

366 4727 429 4775 ιιι
462 4721 547 4775 eis
577 4719 946 4790 contingant.
985 4717 1051 4769 Et
1083 4716 1207 4769 haec
1239 4720 1402 4768 tanta
1453 4729 1520 4768 ac
1578 4713 1695 4769 alia
1749 4714 1892 4768 dicit
1924 4712 2015 4768 sui

364 4809 796 4884 magnitudine,
832 4815 896 4863 ut
928 4823 1046 4862 non
1096 4804 1419 4860 credantur
1466 4804 1512 4858 si
1566 4805 1698 4875 quis
1758 4804 2018 4860 narravit

363 4901 549 4966 vobis,
579 4900 794 4970 inquit.
829 4900 1010 4952 Porro
1065 4893 1259 4964 μεταξὺ
1307 4886 1573 4946 σάϐϐατον
1602 4896 1827 4949 vocavit
1853 4894 2015 4948 futu-

360 5003 495 5044 rum
525 5005 594 5045 ac
632 4989 972 5060 proximum
1025 4986 1360 5052 sabbatum,
1422 4985 1576 5040 sicut
1629 4984 1784 5040 infra
1813 4986 2017 5044 decla-

363 5082 475 5131 rat.

431 5165 802 5224 Xlll.43—49.
864 5165 1129 5220 «Soluto
1190 5168 1388 5218 autem
1427 5168 1581 5218 coetu
1631 5165 1815 5219 secuti
1876 5174 2019 5223 sunt

368 5276 390 5306 ι
424 5255 596 5311 multi
628 5255 812 5311 Judaei
872 5271 939 5310 ac
996 5254 1256 5326 religiosi
1320 5252 1602 5324 proselyti
1667 5254 1918 5310 Paulum
1948 5275 2016 5313 ac

361 5371 390 5398 «
423 5349 773 5412 Barnabam,
823 5347 924 5418 qui
989 5347 1362 5416 alloquentes
1411 5344 1744 5400 suadebant
1801 5349 1888 5403 eis
1946 5357 2013 5406 ut

362 5461 390 5490 ι(
423 5444 846 5509 permanerent
880 5437 942 5490 in
975 5437 1164 5507 gratia
1197 5435 1296 5490 Dei
1325 5457 1339 5500 ;
1375 5452 1440 5490 ac
1473 5436 1744 5504 sequenti
1769 5439 2015 5496 sabbato

359 5551 386 5578 ι(
434 5528 708 5583 universa
796 5525 1225 5598 propemodum
1307 5525 1510 5580 civitas
1591 5528 1866 5582 convenit
1943 5531 2018 5585 ad

358 5639 386 5668 «
423 5616 790 5674 audiendum
813 5616 1058 5672 verbum
1103 5616 1226 5670 Dei.
1264 5614 1416 5669 Visis
1463 5618 1665 5669 autem
1698 5616 1886 5673 turbis
1915 5620 2018 5675 Ju-

357 5729 387 5759 ‹‹
421 5707 533 5763 dmi
567 5707 778 5779 repleti
817 5711 956 5762 sunt
987 5705 1132 5775 zelo,
1166 5710 1223 5760 et
1252 5703 1854 5763 contradicebanthis
1889 5727 2019 5782 quas

2127 4710 2387 4784 ϐιάσεσθαι
2447 4712 2720 4787 μέλλοντα
2754 4758 2768 4772 .
2827 4718 3006 4769 Ταῦτα
3057 4711 3134 4783 δὲ,
3196 4715 3352 4794 φησί,
3405 4717 3641 4769 τοσαῦτα
3695 4711 3798 4768 καὶ

2125 4805 2432 4876 τηλικαῦτα
2460 4805 2522 4859 τὸ
2585 4805 2808 4878 μέγεθός
2865 4804 3004 4860 ἐστιν
3068 4805 3142 4866 ὡς
3198 4805 3288 4859 καὶ
3338 4804 3675 4860 ἀπιστεῖσθαι
3741 4801 3806 4857 εἶ’

2121 4916 2205 4956 τις
2237 4894 2374 4949 αὖτά
2408 4893 2534 4968 ὑμῖν
2561 4891 3074 4969 προαπαγγείλειεν.

2199 5191 2226 5218 ‹‹
2262 5166 2366 5222 Καὶ
2402 5170 2512 5221 τῶν
2539 5159 2846 5238 σεϐομένων
2898 5162 3264 5239 προσηλύτων
3317 5167 3397 5236 τῷ
3453 5161 3659 5235 Παύλῳ
3687 5159 3783 5216 καὶ

2127 5282 2153 5308 ‹‹
2187 5260 2266 5328 τῷ
2321 5249 2599 5329 Βαρνάϐᾳ,
2659 5253 2859 5316 οἳτινες
2907 5251 3350 5329 προσλαλοῦντες
3405 5246 3619 5308 ἔπειθον
3681 5249 3786 5305 αὗ-

2127 5372 2154 5398 ι(
2188 5348 2316 5407 τοὺς
2349 5345 2618 5420 ἐπιμένειν
2650 5348 2718 5416 τῇ
2748 5344 2935 5422 χάριτι
2966 5348 3063 5400 τοῦ
3093 5347 3254 5412 Θεοῦ,
3311 5344 3434 5398 τότε
3493 5341 3786 5418 ἐρχομένῳ

2136 5430 2450 5507 «Σαϐϐάτῳ
2500 5432 2695 5509 σχεδὸν
2761 5439 2906 5489 πᾶσα
2957 5437 2991 5503 ἡ
3027 5432 3193 5496 πόλις
3251 5432 3500 5503 συνήχθη
3563 5433 3794 5486 ἀκοῦσαι

2129 5553 2156 5580 ‹‹
2189 5529 2278 5581 τὸν
2310 5526 2471 5600 λόγον
2509 5529 2606 5580 τοῦ
2656 5529 2812 5581 Θεοῦ.
2848 5522 3083 5588 Ἰδόντες
3120 5521 3176 5579 δὲ
3234 5525 3286 5579 οἱ
3345 5521 3606 5581 Ἰουδαῖοι
3663 5523 3800 5583 τοὺς

2130 5642 2158 5671 ‹‹
2191 5614 2422 5692 ὄχλους,
2482 5614 2834 5687 ἐπλήσθησαν
2865 5613 3093 5689 ξζήλου.
3127 5613 3261 5689 ξΚαὶ
3320 5611 3610 5689 ἀντέλεγον
3671 5617 3798 5673 τοῖς

2129 5732 2156 5763 ‹‹
2201 5707 2330 5780 ὑπὲρ
2397 5710 2494 5761 τοῦ
2553 5704 2776 5762 Παύλου
2837 5704 3182 5782 λεγομένοις,
3234 5703 3614 5782 ἀντιλέγοντες
3698 5701 3792 5757 καὶ
