4112 6428
216 508 335 570 209

1238 513 1652 576 COMMENT.
1700 515 1776 576 ΙΝ
1823 513 2024 576 ACTA
2073 511 2684 575 APOSTDLOBUM.

3576 517 3696 576 210

238 666 272 696 ιι
302 642 526 724 βλασφη
540 648 813 718 μοῦντες.
847 644 1360 722 Παρρησιασᾶμενοι
1391 643 1450 703 δὲ
1488 646 1516 703 6
1566 644 1786 711 Παῦλος
1837 644 1927 702 καὶ

2053 668 2070 700 ι
2100 665 2136 704 a
2166 649 2344 706 Paulo
2377 647 2750 715 dicebantur,
2801 647 3279 704 contradicentes
3308 663 3377 704 ac
3416 647 3692 721 blasphe-

250 737 337 790 «ὁ
389 730 716 808 Βαρναϐας,
796 738 976 792 εἷπον·
1031 739 1186 812 Ὑμῖν
1244 739 1309 806 ἦν
1361 738 1654 812 αναγκαῖον
1710 742 1927 812 πρῶτον

258 850 287 877 ι‹
322 824 640 894 λαληθῆναι
674 827 774 881 τὸν
837 823 1010 904 λόγον
1065 825 1161 883 τοῦ
1219 831 1372 882 Θεοῦ.
1435 825 1659 895 Ἐπειδὴ
1719 823 1776 882 δὲ
1827 826 1930 881 ἀπ-

262 940 292 970 σ
321 918 546 972 ωθεῖσθε
576 915 776 986 αὐτὸν,
808 918 898 972 καί
959 917 1059 972 οὐκ
1087 917 1268 988 ἀξίους
1322 916 1530 992 κρίνετε
1582 916 1802 978 ἑαυτοὺς
1830 923 1930 986 τῆς

262 1029 292 1056 κ
328 1003 555 1058 αἰωνίου
589 1007 768 1072 ζωῆς,
800 1001 922 1058 ἱδοὺ
946 1004 1285 1078 στρειρόμεθα
1334 1004 1408 1065 εἷς
1438 1007 1503 1058 τὰ
1532 1002 1675 1075 ἔθνη.
1739 1005 1928 1066 Οὕτως

258 1118 290 1145 ις
326 1094 430 1169 γᾶρ
463 1091 783 1147 ἐντέταλται
815 1095 950 1166 ἡμῖν
981 1095 1008 1149 6
1042 1095 1266 1165 Κύριος.
1323 1092 1546 1149 Τέθεικά.
1600 1115 1657 1149 σε
1709 1094 1785 1156 εἰς
1814 1099 1928 1170 φῶς

259 1209 287 1233 (ι
313 1183 510 1250 ἐθνῶν,
541 1187 643 1238 τοῦ
675 1183 818 1238 εἶναί
847 1205 905 1239 σε
963 1185 1040 1247 εἰς
1087 1183 1356 1259 σωτηρίαν
1399 1181 1502 1246 ἕως
1561 1183 1798 1265 ἐσχάτου
1829 1192 1930 1254 τῆς

258 1297 289 1325 ιι
323 1276 456 1347 γῆς.
509 1271 819 1330 Ἀκοῦοντα
858 1271 916 1328 δὲ
970 1275 1038 1328 τὰ
1093 1272 1214 1344 ἔθνη
1267 1272 1479 1350 ἔχαιρε,
1539 1274 1628 1330 καὶ
1678 1271 1928 1344 ἐδόξαζον

258 1387 288 1416 α
323 1363 417 1417 τὸν
450 1361 626 1436 λόγον
659 1365 759 1418 τοῦ
819 1363 1047 1437 Κυρίου,
1105 1364 1193 1419 καὶ
1253 1362 1565 1420 ἐπίστευσαν
1618 1362 1736 1418 ὅσοι
1797 1364 1931 1433 ἦσαν

259 1476 291 1504 α
321 1448 658 1524 τεταγμένοι
721 1448 796 1513 ε’ίς
873 1453 1022 1522 ζωὴν
1093 1453 1335 1508 αἰώνιον.
1426 1455 1709 1530 Διεφέρετο
1795 1449 1852 1508 δὲ
1901 1453 1929 1507 6

261 1566 293 1592 α
327 1540 502 1618 λόγος
526 1545 629 1596 τοῦ
653 1540 862 1615 Κυρίου
893 1538 965 1596 δι’
997 1539 1135 1612 ὅλης
1165 1548 1265 1612 τῆς
1294 1542 1506 1623 χώρας,
1541 1564 1570 1594 ››

366 1813 686 1888 Σεῦομένους
716 1811 947 1878 ἐνταῦθά
999 1834 1056 1867 τε
1094 1813 1182 1868 καὶ
1239 1813 1448 1888 προῖὼν
1501 1810 1632 1874 τοὺς
1690 1812 1815 1885 περὶ
1869 1812 1932 1866 τὸ

288 1909 494 1963 οἰκεῖον
526 1901 670 1967 σέϐας
732 1902 970 1978 θερμοὺς
1026 1901 1114 1957 καὶ
1173 1899 1470 1975 διαπύρους
1526 1901 1616 1956 καὶ
1676 1900 1932 1972 ζηλωτὰς

282 2003 394 2052 τῶν
425 1995 606 2050 ἔλλων
669 1993 888 2067 μᾶλλον
941 1991 1118 2048 καλεῖ.
1191 1991 1296 2050 Καὶ
1329 1993 1432 2068 γὰρ
1465 1991 1517 2046 οἳ
1547 1994 1789 2045 τοιοῦτοι
1839 1991 1926 2044 καὶ

276 2093 470 2152 θᾶττον
500 2107 607 2140 των
645 2083 832 2138 ἄλλων
862 2085 962 2153 τὴν
1015 2083 1092 2146 εἰς
1135 2080 1365 2157 Χριστὸν
1419 2079 1787 2157 παρεδέχοντο
1840 2079 1931 2134 πί-

266 2198 408 2245 στιδ,
453 2176 550 2230 ἅτε
577 2171 648 2242 δή
678 2174 778 2242 τὴν
828 2171 1112 2248 ὗπεροχήν
1148 2171 1316 2242 αὐτῆς
1371 2171 1458 2226 καὶ
1517 2171 1580 2225 τὸ
1644 2167 1931 2244 μεγαλεῖον

263 2265 569 2339 δυνάμενοι
618 2267 867 2337 συνορᾷν,
900 2261 990 2317 καὶ
1043 2261 1142 2317 οὐκ
1192 2260 1518 2338 ἀνθρωπίνῳ
1573 2262 1752 2328 πάθει,
1808 2257 1933 2314 ἀλλ’

267 2353 540 2425 ἀληθείας
572 2355 766 2422 σκοπῷ
812 2350 903 2406 καί
966 2345 1237 2412 εὐσεϐείας
1294 2348 1457 2424 ἔρωτι
1512 2349 1604 2404 καί
1635 2348 1664 2403 ’ὀ
1695 2368 1932 2421 προκατ-

273 2447 420 2524 εἶχον
456 2439 651 2505 σέϐας.
709 2443 903 2497 τούτου
967 2438 1210 2512 ζηλωταί
1266 2441 1677 2513 καθιστάμενοι.
1734 2437 1838 2495 Καὶ
1870 2437 1932 2491 αὖ

275 2539 438 2595 παλιν
469 2539 529 2593 οἱ
558 2541 806 2592 τοιοῦτοι
836 2535 974 2589 κατὰ
997 2539 1106 2589 τῶν
1139 2537 1395 2607 μαθητῶν
1434 2530 1648 2606 μᾶλλον
1709 2533 1796 2586 καὶ
1833 2533 1933 2584 τοῦ

267 2629 639 2705 κηρῦγματος
693 2625 1070 2699 παρωξὸνοντο
1107 2625 1196 2678 καὶ
1253 2623 1563 2696 ἐμαίκοντο,
1623 2623 1698 2684 ὡς
1755 2641 1936 2694 περισ-

267 2720 497 2790 σότερον
525 2721 640 2770 τῶν
674 2714 860 2770 ἄλλων
894 2712 1065 2784 ζῆλον
1099 2709 1244 2788 ἔχειν
1272 2713 1393 2787 περὶ
1427 2713 1490 2767 τὸ
1541 2711 1740 2768 οἰκεῖον
1774 2707 1932 2772 σέϐας

271 2805 736 2880 ἐπιδεικνύμενοι.
774 2807 841 2861 Ἦ
902 2799 1230 2877 σεϐομένους
1283 2799 1438 2866 ἰδίως
1493 2801 1618 2863 τοὺς
1650 2800 1932 2876 προσηλύο

266 2919 392 2959 τους
437 2900 630 2952 καλεῖ.
675 2896 778 2952 Καὶ
832 2891 1168 2968 δημηγορῶν
1229 2887 1532 2966 ἔμπροσθεν
1592 2891 1681 2946 καὶ
1738 2889 1929 2966 λέγων·

267 2985 498 3063 Ἄνδρες
529 2981 878 3056 Ἰσραηλῖται
907 2983 996 3038 καὶ
1056 2984 1107 3037 οἱ
1162 2980 1212 3036 ἐν
1273 2982 1399 3056 ὑμῖν
1457 2975 1794 3061 φοϐούμενοι
1839 2980 1932 3034 τὸν

274 3079 420 3146 Θεὸν,
452 3069 847 3150 φοϐουμένους
874 3073 967 3126 τὸν
1029 3071 1158 3126 Θεὸν
1213 3068 1342 3132 τοὺς
1391 3067 1774 3146 προσηλύτους
1808 3067 1930 3124 ἐκά-

280 3165 379 3236 λει,
459 3166 598 3228 τοὺς
678 3163 774 3237 μὲν
863 3162 968 3216 ἀπὸ
1027 3165 1126 3216 τοῦ
1210 3159 1400 3236 γένους
1487 3159 1783 3234 σεμνύνων,
1842 3158 1932 3214 καὶ

276 3253 618 3330 Ἰσραηλίτας
652 3251 1015 3325 ἐξονομάζων,
1045 3249 1174 3314 τοὺς
1231 3247 1288 3305 δὲ
1318 3249 1402 3305 ὅτι
1439 3249 1514 3323 μή
1571 3253 1733 3304 τοῦτο
1784 3247 1930 3324 εἶχεν

272 3345 461 3418 simis,
494 3343 608 3398 ἀπὸ
642 3348 745 3410 τῆς
789 3340 1078 3416 θρησκείας
1137 3340 1359 3410 ἰσάζων.
1411 3341 1529 3396 Ἵνα
1579 3341 1654 3412 μή
1715 3359 1798 3402 τις
1847 3338 1933 3394 εὖ·

2044 762 2072 788 ‹‹
2107 739 2257 794 mias
2289 738 2619 810 loquentes.
2653 741 2814 796 Tunc
2847 746 3082 810 sumpta
3125 740 3342 795 ﬁducia
3386 741 3603 797 Paulus
3636 746 3694 797 et

2044 852 2071 878 ‹‹
2116 829 2414 885 Barnabas
2471 830 2788 885 dixerunt:
2868 830 3029 884 vobis
3074 831 3384 901 oportebat
3431 832 3692 901 primum

2042 943 2070 969 ‹‹
2105 920 2266 990 loqui
2300 921 2541 976 verbum
2569 921 2667 975 Dei
2702 920 2843 974 :sed
2874 921 3157 991 quoniam
3207 921 3496 992 repellitis
3545 921 3694 977 illud

2045 1015 2162 1064 «et
2221 1009 2495 1082 indignos
2575 1009 2862 1081 judicatis
2939 1027 3040 1064 vos
3089 1010 3250 1081 ipsos
3301 1017 3525 1065 interna
3579 1011 3697 1065 vita

2045 1121 2071 1148 ‹‹
2105 1117 2240 1154 ecce
2286 1101 2690 1156 convertimur
2720 1101 2794 1154 ad
2824 1105 3028 1172 gentes
3063 1117 3076 1154 :
3110 1100 3195 1154 sic
3221 1100 3381 1154 enim
3414 1099 3697 1171 praecepit

2045 1212 2072 1240 «
2103 1189 2276 1244 nobis
2325 1190 2630 1246 Dominus.
2665 1190 2839 1245 Posui
2872 1196 2928 1245 te
2988 1190 3046 1244 in
3082 1189 3275 1245 lucem
3333 1189 3598 1259 gentium
3628 1194 3696 1246 ut

2044 1301 2072 1329 «
2105 1280 2187 1335 sis
2217 1279 2279 1334 in
2314 1278 2563 1334 salutem
2597 1296 2787 1350 usque
2843 1278 2918 1334 ad
2972 1285 3306 1335 extremum
3356 1284 3552 1334 terrae.
3582 1280 3696 1334 Au-

2040 1392 2067 1418 ‹‹
2103 1368 2334 1424 dientes
2367 1375 2566 1425 autem
2605 1375 2810 1441 gentes
2839 1369 3082 1441 gravism
3115 1373 3255 1424 sunt
3296 1373 3354 1423 et
3395 1368 3695 1440 gloriﬁca-

2041 1482 2068 1508 «
2103 1458 2249 1514 bant
2281 1459 2522 1515 verbum
2575 1459 2826 1513 Domini.
2863 1460 2930 1514 Et
2961 1458 3345 1514 crediderunt
3399 1463 3694 1530 quotquot

2044 1572 2070 1601 «
2104 1555 2274 1605 erant
2299 1551 2554 1605 ordinati
2585 1548 2659 1605 ad
2685 1549 2863 1604 vitam
2908 1553 3216 1604 aeternam.
3276 1548 3699 1620 Divulgabatur

2044 1665 2072 1693 »
2105 1649 2304 1698 autem
2361 1641 2604 1699 verbum
2657 1641 2893 1696 Domini
2949 1657 3058 1713 per
3111 1640 3452 1697 universam
3511 1640 3698 1712 regio-

2045 1754 2073 1782 ))
2097 1749 2256 1788 nem.

2114 1824 2440 1896 Religiosos
2473 1830 2532 1878 et
2553 1824 2613 1878 in
2651 1823 2762 1878 hoc
2793 1821 2923 1877 loco
2971 1828 3028 1877 et
3057 1821 3120 1876 in
3180 1837 3498 1893 progressu
3527 1823 3697 1876 vocat

2043 1932 2144 1972 eos
2175 1916 2273 1986 qui
2308 1917 2467 1971 circa
2514 1915 2818 1987 proprium
2876 1913 3101 1968 cultum
3140 1913 3435 1968 ferventes
3493 1919 3551 1968 et
3607 1928 3699 1967 ar-

2044 2006 2252 2061 dentes
2285 2012 2474 2072 erant,
2498 2021 2565 2059 ac
2597 2005 2854 2076 majores
2877 2020 2997 2073 pra:
3029 2003 3262 2057 caateris
3292 2000 3690 2056 aamulatores.

2046 2095 2348 2166 Siquidem
2377 2093 2526 2150 tales
2557 2094 2734 2148 etiam
2759 2091 2974 2146 Christi
3008 2091 3186 2146 {idem
3219 2097 3356 2146 ante
3387 2090 3537 2145 alios
3569 2106 3695 2144 sus-

2043 2189 2348 2256 ceperunt,
2408 2189 2474 2239 ut
2533 2183 2632 2254 qui
2682 2187 2926 2252 possent
2984 2180 3111 2251 ejus
3168 2178 3582 2234 excellentiam
3623 2192 3692 2232 ac

2042 2274 2515 2348 magnitudinem
2548 2275 2914 2346 conspicere,
2941 2277 2996 2327 et
3017 2289 3136 2326 non
3159 2271 3421 2325 humano
3453 2270 3692 2334 affectu,

2043 2366 2146 2420 sed
2207 2364 2468 2418 veritatis
2515 2362 2734 2417 intuitu
2791 2379 2856 2416 ac
2889 2360 3127 2432 pietatis
3168 2374 3390 2424 amore,
3442 2358 3692 2428 ejusque

2043 2455 2238 2510 cultus
2273 2470 2445 2523 quem
2497 2452 2662 2525 prius
2719 2455 3073 2521 acceperant
3131 2449 3283 2502 II6
3315 2447 3696 2502 aemulatores

2043 2544 2373 2600 constituti.
2426 2545 2683 2598 Rursum
2715 2557 2745 2595 e
2778 2541 3006 2595 diverso
3057 2539 3157 2608 qui
3192 2537 3342 2592 tales
3373 2541 3562 2594 erant.
3597 2534 3698 2590 ad-

2043 2651 2246 2689 versus
2277 2633 2604 2704 discipulos
2636 2637 2694 2685 et
2743 2629 3228 2702 praedicationem
3289 2625 3695 2696 magisirrita—

2042 2723 2264 2778 bantur
2284 2739 2350 2777 ac
2375 2721 2771 2780 insaniebant.
2800 2719 3182 2773 ostendentes
3207 2715 3363 2788 quod
3384 2716 3696 2771 vehemen-

2042 2813 2252 2868 tiorem
2289 2812 2477 2868 zelum
2509 2812 2666 2866 circa
2692 2811 2996 2880 proprium
3026 2808 3251 2864 cultum
3309 2823 3428 2877 prae
3460 2806 3692 2861 cmteris

2042 2903 2350 2958 haberent.
2380 2906 2493 2957 Aut
2524 2900 2610 2955 rel
2637 2900 2833 2972 giosos
2873 2897 3110 2969 proprie
3143 2902 3308 2952 vocat
3339 2896 3693 2968 proselytos.

2041 2993 2276 3049 Etenim
2332 3008 2466 3047 eum
2521 2991 2581 3044 in
2638 2988 3046 3060 superioribus
3117 2986 3573 3041 concionaretur
3629 3001 3697 3041 ac

2043 3083 2312 3137 diceret:
2351 3081 2466 3135 Viri
2515 3078 2791 3134 lsraelitus
2842 3083 2900 3132 et
2953 3076 3054 3146 qui
3103 3075 3328 3130 timetis
3387 3075 3593 3141 Deum,
3625 3073 3698 3128 ti-

2044 3180 2275 3231 mentes
2302 3175 2486 3228 Deum
2535 3169 2780 3226 vocabat
2829 3167 3208 3240 proselytos:
3262 3165 3397 3220 illos
3447 3163 3692 3235 quidem

2042 3281 2321 3338 agenere
2371 3263 2675 3318 honorans
2736 3264 2793 3314 et
2850 3257 3149 3312 Israelitas
3207 3253 3538 3325 appellans,
3585 3251 3694 3307 hos

2041 3371 2176 3412 vero
2209 3354 2350 3426 quia
2377 3351 2437 3407 id
2470 3351 2666 3406 dicere
2715 3365 2835 3403 non
2867 3351 3120 3418 poterat,
3174 3361 3240 3400 ac
3270 3343 3558 3417 religione
3589 3341 3698 3398 ad-

273 3431 493 3498 λαὸείας
555 3436 698 3490 εἶναι
746 3431 945 3508 νομίσῃ
1004 3433 1092 3502 τὸ,
1167 3431 1282 3490 Οὐκ
1323 3431 1500 3503 ἀξίους
1550 3430 1758 3506 κρίνετε
1812 3432 1932 3486 εαυ-

2054 3404 2170 3412 m-
2214 3404 2436 3426 η---ητ
2481 3404 2490 3405 κ
2543 3404 2586 3406 -ν
2869 3404 2886 3418 .
3110 3404 3118 3411 .
3385 3404 3418 3417 ν

2053 3461 2310 3518 mquans.
2349 3445 2428 3499 Ne
2453 3443 2586 3514 quis
2616 3439 2860 3512 pudoris
2891 3454 2959 3493 ac
2989 3435 3296 3491 modestia;
3330 3434 3698 3490 existimaret

270 3525 418 3592 τοὺς,
478 3523 572 3579 διὰ
618 3525 787 3577 τοῦτο
835 3525 1058 3595 πρῶτον
1101 3522 1249 3576 εἶπεν
1287 3564 1301 3590 ,
1362 3520 1699 3584 Ἀπωθεῖσθε
1754 3520 1938 3589 αὐτὸν,

272 3618 368 3675 καὶ
420 3616 569 3685 τότε,
657 3613 1014 3692 Στρενρόμεθα
1060 3614 1137 3675 εἰς
1193 3614 1262 3670 τὰ
1315 3608 1463 3683 ἔθνη.
1522 3613 1637 3672 Οὐκ
1684 3613 1800 3668 εἶπέ
1860 3611 1936 3682 6‘s,

281 3705 788 3776 Καταλιμπάνομεν
822 3705 985 3778 ὑμᾶς,
1017 3702 1166 3778 ἀλλ’,
1226 3703 1300 3766 ὡς
1354 3703 1603 3768 Δυνατὸν,
1662 3703 1816 3783 φησὶ,
1851 3701 1940 3756 καὶ

295 3793 526 3850 iv“:th
553 3795 705 3850 πάλιν
735 3802 1064 3872 στραφῆναι.

369 3975 498 4032 σοί
553 3971 608 4031 δὲ
657 3974 904 4034 Ἰουδαῖοι
963 3977 1280 4052 παρώξυναν
1342 3977 1440 4041 τὰς
1486 3970 1782 4048 σεϐομένας
1839 3997 1940 4051 γυο

288 4072 524 4129 σναῖκας
554 4067 646 4124 καὶ
675 4069 773 4132 τὰς
802 4067 1176 4148 εὐσχήμονας,
1220 4067 1311 4123 καὶ
1370 4065 1498 4130 τοὺς
1553 4067 1806 4142 πρώτους
1839 4072 1938 4134 τῆς

277 4158 592 4224 «πόλεως,
649 4159 739 4212 καὶ
793 4156 1087 4234 ἐπήγειραν
1149 4154 1392 4233 διωγμὸν
1444 4156 1528 4212 ἐπί
1579 4157 1672 4212 τὸν
1723 4153 1938 4210 Παῦλον

278 4249 420 4304 ιικαῖ
451 4249 553 4304 τὸν
599 4241 897 4324 Βαρνάϐαν·
954 4246 1044 4302 καὶ
1103 4241 1358 4318 ἐξέϐαλον
1413 4245 1609 4308 αὐτοὺς
1670 4246 1774 4300 ἀπὸ
1829 4250 1937 4301 τῶν

285 4362 311 4389 ιι
341 4338 510 4412 ὁρίων
545 4337 750 4394 αὐτῶν.
781 4337 849 4394 Οἱ
879 4334 934 4391 δὶ
968 4335 1370 4410 ἐκτιναξάμενοι
1400 4349 1491 4391 τον
1523 4335 1807 4410 κονιορτὸν
1835 4339 1942 4390 τῶν

291 4451 317 4478 ιι
347 4425 537 4483 ποδῶν
570 4426 753 4482 αὐτῶν
788 4425 872 4482 ἐπ’
917 4426 1142 4488 αὐτοὺς.
1172 4426 1345 4497 ἦλθον
1379 4425 1455 4488 εἰς
1501 4425 1750 4483 Ἰκόνιον.
1786 4427 1854 4482 Ol
1886 4422 1943 4480 δὲ

297 4539 323 4568 ι
353 4515 598 4588 μαθηταὶ
635 4511 981 4591 ἐπληροῦντο
1007 4519 1184 4596 χαρᾶς
1213 4514 1306 4570 καὶ
1353 4515 1672 4591 ῙΙνεύματος
1703 4513 1875 4590 άγίου.
1914 4542 1934 4567 ι

352 4607 624 4663 Ἐνταῦθα
670 4604 974 4679 πληροῦσιν
1034 4606 1064 4660 ’ὀ
1121 4605 1441 4681 προσέταξεν
1502 4605 1688 4664 αὐτοῖς
1748 4605 1776 4658 ὁ
1830 4603 1943 4661 K6-

279 4715 417 4771 ριος,
450 4697 666 4775 λέγων·
697 4695 822 4754 Ἐὰν
871 4705 948 4769 μὴ
996 4715 1080 4758 τις
1131 4696 1273 4769 ὑμᾶς
1342 4692 1578 4769 δέξηται,
1638 4693 1944 4764 ἐκτινάξατε

276 4787 366 4842 τὸν
394 4787 693 4860 κονιορτὸν
725 4789 833 4840 τῶν
857 4785 1041 4842 ποδῶν
1094 4786 1270 4851 ὑμῶν.
1320 4786 1485 4844 Οὗτοι
1547 4782 1605 4839 δί
1649 4785 1712 4840 οὐ
1775 4783 1940 4857 μόνον
1971 4777 2015 4841 Ῑ)

286 4877 377 4933 sint
404 4875 690 4948 ἐδέξαντο,
719 4872 868 4930 ἀλλᾶ
905 4876 994 4932 καὶ
1051 4873 1339 4946 ἀπήλασαν
1397 4873 1592 4938 αὐτοὺς
1641 4879 1747 4930 τῶν
1781 4873 1944 4950 ὁρίων

288 4965 645 5037 αὖτῶν,δπερ
688 4962 802 5019 ἐστῖ
857 4969 1068 5040 χεῖρονο
1129 4961 1266 5020 Οὐδὶ
1311 4963 1411 5040 γὰρ
1461 4963 1742 5039 κονιορτὸν
1798 4961 1946 5019 Θέλει

289 5052 426 5130 ἔχειν
458 5055 598 5117 τοὺς
645 5053 891 5126 μαθητὰς
912 5053 941 5108 6
973 5053 1172 5129 Κύριος
1204 5051 1291 5109 ἐπὶ
1320 5057 1428 5108 τῶν
1484 5050 1668 5108 ποδῶν
1725 5050 1787 5108 ἐκ
1844 5059 1944 5121 τῆς

289 5154 390 5205 τῶν
432 5145 679 5205 ἀνοσίων
737 5145 1033 5220 ἀνθρώπων
1081 5153 1210 5224 γῆς,
1270 5142 1580 5210 δεικνύντας
1629 5143 1718 5200 διὰ
1750 5144 1946 5201 τούτου

293 5237 564 5296 δτιοόδὶν
599 5236 924 5312 ἱκομίσαντο
985 5237 1092 5293 ἀπὸ
1144 5241 1252 5292 τῶν
1319 5238 1575 5301 ἀπειθῶν.
1629 5241 1838 5310 Δεῖγμα
1891 5233 1948 5291 δέ

291 5327 423 5386 law
454 5333 484 5388 6
513 5327 806 5403 κονιορτὸς
847 5332 947 5384 τοῦ
997 5325 1175 5384 κόπου
1206 5326 1264 5384 δν
1301 5327 1588 5402 ὑπέμειναν
1626 5323 1696 5382 δι’
1724 5323 1944 5390 αὐτοὺς.

827 5529 1099 5589 ΚΕΦΑΔ.
1133 5527 1268 5589 KA‘.

297 5637 478 5702 Ὅπως
517 5637 572 5695 ἕν
624 5638 839 5714 Ἰκονίῳ
894 5636 1228 5714 κῃρςῦξα-ιτες
1283 5634 1382 5714 τὸν
1427 5635 1659 5714 Χριστὸν
1720 5632 1947 5692 πολλῶν

361 5733 412 5768 τε
441 5707 846 5773 πιστευσαντων
891 5707 1242 5783 ἐδιώχθησαν
1277 5709 1327 5762 οἱ
1359 5707 1688 5764 ἀπόστολοι·

355 5901 379 5929 α
408 5878 651 5963 Ἐγίνετο
685 5879 747 5939 δὶ
796 5876 859 5935 ἂν
915 5869 1134 5945 Ἰκονίῳ
1189 5871 1324 5928 κατά
1377 5871 1438 5927 τὸ
1499 5869 1628 5926 αὐτὸ
1688 5868 1946 5934 εἰσελθεῖν
1999 5848 2012 5866 ί

2047 3553 2176 3592 esse
2208 3533 2365 3606 quod
2415 3532 2650 3599 dicitur,
2712 3529 2987 3601 indignos
3043 3525 3321 3580 indicatis
3377 3541 3477 3580 vos
3535 3524 3699 3596 ipsos

2047 3625 2269 3680 idcirco
2300 3620 2593 3694 prtemisit
2626 3635 2638 3674 :
2673 3616 2982 3689 Repellitis
3013 3613 3161 3670 illud
3188 3631 3200 3668 :
3235 3619 3294 3667 et
3325 3619 3464 3668 tunc
3494 3613 3658 3668 addit
3687 3629 3700 3666 :

2045 3711 2453 3768 Convertimur
2482 3709 2556 3764 ad
2596 3714 2823 3780 gentes.
2860 3707 2982 3760 Non
3015 3703 3164 3758 dixit
3193 3709 3393 3757 autem
3429 3719 3442 3756 :
3497 3702 3701 3758 Relin-

2048 3803 2288 3876 quimus
2318 3817 2440 3865 vos,
2465 3797 2568 3854 sed
2599 3796 2758 3867 quod
2801 3795 2926 3849 ﬁeri
2982 3793 3170 3865 possit
3199 3798 3266 3846 ut
3310 3807 3565 3856 rursum,
3602 3790 3698 3845 in-

2046 3893 2194 3964 quit,
2224 3891 2320 3946 hic
2342 3902 2782 3944 conversemur.

2118 3982 2366 4042 Xlll.50
2403 3981 2470 4032 52
2546 3975 2728 4032 Judaei
2817 3989 2950 4028 vero
3021 3970 3416 4026 incilaverunt
3472 3967 3694 4023 mulie-

2047 4094 2076 4123 «
2109 4088 2202 4128 res
2234 4069 2541 4141 religiosas
2573 4071 2629 4122 et
2675 4066 2978 4132 honestas,
3030 4062 3373 4135 primosque
3420 4057 3698 4124 civitatis,

2051 4187 2071 4214 ι
2109 4168 2167 4219 et
2211 4161 2617 4216 excitaverunt
2658 4155 3137 4230 persecutionem
3199 4151 3259 4206 in
3320 4149 3570 4205 Paulum
3631 4164 3699 4204 ac

2047 4279 2073 4308 «
2113 4254 2440 4312 Barnabam
2468 4269 2481 4307 :
2515 4257 2574 4306 et
2594 4253 2902 4323 ejecerunt
2928 4265 3028 4302 eos
3059 4246 3130 4302 de
3177 4243 3399 4300 finibus
3448 4243 3592 4298 suis.
3627 4242 3705 4296 At

2047 4370 2072 4397 ‹‹
2101 4346 2189 4400 illi
2223 4359 2468 4400 excusso
2495 4340 2736 4414 pulvere
2769 4338 2985 4412 pedum
3021 4352 3264 4391 suorum
3291 4334 3352 4388 in
3386 4349 3509 4399 eos,
3533 4347 3704 4386 vene-

2049 4461 2076 4488 ‹‹
2110 4441 2253 4491 runt
2282 4434 2568 4490 Iconium.
2605 4433 2785 4485 Porro
2818 4427 3095 4500 discipuli
3146 4423 3532 4496 replebantur
3560 4437 3701 4494 gau-

2050 4549 2078 4576 «
2112 4526 2208 4580 dio
2241 4531 2300 4580 et
2328 4523 2548 4596 Spiritu
2582 4527 2806 4576 sancto.
2839 4540 2866 4568 ››

2121 4615 2224 4671 llic
2255 4613 2560 4685 complent
2589 4610 2750 4682 quod
2779 4609 2900 4663 illis
2932 4606 3215 4679 praecepit
3271 4602 3578 4664 Dominus,
3612 4601 3704 4655 di-

2049 4722 2192 4761 cens
2226 4703 2319 4758 :Si
2351 4701 2486 4772 quis
2517 4717 2638 4755 non
2699 4697 3030 4769 susceperit
3085 4712 3204 4758 vos,
3260 4693 3517 4748 excutite
3569 4689 3706 4761 pul-

2055 4807 2252 4849 verem
2301 4789 2522 4862 pedum
2606 4793 2958 4842 vestrorum.
3025 4784 3093 4838 Hi
3151 4797 3286 4836 vero
3344 4795 3464 4834 non
3525 4775 3702 4832 modo

2053 4897 2175 4936 non
2233 4882 2644 4951 susceperunt,
2698 4889 2905 4929 verum
2961 4872 3140 4926 etiam
3207 4871 3544 4940 expuerunt
3603 4881 3705 4920 eos

2055 4989 2091 5030 a
2121 4969 2341 5026 finibus
2372 4968 2516 5036 suis,
2551 4965 2708 5038 quod
2740 4964 2911 5037 pejus
2968 4965 3076 5016 est.
3129 4961 3330 5028 Neque
3372 4956 3532 5011 enim
3593 4955 3704 5010 Do-

2057 5063 2256 5119 minus
2286 5058 2613 5131 discipulos
2670 5055 2796 5110 vult
2851 5053 3069 5108 habere
3119 5049 3422 5124 pulverem
3456 5043 3707 5118 pedibus

2057 5151 2461 5208 adhaerentem
2495 5163 2526 5203 e
2559 5152 2718 5202 terra
2766 5143 3088 5216 impiorum
3119 5138 3432 5194 hominum
3468 5152 3480 5190 :
3510 5140 3575 5188 ut
3603 5149 3712 5206 per

2059 5244 2171 5299 hoc
2204 5239 2591 5296 ostenderent
2617 5252 2679 5291 se
2710 5233 2862 5289 nihil
2892 5232 3102 5286 efferre
3135 5229 3206 5284 ab
3241 5225 3588 5282 incredulis.
3613 5224 3715 5278 Est

2058 5340 2257 5389 autem
2291 5329 2484 5402 pulvis
2517 5326 2802 5384 iudicium
2827 5322 3050 5380 laboris
3069 5335 3245 5392 quem
3279 5325 3523 5391 propter
3552 5315 3714 5386 ipsos

2059 5421 2219 5498 passi
2252 5428 2394 5481 sunt

2671 5521 2903 5582 CAPUT
2948 5519 3097 5576 XXI.

2061 5637 2338 5706 Quomodo
2396 5635 2574 5692 Iconii
2632 5631 2908 5688 Christum
2961 5626 3388 5706 praedicava'int
3415 5637 3436 5676 :
3488 5633 3722 5706 cumque

2131 5709 2294 5835 mallii
2314 5707 2671 5764 credidissent
2705 5697 3142 5775 persecutionem
3184 5697 3336 5766 passi
3391 5698 3518 5747 sunt
3575 5705 3712 5758 apo.

2130 5788 2210 5838 sto
2238 5783 2276 5838 ἰ.

2133 5873 2277 5943 XIV,
2315 5873 2402 5926 16.
2437 5866 2718 5925 «Accidit
2749 5867 2942 5921 autem
2992 5857 3174 5914 Iconii
3230 5859 3295 5910 ut
3362 5852 3470 5922 ipsi
3530 5846 3705 5904 simul
