4112 6412
363 511 480 574 311
1490 503 1917 569 CECUMENII
1961 502 2274 565 TRlCCzE
2321 501 2693 565 EPISCOPI.
3678 505 3801 566 212

372 666 402 698 ι(
423 644 742 701 introirent
753 657 1134 715 synagogam,
1167 645 1227 696 et
1253 640 1644 713 loquerentur
1654 646 1721 697 ut
1735 641 1816 696 sic
1829 639 1996 696 crede

2200 634 2400 699 αὐτοὺς
2454 635 2530 699 εἷς
2610 636 2707 705 τήν
2795 636 3109 712 συναγωγήν
3184 640 3292 691 τῶν
3347 633 3650 706 Ἰουδαίων,
3703 638 3800 696 καὶ

371 758 400 788 ‹‹
422 732 906 790 rentludworum
946 733 986 785 ι
1004 734 1037 785 Ι
1057 732 1095 785 7
1125 731 1304 785 simul
1334 737 1394 785 et
1414 731 1749 787 Graecorum
1782 729 1995 802 copiosa

2207 722 2447 795 λαλῆσαι
2480 725 2673 796 οὕτως,
2734 725 2872 781 ὣστε
2930 731 3209 781 πιστεῦσαι
3266 723 3556 783 Ἰουδαίων
3615 749 3674 785 τε
3705 729 3798 785 καὶ

374 845 402 875 ι(
433 822 773 880 multitudo.
807 821 914 886 Qui
948 837 1084 876 vero
1117 819 1413 875 increduli
1465 827 1635 876 erant
1662 820 1847 876 Judaai
1881 835 1995 875 con

2206 813 2495 885 Ἑλλήνων
2527 813 2671 870 πολὺ
2704 813 2939 883 πλῆθος.
2972 816 3035 870 Ol
3063 814 3120 871 δὲ
3152 817 3495 881 ἀπειθοῦντες
3543 815 3800 875 Ἰουδαῖοι

375 934 400 966 ι
436 913 767 968 citaverunt
795 927 863 967 ac
892 916 1288 982 corruperunt
1330 910 1562 965 animos
1619 910 1887 983 gentium
1920 909 1993 966 ad

2204 901 2494 978 ἐπήγειραν
2548 904 2637 959 καὶ
2726 902 3003 959 ἐκάκωσαν
3075 904 3172 967 τὰς
3231 908 3413 982 ψυχὰς
3466 910 3574 961 τῶν
3627 906 3796 972 ἐνθῶν

375 1023 403 1053 ι(
427 1018 632 1058 versus
648 1001 880 1056 fratres.
905 999 1084 1054 Multo
1106 1000 1283 1072 igitur
1302 1006 1566 1072 tempore
1581 1000 1871 1055 demorati
1891 1016 1999 1054 sun

2205 996 2340 1050 κατᾶ
2376 999 2481 1050 τῶν
2522 991 2791 1071 ἀδελφῶν.
2828 997 3029 1050 Ἰκανὸν
3064 997 3159 1069 μὲν
3194 995 3284 1053 οὗν
3335 998 3537 1074 χρόνον
3597 995 3806 1073 διὲτρι-

377 1114 407 1143 ι(
439 1091 672 1147 fortiter
700 1096 942 1162 agentes
963 1105 1070 1160 per
1099 1088 1437 1155 Dominum,
1478 1088 1578 1160 qui
1617 1089 2001 1145 testimoniun

2206 1088 2308 1159 ψαν
2340 1082 2840 1159 παρρησιαζόμενοι
2902 1084 2990 1141 ἐπὶ
3046 1091 3126 1159 τῷ
3185 1085 3389 1159 Κυρίῳ,
3446 1090 3526 1159 τῷ
3586 1108 3798 1164 μαρτυ-

383 1203 410 1235 α
438 1179 791 1254 perhibebat
847 1178 1108 1234 sermoni
1148 1179 1352 1251 gratim
1431 1196 1575 1242 sum,
1636 1179 1934 1250 dabatque
1966 1194 2003 1233 u

2206 1179 2390 1248 ροῦντι
2419 1178 2498 1246 τῷ
2529 1172 2685 1248 λόγῳ
2707 1180 2808 1242 τῆς
2840 1176 3067 1249 χάριτος
3102 1174 3287 1244 αὖτοῦ,
3333 1172 3539 1231 διδόντι
3599 1182 3809 1249 σημεῖα

376 1293 404 1321 «
441 1271 613 1343 signa
632 1286 699 1325 ac
712 1268 981 1341 prodigia
1004 1269 1333 1339 fierentper
1355 1284 1567 1324 manus
1589 1284 1814 1324 eorum.
1839 1268 2000 1323 Divis

2206 1263 2522 1335 καὶτὲρατα
2546 1265 2753 1339 γενέθαι
2788 1260 2875 1318 διὸ
2931 1267 3039 1318 τῶν
3090 1268 3293 1340 χειρῶν
3353 1263 3549 1320 αὐτῶν.
3612 1266 3812 1343 Ἐσχί-

384 1366 526 1416 eest
572 1365 772 1414 autem
821 1357 1140 1413 multitudo
1198 1357 1496 1413 civitatis:
1558 1363 1618 1413 et
1670 1358 1729 1412 hi
1788 1356 2008 1430 quiden

2208 1364 2306 1426 σθη
2342 1351 2398 1410 δὲ
2427 1354 2490 1408 τὸ
2520 1354 2735 1425 πλῆθος
2771 1358 2870 1420 τῆς
2900 1352 3141 1421 πόλεως,
3177 1354 3264 1409 καὶ
3297 1356 3349 1410 οἱ
3387 1354 3482 1429 μὶν
3524 1356 3657 1427 ἦσαν
3710 1357 3809 1413 σὺν

389 1473 414 1501 ‹‹
446 1449 684 1505 stabant
712 1465 745 1503 a
774 1447 1013 1514 Judasis,
1045 1446 1135 1502 illi
1188 1462 1322 1503 vero
1383 1447 1455 1502 ab
1514 1447 1821 1520 apostolis.
1854 1446 2013 1503 Cum

2214 1448 2330 1505 τοῖς
2364 1440 2677 1506 Ἰουδαίοις,
2710 1444 2760 1498 οἱ
2793 1442 2850 1499 δὶ
2900 1443 2992 1498 σὺν
3049 1448 3166 1506 τοῖς
3217 1443 3573 1509 ἀποστόλοις.
3628 1449 3717 1510 Ὡς
3751 1444 3814 1503 δὲ

392 1562 414 1590 ι
450 1557 565 1613 que
593 1540 784 1595 factus
833 1543 992 1595 esset
1043 1537 1304 1610 impetus
1369 1539 1632 1611 gentium
1691 1539 1915 1611 pariter
1967 1553 2016 1594 at

2206 1532 2420 1611 ἐγένετο
2443 1533 2592 1608 ὁρμὴ
2625 1537 2733 1588 τῶν
2764 1533 2964 1597 ἐνθνῶν
3001 1554 3059 1588 τε
3082 1534 3171 1588 καὶ
3206 1531 3488 1590 Ἰουδαίων
3539 1533 3631 1589 σὺν
3688 1541 3811 1599 τοῖς

385 1651 413 1681 ‹‹
444 1630 786 1686 Iudaeorum
830 1644 955 1684 una
1009 1644 1145 1684 cum
1201 1628 1573 1700 principibus
1625 1629 1749 1685 suis
1808 1633 1871 1683 ut
1917 1629 2009 1684 vin

2211 1628 2474 1708 ἅρχουαιν
2503 1630 2704 1696 αὐτῶν,
2738 1626 2955 1706 ὑϐρίσαι
3012 1632 3104 1686 καὶ
3166 1627 3535 1701 λιθοϐολῆσαι
3587 1632 3814 1703 αὐτοὺς,

383 1742 412 1770 α
446 1719 761 1785 inferrent,
794 1733 1013 1789 eosque
1054 1717 1406 1788 lapidarent,
1452 1734 1515 1773 re
1541 1718 1778 1791 cognita
1826 1718 2006 1775 confu

2212 1718 2516 1783 συνιδόντες
2548 1719 2843 1798 κατέφυγον
2877 1721 2952 1784 εἰς
2985 1721 3080 1785 τάς
3119 1719 3317 1785 πόλεις
3370 1728 3471 1791 τῆς
3504 1723 3812 1787 Λυκαονίας

387 1830 414 1862 ι
456 1814 673 1881 gerunt
700 1806 775 1863 ad
823 1806 1089 1861 civitates
1148 1806 1455 1878 Lycaoniae
1513 1807 1778 1879 Lystram
1810 1814 1871 1863 et
1896 1809 2011 1865 Der

2214 1818 2458 1887 Λύστραν
2503 1810 2593 1867 καὶ
2653 1804 2885 1885 Δέρϐην,
2944 1810 3035 1865 καὶ
3100 1812 3200 1881 τήν
3262 1811 3599 1888 περίχωρον,
3655 1812 3818 1869 κάκεῖ

395 1918 418 1948 ι
454 1898 570 1954 ben
600 1914 668 1953 ac
697 1896 1015 1953 ﬁnitimam
1050 1895 1378 1968 regionem,
1414 1895 1615 1967 ibique
1636 1896 2015 1968 praedicaban

1322 1912 1378 1962 n,
1414 1895 1615 1967 ibique
1636 1896 2044 1968 praedicabant
2158 1924 2179 1950 ι
2213 1899 2350 1969 ἦσαν
2382 1896 2888 1974 εὐαγγελιζόμενοι.
2926 1923 2946 1949 ι

392 1987 919 2082 «Εναιιςοϋιιωηι
1046 2077 1148 2082 --Α
1256 2074 1271 2082 _
1412 2076 1427 2082 _
1554 2076 1569 2082 _
2076 2016 2124 2082 Β

465 2099 496 2127 ‹‹
524 2075 947 2149 Confugerunt.
985 2098 1007 2127 ι
1046 2074 1380 2132 Notandum
1412 2076 1525 2131 hoc
1554 2076 1684 2133 loco
1716 2094 1839 2133 non
1868 2092 2046 2149 apor-
2076 2074 2089 2081 ’

2230 2101 2258 2128 ‹‹
2307 2078 2635 2155 Κατὲφυγον.
2694 2100 2723 2129 r.
2782 2078 3137 2151 Σημειωτὲον
3193 2076 3416 2143 ἐνταῦθα
3474 2077 3557 2135 ὅτι
3616 2080 3681 2136 οὗ
3735 2077 3828 2137 δεῖ

394 2171 519 2222 tere
546 2181 656 2220 nos
694 2164 757 2220 in
816 2163 1082 2236 pericula
1136 2164 1455 2237 conjicere,
1516 2165 1621 2221 sed
1670 2166 1718 2221 si
1767 2181 1917 2237 opus
1947 2166 2018 2222 sit

2207 2166 2489 2244 τιῤῥίπτειν
2522 2170 2671 2238 ἡμᾶς
2728 2171 2846 2229 τοῖς
2891 2164 3189 2238 κινδύνοις,
3223 2166 3351 2223 ἀλλ’
3417 2168 3464 2222 εί
3527 2165 3666 2237 δέοι,
3728 2171 3831 2227 καὶ

396 2256 577 2313 etiam
609 2254 683 2310 ad
715 2259 951 2326 tempus
979 2253 1203 2327 fugere,
1247 2270 1383 2310 cum
1419 2255 1696 2311 Ecclesiae
1725 2255 1907 2312 duces
1935 2257 2020 2312 hot

2206 2255 2374 2332 εὖγειυ
2403 2256 2539 2329 πρὸς
2570 2256 2780 2331 καιρὸν,
2810 2260 2921 2310 τῶν
2952 2256 3262 2333 κορυφαίων
3292 2253 3453 2313 τοῦτο
3481 2257 3830 2332 ποιούντων,

392 2345 666 2408 fecerint,
688 2350 975 2415 tanquam
997 2344 1261 2399 volentes
1284 2345 1769 2416 praedicationem
1792 2362 2016 2401 comma

2209 2364 2340 2418 σπερ
2374 2341 2662 2413 ἐπίστηδες
2711 2343 2941 2399 ἐκτεῖναι
2998 2344 3378 2421 βουλομένους
3413 2347 3475 2401 τὸ
3536 2350 3831 2425 κήρυγμα.

393 2435 467 2491 de
500 2434 839 2501 extendere,
872 2432 1179 2506 magisque
1210 2434 1728 2506 persecutionibus
1750 2437 1973 2508 augeri.

1815 2437 1973 2508 lgeri.
2158 2436 2248 2489 καὶ
2275 2429 2366 2489 διὰ
2391 2438 2521 2507 τῶμ
2556 2430 2819 2511 διωγμῶν
2856 2432 3074 2510 μᾶλλον
3105 2434 3439 2509 αὐξάνεσθαι.

998 2523 1231 2579 CAPUT
1268 2524 1446 2579 XXII.

2768 2525 3032 2581 ΚΕΦΑΛ.
3075 2526 3199 2581 ΚΒ“.

399 2624 484 2675 De
513 2617 708 2673 claudo
726 2634 760 2672 a
788 2615 1087 2672 nativitate
1117 2619 1215 2687 qui
1243 2619 1450 2686 Lystris
1501 2632 1607 2687 per
1654 2616 1927 2685 apostolos
1955 2633 2022 2671 cu

465 2696 622 2739 ratus
652 2695 728 2739 est
763 2695 1029 2739 :nronter
1056 2689 1207 2739 auod
1243 2690 1327 2739 dii
1372 2704 1500 2739 esse.
1559 2694 1612 2739 et
1644 2691 1834 2739 furore
1862 2689 2015 2739 divin

2212 2631 2235 2665 ε
2276 2611 2293 2666 ὶ
2338 2615 2438 2667 τοῦ
2493 2611 2545 2667 ἐν
2608 2611 2753 2667 Λῦστ
2795 2631 2880 2673 οις
2938 2612 2997 2668 ἐκ
3044 2616 3261 2688 γενετῆς
3331 2613 3525 2689 γωλοῦ
3575 2614 3834 2682 ὶαθὲντος

2233 2630 2323 2739 διὰ
2376 2688 2485 2739 τῶν
2545 2633 2893 2739 ἀποστόλων
2962 2682 3031 2739 δι’
3105 2686 3237 2739 ὅπερ
3321 2678 3454 2739 εῘναί
3537 2706 3597 2739 τε
3679 2690 3829 2739 θεοὶ-

465 2696 622 2745 ratus
652 2695 728 2745 est
763 2695 1029 2759 :propter
1056 2678 1207 2761 quod
1243 2678 1327 2761 dii
1372 2678 1521 2755 esse;
1559 2694 1612 2743 et
1641 2678 1834 2758 furore
1862 2689 2052 2744 divino

2233 2678 2323 2761 δεδι
2376 2688 2485 2739 τῶν
2545 2678 2922 2761 ἀποστόλων.
2962 2678 3067 2739 δι”
3293 2678 3454 2761 μέῨναί
3537 2706 3597 2761 τε
3679 2678 3829 2761 θεοὶ,

465 2763 674 2831 agitari
701 2753 812 2816 visi
830 2753 1215 2833 suntinéolis,
1243 2760 1339 2815 ubi
1362 2753 1555 2830 postea
1588 2753 1873 2830 lapidatur
1899 2761 2048 2816 Pau-

2387 2762 2618 2833 μανῆναι
2701 2753 3225 2833 τοξςᾘᾼὲγχωρίοιςξ
3290 2755 3497 2833 ἔδοξαν·
3568 2755 3696 2833 ἔνθα
3752 2753 3829 2830 δή

471 2825 554 2889 ius
582 2850 615 2888 a
643 2831 864 2889 Iudaeis
892 2832 1019 2886 urbi
1046 2832 1261 2887 vicinis.
1362 2825 1383 2830 ’
1636 2825 1655 2830 ’

2233 2826 2324 2906 καὶ
2389 2825 2695 2906 Ἲμετᾷπειτα-
2762 2825 3128 2906 mereare
3184 2825 3407 2894 Παῦλος
3483 2831 3630 2906 παρά
3709 2825 3826 2889 τῶν

2234 2897 2626 2973 ἀστυγειτόνων
2658 2897 2961 2957 Ἰουδαίων.

471 2994 623 3061 XIV,
656 2996 805 3048 7-2t.
850 3016 876 3042 α
901 2995 972 3047 Et
1000 2991 1242 3063 quidam
1276 2991 1363 3047 vir
1390 2992 1609 3064 Lystris
1639 2992 1856 3048 debilis
1886 2991 2056 3064 pedi-

2237 3012 2265 3041 ‹‹
2304 2987 2399 3044 Καί
2430 3010 2511 3050 τις
2540 2988 2677 3063 ἀνὴρ
2719 2987 2771 3044 ἐν
2810 2988 3077 3063 Λύστροις
3134 2990 3428 3053 ἀδύναντος
3484 2997 3604 3056 τοῖς
3670 2991 3831 3050 ποσὶν

400 3105 430 3133 ‹‹
453 3082 564 3139 bus
598 3082 882 3138 sedebat:
916 3081 1017 3153 qui
1056 3098 1190 3137 cum
1222 3081 1294 3137 ab
1326 3088 1496 3137 utero
1547 3082 1752 3137 matris
1808 3080 2024 3137 claudu

2228 3075 2483 3149 ἐκάθητο.
2520 3080 2711 3153 χωλὸς
2745 3077 2805 3134 ἐκ
2834 3077 3050 3141 κοιλίας
3088 3081 3296 3157 μητρὸς
3329 3080 3494 3137 αὐτοῦ
3543 3081 3838 3163 ὑπάρχων,

400 3195 429 3224 ‹‹
465 3177 623 3228 esset
648 3187 958 3243 nunquam
982 3170 1406 3226 ambulaverat.
1434 3171 1537 3225 llic
1560 3170 1783 3226 audivit
1810 3170 2024 3227 Paulum

2229 3167 2290 3231 ’ἐς
2350 3163 2612 3223 οὐδέποτε
2695 3170 3176 3243 περιεπεπατήκει.
3264 3170 3437 3233 Οὗτος
3507 3168 3675 3241 ἤκουε
3728 3176 3840 3228 τοῦ

397 3285 425 3313 ‹‹
464 3262 805 3332 loquentem
843 3278 857 3316 :
890 3261 991 3333 qui
1035 3261 1292 3316 intuitus
1350 3277 1508 3325 eum,
1542 3262 1867 3332 vidensque
1900 3278 2018 3332 quo

2232 3255 2453 3313 Παύλου
2494 3255 2818 3319 λαλοῦντος.
2879 3258 2977 3319 Ὀς
3036 3257 3279 3320 ἀτενίσας
3310 3260 3461 3329 αὐτῷ
3517 3261 3609 3316 καὶ
3668 3258 3833 3334 ἰδὼν,

400 3372 430 3401 ι(
463 3350 641 3405 fidem
682 3350 930 3405 haberet
977 3355 1037 3404 et
1087 3354 1154 3403 ut
1182 3348 1379 3404 salvus
1411 3350 1600 3415 fieret,
1635 3351 1783 3405 dixit
1838 3366 2024 3422 magn;

2234 3347 2317 3402 ὅτι
2351 3346 2528 3401 πίστιν
2561 3343 2678 3420 ἔχει
2707 3350 2805 3400 τοῦ
2837 3348 3097 3416 σωθῆναι,
3136 3348 3257 3403 εἷπε
3291 3347 3505 3427 μεγάλῃ
3540 3353 3607 3424 τῇ
3642 3355 3831 3427 φωνῇ.

399 3461 429 3491 ‹‹
461 3455 635 3495 voce:
669 3440 849 3510 Surge
898 3440 960 3493 in
987 3438 1169 3509 pedes
1199 3444 1333 3494 tuos
1366 3444 1583 3494 rectus.
1620 3440 1690 3493 Et
1720 3439 1959 3499 exsillit.
1992 3455 2022 3494 e

2233 3437 2525 3505 ’Λνάστηθι
2556 3432 2642 3489 ἐπὶ
2676 3434 2802 3497 τοὺς
2837 3432 3007 3498 πόδας
3056 3457 3151 3491 σου
3187 3437 3371 3510 ὀρθός.
3437 3439 3533 3495 Καὶ
3589 3439 3825 3511 ἥλλετο,

400 3528 827 3583 «ambulabat.
889 3528 1096 3583 Turbre
1156 3543 1289 3582 vero
1349 3544 1483 3585 cum
1548 3528 1835 3584 vidissent
1890 3544 2024 3599 quo<

2221 3526 2312 3581 καὶ
2344 3526 2678 3599 περιεπάτει.
2740 3525 2806 3582 Οἱ
2858 3523 2915 3578 δὲ
2970 3521 3138 3605 ὄχλοι
3201 3523 3407 3588 ἰδόντες
3441 3528 3469 3583 δ
3501 3529 3751 3597 ἐποίησεν
3792 3532 3822 3585 ὁ

401 3640 424 3667 ι
458 3618 684 3673 fecerat
703 3617 938 3675 Paulus.
970 3617 1342 3673 sustulerunt
1364 3634 1563 3673 vocem
1583 3634 1749 3675 suam
1774 3634 2025 3673 εει-[ηοω

2190 3615 2403 3681 ΙάῦΛός,
2438 3613 2645 3687 ἐπῆραν
2678 3613 2775 3680 τήν
2836 3615 3023 3690 φωνὴν
3084 3614 3260 3669 αὐτῶν
3316 3617 3652 3677 Λυκαονιστὶ,
3713 3616 3814 3672 λέ-

404 3731 432 3759 ιι
466 3708 813 3780 Lycaonico,
834 3708 870 3762 I
890 3710 923 3761 I
940 3708 987 3763 8
1007 3707 1307 3762 dicentes:
1343 3708 1429 3763 Dii
1450 3709 1794 3764 hominibus
1816 3709 2020 3763 assimi

2214 3704 2526 3778 γονης-υἱ
2556 3702 2668 3767 0εοῖ
2727 3703 3091 3774 ὁμοιωθέντες
3151 3703 3459 3777 ἀνθρώποις
3519 3699 3822 3776 κατέϐησαν

403 3820 430 3849 ‹‹
464 3798 567 3853 lati
601 3797 1043 3853 descenderunt
1072 3796 1146 3852 ad
1167 3815 1295 3853 nos.
1321 3800 1390 3852 Et
1410 3798 1703 3854 vocabant
1723 3799 2027 3854 Barnaban

2225 3795 2359 3869 πρὸς
2393 3795 2561 3863 ἡμᾶς.
2624 3790 2891 3849 Ἐκάλουν
2940 3812 2997 3846 τε
3049 3793 3140 3846 τὸν
3204 3794 3298 3865 μὲν
3362 3789 3662 3867 Βαρνάϐαν,
3698 3803 3829 3868 Δια,

402 3889 674 3956 «Jovem,
699 3888 945 3944 Paulum
966 3904 1100 3942 vero
1121 3890 1491 3955 Mercurium,
1507 3889 1664 3960 quod
1686 3889 1736 3943 is
1759 3894 1917 3944 esset
1936 3888 2026 3945 du:

2223 3882 2314 3936 τὸν
2346 3879 2402 3937 δὲ
2437 3881 2676 3950 Παῦλον,
2737 3884 2971 3954 Ἑρμῆν,
3005 3878 3190 3951 ἐπειδὴ
3224 3881 3387 3944 αὐτὸς
3419 3885 3483 3952 ῆν
3514 3885 3541 3938 ὁ
3574 3884 3834 3959 ἡγούμε-

406 3999 435 4029 οι
469 3977 784 4033 sermonis.
819 3975 1105 4032 Sacerdos
1134 3982 1331 4031 autem
1362 3978 1540 4045 Jovis,
1565 3978 1664 4048 qui
1700 3982 1836 4033 ante
1860 3977 2030 4033 civita

2223 3992 2317 4035 νος
2344 3976 2441 4026 τοῦ
2481 3967 2673 4045 λόγου.
2706 3976 2765 4027 Ὀ
2796 3968 2854 4025 δὲ
2883 3968 3057 4039 ἱερεὺς
3086 3974 3187 4024 τοῦ
3220 3971 3366 4040 Διὸς,
3396 3978 3493 4027 τοῦ
3530 3969 3682 4036 ὄντος
3717 3974 3833 4050 πρὸ

406 4087 435 4118 «
467 4072 586 4122 tem
619 4066 859 4121 illorum
900 4071 1048 4129 erat,
1107 4065 1305 4119 allatis
1360 4066 1544 4121 tauris
1601 4072 1657 4121 et
1711 4066 1951 4121 coronis
1981 4082 2030 4120 at

2227 4065 2326 4129 τῆς
2360 4056 2575 4121 πόλεως
2610 4058 2811 4128 αὐτῶν,
2841 4057 3072 4132 ταύρους
3106 4057 3197 4113 καὶ
3229 4060 3514 4133 στέμματα
3563 4061 3652 4117 ἐπὶ
3699 4062 3836 4125 τοὺς

406 4177 435 4207 ‹‹
467 4154 763 4211 vestibula
807 4169 942 4209 cum
995 4153 1186 4208 turbis
1244 4153 1476 4209 volebat
1523 4154 1856 4209 immolare.
1890 4155 2030 4219 Qum

2230 4147 2484 4210 πυλῶνας
2553 4146 2790 4226 ἐνέγκας,
2852 4148 2943 4203 σὺν
3004 4153 3121 4211 τοῖς
3176 4146 3377 4225 ὄχλοις
3434 4147 3600 4219 ἤθελε
3657 4152 3831 4210 θόειν.

407 4265 437 4295 α
469 4244 569 4300 ubi
601 4243 920 4300 audierunt
948 4244 1199 4314 apostoli
1225 4242 1520 4298 Barnabas
1550 4249 1609 4298 et
1641 4244 1881 4313 Paulus,
1913 4261 2031 4300 con

2227 4238 2585 4301 Ἀκούσαντες
2624 4235 2682 4294 δὲ
2712 4238 2764 4293 οἱ
2797 4236 3097 4293 ἀπόστολοι
3131 4233 3407 4313 Βαρνάϐας
3434 4238 3524 4295 καὶ
3583 4240 3832 4313 Παῦλος,

413 4356 441 4387 ι
470 4333 675 4389 scissis
707 4332 965 4389 vestibus
1004 4333 1129 4387 suis
1187 4331 1531 4387 insilierunt
1562 4334 1622 4388 in
1654 4333 1911 4396 turbam,
1945 4334 2037 4389 cla

2230 4324 2611 4402 διαρρήξαντες
2695 4328 2763 4381 τὰ
2810 4327 3005 4401 ἱμάτια
3080 4326 3279 4395 αὐτῶν,
3322 4325 3687 4399 εἰσεπήδησαν
3746 4332 3839 4395 εἷς

407 4446 437 4476 ‹‹
465 4430 697 4480 mantes
752 4439 822 4478 ac
874 4422 1180 4478 dicentes:
1215 4423 1354 4485 Viri,
1386 4429 1455 4479 ut
1484 4423 1626 4494 quid
1659 4425 1774 4479 ista
1820 4424 2017 4480 facitis

2230 4419 2322 4472 τὸν
2376 4414 2576 4498 ὄχλον,
2638 4418 2926 4491 κράζοντες
2978 4416 3069 4472 καὶ
3127 4416 3390 4492 λέγοντες’
3469 4418 3714 4496 ’⁰Ανδρες,
3774 4419 3845 4480 τί

410 4536 436 4564 ‹‹
462 4531 571 4569 nos
598 4530 835 4586 quoque
859 4512 1137 4568 similiter
1159 4512 1471 4569 affectibus
1501 4519 1560 4568 et
1588 4514 1765 4570 malis
1795 4514 2032 4569 obnoxii

2228 4512 2395 4564 ταῦτα
2425 4513 2635 4564 ποιεῖτε
2666 4528 2681 4579 ;
2710 4508 2801 4561 καὶ
2854 4509 3020 4581 ἡμεῖς
3080 4508 3445 4580 ομοιοπαθεῖς
3502 4508 3661 4582 ἐσμεν
3700 4511 3847 4582 ὑμῖν

408 4630 436 4656 ιι
470 4618 674 4662 sumus
718 4603 1013 4665 homines,
1045 4604 1475 4660 annuntiantes
1512 4611 1579 4661 ut
1607 4606 1683 4662 ab
1716 4607 1845 4662 istis
1895 4606 2026 4662 vani

2231 4596 2533 4674 ἄνθρωποι,
2568 4596 3056 4672 εὐαγγελιζόμενοι
3091 4597 3230 4669 ὑμᾶς
3289 4596 3395 4652 ἀπὸ
3455 4598 3660 4654 τούτων
3715 4604 3844 4656 τῶν

412 4720 434 4747 ι
461 4693 889 4753 convertamini
909 4693 983 4749 ad
1015 4694 1199 4750 Deum
1232 4695 1448 4762 vivum,
1482 4696 1580 4765 qui
1604 4695 1746 4752 fecit
1765 4696 1979 4753 caelum
2002 4712 2033 4752 e

2235 4688 2478 4762 ματαίων
2510 4687 2849 4763 ἐπιστρέφειν
2905 4686 2992 4742 ἐπὶ
3051 4687 3142 4744 τὸν
3198 4690 3328 4743 Θεὸν
3382 4688 3476 4745 τὸν
3536 4693 3734 4761 ζῶντα,
3771 4694 3847 4759 ὃς

414 4806 436 4835 ι
470 4792 713 4853 terram,
746 4800 910 4840 mare
933 4789 990 4839 et
1019 4784 1218 4839 omnia
1252 4799 1385 4854 quae
1416 4785 1476 4838 in
1511 4785 1597 4839 eis
1627 4791 1804 4841 sunt:
1867 4786 1969 4857 qui
2002 4786 2038 4840 il

2246 4780 2470 4849 ἐποίησε
2499 4780 2590 4835 τὸν
2624 4778 2853 4851 οὐρανὸν
2880 4778 2970 4833 καὶ
3004 4780 3103 4848 τῆν
3137 4781 3265 4856 γῆν,
3322 4778 3411 4834 καὶ
3468 4782 3567 4848 τῆν
3624 4780 3851 4839 θάλασ-

413 4896 436 4924 ι
470 4874 787 4946 praeteritis
816 4873 1298 4946 generationibus
1331 4874 1566 4929 sinebat
1611 4892 1823 4931 omnes
1853 4879 2037 4947 gente:

2235 4890 2332 4925 σαν
2388 4869 2479 4923 καὶ
2533 4868 2707 4923 πάντα
2780 4869 2847 4923 τὰ
2898 4866 2949 4922 ἐν
3008 4867 3219 4929 αὐτοῖς·
3279 4868 3338 4931 ὃς
3396 4866 3449 4924 ἐν
3504 4876 3624 4932 ταῖς
3682 4893 3856 4949 παρ-

412 4985 440 5013 (ι
470 4964 698 5036 ingredi
729 4962 838 5017 viis
870 4963 1012 5018 suis.
1038 4964 1384 5034 Quanquam
1415 4980 1533 5019 non
1568 4971 1869 5036 expertem
1894 4965 2036 5020 testi

2235 4978 2361 5033 ῳχη
2375 4961 2554 5031 μέναις
2582 4962 2786 5033 γενεαῖς
2818 4956 2963 5013 εἶάσε
2994 4958 3164 5012 πάντα
3213 4957 3280 5011 τὰ
3319 4956 3444 5027 ἔθνη
3504 4959 3856 5032 πορεύεσθαι

412 5073 440 5099 ‹‹
476 5050 661 5105 monii
694 5050 954 5120 seipsum
980 5066 1111 5105 esse
1142 5049 1398 5113 sinebat,
1432 5051 1572 5108 dum
1604 5052 1898 5108 beneficia
1927 5062 2036 5108 cOn

2231 5054 2349 5113 ταῖς
2380 5045 2529 5110 ὁδοῖς
2561 5048 2760 5106 αὐτῶν.
2814 5047 3000 5103 Καίτοι
3056 5067 3118 5122 γε
3176 5047 3279 5103 οὐκ
3334 5048 3646 5125 ἀμάρτυρον
3698 5051 3853 5107 ἑαυ-

410 5162 439 5190 ‹‹
471 5139 674 5203 ferret,
717 5138 789 5193 de
821 5139 966 5194 cmlo
996 5138 1146 5194 dans
1186 5139 1360 5194 nobis
1390 5140 1621 5211 pluvias
1673 5158 1741 5197 ac
1790 5147 2034 5213 tempor:

2245 5140 2336 5194 τὸν
2388 5139 2593 5217 ἀφῆκεν
2677 5138 3053 5216 ἀγαθοποιῶν,
3140 5138 3428 5213 οὐρανόθεν
3514 5143 3650 5216 ἡμῖν
3740 5143 3864 5199 ὗε-

409 5251 435 5278 ‹‹
471 5228 796 5287 fructifera.
830 5227 1087 5299 implens
1126 5228 1256 5283 cibo
1290 5234 1349 5284 et
1391 5230 1597 5286 laetitia
1629 5230 1808 5286 corda
1832 5238 2033 5288 nostra

2236 5228 2361 5290 τοὺς
2439 5226 2645 5299 διδοὺς,
2724 5228 2815 5283 καὶ
2902 5226 3127 5302 καιροὺς
3195 5229 3602 5309 καρποφόρους,
3657 5229 3860 5304 ἐμπι-

411 5339 434 5369 ε
472 5320 541 5375 Et
572 5320 699 5373 haec
727 5318 997 5373 dicentes
1065 5318 1154 5372 vix
1194 5325 1691 5390 compescuerunt
1738 5320 1942 5376 turbas
1986 5337 2035 5375 nl

2229 5317 2387 5373 πλῶν
2412 5325 2624 5396 τροφῆς
2671 5317 2762 5373 καὶ
2820 5317 3156 5397 εὐφοοσύνης
3208 5316 3303 5380 τὰς
3360 5315 3588 5392 καρδίας
3626 5322 3846 5392 ἡμῶν,

409 5429 436 5456 ‹‹
472 5406 585 5461 sibi
617 5406 1037 5461 immolarent:
1081 5414 1551 5479 supervenerunt
1586 5413 1781 5464 autem
1817 5410 2033 5481 quidan

2236 5407 2341 5465 Καὶ
2369 5412 2539 5463 ταῦτα
2571 5404 2819 5467 λέγοντες
2852 5405 3016 5478 μόλις
3046 5407 3383 5462 κατέπαυσαν
3423 5407 3553 5471 τοὺς
3614 5404 3860 5485 ὄχλους

411 5519 439 5547 ιι
468 5497 542 5552 ab
578 5495 884 5550 Antiochia
918 5502 976 5551 et
1020 5496 1219 5552 Iconio
1248 5496 1457 5563 Judaei,
1490 5498 1591 5569 qui
1624 5515 1757 5556 cum
1816 5514 2033 5570 persua

2241 5500 2333 5552 τοῦ
2368 5498 2444 5570 μή
2479 5495 2621 5559 θύειν
2646 5496 2858 5557 αὐτοῖς.
2903 5495 3177 5563 Ἐπῆλθαν
3209 5491 3267 5551 δὲ
3317 5495 3422 5551 ἀπὸ
3476 5500 3865 5575 Ἀντιοχείας

417 5608 438 5637 ι
474 5586 694 5642 sissent
712 5584 899 5643 turbis
917 5601 984 5640 ac
1008 5586 1255 5642 Paulum
1275 5586 1661 5660 lapidassent,
1682 5594 2037 5647 extraxerun

2240 5585 2325 5642 καὶ
2358 5585 2593 5643 Ἰκονίου
2626 5582 2905 5649 Ἰουδαῖοι,
2938 5584 3029 5641 καὶ
3078 5584 3351 5649 πείσαντες
3406 5585 3535 5648 τοὺς
3592 5583 3864 5668 ὅχλους,

420 5699 447 5731 ιι
477 5693 613 5734 cum
644 5692 675 5733 e
708 5676 941 5731 civitate
972 5674 1383 5731 existimantes
1418 5682 1719 5734 mortuum
1752 5694 1903 5736 esse.
1937 5679 2044 5736 Cir-

2250 5677 2324 5733 ιαὶ
2356 5678 2669 5740 λιθάσαντες
2695 5676 2787 5733 τὸν
2823 5674 3064 5745 Παῦλον,
3097 5674 3285 5751 ἔσυρον
3346 5672 3450 5750 ἔξω
3499 5685 3598 5747 τῆς
3656 5680 3874 5738 πόλες

415 5792 443 5818 «ς
478 5766 899 5826 cumdantibus
928 5771 1127 5823 autem
1177 5782 1311 5822 eum
1358 5767 1666 5841 discipulis
1719 5770 1978 5826 surrexit
2006 5785 2037 5827 e

2242 5789 2332 5839 ως,
2372 5767 2686 5842 νομίσαντες
2743 5766 2905 5824 αὐτὸν
2962 5766 3224 5825 τεθνάναι.
3297 5767 3711 5841 Κυκλωσάντων
3766 5769 3866 5836 Si

422 5877 444 5908 ε
477 5858 722 5915 intravit
748 5856 1082 5914 civitatem:
1116 5871 1183 5911 ac
1214 5862 1452 5929 postero
1494 5857 1590 5915 die
1647 5858 1945 5932 profectus
1976 5877 2046 5917 es‘

2258 5857 2394 5914 ιῦτὸν
2424 5863 2531 5914 τῶν
2573 5860 2851 5933 μαθητῶν,
2882 5856 3111 5921 ἀναστὰς
3160 5856 3412 5930 εἰσῆλθεν
3472 5858 3550 5925 είς
3598 5862 3696 5934 τὴν
3723 5863 3882 5920 τις..
