4112 6426
234 444 342 507 2ὶ3

1249 455 1656 518 COMMENT.
1703 459 1780 519 ΙΝ
1827 459 2032 520 ACTA
2072 463 2692 530 APOSTOLORUM.

3582 476 3701 536 214

245 578 536 679 «λινοηκαὶ
568 585 646 654 τῇ
689 579 974 660 ἐπαύριον
1033 583 1226 657 ἐξῆλθε
1283 587 1376 643 σὺν
1413 592 1493 660 τῷ
1551 583 1805 664 Βαρνάϐᾳ
1859 589 1927 654 εἷς

2056 617 2080 648 (ι
2114 614 2249 655 cum
2295 601 2563 658 Barnaba
2623 603 2894 660 Derbem.
2957 607 3026 660 Et
3077 622 3213 662 cum
3271 605 3702 679 praedicassent

258 668 544 748 ιιΔὲρϐιν.
604 673 1148 752 Εὖαγγελισαμενοί
1195 699 1248 734 τε
1314 681 1414 750 τήν
1480 679 1645 737 πόλιν
1709 682 1937 754 ἐκείνην,

267 766 404 820 ικαὶ
487 765 952 837 μαθητεύσαντες
1021 768 1256 834 ἱκανοὺς,
1310 770 1646 845 ὑπέστρεψαν
1706 772 1780 834 εἷς
1839 779 1938 842 τήν

263 883 289 910 α
328 855 571 926 Λύστραν
615 856 712 910 καὶ
748 858 982 913 Ἰκόνιον
1015 859 1105 912 καὶ
1139 859 1504 935 Ἀντιόχειαν,
1551 861 1931 937 ἐπιστηρίζον-

260 971 405 1012 ατες
433 949 529 1011 τὰς
574 949 767 1024 ψυχας
831 955 942 1004 τῶν
1002 956 1283 1024 μαθητῶν,
1345 953 1433 1008 καὶ
1492 953 1937 1024 παρακαλοῦντες

265 1037 581 1110 «ἐμμένειν
611 1043 684 1112 τῇ
716 1038 924 1105 πίστει,
985 1041 1075 1094 καὶ
1136 1042 1216 1096 ὅτι
1269 1038 1359 1096 δια
1405 1040 1636 1098 πολλῶν
1695 1042 1934 1118 θλίψεων

256 1154 284 1180 σι
321 1127 407 1183 δεῖ
433 1130 590 1203 ἡμᾶς
625 1127 900 1193 εἰσελθεῖν
933 1130 1008 1192 εἰς
1040 1132 1140 1200 τὴν
1173 1129 1458 1206 βασιλείαν
1487 1130 1586 1187 τοῦ
1627 1138 1781 1190 Θεοῦ.
1817 1158 1845 1185 ››

333 1246 358 1268 ε
393 1219 806 1294 Διαρῥτςξαντες
841 1219 906 1274 τὰ
935 1220 1150 1292 ἱμάτια.
1185 1244 1208 1268 υ
1252 1222 1414 1284 Ἕθος
1456 1220 1597 1276 ἐστὶν
1651 1220 1934 1286 Ἰουδαίοις

261 1309 350 1365 ἐπὶ
411 1314 537 1370 ταῖς
599 1309 740 1363 κατὰ
793 1312 930 1363 Θεοῦ
993 1305 1328 1387 δυσφημίαις
1384 1309 1814 1386 περιῤῥηγνύνσι
1870 1313 1937 1366 τὰ

259 1400 481 1470 ἱμάτια·
521 1397 624 1452 Καὶ
656 1401 787 1470 γοῦν
837 1399 866 1452 6
924 1399 1187 1478 Καϊάφας,
1256 1399 1372 1455 υἱὸν
1431 1401 1618 1455 ἑαυτὸν
1672 1406 1770 1456 τοῦ
1829 1407 1935 1458 Θοῦ

259 1485 530 1561 λεγοντος
563 1490 665 1540 τοῦ
705 1489 968 1560 Χριστοῦ,
1027 1487 1347 1564 περιέρρηξε
1403 1489 1504 1556 τὴν
1548 1488 1768 1558 ἐσθῆτα,
1818 1487 1934 1545 δια-

261 1573 543 1648 κεκραγώς
575 1594 634 1628 τε
663 1573 754 1627 καὶ
796 1571 997 1647 λέγων,
1045 1572 1128 1628 ὅτι
1183 1572 1559 1653 ἐδυσφήμησε.
1610 1579 1787 1632 Τοῦτο
1835 1598 1934 1633 πε-

274 1666 524 1738 πράχασι
574 1664 667 1716 καὶ
730 1663 783 1717 οἳ
845 1664 1121 1718 θεσπέσιοι
1165 1664 1406 1736 μαθηταὶ
1493 1660 1767 1740 Βαρνάϐας
1842 1666 1932 1721 καὶ

281 1752 525 1820 Παῦλος,
575 1752 796 1816 ἐνταῦθα
861 1751 974 1816 θεοῖ
1025 1752 1391 1824 νομισθὲντες,
1450 1754 1556 1810 απὸ
1643 1752 1930 1816 διαθέσεως

281 1850 477 1920 ψυχῆς
535 1845 999 1923 ἀποστρεφόμενοι
1050 1846 1118 1900 τὰ
1180 1846 1468 1919 γινόμενα,
1551 1848 1638 1901 καὶ
1701 1848 1929 1912 πένθους

279 1941 560 1996 ποιοῦντες
589 1940 814 2007 σημεῖα.
854 1933 1056 1996 Πένθος
1087 1934 1188 2010 γὰρ
1219 1935 1286 2004 ἦν
1315 1931 1483 1998 ὄντως
1534 1935 1647 2013 εἷ’γε
1690 1935 1926 2010 ἔμελλον

273 2027 387 2090 θεοὶ
411 2026 729 2097 νομίζεσθαι
762 2025 852 2080 καὶ
889 2021 1322 2100 εἷδωλολατρίαν
1353 2025 1609 2102 εἰσάγειν,
1640 2027 1706 2097 ἢν
1753 2026 1925 2098 ἦλθον

261 2115 600 2172 καταλῦσαι.

329 2234 358 2262 ι
387 2207 892 2282 Χειροτονήσαντες
954 2203 1012 2260 δὲ
1095 2205 1282 2268 αὐτοῖς
1361 2203 1762 2282 πρεσϐυτέρους
1809 2209 1926 2264 κατ’

265 2295 694 2364 «Ἐκκλησίαν,
754 2296 1180 2370 προσευξάμενοι
1237 2297 1374 2368 μετᾶ
1437 2301 1716 2366 νηστειῶν,
1787 2318 1924 2372 παρ-

269 2385 513 2449 αέθεντο
568 2384 775 2446 αὐτοὺς
830 2389 910 2456 τῷ
967 2385 1155 2460 Κυρίῳ
1212 2385 1288 2448 εἰς
1345 2385 1402 2440 ὅν
1461 2386 1925 2447 πεπιστεύκεισαν.

267 2501 296 2528 ιι
332 2476 433 2532 Καὶ
469 2473 791 2536 διελθόντες
821 2475 919 2542 τήν
958 2471 1227 2544 Πισιδίαν,
1253 2472 1432 2543 ἦλθον
1472 2474 1548 2533 εἰς
1578 2477 1928 2550 Παμφυλίαν.

270 2591 294 2617 α
326 2565 424 2620 Καὶ
458 2562 810 2634 λαλήσαντες
852 2562 902 2618 ἐν
931 2565 1114 2638 Πέργῃ
1143 2564 1233 2620 τὸν
1267 2565 1455 2638 λόγον,
1513 2561 1814 2634 κατέϐησαν
1849 2566 1924 2628 εἰς

262 2682 288 2705 η
317 2653 672 2712 Ἀττάλειαν·
701 2655 945 2708 κάκεῖθεν
979 2654 1320 2708 ἀπέπλευσαν
1353 2653 1430 2716 εἷς
1478 2652 1752 2723 Μίλητον,
1803 2655 1922 2718 ὃθεν

261 2775 288 2800 κ
319 2752 454 2816 ἦσαν
487 2743 930 2820 παραδεδομένοι
959 2749 1029 2818 τῇ
1063 2747 1250 2820 χάριτι
1281 2750 1377 2802 τοῦ
1411 2750 1544 2801 Θεοῦ
1576 2746 1653 2809 εἰς
1685 2748 1743 2802 τὸ
1775 2747 1927 2823 ἔργον

264 2864 288 2890 α
319 2840 350 2893 ὅ
381 2838 744 2912 ἐπλήρωσαν.
793 2836 1234 2913 Παραγενόμενοι
1285 2832 1344 2890 δὲ
1386 2837 1475 2890 καὶ
1532 2839 1926 2912 συναγαγόντες

261 2954 288 2981 ιι
319 2931 420 2997 τήν
492 2922 854 2995 Ἐκκλησίαν,
909 2922 1242 3001 ἀνήγγειλαν
1301 2923 1398 2980 ὅσα
1455 2925 1703 2994 ἐποίησεν
1737 2927 1764 2982 ὁ
1796 2927 1927 2988 Θεὸς

270 3041 299 3069 ι
328 3018 440 3090 μετ’
471 3014 684 3083 αὐτῶν,
714 3013 807 3068 καὶ
839 3012 923 3070 ὅτι
986 3014 1165 3086 ἤνοιξε
1220 3019 1336 3075 τοῖς
1379 3012 1576 3070 ἔθνεσιν
1620 3015 1780 3092 θύραν
1833 3016 1927 3071 πί-

274 3132 300 3159 α
330 3127 514 3168 στεως.
564 3098 853 3176 Διὲτριϐον
888 3101 945 3158 δὲ
969 3100 1082 3158 ἐκεῖ
1112 3104 1314 3178 χρόνον
1345 3102 1443 3158 οὐκ
1467 3100 1659 3178 ὀλίγον
1689 3105 1780 3159 σὺν
1808 3110 1925 3168 τοῖς

266 3220 297 3250 σι
326 3199 621 3269 μαθηταῖς.
671 3218 700 3246 »

329 3287 426 3342 Διὰ
452 3286 512 3342 τί
545 3281 680 3340 οὐδὲ
709 3280 764 3338 ἐν
802 3281 1008 3358 Κύπρῳ
1040 3278 1166 3336 οὐδὲ
1222 3279 1275 3336 ἐν
1331 3283 1616 3358 Βαμαρείᾳ
1667 3283 1928 3355 ἐποίησαν

260 3371 670 3451 πρεσϐυτέρους
737 3374 792 3428 οἱ
849 3369 1179 3442 ἀπόστολοι,
1237 3371 1386 3428 ἀλλᾶ
1475 3370 1734 3430 ἐνταῦθα;
1806 3376 1928 3432 ’Ότι

255 3465 457 3522 ἐκεῖναι
497 3466 594 3538 μὶν
659 3462 828 3537 ἐγγὺς
892 3463 1029 3531 ἦσαν
1085 3463 1183 3530 τῆς
1244 3461 1609 3536 Ἰερουσαλήμ
1659 3463 1748 3518 καὶ
1821 3469 1930 3520 τῶν

266 3555 626 3623 ἀποστόλων,
657 3554 752 3608 καὶ
793 3551 846 3607 ἐν
915 3552 1053 3625 αὐτῇ
1115 3548 1172 3606 δὲ
1223 3555 1293 3624 τῇ
1353 3553 1668 3628 Ἀντιοχείᾳ
1699 3554 1726 3608 ὁ
1760 3551 1929 3628 λόγος

267 3645 504 3718 ἱκρέτει·
561 3642 789 3698 ἐνταῦθα
851 3639 909 3697 δὶ
961 3639 1182 3710 πολλῆς
1258 3637 1469 3696 ὲδὲοντο
1559 3643 1928 3716 παραμυθίας,

278 3735 374 3788 καὶ
413 3731 649 3805 μάλιστα
681 3733 731 3788 οἱ
777 3731 830 3802 ἑξ
872 3733 1034 3794 ἐθνῶν
1095 3729 1405 3809 ὀφείλοντες
1452 3729 1641 3788 πολλὰ
1679 3729 1928 3788 διδάσκε-

287 3823 435 3876 σθαι.
473 3820 801 3892 Σημειωτέον
839 3818 896 3876 δε
931 3821 1017 3876 ὅτι
1050 3820 1256 3893 οἱπερὶ
1304 3817 1522 3876 Παῦλον
1573 3821 1663 3876 καί
1721 3821 1923 3896 Βαρνά-

282 3906 382 3966 ϐαν
419 3910 717 3965 ἐπισκόπων
775 3911 930 3988 εἶχον
993 3909 1165 3980 ἀξίαν,
1225 3907 1274 3979 ἐξ
1320 3909 1394 3964 ὧν
1453 3907 1834 3986 ἐχειροτόνουν
1868 3911 1930 3967 οῦ

270 4001 438 4074 μόνον
501 3997 806 4066 διακόνους,
865 3996 1011 4054 ἀλλὰ
1066 3998 1154 4052 καὶ
1206 3993 1626 4073 πρεσϐυτέρους⁸
1686 4000 1777 4055 καὶ
1846 4003 1929 4056 ὅτι

266 4091 410 4164 μετᾶ
443 4095 713 4160 νηστειῶν
759 4088 849 4143 καὶ
915 4087 1095 4162 εὐχῶν
1151 4087 1374 4142 ἐποίουν
1429 4089 1483 4144 οἱ
1535 4091 1770 4162 μαθηταὶ
1834 4091 1929 4152 τὰς

259 4180 642 4256 χειροτονίας.
678 4179 999 4250 Σημείωσαι
1034 4173 1092 4232 δὲ
1121 4177 1212 4232 καὶ
1251 4181 1438 4245 τοῦτο,
1480 4177 1563 4233 ὅτι
1613 4179 1690 4242 εἷς
1745 4178 1928 4250 Μίλη-

264 4293 352 4327 τον
388 4269 903 4344 ἱχειροτο-ήθησαν
957 4267 1008 4323 οἱ
1041 4266 1164 4339 περὶ
1221 4261 1494 4342 Βαρνάϐαν
1545 4267 1633 4322 καὶ
1693 4269 1927 4336 Παῦλον,

269 4360 408 4416 ἄλλο
443 4358 507 4415 δὲ
548 4357 880 4434 ἀντίγραφον
936 4357 1090 4430 εὗρον
1159 4354 1287 4432 ἔχον
1347 4358 1466 4413 ἀντὶ
1509 4358 1788 4429 Μιλήτου,
1851 4360 1928 4422 εἷς

268 4449 638 4524 Ἀντιόχειαν·
672 4448 702 4503 ὅ
734 4448 826 4504 καὶ
855 4448 1249 4522 πιθανώτερον,

879 4539 1143 4596 ΚΕΦΑΛ.
1190 4538 1307 4596 ΚΓ.

258 4631 379 4689 Ὀτι
455 4627 522 4684 οὐ
580 4624 685 4702 δειΔ
729 4624 1137 4702 περιτέμνεσθαι
1189 4626 1323 4702 τοὺς
1381 4627 1430 4700 ἐξ
1487 4625 1655 4702 ἐθνῶν
1708 4627 1926 4702 πιστεύ-

331 4696 858 4776 σανταςηδόγματι
921 4696 1026 4776 ⁷διιοιῖ
1096 4697 1313 4776 ’κρίσειῄ
1366 4696 1473 4754 τῶν
1581 4700 1924 4776 ᾁποστόλωνμ·

333 4774 386 4830 ἐν
459 4774 512 4845 ᾧ
572 4767 858 4845 ἄπο-ἑτολῆ
914 4775 1022 4845 τῶν
1086 4767 1429 4845 ἀποστόλων,
1494 4773 1637 4845 ,πρὸς
1691 4773 1817 4834 τοὺς

333 4839 510 4922 ζεθνῶν
563 4843 695 4922 ςπεὲ
762 4839 873 4922 ὧν,
926 4839 1254 4922 φυλακτέον·
1352 4839 1703 4921 ’Λντίρῥησις
1783 4839 1928 4901 Παύὲ

333 4917 440 4974 λου
473 4916 621 4990 πρὸς
644 4908 948 4990 ’Βαρνάϐαν
972 4913 1062 4969 διὰ
1090 4915 1327 4989 Μάρκον.

336 5121 364 5147 α
399 5093 506 5152 Καί
535 5112 676 5153 τινες
703 5088 1057 5154 κατελθόντες
1116 5091 1222 5146 ἀπὸ
1279 5097 1378 5161 τῆς
1423 5089 1690 5155 Ἰουδαίας
1750 5089 1928 5148 ἐδίδα-

268 5209 296 5235 α
327 5206 458 5240 σκον
501 5182 634 5243 τοὺς
667 5179 964 5256 ἀδελφοὺς,
994 5181 1079 5235 ὅτι
1123 5180 1245 5238 Ἐὰν
1286 5183 1363 5252 μὴ
1411 5183 1806 5256 περιτέμνησθε
1850 5185 1930 5254 τῷ

269 5299 296 5325 κ
331 5273 441 5331 ἔθει
477 5275 753 5338 Μωσέως,
785 5268 848 5324 οὐ
881 5266 1104 5324 δύνασθε
1170 5271 1438 5340 σωθῆναι,
1484 5270 1789 5343 Γενομένης
1837 5269 1926 5324 οῦν

270 5393 292 5419 ι
331 5368 576 5428 στάσεως
611 5363 701 5418 καὶ
763 5363 1115 5431 συζητῆσεωε
1184 5360 1283 5416 οὐκ
1337 5360 1536 5436 ὀλίγης
1591 5367 1671 5436 τῷ
1729 5361 1930 5434 Παύλῳ

263 5459 412 5513 «καὶ
449 5461 534 5528 τῷ
596 5448 849 5531 Βαρνάϐᾳ
917 5453 1052 5524 πρὸς
1113 5449 1330 5520 αὐτοὺς,
1385 5450 1568 5526 ἔταξαν
1625 5449 1930 5507 ἀναϐαίνειν

269 5573 289 5599 ι
329 5546 546 5603 Παῦλον
579 5548 668 5601 καὶ
714 5535 1022 5618 Βαρνάϐαν,
1055 5539 1146 5594 καί
1175 5561 1325 5601 τινας
1378 5538 1585 5602 ἄλλους
1643 5541 1694 5612 ἐξ
1754 5541 1931 5596 αὐτῶν

270 5662 296 5690 ιι
326 5639 463 5715 πρὸς
495 5638 620 5702 τοὺς
647 5630 1010 5694 ἀποστόλους
1036 5630 1128 5684 καὶ
1187 5625 1586 5707 πρεσϐυτέρους
1620 5632 1698 5694 εἷς
1731 5637 1929 5700 Ἰερου-

331 5824 375 5861 ¹⁰
394 5826 601 5888 Matth.
635 5835 810 5887 ιανι,
843 5816 940 5872 65.

1959 1988 2006 2054 Β

2045 717 2071 742 «ι
2106 694 2325 748 civitati
2361 694 2449 748 illi
2485 697 2823 766 multosque
2857 697 3222 765 docuissent,
3282 700 3502 755 reversi
3560 708 3700 758 sunt

2050 809 2068 830 -
2101 785 2367 856 Lystram
2401 792 2455 838 et
2491 787 2754 840 Iconium
2793 794 2850 841 et
2893 789 3292 854 Antiochiam,
3325 791 3521 847 denuo
3555 809 3695 848 cono

2044 898 2072 927 »
2109 876 2415 931 firmantes
2444 878 2672 932 animas
2703 878 3135 949 discipulorum
3209 887 3268 933 et
3315 883 3694 938 exhortantes

2043 987 2070 1015 ‹‹
2092 973 2156 1019 ut
2176 975 2625 1037 perseverarent
2657 968 2717 1022 in
2754 968 2866 1022 ﬁde
2895 969 3172 1039 quodque
3205 987 3308 1041 per
3364 972 3578 1027 multas
3607 974 3692 1028 af-

2042 1079 2069 1107 «
2097 1057 2393 1112 ﬂictiones
2426 1063 2698 1130 oporteat
2728 1075 2836 1114 nos
2868 1059 3091 1114 intrare
3122 1061 3184 1115 in
3219 1078 3468 1130 regnum
3505 1064 3624 1120 Dei.
3659 1084 3688 1114 »

2120 1261 2146 1292 α
2176 1240 2504 1296 Conscissis
2545 1241 2884 1296 vestibus.»
2945 1243 3122 1296 Moris
3172 1247 3298 1297 erat
3352 1241 3570 1298 Iudaeis
3618 1242 3693 1298 ob

2040 1329 2381 1400 hujusmodi
2414 1330 2474 1385 in
2498 1333 2680 1386 Deum
2700 1331 3101 1402 blasphemias
3124 1337 3316 1388 vestes
3333 1331 3691 1388 discindere.

2041 1421 2245 1490 Itaque
2273 1425 2333 1474 et
2360 1420 2632 1492 Caiphae,
2664 1437 2798 1476 cum
2829 1422 3092 1476 Christus
3126 1439 3186 1476 se
3219 1421 3320 1476 Dei
3354 1421 3569 1476 Filium
3599 1420 3691 1476 di-

2039 1509 2242 1568 xisset.
2278 1510 2494 1564 emisso
2526 1510 2788 1566 clamore
2845 1517 3062 1565 vestem
3125 1511 3382 1575 discidit,
3445 1510 3688 1566 dicens:

2041 1599 2478 1671 Blasphemiam
2505 1599 2738 1655 locutus
2769 1606 2859 1655 est
2892 1602 2951 1654 ¹⁰.
2989 1602 3103 1655 Ηοο
3137 1617 3372 1671 quoque
3421 1599 3692 1655 fecerunt

2041 1688 2222 1743 divini
2255 1689 2533 1761 discipuli
2569 1690 2867 1746 Barnabas
2898 1696 2954 1745 et
2986 1690 3225 1756 Paulus,
3250 1707 3384 1746 cum
3417 1691 3527 1746 hoc
3558 1691 3688 1747 loco

2039 1779 2119 1833 dii
2143 1779 2716 1848 haberentur,animi
2741 1781 2954 1835 aﬂ‘ectu
2976 1781 3166 1835 aversi
3185 1797 3251 1836 ac
3268 1780 3606 1852 rejicientes
3621 1796 3692 1835 ea

2040 1886 2170 1939 qua:
2206 1870 2446 1937 ﬁebant,
2480 1871 2794 1942 luctusque
2828 1871 2997 1944 signa
3025 1871 3330 1927 facientes.
3365 1873 3518 1927 I‘I9
3543 1873 3688 1928 Vere

2039 1961 2200 2014 enim
2232 1960 2430 2016 luctus
2459 1961 2671 2016 fuisset
2701 1961 2748 2015 si
2783 1962 2892 2016 hoc
2925 1968 3194 2016 secutum
3248 1961 3461 2017 fuisset
3506 1966 3570 2015 ut
3605 1960 3688 2016 dii

2037 2050 2542 2116 existimarentur,
2577 2067 2644 2104 ac
2710 2050 3110 2105 idololatriam
3182 2050 3556 2116 inducerent,
3613 2049 3689 2104 ad

2037 2155 2215 2209 quam
2248 2145 2534 2194 venerant
2561 2139 3022 2194 dissolvendam.

2104 2228 2242 2293 XIV,
2276 2232 2468 2283 22-27.
2507 2250 2531 2280 ιι
2566 2231 2830 2300 Cumque
2861 2235 3166 2285 creassent
3196 2229 3316 2284 illis
3345 2245 3453 2300 per
3482 2228 3684 2301 singu-

2037 2340 2064 2368 ‹‹
2097 2318 2186 2373 las
2216 2318 2510 2374 Ecclesias
2529 2319 2927 2392 presbyteros.
2953 2321 3294 2391 precatique
3325 2326 3526 2373 essent
3547 2335 3682 2373 cum

2038 2431 2060 2459 ο
2085 2409 2344 2480 jejunio,
2375 2409 2943 2464 commendaverunt
2972 2426 3072 2464 eos
3107 2410 3354 2462 Domino
3395 2409 3456 2462 in
3503 2424 3682 2478 quem

2035 2524 2062 2548 «ι
2109 2499 2504 2554 crediderant.
2542 2501 2971 2572 Peragrataque
3005 2499 3225 2553 Pisidia
3280 2505 3573 2553 venerunt
3621 2498 3682 2552 in

2035 2613 2061 2639 «
2093 2589 2521 2661 Pamphyliam.
2549 2591 2617 2643 Et
2636 2607 2768 2644 cum
2787 2589 2962 2643 locuti
2987 2589 3440 2643 essentverbum
3461 2591 3678 2654 Pergae,

2038 2700 2065 2728 ι(
2097 2678 2538 2732 descenderunt
2573 2679 2868 2738 Attaliam.
2905 2685 2962 2732 et
3005 2679 3143 2732 inde
3175 2679 3476 2732 solverunt
3516 2678 3679 2731 Mile-

2036 2792 2062 2818 ι(
2097 2775 2244 2834 tum,
2278 2769 2436 2824 unde
2467 2777 2637 2824 erant
2669 2769 2865 2824 traditi
2896 2770 3098 2840 gratim
3135 2771 3231 2823 Dei
3266 2770 3328 2824 in
3351 2787 3499 2840 opus
3523 2768 3681 2839 quod

2035 2884 2061 2910 α
2097 2860 2560 2931 compleverunt.
2593 2863 2660 2914 Et
2682 2860 2778 2914 ubi
2814 2861 3206 2915 venissentac
3228 2864 3687 2931 congregassent

2035 2973 2062 3000 ιι
2099 2950 2445 3016 Ecclesiam,
2479 2950 3206 3020 retuleruntqurecunque
3239 2950 3478 3004 fecisset
3499 2951 3691 3004 Domi-

2035 3062 2062 3089 ιι
2101 3057 2214 3094 nus
2246 3057 2472 3107 secum,
2503 3040 2780 3111 quodque
2813 3039 3147 3110 aperuisset
3175 3039 3451 3111 gentibus
3472 3041 3690 3094 ostium

2037 3149 2065 3178 «
2100 3128 2628 3184 ﬁdei.Commorati
2647 3133 2788 3184 sunt
2807 3134 3006 3183 autem
3028 3127 3108 3182 ibi
3131 3127 3390 3182 multum
3406 3129 3694 3199 temporis

2039 3241 2067 3268 ‹‹
2100 3235 2237 3275 cum
2271 3218 2604 3290 discipulis.
2641 3241 2667 3268 ››

1962 3348 2004 3414 C
2105 3310 2292 3375 Quam
2319 3309 2392 3364 ob
2420 3325 2541 3364 rem
2569 3325 2764 3380 neque
2787 3309 2848 3363 in
2871 3308 3084 3380 Cypro,
3109 3324 3302 3378 neque
3335 3307 3396 3363 in
3429 3307 3696 3364 Samaria

2036 3405 2380 3455 creaverant
2401 3399 2649 3472 apostoli
2686 3399 3197 3472 presbyterossed
3223 3399 3334 3452 hoc
3358 3398 3486 3453 loco
3507 3397 3693 3464 ?Quia

2036 3489 2154 3546 illae
2187 3489 2460 3562 regiones
2492 3506 2673 3562 prope
2713 3489 3038 3544 Jerusalem
3074 3495 3132 3543 et
3163 3505 3346 3560 prope
3387 3488 3688 3560 apostolos

2036 3586 2240 3646 erant;
2273 3579 2599 3634 Antiochia:
2627 3596 2760 3633 vero
2779 3580 2906 3651 jam
2926 3595 3121 3633 sermo
3145 3579 3327 3634 robur
3355 3582 3686 3649 acceperat.

2036 3671 2140 3725 Hic
2170 3675 2368 3724 autem
2401 3686 2614 3740 magna
2645 3669 3050 3725 consolatione
3075 3669 3341 3739 egebant.
3362 3668 3688 3722 etmaxime

2035 3767 2240 3833 gentes
2263 3776 2410 3829 quas
2432 3759 2621 3814 multa
2641 3759 2838 3813 doceri
2858 3759 3183 3828 oportebat.
3199 3758 3528 3812 Notandum
3551 3774 3685 3812 vero

2035 3850 2192 3924 quod
2224 3850 2442 3904 Paulus
2469 3854 2526 3904 et
2560 3847 2857 3903 Barnabas
2890 3847 3302 3918 episcoyorum
3337 3846 3685 3918 dignitatem

2035 3938 2372 3996 habebant:
2407 3954 2600 4009 neque
2634 3938 2792 3992 enim
2825 3937 3018 3991 solum
3053 3936 3336 3990 diaconos
3380 3935 3683 4000 creabant,

2035 4045 2241 4084 verum
2265 4028 2443 4083 etiam
2468 4026 2862 4098 presbyteros.
2891 4027 3183 4080 Praeterea
3200 4025 3357 4095 quod
3381 4025 3688 4094 cumjeju-

2035 4119 2150 4175 niis
2183 4126 2241 4174 et
2269 4117 2782 4173 obsecrationibus
2814 4115 3089 4186 discipuli
3123 4115 3413 4169 electione
3445 4129 3686 4185 perage-

2035 4211 2198 4265 bant.
2236 4208 2503 4278 Denique
2535 4207 2647 4262 hoc
2679 4222 2914 4277 quoque
2949 4206 3352 4260 animadverte
3401 4203 3561 4275 quod
3613 4202 3690 4258 ad

2037 4301 2244 4354 urbem
2279 4298 2540 4351 Miletum
2575 4295 2874 4352 Barnabas
2919 4302 2978 4351 et
3033 4294 3248 4350 Paulus
3304 4293 3486 4348 creati
3546 4294 3685 4348 sint.

2034 4388 2209 4444 Aliud
2230 4395 2426 4442 tamen
2449 4386 2754 4458 exemplar
2778 4393 2987 4440 nactus
3017 4402 3146 4439 sum
3174 4386 3230 4438 in
3261 4401 3377 4454 quo
3402 4384 3684 4453 scriptum

2036 4486 2164 4534 erat
2195 4496 2298 4549 pro
2330 4477 2546 4536 Mileto.
2582 4475 2910 4531 Antiochia.
2949 4475 3128 4546 idque
3163 4473 3544 4529 verisimilius
3575 4481 3683 4528 est.

2525 4569 2562 4621 1
2580 4568 2681 4623 20
2719 4567 2948 4622 CAPUT
2988 4567 3183 4620 ΧΧΙΙΙ.

2035 4659 2192 4727 Quod
2221 4675 2328 4713 non
2356 4662 2611 4727 Oporteat
2637 4673 2708 4711 ιω
2739 4657 2989 4725 gentibus
3016 4655 3293 4710 credentes
3339 4651 3682 4727 circumcidi,

1962 4724 2003 4787 Β
2050 4723 2070 4727 ⁷
2089 4732 2266 4802 ,Ῑιιιττα
2322 4723 2599 4802 decretam
2651 4745 2713 4802 ac
2743 4723 3082 4802 sententiam
3147 4726 3565 4802 apostolorum:
3623 4723 3682 4776 in

2108 4819 2217 4874 quo
2243 4803 2479 4874 ponitur
2508 4799 2716 4874 legatio
2740 4798 3109 4874 apostolorum
3141 4798 3213 4851 ad
3243 4813 3330 4874 eos
3360 4796 3458 4866 qui
3489 4812 3516 4849 θ
3545 4811 3684 4874 ρετι-

2110 4865 2260 4929 ῖὶὺιλέ
2282 4865 2653 4936 crediderant,
2681 4872 2747 4924 de
2772 4865 2856 4923 his
2885 4886 3005 4938 qua:
3027 4865 3562 4923 obsewanda'erunt.
3592 4865 3686 4920 Al-

2111 4947 2342 5000 tercatio
2372 4943 2535 4998 Pauli
2593 4943 2856 4997 adversus
2902 4941 3216 4995 Barnabam
3253 4946 3487 5011 propter
3531 4940 3684 4994 Mar-

2109 5033 2250 5072 cum.

2112 5109 2228 5175 XV,
2263 5109 2381 5162 1-5.
2417 5129 2443 5156 «
2480 5107 2550 5160 Et
2577 5103 2821 5177 quidam
2871 5104 2972 5175 qui
3030 5103 3464 5159 descenderant
3516 5118 3550 5158 ο
3587 5102 3690 5157 Ju-

2043 5219 2072 5250 α
2103 5198 2232 5254 daea
2260 5196 2556 5252 docebant
2579 5195 2792 5250 fratres
2823 5212 2836 5249 :
2870 5193 2990 5250 Nisi
3049 5193 3564 5249 circumcidamini
3598 5210 3693 5249 se-

2043 5313 2071 5341 ‹‹
2105 5289 2365 5345 cundum
2399 5301 2620 5341 morem
2650 5285 2812 5348 Mosi,
2859 5299 2978 5339 non
3038 5285 3286 5356 potestis
3344 5284 3486 5339 salvi
3540 5283 3695 5338 ﬁeri.

2047 5403 2067 5428 α
2104 5381 2246 5434 Cum
2282 5394 2418 5448 ergo
2449 5375 2662 5430 seditio
2694 5391 2762 5430 ac
2793 5374 3142 5445 disceptatio
3191 5380 3318 5429 orta
3369 5380 3525 5428 esset
3572 5389 3697 5429 non

2049 5489 2070 5517 ι
2105 5485 2282 5540 parva
2316 5466 2490 5522 Paulo
2522 5482 2589 5521 ac
2622 5464 2903 5520 Barnabaa
2935 5465 3217 5520 adversus
3257 5465 3414 5526 illos.
3472 5470 3662 5519 statue

2043 5582 2071 5610 «
2103 5564 2244 5613 runt
2271 5564 2338 5612 ut
2370 5555 2763 5611 ascenderent
2794 5555 3010 5610 Paulus
3043 5572 3109 5610 ac
3139 5555 3455 5611 Barnabas.
3483 5562 3540 5608 et
3569 5552 3697 5624 qui-

2042 5671 2069 5698 ‹‹
2103 5649 2241 5704 dam
2271 5647 2373 5703 alii
2404 5663 2471 5702 ex
2506 5646 2626 5701 illis
2657 5646 2731 5701 ad
2763 5645 3064 5718 apostolos
3095 5663 3162 5702 ac
3195 5645 3568 5717 presbyteros
3593 5646 3689 5698 Je-
