4112 6412
390 449 510 512 215

1517 441 1935 506 (ECUMENII
1979 440 2291 502 TRICCAE
2334 441 2720 504 EPISCOPI.

3693 444 3810 504 216

399 607 426 638 ‹‹
457 586 756 656 rosolyma
787 600 968 654 super
996 583 1107 639 hac
1138 583 1493 654 quaestione.
1527 582 1617 638 Illi
1647 597 1782 653 ergo
1804 578 2042 636 deducti

2170 596 2187 625 ι
2231 575 2423 651 σαλήμ
2455 579 2575 651 περὶ
2615 578 2711 634 τοῦ
2773 581 3089 651 ζητήματος
3148 581 3364 637 τούτου.
3429 581 3496 639 Οἱ
3567 583 3661 656 μὲν
3719 583 3811 639 οὖν

395 698 424 724 ‹‹
457 691 490 728 a
521 672 974 744 congregatione
1010 671 1453 742 pertransibant
1489 669 1808 724 Phwnicen
1842 683 1909 722 ac
1938 667 2047 722 Sa-

397 787 423 811 «
459 762 730 824 mariam,
791 768 1105 817 narrantes
1155 761 1604 816 conversionem
1654 759 1942 832 gentium.
1995 761 2053 811 et

401 873 428 901 ‹‹
459 850 792 906 aﬂ'erebant
819 851 1101 923 gaudium
1134 867 1416 923 magnum
1441 849 1721 904 omnibus
1743 847 2047 902 fratribus.

392 964 419 990 ‹‹
454 941 718 1011 Cumque
762 941 1065 996 venissent
1117 940 1470 1007 Jerusalem,
1534 938 1792 1010 suscepti
1849 941 2052 992 sunta

391 1054 419 1083 α
453 1031 908 1103 congregatione
941 1036 1001 1085 et
1029 1029 1101 1084 ab
1135 1029 1422 1101 apostolis
1456 1046 1522 1084 ac
1553 1027 1940 1101 presbyteris,
1993 1031 2051 1081 et

392 1141 420 1169 «
449 1119 1272 1191 annuntiabantqumcunque
1291 1121 1446 1174 Deus
1467 1119 1854 1174 fecissetcum
1881 1118 2045 1188 ipsis.

394 1231 421 1260 «
448 1210 842 1265 Surrexerunt
858 1215 1056 1265 autem
1072 1209 1314 1281 quidam
1337 1209 1409 1264 de
1434 1215 1595 1264 secta
1619 1209 2047 1263 Pharisaeorum

392 1322 422 1348 «
456 1299 556 1370 qui
591 1298 989 1366 crediderant,
1017 1299 1304 1361 dicentes,
1369 1299 1526 1370 quod
1577 1304 1879 1370 oporteret
1933 1298 2052 1353 cir-

395 1411 424 1439 «
459 1388 797 1446 cumcidere
829 1405 930 1444 eos
961 1405 1029 1444 ac
1073 1388 1397 1460 praecipere
1427 1393 1494 1443 ut
1522 1395 1826 1444 servarent
1855 1387 2046 1460 legem

397 1500 427 1527 ‹‹
459 1477 624 1534 Mosi.
659 1499 688 1528 »

461 1566 766 1632 Quomodo
801 1567 862 1622 in
924 1566 1186 1640 Epistola
1243 1567 1316 1622 ad
1376 1566 1610 1622 Galatas
1668 1567 1785 1621 ait:
1848 1567 2048 1637 Neque

391 1656 633 1712 ascendi
663 1657 1031 1728 Jerosolyma
1055 1656 1128 1712 ad
1156 1673 1256 1712 eos
1289 1657 1388 1728 qui
1423 1664 1560 1712 ante
1596 1672 1688 1711 me
1721 1662 1893 1710 erant
1913 1672 2051 1726 apo-

391 1745 526 1800 stoli
553 1748 617 1813 ”,
647 1762 840 1816 neque
863 1745 1088 1800 contuli
1112 1745 1494 1817 Evangelium
1528 1744 1686 1817 quod
1712 1744 2048 1816 prmdicoin

389 1834 710 1908 gentibus?
735 1834 838 1890 Hic
868 1841 1065 1890 autem
1099 1836 1182 1890 ait
1212 1835 1370 1906 quod
1403 1840 1760 1899 statuerunt,
1800 1840 1866 1888 ut
1897 1836 2049 1889 Pau-

391 1925 484 1980 lus
507 1930 566 1980 et
588 1925 886 1980 Barnabas
907 1925 1300 1980 ascenderent
1324 1925 1690 1996 Jerosolyma
1712 1925 1786 1980 ad
1817 1929 2048 1996 aposto-
2083 1954 2125 2018 Β

394 2015 484 2069 los
514 2031 583 2070 ac
613 2015 992 2086 presbyteros
1013 2015 1040 2070 ‘3
1070 2016 1268 2070 Primo
1302 2015 1544 2086 quidem
1577 2014 1830 2070 dicimus
1889 2013 2048 2084 quod

399 2121 520 2159 non
544 2105 670 2177 ipse
694 2105 1102 2172 ascendit,sed
1127 2104 1198 2160 ab
1222 2104 1356 2160 aliis
1388 2105 1610 2160 missus
1641 2109 1749 2160 est.
1782 2103 2051 2159 Secundo

399 2193 557 2266 quod
577 2211 696 2249 non
711 2194 1536 2262 accesseritutinstrueretur,
1554 2197 1593 2249 1
1607 2195 1698 2250 2|
1727 2193 1829 2248 sed
1843 2199 1908 2248 ut
1920 2193 2054 2248 aliis

401 2283 698 2339 suaderet.
722 2286 853 2356 Ipse
877 2283 1171 2355 siquidem
1195 2284 1266 2339 ab
1290 2284 1459 2338 initio
1489 2284 1668 2355 hujus
1690 2283 1802 2338 fuit
1823 2288 2054 2339 senten-

399 2374 707 2444 tite,quam
727 2373 906 2429 etiam
929 2373 1180 2445 apostoli
1205 2379 1411 2445 postea
1432 2373 2055 2444 confirmarunt,quod

401 2478 523 2517 non
551 2467 709 2518 esset
738 2479 981 2517 necesse
1013 2462 1379 2517 circumcidi.
1409 2465 1620 2517 Verum
1647 2479 1778 2518 cum
1813 2463 2054 2518 interim

401 2552 521 2608 illis
554 2569 673 2607 non
707 2552 1004 2607 videretur
1037 2553 1150 2608 fide
1185 2552 1397 2625 dignus
1452 2570 1603 2618 esse,
1653 2552 1755 2608 sed
1812 2553 1902 2608 his
1954 2554 2056 2624 qui

400 2642 982 2712 erantlerosolymis
1014 2641 1418 2708 adhaerebant,
1482 2641 1771 2702 ascendit.
1823 2659 1943 2698 non
1993 2647 2059 2697 ut

405 2731 710 2803 quidpiam
746 2731 857 2787 sibi
892 2732 1150 2803 amplius
1184 2731 1667 2803 persuaderetur,
1703 2732 1806 2787 sed
1839 2739 1904 2788 ut
1925 2751 2059 2789 cou-

401 2820 834 2877 tradicentibus
857 2821 1429 2893 persuaderet,quod
1458 2822 1516 2875 hi
1549 2822 1725 2877 etiam
1762 2823 1862 2893 qui
1895 2825 2057 2878 .lero-

402 2911 647 2983 solymis
672 2917 860 2972 erant.
895 2911 1025 2965 istis
1057 2913 1544 2983 suﬁragarentur.
1589 2943 1656 2952 —
1688 2914 1812 2968 Non
1847 2913 1947 2984 qui
1989 2929 2059 2968 ex

399 3001 675 3074 gentibus
706 3001 1104 3065 crediderant,
1141 3002 1243 3056 sed
1276 3002 1376 3073 qui
1410 3019 1480 3058 ex
1510 3001 1730 3058 Judmis
1777 3003 2061 3074 petebant

401 3091 1739 3163 utcredentescircumciderentur,ca3teraque
1755 3093 1903 3166 legis
1927 3109 2056 3149 car-

400 3181 561 3236 nalia
583 3187 954 3236 exercerent:
980 3197 1126 3251 quos
1146 3187 1348 3252 utpote
1371 3182 1635 3236 volentes
1657 3182 1732 3236 ad
1753 3183 2057 3254 propriam

401 3271 818 3344 gloriationem
851 3269 1277 3325 circumcidere
1305 3270 1637 3336 credentes,
1671 3288 1792 3326 non
1823 3288 2058 3343 recepe-

405 3365 548 3415 runt
576 3359 854 3430 discipuli
887 3359 988 3429 qui
1019 3365 1213 3414 tamen
1248 3376 1318 3414 ex
1348 3360 1801 3415 circumcisione
1842 3367 2053 3415 erant:
2090 3323 2132 3388 Ο

405 3465 599 3519 neque
631 3449 794 3503 enim
818 3464 926 3503 sua
948 3448 1424 3518 quaerebant,sed
1453 3465 1832 3504 communem
1849 3450 2058 3506 mundi

404 3538 722 3592 utilitatem
754 3553 822 3592 ac
849 3537 1125 3591 salutem.

478 3627 594 3691 XV,
629 3627 745 3682 6-9.
777 3647 805 3674 ‹‹
837 3630 1369 3696 Conveneruntque
1401 3625 1654 3697 apostoli
1685 3643 1753 3683 ac
1810 3627 2058 3700 presby-

411 3737 439 3764 ‹‹
476 3715 584 3770 teri
615 3721 683 3769 ut
711 3714 1076 3787 dispicerent
1105 3715 1177 3769 de
1208 3716 1320 3770 hoc
1354 3733 1646 3771 sermone.
1683 3722 1823 3772 Cum
1857 3724 2055 3772 autem

411 3827 440 3854 ‹‹
471 3820 686 3877 magna
716 3804 1065 3875 disceptatio
1096 3804 1326 3870 fuisset,
1360 3822 1609 3876 surgens
1653 3808 1860 3862 Petrus
1911 3808 2061 3863 dixit

411 3917 439 3946 ‹‹
471 3896 543 3951 ad
575 3912 716 3951 eos:
752 3896 871 3950 Viri
906 3895 1137 3963 fratres,
1171 3913 1270 3950 vos
1303 3897 1468 3951 scitis
1499 3897 1658 3967 quod
1689 3897 1760 3951 ab
1795 3899 2059 3970 antiquis

406 4007 434 4034 ‹‹
469 3985 680 4041 diebus
714 3986 868 4040 Deus
903 3985 962 4038 in
995 3985 1166 4039 nobis
1197 3985 1394 4056 elegit,
1427 3992 1493 4040 ut
1515 4003 1621 4056 per
1643 4003 1708 4040 os
1733 4003 1929 4042 meum
1953 4005 2061 4042 au-

406 4095 435 4122 «
462 4073 662 4128 dirent
680 4078 886 4144 gentes
909 4072 1151 4127 verbum
1182 4073 1480 4144 Evangelii
1510 4089 1578 4126 ac
1626 4073 1956 4128 crederent.
1992 4078 2061 4130 Et

405 4183 434 4210 ‹‹
467 4162 569 4231 qui
602 4162 763 4215 novit
792 4161 972 4216 corda
1006 4161 1179 4221 Deus,
1215 4161 1620 4216 testimonium
1645 4163 2057 4232 praebuitillis,

404 4274 433 4302 α
464 4251 599 4306 dato
634 4253 718 4306 eis
752 4252 976 4322 Spiritu
1009 4257 1213 4306 sancto
1246 4253 1398 4306 sicut
1429 4259 1488 4306 et
1539 4253 1733 4320 nobis,
1783 4255 2057 4327 nihilque

404 4363 432 4392 ‹‹
466 4342 748 4397 discrevit
777 4343 933 4396 inter
963 4359 1071 4397 nos
1089 4348 1148 4397 et
1169 4343 1448 4410 illos,fide
1477 4344 1807 4415 puriﬁcatis
1847 4362 2054 4402 eorum

407 4452 437 4480 «
471 4431 768 4487 cordibus.
805 4452 835 4482 ››

472 4611 545 4681 (1)
605 4613 894 4669 Fortassis
952 4613 1203 4669 aderant
1259 4614 1359 4685 qui
1419 4613 1560 4670 olim
1631 4625 2057 4674 accusaverant

2167 690 2191 718 ι(
2223 669 2666 747 προπεμφθέντες
2703 669 2806 722 ὑπὸ
2863 673 2959 737 τῆς
3021 669 3313 739 ἐκκλησίας
3362 668 3664 746 διήρχοντο
3711 674 3811 742 τήν

2161 756 2484 826 «Φοινίκην
2532 756 2622 811 καὶ
2685 758 3012 833 Σαμάρειαν,
3071 757 3486 835 ἐκδιηγούμενοι
3552 763 3650 829 τήν
3693 761 3813 816 ἐπι-

2162 870 2189 898 ‹‹
2227 847 2466 921 στροφῆν
2497 852 2604 900 τῶν
2656 846 2844 915 ἐθνῶν,
2905 848 2993 902 καὶ
3048 846 3266 903 ἐποίουν
3324 851 3500 924 χαρὰν
3560 848 3811 924 μεγάλην

2162 960 2189 987 ‹‹
2224 941 2353 990 πᾶσι
2382 942 2499 996 τοῖς
2555 933 2834 1013 ἀδελφοῖς.
2901 938 3340 1015 Παραγενόμενοι
3399 935 3456 994 δὲ
3509 939 3585 1000 εἷς
3619 941 3816 1015 Ἱερου-

2163 1049 2189 1075 ‹‹
2226 1023 2436 1098 σαλημ,
2465 1023 2846 1101 ἀπεδέχθησαν
2887 1029 2992 1083 ὑπο
3048 1035 3148 1095 τῆς
3211 1028 3504 1098 ἐκκλησίας
3571 1030 3659 1085 καὶ
3703 1037 3813 1086 τῶν

2167 1138 2186 1163 α
2224 1111 2551 1169 ἀποστόλων
2620 1115 2710 1169 καὶ
2797 1121 2904 1171 τῶν
2992 1114 3392 1190 πρεσϐυτέρων,
3475 1119 3813 1197 ἀνήγγειλάν

2162 1227 2189 1254 ‹‹
2221 1223 2280 1257 τε
2309 1202 2407 1257 ὅσα
2447 1203 2474 1257 ὁ
2530 1204 2657 1265 Θεὸς
2711 1203 2936 1276 ἐποίησε
2999 1208 3112 1279 μετ’
3177 1207 3371 1263 αὐτῶν.
3427 1209 3812 1282 Ἐξανέστησαν

2162 1317 2189 1344 ‹‹
2227 1289 2284 1347 δέ
2313 1313 2453 1354 τινες
2510 1298 2618 1347 τῶν
2673 1293 2779 1350 ἀπὸ
2837 1301 2939 1362 τῆς
3012 1293 3272 1370 αἱρέσεως
3331 1302 3439 1354 τῶν
3498 1299 3817 1373 Φαρισαίων

2163 1407 2190 1433 ‹‹
2224 1386 2332 1438 τῶν
2365 1383 2824 1452 πεπιστευκότων,
2879 1382 3154 1463 λέγοντες,
3196 1387 3279 1441 ὅτι
3341 1385 3424 1442 δεῖ
3469 1389 3814 1462 περιτέμνειν

2160 1496 2187 1524 ‹‹
2222 1473 2436 1539 αὐτοὺς,
2469 1473 2873 1549 παραγγέλλειν
2901 1497 2956 1531 τε
2988 1483 3174 1550 τηρεῖν
3193 1479 3285 1533 τὸν
3306 1479 3473 1551 νόμον
3501 1480 3767 1543 Μωσέως.
3789 1506 3811 1531 ι

2232 1565 2357 1625 Πῶς
2389 1561 2439 1617 έν
2471 1567 2538 1636 τῇ
2569 1584 2707 1636 προς
2740 1565 2986 1628 Γαλάτας
3031 1567 3360 1641 Ἐπιστολῇ,
3391 1566 3534 1625 Οὐδὲ
3564 1568 3806 1638 ἀνῆλθον

2159 1653 2346 1730 φησῖν,
2381 1651 2848 1727 εἷςΊερυσόλυμα
2903 1655 3042 1728 πρὸς
3101 1655 3231 1718 τοὺς
3301 1657 3408 1732 πρὸ
3478 1659 3615 1731 ἐμοῦ
3674 1659 3813 1714 ἀπο-

2159 1741 2421 1806 στόλους,
2451 1739 2583 1797 οὐδὲ
2612 1744 2877 1816 ἀνεθέμην
2910 1746 2972 1800 τὸ
3032 1746 3374 1824 Εὑαγγέλιον
3405 1746 3434 1801 ὅ
3473 1747 3731 1822 κηρύσσω
3763 1747 3815 1803 ἐν

2157 1845 2275 1901 τοῖς
2321 1837 2513 1893 ἔθνεσιο
2575 1835 2801 1898 ἐνταῦθα
2841 1832 2897 1889 δέ
2959 1857 3146 1915 φησιν,
3208 1833 3293 1892 ὅτι
3352 1834 3536 1908 ἔταξαν
3598 1837 3816 1894 Ηαῦλον

2157 1929 2246 1985 καὶ
2281 1922 2563 2003 Βαρνάϐαν
2591 1920 2895 1979 ἀναϐαίνειν
2958 1927 3033 1988 εἰς
3088 1926 3447 2001 Ἱεροσόλυμα
3498 1929 3634 2002 πρὸς
3693 1927 3819 1991 τοὺς

2163 2016 2507 2079 ἀποστόλους
2528 2009 3084 2088 καὶπρεσϐυτέρουςς
3135 2017 3240 2072 Καί
3289 2037 3487 2096 φαμεν,
3533 2019 3616 2073 ὃτι
3666 2022 3818 2093 πρῶ-

2164 2130 2260 2164 τον
2315 2109 2410 2180 ηέν
2473 2105 2572 2161 οὐκ
2627 2106 2789 2166 αὐτὸς
2850 2104 3101 2174 ἀνῆλθεν,
3169 2103 3297 2162 ἀλλ’
3354 2106 3630 2176 ἀπεστάκη
3691 2109 3824 2184 παρ’

2166 2200 2383 2271 ἑτέρων.
2419 2201 2676 2276 Δεύτερον
2720 2196 2778 2254 δὲ
2807 2199 2891 2254 ’ὁτι
2920 2198 2984 2252 οὐ
3048 2197 3429 2271 μαθησόμενος
3478 2198 3824 2273 παρεγένετο,

2167 2287 2289 2343 ἀλλ’
2320 2287 2534 2363 ἐτέρους
2565 2289 2789 2344 πείσων.
2821 2286 2994 2347 Αὐτὸς
3042 2287 3136 2359 μὶν
3169 2287 3271 2360 γὰρ
3300 2285 3348 2356 ἐξ
3383 2286 3585 2362 ἀρχῆς,
3620 2288 3826 2357 ταύτης

2169 2375 2350 2453 εἷ’χετο
2379 2386 2477 2447 τῆς
2511 2379 2742 2456 γνώμης
2771 2379 2836 2448 ἢν
2865 2376 2956 2432 καὶ
3010 2377 3061 2429 οἱ
3120 2373 3419 2431 ἀπόστολοι
3480 2376 3614 2449 μετᾶ
3659 2381 3836 2431 ταῦτα

2171 2469 2468 2540 ἐκύρωσαν,
2503 2471 2565 2525 τὸ
2602 2471 2678 2541 μή
2722 2465 2831 2523 δεῖν
2882 2464 3322 2541 περιτέμνεσθαι.
3375 2463 3595 2534 Ἐπειδὴ
3640 2463 3698 2521 δὲ
3727 2466 3836 2523 οὐκ

2170 2555 2347 2613 ἐδόκει
2377 2564 2514 2621 τέως
2559 2559 2744 2619 αὐτοις
2807 2557 3116 2628 ἀξιόπιστος
3176 2558 3332 2626 εἶναι,
3393 2554 3539 2611 ἀλλὰ
3596 2561 3714 2616 τοῖς
3775 2555 3832 2612 ἐν

2169 2649 2579 2724 Ἱεροσολύμοις
2611 2655 2934 2723 προσεῖχον,
2969 2647 3218 2716 ἀνῆλθεν,
3253 2647 3352 2702 οὐκ
3390 2647 3550 2709 αὐτός
3607 2669 3658 2703 τι
3714 2669 3831 2704 πει-

2172 2739 2400 2811 σόμενος
2425 2737 2640 2800 πλεῖον,
2670 2736 2816 2793 ἀλλά
2846 2737 3046 2792 πείσων
3106 2738 3232 2798 τοὺς
3283 2735 3688 2811 ἀντιλέγοντας,
3738 2739 3828 2794 ὃτι

2172 2827 2260 2882 καὶ
2293 2829 2345 2883 οἱ
2379 2827 2430 2881 ἐν
2461 2827 2875 2903 Ἰεροσολύμοις
2899 2827 3113 2886 τούτοις
3144 2827 3494 2902 ψηφίζονται.
3527 2859 3593 2870 -—
3626 2827 3752 2902 Οὐχ
3773 2829 3824 2881 οἱ

2174 2918 2281 2973 ἀπὸ
2309 2917 2476 2974 ἐθνῶν
2508 2917 2714 2986 πιστοὶ,
2746 2915 2875 2972 ἀλλ’
2900 2917 2950 2971 οἱ
2983 2916 3090 2971 ἀπὸ
3120 2914 3395 2972 Ἰουδαίων
3425 2916 3668 2990 ἀπῄτουν
3697 2916 3825 2978 τοὺς

2170 3009 2396 3070 πιστοὺς
2430 3006 2866 3081 περιτέμνεσθαι,
2899 3007 2989 3061 καὶ
3022 3005 3168 3060 ἂλλα
3214 3009 3310 3060 τοῦ
3365 3005 3542 3078 νόμου
3600 3006 3834 3080 σαρκικά

2172 3103 2370 3154 ποιεῖν’
2408 3097 2507 3152 οὒκ
2537 3097 2610 3158 ὡς
2643 3097 2720 3158 εἷς
2762 3095 2902 3151 ἰδίαν
2962 3096 3236 3165 καύχησιν
3297 3094 3555 3156 θέλοντας
3609 3095 3834 3170 περιτέ-

2175 3209 2326 3261 μνειν
2358 3186 2485 3248 τοὺς
2519 3187 2768 3255 πιστοὺς,
2801 3185 2901 3241 οὐκ
2931 3183 3255 3257 ἀπεδέξαντο
3289 3186 3340 3239 οἱ
3375 3185 3614 3258 μαθηταῖ
3644 3186 3832 3241 καίτοι

2171 3276 2231 3332 ἐκ
2259 3283 2566 3351 περιτομῆς
2600 3275 2769 3337 ὄντες·
2807 3276 2872 3331 οὑ
2902 3276 3003 3350 γὰρ
3033 3276 3095 3328 τὸ
3127 3274 3330 3328 ἑαυτῶν
3381 3273 3629 3345 ἐζήτουν,
3677 3273 3831 3330 ἀλλὰ

2167 3366 2231 3420 τὸ
2255 3363 2589 3444 κοινιυφελὶς
2615 3367 2712 3418 τοῦ
2742 3364 2952 3437 κόσμου
2983 3361 3071 3418 καὶ
3101 3365 3394 3438 σωτήριον.

2243 3655 2272 3687 (ι
2308 3633 2665 3708 Συνήχθησαν
2706 3629 2763 3687 δὶ
2793 3632 2844 3685 οἱ
2878 3630 3177 3686 ἀπόστολοι
3223 3631 3314 3686 καὶ
3364 3633 3417 3686 οἱ
3460 3626 3819 3706 πρεσϐύτεροι

2170 3719 2364 3776 «ἰδεῖν
2394 3723 2645 3796 περὶτοῦ
2684 3719 2852 3794 λόγου
2907 3721 3126 3776 τούτου.
3190 3719 3416 3790 Πολλῆς
3468 3719 3524 3776 δὲ
3582 3725 3828 3793 συζητῆ-

2175 3834 2363 3875 ισεως
2413 3811 2731 3886 γενομένης,
2797 3811 3028 3873 ἀναστὰς
3089 3813 3294 3885 Ηέτρος
3355 3812 3475 3868 εἷπε
3528 3814 3664 3889 πρὸς
3723 3814 3826 3868 αὐ-

2170 3904 2377 3965 κτούς·
2422 3901 2650 3977 ’Ἄνδρες
2710 3899 2963 3981 ἀδελφοὶ,
3024 3902 3180 3974 ὑμεῖς
3220 3901 3522 3973 ἐπίστασθε,
3593 3905 3675 3959 ὃτι
3730 3905 3828 3980 ἀφ’

2171 3996 2455 4066 «ἡμερῶν
2501 3991 2746 4067 ἀρχαίων
2807 3994 2834 4046 ὁ
2892 3991 3020 4054 Θεὸς
3081 3991 3132 4046 ἐν
3193 3995 3328 4064 ἡμῖν
3374 3991 3670 4064 ἐξελέξατο,
3731 3992 3833 4052 διὰ

2170 4108 2196 4135 (ι
2231 4087 2326 4138 τοῦ
2359 4081 2629 4154 στόματός
2659 4102 2764 4136 που
2795 4082 3019 4136 ἀκοῦσαι
3047 4081 3113 4135 τὰ
3169 4078 3294 4152 ἔθνη
3349 4081 3441 4138 τὸν
3500 4081 3671 4160 λόγου
3723 4089 3830 4140 τοῦ

2175 4196 2195 4223 ι
2237 4170 2573 4246 Εὑαγγελίου
2632 4169 2719 4225 καὶ
2789 4174 3091 4226 πιστεῦσαι.
3182 4170 3285 4226 Καὶ
3371 4171 3398 4226 ὁ
3483 4169 3832 4246 καρδιογνώο

2177 4285 2196 4313 ι
2233 4281 2365 4331 στης
2426 4261 2554 4319 Θεὸς
2623 4259 2997 4336 ἐμαρτύρησεν
3055 4261 3262 4326 αὐτοῖς,
3325 4257 3455 4320 δοὺς
3513 4263 3702 4324 αὐτοῖς
3761 4266 3834 4320 τὸ

2170 4375 2197 4403 ι(
2234 4354 2447 4422 Πνεῦμα
2502 4351 2564 4405 τὸ
2626 4352 2804 4423 ἅγιον,
2890 4348 3069 4412 καθὼς
3125 4349 3213 4403 καὶ
3277 4354 3434 4426 ἡμῖν,
3518 4351 3608 4406 καί
3666 4349 3832 4409 οὐδὲν

2170 4436 2461 4513 «διέκρινε
2522 4438 2717 4511 μεταξὺ
2801 4438 2963 4510 ἡμῶν
3035 4458 3093 4492 τε
3174 4439 3265 4493 καὶ
3325 4438 3524 4512 αὐτῶν,
3607 4440 3676 4514 τῇ
3727 4441 3834 4495 πί-

2175 4550 2197 4579 ι
2234 4549 2344 4584 στει
2377 4529 2668 4601 καθαρίσας
2699 4527 2794 4589 τὰς
2817 4525 3050 4602 καρδίας
3080 4527 3272 4584 αὐτῶν.
3311 4553 3332 4582 ι

2238 4620 2395 4679 Ἴσως
2440 4623 2687 4690 παρῆσαν
2745 4617 2796 4672 οἱ
2857 4613 3243 4694 ἐγκαλέσαντες
3295 4619 3447 4690 αὐτῷ
3504 4616 3674 4674 πάλαι
3732 4619 3836 4676 ἐπὶ

396 4703 634 4758 Petrum
670 4703 743 4758 de
774 4705 1070 4766 Cornelio,
1106 4710 1164 4758 et
1193 4705 1472 4759 similiter
1501 4707 1600 4775 qui
1635 4707 1882 4777 profecti
1924 4709 2045 4764 fue-

2171 4704 2508 4783 Κορνηλίου,
2541 4707 2631 4761 καὶ
2690 4702 3025 4768 εἰσελθόντες
3085 4708 3198 4776 μετ’
3268 4706 3455 4776 αὑτοῦ,
3516 4705 3605 4764 διδ.
3656 4713 3836 4767 τοῦτο

393 4797 528 4848 rant
557 4810 690 4849 cum
723 4811 812 4861 eo,
847 4800 1163 4866 propterea
1202 4795 1364 4867 ipsos
1396 4799 1576 4850 testes
1607 4795 1866 4852 adducit.
1901 4799 2052 4863 Quid

397 4886 488 4935 est
516 4887 713 4937 autem
747 4883 857 4938 hoc
889 4883 1047 4955 quod
1079 4884 1370 4956 sequitur.
1401 4906 1429 4933 ‹‹
1462 4885 1526 4939 In
1561 4885 1733 4940 nobis
1767 4887 1992 4960 elegit?
2025 4911 2052 4938 ››

400 4970 516 5024 Hoc
549 4977 637 5025 est
667 4973 729 5026 in
761 4972 1101 5042 Palaestina,
1129 4973 1218 5028 vel
1247 4975 1640 5045 praesentibus
1673 4976 1865 5031 nobis.
1903 5000 1930 5026 ‹‹
1956 4979 2050 5033 Ni-

395 5060 600 5130 hilque
635 5062 915 5118 discrevit
943 5064 1099 5120 inter
1129 5081 1239 5120 nos
1271 5070 1330 5119 et
1357 5065 1514 5132 illos,
1549 5067 1685 5121 dato
1737 5068 1821 5122 eis
1869 5069 2051 5140 Spiri-

396 5154 458 5201 tu
491 5155 694 5204 sancto
728 5150 881 5205 sicut
911 5157 969 5206 et
1017 5151 1211 5218 nobis,
1274 5152 1390 5208 fide
1447 5155 1780 5224 puriﬁcatis
1842 5173 2045 5214 eorum

390 5235 690 5292 cordibus.
727 5258 756 5288 »
795 5238 912 5294 Hoc
956 5245 1049 5296 est
1095 5240 1250 5296 facta
1301 5242 1718 5312 puriﬁcatione
1767 5251 2048 5316 peccato-

477 5410 518 5446 ¹¹
555 5411 742 5479 Galat,
775 5429 814 5480 I,
851 5413 937 5468 17.

458 5633 540 5703 (1)
573 5630 892 5702 sequentia
923 5629 1440 5703 praemittebantur
1464 5646 1594 5702 quze
1617 5631 1678 5686 in
1695 5632 1892 5689 Graeco
1915 5652 2037 5694 non

383 5701 735 5786 compa-rent
756 5701 997 5786 iEti‘a’m
1026 5701 1166 5786 hin‘c
1196 5701 1413 5786 conjici
1443 5701 1635 5786 pctest
1664 5705 1826 5786 quod
1857 5707 2036 5766 aliam

386 5773 706 5848 quamdam
739 5775 1087 5851 dignitatem
1123 5773 1422 5830 habebant
1451 5773 1703 5846 apostoli
1737 5795 1869 5849 qua
1901 5797 2036 5852 pre-

2167 4799 2397 4873 παράγει
2451 4795 2647 4857 αὐτοὺς
2707 4796 3004 4871 μάρτυρας.
3088 4796 3156 4852 Τί
3233 4794 3289 4851 δέ
3335 4795 3447 4853 ἐστι
3507 4801 3588 4869 τὸ,
3647 4822 3672 4852 α
3731 4801 3835 4857 Ἐν

2165 4890 2304 4959 ἡμῖν
2337 4885 2608 4960 ἐξελέξατο
2636 4905 2649 4954 ;
2675 4909 2703 4938 »
2729 4886 3016 4941 Τουτέστιν
3051 4884 3101 4939 ἐν
3142 4884 3483 4960 Παλαιστίνῃ
3535 4888 3830 4964 παρόντων

2163 4981 2342 5050 ἡμῶν.
2381 5000 2404 5028 ‹‹
2443 4976 2537 5030 Καὶ
2573 4976 2637 5030 οὐ
2670 4971 2921 5050 διέκρινε,
2957 4976 3114 5051 φησὶ,
3170 4975 3369 5047 μεταξὺ
3419 4979 3581 5049 ἡμῶν
3619 4998 3678 5034 τε
3723 4981 3828 5036 καὶ

2163 5066 2363 5132 αὐτῶν,
2396 5062 2521 5127 δοὺς
2554 5064 2738 5126 αὐτοῖς
2770 5065 2832 5121 τὸ
2891 5067 3108 5136 Πνεῦμα
3155 5065 3218 5119 τὸ
3279 5067 3433 5134 ἅγιον
3487 5067 3665 5130 καθὼς
3723 5072 3823 5126 καὶ

2160 5159 2317 5232 ἡμῖν,
2370 5159 2439 5228 τῇ
2499 5155 2672 5210 πίστει
2729 5154 3021 5227 καθαρίσας
3077 5154 3173 5216 τὰς
3221 5153 3448 5229 καρδίας
3517 5157 3716 5224 αὑτῶν,
3788 5182 3820 5212 ι

2157 5245 2402 5303 τουτέστι
2427 5245 2761 5321 καθαρισμὸν
2815 5246 3052 5315 ποιήσας
3110 5248 3216 5299 τῶν
3274 5245 3380 5302 ἀπὸ
3435 5253 3535 5317 τῆς
3587 5246 3824 5322 καρδίας

2150 5638 2521 5712 sbyterorum
2554 5636 2906 5709 dignitatem
2934 5634 3280 5712 excederet,
3330 5642 3574 5712 propter
3621 5655 3809 5711 quam

2148 5708 2271 5768 non
2302 5709 2484 5766 simul
2513 5708 2902 5767 assumuntur
2931 5708 3042 5779 ipsi
3079 5724 3215 5765 cum
3247 5708 3634 5780 presbyteris.
