4112 6478
391 402 506 463 ΞΠ

1405 412 1818 474 OOMMENT.
1868 413 1955 474 IN
1999 415 2200 475 ACTA
2251 415 2868 480 APOSTOLORUM.

3745 418 3864 478 218

407 535 582 593 σὸτῶν
616 536 896 609 ἰξιόντων
948 541 1389 617 ἁμαρτημάτων.
1443 543 1616 608 Οὗτος
1673 542 1731 601 δὲ
1789 545 1818 601 6
1873 547 2095 622 καθαρι-

2218 566 2367 619 rum,
2400 567 2530 623 quas
2562 567 2597 607 a
2655 552 2832 608 corde
2863 568 3067 610 eorum
3117 552 3522 623 egrediuntur.
3575 553 3710 609 Haec
3769 568 3869 609 au-

415 631 549 703 σμὸς
581 628 734 684 ἔοικε
764 637 1079 707 περιτομῇ,
1113 633 1206 688 καὶ
1239 633 1360 688 ἀντὶ
1413 640 1514 704 τῆς
1567 633 1618 690 ἑν
1677 635 1832 710 σαρκὶ
1890 655 2102 707 περιτο·

425 728 532 794 μῆς
589 716 809 774 δίδοται
863 723 902 791 ἡ
958 720 1012 776 ἐν
1069 721 1342 796 πνεύματι
1401 726 1674 799 περιτομή
1731 725 2104 799 καθαρίζουσα

425 815 494 884 τῇ
550 809 732 864 πίστει
785 815 860 884 τῇ
925 811 1003 873 εἷς
1106 811 1336 886 Χριστὸν
1420 813 1491 868 τὰ
1544 813 1779 886 κρυπτά.
1836 814 1961 868 Ὅτι
2047 809 2106 867 δὲ

427 901 492 956 οὐ
532 900 889 980 κοινωφελὴς
949 903 986 971 ἡ
1042 903 1275 976 σαρκική
1336 903 1636 976 περιτομὴ,
1693 901 1933 957 ἐντεῦθεν
1995 899 2101 956 δεί-

425 991 761 1059 κνυται,δτι
797 991 952 1063 μόνῳ
997 992 1078 1063 τῷ
1141 989 1324 1066 ἄρρενι
1381 989 1565 1061 ἐδόθη.
1622 992 1713 1049 Ἐν
1770 989 1826 1047 δὲ
1884 997 2102 1064 Χριστῷ

427 1078 976 1154 Ἰησοῦτῇᾶληοινῇ
1037 1082 1220 1137 πίστει
1253 1105 1281 1132 ιι
1318 1081 1422 1136 οὐκ
1468 1079 1550 1135 ἓνι
1598 1080 1759 1158 ἄρῥεν
1811 1080 1902 1136 καὶ
1935 1078 2100 1150 θῆλυ,

425 1168 531 1224 οὐκ
562 1168 643 1225 ἔνι
676 1166 879 1230 δοῦλος
914 1169 949 1239 ἢ
984 1167 1293 1245 ἐλεύθερος,
1329 1169 1431 1224 οὐκ
1453 1165 1532 1225 ἔνι
1562 1169 1774 1241 Ἕλλην
1805 1169 1840 1240 ἥ
1885 1165 2103 1245 Βαρϐα-

426 1279 548 1330 ρος,
580 1257 736 1314 ἀλλὰ
766 1259 964 1322 πάντες
987 1258 1041 1314 ’ὲν
1076 1257 1260 1332 ἐσμεν.
1299 1283 1326 1310 ››

502 1464 529 1487 κ
599 1441 710 1492 Νῦν
798 1435 891 1490 οὗν
949 1434 1004 1490 τί
1081 1437 1367 1512 πειράζετε
1449 1437 1544 1492 τὸν
1629 1437 1782 1506 Θεὸν,
1839 1436 2100 1492 ἐπιθεῖναι

437 1552 462 1579 ι
500 1527 666 1602 ζυγὸν
703 1524 793 1580 ἐπὶ
849 1525 943 1580 τὸν
1003 1524 1296 1600 τράχηλον
1352 1531 1461 1580 τῶν
1525 1531 1808 1600 μαθητῶν,
1870 1526 1927 1580 ὃν
1979 1525 2102 1581 οὕτε

444 1643 466 1666 ι
499 1617 552 1670 οἱ
595 1616 828 1688 πατὲρες
877 1617 1066 1688 ἡμῶν,
1124 1615 1250 1670 οὕτε
1301 1617 1464 1688 ἡμεῖς
1519 1616 1828 1690 ἱσχύσαμεν
1895 1614 2100 1687 βαστά-

450 1730 478 1755 κ
511 1723 656 1772 ut;
717 1702 892 1760 Ἀλλά
946 1701 1038 1758 διᾶ
1095 1711 1197 1772 τῆς
1259 1703 1490 1780 χάριτος
1544 1710 1640 1760 τοῦ
1691 1705 1888 1780 Κυρίου
1919 1705 2101 1775 Ἰησοῦ

457 1818 483 1843 «
520 1793 742 1866 Χριστοῦ
773 1793 1109 1866 πιστεύομεν
1143 1795 1384 1862 σωθῆναι
1440 1795 1560 1858 καθ’
1620 1793 1678 1849 ὅν
1747 1795 1948 1869 τρόπον
2004 1793 2100 1848 κά-

462 1888 696 1938 σκεῖνοι.
739 1882 1004 1957 Ἐσίγησε
1053 1881 1111 1937 δὶ
1168 1887 1270 1936 πᾶν
1331 1883 1392 1938 τὸ
1449 1883 1687 1953 πλῆθος,
1750 1884 1838 1938 καὶ
1896 1883 2098 1952 ἤκουον

448 1997 475 2021 ιι
507 1965 760 2044 Βαρνάϐα
827 1971 920 2026 καὶ
981 1968 1208 2026 Παύλου
1268 1971 1642 2048 ἐξηγουμένων
1718 1971 1818 2027 ὅσα
1901 1971 2094 2042 ἐποίη-

434 2087 463 2112 α
498 2082 586 2116 σεν
620 2063 650 2117 6
683 2063 814 2125 Θεὸς
855 2067 1061 2135 σημεῖα
1118 2061 1208 2116 καὶ
1261 2061 1456 2137 τέρατα
1513 2063 1566 2118 ἐν
1621 2068 1738 2125 τοῖς
1791 2061 1965 2118 ἔθνεσι
2024 2059 2094 2117 δι’

428 2176 458 2202 «ι
492 2150 702 2209 αὐτῶν.
737 2152 888 2208 Μετᾶ
921 2149 980 2206 δὲ
1009 2153 1072 2208 τὸ
1105 2159 1324 2226 σιγῆσαι
1355 2152 1576 2215 αὐτοὺς,
1611 2177 1640 2205 ››

504 2265 528 2290 ι
567 2241 635 2298 Τί
697 2242 981 2315 πειράζετε
1035 2241 1130 2296 τὸν
1187 2243 1368 2310 Θεόν;
1425 2269 1445 2296 ι
1512 2239 1773 2300 Τουτέστι
1829 2241 1882 2296 τί
1965 2242 2094 2296 ἀπι-

426 2335 608 2385 στεῖτε
647 2334 733 2402 τῷ
763 2335 904 2402 Θεῷ,
939 2331 1014 2392 ὡς
1086 2330 1184 2386 οὐκ
1215 2330 1424 2406 ἰσχύων
1485 2332 1538 2388 τί
1604 2353 1736 2412 φησι
1796 2337 1969 2388 σῶσαι
2022 2335 2092 2404 τῇ

427 2421 612 2476 πῖστει
679 2422 809 2485 τοὺς
863 2422 1354 2502 προσερχομένους
1430 2421 1580 2493 αὐτῷ
1637 2444 1650 2493 ;
1741 2423 2090 2495 Σημειωτέον

427 2507 485 2566 δὶ
534 2510 622 2565 ὅτι
677 2511 748 2565 τά
828 2508 1246 2586 δυσκατόρθωτα
1322 2511 1663 2587 ἐπιτάγματα
1739 2519 1839 2581 τῆς
1899 2513 2098 2586 σαρκὸς

427 2599 493 2655 ού
525 2597 613 2656 δεῖ
667 2598 899 2672 ἐπιγλᾷν
957 2622 1117 2670 τισιν,
1181 2603 1300 2658 οἷον
1360 2599 1525 2678 ἄκραν
1584 2603 1852 2674 νηστείαν,
1911 2603 1947 2673 ἤ
1998 2624 2097 2676 γυ-

434 2691 715 2762 μνότττα,
775 2689 810 2759 ἢ
874 2691 1108 2758 σιωπὴν,
1170 2689 1216 2746 εἰ
1278 2693 1353 2763 μή
1406 2691 1470 2768 γὲ
1547 2712 1630 2753 τις
1701 2691 1876 2763 ἑαυτῷ
1931 2697 2098 2748 ταῦτα

428 2779 690 2850 ἐπιτάξῃ.
729 2778 795 2835 Εἰ
827 2779 927 2856 γὰρ
983 2780 1075 2834 καὶ
1144 2777 1409 2856 δυσχερῆ,
1467 2779 1618 2836 ἀλλά
1678 2783 1786 2854 μήν
1848 2781 1910 2837 ού
1965 2803 2098 2837 κατ-

433 2869 764 2942 ορθώματα,
823 2869 912 2923 καὶ
997 2869 1260 2944 γενόμενα
1319 2870 1422 2924 ὑπὸ
1506 2869 1737 2926 πολλῶν
1797 2872 1887 2926 καὶ
1945 2871 2100 2946 γινό-

437 2979 590 3031 μενα.
630 2982 660 3009 ‹‹
696 2955 876 3014 Ἀλλά
927 2955 1020 3013 διὰ
1074 2965 1176 3028 τῆς
1226 2961 1454 3033 χάριτος
1510 2963 1607 3014 τοῦ
1660 2959 1856 3034 Κυρίου
1915 2961 2100 3031 Ἰησοῦ

431 3047 777 3119 πιστεύομεν
834 3051 1097 3112 σωθῆναι.
1162 3071 1186 3102 υ
1247 3050 1449 3122 Ὠσπερ
1539 3050 1643 3124 γὰρ
1704 3047 1875 3105 πάλαι
1924 3051 2019 3124 μὶν
2072 3051 2106 3119 ὁΔ

429 3137 601 3208 νόμος
666 3136 800 3198 τοὺς
854 3134 1317 3210 διαφυλάττοντας
1372 3139 1439 3194 τὰ
1523 3138 1576 3194 ἐν
1635 3137 1784 3212 αύτῷ
1839 3138 2103 3216 εἶ’ρημενα

423 3225 651 3296 ἔσωζεν,
690 3225 837 3280 οὕτω
863 3228 1016 3290 νῦνὴ
1051 3229 1218 3307 χάρις
1275 3228 1365 3282 καὶ
1426 3225 1561 3307 δίχα
1617 3235 1717 3298 τῆς
1773 3232 1872 3284 τοῦ
1926 3229 2104 3303 νόμου

423 3314 843 3397 παραφολακῆς
877 3313 966 3371 διά
1007 3323 1107 3385 τῆς
1169 3318 1405 3379 πίστεως
1464 3318 1648 3389 σώζει.

497 3430 526 3456 ιι
589 3403 896 3476 Ἀπεκρίθη
960 3401 1243 3476 Ἰάκωϐος,
1305 3405 1505 3483 λέγων,
1563 3403 1794 3482 ’Ἄνδρες
1871 3403 2100 3488 ἀδελφοὶ

427 3518 454 3547 ι
487 3494 764 3549 ἀκούσατέ
800 3515 928 3566 μου.
961 3517 990 3546 »

499 3586 685 3646 Οὗτος
722 3585 751 3639 ὁ
807 3578 1078 3650 Ἰάκωϐος
1133 3586 1164 3641 6
1219 3588 1331 3640 τῶν
1378 3584 1786 3660 Ἱεροσολύμων
1845 3587 1950 3643 ὑπὸ
2000 3589 2104 3644 Κυ-

442 3674 562 3748 ρίου
592 3673 1007 3749 προχειρισθεὶς
1041 3673 1339 3736 ὲπίσκοπος
1375 3676 1496 3739 υἱὸς
1525 3676 1728 3756 Ἰωσὴφ
1760 3677 1826 3746 ἦν
1860 3681 1958 3730 τοῦ
2013 3677 2101 3732 τέο

450 3783 666 3830 κτονος,
693 3762 926 3844 ἀδελφὸς
984 3761 1042 3820 δὲ
1094 3766 1234 3821 κατὰ
1291 3767 1463 3841 σάρκα
1514 3770 1612 3821 τοῦ
1676 3767 1880 3842 Κυρῖου
1934 3769 2099 3839 ἡμῶν

451 3853 630 3923 Ἰησοῦ
684 3851 944 3919 Χριστοῦ.
1008 3859 1249 3918 Συνετῶς
1335 3853 1394 3912 δὲ
1445 3855 1553 3911 ἀπό
1639 3877 1700 3912 τε
1766 3856 1926 3920 νέων,
1992 3855 2100 3912 ἀπό

434 3963 492 3998 τε
542 3941 792 3998 παλαιῶν
852 3938 1173 4018 βεϐαιοῦται
1221 3949 1330 4000 τῶν
1377 3949 1674 4025 προφητῶν
1731 3945 1823 4001 τὸν
1906 3944 2094 4020 λόγον.

425 4031 506 4090 Οὐ
565 4032 672 4106 γὰρ
762 4033 885 4108 εἷχὲ
941 4054 994 4088 τι
1053 4040 1284 4108 πρᾶγμα
1343 4031 1534 4105 δεῖξαι,
1593 4034 1834 4110 καθάπερ
1889 4034 2098 4110 Πέτρος

420 4117 649 4193 δηλαδή
733 4122 828 4176 καὶ
889 4121 1127 4184 [Ιαῦλος.
1217 4121 1410 4186 Καλῶς
1465 4120 1522 4178 δὲ
1575 4123 1944 4197 οἰκονομεῖται
2029 4121 2100 4180 δι’

417 4211 650 4267 ἐκείνων
707 4215 880 4267 ταῦτα
963 4213 1210 4289 γενέσθαι
1266 4217 1374 4269 τῶν
1447 4213 1512 4268 οὐ
1575 4212 1893 4286 μελλόντων
1957 4235 2099 4294 χρο-

412 4301 586 4370 νῖζειν
623 4306 742 4361 τοῖς
775 4300 1202 4376 Ἰεροσολύμοις.
1238 4306 1444 4360 Τοῦτον
1503 4300 1561 4359 δὶ
1618 4303 1713 4360 τὸν
1774 4301 2096 4360 διδάσκοντα

414 4390 633 4450 αὐτοὺς
669 4390 749 4461 μή
777 4391 920 4446 ἐἶναι
956 4391 1267 4461 ὑπεύθυνον,
1306 4391 1449 4466 μηδὶ
1494 4395 1604 4466 μήν
1635 4393 1963 4470 ἀπεσχίσθαι
1994 4399 2095 4460 τῆς

420 4479 690 4557 γνώμης.
745 4511 748 4513 λ

491 4593 523 4620 α
591 4568 838 4636 Συμεὼν
923 4567 1244 4645 ἐξηγήσατο,
1310 4570 1489 4633 καθὼς
1550 4575 1766 4648 πρῶτον
1855 4573 1884 4628 6
1963 4573 2092 4636 Θεὸς

2215 649 2333 696 tem
2395 642 2730 713 purificatio
2816 643 3030 698 similis
3105 643 3569 707 circumcisioni,
3621 650 3680 698 et
3735 643 3866 698 loco

2213 733 2705 801 circumcisionis,
2741 752 2872 805 quae
2916 735 2981 788 fit
3038 735 3099 788 in
3133 751 3330 797 carne,
3367 733 3541 789 datur
3605 734 3866 788 circum-

2212 824 2358 879 cisio
2407 825 2470 878 in
2529 826 2766 898 spiritu,
2827 825 3155 898 puriﬁcans
3215 825 3328 880 lide
3385 842 3516 895 quas
3576 824 3637 877 in
3693 824 3864 877 Chri-

2213 921 2367 970 stum
2397 921 2488 970 est
2515 915 3175 981 occultascelera.Quod
3191 921 3386 970 autem
3411 914 3470 966 in
3485 929 3863 968 communem

2213 1020 2334 1058 non
2347 1005 2852 1060 cedatutilitatem
2868 1005 3242 1060 circumcisio
3258 1004 3477 1069 carnis,
3507 1019 3574 1056 ex
3590 1019 3655 1056 eo
3680 1003 3868 1071 liquet

2211 1095 2371 1164 quod
2403 1094 2546 1150 solis
2578 1095 2715 1150 data
2746 1095 2822 1150 sit
2851 1095 3152 1150 masculis.
3171 1095 3234 1147 In
3263 1093 3494 1146 Christo
3509 1097 3706 1146 autem
3728 1092 3866 1145 Jesu

2210 1201 2318 1258 per
2347 1200 2544 1240 veram
2579 1184 2758 1239 fidem
2791 1206 2818 1234 ‹‹
2870 1201 2990 1239 non
3051 1190 3142 1238 est
3172 1182 3472 1238 masculus
3505 1185 3564 1236 et
3622 1180 3862 1246 femina,

2209 1291 2333 1330 non
2365 1280 2455 1330 est
2486 1291 2690 1330 servus
2724 1275 2877 1331 1‘22
2912 1281 2971 1328 et
3000 1273 3169 1338 liber,
3205 1289 3323 1328 non
3355 1277 3446 1327 est
3497 1271 3736 1326 Graecus
3766 1275 3868 1324 aut

2211 1364 2524 1432 Barbarus,
2556 1364 2659 1420 sed
2690 1380 2899 1419 omnes
2927 1381 3114 1420 unum
3146 1380 3352 1420 sumus
3377 1363 3443 1418 ¹².
3478 1383 3506 1411 ››

2281 1454 2396 1521 Χν,
2424 1458 2612 1510 10-12.
2648 1477 2676 1504 ‹‹
2712 1456 2876 1510 Nunc
2899 1471 3034 1527 ergo
3069 1453 3212 1525 quid
3263 1453 3506 1507 tentatis
3561 1453 3767 1517 Deum,
3801 1455 3866 1504 ut

2217 1562 2240 1591 α
2274 1544 2622 1615 imponatur
2641 1544 2852 1616 jugum
2877 1561 3056 1614 super
3087 1541 3809 1613 cervices;discipulorum
3845 1543 3859 1574 ¹

2209 1654 2238 1681 ‹‹
2263 1632 2420 1704 quod
2452 1649 2647 1703 neque
2679 1639 2876 1704 patres
2908 1633 3096 1688 nostri
3125 1649 3318 1703 neque
3350 1648 3460 1686 nos
3488 1637 3721 1702 portare
3758 1646 3865 1700 po-

2213 1745 2238 1772 σ
2273 1723 2496 1778 tuimus
2527 1721 2554 1776 ?
2576 1723 2677 1778 sed
2710 1739 2815 1794 per
2842 1723 3089 1794 gratiam
3125 1721 3356 1777 Domini
3396 1722 3534 1776 Jesu
3565 1719 3863 1774 credimus

2213 1834 2240 1862 ‹‹
2274 1828 2385 1866 nos
2416 1812 2728 1867 salvandos
2760 1811 3264 1883 quemadmodum
3297 1817 3356 1865 et
3386 1810 3500 1864 illi.
3531 1809 3734 1864 Tacuit
3759 1825 3862 1863 au-

2208 1924 2236 1951 «
2267 1907 2386 1956 tem
2418 1907 2541 1956 tota
2569 1902 2925 1968 multitudo;
2961 1909 3021 1957 et
3049 1901 3373 1957 audiebant
3410 1899 3737 1954 Barnabam
3796 1914 3864 1951 ac

2211 2010 2238 2043 ιι
2269 1992 2520 2049 Paulum
2553 1998 2867 2048 narrantes
2898 2009 3028 2063 quae
3044 1993 3212 2065 signa
3234 2009 3302 2046 ac
3333 1989 3604 2063 prodigia
3626 1988 3866 2043 fecisset

2206 2103 2235 2130 «
2260 2082 2417 2138 Deus
2450 2082 2607 2138 inter
2634 2087 2840 2154 gentes
2871 2099 2976 2154 per
3003 2082 3184 2154 ipsos.
3223 2103 3250 2130 »

2277 2276 2304 2304 «
2330 2254 2479 2319 Quid
2509 2253 2754 2309 tentatis
2786 2255 3010 2308 Deum?
3040 2275 3066 2301 ››
3091 2253 3209 2307 Hoc
3241 2258 3330 2306 est
3352 2267 3534 2321 quare
3566 2248 3861 2304 increduli

2207 2344 2350 2400 estis
2381 2345 2520 2408 Deo,
2545 2343 2714 2414 quasi
2745 2343 2859 2398 fide
2889 2341 3114 2397 salvare
3147 2358 3265 2396 non
3299 2347 3500 2412 posset
3519 2340 3594 2396 ad
3641 2357 3704 2394 se
3761 2356 3858 2394 ac-

2206 2433 2488 2490 cedentes
2509 2433 2536 2488 ?
2557 2433 2892 2488 Notandum
2919 2448 3054 2487 vero
3078 2431 3233 2502 quod
3249 2431 3520 2486 dilﬁcilia
3545 2429 3862 2484 illacarnis

2206 2527 2509 2594 praecepta
2541 2538 2660 2576 non
2685 2528 2918 2593 oportet
2949 2520 3255 2592 quibusvis
3289 2521 3597 2591 imponere
3635 2525 3702 2574 ut
3731 2517 3860 2572 lon-

2207 2628 2346 2684 gum
2379 2618 2828 2680 extremumque
2853 2610 3518 2682 jejuniumnuditatem
3555 2617 3657 2664 aut
3678 2609 3864 2664 silen—

2209 2701 2359 2759 tium
2387 2718 2400 2756 :
2433 2703 2548 2757 nisi
2582 2701 2716 2774 quis
2748 2701 2859 2757 sibi
2892 2701 3006 2773 ipsi
3040 2701 3165 2755 tunc
3196 2702 3481 2770 imponat.
3515 2701 3867 2770 Quanquam

2211 2792 2372 2847 enim
2403 2791 2676 2847 difficilia
2699 2797 2855 2847 sunt.
2889 2807 3010 2846 non
3044 2797 3183 2847 sunt
3213 2798 3411 2845 tamen
3443 2791 3676 2861 egregia
3722 2789 3866 2844 faci-

2211 2898 2380 2946 nora,
2415 2881 2556 2937 licet
2583 2898 2618 2937 a
2646 2881 2852 2936 multis
2881 2881 3035 2936 facta
3067 2882 3263 2937 sintet
3291 2881 3486 2936 adhuc
3509 2881 3672 2934 ﬁant.
3709 2901 3735 2928 ί(
3754 2878 3862 2934 Sed

2212 2988 2318 3044 per
2347 2971 2598 3044 gratiam
2631 2971 2865 3026 Domini
2885 2973 3022 3026 Jesu
3054 2969 3479 3026 credimusnos
3499 2968 3870 3024 salvandos.»

2212 3060 2725 3127 Quemadmodum
2757 3061 2915 3116 enim
2949 3061 3042 3116 lex
3069 3060 3211 3114 olim
3240 3060 3622 3115 observantes
3655 3058 3867 3128 quaain

2215 3167 2284 3206 ea
2313 3149 2668 3206 dicebantur
2697 3149 3071 3213 salvabat,ila
3102 3166 3261 3206 nunc
3291 3149 3480 3219 gratia
3511 3148 3713 3213 etiam,
3737 3147 3866 3201 sine

2214 3238 2360 3314 legis
2400 3239 2831 3305 observatione,
2865 3255 2971 3311 per
2995 3239 3172 3294 fidem
3207 3238 3410 3293 salvat.

2285 3404 2402 3471 XV,
2437 3404 2521 3458 13.
2558 3423 2588 3453 «
2621 3403 2690 3457 Et
2720 3407 3035 3476 postquam
3069 3401 3519 3466 conticuissent,
3561 3397 3868 3470 respondit

2215 3515 2244 3546 ‹‹
2274 3493 2545 3556 Jacobus.
2577 3492 2784 3548 dicens
2819 3508 2832 3548 :
2866 3492 2978 3546 Viri
3015 3492 3245 3558 fratres,
3271 3507 3346 3548 au
3369 3492 3470 3545 lite
3503 3507 3618 3546 me.
3657 3513 3682 3537 ››

2283 3584 2534 3640 Iacobus
2559 3584 2652 3639 hic
2680 3582 3185 3654 Jerosolymorum
3227 3598 3262 3636 a
3315 3580 3568 3635 Domino
3627 3586 3861 3637 creatus

2213 3675 2547 3746 episcopus.
2582 3673 2743 3730 ﬁlius
2771 3678 2899 3728 erat
2924 3673 3140 3743 Joseph
3200 3670 3372 3735 fabri,
3434 3672 3616 3725 frater
3663 3676 3860 3726 autem

2212 3763 2542 3820 secundum
2575 3779 2814 3818 carnem
2847 3762 3079 3817 Domini
3113 3761 3302 3816 nostri
3332 3762 3469 3817 Jesu
3499 3759 3862 3814 ChristiDo-

2211 3859 2303 3908 cte
2335 3858 2534 3910 autem
2567 3858 2689 3910 tum
2724 3869 2758 3906 a
2787 3850 3242 3917 recentioribus,
3306 3855 3429 3904 tum
3483 3865 3518 3904 a
3564 3849 3862 3903 veteribus

2209 3942 2518 4015 prophetis
2550 3941 2867 3997 conﬁrmat
2897 3940 3465 4008 sermonem.Neque
3488 3937 3645 3992 enim
3671 3938 3864 4009 potuit

2207 4032 2426 4089 factum
2441 4029 2683 4102 aliquod
2697 4031 3106 4085 demonstrare
3135 4026 3631 4100 quemadmodum
3654 4028 3861 4082 Petrus

2209 4127 2268 4178 et
2299 4121 2724 4178 Paulusﬂecte
2755 4125 2955 4176 autem
2987 4119 3298 4175 ordinatur
3317 4123 3384 4174 ut
3405 4133 3509 4188 per
3529 4116 3661 4170 illos
3681 4131 3861 4186 opera

2208 4211 2424 4267 ﬂerent
2454 4211 2553 4282 qui
2587 4228 2709 4267 non
2741 4210 2928 4266 multo
2976 4216 3245 4280 tempore
3303 4223 3532 4264 moram
3594 4205 3859 4260 facerent

2203 4303 2592 4376 Jerosolymis
2647 4303 2750 4358 Hic
2781 4309 2978 4361 autem
3013 4301 3112 4372 qui
3138 4300 3512 4365 eosdoceret,
3545 4297 3860 4355 nullil‘oret

2204 4393 2393 4465 culpm
2421 4393 2733 4454 obnoxius.
2769 4409 2961 4464 neque
2993 4391 3194 4447 animo
3226 4396 3540 4460 corruptus
3572 4394 3746 4442 esset.

2274 4484 2397 4544 XV.
2423 4485 2504 4538 14.
2540 4505 2570 4534 ‹‹
2595 4483 2835 4538 Simeon
2861 4482 3124 4537 narravit
3153 4478 3659 4551 quemadmodum
3705 4478 3855 4534 Deus

2203 4596 2230 4622 «
2265 4573 2524 4645 primum
2547 4572 2869 4628 visitaverit
2897 4578 2964 4628 ut
2994 4576 3257 4629 sumeret
3285 4568 3639 4642 exgentibus
3671 4582 3856 4640 popu-

417 4682 446 4710 α
481 4657 830 4731 ἐπεσκέψατο
863 4653 1050 4715 λαϐεῖν
1080 4661 1131 4734 ἐξ
1165 4660 1333 4717 ἐθνῶν
1394 4659 1527 4718 λαὸν
1580 4659 1672 4718 ἐπὶ
1725 4666 1806 4735 τῷ
1863 4661 2090 4737 ὀνόματι

2218 4686 2234 4712 τ‹
2270 4663 2394 4719 lum
2425 4663 2487 4718 in
2519 4663 2764 4719 nomine
2797 4679 2924 4718 suo.
2960 4685 2987 4710 ››

411 4773 442 4799 α
482 4748 680 4802 αὐτοῦ.
715 4770 744 4797 u

489 4838 657 4900 Τινὲς
694 4838 928 4910 Σεμεὼν
986 4841 1080 4895 τὸν
1139 4838 1193 4896 ἐν
1243 4843 1323 4913 τῷ
1377 4845 1558 4912 Λουκᾷ
1617 4841 2092 4920 προφητεύσαντα,

412 4949 448 4980 σ
479 4927 600 4984 Νῦν
630 4924 898 4990 ἀπολύεις
929 4928 1020 4983 τὸν
1057 4925 1257 4985 δοῦλόν
1289 4949 1411 4998 σου,
1468 4929 1735 5003 Δέσποτα,
1769 4954 1799 4982 ››
1830 4932 1982 5009 φασί.

490 5135 522 5161 «ι
577 5109 688 5166 Καὶ
747 5107 930 5184 τούτῳ
979 5113 1365 5186 συμφωνοῦσιν
1431 5111 1484 5167 οἱ
1550 5108 1707 5186 λόγοι
1790 5115 1898 5168 τῶν
1953 5132 2090 5188 προ-

413 5224 442 5252 α
508 5205 720 5282 φητῶν,
800 5199 988 5263 καθὼς
1072 5198 1398 5278 γέγραπταιο
1489 5201 1644 5259 Μετᾶ
1727 5205 1896 5258 ταῦτα
1959 5202 2091 5258 ἀνα-

411 5291 713 5367 «στρέψω,
794 5291 886 5349 καὶ
977 5286 1406 5366 ἀνοικοδομήσω
1481 5292 1582 5360 τὴν
1643 5293 1850 5363 σκηνὴν
1925 5289 2089 5349 Δαυῖδ

409 5403 436 5436 ο
468 5384 567 5455 τὴν
598 5383 988 5445 πεπτωκυῖαν,
1018 5378 1107 5434 καὶ
1139 5377 1208 5434 τὰ
1237 5381 1658 5454 κατεσκαμμένα
1714 5380 1883 5452 αὐτῆς
1935 5381 2090 5439 ἀνοι-

987 5466 1004 5485 \
1113 5467 1145 5522 ἀ
1304 5468 1317 5488 1
1538 5469 1552 5489 9
1608 5470 1622 5488 ο
1807 5473 1816 5486 ο
2030 5469 2060 5490 ν

907 5487 1006 5525 και
1148 5479 1411 5543 νορθωσω
1494 5491 1686 5541 αυτην,
1786 5472 1936 5534 ὅπως
2025 5493 2087 5528 αν

395 5501 425 5531 α
461 5476 686 5557 κοδομή
692 5498 802 5546 σω,

953 5556 1010 5612 οἱ
1087 5554 1418 5616 κατάλοιποι
1478 5563 1585 5616 τῶν
1645 5559 1950 5638 ἀνθρώπων
1996 5561 2088 5617 τὸν

381 5593 411 5632 ι
430 5570 840 5651 ἐκζητήσωσιν

403 5787 459 5828 u
485 5778 701 5848 εδει,
742 5780 846 5834 ω,
879 5755 983 5812 28.
1025 5752 1071 5789 ¹⁸
1100 5750 1232 5815 an.
1265 5771 1328 5824 ιι,
1371 5753 1462 5814 ιο.

2272 4841 2523 4908 Quidam
2552 4841 2711 4899 hunc
2741 4857 2874 4897 esse
2920 4842 3254 4896 Simeonem
3300 4838 3528 4905 dicunt,
3563 4837 3663 4909 qui
3695 4837 3854 4908 apud

2203 4933 2416 4988 Lucam
2447 4931 2822 5003 prophetavit
2853 4933 3090 4990 :uNunc
3122 4929 3374 4984 dimittis
3405 4944 3639 4985 servum
3664 4933 3852 4995 tuum,

2203 5022 2452 5078 Domine
2487 5020 2550 5076 ιθ.
2585 5042 2615 5072 ››

2273 5112 2426 5167 128
2462 5111 2574 5179 XV,
2612 5113 2675 5166 l8
2710 5113 2798 5166 21.
2831 5131 2860 5162 cc
2894 5112 2963 5164 Et
3008 5109 3146 5167 huic
3178 5113 3504 5165 consonant
3534 5106 3669 5162 libri
3715 5123 3853 5179 pro-

2201 5225 2229 5252 «
2250 5202 2588 5275 phetarum.
2623 5203 2777 5261 sicut
2799 5203 3082 5274 scriptum
3108 5207 3196 5256 est
3230 5218 3243 5255 :
3266 5203 3404 5256 Post
3425 5200 3550 5256 haec
3567 5205 3850 5262 revertar,

2200 5314 2230 5344 α
2261 5309 2620 5366 rursumque
2651 5292 2959 5348 aadiﬁcabo
2993 5290 3440 5346 tabernaculum
3480 5289 3656 5346 David
3691 5287 3850 5360 quod

2197 5403 2228 5433 «
2259 5382 2588 5455 collapsum
2624 5389 2732 5446 est,
2771 5387 2830 5438 et
2859 5381 3059 5439 diruta
3088 5381 3220 5453 ejus
3253 5380 3619 5445 instaurabo,
3652 5385 3710 5433 et
3732 5379 3844 5433 eri-

2197 5489 2390 5546 «.gam
2424 5472 2572 5530 illud
2598 5477 2693 5528 :ut
2725 5473 3035 5544 requirant
3053 5471 3155 5543 qui
3186 5471 3399 5542 reliqui
3419 5469 3848 5527 sunthomiues

2196 5583 2226 5616 «
2260 5564 2673 5634 Dominum,et
2696 5580 2905 5621 omnes
2925 5570 3132 5639 gentes
3150 5579 3330 5636 super
3351 5560 3847 5635 quasinvocatum
