4112 6408
248 397 364 459 219

1378 392 1810 461 ωουΜΕΝιι
1855 395 2158 459 ΤΗΙΟΟΑ
2201 396 2583 460 EPISCOPI.

3549 398 3670 457 220

254 553 282 585 ιι
318 537 407 589 est
434 547 655 587 nomen
689 546 908 597 meum,
942 528 1087 586 dicit
1118 530 1406 588 Dominus
1437 530 1536 603 qui
1588 531 1730 588 facit
1776 532 1903 587 haec

2023 554 2042 580 ι
2079 530 2302 606 Κύριον,
2353 528 2444 587 καί
2500 528 2672 588 πάντα
2718 530 2784 586 τὰ
2836 528 2984 602 ἔθνη,
3052 529 3133 605 ἐφ’
3180 530 3273 593 οὕς
3307 528 3669 604 ἐπικέκληται

253 644 281 673 ‹‹
307 621 525 678 omnia.
561 622 706 674 Nota
737 624 875 675 sunt
905 636 940 674 a
970 620 1186 676 saeculo
1217 622 1334 676 Deo
1362 621 1563 676 omnia
1583 637 1763 693 opera
1777 636 1900 677 sua.

256 734 283 762 ‹‹
319 713 688 781 Quapropter
718 725 822 782 ego
857 726 1073 765 censeo
1104 726 1225 765 non
1282 710 1724 766 obturbandum
1774 726 1904 766 esse

259 823 283 853 ι
317 802 438 855 illis
473 800 572 870 qui
605 816 675 855 ex
704 799 983 873 gentibus
1014 807 1440 856 convertuntur
1470 805 1537 856 ad
1574 803 1778 858 Deum.
1801 798 1903 855 sed

256 913 284 941 ‹‹
316 890 698 946 scribendum
730 906 858 945 esse
895 890 1014 944 illis
1042 896 1108 945 ut
1138 891 1479 947 abstineant
1515 908 1576 947 se
1603 891 1675 946 ab
1708 890 1904 961 inqui-

250 1002 280 1032 ‹‹
316 980 616 1035 namentis
640 979 1095 1036 simulacrorum
1130 986 1187 1036 et
1218 982 1575 1036 scortatione
1627 986 1685 1036 et
1732 982 1908 1036 suffo-

254 1091 282 1120 ιι
318 1074 448 1125 cato
473 1075 528 1124 et
562 1070 868 1142 sanguine.
903 1071 1092 1125 Moses
1123 1070 1286 1125 enim
1317 1071 1390 1126 ab
1436 1070 1710 1126 aetatibus
1750 1068 1908 1124 anti—

256 1180 286 1210 ‹‹
319 1158 453 1231 quis
500 1160 561 1213 in
621 1159 871 1232 singulis
922 1160 1256 1215 civitatibus
1311 1160 1491 1216 habet
1547 1161 1649 1232 qui
1710 1161 1907 1232 ipsum

256 1270 285 1302 ι(
318 1249 648 1321 praedicent
678 1249 740 1304 in
773 1250 1086 1323 synagogis
1116 1249 1219 1306 ubi
1250 1266 1358 1322 per
1387 1266 1563 1306 omne
1595 1249 1907 1306 sabbatum

260 1360 282 1388 ι
312 1338 547 1412 legitur.
583 1360 611 1387 ››

326 1521 511 1577 Judaei
543 1520 784 1592 quidem
817 1521 928 1577 hoc
961 1521 1033 1577 de
1067 1522 1462 1579 aediﬁcatione
1510 1522 1712 1595 templi
1741 1523 1907 1578 Jero—

258 1612 599 1684 solymitani
650 1617 784 1684 post
835 1613 1235 1683 captivitatem
1284 1614 1729 1670 intellexerunt.
1791 1615 1911 1669 Hoc

258 1708 455 1758 autem
484 1718 606 1757 non
641 1707 728 1756 est
762 1708 985 1758 rectum
1013 1719 1025 1756 :
1050 1719 1189 1758 nam
1222 1708 1353 1774 post
1383 1704 1495 1759 hoc
1526 1720 1762 1775 quoque
1802 1720 1908 1758 saa-

260 1793 395 1864 pius
426 1808 693 1848 eversum
728 1797 862 1847 est:
916 1792 1229 1864 prophetia
1294 1809 1430 1849 vero
1483 1793 1910 1864 sempiternam

260 1881 559 1952 promittit
588 1880 1062 1938 mdiflcationem.
1088 1882 1196 1948 Qui
1247 1887 1445 1938 autem
1477 1881 1549 1937 de
1590 1880 1913 1937 Zorobabel

262 1971 488 2026 dictum
520 1987 650 2026 esse
676 1976 974 2039 asserunt,
1015 1978 1082 2027 ut
1137 1972 1239 2043 qui
1270 1987 1460 2045 genus
1488 1971 1817 2043 (inquiunt)
1880 1987 1917 2025 a

261 2060 440 2116 David
473 2059 784 2117 deduxerit
817 2078 830 2115 :
862 2077 982 2115 non
1033 2060 1184 2116 bene
1239 2060 1665 2117 intellexerunt
1721 2076 1913 2132 neque

260 2154 374 2209 hoc
404 2159 633 2209 rectum
667 2159 774 2209 est.
808 2156 952 2209 Nam
983 2153 1308 2209 Zorobabel
1360 2153 1463 2211 ubi
1492 2170 1668 2225 parvo
1699 2153 1916 2226 guber-

262 2248 466 2298 nasset
494 2248 782 2314 tempore.
814 2243 1026 2298 mortis
1084 2243 1407 2300 terminum
1458 2244 1726 2315 accepit:
1784 2260 1917 2315 pro-

261 2333 464 2406 phetia
474 2349 610 2388 vero
626 2334 1129 2404 sempiternorum
1144 2335 1437 2391 bonorum
1452 2333 1911 2407 promissionem

264 2423 551 2483 continet.
586 2423 977 2493 omniumque
1017 2424 1282 2495 gentium
1343 2439 1483 2495 erga
1521 2425 1706 2479 Deum
1745 2424 1912 2496 agni-

260 2513 528 2567 tionem:
563 2527 815 2582 quorum
851 2512 1001 2566 nihil
1032 2512 1104 2567 de
1140 2512 1233 2567 his
1266 2513 1368 2584 qui
1425 2513 1533 2569 sub
1589 2512 1914 2569 Zorobabel

259 2601 523 2665 fuerunt,
566 2601 885 2672 contigisse
944 2601 1300 2657 invenimus.
1364 2601 1740 2658 Manifestum
1823 2608 1914 2657 est

260 2693 444 2765 igitur
471 2692 631 2764 quod
661 2693 816 2748 hanc
847 2693 919 2747 de
952 2692 1201 2748 Domino
1233 2699 1439 2748 nostro
1497 2694 1633 2749 Jesu
1680 2693 1911 2749 Christo

256 2783 479 2839 dictam
514 2797 643 2838 esse
676 2782 1082 2854 intelligemus
1118 2800 1130 2837 :
1194 2783 1479 2839 Dominus
1519 2782 1676 2837 enim
1711 2787 1916 2838 noster

255 2887 443 2945 genus
477 2870 805 2927 secundum
837 2887 1080 2927 carnem
1130 2887 1165 2926 a
1195 2870 1375 2926 David
1417 2869 1740 2936 deducens,
1773 2887 1914 2942 pro-

260 2961 611 3017 missionem
648 2977 779 3032 quze
794 2960 869 3016 ad
884 2960 1063 3016 David
1097 2961 1252 3017 facta
1282 2967 1371 3016 est
1391 2960 1910 3032 complevit.uVer-

257 3050 400 3107 bum
432 3051 591 3106 enim
619 3066 755 3106 caro
798 3049 1019 3107 factum
1050 3055 1141 3107 est
1172 3051 1238 3117 ¹⁴,
1274 3072 1295 3099 ι
1358 3056 1416 3106 et
1473 3049 1760 3106 habitavit
1789 3049 1909 3106 sive

257 3141 577 3196 tentorium
603 3140 804 3212 posuit
834 3139 990 3195 inter
1020 3157 1130 3196 nos
1195 3141 1355 3210 (nam
1412 3145 1504 3196 est
1558 3135 1906 3211 ἔσκήνωσεν),

258 3234 492 3301 sumpto
516 3246 585 3284 ex
618 3229 795 3285 David
812 3231 1070 3285 tentorio
1102 3230 1222 3286 sive
1261 3229 1666 3286 tabernaculo.
1701 3229 1906 3285 Merito

255 3334 390 3391 ergo
424 3335 619 3374 sermo
654 3319 1032 3390 propheticus
1061 3319 1250 3391 ipsius
1265 3318 1907 3377 Davidtabernaculum
1938 3307 1981 3375 C
2023 3311 2187 3389 Δαυῖδ

250 3423 493 3464 rursum
519 3407 936 3464 aedificandum
973 3407 1136 3473 dicit,
1168 3408 1347 3480 idque
1380 3425 1500 3463 non
1535 3408 1608 3463 ad
1667 3423 1914 3480 parvum

256 3501 492 3569 tempus
515 3497 791 3562 dicit,sed
823 3497 896 3552 ad
920 3513 1131 3552 omnes
1152 3495 1281 3552 dies
1313 3497 1918 3554 smculi.Promittitur

262 3591 463 3642 autem
490 3585 766 3660 gentibus
801 3586 1022 3644 donum
1055 3587 1414 3649 cognitionis
1444 3586 1805 3648 divinae.hoc
1826 3592 1918 3643 est

259 3676 335 3731 iis
368 3676 467 3747 qui
492 3693 560 3730 ex
590 3674 866 3748 gentibus
895 3675 968 3730 ad
1000 3676 1297 3733 Christum
1312 3676 1579 3733 conversi
1613 3677 1918 3742 fuerint,et

260 3766 503 3822 nomine
517 3767 594 3821 Ch
607 3765 733 3821 risti
760 3766 964 3821 vocati.
976 3765 1086 3821 Alii
1103 3784 1237 3823 vero
1251 3769 1323 3824 de
1338 3769 1773 3826 resurrectione
1787 3768 1915 3840 ejus

263 3873 332 3913 ex
362 3856 616 3913 mortuis
637 3856 749 3911 hoc
772 3872 901 3911 esse
926 3857 1148 3914 dictum
1183 3859 1367 3916 aiunt.
1392 3859 1547 3915 124
1578 3858 1722 3915 Cum
1755 3859 1911 3914 enim

259 3947 414 4003 Deus
444 3963 513 4002 ac
545 3948 719 4002 Pater
748 3948 1203 4006 tabernaculum
1232 3950 1360 4021 ejus
1392 3947 1549 4019 quod
1571 3949 1632 4003 in
1658 3953 1913 4004 mortem

258 4036 697 4101 occiderat,hoc
725 4042 814 4092 est
844 4037 1004 4108 quod
1035 4054 1315 4094 carneum
1350 4044 1547 4096 erat.a
1568 4044 1725 4092 terra
1754 4038 1912 4095 exci-

262 4131 468 4193 tasset,
489 4131 630 4182 tunc
662 4142 841 4181 omne
863 4142 1050 4200 genus
1083 4127 1412 4184 humanum
1443 4125 1518 4181 ad
1547 4132 1804 4181 veterem
1822 4141 1916 4180 re-

261 4215 456 4274 stituit
486 4215 766 4270 formam:
800 4220 858 4269 et
889 4217 1092 4271 omnia
1122 4222 1326 4271 nostra
1356 4231 1487 4286 quae
1519 4214 1713 4271 diruta
1728 4219 1917 4280 erant,

268 4306 330 4360 in
365 4319 576 4358 novam
606 4303 818 4359 faciem
849 4305 1101 4359 excitata
1132 4310 1270 4360 sunt
1304 4321 1317 4359 :
1351 4304 1529 4360 simul
1589 4305 1748 4359 enim
1780 4319 1916 4361 cum

269 4393 501 4449 Christo
533 4392 1230 4464 surreximus.Siquidem
1258 4410 1416 4449 mors
1448 4394 1715 4451 omnium
1738 4393 1919 4449 diruit

266 4483 834 4549 tabernacula,Deus
863 4499 999 4539 vero
1031 4489 1089 4540 et
1120 4486 1293 4539 Pater
1322 4501 1429 4557 per
1458 4485 1755 4542 Christum
1774 4485 1918 4539 aedi-

267 4570 463 4628 ﬁcavit
490 4589 559 4628 ac
590 4572 871 4631 restituit.
906 4575 1104 4646 Neque
1137 4574 1295 4630 enim
1329 4574 1445 4630 alio
1478 4575 1654 4631 modo
1685 4580 1919 4648 poterat

1944 1925 1992 1990 Β

2011 645 2039 672 ‹‹
2073 621 2136 675 τὸ
2167 616 2341 696 ὄνομα
2375 642 2479 694 μου
2529 621 2609 678 ἐπ’
2673 622 2889 690 αὐτοὺς,
2944 619 3096 697 λέγει
3150 621 3368 696 Κύριος,
3430 623 3458 677 ὁ
3488 625 3670 677 ποιῶν

2013 716 2239 765 «ταῦτα
2324 711 2533 768 πάντα.
2626 712 2848 767 nam
2934 711 3025 767 ἀπ’
3109 710 3304 773 αἰῶνός
3389 710 3503 767 ἐστι
3585 716 3668 784 τῷ

2018 826 2037 850 ι
2074 806 2195 873 Θεῷ
2253 801 2421 857 πάντα
2474 803 2542 857 τὰ
2609 801 2743 880 ἕογα
2774 801 2962 859 αὐτοῦ.
3019 800 3113 857 Διὸ
3174 799 3285 879 ἐγὼ
3341 802 3531 877 κρίνω,
3587 802 3666 876 μή

2015 915 2044 943 ‹‹
2075 890 2441 967 παρενοχλεῖν
2491 897 2613 954 τοῖς
2679 892 2787 947 ἀπὸ
2858 896 2966 947 τῶν
3026 890 3189 947 ἐθνῶν
3251 889 3666 965 ἐπιστρέφουσιν

2015 1003 2043 1031 ‹‹
2076 978 2162 1035 ἐπὶ
2223 980 2315 1036 τὸν
2375 982 2527 1051 Θεὸν,
2590 980 2734 1037 ἀλλά
2802 979 3110 1037 ἐπιστεῖλαι
3169 981 3354 1043 αὐτοῖς
3410 984 3508 1036 τοῦ
3561 980 3668 1037 ἀπ-

2014 1093 2043 1123 ‹‹
2076 1070 2298 1146 έχεσθαι
2342 1077 2454 1126 τῶν
2499 1068 2901 1146 ἀλισγημάτων
2949 1076 3057 1126 τῶν
3101 1068 3371 1141 εἰδώλων,
3429 1071 3519 1125 καί
3568 1077 3671 1139 τῆς

2019 1185 2040 1211 ι
2076 1160 2355 1234 πορνείας,
2413 1162 2503 1215 καὶ
2564 1166 2814 1234 πνικτοῦ,
2846 1160 2938 1216 καὶ
2994 1164 3092 1215 τοῦ
3149 1160 3404 1233 αἳματος.
3458 1161 3670 1229 Μωσῆς

2017 1271 2046 1301 ‹‹
2077 1250 2182 1324 γὰρ
2216 1248 2277 1305 ἐκ
2306 1248 2503 1328 γενεῶν
2534 1250 2782 1327 ἀαχαίων
2842 1252 2980 1306 κατᾶ
3018 1250 3181 1306 πόλιν
3213 1249 3343 1312 τοὺς
3374 1249 3677 1326 κηρύσσον-

2017 1363 2045 1392 ‹‹
2077 1361 2172 1402 τας
2203 1339 2363 1395 αὐτὸν
2396 1338 2515 1416 ἔχει
2546 1339 2596 1396 έν
2625 1346 2745 1403 ταῖς
2776 1346 3115 1418 συναγωγαῖς
3143 1342 3279 1396 κατᾶ
3321 1345 3426 1396 πᾶν
3455 1335 3676 1395 Σάϐϐα-

2016 1453 2045 1482 ‹‹
2078 1446 2174 1485 τον
2202 1428 2730 1506 ἀναγινωσκόμενος.
2766 1454 2794 1483 ii

2086 1519 2153 1576 υἱ
2212 1519 2308 1594 μὲν
2368 1517 2623 1577 Ἰουδαῖοι
2675 1520 2750 1582 εἷς
2810 1521 2908 1589 τήν
2986 1519 3121 1592 μετὰ
3191 1520 3290 1588 τήν
3372 1518 3675 1594 αἰχμαλω-

2019 1609 2137 1664 σίαν
2199 1606 2472 1683 οἰκοδομή
2559 1614 2657 1665 τοῦ
2741 1609 2792 1666 ἐν
2853 1608 3261 1686 Ἱεροσολύμοις
3313 1612 3445 1664 ναοῦ
3509 1613 3678 1663 τοῦτο

2017 1695 2265 1769 εἰρῆσθαι
2320 1701 2625 1769 νενοήκασι.
2690 1702 2871 1757 Τοῦτο
2957 1696 3014 1754 δὲ
3074 1697 3175 1754 οὐκ
3248 1695 3391 1754 ἔστιν
3447 1697 3679 1767 ἀληθές·

2017 1787 2107 1843 καὶ
2198 1787 2331 1860 μετὰ
2411 1792 2574 1843 τοῦτο
2658 1789 2759 1865 γὰρ
2858 1787 3135 1851 πολλάκις
3244 1783 3676 1860 κατέστραπται¹

2020 1880 2056 1947 ἡ
2162 1874 2219 1934 δὲ
2310 1878 2621 1957 προφητεία
2730 1879 2952 1934 αἰωνίαν
3043 1879 3143 1946 τήν
3249 1874 3680 1949 ἀνοικοδόμησιν

2025 1965 2438 2043 ἐπαγγέλλεται.
2527 1969 2593 2026 Οἱ
2668 1967 2725 2023 δὲ
2810 1968 2885 2031 εἷς
2965 1968 3057 2023 τὸν
3129 1961 3445 2043 Ζοροϐάϐελ
3516 1969 3680 2022 τοῦτο

2024 2055 2272 2130 εἰρῆσθαι
2328 2054 2599 2132 λέγοντες,
2662 2056 2724 2111 οὐ
2807 2056 2992 2119 καλῶς
3076 2058 3410 2127 νενοήκασιν,
3469 2055 3544 2117 ὡς
3619 2054 3684 2110 ἐκ

2026 2141 2189 2200 Δαυΐδ
2259 2146 2320 2202 τὸ
2407 2145 2560 2221 γένος
2646 2149 2971 2224 κατάγοντα·
3034 2146 3135 2202 οὐκ
3217 2144 3329 2202 ἔστι
3412 2143 3468 2200 δὲ
3548 2141 3681 2201 οὐδὲ

2021 2241 2185 2291 τοῦτο
2248 2235 2470 2306 ἀληθές,
2551 2238 2613 2295 Ὀ
2670 2237 2773 2315 γὰρ
2827 2232 3141 2313 Ζοροϐάϐελ
3191 2235 3384 2310 ὀλίγον
3461 2237 3678 2310 ἡγεμο-

2021 2325 2210 2388 νεύσας
2241 2327 2464 2403 χρόνον,
2497 2331 2595 2383 τοῦ
2628 2329 2857 2391 θανάτου
2911 2328 3004 2383 τὸν
3058 2328 3183 2402 ὅρον
3226 2323 3459 2397 ἐδέξατο.
3492 2326 3555 2383 Ἣ
3616 2321 3679 2381 δὲ

2021 2415 2335 2495 προφητεία
2413 2415 2647 2472 αἰωνίων
2708 2416 2927 2491 ἀγαθῶν
3000 2414 3329 2492 ἐπαγγελίαν
3402 2412 3675 2493 περιέχει,

2021 2504 2113 2558 καὶ
2168 2506 2276 2559 τῶν
2333 2503 2497 2560 ἐθνῶν
2575 2506 2827 2561 ἁπάντων
2887 2505 2966 2568 εἷς
3025 2506 3152 2561 Θεὸν
3201 2504 3511 2579 ἐπίγνωσιν·
3602 2504 3678 2558 ὧν

2024 2592 2175 2650 οὐδὲν
2203 2600 2320 2657 τοῖς
2382 2595 2484 2651 ὑπὸ
2532 2590 2845 2671 Ζοροϐάϐελ
2906 2594 3294 2672 γεγενημένοις
3370 2588 3676 2668 συμϐαῖνον

2022 2681 2367 2755 εὑρίσκομεψ
2402 2680 2685 2755 πρόδηλον
2711 2685 2899 2739 τοίνυν
2932 2684 3014 2739 ὅτι
3049 2684 3125 2746 εἷς
3155 2685 3247 2739 τὸν
3280 2683 3479 2759 Κύριον
3514 2686 3679 2758 ἡμῶν

2023 2772 2232 2842 Ἰησοῦν
2257 2774 2485 2847 Χριστὸν
2518 2773 2723 2844 ταύτην
2780 2772 3027 2849 ε”ρῆσθαι
3086 2776 3381 2849 νοῆσομεν.
3425 2775 3484 2831 '0
3570 2774 3678 2849 γὰρ

2021 2865 2224 2940 Κύριος
2282 2868 2445 2940 ἡμῶν
2504 2865 2565 2922 ἐκ
2623 2863 2784 2921 Δαυΐδ
2846 2868 3094 2942 κατάγων
3168 2868 3306 2923 κατὰ
3358 2869 3532 2941 σάρκα
3614 2866 3676 2923 τὸ

2019 2954 2199 3031 γένος,
2272 2957 2373 3024 τὴν
2427 2957 2565 3032 πρὸς
2622 2957 2714 3013 τὸν
2772 2955 2937 3013 Δαυῒδ
2995 2958 3360 3034 γεγενημένην
3446 2957 3683 3035 ἐπαγγε-

2021 3042 2144 3101 λίαν
2205 3044 2549 3120 έπλήρωτεν.
2616 3068 2638 3097 ι
2697 3048 2755 3101 Ὀ
2813 3046 2918 3125 γὰρ
3000 3047 3175 3123 Λόγος
3235 3048 3362 3124 σὰρξ
3448 3045 3681 3119 ἐγένετο,

2017 3134 2109 3192 καὶ
2140 3132 2440 3207 ἐσκήνωσεν
2498 3137 2550 3192 έν
2597 3138 2759 3211 ἡμῖν,
2822 3162 2849 3189 ι)
2907 3139 3007 3207 τήν
3059 3134 3120 3193 έκ
3176 3134 3341 3192 Δαυΐδ
3390 3130 3683 3192 ἀναλαϐὼν

2022 3227 2246 3295 σκηνήν.
2311 3225 2553 3290 Εἰκότως
2626 3227 2717 3281 οὖν
2805 3227 2835 3282 ὁ
2910 3226 3253 3307 προφητικὸς
3322 3223 3495 3300 λόγος
3578 3228 3680 3280 τοῦ

2284 3317 2382 3385 τὴν
2491 3316 2700 3385 σκηνὴν
2785 3314 3392 3388 ἀνοικοδομηθήσεσθαι
3499 3313 3684 3392 λέγει,

2020 3405 2110 3459 καὶ
2145 3404 2249 3460 οὐκ
2279 3403 2361 3459 ἐπ’
2394 3405 2579 3478 ὀλίγον
2613 3407 2833 3479 χρόνον,
2893 3403 3041 3462 ἀλλᾶ
3088 3406 3263 3467 πάσας
3312 3407 3412 3467 τὰς
3466 3406 3681 3480 ἡμέρας

2020 3498 2118 3549 τοῦ
2144 3493 2362 3557 αἰῶνος·
2411 3492 2811 3570 ἐπαγγέλλεται
2871 3490 2929 3550 δὶ
2983 3500 3101 3558 τοῖς
3156 3494 3326 3551 ἔθνεσι
3380 3501 3484 3565 τῆς
3557 3496 3672 3550 Θεο-

2023 3582 2262 3662 γνωσίας
2319 3584 2382 3639 τὸ
2430 3582 2627 3660 δῶρον,
2678 3584 2925 3640 τουτέστι
2995 3584 3127 3647 τοὺς
3213 3585 3266 3655 ἐξ
3326 3584 3489 3641 ἐθνῶν
3561 3582 3678 3638 ἑπι-

2023 3675 2352 3749 στρέψαντας
2404 3673 2479 3736 εἷς
2536 3674 2788 3750 Χριστὸν,
2847 3674 2937 3731 καὶ
3020 3672 3326 3746 κληθέντας
3391 3678 3473 3746 τῷ
3550 3672 3674 3729 ὀνό-

2027 3786 2155 3840 ματι
2214 3769 2309 3820 τοῦ
2367 3766 2623 3841 Χριστοῦ.
2684 3762 2888 3821 ’Ἄλλοι
2939 3763 2996 3819 δὲ
3062 3765 3140 3826 εἰς
3199 3767 3300 3833 τήν
3359 3763 3420 3819 ἐκ
3474 3768 3678 3837 νεκρῶν

2021 3853 2305 3909 ἀνάστασιν
2362 3853 2526 3909 αὐτοῦ
2578 3858 2740 3909 τοῦτο
2811 3854 3058 3930 εἶρῆσθαί
3146 3874 3297 3932 φασι.
3376 3853 3490 3921 Τήν
3575 3851 3681 3930 γὰρ

2023 3943 2101 4003 εἷς
2156 3944 2382 4000 θάνατον
2452 3940 2617 3999 αὐτοῦ
2674 3943 2941 3999 πεσοῦσαν
3002 3944 3233 4013 σκηνὴν,
3289 3941 3534 3998 τουτέστι
3617 3944 3683 3997 τὸ

2025 4035 2131 4090 ἀπὸ
2186 4043 2292 4111 γῆς
2324 4035 2542 4112 σαρκίον
2575 4036 2880 4111 ἐγείραντος
2931 4040 3033 4091 τοῦ
3092 4040 3226 4092 Θεοῦ
3297 4034 3389 4091 καὶ
3442 4036 3685 4109 Πατρὸς,

2021 4127 2146 4183 τότε
2176 4131 2276 4183 πᾶν
2317 4130 2380 4184 τὸ
2442 4129 2787 4205 ἀνθρώπινον
2845 4132 2981 4205 πρὸς
3051 4131 3115 4187 τὸ
3192 4130 3422 4206 ἀρχαῖον
3480 4128 3679 4200 ἂνὲστη

2023 4224 2244 4297 σχῆμα,
2302 4218 2395 4274 καὶ
2453 4218 2621 4274 πάντα
2675 4222 2837 4292 ἡμῶν
2915 4220 2982 4274 τὰ
3063 4219 3467 4295 κατερῥιμμένα
3544 4217 3686 4293 πρὸς

2022 4311 2144 4363 νέαν
2231 4308 2356 4383 ὄψιν
2436 4307 2752 4387 ἐγήγερται’

3109 710 3304 773 αἰῶνός

2860 4310 3302 4389 συνεγηγέρμεθα
3385 4309 3489 4387 γὰρ
3599 4311 3682 4379 τῷ

2024 4398 2264 4472 Χριστῷ.
2329 4399 2640 4473 Κατέσκαψε
2694 4399 2790 4469 μὶν
2850 4400 2954 4473 γὰρ
3010 4399 3038 4453 ὁ
3096 4400 3323 4460 θάνατος
3350 4399 3447 4459 τὰς
3507 4396 3684 4453 ἁπάν-

2021 4508 2131 4542 των
2165 4487 2389 4560 σκηνάς.
2444 4484 2867 4561 Ἀνῳκοδόμησε
2914 4485 2972 4544 δὶ
3031 4488 3059 4542 ό
3118 4487 3250 4548 Θεὸς
3304 4485 3397 4542 καὶ
3490 4488 3681 4562 Πατήρ

2025 4576 2079 4632 έν
2140 4581 2382 4651 Χριστῷ.
2440 4575 2555 4633 Οὔκ
2617 4578 2683 4646 ἦν
2763 4577 2867 4653 γὰρ
2926 4576 3125 4652 ἑτέρως
3198 4575 3489 4645 ἀναστῆναι
3576 4576 3681 4645 τὴν

266 4663 506 4718 excitari
542 4669 755 4719 natura
783 4670 1006 4730 nostra,
1046 4664 1162 4719 nisi
1194 4680 1437 4721 manum
1470 4667 1762 4736 praeberet
1812 4665 1913 4736 qui

2024 4665 2182 4748 φῦσιν
2240 4667 2340 4736 τὴν
2398 4664 2693 4741 ἡμετέραν,
2748 4668 2824 4739 μὴ
2867 4669 2961 4721 τοῦ
3046 4667 3146 4734 τὴν
3196 4666 3377 4740 ἀρχὴν
3435 4660 3678 4721 διαπλά-

265 4751 429 4806 illam
463 4751 534 4808 ab
566 4752 738 4808 initio
772 4752 1149 4821 formaverat,
1182 4770 1249 4809 ac
1274 4755 1723 4827 regeneratione
1781 4772 1913 4827 quae

269 4837 337 4898 ﬂt
366 4859 470 4910 per
498 4860 714 4915 aquam
774 4848 833 4899 et
887 4843 1162 4916 spiritum
1223 4838 1499 4916 superne,
1550 4844 1915 4917 disponeret.

266 4928 416 4984 Vere
448 4933 607 4986 enim
640 4933 936 4988 ceciderat
955 4950 1096 4990 casu
1119 4933 1566 4998 immedicabili,
1591 4939 1650 4989 et
1677 4934 1771 4991 cui
1799 4951 1920 4990 ma-

271 5034 353 5075 nu
379 5018 482 5074 illa
512 5020 755 5077 robusta
779 5038 928 5093 opus
968 5028 1145 5082 esset.
1180 5024 1358 5095 idque
1384 5024 1648 5081 futurum
1681 5022 1826 5079 dicit
1855 5027 1921 5080 ut

267 5126 389 5164 non
423 5110 491 5163 ad
534 5110 829 5167 modicum
865 5119 1098 5184 tempus
1128 5112 1302 5168 nobis
1350 5114 1675 5186 contingat.
1709 5111 1813 5168 sed
1845 5112 1920 5167 ad

268 5198 395 5255 dies
427 5200 658 5255 saeculi:
689 5201 803 5255 erit
832 5202 1399 5259 eniminamissibile
1419 5203 1479 5258 in
1503 5201 1679 5258 nobis
1695 5201 1918 5259 bonum

268 5288 775 5345 immortalitatis:
807 5297 949 5347 tunc
973 5297 1172 5348 autem
1204 5300 1262 5348 et
1292 5292 1393 5364 qui
1426 5292 1666 5363 reliqui,
1698 5291 1916 5363 inquit,

268 5377 799 5435 fucrunthomines
826 5386 1073 5453 posteos
1097 5382 1193 5453 qui
1220 5398 1289 5438 ex
1310 5381 1491 5438 Israel
1514 5380 1920 5448 crediderunt,

273 5480 410 5520 eum
443 5467 542 5537 qui
571 5484 703 5523 vere
737 5476 796 5525 et
826 5476 1040 5527 natura
1063 5470 1214 5527 Deus
1234 5478 1325 5527 est
1354 5477 1776 5543 cognoverunt,
1822 5488 1919 5527 ve-

268 5557 383 5612 teri
414 5574 615 5614 errore
645 5559 874 5616 relicto.
896 5561 1277 5618 Vocabuntur
1306 5568 1506 5620 autem
1536 5576 1746 5618 omnes
1768 5577 1920 5633 quo-

340 5740 390 5781 “
416 5743 587 5803 Ioui.
617 5760 660 5814 1,
695 5745 785 5803 ﬂ.

2031 4775 2221 4817 σαντος
2300 4753 2492 4825 αὐτὴν,
2588 4760 2750 4829 χεῖρα
2852 4753 3154 4829 ὀρέξαντος,
3230 4754 3319 4809 καὶ
3406 4750 3681 4810 διατυπώ-

2028 4865 2222 4906 σαντος
2282 4841 2484 4907 ἄνωθεν
2573 4842 2644 4918 τῇ
2728 4841 2797 4899 δι’
2873 4841 3069 4906 ὓδατος
3157 4842 3508 4918 ἆναγεννήσει
3585 4842 3682 4916 καὶ

2027 4933 2355 5005 πνεύματος.
2443 4932 2783 4990 Ἐπεπτώκει
2841 4933 2945 5010 γὰρ
3006 4927 3178 4995 ὅντως
3262 4936 3464 5003 πτῶμα
3527 4930 3685 4987 ἆνίαε

2026 5037 2147 5091 τον,
2229 5023 2317 5078 καὶ
2393 5028 2494 5091 τῆς
2550 5027 2809 5095 κραταιᾶς
2868 5022 3075 5094 έκείνης
3156 5017 3411 5094 δεόμενον
3472 5021 3688 5097 χειρός.

2029 5110 2132 5168 Καὶ
2189 5114 2350 5165 τοῦτο
2404 5112 2540 5183 ἡμῖν
2596 5112 2698 5166 οὐκ
2760 5109 2838 5172 εἷς
2897 5111 3101 5185 χρόνον
3177 5108 3341 5190 φησὶν
3424 5109 3680 5184 ὑπάρξειν

2033 5200 2253 5275 μικρὸν,
2283 5197 2412 5255 ἀλλ’
2445 5200 2521 5262 ἃς
2553 5202 2763 5274 ἡμέρας
2820 5199 3041 5263 αῗῶνος.
3102 5193 3523 5271 Ἀναπόϐλητον
3571 5199 3678 5274 γὰρ

2029 5287 2081 5345 έν
2113 5292 2249 5361 ἡμῖν
2280 5292 2343 5344 τὸ
2375 5296 2475 5358 τῆς
2509 5289 2804 5370 ἀφθαρσίας
2835 5289 3051 5363 ἀγαθόν.
3085 5289 3225 5346 Τότε
3263 5285 3341 5356 δὲ,
3374 5288 3528 5369 φησὶ,
3588 5288 3681 5342 καὶ

2031 5380 2082 5435 o't
2102 5376 2433 5434 κατάλοιποι
2492 5383 2601 5435 τῶν
2657 5378 2950 5454 ανθρώπων
3016 5379 3151 5450 μετᾶ
3202 5376 3331 5438 τοὺς
3387 5386 3704 5432 πεπιστευ-ι)

2029 5469 2190 5531 κότας
2331 5467 2577 5539 Ἰσραὴλ,
2624 5469 2717 5525 τὸν
2762 5468 2917 5548 φοόσει
2968 5466 3058 5521 καὶ
3137 5465 3364 5537 ἀληθῶς
3418 5465 3686 5545 ἐγνώκασι

2030 5560 2180 5627 Θεὸν,
2235 5562 2337 5629 τῆς
2392 5559 2628 5635 ἀρχαίας
2674 5558 2893 5630 πλάνης
2948 5557 3435 5636 ἄποφοιτήσαντες.
3527 5555 3689 5628 Κλη-
