4112 6472
347 467 463 531 ιιι

1364 465 1772 530 COMMENT.
1819 468 1906 530 IN
1953 469 2158 532 ACTA
2199 470 2811 539 APOSTOLORUM.

3702 486 3821 547 222

355 605 621 677 θήσονται
686 597 780 674 δὶ,
845 600 1011 682 φησὶ,
1067 600 1163 655 καὶ
1220 600 1394 657 πάντα
1464 600 1535 656 τὰ
1610 596 1764 671 ἔθνη,
1819 601 1910 656 καὶ
1970 598 2058 656 ἐπ’

2181 621 2285 677 que
2317 613 2546 681 gentes,
2576 608 2793 682 inquit.
2830 617 2890 667 et
2917 628 3097 685 super
3117 614 3225 670 has
3248 616 3360 671 erit
3380 632 3606 675 nomen
3622 636 3825 677 meum

365 696 555 757 αὺτοῖς
590 690 755 750 ἔσται
815 691 881 749 τὸ
931 690 1067 765 ἐμὸν
1117 689 1317 764 ὄνομα,
1368 689 1451 769 ἐφ’
1492 691 1581 754 οἷς
1631 690 1722 746 καὶ
1780 691 1832 766 ἐξ
1881 693 2062 769 ἀρχῆς

367 784 765 854 ἰπικὲκληται,
805 808 834 836 ιι
872 782 990 844 Οῧς
1044 780 1149 857 γὰρ
1206 779 1480 859 προέγνω,
1549 779 1642 836 καὶ
1698 782 1998 859 προώρισε,
2035 803 2060 836 ι

375 873 533 954 φησί-

449 989 479 1018 κ
508 963 653 1022 Τότε
703 958 862 1036 ἔδοξε
915 965 1034 1023 τοῖς
1090 956 1426 1022 ἀποστόλοις
1482 960 1574 1014 καὶ
1629 965 1748 1022 τοῖς
1825 956 2064 1036 πρεσϐυ-

381 1080 415 1107 «
445 1055 629 1130 τέροις
691 1050 790 1107 σὺν
850 1050 958 1126 ’ὀλῃ
1009 1054 1080 1124 τῇ
1138 1047 1425 1121 ἐκκλησίᾳ,
1500 1047 1889 1122 ἐκλεξαμένους
1972 1049 2065 1106 ἅν-

382 1169 404 1195 ι
442 1141 580 1216 δρας
611 1141 671 1213 ἐξ
702 1141 886 1196 αὐτῶν
936 1139 1149 1214 πέμψαι
1198 1137 1274 1199 εἰς
1329 1137 1667 1213 Ἀντιόχειαν
1721 1137 1814 1193 σὺν
1860 1137 2065 1214 Παύλῳ

384 1258 413 1285 κ
446 1241 547 1289 καί
580 1224 864 1301 Βαρνάϐᾳ,
898 1225 1108 1284 Ἰούδαν
1139 1227 1231 1283 τὸν
1281 1224 1717 1300 έπικάλούμενον
1764 1224 2062 1304 Bap-516i»),

390 1348 418 1377 α
443 1323 541 1378 καὶ
576 1320 780 1389 Σίλαν,
812 1316 1013 1394 ἄνδρας
1042 1319 1390 1396 ἡγουμένους
1423 1317 1475 1373 ἐν
1507 1323 1625 1380 τοῖς
1647 1316 2065 1394 ἀδελφοῖς,γρά-

388 1439 413 1467 ι
446 1415 654 1488 ψαντες
686 1408 783 1467 διὰ
812 1413 1021 1490 χειρῶν
1050 1408 1227 1465 αὐτῶν
1281 1405 1430 1464 τάδε·
1489 1408 1556 1465 Οἳ
1596 1407 1923 1478 ἀπόστολοι,
1972 1403 2063 1465 κειἰ

391 1526 421 1555 κ
450 1503 508 1559 οἱ
537 1494 928 1578 πρεσϐύτεροι,
960 1496 1053 1554 καὶ
1086 1497 1140 1552 οἱ
1164 1494 1412 1577 ἀδελφοὶ,
1434 1502 1553 1559 τοῖς
1570 1497 1706 1553 κατᾶ
1727 1500 1827 1568 τὴν
1851 1499 2063 1556 Ἀντιό-

395 1618 427 1647 α
458 1614 618 1669 χειαν
652 1591 749 1647 καὶ
804 1588 1005 1665 Βυρέαν
1054 1589 1146 1644 καὶ
1208 1586 1457 1646 Κιλικξαν
1516 1587 1780 1668 ἀδελφοῖς
1836 1595 1953 1652 τοῖς
2010 1589 2060 1660 ἐξ

412 1709 441 1737 ι
474 1683 661 1751 Emi»,
706 1679 949 1757 χαίρειν.
1013 1676 1231 1751 Ἐπειδὴ
1290 1678 1625 1755 ἠκούσαμεν,
1680 1681 1765 1736 ὅτι
1815 1681 1954 1744 τινες
2010 1680 2061 1753 ἐξ

420 1798 451 1827 ε
483 1776 641 1848 ἡμῶν
692 1769 998 1843 ἐξελθόντες
1072 1769 1325 1845 ἐτάραξαν
1401 1771 1542 1846 ὑμᾶς
1629 1768 1846 1849 λόγοις,
1930 1771 2061 1827 ἀνα-

418 1887 450 1916 σι
486 1862 818 1932 σκευάζοντες
848 1861 948 1922 τὰς
981 1860 1165 1935 ψυχὰς
1201 1860 1381 1934 ὑμῶν,
1430 1857 1685 1938 λέγοντες
1738 1862 2059 1936 περιτέμνε-

408 1977 439 2005 κ
472 1954 588 2041 σθαι
617 1952 705 2007 καὶ
734 1954 924 2024 τηρεῖν
951 1950 1052 2041 τόν
1101 1950 1292 2024 νόμον,
1349 1948 1435 2019 οἷς
1494 1949 1558 2041 δύ
1620 1946 2058 2041 διεστειλάμεθα,
2092 1975 2137 2041 Β

392 2068 425 2096 a
455 2038 635 2115 ἔδοξεν
664 2045 801 2117 ἡμῖν
858 2040 1174 2120 γενομένοις
1228 2037 1606 2116 ὁμοθυμαδὸν,
1665 2039 2060 2115 ἐκλεξαπένους

394 2156 421 2189 α
461 2130 667 2206 ἀνδρας
724 2131 943 2207 πέμψαι
998 2131 1136 2205 πρὸς
1193 2130 1358 2204 ὑμᾶς,
1417 2130 1508 2185 σὺν
1575 2135 1695 2196 τοῖς
1749 2130 2060 2206 ἀγαπητοῖς

386 2248 415 2276 α
451 2225 625 2296 ἡμῶν
658 2215 920 2293 Βαρνάϐᾳ
968 2220 1061 2276 καὶ
1116 2218 1338 2294 Παύλῳ,
1389 2219 1696 2295 ἀνθρώποις
1735 2218 2060 2297 παραδεδώ-

386 2338 417 2365 ι
445 2312 576 2368 κόσι
612 2312 713 2374 τὰς
748 2310 935 2391 ψυχὰς
966 2310 1146 2365 αὐτῶν
1182 2309 1312 2385 ὑπὲρ
1342 2313 1440 2366 τοῦ
1491 2309 1757 2385 ὀνόματος
1803 2315 1903 2366 τοῦ
1958 2318 2065 2367 Κυ-

394 2426 420 2459 σ
449 2401 579 2478 pios
610 2403 780 2473 ἡμῶν
811 2401 995 2471 Ἰησοῦ
1028 2402 1283 2471 Χριστοῦ.
1319 2398 1770 2474 Ἀπεστάλκαμεν
1804 2398 1897 2456 οὖν
1930 2401 2066 2458 Ἰού-

393 2516 419 2547 ι
450 2490 554 2548 δαν
592 2491 689 2546 καὶ
720 2488 916 2555 Σίλαν,
949 2490 1039 2545 καὶ
1071 2488 1267 2550 αὐτοὺς
1297 2486 1386 2545 διὰ
1418 2487 1591 2568 λόγου
1612 2488 2062 2566 ἀπαγγέλλοντας

396 2608 427 2636 κ
458 2583 536 2639 τὰ
589 2581 758 2638 αὐτά.
815 2577 1008 2651 ’Ἔδοξε
1070 2579 1173 2657 γὰρ
1248 2584 1327 2652 τῷ
1402 2578 1547 2657 ἁγίῳ
1627 2582 1897 2656 υνεύματι
1971 2581 2065 2638 καὶ

400 2698 430 2726 ιι
464 2674 633 2747 ἡμῖν,
669 2668 843 2745 μηδὲν
870 2668 1042 2727 πλέον
1090 2668 1424 2734 ἐπιτίθεσθαι
1484 2671 1613 2745 ὑμῖν
1670 2672 1860 2747 βάρος.
1917 2670 2065 2744 πλὴν

400 2787 431 2817 α
462 2767 577 2820 τῶν
638 2760 937 2839 ἐπάναγκες
996 2760 1227 2829 τούτων,
1285 2758 1582 2840 ἀπέχεσθαι
1654 2758 2064 2834 εἶδωλοθύτων,

403 2877 428 2906 ι
459 2852 554 2907 καὶ
588 2850 851 2926 αἳματος,
882 2848 973 2905 καὶ
997 2854 1250 2920 πνικτοῦ,
1276 2850 1373 2905 καὶ
1397 2849 1672 2926 πορνείας,
1721 2849 1772 2925 ἐξ
1818 2852 1891 2907 ὧν
1944 2848 2064 2907 δια-

404 2965 436 2995 ιι
464 2945 773 3017 τηροῦντες
858 2937 1083 3001 ἑαυτοὺς
1164 2937 1224 2995 εὖ
1295 2938 1543 3014 πράξετε.
1631 2938 1936 3016 Ἕρῥωσθε⁸
1996 2942 2066 3000 Οἳ

400 3056 433 3087 α
466 3032 567 3105 μὲν
594 3031 694 3085 οὗν
754 3026 1143 3097 ἀπολυθέντες,
1199 3026 1374 3098 ἦλθον
1429 3028 1507 3091 ε”ς
1555 3029 1916 3105 Ἀντιόχειαν,
1973 3029 2066 3087 καὶ

401 3148 427 3174 α
461 3114 869 3196 συναγαγόντες
900 3118 964 3175 τὸ
994 3116 1234 3187 πλῆθος,
1265 3114 1543 3174 ἐπέδωκαν
1593 3118 1694 3186 τὴν
1744 3117 2065 3192 ἐπιστολὴν,

395 3235 425 3262 α
456 3209 792 3288 ἀναγνόντες
828 3204 887 3265 δὲ
911 3206 1186 3286 ἐγάρησαν
1246 3207 1336 3264 ἐπὶ
1391 3210 1461 3281 τῇ
1522 3211 1869 3284 παρακλήσει
1927 3208 2068 3266 Ἰού-

399 3326 427 3352 ιι
459 3296 559 3362 δας
592 3298 781 3355 τεκαὶ
814 3297 985 3360 Σίλας
1040 3299 1130 3354 καὶ
1186 3296 1344 3354 αὐτοὶ
1400 3304 1685 3378 προφῆται
1743 3294 1915 3366 ὄντες,
1977 3295 2066 3354 διὰ

398 3414 420 3442 ι
458 3387 644 3466 λόγου
699 3384 925 3443 πολλοῦ
976 3383 1351 3462 παρεκάλεσαν
1407 3386 1535 3448 τοὺς
1620 3384 1916 3469 ἀδελφοὺς,
1973 3389 2066 3444 καὶ

397 3478 850 3552 «ἐπεστήριξαν.
938 3477 1270 3547 Ποιήσαντες
1331 3473 1388 3532 δὶ
1446 3476 1647 3552 χρόνον
1723 3475 2074 3549 ἀπελύθησαν

405 3592 437 3621 α
472 3570 591 3639 μετ’
622 3568 855 3642 εἰρήνης
886 3565 995 3622 ἀπὸ
1024 3571 1133 3622 τῶν
1163 3563 1415 3646 ἀδελφῶν
1463 3569 1602 3642 πρὸς
1654 3568 1781 3630 τοὺς
1835 3568 2075 3625 ἀποστόο

414 3655 631 3718 «λούς.
661 3652 858 3726 Ἔδοξε
898 3651 957 3711 δὲ
1013 3659 1092 3727 τῷ
1150 3654 1292 3727 Σίλᾳ
1345 3652 1624 3728 ἐπιμεῖναι
1679 3656 1847 3713 αὐτοῦ
1931 3663 2075 3714 Παῦ-

434 3743 594 3804 «λος
622 3745 676 3801 ἰὶ
700 3745 791 3801 καὶ
838 3739 1119 3819 Βαρνάϐας
1175 3739 1444 3821 διέτριϐον
1503 3743 1557 3801 έν
1613 3746 1923 3827 Ἀντιοχείᾳ
1980 3744 2073 3803 δι-

435 3855 463 3888 ι
499 3830 770 3897 Sinam:
835 3834 927 3890 καὶ
990 3831 1479 3913 εὐαγγελιζόμενοι
1542 3836 1678 3910 μετὰ
1733 3838 1820 3892 καὶ
1874 3835 2072 3905 ἑτέρων

423 3950 455 3979 α
490 3924 712 3982 πολλῶν
776 3928 872 3984 τὸν
934 3925 1104 4006 λόγον
1165 3931 1263 3983 τοῦ
1320 3927 1540 4005 Κυρίου.
1603 3929 1757 3986 Μετᾶ
1815 3925 1872 3986 δέ
1929 3948 2074 3992 τινας

410 4041 441 4072 ι
478 4014 692 4090 ἡμέρας
751 4017 870 4073 εἶπε
930 4015 1149 4080 Παῦλος
1207 4017 1344 4089 πρὸς
1427 4013 1725 4094 Βαρνάϐαν
1794 4017 2078 4095 Ἐπιστρέ-

412 4131 443 4159 α
476 4109 680 4179 ψαιιτες
740 4103 809 4175 δὴ
888 4107 1311 4182 ἱπισκεψώμεθα
1392 4106 1520 4169 τοὺς
1585 4105 1858 4188 ἀδελφοὺς
1914 4111 2078 4185 ἡμῶν

401 4218 438 4251 α
469 4196 618 4253 κατὰ
677 4201 853 4253 πᾶσαν
902 4194 1090 4266 πόλιν,
1174 4196 1247 4252 έν-
1312 4196 1401 4260 αἶς
1482 4196 1927 4276 κατηγγείλαμεν
1984 4200 2078 4255 τὸν

401 4313 433 4340 α
470 4285 646 4360 λόγον
681 4290 779 4341 τοῦ
810 4286 1036 4362 Κυρίου,
1069 4290 1190 4347 πῶς
1220 4283 1435 4363 ἔχουσι.
1472 4309 1501 4339 »

483 4401 515 4430 α
577 4373 1009 4450 Ἔκλεξσμένους
1089 4373 1285 4452 ἄνδρας
1370 4374 1423 4447 ἐξ
1490 4375 1669 4432 αὐτῶν
1754 4375 1990 4452 πέμψαι.
2047 4401 2076 4430 η

399 4463 565 4525 Ἐδει
597 4466 678 4541 μὴ
712 4465 814 4533 τήν
844 4462 1144 4535 ἐπιστολὴν
1172 4469 1425 4538 παρεῖναι
1484 4464 1670 4540 μόνον,
1723 4465 1809 4521 ἳνα
1860 4468 1936 4542 μή
1985 4464 2076 4524 λέ-

405 4578 591 4635 γωσιν
657 4556 745 4611 ὅτι
803 4557 1143 4632 συνήρπασαν
1203 4552 1350 4612 ἄλλο
1400 4554 1516 4610 ἀντ’
1576 4553 1755 4612 αλλου
1813 4556 2077 4628 εἰπόντες,

405 4643 546 4703 ἀλλ’
577 4642 725 4701 ὥστε
778 4645 870 4713 καὶ
916 4644 1362 4721 ἀξιοπιστότερον
1410 4643 1658 4718 γενέσθαι
1694 4645 1767 4702 ,τὸ
1825 4651 2076 4722 πρᾶγμα,

411 4737 708 4808 πέμπουσι
763 4733 891 4797 τοὺς
942 4735 1071 4811 παρ’
1125 4733 1325 4804 αὐτῶν,
1408 4730 1503 4791 ’ίνα
1584 4733 1890 4793 ἀνύποπτοι
1973 4733 2077 4793 ὦσι

414 4818 706 4900 Βαρνάϐας
745 4823 837 4879 καὶ
897 4822 1135 4887 Παῦλος.
1193 4824 1303 4881 Ἰνα
1359 4821 1416 4880 δὲ
1476 4824 1552 4896 μὴ
1614 4821 1743 4901 δόξῃ
1803 4821 2076 4897 διαϐολῆς

414 4914 559 4971 εἶναι
606 4913 826 4970 Βαύλου
853 4913 945 4969 καὶ
978 4908 1232 4989 Βαρνάϐα
1274 4913 1337 4971 τὸ
1387 4914 1624 4974 έκείνους
1673 4913 2073 4985 ἀποσταλῆναι,

415 5003 864 5082 ἐγκωμιάζουσιν
916 5003 1138 5065 αὐτοὺς.
1171 5002 1537 5079 Ἀνθρώποις,
1569 5003 1718 5084 φασὶ,
1751 5000 2077 5081 παραδεδω-

411 5095 544 5152 κόσι
574 5096 670 5158 τὰς
701 5093 886 5174 ψυχὰς
910 5092 1092 5150 αὐτῶν
1128 5092 1260 5167 ὗπὶρ
1299 5095 1399 5148 τοῦ
1428 5092 1698 5166 ὀνόματος
1728 5098 1827 5150 τοῦ
1873 5093 2074 5171 Κυρίου

413 5187 581 5257 ἡμῶν
638 5185 819 5256 Ἰησοῦ
877 5185 1139 5255 Χριστοῦ.
1203 5205 1232 5236 ι(
1287 5178 1499 5255 Ἔδοξε,
1557 5184 1711 5264 ιρασῖ,
1767 5184 1849 5257 τῷ
1933 5180 2076 5260 ἁγίῳ

415 5276 686 5352 Ηνεύματι
745 5274 841 5335 καί
903 5276 1060 5344 ἡμῖν.
1116 5295 1146 5323 η
1198 5268 1463 5345 Οὐδαμοῦ
1521 5272 1627 5350 γὰρ
1685 5273 1810 5348 περὶ
1869 5275 2077 5330 τούτων

415 5361 671 5444 διελέχθη
704 5367 734 5422 ὁ
769 5364 1045 5442 Χριστὸς,
1080 5359 1206 5418 ἀλλ’
1236 5359 1391 5417 οὗτοι
1414 5361 1523 5418 ἀπὸ
1553 5365 1651 5418 τού
1679 5358 1856 5432 νόμου
1910 5366 2079 5419 ταῦτα

401 5451 671 5542 λέγουσιν.
710 5458 835 5513 Ἵνα
881 5450 981 5507 οὖν
1044 5451 1121 5523 μὴ
1181 5447 1311 5527 δόξῃ
1373 5448 1718 5524 ἀνθρώπινον
1777 5450 1935 5519 εῖναι,
1994 5456 2079 5525 τῷ

578 5542 1087 5625 Πνε·ίματι⁹φὰσι.
1137 5538 1247 5633 ’Καὶ
1294 5537 1389 5633 :ivz
1445 5536 1796 5633 διδκχθῶσιν
1849 5540 1933 5599 ὅτι
1987 5541 2078 5633 καὶ

363 5628 526 5713 σύτόῖ
578 5637 1004 5719 ἀποδέχονται
1056 5628 1236 5686 καίτοι
1294 5629 1349 5685 ἕν
1428 5633 1708 5705 περιτομῇ
1765 5631 1933 5701 ὅντες,
1990 5628 2082 5687 ἑπ-

399 5845 453 5887 u
478 5842 682 5908 nam.
722 5833 874 5889 m1,
898 5812 1006 5871 30o

2174 712 2355 768 super
2383 715 2531 770 quas
2553 699 2626 756 ab
2647 701 2818 756 initio
2842 718 3078 774 quoque
3102 703 3446 762 invocatum
3475 714 3565 764 est
3590 726 3603 765 :
3625 699 3826 777 «Quos

2174 787 2335 844 enim
2367 789 2680 860 prmscivit,
2715 789 2822 847 hos
2854 797 2912 846 et
2940 792 3341 864 praedeﬁnivit
3369 796 3435 853 ³⁵.
3471 817 3499 847 ››

2242 968 2359 1033 XV,
2390 969 2583 1028 22-36.
2618 992 2649 1023 «
2682 971 2841 1026 Tunc
2874 972 3064 1027 visum
3098 979 3189 1029 est
3240 977 3530 1047 apostolis
3590 984 3649 1034 et
3694 998 3826 1052 pre-

2171 1079 2201 1108 ‹‹
2235 1057 2489 1130 sbyteris
2518 1077 2652 1116 cum
2688 1066 2810 1117 tota
2838 1065 3317 1136 congregatione,
3352 1071 3418 1120 ut
3466 1067 3724 1125 delectos
3756 1088 3825 1127 ex

2171 1168 2201 1197 ‹‹
2230 1162 2363 1202 sese
2400 1147 2554 1205 viros
2585 1150 2889 1206 mitterent
2922 1153 3301 1209 Antiochiam
3353 1171 3487 1210 cum
3536 1157 3718 1213 Paulo
3769 1164 3827 1214 et

2173 1258 2202 1289 «
2234 1239 2745 1319 Barnaba,Judam
2769 1259 2985 1315 nempe
3012 1250 3405 1313 cognomento
3427 1247 3745 1305 Barsabam
3769 1255 3828 1304 et

2173 1350 2201 1379 «
2233 1327 2413 1384 Silam
2443 1330 2599 1386 viros
2630 1331 2946 1402 primarios
2979 1333 3138 1387 inter
3187 1334 3421 1399 fratres,
3475 1337 3675 1392 missis
3723 1355 3830 1410 per

2172 1439 2201 1469 ‹‹
2225 1435 2440 1475 manus
2453 1436 2658 1476 eorum
2676 1421 2889 1479 litteris
2912 1421 2973 1477 in
2998 1423 3151 1479 hanc
3170 1425 3830 1499 sententiam:Apostoli

2171 1530 2200 1559 ‹‹
2234 1515 2294 1564 et
2321 1509 2650 1582 presbyteri
2687 1527 2756 1566 ac
2786 1512 2998 1567 fratres
3020 1513 3114 1568 bis
3138 1516 3237 1585 qui
3262 1522 3401 1571 sunt
3426 1517 3759 1573 Antiochiae
3774 1525 3832 1573 et

2170 1619 2200 1648 ιι
2232 1597 2294 1652 in
2327 1598 2496 1670 Syria
2524 1615 2592 1655 ac
2621 1599 2829 1656 Cilicia
2856 1601 3162 1662 fratribus.
3197 1606 3315 1674 qui
3364 1612 3505 1660 sunt
3534 1624 3605 1662 ex
3634 1609 3824 1680 genti-

2170 1707 2199 1736 (ί
2232 1685 2365 1747 bus.
2391 1686 2666 1744 salutem.
2700 1689 2993 1755 Quoniam
3025 1690 3360 1748 audivimus
3391 1694 3550 1764 quod
3583 1696 3825 1767 quidam

2170 1796 2199 1825 ‹‹
2232 1792 2263 1831 e
2298 1775 2470 1831 nobis
2501 1779 2723 1850 egressi
2754 1780 3141 1835 turbaverunt
3189 1798 3291 1836 vos
3331 1783 3549 1847 verbis,
3608 1784 3824 1841 labefa-

2169 1886 2198 1915 ‹‹
2229 1870 2461 1921 ctantes
2490 1867 2728 1923 animos
2758 1875 3008 1933 vestros,
3036 1870 3320 1941 jubentes
3351 1889 3449 1928 vos
3481 1874 3828 1930 circumcidi

2170 1966 2198 1995 ‹‹
2230 1961 2299 2001 ac
2331 1962 2564 2002 servare
2596 1947 2809 2021 legem,
2857 1949 3073 2021 quibus
3130 1968 3252 2007 non
3307 1970 3825 2026 preceperamus:

2173 2058 2200 2085 «
2232 2035 2426 2091 visum
2457 2042 2547 2092 est
2576 2037 2750 2093 nobis
2779 2039 3146 2095 unanimiter
3174 2043 3544 2115 congregatis
3566 2044 3830 2100 delectos

2174 2146 2203 2175 ‹‹
2235 2125 2392 2183 viros
2423 2126 2661 2182 mittere
2692 2126 2766 2183 ad
2788 2144 2889 2183 vos
2911 2145 3045 2185 cum
3068 2128 3305 2186 dilectis
3327 2133 3549 2188 nostris
3563 2132 3832 2189 Barnaba

2173 2234 2201 2265 «
2235 2220 2294 2269 et
2325 2213 2523 2283 Paulo,
2585 2215 2932 2271 hominibus
2976 2216 3077 2287 qui
3135 2225 3540 2289 exposuerunt
3596 2221 3826 2277 animas

2173 2326 2202 2355 «
2235 2321 2374 2360 suas
2402 2322 2509 2377 pro
2541 2306 2786 2361 nomine
2816 2306 3052 2362 Domini
3084 2309 3272 2363 nostri
3303 2311 3442 2366 Jesu
3462 2310 3701 2366 Christi.
3726 2313 3831 2367 Mi-

2174 2417 2204 2447 «
2237 2396 2427 2453 simus
2458 2412 2594 2467 ergo
2624 2396 2833 2452 Judam
2875 2403 2935 2452 et
2980 2398 3182 2461 Silam,
3234 2399 3333 2470 qui
3387 2405 3446 2454 et
3492 2400 3605 2472 ipsi
3664 2400 3829 2458 vobis

2175 2508 2205 2538 «
2232 2486 2429 2543 verbis
2459 2485 2720 2542 referent
2751 2486 2979 2542 eadem.
3016 2488 3216 2544 Visum
3253 2495 3339 2545 est
3373 2492 3533 2546 enim
3587 2491 3833 2563 Spiritui

2177 2599 2205 2629 «
2228 2584 2432 2634 sancto
2454 2594 2523 2634 ac
2543 2577 2735 2637 nobis,
2763 2594 2837 2633 ne
2852 2578 3093 2649 quidem
3111 2595 3201 2636 am
3215 2581 3369 2651 plius
3386 2581 3832 2653 imponeremus

2174 2690 2204 2721 «
2224 2668 2388 2725 vobis
2418 2669 2617 2724 oneris
2640 2686 2816 2742 quam
2836 2670 2961 2725 haec
2986 2668 3358 2727 necessaria:
3382 2675 3419 2727 1
3436 2673 3531 2729 ‘15
3556 2672 3831 2728 videlicet

2176 2781 2205 2811 ‹‹
2241 2765 2306 2817 ut
2333 2760 2684 2816 abstineatis
2714 2778 2814 2816 vos
2844 2761 2916 2817 ab
2948 2761 3042 2818 his
3072 2778 3204 2832 quas
3238 2768 3378 2818 sunt
3418 2763 3728 2819 immolata
3759 2764 3835 2819 si-

2176 2871 2206 2900 ‹‹
2240 2849 2522 2906 mulacris
2549 2855 2609 2905 et
2647 2850 2936 2921 sanguine
2960 2856 3018 2907 et
3039 2852 3328 2908 suffocato
3354 2859 3412 2907 et
3451 2854 3832 2919 scortatione,

2177 2962 2207 2991 «
2238 2955 2273 2997 a
2303 2939 2519 3011 quibus
2548 2939 2815 3011 vosipsos
2847 2941 3256 2997 conservando
3286 2942 3693 2999 benefacietis.
3722 2946 3832 2999 Va-

2177 3050 2207 3080 «
2238 3029 2382 3086 lete.
2422 3029 2515 3085 llli
2550 3046 2686 3101 ergo
2716 3029 2948 3086 dimissi
2980 3037 3275 3087 venerunt
3320 3033 3717 3101 Antiochiam,
3776 3038 3838 3089 et

2175 3141 2204 3169 α
2235 3124 2590 3192 congregata
2619 3118 3005 3177 multitudine
3038 3120 3430 3178 reddiderunt
3476 3123 3831 3194 epistolam:

2178 3230 2207 3258 ιι
2238 3223 2415 3279 quam
2449 3223 2585 3263 cum
2614 3208 2921 3281 legissent.
2952 3210 3135 3282 gavisi
3171 3216 3311 3265 sunt
3350 3228 3531 3282 super
3559 3213 3836 3269 consola-

2179 3318 2208 3348 ‹‹
2233 3296 2601 3354 ιὶοιιε..1ιιάίιε
2621 3303 2820 3353 autem
2848 3303 2907 3354 et
2936 3298 3087 3354 Silas
3109 3315 3244 3356 cum
3273 3307 3475 3355 essent
3495 3307 3555 3355 et
3575 3301 3686 3373 ipsi
3705 3318 3837 3373 pro-

2179 3408 2209 3437 ‹‹
2242 3386 2457 3460 ριιειιε.
2492 3402 2769 3443 sermone
2800 3389 3040 3461 copioso
3089 3388 3378 3445 cohortati
3430 3396 3571 3445 sunt
3617 3390 3833 3446 fratres

2179 3497 2209 3527 ‹‹
2239 3492 2307 3533 ac
2334 3476 2854 3533 conﬁrmaverunt.
2899 3478 3261 3535 Commorati
3305 3486 3503 3536 autem
3551 3480 3675 3536 illic
3718 3480 3832 3537 ali-

2186 3586 2213 3620 ιι
2243 3571 2534 3637 quantum
2568 3566 2851 3638 temporis
2881 3567 3112 3623 dimissi
3145 3574 3285 3624 sunt
3314 3586 3447 3624 cum
3477 3587 3621 3641 pace
3651 3586 3685 3626 a
3711 3569 3828 3626 fra-

2180 3676 2211 3707 ‹‹
2242 3655 2538 3712 tribusad
2567 3656 2886 3728 apostolos.
2925 3658 3127 3714 Visum
3159 3663 3248 3714 est
3278 3666 3474 3715 autem
3518 3660 3651 3716 Sila;
3701 3676 3831 3716 ma-

2181 3767 2209 3797 «
2241 3763 2385 3803 nere
2417 3747 2660 3804 ibidem.
2693 3748 2912 3804 Paulus
2945 3757 3141 3803 autem
3177 3755 3235 3804 et
3275 3750 3575 3805 Barnabas
3629 3751 3835 3807 demo-

2181 3857 2209 3887 ‹‹
2242 3836 2531 3894 rabantur
2561 3838 2893 3893 Antiochiae
2945 3838 3229 3895 docentes
3290 3846 3350 3895 et
3405 3841 3838 3897 annuntiantes

2181 3946 2210 3977 ‹‹
2243 3942 2381 3983 cum
2411 3926 2546 3982 aliis
2587 3927 2769 3982 etiam
2820 3927 3230 3998 compluribus
3282 3929 3525 3984 verbum
3577 3930 3837 3985 Domini.

2181 4037 2211 4067 ‹‹
2243 4017 2385 4072 Post
2413 4015 2643 4088 aliquot
2662 4020 2859 4072 autem
2894 4016 3022 4073 dies
3041 4016 3190 4072 dixit
3219 4017 3294 4073 ad
3326 4019 3654 4074 Barnabam
3688 4021 3842 4074 Pau-

2182 4106 2368 4164 «lus:
2403 4108 2789 4164 Revertentes
2807 4109 2936 4178 jam
2969 4107 3276 4165 visitemus
3332 4109 3548 4165 fratres
3602 4115 3840 4165 nostros

2182 4219 2211 4248 «
2242 4214 2350 4271 per
2373 4213 2586 4255 omnes
2634 4196 2902 4264 civitates
2959 4198 3023 4253 in
3077 4198 3295 4269 quibus
3352 4200 3841 4255 annuntiavimus

2181 4311 2207 4337 «ι
2242 4286 2486 4343 verbum
2522 4287 2777 4352 Domini,
2811 4287 3110 4360 quomodo
3146 4304 3208 4343 se
3240 4288 3521 4345 habeant.
3559 4309 3587 4340 υ

2251 4396 2282 4427 α
2315 4376 2387 4435 Ut
2414 4375 2664 4433 dilectos
2694 4392 2763 4430 ex
2797 4392 2927 4433 sese
2959 4377 3117 4432 viros
3155 4376 3482 4434 mitterent.
3519 4401 3546 4427 ι»
3602 4380 3845 4451 Oporte-

2179 4464 2282 4521 bat
2309 4481 2429 4521 non
2453 4465 2640 4521 solam
2664 4465 2875 4522 adesse
2911 4466 3248 4538 epistolam,
3281 4484 3356 4522 ne
3383 4467 3651 4525 dicerent
3681 4469 3840 4541 quod

2179 4554 2576 4626 arripuissent
2606 4554 2773 4611 aliud
2805 4572 2912 4627 pro
2945 4556 3066 4612 alio
3098 4556 3451 4613 scribentes.
3508 4560 3721 4613 Verum
3772 4563 3839 4614 ut

2179 4662 2276 4701 res
2297 4662 2534 4718 quoque
2560 4646 2845 4715 majorem
2878 4646 3123 4702 haberet
3150 4645 3352 4709 ﬁdem.
3386 4649 3629 4703 mittunt
3659 4666 3836 4721 quos-

2108 4724 2155 4789 Β
2186 4736 2323 4791 dam
2353 4751 2421 4791 ex
2454 4734 2579 4791 suis
2609 4742 2674 4790 ut
2704 4737 2922 4792 Paulus
2952 4753 3021 4793 ac
3054 4736 3352 4793 Barnabas
3400 4738 3659 4808 suspecti
3718 4755 3839 4794 non

2189 4830 2406 4880 essent.
2438 4826 2518 4880 Ne
2538 4831 2734 4879 autem
2763 4826 3021 4895 suspicio
3045 4825 3287 4880 subesse
3309 4832 3550 4898 putetur
3568 4827 3637 4881 de
3656 4828 3839 4883 Paulo

2186 4920 2246 4970 et
2277 4914 2559 4982 Barnaba,
2595 4913 2755 4985 quod
2785 4914 2872 4970 illi
2907 4915 3030 4970 sint
3056 4915 3246 4982 missi,
3283 4914 3527 4971 laudant
3557 4933 3659 4972 eos
3685 4934 3697 4971 :
3727 4917 3839 4974 Ho-

2187 5004 2475 5073 minibus,
2508 5005 2813 5077 inquiunt,
2844 5004 2946 5076 qui
2980 5012 3387 5076 exposuerunt
3413 5006 3646 5062 animas
3703 5024 3842 5063 suas

2186 5112 2295 5168 pro
2328 5096 2575 5151 nomine
2603 5095 2839 5150 Domini
2873 5094 3066 5150 nostri
3102 5094 3239 5150 Jesu
3281 5095 3520 5153 Christi.
3573 5118 3602 5148 «
3632 5096 3841 5153 Visum

2190 5186 2496 5251 est.aiunt,
2522 5185 2765 5258 Spiritui
2791 5190 2995 5243 sancto
3014 5200 3081 5239 ac
3100 5184 3293 5241 nobis.
3311 5205 3340 5236 ››
3356 5188 3654 5259 Nusquam
3681 5187 3840 5243 enim

2191 5275 2263 5332 de
2284 5276 2378 5332 his
2400 5274 2685 5332 disseruit
2705 5275 2992 5340 Christus,
3026 5274 3133 5329 sed
3154 5275 3212 5330 hi
3240 5292 3275 5331 a
3297 5276 3422 5349 lege
3455 5278 3580 5333 haec
3609 5277 3837 5333 dicunt.

2191 5366 2271 5420 Ne
2302 5380 2438 5431 ergo
2469 5364 2795 5420 humanum
2829 5380 2960 5420 esse
3006 5363 3326 5434 videretur,
3372 5366 3545 5421 aiunt
3595 5366 3839 5439 Spiritui

2192 5459 2399 5510 sancto
2430 5454 2618 5510 visum
2652 5470 2800 5509 esse.
2836 5455 3025 5527 thue
3058 5453 3541 5511 demonstrarent
3571 5457 3728 5528 quod
3784 5463 3844 5512 et

2189 5543 2307 5617 ipsi
2338 5544 2712 5616 susciperent
2749 5560 3093 5615 quanquam
3150 5546 3209 5601 in
3258 5545 3717 5602 circumcisione
3749 5561 3839 5601 es-

2192 5637 2346 5702 sent,
2376 5631 2645 5689 addunt:
2676 5636 2750 5689 Bt
2778 5631 2977 5690 nobis.
3020 5632 3251 5691 Etenim
3292 5633 3630 5706 potuissent
3657 5633 3836 5689 etiam

2097 3348 2141 3418 (Ξ
