4112 6476
312 458 430 517 223

1439 455 1860 522 (ECUMENII
1904 453 2208 516 TPICCJE
2251 450 2637 512 EPISCOPI.

3614 453 3737 511 224

317 591 541 663 absque
574 591 785 645 litteris
839 591 964 646 haec
1023 592 1428 654 manifestare.
1491 592 1593 648 sed
1651 597 1718 647 ut
1774 591 1969 662 suspi-

2088 586 2300 662 άγουσι,
2361 583 2463 640 Καὶ
2521 585 2674 658 ἡμῖν.
2731 579 3025 640 ἹΙδύναντο
3083 581 3175 656 μὲν
3236 581 3338 659 γὰρ
3397 581 3486 637 καὶ
3544 583 3730 662 χωρὶς

319 682 489 735 cione
522 685 770 739 careret,
807 685 864 733 et
897 687 1178 751 tanquam
1215 683 1341 753 lege
1393 683 1612 754 scripta
1661 683 1786 736 lizec
1841 681 1968 735 fieri

317 771 580 824 volentes
604 770 874 824 scribunt
903 772 1234 841 epistolam.
1274 776 1524 829 Rursum
1560 779 1624 827 ut
1680 772 1805 844 lege
1835 789 1968 843 per-

315 860 656 927 suaderent,
693 867 754 915 et
783 870 1040 932 quatuor
1071 863 1197 918 haec
1231 865 1357 918 fieri
1394 864 1973 935 prohiberent,czete-

314 967 412 1004 ros
445 967 641 1004 mores
676 951 760 1005 eis
794 953 1201 1022 permiserunt
1255 956 1392 1018 Qum
1423 961 1779 1008 suntautem
1808 951 1972 1007 haec?

317 1060 339 1090 (ι
372 1039 837 1100 Utabstineatis,
865 1042 1080 1113 inquit,
1113 1043 1184 1097 ab
1208 1044 1302 1098 his
1335 1061 1464 1114 qua:
1498 1049 1632 1098 sunt
1665 1042 1971 1097 immolata

317 1128 657 1183 simulacris
691 1135 748 1183 et
787 1131 1073 1201 sanguine
1105 1137 1162 1186 ct
1207 1135 1493 1188 suli‘ocato
1543 1149 1609 1187 ac
1660 1132 1970 1186 scortatio-

315 1234 410 1274 ne.
450 1241 477 1267 »
513 1218 622 1272 Per
653 1220 1003 1276 suifocatum
1033 1239 1168 1277 vero
1195 1223 1417 1278 cmdem
1450 1223 1786 1294 prohibent.

387 1399 542 1452 I26
574 1399 688 1462 XV,
725 1400 812 1465 37,
846 1401 930 1454 38.
973 1422 999 1450 ‹‹
1034 1401 1330 1457 Barnabas
1380 1408 1579 1458 autem
1623 1402 1973 1457 consulebat

323 1507 345 1536 ε
382 1492 450 1540 ut
479 1495 853 1543 assumerent
884 1496 940 1543 et
959 1490 1246 1546 Joannem
1274 1499 1665 1564 cognomento
1688 1494 1968 1546 Marcum.

319 1598 347 1626 ‹‹
383 1577 598 1632 Paulus
630 1594 768 1632 vero
792 1578 1105 1649 judicabat
1126 1597 1261 1636 eum
1285 1583 1385 1652 qui
1417 1581 1715 1637 defecerat
1731 1581 1802 1636 ab
1826 1581 1972 1651 ipsis

323 1689 350 1716 «
385 1683 454 1721 ex
489 1668 861 1739 Pamphylia,
896 1685 1006 1723 nec
1038 1670 1188 1725 ierat
1225 1687 1358 1725 cum
1393 1671 1478 1725 eis
1510 1671 1570 1725 in
1628 1688 1799 1742 opus,
1848 1686 1970 1726 non

319 1779 346 1807 «
384 1773 514 1812 esse
555 1761 1005 1812 assumendum.
1045 1782 1072 1808 ››

393 1848 651 1902 Joannes
673 1854 1068 1919 cognomento
1094 1851 1320 1904 Marcus
1347 1867 1546 1906 comes
1586 1851 1733 1922 ipsis
1780 1850 1976 1905 fuerat

2125 699 2144 708 -
2534 679 2591 708 ν-
2659 671 2804 730 δλν
2965 671 3222 729 ἀλ““δ“
3323 674 3491 712 ε
3578 696 3613 708 ~

2079 697 2422 755 γραμμαιων
2459 697 2628 730 ταυ.α
2693 697 2724 746 η
2773 694 2932 745 ωσαι,
3045 687 3112 728 λα
3185 695 3235 728 ια
3281 695 3345 730 το
3401 695 3737 744 ανοπουπον,

2075 765 2166 820 καὶ
2227 765 2367 820 ὥστε
2417 764 2585 836 νόμον
2642 763 2912 840 ἔγγραφον
2979 762 3312 839 βουλόμενοι
3370 768 3538 819 ταῦτα
3591 765 3737 841 γενέο

2075 857 2217 922 σθαι,
2247 856 2515 930 γράφουσι
2547 856 2645 924 τήν
2675 852 2994 925 ἐπιστολήν.
3036 851 3205 908 Πάλιν
3267 851 3404 908 ὥστε
3453 857 3742 923 πεισθῆναι

2075 947 2155 1014 τῷ
2212 944 2388 1016 νόμῳ,
2439 943 2527 996 καὶ
2587 943 2652 997 τὰ
2710 942 2940 1008 τέσσαρα
3015 947 3183 998 ταῦτα
3265 944 3743 1018 ἀπαγορεύσαντες

2076 1037 2273 1100 ποιεῖν,
2306 1034 2371 1085 τά
2429 1029 2522 1103 ἔθη
2581 1034 2648 1086 τὰ
2703 1031 2875 1088 λοιπὰ
2935 1038 3150 1094 ὲαυτοῖς
3204 1035 3612 1108 συνεχώρησαν.
3675 1032 3746 1090 Τί

2079 1118 2136 1176 δέ
2165 1119 2277 1176 ἐστι
2308 1119 2514 1190 ταῦτα;
2585 1143 2606 1170 ε
2667 1123 3019 1198 Ἀπέχεσθαι,
3081 1123 3263 1200 φασιν,
3325 1120 3745 1195 εἰδωλοθύτων,

3218 1212 3494 1275 πουνείας.
3553 1240 3572 1263 ι
3639 1214 3747 1270 Διὰ

2078 1299 2135 1358 δὲ
2164 1307 2261 1359 τοῦ
2293 1302 2593 1378 ἀπέχεσθαι
2621 1308 2876 1366 πνικτοῦ,
2907 1305 2998 1359 τὸν
3026 1304 3184 1384 φόνον
3216 1305 3561 1381 ἀπείργουσι.

2151 1413 2175 1438 α
2238 1388 2517 1466 Βαρνάϐας
2575 1390 2632 1448 δί
2701 1389 3066 1448 ἐϐουλεύσατο
3136 1387 3584 1468 συμπαραλαϐεῖν
3640 1392 3749 1448 τὸν

2080 1505 2107 1532 ‹‹
2148 1481 2398 1552 Ἰωάννης
2428 1482 2520 1536 τὸν
2550 1479 2890 1554 καλούμενον
2941 1483 3183 1558 Μάρκον.
3238 1479 3456 1542 Παῦλος
3488 1479 3546 1536 δὲ
3575 1482 3750 1552 ἠξίου

2079 1594 2106 1622 ι(
2141 1571 2232 1626 τὸν
2262 1571 2572 1626 ἀποστάντα
2602 1571 2697 1627 ἀπ’
2726 1572 2902 1627 αὐτῶν
2937 1572 3044 1627 ἀπὸ
3097 1569 3454 1646 Παμφυλίας,
3504 1571 3594 1626 καὶ
3653 1573 3743 1643 μή

2080 1683 2108 1711 ‹‹
2135 1658 2458 1723 συνελθόντα
2488 1661 2676 1721 αὐτοῖς
2708 1659 2783 1722 εἰς
2813 1661 2876 1715 τὸ
2913 1659 3094 1737 ἓργον,
3156 1661 3232 1733 μή
3282 1654 3749 1735 συμπαραλαϐεἴν

2081 1773 2109 1802 ‹‹
2141 1754 2352 1806 τοῦτον.
2393 1775 2412 1800 ι

2075 1212 2168 1267 καὶ
2226 1211 2480 1286 αἳματος,
2536 1213 2626 1266 καὶ
2711 1218 2962 1282 πνικτοῦ,
3042 1214 3134 1268 καὶ

2153 1840 2466 1911 Ἰωάννηςὸ
2515 1838 2860 1916 καλούμενος
2917 1840 3139 1916 Μάρκος
3199 1842 3266 1910 ἦν
3324 1837 3750 1914 συνοδοιπορῶν

321 1936 392 1992 ad
415 1955 653 1992 cursum
679 1939 1077 2011 evangelicum
1107 1957 1140 1995 a
1165 1941 1475 1996 l’alaastina
1495 1959 1685 2012 usque
1708 1941 1783 1996 ad
1805 1942 1971 1997 Pam-

2088 1929 2271 1992 αὐτοῖς
2306 1929 2381 1992 εἷς
2441 1932 2530 1986 τὸν
2578 1930 2938 2008 εὐαγγελικὸν
3000 1930 3225 2007 δρόμον,
3280 1932 3386 1986 ἀπὸ
3432 1929 3755 1989 Παλαιστί-

323 2027 589 2100 phyliam
619 2045 631 2080 :
666 2028 881 2083 deinde
912 2031 1199 2100 apostolis
1221 2037 1563 2087 constanter
1583 2049 1822 2087 cursum
1842 2048 1975 2102 pro-

324 2116 736 2187 sequentibus,
789 2135 855 2173 ac
907 2119 1206 2174 indefesso
1266 2122 1466 2176 animo
1522 2122 1594 2176 ad
1655 2121 1982 2177 certamina

319 2206 670 2272 obarmatis,
706 2209 934 2262 Marcus
966 2208 1142 2263 homo
1177 2211 1377 2283 segnis
1408 2227 1517 2266 nec
1559 2211 1866 2267 sufﬁciens
1907 2210 1981 2266 ad

320 2303 555 2350 tantum
599 2314 862 2362 cursum,
898 2304 956 2352 et
986 2299 1060 2353 ad
1093 2301 1422 2355 certamina
1453 2318 1520 2356 ac
1549 2301 1818 2373 pericula
1849 2318 1979 2372 quas

320 2387 381 2440 in
409 2403 643 2457 quaque
675 2388 908 2442 civitate
965 2389 1374 2461 emergebant,
1423 2391 1622 2446 cursui
1678 2391 1977 2462 apostolo-

324 2495 454 2532 rum
488 2480 844 2533 renuntians
873 2497 1146 2536 reversus
1187 2488 1279 2536 est
1309 2483 1368 2536 in
1424 2482 1824 2539 Palaestinam.
1859 2500 1980 2539 non

323 2568 622 2623 Christum
639 2568 1073 2640 abnegans,sed
1099 2569 1341 2641 longum
1364 2587 1719 2643 gravemque
1739 2590 1980 2628 cursum

318 2657 609 2712 devitans.
644 2659 865 2712 Paulus
897 2666 1092 2713 autem
1120 2677 1185 2713 ac
1222 2661 1518 2714 Barnabas
1571 2663 1810 2732 pietatis
1859 2662 1982 2716 fru-

323 2746 520 2801 ctibus
547 2746 731 2817 pleni,
749 2748 924 2801 etiam
950 2749 1448 2804 Jerosolimitana)
1469 2751 1744 2806 Ecclesia:
1768 2751 1979 2822 pra2di-

327 2842 531 2892 cantes
566 2837 966 2904 Evangelium.
1012 2837 1244 2893 labores
1295 2855 1674 2912 nequaquam
1725 2840 1984 2896 devitarc

320 2925 730 2981 decreverunt.
783 2933 924 2981 Cum
982 2927 1165 3000 igitur
1202 2935 1406 3000 gentes
1465 2945 1674 2984 omnes
1733 2930 1981 2986 Paulum

326 3031 394 3069 ac
422 3014 751 3070 Barnabam
785 3016 858 3070 ob
891 3017 1124 3088 egregia
1165 3017 1430 3073 facinora
1460 3017 1738 3074 laudibus
1770 3019 1979 3074 evehe-

323 3109 475 3168 rent,
503 3105 729 3158 Marcus
751 3105 1134 3161 ccatristatus
1156 3113 1246 3161 est
1265 3113 1321 3162 et
1345 3107 1545 3162 animo
1567 3114 1979 3180 compunctus,

320 3201 381 3250 et
412 3195 679 3250 fortassis
717 3196 796 3250 ita
831 3196 1140 3267 cogitavit:
1200 3197 1255 3253 Si
1292 3213 1454 3253 nunc
1486 3197 1682 3254 socius
1734 3198 1982 3254 fuissem

319 3284 616 3350 laborum,
641 3301 802 3339 nunc
834 3302 1070 3357 quoque
1101 3285 1397 3359 particeps
1419 3303 1612 3344 essem
1636 3287 1976 3355 etlaudum,

320 3381 378 3431 et
407 3375 491 3430 ita
521 3373 780 3430 decrevit
809 3392 929 3430 una
963 3393 1098 3430 cum
1130 3376 1416 3447 apostolis
1475 3376 1548 3432 ad
1599 3377 1977 3449 praedicatio-

319 3481 456 3520 nem
494 3464 672 3519 exire.
711 3464 1009 3518 Barnabas
1041 3464 1220 3537 igitur
1250 3465 1447 3536 ipsum
1472 3465 1842 3535 paenitudine
1866 3466 1974 3521 du-

319 3558 481 3608 ctum
525 3553 822 3623 suscepit:
855 3552 1076 3608 Paulus
1106 3567 1250 3608 vero
1283 3553 1701 3615 contendebat,
1733 3553 1974 3610 dii-ens:

321 3643 447 3697 Non
477 3641 714 3712 expedit
736 3658 869 3697 eum
903 3643 1002 3712 qui
1038 3643 1347 3698 nobiscum
1388 3659 1508 3699 non
1539 3649 1630 3700 est
1676 3645 1976 3716 profectus

319 3729 392 3784 ad
425 3745 572 3800 opus
605 3730 860 3794 Domini,
887 3730 1065 3785 simul
1103 3731 1739 3787 assumere.Dissensio
1771 3733 1974 3805 itaque

311 3818 564 3890 justitiaa
591 3825 737 3878 erat.
763 3825 823 3874 et
844 3836 964 3874 non
989 3820 1111 3874 iraa.
1144 3819 1361 3876 Paulus
1383 3821 1679 3893 siquidem
1706 3821 1862 3894 quod
1878 3825 1973 3892 ju-

320 3914 476 3963 stum
512 3914 601 3962 est
622 3909 944 3980 quaerebat,
979 3910 1276 3967 Barnabas
1305 3927 1442 3966 vero
1466 3911 1625 3983 quod
1649 3911 1974 3985 benignum

325 4004 416 4054 est
445 4014 512 4054 ac
544 3998 900 4055 humanum.
943 4003 1172 4056 Marcus
1203 4002 1405 4073 itaque
1437 4002 1616 4057 simul
1673 4019 1807 4057 cum
1843 4003 1974 4058 Bar-

322 4088 477 4144 naba
497 4089 862 4154 versabatur,
889 4091 1154 4145 studiose
1179 4108 1358 4163 agens
1383 4092 1929 4146 etcircumcurrens
1957 4107 1968 4144 :

322 4178 540 4233 Paulus
569 4196 702 4234 vero
725 4179 786 4234 in
809 4180 1058 4234 cratibus
1081 4179 1463 4252 praecipiebat
1483 4196 1558 4236 ne
1573 4183 1977 4253 susciperetur

323 4269 570 4333 Marcus,
609 4285 730 4323 non
763 4269 1076 4338 quoillum
1136 4269 1536 4334 contristaret,
1581 4269 1683 4325 sed
1731 4277 1796 4324 ut
1848 4275 1974 4325 stu-

322 4355 549 4410 diosius
577 4362 793 4425 ageret.
831 4357 898 4411 Ut
931 4363 1129 4411 autem
1163 4358 1434 4430 cognovit
1469 4357 1682 4413 Paulus
1715 4360 1973 4414 Marcum

325 4446 671 4518 diligentem
701 4446 922 4503 factum
955 4449 1084 4503 essé
1116 4465 1183 4503 ac
1215 4449 1475 4504 secundo
1509 4465 1637 4504 sese
1668 4466 1971 4521 purgasse,

316 4537 446 4608 jam
477 4535 686 4607 incipit
716 4552 853 4592 eum
883 4553 1209 4604 assumere,
1259 4545 1316 4593 et
1367 4539 1449 4592 ait
1482 4555 1496 4595 :
1530 4561 1557 4588 ‹‹
1606 4539 1834 4595 Salutat
1873 4557 1974 4596 vos

325 4625 554 4680 Marcus
584 4625 978 4681 consobrinus
1012 4627 1316 4695 Barnabm,
1375 4626 1446 4682 de
1494 4645 1610 4700 quo
1659 4629 1972 4701 accepistis

323 4714 640 4772 mandata:
675 4716 724 4773 si
755 4716 986 4773 venerit
1015 4716 1090 4772 ad
1115 4733 1214 4772 vos
1246 4717 1498 4790 excipite
1529 4734 1664 4775 eum
1701 4719 1763 4755 ¹⁶’
1798 4743 1819 4772 ι

389 4891 505 4958 XV,
536 4893 735 4948 39-41.
767 4916 786 4940 ι
815 4893 991 4948 Facta
1007 4898 1098 4948 est
1118 4899 1318 4950 autem
1373 4893 1743 4951 exacerbatio
1793 4895 1877 4952 ita
1904 4901 1972 4952 ut

325 5000 352 5028 «
379 4981 535 5034 alter
554 4981 625 5036 ab
652 4982 837 5037 altero
860 4984 1293 5054 sejungeretur,
1317 4990 1376 5038 et
1398 4985 1696 5040 Barnabas
1726 4985 1968 5056 quidem

320 5091 348 5119 ‹‹
391 5077 696 5140 assumpto
729 5073 920 5126 Marco
956 5072 1258 5144 navigaret
1296 5073 1358 5128 in
1408 5076 1702 5145 Cyprum:
1750 5075 1968 5130 Paulus

323 5179 350 5210 α
371 5173 508 5212 vero
536 5159 749 5214 allecto
775 5159 894 5214 Sila
914 5161 948 5214 1
966 5161 1058 5216 27
1089 5162 1387 5233 profectus
1410 5169 1520 5228 est,
1555 5163 1806 5219 traditus
1835 5180 1965 5236 gra-

318 5269 342 5299 α
376 5249 474 5303 τίω
509 5249 608 5304 Dei
639 5266 674 5304 a
702 5249 985 5304 fratribus
1041 5252 1109 5306 Et
1138 5252 1591 5323 perambulabat
1641 5253 1868 5325 Syriam
1898 5270 1967 5312 ac

318 5360 344 5388 ‹‹
377 5337 644 5394 Ciliciam
670 5339 1032 5396 confirmans
1062 5341 1375 5399 Ecclesias.
1403 5361 1429 5392 ι

386 5518 790 5588 Exacerbatio,
821 5521 1035 5594 inquit,
1067 5521 1222 5580 facta
1278 5530 1386 5594 est,
1439 5542 1560 5581 non
1614 5524 1818 5582 odium
1863 5531 1967 5582 aut

304 5616 452 5672 rixa.
484 5617 735 5672 Tantum
767 5622 969 5672 autem
1007 5618 1200 5691 potuit
1231 5619 1601 5676 exacerbatio
1633 5625 1700 5675 ut
1730 5635 1964 5694 separa-

381 5785 426 5822 ¹⁶
455 5786 680 5846 Colon.
714 5803 786 5858 tv,
820 5789 906 5845 lo.

2085 2040 2186 2087 νης
2223 2018 2389 2094 μέχρι
2422 2019 2772 2100 Παμφυλίας.
2809 2021 2942 2078 Εἶτα
3000 2026 3108 2076 τῶν
3164 2021 3487 2077 ἀποστόλων
3535 2022 3752 2096 εὐτόνῳ

2087 2109 2448 2183 κεχρημένων
2480 2107 2693 2185 δρόμῳ,
2721 2112 2809 2165 καὶ
2841 2111 3083 2186 ἀκαμπεῖ
3111 2115 3178 2185 τῇ
3221 2115 3375 2186 ψυχῇ
3422 2111 3558 2187 πρὸς
3609 2112 3756 2174 τοὺς

2088 2197 2307 2272 ἀγῶνας
2369 2198 2770 2272 ὁπλιζομένων,
2851 2200 3069 2276 Μάρκος
3129 2201 3206 2261 ὡς
3273 2202 3556 2275 ἅνθρωπος
3612 2222 3760 2276 ναρ-

2089 2290 2285 2358 κήσας,
2315 2289 2404 2343 καὶ
2437 2291 2512 2362 μη
2548 2289 2782 2344 εὐτονῶν
2835 2292 2970 2366 πρὸς
3028 2291 3120 2344 τὸν
3161 2288 3367 2366 δρόμον
3413 2291 3504 2345 τὸν
3553 2295 3764 2346 τοσοῦ-

2086 2397 2203 2445 τον,
2263 2378 2352 2432 καί
2411 2380 2546 2454 πρὸς
2597 2378 2724 2441 τοὺς
2780 2377 2832 2434 ἐν
2885 2380 3080 2455 ἑκάστῃ
3119 2379 3282 2436 πόλει
3340 2379 3759 2442 ἀνακύπτοντας

2089 2466 2300 2540 ἀγῶνας
2332 2469 2419 2522 καὶ
2455 2467 2756 2533 κινδύνους,
2784 2469 3197 2544 ἀποκαξάμενος
3255 2474 3332 2540 τῷ
3391 2467 3584 2545 δρόμῳ
3635 2475 3761 2528 τῶν

2089 2555 2442 2624 ἀποστόλων,
2502 2556 2800 2625 ἐπανῆλθεν
2859 2559 2934 2622 εἰς
3023 2562 3122 2629 τὴν
3210 2556 3599 2628 Παλαιστίνην,
3685 2561 3764 2616 οὐ

2089 2646 2327 2719 Χριστὸν
2354 2648 2752 2722 ἀρνησάμενος,
2811 2647 2958 2704 ἀλλὰ
3018 2651 3108 2703 τὸν
3168 2646 3372 2724 ὅρι’μον
3428 2649 3519 2705 τὸν
3575 2648 3767 2706 πολὺν

2089 2736 2179 2790 καὶ
2214 2737 2380 2810 βαρὺν
2412 2739 2908 2812 παραιτησάμενος.
2943 2738 3164 2802 Παῦλος
3226 2737 3284 2795 δέ
3326 2741 3417 2795 καὶ
3467 2736 3760 2815 Βαρνάϐας

2089 2830 2314 2900 καρπῶν
2371 2823 2643 2888 εὐσεϐείας
2726 2828 3000 2903 γέμοντες,
3087 2830 3180 2884 καὶ
3265 2829 3760 2908 εὐαγγελιζόμενοι

2087 2918 2186 2986 τὴν
2222 2914 2273 2971 ἐν
2310 2917 2718 2992 Ἱεροσολύμοις
2776 2918 3124 2992 ἐπικλησίαν,
3176 2921 3306 2983 τοὺς
3353 2921 3551 2983 πόνους
3616 2921 3752 2996 οὐχὶ

2097 3004 2457 3082 ἀπαγορεύειν
2541 3003 2934 3064 ἐϐουλεύσαντο
3021 3008 3296 3084 οὐδαμῶς.
3395 3013 3520 3068 Τῶν
3581 3012 3756 3067 ἐθνῶν

2090 3095 2423 3150 οὖνπάντων
2467 3095 2832 3155 ἐπαινούντων
2887 3098 2975 3154 τὸθ
3031 3097 3246 3156 Παῦλον
3306 3100 3396 3154 καὶ
3454 3101 3546 3156 τὸν
3603 3101 3752 3175 Βαρ-

2086 3179 2255 3240 νάϐαν
2285 3183 2374 3242 ἐπὶ
2431 3193 2548 3251 τοῖς
2595 3190 3035 3264 κατορθώμασιν,
3097 3191 3125 3245 6
3185 3190 3412 3264 Μάρκος
3472 3187 3749 3260 λυπηθεὶς

2091 3272 2310 3351 ἐπλήγη
2351 3278 2450 3347 τήν
2503 3279 2714 3353 ψυχὴν,
2754 3280 2847 3334 καὶ
2906 3277 3039 3344 ἴσως
3096 3279 3342 3350 ἐνενόησε
3399 3276 3598 3356 λέγων,
3659 3278 3750 3336 ὅτι

2091 3363 2154 3422 Εἴ
2194 3366 2340 3440 ἢμην
2369 3369 2624 3430 κοινωνὸς
2653 3373 2761 3424 τῶν
2795 3370 2997 3436 πόνων,
3053 3370 3321 3449 ἐγενόμην
3374 3369 3432 3426 ἂν
3476 3370 3598 3446 ἆρτι
3647 3370 3745 3426 καὶ

2083 3454 2346 3515 κοινωνὸς
2379 3460 2488 3511 τῶν
2545 3455 2800 3512 ἐπαίνωνο
2859 3457 2950 3512 καὶ
3009 3453 3375 3514 ἐϐουλεύσατο
3427 3465 3544 3521 τοῖς
3602 3460 3738 3515 ἀπο-

2087 3539 2308 3604 στόλοις
2339 3543 2672 3614 συνεξελθεῖν
2734 3545 2810 3610 είς
2863 3546 2927 3601 τὸ
2983 3549 3267 3625 κήρυγμα.
3327 3549 3389 3606 Ὁ
3447 3549 3540 3603 οῦν
3595 3550 3735 3623 Βαρ-

2083 3626 2252 3693 νάϐας
2321 3637 2725 3705 μετανοήσαντα
2783 3635 2944 3692 αὐτὸν
3035 3635 3270 3708 ἐδέξατο.
3330 3639 3357 3691 ὁ
3416 3635 3473 3693 δὲ
3525 3635 3736 3700 Παῦλος

2084 3717 2410 3798 ἐφιλονείκει
2439 3724 2526 3778 καὶ
2568 3723 2741 3799 ἔλεγε,
2800 3727 2900 3782 Τὸν
2957 3729 3031 3800 μή
3089 3727 3413 3790 συνελθόντα
3469 3731 3605 3804 ἡμῖν
3663 3727 3744 3790 εἰς

2080 3813 2145 3868 τὸ
2175 3807 2334 3892 ἔργον
2399 3815 2625 3891 Κυρίου,
2686 3817 2753 3873 οὐ
2805 3814 2888 3872 δεῖ
2934 3813 3516 3895 συμπαραλαμϐάνειν.
3549 3820 3609 3876 Ἦ
3645 3818 3746 3874 οῦν

2083 3903 2266 3963 στάσις
2299 3902 2648 3975 δικαιοσύνης
2677 3907 2861 3976 ἦν,οὐ
2915 3909 3112 3980 θυμοῦ.
3171 3908 3233 3967 Ὀ
3285 3909 3380 3983 μὲν
3428 3909 3533 3983 γὰρ
3588 3913 3747 3964 Παῦ-

2083 3991 2182 4054 λος
2216 3991 2394 4064 ἐζήτει
2427 3997 2487 4049 τὸ
2547 3993 2778 4063 δίκαιον,
2812 3997 2840 4052 ὁ
2882 3993 2939 4051 δὶ
2986 3993 3262 4071 Βαρνάϐας
3308 3997 3372 4052 τὸ
3421 3994 3750 4074 φιλάνθρω-

2083 4103 2206 4139 πον.
2246 4087 2422 4148 Συνῆν
2449 4086 2631 4139 τοίνυν
2664 4086 2692 4140 ὁ
2727 4087 2950 4161 Μαρκος
3005 4091 3084 4158 τῷ
3127 4081 3377 4160 Βαρνάϐᾳ
3421 4085 3753 4160 σπουδάζων

2083 4170 2172 4227 καὶ
2204 4169 2439 4247 τρέχων,
2473 4175 2499 4228 6
2532 4171 2589 4230 δὲ
2626 4172 2842 4236 Παῦλος
2886 4175 2937 4230 ἐν
2975 4180 3093 4238 ταῖς
3143 4174 3464 4248 ἐκκλησίαις
3511 4179 3748 4252 παρήγ-

2081 4272 2232 4336 γειλε
2267 4263 2341 4334 μή
2408 4259 2667 4338 δεχθῆναι
2727 4265 2820 4321 τὸν
2879 4267 3124 4341 Μάρκον,
3185 4266 3295 4342 οὐχ
3338 4263 3429 4322 ’ίνα
3484 4262 3743 4342 λυπήσῃ,

2083 4349 2211 4407 ἀλλ’
2238 4351 2328 4405 ἳνα
2355 4351 2778 4427 σπουδαιότερον
2809 4357 3033 4428 ποιήσῃ.
3085 4355 3172 4414 Ὠς
3226 4353 3283 4410 δὲ
3341 4353 3478 4410 εἶδεν
3523 4356 3550 4410 6
3587 4357 3736 4410 Παῦ-

2083 4437 2182 4502 λος
2216 4439 2566 4508 προλαϐόντα
2595 4447 2694 4514 τήν
2748 4440 2992 4514 σπουδὴν
3038 4444 3129 4499 τὸν
3179 4443 3400 4519 Μάρκον
3442 4443 3533 4499 καὶ
3590 4444 3731 4499 ἀπο-

2085 4527 2466 4609 λογησάμενον
2525 4531 2614 4588 διὰ
2689 4537 2798 4588 τῶν
2885 4530 3173 4609 δευτέρων,
3257 4532 3487 4608 ἄρχεται
3565 4530 3735 4588 αὐτὸν

2081 4619 2484 4694 παρατίθεσθαι,
2510 4623 2600 4676 καί
2657 4637 2842 4699 φησιν·
2876 4645 2904 4672 ‹‹
2940 4622 3266 4690 Ἀσπάζεται
3323 4620 3465 4693 ὑμᾶς
3511 4619 3738 4693 Μάρκος

1999 4707 2047 4773 D
2080 4708 2108 4762 6
2166 4707 2386 4782 ἀνεψιὸς
2441 4703 2712 4783 Βαρνάϐα,
2765 4709 2888 4784 περὶ
2949 4708 3010 4764 οὗ
3067 4703 3291 4765 ἐλάϐετε
3343 4706 3583 4776 ἐντολὰς,
3643 4705 3736 4763 ἐὰν

2080 4791 2214 4874 ἔλθῃ
2249 4795 2465 4869 δέξασθε
2493 4798 2670 4854 αὐτόν.
2697 4821 2724 4852 ε

2157 4911 2178 4938 ι
2248 4885 2492 4963 Ἐγένετο
2541 4889 2632 4943 οῦν
2691 4889 3040 4965 παροξυσμὸς
3086 4886 3226 4944 ὥστε
3274 4888 3732 4964 ἀποχωρισθῆναι

2080 5001 2110 5030 ‹‹
2143 4977 2342 5040 αὐτοὺς
2389 4977 2478 5033 ἀπ’
2538 4976 2831 5049 ἀλλήλων,
2888 4979 2981 5033 τόν
3035 4998 3095 5033 τε
3142 4973 3424 5053 Βαρνάϐαν
3477 4975 3735 5053 παραλα-

2079 5091 2106 5119 ‹‹
2141 5062 2305 5122 ϐὁντα
2329 5069 2418 5122 τὸν
2452 5067 2672 5142 Μάρκον
2733 5064 3024 5123 ἐκπλεῦσαι
3083 5065 3159 5128 εἱς
3215 5065 3450 5141 Κύπρον.
3513 5064 3730 5128 ΙΙαῦλος

2079 5181 2106 5209 ‹‹
2141 5153 2201 5213 δὲ
2260 5155 2650 5233 ἐπιλεξάμενος
2708 5156 2898 5222 Σίλαν,
2991 5154 3204 5226 ἐξῆλθε,
3263 5153 3592 5232 παραδοθείς
3660 5159 3729 5229 τῇ

2080 5271 2108 5297 α
2139 5247 2327 5322 χάριτι
2359 5252 2455 5303 τοῦ
2484 5251 2618 5303 Θεοῦ
2651 5247 2754 5302 ὑπὸ
2782 5251 2890 5302 τῶν
2932 5243 3202 5326 αδελφῶν.
3237 5248 3515 5323 Διήρχετο
3550 5244 3605 5302 δὲ
3631 5247 3732 5318 τήν

2075 5338 2338 5414 «Συρίαν
2390 5337 2482 5394 καὶ
2548 5335 2802 5395 Κιλικιαν
2865 5335 3232 5411 ἐπιστηρίζων
3305 5336 3402 5399 τὰς
3491 5334 3734 5406 Ἐκκλη-

2079 5449 2102 5481 ε
2139 5426 2277 5490 σίας.
2315 5451 2340 5477 ιι

2143 5519 2520 5592 Ηαροξυσμὸς,
2590 5517 2775 5596 φησὶν,
2834 5515 3063 5594 ἐγένετο,
3140 5516 3243 5574 οὐκ
3324 5514 3520 5593 ἔχθρα,
3605 5514 3734 5574 οὖδὶ

2073 5609 2396 5689 φιλονεικία.
2429 5612 2706 5667 Τοσοῦτον
2737 5605 2795 5663 δὶ
2839 5605 3062 5684 ἴσχυσεν
3096 5609 3124 5663 6
3157 5606 3531 5682 παροξυσμὸς,
3589 5606 3731 5664 ὣστε
