4112 6472
380 334 491 392 227

1502 323 1885 389 (EGUMENI
1928 322 2239 390 TRICCE
2284 326 2657 393 EPISOOPI.

3685 336 3807 398 228

380 483 510 540 quae
541 464 829 538 regularis
851 463 982 518 vitm
1001 459 1489 518 informationem
1510 461 1841 534 respiciunt
1863 477 1878 517 :
1903 460 2025 516 hac

2150 458 2268 534 βίον
2312 458 2562 537 ῥυθμίζει
2595 464 2869 540 σώφρονα,
2899 462 2993 521 καὶ
3031 461 3280 542 λογικοῖς
3333 464 3643 542 ἆνθρώποις
3672 466 3808 544 πρέο

380 556 540 612 enim
560 554 914 627 prudentem
938 552 1116 608 vitam
1149 551 1414 625 dirigunt
1434 557 1494 607 et
1522 550 1918 610 rationalibus
1937 566 2039 623 ap-

380 652 582 701 tantur
604 642 975 698 hominibus.

447 752 589 815 XVI,
622 751 733 806 6-8.
769 772 795 799 «
826 750 1111 821 Cumque,
1140 754 1560 821 peragrassent
1620 748 1936 821 Phrygiam
1978 751 2042 802 et

377 864 404 892 ‹‹
439 840 763 896 Galaticam
794 839 946 895 I29
982 840 1289 912 regionem
1354 854 1421 894 ac
1450 838 1737 910 prohibiti
1771 843 1975 893 essent
2004 852 2040 892 a

377 953 405 981 «
430 930 651 1002 Spiritu
673 935 880 986 sancto
914 945 989 984 ne
1007 929 1251 983 verbum
1274 929 1336 983 in
1360 941 1393 984 A
1410 928 1560 984 siam
1575 928 2042 984 disseminarent

377 1044 406 1073 κ
440 1022 689 1094 profecti
722 1022 784 1076 in
818 1022 1062 1093 Mysiam
1102 1019 1415 1077 tentabant
1467 1021 1553 1076 ire
1586 1021 1649 1076 in
1679 1020 2037 1093 Bithyniam,

377 1137 405 1164 ‹‹
442 1120 500 1169 et
524 1130 646 1168 non
678 1113 953 1185 permisit
982 1129 1082 1168 eos
1108 1113 1379 1184 Spiritus.
1413 1112 1520 1168 Ubi
1548 1118 1748 1169 autem
1768 1118 2037 1184 pertran-

382 1227 410 1256 (ι
445 1203 665 1260 sissent
696 1203 961 1273 Mysiam,
988 1202 1428 1258 descenderunt
1445 1201 1759 1259 Troadem.
1794 1223 1822 1253 ››

448 1400 514 1456 In
548 1400 687 1455 Asia
735 1404 793 1453 et
824 1398 1101 1470 Bithynia
1129 1402 1290 1454 vetat
1343 1397 1601 1469 Spiritus
1658 1414 1733 1453 ne
1792 1395 2037 1452 verbum

376 1489 770 1545 disseminent
800 1488 1076 1561 apostoli,
1104 1489 1356 1560 prae-cius
1384 1487 1660 1543 haeresim
1692 1503 1899 1543 eorum
1934 1499 2049 1559 qui

379 1580 661 1651 Spiritum
692 1579 1115 1652 impugnarent
1171 1579 1613 1635 dominaturam
1666 1578 1787 1634 illis
1822 1579 1924 1650 qui
1957 1579 2039 1635 ibi

378 1669 683 1742 degerent.

2142 572 2335 609 ποντα.

2218 777 2249 806 ‹‹
2280 754 2593 821 Διελθόντες
2650 754 2707 813 δὲ
2756 759 2857 827 τὴν
2888 756 3130 836 Φρυγίαν
3184 759 3275 814 καὶ
3330 759 3430 827 τὴν
3492 756 3807 829 Γαλατικὴν

2146 869 2175 897 ‹‹
2209 846 2423 922 χώραν,
2478 847 2815 912 κωλυθέντες
2901 849 3004 905 ὑπὸ
3086 853 3184 905 τοῦ
3270 851 3428 926 ἁγίου
3488 850 3808 924 Ηνεόματος

2147 959 2174 987 ‹‹
2210 937 2451 1006 Λαλῆσαι
2500 938 2591 993 τὸν
2672 938 2837 1015 λόγον
2895 938 2947 994 ἐν
3002 943 3073 1014 τῇ
3134 938 3310 1012 Ἀσίᾳ,
3369 936 3617 1002 ἐλθόντες
3664 939 3808 995 κατᾶ

2148 1051 2175 1077 ‹‹
2207 1027 2305 1095 τὴν
2366 1026 2602 1098 Μυσίαν,
2678 1027 2958 1104 ἐπείραζον
3040 1029 3177 1085 κατᾶ
3227 1030 3326 1100 τήν
3384 1030 3641 1087 Βιθυνίαν
3696 1051 3807 1085 πο-

2148 1115 2470 1193 «ρεύεσθαι,
2554 1119 2645 1174 καὶ
2723 1119 2822 1175 οὐκ
2896 1118 3068 1175 εἳασεν
3155 1118 3354 1179 αὐτοὺξ

2148 1232 2176 1259 ‹‹
2210 1208 2583 1284 Παρελθόντες
2662 1207 2719 1266 δὲ
2829 1211 2929 1280 τὴν
3015 1210 3222 1269 Μυσίαν

2149 1322 2176 1351 (‹
2210 1296 2460 1373 Τρωάδα.
2496 1323 2525 1352 ››

3433 1119 3498 1176 τὸ
3558 1125 3690 1176 Ι]νεῦ
3701 1143 3805 1195 μα.

3333 1205 3535 1282 κατέϐη
3543 1231 3637 1267 σαν
3724 1211 3808 1274 είς

2219 1408 2305 1462 Ἐν
2335 1410 2404 1481 τῇ
2439 1408 2591 1480 Ἀσίᾳ
2624 1408 2714 1464 καὶ
2774 1409 2992 1482 Βιθυνίᾳ
3044 1406 3248 1464 κωλύει
3303 1409 3366 1464 τὸ
3429 1412 3646 1483 Πνεῦμα
3694 1406 3811 1465 λα-

2147 1496 2312 1568 λῆσαι
2338 1498 2429 1553 τὸν
2463 1497 2631 1574 λόγον
2651 1496 2779 1561 τοὺς
2828 1497 3190 1560 ἀποστόλους.
3241 1500 3636 1576 προγινώσκων
3695 1500 3807 1568 τήν

2144 1591 2252 1642 τῶν
2281 1587 2761 1664 πνευματομάχων
2790 1585 2997 1663 α’ίρεσιν
3023 1588 3315 1665 κυριεύειν.

446 1778 591 1845 XVI,
624 1779 676 1832 8.
705 1798 732 1826 ‹‹
765 1778 835 1831 Et
863 1777 1010 1831 visio
1036 1793 1143 1849 per
1174 1782 1411 1832 noctem
1441 1783 1682 1832 ostensa
1711 1782 1800 1832 est
1830 1775 2025 1832 Paulo.

2217 1810 2247 1839 ‹‹
2278 1785 2385 1843 Καὶ
2417 1784 2598 1862 ὅραμα
2657 1782 2747 1841 διὰ
2799 1791 2902 1855 τῆς
2960 1783 3154 1847 νυκτὸς
3213 1782 3366 1861 ὢφθη
3429 1788 3507 1857 τῷ
3565 1783 3807 1857 Παύλῳ.

386 1888 412 1919 «ξ
440 1866 537 1921 Vir
567 1865 811 1937 quidam
844 1865 1077 1921 Macedo
1111 1865 1303 1922 stabat
1335 1865 1665 1938 deprecans
1696 1883 1831 1922 eum
1861 1884 1928 1922 ac
1950 1866 2034 1922 di-

378 1978 406 2006 ‹‹
440 1972 619 2012 cens:
667 1956 969 2011 Profectus
1009 1955 1070 2010 in
1104 1955 1506 2012 Macedoniam
1566 1962 1691 2011 esto
1725 1956 1900 2013 nobis
1928 1972 2033 2013 au-

382 2070 402 2097 ι
440 2045 604 2100 11Ιίοι
644 2069 673 2095 ››

447 2155 572 2208 Non
598 2153 725 2225 jam
749 2169 856 2224 per
885 2153 1185 2225 angelum,
1220 2152 1373 2208 sicut
1393 2152 1704 2225 Philippus
1722 2158 1781 2207 et
1809 2153 2029 2208 Corne-

368 2242 506 2308 lius,
540 2242 643 2298 sed
676 2259 786 2314 per
818 2242 1105 2297 visionem
1137 2242 1458 2298 humanius
1515 2243 1850 2298 instruitur.
1886 2244 2031 2298 Nam

368 2332 470 2388 ubi
502 2332 734 2387 facilior
772 2339 901 2387 erat
932 2332 1259 2403 persuasio,
1295 2349 1457 2387 more
1499 2333 1686 2406 magis
1719 2333 1978 2387 humano
2014 2348 2028 2387 :

370 2423 470 2477 ubi
503 2438 636 2476 vero
687 2422 879 2477 multa
918 2423 971 2475 vi
1005 2439 1152 2494 opus
1184 2428 1330 2486 erat,
1366 2422 1553 2495 magis
1604 2422 1800 2477 divino
1850 2421 2029 2477 modo

368 2510 549 2566 fiebat
571 2512 866 2582 apparitio
908 2511 1199 2575 Quoniam
1231 2512 1389 2566 enim
1413 2510 1816 2567 asciscebatur
1832 2510 2027 2566 solum

361 2604 433 2653 ut
464 2598 840 2670 praedicaret,
875 2599 948 2655 ad
981 2600 1091 2655 hoc
1150 2615 1256 2671 per
1311 2599 1615 2654 somnium
1647 2598 1698 2654 ei
1731 2604 1979 2671 apparet
2011 2615 2026 2653 :

360 2688 465 2743 ubi
498 2706 632 2743 vero
660 2690 986 2760 praedicare
1039 2705 1159 2744 non
1191 2689 1666 2760 permittebatur,
1701 2688 1774 2743 ad
1806 2688 1918 2744 hoc
1940 2704 2027 2743 re-

360 2779 589 2834 velatur
612 2779 861 2851 Spiritus
884 2784 1147 2835 sanctus.
1176 2779 1428 2835 Profecti
1451 2779 1668 2851 inquit,
1696 2778 1757 2834 in
1783 2779 2024 2851 Mysiam

367 2867 675 2924 tentabant
706 2869 885 2924 etiam
918 2868 1003 2923 ire
1037 2869 1096 2923 in
1129 2869 1487 2940 Bithyniam,
1522 2874 1721 2924 etnon
1753 2868 2027 2942 permisit

374 2973 474 3012 eos
509 2958 779 3029 Spiritus.
808 2959 937 3014 Jam
992 2957 1151 3013 enim
1207 2975 1326 3013 non
1383 2958 1740 3029 operabatur
1770 2957 2025 3030 Spiritus

371 3062 502 3117 qum
528 3046 729 3102 facilia
759 3053 949 3112 erant,
984 3046 1087 3102 sed
1133 3047 1276 3102 satis
1310 3047 1385 3103 ad
1418 3048 1529 3103 hoc
1560 3052 1687 3103 erat
1734 3046 1828 3101 vel
1861 3063 2023 3102 som-

370 3151 560 3192 mum.

429 3246 580 3309 XVI,
611 3247 664 3300 9.
698 3267 726 3295 «
756 3246 829 3300 Ut
857 3250 1051 3300 autem
1085 3245 1277 3301 visum
1306 3244 1470 3312 vidit,
1508 3245 1709 3301 statim
1741 3245 2021 3316 qumsivi-

363 3359 391 3385 ‹‹
428 3352 561 3390 mus
602 3336 899 3406 proficisci
954 3336 1015 3390 in
1047 3335 1476 3403 Macedoniam,
1510 3337 1654 3392 certi
1687 3336 1826 3392 facti
1858 3336 2018 3408 quod

364 3448 392 3475 «
425 3430 696 3480 vocasset
735 3442 845 3480 nos
905 3425 1192 3480 Dominus
1260 3424 1334 3480 ad
1365 3426 1884 3498 evangelizandum
1911 3426 2016 3483 eis.

361 3536 389 3563 ‹‹
425 3515 569 3567 Cum
593 3513 771 3584 igitur
802 3530 836 3568 a
864 3514 1088 3569 Troade
1144 3514 1551 3576 solvissemus.
1625 3519 1790 3570 recto
1842 3531 2020 3570 cursu

363 3624 391 3652 «
426 3602 695 3657 venimus
727 3602 1194 3659 Samothracem.
1220 3609 1278 3658 et
1308 3609 1542 3675 postero
1564 3604 1659 3659 die
1692 3603 2020 3676 Neapolim,

361 3714 391 3743 «
427 3697 484 3747 et
514 3691 654 3746 inde
687 3692 992 3764 Philippos
1025 3710 1157 3764 quae
1190 3699 1281 3749 est
1309 3695 1501 3765 prima
1532 3694 1716 3767 partis
1752 3694 2021 3751 Macedo-

360 3804 389 3833 ‹‹
422 3782 537 3836 nias
582 3782 787 3837 civitas
822 3783 1080 3838 colonia.
1128 3785 1191 3837 In
1225 3799 1294 3839 ea
1349 3791 1551 3840 autem
1608 3784 1755 3840 urbe
1812 3784 2021 3840 diebus

361 3894 389 3921 ‹‹
424 3871 656 3943 aliquot
687 3872 1230 3929 commorabamur.
1270 3896 1296 3923 »

433 3979 753 4036 Sciendum
816 3980 878 4035 in
936 3981 1029 4036 his
1078 3981 1413 4039 civitatibus
1468 3998 1591 4037 una
1645 3999 1781 4039 cum
1839 3983 2022 4039 Paulo

357 4070 542 4126 fuisse
577 4075 637 4125 et
672 4073 888 4126 Lucam
923 4087 935 4125 :
991 4077 1060 4125 ut
1089 4088 1158 4126 ex
1206 4071 1297 4126 his
1327 4078 1575 4142 apparet
1604 4073 1822 4143 quibus
1852 4088 2021 4129 suam

360 4175 681 4231 personam
701 4158 882 4213 simul
899 4159 1337 4230 complectitur,
1357 4159 1591 4216 dicens:
1612 4160 2023 4230 Quaesivimus,

360 4251 524 4302 recto
556 4263 736 4302 cursu
760 4247 1053 4314 venimus,
1085 4248 1322 4319 aliaque
1350 4248 1591 4305 similia.

432 4355 583 4421 XVI,
619 4355 796 4408 13-15.
834 4374 861 4405 α
884 4355 954 4408 Et
1003 4353 1099 4409 die
1140 4354 1530 4411 Sabbatorum
1563 4356 1782 4429 egressi
1817 4372 2024 4412 sumus

362 4465 389 4494 ‹‹
420 4459 451 4497 e
481 4443 714 4498 civitate
736 4443 909 4514 juxta
937 4442 1184 4511 ﬂumen,
1209 4444 1311 4499 ubi
1346 4445 1527 4500 moris
1559 4450 1687 4501 erat
1720 4445 1848 4500 fieri
1880 4462 2019 4517 pre-

2144 1901 2172 1927 ‹‹
2207 1876 2372 1951 Ἀνὴρ
2411 1895 2494 1937 τις
2551 1875 2618 1944 ἦν
2677 1872 2941 1933 Μακεδὼν
2998 1874 3189 1945 ἑστὼς,
3238 1873 3571 1949 παρακαλῶν
3628 1874 3807 1930 αὐτὸν

2143 1990 2170 2018 tt
2202 1966 2293 2020 καὶ
2320 1967 2521 2043 λεγων,
2551 1958 2749 2027 Διαϐὰς
2780 1979 2856 2027 εἰς
2886 1961 3221 2021 Μακεδονίαν
3257 1963 3538 2040 βοήθησον
3567 1965 3735 2037 ἡμῖν.
3776 1986 3808 2016 ››

2158 2192 2163 2195 -
2209 2161 2324 2222 Οὐκ
2352 2161 2430 2219 ἔτι
2461 2160 2529 2218 δι’
2561 2163 2799 2239 ἀγγέλου
2856 2163 3096 2237 καθαπερ
3146 2159 3435 2225 Φίλιππος
3478 2160 3513 2230 ἢ
3575 2162 3803 2236 Κορνή-

2138 2252 2280 2323 λιος,
2311 2250 2459 2308 ἀλλὰ
2490 2249 2560 2307 δι’
2591 2251 2870 2327 ὁράματος
2925 2251 3170 2329 φαίνεται
3227 2251 3379 2323 αὐτῷ
3429 2250 3799 2325 ἀνθρωπινώ-

2134 2363 2313 2419 τεραν.
2347 2343 2513 2407 Ἔνθα
2543 2341 2646 2419 γὰρ
2682 2337 2913 2397 εὔλο).ον
2941 2340 3004 2395 τὸ
3054 2342 3363 2412 πεισθῆναι,
3422 2338 3794 2415 ἀνθρωπινώ-

2132 2453 2306 2509 τερον·
2340 2426 2461 2488 ἕνθα
2509 2429 2567 2486 δὲ
2620 2427 2811 2501 πολλὴ
2872 2430 2989 2505 βία,
3051 2428 3345 2505 θειότερον.
3398 2427 3617 2499 Ἐπειδή
3679 2430 3800 2506 γαρ

2133 2525 2363 2598 κηρύξαι
2440 2521 2601 2595 μόνον
2682 2520 2941 2594 ἐπήγετο,
3002 2518 3077 2582 είς
3130 2523 3315 2587 τοῦτο,
3364 2514 3490 2596 ὄναρ
3548 2518 3805 2596 φαίνεται

2131 2611 2299 2685 αὐτῷ.
2357 2612 2426 2668 "0
2484 2609 2711 2686 κηρύξαι
2771 2607 2828 2665 δὲ
2886 2607 2986 2665 οὐκ
3038 2608 3315 2685 ἤνείχετο,
3376 2609 3452 2671 εἰς
3509 2613 3671 2664 τοῦτο
3726 2608 3800 2665 τὸ

2132 2703 2354 2775 Ηνεῦμα
2379 2700 2442 2756 τὸ
2470 2693 2626 2775 ἅγιον
2660 2696 3058 2755 ἀποκαλύπτει.
3111 2697 3394 2762 Ἐλθόντες
3447 2696 3570 2773 γὰρ,
3627 2697 3797 2772 φησί,

2130 2792 2268 2848 κατᾶ
2297 2792 2395 2861 τήν
2440 2789 2647 2848 Μυσίαν
2704 2788 2987 2863 ἐπείρασαν
3046 2788 3136 2844 καὶ
3193 2787 3332 2845 κατᾶ
3376 2789 3475 2858 τήν
3533 2787 3796 2844 Βιθυνίαν

2129 2879 2441 2957 πορεύεθαι,
2497 2878 2588 2935 καὶ
2666 2878 2765 2934 οὐκ
2812 2876 2983 2934 εἳασεν
3042 2876 3239 2940 αὐτοὺς
3293 2877 3356 2933 τὸ
3405 2880 3650 2951 Ηνεῢμα.
3709 2874 3789 2935 Οὔ

2130 2971 2233 3050 γὰρ
2262 2967 2329 3040 δὴ
2370 2970 2462 3025 καὶ
2516 2969 2584 3024 τα
2643 2965 2848 3024 εὔκολα
2903 2969 2965 3023 τὸ
3023 2971 3241 3042 Πνεῦμα
3290 2965 3596 3043 εἰργάζετο,
3657 2963 3789 3023 ἀλλ’

2129 3060 2287 3138 ἤρκει
2319 3060 2410 3117 καὶ
2443 3056 2594 3137 ὄναρ.

2194 3285 2222 3313 ‹‹
2272 3267 2358 3324 Ὠς
2413 3255 2471 3313 δὲ
2525 3258 2589 3313 τὸ
2680 3257 2862 3330 ὅραμα
2944 3252 3106 3325 εἶδεν,
3178 3252 3375 3320 εὑθέως
3432 3253 3780 3328 ἐζητήσαμεν

2125 3349 2420 3422 «ἐξελθεῖν
2482 3348 2560 3410 εἷς
2611 3347 2710 3414 τὴν
2760 3342 3124 3416 Μακεδονίαν,
3184 3338 3635 3417 συμϐιϐἀζοντες,
3696 3344 3785 3399 ὅτι

2127 3466 2156 3494 ‹‹
2187 3436 2598 3513 προσκέκληται
2651 3440 2799 3510 ἡμᾶς
2847 3437 2875 3490 ὁ
2936 3436 3134 3509 Κύριος
3193 3435 3644 3513 εὐαγγελίσασθαι
3676 3436 3780 3490 αὖ⁸

2125 3554 2155 3584 «
2184 3529 2338 3591 τοῦς.
2370 3527 2723 3603 Ἀναχθέντες
2753 3525 2846 3581 οὗν
2890 3524 2994 3580 ἀπὸ
3050 3528 3150 3591 τῆς
3208 3521 3466 3600 Τρωάδος
3526 3520 3780 3599 εὐθυδρο-

2125 3643 2155 3673 ‹‹
2191 3620 2443 3694 μήσαμεν
2473 3618 2551 3679 εἱς
2588 3615 2978 3690 Σαμοθρᾴκην.
3008 3618 3076 3687 τῇ
3115 3635 3174 3669 τε
3231 3611 3459 3688 ἐπιούσῃ
3517 3611 3587 3675 είς
3634 3612 3779 3668 Νεά-

2127 3733 2156 3763 ‹‹
2187 3707 2376 3776 πολιν,
2409 3705 2609 3763 ἐκεῖθέν
2638 3726 2699 3762 τι
2723 3704 2798 3767 εἰς
2839 3703 3177 3770 Φιλίππους,
3236 3702 3360 3772 ἥτις
3414 3702 3528 3758 ἐστὶ
3584 3701 3780 3778 πρώτη

2127 3824 2155 3853 ‹‹
2187 3806 2288 3869 τῆς
2318 3794 2541 3871 μερίδος
2567 3802 2668 3866 τῆς
2692 3790 3038 3855 Μαλεδονίας
3082 3792 3246 3855 πόλις
3271 3792 3548 3851 Κολωνία.
3606 3792 3786 3865 Ἦμεν

2128 3913 2156 3944 ‹‹
2191 3887 2249 3944 δὲ
2270 3889 2321 3943 ἐν
2355 3886 2493 3960 αὑτῇ
2525 3889 2594 3951 τῆ
2625 3883 2786 3940 πόλει
2818 3878 3187 3955 διατρίϐοντες
3217 3882 3428 3959 ἡμέρας
3458 3883 3629 3943 τινάς.
3663 3905 3696 3936 »

2200 3978 2550 4052 Σημειωτέον
2580 3977 2664 4032 ὅτι
2697 3977 2788 4031 σὺν
2821 3980 2901 4048 τῷ
2960 3974 3164 4047 Ηα·3λῳ
3202 3974 3270 4044 ἦν
3300 3973 3353 4029 ἐν
3407 3978 3530 4037 ταῖς
3584 3971 3787 4029 πόλεσι

2126 4069 2348 4131 ταύταις
2376 4068 2465 4125 καὶ
2497 4069 2526 4124 ὁ
2558 4073 2797 4138 Λουκᾶς,
2853 4067 2929 4129 ὠς
2986 4066 3036 4137 ἐξ
3084 4067 3159 4121 ὢν
3220 4066 3312 4121 καὶ
3367 4067 3431 4120 τὸ
3478 4065 3785 4141 πρόσωπον

2129 4158 2294 4215 αὐτοῦ
2353 4150 2910 4234 συμπαραλαμϐάνει,
2964 4154 3168 4233 λέγωνθ
3225 4155 3630 4228 Ἐζητήσαμεν,
3686 4154 3789 4210 εὑ-

2130 4245 2577 4322 θυδρομήσαμεν,
2608 4246 2697 4302 καὶ
2725 4246 2792 4302 τὰ
2824 4245 3015 4320 ὅμοια.

2203 4380 2229 4406 ‹‹
2262 4358 2339 4430 Τῇ
2368 4374 2427 4410 τε
2455 4352 2637 4430 ἡμέρᾳ
2665 4357 2774 4409 τῶν
2823 4347 3122 4409 Σαϐϐἀτων
3175 4350 3475 4427 ἐξήλθομεν
3525 4346 3627 4423 ἔξω
3680 4358 3792 4421 τῆς

2130 4469 2158 4498 ί(
2192 4444 2432 4516 πόλεως,
2489 4443 2637 4517 παρᾶ
2690 4442 2937 4516 ποταμὸν
2999 4463 3062 4498 ου
3123 4441 3408 4515 ἐνομίζετο
3491 4440 3788 4518 προσευχή

358 4552 390 4586 «ι
422 4533 718 4588 cationem
754 4549 767 4586 :
800 4532 1198 4605 sedentesque
1231 4535 1623 4605 loquebamur
1665 4535 2018 4591 mulieribus

2144 4558 2158 4586 ‹
2190 4534 2344 4590 εἶναι’
2398 4533 2489 4589 καὶ
2546 4533 2895 4595 καθίσαντνες
2954 4530 3262 4602 ἐλαλοῦμεν
3321 4535 3441 4593 ταῖς
3489 4528 3791 4586 συνελθοῦ-

361 4646 392 4678 α
424 4642 555 4697 qua;
586 4632 1005 4682 convenerant.
1058 4628 1125 4681 Et
1182 4629 1454 4699 quaedam
1514 4629 1730 4685 mulier
1776 4629 2017 4685 nomine

358 4741 388 4772 «
428 4719 604 4792 Lydia
632 4737 1027 4792 purpurarum
1061 4721 1351 4777 venditrix
1401 4723 1652 4779 civitatis
1708 4723 2020 4797 Thyatira-

357 4832 386 4862 «
416 4827 547 4866 rum
571 4810 774 4865 colens
800 4811 982 4866 Deum
1009 4811 1250 4877 audivit,
1281 4813 1449 4883 cujus
1474 4813 1759 4870 Dominus
1782 4814 2018 4886 aperuit

364 4919 393 4949 ‹‹
426 4915 548 4965 cor,
584 4902 620 4952 1
637 4900 738 4954 30
758 4906 824 4955 ut
856 4901 1193 4956 intenderet
1214 4902 1307 4957 his
1331 4919 1461 4973 quae
1484 4919 1517 4958 a
1539 4903 1720 4958 Paulo
1742 4902 2019 4958 diceban-

359 5009 387 5038 «
421 4995 537 5042 tur.
591 4990 853 5060 Cumque
902 4989 1193 5062 baptizata
1224 4998 1380 5047 esset
1428 5009 1550 5048 una
1603 5010 1738 5049 cum
1786 4991 2017 5047 familia

359 5099 386 5127 .‹
416 5095 541 5144 sua,
577 5076 891 5148 deprecata
920 5086 1028 5145 est,
1064 5081 1271 5137 dicens
1298 5099 1311 5136 :
1335 5082 1723 5154 Sijudicastis
1757 5099 1848 5138 me
1873 5082 2016 5137 fide-

360 5190 387 5220 ‹‹
424 5168 540 5222 lem
581 5167 825 5223 Domino
860 5185 1009 5231 esse,
1045 5170 1297 5244 ingressi
1325 5171 1569 5229 domum
1602 5188 1819 5242 meam,
1852 5172 1913 5226 in
1947 5187 2017 5228 ea

364 5280 392 5309 α
424 5263 662 5313 manete
717 5259 784 5313 Et
807 5257 1003 5331 adegit
1032 5276 1161 5316 nos.
1200 5283 1229 5311 ››

433 5366 559 5421 Non
584 5365 775 5421 solum
822 5367 922 5423 ubi
975 5384 1273 5442 synagoga
1323 5376 1467 5437 erat,
1529 5370 1631 5425 sed
1658 5370 1839 5426 etiam
1870 5370 2017 5426 foris

359 5455 775 5527 precabantur.
801 5462 1085 5528 tanquam
1110 5458 1307 5514 locum
1330 5459 1593 5531 aliquem
1616 5460 1691 5515 ad
1712 5460 1823 5515 hoc
1850 5477 2019 5532 sepa-

359 5551 584 5611 rantes,
618 5562 832 5618 nempe
861 5545 1047 5602 Judaei
1080 5546 1334 5605 nimium
1365 5548 1775 5621 corporalibus
1805 5548 2012 5608 dediti.

358 5637 475 5693 Aut
498 5634 697 5708 potius
729 5635 1013 5708 quoniam
1045 5635 1118 5709 ob
1147 5637 1485 5718 Judaeorum
1508 5639 1867 5712 paucitatem
1892 5655 2015 5698 non

2131 4650 2160 4678 α
2194 4646 2310 4687 σαις
2339 4623 2564 4699 γυναιξί.
2619 4623 2720 4681 Καί
2748 4643 2832 4684 τις
2859 4625 2994 4699 γυνή
3058 4621 3283 4697 ὅνόματι
3344 4618 3515 4677 Λυδία
3569 4641 3796 4699 πορφυ-

2131 4739 2159 4768 ‹‹
2197 4713 2445 4790 ροπῶλις
2491 4712 2710 4776 πόλεως
2759 4712 3085 4786 Θυατείρων,
3145 4706 3416 4785 σεϐομένη
3498 4712 3590 4766 τὸν
3647 4711 3788 4767 Θεὸν

2130 4802 2443 4875 «ἤκουσεν.
2510 4805 2610 4865 Ἧι.
2669 4803 2698 4857 ὁ
2760 4802 2954 4879 Κύριος
3031 4799 3267 4875 διήνοιξε
3348 4803 3448 4872 τήν
3530 4798 3788 4872 καρδίαν,

2129 4918 2159 4948 ‹‹
2190 4891 2482 4973 προσέχειν
2510 4896 2627 4953 τοῖς
2668 4889 3035 4965 λαλουμένοις
3088 4890 3192 4947 ὑπὸ
3257 4895 3355 4946 τοῦ
3415 4887 3656 4949 Παύλου.
3690 4891 3789 4952 Ὠς

2129 4981 2237 5040 «δὲ
2266 4978 2564 5053 ἐϐαπτίσθη
2621 4982 2712 5036 καὶ
2753 4983 2780 5036 ὁ
2817 4981 2975 5047 οἶκος
3032 4979 3225 5051 αὐτῆς,
3284 4977 3623 5053 παρεκάλεσε
3680 4978 3789 5035 λέ-

2129 5098 2158 5127 ‹‹
2188 5090 2377 5151 γουσα*
2409 5072 2475 5129 Εἰ
2524 5071 2803 5147 κεκρίκατέ
2864 5092 2931 5144 με
2987 5072 3185 5140 πιστὴν
3232 5074 3312 5142 τῷ
3371 5069 3558 5145 Κυρίῳ
3621 5070 3785 5142 εἶναι,

2130 5188 2157 5215 ‹‹
2193 5163 2551 5229 εἰσελθόντες,
2585 5160 2659 5224 εἰς
2698 5161 2789 5216 τὸν
2823 5158 2972 5215 οἶκόν
3025 5179 3130 5236 μου
3190 5159 3428 5235 μείνατε.
3488 5157 3583 5216 Καὶ
3635 5179 3790 5236 παρ.

2129 5277 2158 5306 ‹‹
2190 5247 2400 5307 εϐίασεν
2431 5254 2602 5324 ἡμᾶς,
2635 5274 2664 5304 ››

2195 5359 2275 5419 Οὐ
2309 5360 2473 5434 μόνον
2533 5354 2656 5413 ἔνθα
2713 5358 3002 5434 συναγωγὴ
3057 5357 3150 5428 ἦν,
3204 5353 3350 5412 ἀλλὰ
3406 5353 3497 5411 καὶ
3555 5347 3657 5424 ἔξω
3687 5350 3789 5424 ηὕ..

2128 5471 2320 5529 χοντο,
2351 5448 2535 5526 ὥσπερ
2563 5450 2732 5505 τόπον
2774 5448 2892 5505 τινὰ
2949 5447 3323 5525 ἀφορίζοντες,
3386 5447 3479 5502 ’ἁτε
3532 5466 3786 5520 σωματι-

2124 5542 2359 5615 κώτεροι
2443 5535 2589 5600 ὄντες
2675 5537 2727 5593 οἳ
2802 5533 3089 5596 Ἰουδαῖοι.
3138 5539 3209 5594 ’Ἡ
3270 5533 3490 5611 μᾶλλον
3548 5536 3628 5606 μή
3685 5530 3787 5590 οὔ·

2126 5652 2226 5705 σης
2257 5628 2369 5688 ἐκεῖ
2407 5634 2731 5708 συναγωγῆς
2780 5622 2870 5685 διὰ
2918 5627 2981 5684 τὸ
3041 5625 3278 5698 σπάνιον,
3333 5627 3481 5703 παρὰ
3523 5625 3617 5682 τὸν
3677 5645 3785 5683 πο-
