4112 6432
368 329 489 389 229
1369 325 1793 391 COMMENT.
1841 326 1928 389 IN
1974 327 2174 390 ACTA
2222 328 2834 396 APOSTOLORUM.
3712 347 3831 407 230

380 460 559 537 ταμὸν
588 453 701 532 ἔξω
732 466 844 532 τῆς
884 459 1108 525 πόλεως
1164 458 1340 537 λάθρα
1420 461 1743 537 συνήγοντο,
1797 460 1851 515 οἱ
1900 456 2061 529 δῆθεν

2179 468 2305 519 erat
2324 462 2404 519 ibi
2438 481 2754 540 synagoga,
2791 467 2964 541 juxta
3024 470 3252 530 ﬂumen
3310 478 3476 531 extra
3529 477 3830 537 civitatem

394 548 688 621 θεοσεϐεῖς.
723 551 1009 610 Νεαπολιν
1039 548 1100 608 δὶ
1126 552 1226 623 τὴν
1256 555 1347 606 νῦν
1375 550 1748 628 Χριστὸπολιν
1781 550 1953 629 λέγει.

2179 552 2321 609 31am
2351 557 2888 631 congregabantur,
2915 562 3019 632 qui
3045 562 3320 620 videlicet
3338 566 3517 622 Deum
3535 569 3832 628 colebant.

2160 643 2468 715 Neapolim
2500 654 2699 704 autem
2723 649 2869 705 dicit
2885 667 3025 721 qua:
3043 668 3204 709 nunc
3224 654 3617 729 Christopolis
3630 661 3838 732 appel-

2164 733 2352 790 latur.

467 842 497 869 α
531 812 780 893 Ἐγένετο
813 810 874 868 δὲ
922 813 1305 888 πορευομένων
1368 814 1532 886 ἡμῶν
1584 812 1661 874 εἰς
1709 816 2055 890 προσευχὴν,

401 932 428 959 ιι
458 903 758 974 παιδίσκην
787 903 915 959 τινα
942 900 1177 978 ἔχουσαν
1210 905 1424 974 πνεῦμα
1481 901 1766 973 υὺθωνος,
1814 901 2058 970 ἀπαντῆ-

403 1025 429 1051 ιι
465 1000 736 1071 σαιὴμῖν,
766 996 893 1064 ⁴ἥτις
924 993 1172 1070 ἐργασίαν
1232 989 1452 1063 πολλὴν
1512 997 1746 1067 παρεῖχε
1787 997 1904 1054 τοῖς
1954 1012 2060 1047 κυ-

406 1111 434 1143 σ
463 1087 612 1164 ρίοις
654 1086 826 1151 αὐτῆς
886 1083 1283 1157 μαντευομένη.
1340 1082 1491 1153 Αὕτη
1541 1081 2064 1153 κατακολουθήσασα

402 1182 540 1249 .τῷ
598 1175 803 1249 Παύλῳ
858 1174 950 1230 καὶ
1015 1176 1153 1246 ἡμῖν
1210 1166 1404 1248 ἔκραζε
1470 1172 1728 1249 Λὲγουσα·
1787 1171 1949 1228 Οὗτοι
2011 1171 2064 1227 οἱ

392 1291 423 1321 ιι
480 1263 769 1338 ἄνθρωποι
826 1260 1019 1318 δοῦλοι
1074 1263 1172 1316 τοῦ
1223 1263 1360 1315 Θεοῦ
1425 1263 1524 1315 τοῦ
1618 1260 1845 1334 ὑψίστου
1905 1257 2063 1331 εἰσὶν,

396 1377 424 1410 ι
487 1353 698 1414 οἷ’τινες
785 1348 1245 1426 καταγγέλλουσιν
1344 1348 1482 1420 ἡμῖν
1568 1344 1692 1403 ὁδὸν
1765 1349 2063 1424 σωτηρίας.

393 1469 424 1497 α
456 1447 634 1500 Τοῦτο
667 1438 725 1497 δὲ
764 1438 937 1496 ἐποίει
988 1437 1078 1494 ἐπὶ
1134 1435 1355 1500 πολλὰς
1415 1435 1645 1511 ἡμέρας.
1709 1437 2070 1507 Διαπονηθεὶς

396 1534 578 1591 «δὶὸ
636 1529 860 1592 Παῦλος
919 1527 1010 1585 καὶ
1069 1526 1416 1603 ἐπιστρέψας,
1473 1530 1554 1600 τῷ
1600 1525 1867 1601 πνεύματι
1929 1527 2066 1591 εἶπε,

413 1617 855 1701 σίἰσραγγὲλλω
906 1639 992 1675 σοι
1048 1614 1104 1673 ἐν
1161 1617 1240 1689 τῷ
1300 1615 1529 1692 ὀνόματι
1590 1617 1775 1689 Ἰησοῦ
1827 1617 2069 1692 Χριστοῦ

418 1742 445 1769 ι
483 1712 704 1788 ἐξελθεῖν
770 1710 865 1766 ἀπ’
918 1708 1109 1779 αὐτῆς.
1146 1706 1248 1765 Καὶ
1321 1705 1544 1781 ἐξῆλθεν
1604 1705 1741 1781 αὐτῇ
1796 1708 1866 1781 τῇ
1931 1705 2067 1779 ὥρᾳ.

2236 825 2384 894 XVI,
2421 827 2601 884 16-25.
2637 849 2663 875 u
2701 829 2969 903 Contigit
3026 838 3223 889 autem
3284 852 3419 891 cum
3475 838 3700 895 iremus
3758 840 3834 896 ad

2167 935 2195 963 «
2230 915 2638 984 precationem
2670 924 2736 973 ut
2767 921 2969 991 puella
2993 921 3266 992 quasdam
3297 924 3525 981 habens
3558 929 3833 999 spiritum

2169 1028 2198 1057 ‹‹
2232 1006 2520 1078 Pythonis
2560 1019 2909 1068 occurreret
2937 1013 3134 1082 nobis,
3170 1032 3300 1087 quas
3356 1024 3649 1089 quaestum
3702 1037 3833 1077 ma-

2173 1115 2202 1146 «
2232 1112 2413 1169 gnum
2446 1100 2769 1170 praestabat
2801 1102 3065 1159 dominis
3115 1105 3238 1160 suis
3296 1106 3639 1164 divinando.
3696 1110 3832 1167 Haec

2173 1206 2202 1237 «
2236 1186 2555 1245 subsecuta
2609 1191 2859 1248 Paulum
2925 1210 2993 1250 ac
3043 1210 3175 1261 nos,
3232 1195 3530 1254 clamabat
3586 1198 3831 1257 dicens:

2175 1295 2202 1324 ‹‹
2230 1275 2333 1331 Isti
2363 1276 2639 1335 homines
2651 1281 2800 1335 servi
2826 1282 2927 1338 Dei
2943 1283 3160 1339 summi
3181 1285 3448 1356 suntqui
3471 1289 3834 1344 annuntiant

2174 1386 2203 1414 ι(
2236 1364 2402 1421 vobis
2427 1366 2582 1423 viam
2610 1368 2837 1425 salutis.
2874 1371 2939 1426 Id
2967 1378 3167 1429 autem
3194 1372 3452 1430 faciebat
3489 1376 3563 1431 ad
3606 1377 3828 1434 multos

2176 1477 2207 1507 ‹‹
2235 1456 2382 1513 dies.
2417 1458 2636 1515 Paulus
2675 1476 2812 1516 vero
2845 1478 2998 1534 aegre
3019 1463 3217 1519 ferens
3234 1470 3654 1537 etconversus,
3684 1468 3834 1525 dixit

2184 1567 2205 1594 ι
2240 1545 2314 1603 ad
2349 1546 2654 1618 spiritum:
2680 1550 2964 1622 Principio
2992 1551 3097 1608 tibi
3127 1569 3234 1625 per
3263 1570 3482 1611 nomen
3512 1558 3649 1613 Jesu
3667 1558 3833 1614 Chri-

2181 1659 2208 1688 «
2245 1638 2320 1693 sti
2344 1643 2411 1694 ut
2441 1656 2616 1696 exeas
2645 1640 2719 1697 ab
2751 1658 2841 1698 ea.
2868 1643 2935 1699 Et
2964 1645 3109 1700 exiit
3138 1647 3345 1702 eadem
3377 1648 3832 1708 hora.Videntes

2184 1747 2210 1779 c
2235 1733 2433 1784 autem
2466 1728 2695 1786 domini
2731 1732 2860 1804 ejus
2890 1735 3047 1804 quod
3107 1733 3331 1792 abisset
3388 1754 3522 1810 spes
3567 1745 3832 1811 quaestus

420 1831 448 1860 α
482 1805 661 1865 Ἰὸντες
682 1798 740 1857 δὲ
802 1802 855 1855 οἱ
913 1797 1094 1870 κύριοι
1154 1796 1323 1866 αὐτῆς
1381 1796 1465 1890 δτι
1521 1794 1743 1868 ἐξῆλθεν
1801 1797 1837 1865 ἡ
1898 1794 2058 1890 ἐλπὶς

2179 1840 2199 1869 ι(
2234 1818 2350 1883 sui,
2380 1819 2824 1890 apprehensum
2852 1821 3107 1879 Paulum
3137 1831 3195 1879 et
3225 1825 3406 1882 Silam
3430 1832 3739 1885 traxerunt
3768 1830 3831 1885 in

422 1903 572 1965 «τῆς
621 1891 878 1968 ἐργασίας
932 1890 1135 1957 αὐτῶν,
1216 1882 1613 1961 ἐπιλαϐόμενοι
1682 1887 1774 1942 τὸν
1837 1885 2052 1942 Παῦλον

409 1986 549 2042 aui
576 1986 668 2040 τὸν
701 1982 897 2050 Σίλαν,
943 1977 1204 2035 εἵλκυσαν
1234 1977 1311 2040 εἴς
1377 1978 1477 2047 τήν
1534 1976 1738 2052 ἀγορὰν
1779 1975 1865 2032 ἐπὶ
1924 1976 2054 2039 τοὺς

401 2075 758 2151 «ἄρχοντας.
796 2071 900 2128 Καὶ
957 2067 1394 2145 προσαγαγόντες
1442 2065 1638 2129 αὐτοὺς
1693 2070 1811 2130 τοῖς
1862 2085 2055 2143 στρατ-

396 2192 426 2221 or
459 2170 652 2240 ηγοῖς,
738 2160 912 2218 εἶπον
963 2159 1134 2218 Οὗτοι
1189 2158 1240 2213 οἱ
1296 2155 1577 2232 ἄνθρωποι
1636 2155 2054 2231 ἐκταράσσουσιν

394 2283 423 2313 ι(
459 2259 627 2328 ἡμῶν
658 2254 759 2322 τὴν
794 2248 984 2321 πόλιν,
1046 2246 1303 2309 Ἰουδαῖοι
1355 2248 1724 2323 ὑπάρχοντες,
1781 2246 1871 2303 καὶ
1928 2267 2060 2302 κατ-

402 2372 432 2399 α
465 2342 840 2423 αγγὲλλουσιν
891 2338 1012 2410 ἔθη,
1071 2336 1108 2395 ἅ
1180 2338 1279 2395 οὐκ
1346 2336 1544 2408 ἔξεστιν
1627 2339 1763 2411 ἡμῖν
1823 2334 2059 2410 παραδέ-

397 2463 426 2490 κ
463 2448 668 2514 χεσθαι
700 2430 827 2491 οὐδὲ
854 2436 1030 2488 ποιεῖν
1059 2429 1358 2503 Ῥωμαίοις
1405 2428 1547 2484 οὖσι.
1607 2428 1706 2482 Καὶ
1763 2425 2056 2498 συνεπέστη

397 2552 428 2581 α
462 2527 495 2582 ὁ
525 2523 710 2601 ὄχλος
738 2523 857 2579 κατ’
903 2521 1106 2579 αὐτῶν.
1163 2519 1268 2576 Καὶ
1324 2518 1376 2574 οἱ
1436 2516 1733 2595 στρατηγοὶ
1794 2515 2060 2594 περιρρή-

398 2641 428 2672 et
463 2618 652 2688 ξαντες
679 2616 861 2670 αὐτῶν
886 2612 955 2668 τὰ
1001 2612 1195 2686 ἱμάτια
1249 2607 1501 2666 ἐκέλευον
1557 2603 1851 2684 ῥαϐδίζειν.
1915 2606 2064 2665 Πολ-

403 2733 432 2760 σι
466 2705 573 2769 λάς
604 2725 669 2762 τε
699 2702 972 2766 ἐπιθέντες
1000 2702 1189 2764 αὐτοῖς
1213 2698 1456 2775 πληγὰς,
1494 2693 1691 2754 ἔϐαλον
1752 2698 1828 2762 εἰς
1886 2696 2060 2776 φυλα-

404 2825 426 2853 ι
459 2799 593 2869 κήν,
652 2791 1115 2871 παραγγείλαντες
1193 2795 1273 2865 τῷ
1356 2788 1730 2865 δεσμοφύλακι
1804 2788 2062 2868 ἀσφαλῶς

397 2917 426 2944 οι
463 2892 661 2963 τηρεῖν
692 2883 913 2945 αὐτούς.
945 2885 1045 2945 ’Ός
1076 2877 1450 2958 παραγγελίαν
1502 2879 1763 2948 τοιαύτην
1817 2878 2063 2951 εἰληφὼς

405 3004 433 3033 ιι
463 2973 673 3035 ἔϐαλεν
695 2972 898 3037 αὐτοὺς
923 2971 1003 3038 εὶς
1033 2972 1134 3040 τήν
1162 2969 1428 3045 ἐσωτέραν
1458 2967 1728 3047 φυλακὴν,
1786 2969 1876 3025 καὶ
1933 2968 2062 3032 τοὺς

405 3095 426 3122 ι
456 3066 644 3128 πόδας
677 3066 858 3120 αὐτῶν
886 3060 1229 3140 ἠσφαλίσατο
1259 3059 1336 3122 εἰς
1364 3059 1428 3115 τὸ
1474 3056 1659 3129 ξύλον.
1713 3060 1858 3114 Κατά
1889 3056 1948 3115 δὲ
2002 3059 2065 3115 τὸ

395 3184 423 3211 α
459 3156 825 3232 μεσονύκτιον
907 3150 1125 3213 Παῦλος
1206 3149 1296 3207 καὶ
1376 3146 1549 3213 Σίλας
1626 3148 2065 3226 προσευχόμενοι

395 3273 420 3304 ε
452 3249 673 3322 ὕμνουν
710 3242 807 3299 τὸν
836 3240 986 3298 Θεόν”
1008 3238 1362 3316 ἐπηκροῶντο
1395 3235 1453 3293 δὲ
1480 3238 1659 3295 αὐτῶν
1693 3239 1746 3295 οἱ
1768 3236 2004 3315 δέσμιοι.
2033 3263 2055 3291 ιι

468 3336 704 3411 Λέγεται
732 3336 772 3404 ἡ
804 3332 975 3389 Πυθία
1004 3327 1139 3402 αὕτη
1177 3331 1313 3405 γυνή
1370 3350 1454 3392 τις
1515 3327 1646 3385 οῦσα
1703 3326 2061 3399 ἐπικαθῆσθαι

392 3433 474 3501 τῷ
501 3422 736 3503 τρίποδι
792 3427 891 3479 τοῦ
950 3418 1330 3491 Ἀπόλλωνος,
1389 3416 1670 3493 διαιροῦσα
1717 3419 1784 3474 τὰ
1866 3416 2059 3491 σκὲλη,

392 3520 495 3583 εἷθ’
553 3516 737 3577 οὕτως
798 3516 1013 3587 πνεῦμα
1069 3510 1307 3586 πονηρὸν
1362 3509 1599 3565 κάτωθεν
1676 3506 2062 3583 ἀναδιδόμενον

392 3610 488 3665 καὶ
516 3604 608 3663 διὰ
629 3611 740 3663 τῶν
798 3607 1131 3680 γεννητικῶν
1188 3603 1359 3672 αὐτῆς
1418 3597 1772 3673 διαδυόμενον
1831 3600 2060 3676 μορίων,

412 3699 657 3769 πληροῦν
680 3700 781 3769 τὴν
824 3700 1057 3773 γυναῖκα
1112 3700 1212 3763 τῆς
1275 3692 1493 3766 μανίας,
1550 3692 1643 3747 καὶ
1704 3691 1906 3763 ταύτην
1966 3691 2060 3752 τὰς

423 3788 621 3863 τρίχας
670 3788 898 3845 λύουσαν
952 3784 1148 3841 λοιπὸν
1210 3780 1575 3859 βακχεύεσθαί
1629 3801 1689 3837 τε
1744 3779 1836 3836 καί
1895 3780 2064 3858 ἀφρὸν

417 3882 519 3934 τοῦ
549 3872 804 3952 στόματος
838 3878 1073 3957 ἆφιὲναι,
1097 3874 1189 3929 καὶ
1250 3873 1425 3935 οὓτως
1484 3871 1537 3927 ἐν
1597 3870 1854 3944 παροινίᾳ
1909 3890 2064 3947 γενο-

407 3971 575 4044 μένην
604 3968 671 4024 τὰ
696 3972 799 4033 τῆς
830 3966 1028 4042 μανίας
1059 3962 1382 4042 φθέγγεσθαι
1439 3960 1679 4037 ῥήματα.
1740 3960 1800 4014 Τί
1860 3957 2065 4031 δήποτε

393 4062 487 4117 καί
541 4064 571 4115 ὁ
632 4056 848 4131 δαίμων
900 4059 1068 4112 ταῦτα
1125 4049 1461 4131 ιφθέγγετοε
1525 4046 1820 4108 Ἐϐούλετο
1869 4049 2063 4106 λοιπὸν

393 4152 722 4222 ἀξιόπιστον
751 4147 940 4204 ἑαυτὸν
981 4150 1183 4201 ποιεῖν.
1244 4142 1310 4201 Εἰ
1360 4143 1463 4219 γὰρ
1520 4142 1838 4216 προσήκατο
1898 4139 2065 4196 αὐτοῦ

389 4242 498 4311 τήν
531 4236 838 4314 μαρτυρίαν
870 4237 898 4292 ὁ
948 4234 1190 4301 Παῦλος,
1235 4231 1484 4294 πολλοὺς
1546 4229 1607 4286 ἃν
1668 4228 1758 4286 καὶ
1811 4234 1916 4285 τῶν
1975 4250 2065 4285 πι-

394 4334 544 4386 στῶν
574 4326 885 4397 ἠπάτησεν,
916 4319 1010 4381 ἅτε
1044 4324 1135 4380 ὑπ’
1182 4321 1383 4378 ἐκείνου
1441 4318 1681 4382 δεχθείς.
1749 4319 1846 4375 Διὰ
1902 4318 2065 4375 τοῦτο

401 4419 669 4476 ἀνέχεται
721 4417 841 4472 καθ’
897 4415 1089 4471 ἑαυτοῦ
1146 4411 1315 4469 ε’πεῖν
1396 4408 1492 4465 ’ίνα
1570 4411 1744 4483 στήσῃ
1807 4408 1874 4465 τὰ
1932 4406 2065 4482 ὑπὲρ

394 4514 601 4569 αὐτοῦ.
634 4507 739 4567 Καὶ
772 4506 930 4569 αύτὸς
987 4500 1383 4580 συγκαταϐἀσει
1431 4503 1701 4581 κέχρηται
1761 4500 1899 4574 πρὸς
1963 4501 2062 4569 τὴν

393 4600 712 4659 ἆπκόλειαν.
748 4598 823 4655 Τὸ
857 4598 949 4670 μὲν
993 4597 1084 4651 οὖν
1143 4599 1358 4667 πρῶτον
1416 4591 1493 4649 ού,
1538 4592 1855 4666 προσήκατο
1917 4593 2058 4644 Παῦ-

400 4693 527 4762 λος,
559 4689 715 4748 ἀλλὰ
757 4687 1035 4746 διέπτυσεν
1094 4687 1157 4743 ού
1213 4683 1552 4763 βουλόμενος
1606 4682 1799 4745 ἀπλως
1856 4680 2066 4757 ἑπιρῥί-

394 4805 556 4841 πτειν
585 4787 709 4844 τοῖς
762 4779 1038 4855 σημείοις.
1094 4783 1183 4842 Ὧς
1235 4774 1294 4832 δὲ
1376 4774 1601 4849 ἐπέμενε
1656 4777 1821 4830 τοῦτο
1867 4776 2067 4839 ποιῶν,

393 4874 490 4930 καὶ
519 4873 590 4928 τὰ
616 4870 785 4947 ἔργον
812 4867 1045 4939 ἐδείκνυ,
1102 4867 1228 4924 τότε
1276 4863 1558 4923 ἐκέλευσεν
1611 4863 1760 4935 αὐτῷ
1810 4861 2063 4933 ἐξελθεῖν.

395 4960 770 5032 Διαπονηθεὶς
801 4960 926 5035 γὰρ,
960 4958 1125 5036 φησὶν
1159 4957 1187 5013 ὁ
1222 4954 1468 5024 Παῦλος,
1521 4953 1769 5009 τουτέστι
1828 4953 2068 5023 κινηθεὶς

392 5054 489 5110 καὶ
520 5050 780 5124 δηχθεὶς,
810 5050 903 5106 καὶ
936 5046 1121 5119 ἀληθῆ
1180 5044 1441 5120 λέγουσαν
1500 5041 1887 5117 ἐπιστομίσας,
1955 5039 2071 5098 ἐκέ-

392 5143 583 5201 λευσεν
644 5138 884 5216 ἐξελθεῖν
943 5136 999 5208 ἐξ
1058 5135 1226 5207 αὐτῆς
1285 5135 1348 5191 τὸ
1425 5130 1738 5208 δαιμόνιον,
1797 5128 2067 5187 διδάσκων

389 5236 565 5306 ἡμᾶς,
603 5230 752 5308 μηδε
780 5233 853 5304 τῇ
886 5226 1124 5298 ἀληθείᾳ
1179 5228 1495 5301 συνηγορεῖν
1550 5219 2067 5297 προσποιουμένους

388 5322 643 5406 δέχεσθαι
677 5321 979 5397 δαίμονας,
1027 5314 1175 5374 ἀλλὰ
1229 5320 1402 5371 πᾶσαν
1454 5314 1643 5375 αὐτοῖς
1696 5309 2065 5391 ἀποτειχίζειν

392 5403 601 5491 πλανης
630 5416 790 5484 ὁδὸν,
823 5410 925 5471 καὶ
974 5410 1338 5486 ἀποφράττειν
1397 5424 1535 5484 προς
1593 5404 1661 5460 τὰ
1708 5406 1837 5479 παρ’
1896 5403 2068 5458 αύτοῦ

381 5515 570 5589 πάντα,
594 5514 704 5584 τήν
734 5505 954 5575 ἀκοήν·

441 5634 463 5661 ⁸
498 5578 702 5689 iw,”
748 5596 815 5656 δὲ
880 5588 1117 5689 σξισμός
1155 5585 1381 5689 ..ἐγενετο
1437 5584 1624 5689 μέγας,
1684 5581 1829 5689 dices,
1881 5578 2070 5689 σαλευ-

358 5731 377 5757 σ
405 5671 594 5779 θῆναι.
631 5695 707 5753 τὰ
771 5679 1034 5761 θεμέλια
1087 5679 1186 5731 τοῦ
1236 5673 1642 5752 δεσμωτηρίου·
1703 5671 2064 5747 ἀνεῴχθησαν

2172 1928 2201 1957 ‹‹
2232 1906 2427 1963 forum
2462 1909 2537 1965 ad
2594 1910 2919 1984 principes,
2984 1918 3041 1970 et
3097 1916 3420 1973 offerentes
3469 1920 3831 1990 magistrati-

2172 2017 2201 2048 «
2235 1996 2370 2063 bus,
2401 1997 2677 2056 dixerunt
2706 2018 2718 2057 :
2744 2001 2811 2056 Hi
2840 2001 3117 2060 homines
3142 2007 3503 2062 conturbant
3532 2008 3831 2065 civitatem

2169 2108 2198 2138 «
2231 2091 2500 2144 nostram
2527 2105 2662 2145 cum
2694 2090 2816 2146 sint
2841 2091 3047 2153 Judaei.
3079 2099 3139 2148 et
3167 2097 3530 2152 annuntiaut
3555 2099 3831 2156 instituta

2172 2195 2199 2224 ‹‹
2225 2191 2356 2245 quas
2387 2176 2659 2232 nonlicet
2688 2177 2861 2235 nobis
2882 2180 3184 2252 suscipere
3212 2199 3406 2254 neque
3434 2201 3831 2243 servare.cum

2176 2285 2197 2313 α
2221 2264 2408 2320 simus
2421 2266 2693 2322 Romani.
2728 2269 3157 2342 Concurritque
3188 2272 3365 2328 turba
3395 2273 3675 2331 adversus
3693 2292 3830 2332 eos:

2173 2374 2201 2403 «
2239 2359 2298 2409 et
2328 2356 2705 2429 magistratus
2738 2358 2939 2414 scissis
2970 2360 3230 2417 vestibus
3263 2362 3385 2418 suis
3398 2363 3830 2435 jusserunteos

2173 2465 2201 2493 «
2231 2444 2407 2518 virgis
2429 2445 2596 2501 credi.
2618 2448 2884 2519 Cumque
2906 2450 3125 2505 multas
3159 2451 3359 2523 plagas
3389 2453 3477 2508 eis
3508 2453 3827 2526 imposuis-

2174 2556 2203 2584 ‹‹
2235 2539 2387 2601 sent,
2422 2536 2810 2608 conjecerunt
2839 2555 2941 2595 eos
2960 2540 3034 2617 in
3056 2558 3379 2609 carcerem,
3411 2544 3828 2617 praecipientes

2176 2646 2203 2676 ι(
2237 2625 2468 2681 custodi
2502 2627 2758 2684 carceris
2789 2634 2855 2684 ut
2885 2629 3205 2700 diligenter
3236 2640 3499 2688 servaret
3555 2651 3674 2690 eos.
3720 2636 3832 2701 Qui

2175 2736 2205 2766 «
2238 2721 2533 2788 praecepto
2563 2717 2980 2790 hujuscemodi
3040 2727 3282 2794 accepto
3342 2724 3603 2796 conjecit
3634 2742 3735 2780 eos
3767 2726 3830 2781 in

2177 2823 2205 2852 «
2238 2802 2588 2860 interiorem
2620 2822 2942 2872 carcerem,
2978 2807 3281 2880 pedesque
3327 2828 3530 2868 eorum
3590 2813 3835 2870 strinxit

2177 2913 2205 2942 ‹‹
2239 2891 2420 2965 ligno.
2446 2894 2635 2951 Media
2665 2902 2865 2953 autem
2889 2903 3063 2954 nocte
3096 2900 3315 2957 Paulus
3346 2919 3417 2958 ac
3449 2903 3601 2959 Silas
3631 2904 3837 2961 lauda-

2177 3002 2206 3031 «
2245 2981 2395 3038 bant
2449 2984 2634 3040 Deum
2683 3002 2698 3041 :
2758 2992 2819 3042 et
2875 2988 3295 3047 auscultabant
3338 3007 3438 3048 eos
3496 2994 3597 3065 qui
3657 2994 3837 3051 vincti

2177 3093 2205 3121 «
2241 3076 2431 3129 erant.
2457 3094 2486 3122 ››

2242 3319 2454 3391 Pythia
2465 3318 2685 3378 dicitur
2697 3320 2915 3378 mulier
2936 3338 3067 3395 quae
3080 3324 3239 3396 piam
3263 3342 3393 3397 quae
3407 3325 3668 3383 insidere
3683 3328 3840 3386 solet

2171 3410 2391 3483 tripodi
2423 3411 2723 3484 Apollinis
2743 3412 3083 3470 divaricatis
3142 3416 3436 3486 cruribus,
3475 3417 3690 3475 deinde
3723 3421 3839 3477 hoc

2172 3500 2348 3557 modo
2364 3502 2609 3574 spiritus
2630 3520 2842 3576 pravus
2865 3507 2901 3560 Ι
2917 3506 3007 3562 3|
3037 3505 3268 3564 inferne
3282 3509 3642 3570 ascendens.
3661 3517 3840 3583 etper

2172 3598 2373 3665 partes
2404 3593 2535 3664 ejus
2564 3594 2854 3668 genitales
2877 3597 3193 3661 transiens.
3229 3599 3545 3656 mulierem
3597 3600 3838 3658 insania

2174 3681 2461 3753 replebat,
2496 3683 2727 3740 ethanc
2759 3683 2972 3741 solutis
3030 3686 3300 3743 crinibus
3360 3689 3468 3744 sub
3526 3689 3651 3746 hanc
3709 3690 3844 3747 baca

2179 3770 2366 3838 chari,
2403 3788 2799 3845 spumamque
2835 3791 2937 3831 ore
2960 3776 3211 3849 cogebat
3242 3778 3537 3845 emittere,
3572 3785 3630 3835 et
3658 3780 3742 3835 ita
3780 3782 3842 3836 in

2178 3860 3330 3930 debacchationeconstitutam,insanim
3355 3867 3529 3924 verba
3553 3870 3840 3940 proferre.

2179 3953 2395 4007 Verum
2428 3970 2611 4025 quare
2645 3960 2702 4010 et
2727 3955 2855 4011 haec
2887 3955 3122 4011 daemon
3156 3956 3512 4028 loquebatur
3539 3960 3566 4014 ?
3600 3961 3845 4018 Volebat

2177 4042 2243 4098 in
2272 4048 2582 4115 posterum
2602 4043 2717 4099 ﬁde
2734 4044 2979 4119 dignum
2998 4047 3191 4103 facere
3210 4065 3381 4104 suum
3407 4049 3842 4121 testimonium,

2177 4133 2236 4189 Si
2267 4133 2427 4189 enim
2454 4134 2671 4191 Paulus
2704 4134 2856 4190 illud
2875 4135 3476 4203 admisisset,multos
3503 4157 3646 4196 sane
3662 4142 3843 4198 etiam

2178 4222 2555 4279 credentium
2585 4224 2925 4288 fefellisset.
2949 4232 3233 4299 tanquam
3266 4229 3338 4284 ab
3370 4230 3475 4285 illo
3507 4239 3841 4304 susceptus.

2180 4314 2500 4386 Propterea
2532 4314 2755 4386 patitur
2786 4332 2855 4371 ea
2886 4314 3149 4388 diciquaa
3171 4324 3379 4375 contra
3400 4336 3462 4375 se
3484 4319 3843 4393 faciuntquo

2180 4419 2288 4458 sua
2316 4408 2538 4457 statuat
2573 4419 2586 4458 :
2620 4408 2679 4459 et
2702 4403 2809 4459 illa
2838 4404 2929 4460 sui
2963 4404 3325 4463 demissione
3343 4408 3416 4464 ad
3439 4408 3691 4466 aliorum
3708 4427 3840 4483 per-

2181 4492 2472 4548 ditionem
2503 4493 2710 4548 utitur.
2749 4493 2966 4549 Paulus
2995 4495 3195 4567 itaque
3228 4497 3397 4553 initio
3456 4515 3575 4555 non
3597 4500 3840 4571 quidem

2174 4582 2435 4648 admisit,
2466 4583 2570 4639 sed
2602 4584 2964 4655 contempsit
2990 4585 3201 4641 nolens
3258 4592 3483 4643 temere
3537 4588 3612 4644 ad
3671 4590 3841 4662 signa

2178 4673 2475 4745 prosilire.
2507 4672 2723 4728 Verum
2771 4689 2906 4728 cum
2939 4674 3051 4729 hoc
3108 4675 3380 4731 faciendo
3412 4684 3844 4749 perseveraret,

2179 4761 2603 4835 negotiumque
2637 4760 2750 4832 ipsi
2767 4761 3107 4830 facesseret,
3127 4769 3263 4819 tunc
3278 4782 3414 4820 eum
3422 4767 3840 4840 Jussitegredi.

2179 4850 2538 4921 Διαπονηθείς
2572 4850 3351 4923 enim,inquit.Paulus.hoc
3387 4863 3478 4912 est
3506 4867 3845 4916 commotus

2180 4951 2239 5001 et
2268 4945 2541 5002 molestia
2571 4946 2842 5013 allectus,
2898 4946 3173 5004 obserato
3232 4966 3333 5005 ore
3368 4951 3544 5007 etiam
3580 4968 3714 5009 vera
3751 4954 3841 5010 di-

2179 5036 2357 5101 centi,
2384 5035 2568 5108 jussit
2597 5034 2961 5092 daemonium
2995 5036 3067 5093 ab
3100 5054 3170 5094 ea
3200 5039 3399 5113 egredi
3434 5056 3448 5095 :
3482 5041 3705 5098 docens
3727 5060 3840 5100 nos

2177 5132 2246 5183 ut
2272 5141 2467 5197 neque
2527 5130 2819 5197 przelextu
2875 5125 3102 5181 ferendi
3159 5130 3559 5200 patrocinium
3606 5133 3842 5189 veritati

2178 5216 2482 5272 daemones
2516 5214 2931 5287 suscipiamus.
2967 5215 3073 5272 sed
3115 5234 3354 5275 omnem
3403 5220 3631 5277 fraudis
3684 5221 3841 5280 viam

2178 5306 2302 5363 illis
2332 5305 2793 5379 prmcludamus,
2826 5311 2883 5362 et
2911 5306 2985 5362 ad
3021 5308 3224 5365 omnia
3254 5325 3385 5382 quas
3418 5309 3659 5369 illorum
3678 5318 3840 5380 sunt,

2178 5413 2352 5455 aures
2383 5395 2752 5452 obturemus.

2248 5577 2393 5642 XVI,
2425 5576 2513 5630 26.
2550 5596 2577 5625 ι(
2602 5575 2866 5647 Repente
2895 5594 3032 5635 vero
3078 5583 3455 5638 terraamotus
3497 5581 3690 5637 factus
3747 5585 3840 5637 est

2179 5692 2207 5721 «
2242 5682 2513 5743 magnus,
2538 5663 2687 5721 adeo
2709 5670 2777 5722 ut
2805 5674 3269 5727 concuterentur
3295 5669 3688 5731 fundamenta
3706 5685 3836 5726 car-
