4112 6418
390 347 500 404 231

1474 337 1888 402 CECUMENII
1935 338 2242 400 TRICCIE
2287 340 2667 404 EPISCOPI.

3696 349 3812 410 9.32

395 499 423 529 «
455 478 625 540 ceris,
662 493 727 531 ac
759 474 1032 547 protinus
1065 478 1272 545 aperta
1294 477 1433 528 sunt
1466 474 1668 529 omnia
1699 474 1874 544 ostia,
1899 490 2013 528 cun

2164 495 2192 523 κ
2222 493 2282 528 τε
2339 482 2686 550 παραχρῆμα
2741 477 2795 531 αἱ
2851 477 3006 548 θύραι
3081 484 3272 546 πᾶσαι,
3329 478 3420 533 καὶ
3477 477 3688 536 πάντων
3747 483 3817 537 τὰ

390 590 418 617 ‹‹
453 574 800 635 ctorumque
828 563 1073 618 vincula
1105 564 1299 618 soluta
1329 569 1486 618 sunt.
1525 585 1552 614 η

460 658 854 709 ’l‘erraemotus
885 651 1074 708 factus
1100 659 1192 706 est
1223 659 1422 708 tantus
1455 658 1520 707 ut
1545 653 1801 708 carceris
1841 656 2038 707 custoo

388 746 521 800 dem
555 743 1032 814 expergefaceret
1066 759 1078 795 :
1113 743 1265 796 ostia
1288 758 1423 796 vero
1447 748 1650 812 aperta
1683 746 1839 809 sunt,
1867 746 1932 795 ut
1959 739 2043 795 fa~

386 840 546 888 ctum
573 833 975 887 admiraretur
1006 837 1064 885 et
1091 832 1382 886 crederet.
1413 833 1612 901 Neque
1645 830 1805 885 enim
1827 830 1954 884 haec
1971 829 2044 884 ad

385 922 848 977 ostentationem
883 921 1036 975 facta
1059 919 1330 982 sunt,sed
1362 918 1436 974 ad
1469 920 1742 974 salutem.
1783 920 1916 973 Hmc
1937 935 2041 974 au-

383 1020 504 1068 tem
533 1029 653 1067 non
679 1011 955 1066 viderunt
984 1011 1084 1081 qui
1126 1010 1305 1065 vincti
1337 1016 1540 1078 erant,
1572 1026 1711 1065 nam
1771 1011 1854 1065 ita
1883 1015 2043 1064 certe

383 1119 594 1157 omnes
616 1102 926 1173 fugissent.

452 1193 593 1259 XVI,
628 1194 810 1246 27-30.
841 1215 868 1241 ‹‹
904 1193 1294 1262 Experrectus
1325 1195 1523 1246 autem
1582 1195 1781 1245 custos
1840 1205 2040 1246 carce-

382 1307 409 1334 κ
443 1284 526 1338 ris
558 1300 692 1338 cum
707 1281 934 1336 videret
946 1283 1164 1352 januas
1191 1281 1446 1336 carceris
1468 1280 2037 1352 apertas,evaginato

383 1397 407 1426 ιι
442 1373 638 1447 gladio
673 1374 935 1443 seipsum
994 1371 1417 1426 interfecturus
1477 1377 1624 1438 erat,
1687 1371 2036 1426 existimans

383 1489 408 1514 ‹‹
445 1464 742 1536 aufugisse
775 1463 1030 1518 vinctos.
1072 1462 1356 1517 Clamavit
1404 1468 1602 1516 autem
1644 1461 1862 1516 Paulus
1894 1478 2035 1517 voce

390 1579 415 1608 (ι
442 1571 675 1627 magna,
711 1554 955 1608 dicens:
983 1555 1061 1607 Ne
1093 1552 1235 1623 quid
1264 1551 1476 1606 feceris
1527 1552 1630 1606 tibi
1693 1552 1805 1623 ipsi
1864 1552 2031 1620 mali,

381 1669 407 1696 (ι
437 1646 695 1701 universi
729 1645 890 1700 enim
925 1644 1019 1699 hic
1043 1659 1268 1699 sumus.
1322 1643 1626 1698 Postulato
1687 1643 1887 1714 itaque
1947 1643 2033 1698 lu~

380 1759 408 1788 «
441 1738 600 1792 mine
633 1735 908 1799 accurrit,
935 1740 993 1788 et
1026 1732 1406 1788 tremefactus
1459 1733 1676 1788 accidit
1734 1732 1914 1788 Paulo
1975 1738 2034 1788 et

379 1848 405 1874 ‹‹
437 1825 571 1879 Ξὶιεε
602 1824 675 1880 ad
707 1823 909 1896 pedes,
945 1822 1184 1892 illisque
1216 1821 1374 1876 foras
1406 1821 1710 1892 productis
1743 1821 1844 1887 ait,
1909 1822 2024 1876 Do-

383 1936 409 1964 ‹‹
444 1915 614 1980 mini,
643 1913 784 1984 quid
816 1929 910 1968 me
948 1917 1183 1984 oportet
1211 1911 1404 1966 facere
1437 1929 1553 1983 quo
1586 1910 1779 1966 salvus
1795 1911 2028 1967 ﬁam?A

376 2027 403 2053 ‹‹
438 2005 526 2058 illi
559 2004 838 2058 dixerunt
871 2021 883 2058 :
917 2002 1100 2057 Crede
1127 2002 1188 2056 in
1224 2002 1540 2057 Dominum
1571 2003 1793 2064 Jesum,
1819 2008 1876 2056 et
1900 2001 2026 2056 sal-

375 2116 404 2146 «
437 2111 541 2148 vus
575 2095 692 2149 eris
727 2100 787 2148 tu
820 2110 888 2148 ac
920 2091 1132 2147 domus
1166 2097 1285 2147 tua.
1323 2093 1476 2148 I32
1509 2093 1578 2145 Et
1608 2091 1790 2146 locuti
1816 2097 1957 2146 sunt
1975 2092 2028 2147 ei

374 2206 400 2233 «
430 2183 675 2238 verbum
714 2183 965 2247 homini,
1000 2181 1530 2252 omnibusque,qui
1563 2186 1735 2235 erant
1759 2181 1819 2234 in
1850 2181 2026 2236 domo

361 2296 388 2323 ‹‹
425 2273 573 2344 ejus.
609 2275 678 2326 Et
707 2272 1028 2342 assumptis
1059 2271 1205 2342 ipsis
1237 2287 1305 2325 ea
1363 2271 1555 2324 noctis
1615 2270 1782 2338 hora,
1838 2270 2029 2326 abluit

359 2387 386 2413 (ι
424 2363 630 2434 plagas
666 2379 678 2415 :
715 2368 773 2416 et
803 2361 1130 2430 baptizatus
1165 2367 1254 2414 est
1284 2360 1410 2431 ipse
1462 2376 1788 2430 omnesque
1821 2359 2026 2415 dome-

363 2475 390 2503 «
428 2452 557 2506 stici
591 2452 721 2522 ejus
748 2451 1054 2505 continuo.
1090 2450 1159 2504 Et
1215 2466 1349 2504 cum
1397 2466 1498 2504 eos
1559 2449 1932 2520 perduxisset
1962 2450 2024 2504 in

364 2563 391 2591 ‹‹
427 2541 670 2596 domum
706 2557 895 2606 suam,
931 2539 1207 2610 apposuit
1238 2539 1324 2593 eis
1377 2555 1644 2593 mensam
1689 2555 1756 2593 ac
1790 2539 2022 2594 lmtatus

366 2654 392 2681 ‹‹
433 2637 541 2698 est,
575 2630 730 2701 quod
765 2647 901 2684 cum
935 2629 1211 2682 universa
1240 2628 1466 2682 familia
1497 2629 1852 2683 credidisset
1881 2630 2021 2685 Deo.

356 2743 383 2768 ‹‹
411 2721 681 2790 Cumque
713 2720 843 2774 dies
878 2725 1042 2773 ortus
1071 2724 1178 2781 est,
1214 2717 1508 2772 miserunt
1539 2718 1918 2789 magistratus
1949 2719 2018 2772 li-

359 2843 380 2871 ι
412 2806 609 2863 ctores
645 2808 747 2878 qui
785 2808 1056 2862 dicerent
1089 2805 1362 2860 :Dimitte
1397 2805 1671 2860 homines
1703 2806 2025 2862 illos.Nun-

357 2918 383 2944 «
425 2898 591 2952 tiavit
621 2904 820 2953 autem
861 2903 1060 2952 custos
1088 2895 1343 2950 carceris
1397 2895 1572 2950 verba
1630 2896 1755 2950 haec
1788 2895 1968 2951 Paulo
2003 2913 2017 2953 :

351 3011 378 3036 ‹‹
420 2987 709 3042 Miserunt
739 2987 1119 3058 magistratus
1147 2991 1215 3039 ut
1235 2984 1819 3040 dimittamini.Nunc
1842 2985 2022 3056 igitur

350 3100 375 3126 ‹‹
408 3077 632 3148 egressi
666 3078 744 3131 ite
779 3076 838 3130 in
863 3092 1028 3147 pace.
1065 3097 1092 3124 ››

422 3280 448 3305 ‹‹
481 3258 870 3328 Experrectus
902 3261 1099 3311 custos
1137 3254 1414 3310 carceris.
1443 3276 1470 3302 »
1505 3254 1607 3308 Hic
1635 3259 1725 3308 est
1755 3255 2002 3325 Stepha-
2035 3220 2086 3285 Ο

348 3363 455 3402 nas
478 3346 522 3380 ‘7
554 3348 727 3419 cujus
761 3346 1036 3402 meminit
1064 3344 1284 3400 Paulus
1313 3344 1512 3414 priore
1549 3342 1621 3398 ad
1667 3344 2009 3400 Corinthios

346 3437 635 3508 Epistola.

420 3527 564 3590 XVI,
603 3525 788 3579 37-40.
825 3546 852 3574 «
885 3524 1100 3579 Paulus
1132 3528 1331 3578 autem
1365 3523 1514 3577 dixit
1534 3521 1608 3576 ad
1641 3537 1740 3576 eos
1768 3538 1781 3576 :
1814 3522 2008 3578 Caesos

352 3637 379 3666 ‹‹
413 3632 523 3670 nos
543 3615 844 3686 publicem
878 3615 1101 3669 indicta
1133 3631 1330 3680 causa,
1363 3630 1497 3668 cum
1533 3611 2006 3679 simusRomani,

353 3727 376 3756 α
414 3705 803 3776 conjecerunt
840 3705 900 3757 in
933 3719 1257 3769 carcerem,
1319 3708 1377 3756 et
1428 3719 1585 3757 nunc
1637 3701 1868 3757 occulte
1900 3719 2008 3756 nos

345 3817 372 3842 «
405 3795 653 3865 ejiciunt
683 3795 710 3848 ‘?
733 3796 856 3848 Non
889 3793 1176 3865 profecto,
1213 3791 1317 3847 sed
1348 3792 1590 3846 veniant
1625 3791 1733 3863 ipsi
1767 3809 1834 3846 ac
1897 3808 2006 3846 nos

349 3906 375 3937 α
406 3885 678 3940 educant.
704 3885 1135 3939 Nuntiaverunt
1161 3889 1361 3938 autem
1389 3881 1629 3937 lictores
1655 3881 2008 3954 magistrati-

347 3999 373 4025 ι(
404 3976 514 4031 bus
547 3976 724 4031 verba
748 3977 892 4030 hmo.
953 3974 1422 4043 Timueruntque
1465 3972 1666 4027 audito
1699 3972 1856 4043 quod
1891 3974 2003 4027 Ro-

343 4089 370 4117 ‹‹
407 4067 565 4121 mani
600 4072 819 4121 essent.
854 4068 924 4120 Et
962 4065 1271 4119 venientes
1321 4063 1621 4133 deprecati
1683 4067 1822 4118 sunt
1879 4079 2001 4131 eos,

342 4178 369 4203 ‹‹
405 4156 765 4226 eductosque
786 4155 1076 4226 rogabant
1107 4159 1174 4209 ut
1213 4155 1637 4224 egrederentur
1683 4153 2002 4207 civitatem.

345 4265 371 4296 υ
405 4245 636 4316 Egressi
667 4253 866 4299 autem
900 4260 930 4297 e
961 4259 1196 4298 carcere
1232 4240 1595 4295 introierunt
1626 4240 1700 4296 ad
1738 4241 2002 4312 Lydiam,

339 4354 367 4382 ‹‹
399 4332 659 4402 visisque
691 4332 974 4386 fratribus
1013 4330 1306 4386 consolati
1341 4335 1480 4384 sunt
1509 4346 1632 4400 eos,
1666 4335 1726 4385 et
1753 4329 2004 4400 profecti

341 4443 368 4470 ‹‹
403 4427 560 4475 sunt.
600 4443 624 4467 η

410 4531 437 4559 ‹‹
472 4511 664 4566 ϐεεεοε
688 4527 797 4565 nos
828 4509 1084 4581 publice.
1111 4533 1135 4558 η
1172 4507 1479 4579 Duplicem
1531 4507 1794 4563 ostendit
1825 4525 2004 4581 expo-

2163 588 2186 618 α
2223 565 2399 639 δεσμά
2429 570 2612 639 ἀνέθη.
2651 597 2672 623 ι

2223 657 2284 713 Ὀ
2317 659 2538 730 σεισμὸς
2571 657 2791 736 γὲγονεν
2825 659 2964 716 ὥστε
2993 661 3391 739 ἀφυπνισθῆναι
3451 662 3541 716 τὸν
3606 660 3811 736 δεσμο-

2156 743 2391 823 φύλακα’
2425 749 2478 801 αἱ
2511 747 2668 822 θύραι
2698 748 2754 803 δὲ
2784 749 3140 823 ἀνεῴχθησαν
3197 749 3338 806 ὥστε
3391 751 3670 825 θαυμάσαι
3749 754 3811 808 τὸ

2149 835 2370 910 γεγονὸς
2401 837 2492 890 καὶ
2515 842 2818 892 πιστεῦσαι·
2881 839 2943 894 οὐ
3001 841 3105 914 γὰρ
3159 842 3295 916 πρὸς
3355 838 3612 910 ἐπίδειξιν
3642 846 3814 897 ταῦτα

2150 922 2376 996 ἐγένετο,
2409 923 2555 980 ἀλλὰ
2586 928 2722 1000 πρὸς
2751 929 3046 1002 σωτηρίαν.
3083 932 3268 985 Ταῦτα
3320 927 3378 985 δὲ
3427 932 3477 985 οἱ
3531 929 3811 1004 δεσμῶται

2149 1011 2257 1091 οὐχ
2288 1013 2492 1088 ἐώρωνο
2526 1015 2560 1084 ἦ
2592 1017 2695 1089 γὰρ
2732 1015 2790 1070 ἂν
2815 1011 3012 1094 ἔφυγον
3039 1013 3295 1080 ἅπαντες.

2222 1216 2245 1248 ι
2281 1195 2544 1267 Ἑξυπνος
2576 1193 2633 1250 δὲ
2688 1195 2982 1272 γενόμενος
3025 1199 3054 1252 6
3104 1196 3473 1274 δεσμοφύλαξ,
3526 1199 3615 1256 καὶ
3678 1198 3814 1255 ἰδὼν

2147 1282 2550 1358 «ἀνεῳγμένας
2593 1287 2688 1347 τὰς
2747 1289 2910 1361 θύρας
2975 1294 3076 1357 τῆς
3136 1286 3406 1367 φυλακῆς,
3469 1289 3822 1362 πασάμενος

2145 1399 2172 1426 ‹‹
2211 1374 2485 1451 μάχαιραν
2514 1375 2746 1449 ἔμελλεν
2789 1379 2978 1434 ἑαυτὸν
3037 1379 3296 1456 ἀναιρεῖν,
3354 1380 3591 1453 νομίζων
3649 1380 3820 1435 ἐκπε-

2145 1487 2173 1515 ‹‹
2206 1465 2456 1542 φευγέναι
2485 1467 2613 1529 τοὺς
2643 1464 2922 1542 δεσμίουςὶ
2959 1470 3243 1546 Ἐφώνησε
3291 1468 3348 1524 δὲ
3407 1474 3563 1547 φωνῇ
3625 1472 3815 1548 μεγά-

2143 1579 2170 1606 ‹‹
2204 1553 2276 1628 λῃ
2313 1554 2602 1625 ὁΙιαΰλος,
2667 1555 2862 1632 λέγων·
2925 1556 3111 1629 Μηδὲν
3169 1561 3382 1634 πράξῃς
3440 1565 3649 1633 σεαυτῷ
3704 1580 3816 1615 κα-

2143 1669 2170 1696 ‹‹
2195 1644 2308 1700 κόν·
2347 1640 2578 1709 ἅπαντες
2611 1646 2712 1724 γάρ
2747 1646 2905 1720 ἐσμεν
2965 1645 3168 1704 ἐνθάδε.
3229 1649 3473 1721 Αἰτήσας
3530 1648 3588 1704 δὲ
3647 1655 3810 1726 φῶτα

2144 1757 2172 1786 ι(
2215 1731 2565 1806 είσεπγςδησε,
2618 1736 2708 1790 καὶ
2795 1734 3059 1812 ἔντρομος
3144 1737 3440 1812 γενόμενος
3496 1741 3813 1813 προσέπεσε

2141 1828 2278 1896 «τῷ
2310 1823 2513 1896 Παύλῳ
2543 1825 2632 1879 καὶ
2690 1831 2771 1899 τῷ
2831 1825 2990 1899 Σίλᾳ’
3049 1827 3141 1882 καὶ
3199 1827 3531 1905 προαγαγὼν
3589 1829 3800 1891 αὐτοὺς

2138 1937 2163 1963 ‹‹
2199 1909 2322 1983 ἔξω,
2357 1907 2480 1990 ἔφη·
2534 1914 2747 1990 Κύριοι,
2813 1915 2865 1970 τί
2926 1937 2993 1989 με
3050 1913 3134 1970 δεῖ
3191 1922 3387 1986 ποιεῖν,
3439 1916 3524 1971 ἳνα
3582 1921 3804 1988 σωθῶ;

2137 2027 2166 2054 ‹‹
2201 2004 2268 2060 Οἱ
2301 2001 2358 2058 δὲ
2415 2005 2591 2059 εἷπον·
2655 2006 2953 2062 Ηίστευσον
3005 2005 3095 2061 ἐπὶ
3177 2007 3268 2061 τὸν
3329 2007 3532 2082 Κύριον
3564 2009 3803 2077 Ἰησοῦν,

2141 2117 2166 2145 ιι
2197 2092 2286 2147 καὶ
2321 2095 2543 2168 σωθήσῃ
2577 2094 2640 2148 σὺ
2672 2095 2762 2148 καὶ
2793 2095 2821 2148 6
2854 2095 3008 2154 οἶκός
3059 2116 3174 2154 σου.
3237 2097 3342 2151 Καὶ
3398 2093 3673 2164 ἐλάλησαν
3699 2096 3806 2152 αὗ-

2144 2207 2164 2232 ‹
2199 2186 2276 2252 τῷ
2302 2182 2394 2237 τὸν
2441 2180 2612 2259 λόγον
2665 2188 2764 2238 τοῦ
2825 2182 3052 2258 Κυρίου,
3111 2184 3200 2240 καὶ
3260 2189 3391 2240 πᾶσι
3437 2190 3554 2246 τοῖς
3615 2185 3666 2240 ἐν
3723 2190 3802 2260 τῇ

2140 2294 2162 2325 ι
2197 2271 2347 2343 οἰκίᾳ
2379 2272 2561 2329 αὐτοῦ.
2602 2275 2698 2330 Καὶ
2756 2269 3094 2349 παραλαϐὼν
3157 2274 3351 2337 αὐτοὺς
3409 2274 3461 2330 ἐν
3521 2273 3693 2349 ἐκείνῃ
3721 2279 3801 2350 τῇ

2139 2386 2159 2414 α
2195 2362 2311 2436 ὥρᾳ
2350 2370 2451 2430 τῆς
2508 2364 2724 2433 νυκτὸς,
2785 2361 3005 2419 ἔλουσεν
3066 2365 3171 2419 ἀπὸ
3226 2369 3333 2419 τῶν
3388 2362 3643 2440 πληγῶν,
3701 2364 3802 2419 καὶ

2135 2475 2163 2505 ‹‹
2196 2447 2493 2522 ἐϐαπτίσθη
2552 2452 2735 2522 αὐτὸς,
2777 2452 2867 2508 καὶ
2922 2455 2972 2508 οἱ
3027 2452 3191 2509 αὐτοῦ
3253 2455 3448 2514 πάντες
3497 2460 3805 2532 παραχρῆ-

2135 2563 2161 2594 ι
2220 2562 2316 2613 μα,
2376 2544 2697 2616 Ἀναγαγὼν
2754 2564 2813 2598 τε
2867 2541 3064 2605 αὐτοὺς
3113 2542 3190 2604 εἷς
3242 2543 3334 2598 τὸν
3393 2543 3547 2598 οἶκον
3605 2544 3801 2613 αὑτοῦ,

2133 2629 2465 2704 «παρέθηκε
2520 2632 2810 2705 τράπεζαν,
2866 2631 2956 2687 καὶ
3031 2629 3366 2706 ἡγαλλιᾶτο,
3428 2632 3646 2687 πανοικὶ
3705 2654 3800 2687 πει

2128 2720 2491 2782 «πιστευκὼς
2548 2724 2626 2791 τῷ
2679 2725 2818 2793 Θεῷ.
2893 2721 3134 2794 Ἡμέρας
3195 2718 3251 2776 δὲ
3310 2722 3631 2798 γενομένης,
3692 2723 3799 2778 ἀπ·

2128 2833 2157 2860 ‹‹
2191 2807 2436 2864 ἐστειλαν
2473 2810 2524 2865 οἳ
2558 2810 2857 2887 στρατηγοὶ
2895 2810 3023 2872 τοὺς
3082 2806 3454 2887 ῥαϐδούχους,
3513 2809 3783 2887 λέγοντες·

2131 2923 2157 2950 (ι
2197 2900 2507 2954 Ἀπόλυσον
2538 2901 2665 2962 τοὺς
2697 2900 3019 2973 ἀνθρώπους
3052 2900 3314 2963 ἐκείνους.
3348 2902 3676 2978 Ἀπήγγειλε
3725 2899 3786 2956 δὲ

2126 3011 2147 3039 α
2191 2989 2220 3042 6
2252 2986 2600 3069 δεσμοφύλαξ
2633 2989 2760 3051 τοὺς
2796 2988 2997 3067 λόγους
3035 2991 3266 3053 τούτους
3320 2992 3458 3067 πρὸς
3512 2993 3598 3047 τὸν
3635 2995 3780 3046 Παῦ-

2125 3104 2152 3132 ‹‹
2189 3076 2305 3148 λον,
2340 3078 2423 3134 ὅτι
2451 3078 2853 3134 ἀπεστάλκασιν
2894 3081 2946 3135 οἱ
2978 3081 3272 3155 στρατηγοὶ
3316 3079 3409 3136 ’ίνα
3440 3079 3783 3151 ἀπολυθῆτε.

2127 3191 2149 3219 α
2183 3173 2297 3224 Νῦν
2321 3169 2412 3223 οὗν
2443 3167 2750 3239 ἐξελθόντες
2779 3169 3073 3244 πορεύεσθε
3103 3170 3155 3225 ἐν
3190 3170 3398 3245 εἰρήνῃ.
3437 3195 3465 3224 ››

2189 3281 2217 3310 α
2251 3259 2512 3328 Ἐξυπνος
2543 3260 2828 3334 γενόμενος
2881 3261 2908 3314 ὁ
2963 3257 3331 3338 δεσμοφύλαξ.
3369 3285 3389 3312 ι
3426 3261 3601 3322 Οὗτός
3629 3259 3779 3316 ἐστιν

2113 3349 2142 3402 6
2176 3353 2470 3422 Στεφανᾶς,
2502 3349 2564 3403 οὗ
2601 3349 2930 3422 μνημονεύει
2990 3347 3208 3413 ΙΙαῦλος
3261 3350 3312 3404 ἐν
3365 3351 3436 3422 τῇ
3492 3350 3630 3426 πρὸς
3674 3356 3782 3405 Κο-

2113 3436 2350 3511 ρινθίους
2381 3442 2577 3514 πρώτῃ
2591 3481 2603 3496 .

2190 3547 2212 3576 ι
2243 3527 2304 3584 Ὁ
2336 3523 2392 3581 δε
2426 3525 2642 3590 Παῦλος
2675 3524 2775 3608 ἔφη
2836 3530 2972 3603 πρὸς
3030 3529 3256 3591 αὐτούς·
3315 3531 3598 3606 Δείραντες
3628 3533 3776 3603 ἡμᾶς

2113 3613 2439 3688 «δημοσίᾳ
2525 3617 2966 3693 ἀκατακρίτους,
3051 3619 3373 3694 ἀνθρώπους
3466 3620 3784 3694 Ῥωμαίους

2123 3726 2146 3754 ι
2181 3705 2549 3781 ὑπάρχοντας,
2582 3701 2783 3762 ἔλαϐον
2825 3707 2901 3770 είς
2960 3709 3235 3787 φυλακήν,
3295 3709 3387 3764 καὶ
3442 3713 3534 3763 νῦν
3598 3708 3779 3783 λάθρα

2116 3816 2144 3850 ιι
2174 3797 2323 3868 ἡμᾶς
2355 3790 2720 3850 ἐκϐάλλουσιν
2757 3797 2876 3865 ςυύ
2921 3798 3045 3872 γὰρ,
3103 3795 3248 3852 ἀλλὰ
3307 3796 3557 3862 ἐλθόντες
3615 3798 3776 3854 αὐτοὶ

2110 3911 2137 3937 a
2175 3884 2597 3958 ἐξαγαγέτωσαν,
2651 3884 3010 3961 ’Λνήγγειλαν
3072 3884 3128 3942 δὲ
3183 3894 3302 3950 τοῖς
3333 3895 3666 3965 στρατηγοῖς
3720 3890 3780 3944 οἱ

2110 4000 2138 4026 ‹‹
2175 3970 2488 4052 ῥαϐδοῦχοι
2543 3974 2612 4030 τὰ
2679 3975 2899 4049 ῥήματα
2977 3979 3162 4032 ταῦτα.
3225 3977 3330 4032 Καὶ
3401 3972 3777 4057 ἐφοϐήθησαν,

2115 4064 2493 4124 «ἀκούσαντες
2525 4064 2608 4117 ὃτι
2644 4064 2913 4137 Ῥωμαῖοί
2973 4064 3096 4123 είσι.
3158 4067 3262 4122 Καὶ
3321 4066 3570 4130 ἐλθόντες
3629 4089 3784 4142 παρ-

2114 4181 2134 4204 ι
2172 4153 2422 4209 εκάλεσεν
2475 4155 2696 4224 αὐτοὺς,
2757 4155 2847 4209 καὶ
2907 4154 3260 4232 ἐξαγαγόντες
3337 4157 3570 4228 ἠρώτων
3626 4156 3784 4227 ἐξελ-

2108 4268 2137 4296 (τ
2170 4249 2280 4308 θεῖν
2302 4252 2402 4313 τῆς
2445 4245 2684 4308 πόλεως.
2740 4243 3082 4316 Ἐξελθόντες
3143 4242 3200 4301 δὲ
3257 4244 3317 4301 ἐκ
3361 4253 3463 4316 τῆς
3517 4245 3778 4326 φυλακῆς

2115 4355 2135 4381 α
2171 4331 2426 4402 εἰσῆλθον
2461 4335 2536 4395 εἰς
2565 4336 2665 4404 τήν
2721 4331 2948 4404 Λυδίαν,
2976 4335 3068 4390 καὶ
3101 4333 3308 4398 ἰδόντες
3337 4335 3464 4398 τοὺς
3495 4334 3781 4412 ἀδελφοὺς

2110 4447 2136 4475 ι(
2171 4423 2542 4498 παρεκάλεσαν
2574 4423 2773 4487 αὐτοὺς
2803 4423 2892 4479 καὶ
2926 4423 3173 4494 ἐξῆλθον.
3209 4449 3239 4477 ››

2183 4538 2210 4566 ‹‹
2245 4517 2524 4588 Δείραντες
2554 4517 2702 4588 ἡμᾶς
2736 4512 3000 4588 δημοσίᾳ.
3038 4540 3066 4568 »ι
3108 4516 3353 4572 Δείκνυσι
3414 4513 3646 4572 διπλοῦν
3705 4517 3778 4571 τὸ

338 4599 744 4662 stulationem,
770 4617 904 4655 cum
937 4600 1019 4655 ait
1045 4600 1269 4654 :Caesos
1303 4614 1438 4670 ergo
1471 4615 1582 4654 nos
1615 4598 1992 4670 publice,etc.

2132 4600 2609 4678 YKATHJ.1,E"TIU')V'
2666 4604 2950 4679 Δείραντες
3005 4605 3097 4661 οὖν
3148 4609 3297 4680 ⁹ἡμᾶς
3359 4603 3622 4681 δημοσίᾳ,
3677 4607 3778 4662 καὶ

341 4689 479 4760 quia
511 4696 569 4744 et
603 4690 919 4753 Romanos,
957 4695 1014 4744 et
1045 4689 1271 4744 indicta
1309 4705 1488 4744 causa
1519 4694 1577 4743 et
1615 4688 1871 4759 publice.
1913 4689 2001 4742 Et-

341 4781 497 4835 enim
532 4780 966 4853 dispensatorie
1015 4780 1308 4834 humanas
1338 4778 1600 4834 rationes
1652 4778 1998 4850 frequenter

334 4871 829 4937 comminiscitur,
860 4887 934 4925 ne
966 4875 1254 4940 tanquam
1278 4868 1506 4940 judicio
1539 4867 1854 4925 damnatus
1903 4867 1994 4921 vi-

334 4958 577 5014 deretur
611 4976 739 5014 esse
771 4960 1076 5027 dimissus,
1109 4965 1208 5014 aut
1240 4958 1394 5014 sicut
1417 4958 1463 5012 is
1487 4958 1586 5028 qui
1619 4957 1996 5029 deliquisset,

334 5051 393 5100 et
428 5063 500 5100 ne
534 5063 630 5100 res
652 5047 1079 5103 attribueretur
1108 5045 1401 5102 beneficio
1435 5046 1726 5116 ipsorum.
1787 5047 1992 5102 Sciens

335 5137 512 5190 etiam
547 5137 705 5207 quod
735 5143 1006 5209 oporteat
1044 5135 1420 5208 principibus
1479 5151 1545 5190 ac
1593 5136 1989 5206 potestatibus

334 5242 462 5280 esse
497 5225 818 5296 subjectos,
852 5226 1096 5282 vocabat
1125 5227 1388 5298 seipsum
1436 5227 1790 5281 Romanum.
1847 5227 1987 5281 For-

332 5315 507 5369 tassis
542 5316 700 5370 enim
728 5333 965 5371 omnem
1004 5323 1219 5371 terram
1259 5316 1436 5370 etiam
1457 5314 1744 5379 Iudaeam,
1777 5317 1982 5372 Roma-

329 5421 543 5458 norum
573 5405 894 5476 imperator
924 5407 1401 5462 obtinebat.Nam
1434 5405 1619 5475 etipsi
1645 5405 1984 5475 pendebant

327 5495 551 5550 tributa
583 5495 836 5550 Caesari:
874 5513 994 5552 non
1057 5496 1409 5568 adjicientes
1481 5495 1882 5568 principatum
1914 5514 1983 5552 ac

397 5671 440 5711 ‘7
473 5675 495 5729 Ι
527 5674 656 5730 Cor.
693 5692 731 5743 ι,
767 5677 854 5733 t6.

2105 4694 2173 4748 τὰ
2204 4692 2352 4767 ἐξῆς,
2383 4693 2468 4748 ὅτι
2516 4693 2605 4749 καί
2663 4695 2999 4767 Ῥωμαίους,
3052 4695 3145 4750 καὶ
3201 4696 3616 4771 ἀκατακρίτους,
3671 4695 3774 4751 καὶ

2108 4779 2373 4856 δημοσίᾳ.
2407 4782 2510 4840 Καὶ
2568 4783 2882 4858 ἀνθρώπινα
2938 4785 3039 4861 γάρ
3093 4785 3450 4856 κατεσκεύαζε
3503 4781 3592 4839 διά
3644 4806 3775 4841 τινα

2106 4871 2422 4945 οἰκονομίαν
2473 4870 2772 4942 πολΛάκις,
2845 4872 2932 4928 ἳνα
2993 4875 3069 4947 μή
3129 4871 3258 4945 δόξη
3319 4874 3396 4936 ὡς
3470 4871 3771 4937 κατάδικος

2103 4958 2436 5016 ἀπολύεσθαι
2469 4961 2558 5016 καὶ
2591 4962 2665 5023 ὡς
2717 4963 3084 5036 ἡμαρτηκὼς,
3117 4965 3204 5019 καὶ
3263 4965 3353 5019 ἳνα
3387 4975 3463 5037 μή
3525 4971 3624 5034 τῆς
3653 4965 3762 5039 χά-

2104 5071 2255 5127 ριτος
2283 5050 2459 5106 αὐτῶν
2558 5051 2622 5107 τὸ
2651 5057 2897 5128 πρᾶγμα.
2933 5054 3036 5111 Καὶ
3088 5051 3247 5116 εἰδὼς
3279 5053 3365 5109 ὅτι
3415 5051 3498 5110 δεῖ
3556 5056 3759 5134 ἀρχαῖς

2101 5141 2192 5196 καὶ
2251 5139 2524 5210 ἐξουσίαις
2586 5141 3000 5212 ὑποτάσσεσθαι,
3087 5142 3271 5199 ἐκάΛει
3348 5144 3536 5200 ἑαυτὸν
3613 5145 3763 5200 Ῥω-

2105 5237 2280 5306 μαῖον,
2323 5229 2531 5288 Σχεδόν
2587 5232 2692 5308 γὰρ
2724 5232 2902 5303 πάσης
2951 5240 3051 5304 τῆς
3113 5241 3217 5312 γῆς
3271 5235 3361 5290 καὶ
3417 5235 3590 5306 αὐτῆς
3651 5241 3756 5305 τῆς

2095 5319 2364 5383 Ἰουδαίας
2425 5323 2454 5376 6
2511 5322 2796 5396 Ῥωμαίων
2889 5322 3145 5398 βασιλεὺς
3225 5325 3459 5400 ἐκράτει.
3538 5324 3759 5390 υἳτινες

2093 5411 2185 5467 καὶ
2243 5411 2409 5488 φόρον
2471 5409 2689 5466 ἐτέλουν
2738 5413 2991 5487 Καίσαρι,
3048 5416 3126 5489 μή
3201 5415 3590 5488 ἀποσειόμενοι
3649 5417 3755 5485 τήν

2090 5500 2272 5578 ἀρχὴν
2301 5501 2391 5555 καὶ
2416 5497 2729 5558 δεσποτείαν
2759 5505 2858 5574 τήν
2886 5506 3232 5580 Ῥωμαϊκὴν,
3291 5506 3472 5583 ὥσπερ
3519 5507 3572 5561 οἱ
3629 5503 3759 5562 λοι-
