  <div class='ocr_page' id='page_1' title='image "/cluster/home/n/w/nwhite01/storage/ocr_20150623/118:no.1/coo.31924054870229/127.png"; bbox 0 0 4112 6418; ppageno 0'>
   <div class='ocr_carea' id='block_1_1' title="bbox 426 383 544 449">
    <p class='ocr_par' dir='ltr' id='par_1_1' title="bbox 426 383 544 449">
     <span class='ocr_line' id='line_1_1' title="bbox 426 383 544 449; baseline -0.017 -2"><span class='ocrx_word' id='word_1_1' title='bbox 426 383 544 449; x_wconf 79' lang='lat'>235</span> 
     </span>
    </p>
   </div>
   <div class='ocr_carea' id='block_1_2' title="bbox 1549 355 2719 426">
    <p class='ocr_par' dir='ltr' id='par_1_2' title="bbox 1549 355 2719 426">
     <span class='ocr_line' id='line_1_2' title="bbox 1549 355 2719 426; baseline -0.003 0"><span class='ocrx_word' id='word_1_2' title='bbox 1549 358 1973 426; x_wconf 77' lang='lat' dir='ltr'>CECUMENII</span> <span class='ocrx_word' id='word_1_3' title='bbox 2019 355 2322 418; x_wconf 70' lang='lat' dir='ltr'>TRICCAE</span> <span class='ocrx_word' id='word_1_4' title='bbox 2365 356 2719 423; x_wconf 86' lang='lat' dir='ltr'>EPISCOPI</span> 
     </span>
    </p>
   </div>
   <div class='ocr_carea' id='block_1_3' title="bbox 3725 358 3837 421">
    <p class='ocr_par' dir='ltr' id='par_1_3' title="bbox 3725 358 3837 421">
     <span class='ocr_line' id='line_1_3' title="bbox 3725 358 3837 421; baseline 0.036 -4"><span class='ocrx_word' id='word_1_5' title='bbox 3725 358 3837 421; x_wconf 75' lang='lat'>236</span> 
     </span>
    </p>
   </div>
   <div class='ocr_carea' id='block_1_4' title="bbox 424 486 2096 594">
    <p class='ocr_par' dir='ltr' id='par_1_4' title="bbox 424 496 2076 594">
     <span class='ocr_line' id='line_1_4' title="bbox 424 496 2076 594; baseline -0.02 -14"><span class='ocrx_word' id='word_1_6' title='bbox 424 529 711 594; x_wconf 87' lang='lat' dir='ltr'>tanquam</span> <span class='ocrx_word' id='word_1_7' title='bbox 746 510 1039 572; x_wconf 88' lang='lat' dir='ltr'>increduli</span> <span class='ocrx_word' id='word_1_8' title='bbox 1073 506 1436 581; x_wconf 86' lang='lat' dir='ltr'>indagabant</span> <span class='ocrx_word' id='word_1_9' title='bbox 1484 503 1603 560; x_wconf 83' lang='lat' dir='ltr'>sive</span> <span class='ocrx_word' id='word_1_10' title='bbox 1654 496 2076 557; x_wconf 77' lang='lat' dir='ltr'>scrutabantur</span> 
     </span>
    </p>
   </div>
   <div class='ocr_carea' id='block_1_5' title="bbox 2218 486 3838 594">
    <p class='ocr_par' dir='ltr' id='par_1_5' title="bbox 2222 486 3838 594">
     <span class='ocr_line' id='line_1_5' title="bbox 2222 486 3838 594; baseline 0.01 -46"><span class='ocrx_word' id='word_1_11' title='bbox 2222 488 2691 594; x_wconf 47' lang='lat' dir='ltr'>{itm-dvexpwov,</span> <span class='ocrx_word' id='word_1_12' title='bbox 2748 493 2873 567; x_wconf 74' lang='grc' dir='ltr'>ἤτοι</span> <span class='ocrx_word' id='word_1_13' title='bbox 2933 496 3234 570; x_wconf 80' lang='grc' dir='ltr'>ἐξηρεύνων</span> <span class='ocrx_word' id='word_1_14' title='bbox 3288 495 3384 557; x_wconf 73' lang='grc' dir='ltr'>τὰς</span> <span class='ocrx_word' id='word_1_15' title='bbox 3444 486 3658 573; x_wconf 62' lang='grc' dir='ltr'>Γραφᾶς</span> <span class='ocrx_word' id='word_1_16' title='bbox 3711 489 3838 565; x_wconf 75' lang='grc' dir='ltr'>(ἤδη</span> 
     </span>
    </p>
   </div>
   <div class='ocr_carea' id='block_1_6' title="bbox 430 590 2084 683">
    <p class='ocr_par' dir='ltr' id='par_1_6' title="bbox 430 590 2084 683">
     <span class='ocr_line' id='line_1_6' title="bbox 430 590 2084 683; baseline -0.018 -15"><span class='ocrx_word' id='word_1_17' title='bbox 430 590 763 683; x_wconf 75' lang='lat' dir='ltr'>Scripturas</span> <span class='ocrx_word' id='word_1_18' title='bbox 796 606 939 677; x_wconf 80' lang='lat' dir='ltr'>(jam</span> <span class='ocrx_word' id='word_1_19' title='bbox 973 602 1134 658; x_wconf 88' lang='lat' dir='ltr'>enim</span> <span class='ocrx_word' id='word_1_20' title='bbox 1167 595 1586 665; x_wconf 77' lang='lat' dir='ltr'>crediderant),</span> <span class='ocrx_word' id='word_1_21' title='bbox 1643 590 1746 647; x_wconf 91' lang='lat' dir='ltr'>sed</span> <span class='ocrx_word' id='word_1_22' title='bbox 1798 594 2084 657; x_wconf 84' lang='lat' dir='ltr'>tanquam</span> 
     </span>
    </p>
   </div>
   <div class='ocr_carea' id='block_1_7' title="bbox 430 677 2087 773">
    <p class='ocr_par' dir='ltr' id='par_1_7' title="bbox 430 677 2087 773">
     <span class='ocr_line' id='line_1_7' title="bbox 430 677 2087 773; baseline -0.018 -15"><span class='ocrx_word' id='word_1_23' title='bbox 430 677 700 773; x_wconf 78' lang='lat' dir='ltr'>expertes</span> <span class='ocrx_word' id='word_1_24' title='bbox 760 693 1104 752; x_wconf 80' lang='lat' dir='ltr'>traditionis</span> <span class='ocrx_word' id='word_1_25' title='bbox 1158 694 1423 745; x_wconf 85' lang='lat' dir='ltr'>veterum</span> <span class='ocrx_word' id='word_1_26' title='bbox 1510 683 1960 757; x_wconf 87' lang='lat' dir='ltr'>prophetarum,</span> <span class='ocrx_word' id='word_1_27' title='bbox 2027 677 2087 729; x_wconf 90' lang='lat' dir='ltr'>et</span> 
     </span>
    </p>
   </div>
   <div class='ocr_carea' id='block_1_8' title="bbox 425 777 2081 865">
    <p class='ocr_par' dir='ltr' id='par_1_8' title="bbox 425 777 2081 865">
     <span class='ocr_line' id='line_1_8' title="bbox 425 777 2081 865; baseline -0.018 -16"><span class='ocrx_word' id='word_1_28' title='bbox 425 797 740 865; x_wconf 83' lang='lat' dir='ltr'>propterea</span> <span class='ocrx_word' id='word_1_29' title='bbox 772 788 886 843; x_wconf 81' lang='lat' dir='ltr'>fide</span> <span class='ocrx_word' id='word_1_30' title='bbox 918 783 1286 840; x_wconf 87' lang='lat' dir='ltr'>robustiores</span> <span class='ocrx_word' id='word_1_31' title='bbox 1318 777 1513 834; x_wconf 66' lang='lat' dir='ltr'>eﬂ‘ecti</span> <span class='ocrx_word' id='word_1_32' title='bbox 1546 778 1707 839; x_wconf 90' lang='lat' dir='ltr'>sunt,</span> <span class='ocrx_word' id='word_1_33' title='bbox 1749 786 1883 826; x_wconf 91' lang='lat' dir='ltr'>cum</span> <span class='ocrx_word' id='word_1_34' title='bbox 1917 781 2081 823; x_wconf 78' lang='lat' dir='ltr'>scru~</span> 
     </span>
    </p>
   </div>
   <div class='ocr_carea' id='block_1_9' title="bbox 424 869 2086 948">
    <p class='ocr_par' dir='ltr' id='par_1_9' title="bbox 424 869 2086 948">
     <span class='ocr_line' id='line_1_9' title="bbox 424 869 2086 948; baseline -0.017 -10"><span class='ocrx_word' id='word_1_35' title='bbox 424 888 699 938; x_wconf 89' lang='lat' dir='ltr'>tarentur</span> <span class='ocrx_word' id='word_1_36' title='bbox 731 878 1064 948; x_wconf 84' lang='lat' dir='ltr'>Scripturas</span> <span class='ocrx_word' id='word_1_37' title='bbox 1097 889 1164 928; x_wconf 84' lang='lat' dir='ltr'>ac</span> <span class='ocrx_word' id='word_1_38' title='bbox 1195 869 1535 925; x_wconf 88' lang='lat' dir='ltr'>invenirent</span> <span class='ocrx_word' id='word_1_39' title='bbox 1565 869 1831 920; x_wconf 87' lang='lat' dir='ltr'>veterum</span> <span class='ocrx_word' id='word_1_40' title='bbox 1863 871 2086 914; x_wconf 86' lang='lat' dir='ltr'>sermo-</span> 
     </span>
    </p>
   </div>
   <div class='ocr_carea' id='block_1_10' title="bbox 425 945 2083 1034">
    <p class='ocr_par' dir='ltr' id='par_1_10' title="bbox 425 945 2083 1034">
     <span class='ocr_line' id='line_1_10' title="bbox 425 945 2083 1034; baseline -0.017 -5"><span class='ocrx_word' id='word_1_41' title='bbox 425 973 604 1029; x_wconf 87' lang='lat' dir='ltr'>nibus</span> <span class='ocrx_word' id='word_1_42' title='bbox 635 984 902 1027; x_wconf 90' lang='lat' dir='ltr'>consona</span> <span class='ocrx_word' id='word_1_43' title='bbox 933 981 1063 1021; x_wconf 92' lang='lat' dir='ltr'>esse</span> <span class='ocrx_word' id='word_1_44' title='bbox 1094 977 1279 1034; x_wconf 88' lang='lat' dir='ltr'>opera</span> <span class='ocrx_word' id='word_1_45' title='bbox 1335 952 1800 1029; x_wconf 84' lang='lat' dir='ltr'>dispensationis</span> <span class='ocrx_word' id='word_1_46' title='bbox 1849 945 2083 1005; x_wconf 86' lang='lat' dir='ltr'>Domini</span> 
     </span>
    </p>
   </div>
   <div class='ocr_carea' id='block_1_11' title="bbox 431 1064 725 1118">
    <p class='ocr_par' dir='ltr' id='par_1_11' title="bbox 431 1064 725 1118">
     <span class='ocr_line' id='line_1_11' title="bbox 431 1064 725 1118; baseline -0.01 0"><span class='ocrx_word' id='word_1_47' title='bbox 431 1064 493 1118; x_wconf 89' lang='lat' dir='ltr'>in</span> <span class='ocrx_word' id='word_1_48' title='bbox 525 1076 725 1118; x_wconf 88' lang='lat' dir='ltr'>carne.</span> 
     </span>
    </p>
   </div>
   <div class='ocr_carea' id='block_1_12' title="bbox 502 1127 2081 1217">
    <p class='ocr_par' dir='ltr' id='par_1_12' title="bbox 502 1127 2081 1217">
     <span class='ocr_line' id='line_1_12' title="bbox 502 1127 2081 1217; baseline -0.017 -10"><span class='ocrx_word' id='word_1_49' title='bbox 502 1150 675 1217; x_wconf 79' lang='lat' dir='ltr'><strong>XVII,</strong></span> <span class='ocrx_word' id='word_1_50' title='bbox 709 1149 797 1210; x_wconf 81' lang='grc'><strong>14,</strong></span> <span class='ocrx_word' id='word_1_51' title='bbox 832 1148 916 1199; x_wconf 79' lang='grc'><strong>15.</strong></span> <span class='ocrx_word' id='word_1_52' title='bbox 952 1164 980 1194; x_wconf 91' lang='grc'>‹‹</span> <span class='ocrx_word' id='word_1_53' title='bbox 1016 1140 1341 1209; x_wconf 83' lang='lat' dir='ltr'>Statimque</span> <span class='ocrx_word' id='word_1_54' title='bbox 1374 1142 1515 1191; x_wconf 86' lang='lat' dir='ltr'>tunc</span> <span class='ocrx_word' id='word_1_55' title='bbox 1566 1131 1817 1189; x_wconf 90' lang='lat' dir='ltr'>Paulum</span> <span class='ocrx_word' id='word_1_56' title='bbox 1865 1127 2081 1183; x_wconf 88' lang='lat' dir='ltr'>emise-</span> 
     </span>
    </p>
   </div>
   <div class='ocr_carea' id='block_1_13' title="bbox 434 1219 2086 1299">
    <p class='ocr_par' dir='ltr' id='par_1_13' title="bbox 434 1219 2086 1299">
     <span class='ocr_line' id='line_1_13' title="bbox 434 1219 2086 1299; baseline -0.015 -6"><span class='ocrx_word' id='word_1_57' title='bbox 434 1264 455 1293; x_wconf 75' lang='grc' dir='ltr'>ι</span> <span class='ocrx_word' id='word_1_58' title='bbox 490 1245 634 1297; x_wconf 90' lang='lat' dir='ltr'>runt</span> <span class='ocrx_word' id='word_1_59' title='bbox 661 1238 894 1299; x_wconf 83' lang='lat' dir='ltr'>fratres,</span> <span class='ocrx_word' id='word_1_60' title='bbox 930 1236 994 1287; x_wconf 91' lang='lat' dir='ltr'>ut</span> <span class='ocrx_word' id='word_1_61' title='bbox 1018 1232 1132 1285; x_wconf 87' lang='lat' dir='ltr'>iret</span> <span class='ocrx_word' id='word_1_62' title='bbox 1162 1228 1322 1283; x_wconf 90' lang='lat' dir='ltr'>velut</span> <span class='ocrx_word' id='word_1_63' title='bbox 1352 1226 1426 1281; x_wconf 91' lang='lat' dir='ltr'>ad</span> <span class='ocrx_word' id='word_1_64' title='bbox 1471 1239 1655 1279; x_wconf 88' lang='lat' dir='ltr'>mare.</span> <span class='ocrx_word' id='word_1_65' title='bbox 1705 1219 1857 1275; x_wconf 89' lang='lat' dir='ltr'>Silas</span> <span class='ocrx_word' id='word_1_66' title='bbox 1888 1222 2086 1272; x_wconf 90' lang='lat' dir='ltr'>autem</span> 
     </span>
    </p>
   </div>
   <div class='ocr_carea' id='block_1_14' title="bbox 431 1311 2086 1386">
    <p class='ocr_par' dir='ltr' id='par_1_14' title="bbox 431 1311 2086 1386">
     <span class='ocr_line' id='line_1_14' title="bbox 431 1311 2086 1386; baseline -0.015 -5"><span class='ocrx_word' id='word_1_67' title='bbox 431 1354 459 1382; x_wconf 87' lang='grc'>‹‹</span> <span class='ocrx_word' id='word_1_68' title='bbox 495 1336 554 1386; x_wconf 88' lang='lat' dir='ltr'>et</span> <span class='ocrx_word' id='word_1_69' title='bbox 581 1325 928 1384; x_wconf 86' lang='lat' dir='ltr'>Timotheus</span> <span class='ocrx_word' id='word_1_70' title='bbox 960 1320 1380 1376; x_wconf 88' lang='lat' dir='ltr'>remanserunt</span> <span class='ocrx_word' id='word_1_71' title='bbox 1409 1314 1509 1369; x_wconf 88' lang='lat' dir='ltr'>ibi.</span> <span class='ocrx_word' id='word_1_72' title='bbox 1545 1311 1651 1378; x_wconf 88' lang='lat' dir='ltr'>Qui</span> <span class='ocrx_word' id='word_1_73' title='bbox 1700 1324 1833 1363; x_wconf 90' lang='lat' dir='ltr'>vero</span> <span class='ocrx_word' id='word_1_74' title='bbox 1879 1321 2086 1378; x_wconf 89' lang='lat' dir='ltr'>prose—</span> 
     </span>
    </p>
   </div>
   <div class='ocr_carea' id='block_1_15' title="bbox 437 1398 2086 1493">
    <p class='ocr_par' dir='ltr' id='par_1_15' title="bbox 437 1398 2086 1493">
     <span class='ocr_line' id='line_1_15' title="bbox 437 1398 2086 1493; baseline -0.013 -22"><span class='ocrx_word' id='word_1_75' title='bbox 437 1419 829 1493; x_wconf 71' lang='lat' dir='ltr'>cquebantur</span> <span class='ocrx_word' id='word_1_76' title='bbox 876 1412 1127 1469; x_wconf 88' lang='lat' dir='ltr'>Paulum</span> <span class='ocrx_word' id='word_1_77' title='bbox 1185 1408 1561 1464; x_wconf 82' lang='lat' dir='ltr'>deduxerunt</span> <span class='ocrx_word' id='word_1_78' title='bbox 1627 1417 1763 1457; x_wconf 90' lang='lat' dir='ltr'>eum</span> <span class='ocrx_word' id='word_1_79' title='bbox 1821 1398 2086 1451; x_wconf 87' lang='lat' dir='ltr'>Athenas</span> 
     </span>
    </p>
   </div>
   <div class='ocr_carea' id='block_1_16' title="bbox 435 1486 2084 1580">
    <p class='ocr_par' dir='ltr' id='par_1_16' title="bbox 435 1486 2084 1580">
     <span class='ocr_line' id='line_1_16' title="bbox 435 1486 2084 1580; baseline -0.015 -18"><span class='ocrx_word' id='word_1_80' title='bbox 435 1534 462 1562; x_wconf 84' lang='grc' dir='ltr'>(ι</span> <span class='ocrx_word' id='word_1_81' title='bbox 494 1486 683 1580; x_wconf 74' lang='lat' dir='ltr'>usque</span> <span class='ocrx_word' id='word_1_82' title='bbox 711 1511 770 1561; x_wconf 90' lang='lat' dir='ltr'>et</span> <span class='ocrx_word' id='word_1_83' title='bbox 798 1507 1041 1573; x_wconf 88' lang='lat' dir='ltr'>accepto</span> <span class='ocrx_word' id='word_1_84' title='bbox 1084 1498 1365 1555; x_wconf 89' lang='lat' dir='ltr'>mandato</span> <span class='ocrx_word' id='word_1_85' title='bbox 1419 1494 1494 1550; x_wconf 91' lang='lat' dir='ltr'>ad</span> <span class='ocrx_word' id='word_1_86' title='bbox 1545 1492 1726 1547; x_wconf 87' lang='lat' dir='ltr'>Silam</span> <span class='ocrx_word' id='word_1_87' title='bbox 1773 1506 1841 1545; x_wconf 90' lang='lat' dir='ltr'>ac</span> <span class='ocrx_word' id='word_1_88' title='bbox 1891 1486 2084 1541; x_wconf 88' lang='lat' dir='ltr'>Timo-</span> 
     </span>
    </p>
   </div>
   <div class='ocr_carea' id='block_1_17' title="bbox 396 1576 2088 1662">
    <p class='ocr_par' dir='ltr' id='par_1_17' title="bbox 396 1576 2088 1662">
     <span class='ocr_line' id='line_1_17' title="bbox 396 1576 2088 1662; baseline -0.017 -7"><span class='ocrx_word' id='word_1_89' title='bbox 396 1652 397 1655; x_wconf 44' lang='grc' dir='ltr'>η</span> <span class='ocrx_word' id='word_1_90' title='bbox 432 1621 460 1650; x_wconf 84' lang='grc'>‹‹</span> <span class='ocrx_word' id='word_1_91' title='bbox 495 1576 724 1661; x_wconf 43' lang='lat' dir='ltr'>the—um,</span> <span class='ocrx_word' id='word_1_92' title='bbox 756 1597 822 1647; x_wconf 89' lang='lat' dir='ltr'>ut</span> <span class='ocrx_word' id='word_1_93' title='bbox 851 1605 1031 1662; x_wconf 87' lang='lat' dir='ltr'>quam</span> <span class='ocrx_word' id='word_1_94' title='bbox 1062 1586 1374 1643; x_wconf 86' lang='lat' dir='ltr'>celerrime</span> <span class='ocrx_word' id='word_1_95' title='bbox 1403 1580 1677 1637; x_wconf 87' lang='lat' dir='ltr'>venirent</span> <span class='ocrx_word' id='word_1_96' title='bbox 1704 1576 1779 1633; x_wconf 93' lang='lat' dir='ltr'>ad</span> <span class='ocrx_word' id='word_1_97' title='bbox 1812 1591 1893 1643; x_wconf 82' lang='lat' dir='ltr'>se,</span> <span class='ocrx_word' id='word_1_98' title='bbox 1956 1589 2088 1645; x_wconf 86' lang='lat' dir='ltr'>pro-</span> 
     </span>
    </p>
   </div>
   <div class='ocr_carea' id='block_1_18' title="bbox 431 1686 888 1744">
    <p class='ocr_par' dir='ltr' id='par_1_18' title="bbox 431 1686 888 1744">
     <span class='ocr_line' id='line_1_18' title="bbox 431 1686 888 1744; baseline -0.004 -4"><span class='ocrx_word' id='word_1_99' title='bbox 431 1712 460 1740; x_wconf 84' lang='grc'>‹‹</span> <span class='ocrx_word' id='word_1_100' title='bbox 495 1686 634 1744; x_wconf 85' lang='lat' dir='ltr'>fecti</span> <span class='ocrx_word' id='word_1_101' title='bbox 665 1689 823 1740; x_wconf 89' lang='lat' dir='ltr'>sunt.</span> <span class='ocrx_word' id='word_1_102' title='bbox 860 1703 888 1731; x_wconf 87' lang='grc'><strong>))</strong></span> 
     </span>
    </p>
   </div>
   <div class='ocr_carea' id='block_1_19' title="bbox 506 1758 2086 1849">
    <p class='ocr_par' dir='ltr' id='par_1_19' title="bbox 506 1758 2086 1849">
     <span class='ocr_line' id='line_1_19' title="bbox 506 1758 2086 1849; baseline -0.015 -16"><span class='ocrx_word' id='word_1_103' title='bbox 506 1773 963 1849; x_wconf 87' lang='lat' dir='ltr'>Dispensatione</span> <span class='ocrx_word' id='word_1_104' title='bbox 998 1768 1257 1842; x_wconf 90' lang='lat' dir='ltr'>quadam</span> <span class='ocrx_word' id='word_1_105' title='bbox 1288 1765 1437 1839; x_wconf 83' lang='lat' dir='ltr'>fugit</span> <span class='ocrx_word' id='word_1_106' title='bbox 1465 1763 1561 1819; x_wconf 89' lang='lat' dir='ltr'>hic</span> <span class='ocrx_word' id='word_1_107' title='bbox 1592 1758 1933 1834; x_wconf 87' lang='lat' dir='ltr'>Apostolus,</span> <span class='ocrx_word' id='word_1_108' title='bbox 1965 1771 2086 1811; x_wconf 92' lang='lat' dir='ltr'>non</span> 
     </span>
    </p>
   </div>
   <div class='ocr_carea' id='block_1_20' title="bbox 2191 581 3841 660">
    <p class='ocr_par' dir='ltr' id='par_1_20' title="bbox 2191 581 3841 660">
     <span class='ocr_line' id='line_1_20' title="bbox 2191 581 3841 660; baseline -0.001 -22"><span class='ocrx_word' id='word_1_109' title='bbox 2191 586 2295 659; x_wconf 78' lang='grc' dir='ltr'>γὰρ</span> <span class='ocrx_word' id='word_1_110' title='bbox 2335 585 2959 660; x_wconf 21' lang='grc' dir='ltr'>ἦσανηπεπιστευκότες),</span> <span class='ocrx_word' id='word_1_111' title='bbox 2987 584 3116 642; x_wconf 85' lang='grc' dir='ltr'>ἀλλ’</span> <span class='ocrx_word' id='word_1_112' title='bbox 3164 585 3239 647; x_wconf 87' lang='grc' dir='ltr'>ὠς</span> <span class='ocrx_word' id='word_1_113' title='bbox 3296 581 3526 660; x_wconf 79' lang='grc' dir='ltr'>ἄμοιροι</span> <span class='ocrx_word' id='word_1_114' title='bbox 3582 588 3684 653; x_wconf 80' lang='grc' dir='ltr'>τῆς</span> <span class='ocrx_word' id='word_1_115' title='bbox 3737 587 3841 638; x_wconf 89' lang='grc' dir='ltr'>τῶν</span> 
     </span>
    </p>
   </div>
   <div class='ocr_carea' id='block_1_21' title="bbox 2191 671 3845 755">
    <p class='ocr_par' dir='ltr' id='par_1_21' title="bbox 2191 671 3845 755">
     <span class='ocr_line' id='line_1_21' title="bbox 2191 671 3845 755; baseline -0.001 -25"><span class='ocrx_word' id='word_1_116' title='bbox 2191 675 2445 731; x_wconf 89' lang='grc' dir='ltr'>παλαιῶν</span> <span class='ocrx_word' id='word_1_117' title='bbox 2479 682 2779 755; x_wconf 77' lang='grc' dir='ltr'>προφητῶν</span> <span class='ocrx_word' id='word_1_118' title='bbox 2812 674 3190 752; x_wconf 81' lang='grc' dir='ltr'>παραδόσεως,</span> <span class='ocrx_word' id='word_1_119' title='bbox 3221 677 3310 730; x_wconf 83' lang='grc' dir='ltr'>καὶ</span> <span class='ocrx_word' id='word_1_120' title='bbox 3356 672 3445 729; x_wconf 64' lang='grc' dir='ltr'>διὰ</span> <span class='ocrx_word' id='word_1_121' title='bbox 3491 678 3655 729; x_wconf 88' lang='grc' dir='ltr'>τοῦτο</span> <span class='ocrx_word' id='word_1_122' title='bbox 3707 671 3845 747; x_wconf 78' lang='grc' dir='ltr'>μᾶλ-</span> 
     </span>
    </p>
   </div>
   <div class='ocr_carea' id='block_1_22' title="bbox 2193 762 3845 844">
    <p class='ocr_par' dir='ltr' id='par_1_22' title="bbox 2193 762 3845 844">
     <span class='ocr_line' id='line_1_22' title="bbox 2193 762 3845 844; baseline -0.001 -24"><span class='ocrx_word' id='word_1_123' title='bbox 2193 763 2294 820; x_wconf 82' lang='grc' dir='ltr'>λον</span> <span class='ocrx_word' id='word_1_124' title='bbox 2340 768 2655 842; x_wconf 77' lang='grc' dir='ltr'>πιστότεροι</span> <span class='ocrx_word' id='word_1_125' title='bbox 2715 768 3022 844; x_wconf 83' lang='grc' dir='ltr'>γινόμενοι,</span> <span class='ocrx_word' id='word_1_126' title='bbox 3082 766 3404 841; x_wconf 72' lang='grc' dir='ltr'>ἐρευνῶντες</span> <span class='ocrx_word' id='word_1_127' title='bbox 3455 764 3553 826; x_wconf 82' lang='grc' dir='ltr'>τὰς</span> <span class='ocrx_word' id='word_1_128' title='bbox 3607 762 3845 840; x_wconf 72' lang='grc' dir='ltr'>Γραφάς,</span> 
     </span>
    </p>
   </div>
   <div class='ocr_carea' id='block_1_23' title="bbox 2192 849 3850 929">
    <p class='ocr_par' dir='ltr' id='par_1_23' title="bbox 2192 849 3850 929">
     <span class='ocr_line' id='line_1_23' title="bbox 2192 849 3850 929; baseline -0.001 -19"><span class='ocrx_word' id='word_1_129' title='bbox 2192 854 2284 910; x_wconf 85' lang='grc' dir='ltr'>καὶ</span> <span class='ocrx_word' id='word_1_130' title='bbox 2324 855 2663 929; x_wconf 71' lang='grc' dir='ltr'>εὑρίσκοντες</span> <span class='ocrx_word' id='word_1_131' title='bbox 2689 861 2811 919; x_wconf 87' lang='grc' dir='ltr'>τοῖς</span> <span class='ocrx_word' id='word_1_132' title='bbox 2842 860 2950 911; x_wconf 90' lang='grc' dir='ltr'>τῶν</span> <span class='ocrx_word' id='word_1_133' title='bbox 2997 852 3247 910; x_wconf 88' lang='grc' dir='ltr'>παλαιῶν</span> <span class='ocrx_word' id='word_1_134' title='bbox 3304 851 3495 929; x_wconf 85' lang='grc' dir='ltr'>λόγοις</span> <span class='ocrx_word' id='word_1_135' title='bbox 3554 849 3850 924; x_wconf 77' lang='grc' dir='ltr'>συνᾷδοντα</span> 
     </span>
    </p>
   </div>
   <div class='ocr_carea' id='block_1_24' title="bbox 2191 941 3847 1022">
    <p class='ocr_par' dir='ltr' id='par_1_24' title="bbox 2191 941 3847 1022">
     <span class='ocr_line' id='line_1_24' title="bbox 2191 941 3847 1022; baseline -0.002 -22"><span class='ocrx_word' id='word_1_136' title='bbox 2191 945 2258 1000; x_wconf 83' lang='grc' dir='ltr'>τὰ</span> <span class='ocrx_word' id='word_1_137' title='bbox 2287 945 2411 1022; x_wconf 79' lang='grc' dir='ltr'>περὶ</span> <span class='ocrx_word' id='word_1_138' title='bbox 2440 953 2543 1015; x_wconf 83' lang='grc' dir='ltr'>τῆς</span> <span class='ocrx_word' id='word_1_139' title='bbox 2601 945 2859 1022; x_wconf 77' lang='grc' dir='ltr'>ἐνσᾶρκου</span> <span class='ocrx_word' id='word_1_140' title='bbox 2917 949 3013 1000; x_wconf 87' lang='grc' dir='ltr'>τοῦ</span> <span class='ocrx_word' id='word_1_141' title='bbox 3073 944 3271 1021; x_wconf 81' lang='grc' dir='ltr'>Κυρίου</span> <span class='ocrx_word' id='word_1_142' title='bbox 3328 941 3649 1018; x_wconf 75' lang='grc' dir='ltr'>οἰκονομίας</span> <span class='ocrx_word' id='word_1_143' title='bbox 3704 942 3847 1017; x_wconf 83' lang='grc' dir='ltr'>πρά-</span> 
     </span>
    </p>
   </div>
   <div class='ocr_carea' id='block_1_25' title="bbox 2192 1056 2394 1110">
    <p class='ocr_par' dir='ltr' id='par_1_25' title="bbox 2192 1056 2394 1110">
     <span class='ocr_line' id='line_1_25' title="bbox 2192 1056 2394 1110; baseline 0.005 -20"><span class='ocrx_word' id='word_1_144' title='bbox 2192 1057 2226 1110; x_wconf 93' lang='grc' dir='ltr'>γ</span> <span class='ocrx_word' id='word_1_145' title='bbox 2234 1056 2394 1108; x_wconf 87' lang='grc' dir='ltr'>ματα.</span> 
     </span>
    </p>
   </div>
   <div class='ocr_carea' id='block_1_26' title="bbox 2271 1119 3851 1192">
    <p class='ocr_par' dir='ltr' id='par_1_26' title="bbox 2271 1119 3851 1192">
     <span class='ocr_line' id='line_1_26' title="bbox 2271 1119 3851 1192; baseline -0.001 -11"><span class='ocrx_word' id='word_1_146' title='bbox 2271 1148 2298 1176; x_wconf 89' lang='lat'><strong>«</strong></span> <span class='ocrx_word' id='word_1_147' title='bbox 2332 1122 2547 1187; x_wconf 81' lang='grc' dir='ltr'>Εὐθέως</span> <span class='ocrx_word' id='word_1_148' title='bbox 2603 1123 2660 1180; x_wconf 76' lang='grc' dir='ltr'>δὲ</span> <span class='ocrx_word' id='word_1_149' title='bbox 2715 1124 2840 1181; x_wconf 89' lang='grc' dir='ltr'>τότε</span> <span class='ocrx_word' id='word_1_150' title='bbox 2918 1125 3013 1181; x_wconf 85' lang='grc' dir='ltr'>τὸν</span> <span class='ocrx_word' id='word_1_151' title='bbox 3091 1122 3305 1179; x_wconf 85' lang='grc' dir='ltr'>Παῦλον</span> <span class='ocrx_word' id='word_1_152' title='bbox 3363 1119 3739 1192; x_wconf 63' lang='grc' dir='ltr'>ἐξαπέστειλαν</span> <span class='ocrx_word' id='word_1_153' title='bbox 3798 1124 3851 1180; x_wconf 74' lang='grc' dir='ltr'>οἱ</span> 
     </span>
    </p>
   </div>
   <div class='ocr_carea' id='block_1_27' title="bbox 2197 1210 3852 1291">
    <p class='ocr_par' dir='ltr' id='par_1_27' title="bbox 2197 1210 3852 1291">
     <span class='ocr_line' id='line_1_27' title="bbox 2197 1210 3852 1291; baseline 0.001 -24"><span class='ocrx_word' id='word_1_154' title='bbox 2197 1237 2226 1265; x_wconf 91' lang='grc'><strong>‹‹</strong></span> <span class='ocrx_word' id='word_1_155' title='bbox 2258 1210 2506 1291; x_wconf 79' lang='grc' dir='ltr'>ἀδελφοὶ,</span> <span class='ocrx_word' id='word_1_156' title='bbox 2542 1215 2866 1290; x_wconf 84' lang='grc' dir='ltr'>πορεύεσθαι</span> <span class='ocrx_word' id='word_1_157' title='bbox 2924 1215 2999 1277; x_wconf 81' lang='grc' dir='ltr'>ὡς</span> <span class='ocrx_word' id='word_1_158' title='bbox 3060 1213 3147 1270; x_wconf 82' lang='grc' dir='ltr'>ἐπὶ</span> <span class='ocrx_word' id='word_1_159' title='bbox 3205 1215 3306 1284; x_wconf 79' lang='grc' dir='ltr'>τὴν</span> <span class='ocrx_word' id='word_1_160' title='bbox 3366 1213 3660 1268; x_wconf 83' lang='grc' dir='ltr'>θάλασσαν.</span> <span class='ocrx_word' id='word_1_161' title='bbox 3721 1215 3852 1269; x_wconf 83' lang='grc' dir='ltr'>Ὑπ-</span> 
     </span>
    </p>
   </div>
   <div class='ocr_carea' id='block_1_28' title="bbox 2196 1300 3853 1377">
    <p class='ocr_par' dir='ltr' id='par_1_28' title="bbox 2196 1300 3853 1377">
     <span class='ocr_line' id='line_1_28' title="bbox 2196 1300 3853 1377; baseline 0.002 -22"><span class='ocrx_word' id='word_1_162' title='bbox 2196 1328 2225 1356; x_wconf 82' lang='grc'>‹‹</span> <span class='ocrx_word' id='word_1_163' title='bbox 2260 1305 2445 1377; x_wconf 82' lang='grc' dir='ltr'>ἐμενον</span> <span class='ocrx_word' id='word_1_164' title='bbox 2481 1302 2537 1359; x_wconf 76' lang='grc' dir='ltr'>δὲ</span> <span class='ocrx_word' id='word_1_165' title='bbox 2571 1305 2683 1359; x_wconf 76' lang='grc' dir='ltr'>ὅτε</span> <span class='ocrx_word' id='word_1_166' title='bbox 2743 1303 2915 1367; x_wconf 81' lang='grc' dir='ltr'>Σίλας</span> <span class='ocrx_word' id='word_1_167' title='bbox 2968 1304 3059 1359; x_wconf 76' lang='grc' dir='ltr'>καὶ</span> <span class='ocrx_word' id='word_1_168' title='bbox 3099 1304 3128 1358; x_wconf 81' lang='grc' dir='ltr'>ὁ</span> <span class='ocrx_word' id='word_1_169' title='bbox 3178 1302 3452 1377; x_wconf 88' lang='grc' dir='ltr'>Τιμόθεος</span> <span class='ocrx_word' id='word_1_170' title='bbox 3508 1301 3636 1361; x_wconf 88' lang='grc' dir='ltr'>ἐκεῖ.</span> <span class='ocrx_word' id='word_1_171' title='bbox 3692 1303 3763 1361; x_wconf 77' lang='grc' dir='ltr'>Οἱ</span> <span class='ocrx_word' id='word_1_172' title='bbox 3796 1300 3853 1358; x_wconf 72' lang='grc' dir='ltr'>δὲ</span> 
     </span>
    </p>
   </div>
   <div class='ocr_carea' id='block_1_29' title="bbox 2197 1388 3853 1468">
    <p class='ocr_par' dir='ltr' id='par_1_29' title="bbox 2197 1388 3853 1468">
     <span class='ocr_line' id='line_1_29' title="bbox 2197 1388 3853 1468; baseline 0 -22"><span class='ocrx_word' id='word_1_173' title='bbox 2197 1419 2221 1446; x_wconf 83' lang='grc'><em>‹‹</em></span> <span class='ocrx_word' id='word_1_174' title='bbox 2252 1398 2612 1458; x_wconf 85' lang='grc' dir='ltr'>καθιστῶντες</span> <span class='ocrx_word' id='word_1_175' title='bbox 2637 1394 2727 1449; x_wconf 87' lang='grc' dir='ltr'>τὸν</span> <span class='ocrx_word' id='word_1_176' title='bbox 2759 1392 2974 1448; x_wconf 80' lang='grc' dir='ltr'>Παῦλον</span> <span class='ocrx_word' id='word_1_177' title='bbox 3033 1390 3240 1468; x_wconf 62' lang='grc' dir='ltr'>⁴ἤγαγον</span> <span class='ocrx_word' id='word_1_178' title='bbox 3308 1392 3471 1448; x_wconf 84' lang='grc' dir='ltr'>αὐτὸν</span> <span class='ocrx_word' id='word_1_179' title='bbox 3526 1388 3632 1455; x_wconf 72' lang='grc' dir='ltr'>ἕως</span> <span class='ocrx_word' id='word_1_180' title='bbox 3685 1393 3853 1462; x_wconf 84' lang='grc' dir='ltr'>Ἀθη-</span> 
     </span>
    </p>
   </div>
   <div class='ocr_carea' id='block_1_30' title="bbox 2199 1478 3857 1558">
    <p class='ocr_par' dir='ltr' id='par_1_30' title="bbox 2199 1478 3857 1558">
     <span class='ocr_line' id='line_1_30' title="bbox 2199 1478 3857 1558; baseline 0 -21"><span class='ocrx_word' id='word_1_181' title='bbox 2199 1508 2225 1537; x_wconf 86' lang='grc' dir='ltr'>ι‹</span> <span class='ocrx_word' id='word_1_182' title='bbox 2258 1488 2386 1554; x_wconf 80' lang='grc' dir='ltr'>νῶν,</span> <span class='ocrx_word' id='word_1_183' title='bbox 2436 1484 2527 1539; x_wconf 82' lang='grc' dir='ltr'>καὶ</span> <span class='ocrx_word' id='word_1_184' title='bbox 2586 1478 2843 1546; x_wconf 89' lang='grc' dir='ltr'>λαϐόντες</span> <span class='ocrx_word' id='word_1_185' title='bbox 2901 1480 3129 1553; x_wconf 75' lang='grc' dir='ltr'>ἐντολὴν</span> <span class='ocrx_word' id='word_1_186' title='bbox 3189 1482 3328 1558; x_wconf 78' lang='grc' dir='ltr'>πρὸς</span> <span class='ocrx_word' id='word_1_187' title='bbox 3384 1482 3474 1537; x_wconf 87' lang='grc' dir='ltr'>τὸν</span> <span class='ocrx_word' id='word_1_188' title='bbox 3538 1480 3705 1539; x_wconf 91' lang='grc' dir='ltr'>Σίλαν</span> <span class='ocrx_word' id='word_1_189' title='bbox 3762 1480 3857 1537; x_wconf 77' lang='grc' dir='ltr'>καὶ</span> 
     </span>
    </p>
   </div>
   <div class='ocr_carea' id='block_1_31' title="bbox 2197 1568 3856 1650">
    <p class='ocr_par' dir='ltr' id='par_1_31' title="bbox 2197 1568 3856 1650">
     <span class='ocr_line' id='line_1_31' title="bbox 2197 1568 3856 1650; baseline -0.002 -19"><span class='ocrx_word' id='word_1_190' title='bbox 2197 1573 2550 1649; x_wconf 84' lang='grc' dir='ltr'>«Τιμόθεον,</span> <span class='ocrx_word' id='word_1_191' title='bbox 2604 1571 2692 1629; x_wconf 69' lang='grc' dir='ltr'>’ἱνα</span> <span class='ocrx_word' id='word_1_192' title='bbox 2749 1573 2824 1637; x_wconf 86' lang='grc' dir='ltr'>ὡς</span> <span class='ocrx_word' id='word_1_193' title='bbox 2908 1574 3147 1650; x_wconf 84' lang='grc' dir='ltr'>τάχιστα</span> <span class='ocrx_word' id='word_1_194' title='bbox 3202 1568 3402 1628; x_wconf 78' lang='grc' dir='ltr'>ἔλθωσι</span> <span class='ocrx_word' id='word_1_195' title='bbox 3461 1573 3599 1648; x_wconf 89' lang='grc' dir='ltr'>πρὸς</span> <span class='ocrx_word' id='word_1_196' title='bbox 3666 1572 3856 1644; x_wconf 82' lang='grc' dir='ltr'>αὐτὸν,</span> 
     </span>
    </p>
   </div>
   <div class='ocr_carea' id='block_1_32' title="bbox 2196 1662 2563 1739">
    <p class='ocr_par' dir='ltr' id='par_1_32' title="bbox 2196 1662 2563 1739">
     <span class='ocr_line' id='line_1_32' title="bbox 2196 1662 2563 1739; baseline -0.005 -22"><span class='ocrx_word' id='word_1_197' title='bbox 2196 1688 2226 1717; x_wconf 81' lang='grc' dir='ltr'>ι(</span> <span class='ocrx_word' id='word_1_198' title='bbox 2258 1662 2477 1739; x_wconf 79' lang='grc' dir='ltr'>ἐξῄεσαν</span> <span class='ocrx_word' id='word_1_199' title='bbox 2535 1688 2563 1717; x_wconf 83' lang='lat'><strong>»</strong></span> 
     </span>
    </p>
   </div>
   <div class='ocr_carea' id='block_1_33' title="bbox 2267 1748 3862 1831">
    <p class='ocr_par' dir='ltr' id='par_1_33' title="bbox 2267 1748 3862 1831">
     <span class='ocr_line' id='line_1_33' title="bbox 2267 1748 3862 1831; baseline -0.002 -20"><span class='ocrx_word' id='word_1_200' title='bbox 2267 1754 2649 1828; x_wconf 80' lang='grc' dir='ltr'>Οἷκονομικῶς</span> <span class='ocrx_word' id='word_1_201' title='bbox 2681 1752 2929 1827; x_wconf 73' lang='grc' dir='ltr'>ἐνταῦθα,</span> <span class='ocrx_word' id='word_1_202' title='bbox 2986 1753 3051 1807; x_wconf 93' lang='grc' dir='ltr'>οὐ</span> <span class='ocrx_word' id='word_1_203' title='bbox 3104 1749 3351 1822; x_wconf 88' lang='grc' dir='ltr'>δειλιῶν,</span> <span class='ocrx_word' id='word_1_204' title='bbox 3398 1748 3587 1831; x_wconf 77' lang='grc' dir='ltr'>ἔφυγεν</span> <span class='ocrx_word' id='word_1_205' title='bbox 3619 1752 3648 1806; x_wconf 83' lang='grc' dir='ltr'><strong>ὁ</strong></span> <span class='ocrx_word' id='word_1_206' title='bbox 3682 1751 3862 1811; x_wconf 77' lang='grc' dir='ltr'>Ἀπό-</span> 
     </span>
    </p>
   </div>
   <div class='ocr_carea' id='block_1_34' title="bbox 434 1840 2096 1939">
    <p class='ocr_par' dir='ltr' id='par_1_34' title="bbox 434 1840 2086 1934">
     <span class='ocr_line' id='line_1_34' title="bbox 434 1840 2086 1934; baseline -0.015 -10"><span class='ocrx_word' id='word_1_207' title='bbox 434 1870 650 1924; x_wconf 88' lang='lat' dir='ltr'>timore</span> <span class='ocrx_word' id='word_1_208' title='bbox 676 1840 1161 1934; x_wconf 36' lang='lat' dir='ltr'>correptum—sed</span> <span class='ocrx_word' id='word_1_209' title='bbox 1209 1861 1268 1912; x_wconf 89' lang='lat' dir='ltr'>et</span> <span class='ocrx_word' id='word_1_210' title='bbox 1323 1852 1811 1928; x_wconf 70' lang='lat' dir='ltr'>praedicationem</span> <span class='ocrx_word' id='word_1_211' title='bbox 1869 1861 2086 1920; x_wconf 86' lang='lat' dir='ltr'>augere</span> 
     </span>
    </p>
   </div>
   <div class='ocr_carea' id='block_1_35' title="bbox 2218 1840 3861 1939">
    <p class='ocr_par' dir='ltr' id='par_1_35' title="bbox 2218 1840 3861 1939">
     <span class='ocr_line' id='line_1_35' title="bbox 2218 1840 3861 1939; baseline -0.001 -39"><span class='ocrx_word' id='word_1_212' title='bbox 2218 1843 2626 1939; x_wconf 16' lang='grc' dir='ltr'>τολος,ᾼόίΛλλως</span> <span class='ocrx_word' id='word_1_213' title='bbox 2657 1865 2714 1903; x_wconf 87' lang='grc' dir='ltr'>τε</span> <span class='ocrx_word' id='word_1_214' title='bbox 2750 1846 2841 1903; x_wconf 83' lang='grc' dir='ltr'>καὶ</span> <span class='ocrx_word' id='word_1_215' title='bbox 2920 1843 2985 1902; x_wconf 80' lang='grc' dir='ltr'>τὸ</span> <span class='ocrx_word' id='word_1_216' title='bbox 3040 1843 3301 1922; x_wconf 78' lang='grc' dir='ltr'>κήρυγμα</span> <span class='ocrx_word' id='word_1_217' title='bbox 3349 1840 3522 1913; x_wconf 71' lang='grc' dir='ltr'>αὔξειν</span> <span class='ocrx_word' id='word_1_218' title='bbox 3580 1842 3861 1920; x_wconf 86' lang='grc' dir='ltr'>βουλόμε-</span> 
     </span>
    </p>
   </div>
   <div class='ocr_carea' id='block_1_36' title="bbox 433 1944 2012 2027">
    <p class='ocr_par' dir='ltr' id='par_1_36' title="bbox 433 1944 2012 2027">
     <span class='ocr_line' id='line_1_36' title="bbox 433 1944 2012 2027; baseline -0.014 -11"><span class='ocrx_word' id='word_1_219' title='bbox 433 1959 660 2027; x_wconf 89' lang='lat' dir='ltr'>volens,</span> <span class='ocrx_word' id='word_1_220' title='bbox 695 1960 752 2012; x_wconf 89' lang='lat' dir='ltr'>et</span> <span class='ocrx_word' id='word_1_221' title='bbox 780 1955 1043 2010; x_wconf 90' lang='lat' dir='ltr'>furorem</span> <span class='ocrx_word' id='word_1_222' title='bbox 1073 1965 1280 2007; x_wconf 91' lang='lat' dir='ltr'>eorum</span> <span class='ocrx_word' id='word_1_223' title='bbox 1312 1947 1592 2003; x_wconf 87' lang='lat' dir='ltr'>laborans</span> <span class='ocrx_word' id='word_1_224' title='bbox 1616 1944 2012 2015; x_wconf 80' lang='lat' dir='ltr'>exstinguere.</span> 
     </span>
    </p>
   </div>
   <div class='ocr_carea' id='block_1_37' title="bbox 932 2140 1587 2202">
    <p class='ocr_par' dir='ltr' id='par_1_37' title="bbox 932 2140 1587 2202">
     <span class='ocr_line' id='line_1_37' title="bbox 932 2140 1587 2202; baseline -0.015 1"><span class='ocrx_word' id='word_1_225' title='bbox 932 2145 1084 2202; x_wconf 75' lang='lat'>135</span> <span class='ocrx_word' id='word_1_226' title='bbox 1121 2142 1350 2200; x_wconf 84' lang='lat' dir='ltr'>CAPUT</span> <span class='ocrx_word' id='word_1_227' title='bbox 1387 2140 1587 2197; x_wconf 81' lang='lat' dir='ltr'><strong>XXVI.</strong></span> 
     </span>
    </p>
   </div>
   <div class='ocr_carea' id='block_1_38' title="bbox 434 2222 2094 2311">
    <p class='ocr_par' dir='ltr' id='par_1_38' title="bbox 434 2222 2094 2311">
     <span class='ocr_line' id='line_1_38' title="bbox 434 2222 2094 2311; baseline -0.014 -11"><span class='ocrx_word' id='word_1_228' title='bbox 434 2244 512 2299; x_wconf 85' lang='lat' dir='ltr'>De</span> <span class='ocrx_word' id='word_1_229' title='bbox 539 2243 845 2311; x_wconf 76' lang='lat' dir='ltr'>scriptura,</span> <span class='ocrx_word' id='word_1_230' title='bbox 871 2252 994 2308; x_wconf 61' lang='lat' dir='ltr'>qua</span> <span class='ocrx_word' id='word_1_231' title='bbox 1044 2250 1206 2311; x_wconf 67' lang='lat' dir='ltr'>super</span> <span class='ocrx_word' id='word_1_232' title='bbox 1253 2247 1409 2287; x_wconf 80' lang='lat' dir='ltr'>aram</span> <span class='ocrx_word' id='word_1_233' title='bbox 1454 2234 1581 2311; x_wconf 64' lang='lat' dir='ltr'>erat</span> <span class='ocrx_word' id='word_1_234' title='bbox 1624 2226 1890 2311; x_wconf 51' lang='lat' dir='ltr'>Athenis:</span> <span class='ocrx_word' id='word_1_235' title='bbox 1937 2229 1991 2278; x_wconf 86' lang='lat' dir='ltr'>et</span> <span class='ocrx_word' id='word_1_236' title='bbox 2029 2222 2094 2277; x_wconf 82' lang='lat' dir='ltr'>de</span> 
     </span>
    </p>
   </div>
   <div class='ocr_carea' id='block_1_39' title="bbox 510 2299 1875 2380">
    <p class='ocr_par' dir='ltr' id='par_1_39' title="bbox 510 2299 1875 2380">
     <span class='ocr_line' id='line_1_39' title="bbox 510 2299 1875 2380; baseline -0.015 -10"><span class='ocrx_word' id='word_1_237' title='bbox 510 2299 675 2371; x_wconf 59' lang='lat' dir='ltr'>docta</span> <span class='ocrx_word' id='word_1_238' title='bbox 704 2299 1318 2380; x_wconf 44' lang='lat' dir='ltr'>Pauli-praedicatione,</span> <span class='ocrx_word' id='word_1_239' title='bbox 1349 2319 1413 2358; x_wconf 89' lang='lat' dir='ltr'>ac</span> <span class='ocrx_word' id='word_1_240' title='bbox 1443 2299 1619 2372; x_wconf 76' lang='lat' dir='ltr'>ipsius</span> <span class='ocrx_word' id='word_1_241' title='bbox 1642 2301 1875 2371; x_wconf 77' lang='lat' dir='ltr'>pietate.</span> 
     </span>
    </p>
   </div>
   <div class='ocr_carea' id='block_1_40' title="bbox 508 2385 2095 2471">
    <p class='ocr_par' dir='ltr' id='par_1_40' title="bbox 508 2385 2095 2471">
     <span class='ocr_line' id='line_1_40' title="bbox 508 2385 2095 2471; baseline -0.013 -14"><span class='ocrx_word' id='word_1_242' title='bbox 508 2403 684 2471; x_wconf 82' lang='lat' dir='ltr'><strong>XVII,</strong></span> <span class='ocrx_word' id='word_1_243' title='bbox 719 2402 806 2467; x_wconf 85' lang='grc'>16,</span> <span class='ocrx_word' id='word_1_244' title='bbox 843 2401 927 2452; x_wconf 84' lang='grc'>17.</span> <span class='ocrx_word' id='word_1_245' title='bbox 963 2417 990 2447; x_wconf 86' lang='grc'><em>‹‹</em></span> <span class='ocrx_word' id='word_1_246' title='bbox 1025 2393 1244 2449; x_wconf 86' lang='lat' dir='ltr'>Paulus</span> <span class='ocrx_word' id='word_1_247' title='bbox 1276 2396 1475 2451; x_wconf 80' lang='lat' dir='ltr'>autem</span> <span class='ocrx_word' id='word_1_248' title='bbox 1507 2405 1643 2443; x_wconf 91' lang='lat' dir='ltr'>cum</span> <span class='ocrx_word' id='word_1_249' title='bbox 1702 2385 1950 2441; x_wconf 83' lang='lat' dir='ltr'>Athenis</span> <span class='ocrx_word' id='word_1_250' title='bbox 1994 2399 2095 2438; x_wconf 91' lang='lat' dir='ltr'>eos</span> 
     </span>
    </p>
   </div>
   <div class='ocr_carea' id='block_1_41' title="bbox 442 2477 2094 2563">
    <p class='ocr_par' dir='ltr' id='par_1_41' title="bbox 442 2477 2094 2563">
     <span class='ocr_line' id='line_1_41' title="bbox 442 2477 2094 2563; baseline -0.012 -17"><span class='ocrx_word' id='word_1_251' title='bbox 442 2516 472 2546; x_wconf 84' lang='grc' dir='ltr'>ι(</span> <span class='ocrx_word' id='word_1_252' title='bbox 498 2492 890 2563; x_wconf 82' lang='lat' dir='ltr'>exspectaret,</span> <span class='ocrx_word' id='word_1_253' title='bbox 924 2484 1268 2540; x_wconf 80' lang='lat' dir='ltr'>irritabatur</span> <span class='ocrx_word' id='word_1_254' title='bbox 1298 2481 1541 2552; x_wconf 90' lang='lat' dir='ltr'>spiritus</span> <span class='ocrx_word' id='word_1_255' title='bbox 1555 2479 1685 2550; x_wconf 88' lang='lat' dir='ltr'>ejus</span> <span class='ocrx_word' id='word_1_256' title='bbox 1707 2477 1767 2531; x_wconf 90' lang='lat' dir='ltr'>in</span> <span class='ocrx_word' id='word_1_257' title='bbox 1794 2477 2094 2547; x_wconf 89' lang='lat' dir='ltr'>ipso,cum</span> 
     </span>
    </p>
   </div>
   <div class='ocr_carea' id='block_1_42' title="bbox 443 2563 2093 2637">
    <p class='ocr_par' dir='ltr' id='par_1_42' title="bbox 443 2563 2093 2637">
     <span class='ocr_line' id='line_1_42' title="bbox 443 2563 2093 2637; baseline -0.01 -3"><span class='ocrx_word' id='word_1_258' title='bbox 443 2607 471 2634; x_wconf 84' lang='grc'><em>‹‹</em></span> <span class='ocrx_word' id='word_1_259' title='bbox 507 2580 733 2637; x_wconf 83' lang='lat' dir='ltr'>videret</span> <span class='ocrx_word' id='word_1_260' title='bbox 764 2576 1063 2633; x_wconf 87' lang='lat' dir='ltr'>idolorum</span> <span class='ocrx_word' id='word_1_261' title='bbox 1094 2572 1276 2628; x_wconf 86' lang='lat' dir='ltr'>cultui</span> <span class='ocrx_word' id='word_1_262' title='bbox 1310 2568 1572 2626; x_wconf 85' lang='lat' dir='ltr'>deditam</span> <span class='ocrx_word' id='word_1_263' title='bbox 1613 2566 1930 2622; x_wconf 89' lang='lat' dir='ltr'>civitatem.</span> <span class='ocrx_word' id='word_1_264' title='bbox 1964 2563 2093 2617; x_wconf 91' lang='lat' dir='ltr'>Dis-</span> 
     </span>
    </p>
   </div>
   <div class='ocr_carea' id='block_1_43' title="bbox 442 2655 2095 2743">
    <p class='ocr_par' dir='ltr' id='par_1_43' title="bbox 442 2655 2095 2743">
     <span class='ocr_line' id='line_1_43' title="bbox 442 2655 2095 2743; baseline -0.011 -20"><span class='ocrx_word' id='word_1_265' title='bbox 442 2695 471 2723; x_wconf 82' lang='lat'><strong>«</strong></span> <span class='ocrx_word' id='word_1_266' title='bbox 504 2669 751 2743; x_wconf 86' lang='lat' dir='ltr'>putabat</span> <span class='ocrx_word' id='word_1_267' title='bbox 782 2668 981 2737; x_wconf 85' lang='lat' dir='ltr'>itaque</span> <span class='ocrx_word' id='word_1_268' title='bbox 1015 2664 1076 2718; x_wconf 93' lang='lat' dir='ltr'>in</span> <span class='ocrx_word' id='word_1_269' title='bbox 1109 2676 1407 2735; x_wconf 79' lang='lat' dir='ltr'>synagoga</span> <span class='ocrx_word' id='word_1_270' title='bbox 1456 2673 1590 2713; x_wconf 90' lang='lat' dir='ltr'>cum</span> <span class='ocrx_word' id='word_1_271' title='bbox 1627 2655 1845 2711; x_wconf 80' lang='lat' dir='ltr'>Judaeis</span> <span class='ocrx_word' id='word_1_272' title='bbox 1894 2657 1954 2707; x_wconf 88' lang='lat' dir='ltr'>et</span> <span class='ocrx_word' id='word_1_273' title='bbox 2000 2667 2095 2706; x_wconf 92' lang='lat' dir='ltr'>re-</span> 
     </span>
    </p>
   </div>
   <div class='ocr_carea' id='block_1_44' title="bbox 445 2745 2096 2832">
    <p class='ocr_par' dir='ltr' id='par_1_44' title="bbox 445 2745 2096 2832">
     <span class='ocr_line' id='line_1_44' title="bbox 445 2745 2096 2832; baseline -0.01 -20"><span class='ocrx_word' id='word_1_274' title='bbox 445 2784 474 2812; x_wconf 85' lang='grc'>‹‹</span> <span class='ocrx_word' id='word_1_275' title='bbox 506 2759 757 2832; x_wconf 81' lang='lat' dir='ltr'>ligiosis,</span> <span class='ocrx_word' id='word_1_276' title='bbox 792 2761 851 2812; x_wconf 92' lang='lat' dir='ltr'>et</span> <span class='ocrx_word' id='word_1_277' title='bbox 880 2756 942 2810; x_wconf 92' lang='lat' dir='ltr'>in</span> <span class='ocrx_word' id='word_1_278' title='bbox 963 2754 1093 2809; x_wconf 87' lang='lat' dir='ltr'>foro</span> <span class='ocrx_word' id='word_1_279' title='bbox 1125 2749 1390 2823; x_wconf 85' lang='lat' dir='ltr'>quotidie</span> <span class='ocrx_word' id='word_1_280' title='bbox 1417 2764 1552 2804; x_wconf 90' lang='lat' dir='ltr'>cum</span> <span class='ocrx_word' id='word_1_281' title='bbox 1585 2745 1677 2801; x_wconf 91' lang='lat' dir='ltr'>his</span> <span class='ocrx_word' id='word_1_282' title='bbox 1708 2760 1856 2816; x_wconf 89' lang='lat' dir='ltr'>quos</span> <span class='ocrx_word' id='word_1_283' title='bbox 1886 2746 2096 2797; x_wconf 87' lang='lat' dir='ltr'>nactus</span> 
     </span>
    </p>
   </div>
   <div class='ocr_carea' id='block_1_45' title="bbox 445 2851 803 2907">
    <p class='ocr_par' dir='ltr' id='par_1_45' title="bbox 445 2851 803 2907">
     <span class='ocr_line' id='line_1_45' title="bbox 445 2851 803 2907; baseline -0.014 0"><span class='ocrx_word' id='word_1_284' title='bbox 445 2876 475 2903; x_wconf 73' lang='grc' dir='ltr'>(ι</span> <span class='ocrx_word' id='word_1_285' title='bbox 510 2851 740 2907; x_wconf 81' lang='lat' dir='ltr'>fuisset.</span> <span class='ocrx_word' id='word_1_286' title='bbox 774 2870 803 2899; x_wconf 84' lang='lat'>»</span> 
     </span>
    </p>
   </div>
   <div class='ocr_carea' id='block_1_46' title="bbox 516 2923 2100 3012">
    <p class='ocr_par' dir='ltr' id='par_1_46' title="bbox 516 2923 2100 3012">
     <span class='ocr_line' id='line_1_46' title="bbox 516 2923 2100 3012; baseline -0.009 -20"><span class='ocrx_word' id='word_1_287' title='bbox 516 2935 869 3012; x_wconf 77' lang='grc' dir='ltr'>Ιιαρωξύνετο</span> <span class='ocrx_word' id='word_1_288' title='bbox 896 2951 1017 2990; x_wconf 92' lang='lat' dir='ltr'>non</span> <span class='ocrx_word' id='word_1_289' title='bbox 1048 2933 1145 2987; x_wconf 92' lang='lat' dir='ltr'>hic</span> <span class='ocrx_word' id='word_1_290' title='bbox 1189 2930 1339 2985; x_wconf 89' lang='lat' dir='ltr'>iram</span> <span class='ocrx_word' id='word_1_291' title='bbox 1391 2928 1536 2984; x_wconf 91' lang='lat' dir='ltr'>dicit</span> <span class='ocrx_word' id='word_1_292' title='bbox 1588 2932 1690 2982; x_wconf 90' lang='lat' dir='ltr'>aut</span> <span class='ocrx_word' id='word_1_293' title='bbox 1736 2923 2100 2998; x_wconf 89' lang='lat' dir='ltr'>indignatio—</span> 
     </span>
    </p>
   </div>
   <div class='ocr_carea' id='block_1_47' title="bbox 445 3010 2096 3097">
    <p class='ocr_par' dir='ltr' id='par_1_47' title="bbox 445 3010 2096 3097">
     <span class='ocr_line' id='line_1_47' title="bbox 445 3010 2096 3097; baseline -0.013 -13"><span class='ocrx_word' id='word_1_294' title='bbox 445 3044 585 3084; x_wconf 90' lang='lat' dir='ltr'>nem</span> <span class='ocrx_word' id='word_1_295' title='bbox 605 3010 624 3081; x_wconf 61' lang='grc' dir='ltr'><strong>ξ</strong></span> <span class='ocrx_word' id='word_1_296' title='bbox 658 3026 830 3097; x_wconf 85' lang='lat' dir='ltr'>longe</span> <span class='ocrx_word' id='word_1_297' title='bbox 863 3024 1023 3079; x_wconf 89' lang='lat' dir='ltr'>enim</span> <span class='ocrx_word' id='word_1_298' title='bbox 1056 3021 1127 3076; x_wconf 88' lang='lat' dir='ltr'>ab</span> <span class='ocrx_word' id='word_1_299' title='bbox 1160 3021 1249 3074; x_wconf 88' lang='lat' dir='ltr'>ira</span> <span class='ocrx_word' id='word_1_300' title='bbox 1271 3023 1327 3074; x_wconf 91' lang='lat' dir='ltr'>et</span> <span class='ocrx_word' id='word_1_301' title='bbox 1350 3016 1758 3089; x_wconf 84' lang='lat' dir='ltr'>indignatione</span> <span class='ocrx_word' id='word_1_302' title='bbox 1781 3021 1870 3069; x_wconf 86' lang='lat' dir='ltr'>est</span> <span class='ocrx_word' id='word_1_303' title='bbox 1889 3010 2096 3085; x_wconf 84' lang='lat' dir='ltr'>gratia.</span> 
     </span>
    </p>
   </div>
   <div class='ocr_carea' id='block_1_48' title="bbox 444 3103 2098 3188">
    <p class='ocr_par' dir='ltr' id='par_1_48' title="bbox 444 3103 2098 3188">
     <span class='ocr_line' id='line_1_48' title="bbox 444 3103 2098 3188; baseline -0.011 -15"><span class='ocrx_word' id='word_1_304' title='bbox 444 3116 593 3183; x_wconf 90' lang='lat' dir='ltr'>Quid</span> <span class='ocrx_word' id='word_1_305' title='bbox 628 3133 763 3188; x_wconf 82' lang='lat' dir='ltr'>ergo</span> <span class='ocrx_word' id='word_1_306' title='bbox 799 3119 887 3169; x_wconf 89' lang='lat' dir='ltr'>est</span> <span class='ocrx_word' id='word_1_307' title='bbox 936 3108 1331 3184; x_wconf 75' lang='grc' dir='ltr'>παρωξύνετοῖ</span> <span class='ocrx_word' id='word_1_308' title='bbox 1382 3107 1501 3162; x_wconf 86' lang='lat' dir='ltr'>Hoc</span> <span class='ocrx_word' id='word_1_309' title='bbox 1551 3111 1659 3171; x_wconf 91' lang='lat' dir='ltr'>est,</span> <span class='ocrx_word' id='word_1_310' title='bbox 1715 3103 2098 3168; x_wconf 88' lang='lat' dir='ltr'>incitabatur,</span> 
     </span>
    </p>
   </div>
   <div class='ocr_carea' id='block_1_49' title="bbox 442 3191 2095 3272">
    <p class='ocr_par' dir='ltr' id='par_1_49' title="bbox 442 3191 2095 3272">
     <span class='ocr_line' id='line_1_49' title="bbox 442 3191 2095 3272; baseline -0.011 -9"><span class='ocrx_word' id='word_1_311' title='bbox 442 3224 566 3263; x_wconf 88' lang='lat' dir='ltr'>non</span> <span class='ocrx_word' id='word_1_312' title='bbox 588 3205 837 3272; x_wconf 88' lang='lat' dir='ltr'>ferebat,</span> <span class='ocrx_word' id='word_1_313' title='bbox 862 3202 966 3258; x_wconf 90' lang='lat' dir='ltr'>sed</span> <span class='ocrx_word' id='word_1_314' title='bbox 996 3199 1372 3257; x_wconf 82' lang='lat' dir='ltr'>tabescebat:</span> <span class='ocrx_word' id='word_1_315' title='bbox 1407 3196 1560 3251; x_wconf 85' lang='lat' dir='ltr'>sicut</span> <span class='ocrx_word' id='word_1_316' title='bbox 1590 3195 1771 3251; x_wconf 88' lang='lat' dir='ltr'>etiam</span> <span class='ocrx_word' id='word_1_317' title='bbox 1804 3192 1945 3249; x_wconf 86' lang='lat' dir='ltr'>alibi</span> <span class='ocrx_word' id='word_1_318' title='bbox 1979 3191 2095 3247; x_wconf 89' lang='lat' dir='ltr'>ait:</span> 
     </span>
    </p>
   </div>
   <div class='ocr_carea' id='block_1_50' title="bbox 444 3290 1852 3357">
    <p class='ocr_par' dir='ltr' id='par_1_50' title="bbox 444 3290 1852 3357">
     <span class='ocr_line' id='line_1_50' title="bbox 444 3290 1852 3357; baseline -0.011 0"><span class='ocrx_word' id='word_1_319' title='bbox 444 3302 620 3357; x_wconf 89' lang='lat' dir='ltr'>Facta</span> <span class='ocrx_word' id='word_1_320' title='bbox 641 3304 731 3355; x_wconf 89' lang='lat' dir='ltr'>est</span> <span class='ocrx_word' id='word_1_321' title='bbox 760 3302 959 3353; x_wconf 89' lang='lat' dir='ltr'>autem</span> <span class='ocrx_word' id='word_1_322' title='bbox 994 3291 1366 3350; x_wconf 87' lang='lat' dir='ltr'>exacerbatio</span> <span class='ocrx_word' id='word_1_323' title='bbox 1397 3290 1554 3345; x_wconf 91' lang='lat' dir='ltr'>inter</span> <span class='ocrx_word' id='word_1_324' title='bbox 1585 3304 1704 3356; x_wconf 86' lang='lat' dir='ltr'>eos,</span> <span class='ocrx_word' id='word_1_325' title='bbox 1740 3291 1852 3342; x_wconf 89' lang='lat' dir='ltr'>etc.</span> 
     </span>
    </p>
   </div>
   <div class='ocr_carea' id='block_1_51' title="bbox 516 3462 2099 3547">
    <p class='ocr_par' dir='ltr' id='par_1_51' title="bbox 516 3462 2099 3547">
     <span class='ocr_line' id='line_1_51' title="bbox 516 3462 2099 3547; baseline -0.011 -12"><span class='ocrx_word' id='word_1_326' title='bbox 516 3480 688 3547; x_wconf 77' lang='lat' dir='ltr'><strong>XVII,</strong></span> <span class='ocrx_word' id='word_1_327' title='bbox 723 3479 807 3531; x_wconf 86' lang='grc'>18.</span> <span class='ocrx_word' id='word_1_328' title='bbox 842 3498 872 3528; x_wconf 82' lang='grc' dir='ltr'>ι(</span> <span class='ocrx_word' id='word_1_329' title='bbox 916 3472 1166 3541; x_wconf 89' lang='lat' dir='ltr'>Quidam</span> <span class='ocrx_word' id='word_1_330' title='bbox 1225 3476 1423 3526; x_wconf 91' lang='lat' dir='ltr'>autem</span> <span class='ocrx_word' id='word_1_331' title='bbox 1472 3466 1745 3540; x_wconf 89' lang='lat' dir='ltr'>Epicurei</span> <span class='ocrx_word' id='word_1_332' title='bbox 1806 3471 1864 3521; x_wconf 95' lang='lat' dir='ltr'>et</span> <span class='ocrx_word' id='word_1_333' title='bbox 1920 3462 2099 3519; x_wconf 90' lang='lat' dir='ltr'>Stoici</span> 
     </span>
    </p>
   </div>
   <div class='ocr_carea' id='block_1_52' title="bbox 452 3552 2100 3638">
    <p class='ocr_par' dir='ltr' id='par_1_52' title="bbox 452 3552 2100 3638">
     <span class='ocr_line' id='line_1_52' title="bbox 452 3552 2100 3638; baseline -0.01 -15"><span class='ocrx_word' id='word_1_334' title='bbox 452 3592 481 3622; x_wconf 79' lang='grc' dir='ltr'>ι(</span> <span class='ocrx_word' id='word_1_335' title='bbox 514 3565 853 3638; x_wconf 81' lang='lat' dir='ltr'>philosophi</span> <span class='ocrx_word' id='word_1_336' title='bbox 884 3561 1382 3619; x_wconf 83' lang='lat' dir='ltr'>conflictabantur</span> <span class='ocrx_word' id='word_1_337' title='bbox 1420 3572 1551 3613; x_wconf 90' lang='lat' dir='ltr'>cum</span> <span class='ocrx_word' id='word_1_338' title='bbox 1605 3573 1694 3620; x_wconf 90' lang='lat' dir='ltr'>eo,</span> <span class='ocrx_word' id='word_1_339' title='bbox 1752 3559 1809 3609; x_wconf 90' lang='lat' dir='ltr'>et</span> <span class='ocrx_word' id='word_1_340' title='bbox 1856 3552 2100 3626; x_wconf 90' lang='lat' dir='ltr'>quidam</span> 
     </span>
    </p>
   </div>
   <div class='ocr_carea' id='block_1_53' title="bbox 456 3642 2102 3721">
    <p class='ocr_par' dir='ltr' id='par_1_53' title="bbox 456 3642 2102 3721">
     <span class='ocr_line' id='line_1_53' title="bbox 456 3642 2102 3721; baseline -0.009 -10"><span class='ocrx_word' id='word_1_341' title='bbox 456 3684 476 3711; x_wconf 76' lang='grc' dir='ltr'>ι</span> <span class='ocrx_word' id='word_1_342' title='bbox 514 3658 833 3715; x_wconf 87' lang='lat' dir='ltr'>dicebant:</span> <span class='ocrx_word' id='word_1_343' title='bbox 882 3652 1032 3720; x_wconf 91' lang='lat' dir='ltr'>Quid</span> <span class='ocrx_word' id='word_1_344' title='bbox 1072 3651 1198 3706; x_wconf 86' lang='lat' dir='ltr'>vult</span> <span class='ocrx_word' id='word_1_345' title='bbox 1252 3648 1660 3721; x_wconf 89' lang='lat' dir='ltr'>spermologus</span> <span class='ocrx_word' id='word_1_346' title='bbox 1711 3646 1807 3700; x_wconf 87' lang='lat' dir='ltr'>hic</span> <span class='ocrx_word' id='word_1_347' title='bbox 1856 3642 2102 3699; x_wconf 84' lang='lat' dir='ltr'>dicere?</span> 
     </span>
    </p>
   </div>
   <div class='ocr_carea' id='block_1_54' title="bbox 450 3733 2100 3805">
    <p class='ocr_par' dir='ltr' id='par_1_54' title="bbox 450 3733 2100 3805">
     <span class='ocr_line' id='line_1_54' title="bbox 450 3733 2100 3805; baseline -0.007 -5"><span class='ocrx_word' id='word_1_348' title='bbox 450 3772 479 3801; x_wconf 83' lang='grc'>‹‹</span> <span class='ocrx_word' id='word_1_349' title='bbox 513 3748 616 3805; x_wconf 90' lang='lat' dir='ltr'>alii</span> <span class='ocrx_word' id='word_1_350' title='bbox 656 3761 833 3803; x_wconf 88' lang='lat' dir='ltr'>vero:</span> <span class='ocrx_word' id='word_1_351' title='bbox 885 3746 1177 3799; x_wconf 86' lang='lat' dir='ltr'>Novorum</span> <span class='ocrx_word' id='word_1_352' title='bbox 1216 3737 1649 3795; x_wconf 62' lang='lat' dir='ltr'>daemoniorum</span> <span class='ocrx_word' id='word_1_353' title='bbox 1702 3733 1937 3791; x_wconf 87' lang='lat' dir='ltr'>videtur</span> <span class='ocrx_word' id='word_1_354' title='bbox 1991 3750 2100 3789; x_wconf 89' lang='lat' dir='ltr'>an-</span> 
     </span>
    </p>
   </div>
   <div class='ocr_carea' id='block_1_55' title="bbox 449 3825 2096 3904">
    <p class='ocr_par' dir='ltr' id='par_1_55' title="bbox 449 3825 2096 3904">
     <span class='ocr_line' id='line_1_55' title="bbox 449 3825 2096 3904; baseline -0.005 -15"><span class='ocrx_word' id='word_1_355' title='bbox 449 3862 477 3889; x_wconf 91' lang='grc'>‹‹</span> <span class='ocrx_word' id='word_1_356' title='bbox 510 3837 820 3894; x_wconf 88' lang='lat' dir='ltr'>nuntiator</span> <span class='ocrx_word' id='word_1_357' title='bbox 850 3849 1002 3902; x_wconf 89' lang='lat' dir='ltr'>esse,</span> <span class='ocrx_word' id='word_1_358' title='bbox 1035 3830 1195 3904; x_wconf 89' lang='lat' dir='ltr'>quod</span> <span class='ocrx_word' id='word_1_359' title='bbox 1228 3831 1428 3885; x_wconf 86' lang='lat' dir='ltr'>Jesum</span> <span class='ocrx_word' id='word_1_360' title='bbox 1479 3832 1538 3882; x_wconf 91' lang='lat' dir='ltr'>et</span> <span class='ocrx_word' id='word_1_361' title='bbox 1592 3825 2096 3882; x_wconf 87' lang='lat' dir='ltr'>resurrectionem</span> 
     </span>
    </p>
   </div>
   <div class='ocr_carea' id='block_1_56' title="bbox 446 3920 1083 3983">
    <p class='ocr_par' dir='ltr' id='par_1_56' title="bbox 446 3920 1083 3983">
     <span class='ocr_line' id='line_1_56' title="bbox 446 3920 1083 3983; baseline -0.022 1"><span class='ocrx_word' id='word_1_362' title='bbox 446 3947 473 3976; x_wconf 87' lang='grc'>‹‹</span> <span class='ocrx_word' id='word_1_363' title='bbox 509 3923 893 3983; x_wconf 86' lang='lat' dir='ltr'>annuntiaret</span> <span class='ocrx_word' id='word_1_364' title='bbox 926 3920 1029 3976; x_wconf 89' lang='lat' dir='ltr'>eis.</span> <span class='ocrx_word' id='word_1_365' title='bbox 1060 3945 1083 3971; x_wconf 83' lang='grc'><strong>››</strong></span> 
     </span>
    </p>
   </div>
   <div class='ocr_carea' id='block_1_57' title="bbox 509 3994 2098 4087">
    <p class='ocr_par' dir='ltr' id='par_1_57' title="bbox 509 3994 2098 4087">
     <span class='ocr_line' id='line_1_57' title="bbox 509 3994 2098 4087; baseline -0.008 -17"><span class='ocrx_word' id='word_1_366' title='bbox 509 4013 785 4087; x_wconf 87' lang='lat' dir='ltr'>Epicurei</span> <span class='ocrx_word' id='word_1_367' title='bbox 815 4009 1060 4083; x_wconf 89' lang='lat' dir='ltr'>quidem</span> <span class='ocrx_word' id='word_1_368' title='bbox 1092 3994 1412 4064; x_wconf 78' lang='lat' dir='ltr'>casualiter</span> <span class='ocrx_word' id='word_1_369' title='bbox 1442 4010 1500 4060; x_wconf 89' lang='lat' dir='ltr'>et</span> <span class='ocrx_word' id='word_1_370' title='bbox 1531 4021 1601 4060; x_wconf 84' lang='lat' dir='ltr'>ex</span> <span class='ocrx_word' id='word_1_371' title='bbox 1633 4003 2098 4059; x_wconf 88' lang='lat' dir='ltr'>indivisibilibus</span> 
     </span>
    </p>
   </div>
   <div class='ocr_carea' id='block_1_58' title="bbox 440 4094 2100 4173">
    <p class='ocr_par' dir='ltr' id='par_1_58' title="bbox 440 4094 2100 4173">
     <span class='ocr_line' id='line_1_58' title="bbox 440 4094 2100 4173; baseline -0.008 -12"><span class='ocrx_word' id='word_1_372' title='bbox 440 4104 645 4161; x_wconf 89' lang='lat' dir='ltr'>omnia</span> <span class='ocrx_word' id='word_1_373' title='bbox 671 4100 948 4173; x_wconf 90' lang='lat' dir='ltr'>componi</span> <span class='ocrx_word' id='word_1_374' title='bbox 980 4096 1428 4155; x_wconf 87' lang='lat' dir='ltr'>arbitrabantur</span> <span class='ocrx_word' id='word_1_375' title='bbox 1454 4110 1468 4149; x_wconf 91' lang='lat'>:</span> <span class='ocrx_word' id='word_1_376' title='bbox 1503 4094 1681 4149; x_wconf 91' lang='lat' dir='ltr'>Stoici</span> <span class='ocrx_word' id='word_1_377' title='bbox 1711 4109 1852 4148; x_wconf 79' lang='lat' dir='ltr'>vero</span> <span class='ocrx_word' id='word_1_378' title='bbox 1885 4110 2100 4165; x_wconf 87' lang='lat' dir='ltr'>corpus</span> 
     </span>
    </p>
   </div>
   <div class='ocr_carea' id='block_1_59' title="bbox 439 4181 2103 4252">
    <p class='ocr_par' dir='ltr' id='par_1_59' title="bbox 439 4181 2103 4252">
     <span class='ocr_line' id='line_1_59' title="bbox 439 4181 2103 4252; baseline -0.008 -2"><span class='ocrx_word' id='word_1_379' title='bbox 439 4211 508 4250; x_wconf 90' lang='lat' dir='ltr'>ac</span> <span class='ocrx_word' id='word_1_380' title='bbox 542 4190 1103 4248; x_wconf 77' lang='lat' dir='ltr'>inflammationem.</span> <span class='ocrx_word' id='word_1_381' title='bbox 1167 4184 1417 4250; x_wconf 87' lang='lat' dir='ltr'>Quidam</span> <span class='ocrx_word' id='word_1_382' title='bbox 1463 4183 1662 4252; x_wconf 88' lang='lat' dir='ltr'>itaque</span> <span class='ocrx_word' id='word_1_383' title='bbox 1722 4181 1793 4237; x_wconf 92' lang='lat' dir='ltr'>de</span> <span class='ocrx_word' id='word_1_384' title='bbox 1851 4182 2103 4237; x_wconf 90' lang='lat' dir='ltr'>scientia</span> 
     </span>
    </p>
   </div>
   <div class='ocr_carea' id='block_1_60' title="bbox 445 4270 2100 4354">
    <p class='ocr_par' dir='ltr' id='par_1_60' title="bbox 445 4270 2100 4354">
     <span class='ocr_line' id='line_1_60' title="bbox 445 4270 2100 4354; baseline -0.008 -16"><span class='ocrx_word' id='word_1_385' title='bbox 445 4281 883 4354; x_wconf 88' lang='lat' dir='ltr'>superbientes,</span> <span class='ocrx_word' id='word_1_386' title='bbox 920 4276 1188 4331; x_wconf 86' lang='lat' dir='ltr'>divinum</span> <span class='ocrx_word' id='word_1_387' title='bbox 1220 4272 1475 4328; x_wconf 89' lang='lat' dir='ltr'>Paulum</span> <span class='ocrx_word' id='word_1_388' title='bbox 1506 4270 1720 4326; x_wconf 89' lang='lat' dir='ltr'>stolide</span> <span class='ocrx_word' id='word_1_389' title='bbox 1750 4271 2100 4341; x_wconf 88' lang='lat' dir='ltr'>irridebant,</span> 
     </span>
    </p>
   </div>
   <div class='ocr_carea' id='block_1_61' title="bbox 445 4359 2103 4434">
    <p class='ocr_par' dir='ltr' id='par_1_61' title="bbox 445 4359 2103 4434">
     <span class='ocr_line' id='line_1_61' title="bbox 445 4359 2103 4434; baseline -0.008 -6"><span class='ocrx_word' id='word_1_390' title='bbox 445 4372 754 4428; x_wconf 86' lang='lat' dir='ltr'>dicentes:</span> <span class='ocrx_word' id='word_1_391' title='bbox 788 4366 1081 4434; x_wconf 90' lang='lat' dir='ltr'>Quidnam</span> <span class='ocrx_word' id='word_1_392' title='bbox 1112 4363 1236 4418; x_wconf 85' lang='lat' dir='ltr'>vult</span> <span class='ocrx_word' id='word_1_393' title='bbox 1281 4360 1691 4433; x_wconf 88' lang='lat' dir='ltr'>spermologus</span> <span class='ocrx_word' id='word_1_394' title='bbox 1740 4359 1901 4416; x_wconf 84' lang='lat' dir='ltr'>iste?</span> <span class='ocrx_word' id='word_1_395' title='bbox 1947 4363 2103 4426; x_wconf 91' lang='lat' dir='ltr'>Quo-</span> 
     </span>
    </p>
   </div>
   <div class='ocr_carea' id='block_1_62' title="bbox 446 4450 2102 4527">
    <p class='ocr_par' dir='ltr' id='par_1_62' title="bbox 446 4450 2102 4527">
     <span class='ocr_line' id='line_1_62' title="bbox 446 4450 2102 4527; baseline -0.006 -12"><span class='ocrx_word' id='word_1_396' title='bbox 446 4461 612 4516; x_wconf 88' lang='lat' dir='ltr'>niam</span> <span class='ocrx_word' id='word_1_397' title='bbox 647 4458 808 4514; x_wconf 89' lang='lat' dir='ltr'>enim</span> <span class='ocrx_word' id='word_1_398' title='bbox 841 4453 1249 4527; x_wconf 77' lang='lat' dir='ltr'>spermologus</span> <span class='ocrx_word' id='word_1_399' title='bbox 1281 4450 1510 4507; x_wconf 86' lang='lat' dir='ltr'>avicula</span> <span class='ocrx_word' id='word_1_400' title='bbox 1540 4466 1719 4521; x_wconf 89' lang='lat' dir='ltr'>parva</span> <span class='ocrx_word' id='word_1_401' title='bbox 1740 4454 1829 4505; x_wconf 87' lang='lat' dir='ltr'>est</span> <span class='ocrx_word' id='word_1_402' title='bbox 1859 4467 1925 4505; x_wconf 88' lang='lat' dir='ltr'>ac</span> <span class='ocrx_word' id='word_1_403' title='bbox 1948 4450 2102 4520; x_wconf 84' lang='lat' dir='ltr'>vilis,</span> 
     </span>
    </p>
   </div>
   <div class='ocr_carea' id='block_1_63' title="bbox 448 4539 2100 4621">
    <p class='ocr_par' dir='ltr' id='par_1_63' title="bbox 448 4539 2100 4621">
     <span class='ocr_line' id='line_1_63' title="bbox 448 4539 2100 4621; baseline -0.004 -16"><span class='ocrx_word' id='word_1_404' title='bbox 448 4566 644 4621; x_wconf 89' lang='lat' dir='ltr'>neque</span> <span class='ocrx_word' id='word_1_405' title='bbox 675 4548 749 4604; x_wconf 89' lang='lat' dir='ltr'>ad</span> <span class='ocrx_word' id='word_1_406' title='bbox 782 4546 979 4602; x_wconf 89' lang='lat' dir='ltr'>cibum</span> <span class='ocrx_word' id='word_1_407' title='bbox 1011 4559 1205 4614; x_wconf 89' lang='lat' dir='ltr'>neque</span> <span class='ocrx_word' id='word_1_408' title='bbox 1236 4541 1309 4597; x_wconf 89' lang='lat' dir='ltr'>ad</span> <span class='ocrx_word' id='word_1_409' title='bbox 1339 4540 1527 4596; x_wconf 88' lang='lat' dir='ltr'>ullam</span> <span class='ocrx_word' id='word_1_410' title='bbox 1550 4544 1688 4611; x_wconf 89' lang='lat' dir='ltr'>apta</span> <span class='ocrx_word' id='word_1_411' title='bbox 1716 4539 2100 4612; x_wconf 80' lang='lat' dir='ltr'>voluptatem,</span> 
     </span>
    </p>
   </div>
   <div class='ocr_carea' id='block_1_64' title="bbox 2200 1929 3861 2013">
    <p class='ocr_par' dir='ltr' id='par_1_64' title="bbox 2200 1929 3861 2013">
     <span class='ocr_line' id='line_1_64' title="bbox 2200 1929 3861 2013; baseline -0.001 -21"><span class='ocrx_word' id='word_1_412' title='bbox 2200 1958 2315 2006; x_wconf 87' lang='grc' dir='ltr'>νος,</span> <span class='ocrx_word' id='word_1_413' title='bbox 2349 1936 2562 1992; x_wconf 74' lang='grc' dir='ltr'>καὶτὸν</span> <span class='ocrx_word' id='word_1_414' title='bbox 2622 1939 2794 2013; x_wconf 85' lang='grc' dir='ltr'>θυμὸν</span> <span class='ocrx_word' id='word_1_415' title='bbox 2848 1936 3032 1993; x_wconf 89' lang='grc' dir='ltr'>αὐτῶν</span> <span class='ocrx_word' id='word_1_416' title='bbox 3090 1929 3415 1991; x_wconf 70' lang='grc' dir='ltr'>κατασϐέσαι</span> <span class='ocrx_word' id='word_1_417' title='bbox 3467 1933 3861 2011; x_wconf 84' lang='grc' dir='ltr'>πραγματευό-</span> 
     </span>
    </p>
   </div>
   <div class='ocr_carea' id='block_1_65' title="bbox 2204 2048 2383 2101">
    <p class='ocr_par' dir='ltr' id='par_1_65' title="bbox 2204 2048 2383 2101">
     <span class='ocr_line' id='line_1_65' title="bbox 2204 2048 2383 2101; baseline 0 -19"><span class='ocrx_word' id='word_1_418' title='bbox 2204 2048 2383 2101; x_wconf 87' lang='grc' dir='ltr'>μενος.</span> 
     </span>
    </p>
   </div>
   <div class='ocr_carea' id='block_1_66' title="bbox 2811 2139 3235 2198">
    <p class='ocr_par' dir='ltr' id='par_1_66' title="bbox 2811 2139 3235 2198">
     <span class='ocr_line' id='line_1_66' title="bbox 2811 2139 3235 2198; baseline 0 -9"><span class='ocrx_word' id='word_1_419' title='bbox 2811 2139 3075 2193; x_wconf 83' lang='grc' dir='ltr'>ΚΕΦΑΛ.</span> <span class='ocrx_word' id='word_1_420' title='bbox 3118 2139 3235 2198; x_wconf 82' lang='grc' dir='ltr'>Κς¹.</span> 
     </span>
    </p>
   </div>
   <div class='ocr_carea' id='block_1_67' title="bbox 2203 2215 3866 2300">
    <p class='ocr_par' dir='ltr' id='par_1_67' title="bbox 2203 2215 3866 2300">
     <span class='ocr_line' id='line_1_67' title="bbox 2203 2215 3866 2300; baseline -0.004 -20"><span class='ocrx_word' id='word_1_421' title='bbox 2203 2222 2335 2300; x_wconf 78' lang='grc' dir='ltr'>Ηερὶ</span> <span class='ocrx_word' id='word_1_422' title='bbox 2394 2228 2495 2300; x_wconf 81' lang='grc' dir='ltr'>τῆς</span> <span class='ocrx_word' id='word_1_423' title='bbox 2554 2221 2605 2277; x_wconf 87' lang='grc' dir='ltr'>ἐν</span> <span class='ocrx_word' id='word_1_424' title='bbox 2658 2223 2916 2300; x_wconf 70' lang='grc' dir='ltr'>’Δθῄναις</span> <span class='ocrx_word' id='word_1_425' title='bbox 2994 2217 3317 2300; x_wconf 48' lang='grc' dir='ltr'>ἐπιϐωμίίου⁸</span> <span class='ocrx_word' id='word_1_426' title='bbox 3357 2225 3632 2300; x_wconf 38' lang='grc' dir='ltr'>,γη-φῆς,</span> <span class='ocrx_word' id='word_1_427' title='bbox 3691 2215 3866 2297; x_wconf 77' lang='grc' dir='ltr'>φιλο-</span> 
     </span>
    </p>
   </div>
   <div class='ocr_carea' id='block_1_68' title="bbox 2348 2286 3711 2373">
    <p class='ocr_par' dir='ltr' id='par_1_68' title="bbox 2348 2286 3711 2373">
     <span class='ocr_line' id='line_1_68' title="bbox 2348 2286 3711 2373; baseline -0.001 -24"><span class='ocrx_word' id='word_1_428' title='bbox 2348 2286 2518 2373; x_wconf 76' lang='grc' dir='ltr'>σόφου</span> <span class='ocrx_word' id='word_1_429' title='bbox 2549 2315 2607 2351; x_wconf 89' lang='grc' dir='ltr'>τε</span> <span class='ocrx_word' id='word_1_430' title='bbox 2637 2286 3013 2371; x_wconf 77' lang='grc' dir='ltr'>κηρύγματος,</span> <span class='ocrx_word' id='word_1_431' title='bbox 3043 2293 3134 2351; x_wconf 77' lang='grc' dir='ltr'>καὶ</span> <span class='ocrx_word' id='word_1_432' title='bbox 3162 2286 3439 2353; x_wconf 68' lang='grc' dir='ltr'>εὐσεϐείας¹</span> <span class='ocrx_word' id='word_1_433' title='bbox 3470 2286 3711 2348; x_wconf 66' lang='grc' dir='ltr'>Παύλουξ</span> 
     </span>
    </p>
   </div>
   <div class='ocr_carea' id='block_1_69' title="bbox 2277 2378 3869 2458">
    <p class='ocr_par' dir='ltr' id='par_1_69' title="bbox 2277 2378 3869 2458">
     <span class='ocr_line' id='line_1_69' title="bbox 2277 2378 3869 2458; baseline -0.003 -21"><span class='ocrx_word' id='word_1_434' title='bbox 2277 2409 2303 2437; x_wconf 82' lang='grc' dir='ltr'>ι(</span> <span class='ocrx_word' id='word_1_435' title='bbox 2337 2386 2428 2442; x_wconf 84' lang='grc' dir='ltr'>Ἐν</span> <span class='ocrx_word' id='word_1_436' title='bbox 2477 2383 2532 2439; x_wconf 77' lang='grc' dir='ltr'>δὲ</span> <span class='ocrx_word' id='word_1_437' title='bbox 2585 2389 2707 2447; x_wconf 85' lang='grc' dir='ltr'>ταῖς</span> <span class='ocrx_word' id='word_1_438' title='bbox 2763 2384 3026 2454; x_wconf 81' lang='grc' dir='ltr'>Ἀθήναις</span> <span class='ocrx_word' id='word_1_439' title='bbox 3084 2379 3453 2458; x_wconf 68' lang='grc' dir='ltr'>ἐκδεχομένου</span> <span class='ocrx_word' id='word_1_440' title='bbox 3512 2378 3708 2442; x_wconf 86' lang='grc' dir='ltr'>αὐτοὺς</span> <span class='ocrx_word' id='word_1_441' title='bbox 3764 2383 3869 2436; x_wconf 88' lang='grc' dir='ltr'>τοῦ</span> 
     </span>
    </p>
   </div>
   <div class='ocr_carea' id='block_1_70' title="bbox 2205 2467 3867 2547">
    <p class='ocr_par' dir='ltr' id='par_1_70' title="bbox 2205 2467 3867 2547">
     <span class='ocr_line' id='line_1_70' title="bbox 2205 2467 3867 2547; baseline 0.001 -24"><span class='ocrx_word' id='word_1_442' title='bbox 2205 2471 2507 2544; x_wconf 84' lang='grc' dir='ltr'>«Παύλου,</span> <span class='ocrx_word' id='word_1_443' title='bbox 2557 2472 2899 2547; x_wconf 82' lang='grc' dir='ltr'>παρωξύνετο</span> <span class='ocrx_word' id='word_1_444' title='bbox 2956 2471 3018 2528; x_wconf 84' lang='grc' dir='ltr'>τὸ</span> <span class='ocrx_word' id='word_1_445' title='bbox 3075 2474 3288 2545; x_wconf 84' lang='grc' dir='ltr'>πνεῦμα</span> <span class='ocrx_word' id='word_1_446' title='bbox 3345 2470 3510 2525; x_wconf 86' lang='grc' dir='ltr'>αὐτοῦ</span> <span class='ocrx_word' id='word_1_447' title='bbox 3571 2469 3625 2525; x_wconf 85' lang='grc' dir='ltr'>ἐν</span> <span class='ocrx_word' id='word_1_448' title='bbox 3689 2467 3867 2543; x_wconf 76' lang='grc' dir='ltr'>αὐτῷ,</span> 
     </span>
    </p>
   </div>
   <div class='ocr_carea' id='block_1_71' title="bbox 2207 2558 3868 2638">
    <p class='ocr_par' dir='ltr' id='par_1_71' title="bbox 2207 2558 3868 2638">
     <span class='ocr_line' id='line_1_71' title="bbox 2207 2558 3868 2638; baseline -0.002 -20"><span class='ocrx_word' id='word_1_449' title='bbox 2207 2587 2234 2615; x_wconf 75' lang='grc' dir='ltr'><strong>(ί</strong></span> <span class='ocrx_word' id='word_1_450' title='bbox 2269 2566 2562 2638; x_wconf 81' lang='grc' dir='ltr'>θεωροῦντι</span> <span class='ocrx_word' id='word_1_451' title='bbox 2593 2560 2929 2619; x_wconf 79' lang='grc' dir='ltr'>κατείδωλον</span> <span class='ocrx_word' id='word_1_452' title='bbox 2965 2560 3127 2618; x_wconf 70' lang='grc' dir='ltr'>οὖσαν</span> <span class='ocrx_word' id='word_1_453' title='bbox 3180 2563 3283 2630; x_wconf 80' lang='grc' dir='ltr'>τὴν</span> <span class='ocrx_word' id='word_1_454' title='bbox 3332 2558 3520 2619; x_wconf 89' lang='grc' dir='ltr'>πολιν.</span> <span class='ocrx_word' id='word_1_455' title='bbox 3571 2561 3868 2637; x_wconf 75' lang='grc' dir='ltr'>Διελέγετο</span> 
     </span>
    </p>
   </div>
   <div class='ocr_carea' id='block_1_72' title="bbox 2207 2648 3871 2729">
    <p class='ocr_par' dir='ltr' id='par_1_72' title="bbox 2207 2648 3871 2729">
     <span class='ocr_line' id='line_1_72' title="bbox 2207 2648 3871 2729; baseline -0.001 -24"><span class='ocrx_word' id='word_1_456' title='bbox 2207 2677 2235 2705; x_wconf 92' lang='grc'>‹‹</span> <span class='ocrx_word' id='word_1_457' title='bbox 2273 2655 2370 2726; x_wconf 74' lang='grc' dir='ltr'>μὲν</span> <span class='ocrx_word' id='word_1_458' title='bbox 2402 2653 2494 2707; x_wconf 84' lang='grc' dir='ltr'>οῦν</span> <span class='ocrx_word' id='word_1_459' title='bbox 2524 2651 2576 2707; x_wconf 88' lang='grc' dir='ltr'>ἐν</span> <span class='ocrx_word' id='word_1_460' title='bbox 2608 2656 2678 2727; x_wconf 81' lang='grc' dir='ltr'>τῇ</span> <span class='ocrx_word' id='word_1_461' title='bbox 2726 2656 3016 2729; x_wconf 78' lang='grc' dir='ltr'>συναγωγῇ</span> <span class='ocrx_word' id='word_1_462' title='bbox 3074 2656 3191 2713; x_wconf 87' lang='grc' dir='ltr'>τοῖς</span> <span class='ocrx_word' id='word_1_463' title='bbox 3252 2648 3545 2713; x_wconf 81' lang='grc' dir='ltr'>Ἰουδαίοις</span> <span class='ocrx_word' id='word_1_464' title='bbox 3598 2649 3690 2705; x_wconf 84' lang='grc' dir='ltr'>καὶ</span> <span class='ocrx_word' id='word_1_465' title='bbox 3745 2653 3871 2711; x_wconf 87' lang='grc' dir='ltr'>τοῖς</span> 
     </span>
    </p>
   </div>
   <div class='ocr_carea' id='block_1_73' title="bbox 2206 2736 3869 2816">
    <p class='ocr_par' dir='ltr' id='par_1_73' title="bbox 2206 2736 3869 2816">
     <span class='ocr_line' id='line_1_73' title="bbox 2206 2736 3869 2816; baseline -0.001 -21"><span class='ocrx_word' id='word_1_466' title='bbox 2206 2765 2235 2795; x_wconf 89' lang='grc'>‹‹</span> <span class='ocrx_word' id='word_1_467' title='bbox 2266 2736 2608 2816; x_wconf 72' lang='grc' dir='ltr'>σεϐομένοις,</span> <span class='ocrx_word' id='word_1_468' title='bbox 2640 2743 2736 2797; x_wconf 76' lang='grc' dir='ltr'>καῒ</span> <span class='ocrx_word' id='word_1_469' title='bbox 2766 2741 2818 2797; x_wconf 83' lang='grc' dir='ltr'>ἐν</span> <span class='ocrx_word' id='word_1_470' title='bbox 2876 2745 2945 2815; x_wconf 81' lang='grc' dir='ltr'>τῇ</span> <span class='ocrx_word' id='word_1_471' title='bbox 3002 2742 3176 2816; x_wconf 78' lang='grc' dir='ltr'>ἀγορᾷ</span> <span class='ocrx_word' id='word_1_472' title='bbox 3228 2740 3367 2795; x_wconf 83' lang='grc' dir='ltr'>κατά</span> <span class='ocrx_word' id='word_1_473' title='bbox 3420 2744 3594 2794; x_wconf 83' lang='grc' dir='ltr'>πᾶσαν</span> <span class='ocrx_word' id='word_1_474' title='bbox 3649 2739 3869 2815; x_wconf 75' lang='grc' dir='ltr'>ἡμέραν</span> 
     </span>
    </p>
   </div>
   <div class='ocr_carea' id='block_1_74' title="bbox 2210 2830 3187 2907">
    <p class='ocr_par' dir='ltr' id='par_1_74' title="bbox 2210 2830 3187 2907">
     <span class='ocr_line' id='line_1_74' title="bbox 2210 2830 3187 2907; baseline -0.001 -22"><span class='ocrx_word' id='word_1_475' title='bbox 2210 2855 2239 2885; x_wconf 85' lang='grc' dir='ltr'>ι(</span> <span class='ocrx_word' id='word_1_476' title='bbox 2271 2833 2407 2907; x_wconf 77' lang='grc' dir='ltr'>πρὸς</span> <span class='ocrx_word' id='word_1_477' title='bbox 2434 2830 2563 2893; x_wconf 79' lang='grc' dir='ltr'>τοὺς</span> <span class='ocrx_word' id='word_1_478' title='bbox 2592 2832 3129 2907; x_wconf 84' lang='grc' dir='ltr'>παρατυγχάνοντας.</span> <span class='ocrx_word' id='word_1_479' title='bbox 3158 2853 3187 2883; x_wconf 82' lang='grc'><strong>››</strong></span> 
     </span>
    </p>
   </div>
   <div class='ocr_carea' id='block_1_75' title="bbox 2284 2913 3859 2997">
    <p class='ocr_par' dir='ltr' id='par_1_75' title="bbox 2284 2913 3859 2997">
     <span class='ocr_line' id='line_1_75' title="bbox 2284 2913 3859 2997; baseline -0.004 -22"><span class='ocrx_word' id='word_1_480' title='bbox 2284 2944 2310 2975; x_wconf 86' lang='grc' dir='ltr'>ιι</span> <span class='ocrx_word' id='word_1_481' title='bbox 2340 2922 2718 2996; x_wconf 85' lang='grc' dir='ltr'>ΙΙαρωξύνετο.</span> <span class='ocrx_word' id='word_1_482' title='bbox 2754 2944 2782 2973; x_wconf 86' lang='grc'>››</span> <span class='ocrx_word' id='word_1_483' title='bbox 2833 2920 2948 2979; x_wconf 86' lang='grc' dir='ltr'>Οὐκ</span> <span class='ocrx_word' id='word_1_484' title='bbox 3003 2920 3175 2996; x_wconf 73' lang='grc' dir='ltr'>ὀργὴν</span> <span class='ocrx_word' id='word_1_485' title='bbox 3229 2918 3458 2975; x_wconf 88' lang='grc' dir='ltr'>ἐνταῦθά</span> <span class='ocrx_word' id='word_1_486' title='bbox 3504 2938 3679 2997; x_wconf 79' lang='grc' dir='ltr'>φησιν,</span> <span class='ocrx_word' id='word_1_487' title='bbox 3727 2913 3859 2970; x_wconf 65' lang='grc' dir='ltr'>οὐδὲ</span> 
     </span>
    </p>
   </div>
   <div class='ocr_carea' id='block_1_76' title="bbox 2208 3004 3860 3087">
    <p class='ocr_par' dir='ltr' id='par_1_76' title="bbox 2208 3004 3860 3087">
     <span class='ocr_line' id='line_1_76' title="bbox 2208 3004 3860 3087; baseline -0.004 -21"><span class='ocrx_word' id='word_1_488' title='bbox 2208 3010 2591 3087; x_wconf 80' lang='grc' dir='ltr'>ἀγανάκτησιν·</span> <span class='ocrx_word' id='word_1_489' title='bbox 2653 3011 2819 3086; x_wconf 73' lang='grc' dir='ltr'>ὀργῆς</span> <span class='ocrx_word' id='word_1_490' title='bbox 2877 3009 2981 3086; x_wconf 73' lang='grc' dir='ltr'>γὰρ</span> <span class='ocrx_word' id='word_1_491' title='bbox 3037 3009 3126 3065; x_wconf 79' lang='grc' dir='ltr'>καὶ</span> <span class='ocrx_word' id='word_1_492' title='bbox 3203 3009 3607 3084; x_wconf 73' lang='grc' dir='ltr'>ἀγανακτήσεως</span> <span class='ocrx_word' id='word_1_493' title='bbox 3659 3004 3860 3081; x_wconf 77' lang='grc' dir='ltr'>πόῤῥω</span> 
     </span>
    </p>
   </div>
   <div class='ocr_carea' id='block_1_77' title="bbox 2206 3094 3867 3176">
    <p class='ocr_par' dir='ltr' id='par_1_77' title="bbox 2206 3094 3867 3176">
     <span class='ocr_line' id='line_1_77' title="bbox 2206 3094 3867 3176; baseline -0.005 -21"><span class='ocrx_word' id='word_1_494' title='bbox 2206 3100 2269 3155; x_wconf 85' lang='grc' dir='ltr'>τὸ</span> <span class='ocrx_word' id='word_1_495' title='bbox 2303 3102 2570 3176; x_wconf 78' lang='grc' dir='ltr'>χάρισμα.</span> <span class='ocrx_word' id='word_1_496' title='bbox 2603 3099 2672 3157; x_wconf 88' lang='grc' dir='ltr'>Τί</span> <span class='ocrx_word' id='word_1_497' title='bbox 2705 3100 2795 3154; x_wconf 77' lang='grc' dir='ltr'>οὐν</span> <span class='ocrx_word' id='word_1_498' title='bbox 2829 3098 2941 3153; x_wconf 89' lang='grc' dir='ltr'>ἐστι</span> <span class='ocrx_word' id='word_1_499' title='bbox 2980 3098 3065 3165; x_wconf 86' lang='grc' dir='ltr'>τὸ,</span> <span class='ocrx_word' id='word_1_500' title='bbox 3124 3098 3513 3173; x_wconf 74' lang='grc' dir='ltr'>Παρωξύνετος</span> <span class='ocrx_word' id='word_1_501' title='bbox 3568 3094 3681 3150; x_wconf 83' lang='grc' dir='ltr'>ἀντὶ</span> <span class='ocrx_word' id='word_1_502' title='bbox 3734 3097 3867 3163; x_wconf 87' lang='grc' dir='ltr'>τοῦ,</span> 
     </span>
    </p>
   </div>
   <div class='ocr_carea' id='block_1_78' title="bbox 2214 3182 3873 3269">
    <p class='ocr_par' dir='ltr' id='par_1_78' title="bbox 2214 3182 3873 3269">
     <span class='ocr_line' id='line_1_78' title="bbox 2214 3182 3873 3269; baseline -0.005 -24"><span class='ocrx_word' id='word_1_503' title='bbox 2214 3188 2545 3267; x_wconf 80' lang='grc' dir='ltr'>διηγείρετο,</span> <span class='ocrx_word' id='word_1_504' title='bbox 2600 3190 2703 3245; x_wconf 86' lang='grc' dir='ltr'>οὐκ</span> <span class='ocrx_word' id='word_1_505' title='bbox 2781 3183 2984 3269; x_wconf 77' lang='grc' dir='ltr'>ἔφερεν,</span> <span class='ocrx_word' id='word_1_506' title='bbox 3072 3185 3200 3243; x_wconf 88' lang='grc' dir='ltr'>ἀλλ’</span> <span class='ocrx_word' id='word_1_507' title='bbox 3275 3187 3520 3258; x_wconf 75' lang='grc' dir='ltr'>ἐτήκετο,</span> <span class='ocrx_word' id='word_1_508' title='bbox 3578 3182 3717 3249; x_wconf 75' lang='grc' dir='ltr'>καθὰ</span> <span class='ocrx_word' id='word_1_509' title='bbox 3769 3182 3873 3238; x_wconf 84' lang='grc' dir='ltr'>καὶ</span> 
     </span>
    </p>
   </div>
   <div class='ocr_carea' id='block_1_79' title="bbox 2128 3245 3874 3358">
    <p class='ocr_par' dir='ltr' id='par_1_79' title="bbox 2128 3245 3874 3358">
     <span class='ocr_line' id='line_1_79' title="bbox 2128 3245 3874 3358; baseline -0.006 -22"><span class='ocrx_word' id='word_1_510' title='bbox 2128 3245 2173 3315; x_wconf 72' lang='lat' dir='ltr'><strong>c</strong></span> <span class='ocrx_word' id='word_1_511' title='bbox 2212 3245 2468 3357; x_wconf 47' lang='lat' dir='ltr'>dliax&#39;oﬁ</span> <span class='ocrx_word' id='word_1_512' title='bbox 2534 3245 2741 3358; x_wconf 69' lang='grc' dir='ltr'>⁷φησιν.</span> <span class='ocrx_word' id='word_1_513' title='bbox 2821 3245 3080 3355; x_wconf 46' lang='grc' dir='ltr'>⁵’ἐγένετο</span> <span class='ocrx_word' id='word_1_514' title='bbox 3145 3276 3201 3332; x_wconf 80' lang='grc' dir='ltr'>δέ</span> <span class='ocrx_word' id='word_1_515' title='bbox 3257 3245 3609 3351; x_wconf 74' lang='grc' dir='ltr'>παροξυσμὸς</span> <span class='ocrx_word' id='word_1_516' title='bbox 3659 3245 3874 3348; x_wconf 72' lang='grc' dir='ltr'>μεταξὺ</span> 
     </span>
    </p>
   </div>
   <div class='ocr_carea' id='block_1_80' title="bbox 2209 3368 2804 3440">
    <p class='ocr_par' dir='ltr' id='par_1_80' title="bbox 2209 3368 2804 3440">
     <span class='ocr_line' id='line_1_80' title="bbox 2209 3368 2804 3440; baseline -0.003 -15"><span class='ocrx_word' id='word_1_517' title='bbox 2209 3369 2409 3440; x_wconf 88' lang='grc' dir='ltr'>αὐοῶν,</span> <span class='ocrx_word' id='word_1_518' title='bbox 2442 3369 2534 3424; x_wconf 85' lang='grc' dir='ltr'>καὶ</span> <span class='ocrx_word' id='word_1_519' title='bbox 2565 3370 2633 3423; x_wconf 88' lang='grc' dir='ltr'>τά</span> <span class='ocrx_word' id='word_1_520' title='bbox 2663 3368 2804 3439; x_wconf 73' lang='grc' dir='ltr'>ἑξῆς.</span> 
     </span>
    </p>
   </div>
   <div class='ocr_carea' id='block_1_81' title="bbox 2289 3455 3872 3532">
    <p class='ocr_par' dir='ltr' id='par_1_81' title="bbox 2289 3455 3872 3532">
     <span class='ocr_line' id='line_1_81' title="bbox 2289 3455 3872 3532; baseline -0.006 -18"><span class='ocrx_word' id='word_1_521' title='bbox 2289 3482 2314 3514; x_wconf 73' lang='grc' dir='ltr'>ε</span> <span class='ocrx_word' id='word_1_522' title='bbox 2354 3458 2508 3522; x_wconf 73' lang='grc' dir='ltr'>Τινὲς</span> <span class='ocrx_word' id='word_1_523' title='bbox 2567 3456 2623 3513; x_wconf 72' lang='grc' dir='ltr'>δὲ</span> <span class='ocrx_word' id='word_1_524' title='bbox 2678 3461 2789 3513; x_wconf 90' lang='grc' dir='ltr'>τῶν</span> <span class='ocrx_word' id='word_1_525' title='bbox 2842 3455 3236 3532; x_wconf 74' lang='grc' dir='ltr'>Ἐπικουρείων</span> <span class='ocrx_word' id='word_1_526' title='bbox 3296 3455 3387 3511; x_wconf 82' lang='grc' dir='ltr'>καὶ</span> <span class='ocrx_word' id='word_1_527' title='bbox 3435 3458 3545 3509; x_wconf 88' lang='grc' dir='ltr'>τῶν</span> <span class='ocrx_word' id='word_1_528' title='bbox 3606 3456 3872 3509; x_wconf 78' lang='grc' dir='ltr'>Στωϊκῶν</span> 
     </span>
    </p>
   </div>
   <div class='ocr_carea' id='block_1_82' title="bbox 2210 3539 3873 3627">
    <p class='ocr_par' dir='ltr' id='par_1_82' title="bbox 2210 3539 3873 3627">
     <span class='ocr_line' id='line_1_82' title="bbox 2210 3539 3873 3627; baseline -0.004 -25"><span class='ocrx_word' id='word_1_529' title='bbox 2210 3574 2238 3602; x_wconf 92' lang='grc'>‹‹</span> <span class='ocrx_word' id='word_1_530' title='bbox 2272 3547 2595 3627; x_wconf 74' lang='grc' dir='ltr'>φιλοσόφων</span> <span class='ocrx_word' id='word_1_531' title='bbox 2630 3541 2962 3602; x_wconf 69' lang='grc' dir='ltr'>συνέϐαλλον</span> <span class='ocrx_word' id='word_1_532' title='bbox 2993 3545 3162 3618; x_wconf 80' lang='grc' dir='ltr'>αὐτῷ,</span> <span class='ocrx_word' id='word_1_533' title='bbox 3203 3544 3294 3599; x_wconf 90' lang='grc' dir='ltr'>καί</span> <span class='ocrx_word' id='word_1_534' title='bbox 3348 3564 3491 3606; x_wconf 89' lang='grc' dir='ltr'>τινες</span> <span class='ocrx_word' id='word_1_535' title='bbox 3542 3539 3749 3616; x_wconf 80' lang='grc' dir='ltr'>ἔλεγον.</span> <span class='ocrx_word' id='word_1_536' title='bbox 3798 3539 3873 3597; x_wconf 88' lang='grc' dir='ltr'>Τί</span> 
     </span>
    </p>
   </div>
   <div class='ocr_carea' id='block_1_83' title="bbox 2212 3629 3879 3713">
    <p class='ocr_par' dir='ltr' id='par_1_83' title="bbox 2212 3629 3879 3713">
     <span class='ocr_line' id='line_1_83' title="bbox 2212 3629 3879 3713; baseline -0.003 -24"><span class='ocrx_word' id='word_1_537' title='bbox 2212 3663 2237 3689; x_wconf 88' lang='grc'><em>‹‹</em></span> <span class='ocrx_word' id='word_1_538' title='bbox 2276 3637 2333 3692; x_wconf 82' lang='grc' dir='ltr'>ἅν</span> <span class='ocrx_word' id='word_1_539' title='bbox 2369 3636 2515 3702; x_wconf 85' lang='grc' dir='ltr'>θέλει</span> <span class='ocrx_word' id='word_1_540' title='bbox 2547 3637 2575 3691; x_wconf 85' lang='grc' dir='ltr'>ὁ</span> <span class='ocrx_word' id='word_1_541' title='bbox 2627 3632 3011 3713; x_wconf 87' lang='grc' dir='ltr'>σπερμολόγος</span> <span class='ocrx_word' id='word_1_542' title='bbox 3065 3635 3224 3696; x_wconf 78' lang='grc' dir='ltr'>οὗτος</span> <span class='ocrx_word' id='word_1_543' title='bbox 3274 3631 3454 3710; x_wconf 73' lang='grc' dir='ltr'>λέγειν</span> <span class='ocrx_word' id='word_1_544' title='bbox 3483 3651 3497 3701; x_wconf 89' lang='grc'><strong>;</strong></span> <span class='ocrx_word' id='word_1_545' title='bbox 3529 3633 3597 3690; x_wconf 79' lang='grc' dir='ltr'><strong>Οἱ</strong></span> <span class='ocrx_word' id='word_1_546' title='bbox 3625 3629 3704 3691; x_wconf 84' lang='grc' dir='ltr'>δέ.</span> <span class='ocrx_word' id='word_1_547' title='bbox 3758 3629 3879 3685; x_wconf 77' lang='grc' dir='ltr'>Ξὲ-</span> 
     </span>
    </p>
   </div>
   <div class='ocr_carea' id='block_1_84' title="bbox 2210 3719 3882 3801">
    <p class='ocr_par' dir='ltr' id='par_1_84' title="bbox 2210 3719 3882 3801">
     <span class='ocr_line' id='line_1_84' title="bbox 2210 3719 3882 3801; baseline -0.003 -21"><span class='ocrx_word' id='word_1_548' title='bbox 2210 3753 2236 3780; x_wconf 86' lang='grc' dir='ltr'>(ι</span> <span class='ocrx_word' id='word_1_549' title='bbox 2272 3750 2376 3783; x_wconf 92' lang='grc' dir='ltr'>νων</span> <span class='ocrx_word' id='word_1_550' title='bbox 2438 3725 2737 3801; x_wconf 87' lang='grc' dir='ltr'>δαιμονίων</span> <span class='ocrx_word' id='word_1_551' title='bbox 2795 3723 2945 3782; x_wconf 82' lang='grc' dir='ltr'>δοκεῖ</span> <span class='ocrx_word' id='word_1_552' title='bbox 2995 3722 3361 3801; x_wconf 82' lang='grc' dir='ltr'>καταγγελεὺς</span> <span class='ocrx_word' id='word_1_553' title='bbox 3417 3723 3573 3791; x_wconf 78' lang='grc' dir='ltr'>εἶναι,</span> <span class='ocrx_word' id='word_1_554' title='bbox 3632 3722 3717 3777; x_wconf 72' lang='grc' dir='ltr'>ὅτι</span> <span class='ocrx_word' id='word_1_555' title='bbox 3777 3719 3882 3776; x_wconf 80' lang='grc' dir='ltr'>τὸν</span> 
     </span>
    </p>
   </div>
   <div class='ocr_carea' id='block_1_85' title="bbox 2206 3808 3880 3889">
    <p class='ocr_par' dir='ltr' id='par_1_85' title="bbox 2206 3808 3880 3889">
     <span class='ocr_line' id='line_1_85' title="bbox 2206 3808 3880 3889; baseline -0.005 -16"><span class='ocrx_word' id='word_1_556' title='bbox 2206 3840 2231 3873; x_wconf 71' lang='grc' dir='ltr'>α</span> <span class='ocrx_word' id='word_1_557' title='bbox 2271 3819 2478 3889; x_wconf 77' lang='grc' dir='ltr'>Ἰησοῦν</span> <span class='ocrx_word' id='word_1_558' title='bbox 2508 3817 2598 3873; x_wconf 81' lang='grc' dir='ltr'>καὶ</span> <span class='ocrx_word' id='word_1_559' title='bbox 2643 3818 2745 3887; x_wconf 77' lang='grc' dir='ltr'>τήν</span> <span class='ocrx_word' id='word_1_560' title='bbox 2806 3815 3089 3871; x_wconf 85' lang='grc' dir='ltr'>ἀνάστασιν</span> <span class='ocrx_word' id='word_1_561' title='bbox 3149 3812 3338 3876; x_wconf 81' lang='grc' dir='ltr'>αὐτοῖς</span> <span class='ocrx_word' id='word_1_562' title='bbox 3398 3808 3814 3889; x_wconf 87' lang='grc' dir='ltr'>εὐηγγελίζετο.</span> <span class='ocrx_word' id='word_1_563' title='bbox 3849 3830 3880 3864; x_wconf 74' lang='grc' dir='ltr'><strong><em>ι</em></strong></span> 
     </span>
    </p>
   </div>
   <div class='ocr_carea' id='block_1_86' title="bbox 2280 3988 3887 4071">
    <p class='ocr_par' dir='ltr' id='par_1_86' title="bbox 2280 3988 3887 4071">
     <span class='ocr_line' id='line_1_86' title="bbox 2280 3988 3887 4071; baseline -0.006 -16"><span class='ocrx_word' id='word_1_564' title='bbox 2280 3999 2348 4055; x_wconf 75' lang='grc' dir='ltr'>Οἱ</span> <span class='ocrx_word' id='word_1_565' title='bbox 2402 3998 2495 4071; x_wconf 73' lang='grc' dir='ltr'>μὲν</span> <span class='ocrx_word' id='word_1_566' title='bbox 2558 3995 2923 4069; x_wconf 85' lang='grc' dir='ltr'>Ἐπικούρειοι</span> <span class='ocrx_word' id='word_1_567' title='bbox 3007 3993 3313 4068; x_wconf 90' lang='grc' dir='ltr'>αὐτόματον</span> <span class='ocrx_word' id='word_1_568' title='bbox 3383 3993 3474 4047; x_wconf 85' lang='grc' dir='ltr'>καὶ</span> <span class='ocrx_word' id='word_1_569' title='bbox 3528 3991 3578 4065; x_wconf 81' lang='grc' dir='ltr'>ἐξ</span> <span class='ocrx_word' id='word_1_570' title='bbox 3637 3988 3887 4064; x_wconf 84' lang='grc' dir='ltr'>ἀτόμων</span> 
     </span>
    </p>
   </div>
   <div class='ocr_carea' id='block_1_87' title="bbox 2211 4081 3891 4157">
    <p class='ocr_par' dir='ltr' id='par_1_87' title="bbox 2211 4081 3891 4157">
     <span class='ocr_line' id='line_1_87' title="bbox 2211 4081 3891 4157; baseline -0.004 -14"><span class='ocrx_word' id='word_1_571' title='bbox 2211 4084 2527 4157; x_wconf 76' lang='grc' dir='ltr'>δοξάζουσιν</span> <span class='ocrx_word' id='word_1_572' title='bbox 2565 4087 2804 4143; x_wconf 79' lang='grc' dir='ltr'>εἶναιτὸ</span> <span class='ocrx_word' id='word_1_573' title='bbox 2861 4091 2987 4140; x_wconf 77' lang='grc' dir='ltr'>πᾶν·</span> <span class='ocrx_word' id='word_1_574' title='bbox 3054 4086 3107 4140; x_wconf 77' lang='grc' dir='ltr'>οἱ</span> <span class='ocrx_word' id='word_1_575' title='bbox 3163 4081 3220 4139; x_wconf 74' lang='grc' dir='ltr'>δὲ</span> <span class='ocrx_word' id='word_1_576' title='bbox 3278 4083 3497 4140; x_wconf 79' lang='grc' dir='ltr'>Στοϊκοὶ</span> <span class='ocrx_word' id='word_1_577' title='bbox 3556 4086 3717 4155; x_wconf 90' lang='grc' dir='ltr'>σῶμα</span> <span class='ocrx_word' id='word_1_578' title='bbox 3781 4083 3891 4137; x_wconf 81' lang='grc' dir='ltr'>καὶ</span> 
     </span>
    </p>
   </div>
   <div class='ocr_carea' id='block_1_88' title="bbox 2210 4172 3901 4253">
    <p class='ocr_par' dir='ltr' id='par_1_88' title="bbox 2210 4172 3901 4253">
     <span class='ocr_line' id='line_1_88' title="bbox 2210 4172 3901 4253; baseline -0.003 -20"><span class='ocrx_word' id='word_1_579' title='bbox 2210 4177 2536 4253; x_wconf 75' lang='grc' dir='ltr'>ἐκπύρωσιν.</span> <span class='ocrx_word' id='word_1_580' title='bbox 2606 4177 2758 4236; x_wconf 73' lang='grc' dir='ltr'>Τινὲς</span> <span class='ocrx_word' id='word_1_581' title='bbox 2813 4174 2905 4230; x_wconf 76' lang='grc' dir='ltr'>οῦν</span> <span class='ocrx_word' id='word_1_582' title='bbox 2967 4175 3017 4248; x_wconf 80' lang='grc' dir='ltr'>ἐξ</span> <span class='ocrx_word' id='word_1_583' title='bbox 3079 4173 3254 4230; x_wconf 88' lang='grc' dir='ltr'>αὐτῶν</span> <span class='ocrx_word' id='word_1_584' title='bbox 3313 4173 3399 4229; x_wconf 79' lang='grc' dir='ltr'>ἐπὶ</span> <span class='ocrx_word' id='word_1_585' title='bbox 3470 4172 3665 4249; x_wconf 84' lang='grc' dir='ltr'>γνώσει</span> <span class='ocrx_word' id='word_1_586' title='bbox 3728 4173 3901 4250; x_wconf 71' lang='grc' dir='ltr'>μέγα</span> 
     </span>
    </p>
   </div>
   <div class='ocr_carea' id='block_1_89' title="bbox 2213 4261 3900 4346">
    <p class='ocr_par' dir='ltr' id='par_1_89' title="bbox 2213 4261 3900 4346">
     <span class='ocr_line' id='line_1_89' title="bbox 2213 4261 3900 4346; baseline -0.003 -24"><span class='ocrx_word' id='word_1_587' title='bbox 2213 4271 2553 4346; x_wconf 78' lang='grc' dir='ltr'>φρονοῦντες,</span> <span class='ocrx_word' id='word_1_588' title='bbox 2640 4266 2889 4336; x_wconf 80' lang='grc' dir='ltr'>ἀνοήτως</span> <span class='ocrx_word' id='word_1_589' title='bbox 2977 4263 3335 4341; x_wconf 83' lang='grc' dir='ltr'>ἐπιγελῶντες</span> <span class='ocrx_word' id='word_1_590' title='bbox 3414 4264 3505 4318; x_wconf 88' lang='grc' dir='ltr'>τὸν</span> <span class='ocrx_word' id='word_1_591' title='bbox 3587 4261 3900 4318; x_wconf 71' lang='grc' dir='ltr'>θεσπέσιον</span> 
     </span>
    </p>
   </div>
   <div class='ocr_carea' id='block_1_90' title="bbox 2212 4345 3907 4431">
    <p class='ocr_par' dir='ltr' id='par_1_90' title="bbox 2212 4345 3907 4431">
     <span class='ocr_line' id='line_1_90' title="bbox 2212 4345 3907 4431; baseline -0.003 -19"><span class='ocrx_word' id='word_1_592' title='bbox 2212 4345 2453 4428; x_wconf 84' lang='grc' dir='ltr'>Παῦλον,</span> <span class='ocrx_word' id='word_1_593' title='bbox 2484 4357 2550 4415; x_wconf 88' lang='grc' dir='ltr'>Τί</span> <span class='ocrx_word' id='word_1_594' title='bbox 2587 4354 2646 4411; x_wconf 83' lang='grc' dir='ltr'>ἂν</span> <span class='ocrx_word' id='word_1_595' title='bbox 2685 4355 2835 4421; x_wconf 72' lang='grc' dir='ltr'>θέλοι</span> <span class='ocrx_word' id='word_1_596' title='bbox 2870 4356 2897 4410; x_wconf 84' lang='grc' dir='ltr'>ὁ</span> <span class='ocrx_word' id='word_1_597' title='bbox 2925 4351 3313 4431; x_wconf 87' lang='grc' dir='ltr'>σπερμολόγος</span> <span class='ocrx_word' id='word_1_598' title='bbox 3359 4352 3559 4422; x_wconf 82' lang='grc' dir='ltr'>οὗτος;</span> <span class='ocrx_word' id='word_1_599' title='bbox 3595 4375 3623 4403; x_wconf 87' lang='grc'>››</span> <span class='ocrx_word' id='word_1_600' title='bbox 3678 4345 3907 4427; x_wconf 78' lang='grc' dir='ltr'>ἔλεγον</span> 
     </span>
    </p>
   </div>
   <div class='ocr_carea' id='block_1_91' title="bbox 2212 4439 3912 4520">
    <p class='ocr_par' dir='ltr' id='par_1_91' title="bbox 2212 4439 3912 4520">
     <span class='ocr_line' id='line_1_91' title="bbox 2212 4439 3912 4520; baseline -0.005 -19"><span class='ocrx_word' id='word_1_601' title='bbox 2212 4443 2420 4519; x_wconf 85' lang='grc' dir='ltr'>(ἐπειδή</span> <span class='ocrx_word' id='word_1_602' title='bbox 2453 4446 2554 4520; x_wconf 75' lang='grc' dir='ltr'>γὰρ</span> <span class='ocrx_word' id='word_1_603' title='bbox 2608 4441 2793 4520; x_wconf 76' lang='grc' dir='ltr'>ὄρνεόν</span> <span class='ocrx_word' id='word_1_604' title='bbox 2852 4443 2994 4500; x_wconf 89' lang='grc' dir='ltr'>ἐστιν</span> <span class='ocrx_word' id='word_1_605' title='bbox 3026 4446 3054 4500; x_wconf 86' lang='grc' dir='ltr'>ὁ</span> <span class='ocrx_word' id='word_1_606' title='bbox 3088 4441 3477 4519; x_wconf 87' lang='grc' dir='ltr'>σπερμολόγος</span> <span class='ocrx_word' id='word_1_607' title='bbox 3541 4439 3722 4517; x_wconf 76' lang='grc' dir='ltr'>βραχὺ</span> <span class='ocrx_word' id='word_1_608' title='bbox 3796 4441 3912 4496; x_wconf 81' lang='grc' dir='ltr'>καὶ</span> 
     </span>
    </p>
   </div>
   <div class='ocr_carea' id='block_1_92' title="bbox 2215 4530 3916 4609">
    <p class='ocr_par' dir='ltr' id='par_1_92' title="bbox 2215 4530 3916 4609">
     <span class='ocr_line' id='line_1_92' title="bbox 2215 4530 3916 4609; baseline -0.004 -17"><span class='ocrx_word' id='word_1_609' title='bbox 2215 4535 2451 4606; x_wconf 72' lang='grc' dir='ltr'>εὐτελὲς,</span> <span class='ocrx_word' id='word_1_610' title='bbox 2486 4531 2609 4590; x_wconf 71' lang='grc' dir='ltr'>οὐτε</span> <span class='ocrx_word' id='word_1_611' title='bbox 2640 4535 2777 4608; x_wconf 77' lang='grc' dir='ltr'>πρὸς</span> <span class='ocrx_word' id='word_1_612' title='bbox 2813 4535 3045 4609; x_wconf 78' lang='grc' dir='ltr'>βρῶσιν,</span> <span class='ocrx_word' id='word_1_613' title='bbox 3077 4531 3201 4588; x_wconf 73' lang='grc' dir='ltr'>οὔτε</span> <span class='ocrx_word' id='word_1_614' title='bbox 3256 4533 3393 4608; x_wconf 89' lang='grc' dir='ltr'>πρὸς</span> <span class='ocrx_word' id='word_1_615' title='bbox 3442 4533 3629 4607; x_wconf 75' lang='grc' dir='ltr'>τέρψιν</span> <span class='ocrx_word' id='word_1_616' title='bbox 3677 4530 3916 4603; x_wconf 73' lang='grc' dir='ltr'>ἐπιτή-</span> 
     </span>
    </p>
   </div>
   <div class='ocr_carea' id='block_1_93' title="bbox 451 4619 2096 4711">
    <p class='ocr_par' dir='ltr' id='par_1_93' title="bbox 451 4629 2096 4711">
     <span class='ocr_line' id='line_1_93' title="bbox 451 4629 2096 4711; baseline -0.005 -16"><span class='ocrx_word' id='word_1_617' title='bbox 451 4657 585 4711; x_wconf 82' lang='lat' dir='ltr'>quae</span> <span class='ocrx_word' id='word_1_618' title='bbox 648 4638 880 4710; x_wconf 81' lang='lat' dir='ltr'>abjccta</span> <span class='ocrx_word' id='word_1_619' title='bbox 938 4635 997 4688; x_wconf 89' lang='lat' dir='ltr'>in</span> <span class='ocrx_word' id='word_1_620' title='bbox 1058 4632 1246 4687; x_wconf 87' lang='lat' dir='ltr'>triviis</span> <span class='ocrx_word' id='word_1_621' title='bbox 1304 4630 1534 4685; x_wconf 88' lang='lat' dir='ltr'>semina</span> <span class='ocrx_word' id='word_1_622' title='bbox 1591 4629 1741 4684; x_wconf 89' lang='lat' dir='ltr'>solet</span> <span class='ocrx_word' id='word_1_623' title='bbox 1791 4630 2096 4705; x_wconf 42' lang='lat' dir='ltr'>colligere.</span> 
     </span>
    </p>
   </div>
   <div class='ocr_carea' id='block_1_94' title="bbox 2218 4619 3913 4711">
    <p class='ocr_par' dir='ltr' id='par_1_94' title="bbox 2222 4619 3913 4711">
     <span class='ocr_line' id='line_1_94' title="bbox 2222 4619 3913 4711; baseline -0.003 -30"><span class='ocrx_word' id='word_1_624' title='bbox 2222 4624 2385 4694; x_wconf 83' lang='grc' dir='ltr'>δειον,</span> <span class='ocrx_word' id='word_1_625' title='bbox 2415 4624 2482 4678; x_wconf 84' lang='grc' dir='ltr'>τὰ</span> <span class='ocrx_word' id='word_1_626' title='bbox 2517 4623 2569 4678; x_wconf 90' lang='grc' dir='ltr'>ἐν</span> <span class='ocrx_word' id='word_1_627' title='bbox 2600 4628 2718 4711; x_wconf 84' lang='grc' dir='ltr'>τοῖς</span> <span class='ocrx_word' id='word_1_628' title='bbox 2750 4619 3330 4699; x_wconf 76' lang='grc' dir='ltr'>τριόδοιςέῤῥιμμένα</span> <span class='ocrx_word' id='word_1_629' title='bbox 3375 4625 3484 4677; x_wconf 89' lang='grc' dir='ltr'>τῶν</span> <span class='ocrx_word' id='word_1_630' title='bbox 3545 4623 3913 4694; x_wconf 75' lang='grc' dir='ltr'>σπερμάτων</span> 
     </span>
    </p>
   </div>
   <div class='ocr_carea' id='block_1_95' title="bbox 447 4719 2105 4795">
    <p class='ocr_par' dir='ltr' id='par_1_95' title="bbox 447 4719 2105 4795">
     <span class='ocr_line' id='line_1_95' title="bbox 447 4719 2105 4795; baseline -0.005 -10"><span class='ocrx_word' id='word_1_631' title='bbox 447 4730 668 4785; x_wconf 89' lang='lat' dir='ltr'>idcirco</span> <span class='ocrx_word' id='word_1_632' title='bbox 703 4727 846 4781; x_wconf 88' lang='lat' dir='ltr'>viles</span> <span class='ocrx_word' id='word_1_633' title='bbox 878 4723 1151 4780; x_wconf 83' lang='lat' dir='ltr'>homines</span> <span class='ocrx_word' id='word_1_634' title='bbox 1203 4736 1597 4791; x_wconf 86' lang='lat' dir='ltr'>sermoneque</span> <span class='ocrx_word' id='word_1_635' title='bbox 1629 4719 1905 4792; x_wconf 88' lang='lat' dir='ltr'>indignos</span> <span class='ocrx_word' id='word_1_636' title='bbox 1939 4740 2105 4795; x_wconf 87' lang='lat' dir='ltr'>sper-</span> 
     </span>
    </p>
   </div>
   <div class='ocr_carea' id='block_1_96' title="bbox 446 4809 2104 4894">
    <p class='ocr_par' dir='ltr' id='par_1_96' title="bbox 446 4809 2104 4894">
     <span class='ocr_line' id='line_1_96' title="bbox 446 4809 2104 4894; baseline -0.003 -19"><span class='ocrx_word' id='word_1_637' title='bbox 446 4819 711 4894; x_wconf 79' lang='lat' dir='ltr'>mologos</span> <span class='ocrx_word' id='word_1_638' title='bbox 751 4815 1058 4872; x_wconf 88' lang='lat' dir='ltr'>vocabant.</span> <span class='ocrx_word' id='word_1_639' title='bbox 1120 4813 1266 4866; x_wconf 86' lang='lat' dir='ltr'>Item</span> <span class='ocrx_word' id='word_1_640' title='bbox 1328 4826 1612 4865; x_wconf 75' lang='lat' dir='ltr'>novorum</span> <span class='ocrx_word' id='word_1_641' title='bbox 1667 4809 2104 4869; x_wconf 64' lang='lat' dir='ltr'>daemoniorum</span> 
     </span>
    </p>
   </div>
   <div class='ocr_carea' id='block_1_97' title="bbox 451 4899 2109 4970">
    <p class='ocr_par' dir='ltr' id='par_1_97' title="bbox 451 4899 2109 4970">
     <span class='ocr_line' id='line_1_97' title="bbox 451 4899 2109 4970; baseline -0.002 -7"><span class='ocrx_word' id='word_1_642' title='bbox 451 4909 752 4963; x_wconf 86' lang='lat' dir='ltr'>doctorem</span> <span class='ocrx_word' id='word_1_643' title='bbox 787 4922 920 4961; x_wconf 90' lang='lat' dir='ltr'>eum</span> <span class='ocrx_word' id='word_1_644' title='bbox 954 4919 1085 4958; x_wconf 88' lang='lat' dir='ltr'>esse</span> <span class='ocrx_word' id='word_1_645' title='bbox 1118 4900 1418 4959; x_wconf 84' lang='lat' dir='ltr'>dicebant.</span> <span class='ocrx_word' id='word_1_646' title='bbox 1453 4899 1735 4970; x_wconf 88' lang='lat' dir='ltr'>quoniam</span> <span class='ocrx_word' id='word_1_647' title='bbox 1782 4900 1980 4957; x_wconf 84' lang='lat' dir='ltr'>Jesum</span> <span class='ocrx_word' id='word_1_648' title='bbox 2040 4920 2109 4959; x_wconf 86' lang='lat' dir='ltr'>ac</span> 
     </span>
    </p>
   </div>
   <div class='ocr_carea' id='block_1_98' title="bbox 451 4986 2108 5058">
    <p class='ocr_par' dir='ltr' id='par_1_98' title="bbox 451 4986 2108 5058">
     <span class='ocr_line' id='line_1_98' title="bbox 451 4986 2108 5058; baseline -0.002 -7"><span class='ocrx_word' id='word_1_649' title='bbox 451 4996 954 5052; x_wconf 84' lang='lat' dir='ltr'>resurrectionem</span> <span class='ocrx_word' id='word_1_650' title='bbox 1007 4988 1419 5047; x_wconf 88' lang='lat' dir='ltr'>annuntiabat.</span> <span class='ocrx_word' id='word_1_651' title='bbox 1488 4986 1795 5058; x_wconf 89' lang='lat' dir='ltr'>Siquidem</span> <span class='ocrx_word' id='word_1_652' title='bbox 1843 5007 2108 5047; x_wconf 86' lang='lat' dir='ltr'>resurre-</span> 
     </span>
    </p>
   </div>
   <div class='ocr_carea' id='block_1_99' title="bbox 454 5076 2114 5151">
    <p class='ocr_par' dir='ltr' id='par_1_99' title="bbox 454 5076 2114 5151">
     <span class='ocr_line' id='line_1_99' title="bbox 454 5076 2114 5151; baseline -0.003 -11"><span class='ocrx_word' id='word_1_653' title='bbox 454 5085 718 5140; x_wconf 90' lang='lat' dir='ltr'>ctionem</span> <span class='ocrx_word' id='word_1_654' title='bbox 751 5083 929 5138; x_wconf 89' lang='lat' dir='ltr'>deum</span> <span class='ocrx_word' id='word_1_655' title='bbox 976 5080 1318 5151; x_wconf 88' lang='lat' dir='ltr'>quempiam</span> <span class='ocrx_word' id='word_1_656' title='bbox 1370 5093 1500 5133; x_wconf 91' lang='lat' dir='ltr'>esse</span> <span class='ocrx_word' id='word_1_657' title='bbox 1546 5076 1987 5149; x_wconf 83' lang='lat' dir='ltr'>existimabant,</span> <span class='ocrx_word' id='word_1_658' title='bbox 2046 5084 2114 5135; x_wconf 89' lang='lat' dir='ltr'>ut</span> 
     </span>
    </p>
   </div>
   <div class='ocr_carea' id='block_1_100' title="bbox 454 5164 2113 5245">
    <p class='ocr_par' dir='ltr' id='par_1_100' title="bbox 454 5164 2113 5245">
     <span class='ocr_line' id='line_1_100' title="bbox 454 5164 2113 5245; baseline -0.002 -17"><span class='ocrx_word' id='word_1_659' title='bbox 454 5174 558 5245; x_wconf 90' lang='lat' dir='ltr'>qui</span> <span class='ocrx_word' id='word_1_660' title='bbox 592 5173 769 5227; x_wconf 86' lang='lat' dir='ltr'>etiam</span> <span class='ocrx_word' id='word_1_661' title='bbox 803 5170 1057 5226; x_wconf 85' lang='lat' dir='ltr'>feminas</span> <span class='ocrx_word' id='word_1_662' title='bbox 1089 5168 1284 5223; x_wconf 91' lang='lat' dir='ltr'>colere</span> <span class='ocrx_word' id='word_1_663' title='bbox 1312 5166 1544 5221; x_wconf 90' lang='lat' dir='ltr'>solent:</span> <span class='ocrx_word' id='word_1_664' title='bbox 1581 5164 1724 5219; x_wconf 89' lang='lat' dir='ltr'>deos</span> <span class='ocrx_word' id='word_1_665' title='bbox 1769 5166 1930 5221; x_wconf 89' lang='lat' dir='ltr'>enim</span> <span class='ocrx_word' id='word_1_666' title='bbox 1974 5184 2113 5224; x_wconf 89' lang='lat' dir='ltr'>suos</span> 
     </span>
    </p>
   </div>
   <div class='ocr_carea' id='block_1_101' title="bbox 451 5258 1099 5318">
    <p class='ocr_par' dir='ltr' id='par_1_101' title="bbox 451 5258 1099 5318">
     <span class='ocr_line' id='line_1_101' title="bbox 451 5258 1099 5318; baseline -0.005 -2"><span class='ocrx_word' id='word_1_667' title='bbox 451 5260 755 5318; x_wconf 86' lang='lat' dir='ltr'>vocabant</span> <span class='ocrx_word' id='word_1_668' title='bbox 785 5258 1099 5314; x_wconf 78' lang='lat' dir='ltr'>daemonia.</span> 
     </span>
    </p>
   </div>
   <div class='ocr_carea' id='block_1_102' title="bbox 524 5344 2114 5419">
    <p class='ocr_par' dir='ltr' id='par_1_102' title="bbox 524 5344 2114 5419">
     <span class='ocr_line' id='line_1_102' title="bbox 524 5344 2114 5419; baseline -0.001 -12"><span class='ocrx_word' id='word_1_669' title='bbox 524 5352 678 5407; x_wconf 79' lang='lat' dir='ltr'>I36</span> <span class='ocrx_word' id='word_1_670' title='bbox 698 5351 871 5413; x_wconf 82' lang='lat' dir='ltr'><strong>XVII,</strong></span> <span class='ocrx_word' id='word_1_671' title='bbox 906 5351 1096 5403; x_wconf 79' lang='grc'><strong>19-21.</strong></span> <span class='ocrx_word' id='word_1_672' title='bbox 1134 5376 1157 5399; x_wconf 84' lang='grc'>‹‹</span> <span class='ocrx_word' id='word_1_673' title='bbox 1189 5349 1259 5401; x_wconf 89' lang='lat' dir='ltr'>Et</span> <span class='ocrx_word' id='word_1_674' title='bbox 1290 5344 1734 5419; x_wconf 85' lang='lat' dir='ltr'>apprehensum</span> <span class='ocrx_word' id='word_1_675' title='bbox 1763 5360 1899 5401; x_wconf 88' lang='lat' dir='ltr'>cum</span> <span class='ocrx_word' id='word_1_676' title='bbox 1931 5346 2114 5405; x_wconf 83' lang='lat' dir='ltr'>duxe-</span> 
     </span>
    </p>
   </div>
   <div class='ocr_carea' id='block_1_103' title="bbox 451 5435 2115 5508">
    <p class='ocr_par' dir='ltr' id='par_1_103' title="bbox 451 5435 2115 5508">
     <span class='ocr_line' id='line_1_103' title="bbox 451 5435 2115 5508; baseline -0.002 -12"><span class='ocrx_word' id='word_1_677' title='bbox 451 5462 482 5495; x_wconf 82' lang='grc' dir='ltr'>ιι</span> <span class='ocrx_word' id='word_1_678' title='bbox 512 5446 654 5496; x_wconf 88' lang='lat' dir='ltr'>runt</span> <span class='ocrx_word' id='word_1_679' title='bbox 676 5440 748 5495; x_wconf 89' lang='lat' dir='ltr'>ad</span> <span class='ocrx_word' id='word_1_680' title='bbox 769 5442 1165 5508; x_wconf 85' lang='lat' dir='ltr'>Areopagum,</span> <span class='ocrx_word' id='word_1_681' title='bbox 1190 5435 1485 5491; x_wconf 88' lang='lat' dir='ltr'>dicentes:</span> <span class='ocrx_word' id='word_1_682' title='bbox 1513 5436 1919 5491; x_wconf 89' lang='lat' dir='ltr'>Possumusne</span> <span class='ocrx_word' id='word_1_683' title='bbox 1939 5438 2115 5508; x_wconf 89' lang='lat' dir='ltr'>scire,</span> 
     </span>
    </p>
   </div>
   <div class='ocr_carea' id='block_1_104' title="bbox 457 5523 2120 5602">
    <p class='ocr_par' dir='ltr' id='par_1_104' title="bbox 457 5523 2120 5602">
     <span class='ocr_line' id='line_1_104' title="bbox 457 5523 2120 5602; baseline 0.001 -19"><span class='ocrx_word' id='word_1_684' title='bbox 457 5552 482 5583; x_wconf 75' lang='grc' dir='ltr'>ιι</span> <span class='ocrx_word' id='word_1_685' title='bbox 522 5548 655 5602; x_wconf 65' lang='lat' dir='ltr'>quae</span> <span class='ocrx_word' id='word_1_686' title='bbox 690 5531 765 5585; x_wconf 90' lang='lat' dir='ltr'>sit</span> <span class='ocrx_word' id='word_1_687' title='bbox 797 5528 910 5583; x_wconf 88' lang='lat' dir='ltr'>ista</span> <span class='ocrx_word' id='word_1_688' title='bbox 940 5543 1111 5592; x_wconf 85' lang='lat' dir='ltr'>nova,</span> <span class='ocrx_word' id='word_1_689' title='bbox 1157 5543 1287 5597; x_wconf 70' lang='lat' dir='ltr'>qum</span> <span class='ocrx_word' id='word_1_690' title='bbox 1338 5541 1371 5580; x_wconf 93' lang='lat' dir='ltr'>a</span> <span class='ocrx_word' id='word_1_691' title='bbox 1416 5530 1470 5580; x_wconf 87' lang='lat' dir='ltr'>te</span> <span class='ocrx_word' id='word_1_692' title='bbox 1501 5523 1757 5579; x_wconf 85' lang='lat' dir='ltr'>refertur</span> <span class='ocrx_word' id='word_1_693' title='bbox 1806 5524 2120 5585; x_wconf 81' lang='lat' dir='ltr'>doctrina?</span> 
     </span>
    </p>
   </div>
   <div class='ocr_carea' id='block_1_105' title="bbox 449 5613 2119 5691">
    <p class='ocr_par' dir='ltr' id='par_1_105' title="bbox 449 5613 2119 5691">
     <span class='ocr_line' id='line_1_105' title="bbox 449 5613 2119 5691; baseline 0.001 -18"><span class='ocrx_word' id='word_1_694' title='bbox 449 5644 477 5674; x_wconf 84' lang='lat'>«</span> <span class='ocrx_word' id='word_1_695' title='bbox 513 5638 670 5678; x_wconf 86' lang='lat' dir='ltr'>nova</span> <span class='ocrx_word' id='word_1_696' title='bbox 698 5618 995 5691; x_wconf 89' lang='lat' dir='ltr'>siquidem</span> <span class='ocrx_word' id='word_1_697' title='bbox 1031 5615 1252 5689; x_wconf 87' lang='lat' dir='ltr'>ingeris</span> <span class='ocrx_word' id='word_1_698' title='bbox 1284 5614 1526 5670; x_wconf 90' lang='lat' dir='ltr'>auribus</span> <span class='ocrx_word' id='word_1_699' title='bbox 1557 5613 1800 5669; x_wconf 89' lang='lat' dir='ltr'>nostris.</span> <span class='ocrx_word' id='word_1_700' title='bbox 1834 5616 2119 5680; x_wconf 84' lang='lat' dir='ltr'>Volumus</span> 
     </span>
    </p>
   </div>
   <div class='ocr_carea' id='block_1_106' title="bbox 451 5704 2120 5786">
    <p class='ocr_par' dir='ltr' id='par_1_106' title="bbox 451 5704 2120 5786">
     <span class='ocr_line' id='line_1_106' title="bbox 451 5704 2120 5786; baseline 0 -19"><span class='ocrx_word' id='word_1_701' title='bbox 451 5736 481 5767; x_wconf 83' lang='lat'><strong>«</strong></span> <span class='ocrx_word' id='word_1_702' title='bbox 519 5728 656 5786; x_wconf 82' lang='lat' dir='ltr'>ergo</span> <span class='ocrx_word' id='word_1_703' title='bbox 686 5710 836 5767; x_wconf 86' lang='lat' dir='ltr'>scire</span> <span class='ocrx_word' id='word_1_704' title='bbox 864 5706 1151 5781; x_wconf 89' lang='lat' dir='ltr'>quidnam</span> <span class='ocrx_word' id='word_1_705' title='bbox 1175 5704 1363 5761; x_wconf 90' lang='lat' dir='ltr'>velint</span> <span class='ocrx_word' id='word_1_706' title='bbox 1387 5705 1513 5760; x_wconf 81' lang='lat' dir='ltr'>haec</span> <span class='ocrx_word' id='word_1_707' title='bbox 1541 5719 1692 5759; x_wconf 88' lang='lat' dir='ltr'>esse.</span> <span class='ocrx_word' id='word_1_708' title='bbox 1722 5704 2120 5768; x_wconf 83' lang='lat' dir='ltr'>Athenienses</span> 
     </span>
    </p>
   </div>
   <div class='ocr_carea' id='block_1_107' title="bbox 2213 4707 3921 4788">
    <p class='ocr_par' dir='ltr' id='par_1_107' title="bbox 2213 4707 3921 4788">
     <span class='ocr_line' id='line_1_107' title="bbox 2213 4707 3921 4788; baseline -0.006 -17"><span class='ocrx_word' id='word_1_709' title='bbox 2213 4715 2417 4775; x_wconf 74' lang='grc' dir='ltr'>εἰωθὸς</span> <span class='ocrx_word' id='word_1_710' title='bbox 2448 4710 2754 4788; x_wconf 75' lang='grc' dir='ltr'>συλλέγειν,</span> <span class='ocrx_word' id='word_1_711' title='bbox 2786 4713 2915 4777; x_wconf 82' lang='grc' dir='ltr'>τοὺς</span> <span class='ocrx_word' id='word_1_712' title='bbox 2964 4710 3200 4775; x_wconf 78' lang='grc' dir='ltr'>εὐτελεῖς</span> <span class='ocrx_word' id='word_1_713' title='bbox 3246 4712 3337 4766; x_wconf 81' lang='grc' dir='ltr'>καὶ</span> <span class='ocrx_word' id='word_1_714' title='bbox 3385 4711 3489 4765; x_wconf 88' lang='grc' dir='ltr'>οὐκ</span> <span class='ocrx_word' id='word_1_715' title='bbox 3538 4707 3720 4779; x_wconf 84' lang='grc' dir='ltr'>ἀξίους</span> <span class='ocrx_word' id='word_1_716' title='bbox 3788 4709 3921 4767; x_wconf 83' lang='grc' dir='ltr'>λό-</span> 
     </span>
    </p>
   </div>
   <div class='ocr_carea' id='block_1_108' title="bbox 2217 4797 3931 4889">
    <p class='ocr_par' dir='ltr' id='par_1_108' title="bbox 2217 4797 3931 4889">
     <span class='ocr_line' id='line_1_108' title="bbox 2217 4797 3931 4889; baseline 0.001 -31"><span class='ocrx_word' id='word_1_717' title='bbox 2217 4831 2349 4889; x_wconf 64' lang='grc' dir='ltr'>γου,</span> <span class='ocrx_word' id='word_1_718' title='bbox 2401 4804 2820 4882; x_wconf 78' lang='grc' dir='ltr'>σπερμολόγους</span> <span class='ocrx_word' id='word_1_719' title='bbox 2879 4803 3154 4875; x_wconf 85' lang='grc' dir='ltr'>ἐκάλουν)·</span> <span class='ocrx_word' id='word_1_720' title='bbox 3215 4803 3305 4858; x_wconf 84' lang='grc' dir='ltr'>καὶ</span> <span class='ocrx_word' id='word_1_721' title='bbox 3364 4801 3523 4873; x_wconf 75' lang='grc' dir='ltr'>ξένων</span> <span class='ocrx_word' id='word_1_722' title='bbox 3585 4797 3931 4873; x_wconf 82' lang='grc' dir='ltr'>δαιμονίων</span> 
     </span>
    </p>
   </div>
   <div class='ocr_carea' id='block_1_109' title="bbox 2218 4889 3929 4980">
    <p class='ocr_par' dir='ltr' id='par_1_109' title="bbox 2218 4889 3929 4980">
     <span class='ocr_line' id='line_1_109' title="bbox 2218 4889 3929 4980; baseline -0.006 -22"><span class='ocrx_word' id='word_1_723' title='bbox 2218 4898 2450 4980; x_wconf 77' lang='grc' dir='ltr'>ἔφασκον</span> <span class='ocrx_word' id='word_1_724' title='bbox 2481 4896 2645 4954; x_wconf 82' lang='grc' dir='ltr'>αὐτὸν</span> <span class='ocrx_word' id='word_1_725' title='bbox 2683 4896 2821 4949; x_wconf 81' lang='grc' dir='ltr'>εἶναι</span> <span class='ocrx_word' id='word_1_726' title='bbox 2866 4889 3218 4960; x_wconf 84' lang='grc' dir='ltr'>διδάσκαλον,</span> <span class='ocrx_word' id='word_1_727' title='bbox 3274 4889 3462 4960; x_wconf 84' lang='grc' dir='ltr'>ἐπειδή</span> <span class='ocrx_word' id='word_1_728' title='bbox 3520 4890 3612 4945; x_wconf 91' lang='grc' dir='ltr'>τὸν</span> <span class='ocrx_word' id='word_1_729' title='bbox 3660 4891 3929 4960; x_wconf 72' lang='grc' dir='ltr'>Ἰησοῦν</span> 
     </span>
    </p>
   </div>
   <div class='ocr_carea' id='block_1_110' title="bbox 2224 4981 3938 5063">
    <p class='ocr_par' dir='ltr' id='par_1_110' title="bbox 2224 4981 3938 5063">
     <span class='ocr_line' id='line_1_110' title="bbox 2224 4981 3938 5063; baseline -0.006 -15"><span class='ocrx_word' id='word_1_730' title='bbox 2224 4994 2315 5048; x_wconf 81' lang='grc' dir='ltr'>καὶ</span> <span class='ocrx_word' id='word_1_731' title='bbox 2351 4993 2453 5061; x_wconf 77' lang='grc' dir='ltr'>τήν</span> <span class='ocrx_word' id='word_1_732' title='bbox 2491 4987 2778 5044; x_wconf 83' lang='grc' dir='ltr'>ἀνάστασιν</span> <span class='ocrx_word' id='word_1_733' title='bbox 2836 4982 3250 5063; x_wconf 74' lang='grc' dir='ltr'>εὐηγγελίζετο,</span> <span class='ocrx_word' id='word_1_734' title='bbox 3312 4982 3417 5041; x_wconf 82' lang='grc' dir='ltr'>Καὶ</span> <span class='ocrx_word' id='word_1_735' title='bbox 3475 4981 3576 5059; x_wconf 74' lang='grc' dir='ltr'>γὰρ</span> <span class='ocrx_word' id='word_1_736' title='bbox 3635 4981 3722 5036; x_wconf 76' lang='grc' dir='ltr'><strong>καῖ</strong></span> <span class='ocrx_word' id='word_1_737' title='bbox 3798 4987 3938 5053; x_wconf 74' lang='grc' dir='ltr'>τήν</span> 
     </span>
    </p>
   </div>
   <div class='ocr_carea' id='block_1_111' title="bbox 2223 5069 3938 5147">
    <p class='ocr_par' dir='ltr' id='par_1_111' title="bbox 2223 5069 3938 5147">
     <span class='ocr_line' id='line_1_111' title="bbox 2223 5069 3938 5147; baseline -0.005 -10"><span class='ocrx_word' id='word_1_738' title='bbox 2223 5081 2514 5136; x_wconf 87' lang='grc' dir='ltr'>ἀνάστασιν</span> <span class='ocrx_word' id='word_1_739' title='bbox 2575 5077 2696 5143; x_wconf 78' lang='grc' dir='ltr'>θεόν</span> <span class='ocrx_word' id='word_1_740' title='bbox 2756 5095 2881 5130; x_wconf 90' lang='grc' dir='ltr'>τινα</span> <span class='ocrx_word' id='word_1_741' title='bbox 2935 5075 3076 5129; x_wconf 79' lang='grc' dir='ltr'>εἶναι</span> <span class='ocrx_word' id='word_1_742' title='bbox 3135 5071 3408 5147; x_wconf 80' lang='grc' dir='ltr'>ἐνόμιζον,</span> <span class='ocrx_word' id='word_1_743' title='bbox 3479 5069 3569 5128; x_wconf 72' lang='grc' dir='ltr'>ἅτε</span> <span class='ocrx_word' id='word_1_744' title='bbox 3624 5069 3938 5138; x_wconf 79' lang='grc' dir='ltr'>εἰωθότες</span> 
     </span>
    </p>
   </div>
   <div class='ocr_carea' id='block_1_112' title="bbox 2222 5158 3938 5241">
    <p class='ocr_par' dir='ltr' id='par_1_112' title="bbox 2222 5158 3938 5241">
     <span class='ocr_line' id='line_1_112' title="bbox 2222 5158 3938 5241; baseline -0.008 -14"><span class='ocrx_word' id='word_1_745' title='bbox 2222 5171 2314 5228; x_wconf 81' lang='grc' dir='ltr'>καὶ</span> <span class='ocrx_word' id='word_1_746' title='bbox 2343 5168 2570 5241; x_wconf 83' lang='grc' dir='ltr'>θηλείας</span> <span class='ocrx_word' id='word_1_747' title='bbox 2604 5160 2798 5221; x_wconf 69' lang='grc' dir='ltr'>σέϐειν·</span> <span class='ocrx_word' id='word_1_748' title='bbox 2836 5161 3094 5237; x_wconf 86' lang='grc' dir='ltr'>δαιμόνια</span> <span class='ocrx_word' id='word_1_749' title='bbox 3150 5162 3255 5239; x_wconf 77' lang='grc' dir='ltr'>γάρ</span> <span class='ocrx_word' id='word_1_750' title='bbox 3302 5163 3432 5223; x_wconf 85' lang='grc' dir='ltr'>τοὺς</span> <span class='ocrx_word' id='word_1_751' title='bbox 3489 5160 3643 5221; x_wconf 81' lang='grc' dir='ltr'>θεοὺς</span> <span class='ocrx_word' id='word_1_752' title='bbox 3699 5158 3938 5218; x_wconf 75' lang='grc' dir='ltr'>αὐτῶν</span> 
     </span>
    </p>
   </div>
   <div class='ocr_carea' id='block_1_113' title="bbox 2226 5258 2475 5317">
    <p class='ocr_par' dir='ltr' id='par_1_113' title="bbox 2226 5258 2475 5317">
     <span class='ocr_line' id='line_1_113' title="bbox 2226 5258 2475 5317; baseline -0.004 -1"><span class='ocrx_word' id='word_1_753' title='bbox 2226 5258 2453 5317; x_wconf 81' lang='grc' dir='ltr'>ἐκάλουν</span> <span class='ocrx_word' id='word_1_754' title='bbox 2464 5303 2475 5315; x_wconf 95' lang='grc'><strong>.</strong></span> 
     </span>
    </p>
   </div>
   <div class='ocr_carea' id='block_1_114' title="bbox 2298 5338 3941 5420">
    <p class='ocr_par' dir='ltr' id='par_1_114' title="bbox 2298 5338 3941 5420">
     <span class='ocr_line' id='line_1_114' title="bbox 2298 5338 3941 5420; baseline -0.007 -17"><span class='ocrx_word' id='word_1_755' title='bbox 2298 5375 2327 5403; x_wconf 79' lang='grc' dir='ltr'>ι(</span> <span class='ocrx_word' id='word_1_756' title='bbox 2355 5341 2787 5420; x_wconf 86' lang='grc' dir='ltr'>Ἐπιλαϐόμενοί</span> <span class='ocrx_word' id='word_1_757' title='bbox 2811 5364 2869 5399; x_wconf 83' lang='grc' dir='ltr'>τε</span> <span class='ocrx_word' id='word_1_758' title='bbox 2901 5341 3091 5410; x_wconf 87' lang='grc' dir='ltr'>αὐτοῦ,</span> <span class='ocrx_word' id='word_1_759' title='bbox 3130 5340 3218 5395; x_wconf 82' lang='grc' dir='ltr'>ἐπὶ</span> <span class='ocrx_word' id='word_1_760' title='bbox 3274 5342 3366 5396; x_wconf 86' lang='grc' dir='ltr'>τὸν</span> <span class='ocrx_word' id='word_1_761' title='bbox 3422 5344 3641 5415; x_wconf 74' lang='grc' dir='ltr'>’Ἄρειον</span> <span class='ocrx_word' id='word_1_762' title='bbox 3700 5338 3941 5419; x_wconf 80' lang='grc' dir='ltr'>πάγον</span> 
     </span>
    </p>
   </div>
   <div class='ocr_carea' id='block_1_115' title="bbox 2229 5428 3943 5514">
    <p class='ocr_par' dir='ltr' id='par_1_115' title="bbox 2229 5428 3943 5514">
     <span class='ocr_line' id='line_1_115' title="bbox 2229 5428 3943 5514; baseline -0.006 -21"><span class='ocrx_word' id='word_1_763' title='bbox 2229 5465 2256 5492; x_wconf 85' lang='grc'><strong>‹‹</strong></span> <span class='ocrx_word' id='word_1_764' title='bbox 2292 5438 2512 5514; x_wconf 75' lang='grc' dir='ltr'>ἣγαγον,</span> <span class='ocrx_word' id='word_1_765' title='bbox 2557 5433 2826 5512; x_wconf 55' lang='grc' dir='ltr'>λέγοντες</span> <span class='ocrx_word' id='word_1_766' title='bbox 2887 5432 3172 5505; x_wconf 82' lang='grc' dir='ltr'>Δυνάμεθα</span> <span class='ocrx_word' id='word_1_767' title='bbox 3227 5430 3427 5507; x_wconf 80' lang='grc' dir='ltr'>γνῶναι</span> <span class='ocrx_word' id='word_1_768' title='bbox 3485 5428 3568 5491; x_wconf 88' lang='grc' dir='ltr'>τίς</span> <span class='ocrx_word' id='word_1_769' title='bbox 3621 5430 3656 5498; x_wconf 76' lang='grc' dir='ltr'><strong>ἡ</strong></span> <span class='ocrx_word' id='word_1_770' title='bbox 3714 5431 3943 5503; x_wconf 75' lang='grc' dir='ltr'>καινὴ</span> 
     </span>
    </p>
   </div>
   <div class='ocr_carea' id='block_1_116' title="bbox 2234 5516 3950 5597">
    <p class='ocr_par' dir='ltr' id='par_1_116' title="bbox 2234 5516 3950 5597">
     <span class='ocr_line' id='line_1_116' title="bbox 2234 5516 3950 5597; baseline -0.003 -16"><span class='ocrx_word' id='word_1_771' title='bbox 2234 5553 2262 5581; x_wconf 90' lang='grc'>‹‹</span> <span class='ocrx_word' id='word_1_772' title='bbox 2294 5527 2429 5597; x_wconf 73' lang='grc' dir='ltr'>αὕτη</span> <span class='ocrx_word' id='word_1_773' title='bbox 2462 5528 2497 5596; x_wconf 77' lang='grc' dir='ltr'>ἡ</span> <span class='ocrx_word' id='word_1_774' title='bbox 2535 5525 2639 5580; x_wconf 86' lang='grc' dir='ltr'>ὑπὸ</span> <span class='ocrx_word' id='word_1_775' title='bbox 2672 5526 2767 5578; x_wconf 86' lang='grc' dir='ltr'>σοῦ</span> <span class='ocrx_word' id='word_1_776' title='bbox 2799 5517 3121 5594; x_wconf 79' lang='grc' dir='ltr'>λαλουμένη</span> <span class='ocrx_word' id='word_1_777' title='bbox 3164 5516 3368 5596; x_wconf 72' lang='grc' dir='ltr'>διδαχή</span> <span class='ocrx_word' id='word_1_778' title='bbox 3397 5538 3410 5589; x_wconf 89' lang='lat'><strong>;</strong></span> <span class='ocrx_word' id='word_1_779' title='bbox 3462 5518 3731 5590; x_wconf 78' lang='grc' dir='ltr'>ξενίζοντα</span> <span class='ocrx_word' id='word_1_780' title='bbox 3795 5520 3950 5596; x_wconf 81' lang='grc' dir='ltr'>γάρ</span> 
     </span>
    </p>
   </div>
   <div class='ocr_carea' id='block_1_117' title="bbox 2230 5604 3958 5693">
    <p class='ocr_par' dir='ltr' id='par_1_117' title="bbox 2230 5604 3958 5693">
     <span class='ocr_line' id='line_1_117' title="bbox 2230 5604 3958 5693; baseline -0.003 -21"><span class='ocrx_word' id='word_1_781' title='bbox 2230 5637 2413 5673; x_wconf 79' lang='grc' dir='ltr'>«τινα</span> <span class='ocrx_word' id='word_1_782' title='bbox 2472 5613 2735 5693; x_wconf 71' lang='grc' dir='ltr'>εἰσφέρεις</span> <span class='ocrx_word' id='word_1_783' title='bbox 2792 5610 2868 5675; x_wconf 82' lang='grc' dir='ltr'>εἷς</span> <span class='ocrx_word' id='word_1_784' title='bbox 2927 5610 3023 5672; x_wconf 79' lang='grc' dir='ltr'>τὰς</span> <span class='ocrx_word' id='word_1_785' title='bbox 3082 5608 3248 5671; x_wconf 82' lang='grc' dir='ltr'>ἀκοὰς</span> <span class='ocrx_word' id='word_1_786' title='bbox 3306 5609 3488 5681; x_wconf 81' lang='grc' dir='ltr'>ἡμῶν.</span> <span class='ocrx_word' id='word_1_787' title='bbox 3560 5604 3958 5678; x_wconf 74' lang='grc' dir='ltr'>Βουλ,ύμεθα</span> 
     </span>
    </p>
   </div>
   <div class='ocr_carea' id='block_1_118' title="bbox 2236 5697 3969 5786">
    <p class='ocr_par' dir='ltr' id='par_1_118' title="bbox 2236 5697 3969 5786">
     <span class='ocr_line' id='line_1_118' title="bbox 2236 5697 3969 5786; baseline -0.008 -23"><span class='ocrx_word' id='word_1_788' title='bbox 2236 5734 2257 5762; x_wconf 74' lang='grc' dir='ltr'><strong><em>α</em></strong></span> <span class='ocrx_word' id='word_1_789' title='bbox 2296 5705 2388 5763; x_wconf 82' lang='grc' dir='ltr'>οῦν</span> <span class='ocrx_word' id='word_1_790' title='bbox 2418 5709 2641 5786; x_wconf 87' lang='grc' dir='ltr'>γνῶναι,</span> <span class='ocrx_word' id='word_1_791' title='bbox 2667 5704 2720 5761; x_wconf 89' lang='grc' dir='ltr'>τί</span> <span class='ocrx_word' id='word_1_792' title='bbox 2751 5703 2813 5759; x_wconf 76' lang='grc' dir='ltr'>ἄν</span> <span class='ocrx_word' id='word_1_793' title='bbox 2844 5699 3000 5767; x_wconf 84' lang='grc' dir='ltr'>θὲλοι</span> <span class='ocrx_word' id='word_1_794' title='bbox 3045 5702 3214 5756; x_wconf 89' lang='grc' dir='ltr'>ταῦτα</span> <span class='ocrx_word' id='word_1_795' title='bbox 3270 5699 3431 5757; x_wconf 78' lang='grc' dir='ltr'>εἶναι.</span> <span class='ocrx_word' id='word_1_796' title='bbox 3490 5699 3786 5769; x_wconf 79' lang='grc' dir='ltr'>Ἀθηναῖοι</span> <span class='ocrx_word' id='word_1_797' title='bbox 3880 5697 3969 5759; x_wconf 58' lang='lat' dir='ltr'>Si</span> 
     </span>
    </p>
   </div>
  </div>
