4112 6420
258 382 375 445 23⁷1

1311 387 1731 452 COMMENT.
1776 387 1857 449 IN
1901 384 2116 448 ACTA
2156 383 2764 449 APOSTOLORUM.

3613 388 3730 449 238

275 544 299 601 ς
336 517 533 582 πάντες
564 519 669 576 καὶ
701 523 764 576 οἱ
796 522 1200 599 ἐπιδημοῦντες
1249 521 1390 597 ξένοι
1442 523 1518 588 εἰς
1577 520 1730 579 οὐδὲν
1784 520 1963 601 ἕτερον

2084 548 2113 577 ‹‹
2145 530 2345 582 autem
2375 542 2603 590 omnes,
2640 526 2860 598 quique
2883 525 3006 582 illic
3025 524 3416 582 versabantur
3440 527 3728 600 hospites,

281 635 311 663 α
341 608 671 686 ηὓκαίρουν,
702 608 744 682 ἤ
781 610 970 688 λέγειν
1000 634 1055 671 τι
1083 614 1170 669 καὶ
1203 613 1418 671 ἀκούειν
1450 614 1784 691 καινότερον.
1824 638 1845 666 ι

372 817 393 844 ι
426 792 669 870 Ἥγαγον
700 790 892 862 αὐτὸν,
926 814 1116 872 φησιν,
1148 791 1237 849 ἐπὶ
1294 794 1386 849 τὸν
1439 795 1660 869 Ἀρειον
1712 793 1902 870 πάγον,
1938 817 1967 845 ››

288 881 405 957 οὐχ
430 878 508 945 ὣς
536 902 593 937 τι
655 882 874 954 μαθεῖν,
928 881 1057 939 ἀλλ’
1117 879 1256 938 ὣστε
1311 882 1668 953 κολάσεσθαι,
1723 879 1849 947 ἔνθα
1906 896 1965 950 αἱ

286 972 517 1047 ιρονικαὶ
548 968 716 1028 δίκαι.
776 972 1004 1046 ’Ἄρειος
1062 969 1120 1026 δὲ
1173 972 1350 1045 πάγος
1407 970 1627 1047 ἐλέγετο
1687 972 1716 1027 6
1769 971 1963 1041 τόπος,

280 1059 481 1131 ἐπειδὴ
515 1062 544 1115 6
577 1066 778 1137 ’Ἄρης-
812 1056 889 1123 ὥς
922 1083 1074 1134 φασι,
1120 1069 1223 1133 τῆς
1285 1062 1543 1141 μοιχείας
1589 1061 1760 1118 ἐκεῖσε
1811 1059 1964 1125 δίκας

280 1148 484 1207 ἔδωκε.
520 1150 712 1227 Πάγος
748 1147 807 1204 δὲ
838 1151 868 1205 6
905 1150 1120 1226 ὑψηλὸς
1149 1150 1339 1215 τόπος.
1396 1150 1449 1206 ἐν
1497 1152 1603 1228 γὰρ
1652 1149 1810 1230 ὄχθῳ
1858 1150 1964 1207 τινὶ

278 1242 354 1310 ἦν
411 1241 597 1297 ἐκεῖνο
657 1241 721 1296 τὸ
778 1237 1154 1317 δικαστήριον,
1246 1246 1399 1307 Ὅθεν
1485 1242 1574 1298 καὶ
1674 1242 1963 1318 Ηάγαρχοι

278 1330 590 1387 καλοῦνται
643 1330 791 1405 παρά
848 1351 994 1385 τισιν
1059 1332 1117 1385 οἱ
1173 1334 1280 1386 τῶν
1317 1331 1502 1387 τόπων
1534 1330 1570 1401 ἦ
1601 1335 1807 1405 κωμῶν
1863 1331 1961 1406 ἃρ-

281 1440 484 1498 χοντες
494 1465 510 1478 .

361 1537 391 1566 ιι
424 1512 658 1577 Σταθεὶς
685 1508 747 1567 δὲ
778 1513 808 1568 6
840 1512 1061 1575 Παῦλος
1091 1511 1144 1567 ἐν
1180 1511 1331 1587 μέσῳ
1361 1516 1463 1568 τοῦ
1502 1510 1713 1588 Ἀρείου
1762 1512 1960 1588 πάγου,

298 1601 483 1679 «ἔφη.
514 1597 744 1676 ’Δνδρες
777 1601 1081 1673 Ἀθηναῖοι,
1138 1602 1277 1658 κατά
1330 1601 1509 1657 πάντα
1565 1603 1640 1663 ὡς
1699 1598 1963 1658 δεισιδαι-

302 1716 335 1741 α
369 1690 716 1766 μονεστέρους
752 1692 825 1765 (2)
863 1691 1005 1762 ὑμᾶς
1035 1692 1245 1767 θεωρῶ.
1297 1692 1666 1766 Διερχόμενος
1716 1691 1821 1767 γάρ
1868 1691 1958 1747 καὶ

312 1804 335 1830 ι
372 1780 679 1855 ἀναθεωρῶν
700 1780 773 1834 τὰ
802 1774 1117 1853 σεϐάσματα
1160 1781 1336 1855 ὑμῶν,
1388 1780 1546 1855 εὗρον
1592 1780 1682 1835 καὶ
1744 1782 1955 1855 βωμὸν,

304 1892 339 1923 σι
375 1868 433 1924 ἐν
489 1869 535 1941 ᾧ
584 1868 971 1947 ἐπεγέγραπτο,
1057 1874 1375 1950 ΑΓΝΩΣΤῼ
1449 1873 1581 1948 ΘΕῼ

299 1981 328 2012 ι
360 1958 680 2032 ἀγνοοῦντες
756 1954 1046 2029 εὐσεϐεῖτε,
1135 1963 1327 2016 τοῦτον
1410 1958 1516 2035 ἐγὼ
1593 1959 1957 2038 καταγγέλλω

292 2073 323 2100 κ
359 2047 509 2121 ὑμῖν.
546 2071 573 2102 ι

361 2138 468 2192 Δύο
504 2137 688 2201 αἰτίας
721 2138 863 2194 εἶναι
915 2138 1139 2214 λέγουσι
1191 2140 1293 2196 τοῦ
1351 2139 1737 2218 ἐπιγράφεσθαι
1790 2141 1961 2211 Ἀθή-

282 2247 405 2301 νῃσι
440 2232 525 2299 τῷ
559 2228 769 2303 βωμῷ,
805 2231 1130 2308 ΑΓΝΩΣΤῼ
1159 2231 1313 2309 ΘΕῼ.
1344 2230 1413 2286 Οἱ
1474 2230 1569 2303 μὲν
1619 2229 1723 2306 γάρ
1772 2250 1955 2307 φασιν,

283 2316 363 2380 ὡς
391 2314 757 2387 Φιλιππίδην
782 2315 1028 2392 ἔπεμψαν
1066 2321 1357 2389 Ἀθηναῖοι
1414 2320 1549 2395 πρὸς
1610 2316 1957 2391 Λακεδαιμο-

282 2405 440 2470 νίους
466 2405 601 2482 περὶ
656 2405 1003 2482 συμμαχίας,
1056 2406 1218 2477 ἡνίκα
1278 2407 1475 2483 Πέρσαι
1532 2407 1957 2483 ἐπεστράτευσαν

284 2499 355 2569 τῇ
387 2493 658 2552 Ἑλλάδι.
694 2497 761 2574 ᾯ
791 2496 925 2551 κατᾶ
978 2497 1040 2552 τὸ
1094 2496 1385 2568 Παρθένιον
1442 2495 1570 2574 ὄρος
1624 2498 1797 2559 Πανὸς
1857 2496 1957 2573 φά-

286 2605 401 2658 σμα
432 2583 674 2664 ἐντυχὼ
708 2585 903 2660 ᾐτιᾶτο
952 2588 1048 2659 μὲν
1104 2586 1432 2657 ’Δθηναίους
1491 2588 1566 2650 ὡς
1624 2586 1959 2661 ἀμελοῦντας

284 2675 378 2748 μὶν
411 2676 618 2744 αὐτοῦ,
650 2673 861 2737 ἃλλους
896 2673 954 2731 δὲ
997 2674 1150 2740 θεοὺς
1208 2677 1621 2752 θεραπεύοντας,
1675 2676 1765 2732 καὶ
1821 2677 1956 2753 βοη-

283 2771 398 2829 θεῖν
464 2762 883 2842 ἐπηγγέλλετο.
937 2767 1274 2836 Νικήσαντες
1326 2767 1440 2837 οὗν,
1502 2767 1691 2841 ἐκείνῳ
1754 2787 1812 2822 τε
1865 2766 1958 2821 ἀν-

282 2853 522 2925 έστησαν
552 2854 716 2926 ναὸν,
750 2854 843 2909 καὶ
887 2854 1077 2930 βωμὸν
1136 2853 1524 2929 ὠκοδόμησαν.
1588 2858 1682 2915 Καὶ
1735 2857 1810 2918 ὡς
1857 2876 1959 2934 φυ-

292 2942 634 3019 λαττόμενοι
662 2945 741 3019 μή
772 2944 836 3000 τὸ
864 2943 995 3000 αὐτὸ
1026 2941 1095 3015 δὴ
1149 2958 1239 3001 και
1278 2945 1484 3003 ἄλλοτε
1533 2948 1780 3017 πάθοιεν,
1830 2963 1963 3020 παρ-

298 3035 437 3097 έντες
491 3034 627 3091 τινὰ
687 3035 809 3099 θεὸν
864 3033 1139 3111 ἄγνωστον
1224 3035 1430 3107 αὐτοῖς,
1517 3037 1813 3109 ἀνέστησαν
1869 3038 1961 3094 τὸν

291 3124 485 3199 βωμὸν
579 3123 793 3179 ἐκεῖνον
874 3121 1293 3200 ἐπιγράψαντες,
1395 3127 1717 3207 ΑΓΝΩΣΤῼ
1801 3130 1959 3206 ΘΕῼ,

284 3218 447 3270 τοῦτο
481 3213 773 3290 λέγοντες,
804 3215 890 3270 ’ὁτι
941 3214 1039 3269 Καὶ
1071 3214 1118 3270 εἳ
1144 3236 1230 3278 τις
1282 3213 1465 3292 ἕτερος
1524 3214 1773 3292 ἀγνοοῖτο
1829 3207 1958 3295 παρ’

285 3307 476 3377 ἡμῶν,
508 3304 593 3367 εἰς
628 3304 802 3377 τιμὴν
831 3302 1037 3359 ἐκείνου
1079 3302 1237 3368 οὗτος
1297 3302 1363 3376 δὴ
1424 3307 1551 3381 παρ’
1606 3309 1768 3380 ἡμῶν
1827 3306 1956 3385 ἐγη-

280 3392 487 3468 γέρθω,
518 3394 599 3456 ὡς
633 3391 699 3449 ἄν
725 3390 899 3455 ’ἵλεως
928 3394 1068 3467 ἡμῖν
1098 3392 1209 3466 εἴη,
1271 3392 1422 3469 εἷ’περ
1477 3396 1847 3471 ἀγνοούμενος
1880 3398 1957 3471 μὴ

283 3481 678 3558 θεραπεῦοιτο.
713 3481 924 3538 ’Ἄλλοι
958 3480 1015 3538 δέ
1043 3504 1223 3562 φασιν,
1260 3482 1345 3541 ὅτι
1405 3482 1604 3560 λοιμὸς
1658 3486 1960 3562 κατέσκηψέ

284 3593 429 3628 ποτε
460 3574 762 3648 Ἀθήνῃσι,
792 3573 886 3627 καὶ
945 3571 1022 3633 εἰς
1078 3577 1338 3630 τοσοῦτον
1398 3573 1594 3638 αὐτοὺς
1663 3575 1962 3647 ἐξέκαυσεν,

298 3660 380 3721 ὼς
434 3657 579 3731 μηῦὶ
606 3665 712 3715 τῶν
746 3659 1096 3717 λεπτοτάτων
1155 3661 1412 3719 σινδόνων
1463 3664 1765 3739 ἀνέχεσθαι.
1823 3666 1964 3727 Τοὺς

303 3748 713 3820 νομιζομένους
763 3749 857 3806 οῦν
918 3750 1096 3808 αὐτῶν
1148 3752 1303 3817 θεοὺς
1357 3754 1742 3830 θεραπεύοντες
1808 3752 1965 3811 οὐδὲν

308 3837 630 3895 ἆπὼναντο.
665 3841 1045 3912 Έννοήσαντες
1076 3842 1169 3897 οῦν
1225 3841 1307 3897 ὅτι
1364 3840 1500 3906 ἴσως
1554 3841 1664 3899 ἔστι
1724 3844 1862 3914 θεὸς,
1907 3844 1964 3901 ὅν

299 3927 467 3983 αὐτοὶ
526 3927 817 3987 κατέλιπον
875 3930 1191 4007 ἀγέραστον,
1221 3933 1250 3987 6
1305 3931 1397 3989 τὸν
1437 3931 1634 4007 λοιμὸν
1690 3932 1969 4008 καταπέμ-

293 4021 434 4092 ψας,
496 4018 620 4073 νέον
679 4017 1002 4093 δειμάμενοι
1086 4021 1300 4096 βωμὸν,
1380 4021 1469 4077 καὶ
1556 4022 1969 4099 ἐπιγράψαντες,

288 4114 645 4185 ΔΓΝΩΣἸᾨ
676 4111 832 4176 ΘΕΩ,
890 4110 981 4165 καὶ
1023 4110 1299 4182 θύσαντες,
1356 4111 1551 4175 εὐθέως
1611 4112 1971 4189 ἐθεραπεύθη-

288 4218 420 4256 σαν.
489 4202 703 4252 Τοῦτον
763 4196 855 4253 οῦν
912 4200 1143 4274 Χριστὸν
1201 4202 1410 4271 Ἰησοῦν
1467 4202 1602 4257 εἶναί
1671 4224 1804 4280 φησι
1862 4207 1971 4259 τῶν

290 4287 571 4343 ἁπάντων
602 4289 734 4342 Θεὸν
767 4289 796 4343 6
830 4288 1064 4359 Παῦλος,
1101 4290 1158 4344 ὅν
1206 4291 1298 4345 καὶ
1349 4289 1742 4369 καταγγέλλειν
1787 4295 1972 4356 αὐτοῖς

294 4374 566 4454 ἔφασκεν.
634 4378 793 4434 Ἐστι
853 4375 910 4434 δὲ
964 4381 1000 4449 ἠ
1069 4384 1212 4434 πᾶσα
1286 4384 1383 4435 τοῦ
1442 4382 1639 4456 βωμοῦ
1697 4381 1972 4460 ἐπιγραφὴ

298 4468 571 4539 τοιαύτη*
639 4472 796 4530 Θεοῖς
853 4467 1038 4532 Ἀσίας
1094 4470 1183 4525 καὶ
1262 4469 1537 4547 Εὐρώπης
1594 4471 1686 4526 καὶ
1740 4466 1974 4544 Λιϐύης,

292 4562 423 4630 Θεῷ
457 4556 740 4633 ἀγνώστῳ
761 4557 852 4611 καὶ
880 4557 1032 4632 ξένῳ.

295 4850 333 4879 ει
366 4827 421 4883 ἐν
449 4824 631 4899 αὐτῷ,
669 4826 830 4889 οὗτος
862 4827 1096 4903 οὐρανοῦ
1150 4827 1241 4885 καὶ
1296 4834 1400 4905 γῆς
1444 4830 1642 4904 Κύριος
1694 4829 1981 4907 ὑπάρχων,

306 4942 342 4971 σι
372 4918 479 4974 οὐκ
537 4917 592 4974 ἐν
654 4919 1077 4995 χειροποιήτοις
1155 4923 1307 4982 ναοῖς
1360 4925 1628 4988 κατοικεῖ,
1687 4918 1813 4976 οὐδὲ
1880 4920 1983 4977 ὑπὸ

306 5032 341 5059 α
375 5012 592 5085 χειρῶν
620 5008 928 5084 ἀνθρώπων
955 5008 1307 5082 θεραπεύεται
1360 5007 1763 5086 προσδεόμενός
1810 5031 1982 5079 τινος,

320 5121 349 5149 α
381 5097 546 5161 αὐτὸς
578 5094 764 5162 διδοὺς
823 5103 959 5154 πᾶσι
1022 5098 1166 5169 ζωὴν
1221 5099 1309 5154 καὶ
1370 5100 1543 5170 πνοὴν
1603 5100 1742 5156 κατᾶ
1784 5100 1982 5156 πάντα*

316 5214 347 5242 σι
376 5189 597 5264 ἐποίησέ
625 5213 683 5249 τε
711 5191 767 5263 ἐξ
814 5188 939 5250 ἑνὸς
1000 5184 1235 5261 αἳματος
1289 5194 1391 5245 πᾶν
1449 5187 1601 5254 ἔθνος
1660 5190 1983 5267 ἀνθρώπων,

322 5304 343 5334 ι
372 5290 636 5343 κατοικεῖν
670 5281 766 5340 ἐπὶ
800 5284 914 5337 πᾶν
941 5278 1009 5333 τὸ
1034 5277 1329 5351 πρόσωπον
1360 5284 1461 5348 τῆς
1489 5286 1612 5352 γῆς,
1647 5303 1671 5328 »

376 5375 479 5436 Ἵνα
509 5380 587 5457 μὴ
636 5372 969 5451 νομίσωσιν
1029 5362 1124 5424 ἕνα
1177 5371 1287 5425 τῶν
1341 5366 1570 5425 πολλῶν
1625 5370 1764 5426 εἶναι
1832 5371 1987 5432 Θεὸν.

329 5612 408 5693 (2)
435 5604 717 5673 Nomine
788 5583 1492 5693 Berctﬁazpovpcrépoié‘ui
1525 5588 1990 5693 supersititiogg.

450 5656 1473 5750 &;?§?.'pr0_?§‘_i_31?8i°{?5-ES“
1508 5656 1678 5750 9""?!
1730 5656 1989 5750 δεισξξοῖί·

254 5709 1144 5856 giuggieiiip’éﬁtitiogus.
1204 5709 1335 5803 quae
1395 5732 1694 5788 daemonia
1748 5734 1990 5808 veritus,

359 5819 376 5848 ι
600 5844 617 5852 ,
832 5813 841 5819 ·
1191 5810 1234 5826 ..
1310 5820 1316 5826 ,

359 5810 540 5848 ’δεῖν
588 5810 700 5826 -Ῠι
832 5813 841 5819 ·
1191 5810 1234 5826 .-
1310 5820 1316 5826 .

2076 638 2105 666 ‹‹
2139 615 2212 672 ad
2236 616 2391 672 nihil
2435 616 2600 672 aliud
2648 616 2961 684 vacabant,
3016 614 3132 672 nisi
3180 620 3248 673 ut
3296 615 3606 689 quidpiam
3636 615 3733 674 vel

2077 727 2105 756 ‹‹
2137 706 2406 762 dicerent
2435 706 2525 762 vel
2557 706 2837 761 audirent
2866 705 3021 761 novi.
3055 727 3084 756 ››

2146 817 2174 844 ‹‹
2209 795 2518 852 Duxerunt
2548 796 2744 868 ipsum
2773 793 2849 852 ad
2870 799 3260 867 AreOpagum.
3293 815 3317 840 »ι
3343 797 3471 852 Non
3518 800 3585 852 ut
3613 796 3727 853 ali-

2075 883 2220 955 quid
2250 884 2570 954 discerent,
2604 885 2707 941 sed
2737 890 2802 940 ut
2824 884 2904 940 ibi
2930 884 3245 956 puniretur
3268 884 3371 941 ubi
3402 885 3729 959 agebantur

2074 990 2267 1031 causa
2298 975 2663 1033 criminales.
2710 983 3053 1048 Areopagus
3112 980 3311 1031 autem
3378 981 3505 1030 erat
3559 975 3728 1032 locus

2075 1065 2322 1136 quidam
2351 1065 2435 1121 sic
2467 1066 2683 1133 dictus,
2717 1065 3003 1137 quoniam
3043 1065 3125 1120 ibi
3178 1066 3350 1133 Mars,
3394 1068 3462 1120 ut
3506 1064 3726 1135 ferunt,

2072 1154 2352 1210 adulterii
2384 1172 2589 1228 poenas
2621 1155 2803 1211 dedit.
2838 1154 3021 1229 ΙΙάγος
3067 1171 3202 1211 vero
3245 1154 3515 1210 excelsus
3563 1154 3729 1212 locus

2073 1249 2205 1299 est:
2241 1245 2541 1316 siquidem
2581 1246 2643 1301 in
2703 1246 2856 1302 colle
2907 1245 3167 1317 quodam
3227 1251 3355 1301 erat
3399 1244 3569 1301 locus
3626 1244 3729 1302 ille

2061 1333 2301 1406 judicii.
2332 1335 2498 1391 Unde
2532 1336 2711 1391 etiam
2742 1334 2899 1409 apud
2929 1334 3257 1392 nonnullos
3299 1332 3581 1412 πάγαρχοι
3629 1351 3730 1407 ap-

2069 1423 2374 1495 pellantur
2403 1424 2672 1482 locorum
2697 1442 2764 1481 ac
2791 1424 3147 1498 oppidorum
3175 1422 3482 1498 praesides.

2140 1512 2311 1584 XVII,
2344 1517 2432 1582 22,
2464 1517 2552 1572 23.
2603 1537 2632 1566 «
2668 1516 2840 1571 Stans
2898 1519 3098 1571 autem
3149 1513 3371 1571 Paulus
3412 1513 3476 1569 in
3527 1512 3724 1570 medio

2075 1620 2097 1650 (
2120 1603 2312 1658 Martii
2338 1603 2492 1677 pagi,
2519 1603 2629 1660 ait:
2658 1603 2776 1659 Viri
2802 1604 3218 1673 Athenienses,
3252 1620 3357 1676 per
3371 1602 3575 1658 omnia
3602 1601 3727 1660 fere

2069 1714 2096 1741 «
2132 1693 2666 1764 superstitiosiores
2698 1711 2798 1750 vos
2831 1693 3022 1750 video.
3057 1693 3415 1750 Praeterieris
3461 1692 3622 1748 enim
3654 1708 3724 1750 ac

2068 1804 2096 1833 ‹‹
2131 1783 2545 1856 contemplans
2576 1783 2827 1840 delubra
2859 1789 3071 1851 vestra,
3105 1783 3298 1857 reperi
3331 1788 3389 1839 et
3437 1798 3601 1839 aram
3661 1783 3725 1838 in

1686 1871 1783 1928 Ὄν
1817 1875 1959 1967 .-οὖν
1992 1899 2037 1967 Β
2072 1892 2100 1921 ‹‹
2131 1889 2250 1967 qua
2276 1873 2633 1967 inscriptum
2655 1879 2793 1967 erat
2819 1890 2831 1927 :
2856 1874 3115 1930 IGNOTO
3146 1872 3729 1967 DEO.-Quem_igitur

2070 1983 2099 2012 «
2132 1961 2475 2035 ignorantes
2505 1963 2722 2035 colitis,
2757 1964 2916 2020 hunc
2947 1980 3051 2037 ego
3084 1963 3373 2020 annuntio
3405 1962 3592 2018 vobis.
3622 1985 3653 2013 ››

2140 2142 2295 2197 Duas
2322 2158 2457 2197 vero
2490 2159 2701 2223 causas
2734 2142 3000 2198 referunt
3021 2159 3128 2197 cur
3148 2141 3303 2213 apud
3322 2141 3722 2198 Athenienses

2068 2232 2421 2304 inscriptum
2451 2233 2631 2288 fuerit
2660 2251 2776 2289 arm
2804 2252 2817 2289 :
2850 2236 3054 2306 Ignoto
3098 2235 3235 2288 Deo.
3272 2233 3577 2304 Siquidem
3610 2233 3723 2289 ali-

2070 2321 2171 2392 qui
2190 2321 2584 2394 dicunt,quod
2604 2323 3003 2379 Athenienses
3017 2322 3416 2395 Philippidem
3432 2323 3722 2378 miserant

2069 2410 2144 2466 ad
2170 2410 2648 2469 Lacedaemonios
2697 2413 2771 2469 de
2800 2413 3042 2469 ferendo
3076 2413 3316 2477 auxilio,
3350 2430 3484 2469 cum
3526 2414 3720 2468 Persas

2071 2502 2397 2558 exercitum
2429 2503 2715 2560 ducerent
2744 2504 2807 2558 in
2838 2502 3144 2559 Graeciam.
3180 2504 3440 2569 Quorum
3497 2503 3725 2559 nuntiis

2060 2591 2236 2663 juxta
2264 2593 2653 2649 Parthenium
2685 2590 2949 2649 montem
2983 2593 3152 2648 Panis
3175 2598 3475 2664 spectrum
3497 2593 3729 2649 obviam

2066 2677 2313 2748 factum,
2346 2682 2741 2738 Athenienses
2763 2683 3101 2749 accusabat,
3127 2682 3309 2754 quod,
3343 2700 3405 2739 se
3437 2684 3732 2756 neglecto,

2067 2768 2215 2824 alios
2241 2770 2383 2827 deos
2423 2771 2723 2830 colerent:
2783 2779 2840 2828 et
2888 2772 3175 2829 auxilium
3233 2772 3526 2844 promisit.
3586 2774 3733 2829 Cum

2067 2857 2269 2930 itaque
2293 2860 2539 2917 victoria
2560 2863 2730 2935 potiti
2755 2868 2975 2929 essent,
2994 2862 3286 2934 templum
3301 2862 3388 2917 illi
3412 2867 3735 2919 erexerunt

2070 2963 2356 3022 aramque
2383 2950 2767 3007 aediﬁcarunt
2806 2957 2863 3007 et
2901 2957 3186 3024 tanquam
3242 2951 3626 3008 observantes
3656 2969 3733 3009 ne

2070 3037 2160 3092 vel
2194 3039 2354 3095 idem
2386 3056 2531 3097 sane
2562 3041 2656 3097 vel
2683 3040 2850 3097 aliud
2881 3042 3075 3097 simile
3136 3041 3281 3113 ipsis
3329 3040 3646 3108 accideret,
3680 3040 3732 3095 si

2073 3129 2419 3200 quempiam
2454 3129 2725 3203 ignotum
2781 3129 2895 3185 sibi
2952 3130 3128 3187 deum
3183 3129 3733 3202 praetermitterent,

2073 3233 2237 3274 aram
2263 3218 2432 3274 illam
2463 3224 2801 3288 erexerunt,
2835 3219 3236 3275 inscribentes
3267 3235 3280 3274 :
3341 3218 3548 3291 Ignoto
3589 3219 3734 3287 Deo,

2070 3308 2379 3364 dicentes:
2413 3308 2471 3362 Si
2502 3309 2637 3379 quis
2667 3309 2860 3365 adhuc
2893 3310 3045 3365 alius
3104 3325 3139 3364 a
3186 3307 3360 3364 nobis
3405 3307 3734 3380 ignoretur,

2072 3399 2135 3453 in
2167 3396 2297 3470 ejus
2326 3398 2619 3454 honorem
2645 3398 2772 3454 hasc
2809 3415 2912 3454 ara
2932 3415 2968 3454 a
2996 3397 3172 3454 nobis
3204 3401 3401 3452 erecta
3429 3400 3577 3464 esto,
3613 3413 3730 3469 quo

2071 3487 2245 3543 nobis
2285 3488 2583 3560 propitius
2643 3489 2738 3557 sit,
2800 3488 2963 3554 licet,
3033 3504 3169 3543 cum
3222 3487 3551 3560 ignoretur,
3610 3503 3733 3543 non

2075 3577 2322 3633 colatur.
2356 3578 2472 3634 Alii
2501 3595 2635 3634 vero
2669 3579 2840 3634 aiunt
2885 3583 3117 3651 pestem
3148 3576 3453 3649 quondam
3483 3577 3734 3633 Athenis

2074 3671 2401 3741 grassatam
2423 3666 2627 3735 fuisse,
2657 3668 2925 3739 adeoque
2958 3668 3094 3722 illos
3124 3666 3410 3734 exusisse,
3444 3671 3512 3720 ut
3543 3682 3735 3738 neque

2063 3743 2363 3811 'sindones
2397 3756 2780 3812 tenuissimas
2810 3761 3057 3828 possent
3086 3755 3362 3810 tolerare.
3396 3755 3548 3809 187
3589 3754 3737 3811 Cum

2079 3844 2260 3916 igitur
2280 3843 2547 3900 colerent
2577 3860 2700 3909 eos,
2726 3844 2825 3915 qui
2845 3844 3001 3916 apud
3035 3844 3194 3915 ipsos
3225 3842 3308 3897 dii
3342 3841 3739 3929 habebantur,

2026 4010 2031 4013 ‘
2081 3933 2229 3989 nihil
2246 3932 2561 4005 adjumenti
2582 3932 3544 4004 senserunt.lntelligentesitaque
3559 3946 3739 4002 quem

2083 4025 2219 4079 dam
2250 4022 2521 4079 fortassis
2553 4040 2681 4079 esse
2715 4024 2912 4089 deum,
2933 4039 3109 4093 quem
3136 4021 3249 4093 ipsi
3276 4020 3499 4092 absque
3514 4021 3740 4076 honore

2082 4113 2491 4185 reliquissent,
2521 4113 2621 4185 qui
2642 4119 2869 4186 pestem
2904 4112 3492 4173 immisisset,novam
3507 4115 3742 4166 exstru-

2082 4207 2298 4258 xerunt
2328 4218 2493 4258 aram
2525 4218 2593 4257 ac
2623 4202 3082 4273 inscripserunt.
3134 4201 3339 4267 Ignoto
3395 4201 3529 4255 Deo.
3564 4205 3738 4256 Gum-

2086 4308 2199 4364 que
2231 4291 2340 4363 ipsi
2376 4291 2835 4361 sacriﬁcassent,
2878 4291 3078 4347 statim
3120 4289 3306 4345 curati
3358 4294 3517 4345 sunt.
3566 4289 3736 4345 Hunc

2087 4397 2223 4454 ergo
2255 4381 2554 4435 Christum
2596 4381 2794 4437 Jesum
2853 4396 2983 4436 esse
3033 4380 3220 4436 Deum
3269 4380 3537 4434 omnium
3594 4377 3744 4433 dicit

2086 4469 2329 4537 Paulus,
2364 4486 2543 4540 quem
2592 4486 2655 4524 se
2698 4470 2818 4524 illis
2876 4469 3232 4526 annuntiare
3291 4467 3547 4524 dicebat.
3605 4468 3750 4523 Tota

2089 4563 2287 4614 autem
2317 4574 2432 4613 arae
2462 4557 2773 4630 inscriptio
2797 4558 2923 4615 haec
2957 4563 3079 4613 est:
3101 4558 3218 4612 Diis
3247 4556 3397 4612 Asiae
3417 4561 3469 4612 et
3496 4558 3745 4627 Europe

2008 4645 2054 4735 Β
2088 4666 2152 4705 ac
2182 4649 2387 4718 Libyae,
2420 4651 2528 4705 Deo
2558 4651 2749 4720 ignoto
2781 4655 2831 4704 et
2852 4651 3173 4721 peregrino.

376 4762 403 4793 ο
445 4739 513 4797 Ὀ
556 4737 693 4800 Θεὸς
749 4738 777 4792 6
831 4740 1069 4810 ποιήσας
1125 4738 1218 4795 τὸν
1274 4740 1483 4815 κόσμον
1542 4741 1630 4797 καὶ
1687 4734 1860 4797 πάντα
1917 4741 1984 4797 τὰ

2167 4736 2333 4806 FVII,
2366 4738 2556 4792 24-26.
2593 4760 2620 4789 «
2654 4740 2808 4793 Deus
2851 4739 2953 4810 qui
3004 4735 3271 4793 condidit
3325 4735 3639 4807 mundum,
3681 4749 3750 4791 ac

2095 4849 2123 4878 ‹‹
2157 4827 2361 4882 omnia
2390 4843 2520 4897 quae
2552 4826 2615 4882 in
2647 4843 2715 4882 eo
2748 4833 2909 4895 sunt,
2957 4827 3053 4882 hic
3101 4825 3232 4881 coeli
3285 4831 3343 4880 et
3388 4830 3563 4881 terrm
3612 4839 3751 4881 cum

2095 4938 2124 4967 «
2160 4915 2235 4970 sit
2267 4915 2577 4982 Dominus,
2609 4932 2730 4971 non
2763 4916 2825 4971 in
2856 4914 3215 4972 manufactis
3245 4912 3750 4986 templishabitat,

2098 5027 2127 5059 ι(
2158 5022 2269 5062 nec
2298 5004 2577 5061 manibus
2619 5006 2898 5062 humanis
2940 5005 3156 5062 colitur
3208 5004 3484 5076 indigens
3522 5003 3750 5075 aliquo,

2097 5118 2125 5147 «
2160 5112 2295 5151 cum
2328 5095 2453 5167 ipse
2487 5094 2585 5152 det
2616 5096 2794 5152 vitam
2826 5101 2883 5151 et
2913 5095 3166 5152 halitum
3197 5111 3304 5167 per
3325 5094 3560 5150 omnia:
3588 5093 3754 5149 fecit-

2099 5206 2129 5238 ‹‹
2160 5202 2275 5257 que
2302 5202 2373 5242 ex
2392 5202 2512 5243 uno
2540 5188 2829 5262 sanguine
2860 5203 3034 5242 omne
3085 5202 3271 5259 genus
3320 5184 3655 5253 hominum,
3686 5188 3755 5241 ut

2101 5297 2125 5328 α
2160 5275 2525 5334 inhabitaret
2554 5295 2733 5352 super
2761 5279 3100 5334 universam
3129 5277 3345 5334 faciem
3376 5281 3568 5332 terrae.
3604 5297 3633 5327 »

2170 5366 2249 5421 Ne
2307 5382 2494 5423 unum
2535 5384 2566 5424 e
2619 5368 2789 5442 vulgo
2847 5368 3096 5425 deorum
3156 5367 3572 5424 existimarent
3624 5380 3755 5421 esse

2101 5592 2303 5650 omnia
2332 5608 2439 5664 pro
2472 5587 2818 5646 numinibus
2850 5586 3012 5658 colit,
3044 5589 3103 5642 et
3132 5585 3396 5658 lapidem
3437 5586 3498 5639 et
3527 5581 3758 5653 lignum

2105 5673 2164 5717 et
2192 5665 2492 5717 sniritum.

2105 5673 2164 5723 et
2192 5673 2492 5737 spiritum.
