4112 6426
423 451 549 513 239

1554 446 1973 510 (ECUMENII
2015 447 2319 511 TRIGGIE
2360 448 2722 513 EPISCOPI

3731 448 3848 508 240

431 586 638 649 Deum,
671 585 771 657 qui
813 585 886 640 ab
917 585 1046 657 ipso
1074 584 1521 657 praedicaretur,
1573 583 1923 657 corrigendo
1970 583 2079 640 sub

2193 585 2282 639 τὸν
2353 585 2447 642 ὑπ’
2501 586 2672 643 αὐτοῦ
2727 583 3160 659 κηρυττόμενον,
3220 579 3537 658 διορθοῦται
3605 581 3848 661 ἐπάγων,

421 676 661 748 jungit:
705 696 733 725 «
766 676 893 729 Non
940 674 1003 728 in
1053 673 1413 729 manulactis
1469 673 1713 744 templis
1772 673 2019 730 habitat.
2053 695 2083 724 »

433 762 670 818 Habitat
703 762 999 833 siquidem
1026 763 1090 816 in
1120 762 1380 834 templis,
1428 778 1635 816 verum
1688 778 1807 817 non
1859 763 1922 817 in
1967 762 2083 828 his,

430 851 531 907 sed
565 853 628 907 in
660 853 861 908 anima
888 850 1171 907 humana.
1198 854 1397 923 Neque
1419 851 1579 907 enim
1602 852 1665 906 in
1684 852 1909 924 templo
1930 853 2089 908 Jero—

428 942 796 1014 solymorum
831 942 1098 998 habitare
1130 942 1369 1010 dicitur,
1423 942 1527 997 sed
1576 943 1832 1013 Operari.
1886 945 2086 1015 Neque

426 1031 708 1087 manibus
740 1030 1054 1087 hominum
1105 1031 1263 1103 apud
1311 1031 1544 1087 Judzeos
1592 1031 1921 1101 colebatur,
1983 1032 2088 1089 sed

426 1127 660 1176 mente:
691 1123 975 1193 quoniam
1006 1138 1118 1177 nec
1150 1121 1257 1177 illa
1288 1121 1371 1175 ita
1402 1122 1715 1193 expetebat
1753 1122 1924 1194 quasi
1957 1139 2086 1196 ege-

430 1215 542 1266 ret.
575 1212 748 1277 Num,
781 1210 997 1282 inquit,
1026 1210 1197 1266 edam
1230 1227 1441 1266 carnes
1462 1212 1814 1267 taurorum?
1832 1217 1933 1267 aut
1961 1229 2091 1268 san-

432 1300 671 1373 guinem
704 1301 1006 1356 hircorum
1031 1299 1248 1372 potabo
1274 1300 1302 1355 ‘I
1332 1306 1444 1356 etc.

502 1391 676 1459 XVII,
727 1393 918 1445 26-29.
980 1415 1006 1441 ιι
1067 1390 1411 1447 Praeﬁniens
1467 1390 1768 1447 destinata
1820 1398 2092 1463 tempora

435 1501 463 1531 ιι
496 1480 905 1551 terminosque
948 1478 1341 1535 habitationis
1371 1495 1599 1547 eorum,
1651 1486 1717 1535 ut
1756 1492 2093 1553 quaererent

431 1590 460 1618 «
494 1568 703 1637 Deum,
739 1569 788 1623 si
804 1569 956 1624 forte
988 1569 1233 1642 palpent
1259 1586 1395 1624 eum
1430 1574 1486 1624 et
1526 1570 1856 1638 inveniant,
1892 1586 2096 1642 quam-

429 1679 458 1709 ‹‹
492 1658 581 1713 vis
602 1674 724 1714 non
760 1658 933 1731 longe
966 1658 1120 1714 absit
1151 1658 1223 1714 ab
1254 1675 1619 1731 unoquoque
1669 1664 1963 1715 nostrum.
2023 1659 2091 1715 In

434 1768 463 1797 ιι
495 1747 622 1819 ipso
655 1748 816 1803 enim
841 1748 1091 1803 vivimus
1122 1752 1182 1803 et
1212 1764 1521 1803 movemur
1550 1765 1618 1803 ac
1650 1765 1880 1817 sumus,
1935 1749 2095 1819 sicut

432 1857 462 1886 «
497 1842 557 1909 et
585 1837 828 1907 quidam
858 1841 1190 1892 vestrorum
1244 1842 1555 1909 poetarum
1596 1837 1874 1893 dixerunt
1902 1855 1916 1892 :
1949 1840 2093 1893 Nam

2198 699 2219 725 ι
2255 675 2369 731 Οὐκ
2419 675 2471 730 ἐν
2532 677 2954 755 χειροποιήτοις
3012 678 3166 735 ναοῖς
3247 678 3514 728 κατοικεῖ.
3581 697 3602 725 ι
3694 674 3854 731 Οἰκεῖ

2198 763 2292 837 μὶν
2317 766 2421 841 γὰρ
2452 765 2502 819 ἐν
2525 762 2857 831 ναοῖς,άλλ⁹
2889 761 2990 817 οὐκ
3046 761 3100 815 ἐν
3156 760 3400 831 τούτοις,
3460 759 3585 815 ἀλλ’
3646 761 3697 815 ἐν
3751 761 3851 816 άν-

2194 853 2439 929 θρωπίνῃ
2468 857 2645 929 ψυχῆ.
2679 850 2822 910 Οὐδὲ
2878 851 2979 926 γὰρ
3039 849 3090 905 ἐν
3145 854 3226 922 τῷ
3282 854 3399 923 ναῷ
3453 854 3562 905 τῶν
3615 852 3855 926 Ἰεροσο-

2196 940 2388 1015 λύμων
2447 941 2659 1016 λέγεται
2720 941 2910 1011 οἰκεῖν,
2995 939 3124 994 ἀλλ’
3204 937 3454 1014 ἐνεργεῖν,
3543 936 3683 994 Οὐδὲ
3744 939 3852 995 ὑπὸ

2195 1036 2404 1109 χειρῶν
2490 1031 2789 1106 ἀνθρώπων
2873 1028 3021 1105 παρᾶ
3094 1025 3384 1092 Ἰουδαίοις
3474 1027 3858 1102 ἐθεραπεύετο,

2196 1117 2325 1175 ἀλλ’
2356 1119 2459 1175 ὑπὸ
2491 1118 2753 1182 διανοίας·
2786 1117 2902 1173 ἐπεὶ
2933 1117 3150 1173 κάκεῖνά
3182 1137 3244 1192 γε
3294 1116 3394 1172 οὐκ
3443 1114 3621 1187 ἐζήτει
3674 1117 3858 1179 οὕτως

2197 1208 2379 1284 ὥσπερ
2408 1206 2682 1283 δεόμενος.
2718 1208 2865 1277 Φησὶ
2894 1207 3017 1283 γάρ,
3048 1208 3140 1277 Μὴ
3174 1207 3433 1286 φάγωμαι
3465 1200 3668 1280 κρέατα
3719 1206 3855 1261 ταύ-

2189 1315 2304 1374 ’ρων
2338 1318 2352 1369 ;
2384 1297 2420 1369 ἤ
2454 1302 2594 1374 αἷμα
2620 1298 2837 1375 τράγων
2865 1298 3080 1372 πίωμαι
3108 1316 3122 1367 ;
3151 1296 3243 1352 καὶ
3274 1297 3341 1353 τὰ
3371 1296 3516 1366 ἑξῆς.

2273 1414 2301 1441 ι(
2360 1388 2582 1464 Ὀρίσας
2661 1389 3174 1465 προστεταγμένους
3280 1385 3506 1463 καιροὺς
3588 1385 3680 1442 καὶ
3755 1387 3861 1449 τὰς

2201 1504 2229 1532 ιι
2262 1478 2541 1555 ὁροθεσίας
2628 1481 2726 1547 τῆς
2808 1476 3087 1537 κατοικίας
3190 1475 3396 1545 αὐτῶν,
3492 1480 3675 1546 ζητεῖν
3763 1474 3862 1531 τὸν

2200 1592 2230 1623 οι
2261 1568 2415 1638 Θεὸν,
2448 1567 2495 1623 εἰ
2554 1567 2657 1643 ἂρα
2710 1590 2769 1644 γε
2815 1565 3189 1644 ψηλαφήσειεν
3242 1564 3407 1621 αὐτὸν
3466 1564 3559 1619 καὶ
3616 1563 3862 1640 εὕροιεν,

2201 1683 2230 1712 ι(
2260 1657 2501 1735 καίτοιγε
2530 1658 2592 1714 ού
2627 1661 2838 1735 μακρὰν
2868 1658 2978 1714 ἀπὸ
3008 1658 3127 1720 ἑνὸς
3159 1656 3273 1720 ἑνὸς
3301 1656 3531 1712 ἑκάστου
3561 1657 3725 1730 ἡμῶν
3755 1656 3867 1711 ὑπ-

2207 1770 2228 1799 ο
2274 1750 2535 1827 άρχοντα.
2568 1750 2654 1805 Ἐν
2687 1747 2834 1821 αύτῷ
2860 1748 2965 1825 γὰρ
3024 1753 3203 1821 ζῶμεν
3262 1744 3352 1801 καὶ
3409 1744 3711 1818 κινούμεθα
3767 1744 3866 1800 καὶ

2203 1861 2233 1890 α
2265 1836 2447 1911 ἐσμὲν,
2481 1838 2555 1901 ὼς
2584 1838 2674 1894 καί
2701 1858 2845 1900 τινες
2875 1842 2983 1892 τῶν
3023 1838 3141 1892 καθ’
3202 1836 3344 1909 ὑμᾶς
3401 1838 3649 1904 ποιητῶν
3710 1833 3869 1909 εἰρή-

438 1946 467 1975 ‹‹
499 1926 679 1997 hujus
712 1925 891 1981 etiam
940 1926 1254 1997 progenies
1301 1942 1527 1982 sumus.
1581 1927 1727 1982 Cum
1786 1943 1922 2000 ergo
1989 1927 2079 1982 Dei

2202 1948 2398 1983 «κασι.
2433 1930 2547 1984 Τοῦ
2581 1926 2805 2003 γὰρκαὶ
2861 1928 3016 2002 γένος
3073 1921 3258 1999 ἐομέν.
3314 1922 3474 1986 Γὲνος
3532 1923 3626 1978 οὗν
3684 1922 3865 1997 ὑπάρ-

431 2037 460 2067 ‹‹
495 2030 682 2087 genus
722 2016 931 2085 simus,
964 2031 1085 2070 non
1119 2014 1407 2070 debemus
1439 2015 1779 2072 existimare
1826 2032 1970 2073 auro
1999 2017 2079 2073 vel

2196 2041 2225 2069 «
2258 2036 2452 2091 χοντες
2482 2021 2579 2073 τοῦ
2610 2021 2766 2087 Θεοῦ,
2830 2016 2929 2071 οὐκ
2984 2013 3279 2094 ὀφείλομεν
3334 2014 3602 2087 νομίζειν,
3660 2016 3867 2087 χρυσῷ

430 2125 459 2155 ‹‹
492 2111 756 2177 argento,
793 2121 899 2161 seu
929 2104 1113 2176 lapidi
1141 2109 1267 2159 arte
1301 2104 1554 2176 sculpto,
1607 2111 1666 2160 et
1712 2105 1950 2162 invento
1983 2106 2087 2161 ho-

427 2216 457 2243 ‹‹
490 2194 670 2249 minis
704 2196 933 2249 Numen
967 2209 1096 2248 esse
1129 2193 1347 2250 simile.
1384 2214 1413 2244 »

497 2306 526 2335 ‹‹
559 2284 910 2340 Praefiniens
969 2282 1269 2339 destinata
1324 2288 1617 2355 tempora.
1654 2306 1683 2334 ››
1742 2286 2085 2354 Prmﬂnivit,

422 2373 642 2446 inquit,
665 2380 732 2429 ut
745 2375 930 2429 Deum
944 2379 1284 2444 quaarerent
1313 2389 1326 2427 :
1361 2378 1420 2429 at
1438 2391 1561 2429 non
1578 2391 1814 2446 semper
1843 2376 1955 2431 hoc
1983 2374 2083 2431 de-

423 2462 794 2527 stinavit,sed
811 2463 1152 2517 constitutis
1168 2462 1538 2533 temporibus
1562 2480 1575 2516 :
1598 2465 1629 2517 I
1646 2464 1745 2519 48
1766 2464 2087 2520 ostendens

425 2552 585 2623 quod
625 2567 783 2608 nunc
811 2568 944 2606 cum
978 2551 1332 2622 repererint,
1367 2568 1440 2605 ne
1474 2552 1791 2622 quaesitum
1820 2554 2082 2624 quidem.

422 2642 917 2713 Quandoquidem
950 2641 1109 2695 enim
1170 2658 1290 2696 non
1340 2642 1655 2712 quaesitum
1709 2643 2083 2711 invenerunt,

424 2732 800 2788 demonstrat
828 2731 976 2788 adeo
1008 2732 1392 2787 manifestum
1428 2749 1562 2787 eum
1595 2733 1800 2803 fuisse,
1824 2734 2004 2789 veluti
2037 2735 2086 2789 si

426 2822 570 2893 quid
605 2823 665 2877 in
697 2822 895 2877 medio
930 2822 1110 2876 situm
1144 2826 1571 2877 contrectetur.
1614 2823 1814 2893 Neque
1846 2824 2086 2879 enimin

428 2912 542 2967 hoc
575 2911 703 2967 loco
738 2910 1156 2966 inveniebatur
1187 2910 1271 2966 sic
1301 2916 1366 2965 ut
1395 2927 1516 2965 non
1560 2910 1727 2977 alibi,
1777 2928 1974 2984 neque
2022 2913 2088 2968 in

420 3000 534 3056 hoc
566 3005 832 3073 tempore
865 3006 991 3055 erat
1022 3001 1106 3055 sic
1136 3004 1200 3055 ut
1231 2999 1294 3054 in
1341 2999 1458 3055 alio
1492 3016 1612 3055 non
1657 3006 1815 3056 esset
1847 3019 1861 3058 :
1913 3002 2085 3057 Omni

421 3089 623 3161 itaque
658 3096 926 3162 tempore
958 3089 1243 3160 omnique
1273 3088 1404 3143 loco
1437 3089 1774 3160 potuissent
1826 3107 1963 3145 eum
1994 3092 2082 3146 in-

414 3178 655 3235 venire:
691 3179 773 3234 ita
801 3194 1060 3249 namque
1093 3177 1469 3249 disposuerat
1498 3183 1562 3232 ut
1591 3194 1785 3249 neque
1810 3178 1938 3235 loco
1961 3179 2084 3235 ullo

427 3272 749 3335 arceretur,
783 3283 977 3337 neque
1009 3271 1298 3336 tempore.
1348 3267 1491 3320 Nam
1533 3266 1645 3322 hoc
1691 3267 1889 3340 ipsum
1938 3284 2081 3324 sane

420 3355 545 3410 illis
575 3356 834 3411 maxime
864 3354 1212 3425 adjumento
1254 3357 1400 3420 erat,
1436 3354 1593 3423 quod
1643 3354 1865 3426 ubique
1925 3361 2082 3412 esset

424 3445 580 3499 Deus
610 3444 895 3514 omnique
954 3448 1222 3513 tempore
1274 3439 1647 3512 perduraret.
1709 3444 1778 3497 Et
1824 3444 1937 3500 hoc
1996 3450 2085 3501 est

425 3534 586 3605 quod
617 3534 699 3589 ait
730 3550 742 3587 :
773 3557 798 3587 α
830 3532 1008 3603 Atqui
1039 3548 1161 3586 non
1194 3531 1370 3602 longe
1400 3531 1571 3586 abest
1618 3532 1690 3587 ab
1721 3549 2082 3607 unoquoque

422 3628 717 3679 nostrum.
744 3651 768 3675 υ
793 3624 936 3677 Nam
961 3637 1143 3693 prOpe
1165 3637 1374 3675 omnes
1397 3625 1505 3688 est,
1531 3620 1874 3694 ubicunque
1896 3631 2080 3680 terra.

426 3730 560 3770 rum
592 3714 711 3769 sint
734 3730 753 3768 :
783 3712 1050 3783 adeoque
1091 3726 1275 3783 prope
1307 3714 1397 3765 est
1428 3716 1493 3765 ut
1547 3711 1772 3783 absque
1814 3731 1881 3769 eo
1931 3707 2082 3770 nulli

420 3804 544 3859 vita
574 3804 669 3858 sit.
705 3825 732 3852 ‹‹
768 3803 833 3857 In
863 3802 992 3873 ipso
1026 3800 1186 3856 enim
1244 3800 1491 3855 vivimus
1551 3806 1607 3855 et
1654 3818 1962 3858 movemur
2013 3821 2081 3860 ac

423 3913 708 3952 sumus.»
758 3893 1271 3961 Quemadmodum
1322 3892 1381 3945 in
1428 3894 1724 3965 corporali
1784 3897 2077 3968 exemplo,

423 3989 578 4045 sicut
602 3987 972 4059 impossibile
1001 3990 1089 4041 est
1119 3986 1395 4057 ignorare
1423 4000 1644 4054 aerem,
1704 3987 1805 4057 qui
1857 3988 2081 4058 ubique

421 4079 798 4145 diffunditur,
832 4094 942 4133 nec
972 4078 1148 4148 longe
1179 4075 1251 4130 ab
1282 4091 1648 4145 unoquoque
1688 4082 1959 4132 nostrum
1986 4078 2083 4134 ab-

418 4175 527 4234 est,
556 4168 702 4239 quin
733 4168 929 4238 potius
962 4166 1024 4219 in
1052 4164 1228 4219 nobis
1263 4169 1372 4231 est,
1405 4164 1488 4218 ita
1543 4180 1687 4219 sane
1719 4170 1775 4219 et
1809 4168 2079 4223 omnium

418 4257 799 4313 Conditorem
826 4256 1011 4310 Deum
1040 4254 1313 4325 ignorare
1337 4267 1461 4305 non
1495 4256 1928 4323 possumus.Ah
1950 4257 2079 4327 ipso

424 4347 583 4403 enim
613 4345 904 4401 habemus
933 4348 999 4398 ut
1054 4342 1261 4408 simus,
1315 4346 1383 4394 ut
1438 4357 1780 4412 operemur,
1837 4349 1904 4399 ut
1956 4362 2079 4400 non

419 4451 754 4508 pereamus.
789 4431 1013 4488 Deinde
1053 4430 1232 4486 etiam
1287 4428 1632 4486 vaticinium
1684 4429 1803 4487 illis
1850 4433 2081 4490 inducit

420 4525 581 4581 Arati
605 4529 792 4597 poetae
836 4520 1148 4595 cujusdam
1197 4520 1354 4574 inter
1403 4535 1504 4573 eos
1550 4520 1650 4591 qui
1710 4521 1867 4593 apud
1916 4524 2078 4596 ipsos

416 4613 629 4680 fuerat,
664 4612 738 4667 ad
781 4612 871 4667 sui
935 4609 1226 4665 sermonis
1276 4609 1794 4665 confirmationem
1826 4628 1839 4666 :
1876 4640 1897 4664 α
1932 4616 2075 4670 Nam

2196 2131 2225 2159 «
2255 2103 2536 2182 ἤάργύρῳ
2566 2105 2601 2175 ἢ
2636 2106 2776 2179 λίθῳ
2838 2106 3152 2181 χαράγματι
3205 2099 3407 2178 τέχνης
3463 2102 3555 2157 καὶ
3609 2099 3863 2177 ἐνθυμή-

2200 2220 2219 2247 ι
2257 2215 2395 2257 σεως
2427 2195 2716 2270 ἀνθρώπου
2740 2194 2803 2249 τὸ
2830 2199 2984 2250 Θεῖον
3024 2194 3163 2249 εἶναι
3194 2191 3411 2265 ὅμοιον.
3450 2215 3478 2243 ››

2267 2306 2295 2336 ‹‹
2352 2283 2570 2356 Ὀρίσας
2648 2284 3151 2359 προστεταγμένους
3241 2289 3485 2354 καιρούς.
3552 2302 3580 2331 ››
3639 2280 3859 2354 Ὠρισε,

2192 2373 2347 2447 φησί,
2382 2378 2614 2442 ζητῆσαι
2644 2374 2735 2427 τὸν
2766 2372 2920 2427 Θεόν⁶
2975 2369 3103 2425 ἀλλ’
3160 2369 3221 2425 οὗ
3283 2367 3373 2424 διὰ
3430 2368 3630 2431 παντὸς
3689 2372 3861 2425 τοῦτο

2193 2461 2403 2536 ὥρισεν,
2491 2460 2639 2517 ἀλλὰ
2723 2460 3230 2535 προστεταγμένους
3313 2456 3559 2530 καιροὺς,
3649 2453 3869 2522 δεικνὺς

2192 2552 2275 2605 ὅτι
2306 2554 2397 2605 νῦν
2428 2549 2559 2626 οὐχὶ
2609 2552 2939 2621 ζητήσαντες
2998 2550 3176 2624 εὗρον.
3233 2544 3458 2615 Ἐπειδὴ
3516 2547 3623 2623 γὰρ
3675 2549 3866 2619 ζητήο

2194 2642 2380 2703 σάντες
2407 2640 2517 2720 οὐχ
2548 2640 2721 2715 εὗρον,
2776 2637 3041 2695 δείκνυσιν
3103 2641 3186 2695 ὅτι
3242 2639 3418 2703 οὓτως
3475 2636 3541 2708 ἣν
3598 2639 3858 2718 φανερὸς,

2190 2726 2373 2803 ὥσπερ
2405 2727 2467 2783 ἄν
2518 2728 2594 2791 είς
2660 2728 2820 2802 μὲσον
2878 2750 2931 2784 τι
2989 2727 3425 2803 πηλαφώμενον·
3486 2726 3551 2783 ού
3607 2727 3711 2801 γὰρ
3770 2726 3861 2782 ἐν·

2188 2821 2358 2873 ταῦθα
2418 2819 2514 2893 μὶν
2577 2820 2642 2888 ἧν
2705 2818 2953 2894 οὐρανὸς,
3012 2818 3272 2897 ἀλλαχοῦ
3330 2814 3387 2872 δὶ
3445 2814 3534 2873 οὔ.
3602 2813 3740 2875 Ούδὲ
3798 2815 3854 2871 ἐν

2188 2908 2368 2980 τούτῳ
2395 2912 2476 2981 τῷ
2514 2908 2706 2984 χρόνῳ
2764 2908 2854 2979 ἧν,
2912 2906 2964 2962 ἐν
3036 2905 3195 2980 ἄλλῳ
3256 2904 3315 2962 δὶ
3372 2905 3453 2963 ob"
3515 2904 3652 2961 ὥστε
3707 2904 3849 2960 κατὰ

2190 3002 2366 3056 πάντα
2415 3001 2606 3076 καιρὸν
2668 3000 2757 3057 καὶ
2812 3003 2952 3056 κατὰ
3002 3005 3175 3056 πᾶσαν
3260 2997 3540 3074 ὀροθεσίαν
3618 2995 3843 3053 δυνατὸν

2189 3090 2353 3146 αύτὸν
2407 3091 2602 3166 εὑρεῖν
2659 3090 2835 3155 οὕτως
2893 3091 2996 3167 γὰρ
3059 3088 3440 3164 ᾠκονόμησεν,
3507 3086 3643 3143 ὥστε
3703 3088 3852 3161 μήτε

2184 3181 2340 3253 τόπῳ
2369 3179 2699 3251 κωλύεσθαι,
2739 3182 2879 3255 μήτε
2920 3181 3128 3255 χρόνῳ.
3191 3178 3335 3237 Αὐτὸ
3396 3179 3503 3256 γὰρ
3562 3174 3645 3247 δὴ,
3684 3180 3854 3232 τοῦτο

2193 3270 2436 3344 μάλιστα
2492 3270 2679 3333 αὐτοῖς
2759 3264 3156 3341 συνεϐάλλετο,
3242 3271 3306 3324 τὸ
3363 3270 3650 3343 πανταχοῦ
3710 3266 3855 3322 εἶναι

2190 3360 2283 3414 τὸν
2317 3359 2566 3436 οὐρανὸν,
2596 3361 2659 3415 τὸ
2690 3358 2743 3415 ἐν
2774 3361 2937 3415 παντὶ
2985 3357 3175 3434 χρόνῳ
3233 3357 3469 3414 ἑστάναι.
3531 3356 3631 3412 Καὶ
3684 3354 3855 3411 τοῦτό

2191 3446 2336 3503 ἐστιν
2366 3448 2395 3502 ’ὀ
2426 3469 2582 3527 φησι,
2608 3472 2635 3500 ι(
2672 3448 2777 3505 Καί
2808 3468 2872 3524 γε
2898 3445 2962 3501 ού
3024 3446 3235 3523 μακρὰν
3289 3445 3396 3502 ἀπὸ
3450 3445 3570 3509 ἑνὸς
3622 3443 3853 3499 ἑκάστου

2191 3540 2353 3610 ἡμῶν
2387 3534 2530 3594 ὅντα.
2567 3561 2596 3590 ›)
2648 3540 2784 3594 litim.
2839 3538 2943 3612 γὰρ
3003 3534 3164 3613 ἐγγύς
3222 3535 3335 3592 ἐστι
3392 3540 3513 3597 τοῖς
3569 3537 3851 3609 πανταχοῦ

2189 3630 2287 3696 τῆς
2346 3626 2677 3699 οἰκουμένης
2736 3626 2879 3681 οὗσι⁸
2940 3626 3032 3681 καὶ
3093 3624 3267 3688 οὕτως
3327 3623 3493 3703 ἐγγύς
3551 3622 3718 3691 ἐστιν,
3777 3622 3854 3685 ὡς

2192 3716 2370 3791 χωρὶς
2406 3715 2572 3771 αὐτοῦ
2634 3717 2711 3790 μή
2778 3719 2897 3789 ζῇν.
2952 3739 2980 3767 ‹‹
3019 3716 3109 3772 Ἐν
3160 3713 3308 3787 αὖτῷ
3351 3734 3457 3791 γαρ
3518 3717 3698 3786 ζῶμεν
3758 3709 3864 3767 καὶ

2188 3806 2482 3880 κινούμεθα
2529 3805 2620 3860 καὶ
2673 3803 2854 3878 ἐσμὲν.
2917 3828 2945 3857 ››
3001 3804 3204 3879 Ὠσπερ
3265 3803 3317 3859 ἐν
3368 3806 3670 3877 σωματικῷ
3723 3802 3863 3857 ὑπο-

2190 3892 2461 3970 δείγματι,
2520 3894 2595 3956 ὡς
2656 3891 2917 3950 ἀδύνατον
2974 3893 3238 3970 ἀγνοῆσαι
3290 3894 3381 3947 τὸν
3458 3889 3589 3967 ἀέρα
3644 3911 3863 3946 παντα-

2191 3988 2297 4059 χοῦ
2352 3984 2679 4059 κεχυμὲνον,
2737 3982 2827 4038 καὶ
2883 3981 2946 4038 ού
3002 3981 3212 4055 μακρὰν
3261 3981 3369 4037 ἀπὸ
3427 3981 3542 4044 ἑνὸς
3612 3979 3862 4035 ἑκάστου

2187 4075 2222 4143 ἡ
2234 4078 2348 4145 μῶν
2381 4073 2719 4149 ὑπάρχοντα,
2757 4070 2974 4147 μᾶλλον
3006 4068 3065 4127 δὲ
3091 4071 3185 4127 καὶ
3216 4070 3268 4126 ἐν
3302 4073 3440 4145 ἡμῖν
3496 4066 3647 4141 ὅντα,
3698 4069 3859 4126 οὓτω

2189 4161 2256 4233 δὴ
2289 4163 2380 4218 καὶ
2409 4163 2500 4218 τὸν
2532 4166 2640 4217 τῶν
2677 4160 2824 4217 ὅλων
2891 4158 3233 4237 δημιουργὸν
3292 4161 3441 4218 Θεόν.
3495 4160 3628 4236 Παρ⁰
3677 4159 3861 4215 αὐτοῦ

2186 4253 2290 4329 γάρ
2320 4251 2463 4308 ἐστιν
2522 4254 2659 4325 ¹ἡμῖν
2711 4253 2773 4308 τὸ
2828 4253 2989 4320 εἶναι,
3046 4251 3109 4307 τὸ
3168 4249 3429 4326 ἐνεργεῖν,
3481 4249 3545 4306 τὸ
3610 4250 3687 4323 μή
3746 4247 3865 4304 ἄπ-

2187 4338 2429 4404 ολέσθαι.
2494 4340 2621 4397 Εἶτα
2679 4340 2768 4395 καὶ
2828 4346 3029 4419 χρῆσιν
3089 4338 3277 4402 αὐτοῖς
3359 4337 3600 4413 Ἀράτου
3657 4334 3864 4413 ἐπάγει

2187 4433 2301 4494 ἑνός
2332 4453 2481 4495 τινος
2507 4436 2613 4487 τῶν
2642 4432 2771 4506 παρ’
2816 4431 3004 4494 αὐτοῖς
3062 4436 3308 4502 ποιητῶν
3372 4429 3450 4492 είς
3510 4429 3866 4498 κατασκευήν

2183 4524 2281 4576 τοῦ
2308 4522 2499 4576 ἑαυτοῦ
2530 4518 2721 4597 λόγου.
2759 4543 2781 4573 ι
2817 4523 2924 4577 Τοῦ
2954 4520 3060 4596 γὰρ
3090 4520 3181 4575 καὶ
3212 4518 3368 4595 γένος
3415 4518 3599 4592 ἐσμὲν,
3633 4540 3661 4569 »
3692 4517 3864 4587 σησί,

2186 4610 2291 4665 Καὶ
2321 4610 2482 4674 οὗτος
2516 4610 2609 4683 μὲν
2642 4610 2766 4685 περί
2797 4613 2892 4664 τοῦ
2951 4612 3303 4684 Δημιουργοῦ
3356 4606 3488 4667 αὐτὸ
3550 4600 3861 4681 λαμϐάνει,

418 4704 600 4777 hujus
627 4704 807 4759 etiam
852 4701 1161 4775 progenies
1220 4715 1448 4766 sumus,
1486 4721 1513 4748 »
1575 4699 1791 4771 inquit.
1855 4703 1921 4758 Et
1978 4706 2076 4763 hic

2193 4701 2229 4757 εἶ
2263 4702 2507 4777 καὶπερὶ
2545 4704 2642 4755 τοῦ
2696 4701 2818 4763 Διὸς
2869 4704 3031 4757 τοῦτο
3090 4699 3338 4775 εἰρῆσθαί
3390 4719 3575 4779 φασιν,
3627 4696 3691 4753 οὐ
3747 4699 3863 4753 τὸν

413 4795 653 4868 quidem
683 4795 753 4849 de
782 4794 910 4866 ipso
941 4792 1218 4847 Creatore
1245 4790 1399 4845 illud
1431 4791 1699 4847 assumit.
1728 4810 2072 4866 quanquam

415 4885 487 4940 de
516 4885 650 4939 Jove
682 4885 795 4938 hoc
826 4883 1049 4937 dictum
1074 4895 1203 4934 esse
1233 4877 1426 4932 ferant
1453 4894 1465 4931 :
1492 4894 1612 4932 non
1645 4879 1849 4936 dicens
1872 4881 2071 4954 ipsum

416 4972 503 5026 illi
528 4979 782 5043 aptasse,
825 4970 928 5024 sed
983 4967 1141 5039 quod
1191 4967 1431 5037 proprie
1486 4966 1561 5019 ad
1619 4966 1817 5037 ipsum
1877 4974 2068 5042 aptari

414 5061 621 5133 possit.
652 5060 884 5115 Etenim
906 5057 1177 5130 qumdam
1199 5056 1356 5110 dicta
1377 5056 1555 5109 etiam
1588 5054 1662 5109 ad
1693 5056 1889 5127 ipsum
1906 5067 2067 5118 recte

415 5154 715 5220 aptantur.
748 5162 1091 5217 quanquam
1130 5143 1191 5198 id
1247 5142 1519 5198 nesciant
1577 5143 1783 5212 Graeci,
1840 5147 1941 5202 sed
1991 5151 2066 5206 ad

414 5238 598 5293 alium
632 5237 735 5291 illa
774 5235 1088 5291 retulerint
1116 5250 1129 5288 :
1163 5230 1669 5303 quemadmodum
1702 5234 1928 5291 etillud
1952 5246 2060 5310 est,

404 5328 609 5400 Ignoto
644 5334 781 5392 Deo,
814 5330 869 5379 et
902 5323 1113 5394 quaeda
1128 5321 1329 5376 malia.
1371 5321 1569 5375 Genus
1593 5327 1792 5377 autem
1820 5323 1922 5380 Dei
1952 5344 2062 5384 nos

410 5434 541 5474 esse
565 5417 709 5473 dicit
732 5415 974 5471 Paulus:
998 5430 1118 5469 non
1145 5412 1314 5467 utilli
1338 5411 1526 5474 aiunt,
1559 5409 1665 5465 sed
1696 5412 1811 5468 alio
1844 5432 2058 5476 sensu:

411 5508 526 5564 hoc
557 5512 647 5562 est
673 5505 1021 5570 familiares,
1050 5501 1349 5574 proximos
1375 5516 1389 5555 :
1421 5505 1487 5554 ut
1516 5499 1564 5553 si
1596 5501 1730 5571 quis
1756 5501 1916 5560 dicat
1953 5508 2058 5565 do-

408 5597 691 5655 mesticos
718 5599 823 5651 aut
844 5594 1093 5649 vicinos.

476 5688 644 5757 XVII,
678 5687 858 5742 30-34.
888 5705 912 5730 α
943 5685 1231 5756 Tempora
1269 5682 1469 5751 itaque
1514 5680 1865 5753 ignorantia
1917 5707 2053 5751 cum

403 5780 693 5840 hactenus
722 5772 1121 5834 dissimularit
1150 5773 1324 5841 Deus,
1357 5785 1521 5827 nunc
1559 5775 1877 5834 annuntiat
1922 5796 2053 5841 om-

2181 4793 2345 4847 αὐτὸν
2374 4788 2564 4863 ἐκείνῳ
2606 4788 2798 4865 λέγων,
2858 4788 3006 4846 ἀλλὰ
3059 4793 3224 4845 τοῦτο
3284 4790 3490 4864 κυρίως
3546 4788 3633 4842 ἐπ’
3686 4786 3861 4861 αὐτῷ

2181 4879 2437 4955 ἁρμόζειν
2469 4878 2670 4956 λέγων.
2729 4877 2966 4955 Εἴρηται
3038 4879 3133 4953 μὶν
3188 4878 3292 4955 γάρ
3349 4899 3471 4935 τινα
3526 4878 3617 4933 καὶ
3663 4880 3858 4949 πράτ-

2177 4991 2323 5027 τεται
2382 4969 2459 5033 είς
2528 4969 2711 5039 αὐτὸν,
2765 4966 2896 5023 ἀλλ’
2955 4968 3054 5024 οὐκ
3109 4967 3262 5024 Ἱσασι
3319 4972 3484 5024 τοῦτο
3539 4963 3856 5037 Ἕλληνες,

2177 5059 2304 5115 ἀλλ’
2361 5059 2437 5122 εἷς
2491 5057 2676 5136 ἕτερον
2729 5059 2866 5113 αὐτὰ
2918 5062 3263 5131 νενοήκασιν,
3323 5058 3504 5131 ὥσπερ
3575 5056 3685 5110 εστὶ
3744 5056 3859 5110 καὶ

2174 5150 2262 5217 τὸ,
2301 5174 2323 5200 ι
2360 5149 2649 5224 ’Δγνώστῳ
2680 5152 2819 5220 Θεῷ,
2854 5171 2875 5198 ε
2911 5148 3003 5203 καὶ
3031 5145 3188 5224 ἕτερά
3216 5168 3359 5206 τινα.
3390 5153 3551 5209 Γενος
3592 5142 3651 5200 δὲ
3699 5149 3856 5200 Θεοῦ

2172 5242 2323 5312 ἡμᾶς
2354 5238 2495 5295 εἶναί
2526 5259 2689 5315 φησιν
2720 5239 2748 5294 ὁ
2794 5235 3033 5309 Παῦλος,
3096 5236 3205 5314 οὺχ
3260 5238 3335 5300 ὡς
3397 5237 3594 5294 ἐκεῖνοί
3654 5255 3857 5309 φασιν,

2173 5328 2300 5385 ἀλλ’
2347 5329 2516 5403 ἑτέρῳ
2584 5333 2681 5401 νῷ,
2762 5327 3067 5399 τουτέστιν,
3142 5327 3403 5397 οἰκείους,
3491 5325 3854 5403 ἑγγυτάτους,

2171 5419 2248 5482 ὡς
2281 5418 2340 5474 ἂν
2369 5416 2517 5474 εἴποι
2537 5439 2642 5490 τις,
2666 5416 2964 5493 παροίκους
2993 5417 3030 5488 ἢ
3060 5417 3333 5493 γείτονας.

2240 5687 2432 5751 «Τοὺς
2487 5688 2584 5763 μὶν
2641 5687 2736 5745 οὖν
2791 5687 3030 5764 χρόνους
3092 5693 3196 5758 τῆς
3268 5684 3496 5761 ἀγνοίας
3557 5681 3853 5759 ὑπεριδὼν

2163 5802 2191 5836 ε
2225 5779 2254 5836 ὁ
2283 5778 2439 5853 Θεὸς,
2470 5778 2538 5835 τὰ
2578 5780 2667 5836 νῦν
2726 5776 3103 5858 παραγγὲλλει
3147 5780 3266 5842 τοῖς
3320 5775 3636 5856 ἀνθρώποις
3692 5775 3845 5832 πᾶσι
