4112 6432
443 473 558 532 243

1567 457 1994 523 (ΕΟΠΜΕΝῘΙ
2041 455 2350 519 TRICCE
2396 457 2752 522 EPISCOPI

3744 460 3860 520 244

444 607 667 666 caedem
702 617 880 677 quam
941 600 1055 658 sibi
1112 600 1228 674 ipsi
1285 599 1489 657 infert.
1523 600 1645 655 Hoc
1685 599 1892 670 itaque
1924 595 2107 651 dicit:

2240 593 2343 648 εινά
2402 572 2630 670 ἐκχέων,
2688 593 2778 652 διὰ
2831 602 2932 666 τῆς
2990 604 3204 675 σφαγῆς
3260 596 3328 666 ἢν
3381 585 3633 672 ’ἐπιφέρει
3669 593 3858 669 ἑαυτῷ.

443 697 734 764 Quoniam
780 711 882 750 vos
926 694 1088 766 ipsos
1138 692 1557 749 incredulitate
1583 689 1892 763 jugulatis,
1925 688 2104 759 hujus

441 785 580 843 facti
607 783 826 856 vosipsi
851 799 1093 839 causam
1116 782 1331 850 subite,
1355 799 1492 837 cum
1517 796 1621 854 ego
1652 778 1827 850 culpa
1845 792 2101 832 caream.

444 877 592 932 Hinc
620 880 821 932 autem
853 873 1134 946 colligere
1158 873 1299 928 licet
1321 870 1480 944 quod
1512 871 1613 942 qui
1638 870 1902 941 seipsum
1927 866 2107 939 jugu-

442 966 549 1034 lat,
574 965 871 1038 judicium
902 962 1219 1019 homicidas
1266 961 1425 1017 subit
1454 977 1522 1017 ac
1556 958 1915 1032 supplicium
1948 953 2105 1027 apud

444 1055 784 1112 Dominum.

515 1144 694 1200 XVIII
722 1146 869 1199 9-16.
931 1165 958 1192 (ι
994 1140 1149 1198 Dixit
1208 1145 1407 1195 autem
1467 1137 1754 1194 Dominus
1793 1139 1969 1191 nocte
2000 1149 2108 1206 per

444 1232 738 1289 visionem
788 1231 1012 1288 Paulo:
1064 1232 1145 1285 Ne
1202 1229 1439 1296 timeas,
1503 1217 1607 1282 sed
1664 1226 1911 1296 loquere
1944 1228 2001 1278 et
2030 1238 2105 1277 ne

445 1328 666 1391 taceas,
702 1338 769 1377 eo
804 1320 962 1393 quod
1010 1335 1116 1392 ego
1178 1319 1291 1375 sim
1320 1324 1541 1385 tecum,
1579 1322 1635 1371 et
1664 1331 1841 1370 nemo
1874 1312 2109 1368 adorie-

445 1419 545 1470 tur
574 1417 651 1481 te,
683 1416 750 1467 ut
805 1409 1030 1483 afﬂigat
1085 1415 1164 1479 te,
1221 1408 1444 1464 multus
1476 1407 1641 1462 enim
1671 1405 1821 1461 mihi
1852 1402 2108 1475 populus

345 1567 348 1571 ἢ
449 1509 538 1559 est
595 1503 656 1557 in
714 1501 824 1556 hac
882 1500 1140 1556 civitate.
1200 1498 1363 1554 Sedit
1418 1503 1616 1553 autem
1659 1495 1741 1550 ibi
1785 1510 2010 1550 annum
2052 1497 2110 1547 et

449 1608 551 1648 sex
608 1607 847 1646 menses
907 1589 1126 1644 docens
1185 1604 1288 1642 eos
1345 1586 1591 1642 verbum
1651 1583 1776 1639 Dei.
1818 1582 2110 1638 Caeterum

453 1697 587 1738 cum
623 1679 813 1736 Gallio
871 1683 1072 1752 ageret
1127 1676 1548 1749 proconsulem
1605 1673 1860 1741 Achaiae,
1912 1672 2109 1725 insur-

437 1774 730 1848 rexerunt
760 1784 878 1823 uno
940 1767 1143 1822 animo
1174 1765 1359 1821 Judaei
1393 1765 1454 1820 in
1509 1763 1782 1829 Paulum,
1816 1767 1874 1816 et
1922 1759 2112 1815 addu-

446 1864 665 1916 xerunt
745 1874 881 1913 eum
963 1855 1037 1911 ad
1124 1855 1411 1921 tribunal,
1492 1853 1807 1909 dicentes:
1844 1854 1855 1861 ’
1897 1851 2113 1905 Contra

2214 686 2384 738 Τοῦτο
2453 682 2547 740 οὖν
2616 707 2805 762 φησιν,
2865 688 3010 751 ’Δνθ’
3071 688 3144 741 ὧν
3214 684 3431 764 σφέζετε
3497 683 3716 749 ἑαυτοὺς
3779 682 3863 741 διὰ

2213 778 2314 842 τῆς
2364 773 2640 844 ἀπιστίας,
2683 776 2854 831 αὐτοῦ
2901 775 3098 832 τούτου
3156 777 3311 850 ὑμεῖς
3358 776 3639 850 ὑπόσχητε
3690 772 3861 847 δίκην,

2215 860 2356 935 ἐμοῦ
2412 862 2597 918 ἀθώου
2658 860 2828 927 ὄντος.
2893 866 3166 922 Ἐντεῦθεν
3217 863 3274 921 δὲ
3331 859 3446 920 ἔστι
3505 861 3758 933 συνιδεῖν,
3785 865 3865 921 ὅτι

2216 953 2245 1008 ὁ
2294 954 2509 1030 σφάζων
2562 955 2771 1024 ἑαυτὸν,
2826 962 3151 1032 τιμωρεῖται
3210 956 3286 1018 ὠς
3345 956 3537 1036 φονεὺς
3592 954 3737 1029 παρὰ
3792 958 3866 1027 τῷ

2215 1046 2353 1112 Θεῷ.

2292 1134 2489 1191 «Εἶπε
2546 1132 2603 1191 δὲ
2661 1136 2690 1191 ὁ
2749 1137 2955 1211 Κύριος
3010 1134 3079 1192 δι’
3147 1135 3425 1212 ὁράματος
3482 1134 3535 1191 ὲν
3591 1133 3741 1189 νυκτὶ
3794 1138 3871 1207 τῷ

2222 1248 2250 1277 κ
2278 1224 2502 1299 Παύλῳ·
2537 1229 2625 1296 Μὴ
2659 1222 2855 1306 φοϐοῦ,
2913 1224 3060 1283 ἀλλὰ
3114 1224 3275 1282 λάλει
3320 1227 3412 1283 καὶ
3449 1227 3525 1301 μή
3559 1226 3874 1299 σιωπήσῃς,

2212 1326 2245 1366 ‘I
2282 1311 2423 1370 διότι
2471 1313 2582 1390 ἐγώ
2644 1316 2758 1389 εἰμι
2822 1317 2958 1391 μετά
3011 1321 3128 1371 σοῦ·
3188 1316 3279 1371 καὶ
3341 1314 3523 1377 οὐδεὶς
3564 1314 3880 1386 ἐπιθήσεταί

2227 1424 2249 1454 ι
2284 1424 2369 1459 σοι
2427 1408 2524 1461 τοῦ
2580 1405 2825 1461 κακῶσαί
2883 1427 2961 1476 σε,
3021 1404 3164 1461 διότι
3223 1404 3358 1468 λαός
3417 1403 3533 1460 ἔστι
3583 1426 3677 1478 μοι
3708 1404 3880 1467 πολὺς

2220 1517 2247 1546 ‹‹
2278 1493 2329 1548 ἐν
2383 1497 2453 1566 τῇ
2546 1492 2709 1550 πόλει
2789 1494 2983 1570 ταύτῃ.
3071 1494 3323 1559 Ἐκάθισὲ
3378 1516 3437 1550 τε
3498 1494 3739 1550 ἐνιαυτὸν
3795 1495 3881 1549 καὶ

2225 1605 2253 1638 α
2285 1591 2460 1659 μῆνας
2501 1582 2577 1656 ἓξ,
2610 1581 2878 1640 διδάσκων
2934 1586 3134 1648 αὐτοὺς
3193 1585 3285 1640 τὸν
3349 1585 3521 1661 λόγον
3567 1589 3668 1640 τοῦ
3728 1589 3882 1644 Θεοῦ.

2224 1697 2252 1726 ‹‹
2280 1674 2595 1738 Γαλλίωνος
2651 1672 2708 1730 δὲ
2764 1674 3221 1736 ἀνθυπατεύοντος
3251 1681 3351 1744 τῆς
3397 1676 3653 1750 Ἀχαῖας,
3683 1696 3885 1731 κατεπ-

2221 1788 2248 1816 ‹‹
2284 1764 2511 1834 ἔστησαν
2570 1761 2923 1838 ὁμοθυμαδὸν
2976 1766 3028 1820 οἱ
3091 1761 3349 1822 Ἰουδαῖοι
3405 1769 3490 1837 τῷ
3539 1762 3767 1837 Παύλῳ,
3796 1763 3886 1820 καὶ

2228 1875 2248 1903 ι
2284 1850 2495 1927 ἤγαγον
2551 1852 2716 1907 αὐτὸν
2776 1851 2864 1907 ἐπὶ
2911 1852 2974 1907 τὸ
3038 1852 3215 1927 βῆμα,
3288 1850 3568 1928 λέγοντες,
3622 1851 3708 1907 δτι
3740 1853 3889 1926 Παρᾶ

449 1948 641 2022 legem
674 1947 770 2002 hic
830 1945 1040 2001 suadet
1101 1944 1445 2000 hominibus
1498 1942 1694 1998 colere
1726 1942 1932 1997 Deum.
1965 1941 2110 1995 Cum

2240 1943 2377 1996 (τὸν
2409 1944 2575 2015 νὸμον
2633 1941 2794 2002 οὗτος
2851 1941 3129 2005 ἀναπείθει
3184 1942 3309 2003 τοὺς
3364 1939 3693 2018 ἀνθρώπους
3737 1936 3890 1996 σέϐε-

450 2044 649 2094 autem
681 2036 900 2092 Paulus
950 2039 1189 2107 pararet
1245 2034 1479 2105 aperire
1511 2048 1597 2099 os,
1632 2031 1779 2086 dixit
1810 2029 1999 2084 Gallio
2032 2028 2106 2083 ad

447 2127 721 2184 Judaaos:
755 2125 810 2181 Si
844 2141 960 2197 qua
991 2123 1213 2196 injuria
1253 2129 1411 2178 esset
1463 2126 1564 2177 aut
1593 2119 1825 2176 facinus
1856 2118 2107 2183 malum,

450 2233 484 2272 ο
514 2215 720 2283 Judaei,
753 2215 969 2270 merito
1025 2229 1132 2269 vos
1164 2212 1524 2268 sustinerem
1551 2227 1564 2264 :
1599 2210 1647 2265 si
1676 2226 1812 2265 vero
1858 2207 2107 2280 quaestio

452 2311 541 2364 est
572 2306 645 2362 de
685 2321 960 2360 sermone
1022 2308 1081 2359 et
1136 2303 1484 2359 nominibus
1514 2318 1582 2357 ac
1630 2301 1759 2374 lege
1791 2301 1940 2355 141
1977 2315 2109 2370 quas

454 2396 610 2470 apud
641 2412 742 2451 vos
773 2399 883 2462 est,
916 2411 1017 2449 vos
1067 2394 1181 2466 ipsi
1237 2392 1543 2459 videritis;
1595 2390 1783 2464 judex
1813 2389 1973 2445 enim
2005 2405 2110 2461 ego

453 2488 667 2544 horum
699 2485 839 2541 nolo
873 2501 1021 2540 esse.
1055 2484 1123 2539 Et
1152 2483 1348 2556 abegit
1401 2498 1502 2538 eos
1533 2498 1567 2536 a
1594 2480 1901 2537 tribunali.
1940 2502 1963 2529 ι»

530 2776 558 2806 ‹‹
592 2756 770 2810 Nocte
802 2769 911 2825 per
934 2751 1244 2807 visionem.
1282 2769 1307 2802 ο
1343 2748 1679 2806 Notandum
1713 2747 1873 2820 quod
1903 2747 2117 2803 viderit

456 2845 676 2903 Paulus
716 2843 1034 2901 Dominum
1095 2842 1294 2898 Jesum
1348 2857 1455 2913 per
1512 2840 1832 2895 somnium.
1868 2840 2118 2909 Propter

456 2934 614 3008 quod
649 2935 827 2990 etiam
858 2934 987 3004 ipse
1020 2931 1253 2988 dicebat
1282 2949 1294 2985 :
1351 2933 1556 2986 Nonne
1586 2931 1785 2985 Iesum
1816 2928 2115 2984 Christum

454 3025 773 3081 Dominum
803 3028 1073 3078 nostrum
1103 3021 1266 3076 vidi?
1288 3020 1414 3076 Sive
1442 3027 1642 3075 autem
1666 3035 1772 3091 per
1792 3017 2115 3083 somnium,

455 3115 577 3171 sive
607 3113 866 3187 vigilans
894 3114 1093 3168 Jesum
1116 3111 1348 3178 viderit,
1376 3109 1545 3165 nulla
1574 3114 1663 3165 est
1693 3107 2113 3180 discrepantia:

455 3209 722 3260 attamen
758 3203 820 3258 in
854 3201 950 3257 die
980 3201 1160 3257 etiam
1189 3200 1305 3272 ipsi
1337 3200 1633 3272 apparuit.

524 3293 722 3359 XVIII,
757 3292 843 3348 17.
882 3312 909 3343 α
942 3290 1397 3362 Apprehensum
1446 3295 1645 3344 autem
1689 3304 1900 3344 omnes
1931 3287 2114 3343 Graeci

457 3381 809 3437 Sosthenem
892 3378 1229 3451 principem
1313 3393 1622 3449 synagogas
1707 3374 2119 3447 percutiebant

464 3475 602 3527 ante
659 3467 947 3536 tribunal,
1007 3482 1201 3538 neque
1240 3464 1567 3538 quidquam
1618 3481 1824 3520 eorum
1865 3463 2119 3533 Gallioni

467 3575 624 3616 cura)
657 3563 802 3614 erat.
838 3579 866 3607 »

539 3652 653 3705 Aut
674 3649 1027 3704 Sosthenem
1053 3651 1367 3719 propterea
1387 3646 1819 3719 percutiebant,
1837 3648 2120 3718 quoniam

469 3740 599 3813 ipse
621 3738 806 3795 Paulo
832 3738 1019 3811 magis
1040 3737 1391 3806 adhaereret,
1418 3737 1916 3808 quemadmodum
1939 3737 2120 3792 etiam

465 3830 704 3901 Crispus
728 3829 1006 3900 princeps
1034 3843 1343 3900 synagogas
1367 3844 1378 3880 :
1403 3833 1504 3882 aut
1526 3826 1588 3880 in
1614 3832 1846 3881 tantum
1870 3826 2121 3882 insanias

467 3919 952 3990 impellebantur,
986 3923 1051 3973 ut
1083 3935 1188 3972 suo
1230 3917 1497 3972 frustrati
1539 3917 1770 3972 intento
1802 3934 1935 3973 cum
1968 3918 2120 3972 Pau-

464 4010 590 4068 lum
645 4008 1011 4065 verberaturi
1065 4006 1342 4073 fuissent,
1402 4007 1751 4062 Sosthenem
1811 4023 2122 4080 synagogas

465 4098 801 4170 principem
834 4096 1216 4152 verberarent
1240 4112 1252 4150 :
1289 4097 1408 4151 sive
1433 4101 1750 4167 propterea
1779 4097 1975 4167 ipsum
2001 4112 2124 4150 ver-

463 4187 773 4254 berabant,
808 4186 1092 4257 quoniam
1154 4186 1403 4240 Paulum
1463 4186 1711 4241 omnino
1743 4185 2126 4242 decreverant

468 4277 759 4345 occidere,
796 4281 854 4332 et
883 4275 1204 4331 Sosthenes
1234 4277 1395 4347 ipsos
1426 4276 1832 4347 prohibuerat.

540 4367 734 4436 XVIII,
771 4368 857 4421 i8.
919 4387 947 4415 «
991 4364 1210 4421 Paulus
1266 4382 1403 4421 vero
1461 4372 1668 4439 postea
1724 4375 2125 4426 commoratus

472 4456 599 4513 dies
628 4456 870 4523 multos,
899 4472 1033 4511 cum
1068 4455 1193 4511 vale
1224 4455 1473 4511 dixisset
1517 4456 1821 4527 fratribus,
1856 4460 2125 4532 enaviga-

473 4547 554 4603 vit
610 4548 671 4602 in
731 4546 982 4619 Syriam,
1044 4552 1102 4602 et
1160 4563 1293 4603 cum
1355 4563 1421 4602 eo
1482 4548 1753 4604 Priscilla
1793 4554 1851 4604 et
1890 4550 2124 4621 Aquila,

474 4643 863 4712 posteaquam
898 4641 1126 4693 raserat
1157 4637 1218 4692 in
1251 4637 1570 4693 Cenchreis
1600 4644 1775 4710 caput
1809 4657 1823 4705 ;
1871 4639 2128 4696 habebat

481 4731 640 4788 enim
671 4734 889 4786 votum.
920 4749 947 4779 »

548 4820 772 4875 Rursus
801 4815 1113 4871 descendit
1138 4814 1357 4872 Paulus
1404 4816 1466 4870 in
1498 4817 1747 4889 Syriam,
1782 4824 1840 4874 et
1892 4835 2027 4875 cum
2059 4835 2127 4875 eo

477 4907 750 4964 Priscilla
777 4912 835 4961 et
894 4904 1127 4977 Aquila,
1188 4922 1323 4963 cum
1380 4906 1645 4975 rasisset,
1678 4908 1897 4981 inquit,
1930 4914 2128 4980 caput.

477 4994 703 5051 Radere
734 5000 934 5050 autem
957 4998 1133 5066 caput
1159 5009 1228 5049 ex
1253 4999 1408 5059 voto,
1428 4994 1737 5051 Iudaicum
1772 5002 1899 5052 erat
1922 5015 1935 5065 ;
1966 5015 2136 5069 opor-

479 5083 639 5140 tebat
668 5090 865 5140 autem
897 5089 962 5139 ut
1010 5084 1370 5139 sacriﬁcium
1420 5083 1642 5141 factum
1674 5088 2012 5158 esset,quod
2047 5088 2132 5144 fa-

477 5178 637 5230 ctum
666 5174 860 5229 adhuc
889 5190 1009 5229 non
1040 5178 1168 5229 erat
1188 5178 1321 5245 post
1352 5173 1724 5232 verberatum
1757 5176 2132 5233 Sosthenem:

469 5264 598 5335 jam
623 5263 784 5318 enim
808 5263 900 5317 lex
925 5262 1119 5319 soluta
1139 5268 1284 5329 erat,
1307 5262 1790 5335 quandoquidem
1824 5267 2134 5323 conscien-

478 5353 563 5410 tia
592 5350 972 5408 arcebantur.

550 5441 747 5509 XVIII,
811 5444 988 5496 19-21.
1056 5463 1076 5490 ι
1114 5441 1475 5513 Devenitque
1535 5443 1945 5515 Ephesum,et
1999 5446 2135 5501 illos

482 5530 564 5587 ibi
596 5530 857 5602 reliquit.
916 5531 1045 5601 Ipse
1100 5546 1235 5585 vero
1290 5531 1594 5604 ingressus
1625 5550 1982 5607 synagogam
2014 5535 2134 5590 dis-

482 5620 728 5694 putabat
788 5636 923 5676 cum
980 5618 1220 5674 Iudaeis.
1282 5621 1644 5693 Hogantibus
1703 5630 1902 5679 autem
1934 5625 2041 5692 eis,
2070 5630 2137 5682 ut

488 5711 763 5785 ampliori
820 5716 1087 5782 tempore
1152 5716 1423 5766 maneret
1478 5712 1637 5785 apud
1693 5731 1815 5785 eos,
1874 5732 1995 5772 non
2027 5732 2138 5772 an-

488 5802 640 5873 nuit,
674 5801 778 5857 sed
809 5800 1089 5858 valedixit
1126 5799 1234 5868 eis,
1293 5800 1499 5859 dicens
1530 5819 1543 5869 ;
1603 5804 1846 5875 Oportet
1894 5807 2138 5863 omnino

2221 2055 2247 2082 ‹‹
2283 2032 2403 2085 σθαι
2432 2032 2522 2087 τὸν
2580 2032 2728 2088 Θεόν.
2790 2029 3107 2092 Μέλλοντος
3166 2028 3224 2086 δὲ
3251 2035 3350 2086 τοῦ
3380 2028 3613 2087 Παύλου
3655 2030 3891 2106 ἀνοίγειν

2219 2145 2246 2173 ‹‹
2277 2122 2341 2177 τὸ
2373 2122 2570 2195 στόμα,
2625 2123 2773 2176 εἶπεν
2827 2123 2855 2176 ὁ
2906 2119 3161 2176 Γαλλίων
3211 2121 3350 2195 πρὸς
3399 2120 3533 2183 τοὺς
3563 2117 3889 2182 Ἰουδαίους.

2220 2235 2247 2264 «
2282 2211 2344 2265 El
2378 2211 2473 2284 μὲν
2503 2212 2596 2265 οὗν
2628 2210 2694 2277 ἦν
2722 2207 2972 2283 ἀδίκημά
3000 2231 3053 2266 τι
3101 2210 3138 2279 ἢ
3189 2206 3590 2286 ῥᾳδιούργημα
3622 2208 3895 2284 πονηρὸν,

2219 2327 2246 2354 ‹‹
2281 2300 2326 2357 ὦ
2357 2299 2638 2373 Ἰουδαῖοι,
2695 2302 2833 2357 κατὰ
2890 2300 3063 2378 λογον
3121 2300 3181 2356 ἂν
3235 2300 3565 2375 ἠνεσχόμην
3613 2301 3797 2374 ὑμῶν.
3833 2300 3895 2357 Εἰ

2221 2390 2336 2448 «δὲ
2388 2394 2611 2468 ζήτημά
2687 2391 2798 2448 ἐστι
2872 2392 2996 2467 περὶ
3060 2389 3230 2467 λόγου
3286 2391 3378 2446 καὶ
3450 2391 3749 2466 ὀνομάτων
3806 2388 3897 2447 καὶ

2223 2507 2253 2538 ι(
2282 2486 2457 2557 νόμου
2502 2488 2601 2539 τοῦ
2648 2486 2767 2549 καθ’
2818 2485 2981 2558 ὑμᾶς,
3049 2478 3242 2558 ὄψεσθε
3312 2482 3489 2538 αὐτοί·
3544 2485 3748 2559 κριτὴς
3792 2481 3895 2560 γὰρ

2222 2574 2395 2649 «ἐγὼ
2450 2572 2658 2629 τούτων
2729 2573 2792 2629 οὐ
2872 2570 3153 2649 βούλομαι
3225 2572 3386 2631 εἶναι.
3447 2572 3557 2631 Καὶ
3608 2570 3896 2643 ἀπήλασεν

2226 2687 2255 2715 ‹‹
2285 2663 2483 2727 αὐτοὺς
2516 2664 2625 2719 ἀπὸ
2656 2668 2753 2720 τοῦ
2788 2665 3064 2739 βήματος.
3098 2686 3128 2717 ››

2298 2776 2323 2808 α
2361 2754 2439 2809 Δι’
2478 2754 2755 2829 ὁράματος
2815 2752 2866 2808 ἐν
2924 2754 3096 2811 νυκτί.
3132 2775 3160 2806 »
3227 2752 3590 2827 Σημειωτέον
3640 2754 3731 2809 ὃτι
3791 2748 3904 2810 εἶδε

2222 2842 2313 2898 τὸν
2340 2842 2536 2917 Κύριον
2596 2843 2809 2914 Ἰησοῦν
2866 2844 2894 2898 ὁ
2951 2841 3171 2905 Παῦλος
3226 2839 3297 2896 δι’
3356 2840 3598 2918 ὀνείρου.
3637 2844 3718 2898 Δι’
3753 2841 3903 2897 ὅκαὶ

2224 2932 2388 2993 αὐτὸς
2420 2929 2626 3008 ἔλεγεν*
2660 2931 2808 3008 Οὐχὶ
2842 2932 3052 3002 Ἰησοῦν
3083 2931 3177 2987 τὸν
3210 2932 3406 3005 Κύριον
3436 2933 3606 3004 ἡμῶν
3644 2931 3900 3008 ἑώρακας

2224 3019 2334 3077 εἶ’τε
2392 3017 2449 3077 δὲ
2514 3018 2584 3076 δι’
2635 3020 2867 3097 ὀνείρου,
2944 3020 3054 3077 ε’ἰτε
3110 3021 3430 3099 ἐγρηγορὼς
3498 3020 3773 3086 ἐθεάσατο
3812 3019 3906 3074 τὸν

2225 3114 2462 3184 Ἰησοῦν,
2509 3110 2739 3185 οὐδεμία
2795 3109 3048 3193 διαφορά’
3109 3110 3255 3183 πλὴν
3311 3110 3488 3167 καὶέν
3521 3114 3721 3186 ἡμέρᾳ
3745 3109 3912 3190 ὤφθη

2229 3202 2396 3275 αὐτῷ.

2299 3316 2329 3344 ‹‹
2361 3286 2790 3365 Ἐπιλαϐόμενοι
2840 3288 2899 3347 δὲ
2945 3292 3139 3354 πάντες
3184 3292 3236 3346 οἱ
3285 3290 3573 3360 ’Έλληνες
3620 3291 3932 3358 Σωσθένην

2233 3403 2261 3432 ‹‹
2292 3380 2384 3435 τὸν
2425 3380 2900 3457 ἀρχισυνάγωγον,
2941 3378 3167 3435 ἔτυπτον
3209 3377 3539 3454 ἔμπροσθεν
3584 3383 3691 3432 τοῦ
3737 3379 3943 3453 βήμα-

2230 3492 2260 3521 ‹‹
2293 3488 2404 3537 τος,
2436 3468 2525 3523 καὶ
2557 3464 2709 3522 οὐδὲν
2739 3468 2947 3524 τούτων
2974 3472 3055 3538 τῷ
3081 3467 3352 3523 Γαλλίωνι
3378 3461 3619 3538 ἔμελεν.
3660 3488 3693 3517 ››

2301 3651 2463 3706 ’Ἤτοι
2494 3646 2583 3704 διὰ
2606 3653 2768 3705 τοῦτο
2800 3643 3026 3704 ἔτυπτον
3082 3649 3174 3705 τὸν
3228 3646 3482 3718 Σωσθένη
3504 3669 3561 3716 ν,
3596 3647 3805 3719 ἐπειδὴ
3840 3651 3936 3707 καὶ

2232 3741 2394 3802 αὐτὸς
2449 3743 2514 3809 ἧν
2578 3737 2795 3813 μᾶλλον
2853 3739 3280 3814 προστιθέμενος
3316 3742 3398 3811 τῷ
3438 3736 3691 3813 Παύλῳ,
3728 3741 3812 3807 ὡς
3845 3738 3942 3800 καὶ

2232 3831 2475 3905 Κρίσπος
2532 3830 2559 3883 ὁ
2618 3829 3096 3906 ἀρχισυνάγωγος
3184 3829 3219 3898 ἢ
3311 3828 3387 3890 εἷς
3443 3834 3737 3887 τοσοῦτον
3798 3834 3941 3903 ἦσαν

2230 3918 2570 3988 ἐληλακότες
2640 3919 2853 3992 μανίας,
2919 3919 2994 3980 ὡς
3085 3917 3458 3993 ἀποτυχόντες
3530 3924 3640 3974 τοῦ
3716 3926 3941 3979 σκοποῦ

2232 4010 2429 4065 ἑαυτοῦ
2460 4008 2578 4064 ἀντὶ
2634 4012 2732 4063 τοῦ
2789 4008 3008 4063 τύπτειν
3065 4009 3158 4063 τὸν
3216 4005 3456 4077 Παῦλον,
3494 4008 3814 4084 Σωσθένην
3845 4015 3942 4071 τὸν

2231 4098 2687 4175 ἀρχισυνάγωγον
2719 4092 2970 4153 ἔτυπτονο
3004 4098 3076 4155 Ἦ
3125 4095 3217 4152 διὰ
3253 4101 3415 4152 τοῦτο
3447 4091 3699 4156 ἔτυπτον
3738 4101 3944 4160 αὐτὸν,

2232 4185 2419 4256 ἐπειδὴ
2488 4185 2704 4261 μᾶλλον
2757 4181 3154 4257 ἠϐουλήθησαν
3203 4190 3458 4267 φονεῦσαι
3522 4191 3629 4245 τὸν
3677 4189 3943 4260 Παῦλον,

2230 4278 2321 4331 καὶ
2356 4275 2643 4346 Σωσθένης
2672 4273 2999 4332 διεκώλυσεν
3033 4275 3251 4339 αὐτούς.

2308 4367 2427 4424 «Ὁ
2483 4363 2541 4421 δὲ
2599 4363 2821 4429 Παῦλος
2879 4360 2959 4422 ἔτι
3018 4366 3351 4440 προσμείνας
3409 4368 3644 4442 ἡμέρας
3722 4372 3947 4443 ἱκανὰς,

2236 4480 2264 4509 ‹‹
2293 4461 2409 4517 τοῖς
2461 4452 2723 4532 ἀδελφοῖς
2773 4455 3202 4529 ἀποταξάμενος,
3254 4452 3464 4528 ἐξέπλει
3522 4457 3610 4521 εἷς
3663 4462 3775 4530 τὴν
3837 4467 3949 4516 Συ-

2236 4569 2264 4597 ‹‹
2299 4545 2446 4619 ρίαν,
2497 4543 2589 4599 καὶ
2641 4544 2733 4599 σὺν
2787 4546 2937 4616 αὐτῷ
2985 4543 3298 4618 Πρίσκιλλα
3349 4544 3437 4599 καὶ
3493 4547 3797 4619 Ἀκύλας,
3829 4571 3955 4607 κει-

2239 4656 2269 4684 ‹‹
2304 4634 2542 4707 ράμενος
2604 4635 2705 4703 τὴν
2775 4630 3021 4711 κεφαλὴν
3091 4630 3143 4688 ἐν
3211 4634 3540 4707 Κεγχρεαῖς·
3623 4637 3762 4712 εἶχε
3843 4638 3949 4718 γὰρ

2161 4720 2207 4786 D
2248 4745 2276 4775 ι(
2307 4724 2499 4799 εὐχήν.
2536 4747 2563 4775 ››

2310 4811 2486 4869 Πάλιν
2535 4812 2744 4867 κάτεισι
2806 4811 3026 4874 Παῦλος
3080 4810 3157 4875 εἷς
3206 4810 3431 4886 Συρίαν,
3470 4813 3576 4869 καὶ
3630 4818 3738 4873 σὺν
3794 4819 3953 4892 αὐτῷ

2239 4902 2552 4979 Πρίσκιλλα
2589 4902 2679 4957 καὶ
2721 4900 2983 4971 Ἀκύλας,
3024 4901 3369 4974 κειράμενος,
3399 4903 3569 4978 φησὶ,
3614 4907 3733 4975 τήν
3777 4930 3961 4987 κειρα..

2241 4991 2366 5063 λην.
2400 4992 2476 5049 Τὸ
2527 4989 2584 5047 δὲ
2630 4991 2909 5063 κείρασθαι
2956 4992 3057 5061 τὴν
3105 4989 3348 5070 κεφαλὴν
3391 4993 3512 5045 κατ’
3548 4994 3776 5070 εὐχήν,
3813 5001 3960 5055 Ὶου-

2243 5079 2426 5136 δαϊκὸν
2464 5081 2554 5150 ἦν.
2609 5078 2760 5137 Ἔδει
2801 5079 2860 5136 δὲ
2896 5080 2987 5135 καὶ
3028 5080 3214 5144 θυσίαν
3281 5076 3560 5155 γενέσθαι,
3639 5084 3784 5159 ἣτις
3858 5090 3971 5147 οὐκ

2242 5171 2447 5245 ἐγένετο
2486 5164 2566 5227 ἔτι
2612 5170 2748 5243 μετᾶ
2785 5172 2848 5227 τὸ
2915 5171 3183 5249 τυφθῆναι
3242 5170 3335 5224 τὸν
3404 5173 3750 5246 Σωσθένην·
3840 5176 3963 5249 ἤδη

2241 5263 2345 5337 γὰρ
2384 5261 2414 5315 ὁ
2451 5260 2622 5334 νόμος
2677 5258 2993 5330 κατελύετο,
3051 5257 3239 5330 ἐπειδὴ
3293 5263 3376 5331 τῷ
3416 5259 3721 5320 συνειδότι
3769 5271 3970 5326 κατεῖ-

2244 5371 2435 5430 χοντο.

2318 5466 2344 5494 ‹‹
2379 5442 2698 5511 Κατήντησε
2737 5438 2795 5496 δὲ
2834 5441 2908 5503 εἰς
2948 5442 3202 5520 Ἔφεσον,
3242 5440 3334 5494 καὶ
3396 5438 3660 5508 ἐκείνους
3718 5447 3973 5507 xor-:9“.

2247 5552 2403 5586 «πεν
2475 5529 2663 5587 αὑτοῦ.
2765 5530 2958 5593 ’Δυτὸς
3036 5527 3095 5585 δὲ
3168 5527 3427 5584 εἰσελθὼν
3505 5529 3596 5593 εἷς
3692 5556 3975 5613 συναγω.

2247 5644 2275 5671 ‹‹
2307 5622 2409 5695 γῆν
2451 5619 2714 5696 διελέχθη
2758 5625 2874 5681 τοῖς
2939 5616 3253 5682 Ἰουδαίοις.
3297 5619 3699 5691 Ἐρωτώντων
3749 5623 3819 5682 δὲ
3868 5629 3977 5686 αὑ-

2249 5713 2438 5780 «τῶν,
2480 5710 2570 5765 ἐπὶ
2611 5708 2843 5766 πλείονα
2881 5729 3079 5785 χρονον
3127 5714 3305 5783 μεῖναι
3354 5708 3483 5785 παρ’
3556 5710 3814 5791 αὐτοῖς,
3864 5720 3981 5775 οὑκ

2248 5827 2276 5857 ‹‹
2312 5800 2607 5874 ὲπὲνευσεν,
2679 5801 2828 5860 ἀλλὰ
2902 5803 3199 5874 ἀπετάξατο
3252 5802 3462 5873 αὑτοῖς,
3542 5800 3772 5862 εἰπών·
3871 5816 3987 5872 Ad
