4112 6424
316 416 434 477 245

1315 409 1720 475 ΟΟΜΜΕΝΤ.
1769 412 1843 474 IN
1893 410 2099 471 ACTA
2142 408 2754 473 APOSTOLORUM.

3646 415 3766 473 946

326 575 361 606 σι
403 572 467 625 με
495 546 722 612 πάντως
751 548 857 617 τήν
887 548 1085 623 ἑορτήν
1117 550 1215 619 τὴν
1275 547 1585 625 ἐρχομένην
1643 551 1874 616 ποιῆσαι
1926 544 2001 608 εἷς

2122 568 2151 597 ‹‹
2187 563 2281 602 me
2310 546 2529 605 festum
2563 546 2725 619 quod
2754 546 2937 603 instat
2993 561 3167 620 agere
3217 546 3624 620 Jerosolymis,
3675 549 3781 605 sed

330 669 357 693 ι
394 639 782 718 Ἱεροσόλυμα·
820 636 990 695 πάλιν
1026 636 1086 694 δὲ
1136 638 1441 714 ἀνακάμψω
1510 639 1651 712 πρὸς
1706 638 1846 713 ὑμᾶς
1913 641 2012 693 τοῦ

336 760 369 786 ι(
402 735 535 788 Θεοῦ
561 728 851 795 θέλοντος.
886 729 990 786 Καὶ
1027 731 1244 806 ἀνήχθη
1278 729 1388 785 ἀπὸ
1419 735 1519 799 τῆς
1546 728 1790 806 Ἐφέσου.
1824 752 1844 778 ι

414 825 555 884 Τοὺς
586 820 714 894 περὶ
766 818 1032 889 Ἀκύλαν,
1091 820 1245 898 φησὶ,
1303 818 1591 874 κατέλιπεν
1646 817 1722 880 εἷς
1781 818 2010 895 Ἔφεσον

334 914 525 987 [τοῦτο
556 907 614 965 δὲ
645 908 906 979 ἐποίησεν
945 906 1194 982 εἰκότως]
1225 908 1301 970 ὡς
1334 905 1672 981 διδάξαντας.
1731 908 2007 964 Τοσοῦτον

328 1003 441 1077 γὰρ
466 1000 621 1073 αὖτῷ
679 997 1070 1075 συγγενόμενοι
1131 999 1349 1073 χρόνον,
1399 997 1588 1053 πολλά
1638 995 1861 1071 ἔμαθον.
1901 996 2003 1053 Καὶ

337 1090 501 1163 ὅμως
532 1095 636 1157 τῆς
689 1085 980 1157 συνηθείας
1037 1085 1231 1148 αὐτοὺς
1294 1086 1395 1142 οὐκ
1450 1085 1730 1162 ἀπήγαγεν
1789 1084 2005 1142 οὐδὲπω

333 1186 439 1249 τῆς
475 1175 813 1243 Ἰουδαῖκῆς.
844 1176 912 1232 Τί
934 1173 998 1247 δή
1039 1196 1193 1247 ποτε,
1224 1177 1514 1255 προφήτης
1553 1174 1650 1243 ὢν,
1685 1177 1713 1230 ὁ
1763 1174 2003 1243 Ηαῦλος,

334 1268 427 1325 καί
471 1265 636 1329 εἰδὼς
667 1266 753 1321 ὅτι
782 1264 1014 1339 ἔμελλεν
1046 1264 1412 1342 ἀναστρέφειν,
1475 1264 1584 1341 οὐχ
1638 1264 1831 1327 ἀπλῶς
1872 1265 2002 1320 ἀνα-

338 1360 592 1435 στρέφειν
647 1353 1027 1433 ἐπηγγείλατο
1063 1399 1077 1426 ,
1125 1352 1273 1410 ἀλλὰ
1324 1356 1658 1428 προστιθεὶς,
1713 1360 1812 1410 106
1869 1358 2002 1410 Θεοῦ

341 1446 602 1512 θέλοντες
634 1466 649 1515 ;
682 1446 856 1519 ὐμᾶς
886 1440 1130 1500 διδάσκει
1166 1441 1336 1517 μηδὲν
1369 1445 1493 1520 περὶ
1523 1450 1629 1500 τῶν
1676 1442 2002 1520 μελλόντων

342 1537 725 1612 ὑπισχνεῖσθαι
758 1539 960 1607 ποιεῖν,
993 1530 1126 1613 δίχα
1180 1538 1278 1589 τοῦ
1336 1533 1528 1605 εἴπεῖν,
1590 1538 1687 1590 106
1744 1540 1878 1590 Θεοῦ
1912 1534 2005 1599 θὲ-

347 1624 558 1687 λοντος.
583 1625 659 1683 Οὐ
689 1626 792 1700 γάρ
823 1646 910 1686 τις
941 1621 1058 1680 οἶδε
1086 1623 1139 1679 τί
1166 1620 1371 1697 τέξεται
1400 1627 1434 1695 ἡ
1468 1623 1693 1680 ἐπιοῦσα
1723 1626 1926 1700 ἡμέρα.

430 1742 457 1766 α
488 1715 587 1773 Καὶ
614 1713 888 1770 κατελθὼν
924 1713 1000 1776 εἷς
1032 1717 1379 1789 Καισαρειαν,
1424 1710 1624 1777 ἀναϐάς
1678 1714 1768 1769 καὶ
1826 1717 1997 1771 ἀσπα·

360 1806 589 1880 σάμενος
655 1807 749 1875 τήν
850 1802 1164 1876 ἐκκλησίαν,
1245 1800 1446 1872 κατέϐη
1504 1804 1581 1866 εἷς
1630 1804 1994 1881 Ἀντιόχειαν.

2128 657 2148 684 ι
2186 635 2403 692 iterum
2433 641 2698 692 revertar
2741 635 2815 690 ad
2846 650 2967 705 vos,
3000 636 3117 690 Deo
3166 635 3418 691 volente.
3481 638 3551 692 Et
3607 638 3783 694 solvit

2119 746 2149 775 «
2181 726 2432 796 Epheso.
2468 747 2497 776 »

2188 814 3123 887 Priscillam,inquit,etAquilam
3147 814 3641 887 reliquitEphesi.
3661 817 3776 873 hoc

2116 911 2314 961 autem
2334 906 2545 962 merito
2558 906 2716 961 fecit.
2735 912 3020 977 tanquam
3036 903 3116 959 ibi
3142 904 3443 961 docentes.
3460 908 3596 962 Cum
3612 907 3775 963 enim

2116 1000 2281 1051 tanto
2314 1001 2580 1068 tempore
2595 1014 2732 1052 cum
2754 1012 2823 1052 eo
2844 995 3061 1052 versati
3088 999 3309 1057 essent,
3341 998 3378 1050 I
3394 997 3493 1052 42
3520 996 3777 1067 plurima

2114 1083 2491 1141 didicerant:
2554 1102 2665 1141 nec
2730 1092 2933 1141 tamen
2979 1084 3286 1141 aJudaica
3343 1086 3776 1143 consuetudine

2115 1173 2274 1246 ipsos
2306 1174 2501 1231 adhuc
2535 1174 2830 1231 abducere
2854 1180 3147 1247 potuerat.
3182 1175 3367 1239 Quam
3403 1174 3477 1229 ob
3509 1191 3776 1243 causam,

2114 1281 2249 1320 cum
2280 1265 2573 1337 propheta
2604 1271 2762 1319 esset
2804 1264 3041 1331 Paulus,
3076 1263 3374 1335 sciretque
3407 1280 3470 1319 se
3499 1281 3778 1321 reversu-

2116 1371 2273 1422 rum,
2306 1370 2427 1409 non
2459 1353 2816 1425 simpliciter
2845 1353 3123 1425 promisit
3146 1370 3206 1408 se
3239 1370 3640 1421 reversurum,
3673 1354 3782 1410 sed

2110 1443 2359 1508 addidit,
2387 1445 2503 1499 Deo
2544 1443 2776 1499 volente
2797 1443 2825 1498 ?
2868 1445 3088 1514 Nempe
3125 1442 3346 1499 docens
3377 1460 3488 1499 nos
3519 1460 3593 1499 ne
3627 1443 3774 1516 quid

2110 1531 2181 1587 de
2211 1532 2430 1587 futuris
2452 1532 2849 1604 polliceamur
2879 1532 2996 1587 nisi
3029 1531 3339 1603 addentes,
3372 1533 3493 1587 Deo
3515 1533 3771 1589 volente.

2107 1623 2289 1678 Nemo
2323 1623 2483 1677 enim
2507 1622 2669 1680 novit
2696 1621 2839 1693 quid
2862 1621 3166 1694 pariturus
3194 1622 3520 1695 insequens
3550 1622 3700 1679 dies.

2175 1715 2376 1781 XVIII,
2410 1716 2592 1772 22-28.
2628 1737 2656 1765 «
2698 1716 2963 1786 Cumque
2990 1713 3401 1770 descendisset
3436 1716 3771 1770 Caesaream

2106 1830 2133 1855 ‹‹
2168 1810 2225 1859 et
2257 1804 2624 1860 ascendisset
2646 1821 2713 1860 ac
2745 1804 3063 1860 salutasset
3086 1804 3424 1871 ecclesiam,
3458 1803 3774 1869 descendit

359 1896 464 1951 Καὲ
549 1894 773 1964 ποιήσας
859 1894 1064 1973 χρόνον
1141 1894 1279 1965 τινὰ,
1367 1892 1582 1965 ἐξῆλθε,
1640 1890 1995 1973 διερχόμενος

2118 1916 2133 1946 ι
2167 1894 2568 1951 Antiochiam.
2596 1896 2664 1950 Et
2694 1900 3097 1951 commoratus
3119 1894 3201 1949 ibi
3224 1894 3599 1965 aliquantum
3614 1899 3767 1949 tem-

344 1986 574 2052 καθεξῆς
624 1984 722 2052 τήν
780 1981 1089 2051 Γαλατικῆν
1152 1982 1339 2059 χώραν
1396 1983 1485 2038 καὶ
1554 1981 1819 2057 Φρυγίαν,
1875 1981 1995 2039 ἐπι-

340 2074 619 2148 στηρίζων
668 2073 872 2134 πάντας
948 2071 1076 2134 τοὺς
1153 2072 1424 2145 μαθητὰς·
1485 2069 1750 2135 Ἰουδαῖος
1802 2069 1860 2128 δὲ.
1912 2095 1994 2136 τις

333 2162 642 2219 Ἀπολλὼς
698 2161 970 2236 ὀνόματι,
1032 2160 1412 2237 Ἀλεξανδρεὺς
1469 2166 1549 2234 τῷ
1605 2162 1745 2237 γὲνει
1783 2209 1797 2234 ,
1858 2163 1995 2238 ἀνὴρ

332 2251 531 2329 λόγιος
565 2296 579 2321 ,
639 2254 973 2323 κατήντησεν
1030 2251 1106 2314 εἷς
1166 2253 1395 2333 Ἔφεσον
1430 2299 1445 2326 ,
1507 2249 1734 2315 δυνατὸς
1813 2249 1886 2307 ὢν
1944 2250 1996 2308 ἐν

331 2348 456 2404 ταῖς
520 2347 761 2422 Γραφαῖς
805 2386 818 2397 .
874 2342 1045 2405 Οἷτος
1097 2343 1161 2412 ἦν
1218 2340 1611 2417 κατηχημένος
1690 2342 1789 2412 τὴν
1868 2340 1991 2397 ὁδὸν

813 2431 902 2486 καὶ
961 2430 1094 2502 ζὲων
1152 2436 1231 2503 τῷ
1278 2431 1543 2508 πνεύματι
1613 2431 1847 2498 ἐλάλει,
1904 2431 1996 2486 καὶ

330 2520 620 2579 ἔδίδασκεν
679 2516 922 2596 ἀκριϐῶς
1000 2522 1067 2575 τά
1146 2522 1270 2595 περί
1344 2526 1441 2576 106
1498 2521 1723 2597 Κυρίου,
1774 2520 1995 2577 ἐπιστά-

332 2634 506 2685 μενος
601 2610 766 2684 μόνον
845 2611 906 2666 τὸ
993 2611 1274 2687 βάπτισμα
1348 2610 1648 2668 Ἰωάννου.
1711 2612 1882 2672 Οὗτός
1936 2632 1996 2668 τε

328 2702 540 2777 ἤρξατο
622 2698 1086 2776 παρῥησιάζεσθαι
1161 2699 1212 2756 ἐν
1268 2704 1337 2775 τῇ
1398 2703 1688 2778 συναγωγῇ
1721 2745 1732 2757 .
1795 2701 1993 2759 Ἀκού-

330 2813 521 2854 σαντες
558 2789 619 2847 δέ
667 2791 833 2846 αὑτοῦ
888 2790 1122 2853 Ἀκύλας
1177 2791 1263 2847 καὶ
1329 2790 1658 2868 Πρίσκιλλα,
1717 2790 1993 2867 προσελά-

331 2879 501 2938 ϐοντο
559 2881 764 2948 αὐτὸν,
821 2882 911 2937 καὶ
966 2878 1345 2958 ἀκριϐέστερον
1402 2882 1550 2955 αότῴ
1608 2883 1841 2953 ἐξέθεντο
1896 2882 1993 2951 τὴν

335 2978 433 3029 106
493 2976 635 3029 Θεοῦ
676 2969 824 3028 ὁδόν.
884 2970 1236 3046 Βουλομὲνου
1290 2970 1346 3028 δὲ
1398 2972 1564 3028 αὐτοῦ
1621 2969 1854 3028 διελθεῖν
1916 2971 1992 3033 είς

336 3065 430 3132 τὴν
464 3059 712 3137 Ἀχαίαν
740 3061 1178 3137 προτρεψάμενοι
1210 3064 1266 3117 οἱ
1314 3059 1541 3142 ἀδελφοὶ
1594 3058 1829 3138 ἔγραψαν
1877 3067 1994 3124 τοῖς

340 3160 620 3226 μαθηταῖς
679 3149 1039 3223 ἀποδέξασθαι
1128 3153 1287 3209 αὐτόν
1326 3197 1338 3210 .
1401 3155 1500 3218 ¹Ὸς
1555 3153 1992 3229 παραγενόμενος

336 3230 669 3291 συνεϐάλετο
728 3233 873 3290 πολὺ
943 3240 1060 3297 τοῖς
1115 3235 1500 3291 πεπιστευκόσι
1548 3232 1637 3290 διὰ
1694 3242 1793 3304 τῆς
1828 3233 1992 3310 χάρι-

326 2438 428 2489 106
503 2432 706 2506 Κυρίου
742 2479 755 2500 ,

2110 2005 2134 2036 ι
2164 1984 2347 2056 poris,
2381 1984 2683 2056 profectus
2716 1990 2824 2053 est,
2859 1983 3284 2057 perambulans
3315 2000 3386 2039 ex
3425 1984 3635 2039 ordine
3659 1984 3765 2039 Ga-

2111 2097 2132 2124 ι
2169 2073 2407 2129 laticam
2439 2074 2741 2144 regionem
2773 2090 2839 2129 ac
2872 2074 3211 2147 Phrygiam,
3244 2074 3608 2129 conﬁrmans
3639 2089 3764 2129 om-

2108 2185 2135 2213 ‹‹
2169 2179 2277 2217 nes
2323 2162 2667 2234 discipulos.
2726 2163 2963 2219 Judaeus
3010 2170 3209 2218 autem
3241 2163 3483 2234 quidam
3514 2162 3760 2235 Apollos

2108 2274 2137 2303 ‹‹
2168 2252 2432 2319 nomine,
2453 2252 2892 2307 Alexandrinus
2923 2269 3160 2325 genere,
3194 2252 3281 2306 vir
3312 2251 3623 2323 eloquens,
3656 2251 3764 2306 de-

2105 2364 2132 2391 ι(
2160 2340 2318 2395 venit
2351 2342 2676 2413 Ephesum,
2712 2348 2924 2413 potens
2983 2342 3046 2397 in
3102 2342 3449 2413 Scripturis.
3504 2341 3607 2397 Hic
3637 2345 3766 2397 erat

2106 2453 2134 2482 «
2168 2431 2479 2487 institutus
2529 2431 2589 2486 in
2649 2431 2740 2486 via
2798 2432 3055 2486 Domini:
3091 2438 3146 2486 et
3173 2431 3407 2487 fervens
3440 2431 3654 2503 spiritu
3683 2430 3769 2486 lo-

2106 2542 2133 2570 ‹‹
2170 2520 2482 2591 quebatur,
2518 2536 2587 2575 ac
2640 2520 2893 2576 docebat
2939 2521 3256 2593 diligenter
3313 2537 3382 2575 ea
3436 2537 3569 2591 quae
3623 2524 3763 2577 sunt

2111 2632 2131 2659 ι
2171 2610 2427 2672 Domini,
2462 2610 2655 2665 sciens
2686 2615 2929 2667 tantum
2952 2609 3247 2683 baptisma
3274 2610 3537 2666 Joannis.
3572 2611 3641 2665 Et
3673 2610 3770 2666 hic

2106 2722 2133 2749 ι(
2167 2698 2547 2772 cmpitlibere
2580 2700 2743 2773 loqui
2764 2701 2825 2755 in
2850 2717 3166 2774 synagoga.
3194 2701 3379 2766 Quem
3406 2716 3541 2756 cum
3565 2698 3771 2757 audis-

2105 2809 2134 2839 «
2168 2794 2299 2845 sent
2328 2789 2601 2846 Priscilla
2632 2796 2689 2845 et
2720 2790 2956 2862 Aquila,
2987 2795 3441 2863 assumpserunt
3482 2806 3638 2854 eum,
3674 2794 3768 2846 at-

2103 2900 2132 2929 «
2167 2896 2281 2952 que
2314 2881 2576 2937 exactius
2609 2886 3011 2953 exposuerunt
3050 2881 3103 2936 ei
3132 2882 3288 2936 viam
3328 2880 3586 2937 Domini.
3621 2879 3767 2938 Cum

2104 2990 2135 3018 «
2165 2974 2367 3025 autem
2386 2970 2561 3026 vellet
2586 2972 2671 3027 ire
2694 2970 2755 3026 in
2778 2971 3060 3027 Achaiam
3083 2971 3377 3026 exhortati
3393 2971 3606 3027 fratres
3621 2972 3768 3027 scri-

2104 3077 2133 3105 «
2161 3063 2410 3127 pserunt
2440 3057 2770 3129 discipulis,
2794 3063 2860 3114 ut
2890 3058 3264 3130 susciperent
3294 3074 3453 3113 eum.
3487 3056 3596 3122 Qui
3628 3073 3767 3113 cum

2105 3166 2133 3196 ι(
2165 3146 2443 3214 venisset,
2477 3146 2732 3202 contulit
2774 3146 3029 3203 multum
3087 3147 3180 3201 his
3213 3145 3314 3217 qui
3373 3144 3757 3202 crediderant

2105 3255 2132 3283 «
2168 3251 2276 3306 per
2304 3236 2555 3308 gratiam
2583 3252 2596 3291 :
2632 3236 3017 3292 vehementer
3046 3236 3207 3292 enim
3235 3234 3470 3290 Judaaos
3503 3234 3769 3290 revince-

338 3345 448 3388 τος·
495 3326 743 3388 εὐτόνως
803 3326 906 3402 γάρ
971 3331 1087 3389 τοῖς
1155 3323 1442 3389 Ἰουδαίοις
1504 3322 1998 3404 διακατηλέγχετο,

2118 3345 2143 3373 ι(
2173 3324 2295 3393 bat,
2311 3305 2557 3397 publice
2578 3325 2901 3382 ostendens
2928 3342 3036 3397 per
3057 3325 3391 3398 Scripturas
3410 3326 3437 3381 J
3444 3339 3612 3381 esum
3636 3340 3767 3382 esse

338 3413 594 3488 δημοσίᾳ
625 3411 937 3477 ἐπιδεικνὺς
967 3411 1055 3471 διὰ
1082 3419 1191 3471 τῶν
1238 3418 1464 3497 Γραιρῶν
1521 3416 1663 3471 εἶναι
1726 3415 1818 3472 τὸν
1867 3416 2002 3490 Χρι-

338 3506 465 3562 στὸν
499 3505 743 3577 Ἰησοὺν.
775 3526 804 3557 υ

414 3595 572 3657 Τινῗες
604 3615 781 3672 φασιν,
815 3593 889 3649 ὡς
922 3594 951 3650 ὁ
987 3591 1288 3659 Ἀπολλὼς
1343 3595 1502 3659 οὗτος
1560 3596 1588 3651 ὁ
1645 3594 1808 3659 αὐτός
1864 3595 2004 3653 ἐστιν

354 3683 637 3752 ’Δπελλῆς
667 3686 694 3739 ὁ
725 3688 832 3738 τῶν
867 3683 1174 3760 Κορινθίων
1226 3683 1552 3753 ἐπίσκοπος,
1591 3686 1714 3762 περὶ
1747 3684 1809 3741 οὗ
1840 3708 2002 3765 φησιν

368 3770 642 3850 ἀλλαχοῖι·
688 3799 712 3824 α
772 3772 916 3849 Ἐγὼ
974 3771 1258 3847 ἐφύτευσα,
1328 3774 1623 3837 ’Δπολλὼς
1674 3773 1940 3836 ἐπότισεν.
1976 3803 1999 3833 ι

362 3862 441 3918 Ἠ
472 3859 648 3917 τοίνυν
674 3858 942 3937 διώνυμος
991 3863 1020 3918 ὁ
1067 3863 1227 3939 ἀνὴρ,
1260 3862 1296 3933 ἢ
1355 3862 1571 3930 ἄλλως,
1632 3867 2004 3939 μετεποιήθην

353 3950 582 4025 θάτερον
611 3955 718 4006 τῶν
748 3950 1056 4026 ὂνομάτων,
1116 3951 1191 4014 εἷς
1219 3952 1281 4007 τὸ
1341 3950 1558 4011 λοιπόν.
1621 3979 1648 4006 (ι
1681 3955 2007 4031 Ἐπιστάμε-

345 4062 438 4104 νος
486 4040 655 4117 μόνον
686 4041 748 4097 τὸ
782 4040 1064 4117 βάπτισμα
1120 4040 1395 4102 Ἰωάννου.
1438 4067 1466 4095 ››
1525 4043 1709 4117 Ἄξιον
1774 4049 2006 4116 ζητῆσαι

339 4136 489 4201 πῶς,
524 4130 571 4187 εί
594 4130 657 4186 τὸ
692 4130 972 4207 βάπτισμα
1005 4130 1172 4204 μόνον
1226 4130 1478 4188 Ἰωάννου
1510 4133 1800 4204 ἠπίστατο,
1833 4132 2006 4196 οὕτως

339 4226 425 4294 τῷ
459 4218 739 4293 Ilva-59.21:
770 4218 897 4291 ἔξει.
933 4221 1011 4278 Τὸ
1049 4220 1153 4297 γὰρ
1185 4225 1405 4295 Πνεῦμα
1437 4222 1547 4299 οὐχ
1575 4222 1747 4285 οὕτως
1772 4220 2005 4282 ἐδίδοτο.

341 4312 455 4369 Καὶ
480 4310 529 4367 εἷ
563 4311 618 4366 οἱ
680 4312 816 4384 μετὰ
867 4315 1060 4367 τοῦτον
1121 4308 1420 4384 ἐδεήθησαν
1470 4317 1568 4368 106
1628 4315 2007 4389 βαπτίσματος

337 4409 443 4461 τοῦ
473 4407 743 4479 Χριστοῦ,
771 4401 973 4477 πολλῷ
1006 4401 1220 4479 μᾶλλον
1249 4403 1339 4459 καὶ
1371 4406 1535 4470 οὗτος
1563 4403 1759 4478 ἐδεήθη
1809 4406 1892 4466 ἄν.
1942 4407 2010 4466 Τί

341 4495 443 4550 οὗν
495 4489 643 4548 ἔστιν
706 4492 923 4562 εἷπεῖν;
991 4490 1115 4548 οὐδὲ
1170 4492 1273 4569 γὰρ
1332 4491 1525 4557 ἁπλῶς
1583 4493 1774 4572 ἐφεξῆς
1824 4492 2011 4567 ἔθηκεν

342 4581 662 4662 ἀμφότερα.
696 4586 854 4637 Δοκεῖ
899 4581 1077 4637 τοίνυν
1132 4580 1289 4645 οὗτος
1348 4583 1485 4641 εἶναι
1540 4588 1646 4639 τῶν
1717 4585 1903 4641 ἑκατὸν
1933 4583 2013 4641 εἷ’-

2113 3435 2140 3464 ‹‹
2174 3414 2493 3471 Christum.

2183 3593 2433 3661 Quidam
2464 3592 2671 3650 dicunt
2701 3593 2857 3666 quod
2885 3594 2983 3649 hic
3022 3593 3264 3666 Apollos
3293 3592 3475 3651 fuerit
3530 3590 3771 3664 Apelles

2112 3683 2553 3741 Corinthiorum
2599 3684 2937 3756 episcopus,
2969 3683 3041 3739 de
3073 3701 3188 3755 quo
3247 3684 3331 3739 ait
3379 3682 3562 3738 alibi:
3596 3704 3620 3729 ‹‹
3654 3682 3768 3755 Ego

2109 3775 2395 3850 plantavi,
2450 3775 2693 3847 Apollos
2746 3775 2953 3847 rigavit
2979 3775 3059 3830 ‘7:
3093 3796 3122 3825 »
3180 3774 3509 3831 binominis
3566 3773 3769 3846 itaque

2112 3865 2203 3919 vir
2233 3868 2378 3920 erat.
2414 3865 2529 3921 Aut
2559 3864 2754 3922 aliter.
2813 3864 3189 3920 Translatum
3222 3872 3314 3920 est
3371 3864 3626 3920 alterum
3664 3881 3772 3920 no-

2113 3974 2251 4013 men
2285 3957 2346 4013 in
2377 3957 2437 4014 id
2469 3956 2628 4029 quod
2654 3958 2952 4030 posterius
2973 3957 3199 4014 habuit.
3238 3978 3265 4006 «
3296 3958 3499 4013 Sciens
3530 3962 3766 4015 tantum

2112 4047 2410 4121 baptisma
2430 4047 2695 4104 Joannis.
2723 4070 2749 4098 ››
2769 4045 3033 4121 Dignum‘
3047 4053 3137 4103 est
3153 4054 3217 4104 ut
3234 4047 3609 4119 inquiramus
3627 4064 3771 4120 quo-

2114 4138 2311 4206 modo,
2348 4139 2395 4193 si
2426 4137 2725 4211 baptisma
2753 4144 2986 4194 tantum
3050 4138 3293 4194 Joannis
3347 4136 3589 4205 sciebat,
3622 4136 3769 4192 adeo

2118 4229 2334 4302 spiritu
2363 4227 2625 4284 fervebat
2653 4228 2681 4285 ?
2702 4246 2823 4284 non
2854 4229 3014 4283 enim
3043 4228 3298 4300 Spiritus
3343 4245 3411 4283 eo
3465 4227 3642 4283 modo
3672 4226 3773 4282 da-

2117 4321 2312 4379 batur.
2344 4324 2639 4377 Praaterea
2661 4322 2709 4377 si
2734 4320 3092 4394 quibusdam
3125 4328 3260 4394 post
3305 4327 3646 4394 susceptum
3674 4322 3773 4376 Jo-

2118 4412 2291 4467 annis
2312 4411 2609 4483 baptisma
2632 4428 2780 4483 opus
2804 4411 2912 4466 fuit
2941 4412 3156 4467 Christi
3182 4410 3523 4483 baptismati
3563 4411 3771 4481 utique

2118 4501 2305 4557 multo
2330 4501 2514 4573 magis
2534 4501 2671 4557 huic
2690 4517 2838 4572 opus
2861 4500 3089 4556 fuisset.
3123 4501 3270 4566 Quid
3295 4517 3432 4573 ergo
3456 4500 3773 4556 dicendum

2121 4595 2210 4647 est
2238 4590 2265 4645 ?
2287 4592 2485 4661 Neque
2504 4590 2663 4644 enim
2699 4595 2920 4645 temere
2950 4607 3137 4646 unum
3170 4596 3303 4661 post
3333 4590 3496 4645 aliud
3547 4591 3774 4662 posuit.

339 4693 495 4745 κοσι,
541 4675 653 4727 τῶν
714 4672 849 4744 μετά
903 4676 1011 4726 τῶν
1077 4671 1400 4729 ἀποστόλων
1463 4674 1881 4748 βαπτισθέντων.
1939 4676 2001 4732 Ἥ

2119 4680 2365 4735 Videtur
2394 4695 2531 4751 ergo
2552 4696 2711 4735 unus
2735 4696 2863 4735 esse
2899 4696 2968 4735 ex
3001 4685 3240 4735 centum
3272 4680 3498 4753 viginti,
3531 4680 3630 4750 qui
3654 4696 3776 4737 una

341 4763 389 4819 εἰ
428 4763 516 4839 μή
546 4765 733 4831 τοῦτο,
761 4762 895 4837 ὅπερ
926 4760 1015 4816 ἐπὶ
1070 4766 1166 4819 τοῦ
1235 4760 1548 4837 Κορνηλίου
1604 4763 1795 4842 γέγονε
1851 4763 2009 4840 γεγὲ-

339 4873 510 4924 νηται
551 4851 644 4907 καὶ
675 4850 764 4907 ἐπὶ
791 4851 992 4925 τούτῳ.
1028 4849 1188 4910 ’ΔΛλ’
1223 4849 1349 4908 οὒδὲ
1412 4852 1748 4929 βαπτίζεται.
1807 4854 2012 4909 Τούτου

348 4943 448 5001 οὗν
488 4935 737 5017 ἀκριϐῶς
764 4940 1160 5014 ἐξετασθέντος,
1194 4938 1347 4997 δοκεῖ
1397 4945 1559 4999 τοῦτο
1610 4945 1686 5017 μή
1742 4944 1898 5015 εἶναι,
1931 4943 2016 4999 δτι

343 5034 439 5088 καὶ
478 5032 852 5108 βαπτισθῆναι
884 5029 1043 5087 αὐτὸν
1067 5027 1195 5086 ἔδει.
1228 5031 1381 5087 Ἐπεὶ
1414 5032 1467 5088 οἱ
1502 5029 1711 5089 δώδεκα
1742 5034 1796 5089 οἳ
1828 5031 2016 5106 ἄλλοι,

346 5120 508 5179 οὐδὲν
538 5118 768 5198 ᾔδεισαν
823 5115 1241 5196 ἀκριϐῶς,οὗδῖε
1305 5122 1372 5177 τὰ
1426 5123 1551 5197 περὶ
1598 5123 1802 5196 Ἰησοῦ.
1853 5125 2017 5183 Εἰκὸς

346 5212 405 5269 δὲ
440 5212 606 5270 αὐτὸν
625 5210 721 5269 καί
754 5211 1143 5287 βαπτισθῆναι.
1196 5209 1260 5267 Εἰ
1320 5208 1377 5267 δὲ
1434 5209 1585 5269 οὗτοι
1642 5215 1696 5269 οἱ
1747 5215 2021 5287 Ἰωάννου,

346 5305 487 5380 μετά
516 5304 580 5361 τὸ
612 5304 906 5382 βάστισμα
938 5298 1102 5355 πάλιν
1132 5294 1533 5373 ἐϐπαπτίζοντο
1590 5295 1699 5360 ἔδει
1753 5305 1845 5360 καὶ
1891 5305 2022 5368 τοὺς

347 5397 602 5469 μαθητάς
634 5397 812 5450 τοῦτο
835 5396 1093 5459 ποιῆσαι.

2121 4786 2255 4825 cum
2286 4768 2568 4838 apostolis
2592 4768 2814 4840 Spiritu
2838 4768 3114 4841 baptizati
3161 4773 3318 4825 sunt.
3364 4769 3514 4823 I48
3565 4770 3677 4824 Aut
3724 4770 3776 4825 si

2119 4860 2234 4915 hoc
2252 4874 2370 4913 non
2405 4857 2621 4928 placet,
2652 4857 2714 4912 id
2731 4857 2889 4930 quod
2907 4857 3177 4913 Cornelio
3208 4857 3430 4914 factum
3461 4864 3569 4925 est,
3595 4858 3777 4918 etiam

2125 4948 2187 5003 in
2211 4949 2320 5003 hoc
2352 4946 2586 5003 accidit.
2611 4947 2789 5019 Atqui
2820 4947 3303 5019 nonbaptizatur.
3338 4948 3395 5003 Si
3427 4952 3629 5005 tamen
3660 4950 3774 5008 hoc

2129 5042 2328 5094 exacte
2378 5035 2765 5109 disquiratur,
2847 5042 3095 5109 apparet
3146 5054 3266 5092 non
3317 5038 3400 5094 ita
3445 5055 3597 5106 esse,
3640 5041 3783 5111 quia

2131 5128 2309 5183 etiam
2343 5126 2702 5199 baptizatum
2736 5127 2931 5198 ipsum
2963 5126 3147 5182 fuisse
3178 5128 3459 5199 oportuit.
3511 5130 3782 5195 Quando-

2133 5216 2375 5289 quidem
2408 5216 2722 5271 duodecim
2754 5216 2858 5272 alii
2889 5216 2982 5287 (dc
3015 5216 3231 5288 quibus
3262 5218 3463 5273 statim
3496 5220 3789 5291 sequitur)

2135 5305 2291 5362 nihil
2322 5311 2523 5361 exacte
2556 5311 2865 5371 noverant,
2893 5323 2968 5361 ne
3009 5305 3082 5360 de
3127 5306 3220 5361 his
3266 5306 3505 5378 quidem
3540 5325 3671 5379 qua:
3700 5311 3789 5365 Je-

2140 5412 2273 5452 sum
2304 5400 2754 5452 concernerent.
2810 5396 3119 5451 Versimile
3178 5402 3377 5453 tamen
3425 5403 3515 5454 est
3546 5405 3606 5454 et
3635 5399 3795 5458 hunc

336 5488 703 5566 baptizatum
771 5481 989 5539 fuisse.
1022 5482 1166 5537 Nam
1189 5482 1239 5538 si
1269 5482 1330 5538 hi
1364 5484 1465 5555 qui
1502 5483 1747 5542 Joannis
1774 5486 2249 5560 discipulierant,
2281 5485 2633 5542 accedentes
2686 5485 2761 5541 ad
2819 5485 2997 5542 ﬁdem
3044 5486 3153 5542 etsi
3183 5486 3481 5560 baptisma
3510 5505 3791 5562 suscepe-

321 5591 477 5658 rant,
511 5593 778 5643 rursnm
810 5570 1292 5645 baptizabantur,
1325 5573 1639 5646 oportebat
1667 5575 1996 5650 discipulos
2026 5592 2263 5650 quoque
2296 5576 2557 5650 idipsum
2586 5575 2803 5634 facere.

364 5788 415 5829 ιτ
448 5785 479 5848 ι
508 5782 661 5841 Cor.
696 5786 799 5842 In,
840 5765 903 5823 ϐο
