4112 6416
375 421 492 486 241

932 556 1165 612 CAPUT
1208 555 1466 611 XXVIII.

379 653 456 707 De
488 650 813 727 baptismate
833 653 894 727 et
916 646 1348 727 _Spiritu_sa_nc_ti
1377 644 1523 727 dono
1549 660 1654 727 per
1684 642 1848 727 Pauli
1894 642 2029 727 ado-

450 712 721 775 rati-onem
747 720 877 773 dato
909 712 994 773 his
1052 717 1151 788 qui
1206 716 1408 786 Ephesi
1463 712 1835 788 crediderant,
1889 712 2036 788 etde

449 793 625 847 salute
666 791 912 861 populi:
973 790 1032 843 in
1059 785 1196 859 _quo
1248 785 1529 861 narratur
1548 790 1716 861 etiam
1754 786 1847 861 _de
1902 785 2035 855 ﬁliis

450 857 685 919 Scevaez'
708 857 758 916 et
800 860 949 932 quod
994 857 1114 915 non
1161 866 1411 932 oporteat
1461 858 1531 913 ad
1578 857 1889 932 incredulos
1940 873 2032 911 ac-

449 935 655 999 cedere,
689 929 884 1004 eosque
915 934 1013 1003 qui
1063 948 1117 987 se
1146 931 1506 1004 reddiderunt
1560 931 1671 1004 ﬁde
1726 929 1985 1004 indignos
2019 943 2031 1004 ς

450 1009 581 1061 item
637 1006 704 1060 de
761 1000 1095 1074 confessione
1143 1002 1501 1070 credentium,
1534 1003 1598 1056 de
1626 1007 1776 1056 mota
1834 1000 2035 1074 Ephesi

450 1079 718 1203 seditiogw
774 1094 808 1131 a
851 1073 1123 1131 Demetrio
1175 1076 1340 1144 fabro
1396 1075 1722 1143 argentario
1776 1073 2032 1127 adversus

450 1157 643 1203 anosto
668 1164 746 1203 os.

448 1157 746 1221 apostolos.

446 1312 595 1377 XIX,
631 1313 749 1366 1-3.
787 1309 1073 1366 «Accidit
1126 1313 1326 1364 autem
1386 1323 1522 1363 cum
1582 1304 1824 1378 Apollos
1878 1307 2036 1359 esset

375 1424 404 1455 ‹‹
461 1403 752 1467 Corinthi,
810 1406 878 1457 ut
933 1401 1179 1469 Paulus,
1236 1398 1565 1471 peragratis
1625 1395 2033 1469 superioribus

380 1510 403 1541 ι
437 1492 706 1565 partibus
725 1490 954 1546 veniret
972 1489 1270 1562 Ephesum
1286 1528 1299 1552 ,
1322 1493 1379 1544 et
1400 1487 1654 1559 repertis
1673 1483 2033 1557 quibusdam

375 1604 404 1633 ι(
439 1582 749 1654 discipulis
780 1580 930 1636 dixit
967 1580 1042 1635 ad
1075 1595 1214 1634 eos:
1265 1580 1415 1634 Num
1444 1577 1726 1649 Spiritum
1759 1579 2030 1630 sanctum

378 1694 404 1725 ι
441 1672 753 1744 accepistis
784 1676 1171 1743 posteaquam
1208 1666 1594 1723 credidistis?
1640 1669 1714 1720 At
1743 1664 1831 1719 illi
1863 1658 2033 1719 dixe¥

378 1784 407 1814 «
435 1768 579 1820 runt
605 1761 680 1817 ad
707 1777 842 1816 eum
870 1776 883 1814 :
920 1762 1045 1815 lmo
1077 1775 1272 1830 neque
1305 1758 1456 1812 sitne
1489 1756 1741 1827 Spiritus
1790 1758 2034 1810 sanctus

378 1874 407 1904 ιι
440 1850 796 1908 audivimus.
829 1851 900 1903 Et
929 1848 1012 1903 ait
1041 1847 1115 1903 ad
1147 1846 1322 1901 illos:
1382 1846 1507 1910 Quo
1559 1860 1695 1916 ergo
1753 1842 2029 1915 baptizati

376 1964 403 1994 α
441 1941 584 1997 estis
604 1940 632 1995 ‘l
663 1939 753 1995 Illi
787 1954 922 1992 vero
954 1937 1233 1991 dixerunt
1267 1951 1280 1989 :
1309 1934 1555 1990 Joannis
1593 1933 1972 2004 baptismate.
2003 1955 2030 1982 ››

2157 1932 2449 2008 Βάπτισμα.
2482 1962 2503 1988 ι

446 2029 611 2085 Unde
643 2028 727 2095 hi,
760 2043 894 2082 cum
917 2024 1133 2096 Ephesi
1158 2023 1497 2079 habitarent
1527 2022 1626 2093 (1),
1661 2022 1905 2076 Joannis
1935 2021 2037 2076 ha-

372 2118 597 2177 bebant
626 2117 924 2189 baptisma
945 2114 973 2169 ?
1003 2113 1293 2169 Fortassis
1324 2117 1499 2167 antea
1555 2110 1802 2182 profecti
1861 2103 2035 2165 erant

370 2208 739 2279 Jerosolyma
770 2210 828 2260 et
855 2206 1145 2260 Joannem
1201 2206 1576 2257 accesserant
1633 2217 1700 2255 ac
1756 2199 2028 2270 baptizati

371 2301 763 2365 erant,neque
782 2294 982 2348 Iesum
1009 2290 1576 2361 noverant,ideoque
1608 2305 1728 2343 non
1747 2287 1893 2343 dicit
1922 2288 2030 2353 eis,

375 2386 630 2443 Creditis
659 2384 720 2439 in
748 2385 948 2439 Jesum
971 2382 999 2437 ‘l
1020 2381 1145 2452 sed,
1181 2383 1332 2436 Num
1357 2379 1641 2451 Spiritum
1669 2378 1985 2449 accepistis
2004 2378 2033 2433 ?

372 2475 551 2547 idque
580 2490 717 2529 cum
749 2473 931 2528 sciret
960 2488 1061 2526 eos
1093 2487 1213 2525 non
1244 2467 1466 2525 habere
1501 2484 1514 2522 :
1548 2467 1653 2523 sed
1682 2466 1811 2521 vult
1870 2467 2030 2538 ipsos

372 2564 485 2618 hoc
516 2561 737 2629 dicere,
796 2564 864 2614 ut
902 2558 1004 2613 ubi
1053 2557 1441 2631 cognoverint
1498 2554 1715 2627 quibus
1764 2558 2028 2622 careant,

373 2652 574 2710 statim
607 2667 676 2706 ea
705 2653 1003 2721 expetant.

446 2744 604 2797 I44
634 2740 774 2806 XIX,
803 2740 919 2795 4-8.
957 2761 984 2790 ‹‹
1018 2738 1174 2794 Dixit
1220 2742 1420 2793 autem
1452 2736 1671 2792 Paulus
1705 2753 1719 2791 :
1772 2734 2028 2790 Joannes

379 2852 407 2880 «ι
440 2831 681 2903 quidem
713 2827 1025 2901 baptizavit
1053 2826 1351 2899 baptismo
1383 2826 1772 2898 paenitentiae,
1806 2823 2026 2897 populo

375 2944 404 2974 «
436 2921 712 2993 loquens,
733 2925 800 2974 ut
828 2919 888 2973 in
907 2934 1067 2984 eum,
1092 2916 1195 2989 qui
1221 2922 1355 2988 post
1379 2916 1574 2987 ipsum
1599 2920 1881 2970 venturus
1901 2917 2030 2968 erat

374 3034 402 3062 ‹‹
436 3011 769 3071 crederent,
803 3008 914 3063 hoc
948 3013 1037 3061 est
1066 3006 1129 3060 in
1160 3006 1459 3061 Christum
1514 3005 1737 3059 Jesum.
1772 3002 1872 3057 His
1919 3018 2028 3057 au-

371 3120 399 3148 α
434 3097 595 3162 ditis,
629 3096 907 3168 baptizati
958 3100 1097 3151 sunt
1155 3095 1217 3149 in
1265 3094 1508 3149 nomine
1572 3092 1805 3147 Domini
1864 3092 2021 3146 Jesu.

372 3208 400 3238 «
432 3191 698 3258 Cumque
726 3184 1253 3257 imposuissetillis
1298 3199 1511 3239 manus
1565 3181 1806 3247 Paulus,
1865 3180 2026 3235 venit

1499 414 1930 477 (BCIIMENII
1975 410 2288 474 ΤΗΙΟΟᾸΞ
2330 415 2681 480 EPISCOPI

2061 550 2115 616 A

3688 424 3818 486 248

2751 559 3007 615 ΚΕΦᾹΛ*
3064 561 3186 613 ΚΗ’.

2148 639 2279 719 Περὶ
2339 644 2715 719 βαπτίσματος
2791 648 2882 719 καὶ
2961 651 3061 713 τῆς
3128 650 3225 702 τοῦ
3280 647 3443 719 ἁγίου
3491 647 3811 719 Πνεύματος

2254 714 2426 805 ιυριεᾶς
2482 714 2732 805 δοθείσης
2798 716 2887 773 διὰ
2934 714 3527 805 προσευχῆςιΗαύλου
3579 714 3696 805 to}:
3747 718 3810 775 ἐν

2217 785 2426 865 Έφέῖῳ
2478 785 2844 865 πιστεύσασι,
2904 785 2994 844 καὶ
3050 785 3427 865 περῗῖἀσεως
3483 794 3580 865 τοῦ
3638 790 3805 848 λαοῦ.

2218 857 2230 881 ι
2293 857 2302 861 '
2355 857 2406 878 γ’
2527 861 2540 879 \
2613 867 2640 878 ~
2776 857 2841 877 θ’
3020 865 3046 877 ~
3123 857 3132 865 '
3267 864 3275 879 ν

2236 863 2310 913 Ev
2342 879 2388 930 ῳ
2421 881 2680 937 περιΔτων
2711 864 2851 937 υἱωνῇ
2878 868 3059 937 Σξιευα
3105 864 3196 917 καὶ
3245 864 3328 918 ὁτι
3389 861 3451 937 οὐ
3510 859 3593 916 δεῖ
3629 883 3807 937 προσ-

2218 937 2421 1009 χωρεῖν
2468 933 2717 1009 ἄπίστοις
2768 933 2857 1009 nul
2915 933 3151 1009 ᾁναξίοις
3207 937 3306 1003 τῆς
3356 935 3592 997 πίστεως
3648 933 3813 1009 γενο-

2222 1000 2544 1089 μένοις-καὶ
2763 1000 3219 1089 ἐξομολλογήσεως
3249 1000 3355 1089 τῷν
3407 1000 3809 1089 πιστευόντων,

2218 1076 2341 1154 περί
2370 1076 2556 1154 τῆςμέν
2587 1076 2809 1154 Ἐὠέσῳᾲ
2829 1076 3139 1154 διινηθείσξης
3165 1079 3571 1154 -στάσεως-ῥπό
3604 1076 3811 1154 Δημηέ

2219 1146 2375 1219 τρίου
2403 1152 2500 1203 τοῦ
2531 1146 2922 1225 ἀργυροπόπου
2940 1146 3104 1206 ’κατᾶ
3119 1152 3226 1205 τῶν
3255 1149 3601 1207 ἀποστόλων.

2217 1330 2245 1357 ‹‹
2281 1305 2522 1382 Ἐγέτετο
2555 1306 2613 1365 δὲ
2643 1309 2693 1365 ἐν
2719 1315 2800 1383 τῷ
2828 1312 2918 1367 τὸν
2953 1310 3225 1368 Ἀπολλὼ
3257 1312 3392 1368 εἶναι
3442 1311 3493 1367 ἐν
3526 1311 3806 1388 Κορίνθῳ,

2144 1394 2360 1452 Ηαῦλον
2420 1395 2705 1455 διελθόντα
2761 1400 2828 1454 τὰ
2881 1401 3184 1477 ἀνωτερικᾶ
3243 1403 3424 1477 μέρη,
3484 1400 3658 1458 ἐλθεῖν
3717 1402 3806 1465 εἷς

2139 1488 2399 1564 ’Ἔφεσονο
2458 1490 2548 1544 καὶ
2609 1490 2781 1565 εὑρών
2836 1512 2982 1553 τινας
3034 1492 3282 1566 μαθητὰς
3339 1494 3463 1547 εἶπε
3516 1493 3652 1565 πρὸς
3698 1492 3803 1548 a6-

2142 1575 2293 1638 τοὺς·
2348 1580 2409 1635 El
2473 1583 2695 1653 Πνεῦμα
2761 1580 2915 1655 ἅγιον
2973 1577 3196 1637 ἐλάϐετε
3250 1582 3677 1651 πιστεύσαντεςς
3726 1583 3806 1640 Οἱ

2146 1661 2204 1719 δὲ
2234 1667 2386 1721 εἷπον
2428 1669 2563 1741 πρὸς
2620 1667 2804 1723 αὐτόν·
2866 1669 3027 1727 Ἀλλ’
3078 1667 3202 1726 οὐδέ
3260 1670 3306 1725 εί
3366 1676 3582 1745 Πνεῦμα
3641 1672 3806 1746 ἅγιον

2143 1750 2286 1809 ’ἐστιν
2347 1757 2657 1830 ἠκούσαμεν
2670 1802 2682 1814 .

2146 1845 2238 1897 οῦν
2294 1840 2655 1917 ἐϐαπτίσθητε
2690 1865 2704 1914 ;

2769 1759 2905 1816 Εἶπέ
2969 1780 3027 1814 τε
3110 1759 3247 1833 πρὸς
3319 1758 3532 1822 αὐτοὺς·
3594 1760 3690 1822 Εἲς
3742 1760 3808 1817 τί

2763 1848 2827 1901 Ol
2881 1847 2938 1903 δὲ
2994 1849 3166 1903 εἶπον·
3246 1849 3340 1913 Εἰς
3419 1850 3482 1904 τὸ
3541 1849 3806 1906 Ἰωάννου

2215 2024 2607 2098 Ἐπιστάμενος
2637 2023 2801 2100 μόνον
2825 2028 2887 2083 τὸ
2930 2029 3214 2103 βαπτισμα
3273 2028 3549 2086 Ἰωάννου.
3608 2030 3810 2100 ’Ἄξιον

2142 2117 2376 2183 ζητῆσαι
2428 2121 2569 2182 πῶς,
2603 2115 2649 2171 εί
2679 2116 2741 2172 τὸ
2796 2116 3079 2192 βάπτισμα
3140 2117 3304 2190 μόνον
3364 2118 3614 2174 Ἰωάννου
3662 2120 3804 2189 ἠπί-

2140 2223 2326 2272 στατο,
2357 2204 2533 2265 οὕτως
2561 2210 2640 2278 τῷ
2681 2205 2952 2281 πνεύματι
3010 2204 3138 2278 ἕζευ
3171 2208 3235 2262 τὸ
3264 2207 3366 2284 γὰρ
3425 2213 3639 2282 πνεῦμα
3689 2211 3808 2287 οὐχ

2140 2291 2314 2353 οὓτως
2364 2289 2599 2351 ἐδίδοτο.
2647 2294 2744 2349 Καὶ
2777 2294 2823 2349 εί
2851 2297 2903 2350 οἱ
2938 2295 3073 2368 μετὰ
3126 2299 3322 2351 τοῦτον
3371 2294 3667 2367 ἐδεήθησαν
3698 2304 3806 2354 τοῦ

2142 2380 2518 2455 βαπτίσματος
2548 2386 2644 2438 τοῦ
2675 2388 2929 2457 Χριστοῦ,
2980 2381 3181 2457 πολλῷ
3241 2383 3456 2460 μᾶλλον
3514 2386 3603 2442 καὶ
3638 2388 3807 2451 οὗτος

2135 2467 2330 2541 ἐδεήθη
2362 2471 2441 2529 ἄν.
2472 2472 2531 2527 Τί
2564 2472 2653 2527 οὗν
2686 2470 2824 2530 ἔστικ
2862 2474 3030 2529 εἰπεῖν
3068 2493 3082 2544 ;
3126 2472 3255 2530 οὐδε
3280 2476 3383 2551 γὰρ
3442 2477 3633 2539 ἁπλως
3690 2478 3795 2551 ἑφ-

2135 2560 2231 2629 ξῆς
2262 2557 2449 2631 ἔθηκεν
2491 2558 2795 2638 ἀμφότερα.
2838 2570 2998 2620 Δοκεῖ
3046 2565 3226 2620 τοίνυν
3278 2565 3438 2627 οὗτος
3493 2567 3625 2624 εἶναι
3680 2572 3795 2624 τῶν

2137 2650 2324 2705 ἑκατὸν
2358 2650 2553 2721 εἴκοσι,
2585 2656 2693 2707 τῶν
2722 2652 2856 2725 μετὰ
2883 2658 2992 2707 τῶν
3012 2652 3335 2710 ἀποστόλων
3362 2652 3797 2731 βαπτισθέντων·

2208 2764 2236 2792 ‹‹
2272 2741 2412 2797 Εἶπε
2443 2737 2500 2796 δὲ
2532 2739 2774 2804 Παῦλος⁸
2807 2742 3067 2814 Ἰωάννης
3121 2744 3216 2817 μὲν
3276 2740 3533 2801 ἐϐάπτισε
3593 2746 3798 2822 βάπτι-

2137 2853 2164 2883 α
2198 2850 2310 2902 σμα
2343 2831 2653 2904 μετανοίας,
2682 2837 2763 2904 τῷ
2798 2829 2919 2905 λαῷ
2976 2831 3173 2908 λέγων,
3207 2834 3283 2897 εἰς
3338 2836 3433 2891 τὸν
3489 2835 3796 2912 ἐρχόμενον

2139 2920 2255 2992 μετ’
2287 2921 2453 2975 αὐτὸν
2482 2921 2571 2975 ἳνα
2627 2920 2980 2993 πιστεύσωσι,
3038 2924 3316 2979 τουτέστιν
3374 2925 3452 2987 εἰς
3503 2926 3596 2981 τὸν
3648 2931 3790 3001 Χρι-

2134 3007 2258 3062 στὸν
2320 3010 2548 3079 Ἰησοῦν.
2601 3010 2957 3072 Ἀκούσαντες
3019 3007 3077 3067 δὲ
3150 3007 3551 3083 ἐϐαπτίσθησαν
3604 3016 3680 3076 sl;
3730 3017 3797 3072 τὸ

2134 3095 2310 3171 ὄνομα
2389 3102 2488 3154 τοῦ
2575 3100 2776 3173 Κυρίου
2836 3100 3044 3173 Ἰησοῦ.
3105 3101 3204 3156 Καὶ
3254 3103 3527 3167 ἐπιθέντος
3612 3105 3804 3169 αὐτοῖς

2132 3189 2227 3240 τοῦ
2315 3186 2533 3244 Παύλου
2620 3190 2715 3252 τὰς
2794 3194 3008 3268 χεῖρας,
3092 3190 3231 3260 ἦλθε
3313 3192 3376 3248 τὸ
3438 3198 3657 3268 Πνεῦμα
3734 3194 3804 3250 τὸ

375 3298 400 3330 α
433 3275 685 3348 Spiritus
718 3280 958 3332 sanctus
990 3291 1170 3346 super
1218 3290 1340 3341 eos,
1373 3277 1434 3328 et
1488 3271 1888 3343 loquebantur
1918 3269 2027 3324 lin-

2157 3275 2295 3349 ἱγιον
2348 3277 2433 3331 ἐπ’
2497 3275 2712 3346 αὐτοὺς,
2770 3276 3008 3334 ἐλάλουν
3062 3300 3121 3333 τε
3177 3279 3460 3353 γλώσσαις
3511 3283 3601 3336 καὶ
3656 3303 3799 3357 προ-

372 3386 401 3416 ‹‹
430 3365 559 3437 guis
582 3379 649 3418 ac
679 3363 1135 3434 prophetabant.
1184 3364 1366 3417 Erant
1414 3365 1611 3415 autem
1662 3374 1871 3413 omnes
1920 3357 2027 3410 viri

380 3476 401 3503 ι
439 3452 562 3509 fere
623 3452 961 3507 duodecim.
1045 3453 1353 3523 Ingressus
1414 3454 1613 3504 autem
1670 3461 2027 3519 synagogam

381 3566 402 3594 ι
439 3542 626 3599 libere
658 3541 1030 3613 loquebatur,
1064 3540 1138 3597 ad
1169 3544 1290 3595 tres
1337 3553 1575 3594 menses
1629 3536 1939 3608 disputans
1971 3539 2032 3590 et

375 3655 405 3684 «
440 3632 697 3689 suadens
727 3632 800 3687 de
831 3649 1011 3705 regno
1044 3631 1169 3686 Dei.
1201 3657 1226 3682 »

449 3725 495 3778 Α
523 3722 768 3779 Joannis
786 3721 1140 3795 baptismate
1160 3719 1534 3785 vaticinatur,
1560 3732 1781 3789 eosque
1802 3715 2032 3771 inducit

380 3818 586 3874 dicens
617 3818 775 3891 quod
808 3817 920 3872 hoc
950 3815 1127 3871 vellet
1154 3814 1400 3870 Joannis
1432 3812 1746 3884 baptisma.
1804 3810 2029 3867 Deinde

377 3908 714 3965 ostenditur
732 3907 895 3980 parvi
918 3904 1204 3961 momenti
1235 3904 1418 3960 fuisse
1441 3903 1737 3975 baptisma
1762 3902 2030 3958 Joannis.

376 4000 577 4069 Neque
608 3998 769 4053 enim
802 3996 951 4051 dixit
981 3994 1356 4050 remissionis
1379 3993 1582 4057 fuisse,
1617 3993 1720 4048 sed
1743 3993 2030 4063 paeniten-

374 4089 493 4143 tim.
518 4084 904 4141 Postmodum
921 4084 1245 4155 baptizatos
1279 4100 1381 4137 eos
1404 4083 1465 4136 in
1496 4082 1743 4136 nomine
1767 4081 2027 4147 Domini,

376 4175 523 4229 dicit
553 4174 660 4229 sub
692 4173 969 4228 manibus
988 4172 1152 4227 Pauli
1186 4172 1471 4242 Spiritum
1504 4170 1703 4225 statim
1738 4170 2023 4241 accipere.

377 4270 546 4322 Hunc
596 4269 794 4319 autem
845 4278 965 4316 non
999 4261 1298 4327 videbant,
1349 4276 1490 4315 nam
1547 4258 1864 4313 invisibilis
1918 4263 2027 4327 est,

378 4354 663 4413 sensibile
687 4361 885 4409 tamen
916 4352 1079 4407 illius
1111 4351 1391 4407 efﬁcacia:
1413 4355 1829 4418 argumentum
1852 4349 2032 4405 dabat

375 4445 584 4515 gratia.
617 4446 687 4498 Et
714 4459 872 4499 unus
903 4441 1145 4512 quidem
1173 4443 1486 4495 Persarum
1526 4439 1728 4512 lingua
1757 4440 2030 4511 protinus

376 4533 754 4605 loquebatur,
786 4532 938 4586 alter
962 4537 1161 4587 autem
1191 4532 1619 4597 Romanorum,
1652 4535 1862 4585 tertius
1893 4546 2028 4585 vero

2135 3368 2395 3445 εφτςτεσον
2433 3411 2446 3423 .
2500 3368 2670 3424 Ἦσαν
2747 3365 2805 3423 δὲ
2860 3370 2912 3424 οἱ
2965 3369 3161 3430 πάντες
3219 3367 3407 3441 ἄνδρες
3473 3372 3603 3427 ὡσεὶ
3660 3369 3797 3429 δέκα

2136 3451 2255 3512 δύο.
2306 3455 2581 3518 Εἰσελθὼν
2643 3452 2701 3509 δὲ
2759 3455 2835 3517 εἱς
2891 3457 2990 3525 τὴν
3052 3459 3391 3534 συναγωγὴν,
3451 3457 3795 3534 ἐπαρῥησιά-

2136 3547 2279 3613 ζετο,
2337 3541 2426 3597 ἐπὶ
2508 3549 2685 3615 μῆνας
2769 3548 2915 3620 τρεῖς
2969 3542 3353 3619 διαλεγόμενος
3435 3546 3526 3602 καὶ
3584 3547 3790 3613 πείθων

2131 3633 2199 3688 τὰ
2227 3630 2351 3706 περὶ
2381 3638 2481 3701 τῆς
2517 3631 2794 3708 βασιλείας
2824 3638 2921 3689 τοῦ
2952 3637 3107 3690 Θεοῦ.

2208 3722 2344 3777 Ἀπὸ
2374 3726 2473 3777 τοῦ
2536 3722 2910 3799 βαπτίσματος
2968 3722 3228 3779 Ἰωάννου
3284 3744 3638 3802 προφητευει,
3695 3728 3791 3783 καὶ

2135 3810 2309 3884 ἐνάγει
2339 3811 2538 3874 αὖτοὺς
2572 3811 2655 3867 ὅτι
2707 3816 2869 3868 τοῦτο
2904 3811 3165 3889 βούλεται
3194 3814 3255 3868 τὸ
3288 3813 3571 3889 βάπτισμα
3603 3817 3795 3872 Ἰωάν-

2135 3923 2250 3959 νου.
2288 3904 2553 3957 Ἐντεῦθεν
2588 3899 2644 3957 δὲ
2675 3899 2944 3958 δείκνυται
2984 3904 3067 3957 ὅτι
3098 3900 3317 3964 ἀντελές
3348 3903 3414 3972 ἦν
3468 3904 3532 3959 τὸ
3592 3904 3798 3981 βάπτι-

2137 3993 2554 4064 σμαἸωαννου.
2610 3992 2682 4046 Οὐ
2738 3992 2842 4066 γὰρ
2893 3993 3034 4047 εἶπεν
3097 3990 3356 4066 ἀφέσεως,
3416 3990 3564 4049 ἀλλὰ
3623 4015 3793 4066 μετα-

2133 4080 2283 4141 νὸίας
2315 4080 2473 4136 εἶναι.
2526 4081 2661 4136 Εἶτα
2721 4079 3105 4155 βαπτισθέντας
3164 4079 3360 4144 αὐτοὺς
3420 4082 3495 4145 εἷς
3525 4084 3589 4138 τὸ
3620 4082 3792 4157 ὄνομα

2133 4173 2230 4224 τοῦ
2264 4168 2485 4243 Κυρίου,
2518 4168 2680 4245 φησὶν
2732 4169 2835 4224 ὑπὸ
2881 4174 2990 4224 τῶν
3049 4175 3255 4246 χειρῶν
3314 4170 3537 4228 Παύλου
3594 4172 3796 4236 εὐθέως

2133 4258 2196 4312 τὸ
2230 4261 2443 4330 Πνεῦμα
2474 4253 2793 4331 λαμϐάνειν.
2827 4262 2999 4316 Τοῦτο
3032 4256 3090 4314 δὲ
3124 4263 3230 4335 οὐχ
3284 4260 3493 4337 ἑώρων·
3557 4261 3791 4337 ἀόρατον

2136 4349 2241 4422 γάρ
2274 4346 2439 4404 ἐστιν.
2472 4348 2740 4417 Αἷσθητὸν
2771 4345 2826 4403 δὲ
2858 4348 3014 4422 ὅμως
3041 4350 3163 4404 τινὰ
3194 4349 3424 4430 ἔκεγχον
3477 4349 3659 4407 ἐδίδου
3688 4360 3795 4422 τῆς

2135 4438 2403 4514 ἐνεργείας
2434 4436 2642 4509 ἐκείνης
2674 4440 2709 4508 ἡ
2746 4438 2930 4515 χάρις.
2967 4440 3069 4495 Καὶ
3130 4441 3157 4494 6
3222 4441 3316 4514 μὶν
3366 4446 3436 4515 τῇ
3495 4447 3739 4518 Περσῶν,
3765 4447 3795 4500 6

2138 4525 2196 4583 δὲ
2225 4531 2293 4601 τῇ
2324 4527 2641 4600 Ῥωμαίων,
2674 4529 2701 4582 6
2736 4526 2793 4583 δὲ
2820 4532 2888 4602 τῇ
2920 4526 3128 4598 Ἰνδῶν,
3162 4532 3191 4585 6
3223 4528 3281 4585 δὲ
3310 4532 3465 4604 ἑτέρᾳ
3512 4533 3619 4587 τινὶ
3676 4554 3796 4587 τοι·

376 4624 680 4691 Indorum,
712 4627 770 4677 et
794 4621 947 4676 alius
975 4620 1254 4677 similiter
1307 4620 1425 4675 alia
1482 4620 1739 4692 quadam
1774 4637 1787 4674 :
1848 4620 2027 4692 idque

2157 4618 2271 4693 ιύτῃ
2307 4618 2506 4681 εὐθέως
2535 4617 2824 4694 ἐφθέγγετο
2856 4617 3109 4694 γλώσσῃ.
3171 4625 3270 4674 Καὶ
3326 4624 3488 4675 τοῦτο
3536 4620 3800 4701 ἐφανέρου

378 4713 638 4771 externis
668 4709 1016 4784 propalabat
1044 4711 1328 4782 Spiritum
1358 4710 1421 4765 in
1466 4727 1533 4765 eo
1567 4726 1716 4777 esse,
1779 4710 1880 4781 qui
1938 4710 2024 4764 lo-

376 4804 708 4878 quebatur:
741 4800 1093 4858 ostendente
1126 4802 1243 4856 Deo
1284 4800 1443 4873 quod
1500 4800 1752 4872 Spiritus
1784 4799 2029 4855 haberet

378 4894 475 4949 hic
505 4895 778 4948 intimam
811 4896 1187 4963 potestatem.

447 4983 600 5050 XIX,
631 4985 687 5048 9,
722 4985 806 5036 10.
834 5003 862 5032 ‹‹
895 4982 1039 5035 Cum
1071 4985 1272 5036 autem
1313 4978 1556 5050 quidam
1604 4979 2030 5038 indurarentur

380 5094 410 5124 ‹‹
443 5088 555 5127 nec
581 5070 913 5137 crederent,
949 5068 1376 5125 maledicentes
1405 5069 1509 5123 vias
1542 5069 1777 5123 Domini
1827 5086 2028 5126 coram

382 5186 410 5213 ‹‹
442 5159 847 5225 multitudine,
899 5158 1203 5227 digressus
1234 5158 1305 5213 ab
1340 5158 1460 5212 illis
1493 5159 1819 5230 segregavit
1851 5159 2029 5215 disci-

380 5274 407 5302 «
437 5250 633 5322 pulos,
668 5247 932 5320 quotidie
950 5248 1263 5318 disputans
1284 5248 1342 5302 in
1377 5248 1585 5303 schola
1603 5248 1915 5320 cujusdam
1948 5255 2033 5322 ty-

379 5363 406 5391 ‹‹
440 5338 634 5393 ranni.
668 5336 849 5408 quue
880 5336 1099 5392 factum
1153 5342 1241 5391 est
1288 5354 1394 5409 per
1447 5336 1797 5392 biennium:
1853 5339 1935 5393 ita
1964 5344 2032 5395 ut

382 5451 403 5478 ι
441 5443 651 5484 omnes
676 5425 774 5498 qui
794 5423 1142 5480 habitabant
1157 5426 1217 5480 in
1232 5426 1371 5481 Asia
1392 5425 1671 5481 audirent
1690 5444 2029 5484 sermonem

376 5539 405 5568 «
438 5517 512 5573 de
544 5515 793 5571 Domino
824 5514 983 5575 Jesu,
1012 5514 1198 5569 Judaai
1232 5515 1414 5570 simul
1439 5521 1499 5571 et
1528 5516 1737 5571 Grmci.
1778 5539 1804 5565 ››

447 5629 475 5657 ‹‹
520 5603 939 5661 Maledicentes
968 5602 1097 5657 viae.
1144 5625 1173 5654 »
1228 5604 1392 5660 Viam
1424 5605 1570 5661 dicit
1598 5607 1895 5664 Christum
1930 5614 2033 5664 aut

2135 4714 2254 4770 τοῖς
2286 4705 2506 4778 ἔξωθεν,
2540 4709 2623 4762 ὅτι
2656 4709 2718 4763 τὸ
2755 4710 2980 4781 Πνεῦμά
3013 4707 3163 4764 ἐστιν
3223 4709 3278 4765 έν
3330 4710 3477 4784 αὐτῷ
3525 4717 3605 4786 τῷ
3636 4724 3799 4790 φθεγ-

2137 4797 2382 4872 γομένῳ,
2413 4795 2623 4859 δεικνὺς
2655 4799 2682 4853 6
2714 4803 2843 4860 Θεος
2874 4796 2956 4853 ὅτι
3001 4798 3163 4853 τοῦτό
3231 4797 3341 4855 ἐστι
3392 4808 3495 4871 τῆς
3551 4801 3800 4873 ἐξουσίας

2135 4893 2233 4955 τῆς
2268 4887 2548 4944 ἀνωτάτω.

2211 5001 2238 5028 ‹‹
2269 4976 2357 5038 Ὡς
2392 4974 2449 5031 δέ
2497 4998 2640 5041 τινες
2691 4976 3094 5049 ἐσκληρύνοντο
3152 4979 3243 5035 καὶ
3299 4981 3580 5053 ἠπείθουν,
3629 5003 3798 5039 κακο-

2139 5064 2430 5140 λογοῦντες
2453 5068 2552 5136 τήν
2616 5065 2739 5122 ὁδὸν
2801 5066 3032 5123 ἐνώπιον
3074 5072 3170 5123 τοῦ
3226 5067 3498 5142 πλήθους,
3555 5072 3799 5135 ἀποστὰς

2140 5156 2230 5211 ἀπ’
2288 5156 2487 5226 αὐτῶν,
2546 5157 2788 5237 ἀφώρισε
2842 5158 2971 5223 τοὺς
3030 5160 3304 5231 μαθητὰς,
3392 5166 3512 5217 καθ’
3581 5164 3799 5239 ἡμέραν

2141 5243 2533 5321 διαλεγόμενος
2607 5245 2659 5301 ἐν
2709 5250 2778 5320 τῇ
2831 5247 3017 5326 σχολῇ
3066 5248 3324 5324 τυράννου
3384 5250 3554 5315 τινός.
3617 5255 3801 5309 Τοῦτο

2141 5331 2198 5391 δὲ
2229 5333 2440 5411 ἐγένετο
2498 5334 2588 5390 ἐπὶ
2648 5332 2740 5407 ἔτη
2803 5333 2921 5391 δύο·
2980 5336 3117 5392 ὥστε
3172 5338 3374 5402 πάντας
3426 5340 3555 5403 τοὺς
3608 5361 3805 5398 κατοι-

2138 5427 2365 5485 κοῦντας
2397 5427 2495 5494 τήν
2543 5423 2753 5497 Ἀσίαν,
2804 5426 3031 5481 ἀκοῦσαι
3088 5427 3179 5482 τὸν
3213 5425 3375 5503 λόγον
3431 5432 3530 5485 τοῦ
3588 5429 3802 5507 Κυρίου

2142 5517 2328 5583 Ιησοῦ,
2386 5511 2660 5575 ίουδαῖους
2689 5534 2747 5570 τε
2776 5514 2865 5568 καὶ
2897 5513 3200 5584 ’Έλληνας
3238 5539 3264 5567 υ

2212 5632 2239 5658 «ι
2274 5608 2724 5681 ΚαχοΑογοῦντες
2779 5606 2880 5673 τὴν
2935 5600 3080 5661 ὁδόν.
3116 5627 3146 5655 ››
3205 5605 3274 5661 Ἦ
3326 5602 3455 5662 ὁδον
3513 5604 3660 5684 λέγει
3703 5609 3804 5665 τὸν

449 5735 524 5808 (1)
557 5732 720 5815 Unde
751 5731 878 5787 haec
903 5729 1178 5815 habuerit
1202 5731 1549 5815 Heinten_ius
1589 5733 1883 5807 interpres
1914 5752 2033 5793 non
2056 5738 2343 5795 videmus.
2380 5737 2580 5793 Grazca
2612 5750 2642 5790 e
2676 5734 2914 5807 regione
2965 5733 3157 5806 posita
3188 5752 3309 5807 non
3341 5737 3707 5815 respondent
3738 5747 3805 5799 et

368 5801 744 5880 jam'pagina
772 5801 1065 5876 superiori
1095 5801 1393 5876 leguntur.
1427 5807 1579 5861 Ευιτ.
