4112 6440
380 376 501 437 249

1401 381 1804 446 COMMENT.
1852 379 1931 439 IN
1977 375 2173 437 ACTA
2218 375 2837 449 APOSTOLORUM.

3700 399 3827 463 £50

383 513 654 603 χριστὸν,
677 510 717 580 ἢ
749 512 854 582 τὴν
887 512 1070 568 πίστιν
1102 515 1207 583 τήν
1241 517 1439 586 ἀληθῆ.
1503 515 1656 586 Αὕτη
1710 514 1812 590 γάρ
1843 511 1984 567 ἔστιν
2016 514 2052 582 ἡ

2187 516 2349 572 idem
2380 535 2578 576 veram
2615 539 2628 576 :
2661 540 2800 579 nam
2831 525 2958 582 haec
2979 526 3068 584 via
3100 534 3208 598 est,
3257 547 3389 603 quas
3449 532 3690 592 deducit
3746 537 3822 594 ad

393 600 586 670 ὁδὸςὴ
632 601 926 679 ἀπάγουσα
986 603 1066 666 εἰς
1133 606 1236 674 τὴν
1296 605 1577 681 βατιλείαν
1633 611 1742 661 τῶν
1798 605 2062 679 οὐρανῶν.

393 692 674 755 Ἐντεῦθεν
726 689 785 746 δὲ
817 690 1061 747 διδάσκει
1120 695 1293 766 ἡμᾶς,
1354 695 1458 750 ἀπὸ
1514 701 1622 750 τῶν
1677 690 2069 770 βλασφημούν-

392 803 504 837 των
533 781 625 836 τὸν
660 783 788 836 Υἱὸν
850 786 947 836 τοῦ
1007 787 1143 838 Θεοῦ
1201 783 1537 858 χωρίζεσθαι
1592 784 1722 848 τοὺς
1774 783 1849 842 εἷς
1907 782 2065 837 αὑτὸν

393 870 776 934 πιστεύοντας.

468 987 496 1012 ‹‹
534 962 806 1033 Δυνάμεις
835 982 895 1016 τε
925 959 986 1016 ού
1017 967 1114 1024 τὰς
1143 962 1419 1038 τυχούσας
1481 964 1651 1020 ἐποίει
1701 965 1730 1019 ὁ
1787 963 1918 1024 Θεὸς
1979 960 2067 1016 διὰ

399 1076 424 1101 ι
456 1055 570 1106 τῶν
592 1055 802 1125 χειρῶν
841 1050 1083 1107 Παύλουο
1120 1051 1262 1107 ὥστε
1288 1055 1376 1108 καὶ
1411 1052 1502 1108 ἐπὶ
1549 1053 1677 1116 τοὺς
1716 1054 2067 1113 ἀσθενοῦντας

395 1167 426 1193 α
459 1139 822 1219 ἐπιφέρεσθαι
853 1141 959 1197 ἀπὸ
989 1148 1086 1198 τοῦ
1120 1143 1340 1218 χρωτὸς
1371 1142 1535 1199 αὐτοῦ
1580 1141 1862 1217 σουδάρια,
1890 1142 1924 1212 ἢ
1985 1164 2069 1197 σι-

391 1254 423 1281 (ι
470 1230 755 1302 μικίνθια,
776 1231 868 1284 καὶ
898 1229 1341 1287 ἀπαλλάσσεσθαι
1372 1232 1464 1287 ἀπ’
1496 1232 1669 1288 αὐτῶν
1699 1233 1797 1294 τὰς
1852 1232 2066 1292 νόσους.

391 1343 424 1372 ιι
455 1319 588 1375 τάτε
622 1319 910 1392 πνεύματα
937 1320 1006 1375 τὰ
1034 1320 1250 1396 πονηρά
1281 1319 1592 1397 ἐξὲρχεσθαι
1625 1322 1717 1378 ἀπ’
1738 1321 1935 1377 αὐτῶν.
1967 1344 1996 1372 ››

468 1435 497 1460 α
536 1407 822 1482 ὶουδάρια
864 1409 960 1464 καὶ
1017 1409 1346 1484 σιμικίνθια.
1413 1435 1440 1463 ››
1491 1412 1801 1492 Ἀμιρότερα
1858 1411 2068 1484 νομίζω

395 1497 654 1566 λινοειδῆ
691 1499 848 1554 εἶναι’
884 1501 1034 1568 πλὴν
1068 1501 1133 1554 τὰ
1170 1500 1263 1573 μὶν
1296 1497 1559 1571 σουδάρια
1600 1499 1688 1556 ἐπὶ
1743 1507 1846 1569 τῆς
1899 1520 2070 1577 κεφαο

400 1589 508 1658 λῆς
542 1586 931 1658 ἐπιϐάλλεται,
958 1591 1028 1645 τα
1058 1587 1115 1644 δὲ
1146 1590 1452 1662 σιμικίνθια
1485 1589 1535 1645 ἐν
1576 1596 1698 1652 ταῖς
1747 1590 1907 1670 χερσὶ
1938 1611 2066 1645 κατ-

413 1687 632 1759 ξχουσιν
666 1682 718 1735 οἱ
753 1682 830 1753 μὴ
869 1678 1162 1754 δυνάμενοι
1195 1681 1408 1756 ὡράρια
1465 1682 1718 1761 φορέσαι,
1770 1682 1882 1736 οἷοί
1936 1681 2068 1736 εἰσιν

424 1777 478 1828 οἳ
509 1777 790 1850 οοροῦντες
818 1770 1082 1832 ὑπατικὰς
1110 1768 1312 1832 στολὰς
1344 1771 1378 1842 ἢ
1415 1765 1612 1848 γουϐία
1641 1772 1778 1844 πρὸς
1835 1771 1897 1826 τὸ
1936 1770 2072 1825 ἀπο-

2174 623 2422 680 regnum
2455 612 2758 669 caelorum.
2794 616 2940 671 Hinc
2970 625 3167 674 autem
3201 620 3373 676 docet
3402 631 3604 687 nos,ut
3625 626 3696 680 ab
3726 627 3820 698 iis,

2178 699 2278 768 qui
2306 700 2571 756 convicia
2592 703 2825 773 jactant
2853 705 2912 760 in
2947 708 3159 764 Filium
3195 711 3688 785 Dei,separentur
3719 719 3820 788 qui

2177 788 2239 842 in
2273 805 2411 844 eum
2452 793 2720 849 credunt.

2248 954 2398 1020 XIX,
2437 957 2521 1023 11,
2558 958 2641 1011 12.
2677 976 2702 1000 α
2735 958 3109 1031 Virtutesque
3158 978 3278 1017 non
3309 963 3578 1036 vulgares
3611 965 3827 1022 edebat

2178 1044 2334 1099 Deus
2363 1061 2470 1116 per
2499 1063 2711 1103 manus
2739 1049 2906 1104 Pauli
2941 1067 2954 1104 :
2987 1051 3070 1106 ita
3097 1058 3161 1106 ut
3217 1053 3392 1108 etiam
3449 1071 3627 1126 super
3657 1057 3827 1111 infir-

2178 1149 2308 1187 mos
2339 1133 2714 1191 deferrentur
2742 1154 2776 1192 a
2806 1156 3053 1211 corpore
3086 1142 3215 1213 ejus
3261 1142 3500 1198 sudaria
3530 1148 3587 1198 et
3648 1147 3823 1201 semi-

2179 1221 2483 1289 cinctia,et
2511 1225 2794 1282 cederent
2823 1230 2971 1286 145
3011 1229 3083 1284 ab
3115 1231 3202 1286 eis
3229 1231 3440 1298 morbi,
3459 1233 3822 1304 spiritusque

2178 1313 2342 1382 pravi
2375 1314 2799 1385 egrederentur
2827 1317 2898 1371 ab
2931 1319 3038 1373 eis.
3075 1341 3102 1368 ››

2255 1423 2280 1450 α
2315 1401 2562 1458 Sudaria
2617 1411 2676 1459 et
2733 1407 3121 1463 semicinctia.
3161 1430 3181 1456 ι
3245 1410 3502 1481 Utraque
3552 1411 3826 1468 existimo

2180 1490 2324 1546 linei
2345 1493 2580 1564 generis
2609 1493 3102 1552 fuissezattamen
3120 1498 3359 1554 sudaria
3391 1501 3632 1570 quidem
3657 1519 3836 1573 super

2180 1585 2358 1652 caput
2412 1582 2760 1642 tenduntur.
2811 1586 3182 1642 semicinctia
3241 1605 3376 1642 vero
3436 1589 3496 1644 in
3557 1591 3834 1646 manibus

2180 1674 2388 1725 tenent
2417 1671 2519 1742 qui
2550 1673 2791 1729 horaria
2821 1681 3051 1746 gestare
3082 1693 3200 1731 non
3222 1679 3679 1748 possunt,veluti
3695 1685 3837 1734 sunt

2185 1759 2288 1830 qui
2319 1761 2664 1817 consulares
2685 1770 2921 1832 gestant
2950 1766 3132 1821 stolas
3163 1773 3265 1821 aut
3293 1767 3470 1840 gubia
3496 1769 3569 1823 ad
3602 1767 3832 1824 abster-

428 1849 701 1935 μάττεσθαι
731 1860 832 1924 τὰς
863 1859 1175 1934 ὑγρότητας
1205 1863 1302 1914 τοῦ
1332 1860 1662 1934 προσώπου,
1721 1860 1858 1926 οῖον,
1908 1857 2066 1935 ἰδρῶ-

2187 1849 2407 1920 gendos
2433 1849 2634 1906 afacie
2662 1852 2964 1921 humores,
2999 1871 3214 1927 nempe
3259 1857 3528 1925 sudores,
3562 1857 3832 1927 salivam,

416 1972 527 2020 τας,
556 1949 808 2022 πτύελον,
844 1946 1100 2024 δάκρυον,
1130 1950 1218 2004 καὶ
1249 1949 1316 2004 τὰ
1346 1948 1535 2021 ὅμοια.

479 2062 512 2096 ι
545 2039 944 2114 Ἐπεχείρησαν
998 2035 1056 2094 δέ
1108 2059 1249 2100 τινες
1305 2040 1410 2094 ἀπὸ
1461 2043 1569 2094 τῶν
1628 2037 2070 2115 περιερχομένων

400 2156 430 2180 ιε
463 2127 751 2187 Ἰουδαίων
785 2127 1133 2202 ἐξορκιστῶν,
1170 2128 1459 2202 ὀνομάζειν
1509 2128 1596 2184 ἐπὶ
1654 2128 1782 2190 τοὺς
1840 2125 2072 2203 ἔχοντας

399 2244 431 2271 α
463 2220 534 2274 τὰ
563 2218 849 2291 πνεύματα
878 2217 946 2273 τὰ
976 2217 1210 2293 πονηρὰ,
1243 2219 1306 2272 τὸ
1337 2214 1514 2292 ὄνομα
1566 2222 1664 2273 τοῦ
1716 2216 1923 2294 Κυρίου
1945 2219 2066 2288 Ἰη-

393 2333 425 2362 cr
461 2315 586 2372 σοῦ,
629 2307 904 2384 λέγοντες
938 2307 1262 2382 Ὀρκίζομεν
1291 2308 1431 2380 ὑμᾶς
1461 2309 1556 2362 τὸν
1617 2309 1859 2378 Ἰησοῦν,
1917 2309 1974 2362 δν
2037 2309 2066 2362 ὁ

401 2421 423 2450 ι
459 2397 689 2461 Παῦλος
715 2396 998 2472 κηρύσσει.
1030 2402 1197 2452 Ἦσαν
1230 2393 1288 2452 δέ
1333 2418 1475 2459 τινες
1534 2396 1644 2452 υἱοὶ
1703 2402 1879 2453 Σκευᾶ
1935 2398 2066 2454 Ἰουο

397 2514 428 2541 κ
463 2488 626 2543 δαίου
658 2485 963 2562 ἀρχιερέως
1005 2487 1162 2556 ἑπτα,
1197 2487 1250 2542 οἱ
1307 2491 1469 2542 τοῦτο
1528 2491 1832 2548 ποιοῦντες.
1891 2488 2064 2541 Ἀπο-

395 2601 424 2630 α
456 2577 647 2651 κριθὲν
677 2573 735 2630 ὃὶ
763 2576 828 2632 τὸ
886 2579 1098 2648 πνεῦμα
1152 2577 1216 2631 τὸ
1271 2575 1538 2652 πονηρὸν,
1589 2578 1732 2631 εἷπε*
1790 2576 1895 2633 Τὸν
1955 2577 2064 2644 Ἰη-

393 2693 422 2722 σι
458 2671 590 2722 σοῦν
623 2667 905 2740 γινώσκω,
953 2665 1042 2720 καὶ
1091 2665 1186 2720 τὸν
1253 2662 1476 2723 Παῦλον
1530 2665 1849 2740 ἐπίσταμαι,
1913 2667 2069 2737 ὑμεῖς

389 2781 425 2811 α
457 2755 519 2811 δὲ
541 2755 688 2817 τίνες
716 2754 880 2824 ἐστέ;
932 2754 1030 2810 Καὶ
1086 2754 1466 2828 ὲφαλλόμενος
1524 2754 1609 2810 ἐπ’
1668 2756 1863 2820 αὐτοὺς
1893 2756 1920 2810 ὁ
1977 2753 2066 2809 ἅν-

391 2871 424 2901 α
464 2849 693 2917 θρωπος
726 2844 783 2899 ἐν
812 2845 859 2916 ᾧ
889 2845 955 2912 ἦν
982 2845 1046 2899 τὸ
1077 2848 1288 2917 πνεῦμα
1341 2845 1402 2899 τὸ
1459 2846 1722 2920 πονηρὸν,
1780 2845 1870 2900 καὶ
1902 2865 2066 2900 κατα-

395 2933 750 3010 ικυριεύσας
807 2933 1007 3002 αὐτῶν,
1069 2931 1292 3008 ἴσχυσεν
1341 2933 1426 2989 ἐπ’
1479 2933 1675 3001 αὐτῶν,
1764 2933 1904 2990 ὥστε
1969 2957 2069 3010 γυ-

395 3051 422 3079 ι
459 3024 639 3099 μνοὺς
664 3024 759 3077 καὶ
791 3022 1354 3097 τετραυματισμένους
1415 3023 1662 3101 ἐκφυγεῖν
1714 3022 1775 3078 ἐκ
1827 3027 1926 3077 τοῦ
1985 3022 2068 3078 οἷ’-

395 3139 423 3166 ιι
457 3137 558 3169 κου
622 3112 857 3168 ἐκείνου.
915 3114 1095 3170 Τοῦτο
1155 3109 1214 3166 δὲ
1293 3111 1502 3188 ἐγένετο
1577 3113 1820 3187 γνωστὸν
1902 3117 2064 3167 πᾶσιν

396 3200 741 3264 σιἿουόαίοις
804 3222 864 3256 τε
917 3202 1007 3257 καὶ
1086 3198 1328 3272 Ἕλλησι
1413 3207 1530 3263 τοῖς
1588 3205 1902 3258 κατοικοῦσι
1959 3204 2058 3267 τήν

393 3317 421 3345 α
457 3296 722 3366 Ἔφεσον.
759 3289 859 3345 Καὶ
883 3290 1106 3346 ἐπέπεσε
1135 3285 1308 3370 φόϐος
1338 3289 1427 3347 ἐπὶ
1460 3294 1662 3354 πάντας
1719 3290 1937 3360 αὐτοὺς,
1971 3293 2061 3346 καὶ

400 3407 422 3434 ι
448 3380 823 3455 ἐμεγαλύνετο
852 3379 916 3434 τὸ
945 3375 1118 3452 ὄνομα
1145 3383 1243 3434 τοῦ
1266 3379 1464 3455 Κυρίου
1495 3381 1697 3451 Ἰησοῦ.
1735 3403 1756 3432 ι

468 3497 497 3524 οι
532 3469 823 3530 Ἰουδαίων
858 3469 1203 3546 ἐξορκιστῶν.
1239 3494 1266 3523 ››
1324 3471 1475 3540 Αὐτὴ
1535 3473 1570 3542 ἡ
1624 3468 1769 3542 λέξις
1802 3469 2068 3526 δείκνυσιν

400 3561 487 3616 ὅτι
541 3562 653 3636 οὐχ
710 3563 789 3620 ὡς
869 3560 1217 3624 πιστεύοντες
1253 3564 1334 3632 τῷ
1393 3561 1579 3630 Ἰησοῦ
1635 3561 1688 3614 οἱ
1765 3560 2067 3635 ὲξορκισταὶ

408 3650 694 3723 ignee-amr»
752 3650 821 3704 τὰ
874 3648 1151 3724 ἀκάθαρτα
1206 3650 1488 3723 πνεύματα
1544 3647 1625 3722 τῷ
1684 3649 1912 3722 ὀνόματι
1970 3654 2068 3704 τοῦ

419 3739 643 3810 Κυρίου,
692 3738 836 3794 ἄλλα
867 3738 1240 3810 πειράζοντες.
1294 3739 1374 3793 Δι’
1430 3739 1460 3794 ὃ
1504 3737 1596 3794 καί
1651 3739 1728 3800 ὡς
1784 3739 1860 3810 μή
1920 3733 2069 3799 ὄντες

431 3827 726 3888 πιστοὶ,ὡς
750 3828 815 3882 τὸ
857 3827 1163 3902 ἀκάθαρτον
1219 3829 1434 3901 πνεῦμά
1482 3849 1638 3908 φησι,
1697 3833 1798 3896 τῆς
1856 3848 2064 3902 προπερ

419 3918 564 3976 τείας
594 3913 856 3972 δεδώκασι
888 3916 1025 3991 πρὸς
1055 3917 1246 3989 ἀλίγον
1280 3914 1458 3986 δίκην.
1493 3914 1758 3991 Διήλεγξε
1815 3918 1918 3991 γὰρ
1973 3915 2068 3970 αύ-

404 4008 557 4075 τοὺς,
581 4005 672 4061 καί
700 4009 800 4075 τήν
833 4007 1039 4077 σκηνήν
1092 4006 1266 4060 αὐτῶν
1300 4008 1527 4086 φανερὰν
1580 4006 1805 4077 ἐποίησε
1860 4003 2071 4084 σφόδρα

399 4096 678 4168 θυμωθεὶς
707 4097 738 4152 ὁ
771 4093 1004 4170 δαίμων,
1039 4095 1114 4157 ὡς
1158 4093 1217 4150 ἅν
1252 4094 1305 4150 εἷ’
1355 4118 1435 4151 τις
1498 4097 1622 4170 περὶ
1677 4100 1787 4151 τῶν
1821 4094 2068 4170 ἐσχάτων

391 4185 736 4242 κινδυνεύων
773 4186 876 4240 ὑπό
895 4207 1046 4247 τινος
1079 4185 1284 4265 ἐχθροῦ
1343 4182 1720 4265 διελέγχοιτο,
1774 4185 1864 4241 καὶ
1895 4185 2072 4239 πάντα

392 4278 475 4338 εἰς
509 4275 718 4330 ἐκεῖνον
754 4275 966 4350 ἀφεῖναι
996 4274 1261 4349 βούλοιτο
1289 4275 1382 4330 τὸν
1405 4275 1602 4348 θυμόν,

469 4391 498 4417 ‹‹
541 4362 763 4421 Πολλοί
787 4385 846 4419 τε
872 4369 979 4419 τῶν
1011 4366 1448 4420 πεπιστευκότων
1510 4365 1757 4440 ἤρχοντο
1804 4363 2070 4436 ἐξομολο-

394 4455 731 4531 «γούμενοι
771 4455 861 4509 καὶ
932 4452 1370 4532 ἀναγγέλλοντες
1425 4455 1525 4516 τὰς
1582 4454 1804 4529 πράξεις
1865 4455 2068 4513 αὑτῶν.

397 4543 678 4601 αἸκανοὶ
743 4541 801 4598 δὲ
852 4548 957 4597 τῶν
1001 4544 1068 4597 τὰ
1123 4542 1385 4619 περίεργα
1441 4542 1774 4618 πραξάντων,
1826 4542 2070 4617 συνενέγ-

2187 1937 2502 2010 lacrymas,
2535 1956 2602 1996 ac
2634 1942 2872 1997 similia.

2257 2051 2283 2077 «
2320 2030 2464 2099 XIX,
2501 2031 2688 2085 13-17.
2748 2032 3146 2089 Τειιίεινετωιι
3219 2040 3418 2090 autem
3467 2035 3710 2108 quidam
3764 2053 3834 2091 ex

2187 2118 2695 2175 circumeuntibus
2755 2121 2969 2176 Iudaeis
3029 2124 3359 2187 exorcistis,
3408 2125 3683 2180 invocare
3734 2142 3838 2179 su-

2187 2225 2294 2280 per
2348 2225 2449 2264 eos
2509 2209 2610 2279 qui
2670 2227 2880 2281 pravos
2938 2211 3240 2267 habebant
3296 2214 3561 2284 spiritus,
3617 2231 3837 2269 nomen

2187 2298 2422 2353 Domini
2489 2299 2646 2366 Jesu,
2737 2299 3065 2355 dicentes:
3123 2301 3482 2372 Adjuramus
3560 2319 3661 2357 vos
3731 2321 3838 2375 per

2184 2388 2404 2454 Jesum,
2453 2404 2630 2460 quem
2711 2389 2930 2443 Paulus
2990 2389 3292 2460 praedicat.
3372 2393 3554 2446 Erant
3634 2399 3830 2447 autem

2185 2477 2427 2548 quidam
2453 2478 2560 2532 filii
2609 2479 2799 2534 Scevaa
2856 2479 3041 2534 Judaei
3100 2481 3387 2552 principis
3461 2481 3835 2537 sacerdotum

2183 2572 2433 2640 septem,
2469 2567 2570 2640 qui
2629 2568 2741 2624 hoc
2786 2569 3104 2629 faciebant.
3170 2570 3556 2642 Respondens
3635 2576 3833 2626 autem

2181 2657 2427 2728 spiritus
2471 2657 2686 2726 malus,
2737 2658 2932 2714 dixit:
2989 2661 3188 2716 Jesum
3247 2661 3402 2727 novi,
3465 2666 3523 2716 et
3582 2648 3831 2717 Paulum

2180 2746 2324 2813 scio,
2357 2764 2456 2802 vos
2510 2753 2709 2803 autem
2770 2750 3016 2820 quinam
3074 2751 3265 2806 estis?
3321 2751 3391 2806 Et
3441 2751 3716 2806 insiliens
3769 2753 3830 2806 in

2181 2852 2282 2892 eos
2313 2837 2490 2893 homo
2522 2837 2584 2892 in
2615 2855 2733 2908 quo
2767 2843 2894 2894 erat
2933 2840 3177 2911 spiritus
3224 2841 3438 2908 malus,
3472 2842 3678 2912 eisque
3727 2841 3830 2895 do-

2177 2929 2460 2996 minatus,
2494 2929 2743 2985 invaluit
2795 2937 3002 2987 contra
3035 2948 3155 2998 eos,
3215 2933 3298 2988 ita
3344 2938 3410 2987 ut
3439 2933 3582 2989 nudi
3615 2938 3675 2988 et
3705 2932 3830 2987 vul-

2178 3019 2369 3074 nerati
2392 3020 2720 3092 effugerent
2749 3021 2820 3074 de
2852 3020 3028 3075 domo
3059 3022 3182 3078 illa.
3234 3023 3352 3078 Hoc
3409 3029 3604 3076 autem
3658 3022 3836 3076 inno-

2178 3108 2292 3162 tuit
2370 3108 2648 3163 omnibus
2726 3109 2946 3165 Iudaeis
3037 3110 3216 3166 simul
3303 3117 3360 3166 et
3439 3112 3656 3167 Graecis
3725 3112 3828 3181 qui

2177 3196 2530 3252 habitabant
2613 3198 2828 3269 Ephesi
2891 3215 2903 3251 :
2989 3199 3323 3270 ceciditque
3398 3201 3577 3255 timor
3652 3215 3831 3270 super

2177 3304 2386 3344 omnes
2418 3289 2574 3356 illos,
2635 3305 2703 3344 ac
2761 3289 3256 3360 magniﬁcabatur
3311 3307 3532 3346 nomen
3595 3287 3831 3346 Domini

2174 3379 2330 3434 Jesu.
2365 3401 2393 3428 »

2251 3492 2279 3519 ‹‹
2310 3469 2528 3525 Iudaeis
2558 3471 2888 3525 exorcistis.
2911 3457 2953 3519 ’››
2987 3472 3120 3526 Haec
3154 3470 3336 3526 dictio
3369 3469 3630 3526 ostendit
3667 3469 3826 3542 quod

2178 3576 2299 3615 non
2329 3564 2610 3631 tanquam
2644 3560 2949 3616 exorcistaa
2983 3561 3044 3616 in
3074 3562 3272 3618 Jesum
3295 3560 3831 3632 credentes,impu-

2176 3666 2276 3705 ros
2308 3649 2552 3719 spiritus
2584 3649 2942 3720 adjurabant
2980 3651 3041 3705 in
3102 3651 3343 3705 nomine
3406 3651 3664 3712 Domini,
3725 3648 3830 3705 sed

2179 3742 2478 3794 tentantes
2515 3755 2526 3792 :
2560 3744 2805 3809 propter
2834 3739 2994 3809 quod
3027 3740 3228 3806 etiam,
3262 3756 3397 3795 cum
3449 3739 3656 3793 ﬁdeles
3708 3755 3826 3794 non

2180 3833 2400 3894 essent,
2434 3829 2588 3882 sicut
2619 3829 2888 3899 impurus
2916 3828 3159 3898 spiritus
3191 3829 3352 3894 dicit,
3377 3845 3497 3882 sua;
3530 3828 3828 3883 temerita-

2179 3917 2254 3971 tis
2284 3915 2444 3970 brevi
2478 3932 2681 3987 pmnas
2712 3916 3366 3972 dederunt.Confutavit
3389 3917 3549 3971 enim
3585 3917 3739 3983 illos,
3761 3933 3828 3972 ac

2177 4006 2447 4062 fraudem
2481 4023 2686 4062 eorum
2719 4012 2985 4077 apertam
3017 4006 3260 4060 omnino
3309 4005 3450 4060 fecit
3495 4010 3827 4063 commotus

2180 4097 2269 4152 ira
2299 4097 2543 4168 spiritus
2579 4113 2591 4150 :
2625 4096 2808 4151 veluti
2838 4096 2885 4151 si
2916 4096 3050 4166 quis
3073 4096 3299 4167 positus
3332 4096 3392 4149 in
3420 4095 3699 4150 extremis
3721 4112 3827 4164 pe-

2179 4186 2385 4241 riculis
2415 4185 2488 4241 ab
2529 4185 2729 4256 aliquo
2761 4185 3003 4240 inimico
3034 4190 3335 4257 arguatur,
3369 4201 3730 4256 omnemque
3764 4185 3826 4239 in

2180 4276 2350 4334 illum
2385 4276 2690 4331 effundere
2712 4275 3148 4331 velitfurorem.

2258 4391 2276 4414 ι
2307 4368 2458 4433 XIX,
2493 4368 2557 4420 18
2595 4367 2680 4420 34.
2743 4367 3028 4437 Multique
3085 4365 3456 4422 credentium
3513 4365 3834 4421 veniebant

2184 4478 2209 4508 α
2245 4457 2672 4512 confirmantes
2727 4462 2785 4510 et
2814 4457 3240 4511 annuntiantes
3288 4457 3443 4511 facta
3499 4473 3624 4512 sua.
3665 4455 3828 4511 Multi

2182 4565 2471 4618 «quoque
2503 4564 2572 4602 ex
2624 4548 2696 4602 iis
2754 4549 2856 4618 qui
2908 4547 3172 4602 curiosas
3213 4554 3369 4602 artes
3423 4553 3830 4612 exercuerant,

398 4655 658 4694 «καντες
713 4635 813 4694 τας
873 4627 1101 4708 βίϐλους
1176 4631 1460 4687 κατέκαιον
1542 4631 1770 4687 ἐνώπιον
1825 4630 2064 4688 πάντων·

2187 4659 2212 4687 ιι
2246 4643 2647 4709 comportatos
2679 4635 3029 4690 librosldﬁ
3056 4641 3620 4692 exusseruntcoram
3642 4636 3833 4690 omni-

397 4751 426 4778 α
460 4722 560 4780 καὶ
594 4723 966 4800 συνεψήφισαν
993 4725 1091 4781 τὰς
1121 4721 1288 4792 τιμὰς
1347 4721 1548 4790 αὐτῶν,
1607 4721 1697 4776 καὶ
1757 4721 1914 4795 εὗρον
1971 4721 2069 4794 ἀρ-

398 4840 428 4866 α
460 4811 669 4888 γυρίου
705 4807 968 4884 μυριάδας
999 4807 1176 4866 πέντε.
1209 4809 1399 4872 Οὕτως
1441 4810 1578 4865 κατά
1632 4810 1831 4884 κράτος
1884 4811 1912 4864 ὁ
1973 4809 2067 4865 λό-

399 4929 426 4955 ιι
462 4923 568 4978 γος
596 4904 696 4954 τοῦ
731 4898 928 4972 Κυρίου
958 4895 1153 4969 ηὔξανε
1211 4899 1302 4953 καὶ
1361 4896 1574 4975 ἴσχυεν.
1635 4900 1722 4960 Ὠς
1783 4897 1840 4953 δὲ
1889 4897 2069 4970 ἐπλη-

400 5019 430 5045 ο(
463 4993 621 5068 ρώθη
657 4994 848 5058 ταῦτα,
881 4986 1034 5044 ἔθετο
1060 4990 1088 5044 ὁ
1119 4989 1336 5052 Παῦλος
1366 4989 1419 5045 ἐν
1465 4994 1545 5061 τῷ
1604 4990 1873 5064 πνεύματι
1921 4987 2067 5046 διελ-

404 5111 424 5136 ι
464 5086 578 5149 θὼν
609 5086 710 5151 τήν
748 5079 1089 5140 Μακεδονίαν
1149 5082 1238 5136 καὶ
1302 5081 1556 5156 Ἀχαΐαν,
1610 5081 1935 5156 πορεύεσθαι
1995 5081 2072 5146 εἷς

400 5172 854 5246 «Ἰερουσαλήμ,
917 5170 1106 5237 εἰπὼν,
1191 5171 1277 5226 ’ὁτι
1359 5171 1512 5227 Μετὰ
1567 5170 1631 5226 τὸ
1699 5171 1945 5244 γενέσθαι
2004 5193 2071 5245 με

396 5265 584 5335 αέκεῖ,
620 5261 707 5322 δεῖ
765 5282 840 5336 με
868 5259 962 5316 καὶ
991 5260 1218 5333 Ῥώμην
1265 5257 1420 5316 ἰδεῖν.
1477 5260 1830 5325 Ἀποστείλας
1878 5258 1936 5316 δὲ
1993 5262 2068 5324 εἶς

389 5360 547 5431 «τὴν
580 5350 945 5416 Μακεδονίαν
999 5345 1096 5402 δύο
1137 5353 1245 5404 τῶν
1301 5347 1702 5404 διακονούντων
1753 5351 1924 5423 αὐτῷ,
1982 5353 2072 5406 Τι-

380 5475 410 5502 u
433 5452 640 5530 μάθε-ον
664 5443 764 5502 καί
803 5443 1104 5530 ’Ἔρυκα-τον,
1139 5437 1299 5530 αύτὸς
1349 5437 1547 5530 ἐπέσχε
1605 5438 1802 5530 χρόνον
1862 5439 2068 5530 εἶς-τήν

358 5574 390 5605 α
421 5523 634 5608 Ἄσίαν,
681 5531 960 5610 Ἐγένετο
991 5523 1051 5580 δὶ
1079 5529 1217 5581 κατὰ
1244 5527 1336 5582 τὸν
1395 5529 1582 5599 καιρὸδ
1644 5527 1848 5583 ἐκεῖνον
1905 5527 2067 5604 τάρα.

341 5663 510 5724 αχος
546 5636 661 5695 οὑκ
698 5624 924 5698 ὀλίγος
958 5616 1086 5724 πειρὶ
1132 5619 1232 5684 τῆς
1264 5614 1414 5718 ὁξοῦ.
1450 5619 1770 5724 Δημήτριος
1826 5617 1952 5724 ,ἱέρ’
1986 5641 2071 5682 τις

327 5764 358 5797 α
386 5703 675 5809 adparet,
718 5703 1168 5788 ἀργυροκόπος,
1199 5706 1370 5761 ποιῶν
1422 5706 1582 5770 ναοὺς
1635 5707 1906 5782 ἀργυροῦς
1939 5709 2070 5784 Ἀρ,

2182 4749 2211 4777 ‹‹
2242 4727 2352 4782 bus
2379 4731 2466 4780 :et
2493 4727 2828 4796 supputatis
2858 4726 3093 4780 illorum
3124 4725 3834 4796 pretiis,inveneruntar—

2180 4838 2208 4867 «
2241 4816 2400 4887 genti
2433 4815 2868 4886 quinquaginta
2890 4815 3098 4870 millia.
3132 4816 3219 4868 Ita
3246 4814 3479 4868 fortiter
3529 4802 3833 4869 crescebat

2179 4928 2207 4956 «
2241 4905 2485 4960 verbum
2519 4904 2754 4959 Domini
2802 4921 2870 4959 ac
2921 4903 3407 4959 conﬁrmabatur.
3476 4903 3574 4958 llis
3633 4910 3828 4960 autem

2181 5015 2209 5043 «
2242 4993 2493 5064 expletis
2515 4991 3058 5064 proposuitPaulus
3085 4993 3146 5047 in
3161 4993 3370 5063 spiritu
3389 4993 3638 5048 transita
3652 4995 3832 5048 Mace-

2181 5106 2207 5134 «
2243 5084 2423 5139 donia
2448 5090 2507 5140 et
2536 5082 2758 5139 Achaia
2805 5082 3102 5155 proﬁcisci
3153 5083 3540 5155 .lerosolyma,
3574 5083 3779 5138 dicens
3814 5100 3828 5138 :

2184 5197 2212 5224 α
2247 5179 2559 5246 Postquam
2593 5173 2673 5228 ibi
2705 5172 3134 5243 fuero,oportet
3157 5178 3324 5228 meet
3349 5175 3593 5229 Romam
3609 5174 3823 5230 videre.

2180 5288 2208 5315 ‹‹
2244 5265 2436 5320 Missis
2467 5269 2662 5319 autem
2689 5264 2918 5320 duobus
2932 5280 3002 5319 ex
3033 5263 3105 5318 iis
3137 5264 3238 5335 qui
3266 5263 3832 5332 sibiministrabant,

2185 5377 2205 5404 σ
2228 5354 2821 5410 videlicetTimotheo
2837 5355 3262 5428 etErasto,ipse
3277 5356 3500 5411 mansit
3512 5354 3586 5410 ad
3600 5361 3832 5426 tempus

2184 5465 2212 5494 «
2240 5444 2301 5499 in
2332 5445 2488 5499 Asia.
2525 5445 2698 5499 Ortus
2729 5451 2819 5499 est
2848 5450 3047 5500 autem
3090 5445 3195 5500 illo
3237 5450 3503 5515 tempore
3543 5445 3831 5501 tumultus

2181 5559 2209 5588 «
2243 5553 2364 5590 non
2390 5535 2635 5607 exiguus
2665 5533 2737 5588 de
2767 5534 2897 5604 ipsa
2928 5533 3039 5589 via.
3073 5533 3320 5598 Quidam
3380 5534 3538 5586 enim
3589 5533 3830 5586 nomine

2181 5649 2208 5677 «
2243 5624 2577 5681 Demetrius
2598 5623 2762 5679 faber
2791 5625 3183 5696 argentarius,
3200 5623 3298 5694 qui
3321 5620 3830 5678 faciebatdelubra

2183 5737 2210 5764 «
2242 5718 2521 5788 argentea
2550 5713 2772 5778 Dianae,
2805 5713 3128 5784 praestabat
3174 5709 3501 5768 artiﬁcibus
3550 5724 3670 5763 non
3703 5723 3831 5781 par-
