  <div class='ocr_page' id='page_1' title='image "/cluster/home/n/w/nwhite01/storage/ocr_20150623/118:no.1/coo.31924054870229/137.png"; bbox 0 0 4112 6418; ppageno 0'>
   <div class='ocr_carea' id='block_1_1' title="bbox 262 383 379 444">
    <p class='ocr_par' dir='ltr' id='par_1_1' title="bbox 262 383 379 444">
     <span class='ocr_line' id='line_1_1' title="bbox 262 383 379 444; baseline -0.017 0"><span class='ocrx_word' id='word_1_1' title='bbox 262 383 379 444; x_wconf 75' lang='grc'>255</span> 
     </span>
    </p>
   </div>
   <div class='ocr_carea' id='block_1_2' title="bbox 1351 376 2546 462">
    <p class='ocr_par' dir='ltr' id='par_1_2' title="bbox 1351 376 2546 462">
     <span class='ocr_line' id='line_1_2' title="bbox 1351 376 2546 462; baseline 0.002 -22"><span class='ocrx_word' id='word_1_2' title='bbox 1351 377 1785 440; x_wconf 77' lang='lat' dir='ltr'>CECUMENII</span> <span class='ocrx_word' id='word_1_3' title='bbox 1830 376 2144 440; x_wconf 64' lang='lat' dir='ltr'>TRICGIE</span> <span class='ocrx_word' id='word_1_4' title='bbox 2189 380 2546 462; x_wconf 78' lang='lat' dir='ltr'>EPISCOPI</span> 
     </span>
    </p>
   </div>
   <div class='ocr_carea' id='block_1_3' title="bbox 3575 378 3696 472">
    <p class='ocr_par' dir='ltr' id='par_1_3' title="bbox 3575 378 3696 472">
     <span class='ocr_line' id='line_1_3' title="bbox 3575 378 3696 472; baseline -0.033 -34"><span class='ocrx_word' id='word_1_5' title='bbox 3575 378 3696 472; x_wconf 79' lang='lat'>256</span> 
     </span>
    </p>
   </div>
   <div class='ocr_carea' id='block_1_4' title="bbox 263 511 1957 596">
    <p class='ocr_par' dir='ltr' id='par_1_4' title="bbox 263 513 1957 588">
     <span class='ocr_line' id='line_1_4' title="bbox 263 513 1957 588; baseline -0.002 -19"><span class='ocrx_word' id='word_1_6' title='bbox 263 541 293 569; x_wconf 82' lang='lat'><strong><em>«</em></strong></span> <span class='ocrx_word' id='word_1_7' title='bbox 327 519 496 574; x_wconf 86' lang='lat' dir='ltr'>rebat</span> <span class='ocrx_word' id='word_1_8' title='bbox 525 517 610 574; x_wconf 84' lang='lat' dir='ltr'>eis</span> <span class='ocrx_word' id='word_1_9' title='bbox 641 515 1014 588; x_wconf 85' lang='lat' dir='ltr'>profecturus</span> <span class='ocrx_word' id='word_1_10' title='bbox 1031 513 1340 586; x_wconf 83' lang='lat' dir='ltr'>postridie,</span> <span class='ocrx_word' id='word_1_11' title='bbox 1363 515 1772 588; x_wconf 87' lang='lat' dir='ltr'>protraxitque</span> <span class='ocrx_word' id='word_1_12' title='bbox 1795 528 1914 566; x_wconf 90' lang='lat' dir='ltr'>ser-</span> <span class='ocrx_word' id='word_1_13' title='bbox 1946 549 1957 578; x_wconf 51' lang='grc' dir='ltr'><em>λ</em></span> 
     </span>
    </p>
   </div>
   <div class='ocr_carea' id='block_1_5' title="bbox 2069 511 3696 596">
    <p class='ocr_par' dir='ltr' id='par_1_5' title="bbox 2069 511 3696 596">
     <span class='ocr_line' id='line_1_5' title="bbox 2069 511 3696 596; baseline 0 -29"><span class='ocrx_word' id='word_1_14' title='bbox 2069 511 2220 584; x_wconf 78' lang='grc' dir='ltr'>ξιέναι</span> <span class='ocrx_word' id='word_1_15' title='bbox 2251 521 2319 591; x_wconf 77' lang='grc' dir='ltr'>τῇ</span> <span class='ocrx_word' id='word_1_16' title='bbox 2352 516 2636 592; x_wconf 74' lang='grc' dir='ltr'>ἐπαύριονο</span> <span class='ocrx_word' id='word_1_17' title='bbox 2697 513 2980 592; x_wconf 66' lang='grc' dir='ltr'>παρέτεινε</span> <span class='ocrx_word' id='word_1_18' title='bbox 3032 535 3092 571; x_wconf 80' lang='grc' dir='ltr'>τε</span> <span class='ocrx_word' id='word_1_19' title='bbox 3145 515 3237 570; x_wconf 83' lang='grc' dir='ltr'>τὸν</span> <span class='ocrx_word' id='word_1_20' title='bbox 3299 511 3463 587; x_wconf 82' lang='grc' dir='ltr'>λόγον</span> <span class='ocrx_word' id='word_1_21' title='bbox 3525 511 3696 596; x_wconf 70' lang='grc' dir='ltr'>μέχρι</span> 
     </span>
    </p>
   </div>
   <div class='ocr_carea' id='block_1_6' title="bbox 269 605 1926 676">
    <p class='ocr_par' dir='ltr' id='par_1_6' title="bbox 269 605 1926 676">
     <span class='ocr_line' id='line_1_6' title="bbox 269 605 1926 676; baseline -0.005 -13"><span class='ocrx_word' id='word_1_22' title='bbox 269 629 297 658; x_wconf 86' lang='grc'><strong><em>‹‹</em></strong></span> <span class='ocrx_word' id='word_1_23' title='bbox 332 623 568 663; x_wconf 91' lang='lat' dir='ltr'>monem</span> <span class='ocrx_word' id='word_1_24' title='bbox 597 622 785 676; x_wconf 90' lang='lat' dir='ltr'>usque</span> <span class='ocrx_word' id='word_1_25' title='bbox 818 605 876 658; x_wconf 92' lang='lat' dir='ltr'>in</span> <span class='ocrx_word' id='word_1_26' title='bbox 909 605 1169 660; x_wconf 88' lang='lat' dir='ltr'>mediam</span> <span class='ocrx_word' id='word_1_27' title='bbox 1197 611 1454 661; x_wconf 90' lang='lat' dir='ltr'>noctem.</span> <span class='ocrx_word' id='word_1_28' title='bbox 1514 607 1695 660; x_wconf 88' lang='lat' dir='ltr'>Erant</span> <span class='ocrx_word' id='word_1_29' title='bbox 1725 608 1926 658; x_wconf 85' lang='lat' dir='ltr'>autem</span> 
     </span>
    </p>
   </div>
   <div class='ocr_carea' id='block_1_7' title="bbox 275 695 1916 766">
    <p class='ocr_par' dir='ltr' id='par_1_7' title="bbox 275 695 1916 766">
     <span class='ocr_line' id='line_1_7' title="bbox 275 695 1916 766; baseline 0 -18"><span class='ocrx_word' id='word_1_30' title='bbox 275 720 296 748; x_wconf 78' lang='grc' dir='ltr'>ι</span> <span class='ocrx_word' id='word_1_31' title='bbox 334 699 591 752; x_wconf 75' lang='lat' dir='ltr'>lucernzn</span> <span class='ocrx_word' id='word_1_32' title='bbox 624 695 825 749; x_wconf 72' lang='lat' dir='ltr'>multm</span> <span class='ocrx_word' id='word_1_33' title='bbox 860 695 918 749; x_wconf 92' lang='lat' dir='ltr'>in</span> <span class='ocrx_word' id='word_1_34' title='bbox 951 695 1276 762; x_wconf 73' lang='lat' dir='ltr'>caenaculo,</span> <span class='ocrx_word' id='word_1_35' title='bbox 1310 696 1408 749; x_wconf 92' lang='lat' dir='ltr'>ubi</span> <span class='ocrx_word' id='word_1_36' title='bbox 1445 701 1616 750; x_wconf 87' lang='lat' dir='ltr'>erant</span> <span class='ocrx_word' id='word_1_37' title='bbox 1672 710 1916 766; x_wconf 75' lang='lat' dir='ltr'>congre—</span> 
     </span>
    </p>
   </div>
   <div class='ocr_carea' id='block_1_8' title="bbox 276 785 1927 859">
    <p class='ocr_par' dir='ltr' id='par_1_8' title="bbox 276 785 1927 859">
     <span class='ocr_line' id='line_1_8' title="bbox 276 785 1927 859; baseline 0.001 -22"><span class='ocrx_word' id='word_1_38' title='bbox 276 811 304 838; x_wconf 85' lang='grc'>‹‹</span> <span class='ocrx_word' id='word_1_39' title='bbox 335 787 472 859; x_wconf 76' lang='lat' dir='ltr'>gati.</span> <span class='ocrx_word' id='word_1_40' title='bbox 508 785 732 840; x_wconf 86' lang='lat' dir='ltr'>Sedens</span> <span class='ocrx_word' id='word_1_41' title='bbox 763 791 961 839; x_wconf 85' lang='lat' dir='ltr'>autem</span> <span class='ocrx_word' id='word_1_42' title='bbox 1014 786 1253 856; x_wconf 89' lang='lat' dir='ltr'>quidam</span> <span class='ocrx_word' id='word_1_43' title='bbox 1305 785 1655 840; x_wconf 81' lang='lat' dir='ltr'>adolescens</span> <span class='ocrx_word' id='word_1_44' title='bbox 1687 785 1927 839; x_wconf 87' lang='lat' dir='ltr'>nomine</span> 
     </span>
    </p>
   </div>
   <div class='ocr_carea' id='block_1_9' title="bbox 281 875 1929 946">
    <p class='ocr_par' dir='ltr' id='par_1_9' title="bbox 281 875 1929 946">
     <span class='ocr_line' id='line_1_9' title="bbox 281 875 1929 946; baseline 0.001 -20"><span class='ocrx_word' id='word_1_45' title='bbox 281 901 307 927; x_wconf 79' lang='grc' dir='ltr'>(ι</span> <span class='ocrx_word' id='word_1_46' title='bbox 343 875 642 946; x_wconf 80' lang='lat' dir='ltr'>Eutychus</span> <span class='ocrx_word' id='word_1_47' title='bbox 674 875 734 928; x_wconf 92' lang='lat' dir='ltr'>in</span> <span class='ocrx_word' id='word_1_48' title='bbox 767 875 1046 939; x_wconf 81' lang='lat' dir='ltr'>fenestra,</span> <span class='ocrx_word' id='word_1_49' title='bbox 1083 891 1216 928; x_wconf 90' lang='lat' dir='ltr'>cum</span> <span class='ocrx_word' id='word_1_50' title='bbox 1267 875 1686 946; x_wconf 79' lang='lat' dir='ltr'>degravaretur</span> <span class='ocrx_word' id='word_1_51' title='bbox 1719 891 1929 929; x_wconf 84' lang='lat' dir='ltr'>somno</span> 
     </span>
    </p>
   </div>
   <div class='ocr_carea' id='block_1_10' title="bbox 281 963 1932 1038">
    <p class='ocr_par' dir='ltr' id='par_1_10' title="bbox 281 963 1932 1038">
     <span class='ocr_line' id='line_1_10' title="bbox 281 963 1932 1038; baseline 0.001 -22"><span class='ocrx_word' id='word_1_52' title='bbox 281 989 309 1016; x_wconf 84' lang='lat'><strong>«</strong></span> <span class='ocrx_word' id='word_1_53' title='bbox 344 964 736 1038; x_wconf 87' lang='lat' dir='ltr'>profundiori,</span> <span class='ocrx_word' id='word_1_54' title='bbox 772 965 1101 1019; x_wconf 81' lang='lat' dir='ltr'>disserente</span> <span class='ocrx_word' id='word_1_55' title='bbox 1124 964 1224 1018; x_wconf 91' lang='lat' dir='ltr'>diu</span> <span class='ocrx_word' id='word_1_56' title='bbox 1250 965 1452 1027; x_wconf 84' lang='lat' dir='ltr'>Paulo,</span> <span class='ocrx_word' id='word_1_57' title='bbox 1476 965 1663 1036; x_wconf 78' lang='lat' dir='ltr'>magis</span> <span class='ocrx_word' id='word_1_58' title='bbox 1695 963 1932 1035; x_wconf 89' lang='lat' dir='ltr'>depres-</span> 
     </span>
    </p>
   </div>
   <div class='ocr_carea' id='block_1_11' title="bbox 287 1053 1935 1118">
    <p class='ocr_par' dir='ltr' id='par_1_11' title="bbox 287 1053 1935 1118">
     <span class='ocr_line' id='line_1_11' title="bbox 287 1053 1935 1118; baseline -0.002 -8"><span class='ocrx_word' id='word_1_59' title='bbox 287 1079 314 1105; x_wconf 87' lang='grc'><em>‹‹</em></span> <span class='ocrx_word' id='word_1_60' title='bbox 349 1073 448 1111; x_wconf 89' lang='lat' dir='ltr'>sus</span> <span class='ocrx_word' id='word_1_61' title='bbox 511 1054 732 1109; x_wconf 87' lang='lat' dir='ltr'>decidit</span> <span class='ocrx_word' id='word_1_62' title='bbox 789 1069 858 1109; x_wconf 84' lang='lat' dir='ltr'>ex</span> <span class='ocrx_word' id='word_1_63' title='bbox 919 1054 1090 1108; x_wconf 90' lang='lat' dir='ltr'>tertio</span> <span class='ocrx_word' id='word_1_64' title='bbox 1151 1053 1454 1109; x_wconf 68' lang='lat' dir='ltr'>cmnaculo</span> <span class='ocrx_word' id='word_1_65' title='bbox 1514 1053 1814 1118; x_wconf 85' lang='lat' dir='ltr'>deorsum,</span> <span class='ocrx_word' id='word_1_66' title='bbox 1879 1057 1935 1108; x_wconf 90' lang='lat' dir='ltr'>et</span> 
     </span>
    </p>
   </div>
   <div class='ocr_carea' id='block_1_12' title="bbox 281 1141 1932 1200">
    <p class='ocr_par' dir='ltr' id='par_1_12' title="bbox 281 1141 1932 1200">
     <span class='ocr_line' id='line_1_12' title="bbox 281 1141 1932 1200; baseline -0.001 -4"><span class='ocrx_word' id='word_1_67' title='bbox 281 1167 310 1196; x_wconf 85' lang='lat'><strong>«</strong></span> <span class='ocrx_word' id='word_1_68' title='bbox 345 1143 616 1200; x_wconf 90' lang='lat' dir='ltr'>sublatus</span> <span class='ocrx_word' id='word_1_69' title='bbox 646 1147 738 1197; x_wconf 91' lang='lat' dir='ltr'>est</span> <span class='ocrx_word' id='word_1_70' title='bbox 768 1148 1055 1196; x_wconf 89' lang='lat' dir='ltr'>mortuus.</span> <span class='ocrx_word' id='word_1_71' title='bbox 1091 1143 1234 1196; x_wconf 89' lang='lat' dir='ltr'>Cum</span> <span class='ocrx_word' id='word_1_72' title='bbox 1295 1141 1704 1198; x_wconf 79' lang='lat' dir='ltr'>descendisset</span> <span class='ocrx_word' id='word_1_73' title='bbox 1734 1148 1932 1197; x_wconf 90' lang='lat' dir='ltr'>autem</span> 
     </span>
    </p>
   </div>
   <div class='ocr_carea' id='block_1_13' title="bbox 293 1233 1932 1304">
    <p class='ocr_par' dir='ltr' id='par_1_13' title="bbox 293 1233 1932 1304">
     <span class='ocr_line' id='line_1_13' title="bbox 293 1233 1932 1304; baseline -0.002 -15"><span class='ocrx_word' id='word_1_74' title='bbox 293 1255 314 1282; x_wconf 74' lang='grc' dir='ltr'>α</span> <span class='ocrx_word' id='word_1_75' title='bbox 349 1233 569 1289; x_wconf 84' lang='lat' dir='ltr'>Paulus</span> <span class='ocrx_word' id='word_1_76' title='bbox 599 1233 871 1287; x_wconf 87' lang='lat' dir='ltr'>incubuit</span> <span class='ocrx_word' id='word_1_77' title='bbox 903 1250 1082 1304; x_wconf 89' lang='lat' dir='ltr'>super</span> <span class='ocrx_word' id='word_1_78' title='bbox 1112 1250 1244 1287; x_wconf 92' lang='lat' dir='ltr'>eum</span> <span class='ocrx_word' id='word_1_79' title='bbox 1279 1238 1338 1288; x_wconf 94' lang='lat' dir='ltr'>et</span> <span class='ocrx_word' id='word_1_80' title='bbox 1368 1234 1711 1304; x_wconf 87' lang='lat' dir='ltr'>complexus</span> <span class='ocrx_word' id='word_1_81' title='bbox 1742 1233 1891 1287; x_wconf 82' lang='lat' dir='ltr'>dixit</span> <span class='ocrx_word' id='word_1_82' title='bbox 1921 1248 1932 1285; x_wconf 94' lang='lat'>:</span> 
     </span>
    </p>
   </div>
   <div class='ocr_carea' id='block_1_14' title="bbox 291 1323 1936 1395">
    <p class='ocr_par' dir='ltr' id='par_1_14' title="bbox 291 1323 1936 1395">
     <span class='ocr_line' id='line_1_14' title="bbox 291 1323 1936 1395; baseline -0.001 -17"><span class='ocrx_word' id='word_1_83' title='bbox 291 1346 319 1373; x_wconf 86' lang='lat'><strong>«</strong></span> <span class='ocrx_word' id='word_1_84' title='bbox 352 1323 543 1378; x_wconf 87' lang='lat' dir='ltr'>Nolite</span> <span class='ocrx_word' id='word_1_85' title='bbox 570 1323 818 1389; x_wconf 87' lang='lat' dir='ltr'>turbari,</span> <span class='ocrx_word' id='word_1_86' title='bbox 879 1323 1082 1377; x_wconf 88' lang='lat' dir='ltr'>anima</span> <span class='ocrx_word' id='word_1_87' title='bbox 1130 1323 1291 1378; x_wconf 91' lang='lat' dir='ltr'>enim</span> <span class='ocrx_word' id='word_1_88' title='bbox 1353 1324 1482 1395; x_wconf 82' lang='lat' dir='ltr'>ejus</span> <span class='ocrx_word' id='word_1_89' title='bbox 1533 1323 1592 1378; x_wconf 93' lang='lat' dir='ltr'>in</span> <span class='ocrx_word' id='word_1_90' title='bbox 1645 1323 1772 1395; x_wconf 91' lang='lat' dir='ltr'>ipso</span> <span class='ocrx_word' id='word_1_91' title='bbox 1824 1328 1936 1378; x_wconf 90' lang='lat' dir='ltr'>est.</span> 
     </span>
    </p>
   </div>
   <div class='ocr_carea' id='block_1_15' title="bbox 289 1411 1936 1485">
    <p class='ocr_par' dir='ltr' id='par_1_15' title="bbox 289 1411 1936 1485">
     <span class='ocr_line' id='line_1_15' title="bbox 289 1411 1936 1485; baseline 0.003 -22"><span class='ocrx_word' id='word_1_92' title='bbox 289 1436 318 1463; x_wconf 71' lang='grc' dir='ltr'>ι(</span> <span class='ocrx_word' id='word_1_93' title='bbox 352 1413 616 1483; x_wconf 89' lang='lat' dir='ltr'>Cumque</span> <span class='ocrx_word' id='word_1_94' title='bbox 647 1411 1016 1467; x_wconf 86' lang='lat' dir='ltr'>ascendisset</span> <span class='ocrx_word' id='word_1_95' title='bbox 1045 1418 1103 1468; x_wconf 91' lang='lat' dir='ltr'>et</span> <span class='ocrx_word' id='word_1_96' title='bbox 1131 1413 1404 1485; x_wconf 84' lang='lat' dir='ltr'>fregisset</span> <span class='ocrx_word' id='word_1_97' title='bbox 1447 1430 1664 1485; x_wconf 90' lang='lat' dir='ltr'>panem</span> <span class='ocrx_word' id='word_1_98' title='bbox 1719 1430 1788 1469; x_wconf 90' lang='lat' dir='ltr'>ac</span> <span class='ocrx_word' id='word_1_99' title='bbox 1831 1413 1936 1468; x_wconf 93' lang='lat' dir='ltr'>de-</span> 
     </span>
    </p>
   </div>
   <div class='ocr_carea' id='block_1_16' title="bbox 291 1501 1935 1576">
    <p class='ocr_par' dir='ltr' id='par_1_16' title="bbox 291 1501 1935 1576">
     <span class='ocr_line' id='line_1_16' title="bbox 291 1501 1935 1576; baseline 0.002 -22"><span class='ocrx_word' id='word_1_100' title='bbox 291 1507 662 1576; x_wconf 77' lang='lat' dir='ltr'>«gustasset,</span> <span class='ocrx_word' id='word_1_101' title='bbox 696 1502 797 1556; x_wconf 89' lang='lat' dir='ltr'>diu</span> <span class='ocrx_word' id='word_1_102' title='bbox 827 1501 1159 1557; x_wconf 92' lang='lat' dir='ltr'>collocutus</span> <span class='ocrx_word' id='word_1_103' title='bbox 1207 1520 1396 1574; x_wconf 91' lang='lat' dir='ltr'>usque</span> <span class='ocrx_word' id='word_1_104' title='bbox 1456 1503 1528 1558; x_wconf 87' lang='lat' dir='ltr'>ad</span> <span class='ocrx_word' id='word_1_105' title='bbox 1589 1502 1935 1570; x_wconf 88' lang='lat' dir='ltr'>diluculam,</span> 
     </span>
    </p>
   </div>
   <div class='ocr_carea' id='block_1_17' title="bbox 291 1591 1938 1663">
    <p class='ocr_par' dir='ltr' id='par_1_17' title="bbox 291 1591 1938 1663">
     <span class='ocr_line' id='line_1_17' title="bbox 291 1591 1938 1663; baseline 0.003 -20"><span class='ocrx_word' id='word_1_106' title='bbox 291 1593 434 1649; x_wconf 83' lang='lat' dir='ltr'>«ita</span> <span class='ocrx_word' id='word_1_107' title='bbox 463 1593 702 1646; x_wconf 90' lang='lat' dir='ltr'>demum</span> <span class='ocrx_word' id='word_1_108' title='bbox 753 1591 1051 1663; x_wconf 89' lang='lat' dir='ltr'>profectus</span> <span class='ocrx_word' id='word_1_109' title='bbox 1120 1599 1228 1648; x_wconf 87' lang='lat' dir='ltr'>est.</span> <span class='ocrx_word' id='word_1_110' title='bbox 1295 1593 1684 1650; x_wconf 83' lang='lat' dir='ltr'>Adduxerunt</span> <span class='ocrx_word' id='word_1_111' title='bbox 1741 1599 1938 1648; x_wconf 88' lang='lat' dir='ltr'>autem</span> 
     </span>
    </p>
   </div>
   <div class='ocr_carea' id='block_1_18' title="bbox 287 1683 1944 1755">
    <p class='ocr_par' dir='ltr' id='par_1_18' title="bbox 287 1683 1944 1755">
     <span class='ocr_line' id='line_1_18' title="bbox 287 1683 1944 1755; baseline 0.004 -23"><span class='ocrx_word' id='word_1_112' title='bbox 287 1706 315 1733; x_wconf 86' lang='grc'>‹‹</span> <span class='ocrx_word' id='word_1_113' title='bbox 351 1699 601 1755; x_wconf 91' lang='lat' dir='ltr'>puerum</span> <span class='ocrx_word' id='word_1_114' title='bbox 634 1683 951 1752; x_wconf 72' lang='lat' dir='ltr'>viventem,</span> <span class='ocrx_word' id='word_1_115' title='bbox 977 1688 1034 1737; x_wconf 86' lang='lat' dir='ltr'>et</span> <span class='ocrx_word' id='word_1_116' title='bbox 1065 1683 1535 1738; x_wconf 85' lang='lat' dir='ltr'>consolationem</span> <span class='ocrx_word' id='word_1_117' title='bbox 1567 1701 1687 1739; x_wconf 93' lang='lat' dir='ltr'>non</span> <span class='ocrx_word' id='word_1_118' title='bbox 1720 1683 1944 1738; x_wconf 90' lang='lat' dir='ltr'>medio-</span> 
     </span>
    </p>
   </div>
   <div class='ocr_carea' id='block_1_19' title="bbox 293 1773 1945 1844">
    <p class='ocr_par' dir='ltr' id='par_1_19' title="bbox 293 1773 1945 1844">
     <span class='ocr_line' id='line_1_19' title="bbox 293 1773 1945 1844; baseline 0.004 -22"><span class='ocrx_word' id='word_1_119' title='bbox 293 1795 320 1823; x_wconf 89' lang='grc'>‹‹</span> <span class='ocrx_word' id='word_1_120' title='bbox 345 1789 504 1828; x_wconf 90' lang='lat' dir='ltr'>crem</span> <span class='ocrx_word' id='word_1_121' title='bbox 537 1778 914 1844; x_wconf 89' lang='lat' dir='ltr'>acceperunt.</span> <span class='ocrx_word' id='word_1_122' title='bbox 953 1775 1062 1827; x_wconf 75' lang='lat' dir='ltr'>Nos</span> <span class='ocrx_word' id='word_1_123' title='bbox 1087 1779 1282 1828; x_wconf 89' lang='lat' dir='ltr'>autem</span> <span class='ocrx_word' id='word_1_124' title='bbox 1309 1791 1638 1829; x_wconf 90' lang='lat' dir='ltr'>conscensa</span> <span class='ocrx_word' id='word_1_125' title='bbox 1665 1775 1795 1830; x_wconf 89' lang='lat' dir='ltr'>navi</span> <span class='ocrx_word' id='word_1_126' title='bbox 1830 1773 1945 1830; x_wconf 91' lang='lat' dir='ltr'>sol-</span> 
     </span>
    </p>
   </div>
   <div class='ocr_carea' id='block_1_20' title="bbox 2041 601 3694 680">
    <p class='ocr_par' dir='ltr' id='par_1_20' title="bbox 2041 601 3694 680">
     <span class='ocr_line' id='line_1_20' title="bbox 2041 601 3694 680; baseline -0.004 -20"><span class='ocrx_word' id='word_1_127' title='bbox 2041 607 2418 678; x_wconf 85' lang='grc' dir='ltr'>μεσονυκτίου.</span> <span class='ocrx_word' id='word_1_128' title='bbox 2501 610 2671 664; x_wconf 89' lang='grc' dir='ltr'>Ἦσαν</span> <span class='ocrx_word' id='word_1_129' title='bbox 2757 605 2814 662; x_wconf 76' lang='grc' dir='ltr'>δὲ</span> <span class='ocrx_word' id='word_1_130' title='bbox 2901 602 3184 680; x_wconf 72' lang='grc' dir='ltr'>λαμπάδες</span> <span class='ocrx_word' id='word_1_131' title='bbox 3269 601 3448 658; x_wconf 80' lang='grc' dir='ltr'>ἱκαναὶ</span> <span class='ocrx_word' id='word_1_132' title='bbox 3505 602 3556 656; x_wconf 83' lang='grc' dir='ltr'>έν</span> <span class='ocrx_word' id='word_1_133' title='bbox 3612 605 3694 674; x_wconf 81' lang='grc' dir='ltr'>τῷ</span> 
     </span>
    </p>
   </div>
   <div class='ocr_carea' id='block_1_21' title="bbox 2042 689 3693 772">
    <p class='ocr_par' dir='ltr' id='par_1_21' title="bbox 2042 689 3693 772">
     <span class='ocr_line' id='line_1_21' title="bbox 2042 689 3693 772; baseline -0.004 -22"><span class='ocrx_word' id='word_1_134' title='bbox 2042 693 2300 769; x_wconf 80' lang='grc' dir='ltr'>ὑπέρῲῳ,</span> <span class='ocrx_word' id='word_1_135' title='bbox 2387 695 2448 751; x_wconf 74' lang='grc' dir='ltr'>οὗ</span> <span class='ocrx_word' id='word_1_136' title='bbox 2505 698 2639 766; x_wconf 77' lang='grc' dir='ltr'>ἦσαν</span> <span class='ocrx_word' id='word_1_137' title='bbox 2698 695 3048 772; x_wconf 80' lang='grc' dir='ltr'>συνηγμένοι.</span> <span class='ocrx_word' id='word_1_138' title='bbox 3119 694 3436 766; x_wconf 80' lang='grc' dir='ltr'>Καθήμενος</span> <span class='ocrx_word' id='word_1_139' title='bbox 3499 689 3555 746; x_wconf 88' lang='grc' dir='ltr'>δέ</span> <span class='ocrx_word' id='word_1_140' title='bbox 3609 712 3693 753; x_wconf 90' lang='grc' dir='ltr'>τις</span> 
     </span>
    </p>
   </div>
   <div class='ocr_carea' id='block_1_22' title="bbox 2039 780 3695 860">
    <p class='ocr_par' dir='ltr' id='par_1_22' title="bbox 2039 780 3695 860">
     <span class='ocr_line' id='line_1_22' title="bbox 2039 780 3695 860; baseline -0.003 -21"><span class='ocrx_word' id='word_1_141' title='bbox 2039 783 2247 846; x_wconf 80' lang='grc' dir='ltr'>νεανίας</span> <span class='ocrx_word' id='word_1_142' title='bbox 2305 786 2532 858; x_wconf 78' lang='grc' dir='ltr'>ὀνόματι</span> <span class='ocrx_word' id='word_1_143' title='bbox 2595 786 2852 860; x_wconf 60' lang='grc' dir='ltr'>Εὔτυχος</span> <span class='ocrx_word' id='word_1_144' title='bbox 2910 783 2995 838; x_wconf 85' lang='grc' dir='ltr'>ἐπὶ</span> <span class='ocrx_word' id='word_1_145' title='bbox 3055 790 3154 852; x_wconf 80' lang='grc' dir='ltr'>τῆς</span> <span class='ocrx_word' id='word_1_146' title='bbox 3225 780 3464 857; x_wconf 82' lang='grc' dir='ltr'>θυρίδος,</span> <span class='ocrx_word' id='word_1_147' title='bbox 3525 801 3695 834; x_wconf 70' lang='grc' dir='ltr'>κατα-</span> 
     </span>
    </p>
   </div>
   <div class='ocr_carea' id='block_1_23' title="bbox 2041 869 3698 952">
    <p class='ocr_par' dir='ltr' id='par_1_23' title="bbox 2041 869 3698 952">
     <span class='ocr_line' id='line_1_23' title="bbox 2041 869 3698 952; baseline -0.004 -24"><span class='ocrx_word' id='word_1_148' title='bbox 2041 874 2341 952; x_wconf 72' lang='grc' dir='ltr'>φερόμενος</span> <span class='ocrx_word' id='word_1_149' title='bbox 2389 875 2541 948; x_wconf 74' lang='grc' dir='ltr'>ὕπνῳ</span> <span class='ocrx_word' id='word_1_150' title='bbox 2601 877 2775 950; x_wconf 82' lang='grc' dir='ltr'>βαθεῖ,</span> <span class='ocrx_word' id='word_1_151' title='bbox 2840 872 3238 948; x_wconf 69' lang='grc' dir='ltr'>διαλεγομένου</span> <span class='ocrx_word' id='word_1_152' title='bbox 3295 875 3392 926; x_wconf 74' lang='grc' dir='ltr'>τοῦ</span> <span class='ocrx_word' id='word_1_153' title='bbox 3451 869 3698 936; x_wconf 75' lang='grc' dir='ltr'>Παύλου,</span> 
     </span>
    </p>
   </div>
   <div class='ocr_carea' id='block_1_24' title="bbox 2042 954 3700 1041">
    <p class='ocr_par' dir='ltr' id='par_1_24' title="bbox 2042 954 3700 1041">
     <span class='ocr_line' id='line_1_24' title="bbox 2042 954 3700 1041; baseline -0.005 -23"><span class='ocrx_word' id='word_1_154' title='bbox 2042 962 2130 1018; x_wconf 80' lang='grc' dir='ltr'>ἐπὶ</span> <span class='ocrx_word' id='word_1_155' title='bbox 2189 963 2380 1019; x_wconf 82' lang='grc' dir='ltr'>πλεῖον</span> <span class='ocrx_word' id='word_1_156' title='bbox 2465 965 2810 1041; x_wconf 81' lang='grc' dir='ltr'>κατενεχθεὶς</span> <span class='ocrx_word' id='word_1_157' title='bbox 2894 964 2998 1019; x_wconf 84' lang='grc' dir='ltr'>ὑπὸ</span> <span class='ocrx_word' id='word_1_158' title='bbox 3079 966 3176 1017; x_wconf 79' lang='grc' dir='ltr'>τοῦ</span> <span class='ocrx_word' id='word_1_159' title='bbox 3254 961 3444 1029; x_wconf 73' lang='grc' dir='ltr'>ὕηνου,</span> <span class='ocrx_word' id='word_1_160' title='bbox 3515 954 3700 1015; x_wconf 79' lang='grc' dir='ltr'>ἔπεσεν</span> 
     </span>
    </p>
   </div>
   <div class='ocr_carea' id='block_1_25' title="bbox 2043 1051 3698 1131">
    <p class='ocr_par' dir='ltr' id='par_1_25' title="bbox 2043 1051 3698 1131">
     <span class='ocr_line' id='line_1_25' title="bbox 2043 1051 3698 1131; baseline -0.002 -25"><span class='ocrx_word' id='word_1_161' title='bbox 2043 1052 2150 1107; x_wconf 83' lang='grc' dir='ltr'>ἀπὸ</span> <span class='ocrx_word' id='word_1_162' title='bbox 2185 1059 2280 1107; x_wconf 80' lang='grc' dir='ltr'>τοῦ</span> <span class='ocrx_word' id='word_1_163' title='bbox 2331 1055 2619 1131; x_wconf 72' lang='grc' dir='ltr'>τριστέγου</span> <span class='ocrx_word' id='word_1_164' title='bbox 2674 1055 2844 1124; x_wconf 86' lang='grc' dir='ltr'>κάτω,</span> <span class='ocrx_word' id='word_1_165' title='bbox 2904 1053 2994 1107; x_wconf 81' lang='grc' dir='ltr'>καὶ</span> <span class='ocrx_word' id='word_1_166' title='bbox 3050 1051 3196 1127; x_wconf 76' lang='grc' dir='ltr'>ἤρθη</span> <span class='ocrx_word' id='word_1_167' title='bbox 3252 1052 3462 1127; x_wconf 86' lang='grc' dir='ltr'>νεκρός.</span> <span class='ocrx_word' id='word_1_168' title='bbox 3523 1057 3698 1104; x_wconf 80' lang='grc' dir='ltr'>Κατα·</span> 
     </span>
    </p>
   </div>
   <div class='ocr_carea' id='block_1_26' title="bbox 2045 1136 3698 1214">
    <p class='ocr_par' dir='ltr' id='par_1_26' title="bbox 2045 1136 3698 1214">
     <span class='ocr_line' id='line_1_26' title="bbox 2045 1136 3698 1214; baseline -0.003 -18"><span class='ocrx_word' id='word_1_169' title='bbox 2045 1137 2145 1204; x_wconf 77' lang='grc' dir='ltr'>ϐας</span> <span class='ocrx_word' id='word_1_170' title='bbox 2206 1141 2264 1197; x_wconf 79' lang='grc' dir='ltr'>δὶ</span> <span class='ocrx_word' id='word_1_171' title='bbox 2319 1143 2349 1197; x_wconf 78' lang='grc' dir='ltr'>ὅ</span> <span class='ocrx_word' id='word_1_172' title='bbox 2407 1142 2619 1205; x_wconf 81' lang='grc' dir='ltr'>Παῦλος</span> <span class='ocrx_word' id='word_1_173' title='bbox 2671 1143 2920 1199; x_wconf 73' lang='grc' dir='ltr'>ἐπέπεσεν</span> <span class='ocrx_word' id='word_1_174' title='bbox 2986 1143 3153 1214; x_wconf 79' lang='grc' dir='ltr'>αὐτῷ·</span> <span class='ocrx_word' id='word_1_175' title='bbox 3212 1143 3301 1196; x_wconf 75' lang='grc' dir='ltr'>καὶ</span> <span class='ocrx_word' id='word_1_176' title='bbox 3358 1136 3698 1213; x_wconf 88' lang='grc' dir='ltr'>συμπεριλα-</span> 
     </span>
    </p>
   </div>
   <div class='ocr_carea' id='block_1_27' title="bbox 2047 1227 3702 1309">
    <p class='ocr_par' dir='ltr' id='par_1_27' title="bbox 2047 1227 3702 1309">
     <span class='ocr_line' id='line_1_27' title="bbox 2047 1227 3702 1309; baseline -0.002 -24"><span class='ocrx_word' id='word_1_177' title='bbox 2047 1227 2180 1302; x_wconf 86' lang='grc' dir='ltr'>ϐὼν,</span> <span class='ocrx_word' id='word_1_178' title='bbox 2240 1235 2377 1288; x_wconf 72' lang='grc' dir='ltr'>εἴπεο</span> <span class='ocrx_word' id='word_1_179' title='bbox 2439 1235 2534 1303; x_wconf 73' lang='grc' dir='ltr'>Μή</span> <span class='ocrx_word' id='word_1_180' title='bbox 2597 1229 2953 1308; x_wconf 80' lang='grc' dir='ltr'>θορυϐεῖσθε.</span> <span class='ocrx_word' id='word_1_181' title='bbox 3013 1234 3076 1290; x_wconf 85' lang='grc' dir='ltr'>Ἡ</span> <span class='ocrx_word' id='word_1_182' title='bbox 3155 1233 3260 1309; x_wconf 81' lang='grc' dir='ltr'>γὰρ</span> <span class='ocrx_word' id='word_1_183' title='bbox 3320 1231 3473 1305; x_wconf 83' lang='grc' dir='ltr'>ψυχὴ</span> <span class='ocrx_word' id='word_1_184' title='bbox 3535 1227 3702 1282; x_wconf 75' lang='grc' dir='ltr'>αὐτοῦ</span> 
     </span>
    </p>
   </div>
   <div class='ocr_carea' id='block_1_28' title="bbox 2047 1317 3702 1393">
    <p class='ocr_par' dir='ltr' id='par_1_28' title="bbox 2047 1317 3702 1393">
     <span class='ocr_line' id='line_1_28' title="bbox 2047 1317 3702 1393; baseline -0.003 -18"><span class='ocrx_word' id='word_1_185' title='bbox 2047 1320 2098 1375; x_wconf 82' lang='grc' dir='ltr'>ἐν</span> <span class='ocrx_word' id='word_1_186' title='bbox 2133 1322 2282 1393; x_wconf 84' lang='grc' dir='ltr'>αὐτῷ</span> <span class='ocrx_word' id='word_1_187' title='bbox 2323 1319 2486 1379; x_wconf 80' lang='grc' dir='ltr'>ἐστιν.</span> <span class='ocrx_word' id='word_1_188' title='bbox 2545 1323 2804 1382; x_wconf 83' lang='grc' dir='ltr'>Ἀναστὰς</span> <span class='ocrx_word' id='word_1_189' title='bbox 2865 1321 2922 1377; x_wconf 76' lang='grc' dir='ltr'>δὲ</span> <span class='ocrx_word' id='word_1_190' title='bbox 2978 1323 3065 1376; x_wconf 87' lang='grc' dir='ltr'>καὶ</span> <span class='ocrx_word' id='word_1_191' title='bbox 3126 1321 3330 1382; x_wconf 80' lang='grc' dir='ltr'>κλάσας</span> <span class='ocrx_word' id='word_1_192' title='bbox 3389 1319 3549 1393; x_wconf 81' lang='grc' dir='ltr'>ἄρτον</span> <span class='ocrx_word' id='word_1_193' title='bbox 3610 1317 3702 1371; x_wconf 80' lang='grc' dir='ltr'>καὶ</span> 
     </span>
    </p>
   </div>
   <div class='ocr_carea' id='block_1_29' title="bbox 2049 1406 3703 1490">
    <p class='ocr_par' dir='ltr' id='par_1_29' title="bbox 2049 1406 3703 1490">
     <span class='ocr_line' id='line_1_29' title="bbox 2049 1406 3703 1490; baseline -0.002 -24"><span class='ocrx_word' id='word_1_194' title='bbox 2049 1410 2396 1485; x_wconf 80' lang='grc' dir='ltr'>γευεάμενος,</span> <span class='ocrx_word' id='word_1_195' title='bbox 2456 1409 2536 1490; x_wconf 78' lang='grc' dir='ltr'>ἐφ’</span> <span class='ocrx_word' id='word_1_196' title='bbox 2595 1411 2776 1467; x_wconf 72' lang='grc' dir='ltr'>ἱκανόν</span> <span class='ocrx_word' id='word_1_197' title='bbox 2863 1433 2922 1466; x_wconf 84' lang='grc' dir='ltr'>τε</span> <span class='ocrx_word' id='word_1_198' title='bbox 2997 1408 3274 1484; x_wconf 73' lang='grc' dir='ltr'>ὁμιλήσας</span> <span class='ocrx_word' id='word_1_199' title='bbox 3315 1408 3448 1484; x_wconf 80' lang='grc' dir='ltr'>ἄχρι</span> <span class='ocrx_word' id='word_1_200' title='bbox 3508 1406 3703 1482; x_wconf 81' lang='grc' dir='ltr'>αὐγῆς,</span> 
     </span>
    </p>
   </div>
   <div class='ocr_carea' id='block_1_30' title="bbox 2051 1496 3700 1577">
    <p class='ocr_par' dir='ltr' id='par_1_30' title="bbox 2051 1496 3700 1577">
     <span class='ocr_line' id='line_1_30' title="bbox 2051 1496 3700 1577; baseline -0.004 -21"><span class='ocrx_word' id='word_1_201' title='bbox 2051 1501 2223 1562; x_wconf 77' lang='grc' dir='ltr'>οὕτως</span> <span class='ocrx_word' id='word_1_202' title='bbox 2263 1499 2509 1570; x_wconf 76' lang='grc' dir='ltr'>ἐξῆλθεν,</span> <span class='ocrx_word' id='word_1_203' title='bbox 2570 1502 2811 1577; x_wconf 73' lang='grc' dir='ltr'>Ἠγαγον</span> <span class='ocrx_word' id='word_1_204' title='bbox 2871 1497 2928 1555; x_wconf 72' lang='grc' dir='ltr'>δὲ</span> <span class='ocrx_word' id='word_1_205' title='bbox 2979 1501 3070 1555; x_wconf 85' lang='grc' dir='ltr'>τὸν</span> <span class='ocrx_word' id='word_1_206' title='bbox 3124 1497 3292 1554; x_wconf 86' lang='grc' dir='ltr'>παῖδα</span> <span class='ocrx_word' id='word_1_207' title='bbox 3360 1503 3556 1567; x_wconf 84' lang='grc' dir='ltr'>ζῶντα,</span> <span class='ocrx_word' id='word_1_208' title='bbox 3611 1496 3700 1550; x_wconf 76' lang='grc' dir='ltr'>καὶ</span> 
     </span>
    </p>
   </div>
   <div class='ocr_carea' id='block_1_31' title="bbox 2049 1585 3706 1665">
    <p class='ocr_par' dir='ltr' id='par_1_31' title="bbox 2049 1585 3706 1665">
     <span class='ocr_line' id='line_1_31' title="bbox 2049 1585 3706 1665; baseline -0.004 -20"><span class='ocrx_word' id='word_1_209' title='bbox 2049 1587 2472 1665; x_wconf 69' lang='grc' dir='ltr'>παρεκλήθησαν</span> <span class='ocrx_word' id='word_1_210' title='bbox 2529 1589 2590 1645; x_wconf 86' lang='grc' dir='ltr'>οὐ</span> <span class='ocrx_word' id='word_1_211' title='bbox 2653 1591 2907 1665; x_wconf 71' lang='grc' dir='ltr'>μετρίως.</span> <span class='ocrx_word' id='word_1_212' title='bbox 2983 1591 3174 1664; x_wconf 81' lang='grc' dir='ltr'>Ἡμεῖς</span> <span class='ocrx_word' id='word_1_213' title='bbox 3237 1587 3294 1643; x_wconf 73' lang='grc' dir='ltr'>δέ</span> <span class='ocrx_word' id='word_1_214' title='bbox 3345 1585 3706 1662; x_wconf 83' lang='grc' dir='ltr'>προελθόντες</span> 
     </span>
    </p>
   </div>
   <div class='ocr_carea' id='block_1_32' title="bbox 2051 1674 3708 1760">
    <p class='ocr_par' dir='ltr' id='par_1_32' title="bbox 2051 1674 3708 1760">
     <span class='ocr_line' id='line_1_32' title="bbox 2051 1674 3708 1760; baseline -0.004 -26"><span class='ocrx_word' id='word_1_215' title='bbox 2051 1679 2140 1734; x_wconf 82' lang='grc' dir='ltr'>ἐπὶ</span> <span class='ocrx_word' id='word_1_216' title='bbox 2179 1679 2242 1734; x_wconf 89' lang='grc' dir='ltr'>τὸ</span> <span class='ocrx_word' id='word_1_217' title='bbox 2299 1679 2520 1749; x_wconf 86' lang='grc' dir='ltr'>πλοῖον,</span> <span class='ocrx_word' id='word_1_218' title='bbox 2581 1681 2874 1760; x_wconf 80' lang='grc' dir='ltr'>ἀνήχημεν</span> <span class='ocrx_word' id='word_1_219' title='bbox 2937 1679 3014 1744; x_wconf 76' lang='grc' dir='ltr'>εἷς</span> <span class='ocrx_word' id='word_1_220' title='bbox 3064 1681 3164 1747; x_wconf 68' lang='grc' dir='ltr'>τὴν</span> <span class='ocrx_word' id='word_1_221' title='bbox 3225 1683 3444 1744; x_wconf 75' lang='grc' dir='ltr'>Ἄσσον,</span> <span class='ocrx_word' id='word_1_222' title='bbox 3505 1674 3708 1730; x_wconf 84' lang='grc' dir='ltr'>ἐκεῖθεν</span> 
     </span>
    </p>
   </div>
   <div class='ocr_carea' id='block_1_33' title="bbox 2055 1765 3703 1844">
    <p class='ocr_par' dir='ltr' id='par_1_33' title="bbox 2055 1765 3703 1844">
     <span class='ocr_line' id='line_1_33' title="bbox 2055 1765 3703 1844; baseline -0.004 -20"><span class='ocrx_word' id='word_1_223' title='bbox 2055 1768 2348 1842; x_wconf 87' lang='grc' dir='ltr'>μέλλοντες</span> <span class='ocrx_word' id='word_1_224' title='bbox 2409 1766 2810 1844; x_wconf 79' lang='grc' dir='ltr'>ἀναλαμϐάνειν</span> <span class='ocrx_word' id='word_1_225' title='bbox 2889 1771 2981 1824; x_wconf 78' lang='grc' dir='ltr'>τὸν</span> <span class='ocrx_word' id='word_1_226' title='bbox 3069 1766 3308 1824; x_wconf 81' lang='grc' dir='ltr'>Παῦλον·</span> <span class='ocrx_word' id='word_1_227' title='bbox 3372 1765 3544 1826; x_wconf 77' lang='grc' dir='ltr'>οὓτως</span> <span class='ocrx_word' id='word_1_228' title='bbox 3603 1765 3703 1838; x_wconf 77' lang='grc' dir='ltr'>γὰρ</span> 
     </span>
    </p>
   </div>
   <div class='ocr_carea' id='block_1_34' title="bbox 291 1851 1957 1953">
    <p class='ocr_par' dir='ltr' id='par_1_34' title="bbox 291 1862 1943 1934">
     <span class='ocr_line' id='line_1_34' title="bbox 291 1862 1943 1934; baseline 0.004 -22"><span class='ocrx_word' id='word_1_229' title='bbox 291 1885 319 1912; x_wconf 84' lang='grc'>‹‹</span> <span class='ocrx_word' id='word_1_230' title='bbox 353 1863 544 1916; x_wconf 81' lang='lat' dir='ltr'>vimus</span> <span class='ocrx_word' id='word_1_231' title='bbox 566 1879 768 1917; x_wconf 90' lang='lat' dir='ltr'>versus</span> <span class='ocrx_word' id='word_1_232' title='bbox 799 1864 1010 1931; x_wconf 78' lang='lat' dir='ltr'>Asson,</span> <span class='ocrx_word' id='word_1_233' title='bbox 1046 1862 1184 1917; x_wconf 92' lang='lat' dir='ltr'>inde</span> <span class='ocrx_word' id='word_1_234' title='bbox 1216 1865 1516 1934; x_wconf 84' lang='lat' dir='ltr'>excepturi</span> <span class='ocrx_word' id='word_1_235' title='bbox 1548 1863 1796 1919; x_wconf 88' lang='lat' dir='ltr'>Paulum</span> <span class='ocrx_word' id='word_1_236' title='bbox 1824 1881 1836 1918; x_wconf 92' lang='lat'><strong><em>:</em></strong></span> <span class='ocrx_word' id='word_1_237' title='bbox 1861 1865 1943 1919; x_wconf 90' lang='lat' dir='ltr'>ita</span> 
     </span>
    </p>
   </div>
   <div class='ocr_carea' id='block_1_35' title="bbox 2069 1851 3704 1953">
    <p class='ocr_par' dir='ltr' id='par_1_35' title="bbox 2069 1851 3704 1936">
     <span class='ocr_line' id='line_1_35' title="bbox 2069 1851 3704 1936; baseline -0.002 -24"><span class='ocrx_word' id='word_1_238' title='bbox 2069 1860 2119 1928; x_wconf 59' lang='grc' dir='ltr'>ἦν</span> <span class='ocrx_word' id='word_1_239' title='bbox 2157 1857 2598 1936; x_wconf 65' lang='grc' dir='ltr'>διατεταγμένος,</span> <span class='ocrx_word' id='word_1_240' title='bbox 2659 1858 2883 1932; x_wconf 85' lang='grc' dir='ltr'>μέλλων</span> <span class='ocrx_word' id='word_1_241' title='bbox 2953 1859 3112 1920; x_wconf 76' lang='grc' dir='ltr'>αὐτὸς</span> <span class='ocrx_word' id='word_1_242' title='bbox 3169 1857 3428 1928; x_wconf 82' lang='grc' dir='ltr'>πεζεύειν.</span> <span class='ocrx_word' id='word_1_243' title='bbox 3487 1856 3576 1916; x_wconf 80' lang='grc' dir='ltr'>Ὡς</span> <span class='ocrx_word' id='word_1_244' title='bbox 3646 1851 3704 1908; x_wconf 73' lang='grc' dir='ltr'>δὲ</span> 
     </span>
    </p>
   </div>
   <div class='ocr_carea' id='block_1_36' title="bbox 293 1951 1943 2022">
    <p class='ocr_par' dir='ltr' id='par_1_36' title="bbox 293 1951 1943 2022">
     <span class='ocr_line' id='line_1_36' title="bbox 293 1951 1943 2022; baseline 0.005 -21"><span class='ocrx_word' id='word_1_245' title='bbox 293 1974 321 2001; x_wconf 86' lang='grc'>‹‹</span> <span class='ocrx_word' id='word_1_246' title='bbox 357 1952 516 2007; x_wconf 88' lang='lat' dir='ltr'>enim</span> <span class='ocrx_word' id='word_1_247' title='bbox 540 1951 930 2006; x_wconf 81' lang='lat' dir='ltr'>constituerat</span> <span class='ocrx_word' id='word_1_248' title='bbox 971 1953 1118 2022; x_wconf 90' lang='lat' dir='ltr'>ipse,</span> <span class='ocrx_word' id='word_1_249' title='bbox 1152 1959 1310 2008; x_wconf 90' lang='lat' dir='ltr'>terra</span> <span class='ocrx_word' id='word_1_250' title='bbox 1340 1953 1453 2008; x_wconf 87' lang='lat' dir='ltr'>iter</span> <span class='ocrx_word' id='word_1_251' title='bbox 1482 1953 1764 2008; x_wconf 87' lang='lat' dir='ltr'>facturus.</span> <span class='ocrx_word' id='word_1_252' title='bbox 1798 1955 1943 2009; x_wconf 90' lang='lat' dir='ltr'>Cum</span> 
     </span>
    </p>
   </div>
   <div class='ocr_carea' id='block_1_37' title="bbox 303 2040 1946 2114">
    <p class='ocr_par' dir='ltr' id='par_1_37' title="bbox 303 2040 1946 2114">
     <span class='ocr_line' id='line_1_37' title="bbox 303 2040 1946 2114; baseline 0.001 -18"><span class='ocrx_word' id='word_1_253' title='bbox 303 2060 324 2088; x_wconf 77' lang='grc' dir='ltr'>ι</span> <span class='ocrx_word' id='word_1_254' title='bbox 356 2046 553 2096; x_wconf 89' lang='lat' dir='ltr'>autem</span> <span class='ocrx_word' id='word_1_255' title='bbox 593 2040 968 2096; x_wconf 84' lang='lat' dir='ltr'>convenisset</span> <span class='ocrx_word' id='word_1_256' title='bbox 1016 2041 1091 2096; x_wconf 90' lang='lat' dir='ltr'>ad</span> <span class='ocrx_word' id='word_1_257' title='bbox 1146 2059 1254 2096; x_wconf 91' lang='lat' dir='ltr'>nos</span> <span class='ocrx_word' id='word_1_258' title='bbox 1311 2045 1522 2109; x_wconf 80' lang='lat' dir='ltr'>Asson,</span> <span class='ocrx_word' id='word_1_259' title='bbox 1581 2049 1818 2114; x_wconf 90' lang='lat' dir='ltr'>recepto</span> <span class='ocrx_word' id='word_1_260' title='bbox 1877 2060 1946 2098; x_wconf 92' lang='lat' dir='ltr'>eo</span> 
     </span>
    </p>
   </div>
   <div class='ocr_carea' id='block_1_38' title="bbox 294 2129 1950 2203">
    <p class='ocr_par' dir='ltr' id='par_1_38' title="bbox 294 2129 1950 2203">
     <span class='ocr_line' id='line_1_38' title="bbox 294 2129 1950 2203; baseline 0.002 -20"><span class='ocrx_word' id='word_1_261' title='bbox 294 2152 323 2175; x_wconf 74' lang='grc' dir='ltr'>α</span> <span class='ocrx_word' id='word_1_262' title='bbox 357 2130 629 2185; x_wconf 89' lang='lat' dir='ltr'>venimus</span> <span class='ocrx_word' id='word_1_263' title='bbox 685 2129 1062 2200; x_wconf 87' lang='lat' dir='ltr'>Mitylenem:</span> <span class='ocrx_word' id='word_1_264' title='bbox 1137 2136 1195 2185; x_wconf 91' lang='lat' dir='ltr'>et</span> <span class='ocrx_word' id='word_1_265' title='bbox 1264 2131 1401 2186; x_wconf 90' lang='lat' dir='ltr'>inde</span> <span class='ocrx_word' id='word_1_266' title='bbox 1461 2131 1805 2203; x_wconf 83' lang='lat' dir='ltr'>navigantes</span> <span class='ocrx_word' id='word_1_267' title='bbox 1863 2149 1950 2186; x_wconf 91' lang='lat' dir='ltr'>se-</span> 
     </span>
    </p>
   </div>
   <div class='ocr_carea' id='block_1_39' title="bbox 296 2218 1950 2289">
    <p class='ocr_par' dir='ltr' id='par_1_39' title="bbox 296 2218 1950 2289">
     <span class='ocr_line' id='line_1_39' title="bbox 296 2218 1950 2289; baseline 0.003 -19"><span class='ocrx_word' id='word_1_268' title='bbox 296 2243 323 2270; x_wconf 83' lang='lat'><strong>«</strong></span> <span class='ocrx_word' id='word_1_269' title='bbox 361 2219 565 2289; x_wconf 87' lang='lat' dir='ltr'>quenti</span> <span class='ocrx_word' id='word_1_270' title='bbox 592 2218 686 2272; x_wconf 91' lang='lat' dir='ltr'>die</span> <span class='ocrx_word' id='word_1_271' title='bbox 715 2219 985 2273; x_wconf 87' lang='lat' dir='ltr'>venimus</span> <span class='ocrx_word' id='word_1_272' title='bbox 1007 2224 1214 2275; x_wconf 84' lang='lat' dir='ltr'>contra</span> <span class='ocrx_word' id='word_1_273' title='bbox 1233 2219 1463 2275; x_wconf 86' lang='lat' dir='ltr'>Chium.</span> <span class='ocrx_word' id='word_1_274' title='bbox 1489 2222 1782 2276; x_wconf 90' lang='lat' dir='ltr'>Postridie</span> <span class='ocrx_word' id='word_1_275' title='bbox 1813 2238 1950 2275; x_wconf 90' lang='lat' dir='ltr'>vero</span> 
     </span>
    </p>
   </div>
   <div class='ocr_carea' id='block_1_40' title="bbox 304 2305 1950 2382">
    <p class='ocr_par' dir='ltr' id='par_1_40' title="bbox 304 2305 1950 2382">
     <span class='ocr_line' id='line_1_40' title="bbox 304 2305 1950 2382; baseline 0.002 -24"><span class='ocrx_word' id='word_1_276' title='bbox 304 2330 331 2358; x_wconf 83' lang='lat'><strong>«</strong></span> <span class='ocrx_word' id='word_1_277' title='bbox 363 2307 706 2378; x_wconf 88' lang='lat' dir='ltr'>appulimus</span> <span class='ocrx_word' id='word_1_278' title='bbox 786 2305 1047 2373; x_wconf 86' lang='lat' dir='ltr'>Samum,</span> <span class='ocrx_word' id='word_1_279' title='bbox 1138 2313 1194 2362; x_wconf 92' lang='lat' dir='ltr'>et</span> <span class='ocrx_word' id='word_1_280' title='bbox 1248 2310 1597 2364; x_wconf 89' lang='lat' dir='ltr'>commorati</span> <span class='ocrx_word' id='word_1_281' title='bbox 1651 2308 1950 2382; x_wconf 85' lang='lat' dir='ltr'>Trogyllii,</span> 
     </span>
    </p>
   </div>
   <div class='ocr_carea' id='block_1_41' title="bbox 303 2395 1954 2468">
    <p class='ocr_par' dir='ltr' id='par_1_41' title="bbox 303 2395 1954 2468">
     <span class='ocr_line' id='line_1_41' title="bbox 303 2395 1954 2468; baseline 0.002 -19"><span class='ocrx_word' id='word_1_282' title='bbox 303 2419 331 2449; x_wconf 82' lang='grc'>‹‹</span> <span class='ocrx_word' id='word_1_283' title='bbox 355 2397 624 2468; x_wconf 84' lang='lat' dir='ltr'>proximo</span> <span class='ocrx_word' id='word_1_284' title='bbox 648 2395 743 2450; x_wconf 92' lang='lat' dir='ltr'>die</span> <span class='ocrx_word' id='word_1_285' title='bbox 775 2396 1042 2452; x_wconf 86' lang='lat' dir='ltr'>venimus</span> <span class='ocrx_word' id='word_1_286' title='bbox 1066 2396 1346 2452; x_wconf 87' lang='lat' dir='ltr'>Miletum.</span> <span class='ocrx_word' id='word_1_287' title='bbox 1379 2399 1774 2468; x_wconf 86' lang='lat' dir='ltr'>Proposuerat</span> <span class='ocrx_word' id='word_1_288' title='bbox 1795 2397 1954 2453; x_wconf 89' lang='lat' dir='ltr'>enim</span> 
     </span>
    </p>
   </div>
   <div class='ocr_carea' id='block_1_42' title="bbox 302 2484 1958 2556">
    <p class='ocr_par' dir='ltr' id='par_1_42' title="bbox 302 2484 1958 2556">
     <span class='ocr_line' id='line_1_42' title="bbox 302 2484 1958 2556; baseline 0.001 -17"><span class='ocrx_word' id='word_1_289' title='bbox 302 2518 329 2545; x_wconf 66' lang='grc' dir='ltr'>(ι</span> <span class='ocrx_word' id='word_1_290' title='bbox 366 2484 583 2540; x_wconf 86' lang='lat' dir='ltr'>Paulus</span> <span class='ocrx_word' id='word_1_291' title='bbox 615 2486 1106 2556; x_wconf 78' lang='lat' dir='ltr'>praeternavigare</span> <span class='ocrx_word' id='word_1_292' title='bbox 1136 2487 1455 2556; x_wconf 87' lang='lat' dir='ltr'>Ephesum.</span> <span class='ocrx_word' id='word_1_293' title='bbox 1480 2503 1554 2542; x_wconf 90' lang='lat' dir='ltr'>ne</span> <span class='ocrx_word' id='word_1_294' title='bbox 1586 2503 1958 2542; x_wconf 88' lang='lat' dir='ltr'>commoran-</span> 
     </span>
    </p>
   </div>
   <div class='ocr_carea' id='block_1_43' title="bbox 303 2573 1956 2648">
    <p class='ocr_par' dir='ltr' id='par_1_43' title="bbox 303 2573 1956 2648">
     <span class='ocr_line' id='line_1_43' title="bbox 303 2573 1956 2648; baseline 0.002 -20"><span class='ocrx_word' id='word_1_295' title='bbox 303 2593 330 2620; x_wconf 83' lang='lat'><strong>«</strong></span> <span class='ocrx_word' id='word_1_296' title='bbox 365 2574 506 2628; x_wconf 88' lang='lat' dir='ltr'>dum</span> <span class='ocrx_word' id='word_1_297' title='bbox 541 2574 592 2627; x_wconf 86' lang='lat' dir='ltr'>ei</span> <span class='ocrx_word' id='word_1_298' title='bbox 622 2578 778 2628; x_wconf 90' lang='lat' dir='ltr'>esset</span> <span class='ocrx_word' id='word_1_299' title='bbox 807 2573 869 2628; x_wconf 92' lang='lat' dir='ltr'>in</span> <span class='ocrx_word' id='word_1_300' title='bbox 900 2574 1056 2628; x_wconf 79' lang='lat' dir='ltr'>Asia.</span> <span class='ocrx_word' id='word_1_301' title='bbox 1091 2575 1431 2630; x_wconf 86' lang='lat' dir='ltr'>Festinabat</span> <span class='ocrx_word' id='word_1_302' title='bbox 1460 2577 1619 2632; x_wconf 90' lang='lat' dir='ltr'>enim</span> <span class='ocrx_word' id='word_1_303' title='bbox 1651 2583 1717 2632; x_wconf 90' lang='lat' dir='ltr'>ut</span> <span class='ocrx_word' id='word_1_304' title='bbox 1743 2577 1790 2631; x_wconf 91' lang='lat' dir='ltr'>si</span> <span class='ocrx_word' id='word_1_305' title='bbox 1819 2594 1956 2648; x_wconf 87' lang='lat' dir='ltr'>pos-</span> 
     </span>
    </p>
   </div>
   <div class='ocr_carea' id='block_1_44' title="bbox 307 2662 1958 2738">
    <p class='ocr_par' dir='ltr' id='par_1_44' title="bbox 307 2662 1958 2738">
     <span class='ocr_line' id='line_1_44' title="bbox 307 2662 1958 2738; baseline 0.003 -23"><span class='ocrx_word' id='word_1_306' title='bbox 307 2685 331 2715; x_wconf 75' lang='grc' dir='ltr'>(ι</span> <span class='ocrx_word' id='word_1_307' title='bbox 363 2663 534 2719; x_wconf 87' lang='lat' dir='ltr'>sibile</span> <span class='ocrx_word' id='word_1_308' title='bbox 558 2662 669 2717; x_wconf 89' lang='lat' dir='ltr'>sibi</span> <span class='ocrx_word' id='word_1_309' title='bbox 703 2668 878 2731; x_wconf 90' lang='lat' dir='ltr'>esset,</span> <span class='ocrx_word' id='word_1_310' title='bbox 910 2663 1067 2719; x_wconf 88' lang='lat' dir='ltr'>diem</span> <span class='ocrx_word' id='word_1_311' title='bbox 1097 2664 1474 2720; x_wconf 90' lang='lat' dir='ltr'>Pentecostes</span> <span class='ocrx_word' id='word_1_312' title='bbox 1505 2671 1704 2738; x_wconf 79' lang='lat' dir='ltr'>ageret</span> <span class='ocrx_word' id='word_1_313' title='bbox 1725 2667 1958 2722; x_wconf 85' lang='lat' dir='ltr'>Jeroso-</span> 
     </span>
    </p>
   </div>
   <div class='ocr_carea' id='block_1_45' title="bbox 313 2754 634 2825">
    <p class='ocr_par' dir='ltr' id='par_1_45' title="bbox 313 2754 634 2825">
     <span class='ocr_line' id='line_1_45' title="bbox 313 2754 634 2825; baseline 0.006 -17"><span class='ocrx_word' id='word_1_314' title='bbox 313 2776 335 2804; x_wconf 73' lang='grc' dir='ltr'>α</span> <span class='ocrx_word' id='word_1_315' title='bbox 372 2754 568 2825; x_wconf 89' lang='lat' dir='ltr'>lymis.</span> <span class='ocrx_word' id='word_1_316' title='bbox 607 2777 634 2802; x_wconf 87' lang='lat'>»</span> 
     </span>
    </p>
   </div>
   <div class='ocr_carea' id='block_1_46' title="bbox 383 2843 1964 2902">
    <p class='ocr_par' dir='ltr' id='par_1_46' title="bbox 383 2843 1964 2902">
     <span class='ocr_line' id='line_1_46' title="bbox 383 2843 1964 2902; baseline 0.003 -5"><span class='ocrx_word' id='word_1_317' title='bbox 383 2846 419 2897; x_wconf 86' lang='grc'><strong>1</strong></span> <span class='ocrx_word' id='word_1_318' title='bbox 435 2845 538 2900; x_wconf 76' lang='lat'>50</span> <span class='ocrx_word' id='word_1_319' title='bbox 559 2865 586 2893; x_wconf 89' lang='lat'><strong>«</strong></span> <span class='ocrx_word' id='word_1_320' title='bbox 607 2843 778 2898; x_wconf 90' lang='lat' dir='ltr'>Caius</span> <span class='ocrx_word' id='word_1_321' title='bbox 791 2843 1067 2899; x_wconf 65' lang='lat' dir='ltr'>Derbaeus</span> <span class='ocrx_word' id='word_1_322' title='bbox 1084 2861 1154 2900; x_wconf 89' lang='lat' dir='ltr'>ac</span> <span class='ocrx_word' id='word_1_323' title='bbox 1164 2845 1523 2902; x_wconf 89' lang='lat' dir='ltr'>Timotheus.</span> <span class='ocrx_word' id='word_1_324' title='bbox 1552 2868 1579 2896; x_wconf 85' lang='lat'>»</span> <span class='ocrx_word' id='word_1_325' title='bbox 1602 2848 1964 2902; x_wconf 69' lang='lat' dir='ltr'>Casterorum</span> 
     </span>
    </p>
   </div>
   <div class='ocr_carea' id='block_1_47' title="bbox 311 2932 1964 3007">
    <p class='ocr_par' dir='ltr' id='par_1_47' title="bbox 311 2932 1964 3007">
     <span class='ocr_line' id='line_1_47' title="bbox 311 2932 1964 3007; baseline 0.001 -19"><span class='ocrx_word' id='word_1_326' title='bbox 311 2932 552 3002; x_wconf 91' lang='lat' dir='ltr'>quidem</span> <span class='ocrx_word' id='word_1_327' title='bbox 585 2933 805 3004; x_wconf 89' lang='lat' dir='ltr'>patrias</span> <span class='ocrx_word' id='word_1_328' title='bbox 833 2934 990 2988; x_wconf 92' lang='lat' dir='ltr'>unde</span> <span class='ocrx_word' id='word_1_329' title='bbox 1021 2937 1134 2989; x_wconf 89' lang='lat' dir='ltr'>orti</span> <span class='ocrx_word' id='word_1_330' title='bbox 1169 2941 1337 2990; x_wconf 88' lang='lat' dir='ltr'>erant</span> <span class='ocrx_word' id='word_1_331' title='bbox 1368 2937 1667 3007; x_wconf 86' lang='lat' dir='ltr'>exprimit,</span> <span class='ocrx_word' id='word_1_332' title='bbox 1701 2937 1964 2992; x_wconf 89' lang='lat' dir='ltr'>notiores</span> 
     </span>
    </p>
   </div>
   <div class='ocr_carea' id='block_1_48' title="bbox 312 3023 1964 3082">
    <p class='ocr_par' dir='ltr' id='par_1_48' title="bbox 312 3023 1964 3082">
     <span class='ocr_line' id='line_1_48' title="bbox 312 3023 1964 3082; baseline 0.001 -4"><span class='ocrx_word' id='word_1_333' title='bbox 312 3040 413 3078; x_wconf 89' lang='lat' dir='ltr'>eos</span> <span class='ocrx_word' id='word_1_334' title='bbox 444 3023 701 3078; x_wconf 88' lang='lat' dir='ltr'>reddens</span> <span class='ocrx_word' id='word_1_335' title='bbox 737 3039 749 3076; x_wconf 87' lang='lat'><strong>:</strong></span> <span class='ocrx_word' id='word_1_336' title='bbox 782 3023 841 3078; x_wconf 90' lang='lat' dir='ltr'>in</span> <span class='ocrx_word' id='word_1_337' title='bbox 873 3024 1180 3080; x_wconf 89' lang='lat' dir='ltr'>Timotheo</span> <span class='ocrx_word' id='word_1_338' title='bbox 1209 3042 1344 3080; x_wconf 83' lang='lat' dir='ltr'>vero</span> <span class='ocrx_word' id='word_1_339' title='bbox 1377 3027 1503 3081; x_wconf 91' lang='lat' dir='ltr'>solo</span> <span class='ocrx_word' id='word_1_340' title='bbox 1546 3027 1790 3082; x_wconf 91' lang='lat' dir='ltr'>nomine</span> <span class='ocrx_word' id='word_1_341' title='bbox 1822 3042 1964 3080; x_wconf 88' lang='lat' dir='ltr'>con-</span> 
     </span>
    </p>
   </div>
   <div class='ocr_carea' id='block_1_49' title="bbox 314 3113 1968 3184">
    <p class='ocr_par' dir='ltr' id='par_1_49' title="bbox 314 3113 1968 3184">
     <span class='ocr_line' id='line_1_49' title="bbox 314 3113 1968 3184; baseline 0.002 -18"><span class='ocrx_word' id='word_1_342' title='bbox 314 3118 515 3168; x_wconf 90' lang='lat' dir='ltr'>tentus</span> <span class='ocrx_word' id='word_1_343' title='bbox 547 3118 655 3179; x_wconf 90' lang='lat' dir='ltr'>est,</span> <span class='ocrx_word' id='word_1_344' title='bbox 691 3113 848 3184; x_wconf 89' lang='lat' dir='ltr'>quod</span> <span class='ocrx_word' id='word_1_345' title='bbox 881 3113 977 3168; x_wconf 90' lang='lat' dir='ltr'>hic</span> <span class='ocrx_word' id='word_1_346' title='bbox 1008 3131 1041 3168; x_wconf 90' lang='lat' dir='ltr'>a</span> <span class='ocrx_word' id='word_1_347' title='bbox 1073 3115 1195 3169; x_wconf 87' lang='lat' dir='ltr'>suis</span> <span class='ocrx_word' id='word_1_348' title='bbox 1230 3115 1494 3170; x_wconf 90' lang='lat' dir='ltr'>moribus</span> <span class='ocrx_word' id='word_1_349' title='bbox 1519 3123 1575 3170; x_wconf 90' lang='lat' dir='ltr'>et</span> <span class='ocrx_word' id='word_1_350' title='bbox 1604 3116 1818 3173; x_wconf 89' lang='lat' dir='ltr'>virtute</span> <span class='ocrx_word' id='word_1_351' title='bbox 1851 3115 1968 3170; x_wconf 85' lang='lat' dir='ltr'>suf-</span> 
     </span>
    </p>
   </div>
   <div class='ocr_carea' id='block_1_50' title="bbox 314 3201 1963 3277">
    <p class='ocr_par' dir='ltr' id='par_1_50' title="bbox 314 3201 1963 3277">
     <span class='ocr_line' id='line_1_50' title="bbox 314 3201 1963 3277; baseline 0.002 -20"><span class='ocrx_word' id='word_1_352' title='bbox 314 3203 521 3257; x_wconf 81' lang='lat' dir='ltr'>ficiens</span> <span class='ocrx_word' id='word_1_353' title='bbox 580 3201 824 3257; x_wconf 84' lang='lat' dir='ltr'>haberet</span> <span class='ocrx_word' id='word_1_354' title='bbox 877 3203 1234 3276; x_wconf 78' lang='lat' dir='ltr'>cognitionis</span> <span class='ocrx_word' id='word_1_355' title='bbox 1294 3204 1630 3271; x_wconf 87' lang='lat' dir='ltr'>indicium;</span> <span class='ocrx_word' id='word_1_356' title='bbox 1692 3212 1750 3259; x_wconf 90' lang='lat' dir='ltr'>et</span> <span class='ocrx_word' id='word_1_357' title='bbox 1806 3205 1963 3277; x_wconf 90' lang='lat' dir='ltr'>quod</span> 
     </span>
    </p>
   </div>
   <div class='ocr_carea' id='block_1_51' title="bbox 2055 1941 3706 2022">
    <p class='ocr_par' dir='ltr' id='par_1_51' title="bbox 2055 1941 3706 2022">
     <span class='ocr_line' id='line_1_51' title="bbox 2055 1941 3706 2022; baseline -0.003 -18"><span class='ocrx_word' id='word_1_358' title='bbox 2055 1945 2339 2004; x_wconf 83' lang='grc' dir='ltr'>συνέϐαλεν</span> <span class='ocrx_word' id='word_1_359' title='bbox 2425 1951 2560 2022; x_wconf 73' lang='grc' dir='ltr'>ἡμῖν</span> <span class='ocrx_word' id='word_1_360' title='bbox 2627 1950 2702 2012; x_wconf 73' lang='grc' dir='ltr'>εἷς</span> <span class='ocrx_word' id='word_1_361' title='bbox 2751 1951 2850 2018; x_wconf 80' lang='grc' dir='ltr'>τήν</span> <span class='ocrx_word' id='word_1_362' title='bbox 2906 1951 3129 2018; x_wconf 80' lang='grc' dir='ltr'>Ἀσσον,</span> <span class='ocrx_word' id='word_1_363' title='bbox 3183 1941 3546 2008; x_wconf 84' lang='grc' dir='ltr'>ἀναλαϐόντες</span> <span class='ocrx_word' id='word_1_364' title='bbox 3605 1944 3706 1999; x_wconf 83' lang='grc' dir='ltr'>αύ-</span> 
     </span>
    </p>
   </div>
   <div class='ocr_carea' id='block_1_52' title="bbox 2053 2031 3706 2112">
    <p class='ocr_par' dir='ltr' id='par_1_52' title="bbox 2053 2031 3706 2112">
     <span class='ocr_line' id='line_1_52' title="bbox 2053 2031 3706 2112; baseline -0.004 -18"><span class='ocrx_word' id='word_1_365' title='bbox 2053 2039 2168 2108; x_wconf 87' lang='grc' dir='ltr'>τὸν,</span> <span class='ocrx_word' id='word_1_366' title='bbox 2227 2037 2472 2112; x_wconf 74' lang='grc' dir='ltr'>ἤλθομεν</span> <span class='ocrx_word' id='word_1_367' title='bbox 2539 2039 2616 2101; x_wconf 83' lang='grc' dir='ltr'>εἰς</span> <span class='ocrx_word' id='word_1_368' title='bbox 2701 2038 3044 2109; x_wconf 60' lang='grc' dir='ltr'>Μιτυλήνην</span> <span class='ocrx_word' id='word_1_369' title='bbox 3123 2038 3367 2100; x_wconf 77' lang='grc' dir='ltr'>κάκεῖθεν</span> <span class='ocrx_word' id='word_1_370' title='bbox 3426 2031 3706 2090; x_wconf 86' lang='grc' dir='ltr'>ἀποπλεύ-</span> 
     </span>
    </p>
   </div>
   <div class='ocr_carea' id='block_1_53' title="bbox 2058 2121 3709 2203">
    <p class='ocr_par' dir='ltr' id='par_1_53' title="bbox 2058 2121 3709 2203">
     <span class='ocr_line' id='line_1_53' title="bbox 2058 2121 3709 2203; baseline -0.004 -21"><span class='ocrx_word' id='word_1_371' title='bbox 2058 2149 2261 2197; x_wconf 78' lang='grc' dir='ltr'>σαντες,</span> <span class='ocrx_word' id='word_1_372' title='bbox 2315 2129 2384 2198; x_wconf 78' lang='grc' dir='ltr'>τῇ</span> <span class='ocrx_word' id='word_1_373' title='bbox 2467 2127 2694 2203; x_wconf 74' lang='grc' dir='ltr'>ἐπιούσῃ</span> <span class='ocrx_word' id='word_1_374' title='bbox 2780 2129 3196 2201; x_wconf 82' lang='grc' dir='ltr'>κατηντήσαμεν</span> <span class='ocrx_word' id='word_1_375' title='bbox 3274 2123 3494 2198; x_wconf 79' lang='grc' dir='ltr'>ἄντῖκρυ</span> <span class='ocrx_word' id='word_1_376' title='bbox 3553 2121 3709 2177; x_wconf 79' lang='grc' dir='ltr'>Χίου,</span> 
     </span>
    </p>
   </div>
   <div class='ocr_carea' id='block_1_54' title="bbox 2061 2212 3713 2293">
    <p class='ocr_par' dir='ltr' id='par_1_54' title="bbox 2061 2212 3713 2293">
     <span class='ocr_line' id='line_1_54' title="bbox 2061 2212 3713 2293; baseline -0.005 -19"><span class='ocrx_word' id='word_1_377' title='bbox 2061 2219 2146 2291; x_wconf 81' lang='grc' dir='ltr'>Τῇ</span> <span class='ocrx_word' id='word_1_378' title='bbox 2201 2214 2258 2272; x_wconf 65' lang='grc' dir='ltr'>δὲ</span> <span class='ocrx_word' id='word_1_379' title='bbox 2336 2215 2490 2292; x_wconf 71' lang='grc' dir='ltr'>ἑτέρᾳ</span> <span class='ocrx_word' id='word_1_380' title='bbox 2544 2213 2930 2293; x_wconf 73' lang='grc' dir='ltr'>παρεϐάλομεν</span> <span class='ocrx_word' id='word_1_381' title='bbox 2992 2216 3069 2280; x_wconf 76' lang='grc' dir='ltr'>εἷς</span> <span class='ocrx_word' id='word_1_382' title='bbox 3153 2216 3358 2288; x_wconf 71' lang='grc' dir='ltr'>Σάμοψ</span> <span class='ocrx_word' id='word_1_383' title='bbox 3443 2224 3533 2268; x_wconf 79' lang='grc' dir='ltr'>καί</span> <span class='ocrx_word' id='word_1_384' title='bbox 3589 2212 3713 2284; x_wconf 76' lang='grc' dir='ltr'>μεί-</span> 
     </span>
    </p>
   </div>
   <div class='ocr_carea' id='block_1_55' title="bbox 2061 2299 3714 2383">
    <p class='ocr_par' dir='ltr' id='par_1_55' title="bbox 2061 2299 3714 2383">
     <span class='ocr_line' id='line_1_55' title="bbox 2061 2299 3714 2383; baseline -0.003 -23"><span class='ocrx_word' id='word_1_385' title='bbox 2061 2327 2245 2368; x_wconf 87' lang='grc' dir='ltr'>ναντες</span> <span class='ocrx_word' id='word_1_386' title='bbox 2306 2306 2356 2360; x_wconf 86' lang='grc' dir='ltr'>έν</span> <span class='ocrx_word' id='word_1_387' title='bbox 2425 2304 2781 2383; x_wconf 79' lang='grc' dir='ltr'>Τρωγυλλίῳ</span> <span class='ocrx_word' id='word_1_388' title='bbox 2815 2349 2829 2376; x_wconf 89' lang='grc'>,</span> <span class='ocrx_word' id='word_1_389' title='bbox 2886 2309 2955 2380; x_wconf 78' lang='grc' dir='ltr'>τῇ</span> <span class='ocrx_word' id='word_1_390' title='bbox 3023 2303 3272 2381; x_wconf 79' lang='grc' dir='ltr'>ἐχομένῃ</span> <span class='ocrx_word' id='word_1_391' title='bbox 3327 2301 3580 2375; x_wconf 71' lang='grc' dir='ltr'>ἤλθομεν</span> <span class='ocrx_word' id='word_1_392' title='bbox 3635 2299 3714 2361; x_wconf 79' lang='grc' dir='ltr'>εἷς</span> 
     </span>
    </p>
   </div>
   <div class='ocr_carea' id='block_1_56' title="bbox 2065 2390 3720 2471">
    <p class='ocr_par' dir='ltr' id='par_1_56' title="bbox 2065 2390 3720 2471">
     <span class='ocr_line' id='line_1_56' title="bbox 2065 2390 3720 2471; baseline -0.005 -20"><span class='ocrx_word' id='word_1_393' title='bbox 2065 2394 2334 2466; x_wconf 80' lang='grc' dir='ltr'>Μίλητον.</span> <span class='ocrx_word' id='word_1_394' title='bbox 2386 2398 2606 2471; x_wconf 86' lang='grc' dir='ltr'>’Έκρινε</span> <span class='ocrx_word' id='word_1_395' title='bbox 2663 2397 2765 2471; x_wconf 82' lang='grc' dir='ltr'>γὰρ</span> <span class='ocrx_word' id='word_1_396' title='bbox 2824 2397 2853 2450; x_wconf 83' lang='grc' dir='ltr'>ὁ</span> <span class='ocrx_word' id='word_1_397' title='bbox 2903 2393 3121 2457; x_wconf 72' lang='grc' dir='ltr'>Παῦλος</span> <span class='ocrx_word' id='word_1_398' title='bbox 3180 2391 3559 2465; x_wconf 76' lang='grc' dir='ltr'>παραπλεῦσαι</span> <span class='ocrx_word' id='word_1_399' title='bbox 3617 2390 3720 2458; x_wconf 81' lang='grc' dir='ltr'>τήν</span> 
     </span>
    </p>
   </div>
   <div class='ocr_carea' id='block_1_57' title="bbox 2064 2473 3723 2559">
    <p class='ocr_par' dir='ltr' id='par_1_57' title="bbox 2064 2473 3723 2559">
     <span class='ocr_line' id='line_1_57' title="bbox 2064 2473 3723 2559; baseline -0.004 -19"><span class='ocrx_word' id='word_1_400' title='bbox 2064 2487 2316 2556; x_wconf 72' lang='grc' dir='ltr'>Ἔφεσον,</span> <span class='ocrx_word' id='word_1_401' title='bbox 2349 2483 2498 2546; x_wconf 79' lang='grc' dir='ltr'>ὅπως</span> <span class='ocrx_word' id='word_1_402' title='bbox 2549 2487 2622 2557; x_wconf 75' lang='grc' dir='ltr'>μὴ</span> <span class='ocrx_word' id='word_1_403' title='bbox 2690 2485 2913 2558; x_wconf 87' lang='grc' dir='ltr'>γένηται</span> <span class='ocrx_word' id='word_1_404' title='bbox 2971 2484 3118 2556; x_wconf 81' lang='grc' dir='ltr'>αὐτῷ</span> <span class='ocrx_word' id='word_1_405' title='bbox 3178 2477 3610 2559; x_wconf 84' lang='grc' dir='ltr'>χρονοτριϐῆσαι</span> <span class='ocrx_word' id='word_1_406' title='bbox 3669 2473 3723 2533; x_wconf 76' lang='grc' dir='ltr'>ἕν</span> 
     </span>
    </p>
   </div>
   <div class='ocr_carea' id='block_1_58' title="bbox 2066 2570 3723 2649">
    <p class='ocr_par' dir='ltr' id='par_1_58' title="bbox 2066 2570 3723 2649">
     <span class='ocr_line' id='line_1_58' title="bbox 2066 2570 3723 2649; baseline -0.006 -19"><span class='ocrx_word' id='word_1_407' title='bbox 2066 2579 2134 2648; x_wconf 76' lang='grc' dir='ltr'>τῇ</span> <span class='ocrx_word' id='word_1_408' title='bbox 2169 2575 2342 2646; x_wconf 77' lang='grc' dir='ltr'>Ἀσίᾳ.</span> <span class='ocrx_word' id='word_1_409' title='bbox 2378 2571 2665 2643; x_wconf 85' lang='grc' dir='ltr'>Ἔσπευδε,</span> <span class='ocrx_word' id='word_1_410' title='bbox 2717 2575 2818 2649; x_wconf 69' lang='grc' dir='ltr'>γὰρ</span> <span class='ocrx_word' id='word_1_411' title='bbox 2879 2574 2924 2629; x_wconf 85' lang='grc' dir='ltr'>εἰ</span> <span class='ocrx_word' id='word_1_412' title='bbox 2986 2572 3209 2628; x_wconf 83' lang='grc' dir='ltr'>δυνατὸν</span> <span class='ocrx_word' id='word_1_413' title='bbox 3267 2573 3333 2641; x_wconf 79' lang='grc' dir='ltr'>ἦν</span> <span class='ocrx_word' id='word_1_414' title='bbox 3394 2570 3568 2641; x_wconf 77' lang='grc' dir='ltr'>αὐτῷ,</span> <span class='ocrx_word' id='word_1_415' title='bbox 3619 2570 3723 2638; x_wconf 79' lang='grc' dir='ltr'>τὴν</span> 
     </span>
    </p>
   </div>
   <div class='ocr_carea' id='block_1_59' title="bbox 2067 2659 3726 2739">
    <p class='ocr_par' dir='ltr' id='par_1_59' title="bbox 2067 2659 3726 2739">
     <span class='ocr_line' id='line_1_59' title="bbox 2067 2659 3726 2739; baseline -0.004 -21"><span class='ocrx_word' id='word_1_416' title='bbox 2067 2666 2275 2739; x_wconf 78' lang='grc' dir='ltr'>ἡμέραν</span> <span class='ocrx_word' id='word_1_417' title='bbox 2359 2671 2460 2733; x_wconf 77' lang='grc' dir='ltr'>τῆς</span> <span class='ocrx_word' id='word_1_418' title='bbox 2547 2669 2926 2733; x_wconf 79' lang='grc' dir='ltr'>Πεντηκοστῆς</span> <span class='ocrx_word' id='word_1_419' title='bbox 3008 2665 3255 2739; x_wconf 82' lang='grc' dir='ltr'>γενέσθαι</span> <span class='ocrx_word' id='word_1_420' title='bbox 3335 2660 3411 2722; x_wconf 78' lang='grc' dir='ltr'>εἷς</span> <span class='ocrx_word' id='word_1_421' title='bbox 3487 2659 3726 2734; x_wconf 84' lang='grc' dir='ltr'>Ἱεροσό-</span> 
     </span>
    </p>
   </div>
   <div class='ocr_carea' id='block_1_60' title="bbox 2069 2754 2303 2828">
    <p class='ocr_par' dir='ltr' id='par_1_60' title="bbox 2069 2754 2303 2828">
     <span class='ocr_line' id='line_1_60' title="bbox 2069 2754 2303 2828; baseline -0.017 -18"><span class='ocrx_word' id='word_1_422' title='bbox 2069 2754 2303 2828; x_wconf 77' lang='grc' dir='ltr'>λυμα.»</span> 
     </span>
    </p>
   </div>
   <div class='ocr_carea' id='block_1_61' title="bbox 2141 2835 3718 2917">
    <p class='ocr_par' dir='ltr' id='par_1_61' title="bbox 2141 2835 3718 2917">
     <span class='ocr_line' id='line_1_61' title="bbox 2141 2835 3718 2917; baseline -0.003 -21"><span class='ocrx_word' id='word_1_423' title='bbox 2141 2869 2169 2896; x_wconf 89' lang='grc'>‹‹</span> <span class='ocrx_word' id='word_1_424' title='bbox 2203 2844 2363 2906; x_wconf 82' lang='grc' dir='ltr'>Γάῖος</span> <span class='ocrx_word' id='word_1_425' title='bbox 2397 2839 2654 2916; x_wconf 84' lang='grc' dir='ltr'>Δερϐαῖος</span> <span class='ocrx_word' id='word_1_426' title='bbox 2687 2844 2776 2898; x_wconf 87' lang='grc' dir='ltr'>καὶ</span> <span class='ocrx_word' id='word_1_427' title='bbox 2802 2843 3098 2917; x_wconf 81' lang='grc' dir='ltr'>Τιμόθεος.</span> <span class='ocrx_word' id='word_1_428' title='bbox 3136 2866 3164 2892; x_wconf 84' lang='lat'><strong>»</strong></span> <span class='ocrx_word' id='word_1_429' title='bbox 3194 2843 3317 2898; x_wconf 80' lang='grc' dir='ltr'>Τῶν</span> <span class='ocrx_word' id='word_1_430' title='bbox 3374 2840 3468 2913; x_wconf 73' lang='grc' dir='ltr'>μὲν</span> <span class='ocrx_word' id='word_1_431' title='bbox 3531 2835 3718 2893; x_wconf 81' lang='grc' dir='ltr'>ἄλλων</span> 
     </span>
    </p>
   </div>
   <div class='ocr_carea' id='block_1_62' title="bbox 2069 2927 3722 3008">
    <p class='ocr_par' dir='ltr' id='par_1_62' title="bbox 2069 2927 3722 3008">
     <span class='ocr_line' id='line_1_62' title="bbox 2069 2927 3722 3008; baseline -0.005 -19"><span class='ocrx_word' id='word_1_432' title='bbox 2069 2934 2288 2995; x_wconf 73' lang='grc' dir='ltr'>καὶτὰς</span> <span class='ocrx_word' id='word_1_433' title='bbox 2331 2931 2597 3007; x_wconf 81' lang='grc' dir='ltr'>πατρίδας</span> <span class='ocrx_word' id='word_1_434' title='bbox 2657 2932 2828 3008; x_wconf 79' lang='grc' dir='ltr'>λέγεὶ,</span> <span class='ocrx_word' id='word_1_435' title='bbox 2863 2931 3004 2986; x_wconf 66' lang='grc' dir='ltr'>’ὅθεν</span> <span class='ocrx_word' id='word_1_436' title='bbox 3055 2933 3216 3000; x_wconf 81' lang='grc' dir='ltr'>ἦσαν,</span> <span class='ocrx_word' id='word_1_437' title='bbox 3267 2927 3722 3006; x_wconf 58' lang='grc' dir='ltr'>γνωριμωτέρους</span> 
     </span>
    </p>
   </div>
   <div class='ocr_carea' id='block_1_63' title="bbox 2071 3019 3724 3096">
    <p class='ocr_par' dir='ltr' id='par_1_63' title="bbox 2071 3019 3724 3096">
     <span class='ocr_line' id='line_1_63' title="bbox 2071 3019 3724 3096; baseline -0.004 -17"><span class='ocrx_word' id='word_1_438' title='bbox 2071 3022 2304 3087; x_wconf 78' lang='grc' dir='ltr'>ἐντεῦθεν</span> <span class='ocrx_word' id='word_1_439' title='bbox 2336 3027 2537 3078; x_wconf 83' lang='grc' dir='ltr'>ποιῶν.</span> <span class='ocrx_word' id='word_1_440' title='bbox 2595 3023 2717 3078; x_wconf 82' lang='grc' dir='ltr'>Ἐπὶ</span> <span class='ocrx_word' id='word_1_441' title='bbox 2754 3019 2810 3076; x_wconf 70' lang='grc' dir='ltr'>δὲ</span> <span class='ocrx_word' id='word_1_442' title='bbox 2841 3021 3097 3093; x_wconf 86' lang='grc' dir='ltr'>Τιμοθέῳ</span> <span class='ocrx_word' id='word_1_443' title='bbox 3128 3021 3366 3096; x_wconf 71' lang='grc' dir='ltr'>ἠρκέσθη</span> <span class='ocrx_word' id='word_1_444' title='bbox 3433 3019 3586 3092; x_wconf 83' lang='grc' dir='ltr'>μόνῳ</span> <span class='ocrx_word' id='word_1_445' title='bbox 3643 3021 3724 3088; x_wconf 75' lang='grc' dir='ltr'>τῷ</span> 
     </span>
    </p>
   </div>
   <div class='ocr_carea' id='block_1_64' title="bbox 2073 3107 3726 3185">
    <p class='ocr_par' dir='ltr' id='par_1_64' title="bbox 2073 3107 3726 3185">
     <span class='ocr_line' id='line_1_64' title="bbox 2073 3107 3726 3185; baseline -0.005 -17"><span class='ocrx_word' id='word_1_446' title='bbox 2073 3114 2325 3185; x_wconf 83' lang='grc' dir='ltr'>ὀνόματι,</span> <span class='ocrx_word' id='word_1_447' title='bbox 2356 3113 2442 3168; x_wconf 87' lang='grc' dir='ltr'>’ὁτι</span> <span class='ocrx_word' id='word_1_448' title='bbox 2472 3132 2531 3167; x_wconf 89' lang='grc' dir='ltr'>τε</span> <span class='ocrx_word' id='word_1_449' title='bbox 2561 3110 2718 3173; x_wconf 77' lang='grc' dir='ltr'>αὐτὸς</span> <span class='ocrx_word' id='word_1_450' title='bbox 2750 3110 2810 3166; x_wconf 79' lang='grc' dir='ltr'>ἐκ</span> <span class='ocrx_word' id='word_1_451' title='bbox 2836 3117 2945 3166; x_wconf 79' lang='grc' dir='ltr'>τῶν</span> <span class='ocrx_word' id='word_1_452' title='bbox 2975 3111 3142 3166; x_wconf 79' lang='grc' dir='ltr'>αὐτοῦ</span> <span class='ocrx_word' id='word_1_453' title='bbox 3197 3110 3416 3185; x_wconf 88' lang='grc' dir='ltr'>τρόπων</span> <span class='ocrx_word' id='word_1_454' title='bbox 3479 3107 3566 3162; x_wconf 79' lang='grc' dir='ltr'>καὶ</span> <span class='ocrx_word' id='word_1_455' title='bbox 3618 3112 3726 3174; x_wconf 84' lang='grc' dir='ltr'>τῆς</span> 
     </span>
    </p>
   </div>
   <div class='ocr_carea' id='block_1_65' title="bbox 2073 3195 3722 3280">
    <p class='ocr_par' dir='ltr' id='par_1_65' title="bbox 2073 3195 3722 3280">
     <span class='ocr_line' id='line_1_65' title="bbox 2073 3195 3722 3280; baseline -0.007 -20"><span class='ocrx_word' id='word_1_456' title='bbox 2073 3205 2274 3280; x_wconf 82' lang='grc' dir='ltr'>ἀρετῆς</span> <span class='ocrx_word' id='word_1_457' title='bbox 2307 3204 2530 3276; x_wconf 69' lang='grc' dir='ltr'>ἐξαρκοῖ)</span> <span class='ocrx_word' id='word_1_458' title='bbox 2561 3203 2685 3278; x_wconf 83' lang='grc' dir='ltr'>εἶχε</span> <span class='ocrx_word' id='word_1_459' title='bbox 2735 3203 2799 3257; x_wconf 84' lang='grc' dir='ltr'>τὸ</span> <span class='ocrx_word' id='word_1_460' title='bbox 2853 3204 3157 3279; x_wconf 85' lang='grc' dir='ltr'>γνώρισμα,</span> <span class='ocrx_word' id='word_1_461' title='bbox 3189 3200 3277 3256; x_wconf 77' lang='grc' dir='ltr'>καὶ</span> <span class='ocrx_word' id='word_1_462' title='bbox 3323 3199 3406 3254; x_wconf 75' lang='grc' dir='ltr'>ὅτι</span> <span class='ocrx_word' id='word_1_463' title='bbox 3473 3198 3561 3252; x_wconf 82' lang='grc' dir='ltr'>καὶ</span> <span class='ocrx_word' id='word_1_464' title='bbox 3595 3195 3722 3270; x_wconf 82' lang='grc' dir='ltr'>πρὶν</span> 
     </span>
    </p>
   </div>
   <div class='ocr_carea' id='block_1_66' title="bbox 312 3269 1957 3367">
    <p class='ocr_par' dir='ltr' id='par_1_66' title="bbox 312 3292 1957 3362">
     <span class='ocr_line' id='line_1_66' title="bbox 312 3292 1957 3362; baseline 0.001 -16"><span class='ocrx_word' id='word_1_465' title='bbox 312 3293 490 3346; x_wconf 88' lang='lat' dir='ltr'>etiam</span> <span class='ocrx_word' id='word_1_466' title='bbox 519 3297 693 3346; x_wconf 85' lang='lat' dir='ltr'>antea</span> <span class='ocrx_word' id='word_1_467' title='bbox 723 3292 927 3362; x_wconf 67' lang='lat' dir='ltr'>patriae</span> <span class='ocrx_word' id='word_1_468' title='bbox 950 3292 1112 3346; x_wconf 91' lang='lat' dir='ltr'>illius</span> <span class='ocrx_word' id='word_1_469' title='bbox 1143 3293 1379 3348; x_wconf 83' lang='lat' dir='ltr'>fecisset</span> <span class='ocrx_word' id='word_1_470' title='bbox 1405 3294 1791 3360; x_wconf 84' lang='lat' dir='ltr'>mentionem,</span> <span class='ocrx_word' id='word_1_471' title='bbox 1828 3311 1957 3349; x_wconf 92' lang='lat' dir='ltr'>cum</span> 
     </span>
    </p>
   </div>
   <div class='ocr_carea' id='block_1_67' title="bbox 2069 3269 3725 3367">
    <p class='ocr_par' dir='ltr' id='par_1_67' title="bbox 2080 3269 3725 3367">
     <span class='ocr_line' id='line_1_67' title="bbox 2080 3269 3725 3367; baseline -0.005 -21"><span class='ocrx_word' id='word_1_472' title='bbox 2080 3269 2272 3367; x_wconf 67' lang='grc' dir='ltr'>μνήμη</span> <span class='ocrx_word' id='word_1_473' title='bbox 2299 3293 2462 3346; x_wconf 79' lang='grc' dir='ltr'>αὐτοῦ</span> <span class='ocrx_word' id='word_1_474' title='bbox 2490 3298 2590 3360; x_wconf 78' lang='grc' dir='ltr'>τῆς</span> <span class='ocrx_word' id='word_1_475' title='bbox 2625 3289 2886 3353; x_wconf 74' lang='grc' dir='ltr'>πατρίδος</span> <span class='ocrx_word' id='word_1_476' title='bbox 2945 3289 3296 3360; x_wconf 78' lang='grc' dir='ltr'>ἐποιήσαντο,</span> <span class='ocrx_word' id='word_1_477' title='bbox 3349 3287 3400 3342; x_wconf 83' lang='grc' dir='ltr'>έν</span> <span class='ocrx_word' id='word_1_478' title='bbox 3435 3288 3518 3346; x_wconf 81' lang='grc' dir='ltr'>οἷς</span> <span class='ocrx_word' id='word_1_479' title='bbox 3548 3283 3725 3358; x_wconf 80' lang='grc' dir='ltr'>ἔλεγε·</span> 
     </span>
    </p>
   </div>
   <div class='ocr_carea' id='block_1_68' title="bbox 312 3380 1965 3456">
    <p class='ocr_par' dir='ltr' id='par_1_68' title="bbox 312 3380 1965 3456">
     <span class='ocr_line' id='line_1_68' title="bbox 312 3380 1965 3456; baseline 0.003 -21"><span class='ocrx_word' id='word_1_480' title='bbox 312 3380 537 3436; x_wconf 88' lang='lat' dir='ltr'>diceret</span> <span class='ocrx_word' id='word_1_481' title='bbox 567 3397 579 3434; x_wconf 92' lang='lat'><strong>:</strong></span> <span class='ocrx_word' id='word_1_482' title='bbox 615 3382 888 3437; x_wconf 87' lang='lat' dir='ltr'>Pervenit</span> <span class='ocrx_word' id='word_1_483' title='bbox 918 3388 1115 3438; x_wconf 89' lang='lat' dir='ltr'>autem</span> <span class='ocrx_word' id='word_1_484' title='bbox 1168 3383 1398 3439; x_wconf 89' lang='lat' dir='ltr'>Derben</span> <span class='ocrx_word' id='word_1_485' title='bbox 1457 3401 1523 3440; x_wconf 87' lang='lat' dir='ltr'>ac</span> <span class='ocrx_word' id='word_1_486' title='bbox 1586 3386 1873 3456; x_wconf 85' lang='lat' dir='ltr'>Lystram,</span> <span class='ocrx_word' id='word_1_487' title='bbox 1908 3392 1965 3440; x_wconf 94' lang='lat' dir='ltr'>et</span> 
     </span>
    </p>
   </div>
   <div class='ocr_carea' id='block_1_69' title="bbox 314 3469 1965 3540">
    <p class='ocr_par' dir='ltr' id='par_1_69' title="bbox 314 3469 1965 3540">
     <span class='ocr_line' id='line_1_69' title="bbox 314 3469 1965 3540; baseline 0.002 -15"><span class='ocrx_word' id='word_1_488' title='bbox 314 3486 451 3526; x_wconf 89' lang='lat' dir='ltr'>ecce</span> <span class='ocrx_word' id='word_1_489' title='bbox 481 3469 809 3540; x_wconf 86' lang='lat' dir='ltr'>discipulus</span> <span class='ocrx_word' id='word_1_490' title='bbox 842 3476 968 3525; x_wconf 89' lang='lat' dir='ltr'>erat</span> <span class='ocrx_word' id='word_1_491' title='bbox 997 3471 1076 3526; x_wconf 92' lang='lat' dir='ltr'>ibi</span> <span class='ocrx_word' id='word_1_492' title='bbox 1109 3473 1350 3527; x_wconf 88' lang='lat' dir='ltr'>nomine</span> <span class='ocrx_word' id='word_1_493' title='bbox 1404 3473 1766 3531; x_wconf 88' lang='lat' dir='ltr'>Timotheus.</span> <span class='ocrx_word' id='word_1_494' title='bbox 1799 3473 1965 3540; x_wconf 90' lang='lat' dir='ltr'>Quod</span> 
     </span>
    </p>
   </div>
   <div class='ocr_carea' id='block_1_70' title="bbox 315 3558 1966 3635">
    <p class='ocr_par' dir='ltr' id='par_1_70' title="bbox 315 3558 1966 3635">
     <span class='ocr_line' id='line_1_70' title="bbox 315 3558 1966 3635; baseline 0.003 -22"><span class='ocrx_word' id='word_1_495' title='bbox 315 3559 362 3614; x_wconf 89' lang='lat' dir='ltr'>si</span> <span class='ocrx_word' id='word_1_496' title='bbox 396 3558 673 3613; x_wconf 66' lang='lat' dir='ltr'>Derbmus</span> <span class='ocrx_word' id='word_1_497' title='bbox 704 3559 1074 3631; x_wconf 79' lang='lat' dir='ltr'>gentilicium</span> <span class='ocrx_word' id='word_1_498' title='bbox 1094 3577 1254 3616; x_wconf 88' lang='lat' dir='ltr'>nunc</span> <span class='ocrx_word' id='word_1_499' title='bbox 1278 3569 1364 3616; x_wconf 90' lang='lat' dir='ltr'>est</span> <span class='ocrx_word' id='word_1_500' title='bbox 1397 3568 1456 3617; x_wconf 93' lang='lat' dir='ltr'>et</span> <span class='ocrx_word' id='word_1_501' title='bbox 1475 3579 1594 3616; x_wconf 92' lang='lat' dir='ltr'>non</span> <span class='ocrx_word' id='word_1_502' title='bbox 1619 3564 1920 3635; x_wconf 89' lang='lat' dir='ltr'>proprium</span> <span class='ocrx_word' id='word_1_503' title='bbox 1946 3582 1966 3628; x_wconf 87' lang='lat'><strong><em>;</em></strong></span> 
     </span>
    </p>
   </div>
   <div class='ocr_carea' id='block_1_71' title="bbox 313 3647 1967 3724">
    <p class='ocr_par' dir='ltr' id='par_1_71' title="bbox 313 3647 1967 3724">
     <span class='ocr_line' id='line_1_71' title="bbox 313 3647 1967 3724; baseline 0.004 -22"><span class='ocrx_word' id='word_1_504' title='bbox 313 3653 458 3702; x_wconf 92' lang='lat' dir='ltr'>tunc</span> <span class='ocrx_word' id='word_1_505' title='bbox 488 3647 669 3702; x_wconf 84' lang='lat' dir='ltr'>etiam</span> <span class='ocrx_word' id='word_1_506' title='bbox 700 3648 812 3702; x_wconf 91' lang='lat' dir='ltr'>hoc</span> <span class='ocrx_word' id='word_1_507' title='bbox 844 3649 974 3704; x_wconf 92' lang='lat' dir='ltr'>loco</span> <span class='ocrx_word' id='word_1_508' title='bbox 1016 3650 1286 3705; x_wconf 88' lang='lat' dir='ltr'>fortassis</span> <span class='ocrx_word' id='word_1_509' title='bbox 1342 3651 1484 3707; x_wconf 82' lang='lat' dir='ltr'>fecit</span> <span class='ocrx_word' id='word_1_510' title='bbox 1533 3653 1740 3724; x_wconf 71' lang='lat' dir='ltr'>patrita</span> <span class='ocrx_word' id='word_1_511' title='bbox 1795 3670 1967 3708; x_wconf 87' lang='lat' dir='ltr'>men-</span> 
     </span>
    </p>
   </div>
   <div class='ocr_carea' id='block_1_72' title="bbox 314 3737 558 3792">
    <p class='ocr_par' dir='ltr' id='par_1_72' title="bbox 314 3737 558 3792">
     <span class='ocr_line' id='line_1_72' title="bbox 314 3737 558 3792; baseline -0.012 0"><span class='ocrx_word' id='word_1_512' title='bbox 314 3737 558 3792; x_wconf 89' lang='lat' dir='ltr'>tionem.</span> 
     </span>
    </p>
   </div>
   <div class='ocr_carea' id='block_1_73' title="bbox 387 3826 1966 3906">
    <p class='ocr_par' dir='ltr' id='par_1_73' title="bbox 387 3826 1966 3906">
     <span class='ocr_line' id='line_1_73' title="bbox 387 3826 1966 3906; baseline 0.005 -26"><span class='ocrx_word' id='word_1_513' title='bbox 387 3826 504 3893; x_wconf 82' lang='grc' dir='ltr'>ΧΧ,</span> <span class='ocrx_word' id='word_1_514' title='bbox 534 3827 722 3881; x_wconf 84' lang='grc'>17-21.</span> <span class='ocrx_word' id='word_1_515' title='bbox 765 3850 790 3879; x_wconf 78' lang='grc' dir='ltr'>α</span> <span class='ocrx_word' id='word_1_516' title='bbox 833 3831 876 3883; x_wconf 90' lang='grc' dir='ltr'><strong>Α</strong></span> <span class='ocrx_word' id='word_1_517' title='bbox 909 3829 1106 3884; x_wconf 86' lang='lat' dir='ltr'>Mileto</span> <span class='ocrx_word' id='word_1_518' title='bbox 1165 3836 1362 3886; x_wconf 86' lang='lat' dir='ltr'>autem</span> <span class='ocrx_word' id='word_1_519' title='bbox 1421 3833 1621 3888; x_wconf 90' lang='lat' dir='ltr'>missis</span> <span class='ocrx_word' id='word_1_520' title='bbox 1669 3835 1966 3906; x_wconf 56' lang='lat' dir='ltr'>Ephesum</span> 
     </span>
    </p>
   </div>
   <div class='ocr_carea' id='block_1_74' title="bbox 315 3917 1969 3992">
    <p class='ocr_par' dir='ltr' id='par_1_74' title="bbox 315 3917 1969 3992">
     <span class='ocr_line' id='line_1_74' title="bbox 315 3917 1969 3992; baseline 0.004 -21"><span class='ocrx_word' id='word_1_521' title='bbox 315 3917 564 3983; x_wconf 87' lang='lat' dir='ltr'>nuntiis,</span> <span class='ocrx_word' id='word_1_522' title='bbox 623 3919 929 3974; x_wconf 87' lang='lat' dir='ltr'>accersivit</span> <span class='ocrx_word' id='word_1_523' title='bbox 997 3919 1374 3992; x_wconf 84' lang='lat' dir='ltr'>presbyteros</span> <span class='ocrx_word' id='word_1_524' title='bbox 1432 3923 1727 3979; x_wconf 66' lang='lat' dir='ltr'>Ecclesiae.</span> <span class='ocrx_word' id='word_1_525' title='bbox 1791 3926 1969 3981; x_wconf 90' lang='lat' dir='ltr'>Cum-</span> 
     </span>
    </p>
   </div>
   <div class='ocr_carea' id='block_1_75' title="bbox 317 4007 1968 4080">
    <p class='ocr_par' dir='ltr' id='par_1_75' title="bbox 317 4007 1968 4080">
     <span class='ocr_line' id='line_1_75' title="bbox 317 4007 1968 4080; baseline 0.007 -22"><span class='ocrx_word' id='word_1_526' title='bbox 317 4022 430 4076; x_wconf 88' lang='lat' dir='ltr'>que</span> <span class='ocrx_word' id='word_1_527' title='bbox 457 4007 867 4076; x_wconf 91' lang='lat' dir='ltr'>pervenissent</span> <span class='ocrx_word' id='word_1_528' title='bbox 895 4008 968 4064; x_wconf 89' lang='lat' dir='ltr'>ad</span> <span class='ocrx_word' id='word_1_529' title='bbox 1001 4009 1218 4080; x_wconf 88' lang='lat' dir='ltr'>ipsum,</span> <span class='ocrx_word' id='word_1_530' title='bbox 1251 4010 1399 4066; x_wconf 83' lang='lat' dir='ltr'>dixit</span> <span class='ocrx_word' id='word_1_531' title='bbox 1447 4013 1532 4068; x_wconf 88' lang='lat' dir='ltr'>eis</span> <span class='ocrx_word' id='word_1_532' title='bbox 1564 4029 1577 4068; x_wconf 91' lang='lat'><strong>:</strong></span> <span class='ocrx_word' id='word_1_533' title='bbox 1644 4030 1744 4068; x_wconf 88' lang='lat' dir='ltr'>vos</span> <span class='ocrx_word' id='word_1_534' title='bbox 1803 4015 1968 4071; x_wconf 89' lang='lat' dir='ltr'>scitis</span> 
     </span>
    </p>
   </div>
   <div class='ocr_carea' id='block_1_76' title="bbox 317 4095 1968 4174">
    <p class='ocr_par' dir='ltr' id='par_1_76' title="bbox 317 4095 1968 4174">
     <span class='ocr_line' id='line_1_76' title="bbox 317 4095 1968 4174; baseline 0.005 -24"><span class='ocrx_word' id='word_1_535' title='bbox 317 4112 350 4150; x_wconf 85' lang='lat' dir='ltr'>a</span> <span class='ocrx_word' id='word_1_536' title='bbox 371 4095 562 4166; x_wconf 88' lang='lat' dir='ltr'>primo</span> <span class='ocrx_word' id='word_1_537' title='bbox 615 4097 710 4151; x_wconf 91' lang='lat' dir='ltr'>die</span> <span class='ocrx_word' id='word_1_538' title='bbox 733 4097 875 4152; x_wconf 89' lang='lat' dir='ltr'>dum</span> <span class='ocrx_word' id='word_1_539' title='bbox 905 4101 1209 4171; x_wconf 80' lang='lat' dir='ltr'>ingressus</span> <span class='ocrx_word' id='word_1_540' title='bbox 1235 4117 1363 4155; x_wconf 92' lang='lat' dir='ltr'>sum</span> <span class='ocrx_word' id='word_1_541' title='bbox 1415 4103 1634 4170; x_wconf 86' lang='lat' dir='ltr'>Asiam,</span> <span class='ocrx_word' id='word_1_542' title='bbox 1672 4105 1968 4174; x_wconf 91' lang='lat' dir='ltr'>quomodo</span> 
     </span>
    </p>
   </div>
   <div class='ocr_carea' id='block_1_77' title="bbox 317 4186 1970 4260">
    <p class='ocr_par' dir='ltr' id='par_1_77' title="bbox 317 4186 1970 4260">
     <span class='ocr_line' id='line_1_77' title="bbox 317 4186 1970 4260; baseline 0.005 -20"><span class='ocrx_word' id='word_1_543' title='bbox 317 4186 620 4242; x_wconf 88' lang='lat' dir='ltr'>vobiscum</span> <span class='ocrx_word' id='word_1_544' title='bbox 653 4188 816 4242; x_wconf 92' lang='lat' dir='ltr'>omni</span> <span class='ocrx_word' id='word_1_545' title='bbox 847 4193 1111 4260; x_wconf 87' lang='lat' dir='ltr'>tempore</span> <span class='ocrx_word' id='word_1_546' title='bbox 1140 4189 1352 4246; x_wconf 84' lang='lat' dir='ltr'>fuerim</span> <span class='ocrx_word' id='word_1_547' title='bbox 1409 4194 1671 4250; x_wconf 89' lang='lat' dir='ltr'>serviens</span> <span class='ocrx_word' id='word_1_548' title='bbox 1720 4195 1970 4248; x_wconf 86' lang='lat' dir='ltr'>Domino</span> 
     </span>
    </p>
   </div>
   <div class='ocr_carea' id='block_1_78' title="bbox 319 4277 1972 4354">
    <p class='ocr_par' dir='ltr' id='par_1_78' title="bbox 319 4277 1972 4354">
     <span class='ocr_line' id='line_1_78' title="bbox 319 4277 1972 4354; baseline 0.002 -21"><span class='ocrx_word' id='word_1_549' title='bbox 319 4293 454 4333; x_wconf 90' lang='lat' dir='ltr'>cum</span> <span class='ocrx_word' id='word_1_550' title='bbox 516 4278 678 4330; x_wconf 92' lang='lat' dir='ltr'>omni</span> <span class='ocrx_word' id='word_1_551' title='bbox 738 4277 921 4332; x_wconf 91' lang='lat' dir='ltr'>animi</span> <span class='ocrx_word' id='word_1_552' title='bbox 973 4278 1282 4346; x_wconf 89' lang='lat' dir='ltr'>modestia,</span> <span class='ocrx_word' id='word_1_553' title='bbox 1317 4282 1643 4354; x_wconf 90' lang='lat' dir='ltr'>multisque</span> <span class='ocrx_word' id='word_1_554' title='bbox 1693 4284 1972 4354; x_wconf 90' lang='lat' dir='ltr'>lacrymis</span> 
     </span>
    </p>
   </div>
   <div class='ocr_carea' id='block_1_79' title="bbox 325 4366 1974 4438">
    <p class='ocr_par' dir='ltr' id='par_1_79' title="bbox 325 4366 1974 4438">
     <span class='ocr_line' id='line_1_79' title="bbox 325 4366 1974 4438; baseline 0.003 -17"><span class='ocrx_word' id='word_1_555' title='bbox 325 4383 392 4421; x_wconf 89' lang='lat' dir='ltr'>ac</span> <span class='ocrx_word' id='word_1_556' title='bbox 449 4366 903 4427; x_wconf 86' lang='lat' dir='ltr'>tentationibus.</span> <span class='ocrx_word' id='word_1_557' title='bbox 965 4385 1095 4438; x_wconf 70' lang='lat' dir='ltr'>quae</span> <span class='ocrx_word' id='word_1_558' title='bbox 1138 4370 1284 4424; x_wconf 88' lang='lat' dir='ltr'>mihi</span> <span class='ocrx_word' id='word_1_559' title='bbox 1342 4371 1689 4427; x_wconf 87' lang='lat' dir='ltr'>acciderunt</span> <span class='ocrx_word' id='word_1_560' title='bbox 1747 4389 1819 4429; x_wconf 85' lang='lat' dir='ltr'>ex</span> <span class='ocrx_word' id='word_1_561' title='bbox 1888 4372 1974 4426; x_wconf 92' lang='lat' dir='ltr'>in-</span> 
     </span>
    </p>
   </div>
   <div class='ocr_carea' id='block_1_80' title="bbox 325 4457 1972 4534">
    <p class='ocr_par' dir='ltr' id='par_1_80' title="bbox 325 4457 1972 4534">
     <span class='ocr_line' id='line_1_80' title="bbox 325 4457 1972 4534; baseline 0.004 -22"><span class='ocrx_word' id='word_1_562' title='bbox 325 4457 440 4512; x_wconf 88' lang='lat' dir='ltr'>diis</span> <span class='ocrx_word' id='word_1_563' title='bbox 469 4457 807 4514; x_wconf 68' lang='lat' dir='ltr'>Iudaeorum</span> <span class='ocrx_word' id='word_1_564' title='bbox 844 4475 857 4525; x_wconf 93' lang='lat'>;</span> <span class='ocrx_word' id='word_1_565' title='bbox 897 4465 963 4514; x_wconf 93' lang='lat' dir='ltr'>ut</span> <span class='ocrx_word' id='word_1_566' title='bbox 999 4460 1150 4516; x_wconf 86' lang='lat' dir='ltr'>nihil</span> <span class='ocrx_word' id='word_1_567' title='bbox 1210 4463 1556 4530; x_wconf 72' lang='lat' dir='ltr'>sutl‘ugerim</span> <span class='ocrx_word' id='word_1_568' title='bbox 1599 4479 1804 4518; x_wconf 89' lang='lat' dir='ltr'>eorum</span> <span class='ocrx_word' id='word_1_569' title='bbox 1841 4481 1972 4534; x_wconf 81' lang='lat' dir='ltr'>quae</span> 
     </span>
    </p>
   </div>
   <div class='ocr_carea' id='block_1_81' title="bbox 333 4547 1977 4621">
    <p class='ocr_par' dir='ltr' id='par_1_81' title="bbox 333 4547 1977 4621">
     <span class='ocr_line' id='line_1_81' title="bbox 333 4547 1977 4621; baseline 0.005 -22"><span class='ocrx_word' id='word_1_570' title='bbox 333 4547 498 4601; x_wconf 87' lang='lat' dir='ltr'>vobis</span> <span class='ocrx_word' id='word_1_571' title='bbox 529 4547 700 4603; x_wconf 86' lang='lat' dir='ltr'>utilia</span> <span class='ocrx_word' id='word_1_572' title='bbox 739 4555 956 4610; x_wconf 89' lang='lat' dir='ltr'>essent.</span> <span class='ocrx_word' id='word_1_573' title='bbox 1019 4551 1164 4621; x_wconf 90' lang='lat' dir='ltr'>quin</span> <span class='ocrx_word' id='word_1_574' title='bbox 1223 4554 1642 4608; x_wconf 86' lang='lat' dir='ltr'>annuntiarem</span> <span class='ocrx_word' id='word_1_575' title='bbox 1699 4553 1883 4612; x_wconf 88' lang='lat' dir='ltr'>vobis.</span> <span class='ocrx_word' id='word_1_576' title='bbox 1919 4559 1977 4607; x_wconf 91' lang='lat' dir='ltr'>et</span> 
     </span>
    </p>
   </div>
   <div class='ocr_carea' id='block_1_82' title="bbox 2071 3372 3731 3454">
    <p class='ocr_par' dir='ltr' id='par_1_82' title="bbox 2071 3372 3731 3454">
     <span class='ocr_line' id='line_1_82' title="bbox 2071 3372 3731 3454; baseline -0.008 -14"><span class='ocrx_word' id='word_1_577' title='bbox 2071 3384 2389 3452; x_wconf 80' lang='grc' dir='ltr'>Κατήντησε</span> <span class='ocrx_word' id='word_1_578' title='bbox 2429 3378 2484 3436; x_wconf 75' lang='grc' dir='ltr'>δὲ</span> <span class='ocrx_word' id='word_1_579' title='bbox 2515 3380 2592 3442; x_wconf 74' lang='grc' dir='ltr'>εἷς</span> <span class='ocrx_word' id='word_1_580' title='bbox 2621 3375 2828 3454; x_wconf 84' lang='grc' dir='ltr'>Δέρϐην</span> <span class='ocrx_word' id='word_1_581' title='bbox 2878 3380 2967 3435; x_wconf 83' lang='grc' dir='ltr'>καὶ</span> <span class='ocrx_word' id='word_1_582' title='bbox 3023 3379 3287 3451; x_wconf 80' lang='grc' dir='ltr'>Λύστραν,</span> <span class='ocrx_word' id='word_1_583' title='bbox 3342 3375 3432 3430; x_wconf 80' lang='grc' dir='ltr'>καὶ</span> <span class='ocrx_word' id='word_1_584' title='bbox 3463 3372 3582 3428; x_wconf 75' lang='grc' dir='ltr'>ἱδοὺ</span> <span class='ocrx_word' id='word_1_585' title='bbox 3618 3393 3731 3446; x_wconf 84' lang='grc' dir='ltr'>μα-</span> 
     </span>
    </p>
   </div>
   <div class='ocr_carea' id='block_1_83' title="bbox 2070 3462 3721 3545">
    <p class='ocr_par' dir='ltr' id='par_1_83' title="bbox 2070 3462 3721 3545">
     <span class='ocr_line' id='line_1_83' title="bbox 2070 3462 3721 3545; baseline -0.007 -18"><span class='ocrx_word' id='word_1_586' title='bbox 2070 3474 2239 3542; x_wconf 88' lang='grc' dir='ltr'>θητής</span> <span class='ocrx_word' id='word_1_587' title='bbox 2271 3493 2353 3533; x_wconf 90' lang='grc' dir='ltr'>τις</span> <span class='ocrx_word' id='word_1_588' title='bbox 2399 3473 2464 3542; x_wconf 76' lang='grc' dir='ltr'>ἦν</span> <span class='ocrx_word' id='word_1_589' title='bbox 2519 3471 2629 3527; x_wconf 82' lang='grc' dir='ltr'>ἐκεῖ</span> <span class='ocrx_word' id='word_1_590' title='bbox 2662 3472 2886 3545; x_wconf 81' lang='grc' dir='ltr'>ὀνόματι</span> <span class='ocrx_word' id='word_1_591' title='bbox 2934 3471 3217 3542; x_wconf 84' lang='grc' dir='ltr'>Τιμόθεος.</span> <span class='ocrx_word' id='word_1_592' title='bbox 3279 3467 3344 3524; x_wconf 86' lang='grc' dir='ltr'>Εἰ</span> <span class='ocrx_word' id='word_1_593' title='bbox 3397 3462 3452 3520; x_wconf 78' lang='grc' dir='ltr'>δὲ</span> <span class='ocrx_word' id='word_1_594' title='bbox 3508 3465 3595 3518; x_wconf 82' lang='grc' dir='ltr'>καὶ</span> <span class='ocrx_word' id='word_1_595' title='bbox 3657 3462 3721 3517; x_wconf 88' lang='grc' dir='ltr'>τὸ</span> 
     </span>
    </p>
   </div>
   <div class='ocr_carea' id='block_1_84' title="bbox 2071 3553 3722 3632">
    <p class='ocr_par' dir='ltr' id='par_1_84' title="bbox 2071 3553 3722 3632">
     <span class='ocr_line' id='line_1_84' title="bbox 2071 3553 3722 3632; baseline -0.012 -7"><span class='ocrx_word' id='word_1_596' title='bbox 2071 3557 2448 3623; x_wconf 71' lang='grc' dir='ltr'>Αετδαῖοςνῦν</span> <span class='ocrx_word' id='word_1_597' title='bbox 2485 3560 2694 3625; x_wconf 82' lang='grc' dir='ltr'>έθνικόν</span> <span class='ocrx_word' id='word_1_598' title='bbox 2756 3560 2864 3616; x_wconf 81' lang='grc' dir='ltr'>ἐστι</span> <span class='ocrx_word' id='word_1_599' title='bbox 2923 3559 3012 3614; x_wconf 84' lang='grc' dir='ltr'>καὶ</span> <span class='ocrx_word' id='word_1_600' title='bbox 3073 3559 3150 3630; x_wconf 77' lang='grc' dir='ltr'>μὴ</span> <span class='ocrx_word' id='word_1_601' title='bbox 3208 3556 3418 3632; x_wconf 68' lang='grc' dir='ltr'>κύριον,</span> <span class='ocrx_word' id='word_1_602' title='bbox 3477 3553 3566 3608; x_wconf 85' lang='grc' dir='ltr'>καὶ</span> <span class='ocrx_word' id='word_1_603' title='bbox 3629 3554 3722 3606; x_wconf 78' lang='grc' dir='ltr'>νῦν</span> 
     </span>
    </p>
   </div>
   <div class='ocr_carea' id='block_1_85' title="bbox 2070 3649 3088 3732">
    <p class='ocr_par' dir='ltr' id='par_1_85' title="bbox 2070 3649 3088 3732">
     <span class='ocr_line' id='line_1_85' title="bbox 2070 3649 3088 3732; baseline -0.001 -26"><span class='ocrx_word' id='word_1_604' title='bbox 2070 3652 2216 3732; x_wconf 83' lang='grc' dir='ltr'>τάχα</span> <span class='ocrx_word' id='word_1_605' title='bbox 2245 3659 2342 3721; x_wconf 78' lang='grc' dir='ltr'>τῆς</span> <span class='ocrx_word' id='word_1_606' title='bbox 2374 3649 2634 3728; x_wconf 73' lang='grc' dir='ltr'>πατρίδος</span> <span class='ocrx_word' id='word_1_607' title='bbox 2668 3651 3088 3726; x_wconf 81' lang='grc' dir='ltr'>ἐμνημόνευσεν.</span> 
     </span>
    </p>
   </div>
   <div class='ocr_carea' id='block_1_86' title="bbox 2146 3826 3728 3903">
    <p class='ocr_par' dir='ltr' id='par_1_86' title="bbox 2146 3826 3728 3903">
     <span class='ocr_line' id='line_1_86' title="bbox 2146 3826 3728 3903; baseline -0.003 -21"><span class='ocrx_word' id='word_1_608' title='bbox 2146 3858 2171 3882; x_wconf 78' lang='grc' dir='ltr'>ι(</span> <span class='ocrx_word' id='word_1_609' title='bbox 2207 3832 2341 3888; x_wconf 81' lang='grc' dir='ltr'>’Λπὸ</span> <span class='ocrx_word' id='word_1_610' title='bbox 2375 3828 2430 3885; x_wconf 72' lang='grc' dir='ltr'>δὲ</span> <span class='ocrx_word' id='word_1_611' title='bbox 2458 3837 2559 3898; x_wconf 75' lang='grc' dir='ltr'>τῆς</span> <span class='ocrx_word' id='word_1_612' title='bbox 2621 3829 2872 3899; x_wconf 74' lang='grc' dir='ltr'>Μιλήτου</span> <span class='ocrx_word' id='word_1_613' title='bbox 2906 3829 3121 3903; x_wconf 75' lang='grc' dir='ltr'>πέμψας</span> <span class='ocrx_word' id='word_1_614' title='bbox 3155 3826 3230 3889; x_wconf 78' lang='grc' dir='ltr'>εἷς</span> <span class='ocrx_word' id='word_1_615' title='bbox 3281 3828 3533 3902; x_wconf 65' lang='grc' dir='ltr'>Ἔφεσον,</span> <span class='ocrx_word' id='word_1_616' title='bbox 3597 3845 3728 3896; x_wconf 87' lang='grc' dir='ltr'>μετ-</span> 
     </span>
    </p>
   </div>
   <div class='ocr_carea' id='block_1_87' title="bbox 2073 3910 3730 3994">
    <p class='ocr_par' dir='ltr' id='par_1_87' title="bbox 2073 3910 3730 3994">
     <span class='ocr_line' id='line_1_87' title="bbox 2073 3910 3730 3994; baseline -0.005 -17"><span class='ocrx_word' id='word_1_617' title='bbox 2073 3920 2366 3977; x_wconf 83' lang='grc' dir='ltr'>εκαλέσατο</span> <span class='ocrx_word' id='word_1_618' title='bbox 2423 3921 2549 3982; x_wconf 77' lang='grc' dir='ltr'>τοὺς</span> <span class='ocrx_word' id='word_1_619' title='bbox 2603 3910 3003 3994; x_wconf 79' lang='grc' dir='ltr'>πρεσϐυτέρους</span> <span class='ocrx_word' id='word_1_620' title='bbox 3063 3926 3164 3987; x_wconf 73' lang='grc' dir='ltr'>τῆς</span> <span class='ocrx_word' id='word_1_621' title='bbox 3225 3916 3575 3984; x_wconf 83' lang='grc' dir='ltr'>Ἐκκλησίας.</span> <span class='ocrx_word' id='word_1_622' title='bbox 3638 3920 3730 3976; x_wconf 85' lang='grc' dir='ltr'>Ὦς</span> 
     </span>
    </p>
   </div>
   <div class='ocr_carea' id='block_1_88' title="bbox 2074 4005 3730 4085">
    <p class='ocr_par' dir='ltr' id='par_1_88' title="bbox 2074 4005 3730 4085">
     <span class='ocr_line' id='line_1_88' title="bbox 2074 4005 3730 4085; baseline -0.005 -19"><span class='ocrx_word' id='word_1_623' title='bbox 2074 4009 2131 4066; x_wconf 74' lang='grc' dir='ltr'>δέ</span> <span class='ocrx_word' id='word_1_624' title='bbox 2185 4013 2541 4085; x_wconf 79' lang='grc' dir='ltr'>παρεῦένοντο</span> <span class='ocrx_word' id='word_1_625' title='bbox 2600 4009 2736 4078; x_wconf 83' lang='grc' dir='ltr'>πρὸς</span> <span class='ocrx_word' id='word_1_626' title='bbox 2791 4008 2955 4063; x_wconf 87' lang='grc' dir='ltr'>αὐτὸν</span> <span class='ocrx_word' id='word_1_627' title='bbox 2990 4051 3004 4076; x_wconf 88' lang='grc'>,</span> <span class='ocrx_word' id='word_1_628' title='bbox 3071 4008 3214 4061; x_wconf 82' lang='grc' dir='ltr'>εἶπεν</span> <span class='ocrx_word' id='word_1_629' title='bbox 3270 4005 3476 4067; x_wconf 86' lang='grc' dir='ltr'>αὐτοῖς.</span> <span class='ocrx_word' id='word_1_630' title='bbox 3546 4006 3730 4076; x_wconf 79' lang='grc' dir='ltr'>Ὑμεῖς</span> 
     </span>
    </p>
   </div>
   <div class='ocr_carea' id='block_1_89' title="bbox 2074 4088 3722 4174">
    <p class='ocr_par' dir='ltr' id='par_1_89' title="bbox 2074 4088 3722 4174">
     <span class='ocr_line' id='line_1_89' title="bbox 2074 4088 3722 4174; baseline -0.004 -20"><span class='ocrx_word' id='word_1_631' title='bbox 2074 4098 2357 4154; x_wconf 73' lang='grc' dir='ltr'>ἐπίστασθε</span> <span class='ocrx_word' id='word_1_632' title='bbox 2389 4097 2494 4152; x_wconf 85' lang='grc' dir='ltr'>ἀπὸ</span> <span class='ocrx_word' id='word_1_633' title='bbox 2542 4098 2772 4170; x_wconf 86' lang='grc' dir='ltr'>πρώσης</span> <span class='ocrx_word' id='word_1_634' title='bbox 2821 4093 3057 4170; x_wconf 76' lang='grc' dir='ltr'>ἡμέρας,</span> <span class='ocrx_word' id='word_1_635' title='bbox 3112 4097 3201 4174; x_wconf 75' lang='grc' dir='ltr'>ἀφ’</span> <span class='ocrx_word' id='word_1_636' title='bbox 3257 4095 3326 4164; x_wconf 77' lang='grc' dir='ltr'>ἧς</span> <span class='ocrx_word' id='word_1_637' title='bbox 3383 4088 3579 4164; x_wconf 85' lang='grc' dir='ltr'>ἐπέϐην</span> <span class='ocrx_word' id='word_1_638' title='bbox 3645 4093 3722 4156; x_wconf 87' lang='grc' dir='ltr'>εἷς</span> 
     </span>
    </p>
   </div>
   <div class='ocr_carea' id='block_1_90' title="bbox 2072 4181 3729 4260">
    <p class='ocr_par' dir='ltr' id='par_1_90' title="bbox 2072 4181 3729 4260">
     <span class='ocr_line' id='line_1_90' title="bbox 2072 4181 3729 4260; baseline -0.001 -18"><span class='ocrx_word' id='word_1_639' title='bbox 2072 4189 2141 4257; x_wconf 77' lang='grc' dir='ltr'>τὴ</span> <span class='ocrx_word' id='word_1_640' title='bbox 2167 4187 2370 4255; x_wconf 80' lang='grc' dir='ltr'>Ἀσίαν,</span> <span class='ocrx_word' id='word_1_641' title='bbox 2433 4191 2550 4249; x_wconf 80' lang='grc' dir='ltr'>πῶς</span> <span class='ocrx_word' id='word_1_642' title='bbox 2583 4187 2701 4260; x_wconf 76' lang='grc' dir='ltr'>μεθ’</span> <span class='ocrx_word' id='word_1_643' title='bbox 2759 4187 2911 4258; x_wconf 79' lang='grc' dir='ltr'>ὑμῶν</span> <span class='ocrx_word' id='word_1_644' title='bbox 2967 4186 3058 4240; x_wconf 82' lang='grc' dir='ltr'>τὸν</span> <span class='ocrx_word' id='word_1_645' title='bbox 3120 4185 3289 4239; x_wconf 79' lang='grc' dir='ltr'>πάντα</span> <span class='ocrx_word' id='word_1_646' title='bbox 3348 4183 3548 4259; x_wconf 89' lang='grc' dir='ltr'>χρόνον</span> <span class='ocrx_word' id='word_1_647' title='bbox 3609 4181 3729 4260; x_wconf 80' lang='grc' dir='ltr'>έγε·</span> 
     </span>
    </p>
   </div>
   <div class='ocr_carea' id='block_1_91' title="bbox 2074 4273 3732 4349">
    <p class='ocr_par' dir='ltr' id='par_1_91' title="bbox 2074 4273 3732 4349">
     <span class='ocr_line' id='line_1_91' title="bbox 2074 4273 3732 4349; baseline -0.001 -19"><span class='ocrx_word' id='word_1_648' title='bbox 2074 4277 2272 4348; x_wconf 85' lang='grc' dir='ltr'>νόμην,</span> <span class='ocrx_word' id='word_1_649' title='bbox 2327 4274 2602 4332; x_wconf 84' lang='grc' dir='ltr'>δουλεύων</span> <span class='ocrx_word' id='word_1_650' title='bbox 2661 4274 2741 4348; x_wconf 80' lang='grc' dir='ltr'>τῷ</span> <span class='ocrx_word' id='word_1_651' title='bbox 2799 4274 2984 4349; x_wconf 81' lang='grc' dir='ltr'>Κυρίῳ</span> <span class='ocrx_word' id='word_1_652' title='bbox 3049 4273 3182 4348; x_wconf 80' lang='grc' dir='ltr'>μετὰ</span> <span class='ocrx_word' id='word_1_653' title='bbox 3237 4275 3415 4343; x_wconf 77' lang='grc' dir='ltr'>πάσης</span> <span class='ocrx_word' id='word_1_654' title='bbox 3474 4293 3732 4330; x_wconf 85' lang='grc' dir='ltr'>ταπεινο-</span> 
     </span>
    </p>
   </div>
   <div class='ocr_carea' id='block_1_92' title="bbox 2078 4361 3737 4441">
    <p class='ocr_par' dir='ltr' id='par_1_92' title="bbox 2078 4361 3737 4441">
     <span class='ocr_line' id='line_1_92' title="bbox 2078 4361 3737 4441; baseline -0.002 -20"><span class='ocrx_word' id='word_1_655' title='bbox 2078 4365 2372 4441; x_wconf 67' lang='grc' dir='ltr'>φροσύνης,</span> <span class='ocrx_word' id='word_1_656' title='bbox 2452 4365 2544 4421; x_wconf 81' lang='grc' dir='ltr'>καὶ</span> <span class='ocrx_word' id='word_1_657' title='bbox 2625 4363 2860 4422; x_wconf 82' lang='grc' dir='ltr'>πολλῶν</span> <span class='ocrx_word' id='word_1_658' title='bbox 2943 4361 3188 4440; x_wconf 71' lang='grc' dir='ltr'>δακρύων</span> <span class='ocrx_word' id='word_1_659' title='bbox 3270 4365 3360 4418; x_wconf 78' lang='grc' dir='ltr'>καὶ</span> <span class='ocrx_word' id='word_1_660' title='bbox 3417 4366 3737 4438; x_wconf 81' lang='grc' dir='ltr'>πειρασμῶν</span> 
     </span>
    </p>
   </div>
   <div class='ocr_carea' id='block_1_93' title="bbox 2076 4449 3733 4530">
    <p class='ocr_par' dir='ltr' id='par_1_93' title="bbox 2076 4449 3733 4530">
     <span class='ocr_line' id='line_1_93' title="bbox 2076 4449 3733 4530; baseline -0.003 -19"><span class='ocrx_word' id='word_1_661' title='bbox 2076 4461 2184 4511; x_wconf 80' lang='grc' dir='ltr'>τῶν</span> <span class='ocrx_word' id='word_1_662' title='bbox 2215 4452 2542 4530; x_wconf 80' lang='grc' dir='ltr'>συμϐάντων</span> <span class='ocrx_word' id='word_1_663' title='bbox 2608 4478 2702 4529; x_wconf 86' lang='grc' dir='ltr'>μοι</span> <span class='ocrx_word' id='word_1_664' title='bbox 2760 4455 2812 4509; x_wconf 81' lang='grc' dir='ltr'>έν</span> <span class='ocrx_word' id='word_1_665' title='bbox 2863 4460 2983 4517; x_wconf 82' lang='grc' dir='ltr'>ταῖς</span> <span class='ocrx_word' id='word_1_666' title='bbox 3041 4449 3365 4516; x_wconf 83' lang='grc' dir='ltr'>ἐπιϐουλαῖς</span> <span class='ocrx_word' id='word_1_667' title='bbox 3425 4457 3532 4508; x_wconf 80' lang='grc' dir='ltr'>τῶν</span> <span class='ocrx_word' id='word_1_668' title='bbox 3592 4453 3733 4508; x_wconf 81' lang='grc' dir='ltr'>Ἰου-</span> 
     </span>
    </p>
   </div>
   <div class='ocr_carea' id='block_1_94' title="bbox 2081 4543 3733 4619">
    <p class='ocr_par' dir='ltr' id='par_1_94' title="bbox 2081 4543 3733 4619">
     <span class='ocr_line' id='line_1_94' title="bbox 2081 4543 3733 4619; baseline -0.004 -18"><span class='ocrx_word' id='word_1_669' title='bbox 2081 4544 2268 4615; x_wconf 80' lang='grc' dir='ltr'>δαίων,</span> <span class='ocrx_word' id='word_1_670' title='bbox 2331 4546 2408 4608; x_wconf 83' lang='grc' dir='ltr'>ὡς</span> <span class='ocrx_word' id='word_1_671' title='bbox 2467 4544 2623 4601; x_wconf 74' lang='grc' dir='ltr'>οὐδὲν</span> <span class='ocrx_word' id='word_1_672' title='bbox 2675 4543 3080 4616; x_wconf 81' lang='grc' dir='ltr'>ὑπεστειλάμην</span> <span class='ocrx_word' id='word_1_673' title='bbox 3138 4549 3245 4599; x_wconf 83' lang='grc' dir='ltr'>τῶν</span> <span class='ocrx_word' id='word_1_674' title='bbox 3318 4543 3733 4619; x_wconf 71' lang='grc' dir='ltr'>συμφερόντων,</span> 
     </span>
    </p>
   </div>
   <div class='ocr_carea' id='block_1_95' title="bbox 325 4629 1957 4714">
    <p class='ocr_par' dir='ltr' id='par_1_95' title="bbox 325 4635 1957 4714">
     <span class='ocr_line' id='line_1_95' title="bbox 325 4635 1957 4714; baseline 0.004 -24"><span class='ocrx_word' id='word_1_675' title='bbox 325 4635 599 4692; x_wconf 90' lang='lat' dir='ltr'>docerem</span> <span class='ocrx_word' id='word_1_676' title='bbox 631 4654 730 4692; x_wconf 89' lang='lat' dir='ltr'>vos</span> <span class='ocrx_word' id='word_1_677' title='bbox 753 4637 988 4708; x_wconf 89' lang='lat' dir='ltr'>publice</span> <span class='ocrx_word' id='word_1_678' title='bbox 1019 4655 1086 4694; x_wconf 88' lang='lat' dir='ltr'>ac</span> <span class='ocrx_word' id='word_1_679' title='bbox 1117 4656 1223 4711; x_wconf 91' lang='lat' dir='ltr'>per</span> <span class='ocrx_word' id='word_1_680' title='bbox 1285 4641 1547 4714; x_wconf 79' lang='lat' dir='ltr'>singulas</span> <span class='ocrx_word' id='word_1_681' title='bbox 1606 4641 1834 4711; x_wconf 87' lang='lat' dir='ltr'>domos,</span> <span class='ocrx_word' id='word_1_682' title='bbox 1894 4647 1957 4696; x_wconf 87' lang='lat' dir='ltr'>te</span> 
     </span>
    </p>
   </div>
   <div class='ocr_carea' id='block_1_96' title="bbox 2069 4629 3734 4714">
    <p class='ocr_par' dir='ltr' id='par_1_96' title="bbox 2079 4629 3734 4712">
     <span class='ocr_line' id='line_1_96' title="bbox 2079 4629 3734 4712; baseline -0.002 -22"><span class='ocrx_word' id='word_1_683' title='bbox 2079 4641 2176 4691; x_wconf 79' lang='grc' dir='ltr'>τοῦ</span> <span class='ocrx_word' id='word_1_684' title='bbox 2212 4637 2288 4709; x_wconf 80' lang='grc' dir='ltr'>μή</span> <span class='ocrx_word' id='word_1_685' title='bbox 2347 4633 2667 4712; x_wconf 83' lang='grc' dir='ltr'>ἀναγγεῖλαι</span> <span class='ocrx_word' id='word_1_686' title='bbox 2724 4637 2876 4709; x_wconf 79' lang='grc' dir='ltr'>ὑμῖν,</span> <span class='ocrx_word' id='word_1_687' title='bbox 2933 4633 3022 4688; x_wconf 84' lang='grc' dir='ltr'>καὶ</span> <span class='ocrx_word' id='word_1_688' title='bbox 3082 4630 3288 4702; x_wconf 71' lang='grc' dir='ltr'>διδάξαι</span> <span class='ocrx_word' id='word_1_689' title='bbox 3351 4634 3491 4704; x_wconf 80' lang='grc' dir='ltr'>ὑμᾶς</span> <span class='ocrx_word' id='word_1_690' title='bbox 3551 4629 3734 4704; x_wconf 87' lang='grc' dir='ltr'>δημο-</span> 
     </span>
    </p>
   </div>
   <div class='ocr_carea' id='block_1_97' title="bbox 326 4726 1973 4804">
    <p class='ocr_par' dir='ltr' id='par_1_97' title="bbox 326 4726 1973 4804">
     <span class='ocr_line' id='line_1_97' title="bbox 326 4726 1973 4804; baseline 0.004 -25"><span class='ocrx_word' id='word_1_691' title='bbox 326 4726 592 4780; x_wconf 88' lang='lat' dir='ltr'>stificans</span> <span class='ocrx_word' id='word_1_692' title='bbox 621 4726 839 4783; x_wconf 73' lang='lat' dir='ltr'>Judmis</span> <span class='ocrx_word' id='word_1_693' title='bbox 871 4728 1049 4782; x_wconf 90' lang='lat' dir='ltr'>simul</span> <span class='ocrx_word' id='word_1_694' title='bbox 1108 4734 1165 4782; x_wconf 93' lang='lat' dir='ltr'>et</span> <span class='ocrx_word' id='word_1_695' title='bbox 1195 4730 1410 4785; x_wconf 68' lang='lat' dir='ltr'>Grmcis</span> <span class='ocrx_word' id='word_1_696' title='bbox 1468 4747 1598 4786; x_wconf 88' lang='lat' dir='ltr'>eam</span> <span class='ocrx_word' id='word_1_697' title='bbox 1647 4748 1779 4804; x_wconf 58' lang='lat' dir='ltr'>quas</span> <span class='ocrx_word' id='word_1_698' title='bbox 1835 4747 1973 4804; x_wconf 81' lang='lat' dir='ltr'>erga</span> 
     </span>
    </p>
   </div>
   <div class='ocr_carea' id='block_1_98' title="bbox 322 4815 1972 4893">
    <p class='ocr_par' dir='ltr' id='par_1_98' title="bbox 322 4815 1972 4893">
     <span class='ocr_line' id='line_1_98' title="bbox 322 4815 1972 4893; baseline 0.004 -24"><span class='ocrx_word' id='word_1_699' title='bbox 322 4815 508 4869; x_wconf 89' lang='lat' dir='ltr'>Deum</span> <span class='ocrx_word' id='word_1_700' title='bbox 542 4820 629 4870; x_wconf 90' lang='lat' dir='ltr'>est</span> <span class='ocrx_word' id='word_1_701' title='bbox 660 4816 1070 4886; x_wconf 72' lang='lat' dir='ltr'>paenitentiam</span> <span class='ocrx_word' id='word_1_702' title='bbox 1102 4833 1168 4873; x_wconf 90' lang='lat' dir='ltr'>ac</span> <span class='ocrx_word' id='word_1_703' title='bbox 1228 4817 1405 4874; x_wconf 83' lang='lat' dir='ltr'>ﬁdem</span> <span class='ocrx_word' id='word_1_704' title='bbox 1465 4836 1604 4893; x_wconf 79' lang='lat' dir='ltr'>erga</span> <span class='ocrx_word' id='word_1_705' title='bbox 1653 4820 1972 4876; x_wconf 88' lang='lat' dir='ltr'>Dominum</span> 
     </span>
    </p>
   </div>
   <div class='ocr_carea' id='block_1_99' title="bbox 318 4906 898 4962">
    <p class='ocr_par' dir='ltr' id='par_1_99' title="bbox 318 4906 898 4962">
     <span class='ocr_line' id='line_1_99' title="bbox 318 4906 898 4962; baseline -0.002 -4"><span class='ocrx_word' id='word_1_706' title='bbox 318 4909 588 4960; x_wconf 86' lang='lat' dir='ltr'>nostrum</span> <span class='ocrx_word' id='word_1_707' title='bbox 620 4906 838 4962; x_wconf 72' lang='lat' dir='ltr'>Iesum.</span> <span class='ocrx_word' id='word_1_708' title='bbox 871 4922 898 4952; x_wconf 71' lang='grc' dir='ltr'>ιι</span> 
     </span>
    </p>
   </div>
   <div class='ocr_carea' id='block_1_100' title="bbox 394 4994 1973 5070">
    <p class='ocr_par' dir='ltr' id='par_1_100' title="bbox 394 4994 1973 5070">
     <span class='ocr_line' id='line_1_100' title="bbox 394 4994 1973 5070; baseline 0.004 -22"><span class='ocrx_word' id='word_1_709' title='bbox 394 4994 682 5058; x_wconf 89' lang='lat' dir='ltr'>Quoniam</span> <span class='ocrx_word' id='word_1_710' title='bbox 716 4995 885 5052; x_wconf 91' lang='lat' dir='ltr'>multi</span> <span class='ocrx_word' id='word_1_711' title='bbox 916 4995 1201 5070; x_wconf 89' lang='lat' dir='ltr'>loquendi</span> <span class='ocrx_word' id='word_1_712' title='bbox 1234 4996 1475 5053; x_wconf 91' lang='lat' dir='ltr'>modum</span> <span class='ocrx_word' id='word_1_713' title='bbox 1508 4998 1804 5069; x_wconf 78' lang='lat' dir='ltr'>ignorant,</span> <span class='ocrx_word' id='word_1_714' title='bbox 1853 5016 1973 5054; x_wconf 88' lang='lat' dir='ltr'>ma-</span> 
     </span>
    </p>
   </div>
   <div class='ocr_carea' id='block_1_101' title="bbox 323 5085 1975 5160">
    <p class='ocr_par' dir='ltr' id='par_1_101' title="bbox 323 5085 1975 5160">
     <span class='ocr_line' id='line_1_101' title="bbox 323 5085 1975 5160; baseline 0.003 -21"><span class='ocrx_word' id='word_1_715' title='bbox 323 5085 480 5139; x_wconf 88' lang='lat' dir='ltr'>xime</span> <span class='ocrx_word' id='word_1_716' title='bbox 512 5086 642 5139; x_wconf 85' lang='lat' dir='ltr'>novi</span> <span class='ocrx_word' id='word_1_717' title='bbox 691 5088 1054 5152; x_wconf 90' lang='lat' dir='ltr'>testamenti,</span> <span class='ocrx_word' id='word_1_718' title='bbox 1099 5106 1214 5160; x_wconf 90' lang='lat' dir='ltr'>quo</span> <span class='ocrx_word' id='word_1_719' title='bbox 1273 5089 1536 5160; x_wconf 90' lang='lat' dir='ltr'>episcopi</span> <span class='ocrx_word' id='word_1_720' title='bbox 1585 5090 1975 5144; x_wconf 87' lang='lat' dir='ltr'>nominantur</span> 
     </span>
    </p>
   </div>
   <div class='ocr_carea' id='block_1_102' title="bbox 322 5173 1974 5249">
    <p class='ocr_par' dir='ltr' id='par_1_102' title="bbox 322 5173 1974 5249">
     <span class='ocr_line' id='line_1_102' title="bbox 322 5173 1974 5249; baseline 0.004 -23"><span class='ocrx_word' id='word_1_721' title='bbox 322 5173 676 5245; x_wconf 82' lang='lat' dir='ltr'>presbyteri.</span> <span class='ocrx_word' id='word_1_722' title='bbox 703 5192 770 5230; x_wconf 88' lang='lat' dir='ltr'>ac</span> <span class='ocrx_word' id='word_1_723' title='bbox 801 5176 1131 5249; x_wconf 85' lang='lat' dir='ltr'>presbyteri</span> <span class='ocrx_word' id='word_1_724' title='bbox 1167 5177 1428 5249; x_wconf 89' lang='lat' dir='ltr'>episcopi</span> <span class='ocrx_word' id='word_1_725' title='bbox 1465 5195 1476 5231; x_wconf 92' lang='lat'>:</span> <span class='ocrx_word' id='word_1_726' title='bbox 1511 5179 1623 5233; x_wconf 86' lang='lat' dir='ltr'>hoc</span> <span class='ocrx_word' id='word_1_727' title='bbox 1677 5184 1801 5232; x_wconf 90' lang='lat' dir='ltr'>tum</span> <span class='ocrx_word' id='word_1_728' title='bbox 1836 5178 1974 5233; x_wconf 87' lang='lat' dir='ltr'>hinc</span> 
     </span>
    </p>
   </div>
   <div class='ocr_carea' id='block_1_103' title="bbox 324 5264 1977 5339">
    <p class='ocr_par' dir='ltr' id='par_1_103' title="bbox 324 5264 1977 5339">
     <span class='ocr_line' id='line_1_103' title="bbox 324 5264 1977 5339; baseline 0.002 -20"><span class='ocrx_word' id='word_1_729' title='bbox 324 5264 709 5319; x_wconf 87' lang='lat' dir='ltr'>animadverti</span> <span class='ocrx_word' id='word_1_730' title='bbox 735 5271 949 5336; x_wconf 86' lang='lat' dir='ltr'>potest,</span> <span class='ocrx_word' id='word_1_731' title='bbox 976 5274 1098 5323; x_wconf 90' lang='lat' dir='ltr'>tum</span> <span class='ocrx_word' id='word_1_732' title='bbox 1122 5285 1190 5322; x_wconf 83' lang='lat' dir='ltr'>ex</span> <span class='ocrx_word' id='word_1_733' title='bbox 1215 5267 1476 5339; x_wconf 85' lang='lat' dir='ltr'>Epistola</span> <span class='ocrx_word' id='word_1_734' title='bbox 1489 5267 1560 5322; x_wconf 89' lang='lat' dir='ltr'>ad</span> <span class='ocrx_word' id='word_1_735' title='bbox 1588 5268 1802 5332; x_wconf 90' lang='lat' dir='ltr'>Titum,</span> <span class='ocrx_word' id='word_1_736' title='bbox 1828 5272 1887 5321; x_wconf 88' lang='lat' dir='ltr'>et</span> <span class='ocrx_word' id='word_1_737' title='bbox 1906 5285 1977 5324; x_wconf 89' lang='lat' dir='ltr'>ex</span> 
     </span>
    </p>
   </div>
   <div class='ocr_carea' id='block_1_104' title="bbox 325 5356 1976 5429">
    <p class='ocr_par' dir='ltr' id='par_1_104' title="bbox 325 5356 1976 5429">
     <span class='ocr_line' id='line_1_104' title="bbox 325 5356 1976 5429; baseline 0.002 -21"><span class='ocrx_word' id='word_1_738' title='bbox 325 5371 392 5409; x_wconf 88' lang='lat' dir='ltr'>ea</span> <span class='ocrx_word' id='word_1_739' title='bbox 424 5371 554 5426; x_wconf 68' lang='lat' dir='ltr'>quas</span> <span class='ocrx_word' id='word_1_740' title='bbox 588 5361 676 5409; x_wconf 90' lang='lat' dir='ltr'>est</span> <span class='ocrx_word' id='word_1_741' title='bbox 707 5357 780 5410; x_wconf 90' lang='lat' dir='ltr'>ad</span> <span class='ocrx_word' id='word_1_742' title='bbox 814 5356 1249 5427; x_wconf 90' lang='lat' dir='ltr'>Philippenses,</span> <span class='ocrx_word' id='word_1_743' title='bbox 1297 5358 1613 5429; x_wconf 89' lang='lat' dir='ltr'>prioreque</span> <span class='ocrx_word' id='word_1_744' title='bbox 1665 5358 1739 5412; x_wconf 91' lang='lat' dir='ltr'>ad</span> <span class='ocrx_word' id='word_1_745' title='bbox 1788 5357 1976 5412; x_wconf 89' lang='lat' dir='ltr'>Timo-</span> 
     </span>
    </p>
   </div>
   <div class='ocr_carea' id='block_1_105' title="bbox 324 5444 1975 5520">
    <p class='ocr_par' dir='ltr' id='par_1_105' title="bbox 324 5444 1975 5520">
     <span class='ocr_line' id='line_1_105' title="bbox 324 5444 1975 5520; baseline 0.002 -22"><span class='ocrx_word' id='word_1_746' title='bbox 324 5444 547 5500; x_wconf 87' lang='lat' dir='ltr'>theum.</span> <span class='ocrx_word' id='word_1_747' title='bbox 583 5447 662 5500; x_wconf 89' lang='lat' dir='ltr'>Ex</span> <span class='ocrx_word' id='word_1_748' title='bbox 695 5446 805 5501; x_wconf 91' lang='lat' dir='ltr'>hoc</span> <span class='ocrx_word' id='word_1_749' title='bbox 832 5447 1032 5518; x_wconf 86' lang='lat' dir='ltr'>itaque</span> <span class='ocrx_word' id='word_1_750' title='bbox 1079 5450 1354 5506; x_wconf 86' lang='lat' dir='ltr'>Actorum</span> <span class='ocrx_word' id='word_1_751' title='bbox 1417 5450 1545 5504; x_wconf 92' lang='lat' dir='ltr'>loco</span> <span class='ocrx_word' id='word_1_752' title='bbox 1586 5448 1657 5503; x_wconf 85' lang='lat' dir='ltr'>de</span> <span class='ocrx_word' id='word_1_753' title='bbox 1687 5464 1754 5504; x_wconf 86' lang='lat' dir='ltr'>ea</span> <span class='ocrx_word' id='word_1_754' title='bbox 1785 5465 1845 5502; x_wconf 91' lang='lat' dir='ltr'>re</span> <span class='ocrx_word' id='word_1_755' title='bbox 1877 5465 1975 5520; x_wconf 82' lang='lat' dir='ltr'>po-</span> 
     </span>
    </p>
   </div>
   <div class='ocr_carea' id='block_1_106' title="bbox 325 5535 1972 5608">
    <p class='ocr_par' dir='ltr' id='par_1_106' title="bbox 325 5535 1972 5608">
     <span class='ocr_line' id='line_1_106' title="bbox 325 5535 1972 5608; baseline 0.001 -20"><span class='ocrx_word' id='word_1_756' title='bbox 325 5538 442 5589; x_wconf 90' lang='lat' dir='ltr'>test</span> <span class='ocrx_word' id='word_1_757' title='bbox 472 5535 678 5590; x_wconf 82' lang='lat' dir='ltr'>haberi</span> <span class='ocrx_word' id='word_1_758' title='bbox 711 5541 872 5590; x_wconf 88' lang='lat' dir='ltr'>certa</span> <span class='ocrx_word' id='word_1_759' title='bbox 899 5538 1204 5606; x_wconf 84' lang='lat' dir='ltr'>persuasio</span> <span class='ocrx_word' id='word_1_760' title='bbox 1230 5556 1243 5604; x_wconf 87' lang='lat'><strong>;</strong></span> <span class='ocrx_word' id='word_1_761' title='bbox 1266 5538 1346 5592; x_wconf 87' lang='lat' dir='ltr'>ita</span> <span class='ocrx_word' id='word_1_762' title='bbox 1369 5539 1527 5593; x_wconf 91' lang='lat' dir='ltr'>enim</span> <span class='ocrx_word' id='word_1_763' title='bbox 1553 5538 1837 5608; x_wconf 84' lang='lat' dir='ltr'>scriptum</span> <span class='ocrx_word' id='word_1_764' title='bbox 1865 5542 1972 5591; x_wconf 88' lang='lat' dir='ltr'>est:</span> 
     </span>
    </p>
   </div>
   <div class='ocr_carea' id='block_1_107' title="bbox 326 5624 1978 5698">
    <p class='ocr_par' dir='ltr' id='par_1_107' title="bbox 326 5624 1978 5698">
     <span class='ocr_line' id='line_1_107' title="bbox 326 5624 1978 5698; baseline 0.002 -21"><span class='ocrx_word' id='word_1_765' title='bbox 326 5625 372 5677; x_wconf 87' lang='lat' dir='ltr'><strong>A</strong></span> <span class='ocrx_word' id='word_1_766' title='bbox 404 5624 598 5679; x_wconf 78' lang='lat' dir='ltr'>Mileto</span> <span class='ocrx_word' id='word_1_767' title='bbox 630 5630 828 5680; x_wconf 88' lang='lat' dir='ltr'>autem</span> <span class='ocrx_word' id='word_1_768' title='bbox 847 5625 1046 5681; x_wconf 86' lang='lat' dir='ltr'>missis</span> <span class='ocrx_word' id='word_1_769' title='bbox 1071 5627 1362 5698; x_wconf 87' lang='lat' dir='ltr'>Ephssum</span> <span class='ocrx_word' id='word_1_770' title='bbox 1395 5627 1642 5696; x_wconf 88' lang='lat' dir='ltr'>nuntiis,</span> <span class='ocrx_word' id='word_1_771' title='bbox 1671 5626 1978 5683; x_wconf 87' lang='lat' dir='ltr'>accersivit</span> 
     </span>
    </p>
   </div>
   <div class='ocr_carea' id='block_1_108' title="bbox 326 5715 1972 5789">
    <p class='ocr_par' dir='ltr' id='par_1_108' title="bbox 326 5715 1972 5789">
     <span class='ocr_line' id='line_1_108' title="bbox 326 5715 1972 5789; baseline 0.002 -21"><span class='ocrx_word' id='word_1_772' title='bbox 326 5715 707 5788; x_wconf 87' lang='lat' dir='ltr'>presbyteros</span> <span class='ocrx_word' id='word_1_773' title='bbox 765 5715 1090 5788; x_wconf 84' lang='lat' dir='ltr'>Eccleeiae,</span> <span class='ocrx_word' id='word_1_774' title='bbox 1151 5722 1211 5775; x_wconf 92' lang='lat' dir='ltr'>et</span> <span class='ocrx_word' id='word_1_775' title='bbox 1264 5734 1386 5775; x_wconf 93' lang='lat' dir='ltr'>non</span> <span class='ocrx_word' id='word_1_776' title='bbox 1445 5717 1591 5774; x_wconf 88' lang='lat' dir='ltr'>dixit</span> <span class='ocrx_word' id='word_1_777' title='bbox 1644 5717 1972 5789; x_wconf 88' lang='lat' dir='ltr'>episcopos.</span> 
     </span>
    </p>
   </div>
   <div class='ocr_carea' id='block_1_109' title="bbox 2085 4719 3733 4799">
    <p class='ocr_par' dir='ltr' id='par_1_109' title="bbox 2085 4719 3733 4799">
     <span class='ocr_line' id='line_1_109' title="bbox 2085 4719 3733 4799; baseline -0.002 -19"><span class='ocrx_word' id='word_1_778' title='bbox 2085 4727 2172 4797; x_wconf 82' lang='grc' dir='ltr'>σίᾳ</span> <span class='ocrx_word' id='word_1_779' title='bbox 2202 4727 2292 4781; x_wconf 84' lang='grc' dir='ltr'>καὶ</span> <span class='ocrx_word' id='word_1_780' title='bbox 2340 4728 2456 4781; x_wconf 88' lang='grc' dir='ltr'>κατ’</span> <span class='ocrx_word' id='word_1_781' title='bbox 2500 4724 2710 4796; x_wconf 76' lang='grc' dir='ltr'>οἷ’κους,</span> <span class='ocrx_word' id='word_1_782' title='bbox 2771 4722 3280 4799; x_wconf 85' lang='grc' dir='ltr'>διαμαρτυρόμενος</span> <span class='ocrx_word' id='word_1_783' title='bbox 3343 4719 3628 4783; x_wconf 85' lang='grc' dir='ltr'>Ἰουδαίοις</span> <span class='ocrx_word' id='word_1_784' title='bbox 3673 4742 3733 4777; x_wconf 90' lang='grc' dir='ltr'>τε</span> 
     </span>
    </p>
   </div>
   <div class='ocr_carea' id='block_1_110' title="bbox 2081 4810 3731 4885">
    <p class='ocr_par' dir='ltr' id='par_1_110' title="bbox 2081 4810 3731 4885">
     <span class='ocr_line' id='line_1_110' title="bbox 2081 4810 3731 4885; baseline -0.006 -13"><span class='ocrx_word' id='word_1_785' title='bbox 2081 4816 2171 4872; x_wconf 82' lang='grc' dir='ltr'>καὶ</span> <span class='ocrx_word' id='word_1_786' title='bbox 2200 4813 2439 4885; x_wconf 81' lang='grc' dir='ltr'>Ἕλλησι</span> <span class='ocrx_word' id='word_1_787' title='bbox 2467 4816 2566 4884; x_wconf 80' lang='grc' dir='ltr'>τὴν</span> <span class='ocrx_word' id='word_1_788' title='bbox 2597 4815 2672 4877; x_wconf 80' lang='grc' dir='ltr'>εἰς</span> <span class='ocrx_word' id='word_1_789' title='bbox 2697 4815 2790 4870; x_wconf 88' lang='grc' dir='ltr'>τὸν</span> <span class='ocrx_word' id='word_1_790' title='bbox 2851 4813 2979 4868; x_wconf 86' lang='grc' dir='ltr'>Θεὸν</span> <span class='ocrx_word' id='word_1_791' title='bbox 3042 4811 3346 4884; x_wconf 76' lang='grc' dir='ltr'>μετάνοιαν,</span> <span class='ocrx_word' id='word_1_792' title='bbox 3401 4810 3489 4866; x_wconf 80' lang='grc' dir='ltr'>καὶ</span> <span class='ocrx_word' id='word_1_793' title='bbox 3548 4811 3731 4866; x_wconf 81' lang='grc' dir='ltr'>πίστιν</span> 
     </span>
    </p>
   </div>
   <div class='ocr_carea' id='block_1_111' title="bbox 2081 4905 3177 4980">
    <p class='ocr_par' dir='ltr' id='par_1_111' title="bbox 2081 4905 3177 4980">
     <span class='ocr_line' id='line_1_111' title="bbox 2081 4905 3177 4980; baseline -0.005 -18"><span class='ocrx_word' id='word_1_794' title='bbox 2081 4907 2181 4974; x_wconf 70' lang='grc' dir='ltr'>τὴν</span> <span class='ocrx_word' id='word_1_795' title='bbox 2212 4906 2288 4968; x_wconf 80' lang='grc' dir='ltr'>εἷς</span> <span class='ocrx_word' id='word_1_796' title='bbox 2319 4908 2410 4961; x_wconf 82' lang='grc' dir='ltr'>τὸν</span> <span class='ocrx_word' id='word_1_797' title='bbox 2445 4905 2647 4980; x_wconf 82' lang='grc' dir='ltr'>Κύριον</span> <span class='ocrx_word' id='word_1_798' title='bbox 2681 4906 2842 4977; x_wconf 75' lang='grc' dir='ltr'>ἡμῶν</span> <span class='ocrx_word' id='word_1_799' title='bbox 2877 4906 3111 4973; x_wconf 76' lang='grc' dir='ltr'>Ἰησοῦν.</span> <span class='ocrx_word' id='word_1_800' title='bbox 3147 4923 3177 4956; x_wconf 70' lang='grc' dir='ltr'>»ι</span> 
     </span>
    </p>
   </div>
   <div class='ocr_carea' id='block_1_112' title="bbox 2153 4988 3738 5065">
    <p class='ocr_par' dir='ltr' id='par_1_112' title="bbox 2153 4988 3738 5065">
     <span class='ocr_line' id='line_1_112' title="bbox 2153 4988 3738 5065; baseline -0.007 -10"><span class='ocrx_word' id='word_1_801' title='bbox 2153 4993 2380 5065; x_wconf 82' lang='grc' dir='ltr'>Ἐπειδή</span> <span class='ocrx_word' id='word_1_802' title='bbox 2416 4994 2664 5050; x_wconf 85' lang='grc' dir='ltr'>λανθάνει</span> <span class='ocrx_word' id='word_1_803' title='bbox 2711 4993 2840 5056; x_wconf 79' lang='grc' dir='ltr'>τοὺς</span> <span class='ocrx_word' id='word_1_804' title='bbox 2894 4989 3143 5054; x_wconf 82' lang='grc' dir='ltr'>πολλοὺς</span> <span class='ocrx_word' id='word_1_805' title='bbox 3195 4992 3230 5060; x_wconf 75' lang='grc' dir='ltr'><strong>ἡ</strong></span> <span class='ocrx_word' id='word_1_806' title='bbox 3264 4993 3540 5060; x_wconf 85' lang='grc' dir='ltr'>συνήθεια,</span> <span class='ocrx_word' id='word_1_807' title='bbox 3577 4988 3738 5063; x_wconf 66' lang='grc' dir='ltr'>μαλι-</span> 
     </span>
    </p>
   </div>
   <div class='ocr_carea' id='block_1_113' title="bbox 2083 5075 3736 5156">
    <p class='ocr_par' dir='ltr' id='par_1_113' title="bbox 2083 5075 3736 5156">
     <span class='ocr_line' id='line_1_113' title="bbox 2083 5075 3736 5156; baseline -0.007 -12"><span class='ocrx_word' id='word_1_808' title='bbox 2083 5110 2182 5144; x_wconf 86' lang='grc' dir='ltr'>στα</span> <span class='ocrx_word' id='word_1_809' title='bbox 2208 5094 2309 5156; x_wconf 81' lang='grc' dir='ltr'>τῆς</span> <span class='ocrx_word' id='word_1_810' title='bbox 2343 5090 2546 5154; x_wconf 83' lang='grc' dir='ltr'>Καινῆς</span> <span class='ocrx_word' id='word_1_811' title='bbox 2577 5085 2874 5154; x_wconf 84' lang='grc' dir='ltr'>Διαθήκης,</span> <span class='ocrx_word' id='word_1_812' title='bbox 2923 5081 3050 5144; x_wconf 74' lang='grc' dir='ltr'>τοὺς</span> <span class='ocrx_word' id='word_1_813' title='bbox 3111 5079 3442 5142; x_wconf 81' lang='grc' dir='ltr'>ἐπισκόπους</span> <span class='ocrx_word' id='word_1_814' title='bbox 3499 5075 3736 5155; x_wconf 89' lang='grc' dir='ltr'>πρεσϐυ-</span> 
     </span>
    </p>
   </div>
   <div class='ocr_carea' id='block_1_114' title="bbox 2083 5166 3740 5251">
    <p class='ocr_par' dir='ltr' id='par_1_114' title="bbox 2083 5166 3740 5251">
     <span class='ocr_line' id='line_1_114' title="bbox 2083 5166 3740 5251; baseline -0.007 -15"><span class='ocrx_word' id='word_1_815' title='bbox 2083 5180 2275 5251; x_wconf 81' lang='grc' dir='ltr'>τέρους</span> <span class='ocrx_word' id='word_1_816' title='bbox 2305 5177 2670 5249; x_wconf 69' lang='grc' dir='ltr'>ὀνομάζουσι,</span> <span class='ocrx_word' id='word_1_817' title='bbox 2702 5174 2792 5229; x_wconf 84' lang='grc' dir='ltr'>καὶ</span> <span class='ocrx_word' id='word_1_818' title='bbox 2825 5171 2912 5228; x_wconf 77' lang='grc' dir='ltr'>καὶ</span> <span class='ocrx_word' id='word_1_819' title='bbox 2943 5172 3070 5233; x_wconf 82' lang='grc' dir='ltr'>τοὺς</span> <span class='ocrx_word' id='word_1_820' title='bbox 3097 5166 3497 5246; x_wconf 82' lang='grc' dir='ltr'>πρεσϐυτέρους</span> <span class='ocrx_word' id='word_1_821' title='bbox 3526 5169 3740 5225; x_wconf 74' lang='grc' dir='ltr'>ἐπισκό·</span> 
     </span>
    </p>
   </div>
   <div class='ocr_carea' id='block_1_115' title="bbox 2084 5260 3742 5339">
    <p class='ocr_par' dir='ltr' id='par_1_115' title="bbox 2084 5260 3742 5339">
     <span class='ocr_line' id='line_1_115' title="bbox 2084 5260 3742 5339; baseline -0.006 -14"><span class='ocrx_word' id='word_1_822' title='bbox 2084 5289 2244 5337; x_wconf 90' lang='grc' dir='ltr'>πους,</span> <span class='ocrx_word' id='word_1_823' title='bbox 2281 5267 2621 5339; x_wconf 85' lang='grc' dir='ltr'>σημειωτέον</span> <span class='ocrx_word' id='word_1_824' title='bbox 2675 5267 2839 5319; x_wconf 83' lang='grc' dir='ltr'>τοῦτο</span> <span class='ocrx_word' id='word_1_825' title='bbox 2893 5261 3154 5333; x_wconf 69' lang='grc' dir='ltr'>ἐντεῦθεν,</span> <span class='ocrx_word' id='word_1_826' title='bbox 3187 5262 3277 5316; x_wconf 80' lang='grc' dir='ltr'>καὶ</span> <span class='ocrx_word' id='word_1_827' title='bbox 3336 5260 3396 5316; x_wconf 81' lang='grc' dir='ltr'>ἐκ</span> <span class='ocrx_word' id='word_1_828' title='bbox 3449 5267 3550 5330; x_wconf 81' lang='grc' dir='ltr'>τῆς</span> <span class='ocrx_word' id='word_1_829' title='bbox 3605 5261 3742 5336; x_wconf 84' lang='grc' dir='ltr'>πρὸς</span> 
     </span>
    </p>
   </div>
   <div class='ocr_carea' id='block_1_116' title="bbox 2085 5348 3742 5428">
    <p class='ocr_par' dir='ltr' id='par_1_116' title="bbox 2085 5348 3742 5428">
     <span class='ocr_line' id='line_1_116' title="bbox 2085 5348 3742 5428; baseline -0.007 -12"><span class='ocrx_word' id='word_1_830' title='bbox 2085 5360 2252 5416; x_wconf 78' lang='grc' dir='ltr'>Τίτον</span> <span class='ocrx_word' id='word_1_831' title='bbox 2282 5354 2635 5424; x_wconf 77' lang='grc' dir='ltr'>Ἐπιστολῆς,</span> <span class='ocrx_word' id='word_1_832' title='bbox 2667 5348 2745 5408; x_wconf 75' lang='grc' dir='ltr'>ἔτι</span> <span class='ocrx_word' id='word_1_833' title='bbox 2780 5350 2836 5408; x_wconf 69' lang='grc' dir='ltr'>δὲ</span> <span class='ocrx_word' id='word_1_834' title='bbox 2867 5351 2957 5407; x_wconf 85' lang='grc' dir='ltr'>καὶ</span> <span class='ocrx_word' id='word_1_835' title='bbox 2989 5352 3123 5428; x_wconf 85' lang='grc' dir='ltr'>πρὸς</span> <span class='ocrx_word' id='word_1_836' title='bbox 3179 5349 3617 5421; x_wconf 83' lang='grc' dir='ltr'>Φιλιππησίους,</span> <span class='ocrx_word' id='word_1_837' title='bbox 3649 5349 3742 5405; x_wconf 84' lang='grc' dir='ltr'>καὶ</span> 
     </span>
    </p>
   </div>
   <div class='ocr_carea' id='block_1_117' title="bbox 2022 5440 3741 5521">
    <p class='ocr_par' dir='ltr' id='par_1_117' title="bbox 2022 5440 3741 5521">
     <span class='ocr_line' id='line_1_117' title="bbox 2022 5440 3741 5521; baseline -0.009 -12"><span class='ocrx_word' id='word_1_838' title='bbox 2022 5507 2024 5509; x_wconf 71' lang='grc'>,</span> <span class='ocrx_word' id='word_1_839' title='bbox 2087 5449 2146 5504; x_wconf 80' lang='grc' dir='ltr'>ἐκ</span> <span class='ocrx_word' id='word_1_840' title='bbox 2173 5451 2271 5512; x_wconf 77' lang='grc' dir='ltr'>τῆς</span> <span class='ocrx_word' id='word_1_841' title='bbox 2305 5446 2440 5521; x_wconf 85' lang='grc' dir='ltr'>πρὸς</span> <span class='ocrx_word' id='word_1_842' title='bbox 2474 5443 2748 5518; x_wconf 79' lang='grc' dir='ltr'>Τιμόθεον</span> <span class='ocrx_word' id='word_1_843' title='bbox 2787 5442 3036 5517; x_wconf 86' lang='grc' dir='ltr'>πρώτης.</span> <span class='ocrx_word' id='word_1_844' title='bbox 3097 5440 3240 5496; x_wconf 78' lang='grc' dir='ltr'>Ἀπὸ</span> <span class='ocrx_word' id='word_1_845' title='bbox 3298 5443 3391 5513; x_wconf 74' lang='grc' dir='ltr'>μὲν</span> <span class='ocrx_word' id='word_1_846' title='bbox 3440 5441 3530 5495; x_wconf 75' lang='grc' dir='ltr'>οὖν</span> <span class='ocrx_word' id='word_1_847' title='bbox 3593 5441 3741 5515; x_wconf 73' lang='grc' dir='ltr'>Ηρά-</span> 
     </span>
    </p>
   </div>
   <div class='ocr_carea' id='block_1_118' title="bbox 2086 5528 3738 5611">
    <p class='ocr_par' dir='ltr' id='par_1_118' title="bbox 2086 5528 3738 5611">
     <span class='ocr_line' id='line_1_118' title="bbox 2086 5528 3738 5611; baseline -0.006 -20"><span class='ocrx_word' id='word_1_848' title='bbox 2086 5540 2216 5611; x_wconf 78' lang='grc' dir='ltr'>ξεων</span> <span class='ocrx_word' id='word_1_849' title='bbox 2275 5533 2510 5589; x_wconf 80' lang='grc' dir='ltr'>ἐντεῦθεν</span> <span class='ocrx_word' id='word_1_850' title='bbox 2569 5528 2679 5586; x_wconf 78' lang='grc' dir='ltr'>ἔστι</span> <span class='ocrx_word' id='word_1_851' title='bbox 2731 5531 3016 5599; x_wconf 74' lang='grc' dir='ltr'>πεισθῆναι</span> <span class='ocrx_word' id='word_1_852' title='bbox 3076 5529 3200 5603; x_wconf 87' lang='grc' dir='ltr'>περὶ</span> <span class='ocrx_word' id='word_1_853' title='bbox 3255 5528 3472 5584; x_wconf 76' lang='grc' dir='ltr'>τούτου.</span> <span class='ocrx_word' id='word_1_854' title='bbox 3537 5528 3738 5602; x_wconf 87' lang='grc' dir='ltr'>Γέγρα-</span> 
     </span>
    </p>
   </div>
   <div class='ocr_carea' id='block_1_119' title="bbox 2087 5615 3740 5700">
    <p class='ocr_par' dir='ltr' id='par_1_119' title="bbox 2087 5615 3740 5700">
     <span class='ocr_line' id='line_1_119' title="bbox 2087 5615 3740 5700; baseline -0.008 -19"><span class='ocrx_word' id='word_1_855' title='bbox 2087 5647 2215 5682; x_wconf 85' lang='grc' dir='ltr'>πται</span> <span class='ocrx_word' id='word_1_856' title='bbox 2246 5622 2346 5700; x_wconf 74' lang='grc' dir='ltr'>γὰρ</span> <span class='ocrx_word' id='word_1_857' title='bbox 2379 5622 2577 5683; x_wconf 74' lang='grc' dir='ltr'>οὕτως’</span> <span class='ocrx_word' id='word_1_858' title='bbox 2636 5620 2775 5675; x_wconf 83' lang='grc' dir='ltr'>Ἀπὸ</span> <span class='ocrx_word' id='word_1_859' title='bbox 2835 5615 2892 5674; x_wconf 76' lang='grc' dir='ltr'>δὲ</span> <span class='ocrx_word' id='word_1_860' title='bbox 2946 5624 3046 5686; x_wconf 79' lang='grc' dir='ltr'>τῆς</span> <span class='ocrx_word' id='word_1_861' title='bbox 3081 5616 3336 5686; x_wconf 82' lang='grc' dir='ltr'>Μιλήτου</span> <span class='ocrx_word' id='word_1_862' title='bbox 3387 5617 3606 5688; x_wconf 69' lang='grc' dir='ltr'>πέμψας</span> <span class='ocrx_word' id='word_1_863' title='bbox 3659 5615 3740 5677; x_wconf 80' lang='grc' dir='ltr'>εἰς</span> 
     </span>
    </p>
   </div>
   <div class='ocr_carea' id='block_1_120' title="bbox 2086 5700 3740 5794">
    <p class='ocr_par' dir='ltr' id='par_1_120' title="bbox 2086 5700 3740 5794">
     <span class='ocr_line' id='line_1_120' title="bbox 2086 5700 3740 5794; baseline -0.007 -23"><span class='ocrx_word' id='word_1_864' title='bbox 2086 5717 2333 5794; x_wconf 77' lang='grc' dir='ltr'>Ἔφεσον,</span> <span class='ocrx_word' id='word_1_865' title='bbox 2381 5707 2778 5788; x_wconf 78' lang='grc' dir='ltr'>μετεκαλέσατο</span> <span class='ocrx_word' id='word_1_866' title='bbox 2832 5707 2960 5771; x_wconf 80' lang='grc' dir='ltr'>τοὺς</span> <span class='ocrx_word' id='word_1_867' title='bbox 3015 5700 3414 5782; x_wconf 76' lang='grc' dir='ltr'>πρεσϐυτέρους</span> <span class='ocrx_word' id='word_1_868' title='bbox 3465 5708 3566 5770; x_wconf 79' lang='grc' dir='ltr'>τῆς</span> <span class='ocrx_word' id='word_1_869' title='bbox 3621 5705 3740 5765; x_wconf 81' lang='lat' dir='ltr'>’Ex—</span> 
     </span>
    </p>
   </div>
  </div>
