4112 6430
367 415 479 474 251

1346 405 1759 472 CUMMENT.
1807 405 1885 466 IN
1933 401 2143 466 ACTA
2187 397 2800 464 APOSTOLORUM.

3690 415 3810 476 258

375 543 636 616 κλησίας,
678 543 775 598 καὶ
807 543 915 598 οὐκ
947 541 1136 617 εἷ’ρηκε
1193 540 1318 605 τοὺς
1361 542 1711 606 ἐπισκόπους.
1759 537 1895 596 Εἶτα
1925 534 2044 590 ἐπι⁴

2163 534 2382 590 Deinde
2415 537 2761 612 subjungit:
2805 561 2832 589 ‹‹
2880 540 2944 594 In
2977 558 3092 612 quo
3141 558 3242 597 vos
3293 542 3546 616 Spiritus
3570 556 3810 604 sanctus

379 637 549 710 τέρεν
593 661 620 686 «
645 635 740 690 'Ev
775 632 822 705 ᾧ
854 633 1000 706 ὑμᾶς
1029 633 1094 688 τὸ
1129 633 1342 704 Πνεῦμα
1373 634 1436 688 τὸ
1468 633 1618 708 ἅγιον
1653 629 1807 696 ἔθετο
1830 623 2050 682 ἐπισκό-

379 701 534 794 πους,
567 724 895 797 ποιμαίνειν
952 723 1053 791 τήν
1086 721 1437 793 Ἐκκλησίαν.
1477 748 1502 773 υ
1536 722 1674 779 Ἀπὸ
1707 719 1763 776 δὲ
1783 726 1884 788 τῆς
1915 715 2050 790 πρὸς

381 816 541 873 Τίτον
575 811 941 881 Ἐπιστολῆς,
988 836 1016 864 ιι
1074 815 1441 881 Καταστήσεις
1499 813 1634 868 κατὰ
1692 808 1858 865 πόλιν
1915 825 2051 881 πρε-

379 901 705 979 σϐυτέρους,
739 903 818 964 ὡς
852 901 963 978 ἐγώ
997 923 1079 956 σοι
1142 899 1484 974 διεταξέμην.
1549 927 1576 952 »
1633 899 1767 958 Ἀπὸ
1826 896 1882 952 δὲ
1947 901 2049 964 τῆς

379 995 517 1066 πρὸς
553 992 996 1062 Φιλιππησίουςο
1032 1017 1059 1043 ‹‹
1117 997 1246 1054 Τοῖς
1277 993 1427 1046 οὖσιν
1484 989 1537 1046 ἐν
1587 989 1896 1051 Φιλίπποις
1954 984 2048 1039 σὺν

377 1084 707 1145 ἐπισκόποις
739 1082 830 1136 καὶ
864 1080 1158 1143 διακόνοις.
1195 1106 1223 1133 ››
1257 1083 1436 1154 Οἶμαι
1467 1079 1526 1136 δὲ
1557 1082 1639 1136 ὅτι
1679 1081 1768 1135 καὶ
1830 1077 1891 1132 ἐκ
1949 1080 2048 1144 τῆς

377 1179 657 1250 προτέρας
691 1175 826 1249 πρὸς
859 1174 1132 1245 Τιμόθεον
1163 1171 1634 1250 ἀναλογισάμενον
1693 1175 1854 1226 τοῦτο
1893 1165 2052 1224 ἐκλα-

415 1273 495 1320 εῖν
525 1260 666 1320 ἔστι.
703 1288 729 1316 ιι
767 1261 835 1318 Εἴ
859 1283 942 1324 τις
1001 1263 1126 1339 γὰρ,
1177 1263 1364 1341 φησὶν,
1427 1262 1728 1326 ἐπισκοπῆς
1781 1259 2049 1336 ὀρέγεται,

377 1355 560 1411 καλοῦ
596 1352 759 1429 ἔργου
787 1351 1062 1425 ἐπιθυμεῖ.
1097 1357 1189 1408 Δεῖ
1239 1353 1330 1407 οῦν
1385 1353 1478 1408 τὸν
1523 1350 1820 1406 ἐπίσκοπον
1875 1346 2050 1404 ἀνεπί-

379 1446 600 1514 ληπτον
648 1444 803 1500 εἶναι.
840 1467 867 1492 ››
901 1442 1007 1498 Καὶ
1043 1442 1158 1514 μετ’
1188 1440 1374 1516 ὀλίγα·
1412 1465 1439 1493 ‹‹
1489 1443 1643 1515 Χήρα
1669 1437 2047 1512 καταλεγέσθω

387 1537 464 1609 μὴ
499 1533 745 1588 ἐλάττων
779 1531 917 1587 ἐτῶν
947 1532 1222 1604 ἑξήκοντα.
1255 1555 1282 1582 ››
1324 1531 1504 1585 Κανὼν
1563 1530 1664 1604 γάρ
1723 1528 1862 1582 ἐστιν
1924 1528 2050 1582 Ἐκ-

389 1623 642 1692 κλησίας,
703 1619 1024 1699 διαγράφων
1075 1621 1266 1675 ὁποῖον
1331 1621 1472 1673 εἶναι
1532 1616 1614 1672 δεῖ
1652 1619 1744 1672 τὸν
1771 1619 2044 1673 τοιοῦτον.

401 1739 428 1764 «
477 1713 625 1770 Μετᾶ
677 1711 858 1780 πάσης
932 1709 1430 1785 ταπεινοφροσύνης
1517 1707 1608 1762 καὶ
1666 1705 1893 1762 πολλῶν
1951 1703 2048 1759 δα-

408 1801 602 1875 κρεόων.
634 1826 656 1852 ››
687 1802 956 1864 Ἐνταῦθα
989 1805 1314 1877 χαρακτῖρα
1372 1795 1724 1858 διδασκαλίας
1783 1792 2042 1862 δείκνυσι,

395 1893 466 1945 ’τὸ
493 1890 738 1963 ἔσθονον,
787 1890 852 1943 τὸ
906 1888 1120 1956 ἃοκνον,
1180 1889 1271 1942 γαῖ
1321 1887 1384 1942 τὸ
1439 1885 1738 1960 συμπαθὲς.
1799 1887 2046 1963 Ἐπασχε
2080 1910 2126 1974 Β

401 1983 499 2054 τὰς
533 1980 660 2053 ὑπὲρ
684 1983 794 2034 τῶν
825 1975 1244 2049 ἀπολλυμένων,
1302 1976 1432 2049 ὑπὲρ
1489 1980 1599 2030 τῶν
1657 1972 2046 2029 άποΛλόντων.

391 2069 495 2125 Καὶ
527 2070 590 2124 τὸ
618 2069 890 2136 ταπεινὸν,
923 2067 1011 2122 καὶ
1047 2065 1156 2144 οὐχ
1214 2063 1427 2130 ἁπλῶς,
1490 2062 1634 2119 ἀλλὰ
1680 2064 1815 2137 μετὰ
1845 2063 2046 2132 πάσης,

385 2156 1099 2237 φησὶ,ταπεινοφροσύνης·
1155 2153 1340 2210 πολλᾶ
1394 2154 1501 2228 γάρ
1533 2150 1651 2221 εἶ’δη
1710 2154 1808 2220 τῆς
1867 2171 2049 2206 ταπει-

383 2247 723 2328 νοφροῦνης,
758 2247 813 2303 ἐν
846 2245 1002 2321 λόγῳ
1049 2244 1108 2300 ἐν
1161 2242 1326 2320 ἔργῳ,
1387 2243 1524 2319 πρὸς
1581 2242 1877 2318 ἄρχοντας,
1909 2242 2045 2316 πρὸς

382 2339 743 2414 ἀρχομένους
799 2363 826 2389 ‹‹
862 2337 963 2393 Καὶ
993 2337 1057 2391 τὸ
1095 2337 1161 2389 τά
1221 2332 1566 2412 συμφέροντα
1625 2330 1821 2405 λέγειν.
1887 2354 1914 2383 η
1945 2333 2046 2388 Ἧν

387 2430 497 2505 γάρ
530 2428 562 2481 ἃ
597 2426 698 2482 οὐκ
727 2423 833 2482 ἔδει
867 2427 1076 2498 μαθεῖν.
1108 2426 1310 2499 Ὥσπερ
1369 2423 1472 2500 γὰρ
1536 2423 1598 2476 τό
1651 2441 1770 2476 τινα
1816 2420 2051 2496 κρύπτε-

383 2529 509 2581 σθαι
535 2518 767 2586 φθόνου,
802 2516 947 2570 οὕτω
976 2515 1038 2569 τὸ
1069 2515 1132 2568 τὸ
1175 2519 1276 2568 πᾶν
1332 2514 1508 2586 λέγειν
1569 2513 1780 2580 αὐτοῖς,
1841 2509 2046 2572 ἀνοίας.

384 2607 497 2664 Καὶ
538 2579 633 2660 διὰ
662 2608 761 2658 τοῦ
790 2599 1118 2678 προσέθηκε·
1155 2605 1276 2660 Τῶν
1311 2600 1722 2678 συμφερόντων,
1759 2598 1858 2654 οὐκ
1879 2597 2048 2654 εἰπεῖν

385 2696 581 2771 μόνον,
617 2693 765 2750 ἀλλὰ
794 2693 884 2749 καὶ
918 2689 1149 2763 διδάξαι.

458 2990 486 3014 α
528 2961 635 3018 Καὶ
667 2966 757 3016 νῦν
790 2959 908 3016 ἰδοὺ
939 2961 1045 3038 ἐγὼ
1076 2957 1356 3034 δεδεμένος
1387 2967 1465 3034 τῷ
1495 2959 1762 3034 πνεύματι
1812 2960 2047 3036 πορεύο-

393 3075 490 3127 μαι
555 3052 638 3115 εἷς
692 3049 1082 3126 Ἰερουσαλὴμ,
1140 3052 1206 3105 τά
1289 3050 1341 3105 ἐν
1424 3050 1562 3121 αὐτῇ
1646 3049 2050 3119 συναντήσοντά

393 3165 488 3216 μοι
528 3143 611 3217 μή
643 3139 828 3210 εἰδὼς,
859 3139 1005 3210 πλὴν
1062 3138 1147 3194 ὅτι
1203 3141 1266 3195 τὸ
1326 3143 1545 3212 Πνεῦμα
1599 3140 1663 3194 τὸ
1703 3134 1859 3214 ἅγιον
1913 3137 2048 3193 κατὰ

386 3235 556 3289 πόλιν
593 3231 1020 3308 διαμαρτύρεται
1061 3230 1240 3306 λὲγον,
1297 3231 1381 3285 ’ὁτι
1437 3227 1612 3304 δεσμά
1663 3251 1727 3303 με
1781 3229 1872 3284 καὶ
1928 3227 2048 3284 θλί-

387 3327 509 3396 ψεις
547 3322 828 3396 μένουσιν.
891 3319 1049 3376 Ἀλλ’
1098 3318 1312 3382 οὐδενὸς
1346 3317 1514 3397 λόγον
1561 3324 1848 3392 ποιοῦμαι.
1909 3315 2051 3376 Οὗδὶ

388 3411 507 3489 ἔχω
538 3413 643 3479 τὴν
675 3412 864 3488 ψυχήν
924 3430 1028 3482 μου
1085 3409 1272 3482 τιμίαν
1331 3407 1572 3480 ἒμαυτῷ,
1631 3411 1706 3470 ὼς
1761 3406 2048 3462 τελειῶσαι

388 3481 482 3557 τδν
518 3500 732 3574 δρόμον
767 3521 873 3573 μου
927 3499 1062 3572 μετὰ
1113 3504 1288 3574 χαρᾶς
1345 3498 1435 3552 καὶ
1489 3498 1590 3565 τὴν
1649 3493 1943 3566 διακονίαν,
1984 3494 2052 3565 ἥν

395 3585 602 3645 ἔλαϐον
659 3589 808 3663 παρὰ
863 3593 961 3643 τοῦ
1046 3587 1250 3662 Κυρίου
1310 3589 1510 3656 Ἰησοῦ,
1586 3583 2049 3661 διαμαρτύρασθαι

404 3679 468 3730 τὸ
491 3676 832 3754 Εὗαγγὲλιον
860 3684 960 3746 τῆς
993 3677 1224 3755 χάριτος
1280 3680 1376 3730 τοῦ
1431 3678 1585 3730 Θεοῦ.
1637 3675 1741 3730 Καὶ
1798 3679 1889 3728 νῦν
1931 3671 2050 3728 ἰδοὺ

417 3764 522 3838 ἐγὼ
572 3763 702 3834 οἶδα,
760 3767 848 3822 δτι
907 3766 1009 3820 οὐκ
1076 3764 1153 3820 ἔτι
1213 3761 1407 3839 ὄψεσθε
1471 3766 1532 3819 τὸ
1589 3763 1885 3837 πρόσωπόν
1948 3782 2052 3835 μου

418 3853 574 3926 ὑμεῖς
606 3857 782 3918 πάντες
843 3856 894 3909 ἐν
947 3857 1033 3918 οἷς
1093 3852 1345 3923 διῆλθον,
1403 3852 1692 3928 κηρύσσων
1740 3853 1838 3921 τὴν
1893 3853 2051 3925 βασι-

409 3944 556 3999 λείαν
590 3951 683 4000 τοῦ
710 3951 864 4002 Θεοῦ.
905 3944 1356 4020 Διαμαρτύρομαι
1417 3945 1543 4016 ὑμῖν
1605 3941 1656 3997 ἐν
1709 3945 1777 4015 τῇ
1811 3943 2050 4016 σήμερον

401 4038 610 4109 ἡμέρᾳ,
642 4037 728 4090 ὅτι
753 4037 986 4110 καθαρὸς
1017 4033 1124 4110 ἐγὼ
1156 4034 1261 4090 ἀπὸ
1289 4037 1386 4089 τοῦ
1416 4031 1654 4107 α’ίματος
1701 4031 1940 4088 πάντων.
1973 4031 2052 4088 Οὐ

394 4126 500 4203 γαρ
536 4124 940 4199 ὑπεστειλάμην
978 4126 1108 4199 ὑμῖν
1135 4130 1234 4180 τοῦ
1269 4124 1347 4198 μὴ
1408 4120 1722 4198 ἀναγγεῖλαι
1751 4126 1924 4177 πᾶσαν
1952 4121 2052 4190 τήν

391 4214 615 4291 βουλὴν
644 4219 743 4269 τοῦ
773 4219 925 4274 Θεοῦ,
953 4239 980 4265 ››

470 4302 743 4368 Ἐνταῦθα
771 4302 846 4365 εἰς
903 4305 990 4371 τὸ,
1052 4300 1372 4376 Δεδεμὲνος,
1423 4299 1506 4357 δεῖ
1545 4301 1847 4372 ὑποστίξαι,
1877 4299 1972 4356 ’ίνα
2020 4299 2057 4376 ᾖ

389 4393 616 4449 διάνοια
673 4392 922 4463 τοιαύτη·
985 4392 1300 4467 Ηορεύομαι
1349 4391 1426 4456 εἷς
1483 4387 1874 4466 Ἰερουσαλὴμ,
1926 4409 2058 4464 προ-

389 4485 564 4560 γνοὺς
599 4481 692 4538 διὰ
720 4488 816 4538 τοῦ
845 4483 1150 4557 πνεύματος
1196 4483 1264 4537 τὰ
1320 4481 1572 4554 ἐσόμενα,
1633 4479 1940 4556 πορεύομαι
1999 4477 2058 4536 δὲ

392 4573 628 4648 δέσμιος
661 4573 756 4629 ὢν.
795 4571 1046 4631 Εἷταθίνα
1091 4575 1166 4646 μὴ
1225 4569 1422 4645 δεσμὸν
1482 4568 1518 4640 ἤ
1580 4571 1820 4646 ἀνάγκην
1854 4569 2054 4644 νομίσῃ

2161 626 2360 696 posuit
2389 627 2698 700 episcopos
2731 629 2801 684 ad
2837 632 3160 702 regendum
3194 633 3517 690 Ecclesiam
3546 637 3704 691 Dei.»
3730 640 3810 693 Ex

2161 714 2424 786 Epistola
2449 733 2584 772 vero
2617 719 2689 773 ad
2711 720 2902 774 Titum
2941 737 2952 774 :
2980 745 3005 770 ‹‹
3039 722 3102 776 Et
3140 723 3466 779 constitues
3523 741 3629 796 per
3681 728 3810 783 sin-

2161 803 2329 876 gulas
2359 806 2624 862 civitates
2656 810 3032 881 presbyteros
3082 812 3236 866 sicut
3279 831 3382 886 ego
3434 815 3540 869 tibi
3574 816 3809 874 ordina-

2160 909 2286 948 ram
2318 891 2381 948 ‘9.
2414 916 2442 943 ››
2478 897 2555 951 Ex
2590 897 2853 968 Epistola
2875 900 2947 953 ad
2981 901 3432 972 Philippenses:
3468 927 3494 952 ‹‹
3529 905 3636 969 Qui
3670 912 3812 961 sunt

2160 983 2452 1054 Philippis
2475 1002 2595 1040 una
2626 1003 2762 1042 cum
2795 989 3091 1061 episcopis
3122 1008 3188 1046 ac
3222 991 3486 1048 diaconis
3517 993 3580 1047 ²⁰.
3614 1017 3641 1043 ››
3673 997 3810 1067 Opi-

2161 1089 2273 1127 nor
2301 1079 2500 1129 autem
2532 1076 2688 1146 quod
2721 1095 2790 1132 ex
2823 1079 3018 1149 priore
3050 1097 3286 1152 quoque
3334 1083 3409 1137 ad
3439 1083 3812 1140 Timotheum

2160 1178 2195 1217 a
2223 1164 2567 1234 conjectura
2598 1165 2857 1238 idipsum
2891 1169 3141 1241 intelligi
3174 1176 3387 1241 potest.
3420 1172 3529 1226 «Si
3561 1173 3813 1244 quisin-

2160 1253 2308 1323 quit,
2338 1255 2742 1327 episcopatum
2774 1259 3020 1330 appetit,
3049 1261 3367 1317 honestum
3397 1279 3545 1334 opus
3576 1262 3809 1319 deside-

2158 1347 2268 1398 rat.
2304 1344 2547 1415 Oportet
2585 1347 2762 1418 igitur
2819 1349 3162 1421 episcopum
3222 1352 3812 1422 irreprehensibilem

2159 1449 2288 1488 esse
2311 1433 2378 1488 θ’.
2416 1457 2444 1483 ››
2476 1437 2571 1492 15
2590 1439 2620 1490 1
2652 1439 2721 1491 Et
2751 1443 2885 1508 post
2911 1455 3129 1510 pauca:
3155 1463 3181 1490 ‹‹
3208 1441 3395 1496 Vidua
3423 1442 3812 1515 eligaturnon

2157 1523 2356 1577 minor
2385 1526 2690 1597 sexaginta
2714 1528 2908 1584 annis.
2939 1530 3258 1585 nEstenim
3289 1531 3807 1606 Ecclesimregula,

2159 1611 2506 1668 describens
2538 1615 2776 1686 qualem
2793 1634 2923 1672 esse
2940 1623 3490 1692 oporteateum,qui
3507 1622 3814 1694 hujusmo-

2155 1701 2213 1756 di
2231 1707 2338 1756 est.
2357 1725 2383 1752 «
2400 1704 2544 1758 Cum
2560 1706 2723 1760 omni
2756 1707 3248 1766 animimodestia
3276 1711 3810 1786 multisquelacry-

2156 1792 2327 1846 mis.»
2351 1796 2466 1848 Hoc
2489 1793 2617 1849 loco
2640 1796 2874 1869 signum
2895 1797 3178 1854 doctrinm
3200 1800 3812 1874 demonstrat,nempe

2157 1880 2381 1936 invidia
2401 1882 2676 1955 fastuque
2699 1903 2900 1942 carere
2943 1905 3008 1943 ac
3022 1889 3816 1948 condolescere.Patiebatur

2159 1987 2442 2041 namque,
2476 1979 2533 2027 et
2575 1990 2681 2044 pro
2714 1977 3071 2046 peruntibus
3103 1984 3161 2033 et
3203 1997 3308 2050 pro
3340 1981 3432 2035 his
3465 1981 3565 2052 qui
3599 1981 3809 2053 perde-

2156 2060 2396 2116 bant.Et
2425 2062 2565 2116 item
2596 2064 2906 2121 humilitas
2930 2084 3038 2122 nec
3057 2068 3515 2141 qualiscunque,
3541 2072 3644 2126 sed
3675 2088 3810 2126 cum

2157 2149 2562 2220 omni,inquit,
2579 2154 2765 2208 animi
2788 2156 3081 2212 modestia
3112 2159 3231 2212 sive
3264 2159 3628 2214 humilitate:
3653 2159 3810 2214 mul-

2159 2242 2230 2292 ta:
2265 2239 2424 2294 enim
2458 2247 2598 2296 sunt
2646 2243 3001 2300 humilitatis
3061 2248 3309 2318 species,
3341 2265 3557 2320 nempe
3592 2249 3652 2304 in
3685 2267 3812 2304 ser-

2157 2343 2354 2395 mone,
2383 2329 2445 2384 in
2477 2332 2758 2401 opere,ad
2781 2334 3186 2406 principesad
3218 2353 3318 2392 eos
3351 2338 3448 2408 qui
3469 2338 3813 2410 gubernan-

2157 2420 2270 2471 tur.
2305 2440 2332 2466 «
2369 2419 2583 2474 Eorum
2615 2437 2746 2490 quas
2777 2422 2943 2477 vobis
2973 2425 3146 2480 utilia
3173 2433 3430 2481 essent.»
3464 2430 3607 2482 Nam
3645 2433 3817 2484 erant

2157 2523 2288 2577 qua:
2319 2525 2439 2562 non
2473 2510 2824 2580 expediebat
2852 2513 3101 2570 discere.
3149 2516 3308 2570 Sicut
3337 2517 3816 2588 qumdamoccul-

2157 2600 2280 2652 tare
2303 2597 2478 2652 datur
2507 2599 2764 2663 invidia},
2789 2602 2871 2656 ita
2899 2620 3135 2658 rursum
3165 2621 3288 2659 rem
3311 2623 3549 2662 omnem
3569 2609 3655 2662 eis
3673 2625 3812 2680 ape-

2155 2687 2686 2758 rire,insipientiaa.
2705 2692 2775 2745 Et
2805 2699 3120 2764 propterea
3151 2694 3382 2751 addidit
3410 2699 3659 2753 :Eorum
3679 2715 3809 2769 qua)

2157 2776 2322 2831 vobis
2354 2777 2526 2832 utilia
2548 2786 2770 2848 essent,
2797 2797 2866 2837 ea
2895 2782 3140 2854 inquam
3173 2801 3295 2840 non
3327 2786 3524 2842 dicere
3557 2792 3810 2860 tantum,

2156 2881 2357 2920 verum
2389 2866 2569 2922 etiam
2610 2868 2844 2924 docere.

2227 2953 2345 3016 XX,
2371 2958 2562 3011 22-24.
2597 2980 2622 3006 ‹‹
2658 2959 2728 3012 Ει
2756 2975 2916 3015 nunc
2949 2978 3084 3017 ecce
3107 2979 3212 3033 ego
3252 2965 3527 3036 alligatus
3586 2968 3809 3039 Spiritu

2155 3044 2504 3114 proficiscor
2531 3047 2880 3112 Jerusalem,
2913 3067 3044 3120 quae
3073 3051 3135 3106 in
3167 3068 3237 3106 ea
3274 3054 3422 3108 mihi
3483 3055 3807 3111 obventura

2158 3140 2299 3188 sunt
2346 3135 2649 3206 ignorans,
2702 3139 2817 3193 nisi
2863 3141 3021 3210 quod
3078 3141 3330 3212 Spiritus
3391 3150 3631 3200 sanctus
3703 3163 3810 3217 per

2160 3223 2492 3296 singulares
2524 3226 2787 3282 civitates
2837 3229 3210 3299 testificatur,
3244 3232 3448 3288 dicens
3493 3235 3651 3304 quod
3681 3236 3811 3290 vin-

2161 3313 2294 3368 cula
2325 3319 2384 3368 et
2412 3315 2768 3371 afﬂictiones
2799 3335 2895 3373 me
2927 3326 3227 3376 maneant.
3264 3323 3476 3378 Verum
3530 3324 3682 3378 nihil
3712 3342 3808 3379 me

2161 3408 2373 3458 movet.
2410 3406 2608 3476 Neque
2656 3407 2833 3462 vitam
2891 3425 3086 3464 meam
3146 3410 3335 3467 habeo
3382 3413 3526 3467 mihi
3576 3414 3638 3468 in
3686 3414 3810 3469 ullo

2161 3494 2350 3565 pretio
2385 3511 2398 3548 :
2431 3500 2498 3550 ut
2525 3513 2918 3553 consummen
2945 3516 3185 3554 cursum
3235 3518 3434 3557 meum
3492 3520 3625 3558 cum
3678 3520 3814 3575 gau-

2162 3583 2280 3646 dio,
2308 3589 2365 3638 et
2390 3585 2791 3641 ministerium
2825 3589 2981 3659 quod
3027 3591 3229 3662 accepi
3261 3608 3295 3646 a
3345 3593 3594 3648 Domino
3650 3595 3810 3663 Jesu,

2163 3673 2236 3728 ad
2269 3674 2708 3731 testificandum
2737 3677 3110 3750 Evangelium
3142 3682 3345 3752 gratim
3378 3683 3500 3738 Dei.
3534 3685 3604 3737 Et
3651 3700 3811 3738 nunc

2164 3779 2297 3817 ecce
2332 3779 2435 3835 ego
2469 3765 2590 3820 scio
2624 3765 2781 3836 quod
2827 3768 3074 3836 posthac
3128 3786 3249 3824 non
3293 3771 3568 3826 videbitis
3597 3773 3810 3827 faciem

2163 3870 2356 3909 meam
2388 3870 2486 3908 vos
2543 3871 2752 3909 omnes
2807 3873 2913 3927 per
2969 3875 3117 3928 quos
3177 3861 3419 3914 transivi
3479 3862 3813 3932 prmdicans

2162 3959 2410 4015 regnum
2438 3943 2561 3997 Dei.
2606 3945 2976 4016 QuaprOpter
3031 3953 3334 4002 contestor
3390 3967 3489 4004 vos
3521 3950 3810 4006 hodierno

2164 4033 2278 4102 die,
2314 4032 2473 4104 quod
2496 4033 2757 4090 mundus
2790 4051 2894 4107 ego
2930 4036 3040 4091 sim
3100 4054 3135 4092 a
3189 4039 3475 4111 sanguine
3520 4040 3808 4098 omnium.

2164 4125 2290 4178 Non
2321 4123 2481 4178 enim
2515 4123 2839 4194 subterfugi
2868 4142 2986 4196 quo
3017 4127 3216 4184 minus
3247 4130 3670 4185 annuntiarem
3712 4147 3814 4185 vo-

2164 4213 2256 4268 bis
2287 4230 2466 4269 omne
2487 4215 2805 4270 consilium
2836 4217 2958 4272 Dei.
2995 4238 3023 4268 »

2237 4303 2664 4360 Subdistinctio
2696 4305 2808 4360 hoc
2845 4306 2976 4362 loco
3008 4309 3284 4379 ponenda
3313 4317 3400 4365 est
3431 4316 3565 4382 post
3594 4311 3814 4366 dictio-

2166 4392 2719 4466 nem,Alligatus,ut
2739 4396 2815 4449 sit
2844 4397 2969 4452 hinc
2996 4400 3328 4454 sententia:
3362 4401 3712 4456 Proﬁciscor
3725 4401 3816 4456 Je-

2166 4481 2426 4538 rusalem
2449 4484 2733 4555 praescius
2765 4502 2871 4556 per
2899 4487 3185 4558 Spiritum
3225 4507 3355 4560 qua:
3390 4490 3538 4545 mihi
3567 4496 3817 4546 ventura

2169 4572 2308 4636 sint,
2337 4572 2682 4642 proficiscor
2711 4581 2908 4629 autem
2942 4576 3236 4649 alligatus.
3273 4578 3498 4634 Deinde
3548 4596 3621 4634 ne
3680 4580 3814 4650 quis

388 4686 500 4728 τις,
534 4661 741 4718 καῖ’ἱνα
800 4659 944 4736 δείξῃ
1002 4661 1086 4716 ὅτι
1145 4661 1280 4716 ἑκὼν
1341 4658 1660 4734 ἀπέρχεται,
1721 4657 1904 4731 φησὶν,
1963 4657 2042 4712 ὅτι

2163 4667 2365 4716 catena
2393 4666 2497 4715 aut
2523 4664 2878 4719 necessitate
2917 4665 3224 4737 alligatum
3284 4668 3603 4734 existimet,
3627 4674 3811 4738 utque

391 4753 547 4810 Κατᾶ
587 4752 752 4808 πόλιν
782 4749 954 4825 δεσμά
999 4772 1060 4825 με
1111 4751 1203 4805 καὶ
1257 4749 1472 4823 θλίψεις
1509 4750 1781 4821 μένουσιν.
1816 4774 1842 4799 ιι
1879 4749 2055 4802 Καθα-

393 4845 490 4917 ρός
522 4843 660 4914 εἰμι,
695 4842 879 4921 φησὶν,
926 4841 1034 4897 ἀπὸ
1093 4843 1188 4897 τοῦ
1251 4836 1475 4912 α’ίματος
1533 4837 1773 4904 πάντων,
1802 4859 1830 4888 ››
1868 4835 1914 4890 εἰ
1961 4857 2048 4890 νυ-

390 4935 678 5003 στάξαντες
715 4932 1020 5001 ἀποθάνητε
1061 4930 1168 4984 ἀπὸ
1223 4933 1319 4984 τοῦ
1377 4931 1640 5006 φο-ιευτοῦ
1696 4931 1806 4982 τῶν
1837 4925 2050 4999 ψυχῶν·

385 5025 454 5080 τὸ
484 5027 588 5099 γὰρ
614 5026 711 5080 τοῦ
741 5021 1100 5092 διδασκάλου,
1132 5021 1288 5098 φησὶ,
1320 5019 1701 5088 πεποίηκα,τῷ
1725 5015 2048 5092 ἀπαγγεῖλαι

391 5117 520 5186 ὑμῖν
548 5117 646 5186 τήν
679 5113 899 5192 βουλὴν
928 5116 1027 5168 τοῦ
1081 5115 1237 5168 Θεοῦ.
1268 5111 1410 5184 ’Ἄρα
1440 5109 1468 5164 ὁ
1529 5109 1605 5181 μή
1658 5105 1857 5182 λέγων,
1887 5105 2050 5161 ὑπεύ-

384 5217 538 5269 θυνος
569 5211 666 5263 τοῦ
699 5203 945 5280 αἳματός
979 5200 1116 5268 ἐστι,
1144 5197 1393 5255 τουτέστι
1423 5204 1524 5268 τῆς
1576 5203 1791 5275 σφαγῆς
1850 5195 2047 5253 αὐτῶν.

377 5299 610 5356 Δείκνυσι
643 5299 838 5354 τοίνυν
872 5292 960 5348 δτι
990 5291 1230 5346 κάκεῖνοι
1261 5287 1322 5343 ἄν
1383 5290 1459 5362 μὴ
1515 5292 1766 5354 ποιῶσιν,
1824 5286 2049 5341 ὑπεύθυ-

373 5393 454 5448 νοί
481 5394 582 5452 εἶσι
613 5397 717 5450 τοῦ
755 5385 913 5444 ἰδίου
939 5379 1193 5454 α’ίματος·
1229 5377 1297 5436 δι’
1331 5381 1361 5435 δ
1399 5378 1489 5436 καὶ
1521 5372 1683 5456 φοϐεῖ
1720 5377 1937 5439 αὐτούς·

403 5613 431 5638 υ
463 5575 806 5660 Προσέχετε
844 5564 950 5622 οὗν
988 5561 1200 5623 ἑαυτοῖς
1229 5559 1319 5616 καὶ
1357 5557 1519 5616 παντὶ
1576 5562 1657 5632 τῷ
1687 5554 1958 5632 ποιμνίῳ,
1991 5555 2044 5610 ἐν

371 5780 417 5818 ιθ
439 5774 602 5834 Tim.
641 5781 686 5834 ι,
728 5761 795 5823 5,
830 5747 890 5786 ²⁰
926 5740 1190 5814 Philipp.
1222 5759 1262 5813 ι,
1295 5745 1347 5802 1.
1380 5741 1424 5779 ’ί
1456 5742 1481 5798 1
1509 5741 1658 5800 Tim.
1691 5756 1777 5797 ιιι.

2163 4749 2438 4804 ostendat
2465 4749 2624 4819 quod
2655 4758 2864 4822 sponte
2898 4756 3311 4825 proﬁciscatur
3343 4773 3355 4810 :
3382 4758 3494 4811 Per
3522 4756 3808 4827 singulas,

2162 4838 2378 4910 inquit,
2413 4839 2644 4894 civitate
2676 4840 2911 4896 vincula
2940 4849 3000 4897 et
3028 4843 3384 4900 afflictiones
3415 4861 3509 4899 me
3543 4851 3808 4901 manent.

2161 4951 2190 4978 ‹‹
2223 4927 2474 4983 Mundus
2505 4945 2539 4983 a
2569 4929 2854 5001 sanguine
2887 4933 3177 5000 omnium,
3215 4955 3236 4982 ι
3275 4934 3323 4988 si
3366 4934 3810 4992 obdormientes

2161 5017 2516 5073 occidamini
2566 5018 2638 5072 ab
2698 5020 3001 5077 homicida
3049 5023 3386 5080 animarum
3423 5025 3620 5096 :quod
3651 5026 3812 5080 enim

2160 5108 2543 5180 praaceptoris
2570 5114 2659 5163 est
2688 5111 2909 5182 peregi,
2938 5128 3152 5184 nempe
3183 5120 3248 5168 ut
3276 5116 3812 5170 annuntiaremvo-

2158 5197 2252 5252 bis
2283 5198 2384 5252 Dei
2417 5198 2756 5253 consilium.
2779 5201 2983 5271 Itaque
3017 5203 3116 5273 qui
3150 5220 3270 5257 non
3302 5205 3640 5272 annuntiat,
3672 5221 3810 5260 reus

2159 5287 2466 5358 sanguinis
2497 5294 2604 5353 est,
2643 5290 2794 5345 15⁸2
2829 5290 2938 5346 hoc
2970 5299 3060 5347 est
3089 5293 3267 5349 caedis
3295 5294 3812 5350 eorum.Ostendit

2158 5376 2336 5450 igitur
2365 5377 2502 5432 illos
2531 5379 2918 5449 quoque,nisi
2947 5398 3017 5437 ea
3047 5384 3495 5454 compleverint,
3522 5401 3656 5440 reos
3673 5401 3810 5456 pro-

2156 5467 2270 5539 prii
2298 5467 2426 5523 fore
2458 5469 2765 5541 sanguinis
2791 5487 2804 5523 :
2838 5477 3082 5544 pr0pter
3107 5473 3265 5544 quod
3297 5475 3475 5530 etiam
3495 5479 3809 5530 terreteos.

2226 5557 2346 5626 XX,
2378 5559 2603 5613 28-32.«
2621 5559 2913 5616 Attendite
2946 5562 3123 5634 igitur
3147 5563 3308 5620 vobis
3332 5569 3665 5634 cunctoque
3678 5576 3808 5633 gre-
