4112 6404
395 378 515 440 259

1525 366 1938 431 (ECUMENII
1986 364 2295 427 TRICCIE
2338 365 2694 428 EPISCOPI

3706 366 3824 429 260

389 514 475 588 gi:
510 514 571 568 in
605 528 719 583 quo
748 527 846 565 vos
874 508 1127 580 Spiritus
1159 510 1398 563 sanctus
1416 506 1616 579 posuit
1645 500 2036 577 episcoposad

2156 500 2371 575 ᾦῦμᾶς
2401 499 2463 556 τὸ
2495 505 2713 575 Πνεῦμα
2765 499 2829 557 τὸ
2884 501 3039 576 ἅγιον
3096 498 3246 557 ἔθετο
3303 497 3635 563 ἐπισκόπους
3681 519 3781 555 ποι

391 601 715 674 regendum
745 598 1071 653 Ecclesium
1118 597 1244 665 Dei,
1301 611 1480 668 quam
1539 594 1851 666 acquisivit
1902 608 2057 675 san:

388 693 564 764 guine
596 705 722 745 suo.
758 690 875 761 Ego
909 688 1069 743 enim
1131 686 1267 742 novi
1320 688 1452 750 hoc,
1513 684 1673 756 quod
1719 681 2058 752 ingressur1

397 780 517 835 sint
552 784 685 851 post
741 777 1073 833 discessum
1128 792 1328 831 meum
1386 775 1512 847 lupi
1554 791 1759 847 graves
1812 773 1874 827 in
1931 788 2049 838 vos,

401 886 521 925 non
555 873 869 940 parcentes
898 867 1079 940 gregi.
1114 867 1183 921 Et
1215 883 1283 920 ex
1313 865 1474 919 vobis
1530 864 1677 935 ipsis
1709 862 2054 918 exorientur

392 959 498 1013 viri
531 960 848 1030 loquentes
896 971 1193 1028 perversa,
1247 960 1313 1010 ut
1368 953 1669 1011 abducant
1724 949 2051 1023 discipulos

387 1054 522 1120 post
607 1064 690 1102 se.
774 1045 1001 1103 Idcirco
1072 1045 1330 1117 vigilate,
1382 1059 1678 1099 memores
1728 1040 1886 1113 quod
1942 1055 2050 1111 per

388 1138 717 1193 triennium
750 1141 924 1192 nocte
950 1152 1017 1191 ac
1048 1134 1143 1191 die
1186 1151 1309 1190 non
1357 1133 1712 1190 cessaverim
1770 1148 1905 1187 cum
1962 1129 2045 1186 la-

387 1227 607 1298 crymis
669 1242 911 1282 monere
960 1240 1467 1295 unumquemque.
1534 1225 1631 1291 Et
1672 1238 1835 1277 nunc
1882 1236 2045 1276 com-

388 1317 607 1372 mendo
638 1333 742 1371 vos
769 1315 984 1371 fratres
1010 1317 1127 1371 Deo
1161 1320 1218 1369 et
1275 1313 1538 1371 sermoni
1568 1313 1772 1386 gratia)
1830 1310 2041 1382 ipsius,

387 1407 487 1478 qui
520 1411 729 1478 potens
763 1412 853 1462 est
883 1410 1295 1476 superstruere
1326 1411 1386 1460 et
1436 1403 1576 1460 dare
1632 1401 2042 1458 hazreditatem

384 1497 543 1552 inter
572 1496 972 1552 sanctiﬁcatos
1005 1512 1233 1551 omnes.
1272 1516 1299 1544 η

458 1680 581 1735 Duo
612 1680 882 1751 praacipit
910 1684 977 1734 ut
1001 1678 1224 1735 faciant
1241 1678 1865 1751 praeceptoresNeque
1879 1674 2039 1730 enim

385 1770 622 1827 lucrum
647 1771 825 1826 aﬂ‘ert
854 1770 1007 1825 alios
1046 1774 1279 1825 tantum
1310 1769 1605 1842 corrigere
1633 1785 1645 1822 :
1678 1784 1873 1839 neque
1923 1766 2039 1822 sui-

2172 592 2381 666 μαίνειν
2413 593 2514 661 τήν
2547 590 2875 663 Ἐκκλησίαν
2925 595 3020 647 τοῦ
3078 595 3238 664 Θεοῦ,
3295 589 3362 662 ἢν
3396 590 3818 666 περιεποιήσατο

2168 678 2257 736 διὰ
2284 686 2380 737 τοῦ
2434 679 2578 738 ίδίου
2637 679 2894 758 αἵματος.
2948 680 3095 757 Ἐγὼ
3143 680 3249 759 γὰρ
3304 676 3432 736 οῖδα
3488 684 3675 749 τοῦτο,
3734 678 3822 735 δτι

2165 771 2560 829 εἰσελεύσονται
2590 774 2726 847 μετά
2755 775 2857 843 τὴν
2891 773 3067 853 ἄφιξίν
3122 796 3228 848 μου
3282 772 3442 831 λύκοι
3503 776 3691 852 βαρεῖς
3739 774 3817 839 εἷς

2166 861 2326 934 ὑμᾶς,
2381 864 2459 936 μή
2514 861 2830 942 φειδόμενοι
2886 867 2982 919 τοῦ
3041 865 3325 937 ποιμνίου.
3389 864 3495 921 Καὶ
3550 862 3602 934 ἐξ
3662 862 3818 937 ὑμῶν

2159 949 2337 1006 αὐτῶν
2417 953 2812 1023 ἀναστήσονται
2881 950 3068 1029 ἄνδρες
3147 952 3443 1017 λαλοῦντες
3524 950 3822 1029 διεστραμ-

2161 1039 2315 1113 μένα,
2346 1046 2443 1097 τοῦ
2473 1043 2721 1115 ἀποσπᾷν
2751 1042 2878 1105 τοὺς
2939 1044 3185 1117 μαθητὰς
3241 1044 3416 1101 ὀπίσω
3464 1042 3666 1100 αὐτῶν.
3735 1044 3819 1100 Δι’

2157 1130 2186 1185 ὃ
2239 1138 2591 1209 γρηγορεῖτε,
2651 1133 3111 1206 μνημονεύοντες,
3183 1132 3266 1190 ὅτι
3351 1133 3587 1209 τριετίαν
3642 1132 3816 1189 νύκτα

2154 1219 2247 1275 καὶ
2303 1219 2511 1296 ἡμέραν
2573 1221 2673 1277 οὐκ
2728 1221 3049 1298 ἐπαυσάμην
3113 1222 3248 1298 μετά
3317 1220 3565 1299 δακρύων
3620 1223 3818 1278 νουθε-

2155 1314 2263 1364 τῶν
2321 1306 2411 1366 ’ένα
2459 1309 2709 1369 ἕκαστον.
2776 1312 2880 1370 Καὶ
2962 1314 3031 1369 τὰ
3078 1316 3166 1368 νῦ)
3246 1313 3591 1389 παρατίθημι
3677 1312 3821 1385 ὑμᾶς

2154 1396 2405 1477 ἀδελφοὶ,
2437 1404 2515 1472 τῷ
2546 1405 2685 1474 Θεῷ,
2716 1401 2807 1457 καὶ
2838 1406 2916 1474 τῷ
2943 1400 3097 1479 λόγῳ
3126 1409 3226 1473 τῆς
3255 1402 3483 1479 χάριτος
3515 1402 3706 1470 αὐτοῦ,
3735 1404 3820 1474 τῷ

2153 1486 2430 1564 δυναμένῳ
2459 1488 2894 1565 ἐποικοδομῆσαι
2924 1492 3014 1547 καὶ
3048 1490 3229 1549 δοῦναι
3264 1493 3393 1567 ὑμῖν
3431 1489 3814 1569 κληρονομίαν

2154 1583 2206 1640 ἐν
2234 1590 2352 1649 τοῖς
2379 1585 2737 1660 ἡγιασμένοις
2769 1590 2960 1647 πᾶσιν.

2225 1673 2329 1731 Δύο
2359 1674 2655 1751 προτάσσει
2683 1681 2858 1732 ποιεῖν
2885 1678 3012 1741 τοὺς
3063 1673 3446 1740 διδασκάλους.
3501 1673 3644 1734 Οὔτε
3700 1676 3812 1754 γὰρ

2151 1765 2212 1820 τὸ
2242 1764 2459 1839 ἑτέρους
2488 1770 2787 1842 κατορθοῦν
2825 1763 2989 1841 μόνον
3017 1760 3133 1843 ἔχει
3183 1764 3395 1843 κέρδος,
3430 1762 3555 1823 οὔτε
3591 1767 3654 1822 τὸ
3685 1765 3817 1821 ἑαυ-

386 1859 574 1930 ipsius
604 1876 808 1915 curam
841 1864 1069 1915 tantum
1101 1857 1691 1931 liabere,hujusmodi
1724 1857 1884 1913 enim
1915 1856 2036 1913 sui-

2151 1860 2246 1911 τοῦ
2310 1855 2479 1930 μόνου
2527 1856 2926 1930 ἐπιμελεῖσθαι·
2988 1857 3153 1934 ὁγὰρ
3208 1861 3456 1920 τοιοῦτος
3512 1855 3804 1933 φίλαυτος.

384 1949 574 2019 ipsius
605 1954 836 2004 tantum
867 1965 1036 2004 amor
1065 1954 1174 2004 est.
1200 1948 1638 2004 Advertendum
1670 1952 1867 2003 autem
1882 1946 2040 2017 quod

387 2056 490 2094 eos
523 2038 785 2109 appellet
812 2054 971 2093 nunc
1004 2038 1336 2109 episcopos,
1370 2054 1520 2107 quos
1549 2037 1610 2091 in
1632 2034 2040 2107 superioribus

383 2128 535 2182 dixit
561 2127 937 2199 presbyteros
962 2134 1092 2183 :aut
1121 2127 1255 2184 ideo
1287 2127 1445 2198 quod
1476 2142 1720 2182 necesse
1753 2130 1843 2183 est
1862 2141 2041 2197 super

383 2216 705 2273 rationales
728 2216 1005 2273 Ecclesia:
1035 2234 1240 2290 greges
1271 2217 1331 2272 in
1366 2216 1610 2288 specula
1626 2232 1755 2271 esse
1781 2231 1793 2269 :
1816 2215 2039 2286 nequis

386 2308 502 2364 ﬁde
534 2314 880 2377 aegrotet,ne
910 2308 1046 2379 quis
1077 2308 1303 2364 esuriat
1321 2313 1425 2363 aut
1452 2306 1716 2375 sitiat,an
1739 2305 2037 2378 quispiam

384 2397 859 2469 reprehensione
890 2402 1058 2470 egeat
1085 2398 1177 2452 vel
1207 2397 1710 2453 coercitione.Aut
1726 2396 2037 2468 episcopos

381 2493 551 2542 vocat
570 2488 668 2542 hic
699 2504 800 2543 eos
830 2488 931 2558 qui
962 2504 1095 2543 vere
1127 2493 1269 2543 sunt
1299 2486 1560 2558 episcopi

453 2578 571 2643 XX,
606 2578 795 2632 33-38.
825 2599 853 2627 ‹‹
884 2580 1203 2649 Argentum
1237 2581 1296 2631 et
1315 2592 1525 2633 aurum
1548 2579 1884 2630 autvestem
1901 2572 2034 2629 nul-

378 2667 502 2724 lius
533 2667 884 2739 concupivi:
919 2668 1024 2723 sed
1076 2668 1189 2739 ipsi
1223 2667 1386 2723 scitis
1445 2665 1604 2737 quod
1663 2664 2040 2721 necessitati-

380 2758 492 2813 bus
524 2759 696 2825 meis,
732 2764 791 2814 et
820 2759 915 2813 his
946 2758 1045 2829 qui
1080 2774 1315 2814 mecum
1348 2763 1487 2813 sunt
1531 2754 2040 2828 suppeditaverint

386 2862 600 2901 manus
630 2848 743 2903 has.
776 2847 989 2902 Omnia
1022 2847 1481 2903 commonstravi
1524 2845 1711 2911 vobis,
1762 2844 1920 2916 quod
1953 2843 2038 2899 sic

382 2935 728 2993 laborantes
760 2941 1030 3008 oporteat
1069 2938 1369 3008 suscipere
1400 2935 1753 3001 imbecilles,
1813 2951 1880 2990 ac
1911 2950 2039 2990 me-

383 3026 633 3081 minisse
676 3026 992 3082 verborum
1055 3026 1287 3081 Domini
1344 3027 1502 3094 Jesu,
1561 3024 1845 3096 quoniam
1910 3024 2037 3095 ipse

382 3114 574 3170 dixit:
627 3116 869 3171 Beatum
912 3121 1003 3171 est
1058 3115 1198 3173 dare
1254 3115 1453 3187 potius
1510 3130 1689 3186 quam
1744 3114 2034 3185 accipere.

375 3204 641 3275 Cumque
674 3204 801 3261 haec
829 3204 1097 3272 dixisset,
1139 3205 1348 3276 positis
1406 3203 1656 3277 genibus
1702 3204 1827 3259 suis
1849 3203 2037 3259 oravit

378 3310 515 3349 cum
545 3294 825 3350 omnibus
850 3295 987 3349 illis.
1024 3296 1267 3367 Magnus
1305 3300 1502 3351 autem
1561 3293 1739 3349 ﬂetus
1795 3297 2034 3348 coortus

376 3386 468 3437 est
496 3384 785 3446 omnium,
820 3389 878 3438 et
908 3390 1150 3439 ruentes
1202 3384 1263 3438 in
1317 3383 1539 3438 collum
1599 3383 1766 3438 Pauli
1797 3382 2032 3439 oscula-

378 3471 601 3527 bantur
629 3489 766 3527 eum
798 3472 1090 3539 dolentes,
1122 3472 1465 3528 maximeob
1496 3488 1835 3528 sermonem
1857 3488 2035 3543 quem

378 3559 627 3629 dixerat,
664 3562 824 3633 quod
858 3562 1117 3632 amplius
1148 3562 1360 3618 faciem
1389 3562 1518 3633 ejus
1548 3578 1669 3617 non
1701 3567 1903 3618 essent
1950 3562 2031 3616 vi-

379 3651 526 3706 suri.
561 3653 631 3707 Et
665 3652 1043 3709 deducebant
1071 3670 1208 3710 eum
1250 3653 1325 3709 ad
1356 3669 1587 3710 navem.
1619 3675 1648 3704 ››

446 3828 605 3885 153
633 3852 660 3879 ‹‹
694 3832 1016 3903 Argentum
1050 3838 1108 3888 et
1137 3849 1370 3899 aurum,
1406 3855 1434 3883 ››
1464 3836 1576 3887 etc.
1612 3830 1896 3887 Malorum
1926 3847 2030 3888 ra-

372 3917 566 3974 dicem
600 3920 997 3994 tollit,nempe
1017 3923 1550 3995 avaritiamNeque
1569 3922 1727 3977 enim
1744 3921 2031 3993 simplici—

374 4013 463 4064 ter
492 4010 791 4073 dicit,Non
822 4013 1051 4084 accepi,
1084 4014 1209 4079 sed,
1244 4016 1444 4084 Neque
1467 4012 2033 4083 concupivi.Deinde

372 4100 636 4155 ostendit
660 4101 818 4171 quod
845 4120 981 4159 vera
1003 4104 1387 4175 eleemosyna
1430 4120 1498 4158 ex
1522 4103 1781 4175 propriis
1812 4103 2034 4159 labori-

370 4187 482 4242 bus
516 4188 641 4243 ﬁeri
660 4190 875 4246 debeat
894 4192 1204 4263 egentibus
1227 4208 1323 4247 :ex
1343 4192 1559 4247 alienis
1582 4193 1876 4263 siquidem
1891 4193 2033 4248 dare

370 4293 493 4331 non
527 4283 617 4333 est
648 4279 987 4335 honestum.
1006 4280 1388 4336 Postmodum
1408 4281 1482 4336 ad
1505 4282 1682 4353 hujus
1702 4283 1879 4337 etiam
1895 4298 2031 4338 con-

374 4366 797 4435 ﬁrmationem,
832 4369 1177 4425 vaticinium
1213 4371 1446 4425 Domini
1475 4388 1614 4426 voce
1647 4371 1873 4427 dictum
1901 4388 2031 4427 esse

374 4456 611 4522 asserit,
636 4457 792 4527 quod
825 4476 984 4513 nunc
1014 4459 1074 4514 in
1108 4459 1410 4531 Scriptura
1438 4477 1561 4515 non
1592 4461 1893 4516 invenitur
1926 4477 1939 4516 :
1974 4465 2033 4516 et

366 4547 640 4603 fortassis
663 4548 721 4602 id
754 4548 979 4620 absque
1011 4552 1305 4622 scriptura
1334 4551 1718 4608 tradiderunt
1750 4551 2025 4624 apostoli.

2150 1946 2500 2019 Σημειωτέον
2558 1944 2615 2002 δὲ
2667 1947 2750 2003 ὅτι
2800 1946 2892 2010 οὕς
2946 1947 3122 2003 ὀπίσω
3181 1948 3319 2023 φησί
3379 1941 3807 2023 πρεσϐυτέρους,

2146 2032 2253 2090 ὦδε
2284 2034 2611 2100 ἐπισκόπους
2637 2034 2820 2106 καλεῖ,
2844 2036 2969 2107 ἢτοι
3001 2032 3093 2091 διὰ
3121 2037 3181 2092 τὸ
3239 2034 3367 2098 τοὺς
3399 2029 3807 2109 πρεσϐυτέρους

2146 2123 2385 2200 ἀνάγκην
2412 2119 2560 2204 ἔχειν
2595 2125 2909 2182 ἐποπτεύειν
2938 2126 3009 2182 τὰ
3059 2133 3160 2197 τῆς
3218 2124 3551 2195 ’.ἐκκλησίας
3603 2123 3807 2201 λογικά

2145 2214 2398 2288 ποίμνια,
2429 2218 2505 2289 μή
2564 2235 2646 2278 τις
2695 2216 2894 2290 ἀσθενῇ
2947 2219 3016 2290 τῇ
3052 2216 3250 2286 πίστει,
3312 2216 3386 2290 μή
3439 2234 3522 2275 τις
3553 2218 3710 2284 πεινᾷ
3767 2212 3810 2284 ἤ

2145 2301 2297 2380 διψᾷ,
2331 2304 2376 2359 εἰ
2406 2303 2640 2382 ἐλέγχου
2697 2307 2788 2361 καὶ
2819 2304 3153 2385 ἐπιστροφῆς
3214 2302 3406 2361 δεῖται.
3464 2307 3530 2362 ‘ll
3588 2302 3812 2360 ἐπισκό-

2143 2416 2278 2458 πους
2309 2392 2416 2451 ὧδε
2442 2394 2571 2459 τοὺς
2604 2392 2776 2458 ὄντως
2801 2395 3131 2459 ἐπισκόπους
3155 2394 3333 2453 καλεῖ.

2218 2600 2245 2629 ι(
2276 2576 2566 2653 Ἀργυρίου
2596 2578 2686 2635 καὶ
2719 2579 2953 2654 χρυσίου
2982 2576 3018 2649 ἤ
3049 2579 3354 2652 ἱματισμοῦ
3414 2575 3633 2638 οὐδενὸς
3686 2574 3800 2633 ἒπ-

2143 2666 2411 2739 εθύμησα’
2444 2665 2599 2721 αὐτοὶ
2658 2662 2715 2720 δὲ
2770 2667 3063 2740 γινώσκετε
3120 2667 3205 2722 ὃτι
3260 2671 3379 2729 ταῖς
3429 2665 3641 2742 χρείαις
3696 2684 3804 2738 μου

2142 2758 2234 2811 καὶ
2292 2760 2407 2817 τοῖς
2476 2754 2592 2810 οῦσι
2673 2757 2789 2829 μετ’
2845 2754 2981 2831 ἐμοῦ
3071 2756 3416 2832 ὑπηρέτησαν
3481 2756 3538 2810 αἱ
3612 2759 3798 2831 χεῖρες

2144 2844 2320 2900 αὗται.
2382 2845 2558 2900 Πάντα
2599 2841 2847 2918 ὑπέδειξα
2906 2845 3054 2919 ὑμῖν,
3113 2846 3197 2901 ’ὁτι
3256 2845 3435 2909 οὕτως
3482 2849 3794 2905 κοπιῶντας

2145 2931 2229 2990 δεῖ
2251 2929 2743 3008 ἀντιλαμϐάνεσθαι
2806 2939 2915 2991 τῶν
2974 2934 3366 3000 ἀσθενούντων.
3425 2932 3796 3008 Μνημονεύειν

2140 3044 2201 3079 τε
2228 3027 2336 3079 τῶν
2370 3021 2554 3099 λόγων
2599 3027 2697 3079 τοῦ
2756 3024 2962 3099 Κυρίου
3023 3025 3226 3097 Ἰησοῦ,
3295 3025 3381 3081 ’ὁτι
3437 3025 3602 3088 αὐτὸς
3661 3023 3798 3080 εἴπεο

2142 3112 2420 3188 Μακάριόν
2479 3111 2590 3169 ἐστι
2682 3110 2892 3169 διδόναι
2956 3112 3170 3187 μᾶλλον
3230 3115 3265 3184 ἤ
3326 3108 3647 3188 λαμϐάνειν.
3698 3119 3802 3176 Καὶ

2146 3208 2314 3258 ταῦτα
2345 3202 2532 3271 εἰπὼν,
2565 3203 2678 3266 θεὶς
2732 3202 2802 3258 τὰ
2854 3202 3056 3278 γόνατα
3111 3204 3301 3278 αὐτοῦ,
3334 3204 3427 3262 σὺν
3485 3210 3644 3260 πᾶσιν
3701 3202 3806 3259 αύ-

2143 3298 2259 3355 τοῖς
2292 3293 2659 3367 προσηύξατο.
2710 3292 2917 3355 Ἱκανὸς
2974 3290 3032 3348 δὲ
3078 3293 3287 3371 ἐγένετο
3334 3292 3615 3368 κλαυθμὸς
3673 3294 3805 3349 πάν-

2138 3402 2267 3439 των.
2313 3382 2409 3439 Καὶ
2458 3382 2806 3445 ἐπιπεσόντες
2863 3381 2950 3438 ἐπὶ
3006 3383 3097 3437 τὸν
3150 3381 3438 3462 τράχηλον
3494 3387 3591 3438 τοῦ
3648 3381 3803 3437 Παύ-

2142 3470 2267 3539 λου,
2297 3470 2621 3550 κατεφίλουν
2655 3470 2841 3542 αύτὸν,
2884 3469 3218 3546 ὀδυνώμενοι
3276 3470 3514 3545 μάλιστα
3569 3470 3655 3527 ἐπὶ
3714 3474 3797 3542 τῷ

2142 3558 2318 3639 λόγῳ,
2350 3562 2396 3633 ᾧ
2426 3561 2659 3636 εἰρήκει,
2691 3562 2775 3617 ’ὁτι
2803 3560 2902 3617 οὐκ
2930 3559 3008 3617 ἔτι
3068 3560 3336 3636 μέλλουσι
3389 3562 3452 3618 τὸ
3498 3561 3793 3636 πρόσωπον

2140 3650 2305 3706 αὐτοῦ
2399 3652 2643 3727 θεωρεῖν.
2731 3649 3093 3727 Προέπεμπον
3180 3649 3236 3707 δὲ
3325 3650 3489 3710 αὐτὸν
3582 3650 3658 3715 είς
3735 3649 3802 3706 τὸ

2138 3737 2354 3798 πλοῖον.
2393 3764 2422 3792 ››

2217 3854 2238 3884 ι
2276 3831 2535 3906 Ἀγυρίου
2563 3833 2599 3901 ἢ
2627 3830 2888 3907 χρυσίου,
2923 3856 2953 3884 is
3008 3832 3101 3888 καὶ
3157 3832 3224 3888 τὰ
3285 3832 3428 3904 ἑξῆς.
3476 3833 3592 3902 Τὴν
3648 3829 3801 3907 ῥίζαν

2139 3922 2351 3996 ἀναιρεῖ
2378 3925 2485 3976 τῶν
2519 3926 2702 3977 κακῶν
2760 3923 2858 3992 τήν
2921 3920 3303 3999 φιλαργυρίαν.
3336 3921 3415 3978 Οὐ
3445 3921 3550 3999 γάρ
3596 3921 3796 3985 ἀπλῶς

2139 4032 2327 4088 φησιν,
2390 4011 2505 4069 Οὐκ
2560 4006 2783 4081 ἔλαϐον,
2843 4012 2993 4082 ἀλλ’,
3052 4009 3195 4071 Οὐδὶ
3253 4011 3592 4085 ἐπεθύμησα.
3666 4011 3810 4069 Εἶτα

2141 4098 2407 4156 δείκνυσιν
2469 4101 2553 4156 δτι
2608 4104 2643 4171 ἡ
2701 4100 2919 4173 ἀληθὴς
2978 4101 3324 4175 ἐλεημοσύνη
3380 4100 3440 4157 ἐκ
3474 4107 3585 4158 τῶν
3643 4099 3800 4159 ἰδίων

2136 4194 2323 4245 κόπων
2354 4189 2564 4268 ὀφείλει
2614 4192 2857 4266 γίνεσθαι
2914 4196 3030 4254 τοῖς
3087 4187 3339 4259 ἐνδεέσιν,
3399 4189 3516 4247 ἐπεὶ
3567 4191 3628 4248 έκ
3681 4195 3793 4247 τῶν

2139 4277 2449 4355 ἀλλοτρίων
2492 4276 2701 4337 διδόναι
2733 4280 2800 4335 οὐ
2831 4279 3025 4337 καλόν.
3058 4281 3194 4339 Εἶτα
3212 4280 3302 4336 καὶ
3336 4282 3538 4356 χρῆσιν
3595 4280 3672 4344 εἷς
3702 4302 3815 4337 κα-

2135 4371 2400 4439 τασκευήν
2470 4368 2667 4426 τούτου
2718 4366 2808 4425 διὰ
2894 4377 3084 4445 φωνῆς
3130 4374 3228 4426 τοῦ
3290 4370 3488 4445 Κυρίου
3547 4370 3808 4444 εἰρῆσθαί

2136 4479 2326 4531 φησιν,
2369 4459 2502 4535 ὅπερ
2552 4464 2645 4515 νῦν
2708 4459 2815 4536 οὐχ
2846 4459 3071 4530 εὓρηται
3131 4459 3183 4515 ἐν
3242 4463 3450 4537 Γραφῇο
3510 4461 3604 4516 καὶ
3663 4460 3801 4524 ἴσως

2136 4547 2391 4626 ἀγράφως
2411 4545 2735 4625 παρέδωκαν
2793 4549 2846 4604 οἱ
2902 4546 3230 4607 ἀπόστολοι.
3284 4551 3353 4608 Ἦ
3408 4547 3461 4621 ἐξ
3493 4548 3652 4605 ὧνόίν
3707 4571 3805 4613 τις

368 4639 487 4692 Aut
516 4637 650 4693 ideo
685 4639 844 4709 quod
876 4641 1286 4697 ratiocinando
1317 4642 1615 4715 quispiam
1646 4643 1868 4699 habere
1916 4659 2024 4715 po-

2151 4624 2526 4715 ιυλλογίσαιτο
2584 4636 2813 4695 δυνατὸν
2874 4636 3123 4714 εῗρήσθαι
3184 4636 3254 4694 δι’
3313 4637 3509 4713 ἐτέρων
3584 4637 3800 4713 λέξεων

372 4732 488 4783 test
516 4727 742 4785 dictum
775 4747 904 4786 esse
936 4728 1069 4787 aliis
1093 4731 1287 4808 verbis
1327 4732 1587 4804 idipsum
1636 4734 2026 4806 significanti-

367 4815 637 4874 bus.Non
668 4819 815 4875 dixit
845 4827 1045 4877 autem
1077 4826 1304 4878 malum
1343 4839 1473 4878 esse
1518 4824 1817 4895 accepisse
1857 4828 1918 4879 et
1944 4824 2029 4878 ita

367 4906 626 4981 elargiri,
652 4909 754 4965 sed
789 4912 948 4982 quod
980 4912 1195 4968 melius
1222 4918 1300 4969 sit
1356 4929 1478 4968 non
1524 4914 1846 4986 accepisse.
1911 4914 2030 4968 Hoc

369 4998 531 5052 enim
554 5001 988 5072 compassionis
1019 5008 1111 5059 est
1140 5019 1278 5076 erga
1298 5001 1652 5058 imbecilles.
1690 5005 1834 5058 Nam
1887 5001 2027 5058 dare

364 5105 437 5143 ex
466 5088 705 5158 alienis,
738 5108 813 5146 ne
843 5092 1163 5147 honestum
1223 5091 1467 5163 quidem
1498 5097 1604 5147 est.
1667 5093 1770 5147 Est
1827 5091 2029 5161 itaque

365 5178 594 5250 primus
625 5179 844 5252 gradus
877 5197 984 5237 sua
1013 5180 1274 5253 abjicere
1301 5197 1314 5236 :
1351 5180 1649 5238 secundus
1690 5179 2032 5236 necessaria

366 5266 481 5322 sibi
513 5269 916 5339 suppeditare,
952 5270 1163 5326 tertius
1195 5270 1374 5325 etiam
1406 5270 1539 5326 aliis
1575 5286 1588 5325 :
1623 5277 1871 5341 quartus
1893 5285 2029 5325 eum

364 5358 465 5427 qui
498 5358 802 5429 prmdicat,
836 5364 895 5414 et
941 5360 1023 5415 ita
1053 5360 1386 5432 accipiendi
1436 5365 1793 5433 potestatem
1828 5359 2027 5430 habet,

362 5461 485 5500 non
514 5447 806 5519 accipere.
868 5448 972 5503 Hic
1031 5449 1235 5521 itaque
1292 5449 1481 5506 multo
1513 5449 1730 5506 melior
1788 5455 1879 5506 est
1906 5449 2032 5505 ino-

366 5533 563 5606 pibus.

438 5623 745 5690 ΧΧ,14.ι
804 5626 949 5684 Cum
1007 5632 1208 5685 autem
1245 5628 1594 5703 contigisset
1660 5644 1770 5687 nos
1827 5627 1899 5687 ab
1942 5628 2029 5687 eis

373 5732 396 5764 ι
430 5714 668 5773 avulsas
694 5716 967 5787 solvisse,
1001 5726 1162 5776 recto
1195 5737 1373 5775 cursu
1412 5720 1685 5777 venimus
1731 5719 1934 5790 Coum,
1969 5723 2030 5777 et

2134 4731 2296 4783 τοῦτο
2328 4724 2636 4797 δηλουσῶν.
2670 4728 2750 4788 Οὐ
2804 4732 2973 4784 τοῦτο
3033 4725 3090 4783 δέ
3146 4749 3313 4806 φησιν
3373 4724 3456 4783 ὅτι
3509 4730 3673 4785 κακὸν
3729 4728 3810 4785 τὸ

2137 4810 2326 4873 λαϐεῖν
2355 4816 2446 4873 καὶ
2477 4813 2850 4891 μεταδιδόναι,
2882 4815 3031 4873 ἀλλὰ
3064 4817 3280 4892 βέλτιον
3334 4817 3399 4874 τὸ
3451 4819 3528 4891 μὴ
3589 4812 3815 4887 λαϐεῖν,

2136 4909 2315 4965 Τοῦτο
2347 4907 2452 4983 γὰρ
2480 4905 2815 4979 συμπαθείας
2844 4912 2945 4976 τῆς
3004 4907 3141 4983 πρὸς
3198 4906 3326 4971 τοὺς
3384 4908 3644 4970 ἀσθενεῖς.
3726 4906 3811 4963 Τὸ

2138 4996 2245 5073 γὰρ
2270 4996 2332 5053 ἐκ
2357 5000 2467 5052 τῶν
2498 4993 2817 5071 ἀλλοτρίων
2850 4992 3063 5052 διδόναι
3094 4997 3156 5053 οὐ
3212 4996 3403 5054 καλόν.
3465 4999 3620 5055 Ἔστι
3674 4996 3811 5052 τοί-

2137 5107 2231 5142 νυν
2264 5088 2341 5149 εἵς
2399 5087 2609 5164 βαθμὸς
2669 5084 2821 5161 ῥίψαι
2879 5085 2947 5142 τὰ
3030 5085 3218 5160 αὑτοῦ,
3302 5084 3555 5162 δεύτερος
3614 5088 3805 5159 ἑαυτῷ

2139 5175 2416 5252 ἐπαρκεῖν,
2446 5176 2628 5251 τρίτος
2669 5177 2761 5231 καὶ
2818 5173 3048 5251 ἑτέροις,
3106 5177 3382 5253 τέταρτος,
3439 5178 3500 5233 τὸ
3555 5176 3646 5232 καὶ
3694 5197 3808 5248 κη-

2140 5266 2401 5341 ρύττοντα
2430 5267 2522 5322 καὶ
2575 5264 2814 5337 ἐξουσίαν
2874 5263 3075 5323 ἔχοντα
3128 5261 3457 5341 λαμϐάνειν,
3516 5268 3594 5340 μὴ
3652 5265 3817 5341 λαμ.-

2138 5348 2342 5413 ϐάνειν.
2376 5357 2540 5412 ’Ὥστε
2570 5355 2713 5413 πολὺ
2770 5359 2881 5412 τῶν
2959 5354 3290 5431 ἀκτημόνων
3347 5356 3505 5420 οὗτος
3562 5354 3808 5434 βελτίων

2136 5445 2272 5502 ἐστί.

2213 5627 2356 5692 «Ὧς
2416 5625 2474 5683 δὲ
2531 5623 2738 5704 ἐγένετο
2795 5626 3101 5703 ἀναχθῆναι
3148 5629 3299 5702 ἡμᾶς
3358 5625 3804 5694 ἀποσπασθέντας

2146 5740 2167 5771 ε
2201 5719 2292 5773 ἀπ’
2333 5718 2530 5792 αὐτῶν,
2563 5715 3070 5794 εὐθυδρομήσαντες
3119 5715 3371 5793 ἤλθομεν
3405 5719 3481 5783 εἰς
3529 5721 3626 5791 τήν
3689 5724 3791 5778 Κῶ
