4112 6404
383 377 497 434 261

1451 375 1862 438 COMMENT.
1912 373 1990 434 IN
2037 370 2237 433 ACTA
2280 370 2894 435 APOSTOLORUM.

3775 378 3894 440 262

385 535 410 564 ιι
536 507 597 564 δε
630 508 761 578 ἑξῆς
790 509 885 572 εἰς
923 510 1053 579 τὴν
1080 508 1311 579 Ῥόδον,
1367 512 1610 566 κακεῖθεν
1650 508 1727 572 εἷς
1761 507 1998 583 Πάταρα.
2033 501 2131 561 Καὶ
2162 564 2167 574 ι

2306 509 2579 581 sequenti
2610 508 2707 565 die
2736 509 3029 579 Rhodum,
3056 515 3114 566 et
3142 510 3280 567 inde
3310 477 3604 569 Pataram.
3638 515 3709 570 Et
3736 516 3896 572 nacti

385 626 411 654 α
439 598 702 674 εὑρόντες
734 597 977 654 πλοῖον
1045 597 1349 678 διαπερῶν
1395 600 1471 663 εἷς
1530 598 1815 670 Φοινίκην,
1847 591 2129 657 ἐπιϐάντες

2242 619 2270 649 ‹‹
2304 616 2512 655 navem
2545 617 2676 672 quae
2700 601 3004 672 trajiceret
3025 601 3085 656 in
3108 601 3446 671 Phoenicen,
3472 620 3541 659 ea
3566 622 3895 662 conscensa

387 690 808 765 «ἀνήχθημεν.
884 690 1339 772 ’Δναφανέντες
1422 689 1481 747 δὲ
1557 692 1657 762 τὴν
1738 688 1982 763 Κύπρον,
2041 684 2133 740 καὶ

2308 690 2613 746 solvimus.
2647 691 2912 762 Cumque
2945 692 3220 761 ccepisset
3265 692 3438 749 nobis
3467 710 3753 766 apparere
3784 697 3893 768 Cy-

388 808 408 834 ι
438 777 869 841 καταλιπόντες
943 780 1162 852 αὐτὴν
1223 781 1528 855 εὐώνυμον,
1588 778 1855 853 ἐπλέομεν
1902 775 1980 839 εἷς
2031 781 2135 829 Συ·

387 896 405 923 ι
437 869 577 947 ρίαν,
640 868 737 924 καὶ
801 871 1249 947 κατήχθημεν
1309 870 1386 933 εἰς
1440 870 1637 945 Τύρον·
1696 869 1869 924 ἐκεῖσε
1922 865 2028 941 γὰρ
2067 863 2135 933 ἦν

2246 799 2273 829 ‹‹
2300 795 2464 850 prus,
2487 780 2696 837 relicta
2721 797 2791 835 ea
2811 781 2883 836 ad
2910 780 3236 846 sinistram,
3258 782 3658 855 navigavimus
3688 801 3893 841 versus

2244 890 2273 918 «
2301 869 2551 941 Syriam,
2585 875 2645 924 et
2671 869 2853 925 delati
2884 887 3090 925 sumus
3119 872 3368 943 Tyrum:
3412 889 3549 927 nam
3581 874 3697 929 huc
3729 876 3900 930 navis

390 960 502 1015 «τὸ
554 958 768 1014 πλοῖον
834 958 1424 1040 ἀποφορτιζόμενον
1474 961 1566 1015 τὸν
1619 959 1815 1034 γόμον.
1850 954 1950 1013 Καί
1980 955 2139 1009 ἀνευ-

2311 958 2641 1030 exponebat
2656 960 3225 1031 onus.Repertisque
3245 959 3903 1032 discipulismansimus

387 1049 625 1123 σρόντες
682 1046 745 1104 δὲ
807 1050 978 1114 τοὺς
1060 1050 1353 1123 μαθητὰς,
1403 1048 1762 1122 ἐπεμείναμεν
1804 1044 1970 1101 αὐτοῦ
1999 1041 2143 1119 ἡμέ-

2277 1069 2280 1097 ;
2312 1047 2533 1102 ibidem
2565 1046 2774 1105 diebus
2806 1054 3033 1120 septem
3061 1065 3074 1103 :
3125 1049 3225 1120 qui
3264 1049 3448 1105 Paulo
3497 1051 3776 1108 dicebant
3799 1069 3908 1124 per

386 1165 410 1193 ιι
435 1159 532 1216 ρας
563 1138 729 1195 ἑπτά·
795 1136 1062 1202 οἵτινες
1124 1144 1215 1213 τῷ
1269 1139 1474 1211 Παύλῳ
1503 1132 1693 1213 ἔλεγον
1727 1133 1817 1192 διὰ
1844 1139 1942 1192 τοῦ
1975 1132 2142 1189 Πνεύ·

441 1251 635 1305 ματος,
669 1232 750 1304 μή
786 1226 1183 1287 ἀναϐαίνειν
1220 1228 1297 1294 εἰς
1323 1227 1710 1305 Ἰερουσαλήμ.
1748 1251 1777 1279 ››

445 1323 514 1380 Ὅ
544 1319 696 1398 λέγει
728 1320 934 1376 τοῦτό
981 1320 1155 1376 ἐστι’
1221 1321 1317 1389 Mi;
1376 1318 1714 1394 εὑρίσκοντες
1746 1315 1946 1372 πλοῖον
1977 1314 2146 1388 ἀπερ-

383 1410 608 1486 χόμενον
644 1410 726 1473 εἰς
766 1411 1208 1486 Καισάρειαν,
1260 1407 1389 1465 ἀλλ²
1447 1409 1522 1471 εἷς
1577 1408 1858 1478 Φοινίκην,
1904 1403 2146 1475 ἀνήλθο-

393 1522 475 1575 μεν
522 1500 599 1566 εἰς
651 1500 827 1555 αὐτό·
909 1501 1035 1556 καὶ
1112 1499 1342 1575 Κύπρον
1403 1496 1461 1553 δὲ
1514 1497 1770 1572 εἰάσαμεν
1799 1495 1892 1551 καὶ
1925 1492 2146 1568 Συρίαν.

396 1593 464 1649 Τὸ
488 1593 608 1666 γὰρ,
672 1588 1180 1652 Καταλιπόντες
1240 1588 1408 1656 αὐτὴν
1464 1587 1769 1662 εὐώνυμον,
1819 1585 1930 1660 οὐχ
1957 1582 2151 1645 ἁπλῶς

412 1681 623 1755 εἴρηται,
682 1676 837 1735 ἀλλ’
909 1680 1029 1735 ὅτι
1109 1675 1243 1734 οὐδὲ
1298 1677 1457 1755 ἐγγὺς
1514 1675 1760 1754 γενέσθαι
1818 1677 1921 1740 τῇς
1955 1671 2152 1747 Συρίας

418 1767 669 1826 ἔσπευδον.
702 1769 974 1827 Ἦλθον
1050 1767 1161 1824 οὖν
1230 1768 1306 1830 εἰς
1363 1767 1585 1839 Λυκίαν,
1642 1765 1734 1822 καὶ
1789 1765 1892 1833 τήν
1937 1763 2157 1839 Κύπρον

2252 1160 2279 1188 ‹‹
2315 1138 2618 1210 Spiritum,
2653 1155 2728 1194 ne
2759 1138 3112 1195 ascenderet
3137 1140 3481 1196 Jerusalem.
3523 1163 3544 1191 ι

2324 1319 2576 1374 Tantum
2604 1325 2693 1374 est
2717 1335 2785 1374 ac
2812 1320 2860 1373 si
2884 1318 3143 1375 diceret:
3177 1320 3322 1375 Cum
3350 1336 3565 1376 navem
3596 1337 3718 1377 non
3750 1321 3914 1377 inve-

2256 1408 2522 1463 niremus
2571 1408 2892 1463 abeuntem
2939 1412 3288 1475 Caesaream,
3344 1409 3445 1465 sed
3478 1410 3540 1465 in
3570 1412 3917 1478 Phcenicen,

2256 1498 2430 1553 illum
2461 1498 2961 1554 conscendimus:
3022 1499 3279 1571 Cyprum
3336 1505 3536 1556 autem
3588 1506 3647 1555 et
3685 1501 3914 1573 Syriam

2258 1588 2750 1661 praeterlegimus.
2786 1587 2950 1654 Quod
2984 1589 3145 1644 enim
3179 1589 3285 1659 ait,
3318 1590 3541 1646 Relicta
3572 1606 3641 1646 ea
3670 1591 3746 1646 ad
3777 1591 3919 1646 sini-

2261 1684 2469 1750 stram,
2518 1697 2640 1736 non
2690 1686 2915 1736 temere
2967 1679 3194 1735 dictum
3251 1686 3360 1749 est,
3394 1680 3498 1735 sed
3529 1680 3690 1753 quod
3719 1697 3914 1752 neque

2265 1769 2445 1841 Syria;
2476 1769 2961 1841 appropinquare
2994 1769 3330 1826 studebant.
3361 1771 3665 1827 Venerunt
3694 1787 3831 1843 ergo
3855 1771 3918 1825 in

414 1858 627 1939 ἀφέντες,
704 1859 793 1922 εἷς
896 1858 1134 1933 Τύρον
1212 1853 1603 1912 κατέπλευσαν·
1682 1855 1854 1910 ἐκεῖσε
1918 1852 2025 1928 γὰρ
2090 1853 2152 1905 τὸ

2277 1858 2522 1929 Lyciam,
2554 1859 2884 1930 relictaque
2941 1859 3153 1932 Cypro,
3209 1860 3647 1917 descenderunt
3689 1860 3921 1933 navigio

404 1950 583 2005 πλοῖον
640 1949 1056 2027 ἀπεφόρτισε
1125 1949 1223 2003 τὸν
1282 1946 1476 2023 γόμον.
1535 1943 1612 2004 Ού
1668 1943 1831 2000 τοῦτό
1873 1962 2035 2021 φησιν
2066 1939 2153 1996 ὅτι

390 2039 483 2107 τήν
540 2039 905 2106 παραίνεσιν
984 2034 1100 2093 διὰ
1158 2040 1258 2092 τοῦ
1327 2034 1639 2108 [Ινεύματος
1694 2033 1964 2099 ἐποιοῖτο,
2022 2028 2152 2085 ἀλλ’

380 2128 463 2182 δτι
496 2124 591 2183 διὰ
620 2133 733 2183 τοῖ’)
772 2126 1164 2201 Πνεύματος
1226 2121 1452 2187 εἰδότες.
1512 2123 1589 2181 Ού
1644 2124 1750 2200 γὰρ
1782 2121 1973 2182 ἁπλῶς
2005 2119 2155 2191 αύτῷ

376 2218 446 2272 τὰ
477 2216 635 2275 δεινᾶ
665 2214 1082 2294 προῦλεγον,
1140 2213 1269 2271 ἀλλ’
1326 2217 1413 2270 ἅτι
1472 2208 1736 2285 ἀναϐῆναι
1768 2213 1830 2268 ού
1866 2213 2003 2288 χρὴ,
2037 2230 2153 2288 φει-

371 2303 611 2382 δόμενοι
651 2307 879 2364 αὐτοῦ.

463 2508 489 2539 ι
524 2488 672 2544 Ὅτε
739 2482 810 2540 3‘s
876 2482 1124 2559 ἐγένετο
1178 2485 1328 2555 ἡμᾶς
1382 2481 1658 2557 ἐξαρτίσαι
1735 2479 1830 2540 τὰς
1905 2478 2155 2553 ἡμέρας,

402 2576 673 2647 έξελθόντ
680 2595 745 2638 ες
890 2575 1009 2629 έπο
1017 2573 1150 2650 ρευό
1161 2574 1317 2647 μεθα,
1450 2570 1893 2647 προπεμπόντων
2007 2571 2043 2638 ἡ
2053 2571 2156 2642 μᾶς

405 2666 645 2720 πάντων
714 2664 827 2718 σὺν
893 2660 1125 2736 γυναιξὶ
1184 2660 1273 2717 καὶ
1330 2661 1541 2720 τέκνοις
1597 2656 1703 2721 ἓως
1761 2651 1864 2728 ἔξω
1911 2664 2009 2726 τῆς
2040 2655 2154 2712 πό-

412 2753 594 2817 λεως.
678 2752 805 2810 Καὶ
897 2753 1098 2817 θέντες
1171 2750 1241 2805 τὰ
1312 2749 1514 2825 γόνατα
1589 2746 1677 2803 ἐπὶ
1752 2747 1844 2802 τὸν
1900 2742 2156 2822 αἰγιαλὸν

420 2843 909 2916 προσευξάμεθα.
1015 2838 1124 2896 Καὶ
1218 2837 1588 2913 ἀσπασάμενοι
1666 2833 1980 2907 ἀλλήλους,
2059 2833 2160 2890 έπ-

434 2929 650 3008 έϐημεν
710 2932 801 2993 εἷς
862 2930 939 2986 τὸ
993 2927 1219 2985 πλοῖον*
1282 2927 1480 2983 ἐκεῖνοι
1548 2924 1606 2982 δὲ
1676 2924 2010 3000 ὑπέστρεψαν
2076 2924 2155 2988 εἷς

450 3024 520 3079 τὰ
583 3019 736 3080 ἴδια.
822 3021 1039 3093 Ἡμεῖς
1107 3016 1166 3074 δὲ
1229 3019 1322 3073 τὸν
1396 3015 1568 3072 πλοῦν
1644 3013 1980 3079 διανύσαντες
2055 3016 2162 3083 ἀπό

450 3113 664 3188 τύρου,
734 3111 1183 3182 κατηντήσαμεν
1249 3106 1331 3170 νίς
1399 3104 1773 3179 Πτολεμαῗδα,
1830 3106 1922 3162 καὶ
1981 3107 2162 3162 ἀσπα-

464 3202 693 3275 σάμενοι
775 3200 926 3260 τοὺς
992 3195 1284 3275 ἀδελφοὺς,
1362 3196 1651 3270 ἐμείναμεν
1716 3195 1927 3271 ἡμέραν
2028 3196 2157 3271 μίαν

457 3293 585 3365 παρ’
666 3289 902 3349 αὐτοῖς.
973 3290 1052 3360 Τῇ
1120 3283 1178 3341 δὲ
1244 3284 1501 3360 ἐπαύριον
1566 3282 1875 3357 ἐξελθόντες
1924 3286 1977 3340 οἳ
2033 3285 2159 3360 περὶ

466 3381 559 3434 τὸν
591 3377 858 3447 Παῦλον,
921 3374 1097 3446 ἦλθον
1153 3375 1231 3437 εἷς
1289 3375 1629 3451 Καισάρειαν,
1689 3374 1789 3430 Καὶ
1830 3372 2164 3439 εἰσελθόντες

474 3470 551 3531 εἷς
614 3470 714 3524 τὸν
780 3468 947 3523 οἶκον
1016 3463 1306 3522 Φιλίππου
1362 3469 1462 3521 τοῦ
1521 3464 1941 3542 εὐαγγελιστοῦ,
2010 3463 2164 3530 ὄντος

485 3558 546 3613 ὲκ
615 3564 726 3614 τῶν
796 3556 966 3627 ἑπτὰ,
1035 3555 1321 3631 ἐμείναμεν
1400 3555 1528 3630 παρ’
1602 3554 1770 3628 αύτῷ.
1845 3555 2034 3629 Τούτῳ
2110 3553 2169 3612 δὶ

495 3647 630 3715 ἦσαν
701 3646 1001 3724 θυγατέρες
1099 3643 1359 3722 παρθένοι
1442 3640 1697 3718 τέσσαρες
1772 3646 2158 3724 προφητεύου-

514 3755 632 3792 σαι.
661 3761 690 3787 ἢ

586 3848 615 3878 ιτ
648 3826 942 3903 Ἐξαρτίσαι
973 3824 1069 3887 τὰς
1118 3824 1351 3901 ἡμέρας.
1406 3849 1433 3876 ››
1491 3824 1565 3884 Τὸ
1596 3822 1869 3901 ἐξαρτίσαι
1900 3826 2014 3881 ἀντὶ
2045 3829 2168 3897 τοῦ,

504 3911 814 3989 πληρῶσαι,
849 3914 1014 3995 φησί’
1049 3913 1199 3972 Μετὰ
1250 3914 1355 3991 γὰρ
1402 3913 1465 3969 τὸ
1517 3912 1812 3989 πληρῶσαι
1848 3914 1946 3977 τὰς
1975 3936 2167 3991 τεταγ-

505 4009 671 4080 μένας
704 4006 940 4080 ἡμέρας,
996 4003 1243 4062 τουτέστι
1280 4006 1416 4079 μετᾶ
1471 4007 1537 4061 τὰ
1594 4004 1797 4081 ἄζυμα,
1830 4007 1906 4071 εἷς
1937 4007 2169 4084 Τρωάδα

500 4096 681 4165 ἦλθον
711 4094 783 4151 δι’
832 4099 1056 4172 ἡμερῶν
1118 4094 1295 4152 πέντε.
1357 4094 1706 4168 Σημειωτέον
1741 4095 1824 4151 ὅτι
1854 4101 1950 4152 τοῦ
1983 4095 2169 4153 διακό-

494 4208 596 4241 νου
656 4184 953 4243 Φιλίππου
1003 4185 1142 4255 ἦσαν
1200 4186 1255 4240 αἱ
1309 4182 1618 4261 θυγατέρες,
1671 4183 1812 4241 ὥστε
1842 4186 1935 4241 οὖν
1966 4187 2169 4261 καὶτῷ

490 4277 904 4347 κοινωνήσαντι
973 4274 1167 4348 γάμων
1244 4271 1508 4329 διακονεῖν
1582 4272 1769 4345 ἔξεστι.
1851 4278 2168 4351 Σημείωσαι

492 4364 791 4436 δέ,ὃτιαὶ
832 4362 1165 4440 προφήτιδες
1224 4364 1279 4418 αἱ
1340 4363 1622 4439 Θυγατέρες
1685 4364 1851 4421 αὐτοῦ
1908 4369 2170 4443 παρθένοι

492 4457 668 4526 ἦσαν,
728 4455 823 4509 καὶ
884 4452 968 4509 ὅτι
1024 4452 1230 4524 ἤσκουν
1289 4450 1360 4508 δι’
1416 4450 1705 4510 εὐλάϐειαν
1739 4454 1952 4529 μᾶλλον
1983 4461 2168 4526 τοῦτο,

496 4547 643 4601 ὥστε
700 4544 796 4598 καὶ
854 4543 1187 4623 προφητείας
1246 4543 1533 4614 ἠξιῶσθαι.
1613 4546 1775 4601 Ὥστε
1832 4542 2004 4615 δῆλον
2087 4545 2170 4603 ὅτι

2261 1948 2499 2020 Tyrum,
2530 1964 2670 2004 nam
2703 1965 2772 2005 eo
2805 1950 3077 2020 exposuit
3120 1949 3288 2005 navis
3337 1967 3511 2005 onus.
3559 1972 3587 2000 (ι
3621 1950 3729 2015 Qui
3760 1949 3926 2005 dice-

2259 2037 2406 2093 bant
2426 2054 2533 2110 per
2550 2038 2847 2110 Spiritum.
2862 2062 2883 2090 ι
2896 2040 3020 2093 Non
3043 2039 3323 2111 intelligit
3340 2040 3496 2110 quod
3516 2056 3625 2112 per
3640 2040 3925 2111 Spiritum

2261 2126 2596 2182 adhortatio
2622 2128 2815 2196 ﬁeret,
2836 2127 2940 2184 sed
2969 2128 3129 2199 quod
3158 2146 3267 2200 per
3296 2128 3581 2200 Spiritum
3608 2133 3916 2184 noverant.

2262 2218 2461 2288 Neque
2484 2216 2644 2272 enim
2668 2222 2870 2289 aperte
2897 2217 3163 2289 pericula
3183 2217 3610 2290 praedicebant,
3636 2217 3740 2273 sed
3764 2216 3924 2290 quod

2262 2323 2383 2362 non
2415 2306 2720 2378 expediret
2749 2305 3094 2374 ascendere,
3127 2306 3305 2378 idque
3337 2305 3748 2380 compassione
3779 2306 3926 2361 moti

2264 2395 2564 2451 dicebant.

2336 2487 2494 2543 154
2516 2484 2632 2551 XX,
2665 2485 2787 2541 5-9.
2828 2507 2849 2537 ι
2881 2486 3145 2557 Cumque
3178 2485 3305 2541 dies
3331 2486 3761 2559 explessemus,
3785 2502 3929 2557 pro-

2262 2574 2402 2631 fecti
2436 2575 2692 2643 ibamus,
2719 2573 3154 2631 deducentibus
3185 2592 3296 2631 nos
3329 2576 3610 2632 omnibus
3642 2592 3761 2632 una
3791 2591 3926 2631 cum

2265 2665 2553 2721 uxoribus
2583 2671 2641 2721 et
2674 2665 2835 2734 filiis,
2864 2665 3053 2721 donec
3085 2666 3415 2722 exissemus
3447 2666 3744 2722 civitatem
3770 2683 3783 2721 :
3817 2681 3927 2737 po-

2267 2757 2515 2828 sitisque
2573 2755 2823 2829 genibus
2882 2756 2945 2811 in
3003 2756 3200 2812 littore
3288 2757 3511 2829 precati
3572 2772 3797 2812 sumus.
3860 2755 3926 2809 Et

2268 2846 2658 2903 consalutatis
2698 2846 2971 2912 invicem,
3026 2864 3137 2903 nos
3191 2863 3401 2903 navem
3441 2845 3923 2911 conscendimus,

2268 2938 2358 2993 illi
2387 2954 2523 2993 vero
2555 2936 2867 2993 redierunt
2897 2936 2971 2993 ad
3004 2953 3130 2993 sua.
3164 2938 3278 2992 Nos
3309 2942 3508 2993 autem
3547 2936 3925 3009 navigatione

2271 3027 2549 3099 explicita
2578 3043 2613 3082 a
2660 3027 2807 3098 Tyro
2866 3025 3288 3081 descendimus
3341 3024 3795 3090 Ptolemaidam,
3831 3039 3930 3078 sa-

2270 3116 2596 3187 lutatisque
2644 3115 2930 3171 fratribus
2982 3116 3313 3171 mansimus
3367 3115 3526 3170 diem
3574 3130 3762 3169 unum
3794 3128 3932 3167 cum

2270 3207 2411 3262 illis.
2446 3204 2735 3261 Postridie
2771 3221 2906 3260 vero
2960 3221 3090 3269 nos,
3135 3204 3235 3275 qui
3289 3221 3528 3260 eramus
3559 3219 3695 3258 cum
3725 3200 3931 3266 Paulo,

2273 3298 2493 3368 egressi
2540 3297 2812 3352 venimus
2857 3298 3207 3352 Caesaream.
3260 3296 3327 3352 Et
3375 3295 3627 3368 ingressi
3685 3293 3931 3348 domum

2271 3387 2530 3459 Philippi
2589 3386 2989 3459 evangelistee,
3048 3386 3149 3457 qui
3207 3391 3334 3441 erat
3390 3402 3547 3441 unus
3595 3401 3625 3440 e
3678 3388 3931 3454 septem,

2272 3475 2605 3533 mansimus
2635 3474 2794 3547 apud
2824 3490 2980 3530 eum.
3033 3474 3178 3529 Huic
3223 3480 3423 3531 autem
3475 3479 3646 3531 erant
3677 3482 3933 3547 quatuor

2276 3566 2417 3621 ﬁlias
2446 3566 2707 3638 virgines
2739 3565 3187 3637 praphetantes.
3226 3586 3254 3615 »

2347 3831 2654 3907 Ἐξαρτίσαι
2704 3832 2801 3893 τὰς
2863 3828 3096 3906 ἡμέρας.
3156 3833 3410 3890 Verbum
3467 3832 3733 3909 ἐξαρτίσαι
3768 3840 3943 3910 ponit

2276 3941 2382 3997 pro
2441 3924 2729 3994 complere.
2786 3924 2931 3978 Nam
2989 3927 3308 3995 postquam
3362 3924 3644 3996 completi
3682 3926 3943 3984 fuissent

2277 4013 2584 4069 constituti
2612 4012 2761 4078 dies,
2795 4013 2907 4068 hoc
2939 4017 3027 4068 est
3057 4018 3192 4084 post
3219 4012 3347 4069 dies
3378 4030 3741 4085 azymorum,
3775 4033 3940 4073 vere-

2277 4106 2417 4158 runt
2445 4101 2732 4157 Troadem
2760 4099 2969 4156 diebus
2998 4100 3285 4171 quinque.
3321 4101 3752 4159 Advertendum
3786 4103 3942 4159 filias

2277 4192 2461 4248 fuisse
2493 4191 2765 4263 Philippo
2798 4191 3070 4246 diacono.
3106 4193 3311 4262 Itaque
3371 4192 3605 4247 diaconi
3639 4209 3767 4249 esse
3800 4211 3946 4266 pos-

2280 4287 2419 4338 sunt
2453 4289 2510 4337 et
2542 4282 2602 4336 hi
2631 4282 2732 4353 qui
2758 4282 3081 4354 participes
3109 4280 3352 4337 fuerunt
3400 4284 3768 4355 nuptiarum.
3802 4286 3945 4339 Ani-

2279 4372 2580 4428 madverte
2610 4376 2899 4442 praeterea
2922 4369 3080 4442 quod
3102 4372 3485 4443 prophetides
3511 4373 3641 4445 ejus
3665 4373 3802 4429 ﬁliae
3826 4374 3940 4429 vir-

2279 4462 2448 4534 gines
2481 4466 2669 4527 erant,
2699 4467 2757 4516 et
2800 4458 2958 4532 quod
3012 4466 3255 4533 propter
3283 4461 3571 4533 pudorem
3605 4463 3793 4537 magis
3823 4463 3937 4519 hoc

2281 4551 2757 4623 assequebantur
2786 4557 2851 4606 ut
2882 4556 2940 4606 et
2977 4551 3291 4625 prophetia
3322 4552 3516 4625 dignae
3548 4553 3935 4610 haberentur.

499 4630 983 4711 περισπούδαστον
1038 4632 1103 4702 ἦν
1160 4633 1252 4688 καὶ
1306 4632 1494 4695 αὐταῖς
1545 4636 1580 4704 ἡ
1638 4635 1918 4710 παρθενία.
1965 4636 2031 4694 Εἴ
2064 4637 2167 4715 γὰρ

2284 4640 2659 4695 Manifestum
2688 4640 2886 4710 itaque
2911 4643 2999 4694 est
3021 4640 3179 4711 quod
3202 4657 3413 4713 magno
3436 4641 3631 4697 studio
3663 4642 3940 4698 servaba-

508 4725 593 4799 μή
653 4724 724 4793 ἧν
780 4719 1271 4798 περισπούδαστον,
1332 4721 1431 4776 οὐκ
1483 4720 1541 4777 ἃν
1596 4722 1931 4799 προσέθηκεν
1974 4726 2002 4779 ὁ
2043 4746 2177 4802 συγ-

505 4814 752 4893 γραφεὺς
781 4814 865 4869 ὅτι
905 4812 994 4867 καὶ
1021 4809 1279 4888 παρθένοι
1307 4813 1460 4881 ἦσαν.

1156 4994 1414 5049 ΚΕΦΑΔ.
1470 4997 1546 5050 A'.

503 5101 742 5187 ,Αγάϐου
823 5098 1148 5187 προφέτῆςα
1214 5098 1367 5187 ιζπερὶν
1405 5102 1514 5155 τῶν
1572 5094 2034 5187 κσυμϐησομένων
2097 5109 2179 5180 τῷ

984 5169 1193 5245 Παύλῳ
1223 5169 1294 5226 ἐν’
1328 5169 1715 5248 Ἰερουσαλήμ.

555 5300 580 5334 ⁸
614 5271 1062 5349 Ἐπιμενόντων
1124 5257 1183 5315 δὲ
1237 5262 1399 5349 suae,
1458 5259 1671 5335 ἡμέρας
1744 5263 1993 5336 πλείους,
2049 5288 2181 5324 κατ-

462 5372 606 5449 ῆλθέ
686 5346 785 5429 ﬂ;
865 5354 993 5449 ἀπὸ
1061 5356 1186 5449 ἐξῆ-ς.
1246 5346 1526 5449 Ἰουδαίας.
1587 5353 1910 5449 προφήτης*
1953 5354 2177 5449 ὀνόματι

450 5438 745 5551 ..Ᾰῂεοεο
788 5549 813 5551 Α,
850 5444 970 5551 [(Ξῖ
1019 5438 1437 5551 Λέλθὼνίυπρὸς
1502 5441 1672 5551 ἡμᾷς,
1731 5442 1830 5546 καὶ
1874 5443 2023 5551 ,ἃρας
2060 5447 2180 5551 ..τὴν

427 5524 626 5643 ζέίχην
694 5549 818 5608 τοῦ
901 5528 1172 5600 Παύλου,
1241 5524 1408 5600 δήσας
1474 5550 1533 5585 τε
1596 5529 1764 5586 αὐτοῦ
1828 5533 1927 5597 τὰς
1991 5541 2185 5614 χεῖρας

881 5625 941 5643 ι.
1114 5616 1251 5643 -τ,.--
1310 5616 1442 5643 M1,-
1521 5617 1544 5643 Ἴ
1564 5617 1579 5643 Ι
1610 5641 1661 5643 ην
1732 5642 1739 5643 ,
1764 5623 1778 5643 κ
1848 5629 1891 5643 η
1954 5628 1980 5640 ε·
2157 5629 2173 5643 ι

493 5616 737 5711 ξ”ιοδς
804 5625 1045 5711 «asas:
1113 5616 1447 5711 εῖτξέίτάδε
1494 5617 1667 5711 ,λέγει
1723 5623 1786 5678 τὸ
1845 5628 2065 5699 πνεῦμα
2118 5629 2182 5685 τδ

400 5706 639 5837 ἔτ”ζονῐθ
678 5706 820 5794 Τὸν
897 5709 1098 5787 ἄνδρα
1158 5708 1221 5763 οὗ
1277 5706 1414 5764 ἐστιν
1478 5708 1513 5780 ἠ
1582 5710 1729 5783 ζώνη
1787 5711 1948 5788 αὕτη,
2008 5716 2183 5783 οὕτως

2286 4734 2385 4785 tur
2413 4729 2570 4802 apud
2601 4745 2702 4783 eos
2724 4728 3026 4800 virginitas
3053 4746 3065 4783 :
3100 4728 3215 4784 nisi
3243 4730 3405 4784 enim
3438 4729 3616 4802 digna
3646 4735 3802 4785 esset
3832 4748 3940 4803 pro

2288 4836 2407 4891 qua
2435 4824 2782 4885 certaretur,
2806 4834 3186 4889 nequaquam
3213 4818 3542 4875 addidisset
3572 4820 3827 4892 scriptor
3856 4821 3943 4876 hi-

2290 4911 2509 4977 storiae,
2539 4909 2697 4982 quod
2728 4909 2906 4964 etiam
2937 4908 3193 4982 virgines
3225 4915 3416 4965 erant.

2896 4998 3129 5054 CAPUT
3166 4997 3332 5055 XXX.

2289 5109 2470 5182 Agabi
2489 5107 2787 5182 prophetia
2832 5105 2924 5182 de_
2947 5105 3037 5182 his
3078 5121 3200 5177 quae
3227 5109 3426 5176 futura
3462 5115 3640 5176 erant,
3673 5116 3735 5165 ut
3768 5110 3946 5167 Paulo

2714 5178 3065 5249 Jerosolymis
3113 5182 3511 5250 contingerent.

2358 5269 2511 5340 XXI,
2546 5268 2724 5323 10-14.
2757 5289 2785 5317 ‹‹
2810 5266 3074 5338 Cumque
3104 5284 3593 5339 permaneremus
3623 5270 3750 5328 dies
3781 5289 3948 5329 com-

2286 5360 2512 5434 plures,
2570 5357 2806 5414 advenit
2863 5356 3105 5428 quidam
3163 5373 3198 5413 a
3251 5358 3452 5416 Iudaea
3507 5361 3799 5433 propheta
3837 5380 3947 5420 no-

2289 5450 2450 5507 mine
2482 5448 2763 5522 Agathus.
2797 5448 2851 5502 Is
2883 5463 3018 5502 cum
3075 5446 3149 5503 ad
3204 5464 3314 5505 nos
3372 5452 3759 5521 pervenisset,
3807 5452 3947 5509 tulit

2291 5540 2596 5614 cingulum
2625 5536 2815 5602 Pauli,
2849 5541 2907 5593 et
2938 5537 3189 5611 alligans
3240 5540 3353 5596 sibi
3403 5557 3617 5597 manus
3650 5548 3709 5598 et
3738 5543 3941 5613 pedes,

2292 5626 2476 5685 dixit:
2510 5628 2645 5684 Haec
2695 5625 2840 5682 dicit
2900 5626 3154 5699 Spiritus
3212 5634 3493 5686 sanctus:
3537 5628 3742 5685 Virum
3774 5631 3946 5701 cujus

2292 5720 2383 5775 est
2412 5715 2716 5791 cingulum
2746 5714 2879 5785 hoc,
2916 5713 3001 5772 sic
3056 5715 3385 5789 alligabunt
3436 5716 3817 5788 Jerosolymis
3848 5718 3946 5774 Ju-
