4112 6470
331 374 450 437 263
1459 366 1875 430 CECUMENII
1920 369 2012 428 ΤΗ

2123 367 2225 430 LE
2275 369 2627 437 EPISCOPI
3639 377 3760 438 264

327 512 478 570 I55
515 509 650 577 dsei,
683 505 1044 578 tradentque
1104 504 1166 560 in
1225 519 1438 561 manus
1495 504 1783 575 gentium.
1831 504 1977 561 Cum

2130 507 2352 577 ἥσουσιν
2423 510 2475 566 ἐν
2544 510 2912 588 Ἰερουσαλὴμ
2976 510 3258 583 Ἰουδαῖοι,
3336 514 3429 568 καὶ
3496 510 3759 585 παραδώ-

333 619 449 674 que
497 603 619 655 haec
672 596 1126 659 audivissemus,
1183 594 1539 667 rogabamus
1571 600 1629 649 et
1663 612 1773 650 nos
1803 600 1862 650 et
1892 593 1994 665 qui

2123 617 2276 652 τοισιν
2331 599 2408 662 εἷς
2465 605 2658 680 χεῖρας
2711 602 2894 667 ἐθνῶν.
2954 604 3045 665 Ὧς
3096 600 3155 659 δὲ
3212 602 3526 676 ἠκούσαμεν
3566 624 3760 674 ταυτα,

331 693 494 747 illius
526 689 638 744 loci
674 692 865 756 erant,
906 703 983 741 ne
1041 686 1393 741 ascenderet
1447 684 1800 741 Jerusalem.
1833 687 1997 741 Tunc

2123 686 2513 763 παρεκαλοῦμεν
2578 693 2744 764 ἡμεῖς
2813 712 2870 748 τε
2934 693 3022 749 καὶ
3089 693 3143 749 οἳ
3208 691 3471 764 ἐντόπιοι,
3529 696 3627 749 τοῦ
3679 694 3758 768 μή

329 779 639 852 respondit
670 777 909 842 Paulus,
944 793 1010 831 ac
1044 775 1192 831 dixit
1225 792 1238 830 :
1286 774 1436 840 Quid
1470 774 1661 831 facitis
1693 774 1906 830 ﬂentes
1939 779 1997 829 et

2123 773 2405 835 ιναϐαίνειν
2472 782 2638 837 αὐτὸν
2717 783 2794 846 εἰς
2868 781 3259 861 Ἰερουσαλήμ,
3328 784 3633 859 Ἀπεκρίθη
3702 803 3765 838 τε

325 870 663 943 afﬂigeutes
718 884 820 923 cor
879 866 1127 922 meum?
1183 867 1299 938 Ego
1362 881 1486 919 non
1532 863 1727 919 solum
1759 864 1993 933 vinciri,

2123 893 2128 918 ι
2177 868 2414 944 Παῦλος,
2483 872 2553 929 Τί
2617 878 2827 929 ποιεῖτε
2888 870 3170 936 κλαίοντες
3237 873 3331 929 καὶ
3391 872 3767 948 συνθρύπτον-

330 960 435 1016 sed
462 966 519 1015 et
550 958 701 1014 mori
732 963 973 1031 paratus
1020 973 1152 1011 sum
1198 954 1582 1026 Jerosolymis
1612 969 1719 1025 pro
1750 952 1995 1008 nomine

2123 956 2184 1019 ἐς
2242 980 2347 1031 μου
2402 961 2503 1028 τήν
2558 959 2821 1036 καρδίανς
2883 963 3023 1040 Ἐγὼ
3080 963 3184 1039 γὰρ
3216 962 3279 1018 οὐ
3315 962 3483 1037 μόνον
3518 960 3762 1033 δεθῆναι,

329 1049 564 1106 Domini
620 1049 778 1103 Jesu.
839 1051 907 1101 Et
972 1062 1108 1101 cum
1165 1045 1267 1100 ille
1324 1060 1449 1099 non
1509 1042 1994 1115 persuaderetur,

2123 1045 2247 1103 ιλλὰ
2301 1051 2394 1104 καὶ
2450 1050 2734 1115 ἀποθανεῖν
2791 1051 2870 1115 εἰς
2925 1050 3294 1127 Ἰερουσαλὴμ
3354 1052 3597 1126 ἐτοιμως
3645 1050 3767 1127 ἔχω

328 1138 734 1210 acquievimus
762 1135 1027 1192 dicentes
1054 1151 1065 1190 :
1104 1154 1131 1184 »
1163 1133 1403 1189 Domini
1436 1131 1709 1188 voluntas
1756 1131 1881 1188 flat.

2123 1137 2234 1213 ιπὶρ
2291 1144 2389 1194 τοῦ
2446 1139 2715 1213 ὀνόματος
2769 1145 2867 1197 τοῦ
2917 1144 3120 1216 Κυρίου
3180 1143 3390 1213 Ἰησοῦ.
3444 1143 3532 1212 Μή
3575 1145 3772 1199 πειθοο

935 1422 1166 1479 CAPUT
1203 1419 1404 1478 XXXI.

334 1540 662 1594 Aclhortatio
690 1536 881 1591 Jacobi
928 1536 1002 1589 ad
1032 1534 1289 1599 Paulum,
1320 1548 1380 1587 eo
1413 1531 1558 1602 quod
1607 1530 1813 1586 Paulus
1851 1529 1997 1584 dice-

477 1617 633 1665 retur
661 1624 769 1663 non
789 1607 1052 1678 judicare
1085 1606 1340 1661 Hebraeos
1368 1602 1854 1659 circumcidendos.

408 1754 554 1822 XXI,
590 1755 772 1807 15-25.
808 1772 836 1799 «
870 1751 1009 1803 Post
1037 1747 1147 1802 hos
1208 1751 1406 1803 autem
1466 1745 1595 1800 dies
1635 1744 1827 1817 parati
1859 1759 1997 1798 con-

336 1841 770 1898 scendebamus
826 1837 1176 1894 Jerusalem.
1240 1838 1545 1891 Venerunt
1621 1840 1820 1890 autem
1879 1849 1999 1889 una

337 1932 580 2004 quidam
612 1947 683 1985 ex
713 1927 1026 1999 discipulis
1058 1943 1093 1982 a
1123 1926 1391 1981 Caesarea
1438 1923 1777 1988 nobiscum,
1810 1921 1995 1977 addu-

333 2026 535 2077 centes
568 2034 772 2075 secum
834 2015 993 2089 apud
1052 2032 1230 2086 quem
1274 2015 1735 2087 hospitaremur,
1771 2013 1998 2067 Mnaso-

334 2127 473 2166 nem
531 2107 852 2181 quemdam
937 2106 1197 2177 Cyprum
1274 2109 1535 2159 veterem
1613 2100 1996 2173 discipulum.

334 2204 602 2269 Cumque
659 2195 1029 2251 venissemus
1081 2193 1471 2265 Jerosolyma,
1512 2191 1770 2247 libenter
1827 2205 1997 2244 exce-

335 2293 553 2361 perunt
606 2303 716 2342 nos
772 2285 1004 2340 fratres.
1067 2285 1308 2339 Postero
1362 2298 1498 2338 vero
1559 2281 1655 2336 die
1714 2279 2003 2334 introibat

334 2377 555 2434 Paulus
586 2375 900 2431 nobiscum
960 2373 1033 2429 ad
1089 2372 1395 2435 Iacobum,
1429 2386 1759 2441 omnesque
1790 2385 1991 2424 conve-

337 2474 558 2523 nerunt
585 2465 938 2538 presbyteri.
971 2465 1128 2529 Quos
1184 2463 1286 2518 ubi
1341 2463 1680 2529 salutasset,
1713 2460 1996 2516 narrabat

335 2574 444 2629 per
497 2554 750 2627 singula,
815 2570 946 2624 quae
1010 2558 1160 2607 Deus
1218 2552 1460 2606 fecisset
1490 2552 1551 2606 in
1584 2550 1859 2623 gentibus
1896 2566 2003 2621 per

336 2645 740 2702 ministerium
772 2642 977 2714 ipsius.
1015 2644 1087 2696 At
1121 2641 1209 2695 illi
1243 2657 1379 2696 cum
1410 2640 1741 2708 audissent,
1774 2639 1999 2712 gloriﬁ-

341 2736 555 2791 cabant
603 2735 812 2799 Deum,
871 2731 1268 2802 dixeruntque
1328 2731 1420 2786 ei:
1512 2730 1709 2801 Vides,
1794 2729 1999 2795 frater,

342 2831 485 2897 quot
520 2823 709 2880 millia
740 2823 860 2878 sint
904 2821 1243 2877 Iudaeorum
1276 2821 1376 2893 qui
1407 2820 1792 2876 crediderunt
1813 2819 1841 2875 ?
1873 2837 2000 2875 om-

340 2931 571 2986 nesque
603 2912 853 2968 studiosi
909 2917 1234 2967 sectatores
1284 2917 1423 2966 sunt
1466 2910 1633 2983 legis.
1668 2910 2005 2965 Audierunt

341 3010 541 3060 autem
600 3004 672 3059 de
728 3008 787 3056 te
846 3000 1006 3072 quod
1059 3000 1455 3057 defectionem
1507 3000 1723 3055 doceas
1773 3016 1808 3055 a
1848 3000 2003 3053 Mose

341 3110 548 3149 omnes
580 3094 681 3164 qui
712 3092 870 3147 inter
898 3096 1104 3165 gentes
1137 3096 1276 3146 sunt
1327 3090 1581 3157 Judzeos,
1617 3090 1844 3154 dicens,
1877 3104 2001 3143 non

341 3184 557 3240 debere
605 3200 707 3238 eos
761 3181 1191 3237 circumcidere
1234 3180 1414 3246 ﬁlios,
1446 3197 1641 3252 neque
1675 3178 2003 3234 secundum

2104 1229 2270 1302 μένου
2327 1227 2385 1284 δὲ
2442 1229 2629 1303 αὐτοῦ,
2683 1232 3059 1308 ἡσυχάσαμεν,
3116 1232 3384 1295 εἰπόντες
3434 1232 3507 1287 Τὸ
3546 1230 3774 1306 θέλημα

2099 1320 2196 1373 τοῦ
2228 1317 2430 1396 Κυρίου
2461 1319 2715 1394 γενέσθω.
2752 1344 2782 1374 »

2706 1431 2978 1487 ΚΕΦΑΛ.
3028 1431 3156 1487 AA'.

2102 1530 2453 1613 Παραίνεσις-
2495 1530 2761 1613 Ἰακώϐου
2812 1535 2951 1613 πρὸς
3014 1535 3252 1613 Παῦλον,
3323 1536 3449 1613 περὶ
3523 1541 3622 1594 τοῦ
3688 1539 3774 1613 μὴ

2427 1603 2604 1662 δοκεῖν
2652 1602 2943 1683 Ἐϐραίους
2990 1602 3433 1684 περιτέμνεσθαι.

2180 1771 2209 1801 ‹‹
2266 1747 2412 1804 Μετὰ
2469 1745 2527 1804 δὲ
2578 1750 2673 1811 τὰς
2729 1751 2941 1826 ἡμερας
2998 1752 3196 1814 ταύτας
3251 1750 3770 1827 ἐπισκευασάμενοι,

2104 1834 2462 1914 ἀνεϐαίνομεν
2521 1839 2598 1904 είς
2655 1841 3039 1915 Ἰερουσαλήμ.
3102 1840 3385 1914 Συνηλθον
3444 1840 3502 1899 δέ
3531 1844 3769 1900 καὶτῶν

2110 1930 2367 2003 μαθητῶν
2413 1928 2522 1985 ἀπὸ
2579 1930 2901 2004 Καισαρείας
2956 1931 3048 1985 σὺν
3104 1933 3266 2006 ἡμῖν,
3306 1932 3530 2009 ἄγοντες
3561 1933 3688 2009 παρ’
3718 1931 3772 2007 ᾧ

2109 2017 2454 2094 ξενισθῶμεν,
2513 2018 2773 2076 Μνάσωνί
2829 2041 2939 2075 τινι
3001 2020 3230 2096 Κυπρίῳ
3252 2021 3476 2098 ἄρχαίῳ
3513 2024 3767 2096 μαθητῇ.

2109 2106 2420 2183 Γενομένων
2479 2105 2536 2165 δέ
2592 2111 2752 2183 ἡμῶν
2813 2109 2890 2172 εἷς
2947 2110 3327 2186 Ἰεροσόλυμα,
3367 2110 3617 2186 ἀσμένως
3648 2109 3775 2167 ἐδέ-

2106 2199 2265 2270 ξαντο
2296 2199 2445 2271 ἡμᾶς
2478 2198 2530 2252 οἱ
2587 2194 2836 2277 ἀδελφοί.
2896 2202 2976 2273 Τῇ
3010 2196 3067 2253 δὲ
3105 2198 3333 2275 ἐπιούσῃ
3369 2199 3541 2274 εἰσῄει
3572 2201 3602 2255 ὁ
3630 2197 3783 2258 Ha;-

2108 2283 2205 2349 λος
2235 2286 2326 2342 σὺν
2357 2289 2494 2361 ἡμῖν
2549 2287 2687 2362 πρὸς
2748 2282 3032 2359 Ἰάκωϐον,
3093 2289 3286 2352 πάντες
3317 2310 3373 2346 τε
3403 2291 3774 2366 παρεγένοντο

2107 2377 2159 2432 οἱ
2216 2373 2595 2453 πρεσϐύτεροι.
2654 2378 2759 2434 Καὶ
2814 2378 3191 2452 ἀσπασάμενος
3244 2380 3467 2450 αὐτοὺς,
3526 2379 3775 2455 ἐξηγεῖτο

2105 2467 2226 2521 καθ’
2279 2463 2334 2520 ἓν
2383 2462 2628 2537 ἕκαστον,
2691 2467 2765 2521 ὧν
2821 2465 3076 2538 ἐποίησεν
3125 2469 3154 2523 ὁ
3209 2470 3337 2532 Θεὸς
3366 2468 3418 2524 ἐν
3449 2475 3565 2533 τοῖς
3597 2467 3773 2526 ἔθνεσι

2109 2552 2200 2610 διὰ
2227 2562 2328 2624 τῆς
2358 2552 2635 2618 διακονίας
2661 2555 2849 2614 αὐτοῦ.
2903 2556 2970 2614 Οἱ
3024 2553 3081 2612 δὲ
3131 2556 3479 2629 ἀκούσαντες,
3513 2557 3770 2630 ἐδόξαζον

2107 2645 2199 2699 τὸν
2232 2644 2452 2719 Κύριον,
2501 2645 2653 2700 εἷπὸν
2710 2666 2769 2701 τε
2826 2646 2997 2719 αὐτῷ’
3059 2652 3316 2723 Θεωρεῖς,
3346 2645 3570 2728 ἆδελφὶ,
3602 2644 3772 2705 πόσαι

2113 2730 2374 2808 μυριάδες
2431 2733 2565 2790 εἰσὶν
2624 2731 2907 2791 Ἰουδαίων
2967 2739 3077 2790 τῶν
3135 2738 3618 2810 πεπιστευκότωνς
3678 2738 3774 2794 καὶ

2110 2824 2304 2885 πάντες
2364 2821 2610 2894 ζηλωταὶ
2667 2827 2766 2878 τοῦ
2847 2818 3020 2898 νόμου
3109 2825 3439 2904 ὑπάρχουσι.
3500 2828 3774 2907 Κατηχή-

2112 2923 2281 2984 θησαν
2342 2908 2399 2967 δέ
2456 2911 2579 2988 περὶ
2634 2917 2752 2982 σοῦ,
2809 2912 2890 2968 ὅτι
2951 2912 3282 2970 ἀποστασίαν
3345 2912 3617 2979 διδάσκεις
3660 2917 3767 2973 ἀπὸ

2111 3002 2381 3072 Μωσέως,
2448 3002 2575 3057 τοὺς
2640 3000 2776 3057 κατὰ
2846 3002 2912 3056 τὰ
2989 2996 3110 3073 ἔθνη
3180 3004 3383 3067 πάντας
3453 3003 3773 3076 Ἰουδαίους,

2111 3090 2313 3167 λέγων,
2364 3092 2441 3165 μὴ
2502 3095 2845 3166 περιτέμνειν
2906 3092 3105 3155 αὐτοὺς
3150 3092 3219 3148 τὰ
3272 3094 3452 3164 τέκνα,
3486 3092 3629 3167 μηδέ
3656 3102 3777 3160 τοῖς

2115 3177 2255 3235 ἔθεσι
2285 3176 2623 3255 περιπατεῖν.
2678 3179 2738 3234 Τί
2800 3177 2892 3235 οὖν
2953 3178 3115 3251 tam;
3174 3182 3404 3247 Πάντως
3451 3180 3535 3238 δεῖ
3561 3185 3781 3253 πλῆθος

340 3274 614 3329 instituta
642 3273 853 3327 vivere.
888 3270 1040 3337 Quid
1100 3276 1191 3325 est
1248 3240 1433 3343 ergo?
1482 3240 1737 3325 omnino
1771 3273 2004 3340 oportet

2123 3240 2414 3323 συνελθεῖν·
2492 3267 2811 3324 ἀκούσονται
2886 3269 2991 3346 γὰρ
3068 3240 3152 3325 ὅτι
3236 3266 3529 3342 ἐλήλυθας.
3606 3240 3780 3329 Τοῦτό

341 3365 657 3421 convenire
718 3361 1166 3418 multitudinem
1200 3403 1214 3427 ,
1273 3362 1519 3417 audient
1575 3361 1736 3415 enim
1792 3364 1849 3413 te
1906 3374 2010 3413 ve-

343 3455 529 3510 nisse.
563 3454 683 3508 Hoc
716 3468 852 3524 ergo
884 3450 975 3505 fac
1003 3451 1162 3521 quod
1192 3449 1302 3504 tibi
1349 3449 1623 3505 dicimus.
1658 3449 1807 3504 Sunt
1837 3446 2008 3502 nobis

352 3550 608 3615 quatuor
635 3541 743 3595 viri
775 3548 975 3596 votum
1008 3539 1297 3594 habentes
1321 3555 1500 3611 super
1530 3554 1591 3593 se
1618 3556 1632 3605 ;
1666 3538 1759 3592 his
1789 3551 2015 3592 assum-

356 3634 478 3704 ptis
505 3632 658 3688 I56
692 3630 943 3701 puriﬁca
999 3634 1056 3683 te
1114 3645 1249 3683 cum
1310 3628 1454 3695 illis,
1488 3634 1546 3683 et
1601 3624 1880 3699 impende
1913 3641 2015 3681 su-

361 3737 468 3793 per
525 3720 667 3787 illis,
723 3725 787 3774 ut
865 3718 1081 3774 radant
1163 3717 1377 3789 capita,
1440 3717 1748 3788 sciantque
1807 3731 2016 3772 omnes

363 3810 519 3882 quod
552 3826 684 3881 quas
714 3809 787 3864 de
822 3813 876 3864 te
905 3808 1226 3864 audierunt
1260 3806 1413 3862 nihil
1475 3812 1633 3867 sunt,
1669 3806 1773 3862 sed
1806 3804 2013 3861 ambu-

362 3901 451 3956 las
483 3905 540 3954 et
566 3900 693 3971 ipse
725 3896 1070 3953 custodiens
1131 3897 1340 3969 legem.
1375 3897 1454 3951 De
1511 3896 1787 3969 gentibus
1818 3900 2017 3950 autem

363 4009 494 4064 quas
526 3989 909 4046 crediderunt
935 4006 1044 4045 nos
1075 3989 1566 4060 signiﬁcavimus,
1600 3990 2016 4052 decernentes,

362 4100 439 4138 ne
473 4083 616 4155 quid
646 4079 991 4153 hujusmodi
1038 4079 1359 4135 observent
1406 4078 1521 4134 nisi
1567 4082 1631 4132 ut
1672 4082 1918 4133 caveant
1946 4075 2019 4131 ab

2118 3357 2208 3413 οὗν
2276 3358 2535 3429 ποίησον,
2603 3358 2632 3413 ’ὁ
2700 3379 2785 3413 σοι
2857 3358 3105 3433 λέγομεν.
3175 3358 3323 3415 Είσῖν
3387 3363 3522 3434 ἡμῖν
3584 3358 3780 3436 ἄνδρες

2116 3446 2367 3522 τέσσαρες
2466 3446 2636 3522 εὐχὴν
2710 3445 2935 3524 ἔχοντες
3038 3447 3125 3526 ἀφ’
3229 3449 3457 3505 ἑαυτῶν·
3544 3451 3780 3514 τούτους

2118 3530 2477 3608 παραλαϐὼν,
2533 3534 2821 3611 ἁγνίσθητι
2879 3537 2970 3591 σὺν
3031 3536 3237 3608 αὐτοῖς,
3304 3542 3394 3595 καὶ
3467 3537 3776 3610 δαπάνησον

2122 3624 2205 3680 ἐπ’
2235 3624 2445 3691 αὐτοῖς,
2474 3625 2563 3680 ἳνκ
2619 3627 2958 3701 ξυρήσωνται
3013 3628 3114 3698 τήν
3174 3627 3447 3709 κεφαλήν,
3478 3630 3567 3685 καὶ
3606 3635 3787 3705 γνῶσι

2120 3715 2337 3783 πάντες,
2399 3714 2484 3770 ’ὁτι
2542 3715 2616 3769 ὧν
2675 3716 3022 3791 κατήχηνται
3082 3716 3208 3792 περῖ
3268 3722 3366 3772 σοῦ
3427 3716 3579 3774 ούδὲν
3612 3719 3784 3789 ἐστιν,

2120 3804 2269 3860 ἀλλὰ
2299 3809 2542 3880 στοιχεῖς
2575 3804 2664 3860 καὶ
2721 3806 2886 3868 αὐτὸς
2941 3807 3033 3861 τὸν
3089 3806 3259 3879 νόμον
3302 3806 3614 3884 φυλάσσων.
3652 3812 3789 3886 Περὶ

2123 3891 2180 3948 δὲ
2238 3897 2346 3949 τῶν
2415 3895 2854 3950 πεπιστευκότων
2924 3894 3093 3950 ἐθνῶν
3153 3896 3319 3970 ἡμεῖς
3372 3898 3793 3972 ἐπεστείλαμεν,

2122 3982 2421 4058 κρίναντες,
2492 3982 2662 4057 μηδὲν
2724 3988 2975 4040 τοιοῦτον
3056 3991 3243 4061 τηρεῖν
3315 3987 3532 4059 αὐτοὺς,
3602 3990 3648 4044 εί
3711 3990 3796 4064 μή

2127 4072 2491 4153 φυλάσσεσθαι
2521 4075 2717 4138 αὑτοὺς
2748 4074 2810 4130 τό
2863 4096 2922 4131 τε
2983 4073 3379 4150 εἰδωλόθυτον,
3411 4080 3500 4135 καὶ
3531 4080 3595 4135 τὸ
3625 4080 3798 4155 αἷμα,

363 4174 711 4245 idolothytis
759 4178 819 4228 et
876 4172 1188 4245 sanguine,
1249 4178 1307 4226 et
1367 4170 1674 4236 suffocato,
1708 4176 1767 4224 et
1797 4173 2012 4224 scorta-

2125 4163 2215 4220 καὶ
2244 4165 2483 4233 πνικτὸν,
2516 4164 2605 4219 καὶ
2636 4165 2910 4241 πορνείαν.
2941 4188 2970 4217 ››

361 4264 546 4318 tione.
584 4282 608 4313 ν

440 4372 469 4402 ‹‹
499 4347 1042 4421 Ἐπισκευασάμενοι.
1074 4378 1099 4403 ιο
1162 4348 1282 4404 Hoc
1341 4353 1449 4415 est,
1513 4364 1648 4404 cum
1691 4363 1760 4403 ea
1789 4362 1920 4417 quae
1952 4344 2027 4400 ad

366 4442 480 4497 iter
504 4439 843 4495 necessaria
875 4444 1044 4493 erant
1065 4438 1524 4509 accepissemus.
1550 4460 1577 4487 «
1605 4436 1800 4499 Vides,
1820 4436 2023 4502 frater,

366 4534 512 4602 quot
541 4528 752 4584 millia.
776 4551 803 4578 n
838 4528 1167 4585 Consilium
1200 4528 1251 4581 ei
1285 4526 1431 4583 dant
1461 4532 1517 4582 et
1548 4542 1666 4582 non
1693 4525 1911 4599 jubent
1939 4526 2028 4579 Ja-

2201 4369 2228 4396 (ι
2261 4344 2803 4418 Ἐπισκευασάμενοι.
2844 4369 2872 4397 ››
2924 4346 3201 4421 Τουτέστι,
3256 4349 3322 4403 τὰ
3371 4349 3509 4422 πρὸς
3555 4344 3801 4404 ὁδοιπο-

2130 4432 2248 4511 ρίαν
2281 4427 2565 4496 λαϐόντες.
2623 4457 2652 4485 tt
2684 4439 2938 4509 Θεωρεῖς,
2992 4433 3211 4516 ἆδελφέ,
3242 4438 3412 4494 πόσαι
3445 4436 3727 4515 μυριάδες.
3764 4462 3804 4490 ››

2132 4517 2635 4597 Συμϐουλεύουσιν,
2686 4521 2786 4578 οὐκ
2845 4522 3191 4582 ἐπιτάττουσι
3249 4527 3429 4600 τούτῳ
3460 4527 3668 4602 οἱπερὶ
3698 4527 3802 4582 τὸν

366 4620 550 4676 cobus
581 4623 640 4674 et
679 4618 779 4689 qui
834 4635 967 4674 cum
1024 4634 1093 4673 eo
1153 4623 1343 4685 erant,
1376 4622 1621 4689 propter
1650 4616 1809 4688 quod
1843 4615 2012 4671 etiam

2135 4608 2428 4670 Ἰάκωϐονο
2491 4611 2610 4667 ὅθεν
2682 4611 2772 4668 καὶ
2830 4612 3129 4676 πείθουσιν.
3190 4617 3528 4690 Οἱκονομὶας
3587 4616 3694 4692 γὰρ
3724 4614 3807 4686 ἦν

366 4710 786 4766 suadent.Nam
823 4708 1289 4780 dispensationis
1309 4713 1436 4763 erat
1458 4707 1563 4763 illa
1591 4705 2020 4763 condescensio

2130 4704 2166 4773 ἡ
2198 4695 2619 4779 συγκατάϐασις,
2672 4701 2734 4756 οὗ
2787 4704 3131 4777 νομοθεσίας.
3166 4705 3281 4764 Οὐκ
3324 4704 3426 4782 ἄρα
3454 4704 3664 4784 ἐγκοπὴ
3696 4709 3810 4762 τοῦ

365 4817 486 4855 non
520 4798 1141 4873 legislationithaque
1169 4796 1611 4869 praedicationis
1638 4795 1889 4851 offensio
1922 4799 2012 4850 aut

2131 4791 2485 4867 κηρύγματος
2542 4793 2704 4845 τοῦτο
2762 4790 2853 4860 ἦν,
2910 4791 3039 4848 ἀλλ’
3092 4794 3400 4869 οἱκονομία.
3469 4795 3537 4853 Oi
3586 4796 3688 4871 γὰρ
3739 4792 3806 4848 ἐν

364 4889 864 4961 impedimentum
896 4904 1016 4943 non
1051 4895 1195 4947 erat.
1226 4887 1330 4943 sed
1352 4886 1886 4958 dispensatio.Nam
1920 4883 2025 4954 qui

2131 4878 2546 4957 Ἱεροσολύμοις
2609 4901 2985 4946 πιστευσαντες
3039 4883 3147 4939 ἀπὸ
3206 4882 3508 4956 Ἰουδαίων,
3574 4885 3640 4939 τὰ
3695 4880 3802 4956 ἔθη

366 4980 750 5051 Jerosolymis
778 4996 847 5035 ex
868 4979 1086 5034 Judaeis
1109 4976 1787 5041 crediderant,instituta
1812 4973 2012 5047 legalis

2132 4972 2201 5027 τὰ
2227 4970 2432 5044 νομικᾶ
2456 4967 2657 5039 ἤθελον
2703 4964 2781 5026 ἔτι
2842 4971 3150 5050 φυλάττειν.
3213 4996 3234 5025 ι
3271 4975 3515 5040 Τούτους
3544 4973 3809 5050 παραλα-

368 5070 561 5127 adhuc
594 5086 829 5125 servare
886 5068 1184 5124 volebant.
1231 5090 1259 5117 ‹‹
1292 5068 1394 5122 His
1424 5065 1746 5137 assumptis
1776 5064 2029 5135 puriﬁca

368 5166 426 5215 te
457 5176 591 5216 cum
622 5160 763 5215 illis.
801 5181 828 5208 »
864 5158 1128 5213 Suadent
1169 5157 1220 5211 ei
1279 5162 1346 5211 ut
1405 5171 1582 5228 Opere
1616 5153 2028 5209 defensionem

367 5256 556 5322 paret,
577 5264 697 5305 non
724 5247 1149 5304 sermone.Hoc
1170 5247 1370 5317 itaque
1394 5245 1634 5311 dicunt;
1660 5245 1741 5298 Tu
1773 5241 2027 5314 porrige,

370 5355 500 5410 qua)
527 5340 701 5409 juxta
752 5336 945 5409 legem
1005 5336 1341 5391 offeruntur
1396 5350 1500 5406 pro
1533 5333 1639 5401 eis,
1671 5331 1935 5400 hostias;
1966 5335 2032 5386 ut

372 5425 777 5496 suspicionem
819 5422 1034 5492 solvas,
1078 5428 1136 5477 et
1174 5421 1454 5477 ostendas
1495 5418 1653 5492 quod
1686 5435 1807 5474 non
1839 5418 2032 5474 solum

369 5529 491 5569 non
521 5513 736 5568 doceas
773 5528 904 5584 quae
944 5511 1058 5585 legi
1103 5511 1402 5567 contraria
1443 5515 1602 5577 sunt,
1634 5509 1755 5563 imo
1786 5507 1944 5579 quod
1977 5514 2036 5564 et

369 5603 497 5675 ipse
529 5617 729 5657 serves
761 5617 893 5674 qua:
920 5600 981 5656 in
1017 5600 1144 5674 lege
1169 5600 1479 5673 jubentur.
1512 5599 1593 5655 Ne
1622 5603 1817 5655 autem
1854 5597 2034 5669 dicat,

370 5691 429 5747 Si
459 5697 666 5766 gentes
689 5692 800 5749 hoc
829 5690 1168 5759 didicerint,
1192 5687 1617 5745 ofl'endiculum
1643 5686 1785 5745 inde
1809 5688 2037 5762 patien-

2137 5054 2247 5115 ϐὼν
2282 5059 2566 5136 ἁγνίσθητι
2600 5059 2693 5113 σὺν
2742 5059 2951 5125 αὐτοῖς.
2986 5087 3015 5115 ››
3077 5064 3268 5141 Ἔργῳ
3324 5067 3424 5136 τήν
3491 5063 3806 5140 ἀπολογίαν

2136 5156 2365 5219 ποιῆσαι
2395 5148 2543 5222 αὐτῷ
2601 5144 3095 5223 συμϐουλεύουσιν,
3157 5155 3221 5209 ού
3286 5153 3464 5230 λόγῳ.
3506 5157 3675 5210 Τοῦτο
3705 5151 3809 5209 οὖν

2140 5258 2288 5318 φασιο
2365 5239 2469 5300 Τὰς
2541 5239 2988 5317 προσφερομένας
3068 5243 3200 5320 ὑπὲρ
3267 5243 3443 5299 αὐτῶν
3506 5243 3643 5300 κατᾶ
3706 5242 3808 5299 τὸν

2140 5328 2312 5402 νόμον
2344 5325 2550 5395 θυσίας,
2609 5326 2672 5381 σὺ
2729 5328 3003 5406 πάρασχε,
3059 5331 3145 5387 ἳνα
3202 5331 3376 5408 λύσῃς
3407 5335 3505 5405 τήν
3538 5332 3808 5407 ὑποψίαν,

2141 5417 2233 5476 καὶ
2265 5414 2469 5492 δείξῃς,
2501 5417 2585 5471 δτι
2615 5417 2678 5472 ού
2714 5419 2877 5491 μόνον
2930 5421 2995 5476 ού
3046 5418 3317 5487 διδάσκεις
3349 5421 3450 5495 ἔξω
3478 5426 3576 5479 τοῦ
3601 5422 3808 5493 νόμου,

2144 5504 2274 5564 ἀλλ’
2303 5506 2387 5562 δτι
2417 5506 2507 5560 καὶ
2537 5505 2702 5569 αὐτὸς
2734 5505 3030 5585 φυλάττεις
3059 5513 3127 5567 τὰ
3182 5511 3233 5568 ἐν
3292 5518 3371 5585 τῷ
3397 5512 3576 5589 νόμῳ.
3600 5512 3716 5571 Ἰνα
3747 5507 3811 5566 δὲ

2149 5598 2225 5673 μή
2261 5594 2420 5673 λὲγῃ,
2452 5594 2663 5651 δτιἋν
2693 5595 2761 5652 τὰ
2817 5592 2948 5672 ἔθνη
3008 5605 3170 5659 τοῦτο
3231 5603 3466 5677 μάθωσι,
3507 5598 3813 5659 σκανδαλε-

2148 5688 2459 5760 σθήσονται,
2519 5684 2710 5763 ἐπάγει
2770 5685 2985 5745 λοιπόν
3052 5692 3242 5769 «Περὶ
3277 5690 3334 5749 δὲ
3379 5697 3488 5750 τῶν
3523 5712 3814 5750 πεπιστευ-
