4112 6412
440 450 560 515 26⁸1

1432 440 1841 500 COMMENT.
1891 439 1966 497 1N
2013 437 2212 498 ACTA
2261 439 2861 501 APOSTOLORUM.

3737 439 3856 505 260

436 591 531 642 tra
561 583 914 640 Dominum:
943 577 1130 645 Tolle,
1163 576 1324 643 tolle,
1387 576 1498 631 hoc
1549 581 1638 630 est
1685 573 1852 630 aufer
1899 589 2032 628 eum
2066 589 2096 628 e

2211 571 2436 646 Κυρίου,
2473 594 2496 623 α
2534 574 2666 647 Αἶρε
2696 572 2880 639 αυτὸν,
2921 570 3040 625 ἀντὶ
3071 574 3189 642 τοῦ,
3222 572 3462 645 Ἐπαρον
3494 569 3654 626 αὐτὸν
3678 569 3863 627 ἐκτῶν

435 675 599 730 vivis.
630 671 744 726 Alii
775 686 910 724 vero
943 668 1151 723 dicunt
1180 667 1293 721 hoc
1323 683 1454 720 esse
1487 663 1645 736 quod
1677 667 1943 720 Romana
1967 679 2101 717 con-

440 759 760 818 suetudine
783 756 940 828 apud
963 772 1070 809 nos
1095 754 1329 808 dicunt:
1358 754 1519 806 Inter
1545 753 1711 824 signa
1739 767 1870 804 eum
1897 750 2097 820 injice.

438 873 468 900 ‹‹
497 851 705 904 Nonne
733 854 792 902 tu
819 864 881 901 es
903 845 1005 899 ille
1032 842 1378 916 zEgyptius?
1399 865 1424 890 ››
1461 841 1563 896 ilic
1589 841 1890 912 Aigyptius
1923 840 2099 894 homo

443 938 688 1010 quidam
717 941 843 991 erat
862 951 1060 990 rerum
1094 948 1377 987 novarum
1413 929 1714 985 studiosus
1737 934 1795 983 et
1816 929 2104 1000 impostor

442 1045 510 1084 ac
537 1027 954 1099 praestigiator.
992 1023 1208 1077 Volens
1265 1038 1400 1093 ergo
1434 1019 1709 1074 diabolus
1743 1019 1985 1073 Paulum
2011 1017 2098 1072 fa-

444 1134 577 1173 cere
611 1117 961 1188 participem
995 1113 1313 1169 criminum
1350 1128 1481 1180 qum
1510 1110 1620 1165 sibi
1671 1108 2100 1180 congruebant,

443 1207 948 1280 quemadmodum
974 1205 1152 1258 etiam
1175 1203 1283 1257 sub
1312 1201 1545 1255 Christo
1579 1206 1845 1270 tempore
1869 1199 1995 1261 illo,
2019 1199 2103 1252 in-

443 1299 644 1354 citavit
659 1297 851 1368 ipsum
876 1299 941 1349 ut
958 1297 1302 1364 portentosa
1318 1294 1663 1356 operaretur
1682 1287 2098 1342 interludzeos.

442 1389 733 1454 Quoniam
758 1391 956 1440 autem
991 1383 1133 1437 dicit
1189 1380 1503 1435 tribunus:
1560 1380 1766 1432 Nonne
1798 1384 1861 1431 tu
1893 1393 1954 1432 es
2001 1377 2104 1430 ille

443 1479 770 1551 Egyptius,
804 1475 958 1528 hanc
987 1472 1262 1543 protinus
1296 1469 1700 1540 suspicionem
1731 1484 1764 1522 a
1805 1483 1867 1522 se
1898 1467 2108 1538 rejecit

443 1569 744 1624 declarato
776 1579 992 1638 genere
1025 1578 1092 1616 ac
1125 1560 1432 1632 religione.
1482 1558 1715 1612 Etenim
1767 1556 1908 1612 alibi
1961 1555 2108 1610 dicit

441 1674 570 1714 sese
585 1655 917 1729 legitimum
941 1650 1157 1706 Christi
1185 1649 1492 1704 cultorem.
1507 1649 1802 1702 Vocantur
1819 1652 2015 1701 autem
2030 1645 2106 1699 si-

440 1747 587 1803 carii
620 1745 908 1805 latrones,
941 1755 1156 1813 genere
1188 1737 1421 1792 ensium
1455 1741 1690 1790 utentes
1713 1735 1813 1806 qui
1837 1735 2106 1806 proxime

442 1836 518 1891 ad
544 1849 749 1889 eorum
782 1829 1075 1887 accedunt
1105 1826 1574 1900 magnitudinem
1603 1841 1752 1895 quos
1776 1826 1964 1878 Psrsae
1987 1822 2104 1877 aci-

2209 662 2446 728 ζώντων,
2483 660 2680 717 ’Ἄλλοι
2717 658 2773 716 δέ
2806 660 2949 714 οὕτω
2981 660 3129 738 φασὶ,
3181 659 3456 715 τουτέστιν
3489 661 3518 715 8
3552 663 3678 736 παρ’
3729 664 3863 736 ἡμῖν

2209 748 2432 827 λέγουσι
2489 752 2623 804 κατὰ
2697 751 2796 816 τήν
2855 750 3172 822 Ῥωμαϊκὴν
3234 751 3538 820 συνήθειαψ
3604 751 3690 807 Ἐν
3747 757 3866 814 τοῖς

2209 839 2419 916 σίγνοις
2453 836 2610 894 αὸτὸν
2645 837 2872 912 ἔμϐαλε.
2916 863 2941 892 α
2973 839 3086 896 Ούκ
3117 838 3221 914 ἂρα
3253 840 3313 894 σὺ
3346 842 3395 894 εἷ
3425 840 3452 895 6
3476 839 3801 917 Αἰγύπτιος.
3837 865 3865 893 ››

2208 930 2434 991 Οὗτοςὸ
2484 930 2804 1002 Αἰγύπτιος,
2865 927 3147 1003 ἂνθρωπός
3203 950 3286 990 τις
3349 929 3414 998 ἦν
3469 930 3865 1005 νεωτεροποιὸς

2207 1019 2298 1074 καὶ
2331 1021 2626 1088 στατιασής
2658 1019 2747 1073 καὶ
2797 1019 3043 1074 ἀπατεὼν
3099 1017 3189 1072 καὶ
3247 1019 3407 1092 γόης.
3473 1018 3569 1075 Καὶ
3630 1017 3803 1083 θέλων
3837 1021 3863 1074 ὁ

2209 1103 2471 1170 διάϐολος
2498 1108 2759 1163 κοινωνὸν
2800 1113 2974 1162 ποιεῖν
3030 1106 3244 1163 Παῦλον
3289 1113 3397 1162 τῶν
3460 1106 3644 1180 ἐκείνῳ
3702 1129 3869 1183 προσ-

2209 1197 2454 1268 ηκόντων
2502 1197 2885 1272 ἐγκλημάτων,
2944 1195 3128 1272 ὥσπερ
3185 1196 3274 1251 καὶ
3326 1195 3415 1252 ἐπὶ
3472 1201 3570 1252 τοῦ
3632 1203 3868 1272 Χριστοῦ

2207 1289 2346 1342 κατά
2373 1289 2462 1342 τὸν
2492 1287 2678 1362 καιρὸν
2737 1284 2961 1353 ἐκεῖνον,
3021 1283 3296 1362 διήγειρεν
3355 1287 3520 1342 αὐτὸν
3578 1289 3868 1363 τερατεύε-

2211 1380 2332 1432 σθαι
2362 1377 2413 1432 ἐν
2445 1383 2561 1440 τοῖς
2611 1374 2917 1439 Ἰουδαίοις.
2966 1375 3192 1445 Ἐπειδὴ
3255 1373 3310 1431 δέ
3369 1398 3535 1453 φησιν
3567 1378 3594 1432 6
3629 1377 3871 1454 χιλίαρ-

2210 1487 2335 1542 χος,
2371 1468 2440 1521 Σὺ
2472 1468 2522 1521 εἶ
2560 1467 2587 1520 6
2646 1466 2972 1544 Αῗγύπτιος,
3031 1465 3230 1530 εὐθέως
3287 1466 3449 1520 αὐτὸν
3505 1467 3708 1538 ταύτης
3759 1469 3867 1523 ἀπο

2211 1559 2385 1632 ἤγαγε
2437 1563 2538 1625 τῆς
2599 1556 2854 1631 ὑποψίας,
2909 1556 3102 1611 καὶτὸ
3161 1551 3309 1616 ἔθνος
3369 1555 3557 1622 εἰπὼν,
3617 1555 3708 1611 καί
3763 1559 3867 1626 τήν

2212 1644 2526 1716 θρησκείαν.
2587 1645 2692 1700 Καὶ
2749 1644 2851 1718 γαρ
2909 1642 3166 1718 ἀλλαχοῦ
3235 1640 3464 1715 ἔννομον
3525 1644 3714 1700 ἑαυτὸν
3769 1649 3872 1701 τοῦ

2213 1733 2450 1806 Χριστοῦ
2475 1731 2650 1788 καλεῖ,
2718 1733 2965 1808 Σικάριοι
3027 1729 3084 1786 δὶ
3142 1730 3396 1806 λέγονται
3451 1731 3648 1807 λῃσταὶ
3698 1736 3870 1811 ξιφει-

2214 1819 2352 1884 δίοις
2383 1823 2690 1897 χρώμενοι,
2741 1821 3151 1896 παραπλησίοις
3215 1821 3310 1895 μὲν
3347 1821 3410 1876 τὸ
3473 1823 3692 1898 μέγεθος
3749 1829 3873 1886 τοῖς

443 1939 624 1981 nacas
657 1923 897 1977 dicunt:
931 1917 1254 1973 inﬂexione
1286 1932 1420 1969 vero
1453 1931 1520 1970 ac
1565 1918 1876 1968 curvatura
1925 1911 1997 1966 iis
2027 1912 2098 1966 si-

2211 1918 2319 1968 τῶν
2352 1917 2570 1988 Περσῶν
2632 1912 2933 1981 ἀκινάκαις,
2994 1910 3326 1985 ἐπικαμπέσι
3385 1909 3442 1967 δὲ
3499 1913 3588 1967 καὶ
3647 1913 3872 1986 ὁμοίοις

444 2013 620 2070 miles
653 2015 792 2067 sunt
813 2026 962 2080 quos
986 2006 1232 2062 Romani
1267 2005 1418 2059 sicas
1451 2003 1755 2075 appellant
1785 2019 1797 2055 :
1832 2018 1866 2057 a
1887 2000 2105 2072 quibus

441 2105 619 2159 etiam
639 2101 725 2156 illi
759 2097 1135 2154 latrocinium
1166 2099 1511 2150 exercentes
1531 2092 1993 2164 appellationem
2012 2106 2105 2146 ac-

443 2195 751 2264 ceperunt.
799 2187 909 2242 Alii
940 2202 1076 2240 vero
1111 2190 1330 2241 sectam
1351 2182 1669 2253 quamdam
1689 2180 1845 2252 apud
1869 2179 2102 2235 Judaaos

443 2298 574 2338 esse
613 2279 910 2336 dicebant.
948 2279 1087 2330 Tres
1121 2273 1416 2345 siquidem
1448 2271 1604 2344 apud
1634 2271 1869 2326 Iudaeos
1927 2275 2101 2325 sectas

443 2376 616 2427 erant
647 2370 708 2424 in
740 2382 976 2441 genere,
1006 2380 1224 2434 nempe
1256 2361 1563 2426 Pharisaei,
1597 2359 1903 2415 Sadducmi
1928 2364 1985 2414 et
1999 2359 2095 2413 Es-

445 2460 606 2516 seni:
644 2459 824 2528 hique
856 2456 1037 2509 vitam
1067 2452 1423 2507 severiorem
1476 2449 1793 2514 ducebant,
1847 2448 2101 2502 invicem

445 2547 784 2620 diligentes,
816 2561 883 2599 ac
917 2547 1244 2614 temperate
1268 2538 1594 2595 admodum
1625 2540 1888 2592 viventes
1918 2553 1931 2591 :
1966 2536 2101 2591 ideo

442 2653 678 2708 quoque
715 2635 920 2690 Esseni
951 2632 1304 2688 dicebantur
1355 2631 1523 2700 quasi
1581 2624 1747 2695 ὅσιοι,
1795 2629 1833 2684 i.
1869 2628 2098 2682 sancti:

443 2727 546 2782 alii
572 2743 709 2781 vero
741 2724 997 2780 Sicarios
1031 2725 1193 2793 ipsos
1236 2720 1640 2792 appellabant,
1695 2719 1814 2774 sive
1861 2717 2097 2772 zelotas.

514 2817 670 2873 159
702 2813 846 2878 XXI,
881 2814 968 2879 39,
1003 2814 1110 2878 4ος
1172 2809 1342 2871 XXII,
1406 2811 1555 2862 1-29.
1618 2829 1645 2856 «
1681 2807 1838 2862 Dixit
1901 2811 2099 2860 autem

444 2905 664 2961 Paulus
691 2903 838 2974 :Ego
853 2899 1096 2972 quidem
1130 2899 1308 2953 homo
1343 2914 1471 2952 sum
1504 2896 1740 2950 Judaeus
1770 2894 2099 2961 Tarsensis,

442 3012 566 3052 non
599 2993 865 3049 obscurae
896 2990 1144 3045 Cilicum
1175 2988 1426 3043 civitatis
1473 2987 1634 3041 civis.
1697 2987 1853 3057 Rogo
1902 2989 2101 3038 autem

441 3092 522 3156 te,
555 3083 834 3158 permitte
867 3081 1015 3137 mihi
1047 3080 1210 3151 loqui
1240 3079 1312 3134 ad
1344 3078 1652 3150 populum.
1685 3077 1950 3148 Cumque
1999 3076 2100 3130 ille

445 3175 844 3248 permisisset,
905 3171 1125 3227 Paulus
1183 3175 1347 3225 stans
1405 3169 1466 3222 in
1524 3167 1828 3240 gradibus,
1888 3168 2102 3222 annuit

443 3283 627 3322 manu
659 3263 733 3320 ad
764 3263 1036 3334 plebem:
1091 3265 1149 3315 et
1197 3275 1409 3330 magno
1455 3257 1694 3312 silentio
1749 3257 1902 3312 facto
1951 3257 2102 3312 allo-

442 3355 739 3426 quebatur
766 3314 968 3422 lringua
1001 3350 1266 3411 Hebraea,
1297 3314 1515 3402 dicens
1544 3365 1554 3400 :
1609 3347 1728 3400 Viri
1786 3346 2000 3401 fratres
2044 3351 2102 3399 et
2130 3314 2173 3381 C

447 3447 670 3513 patres,
705 3439 904 3494 audite
937 3453 1134 3492 meam
1177 3451 1354 3505 quam
1406 3450 1566 3488 nunc
1624 3434 1697 3488 ad
1739 3450 1841 3487 vos
1889 3433 2106 3502 loquor

445 3533 916 3590 excusationem.
962 3532 1105 3585 Cum
1166 3534 1364 3583 autem
1424 3525 1735 3581 audissent
1784 3525 1941 3596 quod
1990 3526 2102 3579 He-

442 3624 604 3678 brma
631 3623 841 3694 lingua
871 3620 982 3675 sibi
1044 3619 1414 3690 loqueretur,
1466 3616 1652 3687 magis
1697 3616 2103 3686 praestiterunt

446 3712 782 3775 silentium,
819 3717 878 3765 et
907 3710 1086 3765 dixit:
1119 3709 1234 3780 Ego
1264 3707 1504 3778 quidem
1538 3721 1668 3760 sum
1721 3705 1806 3758 vir
1841 3704 2099 3771 Judaaus,

446 3807 622 3857 natus
654 3801 714 3855 in
745 3801 923 3854 Tarso
957 3799 1197 3866 Ciliciae,
1231 3801 1509 3851 caeterum
1543 3794 1828 3848 educatus
1881 3794 1942 3847 in
1991 3793 2100 3847 hac

447 3892 683 3946 civitate
715 3889 790 3945 ad
820 3889 1001 3961 pedes
1059 3885 1420 3951 Gamalielis,
1477 3885 1784 3939 institutus
1831 3887 2102 3938 accurate

447 3982 510 4036 in
545 3981 738 4053 patria
762 3979 913 4052 lege,
947 3977 1049 4032 Dei
1080 3976 1202 4031 zelo
1235 3975 1469 4039 ductus,
1503 3974 1660 4028 sicut
1676 3977 1734 4026 et
1763 3990 1864 4027 vos
1892 3987 2100 4026 omnes

443 4070 589 4126 estis
621 4068 835 4124 hodie:
871 4068 972 4138 qui
1025 4067 1180 4120 hanc
1227 4065 1379 4119 viam
1428 4067 1776 4134 persecutus
1825 4077 1957 4116 sum
2005 4077 2100 4115 us-

437 4175 555 4230 que
588 4157 660 4213 ad
696 4161 977 4219 mortem,
1013 4154 1264 4226 alligans
1305 4151 1666 4221 tradensque
1718 4151 1779 4204 in
1831 4165 2098 4205 carceres

440 4247 599 4303 viros
630 4246 858 4318 pariter
888 4261 956 4300 ac
989 4243 1312 4298 mulieres:
1367 4242 1522 4295 sicut
1568 4245 1626 4294 et
1675 4240 1952 4311 princeps
2005 4257 2098 4296 sa—

439 4335 748 4392 cerdotum
799 4334 954 4390 mihi
1001 4333 1170 4388 testis
1231 4336 1320 4386 est
1369 4336 1425 4384 et
1470 4330 1745 4384 universa
1793 4331 2094 4385 seniorum

435 4425 814 4498 congregatio
843 4440 855 4477 :
891 4440 924 4477 a
955 4422 1170 4493 quibus
1203 4422 1379 4476 etiam
1446 4419 1714 4490 epistolis
1761 4419 1834 4474 ad
1883 4420 2096 4475 fratres

440 4516 698 4587 acceptis
731 4515 1086 4569 Damascum
1119 4511 1563 4583 proficiscebar,
1618 4509 1980 4565 adducturus
2039 4515 2097 4564 et

436 4605 575 4662 illos
598 4606 699 4677 qui
735 4605 814 4659 ibi
849 4609 1053 4659 essent
1085 4603 1314 4658 vinctos
1343 4600 1672 4656 Jerusclem
1714 4607 1780 4656 ut
1808 4601 2096 4671 puniren-

2212 2008 2330 2064 ταῖς
2365 2002 2468 2056 ὑπὸ
2499 2002 2790 2075 Ῥωμαίων
2829 2000 3196 2074 καλουμέναις
3257 2001 3454 2072 σίκαις,
3506 2003 3597 2080 ἀφ’
3641 2004 3714 2058 ὧν
3774 2007 3868 2059 καὶ

2210 2092 2309 2159 τὴν
2343 2090 2716 2167 προσηγορίαν
2774 2091 2826 2146 oi
2885 2089 3237 2166 λῃστεύοντες
3296 2086 3517 2148 ἔλαϐον.
3577 2091 3776 2149 Ἀλλοι
3814 2091 3874 2150 δὲ

2213 2183 2412 2258 α’ίρεσίν
2448 2203 2564 2238 τινα
2594 2182 2740 2256 παρά
2768 2179 3056 2245 Ἰουδαίοις
3097 2179 3294 2261 ἔφασαν
3343 2185 3500 2237 εἶναι·
3554 2185 3717 2259 Τρεῖς
3763 2185 3873 2261 γάρ

2212 2273 2346 2329 εἰσιν
2396 2275 2631 2350 αἱρέσεις
2686 2275 2896 2347 γενικαί
2949 2274 3097 2349 παρά
3153 2270 3462 2342 Ἰουδαίοις,
3549 2279 3874 2350 Φαρισαῖοι.

2211 2362 2602 2435 Σαδδουκαῖοι,
2634 2363 2724 2419 καὶ
2752 2364 3026 2433 Ἐσσηνοί·
3063 2365 3216 2419 οὗτοι
3246 2364 3336 2419 τὸν
3372 2363 3490 2439 βίον
3542 2365 3875 2442 σεμνότερον

2210 2455 2457 2521 ἀσκοῦσι,
2521 2452 2869 2528 φιλάλληλοι
2931 2453 3082 2516 ὄντες
3132 2455 3222 2508 καὶ
3283 2452 3579 2530 ἐγκρατεῖς·
3640 2451 3725 2510 διὸ
3779 2457 3873 2512 καὶ

2210 2544 2459 2613 Ἐσσηνοὶ
2529 2543 3054 2618 προσαγορεύονται,
3141 2541 3309 2619 ἤγουν
3361 2543 3525 2597 ὃσιοιο
3586 2541 3752 2599 ἃλλοι
3818 2542 3875 2600 δὲ

2211 2633 2408 2694 αὐτοὺς
2443 2633 2735 2706 Σικαρίους
2769 2631 3049 2701 ἐκάλεσαν,
3077 2629 3253 2706 ἤγουν
3284 2631 3559 2702 ζηλωτάς.

2288 2836 2310 2865 ι
2346 2814 2482 2868 Eine
2531 2811 2588 2868 δὲ
2644 2813 2672 2867 6
2732 2812 2967 2874 Παῦλος·
3031 2810 3177 2890 Ἐγὼ
3253 2811 3538 2887 ἅνθρωπος
3600 2814 3695 2887 μέν
3750 2814 3864 2889 εἰμι

2212 2901 2479 2965 Ἰουδαῖος
2536 2902 2792 2978 Ταρσεὺς,
2852 2909 2954 2972 τῆς
3007 2901 3260 2964 Κιλικίας
3320 2902 3423 2958 οὐκ
3496 2903 3712 2978 ἀσήμου
3758 2905 3860 2957 πό-

2213 2991 2352 3054 λεως
2385 2991 2640 3062 πολίτης.
2680 2992 2882 3065 Δέομαι
2937 2990 2992 3046 δέ
3045 3013 3162 3058 σου,
3195 2991 3485 3066 ἐπίτρεψόν
3539 3013 3634 3065 μοι
3684 2990 3858 3062 λαλῆ-

2213 3103 2298 3136 σαι
2330 3085 2466 3158 πρὸς
2494 3084 2588 3137 τὸν
2645 3081 2795 3138 λαόν.
2852 3081 3278 3156 Ἐπιτρέψαντος
3329 3079 3386 3135 δὶ
3437 3080 3627 3148 αὐτοῦ,
3659 3083 3687 3136 6
3719 3083 3863 3138 Παῦ-

2213 3174 2308 3235 λος
2342 3175 2509 3235 ὲστὼς
2541 3168 2639 3227 ἐπῗ
2680 3177 2784 3226 τῶν
2845 3167 3196 3243 ἀναϐαθμῶν,
3256 3171 3531 3227 κατέσεισε
3586 3175 3652 3246 τῇ
3717 3173 3869 3247 χειρὶ

2211 3267 2288 3331 τῷ
2337 3263 2473 3332 λαῷ.
2535 3261 2760 3331 Ηολλῆς
2812 3258 2868 3315 δέ
2931 3241 3086 3334 σιγῆς
3145 3259 3467 3336 γενομένης,
3526 3241 3870 3339 προψσιςλωνει
3941 3241 3954 3254 ’

2216 3354 2284 3421 τῇ
2357 3345 2599 3423 Ἐϐραΐδι
2661 3347 2949 3421 διαλέκτῳ.
3011 3345 3234 3421 Ἄνδρες
3315 3345 3542 3423 ἀδελφοὶ
3601 3348 3690 3404 καὶ
3761 3370 3873 3404 πα-

2216 3441 2389 3514 τέρες,
2423 3439 2687 3494 ἀκούσατέ
2741 3460 2844 3511 μου
2876 3446 2978 3508 τῆς
3021 3442 3158 3512 πρὸς
3212 3440 3353 3512 ὑμᾶς
3394 3443 3485 3492 νῦν
3539 3437 3870 3514 ἀπολογίας.

2221 3529 2576 3589 Ἀκούσαντες
2635 3525 2692 3583 δὲ
2749 3529 2832 3583 ’ότι
2893 3523 3141 3603 Ἐϐραῖδι
3215 3525 3485 3600 δ.αλέκτῳ
3548 3533 3871 3604 προσφωνεῖ

2219 3619 2419 3678 αὐτοῖς,
2451 3617 2663 3690 μᾶλλον
2693 3618 2970 3696 παρέσχον
3021 3616 3281 3692 ἡσυχίαν,
3332 3617 3420 3672 καί
3477 3635 3658 3694 φησιν’
3711 3618 3874 3692 Ἐγὼ

2220 3709 2314 3782 μέν
2372 3707 2483 3780 εἰμι
2546 3709 2684 3782 ἀνηρ
2768 3706 3054 3773 Ἰουδαῖος,
3112 3707 3508 3782 γεγεννημένος
3567 3705 3618 3761 ἐν
3673 3712 3876 3780 Ταρσῷ

2212 3805 2313 3867 τῆς
2392 3795 2660 3866 Κιλικίας,
2738 3793 3214 3871 ἀνατεθραμμένος
3297 3792 3354 3850 δὲ
3439 3795 3492 3850 ἐν
3569 3799 3638 3868 τῇ
3705 3795 3878 3852 πόλει

2212 3887 2380 3959 ταύτῃ
2436 3886 2585 3959 παρά
2639 3885 2770 3946 τοὺς
2832 3882 3005 3945 πόδας
3059 3882 3378 3955 Γαμαλιήλ,
3437 3881 3876 3955 πεπαιδευμένος

2215 3978 2350 4032 κατά
2432 3969 2712 4049 ἀκρίϐειαν
2795 3978 2892 4028 τοῦ
2977 3974 3236 4048 πατρῴου
3312 3973 3506 4046 νόμου,
3606 3973 3878 4044 ζηλωτὴς

2215 4066 2478 4140 ὑπάρχων
2509 4068 2608 4118 τοῦ
2667 4067 2823 4132 Θεοῦ,
2879 4063 3057 4127 καθὼς
3114 4063 3309 4123 πάντες
3370 4063 3526 4135 ὑμεῖς
3584 4061 3702 4118 ἐστι
3766 4065 3874 4132 σή-

2217 4176 2402 4230 μερονο
2463 4156 2523 4217 ’ὀς
2571 4155 2772 4224 ταύτην
2829 4155 2931 4223 τὴν
2986 4151 3110 4208 ὁδὸν
3170 4149 3367 4224 ἐδίωξα
3420 4152 3554 4228 ἄχρι
3612 4153 3878 4226 θανάτου,

2214 4245 2488 4319 δεσμεύων
2558 4243 2648 4299 καὶ
2724 4241 3058 4318 παραδιδοὺς
3135 4242 3210 4304 εἰς
3271 4241 3519 4322 φυλακὰς
3566 4239 3760 4316 ἄνδρας
3821 4263 3888 4297 τε

2211 4337 2301 4391 καὶ
2352 4339 2629 4411 γυναῖκας’
2691 4333 2767 4394 ὠς
2824 4333 2913 4388 καὶ
2974 4334 3001 4386 6
3059 4331 3348 4407 ἀρχιερνὺς
3428 4337 3694 4407 μαρτυρεῖ
3779 4352 3890 4404 μοι

2210 4424 2300 4480 καὶ
2353 4428 2454 4478 πᾶν
2518 4422 2581 4476 τὸ
2635 4418 3044 4496 πρεσϐυτέριον.
3105 4423 3238 4496 Ηαρ⁹
3299 4421 3374 4475 ὧν
3421 4421 3511 4476 καὶ
3571 4421 3887 4483 ἐπιστολὰς

2213 4513 2494 4586 δεξάμενος
2535 4514 2670 4587 πρὸς
2727 4513 2853 4574 τοὺς
2910 4509 3202 4588 ἀδελφοὺς,
3247 4511 3327 4572 εἰς
3387 4512 3671 4584 Δαμασκὸν
3733 4510 3885 4567 ἐπο-

2211 4606 2475 4679 ρευόμην,
2539 4602 2679 4676 aing
2761 4602 2852 4657 καὶ
2927 4600 3055 4663 τοὺς
3112 4603 3283 4656 ἐκεῖσε
3331 4600 3489 4664 ὄντας
3541 4598 3885 4672 δεδεμένους

436 4702 558 4752 tur.
594 4695 825 4750 Accidit
856 4700 1054 4749 autem
1088 4693 1201 4747 iter
1230 4691 1470 4747 facienti
1503 4697 1561 4746 et
1593 4692 2096 4763 appropinquanti

2211 4693 2284 4754 εἷς
2336 4691 2700 4768 Ἰερουσαλὴμ
2750 4693 2843 4746 ἳνα
2887 4693 3298 4766 τιμωρηθῶσιν.
3353 4687 3597 4764 Ἐγένετο
3650 4687 3705 4745 δέ
3771 4715 3882 4764 μοι

438 4787 725 4842 Damasco
787 4785 1028 4840 circiter
1084 4783 1422 4846 meridiem,
1473 4787 1541 4837 ut
1586 4783 1778 4837 subito
1830 4782 1900 4836 de
1949 4782 2095 4837 caalo

435 4875 915 4948 circumfulgeret
946 4891 1041 4929 me
1067 4874 1166 4929 lux
1200 4873 1406 4934 multa,
1443 4872 1748 4942 cecidique
1784 4872 1845 4926 in
1878 4872 2093 4939 solum,

435 4970 494 5020 et
550 4964 746 5020 audivi
803 4981 1008 5019 vocem
1069 4963 1368 5018 dicentem
1428 4961 1623 5015 mihi:
1713 4960 1873 5026 Saul,
1934 4961 2092 5027 Saul,

432 5053 576 5123 quid
610 5070 704 5108 me
761 5051 1191 5124 persequeris?
1236 5051 1353 5122 Ego
1394 5066 1531 5103 vero
1581 5047 1902 5119 respondi:
1953 5049 2095 5113 Quis

434 5159 515 5207 es,
559 5142 858 5197 Domine?
915 5141 1190 5210 Dixitque
1244 5139 1317 5193 ad
1374 5154 1508 5192 me:
1570 5138 1685 5208 Ego
1747 5153 1877 5191 sum
1926 5139 2094 5193 Jesus

431 5233 787 5293 Nazarenus,
823 5246 998 5299 quem
1037 5236 1096 5283 tu
1135 5227 1532 5299 persequeris.
1588 5228 1657 5280 Et
1706 5226 1806 5296 qui
1857 5243 2091 5284 mecum

430 5326 621 5384 erant,
659 5321 860 5374 lumen
898 5318 1142 5389 quidem
1177 5317 1454 5371 viderunt
1495 5321 1554 5370 et
1601 5315 1868 5370 exterriti
1931 5323 2088 5382 sunt,

430 5423 632 5463 vocem
663 5414 860 5462 autem
895 5423 1016 5460 non
1050 5407 1368 5461 audierunt
1401 5405 1530 5476 ejus
1587 5404 1684 5475 qui
1734 5404 2092 5475 loquebatur

431 5511 689 5552 mecum.
726 5497 852 5552 Dixi
883 5502 1082 5551 autem
1110 5512 1121 5549 :
1156 5496 1305 5560 Quid
1337 5495 1574 5559 faciam,
1632 5495 1878 5549 Domine
1904 5494 1931 5549 ?
1975 5497 2086 5550 Do-

431 5585 635 5641 minus
665 5590 866 5640 autem
919 5584 1068 5639 dixit
1107 5585 1303 5639 mihi:
1357 5585 1536 5655 Surge
1588 5587 1645 5636 et
1694 5583 1838 5637 vade
1884 5584 2086 5640 Dama-

427 5691 620 5741 scum,
649 5679 709 5731 et
741 5674 818 5728 ibi
852 5674 1084 5730 dicetur
1113 5674 1222 5729 tibi
1254 5673 1326 5729 de
1349 5671 1629 5729 omnibus
1654 5689 1786 5744 qum
1813 5673 2088 5732 ordinata

428 5770 570 5822 sunt
630 5771 694 5820 ut
745 5770 810 5820 tu
871 5763 1076 5822 facias.
1140 5765 1406 5834 Cumque
1465 5778 1584 5817 non
1636 5761 1897 5819 viderem
1962 5781 2084 5838 prm

2207 4802 2561 4858 πορευομενῳ
2611 4781 2702 4835 καὶ
2763 4780 3032 4856 ἐγγίζοντι
3091 4783 3160 4854 τῇ
3222 4779 3495 4853 Δαμασκῷ
3566 4781 3688 4854 περὶ
3765 4802 3883 4853 με-

2206 4868 2508 4947 σημϐρίαν,
2569 4870 2821 4948 ἐξαίφνης
2906 4869 2967 4926 ἐκ
3020 4874 3118 4925 τοῦ
3185 4869 3418 4944 ούρανοῦ
3475 4871 3886 4946 περιαστρέψαι

2204 4967 2320 5041 φῶς
2371 4962 2556 5017 ἱκανὸν
2616 4960 2739 5037 περὶ
2799 4959 2916 5034 ἐμέ’
2986 4958 3174 5014 ἔπεσόν
3263 4981 3322 5014 τε
3381 4959 3457 5022 είς
3514 4961 3576 5014 τὸ
3642 4956 3886 5037 ἔδαφος,

2203 5051 2292 5106 καὶ
2351 5051 2562 5120 ἤκουσα
2622 5057 2810 5127 φωνῆς
2871 5050 3140 5124 Λεγούσης
3202 5070 3318 5120 μοι·
3384 5048 3590 5114 Σαοὺλ,
3657 5049 3882 5119 Σαοὺλ,

2203 5141 2252 5197 τί
2290 5164 2356 5215 με
2418 5139 2678 5209 διώκεις;
2719 5141 2862 5218 Ἐγὼ
2907 5139 2965 5195 δὲ
3021 5139 3344 5214 ἀπεκρίθην,
3393 5139 3491 5201 Τίς
3538 5142 3607 5208 εἴ,
3659 5139 3880 5213 Κύριες

2204 5232 2340 5288 Εἶπέ
2370 5252 2428 5286 τε
2456 5231 2594 5306 ηρός
2654 5251 2742 5302 με·
2804 5231 2947 5306 Ἐγώ
2999 5230 3112 5301 εἶμι
3170 5231 3380 5298 Ἰησοῦς
3427 5230 3455 5283 6
3514 5233 3883 5301 Ναζωραῖος,

2203 5321 2261 5374 ὅν
2292 5320 2352 5374 σὺ
2395 5318 2612 5380 διώκεις
2690 5320 2754 5376 0i
2798 5317 2854 5375 δὶ
2915 5320 3010 5374 σὺν
3061 5318 3188 5392 ἐμοὶ
3248 5317 3398 5382 ὄντες
3467 5319 3528 5374 τὸ
3589 5321 3684 5392 μὲν
3744 5324 3882 5398 φῶς

2203 5411 2508 5477 ἐθεάσαντο,
2569 5409 2657 5464 καὶ
2715 5403 2958 5487 ἔμφοϐοι
3019 5408 3285 5484 ἐγένοντο,
3370 5410 3472 5479 τήν
3551 5405 3609 5463 δὲ
3667 5411 3877 5482 φωνὴν

2199 5499 2301 5554 ούκ
2355 5500 2594 5568 ἤκουσαν
2660 5501 2757 5552 τοῦ
2843 5497 3146 5558 λαλοῦντός
3237 5519 3354 5570 μοι.
3435 5498 3606 5554 Εἶπον
3666 5495 3741 5565 δὲ,
3802 5499 3884 5555 Τί

2198 5592 2440 5660 ποιήσω,
2505 5588 2684 5664 Κύριε.
2754 5588 2814 5644 Ὀ
2879 5583 2936 5643 δὲ
2995 5588 3195 5658 Κύριος
3253 5589 3391 5662 πρός
3450 5609 3538 5661 με.
3595 5587 3882 5650 Ἀναστὰς

2196 5680 2432 5757 πορεύου
2507 5676 2582 5741 είς
2679 5678 2992 5751 Δαμασκὸν,
3069 5678 3227 5734 κάκεῖ
3308 5699 3393 5733 σοι
3480 5675 3884 5748 λαληθήσεται

2195 5767 2320 5843 περὶ
2369 5768 2604 5841 πάντων,
2687 5767 2762 5820 ὧν
2837 5765 3086 5824 τέτακταί
3151 5787 3236 5824 σοι
3314 5773 3565 5838 ποιῆσαι.
3635 5766 3724 5830 Ὠς
3803 5762 3881 5822 εδ
