4112 6446
431 498 539 557 271

1421 490 1836 552 COMMENT.
1883 490 1962 550 IN
2007 488 2212 549 ACTA
2257 491 2862 554 APOSTOLORUM.

3745 496 3858 557 272

432 646 668 688 sensem
698 645 827 685 sese
859 627 1127 695 dixisset,
1155 627 1272 683 alio
1294 631 1494 682 autem
1515 628 1870 689 Romanum,
1893 621 2083 678 autad

2204 621 2298 696 μὲν
2331 623 2504 697 καιρῷ
2536 617 2724 700 ἔλεγεν
2757 623 2943 681 ἑαυτὸν
3000 623 3234 700 Ταρσία,
3294 624 3345 680 ἐν
3402 623 3562 699 ἄλλῳ
3603 623 3660 682 δὶ
3713 625 3850 684 Ῥω·

433 721 581 776 alios
615 717 859 790 quidem
890 715 1196 772 auditores
1229 717 1361 786 hoc,
1399 715 1474 771 ad
1505 715 1655 771 alios
1701 728 1837 768 vero
1896 711 2087 768 illud:

432 807 769 865 verosimile
808 812 985 874 esset,
1017 811 1085 861 ut
1115 807 1359 878 quidam
1393 806 1682 870 dicerent,
1709 802 1867 875 quod
1893 819 1954 858 se
1976 801 2090 856 for-

433 899 611 954 tassis
638 900 976 953 Romanum
1035 912 1163 950 sese
1224 896 1495 968 ﬁngeret,
1554 894 1738 949 latere
1795 892 2091 948 arbitrans

435 1006 535 1046 eos
563 987 665 1059 qui
699 991 1026 1058 praesentes
1051 986 1434 1056 erantipsum
1466 999 1595 1038 esse
1628 984 1993 1037 Tarsensem.
2019 983 2093 1036 At

431 1081 558 1150 ipse
589 1077 690 1147 qui
726 1077 1080 1130 Tarsensem
1098 1090 1228 1129 sese
1249 1073 1499 1136 dixerat,
1535 1072 1650 1129 nisi
1687 1072 1798 1126 sibi
1834 1072 2091 1127 maxime

432 1167 711 1224 conscius
735 1170 894 1221 esset
915 1164 1072 1236 quod
1092 1181 1295 1218 verum
1314 1163 1554 1230 diceret,
1573 1179 1954 1234 nequaquam
1972 1167 2091 1216 tam

438 1257 645 1312 audaci
667 1257 868 1311 animo
891 1253 964 1309 ad
985 1253 1225 1308 eosdem
1250 1253 1550 1308 diceretse
1573 1255 1905 1308 Romanum
1930 1267 2089 1306 esse:

436 1346 617 1417 idque
649 1351 789 1400 tunc
820 1361 954 1399 cum
1011 1343 1420 1398 verberandus
1469 1349 1646 1398 esset.
1711 1343 1959 1397 Planum
2007 1345 2096 1395 est

437 1437 600 1491 enim
633 1435 790 1506 quod
823 1435 870 1488 si
902 1435 1189 1489 mentitus
1221 1433 1450 1498 fuisset,
1485 1449 1606 1488 non
1631 1433 1823 1487 solum
1844 1448 1878 1487 a
1904 1431 2092 1504 plagis

435 1543 498 1580 se
529 1542 650 1580 non
682 1524 1017 1588 liberasset,
1053 1540 1256 1578 verum
1281 1523 1458 1577 etiam
1521 1522 1919 1578 truculentius
1981 1520 2093 1576 sibi

435 1618 704 1686 parasset
735 1613 1118 1686 supplicium.
1181 1612 1441 1668 Fecisset
1485 1629 1719 1683 quoque
1778 1610 2095 1667 credibiles

435 1703 774 1762 Iudaeorum
808 1702 1120 1758 adversum
1145 1718 1206 1757 se
1239 1702 1590 1769 calumnias,
1620 1701 1778 1772 quod
1808 1700 2097 1772 impostor

439 1792 882 1861 esset,mendax
905 1797 963 1847 et
982 1791 1406 1864 praestigiator:
1429 1808 1559 1863 quin
1581 1791 1858 1846 universa
1877 1789 2096 1845 Paulus

443 1883 697 1939 maxime
731 1882 1033 1937 nitebatur
1061 1881 1132 1936 de
1162 1880 1360 1936 medio
1391 1880 1621 1935 tollere.
1654 1883 1948 1936 Praaterea
1980 1880 2096 1934 nisi

2203 715 2388 782 μαῖον,
2438 711 2472 780 ἢ
2541 711 2678 784 πρὸς
2737 711 2943 774 ἄλλους
3004 715 3098 785 μὶν
3157 714 3424 789 ἀκροατὰς
3468 713 3660 785 ἐκεῖνο,
3719 717 3854 791 πρὸς

2201 797 2414 861 ἄλλους
2442 797 2498 854 δὲ
2527 805 2709 870 τοῦτο,
2731 802 2874 864 εἰκὸς
2905 803 2974 871 ἢν
3022 800 3200 878 λέγειν
3254 804 3426 872 τίνδις,
3466 803 3549 859 ὅτι
3607 805 3693 876 τὸ,
3724 806 3855 862 Ῥωο

2205 895 2388 962 μαῖος,
2457 889 2588 953 ἴσως
2644 889 2986 961 ἐπλάττετο,
3047 891 3324 948 λανθάνειν
3405 895 3646 967 νομίζων
3732 895 3859 960 τοὺς

2200 979 2517 1050 παρόντας,
2573 979 2655 1035 ὅτι
2734 979 2845 1034 ἐστὶ
2921 981 3182 1055 Ταρσεύς.
3244 982 3305 1039 Ὀ
3353 979 3410 1037 δὲ
3469 982 3628 1044 αὐτὸς
3676 985 3860 1039 ἑαυτὸν

2203 1069 2416 1140 Ταρσέα
2442 1069 2631 1140 εἰπὼν,
2679 1071 2723 1124 εἰ
2778 1071 2855 1145 μὴ
2915 1072 2980 1127 τὰ
3034 1073 3274 1146 μάλιστα
3308 1073 3483 1145 ἑαυτῷ
3531 1071 3861 1144 ἀληθεύοντι

2202 1156 2442 1231 συνῄδει,
2478 1160 2576 1213 οὐκ
2608 1159 2666 1213 ἂν
2726 1158 3015 1236 ἒθάρσγβεν
3046 1161 3212 1217 εἰπὼν
3267 1163 3402 1234 πρὸς
3455 1162 3582 1225 τοὺς
3643 1162 3864 1234 αὐτοὺς,

2202 1245 2286 1301 ὅτι
2317 1249 2592 1319 Ῥωμαῖός
2625 1248 2735 1304 ἐστι
2780 1251 2872 1305 καὶ
2927 1250 3049 1306 τότε
3107 1252 3401 1316 τύπτεσθαι
3465 1251 3686 1325 μέλλων
3747 1260 3859 1323 Δῆ-

2202 1351 2298 1390 Λον
2318 1339 2418 1412 γάρ
2451 1339 2525 1401 ὡς
2557 1340 2619 1394 τὸ
2641 1338 2931 1412 ψεύδεσθαι
2962 1340 3146 1410 αὐτὸν,
3199 1342 3264 1396 οὐ
3302 1341 3471 1413 μόνον
3528 1341 3628 1397 οὐκ
3674 1342 3865 1414 ἀπήλ-

2202 1423 2364 1480 λαττε
2382 1430 2491 1481 τῶν
2525 1425 2779 1502 πληγῶν,
2811 1427 2958 1484 ἀλλὰ
3004 1429 3094 1484 καὶ
3127 1427 3491 1508 σφοδροτέραν
3521 1431 3622 1500 τὴν
3680 1453 3862 1505 τιμω-

2205 1513 2320 1590 ρίαν
2353 1512 2548 1573 ἰποίέι.
2594 1517 2797 1572 Ἐποίει
2855 1515 2912 1572 δὲ
2979 1519 3172 1581 πιστὰς
3232 1521 3319 1574 καὶ
3367 1520 3463 1583 τὰς
3519 1526 3635 1576 κατ’
3693 1521 3865 1578 αὐτοῦ

2203 1598 2467 1666 διαϐολὰς
2499 1609 2608 1660 τῶν
2641 1604 2946 1674 Ἰουδαίων,
2997 1608 3082 1664 ὅτι
3141 1608 3388 1664 ἀπατέών
3416 1608 3550 1679 ἐστι,
3582 1609 3674 1665 καὶ
3732 1611 3867 1684 ψεύ-

2204 1713 2358 1763 στης,
2395 1693 2483 1748 καὶ
2542 1694 3008 1768 γόης,ἂπάντων
3081 1696 3316 1770 μάλιστα
3376 1697 3595 1761 Παῦλος
3655 1701 3862 1774 ἠγωνί-

2207 1786 2323 1850 ζετο
2356 1784 2761 1854 ἀποσκευάζειν.
2809 1785 3034 1849 Ἄλλως
3085 1807 3145 1841 τε
3199 1786 3291 1841 καὶ
3344 1788 3373 1842 6
3433 1785 3759 1864 χιλιάρχος,
3817 1787 3867 1844 si

2208 1873 2283 1944 μή
2314 1867 2619 1943 ἐϐεϐαιώθη
2677 1872 2759 1930 ὅτι
2809 1876 3085 1948 Ῥωμαῖός
3150 1873 3318 1946 ἔστιν,
3378 1877 3480 1932 οὐκ
3533 1876 3592 1932 ἂν
3653 1877 3863 1948 ἀπέστη

443 1971 719 2027 tribunus
746 1971 962 2027 certior
977 1971 1166 2026 factus
1193 1975 1350 2025 esset
1379 1971 1574 2041 ipsum
1610 1985 1706 2024 ese
1738 1971 2092 2037 Romanum,

2204 1963 2692 2033 τοῦτύπτειν,οὐκ
2714 1965 2774 2020 ἂν
2810 1965 2980 2035 ἐξεῖλε
3038 1964 3346 2029 σπουδαίως
3393 1967 3499 2023 ὑπὸ
3556 1972 3665 2024 τῶν
3725 1971 3868 2027 Ἰου-

2211 2049 2731 2067 ς...ο..
2964 2055 3278 2067 ..._..

443 2076 824 2132 nequaquam
859 2059 1183 2115 destitisset
1216 2058 1285 2112 ab
1319 2075 1388 2113 eo
1413 2057 1784 2114 verberando
1822 2075 1835 2112 :
1868 2074 2097 2129 nequa-

443 2165 621 2220 quam
648 2154 809 2204 tanto
843 2147 1038 2203 studio
1063 2165 1196 2202 eum
1217 2147 1555 2219 eripuisset,
1589 2164 1723 2203 cum
1754 2148 2094 2203 Judaaorum

440 2243 821 2310 appeteretur
851 2237 1108 2304 insidiis,
1138 2253 1518 2308 nequaquam
1553 2237 1624 2292 de
1657 2254 1725 2292 eo
1764 2237 2100 2309 scripsisset

442 2328 516 2383 ad
550 2327 803 2382 Felicem
830 2327 986 2398 quod
1013 2327 1315 2382 Romanus
1333 2331 1510 2391 esset,
1537 2333 1596 2381 et
1622 2327 1779 2398 quod
1815 2332 2098 2399 tanquam

447 2420 779 2473 Romanum
813 2417 1130 2488 eripuisset
1170 2433 1304 2471 eum
1346 2415 1418 2471 ab
1452 2416 1687 2471 insidiis
1735 2417 2094 2484 Iudaeorum,

439 2523 822 2578 nequaquam
852 2506 912 2560 id
943 2506 1015 2560 de
1048 2523 1116 2561 eo
1157 2506 1686 2578 praetermisissent
1729 2506 1936 2572 Judaei,
1998 2507 2100 2576 qui

436 2597 619 2652 falsas
643 2613 877 2668 quoque
895 2595 1174 2650 adversus
1192 2596 1386 2668 ipsum
1411 2611 1619 2650 causas
1641 2596 2061 2664 contingebant
2085 2613 2097 2663 ;

440 2687 544 2742 sed
567 2686 640 2742 ab
656 2687 806 2757 ipso,
827 2686 874 2741 si
893 2685 1178 2741 mentitus
1196 2684 1426 2753 fuisset,
1451 2684 1655 2739 dicens
1671 2702 1732 2740 se
1748 2686 2124 2760 Romanum,‘

437 2780 629 2848 caapta
659 2775 981 2840 calumnia,
1015 2773 1088 2829 de
1132 2775 1364 2828 cazteris
1396 2790 1633 2844 quoque
1682 2774 1794 2828 visi
1848 2773 2102 2828 fuissent

441 2865 814 2921 veradicere.
842 2866 1055 2919 Verum
1087 2863 1384 2934 quomodo
1410 2868 1604 2934 potest
1625 2867 1682 2917 et
1703 2864 2010 2918 Tarsensis
2042 2869 2099 2918 et

439 2957 742 3010 Romanus
762 2969 890 3010 esse
912 2953 939 3007 ‘I
961 2952 1110 3008 Audi
1134 2952 1312 3025 igitur
1325 2958 1383 3006 et
1398 2951 1834 3024 Philippenses,
1860 2952 2098 3023 quando

443 3044 696 3100 Paulum
731 3049 788 3097 et
819 3042 1003 3098 Silam
1035 3041 1108 3096 ad
1139 3041 1422 3113 praesides
1455 3047 1765 3097 traxerunt
1795 3043 1858 3096 in
1881 3045 2094 3112 forum,

440 3132 721 3204 quoniam
748 3130 951 3202 puella
979 3130 1174 3186 fuerat
1190 3131 1478 3202 Pythone,
1504 3131 1615 3186 hoc
1633 3137 1740 3201 est,
1766 3131 2097 3188 divinatore

439 3222 655 3294 spiritu
685 3221 958 3285 liberata,
995 3219 1140 3290 quid
1171 3219 1375 3276 dicant
1412 3238 1423 3274 :
1458 3221 1524 3275 Hi
1551 3222 1824 3277 homines
1857 3222 2097 3278 turbant

433 3311 732 3367 civitatem
765 3315 1032 3365 nostram
1064 3326 1198 3365 cum
1233 3311 1355 3365 sint
1387 3310 1594 3381 Judaei,
1629 3317 1688 3366 et
1735 3313 2096 3368 annuntiant

440 3401 716 3455 instituta
740 3415 871 3469 quin
894 3415 1014 3453 non
1045 3398 1187 3454 licet
1205 3399 1379 3454 nobis
1398 3401 1698 3471 suscipere
1715 3417 1824 3455 nec
1837 3417 2090 3470 servare,

435 3506 572 3545 cum
592 3489 777 3542 simus
800 3488 1071 3543 Romani.
1099 3487 1271 3542 Vides
1293 3488 1453 3559 quod
1484 3490 1636 3545 162
1679 3489 2092 3561 Philippenses

435 3593 497 3633 se
520 3578 817 3632 Romanos
840 3577 1187 3648 appellent?
1210 3579 1413 3648 Itaque
1433 3578 1586 3633 nihil
1600 3583 1756 3633 vetat
1773 3579 2024 3635 Paulum
2037 3587 2094 3635 et

433 3668 782 3721 Tarsensem
807 3682 936 3721 esse
960 3672 1017 3720 et
1049 3669 1403 3723 Romanum.
1429 3668 1661 3722 Etenim
1689 3669 1971 3739 quoniam
1995 3669 2095 3724 ho-

433 3755 752 3810 norificum
806 3761 933 3810 erat
989 3755 1276 3826 appellari
1338 3758 1692 3822 Romanum,
1728 3763 1785 3812 et
1836 3759 2096 3830 amplius

441 3844 726 3915 quiddam
758 3845 832 3900 ad
859 3845 1062 3918 gloriw
1095 3846 1388 3901 rationem
1411 3853 1621 3901 nactus
1644 3863 1775 3902 esse
1798 3848 2097 3904 existima-

436 3934 630 4002 batur,
664 3935 763 4006 qui
794 3934 894 3990 tali
930 3935 1332 4007 appellatione
1363 3941 1703 3992 vocaretur:
1740 3937 1910 3993 multi
1944 3955 1973 3993 e
2007 3943 2097 3993 to-

435 4025 510 4078 tis
545 4025 766 4095 pariter
796 4024 1153 4092 civitatibus,
1175 4030 1233 4078 et
1263 4025 1504 4096 quidam
1537 4025 1756 4080 viritim
1780 4026 2102 4082 studebant

435 4115 548 4169 sibi
574 4115 728 4170 hanc
760 4114 1224 4185 appellationem
1252 4114 1581 4185 acquirere.
1603 4117 1673 4170 Et
1694 4117 1942 4188 quisque
1958 4133 2100 4172 sane

434 4221 469 4258 a
488 4203 680 4274 patria
699 4208 876 4275 prout
897 4203 1009 4258 sibi
1032 4205 1360 4276 contigeret
1386 4205 1828 4271 nominabatur,
1853 4222 2099 4278 genera-

439 4293 618 4348 tionis
644 4293 841 4348 locum
871 4293 1236 4364 signiﬁcans.
1275 4297 1530 4349 Rursum
1559 4301 1758 4349 autem
1799 4297 2101 4352 Romanus

438 4381 760 4436 vocabatur
787 4387 1067 4452 tanquam
1101 4381 1374 4454 dignitati
1404 4384 1556 4438 hanc
1590 4384 1893 4440 ascribens
1925 4386 2102 4441 deno-

441 4470 854 4526 minationem.
879 4473 965 4526 Ita
989 4487 1124 4543 ergo
1159 4477 1218 4526 et
1243 4471 1484 4539 Paulus,
1519 4471 1661 4528 dum
1682 4481 1880 4529 essent
1905 4475 2100 4547 ipsum

437 4559 766 4633 ignominia
788 4561 1057 4616 affecturi
1073 4577 1140 4616 ac
1162 4561 1551 4627 verberaturi,
1575 4563 1728 4618 hanc
1747 4565 2103 4637 protulitap-

439 4651 852 4723 pellationem,
881 4651 1160 4706 territans
1184 4669 1286 4706 eos
1306 4658 1362 4706 et
1385 4668 1418 4706 a
1435 4651 1697 4708 facinore
1719 4655 2098 4726 propulsans.

2208 2050 2372 2108 δαίων
2405 2049 2924 2130 ἐπιϐουλευόμενον.
2957 2057 3072 2115 Οὔκ
3132 2057 3192 2112 ἂν
3252 2055 3482 2138 ἔγραφεν
3535 2059 3668 2135 ὑπὲρ
3700 2059 3874 2116 αὐτοῦ

2205 2142 2342 2217 πρὸς
2377 2141 2619 2214 Φήλικα,
2650 2144 2732 2200 ὅτι
2781 2146 3057 2219 Ῥωμαῖός
3117 2146 3252 2214 ἐστι,
3303 2146 3392 2202 κοὶ
3442 2147 3526 2202 ὅτι
3586 2149 3664 2211 ὡς
3721 2149 3870 2206 Ῥω-

2209 2234 2370 2302 μαῖον
2401 2237 2503 2299 τῆς
2531 2235 2638 2285 τῶν
2676 2231 2958 2288 Ἰουδαίων
3010 2231 3314 2303 ἐπιϐουλῆς
3375 2233 3695 2308 ἐξήρπασεν.
3750 2236 3873 2294 Οῦιι

2205 2317 2265 2374 ἃν
2304 2317 2650 2394 παρέδραμον
2712 2321 2870 2377 αὐτὸν
2932 2322 2983 2377 οἱ
3035 2319 3312 2390 Ἰουδαῖοι,
3377 2325 3428 2378 οἱ
3481 2324 3572 2378 καὶ
3625 2324 3721 2386 τὰς
3791 2329 3870 2398 μή

2206 2407 2370 2471 οὔσας
2427 2409 2607 2466 αἰτίας
2664 2412 2782 2467 κατ’
2867 2412 3036 2468 αὐτοῦ
3109 2411 3559 2481 ἀνάπΛάττοντες,
3620 2413 3750 2468 ἀλλ’
3815 2414 3869 2485 ἐξ

2205 2498 2368 2554 αὐτοῦ
2433 2499 2652 2569 τούτου,
2722 2499 2870 2577 εἴπερ
2931 2499 3184 2576 ἐψεύδετο
3234 2500 3413 2578 λέγων
3473 2504 3659 2558 ἑαυτὸν
3719 2505 3868 2558 Ῥω-

2211 2595 2392 2662 μαῖον,
2428 2592 2716 2666 ἀρξάμενοι
2745 2600 2844 2662 τῆς
2871 2589 3137 2666 διαϐολῆς
3193 2595 3284 2649 καὶ
3329 2594 3454 2670 περὶ
3510 2598 3619 2650 τῶν
3671 2592 3866 2651 ἄλλων

2205 2675 2388 2750 ἔδοξαν
2424 2681 2482 2736 ἂν
2511 2683 2557 2736 τ’
2587 2682 2766 2752 ἀληθῆ
2803 2683 3004 2758 λέγειν.
3064 2682 3240 2740 Ἀλλὰ
3283 2689 3401 2746 πῶς
3432 2679 3508 2740 ἔνι
3531 2685 3623 2740 καὶ
3652 2686 3874 2761 Ταρσέα

2203 2769 2293 2824 καὶ
2324 2771 2594 2842 Ῥωμαῖον
2638 2772 2819 2840 εἶναις
2873 2776 3143 2828 ’Ἄκουσον
3203 2777 3334 2849 γοῦν
3387 2774 3514 2835 τοὺς
3575 2775 3864 2844 Φιλιππη-

2205 2860 2376 2927 σίους,
2411 2859 2500 2915 ὅτε
2529 2860 2742 2916 Παῦλον
2803 2861 2892 2916 καὶ
2953 2861 3120 2917 Σίλαν
3166 2861 3420 2918 εἳλκυσαν
3453 2863 3542 2918 ἐπὶ
3599 2864 3726 2926 τοὺς
3756 2861 3860 2936 ἔρ-

2205 2967 2404 3022 χοντας
2437 2949 2512 3010 εἰς
2543 2949 2642 3018 τὴν
2684 2949 2911 3026 ἀγορὰν,
2976 2950 3090 3005 ἐπεὶ
3157 2956 3254 3006 τοῦ
3321 2957 3579 3016 Πυθωνος
3611 2957 3642 3025 ἠ
3671 2954 3855 3012 παιδί-

2203 3058 2303 3109 σκη
2357 3037 2708 3108 ἀπήλλακτο,
2765 3041 3050 3119 τὶφασινς
3111 3042 3194 3098 δτι
3245 3044 3413 3101 Οὗτοι
3473 3047 3526 3100 oi
3574 3045 3854 3124 ἄνθρωποι.

2202 3124 2624 3200 ἐκταράσσουσιν
2676 3129 2836 3200 ἡμῶν
2889 3130 2992 3198 τήν
3041 3128 3227 3202 πόλιν,
3284 3129 3539 3188 Ἰονδαῖοι
3575 3135 3862 3213 ὑπάρχον-

2202 3236 2310 3280 τες,
2371 3216 2461 3270 καὶ
2512 3216 2975 3293 καταγγέλλουσιν
3033 3215 3155 3288 ἓθη,
3208 3220 3242 3275 ’ὰ
3301 3223 3403 3277 οὐκ
3459 3220 3658 3294 ἔξεστιν
3715 3229 3863 3300 ἡμῖν

2201 3302 2605 3380 παραδέχεσθαι
2661 3304 2787 3362 οῦδὶ
2850 3314 3045 3380 ποιεῖν,
3103 3310 3405 3383 Ῥωμαίοις
3463 3313 3634 3368 οὗσιν·
3691 3317 3867 3390 Ὁρᾷς

2124 3364 2328 3456 cmi):
2397 3393 2811 3466 Φιλιππησίους
2870 3397 3180 3472 Ῥωμαίους
3228 3399 3451 3463 ἑαυτοὺς
3499 3364 3872 3462 ἆπολαλοῦν-

2202 3505 2296 3545 τας
2332 3503 2344 3552 ;
2377 3484 2563 3546 Οὕτως
2595 3486 2685 3539 οῦν
2742 3485 2895 3541 οὐδὲν
2955 3487 3158 3544 κωλύει
3214 3489 3306 3544 καὶ
3365 3490 3578 3548 Παῦλον
3638 3491 3866 3570 Ταρσέα

2202 3572 2292 3627 καὶ
2322 3577 2596 3646 Ῥωμαῖον
2627 3574 2790 3635 εἶναι.
2842 3576 2936 3630 Καὶ
2991 3577 3090 3653 γὰρ
3157 3577 3270 3634 ἐπεὶ
3321 3579 3503 3653 τίμιον
3561 3578 3760 3652 ἐδόκει,
3792 3586 3872 3640 τὸ

2203 3660 2482 3718 καλεῖσθαι
2513 3664 2810 3736 Ῥωμαῖον,
2839 3665 2929 3720 καὶ
2986 3668 3367 3741 περισσότερόν
3395 3692 3447 3725 τι
3496 3675 3603 3725 τῶν
3661 3671 3870 3730 ἄλλων

2204 3751 2279 3812 εἷς
2314 3749 2482 3829 λόγον
2517 3749 2677 3826 δόξης
2727 3751 3002 3827 ἐνομίζετο
3059 3760 3284 3820 κτᾶσθαι
3343 3759 3372 3813 6
3427 3760 3594 3835 ταύτῃ
3649 3761 3879 3818 καλού-

2208 3861 2367 3913 μενος
2395 3844 2461 3913 τῇ
2493 3840 2785 3914 ὀνομασίᾳ,
2807 3843 3012 3898 πολλοὶ
3043 3845 3134 3900 καὶ
3189 3846 3327 3901 κατὰ
3359 3847 3550 3911 πολεις
3611 3849 3745 3923 ἃμα,
3771 3854 3881 3909 καὶ

2309 3932 2322 3952 ’
2356 3929 2384 3951 ³¹
2416 3928 2442 3984 δ
2557 3925 2596 3986 ἔκ
2749 3931 2772 3987 ἐ
2890 3930 2948 3987 ·’δ
3186 3935 3198 3954 ’
3503 3944 3524 3955 ’⁸
3628 3942 3640 3959 ‘

2203 3951 2303 3985 κατ
2349 3953 2410 3985 αν
2448 3951 2514 4005 ρα
2595 3951 2717 3999 θιοι,
2777 3954 2917 3987 σπο)
2953 3939 3081 4003 αζον
3106 3955 3306 4006 ταυτην
3340 3937 3552 4002 ἓαυτοις
3584 3961 3682 4011 την
3739 3943 3881 3997 ὀνο-

2208 4019 2401 4090 μασίαν
2436 4023 2918 4090 περιποιήσασθαι.
2973 4022 3068 4078 Kui
3120 4024 3225 4079 ἀπὸ
3287 4027 3381 4098 μὲν
3435 4035 3536 4097 τῆς
3597 4031 3883 4106 πατρίδος

2201 4103 2424 4167 ἕκαστος
2455 4105 2793 4179 ὠνομάζετο·
2827 4107 2958 4184 ὅπερ
2991 4104 3175 4184 ἔτυχε,
3217 4112 3314 4178 τὴν
3371 4103 3730 4191 ἐνεγκαμένην
3771 4117 3886 4187 δη-

2206 4197 2336 4252 λῶν.
2360 4199 2635 4272 Ῥωμαῖος
2665 4197 2721 4254 δὲ
2741 4198 2850 4256 πᾶλ
2865 4223 2907 4254 ιν
2934 4199 3185 4258 ἐκαλεῖτο
3241 4203 3316 4267 ὡς
3348 4205 3618 4280 ἀξιώματι
3654 4210 3883 4283 ταύτην

2206 4285 2640 4366 ἐπιγραφόμενος
2673 4290 2771 4357 τὴν
2800 4289 3112 4361 ὀνομασίαν.
3147 4290 3304 4348 Οὕτω
3361 4299 3492 4367 γοῦν
3537 4297 3625 4352 xui
3659 4298 3686 4351 6
3719 4304 3892 4355 Παῦ-

2206 4374 2302 4439 λος
2333 4375 2496 4446 ἠνίκα
2523 4376 2682 4432 αὐτὸν
2725 4372 2960 4450 ἔμελλον
2995 4379 3277 4454 ἀτιμάζειν
3316 4382 3406 4437 καὶ
3435 4385 3674 4457 τύπτειν,
3733 4390 3895 4444 ταῦ-

2204 4485 2304 4522 την
2330 4466 2730 4539 προεκομίζετο
2762 4468 2859 4536 τήν
2913 4469 3306 4544 προσηγορίαν,
3361 4469 3746 4548 δεδιττόμενος
3788 4479 3898 4533 καὶ

2207 4555 2523 4609 ἀνακόπτειν
2556 4554 2749 4616 αὐτοὺς
2778 4561 2874 4611 τοῦ
2904 4556 3272 4632 τολμήματος
3304 4559 3621 4638 ἐπιχειρῶν.
3681 4565 3903 4624 Ἀλλᾶ

2206 4664 2386 4723 φασιν·
2421 4647 2597 4700 Ἔστω
2629 4649 2814 4702 ταῦτα.
2852 4651 2974 4710 Ηῶς
3027 4645 3084 4702 δὲ
3113 4647 3353 4726 ἐγχωρεῖ
3411 4651 3498 4706 καὶ
3554 4653 3606 4707 ἐν
3664 4657 3901 4733 Ταρσῷ

438 4743 550 4798 Sed
581 4743 750 4798 aiunt
778 4760 790 4797 :
824 4745 960 4798 Esto
993 4747 1058 4797 ut
1087 4743 1327 4822 hwcita
1349 4761 1410 4799 se
1443 4745 1721 4812 habeant,
1746 4763 1862 4817 quo
1895 4753 2094 4804 tamen

2204 4737 2552 4810 γεγεννῆσθαι
2588 4733 2798 4790 Παῦλον
2829 4737 2916 4790 καὶ
2978 4734 3029 4790 ἐν
3090 4739 3332 4814 Ῥώμης
3392 4741 3444 4796 ἐν
3506 4744 3704 4818 Ταρσῷ
3780 4747 3902 4820 μὶν

435 4841 607 4906 pacto
640 4836 768 4891 fieri
803 4842 1015 4908 potest,
1041 4842 1108 4891 ut
1138 4842 1197 4890 et
1252 4837 1311 4892 in
1343 4840 1520 4893 Tarso
1570 4845 1746 4894 natus
1778 4841 1855 4894 sit
1881 4839 2096 4895 Paulus

435 4934 493 4982 et
506 4930 704 4983 Romae
723 4927 1058 4999 ?siquidem
1075 4927 1232 5000 quod
1247 4929 1408 4983 Tarsi
1433 4935 1607 4984 natus
1631 4931 1708 4984 sit
1724 4935 1782 4984 et
1795 4933 2096 4986 Romanus

439 5022 700 5085 vocetur,
723 5034 792 5073 eo
807 5017 965 5088 quod
985 5018 1138 5073 hanc
1156 5017 1268 5072 sibi
1293 5018 1757 5088 appellationem
1789 5019 1862 5073 ob
1895 5036 2098 5091 quem-

438 5107 573 5162 dam
606 5107 896 5162 honorem
939 5105 1316 5178 postmodum
1376 5107 1754 5177 acquisierat,
1790 5113 2097 5164 ostensum

440 5201 531 5252 est
554 5196 706 5251 nihil
746 5196 966 5252 habere
997 5195 1425 5267 repugnantia.
1452 5198 1664 5251 Verum
1703 5202 1760 5250 et
1789 5197 1951 5252 Tarsi
1980 5215 2094 5253 na-

437 5291 564 5340 tum
597 5301 726 5340 esse
751 5290 806 5338 et
832 5286 1055 5350 Romaz,
1089 5283 1386 5354 quomodo
1411 5285 1521 5340 hoc
1545 5284 1829 5356 possibile
1861 5291 1951 5340 est
1973 5287 2000 5342 ?
2028 5289 2098 5343 Et

436 5373 535 5429 ubi
555 5373 700 5428 dicit
719 5372 932 5427 Paulus
955 5373 1111 5443 quod
1136 5375 1333 5428 Roma:
1358 5379 1532 5428 natus
1554 5374 1676 5428 sit?
1699 5375 1848 5428 Dicit
1865 5376 2092 5446 utique.

440 5465 760 5532 Postquam
787 5463 945 5516 enim
972 5463 1119 5516 dixit
1139 5463 1433 5534 tribunus,
1462 5487 1488 5513 ‹‹
1515 5467 1630 5536 Ego
1653 5464 1841 5520 multa
1863 5482 2097 5524 summa

442 5551 619 5621 hujus
652 5550 1019 5622 civitatisjus
1055 5554 1387 5622 comparavi
1425 5570 1436 5618 ;
1463 5577 1487 5601 ››
1523 5555 1605 5607 ait
1635 5553 1852 5609 Paulus
1879 5572 1889 5608 :
1927 5572 1952 5597 «
1980 5557 2094 5628 Ego

439 5657 575 5694 vero
610 5646 667 5694 et
696 5645 872 5695 natus
905 5657 1055 5695 sum.
1096 5663 1122 5689 ››
1155 5642 1224 5694 Et
1253 5642 1354 5713 qui
1379 5642 1489 5697 hoc
1521 5643 1655 5697 est?
1684 5645 1882 5714 Neque
1935 5646 2094 5700 enim

436 5730 606 5796 dixit,
635 5733 749 5804 Ego
783 5733 982 5787 Romae
1016 5737 1191 5787 natus
1215 5749 1370 5799 sum,
1401 5733 1502 5789 sed
1531 5733 1673 5806 quid
1696 5734 1780 5790 ait
1809 5735 1837 5790 ?
1872 5737 1952 5792 Ex
1981 5737 2095 5794 hoc

435 5820 819 5879 manifestum
852 5829 975 5880 est:
1007 5839 1143 5880 cum
1178 5824 1337 5881 enim
1377 5823 1624 5883 dixisset
1673 5826 1950 5885 tribunus
1989 5827 2092 5900 jus

2203 4823 2303 4897 γὰρ
2383 4826 2735 4898 γεγεννῆσθαι
2819 4824 2908 4879 xui
2991 4826 3266 4900 Ῥωμαῖον
3343 4829 3650 4901 καλεῖσθαι,
3733 4837 3910 4891 ταύ-

2203 4913 2303 4981 την
2330 4913 2504 4984 ἑαυτῷ
2537 4909 2624 4967 διὰ
2655 4915 2824 4985 τιμὴν
2874 4935 2993 4970 τινα
3047 4917 3146 4985 τὴν
3210 4917 3504 4991 ὀνομασίαν
3564 4919 3914 4995 ἐπικτησά-

2211 5023 2391 5073 μενον,
2427 5000 2648 5078 ἐδείχθη
2713 5000 2880 5074 μηδὲν
2937 5001 3198 5060 ἀδύνατον
3256 5003 3333 5064 ὅν.
3393 5015 3758 5084 Γεγεννῆσθαι
3834 5013 3914 5072 δὶ

2205 5091 2295 5146 καὶ
2340 5090 2390 5146 ἐν
2422 5097 2618 5168 Ταρσῷ
2654 5092 2743 5146 καὶ
2772 5092 2824 5146 ἐν
2857 5093 3072 5168 Ῥώμῃ,
3105 5101 3222 5158 πῶς
3282 5099 3400 5153 οἷόν
3459 5101 3518 5155 τὲ
3552 5099 3662 5156 ἐστι
3693 5119 3708 5170 ;
3785 5108 3912 5162 καὶ

2204 5185 2310 5234 ποῦ
2358 5203 2489 5261 φησι
2547 5181 2763 5243 Παῦλος
2820 5181 2902 5237 ὅτι
2949 5181 3002 5236 ἐν
3059 5184 3253 5260 Ῥώμῃ
3307 5195 3677 5263 γεγέννηταη
3727 5193 3917 5264 Ναὶ,

2206 5277 2389 5358 φησίν.
2422 5268 2648 5340 Ἐπειδὴ
2680 5272 2782 5345 γὰρ
2815 5273 2844 5326 6
2876 5271 3177 5348 χιλίαρχος
3211 5275 3382 5350 εἶπεν,
3419 5299 3439 5327 ι
3475 5279 3617 5355 Ἐγὼ
3639 5279 3916 5342 πολλοῦ

2204 5364 2504 5445 κεφαλαίου
2533 5364 2630 5431 τὴν
2666 5360 2946 5416 πολιτείαν
2975 5363 3178 5434 ταύτην
3208 5365 3544 5442 ἐκτησάμην,
3580 5394 3609 5423 ››
3653 5372 3680 5427 ὁ
3714 5378 3921 5430 Παῦ-

2205 5459 2301 5521 λός
2363 5475 2544 5531 φησιν,
2601 5476 2628 5503 α
2691 5451 2828 5525 Ἐγὼ
2887 5448 2943 5506 δὲ
2999 5453 3084 5507 καὶ
3147 5457 3498 5529 γεγέννημαι,
3536 5483 3562 5510 η
3649 5461 3766 5517 Καὶ
3842 5469 3916 5524 τι

2204 5554 2412 5613 τοῦτο;
2473 5542 2553 5600 Οὐ
2619 5541 2724 5614 γὰρ
2783 5539 3096 5630 εἶπενπΈν
3147 5547 3215 5617 τῇ
3267 5546 3459 5621 Ῥώμῃ
3497 5549 3920 5630 γεγέννημαι,

2207 5636 2350 5694 ἀλλὰ
2379 5633 2639 5713 τίιρησιν,
2694 5630 2915 5693 αὐτόθεν
2977 5629 3166 5700 δῆλον.
3229 5632 3496 5700 Εἰπόντος
3554 5638 3653 5712 γὰρ
3693 5629 3927 5700 πολι;

2203 5725 2348 5785 τείαν
2377 5725 2476 5780 τοῦ
2531 5718 2860 5796 χιλιάρχου,
2921 5719 3056 5796 οὐχὶ
3107 5719 3165 5777 δὶ
3220 5723 3461 5797 Ῥώμην,
3518 5725 3666 5784 ἀλλᾶ
3721 5728 3924 5792 Ῥω-

2207 5817 2411 5897 για-ίκῆν
2438 5810 2745 5882 πολιτείαν,
2797 5809 3082 5889 ἐπήγαγεν
3147 5837 3175 5868 ⁸(
3206 5815 3348 5894 Ἐγὼ
3380 5813 3438 5873 δδ
3472 5818 3565 5875 καί
3611 5816 3936 5902 γιγέννη-
