4112 6442
313 329 435 390 2⁸13

1443 329 1863 394 CICUMINII
1911 328 2219 392 TRICCE
2264 333 2646 396 EPIBCOPI.

3651 337 3770 398 2⁸74

324 479 442 532 μαι.
481 480 508 513 ι
541 457 667 517 Οῦιι
697 458 754 516 ιν
787 461 862 536 τῇ
912 461 1104 537 Ῥώμῃ
1161 461 1248 535 (οὗ
1305 462 1410 538 γὰρ
1465 465 1630 517 τοῦτο
1661 460 1808 516 εἶπεν
1842 461 1870 516 6
1903 478 1998 534 χι-

2113 463 2383 534 civitatis,
2407 466 2614 539 utique
2645 483 2766 524 non
2797 469 3177 532 Romam.sed
3203 471 3486 526 Romanis
3514 467 3774 526 civitatis

325 547 591 624 λίαρχος,
625 549 718 605 δτι
769 547 1000 606 Πολλοῦ
1047 548 1346 626 κεφαλαίου
1397 549 1759 624 ἰκτησαμην),
1789 547 1918 604 ἀλλ’
1949 549 2002 604 ἐν

324 643 718 713 τῇῬωμαῖκῇ
773 640 1032 712 πολιτείᾳ
1085 639 1175 696 καί
1229 643 1390 715 τιμῇ,
1450 637 1633 715 ὥσπερ
1666 641 1755 694 καὶ
1798 641 2003 710 κτήσα-

331 742 451 795 σθαι
512 729 694 804 ελεγι.
752 735 879 793 Πῶς
964 730 1057 786 οὗν
1145 730 1409 806 ἐγεννήθη
1468 730 1519 786 ἐν
1579 733 1648 804 τῇ
1713 733 2000 804 Ῥωμαϊκῇ

331 825 612 897 πολιτείᾳ,
675 823 723 880 εί
788 826 866 898 μή
925 825 976 879 ἐν
1032 825 1220 900 Ῥώμῃ
1280 823 1586 899 ἇγεννήθη;
1642 823 1766 880 "Ott
1805 842 2002 891 κτησα-

335 918 504 988 μὶνου
563 919 665 970 τοῦ
725 915 933 989 πατρὸς
992 913 1156 970 αὐτοῦ
1209 915 1310 983 τήν
1387 915 1556 985 τιμὴν
1621 912 1843 982 ταύτην,
1909 909 2002 966 καὶ

329 1005 504 1080 ταύτῃ
595 1003 1010 1077 σεμνυνομένου
1088 1003 1179 1058 καὶ
1258 999 1547 1079 περιδόξου
1606 998 1785 1066 ὄντος,
1840 1001 2003 1064 αὐτὸς

328 1094 604 1170 ἄγεννήθη
634 1094 804 1165 αὐτῷ.
839 1095 914 1150 Τὸ
962 1092 1080 1162 οὖν,
1135 1118 1164 1146 α
1197 1093 1343 1168 Ἐγὼ
1374 1090 1431 1148 δὲ
1460 1092 1550 1148 καὶ
1581 1091 1936 1167 γεγέννημαι,
1973 1114 2002 1143 »

329 1187 522 1263 φησίν,
575 1186 664 1240 ὅτι
723 1184 905 1245 Αὐτὸς
965 1185 1060 1257 μὶν
1113 1183 1425 1258 πρόσφατον
1474 1177 1624 1258 ἔχεις
1667 1183 1768 1251 τήν
1813 1182 2002 1254 τιμὴν,

327 1275 495 1336 αὐτὸς
557 1272 733 1343 αὐτὴν
786 1274 1152 1347 κτησάμενος,
1211 1270 1320 1347 ἐγὼ
1397 1269 1456 1328 δὶ
1528 1272 1795 1346 πατρικὴν
1856 1269 2002 1349 φέρω

327 1367 432 1434 τήν
494 1362 659 1435 δόξαν
722 1363 813 1418 καὶ
870 1364 1359 1438 συναποτεχθεῖσάν
1423 1383 1538 1435 μοι.
1573 1362 1671 1416 Διὰ
1698 1359 1860 1416 τοῦτό
1892 1381 2004 1436 φη-

329 1474 435 1510 σιν·
466 1479 496 1506 κ
532 1454 686 1528 Ἐγὼ
719 1450 777 1508 δὶ
807 1452 897 1508 καὶ
929 1453 1277 1528 γεγέννημαι.
1314 1474 1339 1504 ι

421 1724 525 1779 Καὶ
568 1719 778 1783 ἄλλως.
842 1719 956 1776 Ούκ
1013 1719 1274 1795 ἐψεύσατο
1327 1716 1545 1781 Παῦλος
1573 1719 1848 1792 Ῥωμαῖον
1879 1717 2005 1773 ἑαυ-

354 1813 450 1868 τὸν
480 1811 722 1880 καλέσας,
781 1810 960 1865 καίτοι
1023 1807 1288 1871 Ἰουδαῖος
1349 1809 1636 1884 ὑπάρχων,
1671 1807 1748 1870 ὡς
1784 1808 1875 1863 καὶ
1904 1807 2004 1862 αὐ-
2031 1835 2080 1901 Β

352 1903 444 1963 τὸς
502 1921 600 1970 προ
655 1900 851 1976 ὀλίγου
906 1896 1033 1978 ἔφη.
1088 1899 1228 1956 Ἀπὸ
1283 1899 1386 1974 γὰρ
1443 1895 1732 1971 ’Δδριανοῦ
1797 1892 1995 1968 συνέϐη

348 1993 543 2054 πάντας
603 1991 743 2047 εἶναι
798 1990 1128 2064 Ῥωμαίους.
1189 1987 1450 2066 Μεγάλην
1509 1989 1614 2063 γὰρ
1667 1987 1821 2062 εἶχον
1875 1987 2000 2042 τότε

337 2083 598 2157 πρόνοιαν
659 2082 713 2137 οἱ
764 2079 940 2142 οὕτως
996 2081 1300 2152 ἀξιούμενοι
1360 2077 1665 2134 καλεῖσθαι.
1726 2080 1909 2134 Ταῦτα
1940 2073 1998 2131 δέ

329 2193 496 2249 φησιν
547 2169 648 2226 ’ἶνα
704 2172 781 2246 μή
846 2171 1168 2244 μαστιχθείς
1227 2167 1695 2248 εὐκαταφρόνητος
1748 2168 1996 2245 γὲνηταιο

327 2263 395 2320 Εἰ
451 2263 558 2337 γὰρ
619 2260 932 2335 ἐμάστιξαν,
990 2259 1082 2314 καὶ
1136 2258 1474 2334 παρέτρεψαν
1534 2257 1594 2314 ἃν
1652 2260 1715 2315 τὸ
1772 2264 1998 2331 πρᾶγμα

325 2354 417 2407 καὶ
449 2351 772 2407 ἀπέκτειναν
825 2349 884 2406 ἂν
946 2349 1129 2408 αὐτόν.
1183 2353 1290 2407 Νῦν
1339 2347 1397 2404 δὶ
1444 2349 1493 2405 εἶ’
1537 2350 1624 2404 καὶ
1676 2350 1751 2422 μὴ
1788 2347 1854 2403 δι’
1886 2343 1997 2403 ἔτε-

327 2463 449 2517 ρον,
483 2441 641 2498 ἀλλὰ
672 2463 737 2518 γε
766 2439 839 2496 δι’
869 2441 1005 2496 αὐτὸ
1063 2440 1124 2496 οὐ
1184 2441 1348 2514 μόνον
1379 2440 1478 2496 οῦκ
1507 2439 1818 2514 ἰμάστιξαν,
1849 2438 1997 2494 ἀλλὰ

325 2533 422 2588 καὶ
454 2529 764 2588 ἀπέλυσαν.
799 2530 1074 2586 Δείκνυσιν
1134 2529 1227 2585 οῦν
1287 2533 1315 2586 6
1378 2529 1611 2598 Παῦλος,
1647 2531 1730 2586 δτι
1757 2531 1786 2584 6
1815 2531 1995 2604 πατὴρ

323 2618 500 2674 αὐτοῦ
559 2620 842 2689 Ῥωμαῖος
895 2617 987 2686 ἦν.
1057 2617 1169 2692 Πρὸ
1236 2617 1340 2692 γὰρ
1403 2621 1500 2672 τοῦ
1553 2619 1872 2693 γεννηθῆναι
1902 2618 1994 2672 τὸν

325 2707 577 2777 Παῦλον,
629 2707 1001 2780 γεγενημένης
1050 2713 1150 2776 τῆς
1209 2703 1457 2768 Κιλικίας
1513 2707 1615 2762 ὑπὸ
1672 2708 1996 2780 Ῥωμαίοις,

323 2799 547 2874 ἀνάγκη
582 2798 674 2852 καὶ
707 2795 868 2852 αὐτὸν
914 2796 988 2859 ὡς
1039 2792 1166 2852 ὄντα
1218 2797 1307 2852 ὑπ’
1359 2795 1576 2866 αὐτοὺς,
1608 2798 1885 2871 Ῥωμαῖον
1921 2796 1998 2851 εἷς

321 2907 429 2944 ναι.
463 2885 623 2949 Τέως
670 2882 731 2940 δὶ
775 2885 912 2940 κατᾶ
960 2887 1058 2954 τήν
1115 2885 1452 2963 προφητείαν
1485 2883 1784 2959 ἐδεσμεύθη
1817 2885 1867 2941 ἐν
1900 2886 2001 2942 Ἱε-

324 2974 579 3050 ρουσαλή
593 2996 654 3049 μ..
691 2976 760 3032 Τί
791 2975 887 3030 οὗν
921 2975 1027 3030 ἀπὸ
1073 2975 1272 3031 τούτου
1329 2977 1533 3051 γίνεται
1569 2996 1584 3045 ;
1635 2975 1811 3038 Λύσας
1869 2996 1998 3031 κατ-

327 3068 533 3141 ήγαγεν
569 3065 738 3120 αὑτὸν
793 3065 931 3139 πρὸς
989 3065 1116 3126 τοὺς
1172 3062 1492 3130 Ἰουδαίους.
1525 3065 1640 3123 Οὑκ
1669 3066 1771 3140 ἄρα
1801 3063 1997 3139 ψεῦδος

326 3155 411 3224 ἦν,
446 3149 746 3266 ’ΒῩοϐἑήθη
783 3155 911 3226 γὰρ,
936 3155 1155 3266 ιφησὶγ,
1217 3155 1245 3210 6
1297 3153 1599 3230 χιλίαρχος
1632 3154 1877 3229 ἐπιγνοὺς
1911 3153 1993 3209 ὅτι
2028 3197 2072 3266 C

318 3245 586 3317 Ρωμαῖός
621 3242 762 3313 ἐστι,
796 3244 1072 3298 τουτέστιν
1107 3243 1480 3317 ἀξιωματικοῦ
1499 3245 1708 3320 γὲνους.

967 3423 1214 3478 ΚΕΦΑΛ
1255 3424 1376 3479 AI".

316 3514 466 3570 Ὅσα
536 3514 567 3567 6
639 3509 860 3573 Παῦλος
927 3505 1163 3575 καταϐὰς
1231 3509 1332 3583 εἷςΔ
1377 3513 1455 3583 ,τὸ
1521 3509 1795 3583 συνέδριον
1863 3507 1996 3566 ἔπα-

589 3585 646 3647 θε
677 3604 738 3639 τε
764 3585 855 3638 καὶ
883 3583 1018 3653 εἶπε,
1050 3584 1140 3638 καὶ
1172 3578 1486 3648 εὑθυϐόλως
1525 3577 1741 3660 ἔπραξε.

417 3696 448 3722 ιι
475 3675 558 3743 τῆ
602 3670 657 3727 δὶ
696 3671 961 3741 ἐπαύριον
1015 3669 1353 3748 βουλόμενος
1401 3677 1600 3750 γνῶναι
1640 3673 1702 3729 τὸ
1734 3673 1993 3751 ἀσφαλὲς,

349 3762 442 3828 τὸ,
478 3780 533 3814 τι
561 3768 930 3839 κατηγορεῖται
989 3764 1134 3838 παρᾶ
1188 3768 1296 3819 τῶν
1355 3760 1658 3834 Ἰουδαίων,
1690 3757 1875 3818 ἔλυσεν
1910 3762 1997 3817 αύ-

349 3849 450 3902 τὸν
483 3849 589 3904 ἀπὸ
615 3855 710 3906 τῶν
742 3850 982 3927 δεσμῶν,
1039 3853 1128 3907 καὶ
1187 3849 1463 3908 ἐκέλευσεν
1522 3852 1699 3918 ἐλθεῖν
1739 3854 1865 3915 τοὺς
1899 3853 1991 3929 ἆρ-

345 3945 576 4014 χιερεῖς,
607 3942 691 3996 καὶ
733 3942 864 3998 δλον
918 3944 980 3997 τὸ
1038 3939 1312 4017 συνέδριον
1374 3943 1573 4000 αὐτῶν.
1608 3944 1706 3998 Καὶ
1757 3963 1988 4017 καταγα-

329 4031 446 4104 γὼν
504 4033 599 4086 τὸν
658 4031 904 4098 Παῦλον,
990 4026 1210 4103 ἔστησεν
1291 4031 1368 4096 εἷς
1434 4032 1652 4095 αὐτούς.
1714 4033 1993 4095 Ἀτενίσας

324 4116 387 4177 δὲ
419 4123 451 4178 6
485 4121 713 4186 Παῦλος
765 4127 846 4195 τῷ
895 4119 1182 4198 συνεδρίῳ,
1240 4124 1406 4179 εἶπεν
1461 4120 1682 4196 ’Ἄνδρες
1743 4120 1995 4201 ἀδελφοὶ,

321 4208 439 4283 ἐγὼ
492 4211 646 4285 πάσῃ
711 4207 1014 4282 συνειδήσει
1073 4211 1250 4287 ἀγαθῇ
1306 4211 1706 4285 πεπολίτευμαι
1756 4216 1836 4284 τῷ
1881 4215 1997 4284 Θεῷ

318 4299 465 4375 ἄχρι
533 4299 742 4371 ταύτης
822 4302 1054 4376 ἡμέρας.
1120 4301 1182 4358 Ὀ
1251 4297 1308 4356 δὲ
1373 4300 1663 4381 ἀρχιερεὺς
1753 4300 1997 4363 Ἀνανίας

315 4391 557 4464 ἐπέταξε
613 4396 733 4454 τοῖς
784 4395 1122 4468 παρεστῶσιν
1186 4391 1356 4462 αὐτῷ,
1433 4391 1654 4448 τύπτειν
1719 4391 1882 4446 αὐτοῦ
1938 4391 2001 4446 τὸ

321 4481 537 4553 στόμα.
571 4477 707 4535 Τότε
753 4482 781 4535 6
835 4479 1052 4543 [Σαῦλος
1100 4481 1237 4556 πρὸς
1297 4480 1455 4536 alith
1507 4482 1638 4536 είτιεε⁸
1674 4481 1910 4538 Τύπτειν
1943 4500 2000 4535 σε

2098 552 2202 625 jus
2232 555 2542 628 subjunxit
2575 575 2587 612 :
2621 560 2737 630 Ego
2763 575 2898 614 vero
2932 565 2990 614 et
3017 566 3194 616 natus
3219 577 3383 616 sum:
3421 577 3542 614 non
3567 562 3771 615 Romaa

2105 642 2125 709 (
2158 661 2352 717 neque
2380 648 2540 704 enim
2578 649 2854 705 tribunus
2886 651 2995 705 hoc
3031 667 3093 705 se
3124 651 3316 705 multa
3347 666 3582 704 summa
3613 665 3772 704 com-

2106 751 2348 806 parasse
2362 737 2549 808 dicit),
2567 738 2670 794 sed
2693 741 2972 794 Romanae
2997 739 3249 794 civitatis
3269 739 3370 809 jus
3393 756 3458 793 ac
3478 739 3770 792 honorem

2105 824 2420 881 obtinens:
2454 827 2612 898 quod
2627 828 2805 883 etiam
2824 828 2925 883 ille
2939 845 2972 883 a
2987 845 3047 883 se
3063 834 3334 900 emptum
3351 844 3479 882 esse
3502 825 3768 882 dicebat.

2107 914 2899 987 QuomodoigiturBomanaa
2932 918 3184 973 civitatis
3205 918 3308 989 jus
3342 917 3570 972 habens
3592 921 3768 971 natus

2108 1010 2215 1072 est,
2250 1005 2300 1060 si
2333 1005 2530 1062 Romus
2563 1012 2737 1063 natus
2768 1025 2890 1063 non
2922 1007 3056 1063 est?
3086 1007 3235 1073 Quia
3266 1023 3400 1062 cum
3433 1011 3602 1078 pater
3625 1021 3768 1060 suus

2109 1093 2398 1150 honorem
2439 1096 2598 1152 hunc
2633 1102 3063 1169 comparasset,
3099 1101 3159 1152 et
3184 1113 3289 1168 per
3321 1112 3458 1151 eum
3488 1111 3770 1150 veneran-

2109 1181 2219 1237 dus
2249 1199 2317 1238 ac
2345 1184 2640 1256 gloriosus
2655 1185 2891 1253 fuisset,
2929 1187 3057 1258 ipse
3091 1186 3153 1240 in
3185 1202 3253 1240 eo
3286 1190 3462 1240 natus
3493 1189 3602 1240 est.
3621 1184 3768 1239 Cum

2109 1270 2310 1343 itaque
2341 1274 2424 1329 ait
2457 1291 2469 1328 :
2500 1276 2616 1348 Ego
2639 1293 2773 1331 vero
2805 1281 2862 1331 et
2893 1282 3068 1332 natus
3101 1293 3255 1343 sum,
3290 1273 3644 1331 tantundem
3678 1278 3770 1328 est

2109 1376 2176 1416 ac
2209 1362 2259 1416 si
2292 1361 2485 1420 dicat:
2519 1366 2600 1421 Tu
2633 1366 2877 1436 quidem
2901 1372 3204 1422 recentem
3236 1365 3418 1421 habes
3451 1365 3764 1432 honorem,

2111 1451 2213 1521 qui
2244 1452 2372 1524 ipse
2402 1453 2573 1509 illum
2607 1457 2988 1527 comparasti,
3023 1473 3128 1528 ego
3160 1472 3294 1511 vero
3318 1461 3628 1527 paternam
3659 1454 3772 1508 ha-

2109 1541 2220 1596 beo
2249 1543 2596 1615 gloriam,et
2625 1562 2758 1616 quas
2790 1546 2938 1601 mihi
2970 1547 3285 1619 congenita
3306 1549 3414 1601 est.
3448 1546 3771 1616 Propterea

2109 1630 2286 1686 dicit:
2311 1632 2428 1704 Ego
2450 1649 2625 1689 verus
2657 1639 2716 1688 et
2734 1640 2910 1690 natus
2941 1653 3094 1691 sum.

2180 1721 2334 1776 163
2365 1722 2484 1777 Alio
2505 1739 2724 1794 quoque
2745 1725 2924 1791 modo,
2957 1726 3081 1779 Non
3113 1725 3398 1780 mentitus
3433 1729 3525 1779 est
3544 1721 3764 1777 Paulus

2111 1812 2443 1866 Romanum
2475 1829 2537 1868 se
2568 1813 2796 1880 dicens,
2816 1830 2950 1869 cum
2971 1814 3379 1870 Judaausesset
3407 1818 3584 1885 prout
3604 1811 3764 1866 idem

2115 1899 2242 1972 ipse
2271 1907 2409 1956 ante
2442 1919 2630 1974 pauca
2659 1904 2835 1959 verba
2887 1905 3136 1960 dixerat.
3170 1905 3257 1960 Ab
3309 1904 3569 1959 Adriano
3601 1902 3763 1958 enim

2116 1992 2363 2065 contigit
2392 2000 2458 2048 ut
2483 2011 2692 2052 omnes
2711 1997 2960 2052 Romani
2993 2004 3211 2052 essent.
3230 1999 3435 2069 Magna
3465 1995 3763 2066 siquidem

2114 2079 2265 2134 ratio
2297 2080 2630 2137 habebatur
2657 2100 2864 2138 eorum
2887 2085 2988 2155 qui
3021 2085 3182 2156 digni
3217 2084 3580 2139 haberentur
3601 2081 3765 2136 utita

2113 2169 2580 2239 appellarentur.
2617 2172 2749 2226 Haac
2780 2177 2981 2227 autem
3011 2173 3095 2228 ait
3124 2189 3198 2228 ne
3230 2171 3565 2245 Ilagellatus
3589 2169 3764 2225 facile

2113 2258 2416 2330 despectui
2449 2259 2787 2316 haberetur.
2822 2263 2967 2316 Nam
3013 2262 3062 2316 si
3107 2261 3531 2333 flagellassent,
3585 2260 3766 2315 etiam

2111 2365 2237 2404 rem
2278 2366 2519 2404 omnem
2550 2355 2887 2421 pervertere
2927 2352 3280 2422 potuissent,
3323 2367 3580 2422 eumque
3607 2349 3767 2405 occi-

2111 2439 2271 2493 dere.
2306 2440 2471 2493 Nunc
2502 2455 2636 2494 vero
2671 2440 2780 2495 etsi
2811 2457 2934 2495 non
2951 2440 3024 2495 ob
3055 2440 3357 2508 aliud,sed
3391 2445 3633 2512 propter
3653 2439 3766 2494 hoc

2111 2527 2332 2599 ipsum,
2392 2545 2513 2583 non
2573 2529 2748 2584 modo
2826 2546 2948 2584 non
3007 2529 3477 2602 ﬂagellaverunt,
3561 2544 3764 2583 verum

2110 2617 2290 2673 etiam
2346 2617 2726 2673 dimiserunt.
2807 2609 3080 2675 Ostendit
3147 2636 3283 2691 ergo
3365 2619 3583 2674 Paulus
3657 2635 3765 2690 pa-

2109 2713 2261 2763 trem
2314 2724 2487 2763 suum
2539 2710 2873 2764 Romanum
2930 2709 3138 2765 fuisse.
3198 2710 3553 2780 Priusquam
3601 2709 3764 2763 enim

2111 2801 2459 2852 nasceretur
2487 2797 2729 2866 Paulus,
2776 2798 3046 2869 subjecta
3085 2799 3368 2854 Romanis
3399 2798 3628 2864 Cilicia,
3659 2813 3766 2852 ne-

2110 2902 2275 2941 cesse
2307 2891 2435 2941 erat
2491 2887 2685 2958 ipsum
2725 2905 2986 2959 quoque,
3020 2894 3223 2960 utpote
3284 2889 3404 2943 illis
3437 2888 3764 2956 subditum,

2109 2993 2239 3031 esse
2270 2977 2887 3032 Romanum.lnterim
2918 2995 3054 3033 vero
3077 2979 3250 3050 juxta
3274 2977 3648 3049 prophetiam
3679 2977 3764 3033 al-

2110 3065 2327 3138 ligatus
2358 3072 2449 3122 est
2469 3067 3041 3138 Jerosolymis.Quid
3065 3068 3246 3140 igitur
3276 3067 3654 3138 postmodum
3675 3083 3768 3122 ac-

2111 3155 2284 3210 cidit?
2295 3155 2562 3211 Solutum
2576 3155 3390 3227 deduxitadludaeos.Nonigi
3403 3162 3494 3212 tur
3510 3154 3767 3211 mendax

2111 3251 2256 3300 erat.
2275 3246 2494 3300 Timuit
2515 3246 2675 3301 enim
2691 3247 2984 3315 tribunus,
3001 3247 3212 3318 inquit,
3233 3247 3337 3302 ubi
3355 3246 3591 3302 rescivit
3606 3246 3766 3318 quod

2107 3337 2409 3390 Romanus
2435 3341 2610 3405 esset,
2644 3335 2758 3391 hoc
2788 3341 2877 3391 est
2908 3353 2978 3391 ex
3007 3353 3222 3409 genere
3257 3337 3544 3410 dignitate
3577 3334 3761 3392 claro.

2677 3426 2909 3482 CAPUT
2940 3427 3185 3482 XXXIII.

2108 3521 2185 3572 De
2212 3517 2297 3571 his
2329 3531 2451 3586 quae
2499 3515 2705 3571 Paulus
2755 3517 3082 3572 descendens
3140 3520 3199 3572 in
3230 3518 3523 3574 concilium
3564 3532 3762 3589 passus

2427 3594 2524 3654 est,
2556 3594 2606 3642 et
2645 3595 2788 3643 recte
2827 3589 2933 3644 sibi
2971 3591 3252 3645 consulens
3288 3591 3442 3659 fecit.

2174 3680 2351 3748 XXII,
2385 3683 2487 3748 30;
2522 3681 2721 3747 XXIII,
2756 3685 2872 3735 1-5.
2927 3704 2952 3728 α
2988 3683 3230 3737 Postero
3263 3688 3462 3737 autem
3522 3682 3616 3737 die
3665 3698 3768 3736 vo-

2106 3770 2235 3825 lens
2269 3769 2577 3840 quidpiam
2607 3770 2755 3824 certi
2789 3787 3168 3839 cognoscere,
3204 3773 3277 3826 ob
3306 3788 3483 3842 quam
3524 3787 3766 3826 causam

2106 3863 2488 3914 accusaretur
2517 3875 2552 3913 a
2579 3857 2818 3924 Iudaeis,
2840 3858 3010 3913 solvit
3044 3875 3180 3914 eum
3212 3876 3246 3914 a
3272 3859 3619 3927 vinculis,et
3639 3861 3766 3931 jus-

2109 3950 2187 4004 sit
2210 3948 2513 4020 principes
2543 3947 2916 4003 sacerdotum
2931 3949 3268 4014 convenire,
3291 3954 3601 4019 totumque
3627 3964 3768 4004 con'

2109 4038 2336 4104 cilium,
2371 4054 2439 4094 ac
2465 4037 2788 4093 deductum
2820 4037 3075 4093 Paulum
3109 4038 3356 4095 sistebat
3388 4055 3586 4094 coram
3617 4037 3761 4094 illis.

2108 4127 2362 4183 Intentis
2392 4133 2592 4182 autem
2637 4127 2857 4183 Paulus
2917 4127 2978 4182 in
3029 4128 3350 4184 concilium
3409 4127 3619 4196 oculis,
3642 4128 3762 4183 ait:

2111 4219 2230 4273 Viri
2260 4217 2496 4284 fratres,
2532 4234 2636 4290 ego
2697 4217 2860 4273 omni
2909 4219 3277 4275 conscientia
3317 4219 3475 4275 bona
3521 4235 3768 4274 conver-

2112 4311 2275 4362 satus
2308 4323 2440 4362 sum
2473 4323 2674 4363 coram
2709 4308 2824 4362 Deo
2864 4324 3053 4379 usque
3085 4307 3146 4362 in
3193 4308 3553 4364 hodiernum
3583 4308 3764 4366 diem.

2112 4397 2268 4452 174
2319 4397 2606 4468 Princeps
2654 4401 2854 4452 autem
2899 4396 3274 4453 sacerdotum
3323 4398 3578 4454 Ananias
3614 4414 3769 4470 pras-

2111 4486 2270 4557 cepit
2315 4486 2650 4542 astantibus
2703 4487 2836 4555 sibi,
2915 4492 2982 4541 ut
3034 4493 3416 4558 percuterent
3485 4505 3550 4543 os
3611 4488 3764 4560 ejus.

326 4569 537 4644 μέλλει
575 4571 607 4625 6
637 4570 790 4640 Θεὸς,
839 4576 1000 4646 τοῖχε
1046 4591 1415 4645 κεκονιαμενε.
1471 4570 1575 4629 Καὶ
1616 4569 1679 4625 σὺ
1707 4571 1846 4645 κάθῃ
1880 4569 1998 4646 κρί-

2113 4577 2270 4630 Tunc
2315 4575 2534 4630 Paulus
2591 4575 2742 4632 dixit
2781 4574 2854 4630 ad
2901 4592 3078 4630 eum:
3108 4577 3394 4632 Futurum
3417 4582 3508 4632 est
3536 4581 3601 4632 ut
3622 4594 3767 4650 per-

321 4684 440 4718 νων
503 4682 576 4735 με
623 4661 759 4716 κατᾶ
798 4663 889 4717 τὸν
956 4662 1148 4736 νόμον,
1205 4662 1296 4717 καὶ
1352 4663 1500 4736 παρὰ
1539 4663 1708 4736 νόμον
1759 4660 2000 4725 κελεύεις

326 4773 398 4823 με
452 4750 799 4820 τύπτεσθαι;
875 4751 938 4804 Oi
1015 4748 1072 4805 δὲ
1120 4756 1461 4827 παρεστῶτες
1510 4752 1680 4806 εἶπονο
1739 4750 1838 4804 Τὸν
1896 4749 1998 4824 ἀρ-

321 4839 527 4915 χιερέα
555 4845 655 4895 τοῦ
696 4844 829 4896 Θεοῦ
882 4838 1200 4916 λοιδορεῖςς
1247 4842 1388 4920 Ἔφη
1432 4861 1492 4897 τε
1539 4841 1566 4896 ὁ
1617 4840 1853 4904 Παῦλος·
1891 4840 2001 4895 Οὐκ

321 4928 510 5005 ᾔδειν,
591 4927 843 5011 ἀδελφοὶ,
925 4930 1009 4984 ὅτι
1087 4927 1227 4985 ἐστὶν
1304 4929 1613 5007 ἀρχιερεύς.
1696 4931 1996 5006 Γέγραπται

493 5021 777 5096 ’Ἄρχοντα
806 5023 911 5076 τοῦ
943 5018 1083 5075 λαοῦ
1108 5040 1203 5075 σου
1231 5019 1333 5076 οὐκ
1363 5019 1503 5096 ἐρεῖς
1533 5025 1732 5084 κακῶς.
1772 5046 1800 5073 ››

392 5320 421 5347 α
455 5296 684 5356 Τύπτειν
719 5314 783 5350 σε
817 5288 1024 5365 μέλλει
1075 5287 1103 5343 6
1156 5289 1308 5358 Θεὸς,
1359 5293 1518 5364 τοῖχε
1562 5291 1930 5362 κεκονιαμένε.
1968 5313 1996 5342 ››

316 5389 482 5466 Ἀξεον
517 5391 768 5464 ζηθῆσαι
804 5383 936 5440 πῶς
973 5377 1001 5432 6
1031 5377 1192 5438 αὐτὸς
1217 5376 1478 5453 ἀλλαχοῦ
1507 5377 1696 5445 εἰπὼν,
1734 5403 1760 5430 α
1806 5377 1998 5434 Λοιδο-

297 5486 552 5568 ρούμενοι
629 5473 1036 5568 εὐλογοῗςμεν,
1053 5557 1066 5568 Ω
1108 5467 1602 5568 βλασφημούμενοι
1625 5467 1995 5568 ,παρακαλοῦ-

279 5555 403 5666 lay,-
425 5611 458 5641 ip
488 5581 750 5643 ἐνταῦθα
784 5557 1151 5626 τούναντίον,
1185 5556 1248 5612 οὗ
1305 5559 1470 5632 μόνον
1525 5555 1791 5636 λοιδορεῖ,
1850 5557 1997 5616 ἀλλὰ

314 5726 364 5767 ll
392 5714 593 5786 Exod.
632 5715 808 5767 ιιιιο
860 5689 964 5746 ³⁸⁸

2110 4664 2296 4720 cutiat
2325 4668 2380 4719 te
2414 4665 2592 4730 Deus,
2634 4665 2831 4736 paries
2863 4665 3155 4720 dealbate.
3199 4667 3269 4720 Et
3309 4672 3372 4722 tu
3414 4665 3584 4721 sedes
3603 4666 3772 4738 judi-

2111 4769 2254 4808 cans
2285 4770 2380 4808 me
2414 4752 2746 4809 secundum
2778 4753 2991 4826 legem,
3019 4759 3077 4808 et
3102 4761 3309 4810 contra
3359 4755 3552 4827 legem
3591 4755 3772 4826 jubes

2109 4859 2204 4897 me
2226 4841 2495 4915 percuti?
2515 4842 2623 4907 Qui
2640 4847 2840 4898 autem
2867 4842 3162 4909 astabant,
3192 4844 3474 4899 dixerunt
3497 4861 3508 4898 :
3529 4845 3771 4902 Summo

2109 4933 2401 4989 sacerdoti
2418 4932 2518 4987 Dei
2536 4931 2844 4988 maledicis
2867 4932 2895 4986 Ῡ
2915 4933 3011 4987 Ait
3037 4938 3235 4989 autem
3255 4933 3474 4990 Paulus
3501 4953 3513 4991 :
3540 4936 3774 4992 Nescie-

2108 5022 2267 5090 bam,
2299 5023 2536 5090 fratres,
2579 5022 2738 5094 quod
2771 5039 3041 5078 summus
3090 5023 3367 5080 sacerdos
3403 5031 3578 5081 esset.
3611 5026 3770 5082 Scri-

2107 5119 2278 5185 ptum
2335 5119 2426 5168 est
2485 5113 2643 5168 enim
2679 5129 2691 5166 :
2726 5112 2986 5184 Principi
3045 5113 3249 5184 populi
3305 5115 3386 5169 tui
3430 5131 3550 5171 non
3580 5117 3770 5174 male-

2107 5201 2342 5258 dices”.
2378 5224 2399 5251 ο

2178 5316 2206 5342 ‹‹
2242 5294 2530 5348 Futurum
2573 5297 2662 5348 est
2700 5297 2765 5346 ut
2796 5291 3092 5363 percutiat
3124 5297 3177 5347 te
3228 5298 3401 5363 Deus,
3437 5295 3633 5366 paries
3663 5297 3766 5352 de-

2107 5383 2323 5440 albate.
2385 5408 2406 5434 ι
2498 5383 2753 5456 Dignum
2837 5389 2923 5439 est
3006 5389 3072 5438 ut
3163 5386 3558 5458 inquiramus,
3617 5406 3766 5460 quo-

2107 5474 2284 5529 modo
2315 5491 2451 5529 cum
2496 5473 2638 5529 alibi
2671 5472 2888 5529 dixerit
2913 5489 2926 5527 :
2951 5495 2978 5523 «
3016 5473 3163 5530 Male
3213 5477 3546 5544 audientes,
3579 5477 3764 5534 bene-

2108 5562 2360 5620 dicimus
2414 5581 2427 5618 :
2489 5563 2770 5620 conviciis
2827 5563 3045 5634 allecti,
3116 5563 3462 5624 obseramus
3506 5583 3519 5622 :
3579 5588 3607 5615 »
3665 5567 3764 5624 hic
