4112 6404
374 325 491 385 275

1375 321 1786 384 COMMENT.
1831 323 1911 383 IN
1960 322 2166 383 ACTA
2212 322 2812 387 APOSTOLORUM.

3674 320 3792 381 270

378 476 410 516 e
443 459 673 514 diverso
705 474 826 513 non
859 457 1050 513 solum
1081 458 1404 513 convitium
1436 458 1672 530 ingerit,
1715 456 1820 513 sed
1852 456 2028 512 etiam

2146 476 2227 511 ιιαι
2294 455 2577 532 ἐπαρᾶται.
2649 456 2748 511 Καὶ
2815 475 3015 536 φαμεν,
3075 452 3159 508 ὅτι
3216 455 3385 507 ταῦτα
3437 450 3505 505 τὰ
3571 449 3794 536 ῥήματα

376 546 818 604 maledicit?Et
865 546 1119 602 dicimus
1159 548 1319 618 quod
1354 549 1481 604 haec
1510 548 1687 604 verba
1724 548 1909 604 libere
1940 548 2025 603 lo-

376 637 613 709 quentis
640 636 838 708 potius
871 643 1224 708 sunt,quam
1254 638 1357 693 ira)
1389 638 1689 693 autanimi
1721 638 2037 703 commotiK

372 727 499 780 Non
532 724 692 779 enim
725 724 958 780 volebat
985 726 1641 800 tribunumintelligere
1673 727 1832 799 quod
1851 726 2025 782 facile

367 814 794 886 despiceretur.
830 816 977 870 Nam
1023 833 1158 871 eum
1184 817 1288 872 ille
1324 817 1686 888 pepercisset
1713 834 1788 871 ne
1822 815 2026 888 ﬂagel-

364 903 610 972 laretur,
646 904 694 959 si
734 911 1051 976 postquam
1077 906 1150 961 ad
1189 906 1423 961 Judaaos
1456 906 1707 961 eductus
1736 912 1846 973 est,
1881 923 2026 961 con-

368 993 548 1066 tingit
581 999 647 1048 ut
675 1010 711 1049 a
740 994 1028 1049 ministris
1076 995 1439 1065 verberetur,
1491 996 1713 1051 factum
1745 996 1855 1051 hoc
1898 1000 2027 1051 erat

366 1081 745 1138 redditurum
777 1083 948 1138 illum
979 1084 1412 1140 audentiorem.
1437 1086 1554 1140 Hoc
1581 1090 1781 1140 autem
1812 1089 2027 1151 non,ut

308 1242 315 1247 .
373 1171 618 1243 quidam
646 1172 872 1240 dicunt,
891 1173 966 1228 ad
983 1173 1327 1229 ministrum
1348 1173 1641 1246 dirigitur,
1659 1174 1762 1230 sed
1792 1174 1866 1230 ad
1889 1190 2024 1229 eum

373 1261 476 1333 qui
507 1268 893 1333 praeceperat,
930 1269 1173 1335 propter
1202 1263 1261 1318 id
1294 1264 1452 1335 quod
1482 1264 1755 1336 protinus
1785 1280 2028 1336 respon-

368 1350 486 1405 det.
536 1350 738 1406 Sciens
790 1351 953 1406 euim
992 1353 1149 1422 quod
1190 1359 1463 1424 oporteat
1505 1354 1732 1425 justam
1789 1370 2025 1425 quoque

369 1439 521 1494 iram
553 1441 1049 1512 comprimere,et
1069 1442 1295 1513 justam
1330 1442 1803 1514 indignationem
1827 1442 2024 1498 occul-

368 1534 515 1597 tare,
548 1534 835 1600 tanquam
886 1532 1236 1602 pmnitentia
1276 1531 1490 1588 ductus
1520 1532 1642 1588 ait:
1674 1531 2023 1588 Nesciebam

374 1616 533 1687 quod
566 1634 837 1674 summus
859 1619 1137 1674 sacerdos
1170 1625 1344 1676 esset.
1380 1622 1558 1692 Atqui
1585 1620 2024 1677 sciebat:dixe-

370 1710 462 1760 rat
492 1705 653 1761 enim
682 1722 695 1760 :
728 1708 799 1762 Et
827 1712 891 1762 tu
923 1708 1093 1763 sedes
1116 1708 1397 1780 judicans
1446 1726 1541 1765 me
1573 1710 1902 1766 secundum
1933 1709 2023 1764 le-

371 1810 539 1866 gem:
574 1795 679 1850 sed
701 1795 1099 1869 ignorantiam
1113 1798 1356 1854 simulat
1377 1816 1508 1871 quae
1537 1799 1690 1855 nulli
1719 1798 2024 1865 nocet,sed

365 1881 807 1954 dispensatoria
838 1890 946 1941 est.
980 1886 1283 1959 Contingit
1312 1888 1476 1943 enim
1505 1893 1574 1943 ut
1610 1889 1745 1959 quis
1772 1888 2024 1961 graviori

371 1970 820 2042 dispensatione
852 1973 1057 2030 liberae
1109 1975 1430 2032 locutionis
1471 1982 1691 2033 utatur.
1727 1978 2026 2048 Frequen-

366 2066 458 2116 ter
487 2062 649 2117 enim
697 2062 1116 2135 intempestiva
1163 2065 1449 2138 loquendi
1500 2066 1745 2122 libertas
1792 2067 2025 2123 veritati

368 2153 598 2218 nocuit,
634 2154 1020 2226 tempestivus
1048 2162 1248 2213 autem
1281 2157 1410 2228 ejus
1441 2174 1609 2224 usus,
1632 2157 1789 2229 quod
1818 2175 2033 2231 propo.

372 2243 553 2298 situm
614 2250 760 2312 erat,
823 2245 1097 2304 correxit.
1148 2270 1176 2297 ι(
1231 2246 1601 2316 Nesciebam,
1641 2248 1875 2313 fratres,
1910 2273 1933 2302 ι
1971 2256 2032 2307 et

374 2333 874 2398 caetera.Quidam
907 2335 1115 2391 dicunt
1131 2352 1267 2391 eum
1300 2337 1359 2392 id
1390 2354 1512 2393 non
1543 2337 1786 2393 scivisse
1811 2337 1884 2394 ob
1905 2339 2032 2394 Ion-

375 2437 517 2493 gum
544 2423 830 2493 temporis
860 2423 1262 2492 intervallum,
1315 2442 1430 2496 quo
1461 2426 1618 2498 apud
1642 2427 1876 2483 Judaaos
1907 2445 2029 2484 non

375 2509 591 2565 fuerat.
608 2511 775 2576 Quod
803 2517 1002 2567 autem
1021 2529 1157 2568 eum
1182 2514 1245 2568 in
1283 2514 1482 2570 medio
1513 2532 1647 2571 cum
1670 2516 1876 2572 multis
1898 2517 2032 2573 aliis

376 2601 621 2673 videret,
654 2619 775 2659 non
828 2604 1029 2659 statim
1060 2621 1131 2659 ex
1178 2605 1289 2661 hoc
1314 2606 1697 2662 manifestum
1722 2614 1849 2663 erat
1870 2626 2032 2665 sum-

2134 544 2443 623 παρῥησίας
2483 545 2697 620 μᾶλλόν
2744 534 2886 600 ἐστιν
2945 543 2981 613 ἢ
3040 544 3236 615 θυμοῦ.
3283 540 3364 598 Οὔ
3396 540 3502 617 γάρ
3533 534 3792 597 ἐϐούλετο

2136 635 2605 713 εὐκαταφρόνητος
2637 641 2869 713 φανῆναι
2923 636 3003 705 τῷ
3052 629 3363 710 χιλιάρχῳ.
3398 628 3462 685 Εἰ
3495 628 3601 705 γὰρ
3630 626 3792 691 αὐτὸς

2139 725 2232 797 μὲν
2268 722 2516 804 ἐφείσατο
2551 722 2821 798 μαστίξαι,
2855 722 2930 785 ὡς
2984 718 3051 789 δὴ
3108 724 3224 781 τοῖς
3257 715 3545 779 Ἰουδαίοις
3577 715 3794 773 ἐκδίδο-

2137 825 2256 879 σθαι
2293 813 2568 887 μέλλοντα
2599 814 2701 870 ὑπὸ
2732 818 2841 868 τῶν
2875 811 3097 866 οἰκετῶν
3127 809 3440 877 τύπτεσθαι,
3477 807 3693 880 μᾶλλον
3727 807 3792 862 ἂν

2135 902 2334 958 ἐκεῖνον
2368 903 2688 979 θρασύτερον
2740 901 3046 977 εἰργάσατο.
3098 901 3277 955 Τοῦτο
3303 893 3361 951 δὲ
3393 895 3523 970 οὐχ,
3554 894 3629 957 ὥς
3661 897 3792 975 φασί

2132 1013 2275 1056 τινες
2309 994 2442 1068 πρὸς
2473 993 2564 1048 τὸν
2594 989 2762 1047 παῖδα
2793 989 3153 1057 ἀποτείνεται,
3178 984 3324 1042 ἀλλά
3344 986 3481 1061 πρὸς
3513 983 3676 1041 αὐτὸν
3699 985 3795 1040 τὸν

2134 1081 2471 1156 ἐπιτάξαντα,
2506 1080 2575 1138 δι’
2615 1080 2645 1137 ὅ
2703 1079 3058 1155 ἀπολογεῖται
3111 1072 3327 1140 εῦθέως.
3366 1072 3544 1137 Εἰδὼς
3574 1076 3680 1151 γὰρ
3710 1075 3801 1130 ὅτι

2137 1172 2219 1230 δεῖ
2247 1174 2337 1230 καὶ
2370 1173 2542 1248 θυμὸν
2576 1169 2782 1227 δίκαιον
2822 1168 3223 1246 περιστέλλειν,
3282 1165 3372 1223 καὶ
3427 1166 3829 1244 ἀγανάκτησιν,

2137 1263 2348 1321 δικαίαν
2398 1263 2713 1333 καλύπτειν,
2772 1261 2957 1337 ὥσπερ
3018 1257 3419 1334 μεταμεληθεὶς
3473 1255 3644 1332 λέγει*
3678 1256 3806 1315 Οὐκ

2135 1351 2284 1430 ᾔδειν
2319 1353 2405 1410 ὅτι
2438 1352 2582 1410 ἐστὶν
2612 1353 2921 1430 ἀρχιερεὺς,
2973 1349 3153 1406 καίτοι
3210 1345 3389 1408 εἰδώς.
3430 1345 3631 1422 Ἔλεγε
3667 1346 3802 1424 γὰρ,

2136 1446 2232 1501 Καὶ
2268 1445 2330 1499 σὺ
2360 1444 2499 1520 κάθῃ
2532 1444 2729 1520 κρίνων
2764 1463 2833 1516 με
2878 1440 3016 1497 κατά
3061 1440 3153 1496 τὸν
3185 1437 3378 1511 νόμον.
3413 1435 3591 1494 Ἀλλά
3620 1455 3803 1512 προσ-

2134 1540 2370 1591 ποιεῖται
2403 1532 2625 1611 ἅγνοιαν
2681 1532 2744 1588 οὗ
2805 1531 3179 1608 βλάπτουσαν,
3209 1525 3336 1583 ἀλλ’
3367 1526 3798 1600 οἶκονομοῦσαν.

2134 1626 2285 1681 Ἐστι
2317 1624 2424 1700 γάρ
2474 1624 2567 1679 καὶ
2620 1623 3037 1698 μεταχειρισμῷ
3097 1619 3410 1694 χρήσασθαι
3442 1611 3801 1692 ἰσχυροτέρῳ

2132 1712 2462 1788 παρρησίας.
2535 1711 2814 1774 Πολλάκις
2884 1709 2990 1786 γάρ
3057 1705 3339 1784 παρῥησία
3406 1705 3502 1778 μὶν
3570 1702 3806 1780 ἄκαιρος

2059 1846 2103 1910 Β
2136 1799 2343 1876 ἔϐλαψε
2396 1805 2496 1873 τήν
2555 1801 2841 1873 ἀλήθείαν,
2931 1796 3364 1905 μεταχειρισμρς
3427 1792 3486 1850 δὶ
3518 1791 3803 1910 ἓεῦκαιρος

2262 1894 2273 1910 1
2326 1895 2350 1910 Λ
2550 1893 2562 1909 κ
2807 1890 2819 1910 1
3135 1886 3244 1910 Α’μ-
3277 1885 3300 1910 1
3324 1882 3425 1910 ⁵-...
3483 1885 3508 1910 2.
3550 1904 3567 1910 Α
3617 1883 3705 1910 ..-ἓ
3775 1907 3799 1910 __

2134 1894 2466 1970 κατώρθωσε
2510 1893 2573 1948 τὸ
2631 1890 3013 1968 προκείμενον.
3074 1913 3101 1941 ‹‹
3134 1886 3249 1945 Οὐκ
3276 1882 3450 1960 ᾔδειν,
3478 1880 3732 1961 ἀδελφοὶ,
3774 1907 3807 1935 ››

2136 1983 2226 2039 καὶ
2256 1984 2322 2039 τὰ
2351 1985 2494 2058 ἑξῆς.
2555 1981 2703 2044 Τινές
2761 2002 2888 2045 φασι
2951 1981 3029 2053 μὴ
3089 1974 3285 2032 εἰδέναι
3343 1975 3508 2030 αὐτὸν
3538 1974 3625 2030 ’ὁτι
3656 1970 3810 2028 ἐστὶν

2137 2072 2450 2149 ἀρχιερεὺς,
2483 2069 2572 2127 διὰ
2632 2074 2842 2146 μακροῦ
2901 2069 2996 2143 μὶν
3060 2063 3425 2130 ἐπανελθόντα
3457 2063 3682 2149 χρόνου,
3717 2063 3805 2136 μή

2141 2148 2542 2239 συγγενόμενον
2576 2157 2634 2215 δὲ
2693 2155 3003 2228 Ἰουδαίοις,
3059 2156 3274 2230 ὁρῶντα
3333 2149 3391 2206 δὲ
3439 2150 3600 2239 αῦτδν
3631 2148 3683 2205 ἐν
3717 2153 3809 2223 τῷ

2143 2237 2292 2325 μέσῲ
2326 2250 2463 2325 μετά
2512 2247 2744 2306 πολλῶν
2799 2247 3013 2322 ἐτέρων·
3065 2243 3166 2299 οὐκ
3220 2238 3303 2298 ἔτι
3332 2241 3438 2317 γὰρ
3468 2237 3640 2309 δῆλος
3671 2239 3741 2309 ἦν
3777 2239 3811 2295 6

2140 2340 2451 2416 ἀρχιερεὺς,
2483 2338 2711 2396 πολλῶν
2740 2334 2911 2393 ὄντων
2961 2335 3051 2391 καὶ
3106 2330 3402 2410 διαφόρων.
3434 2330 3514 2386 Δι’
3544 2349 3572 2384 ο
3604 2328 3679 2392 ὡς
3716 2329 3806 2402 μὴ

2141 2428 2300 2493 εἰδὼς
2360 2428 2605 2504 εὐλόγως
2661 2426 3017 2503 ἀπολογεῖται
3075 2424 3150 2486 ὡς
3207 2419 3541 2496 κατηγορίας
3600 2416 3806 2492 οὔσης,

2141 2519 2231 2575 καὶ
2262 2517 2468 2592 ἐπάγειο
2529 2519 2812 2596 ’Ἄρχοντα
2869 2517 2966 2571 τοῦ
3025 2511 3162 2569 λαοῦ
3221 2530 3317 2565 σου
3377 2508 3477 2564 οὐκ
3526 2505 3667 2582 ἐρεῖς
3695 2527 3806 2562 κα-

2140 2629 2251 2671 κως
2260 2650 2274 2664 .

377 2708 543 2747 mum
570 2709 700 2748 esse
734 2693 1123 2761 sacerdotem,
1159 2696 1295 2750 cum
1353 2694 1527 2750 multi
1571 2702 1774 2752 essent
1803 2713 1871 2753 ac
1896 2699 2063 2755 varii.
2118 2699 2439 2773 PrOpterea
2465 2697 2923 2764 rationabiliter,
2957 2701 3021 2751 ut
3044 2694 3146 2766 qui
3201 2708 3324 2748 non
3371 2688 3632 2755 sciverit,
3685 2703 3790 2742 re-

370 2782 625 2854 spondet
655 2783 823 2853 quasi
846 2783 1074 2839 crimen
1105 2785 1200 2850 sit,
1234 2802 1303 2840 ac
1334 2785 1677 2858 subjungit:
1714 2786 1969 2859 Principi
2005 2790 2208 2863 populi
2236 2790 2320 2846 tui
2344 2806 2465 2845 non
2498 2787 2839 2845 maledices.

448 2870 602 2927 165
648 2872 848 2941 XXIII,
901 2874 1019 2927 6-7.
1047 2896 1075 2923 «
1110 2874 1314 2929 Sciens
1355 2880 1557 2931 autem
1616 2876 1833 2932 Paulus
1873 2878 2031 2948 quod

382 2976 502 3015 una
526 2976 664 3032 pars
722 2967 879 3016 esset
926 2962 1407 3029 Sadducworum,
1468 2970 1528 3020 et
1583 2965 1770 3021 altera
1824 2967 2032 3022 Phari-

380 3067 656 3122 smorum,
708 3053 1054 3109 exclamavit
1090 3054 1153 3109 in
1184 3055 1476 3110 concilio:
1513 3056 1629 3110 Viri
1659 3055 1894 3127 fratres,
1918 3074 2024 3130 ego

376 3140 716 3197 Pharisaaus
747 3158 900 3210 sum,
954 3143 1114 3198 ﬁlius
1150 3144 1433 3199 Pharisaei
1460 3161 1474 3199 :
1497 3145 1569 3200 de
1603 3161 1705 3217 spe
1737 3150 1796 3200 et
1825 3161 2025 3201 resur-

374 3231 641 3286 rectione
691 3238 1064 3288 mortuorum
1115 3249 1221 3306 ego
1270 3233 1530 3306 judicor.
1591 3236 1856 3306 Cumque
1915 3235 2028 3291 hoc

375 3319 643 3394 dixisset,
691 3321 847 3378 facta
904 3330 994 3377 est
1044 3323 1339 3379 dissensio
1390 3325 1548 3380 inter
1594 3326 1925 3383 Pharisaeos
1965 3343 2033 3382 ac

376 3412 751 3485 Sadducaeos,
787 3420 846 3469 et
874 3415 1132 3471 dissecta
1162 3420 1252 3471 est
1289 3417 1631 3473 multitudo.
1672 3442 1692 3467 -

452 3506 709 3561 Rursum
739 3506 1006 3561 humano
1038 3507 1214 3563 modo
1248 3508 1635 3577 disserit,nec
1666 3510 1886 3583 ubique
1908 3528 2034 3584 gra-

392 3594 489 3650 tiaa
522 3595 831 3651 commodo
861 3597 1096 3669 gaudet.
1128 3599 1198 3651 Et
1228 3598 1338 3653 hoc
1378 3605 1642 3671 tempore
1664 3617 1731 3656 ac
1759 3605 1895 3672 post
1923 3600 2037 3657 ista

387 3684 577 3741 voluit
606 3684 893 3742 dissidere
914 3686 1358 3744 multitudinem
1381 3706 1512 3761 qua)
1544 3689 1823 3747 adversus
1840 3692 2035 3764 ipsum

386 3792 639 3832 concors
670 3781 815 3832 erat.
849 3779 917 3832 Et
947 3793 1140 3849 neque
1173 3778 1284 3834 hoc
1324 3778 1456 3834 loco
1488 3781 1810 3837 mentitur:
1845 3782 2034 3853 siqui-

386 3865 521 3923 dem
555 3883 622 3923 ex
650 3867 1130 3940 progenitoribus
1161 3869 1497 3925 Pharisaeus
1530 3877 1674 3926 erat.

374 3954 377 3959 ”
449 3956 735 4025 ΧΧΙΙΙ,8,
768 3960 819 4013 9.
855 3981 881 4008 ‹‹
902 3957 1208 4013 Sadducaai
1241 3976 1502 4030 namque
1534 3959 1742 4016 dicunt
1761 3977 1882 4017 non
1906 3977 2035 4017 esse

378 4045 903 4113 resurrectionem,
976 4063 1171 4118 neque
1229 4048 1528 4120 angelum.
1602 4066 1798 4120 neque
1859 4050 2037 4121 spiri-

376 4141 525 4190 tum.
588 4136 873 4190 Pbarisazi
934 4142 1134 4191 autem
1194 4142 1447 4208 utraque
1496 4138 1877 4194 confitentur.
1935 4140 2036 4194 Fa-

376 4230 507 4279 ctus
539 4228 629 4279 est
658 4229 858 4279 autem
890 4223 1114 4279 clamor
1143 4241 1413 4297 magnus.
1445 4229 1711 4297 Cumque
1744 4227 2032 4282 surrexis-

377 4320 512 4369 sent
540 4312 759 4368 Scribas
794 4311 865 4367 de
913 4313 1173 4368 factione
1216 4314 1678 4381 Pharisaeorum,
1739 4316 2035 4389 depugna‘

377 4402 543 4471 bant,
577 4401 880 4457 dicentes:
915 4402 1072 4457 Nihil
1109 4402 1248 4457 mali
1278 4403 1617 4458 invenimus
1674 4405 1736 4460 in
1791 4404 2033 4461 homine

377 4496 515 4551 isto.
553 4518 574 4545 ι

453 4584 761 4641 δαόάαοωὶ
823 4601 959 4641 cum
1008 4585 1191 4640 crassi
1227 4588 1364 4654 sint,
1424 4588 1692 4643 fortassis
1736 4604 1814 4643 ne
1846 4589 2033 4643 Deum

379 4676 620 4749 quidem
653 4681 1037 4749 cognoscunt,
1092 4675 1249 4731 unde
1304 4693 1501 4748 neque
1559 4677 1800 4734 credere
1830 4678 2036 4734 volunt

376 4766 880 4822 resurrectionem
903 4781 1055 4821 esse.
1078 4787 1104 4814 ιι
1141 4766 1423 4821 Pharisaei
1456 4783 1590 4823 vero
1621 4774 1872 4839 utraque
1890 4785 2030 4824 con-

375 4856 641 4912 fitentur.
670 4855 897 4926 »Διᾳυὶ
944 4855 1059 4910 tria
1112 4860 1300 4911 sunt:
1336 4858 1634 4927 quomodo
1692 4874 1829 4931 ergo
1887 4858 2033 4913 dicit

375 4945 657 5019 ἀμφότερα
673 4946 825 5001 ?Aut
854 4944 1010 5016 quod
1040 4945 1316 5016 spiritum
1331 4947 1683 5020 etangelum
1698 4965 1883 5004 unum
1897 4964 2027 5005 esse

371 5036 535 5102 dicit,
570 5040 672 5091 aut
715 5035 875 5107 quod
921 5034 1100 5089 dictio
1130 5033 1435 5111 ἀμφότερα,
1482 5053 1604 5092 non
1642 5038 1836 5093 solum
1871 5038 2029 5095 circa

371 5125 486 5181 duo
519 5126 779 5194 ponitur,
801 5124 940 5179 licet
964 5124 1075 5179 hoc
1104 5124 1340 5197 prOpric
1374 5126 1691 5196 significet,
1709 5127 1813 5183 sed
1846 5129 2022 5183 etiam

369 5218 440 5273 de
474 5216 685 5271 tribus.
738 5218 940 5285 Itaque
970 5231 1090 5269 non
1135 5220 1369 5285 oportet
1407 5215 1480 5270 ab
1532 5223 1775 5272 externa
1805 5226 2023 5275 exacta:

370 5305 752 5378 proprietatis
825 5304 1298 5374 perscrutatione
1356 5304 1630 5377 judicare
1700 5308 2023 5380 scripturas

372 5395 735 5466 simplicium
768 5398 945 5464 atque
976 5393 1395 5449 illiteratorum
1426 5395 1810 5466 piscatorum.

445 5483 650 5552 XXIII,
684 5483 829 5538 9-11.
858 5506 883 5531 «ι
934 5481 993 5536 Si
1026 5488 1218 5537 autem
1271 5483 1515 5554 spiritus
1561 5484 1794 5542 locutus
1826 5492 1916 5542 est
1966 5488 2020 5544 ei

374 5581 478 5633 aut
506 5573 772 5648 angelus,
801 5588 877 5627 ne
923 5587 1326 5643 repugnemus
1373 5573 1514 5629 Deo.
1546 5575 1617 5629 Et
1645 5574 1785 5631 dum
1809 5593 2023 5651 magna

376 5667 589 5729 seditio
620 5670 824 5721 coorta
875 5667 1052 5731 esset,
1112 5663 1331 5718 veritus
1376 5664 1649 5722 tribunus
1692 5684 1766 5723 ne
1808 5668 2023 5725 discer-

2222 2900 2244 2930 ι
2278 2876 2441 2941 Γνοὺς
2499 2873 2558 2934 δὲ
2609 2878 2638 2933 ὁ
2696 2873 2913 2936 Παῦλος
2970 2872 3056 2928 ὅτι
3111 2867 3167 2927 ’ἐν
3228 2870 3392 2945 μέρος
3419 2866 3532 2923 ἐστὶ
3562 2861 3796 2922 Σαδδου-

2140 2969 2329 3038 καίων,
2363 2969 2426 3025 τὸ
2458 2966 2517 3024 δέ
2573 2968 2764 3043 ἅτερον
2825 2962 3157 3041 Φαρισαίων,
3218 2959 3431 3036 ἔκραξεν
3479 2956 3531 3014 ἐν
3561 2960 3641 3029 τῷ
3669 2975 3793 3010 συν-

2139 3057 2324 3133 εδρίῳ·
2393 3055 2588 3134 Ἀδρες
2646 3052 2899 3133 ἀδελφοῖ,
2957 3051 3064 3129 ἐγὼ
3131 3047 3429 3127 Φαρισαῖός
3500 3045 3638 3120 είμι,
3681 3043 3798 3105 υἱὸς

2141 3147 2467 3224 Φαρισαίου,
2528 3146 2651 3222 περὶ
2729 3142 2952 3207 ἐλπίδος
3026 3141 3119 3198 καὶ
3193 3137 3534 3198 ἀναστάσεως
3593 3135 3802 3224 νεκρῶν

2141 3222 2247 3313 ἐγῶ
2277 3239 2555 3315 κρίνομαι.
2619 3239 2796 3293 Τοῦτο
2855 3231 2912 3290 δὲ
2969 3231 3139 3288 αὐτοῦ
3196 3229 3558 3315 λαλήσαντος,
3590 3222 3802 3315 ἐγένετο

2143 3311 2325 3390 στάσις
2392 3332 2498 3384 τῶν
2565 3324 2878 3399 Φαρισαίων
2939 3322 3031 3377 καὶ
3094 3324 3201 3376 τῶν
3260 3313 3642 3374 Σαδδουκαίων
3700 3311 3798 3368 καὶ

2142 3417 2369 3493 ἐσχίσθη
2398 3419 2461 3473 τὸ
2492 3416 2727 3487 πλῆθος.
2756 3438 2784 3467 ››

2215 3506 2385 3564 Πάλιν
2445 3505 2799 3582 ἀνθρωπίνως
2857 3500 3189 3578 διαλέγεται,
3242 3496 3333 3553 καὶ
3392 3493 3454 3552 οὖ
3508 3495 3796 3582 πανταχοῦ

2142 3606 2241 3669 τῆς
2311 3599 2540 3675 χάριτος
2606 3594 2897 3653 ἀπολαύει.
2953 3591 3061 3649 Καὶ
3117 3589 3169 3646 ἐν
3232 3588 3435 3661 τούτῳ,
3499 3582 3591 3640 καὶ
3662 3581 3801 3686 μετά

2140 3694 2306 3748 ταῦτα
2338 3687 2616 3760 ἐϐουλήθη
2651 3686 2839 3763 σχίσαι
2868 3686 2931 3741 τὸ
2971 3682 3188 3752 πλῆθος
3217 3681 3281 3735 τὸ
3311 3680 3493 3737 κακῶς
3525 3675 3797 3748 ὁμονοοῦν

2141 3783 2259 3838 κατ’
2315 3780 2499 3836 αὐτοῦ.
2555 3779 2653 3835 Καὶ
2712 3776 2775 3833 οὗ
2832 3771 3086 3851 ψεύδεται
3143 3768 3270 3827 οὐδὲ
3327 3764 3573 3831 ἐνταῦθα’
3623 3769 3800 3838 Φαρι-

2145 3878 2295 3935 σαῖος
2327 3871 2429 3948 γὰρ
2444 3872 2523 3938 ’ἧν
2554 3868 2615 3925 ἐκ
2642 3869 2946 3945 προγόνων.

2220 3988 2240 4014 α
2281 3942 2647 4016 Σαδδουκαῖοι
2832 3955 2936 4033 γὰρ
2995 3952 3242 4030 λέγουσι,
3290 3949 3366 4022 μὴ
3398 3948 3537 4002 εἶναι
3568 3942 3800 4033 ἀνάστα-

2145 4077 2245 4127 σιν,
2280 4051 2423 4128 μηδὲ
2473 4050 2731 4129 ἄγγελον,
2793 4051 2933 4122 μήτε
2983 4049 3217 4118 πνεῦμα.
3251 4042 3540 4129 Φαρισαῖοι
3573 4032 3629 4090 δέ
3654 4034 3799 4129 δμο-

2144 4119 2375 4218 λογοῦσι
2420 4141 2488 4196 τὰ
2521 4119 2841 4219 ἀμφότερα.
2896 4136 3141 4212 Ἐγένετο
3200 4128 3258 4187 δὲ
3311 4128 3522 4206 κραυγὴ
3560 4119 3799 4219 μεγάλη,

2142 4216 2239 4289 καὶγ
2293 4216 2643 4293 ἀναστάντες-
2684 4230 3031 4304 γραμματεῖς
3099 4226 3198 4279 τοῦ
3260 4218 3457 4295 μέρους
3515 4216 3628 4272 τῶν

2146 4320 2391 4398 ρισαίων,
2451 4301 2806 4395 διεμάχοντο
2844 4315 3115 4391 λέγοντες⁶
3175 4308 3348 4371 Οὐδὲν
3414 4307 3579 4364 κακὸν
3647 4301 3802 4377 εὑρί-

2142 4433 2341 4487 σκομεν
2374 4409 2426 4466 ἐν
2461 4409 2540 4484 τῷ
2565 4409 2834 4486 ἀνθρώπῳ
2860 4404 3060 4478 τούτῳ,
3098 4427 3120 4456 ι

2217 4588 2578 4648 Σαδδουκαῖοι
2607 4608 2805 4664 παχεις
2837 4588 2980 4647 τινες
3009 4580 3182 4648 ὄντες,
3203 4579 3352 4657 τάχα
3379 4571 3511 4631 οὗδὶ
3537 4571 3631 4664 τδν
3663 4567 3803 4664 Θεδν

2144 4679 2341 4739 ἴσασιν.
2369 4681 2527 4737 ’Όθεν
2590 4658 2727 4734 οὐδέ⁷
2767 4675 3055 4732 ἀνάστασιν
3090 4668 3390 4748 βούλονται
3417 4661 3688 4720 πιστεύειν
3721 4658 3804 4713 εἴ-

2141 4792 2251 4826 ναι.
2280 4795 2307 4822 ‹‹
2342 4773 2633 4844 Φαρισαῖοι
2666 4764 2725 4822 δὶ
2782 4763 3123 4840 ὁμολογοῦσι
3179 4760 3245 4814 τὰ
3298 4754 3600 4831 ἀμφότερα.
3694 4748 3803 4844 [Sal

2144 4862 2251 4936 μὴν
2279 4860 2404 4937 τρία
2431 4838 2566 4917 ἐστί.
2600 4862 2722 4921 Πῶς
2782 4838 2872 4914 οῦν
2931 4838 3100 4930 λέγει,
3135 4877 3162 4905 (ι
3196 4847 3545 4937 Ἀμφότερα;
3580 4839 3675 4937 »ᾗ
3707 4838 3802 4937 ὅτι

2138 4928 2353 5026 πνεῦμα
2382 4951 2470 5006 καὶ
2504 4946 2736 5026 ἄγγελον
2769 4945 2822 5003 ἔν
2882 4928 3068 5024 φησιν,
3124 4938 3160 5011 ἤ
3220 4938 3302 4995 ὅτι
3335 4940 3371 5007 ἡ
3405 4934 3548 5026 λέξις
3579 4930 3644 5026 ῥῦ
3679 4928 3801 5026 μό.-

2136 5061 2226 5097 νον
2256 5018 2380 5115 περὶ
2413 5035 2509 5094 δύο
2542 5018 2719 5115 λέγει,
2774 5018 2909 5110 ὅπερ
2963 5031 3166 5109 κυρίως
3200 5027 3368 5099 δηλοῖ
3394 5025 3545 5115 tog-xc
3579 5018 3803 5115 ᾊμφέ-

2134 5150 2284 5205 τερα,
2317 5109 2463 5186 ἀλλά
2513 5109 2634 5184 καὶ,
2662 5126 2785 5201 περὶ
2840 5109 3028 5199 τριῶν.
3085 5122 3249 5175 Ὥστε
3280 5116 3370 5172 οὗν
3404 5112 3466 5169 οὐ
3497 5109 3580 5167 δεῖ
3603 5109 3662 5164 ἐκ
3689 5111 3800 5176 τῆς

2135 5201 2325 5290 ἔξωθεν
2402 5213 2797 5293 ἀκριϐολέκτοῦ
2858 5214 3184 5291 κυριότητος
3250 5206 3455 5282 κρίνειν
3520 5201 3617 5263 τάς
3680 5201 3797 5252 τῶν

2133 5307 2324 5365 ἁπλῶν
2358 5308 2447 5364 καὶ
2479 5307 2856 5384 ἀγραμμάτων
2891 5303 3090 5361 ἀλιέων
3122 5297 3447 5376 συγγραφάς.

2207 5514 2235 5541 ‹‹
2271 5488 2329 5545 Et
2390 5484 2449 5543 δὲ
2506 5491 2715 5559 πνεῦμα
2773 5484 3041 5555 ἐλάλησεν
3100 5477 3340 5553 αὐτῷ,ἣ
3385 5467 3793 5559 ἄγγελοςημῆ

2131 5583 2521 5655 τεομαχῶμεν.
2578 5556 2811 5646 Πολλῆς
2867 5572 2925 5630 δὶ
2978 5569 3279 5649 γενομίνης
3312 5564 3580 5655 στάσεως,
3622 5556 3792 5655 εὖλαῖ

2134 5647 2417 5739 ϐηθεὶξό
2482 5665 2785 5744 χιλίαρχος
2854 5665 2932 5738 μή
2994 5647 3306 5733 διασπασθῇ
3377 5657 3404 5711 ὁ
3445 5651 3662 5713 Παῦλος
3696 5647 3791 5706 ὑπ’
