4112 6410
293 345 409 406 27⁵1

1385 340 1823 403 (ΕΟΗΜΕΝΠ
1869 339 2176 401 ἸΊΠΟΟιΕ
2215 342 2595 404 EPISCOPI.

3613 344 3732 402 278

302 473 502 542 αὐτῶν,
578 469 841 530 ικελευσε
918 475 983 529 τὸ
1069 472 1375 548 στράτευμα
1481 465 1784 542 καταϐῆναι
1864 470 1955 528 καὶ

2072 479 2314 545 peretur
2343 477 2562 532 Paulus
2595 476 2666 532 ab
2697 476 2866 548 ipsis,
2892 475 3075 547 jussit
3107 473 3330 530 milites
3357 475 3728 533 descendere

309 563 545 639 ἁρπάσαι
605 563 777 619 αὐτὸν
840 564 900 619 ἐκ
933 564 1100 637 μέσου
1157 561 1358 634 αὐτῶν,
1411 561 1556 640 ἂγειν
1601 583 1660 619 τε
1740 562 1820 625 εἷς
1873 566 1973 632 τὴν

306 647 702 728 παρεμϐολήν.
735 656 816 727 Τῇ
862 651 923 708 δὶ
973 653 1196 724 ἐπιούσῃ
1250 651 1404 707 νυκτὶ
1461 651 1682 714 ἐπιστὰς
1738 652 1889 725 αὐτῷ
1946 654 1974 707 6

301 742 532 817 Κύριος,
569 743 712 797 εἶπε·
775 743 995 818 Θάρσει,
1052 743 1260 798 Παῦλε.
1319 743 1410 804 Ὠς
1467 742 1571 817 γὰρ
1627 739 1974 816 διεμαρτύρω

295 832 361 886 τά
390 832 517 906 περὶ
550 833 689 904 ἐμοῦ
724 831 803 894 εἰς
834 831 1223 907 Ἰερουσαλὴμ,
1256 831 1433 893 οὕτως
1493 852 1550 886 σε
1605 828 1689 886 δεῖ
1745 831 1834 886 καὶ
1894 831 1972 894 εἷς

292 922 519 994 Ῥώμην
558 924 925 996 μαρτυρῆσαι.
959 946 989 974 ››

367 1036 395 1062 κ
428 1011 495 1067 Εἰ
533 1007 592 1065 δὲ
622 1016 840 1084 πνεῦμα
865 1003 1138 1080 ¹ἐλάλησεν
1171 1009 1341 1080 αύτῷ.
1366 1035 1393 1062 ι)
1426 1014 1610 1089 Διχῶς
1643 1008 1755 1066 ἔστι
1777 1017 1971 1080 νοῆσαι

289 1101 355 1155 τὸ
385 1099 714 1176 εἰρημένον.
746 1105 814 1155 Ἣ
872 1101 976 1177 γὰρ
1029 1099 1205 1156 λείπει
1249 1121 1302 1155 τι
1356 1099 1502 1172 αύτῷ
1556 1101 1692 1175 πρὸς
1724 1099 1970 1171 ἀναπλή-

294 1209 470 1264 ρωσιν
503 1195 606 1246 τοῦ
638 1193 942 1263 νοήματος,
970 1188 1064 1245 ’ίνα
1171 1190 1367 1252 οὕτως·
1428 1189 1496 1247 El
1555 1188 1613 1244 δὲ
1665 1194 1878 1263 πνεῦμα
1931 1191 1968 1261 ἢ

289 1277 535 1352 ἅγγελος
570 1276 845 1349 ἐλάλησεν
893 1279 1066 1352 αύτῷ,
1122 1275 1356 1347 ἄδηλον,
1393 1277 1578 1354 φησίνο
1639 1277 1674 1347 ἢ
1728 1278 1803 1341 ὡς
1863 1281 1969 1336 ἀπὸ

286 1373 398 1423 τῶν
434 1368 759 1444 Φαρισαίων
785 1370 848 1423 τὸ
881 1369 1034 1442 ῥῆμα
1086 1367 1328 1424 λεκτέον
1364 1366 1423 1424 Εἰ
1474 1365 1531 1423 δὲ
1585 1372 1804 1441 πνεῦμα
1836 1367 1966 1424 ἐλά-

285 1455 460 1527 λησεν
491 1457 644 1530 αύτῷ
678 1457 713 1527 ἤ
746 1455 1003 1535 ἅγγελος,
1038 1458 1152 1512 ἀντὶ
1184 1461 1303 1525 τοῦ,
1355 1456 1494 1513 Ἰδοὺ
1551 1457 1616 1511 τὰ
1663 1457 1787 1532 περὶ
1843 1458 1963 1512 ἀνα.

293 1547 529 1609 στάσεως
566 1545 777 1614 λαλῶν,
804 1544 978 1612 δῆλός
1010 1545 1154 1602 ἐστιν
1195 1546 1232 1616 ἢ
1284 1544 1374 1601 διὰ
1433 1547 1748 1619 Πνεύματος
1779 1547 1962 1621 ἁγίου,

296 1634 428 1706 ἤὸΰ
473 1635 712 1712 ἀγγέλου
767 1636 1118 1716 κατηχηθείς
1174 1637 1267 1692 τὸν
1325 1643 1426 1707 τῆς
1487 1636 1830 1698 ἀναστάσεως
1864 1634 1961 1692 λό-

307 1746 430 1800 γον.

904 1910 1165 1965 ΚΕΦΑΛ.
1226 1907 1345 1964 ΛΔ’.

308 1994 435 2068 Περὲ
472 1990 794 2069 ἐπιϐουλῆς
879 1993 1281 2069 μελετωμένης
1329 1997 1432 2052 ὑπὸ
1493 1994 1770 2052 Ἰουδαίων
1820 1998 1956 2052 κατὰ

370 2066 615 2144 βαηξλου,
682 2067 773 2123 καὶ
857 2066 1145 2144 μηνύσεως
1229 2068 1396 2144 αύτῆς
1513 2071 1650 2144 προς
1736 2069 1951 2144 ᾼυσίαν·

370 2090 615 2136 ιιαυιιου,
682 2090 773 2123 και
902 2090 1145 2138 ηνυσεως
1229 2090 1396 2138 αυτης
1513 2090 1650 2144 προς
1736 2090 1951 2124 Λυσιαν-

362 2136 417 2220 ἐν
448 2139 614 2220 ᾦςότι
672 2090 1037 2220 παρεπέιμφθη
1102 2142 1129 2195 6
1189 2138 1403 2220 Παῦλος
1458 2141 1816 2220 τῷςῆγεμόνι
1878 2141 1953 2202 εἰς

359 2211 688 2338 Κὲισάρειαν
754 2211 952 2286 ’μετόί
1030 2211 1388 2288 στρατιωτῶν
1491 2211 1578 2267 καὶ
1639 2211 1650 2216 ’
1695 2211 1956 2289 γραμμα-

359 2303 524 2338 των.

358 2303 502 2338 τεων
511 2327 524 2340 .

351 2397 381 2425 ιι
446 2373 760 2446 Γένομενης
818 2370 874 2429 δὶ
941 2374 1150 2448 ἡμέρας
1185 2421 1199 2442 ,
1257 2375 1584 2445 ποιήσαντές
1649 2394 1786 2436 τινες
1843 2376 1950 2428 τῶν

275 2459 567 2517 Ἰουδαίων
639 2464 970 2543 συστροφὴν,
1053 2463 1440 2537 ἀνεθεμάτισαν
1528 2463 1774 2532 ἑαυτοὺς,
1863 2461 1956 2517 λέ-

281 2570 502 2626 γοντες,
539 2554 686 2625 μήτε
740 2557 960 2628 φαγεῖν,
1024 2555 1162 2626 μήτε
1221 2558 1384 2621 πιεῖν,
1435 2548 1538 2614 ἓως
1589 2551 1652 2607 οὗ
1708 2552 1958 2608 ἀποκτεί-

278 2661 417 2696 νωσι
449 2641 546 2696 τὸν
585 2640 823 2697 Παῦλον.
857 2643 1030 2700 Ἦσαν
1062 2639 1119 2697 δὲ
1168 2641 1394 2705 πλείους
1448 2641 1846 2714 τεσσαράκοντα
1903 2642 1954 2697 οἱ

285 2730 498 2801 ταύτην
605 2731 708 2800 τήν
815 2732 1159 2805 συνωμοσίαν
1269 2732 1652 2802 πεποιηκότες.
1745 2732 1954 2795 Οἳτινες

285 2818 698 2895 προσελθόντες
785 2827 903 2884 τοῖς
980 2821 1292 2897 ἀρχιερεῦσι
1341 2821 1432 2876 καὶ
1483 2826 1598 2884 τοῖς
1657 2818 1953 2892 πρεσϐυτέ-

287 2928 404 2984 ροις
508 2910 690 2965 εἶπον·
780 2910 1105 2984 Ἀναθέματι
1195 2911 1652 2986 ἀνεθεματίσαμεν
1731 2912 1953 2972 ἑαυτοὺς

297 2997 536 3072 μηδενὸς
590 2999 887 3074 γεύσασθαι
944 2996 1047 3063 ἕως
1107 3000 1170 3055 οὗ
1210 3001 1618 3074 ἀποκτείνωμεν
1662 3001 1755 3056 τὸν
1818 3005 1958 3055 Παῦ-

297 3087 416 3148 λον,
469 3092 589 3149 Νῦν
645 3091 739 3145 οὗν
791 3091 945 3163 ὑμεῖς
995 3089 1323 3169 ἐμφανίσατε
1373 3095 1453 3164 τῷ
1509 3091 1800 3171 χιλιάρχῳ
1863 3090 1953 3146 καὶ

283 3183 363 3252 τῷ
421 3177 722 3255 συνεδρίῳ,
789 3180 940 3244 ’ὁπως
1002 3181 1188 3257 αὔριον
1257 3181 1418 3236 αὐτὸν
1475 3180 1752 3256 καταγάγῃ
1815 3181 1953 3255 πρὸς

277 3271 456 3341 ἡμᾶς,
507 3268 588 3330 ὡς
645 3267 949 3342 μέλλοντας
1007 3267 1382 3346 διαγινώσκειν
1440 3265 1820 3346 ἀκριϐέστερον
1888 3269 1956 3324 τὰ

278 3360 407 3433 περῖ
471 3357 667 3414 αὐτοῦ.
738 3359 934 3433 Ἡμεῖς
1005 3355 1064 3414 δὶ
1130 3360 1237 3434 πρὸ
1319 3363 1416 3415 τοῦ
1499 3357 1707 3434 ἐγγίσαι
1767 3359 1952 3428 αὐτὸν,

274 3446 503 3520 ’ἕτοιμοί
569 3446 733 3520 ἐσμεν
789 3453 884 3504 τοῦ
942 3447 1154 3504 ἀνελεῖν
1205 3448 1392 3506 αὐτόν.
1477 3447 1741 3510 Ἀκούσας
1801 3445 1858 3503 δὲ
1924 3449 1952 3503 6

277 3537 404 3598 υἱὸς
439 3544 543 3606 τῆς
577 3535 824 3617 ἀδελφῆς
884 3536 1107 3594 Παύλου
1162 3539 1226 3593 τὸ
1283 3532 1516 3611 ἔνεδρον,
1572 3539 1954 3614 παραγενόμε-

289 3650 391 3690 νος
452 3631 548 3684 γαὶ
613 3629 870 3686 εθσελθὼν
919 3629 996 3691 ε’ς
1051 3629 1150 3698 τήν
1207 3621 1592 3703 παρεμϐολήν,
1642 3625 1955 3702 ἀπήγγειλε

301 3724 392 3790 τῷ
422 3719 645 3791 Παύλῳ.
672 3720 1190 3797 ιιροσκαλεσάμενος
1233 3717 1290 3774 δὲ
1347 3721 1375 3774 6
1426 3717 1644 3781 Παῦλος
1699 3715 1791 3774 ἕνα
1847 3723 1955 3774 τῶν

298 3809 738 3886 ἑκατοντάρχων,
808 3805 935 3889 ἔφη·
999 3810 1107 3868 Τὸν
1170 3809 1378 3865 νεανίαν
1460 3806 1652 3864 τοῦτον
1713 3807 1955 3884 ἀπάγαγε

294 3900 448 3972 πρὸς
475 3899 568 3954 τὸν
599 3898 912 3976 χιλίαρχον·
975 3893 1092 3956 ἔχει
1159 3897 1264 3974 γάρ
1308 3919 1360 3954 τι
1403 3895 1735 3973 ἀπαγγεῖλαι
1783 3896 1951 3970 αὐτῷ.

294 3989 358 4045 Ὁ
390 3989 493 4060 μὲν
550 3989 643 4043 οὖν
691 3985 1021 4064 παραλαϐὼν
1073 3989 1236 4044 αὐτὸν
1295 3987 1470 4064 ἤγαγε
1523 3988 1662 4062 πρὸς
1710 3988 1802 4042 τὸν
1861 3984 1956 4062 χι-

277 4077 556 4154 λίαρχον,
617 4079 711 4134 καί
760 4099 944 4158 φησιν·
1017 4078 1080 4136 ’0
1153 4075 1376 4150 δέσμιος
1439 4075 1654 4140 Παῦλος
1711 4096 1954 4151 προσκα-

282 4165 601 4239 λεσάμενός
665 4189 754 4240 με,
805 4168 1062 4243 ἠρώτησε
1133 4170 1326 4222 τοῦτον
1386 4166 1475 4220 τὸν
1553 4167 1765 4221 νεανίαν
1824 4166 1953 4242 ἀγα-

281 4263 404 4332 γεῖν
441 4258 586 4331 πρὸς
617 4257 677 4312 σε
707 4254 907 4332 ἔχοντά
945 4277 997 4312 τι
1062 4255 1304 4324 λαλῆσαί
1365 4277 1471 4312 σοι.
1517 4250 1955 4328 Ἐπιλαϐόμενος

275 4343 336 4400 δὲ
362 4353 472 4417 τῆς
506 4347 703 4422 χειρὸς
755 4345 916 4402 αὐτοῦ
975 4347 1003 4400 6
1062 4345 1390 4421 χιλίαρχος,
1452 4345 1541 4401 καί
1592 4344 1956 4420 ἀναχωρήσας

270 4439 403 4492 κατ’
440 4436 606 4508 ἰδίαν,
651 4436 1000 4504 έπυνθάνετο,
1061 4435 1132 4493 Τί
1190 4434 1333 4490 ἐστιν
1390 4437 1418 4491 6
1449 4431 1596 4510 ἔχεις
1629 4434 1958 4511 ἀπαγγεῖλαί

278 4547 405 4598 μοι.
443 4527 595 4584 Elite
626 4523 706 4595 δὲ,
738 4526 819 4580 ’ὁτι
853 4526 906 4580 οἱ
945 4521 1201 4582 Ἰουδαῖοι
1261 4525 1534 4580 συνέθεντο
1591 4521 1688 4578 τοῦ
1745 4523 1958 4598 ἐρωτῆ-

2083 570 2142 618 et
2166 581 2374 637 rapere
2406 582 2544 622 eum
2575 566 2647 620 de
2665 565 2861 620 medio
2897 581 3123 634 eorum,
3157 582 3223 620 ac
3264 564 3557 620 deducere
3589 583 3727 622 eum

2081 654 2142 708 in
2186 663 2398 711 castra.
2450 655 2734 727 Sequenti
2772 672 2905 710 vero
2959 659 3130 709 nocte
3182 655 3467 710 assistens
3500 655 3553 709 ei
3610 656 3730 711 Do-

2081 745 2280 800 minus
2327 747 2411 801 ait
2459 764 2470 800 :
2525 748 2684 801 Bono
2732 745 2933 801 animo
2980 751 3128 808 esto,
3181 744 3400 799 Paule:
3452 751 3518 800 ut
3567 745 3728 800 enim

2083 834 2431 891 testificatus
2462 852 2524 891 es
2575 835 2647 890 de
2695 853 2789 890 me
2831 833 3242 906 Jerosolymis.
3290 835 3373 889 sic
3407 839 3462 889 te
3495 839 3731 906 oportet

2079 928 2138 976 et
2167 925 2365 979 Roma:
2400 926 2726 980 testificari.
2762 947 2790 975 »

2153 1033 2180 1061 «
2231 1014 2288 1068 Si
2331 1021 2526 1069 autem
2575 1015 2819 1086 spiritus
2857 1014 3090 1069 locutus
3138 1018 3228 1068 est
3276 1013 3350 1069 ei.
3402 1034 3430 1063 »
3492 1012 3726 1084 Duplici

2077 1101 2254 1157 modo
2285 1103 2539 1176 intelligi
2581 1109 2775 1176 potest
2813 1102 2972 1174 quod
3021 1103 3245 1158 dictum
3279 1106 3386 1156 est.
3421 1103 3536 1156 Aut
3565 1102 3726 1157 enim

2077 1189 2244 1245 deest
2271 1192 2578 1263 quidpiam
2601 1193 2675 1248 ad
2708 1193 3019 1248 sententias
3073 1191 3494 1262 expletionem,
3545 1196 3611 1245 ut
3643 1191 3726 1245 ita

2076 1279 2342 1335 dicatur:
2378 1282 2531 1337 166
2571 1282 2625 1335 Si
2657 1288 2856 1336 autem
2885 1281 3139 1352 Spiritus
3163 1285 3264 1335 aut
3293 1279 3540 1351 angelus
3563 1279 3725 1335 locu-

2075 1373 2170 1424 tus
2199 1375 2289 1424 est
2331 1371 2404 1437 ei,
2450 1371 2746 1426 incertum
2792 1376 2900 1436 est,
2953 1369 3168 1440 inquit.
3223 1372 3338 1423 Aut
3384 1373 3728 1439 tanquama

2073 1459 2388 1516 Pharisaais
2439 1461 2760 1516 dicendum
2811 1466 2901 1515 est
2935 1476 3063 1515 esse
3103 1459 3388 1514 verbum:
3437 1459 3493 1513 Si
3524 1463 3724 1514 autem

2072 1551 2317 1623 spiritus
2348 1550 2436 1606 vel
2468 1551 2735 1623 angelus,
2771 1550 3004 1605 locutus
3032 1554 3123 1604 est
3153 1548 3205 1604 ei
3235 1565 3247 1602 :
3283 1549 3392 1602 hoc
3426 1552 3537 1614 est,
3571 1549 3719 1604 Ecce

2069 1657 2203 1712 quas
2253 1639 2324 1694 de
2366 1640 2805 1694 resurrectione
2856 1639 3122 1710 loquitur
3168 1637 3552 1694 manifestum
3604 1644 3714 1706 est,

2067 1731 2225 1802 quod
2248 1737 2351 1785 aut
2371 1746 2476 1801 per
2506 1731 2791 1802 Spiritum
2825 1735 3120 1796 sanctum,
3154 1734 3256 1784 aut
3283 1744 3390 1800 per
3432 1727 3712 1800 angelum

1986 1845 2032 1910 B
2067 1821 2335 1876 eruditus
2366 1821 2444 1875 sit
2471 1819 2925 1875 resurrectionis
2958 1834 3317 1875 sermonem.

2642 1911 2876 1965 CAPUT
2905 1909 3144 1964 XXXIV.

2064 2002 2138 2054 De
2169 1999 2390 2055 insidiis
2422 2000 2599 2054 Paulo
2631 1999 2920 2054 intentatis
2952 2015 2986 2053 a
3014 1999 3246 2060 Judaeis.
3276 2005 3328 2053 et
3353 1998 3504 2068 quod
3547 2000 3721 2067 Lysiae

2133 2073 2391 2126 indicata?
2422 2073 2534 2126 sint
2559 2088 2579 2131 ;
2624 2074 2682 2124 in
2716 2088 2825 2140 quo
2860 2077 3136 2124 narratur
3178 2069 3326 2139 quod
3373 2072 3721 2125 transmissus

2131 2145 2204 2197 sit
2230 2143 2440 2268 {gaulus
2463 2144 2760 2197 Caesaream
2796 2143 2870 2197 ad
2889 2142 3180 2212 prmsidem
3203 2157 3324 2196 cum
3344 2140 3620 2195 militibus
3666 2147 3723 2195 et

2132 2231 2238 2269 scr:
2280 2229 2345 2268 is.

2133 2376 2340 2442 XXIII,
2372 2377 2562 2432 12-35.
2600 2399 2628 2428 ι(
2659 2379 2832 2433 Facto
2864 2381 3062 2433 autem
3099 2377 3216 2444 die,
3249 2376 3620 2449 collegerunt
3651 2391 3714 2431 se

2063 2465 2306 2536 quidam
2357 2482 2428 2522 ex
2473 2466 2713 2536 Judaeis,
2762 2473 2820 2522 et
2865 2467 3228 2522 devoverunt
3286 2483 3370 2535 se,
3425 2465 3716 2533 dicentes,

2062 2571 2257 2626 neque
2289 2573 2495 2612 esuros
2529 2574 2612 2622 se,
2646 2573 2840 2628 neque
2873 2556 3189 2622 bibituros,
3240 2555 3430 2611 donec
3484 2554 3721 2611 occide-

2062 2649 2197 2701 rent
2227 2646 2498 2702 Paulum.
2535 2648 2716 2702 Erant
2747 2651 2945 2702 autem
2998 2645 3200 2718 plures
3254 2661 3433 2715 quam
3467 2643 3721 2716 quadra-

2062 2735 2225 2806 ginta
2253 2735 2361 2791 viri
2393 2736 2495 2807 qui
2540 2736 2695 2792 hanc
2742 2735 3218 2808 conjurationem
3261 2733 3566 2790 fecerant:
3621 2735 3722 2804 qui

2061 2830 2446 2880 accesserunt
2475 2825 2547 2881 ad
2578 2825 2882 2897 principes
2913 2823 3291 2880 sacerdotum
3324 2841 3392 2879 ac
3422 2823 3717 2892 seniores,

2065 2921 2122 2969 et
2186 2915 2504 2972 dixerunt:
2578 2917 2898 2972 Devotione
2965 2916 3304 2972 devovimus
3389 2932 3499 2970 nos
3565 2914 3720 2970 nihil

2061 3011 2399 3075 gustaturos
2448 3007 2639 3062 donec
2689 3008 3032 3063 occidamus
3063 3006 3334 3061 Paulum.
3367 3007 3531 3060 Nunc
3579 3019 3718 3076 ergo

2060 3111 2161 3150 vos
2210 3096 2542 3168 significate
2591 3097 2830 3153 tribuno
2881 3102 2940 3153 et
2979 3095 3256 3160 concilio,
3306 3100 3372 3149 ut
3401 3110 3532 3150 cras
3577 3109 3723 3164 pro-

2070 3185 2249 3240 ducat
2279 3185 2445 3241 illum
2475 3187 2549 3242 ad
2579 3205 2712 3256 nos,
2763 3193 3046 3257 tanquam
3097 3184 3325 3256 aliquid
3371 3183 3590 3239 certius
3621 3199 3717 3238 co-

2069 3273 2336 3345 gnituros
2384 3274 2456 3331 de
2506 3293 2596 3330 eo.
2643 3278 2756 3331 Nos
2802 3292 2938 3330 vero
2997 3275 3346 3346 priusquam
3394 3271 3716 3343 appropin-

2060 3368 2222 3434 quet,
2256 3364 2444 3435 parati
2479 3381 2684 3420 sumus
2714 3365 3052 3420 interficere
3084 3364 3275 3418 illum.
3310 3363 3575 3432 Cumque
3607 3375 3716 3416 au-

2060 3451 2246 3509 disset
2294 3453 2452 3510 ﬁlius
2503 3455 2724 3510 sororis
2773 3455 2940 3510 Pauli
2993 3453 3264 3518 insidias,
3318 3452 3482 3507 venit
3530 3455 3588 3505 et
3612 3451 3709 3505 in-

2062 3544 2236 3598 travit
2305 3549 2520 3612 castra,
2618 3545 3030 3614 nuntiavitque
3109 3542 3313 3598 Paulo.
3409 3540 3708 3596 Accersito

2062 3637 2259 3687 autem
2319 3633 2534 3689 Paulus
2580 3633 2654 3689 ad
2685 3651 2746 3689 se
2787 3651 2906 3689 uno
2960 3650 3031 3688 ex
3079 3630 3534 3688 centurionibus
3592 3629 3713 3684 ait:

2060 3720 2511 3778 Adolescentem
2581 3723 2738 3778 hunc
2783 3722 2976 3778 abduc
3025 3721 3099 3778 ad
3152 3722 3482 3789 tribunum,
3535 3719 3718 3776 habet

2065 3810 2226 3865 enim
2253 3811 2412 3882 quod
2443 3811 2873 3867 renuntietilli.
2909 3810 3091 3865 Etille
3123 3811 3368 3882 quidem
3400 3825 3716 3866 assumens

2065 3917 2201 3956 eum
2248 3900 2416 3956 duxit
2463 3901 2537 3958 ad
2596 3901 2922 3968 tribunum,
2953 3905 3011 3956 et
3056 3899 3170 3955 ait:
3223 3900 3465 3955 Vinctus
3497 3898 3718 3954 Paulus

2063 3991 2418 4046 accersitum
2453 4008 2546 4046 me
2576 3991 2818 4064 rogavit,
2839 3995 2905 4045 ut
2934 3991 3093 4045 hunc
3112 3990 3554 4046 adolescentem
3584 4004 3718 4059 per-

2065 4080 2345 4136 ducerem
2377 4081 2451 4136 ad
2483 4086 2538 4136 te
2570 4081 2889 4136 habentem
2937 4079 3168 4151 aliquid
3223 4079 3381 4151 quod
3434 4079 3718 4150 loquatur

2066 4170 2193 4225 tibi.
2264 4172 2649 4243 Apprehensa
2683 4177 2881 4227 autem
2949 4171 3224 4227 tribunus
3286 4186 3468 4226 manu
3531 4168 3718 4235 illius,

2067 4260 2313 4320 secessit
2340 4278 2475 4316 cum
2507 4278 2575 4316 eo
2609 4261 2858 4316 seorsim
2890 4265 2950 4316 et
2977 4262 3359 4332 percontatus
3389 4263 3479 4313 est
3507 4257 3717 4312 illum:

2066 4349 2215 4414 Quid
2247 4355 2336 4404 est
2364 4349 2523 4420 quod
2551 4349 2734 4405 habes
2766 4349 3224 4422 signiﬁcandum
3256 4347 3403 4402 mihi
3448 4345 3475 4401 ?
3506 4348 3581 4401 At
3613 4345 3717 4400 ille

2068 4436 2254 4506 dixit;
2288 4440 2436 4494 101
2471 4440 2655 4494 Judaei
2696 4439 3138 4494 constituerunt
3187 4438 3271 4493 uti
3321 4440 3602 4510 rogarent
3632 4439 3715 4504 te,

2069 4531 2135 4581 ut
2199 4530 2459 4585 crastino
2526 4529 2622 4585 die
2672 4529 2888 4585 educas
2958 4529 3204 4584 Paulum
3259 4528 3321 4582 in
3368 4527 3714 4596 concilium,

275 4614 372 4668 σαί
427 4636 508 4685 σε,
571 4615 724 4677 ’ὁπως
783 4611 969 4689 αὔριον
1028 4613 1104 4676 είς
1165 4614 1227 4668 τὸ
1288 4611 1564 4688 συνέδριον
1649 4612 1955 4689 καταγάγῃς

2072 4617 2234 4687 quasi
2269 4618 2495 4690 aliquid
2546 4619 2766 4674 certius
2817 4618 3161 4690 inquisituri
3218 4617 3340 4673 sint
3364 4617 3437 4672 de
3470 4616 3596 4671 illo.
3630 4616 3716 4669 Tu

275 4705 377 4760 τὸν
442 4702 688 4774 Παῦλον,
748 4705 821 4767 ὡς
884 4701 1180 4778 μέλλοντές
1258 4725 1310 4758 τι
1394 4697 1772 4780 ἀκριϐέστερον
1828 4722 1952 4757 πυν-

297 4794 563 4857 θάνεσθαι
605 4793 729 4869 περὶ
789 4794 976 4850 αὐτοῦ.
1034 4791 1110 4848 Σὺ
1174 4792 1265 4848 οὖν
1325 4795 1400 4867 μὴ
1459 4794 1685 4867 πεισθῇς
1744 4793 1952 4857 αὐτοῖς,

285 4881 680 4960 Ἑνεδρεύουσι
744 4883 852 4960 γὰρ
909 4884 1072 4940 αὐτὸν
1132 4881 1184 4954 ἐξ
1250 4884 1432 4938 αὐτῶν
1490 4880 1676 4958 ἄνδρες
1733 4881 1957 4938 πλείους

275 4975 710 5050 τεσσαράκοντα,
783 4972 979 5036 οἵτινες
1056 4971 1444 5046 ἀνεθεμάτισαν
1508 4972 1732 5035 ἑαυτοὺς
1815 4973 1954 5045 μήτε

284 5070 475 5144 φαγεῖν
532 5067 674 5139 μήτε
749 5069 896 5120 πιεῖν
972 5059 1074 5126 ἕως
1153 5062 1215 5118 οὗ
1295 5062 1558 5118 ἀνέλωσιν
1620 5061 1802 5118 αὐτόν’
1863 5063 1950 5117 καὶ

281 5159 373 5210 νῦν
398 5152 614 5229 ἕτοιμοί
664 5155 770 5212 εἰσι
834 5150 1272 5229 προσδεχόμενοι
1323 5153 1425 5220 τήν
1481 5153 1586 5208 ἀπὸ
1635 5155 1731 5207 σοῦ
1788 5150 1952 5226 ἔπαγ-

283 5243 480 5323 γιλίαν.
510 5248 564 5304 Ὀ
610 5248 716 5325 μὲν
754 5247 858 5302 οὖν
910 5241 1214 5319 χιλίαρχος
1282 5242 1519 5298 ἀπέλυσε
1575 5243 1666 5297 τὸν
1720 5241 1952 5310 νεανίαν,

277 5338 641 5421 παραγγείλας
710 5332 924 5412 μηδενῖ
987 5330 1312 5402 ἐκλαλῆσαι,
1376 5330 1460 5388 ὅτι
1544 5335 1709 5386 ταῦτα
1767 5330 1954 5404 ἐνεφά-

265 5417 606 5516 νισας-’πρός
670 5449 774 5508 με.
877 5420 1020 5516 Καῖμ
1063 5420 1582 5516 προσξαλεσάμενος
1650 5417 1746 5476 δύο
1802 5421 1952 5516 τινας

246 5536 346 5592 τῶν
403 5507 913 5596 ἑκατοντάρχων,
968 5507 1136 5566 εἶπεν·
1201 5513 1562 5586 Ἑτοιμάσατε
1619 5511 1952 5585 στρατιώτας

231 5625 584 5694 διακοσίους,
655 5611 840 5671 ὅπως
915 5602 1253 5675 πορευθῶσιν
1310 5599 1415 5662 ἓως
1477 5599 1818 5676 Καισαρείας,
1863 5598 1953 5654 καὶ

461 5684 955 5786 ἑϐἑομῆκοντα,
1017 5689 1106 5743 καὶ
1195 5684 1545 5759 δεξιολάϐους
1623 5687 1954 5762 διακοσίους»

2068 4722 2203 4761 vero
2269 4724 2344 4762 ne
2414 4707 2829 4778 persuadearis
2869 4707 2940 4762 ab
2993 4708 3097 4763 eis.
3149 4706 3516 4762 Insidiantur
3554 4704 3716 4759 enim

2068 4794 2154 4849 illi
2199 4811 2266 4850 ex
2317 4795 2402 4851 eis
2448 4796 2554 4850 viri
2607 4795 2808 4867 plures
2859 4795 3271 4868 quadraginta,
3328 4793 3429 4865 qui
3486 4794 3714 4865 seipsos

2067 4882 2424 4938 devoverunt
2469 4900 2544 4939 ne
2594 4885 2683 4940 vel
2732 4885 2930 4953 edant,
2981 4885 3066 4940 vel
3118 4883 3325 4940 bibant
3382 4883 3571 4939 donec
3619 4882 3716 4938 in-

2067 4974 2366 5029 terﬁciant
2427 4975 2618 5030 illum:
2689 4981 2747 5031 et
2803 4993 2961 5031 nunc
3026 4976 3219 5048 parati
3289 4980 3430 5030 sunt
3497 4990 3707 5045 exspe~

2067 5068 2296 5119 ctantes
2327 5067 2754 5136 utpromittas.
2789 5065 3082 5120 Tribunus
3109 5065 3289 5138 igitur
3328 5063 3550 5119 dimisit
3571 5063 3713 5119 ado-

2065 5152 2414 5222 lescentem,
2486 5155 2886 5227 praecepitque
2982 5155 3074 5209 ei:
3144 5156 3224 5209 Ne
3293 5154 3387 5209 cui
3457 5153 3714 5220 eﬂutias,

2066 5243 2366 5315 inquiens,
2396 5245 2555 5316 quod
2587 5245 2712 5300 hinc
2757 5244 3116 5299 iudicaveris
3175 5244 3342 5300 mihi.
3393 5245 3464 5298 Et
3511 5260 3716 5299 accer-

2067 5334 2197 5389 sitis
2263 5333 2496 5390 duobus
2555 5335 2912 5406 quibusdam
2985 5334 3456 5402 centurionibus,
3525 5332 3713 5388 dixit:

2065 5424 2275 5478 Parate
2323 5425 2544 5481 milites
2599 5425 2884 5479 ducentos
2954 5429 3020 5478 ut
3077 5430 3216 5479 eant
3264 5426 3615 5488 Cmsaream,
3660 5427 3718 5478 et

2067 5515 2297 5584 equites
2369 5515 2764 5587 septuaginta,
2830 5519 2888 5568 et
2955 5514 3289 5570 lancearios
3344 5514 3632 5569 ducentos
3682 5529 3718 5568 a

2069 5603 2246 5659 tertia
2284 5603 2430 5659 hora
2470 5604 2701 5659 noctis:
2771 5603 3129 5674 etjumenta
3197 5602 3477 5675 prmbete,
3505 5607 3570 5657 ut
3600 5601 3717 5656 im-

2066 5691 2328 5764 positum
2383 5692 2635 5748 Paulum
2685 5691 2910 5747 salvum
2959 5691 3290 5762 perducant
3335 5689 3407 5744 ad
3453 5687 3708 5744 Felicem
