4112 6420
402 383 522 444 2'10

1405 382 1813 444 COMMENT.
1860 385 1940 443 ΙΝ
1990 384 2188 445 ACTA
2238 388 2857 455 APOSTOLORUM.

3705 390 3829 450 280

407 519 746 593 praesidem,
817 518 1054 589 scriptis
1125 518 1342 574 litteris
1412 520 1474 574 in
1537 519 1828 575 formam:
1880 520 2053 575 Clau-

2193 521 2275 576 ιπὸ
2303 522 2491 598 τρίτης
2531 522 2677 601 ὥρας
2714 535 2815 598 τῆς
2859 527 3077 596 νυκτός,
3132 530 3302 598 κτήνη
3360 548 3419 583 τε
3449 532 3826 602 παραστῆσαι,

411 609 543 665 dius
582 609 779 679 Lysias
813 609 1069 665 maxime
1121 615 1362 665 strenuo
1387 610 1623 681 praesidi
1674 610 1851 667 Felici
1899 611 2053 666 salu-

410 705 549 753 tem.
588 698 788 752 Virum
820 698 979 753 hunc
1024 699 1521 772 comprehensum
1551 716 1583 755 a
1633 700 1871 767 Judaais,
1922 717 2058 756 cum

403 790 529 861 jam
590 795 751 845 esset
814 789 887 845 ab
947 790 1030 844 eis
1092 790 1563 858 interﬁciendus,
1630 792 2059 863 superveniens

411 896 545 935 cum
614 880 876 935 exercitu
945 881 1156 952 eripui,
1226 881 1459 955 cognito
1520 880 1677 953 quod
1755 884 2061 937 Romanus

410 974 601 1025 esset:
632 970 958 1040 volensque
999 970 1149 1024 scire
1176 988 1415 1026 causam
1465 970 1538 1025 ob
1589 987 1766 1042 quam
1817 987 2057 1026 accusa-

410 1063 546 1114 rent
601 1059 795 1126 illum,
842 1059 1058 1115 deduxi
1116 1076 1251 1115 eum
1299 1061 1361 1115 in
1409 1060 1730 1115 concilium
1771 1061 2058 1132 ipsorum.

412 1150 598 1215 Quem
648 1150 909 1222 comperi
972 1150 1235 1205 accusari
1288 1149 1360 1205 de
1431 1149 1864 1221 quaestionibus
1915 1150 2062 1223 legis

414 1255 642 1309 eorum,
674 1239 907 1294 nullum
939 1245 1137 1294 autem
1171 1239 1417 1312 dignum
1451 1243 1641 1299 morte
1676 1244 1777 1295 aut
1810 1239 2065 1295 vinculis

413 1328 641 1384 crimen
725 1327 1064 1383 habentem.
1143 1329 1408 1401 Cumque
1493 1329 1820 1385 indicatum
1907 1334 2066 1386 esset

414 1418 562 1475 mihi
595 1417 668 1473 de
699 1416 935 1473 insidiis
968 1434 1115 1489 quas
1146 1418 1234 1473 illi
1269 1424 1623 1491 paraverant
1668 1418 1875 1487 Judaei,
1926 1436 2064 1491 pro-

419 1508 579 1563 tinus
604 1506 739 1563 misi
770 1507 943 1562 illum
982 1507 1058 1563 ad
1103 1513 1181 1570 te.
1232 1514 1527 1580 praecepto
1571 1507 1706 1564 dato
1757 1509 1934 1564 etiam
1966 1526 2063 1565 ac-

417 1595 811 1657 cusatoribus.
840 1602 906 1652 ut
935 1614 1065 1668 qum
1096 1596 1319 1653 habent
1357 1598 1638 1654 adversus
1688 1615 1823 1654 eum
1869 1598 2069 1654 dicant

420 1685 575 1759 apud
628 1691 703 1741 te.
754 1686 912 1742 Vale.
963 1686 1177 1742 Milites
1225 1704 1385 1752 vero,
1427 1687 1600 1760 juxta
1639 1686 1797 1759 quod
1829 1687 1941 1743 sibi
1982 1688 2069 1742 in-

414 1776 691 1849 junctum
762 1781 910 1845 erat,
963 1783 1269 1848 receptum
1320 1776 1569 1833 Paulum
1616 1776 1913 1831 duxerunt
1962 1793 2071 1849 per

422 1871 657 1921 noctem
690 1865 1146 1937 Antipatridem.
1181 1868 1423 1921 Postero
1454 1872 1651 1921 autem
1677 1864 1774 1920 die
1805 1864 2068 1921 dimissis

423 1956 725 2027 equitibus
755 1961 822 2011 ut
851 1973 984 2011 cum
1018 1973 1086 2011 eo
1120 1956 1296 2025 irent,
1329 1956 1549 2012 reversi
1584 1961 1724 2012 sunt
1756 1955 1816 2010 in
1858 1962 2071 2011 castra.

422 2046 529 2111 Qui
598 2062 733 2101 cum
800 2045 1108 2100 venissent
1164 2046 1493 2101 Caesaream
1553 2062 1621 2100 ac
1688 2044 2079 2101 tradidissent

423 2134 662 2207 praesidi
710 2135 1046 2208 epistolam,
1100 2140 1438 2191 statuerunt
1488 2152 1687 2191 coram
1741 2152 1808 2191 eo
1836 2141 1894 2191 et
1924 2137 2074 2192 Pau-

422 2226 567 2282 lum.
602 2226 866 2298 Cumque
909 2226 1151 2298 legisset
1200 2242 1421 2298 praeses
1455 2233 1514 2282 et
1561 2227 1987 2300 interrogasset
2009 2245 2079 2284 ex

428 2331 545 2387 qua
591 2315 895 2387 provincia
944 2321 1121 2385 esset,
1181 2314 1283 2371 ubi
1347 2315 1718 2389 cognovisset
1784 2315 1942 2387 quod
2010 2332 2080 2371 ex

429 2404 671 2461 Cilicia:
749 2405 1000 2461 Audiam
1064 2410 1142 2473 te,
1217 2406 1435 2477 inquit,
1513 2421 1641 2462 cum
1708 2410 2081 2462 accusatores

434 2511 673 2567 quoque
704 2496 788 2550 tui
817 2495 1187 2566 advenerint,
1213 2495 1517 2568 jussitque
1569 2496 1631 2551 in
1666 2496 1944 2568 prdatorio
1971 2497 2083 2551 He-

433 2585 596 2641 rodis
626 2584 913 2642 custodiri
945 2602 1103 2643 eum.
1128 2613 1152 2637 ι.

2168 609 2255 663 ἳνα
2284 606 2694 678 ἐπιϐιϐάσαντες
2723 616 2817 671 τὸν
2875 618 3090 672 Παῦλον
3145 613 3458 672 διασώσωσι
3509 614 3644 691 πρὸς
3703 615 3827 685 Φή-

2174 696 2303 755 λικα
2359 702 2451 757 τὸν
2511 704 2779 780 ἡγεμόνα,
2835 706 3044 783 γράψας
3107 704 3407 775 ἐπιστολὴν
3459 703 3825 781 περιέχουσαν

2169 788 2261 843 τὸν
2320 791 2488 847 τύπον
2544 798 2760 850 τοῦτον·
2820 793 3094 859 Κλαύδιος
3147 794 3349 858 Λυσίας
3404 798 3487 867 τῷ
3555 792 3829 868 κρατίστῳ

2173 878 2411 955 ἡγεμόνι
2445 881 2656 953 Φήλικι
2713 884 2948 960 χαίρειν.
3008 884 3111 943 Τὸν
3172 882 3335 959 ἄνδρα
3389 887 3582 938 τοῦτον
3612 880 3830 953 συλλη-

2172 964 2368 1045 φθέντα
2424 972 2527 1027 ὑπὸ
2585 976 2693 1027 τῶν
2752 972 3053 1043 Ἰουδαίων,
3115 973 3205 1029 καὶ
3259 970 3537 1046 μέλλοντα
3593 971 3834 1047 ἀναιρεῖ-

2173 1059 2291 1112 σθαι
2325 1060 2417 1114 ὑπ’
2465 1061 2666 1131 αὐτῶν,
2723 1060 2944 1125 ἐπιστὰς
3008 1062 3101 1117 σὺν
3160 1067 3239 1136 τῷ
3285 1062 3646 1137 στρατεύματι
3703 1060 3838 1132 ἐξει-

2175 1143 2380 1221 λόμην,
2445 1151 2630 1223 μαθὼν
2710 1151 2793 1207 ὅτι
2843 1153 3102 1226 Ρωμαῖός
3157 1151 3288 1208 ἐστι.
3368 1150 3714 1224 Βουλόμενος
3776 1147 3840 1205 δὶ

2174 1240 2375 1312 γνῶναι
2434 1241 2534 1309 τήν
2594 1240 2796 1311 αἰτίαν,
2858 1238 2930 1297 δι’
2987 1241 3053 1312 ἤν
3103 1239 3391 1297 ἐνεκάλουν
3467 1239 3634 1314 αὐτῷ,
3702 1261 3838 1297 κατ-

2176 1327 2383 1402 ήγαγον
2442 1326 2601 1385 αὐτὸν
2662 1328 2740 1393 εἷς
2819 1331 2883 1387 τὸ
2941 1328 3220 1407 συνέδριον
3278 1331 3474 1388 αὐτῶν.
3523 1331 3622 1389 "Ov
3680 1330 3843 1406 εὗρον

2176 1414 2578 1493 ἐγκαλούμενον
2632 1422 2756 1497 περὶ
2817 1422 3151 1497 ζητημάτων
3231 1426 3328 1479 τοῦ
3385 1421 3561 1495 νόμου
3632 1420 3841 1491 αὐτῶν,

2181 1504 2352 1580 μηδὲν
2386 1505 2442 1563 δὲ
2472 1507 2621 1582 ἄξιον
2654 1513 2882 1567 θανάτου
2939 1511 2975 1581 ἤ
3027 1509 3240 1588 δεσμῶν
3298 1508 3555 1588 ἓγκλημα
3611 1508 3841 1587 ἔχοντα.

2182 1597 2535 1668 Μηνυθείσης
2594 1595 2650 1654 δέ
2705 1622 2798 1675 μοι
2832 1595 3137 1670 ἐπιϐουλῆς
3195 1600 3271 1662 εἷς
3323 1600 3415 1656 τὸν
3472 1597 3635 1675 ἄνδρα
3695 1596 3844 1673 μὲλ-

2180 1683 2294 1740 λειν
2356 1682 2568 1742 ἔσεσθαι
2621 1687 2729 1744 ἀπὸ
2775 1695 2881 1745 τῶν
2944 1686 3248 1763 Ἰουδαίων,
3308 1687 3534 1761 ἐξαυτῆς
3616 1682 3845 1763 ἔπεμψα

2178 1776 2317 1849 πρὸς
2350 1776 2429 1846 σὲ,
2488 1776 2868 1856 παραγγείλας
2936 1779 3028 1836 καὶ
3082 1784 3201 1844 τοῖς
3256 1779 3594 1857 κατηγόροις
3650 1776 3846 1856 λέγειν

2180 1864 2246 1920 τὰ
2275 1865 2415 1940 πρὸς
2446 1865 2610 1922 αὐτὸν
2640 1865 2729 1923 ἐπὶ
2788 1872 2907 1928 σοῦ.
2966 1867 3242 1945 Ἔρῥωσο.
3276 1870 3343 1926 Οἱ
3396 1868 3491 1942 μὲν
3522 1868 3613 1924 οὗν
3670 1888 3848 1944 στρα-

2182 1958 2378 2009 τιῶται
2418 1955 2553 2011 κατὰ
2603 1956 2667 2011 τὸ
2726 1954 3146 2035 διατεταγμένον
3208 1957 3419 2027 αύτοίς,
3474 1951 3849 2019 ἀναλαϐόντες

2184 2043 2274 2097 τὸν
2314 2041 2551 2116 Παῦλον,
2612 2045 2817 2122 ἤγαγον
2887 2042 2977 2100 διὰ
3033 2053 3135 2116 τῆς
3187 2046 3378 2109 νυκτὸς
3426 2046 3502 2109 είς
3560 2048 3659 2117 τήν
3716 2048 3850 2105 Ἀν-

2186 2130 2500 2204 τιπατρίδα.
2561 2136 2642 2209 Τῇ
2726 2132 2784 2190 δὲ
2840 2135 3095 2211 ἐπαύριον
3172 2134 3419 2198 ἐάσαντες
3476 2135 3603 2200 τοὺς
3655 2138 3853 2200 ἱππεῖς

2187 2220 2510 2296 πορεύεσθαι
2559 2222 2654 2278 σὺν
2709 2221 2878 2296 αὐτῷ,
2940 2221 3274 2299 ὑπέστρεψαν
3358 2223 3433 2288 εἰς
3515 2226 3617 2295 τήν
3702 2246 3854 2301 παρ-

2190 2306 2462 2385 εμϐολήν,
2525 2312 2721 2375 οἳτινες
2780 2310 3112 2374 εἰσελθόντες
3198 2313 3273 2376 εἰς
3340 2314 3440 2384 τὴν
3497 2315 3847 2391 Καισάρειαν,

2190 2401 2280 2455 καὶ
2312 2398 2595 2465 ἀναδόντες
2625 2404 2725 2473 τὴν
2781 2400 3082 2473 ἐπιστολὴν
3139 2407 3219 2475 τῷ
3279 2404 3538 2481 ἡγεμόνι,
3568 2403 3852 2480 παρέστη-

2194 2512 2286 2546 σαν
2340 2491 2431 2547 καὶ
2486 2492 2577 2547 τὸν
2636 2491 2858 2549 Παῦλον
2944 2491 3115 2565 αὐτῷ.
3178 2494 3469 2569 Ἀναγνοὺς
3518 2491 3575 2550 δί
3627 2496 3656 2550 6
3713 2497 3852 2572 ἡγε-

2199 2580 2335 2654 μὼν,
2412 2582 2500 2637 καὶ
2588 2579 2937 2657 ἐπερωτήσας
2995 2580 3056 2636 ἐκ
3136 2582 3299 2644 ποίας
3376 2582 3646 2662 ἐπαρχίας
3706 2584 3849 2658 ἐστὶ,

432 2673 525 2729 καὶ
556 2673 864 2747 πυθόμενος
892 2675 979 2729 ὃτι
1003 2674 1111 2730 ἀπὸ
1144 2672 1420 2745 Κιλικίας,
1456 2672 1826 2746 Διακούσομαί
1851 2693 1968 2744 σου,
2002 2668 2128 2749 ἔφη,
2160 2672 2287 2725 ’ὁταν
2315 2671 2407 2726 καὶ
2438 2672 2490 2726 oi
2528 2672 2827 2747 κατήγοροί
2879 2693 2977 2728 σου
3022 2673 3454 2749 παραγένωνται·
3513 2673 3765 2732 ἐκέλευσέ
3792 2696 3850 2733 τε

433 2764 596 2819 αὐτὸν
629 2762 682 2817 ἐν
707 2768 786 2836 τῷ
819 2763 1141 2838 πραιτωρίῳ
1167 2758 1418 2838 Ἡρώδου
1450 2759 1836 2839 φυλάσσεσθαι.
1872 2784 1900 2813 ι)

506 2855 661 2912 168
713 2877 741 2906 ι(
795 2853 1215 2927 Ἀνεθεμάτισαν
1260 2851 1504 2924 ἑαυτούς,
1558 2872 1582 2905 ι
1639 2854 1677 2908 i.
1732 2853 2097 2909 devoverunt
2278 2875 2305 2903 ι(
2341 2850 2758 2924 ’Δνεθεμάτισαν
2817 2852 3061 2922 ἑαυτοὺς,
3119 2878 3140 2904 ι
3201 2853 3476 2910 τουτέστιν
3552 2849 3653 2926 ἔξω
3708 2855 3843 2910 εἶναι

436 2948 685 3020 seipsos,
703 2947 815 3003 hoc
839 2952 949 3016 est,
984 2946 1267 3002 extraDei
1292 2945 1469 3002 ﬁdem
1499 2962 1631 3001 sese
1655 2961 1786 3001 esse
1812 2944 2082 3000 dixerunt

2201 2945 2302 3009 τῆς
2332 2941 2470 2995 κατά
2500 2940 2629 2997 Θεὸν
2686 2962 2921 3005 πιστεως
2981 2943 3129 2997 εἶπον
3186 2940 3435 3013 ἑαυτοὺς,
3469 2943 3516 2999 εἷ
3552 2944 3627 3017 μή
3680 2944 3843 3015 ποιή-

435 3037 551 3093 nisi
583 3036 880 3105 {facerent
910 3053 1041 3108 quae
1104 3035 1538 3108 judicaveraut.
1591 3035 1719 3089 Sive
1772 3050 1908 3107 ergo
1953 3049 2082 3105 pro-

2204 3050 2349 3085 σειαν
2375 3030 2443 3085 τὰ
2463 3026 2712 3101 δόξαντα.
2746 3030 2874 3089 Εἴτε
2925 3031 3024 3088 οὖν
3079 3030 3370 3108 ἐψεύσαντο
3419 3036 3520 3104 τὴν
3557 3033 3846 3113 ὑπόσχεσιν

437 3126 724 3181 missione
750 3126 1205 3192 frustrarentur,
1241 3124 1396 3179 sicut
1427 3124 1605 3179 etiam
1638 3121 1907 3178 frustrati
1927 3127 2082 3186 sunt,

2203 3121 2279 3182 ὡς
2332 3120 2423 3176 καὶ
2475 3118 2791 3195 ἐψεύσαντο,
2848 3121 3093 3196 ἀνάθεμά
3152 3123 3306 3179 εἰσιν·
3366 3123 3474 3179 εἶ’τε
3530 3124 3622 3179 καὶ
3682 3123 3854 3200 ἐξεγε-

436 3215 759 3273 anathema
790 3220 962 3270 erant
990 3231 1002 3269 :
1039 3215 1159 3270 sive
1192 3213 1372 3270 etiam
1399 3211 1886 3286 contigissetillis
1916 3217 2082 3267 utoc-

2200 3211 2346 3287 γόνει
2395 3209 2581 3273 αὐτοῖς
2640 3216 2920 3291 φονεῦσαι,
2979 3210 3145 3267 πάλιν
3199 3213 3275 3275 ὡς
3353 3218 3534 3294 φονεῖς
3614 3212 3855 3288 ἀνάθεμα

440 3305 733 3374 ciderent,
766 3321 974 3360 rursus
1001 3310 1103 3360 aut
1135 3304 1249 3376 ipsi
1280 3310 1564 3374 tanquam
1596 3302 1910 3357 homicidas
1941 3316 2082 3356 ana-

2202 3299 2428 3364 ἑαυτοὺς
2484 3287 2725 3370 ἐποίούν,
2782 3301 2909 3371 ἢτοι
2962 3302 2990 3357 ὁ
3047 3303 3199 3375 Θεὸς,
3254 3302 3301 3358 εί
3350 3287 3442 3358 καὶ
3490 3287 3856 3379 παρεσιώπων

445 3394 649 3451 thema
685 3411 815 3450 sese
841 3393 1204 3460 efﬁciebant,
1238 3397 1340 3447 aut
1370 3393 1526 3447 Deus
1555 3391 1705 3461 ipse,
1747 3405 2082 3461 quanquam

2201 3389 2252 3443 οἱ
2284 3389 2580 3465 ἀρχιερεῖς.
2615 3393 2729 3447 Τοῦ
2780 3390 3113 3465 ἀναθεματος
3164 3391 3256 3447 οὖν
3313 3388 3502 3448 δισσοῦ
3530 3391 3855 3467 νοουμένου,

446 3482 1240 3558 pontiﬁcesdissimularent.
1260 3482 1463 3552 Itaque
1485 3480 1704 3551 duplex
1736 3485 1825 3535 est
1854 3479 2095 3536 anathe-

450 3590 584 3630 ma:
616 3590 803 3629 unum
837 3572 1079 3645 quidem
1110 3578 1395 3642 tanquam
1422 3569 1699 3625 omnibus
1748 3576 1850 3625 aut
1888 3569 2094 3625 multis

444 3667 817 3721 inaccessum
844 3662 1075 3733 solique
1107 3662 1224 3717 Deo
1246 3661 1574 3733 repositum
1598 3677 1610 3714 :
1635 3659 1890 3715 alterum
1921 3658 2092 3731 quasi

445 3758 521 3815 ab
541 3757 703 3813 omni
723 3762 994 3812 creatura
1007 3754 1350 3825 sanctisque
1366 3752 1759 3825 potestatibus
1777 3752 2065 3808 intactum
2077 3792 2092 3820 ,

447 3853 506 3904 et
536 3865 570 3903 a
612 3849 730 3902 Deo
789 3846 1076 3911 alienum,
1135 3850 1419 3915 tanquam
1471 3842 1710 3898 diabolo
1740 3842 2092 3915 repositum,

443 3942 687 4012 propter
716 3936 1141 3992 alienationem
1182 3934 1340 3989 bono
1392 3932 1825 4004 impermistam
1854 3948 1867 3986 :
1901 3937 1961 3986 et
1987 3931 2095 3987 hu-

437 4026 705 4102 jusmodi
734 4042 895 4081 nunc
927 4023 1294 4080 anathemati
1329 4022 1388 4076 hi
1421 4038 1551 4076 sese
1584 4020 1929 4092 subjiciunt.
1974 4020 2095 4075 Hoc

445 4121 644 4172 autem
678 4114 893 4185 saapius
942 4130 1049 4185 per
1096 4110 1479 4183 epitasim,id
1523 4115 1631 4176 est,
1686 4109 2094 4164 intensionem

446 4205 563 4260 dici
590 4203 954 4260 arbitramur
972 4200 1271 4272 κατάθεμα,
1306 4200 1416 4254 hoc
1449 4204 1538 4254 est
1569 4198 1857 4270 rejectum
1887 4214 1900 4250 :
1934 4196 2095 4269 quod

449 4293 609 4351 enim
636 4290 977 4364 hujusmodi
1012 4296 1102 4345 est
1129 4306 1253 4344 non
1275 4288 1586 4359 reponitur
1615 4292 1719 4343 aut
1753 4286 2092 4359 deponitur,

448 4383 554 4442 sed
584 4381 873 4454 rejicitur,
899 4379 1135 4435 diabolo
1167 4378 1504 4451 subjectum
1538 4376 1736 4445 simul,
1773 4381 1831 4433 et
1859 4393 1994 4432 cum
2026 4392 2095 4434 eo

447 4473 937 4532 condemnatum.

1014 4560 1263 4634 ,CAPUT
1292 4558 1511 4615 xxxv.

2200 3484 2297 3534 τοῦ
2332 3479 2448 3552 μὲν,
2479 3479 2555 3543 ὡς
2581 3485 2699 3541 τοῖς
2752 3485 2913 3536 πᾶσιν
2970 3480 3007 3551 ἢ
3058 3479 3301 3546 πολλοῖς
3346 3481 3653 3562 ἀνεφίκτου,
3730 3485 3855 3555 Θεῷ

2200 3565 2257 3624 δὲ
2291 3568 2443 3642 μόνῳ
2499 3568 2906 3643 ἀνατιθεμένου,
2958 3575 3056 3626 τοῦ
3113 3569 3171 3626 δὲ
3217 3571 3292 3634 ὡς
3350 3571 3493 3647 πάσῃ
3551 3574 3620 3646 τῇ
3678 3572 3857 3628 κτίσει

2198 3657 2291 3713 καὶ
2365 3663 2484 3721 ταῖς
2570 3658 2747 3734 ἁγίαις
2824 3655 3115 3734 δυνάμεσιν
3181 3659 3480 3735 ἀψαύστου,
3558 3660 3651 3716 καὶ
3735 3667 3853 3736 Θεῷ

2199 3745 2521 3823 ἀλλοτρίου,
2579 3747 2655 3811 ὡς
2701 3752 2782 3820 τῷ
2830 3744 3079 3823 διαϐόλῳ
3160 3749 3538 3823 ἀνακειμένου,
3608 3748 3698 3807 διὰ
3752 3753 3854 3822 τήν

2199 3837 2378 3915 ἀμιγῆ
2408 3841 2506 3893 τοῦ
2536 3834 2711 3893 καλοῦ
2742 3837 3134 3915 ἁλλοτριωοιν,
3156 3839 3393 3913 τοιούτῳ
3422 3844 3514 3895 νῦν
3558 3841 3649 3897 καὶ
3705 3844 3857 3897 οὗτοι

2201 3922 2611 3983 ὑποϐάλλουσιν
2644 3926 2869 3991 ἑαυτοὺς
2926 3927 3242 4003 ἀναθέματι.
3289 3930 3454 3987 Τοῦτ’
3484 3928 3577 3985 οῦν
3631 3927 3858 3986 πολλά-

2199 4034 2284 4077 κις
2368 4014 2488 4069 κατ’
2569 4012 2811 4070 ἐπίτασιν
2884 4014 3133 4089 εἰρῆσθαι
3186 4016 3484 4092 νομίζομεν
3557 4017 3851 4091 κατάθεμα.

2200 4108 2292 4176 Τῷ
2322 4105 2427 4179 γὰρ
2458 4102 2572 4159 ὅντι
2601 4103 2665 4159 τὸ
2714 4108 2963 4159 τοιοῦτον
3025 4103 3126 4161 ούκ
3177 4106 3507 4177 ἀνατίθεται,
3562 4106 3706 4163 ἀλλὰ
3761 4126 3856 4161 κα-

2198 4192 2470 4249 τατίθεται
2519 4198 2599 4265 τῷ
2628 4188 2875 4266 διαϐόλῳ
2941 4194 3381 4269 ὑποταττόμενον
3433 4196 3525 4252 καὶ
3583 4215 3855 4274 συγκατα-

2200 4280 2572 4359 δικαζόμενον.

2812 4581 3072 4636 ΚΕΦΑΛ.
3126 4579 3253 4636 ΛΕ“.

450 4658 682 4716 Tertulli
711 4655 990 4712 accusatio
1021 4652 1280 4707 adversus
1304 4649 1562 4716 Paulum,
1595 4654 1647 4703 et
1661 4646 1834 4719 ipsius
1854 4647 1930 4702 ad
1948 4662 2082 4718 prae

2278 4665 2601 4744 Τερτύλλου
2631 4667 2755 4744 περὶ
2791 4665 3035 4744 ’Παύλου
3068 4688 3425 4744 ’κατηγορια,
3455 4670 3546 4725 καὶ
3607 4669 3778 4725 αύτοῦ

1044 4757 1215 4813 sidem
1241 4756 1507 4824 defensio.

515 4853 708 4921 XXIV,
743 4852 897 4905 1-21.
939 4868 959 4897 ι
995 4849 1134 4901 Post
1161 4844 1429 4915 quinque
1466 4847 1668 4899 autem
1700 4842 1827 4898 dies
1856 4842 2102 4897 descen-

448 4944 536 4999 dit
564 4942 842 5015 princeps
874 4935 1249 4994 sacerdotum
1288 4933 1548 4989 Ananias
1577 4947 1712 4989 cum
1759 4930 2099 4986 senioribus

453 5041 512 5089 et
556 5030 818 5089 Tertullo
872 5027 1130 5100 quodam
1179 5030 1434 5092 oratore,
1489 5025 1589 5095 qui
1633 5026 2102 5095 comparuerunt

450 5140 649 5181 coram
682 5119 933 5193 praeside
966 5118 1248 5173 adversus
1280 5114 1551 5182 Paulum,
1584 5114 1881 5183 citatoque
1913 5110 2097 5167 Paulo

453 5214 631 5285 cmpit
659 5209 956 5266 Tertullus
987 5222 1289 5272 accusare,
1323 5205 1529 5260 dicens
1565 5221 1579 5259 :
1607 5204 1753 5259 Cum
1800 5203 1862 5256 in
1911 5202 2101 5257 multa

450 5321 594 5379 pace
639 5317 883 5374 agamus
934 5316 1040 5370 per
1106 5303 1185 5362 te,
1241 5300 1299 5350 et
1356 5295 1545 5350 multa
1608 5298 1768 5348 recte
1817 5296 2101 5364 gerantur

450 5397 512 5450 in
544 5391 762 5465 populo
795 5391 906 5444 hoc
937 5405 1042 5459 per
1072 5393 1231 5442 tuam
1262 5382 1719 5456 providentiam,
1751 5389 1808 5436 et
1837 5398 2095 5452 semper,

454 5491 512 5539 et
554 5482 775 5552 ubique
833 5476 1311 5548 comprobemus,
1371 5470 1865 5545 praastantissime
1913 5470 2097 5541 Felix,

452 5590 586 5630 cum
618 5570 784 5629 omni
815 5567 1139 5641 gratiarum
1191 5563 1446 5618 actione.
1503 5559 1616 5616 Sed
1656 5577 1730 5615 ne
1786 5560 2009 5615 diutius
2041 5565 2097 5615 te

461 5664 784 5725 detineam,
837 5674 940 5715 oro
999 5662 1056 5711 te
1103 5660 1171 5709 ut
1201 5653 1409 5709 audias
1456 5668 1565 5707 nos
1595 5651 1801 5723 paucis
1842 5666 1950 5722 pro
2001 5655 2104 5706 tua

455 5753 849 5815 humanitate.
902 5745 1063 5801 Nacti
1112 5744 1271 5799 enim
1322 5757 1529 5799 sumus
1575 5742 1736 5797 hunc
1772 5741 1962 5797 virum
1993 5756 2104 5814 pe-

2560 4736 2835 4814 ἀπολόγία
2882 4737 2971 4793 ἐπὶ
3001 4736 3098 4794 τοῦ
3130 4736 3427 4816 ἡγεμόνος.

2278 4855 2306 4882 ι(
2349 4830 2501 4889 Μετᾶ
2557 4824 2615 4883 δὶ
2696 4825 2855 4883 πέντε
2937 4826 3150 4903 ἡμέρας
3220 4824 3425 4900 κατέϐη
3485 4830 3514 4884 ὁ
3569 4829 3861 4909 ἀρχιερεὺς

2208 4918 2450 4980 Ἀνανίας
2536 4917 2669 4993 μετὰ
2727 4921 2835 4972 τῶν
2950 4912 3352 4993 πρεσϐυτέρων,
3438 4918 3529 4974 καὶ
3623 4919 3863 4995 ῥήτορος

2209 5006 2530 5086 Τερτύλλου
2576 5008 2748 5070 τινός.
2834 5004 3045 5069 Οῗτινες
3099 5006 3408 5087 ἐνεφάνισαν
3467 5013 3546 5081 τῷ
3618 5010 3862 5087 ἡγεμόνι

2208 5100 2345 5156 κατὰ
2400 5103 2497 5154 τοῦ
2550 5096 2792 5155 Παύλου.
2852 5094 3163 5167 Κληθέντος
3244 5095 3303 5153 δὲ
3377 5097 3567 5170 αὐτοῦ,
3651 5100 3860 5175 ἤρξατο

2208 5196 2529 5266 κατηγορεῖν
2586 5190 2614 5244 ὁ
2675 5184 3011 5264 Τέρτυλλος,
3072 5185 3269 5262 λέγων·
3325 5185 3554 5259 Πολλῆς
3631 5188 3864 5265 εἰρήνης

2208 5299 2573 5359 τυγχανοντες
2632 5275 2720 5333 διὰ
2792 5280 2912 5346 σοῦ,
2960 5277 3048 5332 καὶ
3103 5278 3552 5350 κατορθωμάτων
3637 5277 3865 5356 γινομέ-

2208 5376 2422 5445 νωντῷ
2465 5368 2605 5434 ἔθνει
2650 5368 2830 5440 τούτῳ
2886 5364 2975 5421 διὰ
3036 5372 3139 5435 τῆς
3189 5372 3290 5437 σῆς
3350 5370 3627 5440 προνοίας,
3683 5369 3859 5438 πάντη

2208 5484 2267 5519 τε
2319 5460 2411 5517 καὶ
2468 5458 2751 5514 πανταχοῦ
2835 5451 3246 5534 ἀποδεχόμεθα,
3333 5460 3586 5532 κράτιστε
3652 5456 3859 5530 Φῆλιξ,

2214 5553 2347 5628 μετὰ
2404 5548 2581 5621 πάσης
2642 5543 3016 5623 εὐχαριστίας.
3083 5546 3195 5601 *ινα
3247 5542 3306 5599 δὶ
3395 5547 3472 5619 μὴ
3523 5546 3612 5601 ἐπὶ
3662 5545 3858 5603 πλεῖόν

2210 5666 2269 5702 σε
2297 5641 2571 5718 ἐγκόπτω,
2601 5634 2906 5715 παρακαλῶ
2954 5634 3185 5691 ἀκοῦσαί
3242 5655 3299 5692 σε
3353 5637 3519 5711 ἡμῶν
3572 5636 3858 5713 συντόμως

2212 5737 2283 5810 τῇ
2338 5735 2405 5807 σῇ
2463 5729 2745 5786 ἱπιεικεία·
2806 5726 3071 5801 Εύρόντες
3122 5724 3228 5800 γὰρ
3292 5725 3386 5781 τὸν
3442 5723 3609 5804 ἃνδρα
3663 5732 3855 5785 τοῦτον
