4112 6404
400 337 510 400 181

1536 337 1965 401 (ECUMENII
2012 337 2314 400 ἸἯῘΟΕΕ
2359 337 2731 400 Βριεαοιη.

3706 335 3826 395 282

404 469 621 540 λοιμὸν,
679 468 771 524 καὶ
824 473 1088 524 κινοῦντα
1145 471 1352 532 στάσεις
1406 476 1535 525 πᾶσι
1592 474 1708 532 τοῖς
1766 466 2053 531 Ἰουδαίοις

2173 470 2436 526 stiferum
2507 477 2565 526 et
2638 472 3036 527 concitantem
3099 469 3460 526 seditionem
3539 466 3822 523 omnibus

402 563 520 619 τοῖς
593 556 731 611 κατά
802 557 906 625 τήν
985 557 1338 630 οἰκουμένην,
1406 558 1797 633 πρωτοστάτην
1847 576 1907 610 τε
1961 562 2061 624 τῆς

399 653 510 703 τῶν
570 645 906 718 Ναζωραίων
986 647 1264 722 αἱρέσεως,
1326 645 1384 709 ὅς
1446 647 1537 702 καὶ
1592 647 1656 702 τὸ
1711 647 1857 718 ἱερὸν
1918 643 2063 700 ἐπεί-

402 755 534 811 ρασε
612 730 956 811 βεϐηλῶσαι,
1035 735 1406 811 ἐκρατήσαμεν
1500 737 1688 802 αὐτὸν,
1764 735 1854 790 καὶ
1928 735 2065 790 κατά

400 826 495 880 τὸν
525 823 796 898 ἡμέτερον
854 825 1030 897 νόμον
1089 824 1436 897 ἠθελήσαμεν
1495 824 1718 900 κρίνειν.
1772 821 2062 897 Παρελθὼν

400 912 460 969 δί
519 913 723 975 Λυσίας
782 915 811 969 ὁ
875 913 1182 992 χιλίαρχος
1236 915 1371 988 μετά
1421 913 1644 984 πολλῆς
1704 912 1824 988 βίας
1865 910 1924 968 ἐκ
1955 917 2058 966 τῶν

397 1010 610 1081 χειρῶν
664 1007 829 1077 ἡμῶν
885 1006 1194 1081 ἀπήγαγεν,
1249 1003 1489 1060 κελεύων
1537 1003 1664 1066 τοὺς
1722 1002 2062 1077 κατηγόρους

395 1095 568 1150 αὐτοῦ
639 1089 896 1170 ἔρχεσθαι
973 1093 1062 1149 hri
1139 1091 1215 1150 σέο
1291 1097 1418 1168 παρ’
1495 1094 1557 1148 οὗ
1625 1091 1846 1148 δύνασαι
1901 1091 2062 1154 αὐτὸς

396 1185 693 1259 ἀνηρὲνας
768 1184 891 1258 περὶ
967 1185 1183 1240 πάντων
1267 1185 1475 1240 τούτων
1580 1182 1892 1257 ἐπιγνῶναι,
1989 1183 2062 1236 ὧν

393 1277 566 1347 ⁴ἡμεῖς
635 1278 1049 1350 κατηγοροῦμεν
1129 1274 1316 1332 αὐτοῦ.
1383 1273 1664 1330 Συνέθεντο
1732 1270 1790 1328 δὲ
1852 1271 1942 1327 καὶ
2009 1273 2062 1326 οἱ

391 1361 667 1421 Ἰουδάῖοι
736 1368 1028 1439 φάσκοντες
1083 1368 1250 1418 ταῦτα
1307 1363 1480 1426 οὕτως
1537 1358 1710 1442 ἔχειν.
1758 1361 2059 1436 Ἀπεκρίθη

396 1450 456 1507 δὲ
523 1454 553 1506 ὁ
627 1449 864 1522 Παῦλος,
933 1451 1217 1514 νεύσαντος
1281 1450 1446 1506 αὐτοῦ
1511 1455 1608 1504 τοῦ
1664 1448 1934 1523 ἡγεμόνος
1967 1445 2062 1502 λὲ-

399 1564 537 1618 γειν⁸
605 1545 700 1600 Ἐκ
763 1541 995 1598 πολλῶν
1061 1544 1194 1598 ἐτῶν
1255 1539 1379 1597 ὄντα
1434 1563 1490 1596 σε
1545 1542 1739 1616 κριτὴν
1797 1537 1876 1612 τῷ
1928 1538 2060 1593 ἔθνει

406 1633 587 1705 τούτῳ
643 1631 1028 1705 ἐπιστάμενος,
1088 1631 1458 1707 εύθημότερον
1519 1631 1586 1686 τὰ
1643 1628 1767 1703 περὶ
1823 1628 2060 1702 ἐμαυτοῦ

417 1721 813 1796 ἀπολογοῦμαι,
922 1719 1224 1795 δυναμένου
1329 1741 1424 1775 σου
1516 1724 1736 1794 γνῶναι,
1829 1718 1911 1773 δτι
1997 1718 2058 1772 οὑ

420 1811 634 1874 πλείους
688 1810 826 1865 εἰσίν
892 1831 986 1884 μοι
1045 1810 1246 1885 ἡμέραι
1305 1807 1340 1879 ἤ
1401 1808 1650 1876 δεκαδύο,
1708 1809 1798 1884 ἀφ’
1848 1809 1913 1876 ῆς
1961 1807 2058 1861 ἀν-

415 1895 540 1970 ἔϐην
573 1903 966 1974 προσκυνήσων
1019 1899 1070 1955 ἐν
1133 1899 1520 1976 Ἰερουσαλὴμ,
1578 1899 1668 1953 καὶ
1728 1897 1853 1953 οὕτε
1900 1899 1951 1952 ἐν
1983 1902 2062 1970 τῷ

408 1991 534 2065 ιερῷ
575 1991 731 2065 εὗρόν
796 2013 864 2064 με
919 1991 1056 2067 πρός
1112 2011 1234 2046 τινα
1293 1987 1710 2067 διαλεγόμενον,
1778 1988 1813 2057 ἢ
1880 1986 2064 2042 ἐπισύ-

396 2103 589 2137 στασιν
635 2085 899 2137 ποιοῦντα
972 2077 1174 2157 ὄχλου,
1235 2079 1359 2136 οὔτε
1417 2080 1469 2135 ἐν
1523 2085 1643 2141 ταῖς
1702 2083 2064 2155 συναγωγαῖς,

398 2171 524 2229 οὔτε
593 2174 732 2228 κατά
798 2173 981 2228 πόλιν·
1053 2168 1175 2228 οὔτε
1242 2169 1580 2247 παραστῆναι
1655 2190 1722 2243 με
1789 2166 2065 2239 δύνανται,

395 2265 524 2339 περὶ
558 2266 634 2319 ὧν
690 2262 1055 2339 κατηγοροῦσί
1110 2285 1235 2335 μου.
1294 2260 1591 2336 Ὁμοῖὀγῶ
1653 2257 1711 2315 δὲ
1762 2259 1922 2314 τοῦτό
1955 2279 2061 2327 σοι,

397 2354 483 2410 ὅτι
553 2354 694 2409 κατά
762 2356 863 2423 τήν
929 2349 1080 2419 ὁδὸν,
1145 2353 1212 2422 ἢν
1281 2349 1534 2426 λέγουσιν
1602 2347 1824 2424 αἵρεσιν,
1891 2347 2063 2410 οὕτως

397 2442 662 2519 λατρεύω
729 2449 806 2515 τῷ
867 2442 1108 2517 πατρῴῳ
1191 2445 1328 2512 Θεῷ,
1420 2439 1687 2494 πιστεύων
1752 2444 1882 2492 πᾶσι
1947 2442 2064 2499 τοῖς

394 2533 540 2590 κατά
589 2533 684 2589 τὸν
730 2533 898 2605 νόμον
957 2532 1046 2586 καὶ
1105 2536 1222 2593 τοῖς
1281 2532 1591 2609 προφήταις
1639 2525 2062 2604 γεγραμμένοις,

397 2621 606 2677 ἰλπὶδα
669 2617 815 2698 ἔχων
883 2620 960 2684 εἷς
1025 2621 1116 2675 τὸν
1184 2621 1333 2690 Θεὸν,
1408 2620 1470 2688 ἢν
1532 2619 1623 2673 καὶ
1690 2615 1844 2672 αὐτοὶ
1912 2616 2063 2671 οὗτοι

396 2709 834 2787 προσδέχονται,
899 2709 1188 2765 ἀνάστασιν
1269 2706 1492 2781 μέλλειν
1560 2703 1769 2772 ἔσεσθαι
1835 2710 2063 2781 νεκρῶν,

399 2798 640 2857 δικαίων
673 2821 734 2856 τε
787 2801 879 2857 καὶ
938 2797 1163 2857 ἀδίκων.
1225 2802 1316 2858 Ἐν
1374 2798 1554 2870 τούτῳ
1611 2795 1669 2853 δὶ
1698 2795 1861 2858 αὐτὸς
1893 2795 2065 2868 ἀσκῶ,

395 2891 761 2965 ἀπρόσκοπον
832 2886 1135 2960 συνείδησιν
1201 2883 1350 2964 ἔχειν
1417 2887 1554 2962 πρὸς
1618 2889 1710 2942 τὸν
1779 2887 1906 2942 Θεὸν
1973 2885 2064 2940 καὶ

394 2981 528 3042 τοὺς
593 2979 919 3054 ἀνθρώπους
983 2974 1297 3038 διάπαντός.
1354 2977 1432 3031 Δι’
1489 2973 1622 3031 ἐτῶν
1682 2973 1738 3030 δὶ
1797 2972 2066 3029 πλειόνων

397 3071 813 3146 παρεγενόμην,
881 3066 1254 3140 ἐλεημοσύνας
1329 3067 1576 3136 ποιήσων
1645 3064 1720 3126 εἰς
1787 3063 1850 3118 τὸ
1916 3057 2067 3126 ἔθνος

396 3181 509 3234 μου
570 3159 664 3213 καὶ
723 3156 1060 3234 προσφοράς,
1120 3155 1171 3211 ἐν
1251 3157 1333 3217 οἷς
1388 3154 1544 3229 εὗρόν
1607 3173 1671 3227 με
1727 3150 2057 3228 ἡγνισμένον

390 3249 446 3305 ἂν
499 3253 586 3320 τῷ
641 3249 800 3324 ἱερῷ,
859 3245 921 3302 ού
977 3246 1115 3318 μετά
1168 3245 1373 3321 οχλου,
1431 3242 1559 3300 οὐδέ⁹
1621 3243 1755 3316 μετὰ
1800 3237 2058 3317 θορύϐου.

391 3341 557 3403 Τινὶς
626 3336 688 3394 δί
753 3338 860 3393 ἀπὸ
923 3343 1025 3406 τῆς
1069 3335 1256 3398 Ἀσίας
1321 3333 1605 3404 Ἰουδαῖοι,
1667 3332 1758 3394 οὕς
1826 3329 1908 3387 δεῖ
1974 3330 2062 3386 ἐπὶ

399 3435 498 3486 σοῦ
561 3433 816 3504 παρεῖναι
875 3426 970 3482 καὶ
1025 3430 1379 3501 κατηγορεῖν,
1446 3423 1494 3479 εἳ
1557 3445 1609 3479 τι
1677 3417 1858 3497 ἔχοιεν
1925 3421 2064 3498 πρός

408 3539 499 3592 με,
531 3517 570 3588 ἤ
610 3517 769 3572 αὐτοὶ
824 3517 978 3572 οὗτοι
1034 3516 1358 3583 εἱπάτωσαν,
1412 3515 1459 3568 εἳ
1510 3534 1564 3569 τι
1618 3513 1772 3588 εὗρον
1823 3511 1874 3566 ἐν
1936 3509 2060 3584 ἐμοὶ

411 3606 679 3681 ἀδίκημα,
739 3604 962 3670 στάντος
1022 3625 1127 3679 μου
1185 3603 1273 3660 ἐπὶ
1332 3607 1430 3660 τοῦ
1487 3599 1788 3677 συνεδρίου,
1843 3602 1878 3672 ἢ
1939 3602 2060 3676 περὶ

429 3700 556 3768 μιᾶς
646 3695 844 3767 ταύτης
945 3700 1155 3774 φωνῆς,
1231 3696 1296 3764 ῆς
1379 3691 1636 3768 ἐκέκραξα
1737 3690 1904 3753 ἑστὼς
2011 3689 2063 3745 ἐν

430 3786 635 3853 αὐτοῖς,
686 3787 762 3842 ὅτι
828 3785 955 3860 περὶ
1023 3783 1360 3846 ἀναστάσεως
1427 3786 1630 3858 νεκρῶν
1700 3779 1810 3856 ἐγὼ
1875 3781 2062 3855 κρίνο-

419 3895 519 3949 μαι
551 3877 781 3952 σήμερον
814 3877 992 3950 ὑμῶν.
1031 3899 1059 3926 ››

481 3992 509 4018 ι
546 3967 661 4022 Ὀτι
692 3967 830 4023 κατά
885 3966 986 4035 τὴν
1050 3963 1200 4035 ὁδὸν,
1255 3965 1318 4034 ἣν
1383 3963 1628 4037 λέγουσιν
1661 3963 1887 4038 αἳρεσιν,
1923 3962 2066 4017 οὕτω

405 4055 660 4132 λατρεύω
699 4061 781 4129 τῶ
835 4058 1080 4132 πατρῴῳ
1135 4059 1277 4127 Θεῷ.
1311 4077 1340 4106 »
1401 4055 1554 4110 Μετά
1608 4055 1708 4122 τήν
1743 4051 1941 4121 κλῆσιν
1970 4056 2067 4107 τοῦ

400 4145 545 4200 εἶναι
601 4142 915 4208 ἀπόστολος
987 4145 1231 4218 Χριστοῦ
1305 4141 1486 4218 λὲγων
1547 4141 2066 4220 λατρεύεινιΚυρίῳ

400 4237 651 4313 πατρῴῳ
682 4239 798 4308 Θεῷ
826 4231 1091 4290 δείκνυσιν
1138 4227 1226 4288 ἕνα
1275 4228 1403 4288 ὅντα
1451 4233 1580 4288 Θεὸν
1614 4231 1862 4296 Ιιαλαιᾶς
1889 4251 1947 4286 τε
1974 4231 2065 4286 καὶ

404 4324 575 4396 Νἰας,
626 4326 686 4382 ὃν
737 4325 790 4380 οἱ
847 4331 1127 4403 προφῆται
1185 4323 1274 4378 καὶ
1315 4324 1344 4378 ὁ
1384 4321 1550 4395 νόμος
1583 4319 1976 4398 κατήγγειλαν,
2009 4323 2066 4375 ὅν

399 4417 431 4470 ὁ
502 4413 722 4476 Παῦλος
783 4412 1074 4488 ἐκήρυσσεν
1139 4411 1332 4484 εἰπὼν,
1408 4411 1675 4467 πιστεύων
1752 4416 1882 4465 πᾶσι
1947 4415 2067 4474 τοῖς

395 4506 546 4562 κατὰ
621 4505 791 4578 νόμον
865 4505 954 4560 καὶ
1034 4507 1150 4566 τοῖς
1246 4504 1561 4579 προφήταις
1635 4501 2062 4576 γεγραμμένοις.

401 4595 561 4654 Κατά
605 4595 670 4650 τὸ
727 4595 1086 4667 σιωπώμενον
1149 4589 1206 4648 δὶ
1259 4593 1532 4648 κάνταῦθα
1559 4591 1649 4646 τὸν
1686 4589 1918 4665 Χριστὸν
1947 4588 2056 4644 εἶσ-

399 4686 642 4760 ήγαγεν,
673 4681 816 4739 ἀλλὰ
869 4686 1005 4745 τὲως
1060 4686 1142 4754 τῷ
1196 4688 1296 4751 τῆς
1353 4679 1685 4743 ἀναστάσεως
1743 4673 2062 4753 ἐνδιατρίϐει

402 4774 587 4849 λόγῳ,
645 4772 702 4828 ὅν
760 4773 908 4829 οὗτοι
969 4772 1020 4842 ἐξ
1079 4772 1260 4846 ἀρχῆς
1318 4768 1690 4826 διεπονοῦντο.
1721 4768 1925 4824 Τούτου
1955 4769 2060 4844 γὰρ

401 4861 712 4944 δειχθέντος
739 4861 980 4924 εὐκόλως
1033 4860 1125 4916 καὶ
1182 4860 1250 4915 τὰ
1302 4861 1404 4915 τοῦ
1444 4863 1684 4934 Χριστοῦ
1714 4858 2059 4933 ἐπεισήγετο,

399 4954 486 5010 ὅτι
520 4954 736 5024 ἀνέστη.

471 5070 500 5095 α
536 5043 803 5104 ’Δκούσας
863 5039 921 5096 δι
971 5044 1138 5096 totum
1194 5040 1224 5094 ὁ
1290 5039 1471 5111 Φήλιξ
1534 5033 1786 5094 ανὲϐαλεν
1837 5035 2056 5108 αὐτοὺς,

394 5129 780 5211 ἀκριϐέστερον
833 5129 991 5193 εἰδὼς
1021 5129 1087 5185 τὰ
1115 5128 1238 5203 περὶ
1294 5135 1396 5198 τῆς
1445 5125 1597 5197 ὁδοῦ,
1647 5126 1836 5182 εἰπών’
1889 5129 2059 5181 Ὅταν

390 5226 586 5290 Λυσίας
649 5226 678 5282 ὁ
743 5220 1052 5298 χιλίαρχος
1107 5213 1341 5292 καταϐῇ,
1401 5215 1778 5292 διαγνώσομαι
1823 5217 1892 5271 τὰ
1937 5218 2055 5280 καθ’

381 5320 538 5396 ὑμᾶς.
603 5309 1023 5396 Διαταξάμενός
1081 5329 1138 5364 τε
1191 5312 1271 5380 τῷ
1329 5307 1717 5382 ἑκατοντάρχῳ
1771 5308 2054 5379 τηρεῖσθαι

365 5395 455 5474 τόν
517 5406 780 5474 Παῦλον,
846 5395 997 5476 ἔχειν
1054 5419 1114 5454 τε
1170 5395 1363 5468 ἄνεσιν,
1417 5398 1507 5452 καὶ
1572 5396 1778 5471 μηδένα
1816 5395 2052 5454 κωλύειν

349 5515 462 5569 τῶν
494 5504 672 5564 ἰδίων
740 5493 925 5550 αὑτοῦ
987 5489 1271 5559 ὑπηρετεῖν
1333 5489 1368 5559 ἢ
1429 5490 1826 5566 προσέρχεσθαι
1875 5492 2046 5567 αὐτῷ,

334 5603 504 5668 Μιτά
570 5593 639 5652 δὶ
698 5579 930 5662 ἡμέρας
991 5578 1144 5642 τινὰς
1197 5578 1637 5668 παραγενόμενος
1677 5579 1924 5668 bim-ﬁlii
1953 5582 2048 5640 σὺν

320 5665 683 5782 Δρουσίλλῃ
741 5677 826 5749 τῇ
887 5668 1105 5746 γυναικὶ
1169 5668 1334 5726 αὗτοῦ
1400 5665 1535 5744 οὔσῃ
1601 5667 1854 5744 Ἰούδαίᾳ,
1926 5693 2049 5746 μετ.

2169 560 2388 615 Iudaeis
2442 562 2502 616 in
2555 563 2831 616 universo
2892 561 3055 629 orbe,
3124 566 3182 615 et
3237 565 3540 616 auctorem
3576 556 3822 612 haaresis

2173 650 2628 717 Nazarenorum,
2696 650 2795 721 qui
2870 649 3046 704 etiam
3135 648 3422 719 templum
3506 646 3821 718 profanare

2173 740 2457 794 tentavit:
2502 757 2680 812 quem
2724 746 2782 794 et
2830 739 3266 811 apprehensum
3315 737 3609 792 voluimus
3646 737 3822 806 juxta

2171 828 2363 901 legem
2412 836 2679 886 nostram
2731 829 3021 901 judicare.
3075 827 3188 883 Sed
3251 827 3676 898 superveniens
3723 827 3822 880 tri-

2171 919 2370 974 bunus
2401 920 2601 992 Lysias
2630 937 2764 974 cum
2807 936 3020 993 magna
3066 919 3118 972 vi
3151 917 3302 972 169
3344 917 3562 988 eripuit
3604 933 3739 971 eum
3785 931 3820 970 a

2173 1009 2452 1064 manibus
2495 1011 2736 1074 nostris,
2781 1009 3003 1082 jubens
3053 1013 3428 1063 accusatores
3478 1006 3606 1076 ejus
3647 1005 3721 1059 ad
3764 1009 3820 1059 te

2171 1099 2393 1166 venire,
2429 1116 2498 1155 ex
2531 1118 2648 1171 quo
2689 1101 2910 1172 poteris
2950 1100 3076 1170 ipse
3109 1097 3264 1153 facta
3312 1095 3702 1167 inquisitione
3749 1093 3819 1148 de

2173 1187 2452 1244 omnibus
2493 1189 2623 1244 istis
2671 1205 3046 1262 cognoscere,
3108 1187 3180 1242 de
3221 1186 3435 1258 quibus
3490 1202 3599 1240 nos
3657 1199 3823 1238 accu-

2174 1295 2373 1334 samus
2405 1295 2560 1334 eum.
2605 1280 2966 1351 Adjecerunt
2997 1284 3195 1334 autem
3231 1284 3289 1332 et
3315 1275 3521 1341 Judaei,
3555 1274 3820 1329 dicentes

2171 1368 2298 1423 haec
2330 1369 2411 1423 ita
2442 1386 2502 1424 se
2537 1368 2772 1424 habere.
2818 1368 3143 1440 Respondit
3172 1372 3370 1422 autem
3412 1364 3650 1432 Paulus,
3683 1379 3822 1418 cum

2171 1458 2484 1513 annuisset
2512 1458 2636 1529 ipse
2671 1475 2888 1530 praeses
2918 1463 2982 1513 ut
3011 1458 3271 1513 diceret:
3306 1454 3580 1525 Equiore
3619 1453 3818 1508 animo

2171 1565 2276 1619 pro
2305 1549 2532 1619 meipso
2567 1549 2922 1620 respondeo,
2956 1563 3091 1602 cum
3132 1547 3314 1601 sciam
3363 1551 3415 1599 te
3467 1544 3670 1598 multis
3695 1545 3820 1613 jam

2171 1638 2350 1694 annis
2399 1637 2665 1710 judicem
2712 1639 2894 1693 fuisse
2942 1637 3101 1708 genti
3157 1636 3332 1690 huic:
3395 1635 3494 1705 qui
3541 1638 3708 1705 potes
3733 1649 3824 1686 co-

2171 1745 2475 1801 gnoscere,
2523 1729 2681 1800 quod
2713 1747 2828 1784 non
2874 1729 3076 1800 plures
3116 1733 3254 1782 sunt
3287 1725 3431 1781 mihi
3459 1725 3610 1792 dies,
3644 1739 3823 1794 quam

2171 1819 2505 1887 duodecim,
2559 1837 2627 1875 ex
2674 1837 2788 1892 quo
2843 1819 3083 1876 ascendi
3126 1818 3479 1874 adoraturus
3527 1813 3826 1884 Jerosoly-

2171 1925 2331 1964 mam
2360 1925 2372 1963 :
2407 1915 2465 1965 et
2495 1926 2688 1980 neque
2737 1909 2799 1964 in
2831 1909 3054 1980 templo
3095 1910 3514 1979 compererunt
3559 1919 3654 1958 me
3687 1918 3822 1957 cum

2171 1999 2370 2070 aliquo
2430 1999 2856 2072 disputantem,
2923 2005 3026 2054 aut
3086 2013 3441 2054 concursum
3500 1994 3818 2050 facientem

2173 2089 2381 2156 turbaa,
2440 2105 2634 2160 neque
2682 2090 2744 2144 in
2796 2088 3128 2160 synagogis,
3181 2102 3376 2156 neque
3438 2085 3500 2138 in
3561 2083 3818 2149 civitate,

2171 2195 2364 2250 neque
2418 2180 2669 2250 probare
2721 2185 2974 2251 possunt
3003 2194 3073 2232 ea
3116 2176 3187 2232 de
3237 2175 3454 2247 quibus
3501 2189 3596 2228 me
3646 2189 3818 2228 accu-

2171 2274 2322 2322 sant.
2369 2269 2670 2325 Conﬁteor
2717 2276 2914 2324 autem
2963 2267 3075 2322 hoc
3117 2265 3223 2320 tibi
3247 2265 3405 2335 quod
3448 2263 3619 2335 juxta
3666 2261 3821 2315 viam

2170 2374 2350 2428 quam
2388 2364 2600 2414 vocant
2646 2358 2922 2413 haeresim
2982 2358 3066 2412 sic
3115 2356 3244 2411 colo
3301 2354 3559 2426 patrium
3614 2352 3819 2418 Deum,

2171 2447 2422 2504 credens
2450 2449 2730 2504 omnibus
2761 2465 2892 2519 quae
2925 2447 2986 2501 in
3016 2447 3142 2520 lege
3175 2450 3233 2500 et
3263 2443 3570 2517 prophetis
3601 2441 3824 2511 scripta

2172 2543 2348 2592 sunt:
2392 2555 2557 2610 spem
2607 2539 2834 2594 habens
2883 2538 2944 2592 in
2985 2538 3169 2592 Deum
3219 2534 3366 2597 fore,
3423 2548 3603 2604 quam
3654 2537 3708 2586 et
3757 2529 3820 2584 hi

2173 2633 2538 2699 exspectant,
2579 2627 3081 2684 resurrectionem
3111 2631 3483 2680 mortuorum
3516 2621 3820 2693 justorum

2173 2717 2439 2773 simulet
2482 2718 2866 2790 injustorum.
2919 2718 2982 2770 In
3026 2716 3136 2770 hoc
3185 2720 3384 2770 autem
3433 2714 3560 2784 ipse
3611 2709 3820 2765 studeo

2173 2807 2302 2862 sine
2332 2807 2695 2862 oﬂ‘endiculo
2743 2805 3169 2863 conscientiam
3215 2803 3435 2858 habere
3468 2817 3607 2874 erga
3635 2801 3822 2854 Deum

2173 2902 2231 2951 et
2260 2897 2533 2952 homines
2567 2913 2822 2968 semper.
2858 2898 2998 2950 Post
3027 2910 3217 2949 annos
3260 2897 3458 2948 autem
3491 2891 3694 2962 plures
3724 2904 3825 2942 ac-

2172 2985 2322 3041 cessi
2371 2987 2782 3058 eleemosynas
2827 2984 3199 3040 exhibiturus
3233 2983 3293 3036 in
3339 2984 3575 3054 gentem
3628 2993 3823 3032 meam

2173 3080 2229 3130 et
2252 3075 2609 3140 oblationes,
2662 3075 2723 3129 in
2755 3073 2972 3144 quibus
3030 3075 3452 3142 compererunt
3500 3085 3595 3123 me
3646 3067 3819 3138 puri-

2171 3166 2413 3222 ﬁcatum
2445 3168 2508 3221 in
2566 3166 2812 3237 templo,
2855 3164 3013 3219 haud
3051 3179 3185 3218 cum
3245 3160 3416 3216 turba
3461 3173 3655 3228 neque
3688 3173 3822 3211 cum

2173 3257 2452 3312 tumultu.
2505 3256 2754 3322 Quidam
2831 3261 3029 3310 autem
3087 3270 3157 3308 ex
3215 3251 3352 3306 Asia
3417 3247 3624 3315 Judaei,
3673 3263 3822 3317 quos

2171 3346 2482 3418 oportebat
2535 3345 2693 3417 apud
2747 3349 2800 3400 te
2849 3349 3065 3416 prazsto
3133 3357 3260 3396 esse
3328 3345 3386 3394 et
3441 3350 3742 3402 accusare,
3772 3335 3820 3388 si

2173 3437 2315 3506 quid
2373 3435 2664 3492 haberent
2717 3435 3029 3490 adversum
3090 3448 3182 3486 me
3225 3447 3237 3484 :
3289 3434 3391 3486 aut
3444 3427 3504 3482 hi
3565 3426 3678 3497 ipsi
3728 3424 3820 3478 di-

2173 3533 2330 3595 cant,
2365 3527 2586 3598 siquid
2631 3523 3153 3598 deprehenderunt
3202 3523 3262 3577 in
3315 3537 3409 3576 me
3467 3515 3824 3589 iniquitatis,

2173 3634 2307 3672 cum
2359 3621 2509 3671 stem
2562 3617 2622 3671 in
2674 3615 2928 3672 concilio
2973 3613 3135 3669 :nisi
3186 3611 3258 3667 de
3315 3625 3436 3666 una
3492 3608 3604 3662 hac
3661 3619 3820 3670 voce,

2174 3723 2291 3777 qua
2347 3707 2594 3762 clamavi
2646 3706 2802 3760 inter
2853 3721 2920 3761 eo
2976 3709 3161 3760 stans.
3231 3702 3310 3756 De
3383 3697 3821 3754 resurrectione

2173 3799 2544 3850 mortuorum
2579 3811 2683 3866 ego
2705 3793 2948 3866 judicor
2985 3791 3162 3847 hodie
3193 3806 3227 3845 a
3247 3788 3432 3844 vobis.
3465 3808 3494 3837 »

2251 3995 2278 4026 α
2305 3975 2478 4029 Juxta
2507 3973 2660 4028 viam
2697 3989 2873 4044 quam
2909 3974 3121 4026 vocant
3140 3967 3415 4023 hmresim
3439 3965 3524 4021 sic
3555 3963 3685 4020 colo
3718 3979 3823 4034 pa-

2173 4065 2354 4119 trium
2384 4068 2648 4118 Deum.»
2699 4063 2913 4118 Dicens
2962 4077 3023 4116 se
3075 4061 3258 4115 Deum
3308 4056 3565 4128 patrium
3627 4053 3824 4108 colere

2173 4158 2308 4226 post
2336 4153 2551 4209 factam
2581 4153 2948 4208 vocationem
2980 4156 3048 4206 ut
3077 4153 3276 4204 essent
3323 4144 3597 4218 apostoli,
3622 4147 3826 4198 osten-

2175 4243 2262 4299 dit
2292 4243 2568 4299 eumdem
2610 4259 2738 4311 esse
2788 4247 2974 4298 Deum
3033 4239 3261 4296 Veteris
3313 4253 3382 4293 ac
3428 4234 3568 4290 Novi
3620 4235 3822 4289 Testa-

2173 4335 2382 4404 menti,
2424 4351 2602 4407 quem
2658 4333 2754 4388 lex
2803 4338 2862 4388 et
2908 4331 3213 4403 propheta)
3273 4325 3821 4383 annuntiaverunt:

2173 4441 2350 4495 quem
2409 4423 2627 4480 Paulus
2705 4422 3082 4496 praedicabat,
3141 4419 3346 4475 dicens
3404 4433 3466 4472 se
3527 4412 3823 4470 universis

2175 4514 2417 4570 credere
2466 4531 2598 4586 quas
2640 4515 2702 4569 in
2748 4514 2874 4586 lege
2912 4529 2980 4569 ac
3037 4510 3344 4583 pr0phetis
3387 4508 3610 4578 scripta
3661 4508 3819 4559 sunt.

2175 4605 2450 4661 Lateuter
2478 4610 2679 4661 autem
2710 4604 3007 4659 Christum
3040 4602 3217 4658 etiam
3249 4600 3346 4654 hic
3377 4596 3631 4658 induxit,
3666 4594 3822 4648 I10

2173 4693 2276 4748 sed
2308 4693 2547 4748 interim
2581 4694 2643 4749 in
2671 4710 2948 4750 sermone
2978 4692 3050 4748 de
3075 4688 3511 4746 resurrectione
3532 4688 3820 4752 versatur,

2171 4799 2350 4853 quem
2399 4783 2461 4838 hi
2515 4783 2588 4838 ab
2648 4783 2889 4838 exordio
2948 4779 3425 4853 oppugnabant:
3487 4775 3600 4829 hoc
3657 4772 3820 4826 enim

2170 4878 2430 4940 ostenso,
2455 4871 2630 4928 facile
2662 4873 2841 4928 etiam
2865 4887 2995 4943 quae
3028 4870 3100 4924 de
3130 4867 3361 4923 Christo
3397 4868 3537 4920 sunt
3555 4860 3823 4934 superin-

2167 4958 2430 5029 duceret,
2473 4976 2686 5032 nempe
2720 4959 2879 5031 quod
2903 4955 3313 5013 resurrexerit.

2239 5050 2432 5116 XXIV,
2457 5051 2646 5105 22-27.
2675 5074 2702 5100 α
2751 5047 2976 5106 Auditis
3007 5054 3204 5103 autem
3236 5046 3351 5112 bis,
3383 5042 3547 5099 Felix
3585 5037 3822 5096 distulit

2166 5138 2323 5207 illos,
2357 5156 2491 5194 cum
2550 5144 2710 5194 certo
2744 5138 2922 5194 sciret
2951 5154 3082 5208 qua:
3114 5135 3188 5191 ad
3219 5151 3346 5190 eam
3379 5133 3531 5188 viam
3591 5129 3816 5185 attine-

2165 5229 2326 5294 bant,
2371 5229 2574 5286 dicens
2611 5231 2793 5285 :Cum
2843 5228 3117 5283 tribunus
3168 5225 3368 5299 Lysias
3421 5221 3818 5290 descenderit,

2164 5336 2517 5392 pernoscam
2595 5336 2832 5374 causam
2893 5323 3151 5373 vestram
3223 5333 3236 5370 :
3289 5314 3590 5387 jussitque
3676 5327 3816 5366 cen-

2162 5407 2384 5462 turioni
2443 5413 2510 5462 ut
2573 5407 2899 5462 custodiret
2953 5405 3221 5469 Paulum,
3283 5405 3627 5472 sineretque
3674 5414 3810 5453 eum

2160 5497 2436 5565 relaxari,
2469 5503 2526 5552 et
2570 5513 2644 5552 ne
2691 5513 2869 5568 quem
2912 5511 2982 5551 ex
3039 5496 3204 5552 illius
3261 5491 3656 5549 familiaribus
3707 5505 3806 5542 ve-

2156 5591 2313 5642 taret
2369 5587 2824 5643 subministrare
2855 5587 2932 5657 ei,
2979 5592 3082 5642 aut
3121 5585 3285 5642 adire
3337 5599 3493 5639 eum.
3529 5583 3668 5635 Post
3695 5577 3806 5634 ali-

2160 5681 2305 5748 quot
2333 5681 2533 5733 autem
2565 5676 2690 5732 dies
2739 5692 2872 5733 cum
2902 5675 3242 5731 advenisset
3264 5673 3424 5727 Felix
3480 5687 3615 5727 cum
3647 5669 3805 5721 Dru-
