4112 6440
338 371 459 430 283

1353 371 1759 434 COMMENT.
1808 366 1894 426 IN
1940 362 2137 423 ACTA
2184 365 2787 433 APOSTOLORUM.

3644 380 3759 439 281

345 502 480 559 silla
553 520 735 559 uxore
798 520 924 573 sua,
1001 522 1134 577 quis
1193 509 1322 561 erat
1398 504 1620 570 Iudaea,
1688 497 1967 557 accersivi

2109 495 2365 570 πέμψατο
2394 498 2487 553 τὸν
2546 501 2785 561 Παῦλον.
2848 505 2950 562 Καὶ
2999 502 3230 574 ἤκουσεν
3284 505 3450 563 αὐτοῦ
3494 506 3618 584 περὶ
3657 511 3759 575 τῆς

337 592 609 659 Paulum,
642 599 701 648 et
737 593 961 649 audivit
989 594 1061 650 ab
1094 612 1162 650 eo
1214 595 1415 657 ﬁdem,
1450 610 1581 665 quae
1607 597 1698 647 est
1726 591 1787 645 in
1817 587 1986 645 Chri-

336 689 513 736 stum.
541 683 886 754 Disputante
937 690 1133 740 autem
1175 686 1278 739 illo
1329 685 1400 739 de
1440 683 1675 755 justitia
1721 686 1779 736 et
1834 685 1986 733 tem-

336 771 627 840 perantia,
665 778 723 827 et
749 772 821 827 de
863 774 1092 845 judicio
1141 775 1361 840 futuro,
1398 772 1778 828 tremefactus
1824 767 1985 823 Felix

334 860 680 931 respondit:
714 864 778 917 1n
813 865 1132 933 praesentia
1178 864 1295 929 abi,
1329 871 1606 919 caeterum
1638 867 1847 916 nactus
1879 874 1983 928 op-

333 951 759 1019 portunitatem
813 968 1112 1007 accersam
1171 958 1228 1008 te
1271 952 1487 1007 :simul
1537 957 1595 1005 et
1651 948 1801 1003 illud
1850 962 1980 1018 spe-

330 1055 472 1094 rans
498 1040 624 1095 fore
678 1047 743 1096 ut
781 1043 1037 1113 pecunia
1089 1042 1200 1097 sibi
1260 1042 1502 1096 daretur
1541 1057 1575 1095 a
1621 1038 1804 1094 Paulo
1864 1052 1981 1107 quo

331 1127 591 1184 solveret
644 1131 861 1202 ipsum,
922 1138 1161 1204 prOpter
1192 1132 1354 1203 quod
1403 1131 1578 1186 etiam
1638 1129 1983 1198 frequenter

326 1233 643 1274 accersens
674 1236 832 1290 eum,
864 1220 1222 1292 loquebatur
1254 1238 1389 1277 cum
1424 1238 1513 1277 eo.
1559 1241 1583 1271 »

401 1330 427 1356 «
453 1309 686 1364 Auditis
720 1311 812 1365 his
843 1311 1024 1366 Felix.
1054 1333 1084 1361 ι»
1135 1311 1577 1367 Advertendum
1612 1307 1773 1380 quod
1815 1305 1981 1361 Felix

327 1405 572 1455 noverat
602 1400 1127 1474 ﬁdem,diligenter
1150 1402 1476 1458 instructus
1493 1418 1563 1456 ex
1589 1399 1769 1455 veteri
1788 1399 1983 1452 Testa-

329 1495 533 1544 mento
566 1490 624 1544 in
651 1490 742 1545 his
773 1508 904 1562 qua:
956 1493 1166 1549 (lhristi
1220 1499 1395 1548 sunt:
1422 1497 1482 1548 et
1509 1492 1583 1547 ad
1639 1490 1979 1547 Judaeorum

326 1578 575 1650 gratiam
609 1597 730 1635 non
749 1581 1284 1645 absolvitPaulum,
1313 1582 1612 1638 autetiam
1643 1585 1710 1634 ut
1731 1593 1981 1634 munera

324 1669 638 1740 acciperet,
681 1670 1185 1742 quemadmodum
1244 1671 1616 1743 subsequens
1656 1686 1853 1726 sermo
1885 1669 1981 1724 de-

325 1763 640 1814 monstrat.
674 1761 927 1818 Noverat
957 1778 1193 1834 quoque
1246 1762 1381 1826 ista,
1410 1779 1479 1817 eo
1540 1759 1699 1833 quod
1731 1774 1977 1815 uxorem

2100 583 2178 674 εἰς
2235 588 2473 661 Χριστὸν
2535 590 2793 656 πίστεως.
2853 593 3262 672 Διαλεγομὲνου
3321 593 3379 652 δὶ
3435 583 3600 653 αὐτοῦ
3627 597 3755 674 περὶ

2097 671 2452 748 δικαιοσύνης
2526 679 2617 734 καὶ
2692 671 3044 759 ἐγκρατείας
3106 686 3195 741 καὶ
3284 691 3382 742 τοῦ
3482 671 3752 761 κρίματος

2093 768 2190 817 τοῦ
2239 763 2545 837 μέλλοντος
2603 767 2835 837 ἔσεσθαι,
2895 767 3140 847 ἔμφοϐος
3190 775 3481 851 γενόμενος
3510 778 3538 831 6
3571 774 3750 847 Φῆλιξ

2096 852 2384 925 ἀπεκρίθη’
2445 856 2520 911 Τὸ
2576 862 2666 912 νῦν
2726 853 2855 935 ἕχον
2919 862 3175 934 πορεύου,
3233 865 3423 941 καιρὸν
3475 863 3532 920 δὲ
3584 886 3754 938 μετα-

2095 937 2282 1015 λαβὼν
2352 944 2795 1020 μετακαλέσομαί
2868 971 2949 1017 σε,
3026 952 3140 1024 ἃμα
3207 950 3265 1008 δὲ
3328 937 3419 1009 καὶ
3486 937 3753 1025 ἐλπίζων,

2093 1029 2176 1084 ὅτι
2246 1035 2509 1106 χρήματα
2582 1033 2867 1107 δοθήσεται
2945 1041 3092 1112 αὐτῷ
3168 1042 3270 1097 ὑπὸ
3336 1046 3433 1099 τοῦ
3510 1042 3756 1114 ΠαύΛου,

2092 1117 2241 1182 ὅπως
2273 1119 2411 1196 λόσῃ
2468 1123 2647 1182 αὐτόν.
2710 1131 2790 1182 Δι’
2846 1128 2875 1183 ὃ
2927 1131 3016 1185 καὶ
3077 1131 3404 1209 πυκνότερον
3460 1131 3622 1189 αὐτὸν
3656 1155 3752 1207 με·

2088 1210 2514 1285 ταπεμπόμενος
2545 1214 2751 1287 ὡμίλει
2779 1219 2951 1290 αύτῷ.
2980 1243 3009 1272 ››

2167 1325 2188 1350 ι
2221 1300 2486 1389 Ἀκούσας
2517 1307 2685 1360 ταῦτα
2742 1307 2772 1361 6
2830 1307 3029 1378 Φῆλιξ.
3067 1334 3096 1362 ››
3139 1310 3488 1384 Σημειωτέον
3517 1311 3752 1389 δτιῇδει

2092 1389 2120 1443 6
2173 1388 2366 1480 ’Φῆλιξ
2429 1393 2530 1462 τήν
2589 1395 2793 1465 πίστιν,
2853 1392 3094 1471 ἀκριϐῶς
3150 1402 3488 1480 κατηχηθεῖς
3541 1400 3600 1457 ὲκ
3642 1388 3752 1471 τῆς

2092 1475 2332 1541 Παλαιᾶς
2369 1480 2439 1535 τὰ
2467 1482 2589 1557 περί
2619 1489 2717 1539 τοῦ
2748 1486 3011 1561 Χριπυῦ,
3069 1489 3158 1543 καὶ
3214 1491 3353 1564 πρὸς
3407 1491 3571 1566 χάριν
3603 1492 3746 1547 Ἰουο

2090 1563 2259 1623 δαίων
2291 1568 2391 1624 οὐκ
2419 1569 2655 1627 ἀπέλυσε
2704 1575 2797 1629 τὸν
2862 1575 3101 1647 Παῦλον,
3152 1578 3187 1647 ἢ
3237 1563 3329 1634 καὶ
3369 1563 3459 1635 διά
3487 1563 3751 1655 δωρολη-

2089 1658 2238 1731 ψίαν,
2299 1659 2374 1723 ὡς
2431 1665 2778 1737 παρακατιὼν
2836 1667 2864 1722 ὁ
2918 1664 3085 1744 λόγος
3144 1666 3358 1741 ἔδειξεν.
3389 1668 3538 1728 Ἔδει
3566 1669 3625 1727 δὲ
3653 1672 3748 1728 καὶ

2088 1748 2162 1810 ὡς
2194 1746 2341 1824 ἔχων
2366 1757 2592 1828 γυναῖκα
2647 1752 2933 1827 Ἰουδαίαν,
2991 1760 3119 1834 παρ’
3173 1761 3240 1829 ἧς
3302 1765 3547 1837 συνεχῶς
3575 1761 3753 1831 ἤκουε

325 1846 574 1903 haberet
626 1849 910 1918 Iudaeam,
971 1867 1006 1907 a
1055 1868 1174 1923 qua
1211 1852 1337 1907 haec
1359 1851 1642 1908 continue
1674 1849 1972 1905 audiebat.

2086 1840 2296 1935 ταῦτα.⁴
2338 1838 2488 1935 Mirr;
2560 1838 2618 1897 δὲ
2682 1844 2829 1918 παρὰ
2892 1846 2985 1901 τὸν
3047 1846 3220 1922 νόμον
3287 1850 3534 1926 συνήφθη
3579 1850 3752 1922 αύτῷ,

328 1934 463 1990 Haec
522 1941 722 1992 autem
783 1944 1000 2011 praeter
1052 1939 1243 2013 legem
1284 1939 1396 2011 ipsi
1457 1939 1779 2010 conjuncta
1831 1941 1979 2004 erat,

2096 1924 2332 1981 Ἰουδαία
2362 1925 2525 1992 οὗσας
2582 1930 2841 2003 Ἕλληνι,
2911 1935 2982 1990 Ἦ
3036 1936 3184 2011 τάχα
3239 1937 3307 2006 ἦν
3364 1924 3459 2009 μὲν
3487 1934 3761 2010 Ἰουδαία,

332 2039 549 2097 nempe
578 2026 781 2082 Judaea
812 2029 1030 2084 Graeco.
1066 2030 1180 2084 Aut
1208 2028 1479 2084 fortassis
1512 2028 1714 2083 Iudaea
1741 2025 1972 2097 quidem

2092 2022 2400 2091 γαμηθεῖσα
2453 2015 2512 2072 δὲ
2553 2020 2701 2092 αὑτῷ
2756 2021 2964 2098 ἐγένετο
3013 2022 3296 2094 Ἑλληνίς·
3353 2023 3426 2081 δι’
3454 2026 3485 2082 6'
3511 2027 3601 2082 καὶ
3632 2025 3760 2083 ἔλε-

333 2118 478 2178 erat,
508 2120 795 2187 nupserat
827 2121 1025 2173 tamen
1057 2118 1145 2172 illi
1192 2123 1316 2173 tum
1350 2134 1486 2173 cum
1528 2119 1730 2173 Graeca
1785 2120 1979 2170 esset:

2091 2125 2182 2178 γεν
2214 2106 2361 2193 αθτῷ
2396 2108 2496 2177 τήν
2528 2109 2723 2181 ἑαυτῆς
2779 2111 2981 2187 πίστιν,
3040 2114 3301 2171 πείθουσα
3339 2114 3431 2171 καὶ
3461 2118 3551 2173 τὸν
3584 2115 3761 2193 ἄνδρα

328 2208 573 2274 propter
592 2204 749 2275 quod
784 2206 962 2262 etiam
994 2206 1233 2263 dicebat
1257 2207 1370 2279 ipsi
1399 2223 1567 2262 suam
1614 2205 1817 2270 ﬁdem,
1846 2220 1972 2260 sua-

2091 2191 2414 2271 παραϐάτην
2442 2199 2707 2273 γενέσθαι.

327 2292 475 2349 dens
499 2299 565 2349 ut
595 2294 682 2349 vir
710 2312 949 2368 quoque
982 2298 1057 2354 ad
1086 2314 1218 2354 eam
1246 2297 1529 2354 transiret
1557 2297 1767 2352 relicta
1797 2296 1991 2352 idolo‘

324 2382 517 2442 latria.

898 2476 1131 2530 CAPUT
1162 2474 1409 2530 XXXVI.

326 2562 365 2615 ¹
383 2561 584 2656 7.1.9.8
601 2561 833 2656 sese:
848 2564 1233 2656 eisneiisne
1260 2566 1518 2656 Festi???
1540 2567 1899 2656 εεςςςεείοηεν
1932 2578 1972 2620 ει

2094 2554 2236 2656 Ηερὶ
2312 2556 2739 2649 τῆςυφήλέκος
2813 2558 3124 2656 διανδοχιῆςζ
3170 2564 3272 2656 ,καὶ

396 2633 564 2688 Pauli
593 2634 661 2688 ab
687 2651 749 2689 eo
777 2638 1224 2707 interrogatione
1272 2644 1327 2692 et
1349 2633 1762 2707 provocatione.

395 2831 589 2899 XXIV,
622 2834 728 2899 27;
762 2834 936 2900 XXV,
970 2835 1121 2890 1-12.
1156 2858 1181 2886 ‹‹
1228 2836 1476 2892 Biennio
1521 2841 1721 2892 autem
1746 2835 1977 2907 expleto

323 2921 557 2992 accepit
613 2937 1018 2979 successorem
1076 2924 1239 2980 Felix
1268 2926 1535 2981 Portium
1577 2926 1834 2981 Festum.
1869 2925 1981 2980 Vo-

320 3007 453 3065 lens
482 3015 682 3067 autem
738 3013 987 3085 gratiam
1038 3020 1323 3086 praestare
1347 3015 1566 3071 Judmis
1616 3015 1797 3086 Felix,
1834 3015 1977 3071 reli-

323 3101 453 3171 quit
501 3101 748 3157 Paulum
798 3103 1079 3159 vinctum.
1107 3106 1313 3160 Festus
1355 3122 1492 3177 ergo
1524 3110 1800 3176 suscepta
1846 3122 1978 3177 pro-

2699 2473 2966 2529 ΚΕΦΑΛ.
3025 2473 3137 2541 AC’.

3346 2571 3448 2634 τῆς
3525 2567 3753 2637 Φήστου

2163 2633 2518 2754 πρςοῖγωγῆς,
2565 2637 2666 2701 τῆς
2716 2652 2777 2687 τε
2826 2632 2909 2689 ἐπ’
2958 2632 3129 2690 αὗτοῦ
3157 2632 3491 2711 ἀνακρίσεως
3525 2632 3752 2695 Παύλου

2163 2719 2249 2754 και
2308 2721 2531 2754 οισιωε.

2159 2719 2249 2754 και
2280 2719 2531 2779 εφεσεως.

2163 2847 2192 2878 ι(
2223 2823 2431 2890 Διετίας
2477 2824 2534 2881 δὶ
2580 2825 2976 2903 πληρωθείσης
3034 2825 3199 2888 ἔλαϐε
3251 2830 3517 2909 διάδοχον
3567 2835 3596 2889 6
3627 2839 3747 2904 Φῆ-

2089 2911 2175 2984 λιξ
2242 2915 2477 2989 Πόρκιον
2541 2920 2781 2983 Φῆστον.
2849 2917 3035 2975 Θέλων
3101 2941 3161 2977 τε
3224 2923 3455 2997 χάριτας
3518 2924 3737 2987 καταθέ-

2087 3006 2205 3060 σθαι
2235 3010 2352 3068 τοῖς
2411 3005 2698 3071 Ἰουδαίοις
2758 3010 2788 3064 ὁ
2846 3008 3050 3081 Φῆλιξ,
3105 3012 3363 3069 κατέλιπε
3406 3013 3499 3069 τὸν
3528 3012 3741 3070 Παῦλον

2084 3091 2392 3169 δεδεμένον.
2456 3103 2675 3166 Φῆστος
2733 3096 2829 3154 οὖν
2893 3095 3088 3164 ἐπιϐὰς
3142 3105 3211 3176 τῇ
3283 3101 3546 3178 ἐπαρχία,
3608 3102 3747 3176 μετὰ

320 3189 534 3256 vincia,
569 3198 704 3264 post
742 3192 1006 3248 triduum
1032 3194 1304 3250 ascendit
1328 3195 1693 3266 Jerosolyma
1722 3194 1794 3250 ab
1826 3194 1972 3250 urbe

2086 3189 2228 3258 τρεῖς
2278 3186 2493 3260 ἡμέρας
2559 3182 2721 3257 ἀνέϐη
2785 3187 2862 3250 είς
2933 3188 3290 3264 Ἱεροσόλυμα
3363 3191 3471 3247 ἀπὸ
3538 3199 3745 3247 Καισα-

571 3244 699 3264 τ---
748 3244 1006 3248 "mn-"
1034 3244 1301 3250 ----η---
1330 3244 1693 3266 -------,,-..-
1724 3244 1789 3250 __
1834 3244 1969 3250 ___-

322 3280 572 3337 Cmsare.
628 3282 1238 3356 Signiﬁcaveruntque
1293 3284 1380 3338 illi
1438 3286 1739 3357 principes
1779 3303 1972 3343 sacer-

2086 3244 2254 3348 ρείας.
2302 3244 2684 3352 ’ίΕνειράνησάν
2711 3244 2721 3257 Ι
2749 3297 2808 3333 τε
2847 3244 3025 3351 ἀύτῷ
3539 3244 3745 3337 ἕξιν-οι

322 3368 529 3425 dotum
560 3388 627 3427 ac
668 3373 961 3442 primores
1007 3373 1340 3428 Iudaeorum
1388 3373 1461 3428 de
1520 3374 1739 3429 Paulo:
1773 3381 1831 3429 et
1879 3392 1977 3429 ro-

320 3457 544 3529 gabant
587 3475 745 3518 eum.
802 3461 1174 3531 postulantes
1228 3461 1485 3517 favorem
1546 3462 1827 3518 adversus
1885 3464 1975 3535 ip-

322 3563 475 3607 sum,
526 3553 594 3601 ut
668 3554 1001 3603 accerseret
1070 3550 1240 3605 illum
1299 3550 1648 3616 Jerusalem,
1726 3551 1974 3607 insidias

320 3634 659 3702 tendentes,
716 3642 781 3691 ut
829 3637 1239 3694 interficerent
1285 3656 1422 3695 eum
1481 3641 1542 3695 in
1603 3641 1711 3696 via.
1765 3642 1973 3697 Festus

323 3730 523 3780 autem
574 3727 885 3798 respondit
949 3734 1016 3783 ut
1072 3736 1406 3785 servaretur
1459 3730 1698 3802 quidem
1753 3732 1972 3787 Paulus

323 3816 605 3871 Caesarem
649 3831 754 3872 :se
809 3833 946 3872 vero
1002 3817 1163 3873 brevi
1222 3818 1326 3873 illo
1370 3818 1798 3891 profecturum.
1863 3820 1972 3886 Qui

325 3919 483 3977 ergo,
544 3906 762 3978 inquit,
842 3908 998 3964 inter
1053 3925 1154 3963 vos
1227 3914 1501 3980 potentes
1558 3914 1716 3977 sunt,
1792 3909 1973 3965 simul

321 3995 774 4064 descendentes,
821 3998 868 4054 si
928 3998 1089 4070 quod
1146 4003 1235 4054 est
1272 3999 1333 4053 in
1361 3999 1487 4054 viro
1517 4000 1766 4066 crimen,
1798 4015 1972 4054 accu-

318 4092 455 4141 sent
482 4104 639 4142 eum.
675 4088 1028 4143 Demoratus
1058 4092 1255 4142 autem
1288 4088 1445 4142 inter
1472 4104 1574 4143 eos
1603 4087 1816 4143 diebus
1846 4105 1969 4143 am-

316 4177 476 4250 plius
514 4193 694 4248 quam
739 4178 967 4245 decem,
1017 4177 1330 4232 descendit
1375 4179 1723 4239 Caesaream.
1777 4184 1836 4233 et
1864 4195 1967 4249 po-

317 4273 474 4322 stero
508 4267 603 4322 die
649 4267 804 4322 sedit
853 4283 959 4339 pro
1018 4267 1322 4329 tribunali,
1361 4267 1661 4338 jussitque
1716 4268 1966 4323 Paulum

315 4354 551 4409 adduci.
585 4354 693 4419 Qui
726 4370 855 4409 cum
888 4353 1207 4425 perductus
1239 4360 1412 4419 esset,
1447 4356 1971 4411 circumsteterunt

315 4460 451 4499 eum
484 4442 672 4514 quiab
693 4443 1076 4514 Jerosolymis
1094 4441 1746 4511 descenderantJudwi,
1780 4444 1969 4500 multa

315 4537 375 4587 et
403 4532 601 4604 gravia
631 4532 883 4589 crimina
928 4532 1310 4589 intendentes
1353 4533 1636 4589 adversus
1692 4533 1963 4602 Paulum,

312 4639 444 4695 quae
476 4640 594 4679 non
626 4628 900 4695 poterant
945 4622 1218 4694 probare,
1267 4623 1449 4679 Paulo
1482 4641 1588 4695 pro
1621 4640 1683 4680 se
1713 4640 1956 4696 respon-
1989 4615 2036 4678 D
2067 4616 2312 4689 Παύλου,

308 4715 508 4784 dente,
550 4713 707 4786 quod
746 4729 940 4785 neque
986 4713 1046 4768 in
1097 4712 1289 4786 legem
1345 4712 1705 4783 Judaaorum,
1762 4730 1959 4787 neque

308 4806 371 4860 in
414 4805 725 4879 templum,
777 4821 972 4876 neque
1004 4804 1069 4858 in
1112 4804 1404 4859 Caesarem
1438 4804 1763 4877 quidquam
1817 4821 1956 4878 pec-

309 4901 520 4951 casset.
570 4897 778 4950 Festus
835 4899 1035 4949 autem
1087 4893 1290 4949 volens
1342 4894 1660 4966 gratificari
1716 4895 1956 4964 Iudaeis,

308 4983 679 5056 respondens
759 4983 964 5049 Paulo,
1047 4983 1262 5038 dixit:
1354 4984 1447 5038 Vis
1530 4984 1958 5056 Jerosolymam

310 5073 653 5140 ascendere,
706 5078 765 5128 et
820 5072 901 5127 ibi
930 5071 1001 5128 de
1032 5073 1124 5127 his
1158 5072 1416 5145 judicari
1448 5073 1607 5144 apud
1638 5073 1777 5129 me?
1805 5075 1961 5128 Dixit

310 5169 509 5219 autem
540 5162 797 5219 Paulus:
850 5162 936 5217 Ad
987 5160 1249 5217 tribunal
1294 5163 1542 5217 Caesaris
1572 5168 1680 5231 sto,
1715 5162 1817 5217 ubi
1864 5178 1957 5217 me

308 5257 543 5326 oportet
581 5251 861 5325 judicari.
920 5251 1137 5307 Iudaeis
1193 5251 1420 5307 nullam
1476 5252 1589 5307 feci
1650 5252 1954 5324 injuriam,

309 5342 465 5398 sicut
493 5347 554 5397 et
608 5346 675 5396 tu
704 5339 920 5395 melius
976 5340 1154 5394 nosti.
1191 5340 1245 5395 Si
1307 5340 1465 5396 enim
1498 5340 1781 5413 injuriam
1821 5341 1958 5410 feci,

309 5439 411 5489 aut
440 5432 746 5504 quidpiam
792 5429 1035 5504 dignum
1081 5437 1271 5486 morte
1317 5432 1669 5503 perpetravi,
1720 5448 1839 5486 non
1872 5447 1959 5487 re-

307 5542 451 5581 cuso
495 5524 664 5579 mori.
728 5523 786 5578 Si
837 5538 971 5577 vero
1021 5520 1172 5575 nihil
1213 5527 1300 5575 est
1344 5538 1550 5577 eorum
1608 5523 1680 5576 de
1741 5521 1958 5592 quibus

305 5615 460 5671 172
492 5612 553 5669 hi
585 5615 867 5669 accusant
913 5625 1029 5677 me,
1083 5625 1258 5664 nemo
1307 5615 1503 5681 potest
1559 5626 1654 5665 me
1684 5609 1806 5665 illis
1861 5609 1959 5666 do-

306 5720 477 5766 nare.
508 5703 807 5761 Cmaarem
838 5698 1096 5773 appello.
1128 5701 1288 5755 Tunc
1303 5699 1510 5756 Festus
1541 5716 1675 5757 cum
1706 5700 1957 5757 consilio

2081 3364 2292 3437 πρῶτοι
2366 3370 2474 3419 τῶν
2549 3363 2827 3422 Ἰουδαίων
2898 3368 3036 3423 κατὰ
3131 3374 3229 3425 τοῦ
3329 3370 3572 3440 Παύλου,
3648 3369 3746 3426 καί

2080 3454 2423 3527 παρεκάλουν
2478 3455 2666 3525 αὐτὸν,
2743 3456 3055 3531 αἰτούμενοι
3135 3478 3299 3535 χαριν
3371 3461 3486 3515 κατ’
3543 3458 3737 3532 αὐτοῦ,

2081 3542 2232 3606 ὅπως
2307 3541 2728 3617 μεταπέμψηται
2804 3545 2964 3602 αὐτὸν
3039 3547 3115 3610 εἷς
3192 3548 3576 3622 Ἰερουσαλὴμ,
3655 3546 3743 3604 ἔν-

2080 3629 2236 3705 εδραν
2264 3636 2573 3700 ποιοῦντες,
2640 3633 2848 3690 ἀνελεῖν
2914 3637 3076 3692 αὐτὸν
3133 3639 3271 3694 κατὰ
3336 3641 3434 3709 τὴν
3489 3637 3637 3697 ὀδόν.
3670 3640 3735 3698 Ὁ

2084 3722 2179 3795 μὲν
2243 3722 2336 3777 οὖν
2401 3727 2621 3793 Φῆστος
2684 3724 2950 3798 ἀπεκρίθη
3016 3730 3297 3802 τηρεῖσθαι
3361 3729 3455 3785 τὸν
3513 3727 3732 3786 Παῦλον

2079 3811 2132 3866 ὲν
2197 3813 2518 3888 Καισαρείᾳ,
2574 3813 2760 3869 ἑαυτὸν
2814 3812 2872 3869 δὲ
2932 3814 3155 3886 μέλλειν
3224 3817 3277 3873 ἂν
3344 3817 3503 3894 τάχει
3569 3819 3744 3875 ἐκπο-

2081 3900 2349 3975 ρεύεσθαι.
2409 3902 2476 3959 Οἱ
2526 3900 2618 3956 οὖν
2668 3899 2880 3959 δυνατοὶ
2933 3903 2986 3959 ἐν
3046 3905 3197 3977 ὑμῖν,
3258 3908 3415 3983 φησὶ,
3462 3928 3738 3986 συγκατα-

2078 3984 2291 4059 ϐάντες,
2324 3988 2378 4046 εἷ’
2430 4012 2482 4046 τι
2541 3991 2682 4046 ἐστὶν
2741 3990 2793 4046 ἐν
2847 3997 2927 4066 τῷ
2982 3990 3136 4069 ἀνδρὶ
3189 3995 3369 4069 τούτῳ
3397 3984 3729 4074 κατηνορεί-

2073 4100 2252 4135 τωσαν
2326 4079 2513 4135 αὐτοῦ·
2592 4081 2885 4156 Διατρίψας
2986 4079 3045 4137 δὲ
3118 4083 3171 4139 ἐν
3250 4086 3441 4149 αὐτοῖς
3515 4085 3729 4159 ἡμέρας

2074 4169 2302 4231 πλείους
2352 4169 2387 4239 ἢ
2439 4167 2587 4237 δέκα,
2644 4165 2885 4233 καταϐὰς
2941 4171 3017 4234 εἰς
3078 4174 3425 4249 Καισάρειαν,
3456 4179 3524 4250 τῇ
3556 4173 3729 4231 ἐπαύ-

2077 4278 2194 4333 ριον
2247 4259 2471 4323 καθίσας
2527 4257 2616 4314 ἐπὶ
2670 4264 2768 4315 τοῦ
2822 4261 3092 4336 βήματος,
3144 4260 3393 4321 ἐκέλευσε
3438 4265 3531 4320 τὸν
3581 4269 3730 4320 Παῦ-

2076 4345 2172 4403 λον
2231 4347 2492 4423 ἀχθῆναι.
2547 4347 2991 4425 Παραγενομὲνου
3057 4347 3115 4406 δὲ
3180 4352 3369 4421 αὐτοῦ,
3436 4353 3730 4430 περιέστη-

2075 4459 2168 4493 σαν
2211 4438 2262 4492 οἱ
2328 4437 2435 4493 ἀπὸ
2500 4436 2904 4513 Ἱεροσολύμων
2963 4435 3397 4513 καταϐεϐηκότες
3458 4440 3728 4515 Ιουδαῖοι,

2072 4525 2259 4584 πολλὰ
2323 4529 2415 4583 καὶ
2484 4526 2651 4603 βαρέα
2726 4527 3023 4603 αἰτιάματα
3098 4529 3351 4609 φέροντες
3426 4534 3562 4588 κατᾶ
3624 4537 3729 4589 τοῦ

2412 4615 2445 4673 ἂ
2543 4619 2648 4673 οὐκ
2743 4616 2938 4695 ἴσχυον
3031 4619 3335 4696 ἀποδεῖξαι,
3410 4622 3727 4700 ἀπολογου-

2072 4707 2236 4782 μὲνου
2266 4707 2452 4778 αὐτοῦ,
2485 4707 2571 4763 ὅτι
2603 4705 2741 4765 Οὔτε
2801 4708 2879 4772 εἷς
2932 4709 3027 4765 τὸν
3083 4711 3255 4785 νόμον
3280 4716 3388 4769 τῶν
3417 4710 3725 4784 Ἰουδαίων,

2070 4797 2195 4856 οὔτε
2233 4800 2311 4861 εὶς
2374 4799 2439 4854 τὸ
2504 4799 2674 4874 ἱερὸν,
2743 4795 2868 4854 οὔτε
2935 4800 3013 4864 εἷς
3078 4802 3319 4877 Καίσαρά
3354 4824 3409 4859 τι
3445 4802 3726 4877 ἥμαρτον.

2067 4891 2129 4948 Ὀ
2158 4895 2377 4959 Φῆστος
2435 4887 2492 4945 δὲ
2545 4894 2663 4950 τοῖς
2723 4886 3007 4953 Ἰουδαίοις
3065 4889 3239 4956 θέλων
3294 4893 3457 4970 χάριν
3495 4892 3731 4950 καταθέ-

2068 4980 2213 5051 σθαι,
2246 4978 2562 5051 ἀποκριθεὶς
2621 4982 2702 5051 τῷ
2760 4977 2984 5051 Παύλῳ,
3045 4980 3180 5036 εἶπε·
3241 4981 3429 5048 Θέλεις
3456 4982 3730 5057 εἷςἸερο-

2068 5065 2288 5140 σόλυμα
2378 5061 2602 5136 ἀναϐὰς,
2663 5065 2773 5122 ἐκεῖ
2828 5067 2953 5140 περὶ
3037 5068 3246 5125 τούτων
3305 5071 3575 5146 κρίνεσθαι
3637 5070 3727 5127 ἐπ’

2067 5154 2243 5230 Epeo;
2275 5157 2408 5213 Είπε
2442 5155 2500 5213 δὲ
2530 5158 2559 5212 6
2594 5155 2830 5219 Παῦλος
2882 5158 3005 5215 Ἐπὶ
3038 5162 3134 5213 τοῦ
3169 5160 3418 5234 βήματος
3448 5162 3723 5237 Καίσαρος

2067 5246 2235 5310 ἑστώς
2291 5248 2428 5323 εἰμι,
2487 5248 2550 5303 οὗ
2613 5268 2680 5320 με
2746 5244 2829 5303 δεῖ
2881 5247 3173 5323 κρίνεσθαυ
3225 5247 3518 5314 Ἰουδαίους
3568 5248 3726 5308 οὐδὲν

2067 5335 2325 5409 ἠδίκησα,
2390 5339 2465 5399 ὡς
2529 5337 2621 5392 καὶ
2682 5358 2745 5392 συ
2809 5335 3043 5394 κάλλιον
3101 5340 3496 5415 ἐπιγινώσκεις.
3529 5342 3593 5400 Ei
3628 5344 3726 5417 μὲν

2066 5428 2168 5504 γάρ
2244 5427 2436 5496 ἀδικῶ,
2512 5427 2603 5483 καὶ
2680 5424 2825 5497 ἄξιον
2905 5430 3136 5492 θανάτου
3211 5427 3473 5511 πέπραχά
3524 5454 3598 5501 τι,
3655 5433 3723 5489 οὐ

2067 5522 2439 5592 παραιτοῦμαι
2493 5518 2557 5572 τὸ
2612 5518 2916 5573 ἀποθανεῖν.
2977 5517 3042 5574 El
3097 5515 3155 5574 δὶ
3222 5517 3378 5575 οὐδέν
3443 5520 3589 5579 ἐστιν
3643 5524 3720 5579 ὧν

2067 5607 2219 5663 οὗτοι
2286 5605 2651 5682 κατηγοροῦσί
2708 5627 2835 5680 μου,
2892 5604 3072 5670 οὐδείς
3133 5628 3201 5681 με
3258 5606 3480 5667 δύναται
3534 5611 3723 5679 αὐτοῖς

2065 5697 2416 5774 χαρίσασθαι.
2493 5695 2742 5772 Καίσαρα
2815 5694 3207 5771 ἆπικαλοῦμαι·
3282 5698 3422 5757 Τότε
3491 5701 3520 5757 ὁ
3596 5709 3723 5775 φῆ-
