4112 6450
302 357 431 421 τεο

1461 357 1887 424 (ΕΟΟΜΕΝΙῘ
1931 353 2240 418 ΤΠΙΟϐλΕ
2285 351 2660 416 EPISCOPI.

326 511 456 555 στος
496 489 882 565 συλλαλήσας
941 490 1077 566 μετὰ
1129 496 1228 547 τοῦ
1286 485 1653 564 συμϐουλίου,
1711 487 1997 562 ἀπεκρίθη.

2136 488 2471 555 :ollocutus,
2522 482 2870 556 respondit:
2930 484 3222 538 Cmsarem
3279 477 3646 550 appellasti?
3692 477 3768 532 ad

339 584 595 659 Καίσαρα
621 579 997 654 ἐπικέκλησαι
1038 599 1053 650 ;
1084 579 1172 636 ἐπὶ
1230 580 1479 657 Καίσαρα
1508 578 1766 656 πορεύσῃ.
1801 601 1829 631 ››

420 673 521 737 Τὸ,
556 696 584 723 ιι
619 670 749 728 Ἐπὶ
782 674 884 725 τοῦ
917 671 1173 745 βήματος
1203 669 1476 743 Καίσαρος
1506 668 1674 730 ἑστώς
1708 666 1885 741 sint,»
1907 662 2007 744 ἔφη

352 765 381 820 6
410 759 652 825 Παῦλος,
683 755 1035 835 βουλόμενος
1063 757 1159 818 τὰς
1192 761 1300 812 τῶν
1360 753 1637 814 Ἰουδαίων
1694 760 1882 831 χεῖρας
1931 752 2013 809 ἐκ·

353 856 573 932 φυγεῖν,
602 846 881 904 τουτέστιν
915 846 967 903 ὲν
1004 850 1076 921 τῇ
1105 846 1294 921 Ῥώμῃ
1352 845 1497 910 θέλω
1554 842 1808 908 ἀπελθεῖν
1867 843 2013 917 παρά

348 950 431 1015 τῷ
461 938 707 1018 βασιλεῖ,
737 937 895 993 κάκεῖ
920 934 1257 993 δικάσασθαι.
1316 933 1692 1008 Ἐκκαλοῦμαί
1744 954 1823 1004 σε,
1856 933 2009 1010 φησί.

349 1034 421 1089 Τὸ
453 1032 584 1109 γὰρ,
626 1033 851 1104 Καῖσαρ,
914 1022 1109 1100 ὄνομα,
1158 1023 1483 1099 Ῥωμαϊστί,
1539 1021 1768 1101 βασιλέα
1820 1022 2016 1095 σημαί-

344 1145 451 1189 νει,
510 1120 594 1183 ὡς
648 1121 821 1189 κοινῷ
869 1115 1095 1188 ὀνόματι
1153 1114 1355 1178 πάντας
1421 1113 1666 1189 βασιλεῖς
1722 1111 2010 1185 Ῥωμαίων

345 1212 632 1285 Καίσαρας
663 1209 760 1283 μεν
786 1204 1094 1275 καλεῖσθαι,
1123 1202 1256 1260 καθὰ
1319 1203 1386 1274 δὴ
1452 1200 1721 1278 βασιλεῖς,
1776 1201 1839 1258 οὐ
1902 1203 2010 1275 μὴν

343 1302 440 1359 καὶ
476 1298 636 1355 lania
666 1297 842 1353 αὐτῶν
871 1295 1114 1370 ὀνόματα
1153 1294 1292 1349 εἶναι
1323 1297 1512 1349 ταῦτα.
1572 1292 1694 1349 Ἐπὶ
1756 1290 1850 1366 μὲν
1909 1290 2014 1368 γάρ

343 1398 450 1461 τῆς
480 1391 586 1443 τοῦ
612 1388 845 1463 Χριστοῦ
873 1385 1174 1459 γεννήσεως
1206 1384 1235 1439 ὁ
1265 1382 1388 1437 τότε
1447 1379 1749 1457 βασιλεύων
1806 1381 2015 1454 Καῖσαρ

346 1479 672 1554 Α’ύγουστος
701 1471 975 1530 ἐκαλεῖτιν
1017 1466 1182 1537 ἔπαθε
1239 1469 1298 1527 δὲ
1344 1471 1432 1527 ἐπὶ
1497 1465 1754 1545 Τιϐερίου
1812 1469 2013 1526 Καίσα-

356 1589 473 1644 ρος.
504 1567 573 1624 Ὀ
604 1561 666 1621 ὂὶ
700 1561 970 1638 μακάριος
1032 1558 1247 1623 Παῦλος
1295 1557 1381 1616 ἐπὶ
1444 1559 1697 1634 Νέρωνος
1748 1557 2012 1633 Καίσαρος

361 1660 663 1733 ἀναιρεῖται
692 1653 748 1710 ἑν
777 1651 982 1728 Ῥώμῃ.

978 1744 1247 1800 ΚΕΦΑΛ.
1280 1741 1397 1796 AZ‘.

375 1834 636 1911 Ἀγρίππα
687 1831 781 1888 καὶ
859 1830 1124 1908 Βερνίκης
1219 1829 1511 1926 παρουσία,

484 1912 511 1924 η
708 1906 723 1923 ‘
795 1907 833 1926 Ιῖ
850 1925 858 1926 κ
881 1901 935 1926 *Ἰ
962 1925 971 1926 κ
1004 1925 1007 1926 ,
1112 1904 1171 1926 ira
1193 1924 1196 1926 λ
1426 1906 1503 1926 Πμ.

445 1897 547 1963 girl
599 1906 734 1961 κατᾶ
795 1897 1034 1977 Παῦλον.
1080 1897 1200 1977 "Ex!
1426 1897 1650 1977 Παύλου
1687 1972 1697 1977 Δ
1735 1897 2017 1977 ἀπολογία

439 1978 522 2051 ἐπέ
574 1978 751 2051 αὐτῶν
826 1975 951 2051 περὶ
980 2046 993 2051 _
1022 1982 1152 2051 τῆς-
1180 1970 1409 2051 ἐννόμου
1451 1972 1761 2051 Δθρησκείαις
1850 1970 2019 2051 aii-E06

439 1997 516 2034 επ
574 1997 751 2033 αυτων
826 1997 951 2051 περι
1022 1997 1122 2045 της
1180 1997 1296 2030 εννο
1347 1997 1409 2029 ου
1472 1997 1761 2050 υρησκειας
1850 1997 2017 2026 αυτου

429 2050 520 2123 καί
604 2049 863 2123 κλήσεως
950 2046 1041 2123 εἷςΔ
1101 2046 1164 2104 τὸ
1232 1997 1610 2123 λΕύέιγγέλιον·
1701 2044 1802 2123 ὡς..
1855 2041 2017 2098 οὐδὲν

424 2121 609 2178 ἀδικεῖ
663 2112 960 2183 Ἰουδαίους
1020 2120 1048 2174 6
1112 2116 1331 2182 Ιιαῦλος
1376 2112 1717 2194 ”Ᾰγρίππας,
1776 2112 1879 2195 ἔφη
1939 2119 2022 2187 τῷ

426 2196 662 2267 Φήστφο

426 2308 457 2336 ιι
480 2284 741 2359 Ἥμερῶν
772 2278 831 2337 δὲ
859 2276 1258 2356 διαγενομένων
1285 2284 1449 2336 τινῶν
1478 2277 1779 2353 ’Δγρίππας
1826 2277 1855 2332 6
1920 2276 2019 2352 βα-

352 2371 543 2434 σιλεὺς
618 2372 710 2427 καὶ
771 2369 1029 2447 Βερενίκη
1111 2370 1456 2442 κατήντησαδ
1543 2366 1619 2430 είς
1679 2366 2020 2441 Καισάρειαν,

352 2463 735 2534 ἀσπασόμενοι
789 2460 883 2516 τὸν
941 2465 1180 2530 Φῆστον.
1232 2460 1321 2522 Ὠς
1381 2456 1439 2514 δὲ
1511 2455 1739 2519 πλείους
1806 2455 2018 2531 ἡμέρας

353 2546 633 2627 διέτριϐεν
689 2549 822 2619 ἐκεῖ,
882 2550 912 2605 6
970 2554 1189 2620 Φῆστος
1244 2553 1325 2622 τῷ
1405 2545 1624 2625 βασιλεῖ
1679 2546 1896 2602 ἀνέθετο
1953 2544 2021 2600 τὰ

347 2644 498 2699 κατᾶ
581 2640 675 2697 τὸν
754 2636 993 2708 Παῦλον,
1081 2637 1275 2716 λέγων·
1339 2639 1502 2713 Ἀνήρ
1553 2637 1638 2700 τίς
1695 2635 1808 2692 ἐστι
1858 2655 2021 2691 κατα-

356 2729 744 2805 λελειμμένος
779 2728 884 2784 ὑπὸ
915 2725 1168 2799 Φήλικος
1199 2725 1444 2803 δέσμιος,
1491 2726 1614 2803 περὶ
1669 2724 1732 2782 οὗ
1787 2725 2011 2802 γενομέ-

350 2842 451 2878 νου
506 2841 618 2895 μου
682 2817 760 2882 εἷς
818 2816 1196 2894 Ἱεροσόλυμα,
1255 2817 1581 2897 ἰνειράνησαν
1633 2818 1685 2872 οἱ
1742 2814 2018 2894 ἀρχιερεῖς

349 2912 449 2967 καῖ
516 2911 573 2965 οἳ
651 2903 1017 2984 πρεσϐύτεροι
1098 2911 1206 2964 τῶν
1307 2905 1605 2980 Ἰουδαίων,
1705 2904 2018 2979 αἰτούμενοι

348 3002 473 3057 κατ’
532 3000 708 3056 αὐτοῦ
769 2996 949 3070 δίκην.
1025 2998 1166 3073 Πρὸς
1223 2998 1318 3061 οὓς
1373 2996 1692 3073 ἀπεκρίθην,
1751 2995 1835 3051 ὅτι
1921 2992 2022 3051 οὒκ

354 3090 498 3146 ἔστιν
592 3087 715 3155 ἔθος
797 3087 1095 3162 Ῥωμαίοις
1169 3086 1490 3167 χαρίζεσθαί
1553 3107 1674 3142 τινα
1728 3084 2017 3161 ἄνθρωπον

353 3181 431 3244 εἰς
521 3176 837 3249 ἀπώλειαν,
895 3177 1024 3254 πρὶν
1109 3176 1145 3247 ἢ
1205 3178 1235 3233 6
1321 3176 1798 3253 κατηγορούμενος
1881 3174 2019 3229 κατὰ

348 3270 660 3346 πρόσωπον
706 3265 831 3344 ἔχοι
885 3265 1014 3329 τοὺς
1071 3267 1431 3343 κατηγόρους,
1488 3265 1655 3322 τόπον
1712 3285 1772 3320 τε
1820 3262 2024 3320 ἀπολο-

352 3359 475 3434 γίας
502 3353 675 3414 λάϐοι
712 3357 835 3434 περὶ
897 3360 996 3412 τοῦ
1053 3353 1425 3430 ἐγκλήματος.
1487 3353 1871 3419 Συνελθόντων
1928 3351 2020 3409 οὖν

356 3448 542 3506 αὐτῶν
626 3444 835 3517 ἐνθάδε,
901 3441 1182 3517 ἀναϐολὴν
1267 3443 1543 3521 μηδεμίαν
1624 3444 2020 3518 ποιησάμενος,

355 3542 433 3612 τῇ
464 3539 594 3609 ἑξῆς
625 3536 852 3602 καθίσας
896 3535 987 3592 ἐπὶ
1043 3540 1140 3593 τοῦ
1196 3536 1473 3611 βήματος,
1531 3533 1788 3591 ἐκέλευσα
1843 3534 2025 3604 cile-7;-

362 3650 454 3683 ναι
511 3627 609 3682 τὸν
660 3624 852 3699 ἄνδρα.
914 3627 1045 3702 Περὶ
1110 3624 1178 3681 οῦ
1235 3625 1513 3692 σταθέντες
1593 3626 1646 3681 οἱ
1703 3627 2024 3702 κατήγοροι,

376 3715 637 3787 οῦὸεμίαν
696 3716 870 3773 αἰτίαν
934 3715 1191 3796 ἐπέφερον
1252 3716 1327 3771 ὧν
1410 3716 1670 3772 ὑπενόουν
1731 3713 1858 3789 ἐγώ.
1919 3720 2025 3784 Ζηο

382 3806 609 3878 τήματα
685 3803 736 3863 δέ
802 3827 925 3863 τινα
1008 3805 1133 3881 περὶ
1214 3812 1317 3876 τῆς
1398 3803 1539 3869 ῒδίας
1597 3801 2024 3879 δεισιδαιμονίας

384 3898 543 3971 εἶχον
598 3897 723 3971 πρὸς
798 3896 985 3967 αὐτὸν,
1038 3896 1131 3953 καὶ
1195 3895 1321 3971 περί
1376 3917 1525 3959 τινος
1600 3892 1780 3965 Ἰησοῦ
1831 3905 2026 3965 τεθνη-

372 3983 552 4050 κότος,
614 3986 673 4041 δν
728 3984 956 4061 ἰςασκεν
1013 3987 1043 4041 6
1104 3986 1321 4049 Παῦλος
1379 3989 1500 4060 ζῇν.
1529 3984 1937 4061 Ἀπορούμενος
1968 3980 2028 4038 δὲ

366 4074 483 4149 ἐγὼ
512 4095 616 4144 την
662 4076 788 4151 περὶ
833 4076 1033 4133 τούτου
1087 4078 1337 4148 ζήτησιν,
1385 4074 1595 4150 ἔλεγον,
1656 4074 1702 4129 εἱ
1764 4072 2026 4149 βούλοιτο

359 4165 701 4240 πορεύεσθαι
760 4165 837 4229 είς
920 4165 1313 4243 Ἰερουσαλὴμ,
1371 4166 1525 4222 κάκεῖ
1581 4165 1850 4241 κρίνεσθαι
1901 4162 2026 4241 περὶ

356 4255 606 4313 τούτων.
665 4261 776 4313 Τοῦ
851 4254 909 4314 δὶ
992 4257 1216 4316 Παύλου
1286 4255 1773 4331 ἐπικαλεσαμένου,
1859 4274 2029 4331 τηρη-

358 4347 527 4415 θῆναι
596 4346 759 4402 αὐτὸν
832 4347 908 4409 εἷς
988 4350 1089 4419 τήν
1170 4352 1270 4404 τοῦ
1354 4342 1629 4405 Σεϐαστοῦ
1711 4346 2026 4421 διάγνωσιν,

353 4433 630 4491 ἐκέλευσα
709 4442 990 4512 τηρεῖσθαι
1074 4438 1238 4494 αὐτὸν
1315 4434 1421 4501 ἓως
1487 4438 1549 4492 0'3
1607 4435 1811 4510 πέμψω
1867 4434 2027 4490 αὐτὸν

352 4526 501 4601 πρὸς
567 4525 826 4601 Καίσαρα.
905 4526 1219 4604 Ἀγρίππας
1292 4524 1349 4583 δὲ
1433 4526 1570 4603 πρὸς
1654 4526 1749 4581 τὸν
1807 4531 2028 4595 Φῆστον

1620 1829 1711 1885 καὶ
1798 1825 2013 1889 πεύσεις

355 4593 496 4695 εῴη·
529 4593 889 4692 Ἐϐουλόμην
921 4593 1023 4675 καί.
1065 4618 1231 4682 αὐτὸς
1284 4622 1383 4674 τοῦ
1438 4593 1727 4695 ἀνθρώπου
1777 4593 2025 4673 ἀκοῦσαι.
2054 4593 2103 4660 D

352 4706 421 4764 Ὀ
455 4703 540 4775 ὃὶ,
574 4706 806 4781 Αὔριον,
839 4709 1030 4787 φησὶν,
1081 4708 1290 4783 ἀκούσῃ
1346 4708 1535 4765 αὐτοῦ.
1587 4710 1666 4781 Τῇ
1722 4706 1813 4761 οὗν
1860 4704 2025 4760 έπαύ-

357 4815 486 4871 ριον
574 4792 830 4860 έλθόντος
906 4802 1007 4854 τοῦ
1089 4799 1373 4874 Ἀγρίππα
1422 4798 1513 4854 καὶ
1581 4802 1682 4866 τῆς
1736 4793 2024 4872 Βερενίκης

360 4885 506 4959 μετὰ
565 4882 789 4956 πολλῆς
877 4888 1191 4961 φαντασίας,
1249 4889 1362 4944 ’καὶ
1424 4884 1780 4952 εἰσελθόντων
1831 4885 1907 4947 εἷς
1961 4885 2025 4940 τὸ

354 4974 734 5050 ἀκροατήριον
811 4976 907 5031 σύν
992 4997 1053 5033 τε
1101 4982 1221 5041 τοῖς
1273 4974 1603 5052 χιλιάρχοις
1651 4974 1741 5032 καὶ
1797 4971 2023 5049 ἀνδράσι

353 5068 477 5126 τοῖς
532 5067 655 5120 κατ’
716 5062 922 5145 ἐξοχὴν
981 5066 1102 5122 οὖσι
1159 5072 1261 5136 τῆς
1291 5064 1533 5138 πόλεως,
1590 5065 1681 5122 καὶ
1740 5062 2025 5121 κελεύσαν-

353 5174 451 5216 τος
506 5157 606 5210 τοῦ
694 5156 945 5226 Φήστου,
1003 5155 1157 5235 ἢχθη
1219 5157 1247 5211 6
1321 5154 1560 5220 Παῦλος.
1616 5153 1715 5212 Καί
1773 5175 1935 5232 φησιν
1992 5152 2021 5207 6

356 5249 599 5314 Φῆστος·
692 5244 981 5321 Ἀγρίππα
1064 5245 1315 5320 βασιλεῦ,
1373 5246 1463 5301 καὶ
1514 5244 1708 5306 πάντες
1760 5244 1812 5298 οἱ
1879 5262 2021 5317 συμ-

358 5339 619 5414 παρόντες
652 5340 797 5412 ἡμῖν
846 5334 1063 5411 ἄνδρες,
1120 5339 1374 5414 θεωρεῖτε
1426 5342 1669 5407 τοῦτονς
1716 5334 1841 5411 περὶ
1897 5332 2021 5390 τού·

350 5447 443 5484 του
497 5437 604 5488 πᾶν
661 5428 731 5487 τὸ
783 5424 1009 5495 πλῆθος
1067 5431 1176 5482 τῶν
1238 5424 1515 5485 Ἰουδαίων
1571 5424 1823 5501 ἐνέτυχόν
1899 5445 2016 5498 μοι,

338 5514 389 5578 ἔν
434 5545 490 5583 τε
551 5515 992 5600 Ἱεροσολύμοις
1075 5517 1164 5571 καὶ
1242 5513 1449 5585 ἐνθάδε,
1527 5510 1852 5575 ἐπιϐοῶντες
1935 5515 2013 5587 μὴ

324 5608 430 5675 δεῖν
478 5619 587 5692 ζῇν
626 5598 633 5600 ⁷
678 5605 868 5668 αὐτὸν
951 5603 1170 5678 μηκέτι.
1231 5606 1376 5681 Ἐγὼ
1434 5601 1494 5661 δὶ
1566 5598 2016 5692 καταλαϐόμενος

306 5708 485 5792 μηδὲν
518 5690 697 5780 ἄξιον,
762 5695 1013 5764 θανάτου
1070 5693 1230 5751 αὐτὸν
1283 5694 1647 5775 πεπραχέναι,
1704 5694 1793 5750 καὶ
1845 5690 2014 5748 αὐτοῦ

2115 586 2406 641 Caesarem
2429 581 2563 637 ibis.
2598 605 2620 632 ι

2191 696 2219 725 ι(
2243 673 2331 729 Ad
2359 670 2621 727 tribunal
2652 668 2899 725 Czesaris
2940 672 3049 733 sto,
3087 688 3114 715 υ
3148 664 3231 720 ait
3278 661 3515 725 Paulus,
3550 660 3763 716 volens

2113 764 2451 820 Iudaeorum
2487 777 2697 817 manus
2729 759 3006 829 effugere,
3039 756 3151 809 hoc
3182 759 3292 821 est,
3341 752 3469 807 volo
3509 752 3757 807 Romam

2117 854 2415 927 proﬁcisci
2447 853 2521 908 ad
2542 852 2987 922 imperatorem,
3013 849 3071 901 et
3098 842 3475 914 ibijudicari.
3503 842 3763 895 Provoco

2117 950 2196 1011 te,
2230 944 2443 1016 inquit.
2479 944 2705 998 Nomen
2753 942 2945 994 Caesar
3005 936 3270 990 Romana
3316 931 3522 1003 lingua
3557 945 3759 1001 regem

2119 1051 2223 1091 seu
2268 1034 2691 1106 imperatorem
2741 1029 3069 1102 signiﬁcat:
3137 1022 3285 1081 adeo
3336 1026 3400 1075 ut
3449 1018 3761 1075 communi

2119 1125 2364 1179 nomine
2396 1139 2605 1179 omnes
2635 1118 3027 1192 imperatores
3065 1117 3464 1171 Romanorum
3501 1114 3762 1166 Cassares

2121 1218 2422 1283 vocentur,
2474 1218 2756 1282 tanquam
2789 1209 2951 1264 dicas
3008 1220 3177 1278 reges
3208 1202 3298 1258 vel
3349 1202 3768 1271 imperatores.

2118 1304 2295 1375 Atqui
2328 1303 2457 1359 hinc
2485 1318 2610 1358 non
2640 1305 2812 1356 erant
2839 1295 3080 1370 prepria
3108 1308 3315 1349 eorum
3347 1288 3611 1345 nomina.
3652 1285 3768 1340 Sub

2118 1394 2336 1450 Christi
2381 1392 2544 1448 enim
2568 1390 2894 1455 nativitate,
2920 1385 3021 1458 qui
3051 1389 3191 1439 tunc
3217 1377 3552 1453 imperabat
3575 1377 3775 1433 Caesar

2118 1487 2416 1557 Augustus
2448 1480 2808 1538 vocabatur:
2844 1492 3053 1550 passus
3086 1478 3177 1530 est
3219 1478 3419 1527 autem
3464 1467 3573 1523 sub
3604 1465 3777 1521 Tibe-

2118 1555 2482 1630 rioﬁCaasare.
2508 1571 2728 1628 Paulus
2750 1584 2885 1625 vero
2907 1565 3017 1622 sub
3041 1566 3272 1620 Nerone
3303 1560 3535 1616 Caesare
3567 1555 3767 1611 Romae

2117 1665 2496 1721 interficitur.

2675 1751 2908 1810 CAPUT
2940 1744 3219 1804 XXXVII.

2052 1861 2099 1928 Β
2130 1848 2399 1928 Agrippae
2429 1852 2480 1901 et
2507 1845 2763 1928 Bernic'es
2793 1840 3076 1905 adventus,
3104 1853 3168 1928 ac
3210 1826 3776 1928 ipteiloga‘tlion‘eidg

2200 1901 2360 1973 reinls
2408 1933 2530 1988 quae
2575 1914 2811 1971 Paulum
2858 1901 3261 1988 canem-hebant
3290 1923 3307 1960 :
3344 1906 3408 1988 in
3441 1917 3571 1988 __quo
3614 1901 3780 1988 etiam

2202 1971 2475 2045 hei-iani}
2501 1989 2665 2043 Pauli
2702 1987 2776 2043 ad
2804 2002 2869 2040 ea
2890 1983 3194 2054 responsio,
3227 1978 3293 2033 de
3340 1971 3589 2054 legitimo
3620 1971 3774 2053 cultu

2200 2077 2298 2117 suo
2330 2067 2382 2116 et
2402 2061 2685 2116 vocatione
2735 2057 2809 2113 ad
2832 2048 3253 2127 Euan-genam;
3288 2048 3459 2127 _quod_
3511 2048 3775 2127 Agrippa

2205 2115 2414 2188 ditarit
2447 2115 2611 2187 Festo
2658 2130 2894 2186 Paulum
2923 2115 3165 2183 in'nullo
3191 2115 3410 2177 Iudaeos
3438 2117 3656 2187 injuria
3692 2115 3780 2182 af-

2199 2207 2413 2273 fecisse.

2202 2294 2370 2362 XXV,
2413 2296 2601 2349 13-27.
2657 2313 2679 2343 ι
2729 2293 2801 2348 Et
2851 2306 2988 2348 cum
3036 2287 3164 2343 dies
3213 2283 3444 2355 aliquot
3486 2274 3772 2334 transacti

2130 2388 2381 2438 essent:
2422 2383 2683 2456 Agrippa
2746 2397 2851 2436 rex
2916 2384 2975 2434 et
3026 2374 3270 2432 Bernice
3337 2365 3779 2456 descenderunt

2129 2454 2499 2540 Caesaream,
2532 2454 2845 2528 salutaturi
2890 2470 3152 2525 Festum.
3203 2467 3471 2532 Cumque
3499 2454 3775 2529 pluribus

2129 2561 2341 2619 diebus
2397 2562 2479 2617 ibi
2527 2564 3061 2619 commorerentur.
3109 2556 3316 2611 Festus
3363 2549 3484 2622 regi
3535 2559 3779 2602 causam

2128 2652 2297 2708 Pauli
2327 2652 2555 2721 retulit,
2601 2652 2849 2708 dicens:
2900 2650 3002 2704 Vir
3052 2645 3298 2719 quidam
3349 2645 3441 2697 est
3468 2637 3713 2694 relictus
3743 2650 3780 2688 a

2128 2741 2322 2799 Felice
2360 2744 2614 2812 vinctus,
2666 2742 2738 2798 de
2786 2757 2927 2813 quo,
2978 2754 3116 2795 cum
3164 2733 3460 2790 venissem
3480 2723 3779 2795 Jerosoly-

2128 2849 2309 2901 mam,
2344 2832 2831 2906 signiﬁcaverunt
2859 2829 3005 2886 mihi
3047 2825 3349 2899 principes
3400 2817 3775 2877 sacerdotum

2128 2938 2196 2979 ac
2236 2904 2505 2979 seniores
2548 2923 2910 2989 Iudaeorum,
2958 2916 3333 2991 postulantes
3385 2910 3667 2967 adversus
3698 2904 3772 2960 il-

2126 3011 2251 3068 lum
2318 3013 2700 3070 sententiam.
2770 3009 2992 3077 Quibus
3054 3002 3358 3077 respondi,
3448 3014 3573 3055 non
3641 3010 3769 3050 esse

2128 3103 2412 3159 Romanis
2442 3100 2943 3159 consuetudinem
2995 3096 3069 3153 ob
3116 3094 3367 3169 gratiam
3414 3090 3636 3146 donare
3661 3084 3773 3140 ali-

2134 3209 2311 3264 quem
2344 3193 2647 3249 hominem
2699 3191 2851 3247 118
2904 3194 2970 3243 ut
3017 3189 3239 3259 pereat,
3273 3181 3439 3254 prius
3488 3192 3666 3249 quam
3704 3175 3775 3242 is,

2135 3283 2235 3355 qui
2303 3288 2636 3349 accusatur,
2704 3283 3033 3354 praesentes
3101 3274 3318 3330 habeat
3381 3270 3778 3332 accusatores,

2133 3353 2451 3444 locumque
2481 3370 2844 3428 defendendi
2888 3366 3141 3439 accipiat
3190 3363 3263 3419 de
3308 3358 3580 3416 crimine.
3633 3353 3780 3409 Cum

2136 3479 2272 3536 ergo
2326 3463 2443 3518 huc
2507 3460 2946 3527 convenissent,
2983 3458 3112 3513 sine
3144 3454 3270 3510 ulla
3334 3447 3619 3506 dilatione
3687 3458 3783 3497 se-

2134 3532 2340 3625 quenti
2371 3554 2466 3610 die
2499 3553 2714 3610 sedens
2744 3569 2850 3624 pro
2903 3547 3207 3613 tribunali,
3249 3542 3406 3616 jussi
3453 3535 3667 3596 adduci
3697 3532 3780 3587 vi-

2133 3662 2290 3703 rum.
2324 3647 2405 3701 De
2436 3662 2552 3717 quo
2580 3662 2716 3701 cum
2764 3643 3071 3700 stetissent
3118 3640 3514 3697 accusatores,
3547 3625 3780 3684 nullum

2135 3736 2364 3791 crimen
2396 3715 2792 3791 intendebant
2820 3747 2999 3803 super
3028 3729 3191 3785 hisce
3222 3724 3423 3788 rebus,
3455 3719 3528 3776 de
3560 3715 3779 3789 quibus

2136 3841 2242 3894 ego
2275 3823 2660 3895 suspicabar:
2694 3822 2800 3879 sed
2830 3820 3195 3893 quaestiones
3245 3811 3534 3886 quasdam
3564 3807 3639 3862 de
3672 3820 3782 3861 sua

2137 3913 2561 3986 superstitione
2582 3911 2882 3968 habebant
2905 3909 3186 3965 adversus
3217 3920 3375 3969 eum,
3421 3905 3479 3955 et
3506 3897 3580 3953 de
3623 3911 3781 3986 quo-

2136 3984 2272 4060 dam
2302 4005 2441 4059 Jesu
2482 4001 2784 4069 defuncto,
2835 4014 3015 4071 quem
3058 3992 3395 4052 afﬁrmabat
3446 3986 3667 4043 Paulus
3697 3984 3786 4037 vi-

2136 4111 2291 4151 vere.
2336 4094 2627 4149 Haasitans
2685 4097 2884 4148 autem
2934 4104 3038 4160 ego
3100 4086 3172 4141 de
3217 4076 3561 4155 hujusmodi
3609 4091 3781 4147 quee-

2136 4184 2353 4248 stione,
2390 4183 2685 4247 dicebam,
2734 4197 2882 4237 num
2930 4177 3107 4233 vellet
3154 4174 3240 4229 ire
3289 4169 3676 4238 Jerosolyma,
3727 4166 3787 4218 et

2135 4273 2219 4328 ibi
2277 4290 2458 4345 super
2504 4272 2598 4327 his
2640 4269 2918 4344 judicari.
2970 4268 3116 4322 Cum
3163 4268 3363 4320 autem
3410 4256 3630 4313 Paulus
3677 4268 3784 4345 apf

2134 4342 2423 4435 pellasset
2450 4369 2517 4418 ut
2546 4342 2881 4418 servaretur
2927 4355 3167 4430 Augusti
3217 4346 3582 4425 cogitationi.
3625 4342 3781 4415 jussi

2137 4454 2358 4509 servari
2389 4470 2548 4518 eum,
2581 4451 2771 4508 donec
2803 4449 3100 4505 mitterem
3139 4445 3336 4516 ipsum
3362 4438 3437 4496 ad
3466 4443 3779 4493 Cmsarem.

2133 4543 2395 4615 Agrippa
2435 4548 2634 4598 autem
2682 4540 2832 4596 dixit
2876 4538 2952 4595 ad
2969 4539 3240 4593 Festum:
3268 4529 3548 4587 Volebam
3576 4531 3635 4581 et
3658 4524 3786 4596 ipse

2134 4632 2443 4688 hominem
2468 4630 2695 4687 audire.
2741 4629 2905 4694 Cras,
2957 4624 3155 4697 inquit
3200 4620 3408 4677 audies
3459 4632 3615 4672 eum.
3668 4615 3784 4667 Po-

2136 4726 2293 4776 stero
2323 4737 2461 4777 vero
2510 4719 2607 4775 die
2645 4735 2783 4774 cum
2849 4716 3108 4773 venisset
3147 4710 3405 4781 Agrippa
3434 4710 3494 4762 et
3537 4701 3782 4759 Bernice

2135 4826 2273 4866 cum
2314 4809 2506 4865 multo
2555 4813 2866 4880 apparatu,
2917 4811 2975 4860 et
3024 4800 3378 4858 introissent
3433 4796 3496 4850 in
3544 4791 3780 4880 audito-

2133 4900 2290 4956 rium
2350 4915 2487 4955 cum
2541 4879 2800 4953 tribunis
2850 4902 2909 4951 et
2951 4890 3269 4967 prmoipuis
3317 4885 3457 4941 viris
3496 4879 3773 4967 civitatis,

2124 4981 2382 5054 jubente
2411 4982 2605 5047 Festo,
2656 4962 2971 5035 adductus'
2992 4979 3083 5030 est
3128 4962 3366 5027 Paulus.
3418 4967 3488 5021 Et
3537 4963 3623 5054 ait
3665 4962 3774 5054 Fe-

2132 5050 2298 5127 stus:
2348 5071 2605 5146 Agrippa
2633 5086 2736 5125 rex
2798 5079 3126 5135 omnesque
3171 5060 3273 5133 qui
3322 5054 3503 5114 simul
3556 5050 3779 5109 adestis

2132 5160 2447 5216 nobiscum
2479 5160 2607 5226 viri,
2640 5158 2852 5213 videtis
2883 5157 3044 5211 hunc
3072 5150 3399 5215 hominem,
3429 5146 3503 5201 de
3516 5159 3632 5215 quo
3651 5157 3781 5196 om-

2132 5248 2228 5304 nis
2260 5248 2581 5305 multitudo
2609 5248 2949 5303 Judmorum
2980 5238 3383 5312 interpellavit
3409 5252 3505 5291 me
3538 5239 3663 5289 tum
3687 5230 3778 5287 Je~

2129 5338 2449 5410 rosolymis
2474 5344 2598 5393 tum
2620 5337 2739 5401 hic,
2766 5334 3184 5400 acclamantes,
3209 5344 3331 5384 non
3348 5329 3623 5399 Oportere
3641 5336 3779 5375 eum

2128 5430 2322 5484 vivere
2354 5428 2634 5500 amplius.
2678 5429 2794 5499 Ego
2833 5440 2971 5480 vero
3015 5419 3278 5493 comperi
3326 5414 3480 5473 nihil
3528 5413 3775 5485 dignum

2125 5521 2319 5573 morte
2350 5534 2485 5573 eum
2515 5516 2851 5572 admisisse.
2902 5517 3193 5569 Casterum
3241 5524 3377 5565 cum
3407 5506 3459 5560 is
3508 5503 3634 5575 ipse
3664 5517 3773 5572 ap-

2122 5606 2409 5678 pellasset
2434 5609 2786 5680 Augustum,
2818 5602 2996 5661 statui
3038 5603 3272 5659 mittere
3302 5611 3479 5652 eum:
3536 5591 3609 5647 de
3652 5603 3769 5661 quo

2123 5697 2284 5769 quod
2304 5704 2467 5754 certo
2530 5696 2788 5754 scribam
2856 5694 3124 5768 domino,
3182 5711 3307 5752 non
3372 5689 3581 5748 habeo.
3645 5682 3771 5744 Οιιᾶ
