4112 6404
356 329 473 388 281

1345 329 1747 389 COMMENT.
1799 325 1873 384 ΙΝ
1922 322 2130 384 AGTA
2174 317 2780 382 APOSTOLORUM.

3653 308 3783 371 288

357 465 602 533 propter
646 459 896 532 produxi
967 476 1101 516 eum
1131 459 1204 516 ad
1235 478 1357 528 vos,
1389 467 1446 516 et
1511 461 1766 516 maxime
1825 459 1898 514 ad
1921 465 1998 522 te,

2129 451 2173 508 Ξὶ
2255 451 2451 508 τούτου
2539 444 3006 522 ἐπικαλεσαμένου
3085 445 3181 501 τὸν
3235 437 3529 511 Σεϐαστὸν,
3583 432 3774 516 ἔκρινα

359 568 464 606 rex
486 553 760 623 Agrippa,
801 557 884 619 ut,
911 553 1350 608 examinatione
1372 553 1545 617 facta,
1579 551 1827 607 habeam
1849 549 2009 620 quod

358 639 637 695 scribam.
680 640 957 710 Iniquum
1027 641 1188 696 enim
1269 642 1413 697 mihi
1473 641 1705 696 videtur
1771 640 2006 694 mittere

355 729 638 796 vinctum,
663 734 722 783 et
751 729 1009 785 crimina
1040 730 1111 785 de
1163 731 1379 802 quibus
1429 738 1745 786 accusatur
1774 745 1894 784 non
1927 728 2008 782 si-

357 817 660 890 gniﬁcare.
696 840 724 868 ››

433 1109 451 1134 ι
491 1085 742 1158 Agrippa
777 1103 899 1142 rex.
939 1109 966 1135 »
999 1089 1114 1141 Aut
1143 1087 1299 1159 regis
1329 1087 1573 1143 nomine
1620 1086 2010 1142 descenderat

356 1174 615 1248 Agrippa
646 1176 708 1230 in
760 1177 1112 1248 provincias,
1156 1182 1214 1231 et
1255 1184 1571 1248 propterea
1624 1194 1724 1232 rex
1771 1193 2007 1248 quoque

357 1264 807 1336 appellabatur:
837 1273 940 1320 aut
968 1266 1235 1321 fortassis
1263 1267 1388 1338 ipse
1440 1283 1676 1338 quoque
1723 1283 1824 1321 rex
1875 1272 2001 1322 erat

357 1355 618 1426 partium
674 1356 1077 1418 orientalium,
1133 1374 1270 1412 cum
1330 1359 1478 1413 Nero
1539 1356 2007 1412 occidentalibus

356 1443 696 1515 imperaret,
725 1461 792 1500 ac
824 1447 1102 1500 Romanae
1135 1446 1442 1501 resideret.
1482 1470 1501 1495 ι
1566 1447 1637 1502 Ut
1679 1451 2011 1501 servaretur

358 1534 606 1605 Augusti
627 1535 971 1605 cognitioni.
999 1558 1018 1584 ι
1049 1538 1086 1589 1
1106 1537 1202 1590 74
1224 1528 1493 1589 Σεϐαστὸν
1516 1537 1840 1607 improprie
1867 1535 2011 1590 dicit

357 1639 556 1694 regem
600 1640 704 1678 seu
761 1625 1205 1696 imperatorem,
1273 1626 1776 1697 quemadmodum
1830 1625 2007 1681 etiam

362 1713 696 1767 Caesarem:
749 1731 930 1784 quem
977 1715 1130 1770 infra
1179 1714 1488 1770 dominum
1539 1733 1776 1787 quoque
1821 1722 2006 1782 vocat,

2120 545 2352 617 πέμπειν
2409 541 2596 596 αὐτόν’
2647 539 2770 613 περὶ
2844 539 2906 594 οὗ
2988 535 3225 615 ἀσφαλές
3302 555 3354 589 τι
3441 533 3645 606 γράψαι
3705 535 3783 604 τῷ

2119 633 2294 709 κυρίῳ
2343 633 2446 687 οὐκ
2499 626 2636 705 ἔχω.
2673 630 2750 684 Δι’
2811 630 2838 682 6
2891 630 3210 702 προήγαγον
3265 623 3428 679 αὐτὸν
3459 622 3540 698 ἐφ’
3601 623 3778 694 ὑμῶν,

2118 721 2208 776 καὶ
2247 721 2486 796 μαλιστα
2544 719 2630 773 ἐπὶ
2691 722 2807 786 σοῦ,
2859 714 3087 792 βασιλεῦ
3119 713 3412 790 Ἀγρίππα,
3473 711 3623 771 ’ὁπως
3683 715 3786 778 τῆς

2122 812 2455 883 ἀνακρίσεως
2483 807 2802 884 γενομένης,
2838 807 2959 862 σχῶ
2999 827 3048 861 τι
3108 805 3334 880 γράψαι.
3402 800 3644 875 ’Ἀλογον
3676 800 3784 873 γάρ

2125 922 2216 974 μοι
2251 897 2402 954 δοκεῖ
2430 897 2716 970 πέμποντα
2747 894 2995 970 δέσμιον,
3032 894 3109 968 μή
3143 892 3232 947 καὶ
3289 891 3387 952 τὰς
3443 889 3562 945 κατ’
3617 887 3785 943 αὐτοῦ

2120 989 2295 1051 αῗτίας
2345 1011 2410 1057 ση
2422 993 2606 1061 μᾶναι.
2636 1011 2664 1039 ››

2193 1107 2219 1133 «
2266 1079 2575 1155 Ἀγρίππας
2607 1075 2940 1153 ὁβασιλεύς.
2977 1100 3005 1128 »ι
3066 1075 3226 1132 ἸΙτοι
3277 1073 3355 1134 είς
3409 1071 3556 1140 τάξιν
3624 1069 3786 1146 βασι-

2120 1170 2263 1233 λέως
2321 1171 2512 1245 κατῄει
2566 1169 2620 1225 ἐν
2673 1173 2794 1232 ταῖς
2853 1167 3145 1242 ἐπαρχίαις
3221 1165 3249 1218 6
3309 1161 3635 1238 Ἀγρίππας,
3692 1158 3793 1214 καὶ

2123 1261 2212 1318 διὰ
2239 1265 2402 1316 τοῦτο
2434 1262 2524 1316 καὶ
2577 1258 2836 1335 βασιλεὺς
2889 1257 3279 1332 ἐχρημάτιζεν·
3340 1255 3376 1324 ἢ
3425 1253 3569 1327 τάχα
3631 1251 3793 1327 βασι·

2120 1351 2246 1414 λεὺς
2277 1352 2344 1420 ἦν
2377 1350 2467 1406 καὶ
2501 1350 2661 1411 αὐτὸς
2692 1353 2803 1404 τῶν
2862 1347 3200 1402 ἀνατολικῶν
3268 1347 3470 1418 μερῶν,
3523 1345 3623 1397 τοῦ
3679 1339 3792 1396 Ni-

2123 1461 2296 1517 ρωνος
2325 1446 2434 1495 τῶν
2491 1436 2724 1493 δυτικῶν
2791 1439 3081 1511 ἄρχοντος,
3135 1435 3225 1489 καὶ
3283 1429 3538 1517 ϐντοςᾼέν
3569 1431 3788 1504 Ῥώμῃ.

2126 1515 2150 1585 ιι
2186 1530 2276 1592 Εἷς
2307 1532 2535 1597 τήντοῦ
2571 1523 2844 1583 Σεϐαστοῦ
2887 1523 3204 1600 διάγνωσιν.
3281 1547 3308 1574 ι)
3361 1515 3633 1579 Σεϐαστὸν
3685 1541 3790 1575 κα·

2119 1623 2504 1695 ταχρηστικῶς
2534 1618 2626 1673 τὸν
2670 1615 2906 1673 Βασιλέα
2949 1612 3130 1681 καλεῖ,
3188 1613 3370 1688 ὥσπερ
3425 1611 3517 1666 καὶ
3571 1608 3790 1668 Καίσα-

2125 1730 2209 1786 ρα·
2244 1710 2300 1765 ὅν
2334 1709 2686 1784 παρακατιὼν
2712 1707 2803 1762 καὶ
2837 1706 3038 1779 Κύριον
3082 1702 3267 1770 καλεῖ,
3327 1703 3528 1777 λέγων’
3589 1727 3616 1753 ‹‹
3655 1698 3795 1774 Περὶ

361 1803 604 1858 dicens:
638 1826 665 1853 «
700 1804 778 1859 De
815 1822 932 1876 quo
964 1805 1123 1877 quod
1146 1812 1305 1860 certo
1337 1807 1593 1862 scribam
1613 1806 1856 1862 domino
1888 1824 2009 1861 non

2129 1801 2186 1856 οὗ
2219 1799 2457 1877 ἀσφαλές
2488 1821 2542 1854 τι
2569 1799 2774 1874 γράψαι
2805 1801 2886 1868 τῷ
2909 1794 3082 1870 κυρίῳ
3113 1793 3213 1849 οὐκ
3241 1787 3378 1868 ἔχω.
3413 1815 3440 1845 n

2257 1891 2268 1898 .
2404 1888 2414 1898 .
2627 1885 2669 1898 κ.
2822 1885 2836 1898 .
2960 1885 2973 1898 .
3073 1889 3112 1898 ..
3157 1880 3212 1898 ,κ
3353 1879 3375 1898 ν

361 1893 574 1950 habeo.
611 1918 638 1944 ››

433 1983 778 2051 ΧΧνΙ,1.11.
833 2009 858 2033 ιι
912 1985 1167 2057 Agrippa
1215 2002 1353 2040 vero
1406 1985 1479 2040 ad
1547 1985 1798 2041 Paulum
1868 1987 1944 2040 ait
1993 2003 2006 2040 :

356 2074 732 2129 Permittitur
765 2074 870 2128 tibi
906 2074 1070 2146 loqui
1104 2093 1208 2147 pro
1262 2076 1593 2148 temetipso.
1646 2077 1806 2131 Tunc
1857 2077 2010 2131 Pau-

361 2162 455 2217 lus
483 2169 722 2218 extenta
755 2181 934 2218 manu
966 2181 1072 2235 pro
1101 2182 1161 2218 se
1185 2165 1457 2220 dicebat:
1493 2166 1683 2237 Super
1732 2166 2011 2220 omnibus

361 2252 434 2308 de
483 2253 700 2324 quibus
746 2270 780 2309 a
821 2253 1042 2309 Judmis
1091 2270 1356 2322 accusor,
1414 2271 1517 2309 rex
1566 2255 1844 2327 Agrippa,
1893 2256 2012 2310 exi-

361 2342 537 2398 stimo
571 2359 664 2397 me
697 2343 956 2409 beatum,
991 2343 1092 2414 qui
1125 2360 1366 2398 causam
1407 2343 1672 2400 dicturus
1711 2345 1824 2400 sim
1857 2343 2013 2416 apud

367 2437 423 2486 te
455 2431 652 2499 hodie,
681 2449 814 2487 cum
851 2439 911 2487 tu
943 2433 1199 2488 maxime
1245 2433 1326 2487 sis
1373 2450 1591 2506 gnarus
1629 2450 1833 2490 earum
1883 2452 2016 2505 quas

370 2523 527 2594 apud
591 2522 824 2578 Judzeos
865 2529 1018 2578 ‘sunt
1081 2529 1139 2577 et
1195 2525 1694 2580 consuetudinum
1741 2531 1799 2579 et
1855 2543 2020 2596 quaa-

375 2609 657 2665 stionum.
692 2611 1063 2682 Quapropter
1091 2611 1336 2666 obsecro
1365 2617 1420 2666 te
1478 2619 1543 2667 ut
1599 2614 1896 2684 patienter
1921 2631 2017 2670 me

369 2699 599 2756 audias.
633 2701 836 2771 Itaque
865 2701 1041 2755 vitam
1077 2699 1316 2771 quidem
1350 2718 1544 2757 meam
1594 2720 1771 2773 quam
1804 2704 1895 2776 egi
1945 2704 2017 2759 ab

369 2789 792 2858 adolescentia,
844 2807 976 2861 quae
1024 2789 1135 2845 fuit
1173 2790 1245 2845 ab
1313 2791 1484 2846 initio
1544 2793 1606 2847 in
1661 2799 1837 2864 gente
1887 2810 2020 2849 mea

368 2879 772 2952 Jerosolymis,
816 2885 1109 2934 noverunt
1156 2896 1364 2934 omnes
1409 2881 1616 2946 Judmi,
1687 2883 1788 2953 qui
1855 2884 2018 2955 prius

373 2975 662 3024 noverant
692 2986 786 3024 me
805 2969 878 3024 ab
912 2969 1105 3035 initio,
1125 2969 1380 3025 sivelint
1404 2971 1808 3026 testimonium
1839 2973 2016 3045 ferre,

371 3059 530 3129 quod
564 3058 892 3113 secundum
942 3059 1470 3129 exquisitissimam
1520 3067 1739 3116 sectam
1800 3070 2018 3118 nostra:

370 3148 678 3220 religionis
725 3147 968 3202 vixerim
1012 3148 1368 3204 Pharisaaus.
1421 3151 1490 3205 Et
1537 3168 1696 3207 nunc
1723 3151 1796 3206 ob
1849 3169 2012 3224 spem

370 3238 878 3310 repromissionis,
931 3255 1061 3308 qua)
1109 3239 1183 3294 ad
1227 3245 1424 3310 patres
1474 3248 1712 3298 nostros
1743 3242 1897 3298 facta
1929 3248 2018 3299 est

369 3345 404 3382 a
432 3333 574 3393 Deo,
615 3333 704 3382 sto
729 3327 959 3399 judicio
990 3327 1315 3399 subjectus,
1346 3330 1420 3384 ad
1475 3347 1653 3401 quam
1702 3331 2018 3388 duodecim

371 3417 562 3472 tribus
615 3422 834 3471 nostrae
885 3417 1179 3472 instanter
1261 3418 1356 3472 die
1404 3435 1471 3474 ac
1540 3425 1714 3475 nocte
1755 3421 2019 3478 colentes

373 3508 584 3572 Deum,
620 3510 864 3576 sperant
893 3521 954 3561 se
1006 3513 1429 3576 perventuras:
1481 3508 1554 3563 de
1607 3527 1724 3580 qua
1765 3529 1867 3582 spe
1922 3527 2019 3566 ac-

370 3613 565 3660 cusor,
597 3612 700 3650 rex
724 3595 1297 3667 Agrippa,aJudaais.
1336 3597 1485 3662 Quid
1506 3598 1534 3654 Ἰ
1563 3617 1636 3654 an
1669 3601 2018 3658 incredibile

367 3685 677 3758 judicatur
707 3701 741 3740 a
785 3684 947 3739 vobis
1005 3685 1164 3756 quod
1198 3687 1351 3742 Deus
1406 3694 1671 3744 mortuos
1731 3692 2021 3747 suscitet?

371 3777 442 3831 Et
489 3791 592 3846 ego
625 3772 868 3846 quidem
929 3775 1343 3832 existimabam
1411 3779 1723 3835 adversum
1793 3798 2015 3837 nomen

371 3867 511 3922 Jesu
545 3865 825 3921 Nazareni
869 3871 1146 3936 oportere
1178 3873 1243 3922 ut
1272 3869 1460 3926 multa
1500 3870 1886 3943 repugnando
1931 3871 2019 3927 fa-

377 3971 596 4021 cerem,
631 3954 790 4025 quod
821 3960 880 4010 et
908 3954 1021 4010 feci
1063 3957 1487 4029 Jerosolymis:
1521 3965 1580 4014 et
1631 3959 1849 4014 multos
1881 3977 2019 4015 san-

375 4051 606 4102 ctorum
666 4061 771 4117 ego
833 4045 1174 4100 carceribus
1241 4046 1480 4116 inclusi,
1549 4064 1584 4102 a
1650 4049 2017 4119 principibus

372 4134 750 4192 sacerdotum
780 4139 1069 4205 potestate
1101 4141 1343 4206 accepta
1371 4153 1658 4206 :cumque
1677 4137 2016 4193 occideren-

376 4231 494 4292 tur,
526 4223 712 4279 detuli
747 4225 1128 4279 sententiam.
1181 4226 1252 4278 Et
1290 4241 1396 4295 per
1437 4241 1644 4281 omnes
1694 4244 2019 4301 synagogas

370 4312 717 4384 frequenter
777 4311 1033 4383 puniens
1099 4327 1220 4375 eos,
1271 4313 1701 4383 compellebam
1740 4315 2018 4387 blasphe-

382 4417 588 4458 mare:
624 4407 682 4457 et
719 4401 979 4473 amplius
1011 4401 1325 4457 insaniens
1358 4403 1419 4457 in
1462 4419 1583 4474 eos,
1621 4405 2026 4476 persequebar

371 4493 550 4547 etiam
583 4493 644 4546 in
676 4498 908 4548 exteras
937 4509 1126 4564 usque
1157 4493 1442 4549 civitates.
1477 4516 1504 4544 »

438 4583 608 4649 Quid,
644 4599 718 4638 an
751 4582 1102 4638 incredibile
1125 4583 1475 4656 judicaturLa
1504 4584 1668 4640 vobis
1690 4585 1848 4656 quod
1871 4587 2023 4642 Deus
2058 4566 2101 4630 D

368 4679 634 4729 mortuos
677 4673 927 4729 suscitet
962 4671 990 4726 ‘?
1022 4696 1049 4723 ‹‹
1097 4678 1256 4729 Duas
1308 4673 1480 4746 ponit
1525 4675 1685 4730 circa
1749 4691 2020 4731 resurre-

367 4765 591 4821 tionem
664 4766 1183 4822 ratiocinationes:
1255 4783 1434 4822 unam
1504 4767 1746 4837 quidem
1815 4784 2019 4839 apro-

367 4854 603 4924 phetis:
653 4871 764 4910 nec
807 4861 1009 4910 tamen
1059 4854 1303 4910 adducit
1360 4856 1736 4927 prophetam,
1781 4855 1885 4911 sed
1930 4857 2017 4927 ip-

367 4958 490 4997 sam
506 4943 842 4998 Judaeorum
859 4960 1242 4999 communem
1258 4945 1604 5015 opinionem
1629 4962 1642 5000 :
1665 4945 1846 5002 aliam
1881 4963 2017 5002 vero

365 5031 698 5093 fortiorem.
724 5049 857 5103 qua:
889 5033 1063 5087 estab
1092 5034 1240 5104 ipsis
1261 5033 1460 5099 rebus,
1486 5036 1768 5105 quoniam
1801 5035 2017 5106 proba-

365 5125 493 5174 tum
518 5127 607 5175 est
631 5121 703 5176 ab
717 5138 787 5175 eo
801 5121 958 5192 quod
972 5122 1241 5176 Christus
1258 5124 1643 5178 resurrexerit
1666 5141 1700 5178 a
1729 5124 2015 5179 mortuis:

363 5213 432 5263 et
463 5209 616 5265 hanc
648 5211 1232 5282 quoqueralionibus
1264 5213 1814 5269 conﬂrmat.Prima
1829 5214 1974 5268 ratio
2001 5231 2014 5269 :

357 5322 384 5348 ‹‹
426 5300 597 5366 Quid,
631 5300 985 5355 incredibile
1017 5308 1102 5356 sst
1146 5303 1288 5358 I75
1326 5303 1484 5372 quod
1535 5303 1688 5357 Deus
1746 5309 2011 5359 mortuos

362 5389 657 5444 suscitet?
674 5414 698 5437 ››
714 5391 857 5444 Item
874 5390 1018 5445 alia:
1037 5394 1204 5445 Anne
1218 5392 1559 5462 hujusmodi
1577 5392 1846 5452 doctrina
1869 5402 2014 5465 erat,

364 5495 558 5550 eaque
591 5479 864 5552 dogmata
880 5481 940 5534 in
953 5481 1173 5551 quibus
1187 5481 1420 5538 educati
1435 5485 1634 5540 erant?
1660 5487 1799 5551 Quis
1817 5492 2013 5543 autem

369 5585 492 5625 non
523 5569 784 5641 suscepit
801 5585 1137 5625 sermonem
1151 5585 1331 5641 quem
1356 5571 1696 5629 inmedium
1728 5573 2017 5631 adduxit?

366 5658 554 5731 Super
577 5659 710 5730 hoc,
739 5658 954 5730 inquit,
989 5659 1227 5714 decreto
1259 5664 1543 5731 tanquam
1567 5663 1640 5718 de
1671 5663 1883 5720 haresi
1917 5679 2016 5720 ac-

2194 1913 2221 1941 ‹‹
2256 1876 2563 1963 Ἀγρίππας
2625 1885 2682 1942 δὶ
2740 1885 2878 1960 πρὸς
2921 1885 3014 1940 τὸν
3073 1880 3290 1938 Παῦλον
3351 1879 3476 1958 ἔφη’
3535 1876 3794 1955 Ἐπιτρέ-

2121 1979 2280 2034 πεταί
2312 2000 2395 2033 σοι
2431 1977 2573 2052 ὑπὲρ
2625 1979 2852 2031 σεαυτοῦ
2911 1973 3112 2050 λέγειν.
3147 1973 3281 2028 Τότε
3313 1972 3341 2026 6
3374 1969 3590 2030 Παῦλος
3647 1969 3784 2024 ἁπε-

2123 2069 2342 2143 λογεῖτο
2383 2065 2620 2128 ἐκτείνας
2675 2065 2775 2132 τήν
2829 2069 3009 2139 χεῖρα·
3076 2061 3206 2135 Περῖ
3264 2062 3481 2116 παντων
3539 2060 3614 2114 ὧν
3685 2058 3787 2134 ἐγ-

2121 2159 2398 2221 καλοῦμαι
2431 2157 2534 2212 ὑπὸ
2565 2151 2868 2218 Ἰουδαίων,
2913 2152 3139 2229 βασιλεῦ
3198 2149 3500 2225 Ἀγρίππα,
3559 2150 3788 2225 ἥγημαι

2126 2248 2357 2322 ἐμαυτὸν
2393 2247 2684 2321 μακάριον,
2721 2241 2943 2318 μέλλων
2974 2240 3364 2316 ἀπολογεῖσθαι
3396 2237 3483 2294 ἐπὶ
3543 2241 3640 2294 σοῦ
3673 2239 3788 2308 σή-

2131 2359 2315 2413 μερον,
2349 2335 2585 2410 μάλιστα
2614 2335 2862 2411 γνώστην
2915 2330 3043 2388 ὄντα
3098 2353 3156 2387 σε
3210 2331 3422 2386 πάντων
3483 2335 3591 2384 τῶν
3649 2328 3793 2384 κατὰ

2128 2425 2423 2490 Ἰουδαίους
2445 2427 2594 2496 ἠθῶν
2623 2444 2684 2479 τε
2725 2423 2817 2478 καί
2879 2423 3210 2494 ζητημάτων
3269 2420 3649 2492 ἐπιστάμενος.
3709 2417 3795 2473 Δι’

2129 2514 2385 2588 δδέομαί
2445 2536 2562 2584 σου,
2627 2513 2998 2588 μακροθύμως
3055 2512 3278 2567 ἀκοῦσαί
3342 2531 3468 2583 μου.
3503 2508 3619 2576 Τὴν
3691 2508 3794 2581 μὲν

2130 2607 2223 2662 οὗν
2269 2605 2458 2682 βίωσίν
2524 2625 2629 2677 μου
2687 2604 2788 2672 την
2847 2601 2906 2657 ἐκ
2962 2601 3242 2673 νεότητος,
3292 2600 3390 2668 τὴν
3457 2598 3545 2652 ἀπ’
3607 2599 3795 2676 αρχῆς

2129 2695 2430 2771 γενομένην
2474 2694 2526 2750 ἐν
2560 2699 2640 2766 τῷ
2684 2687 2820 2748 ἔθνει
2881 2713 2985 2765 μου
3043 2691 3094 2746 ἐν
3153 2688 3584 2765 Ἰεροσολύμοις,
3633 2687 3789 2743 ’ἰσασι

2129 2785 2324 2846 πάντες
2357 2785 2410 2839 o't
2443 2780 2720 2851 Ἰουδαῖοι,
2779 2781 3251 2859 προγινώσκοντές
3312 2799 3377 2853 με
3431 2776 3653 2846 ἃνωθεν,
3693 2776 3781 2832 ἐὰν

2129 2873 2329 2930 θέλωσι
2366 2879 2673 2949 μαρτυρεῖν,
2707 2872 2790 2928 ’ὁτι
2839 2869 2974 2926 κατὰ
3027 2873 3127 2940 τὴν
3177 2863 3572 2943 ἀκριϐεστάτην
3628 2865 3776 2939 αἶρε-

2130 2988 2211 3022 σιν
2243 2973 2342 3036 τῆς
2388 2964 2658 3040 ἡμετέρας
2716 2963 3030 3039 θρησκείας,
3059 2959 3230 3032 ’ἑζησα
3293 2964 3617 3036 Φαρισαῖος.
3677 2956 3774 3014 Καὶ

2129 3061 2218 3110 νῦν
2245 3054 2327 3110 ἐπ’
2388 3051 2572 3109 ἐλπίδι
2629 3060 2729 3123 τῆς
2785 3053 2922 3128 πρὸς
2977 3050 3104 3112 τοὺς
3165 3046 3397 3124 πατέρας
3460 3046 3781 3123 ἐπαγγελίας

2129 3147 2427 3223 γενομένης
2463 3146 2566 3202 ὑπὸ
2595 3149 2692 3200 τοῦ
2722 3149 2879 3214 Θεοῦ,
2910 3138 3110 3212 ἕστηκα
3138 3141 3461 3218 κρινόμενος
3506 3138 3582 3202 είς
3624 3137 3690 3207 ἢν
3718 3136 3783 3191 τὸ

2131 3234 2514 3314 δωδεκάφυλον
2574 3237 2732 3308 ἡμῶν
2794 3233 2845 3288 ἐν
2916 3232 3149 3303 ἐκτενείᾳ
3205 3231 3368 3286 νύκτα
3422 3229 3514 3285 καὶ
3573 3227 3786 3302 ἡμέραν

2124 3326 2383 3401 λατρεῦον
2471 3323 2682 3394 ἐλπίζει
2781 3329 3135 3392 καταντῆσαι·
3217 3319 3342 3394 περὶ
3429 3320 3498 3390 ἧς
3553 3314 3786 3379 ἐλπίδος

2123 3413 2480 3490 ἐγκαλοῦμαι,
2516 3411 2744 3488 βασιλεῦ
2803 3413 3105 3489 Ἀγρίππα,
3167 3411 3271 3466 ὑπὸ
3312 3415 3420 3466 τῶν
3481 3405 3783 3464 Ἰουδαίων.

2122 3504 2186 3559 Τί
2222 3523 2234 3573 ;
2267 3503 2492 3559 ἄπιστον
2539 3504 2779 3578 κρίνεται
2841 3501 2969 3576 παρ’
3027 3501 3179 3576 ὑμῖν,
3217 3499 3267 3554 εἲ
3308 3501 3336 3554 ὁ
3396 3498 3525 3560 Θεὸς
3554 3496 3782 3571 νεκροὺς

2123 3592 2366 3670 ἐγείρει;
2412 3593 2555 3668 Ἐγὼ
2591 3593 2685 3665 μὲν
2740 3593 2832 3646 οὗν
2889 3588 3051 3664 ἔδοξα
3083 3591 3303 3664 ἐμαυτῷ
3343 3589 3476 3664 πρὸς
3533 3587 3596 3642 τὸ
3654 3582 3786 3641 δνο-

2129 3705 2204 3758 μα
2236 3686 2418 3753 Ἰησοῦ
2449 3687 2546 3738 τοῦ
2592 3681 2918 3752 Ναζωραίου
2976 3677 3085 3735 δεῖν
3145 3679 3330 3735 πολλὰ
3389 3678 3600 3733 ἐναντία
3644 3681 3786 3751 πρᾶ-

2123 3774 2228 3842 ξαι,
2264 3771 2293 3826 6'
2347 3771 2437 3827 καὶ
2494 3771 2730 3842 ἐποίησα
2789 3769 2841 3824 ἐν
2901 3767 3336 3846 Ἱεροσολύμοις.
3397 3767 3498 3825 Καὶ
3530 3763 3785 3827 πολλοὺς

2121 3867 2228 3916 τῶν
2263 3860 2426 3936 ἁγίων
2457 3859 2562 3936 ἐγὼ
2602 3859 2872 3938 φυλακαῖς
2928 3857 3268 3919 κατέκλεισα,
3318 3857 3416 3926 τὴν
3479 3856 3627 3931 παρὰ
3672 3859 3784 3910 τῶν

2125 3952 2424 4026 ἀρχιερέων
2455 3949 2700 4020 ἐξουσίαν
2729 3944 2936 4005 λαϐών.
2975 3947 3408 4024 ’Δναιρουμένων
3467 3967 3527 4002 τε
3580 3945 3779 4013 αὐτῶν,

2123 4041 2435 4114 κατήνεγκα
2460 4042 2666 4116 ψῆφον.
2727 4039 2831 4096 Καὶ
2889 4039 3026 4093 κατὰ
3083 4039 3254 4100 πάσας
3309 4036 3405 4100 τὰς
3462 4033 3780 4110 συναγωγὰς

2123 4127 2398 4193 πολλάκις
2431 4134 2693 4206 τιμωρῶν
2741 4128 2964 4198 αὐτοὺς,
3041 4130 3348 4203 ἠνάγκαζον
3409 4126 3782 4203 βλασφημεῑνο

2123 4229 2394 4299 περισσῶς
2426 4245 2486 4280 τε
2516 4222 2920 4298 ἐμμαινόμενος
2953 4223 3160 4290 αὐτοῖς,
3193 4218 3420 4276 ἐδίωκον
3450 4217 3555 4281 ἕως
3585 4218 3677 4275 καὶ
3709 4216 3790 4280 είς

2124 4314 2219 4376 τὰς
2247 4309 2349 4384 ἔξω
2381 4312 2592 4380 πόλεις.
2634 4339 2661 4366 ››

2206 4609 2233 4638 ‹‹
2267 4585 2336 4642 Τί
2373 4604 2386 4652 ;
2420 4586 2645 4639 ἄπιστον
2667 4582 2905 4653 κρίνεται
2977 4584 3103 4658 παρ’
3162 4583 3315 4655 ὑμῖν,
3348 4581 3393 4638 εί
3427 4583 3456 4637 6
3515 4582 3644 4644 Θεὸς
3697 4601 3793 4636 νε-

2129 4675 2294 4750 κροὺς
2328 4673 2525 4748 ἐγείρει
2562 4693 2574 4742 ;
2620 4698 2647 4724 »
2681 4673 2785 4728 Δύο
2840 4673 3026 4744 τίθησι
3086 4673 3211 4747 περὶ
3270 4673 3610 4734 ἀναστάσεως
3634 4669 3796 4748 λογι-

2131 4765 2324 4836 σμοὺς,
2355 4760 2446 4818 ἕνα
2481 4763 2574 4836 μὲν
2605 4763 2696 4817 τὸν
2725 4761 2832 4817 ἀπὸ
2866 4766 2974 4818 τῶν
3025 4767 3345 4840 προφητῶν·
3378 4762 3467 4817 καὶ
3529 4761 3592 4816 οὐ
3651 4781 3796 4835 παρ-

2129 4854 2243 4927 άγει
2275 4854 2585 4932 προφήτην,
2617 4851 2746 4908 ἀλλ’
2776 4851 2947 4922 αὐτὴν
2999 4857 3107 4907 τῶν
3168 4848 3444 4907 Ἰουδαίων
3470 4852 3570 4920 τήν
3602 4848 3790 4920 δόξαν·

2130 4940 2300 4997 ἃλλον
2324 4939 2381 4996 δὲ
2409 4942 2499 4996 τὸν
2530 4940 2910 5017 ἰσχυρότερον,
2964 4942 3056 4995 τὸν
3117 4940 3224 4995 ἀπὸ
3281 4941 3635 5015 πραγμάτων,
3699 4941 3794 4996 ὅτι

2129 5031 2392 5112 διελέχθη
2428 5031 2574 5104 αύτῷ
2625 5034 2652 5087 6
2711 5032 2945 5106 Χριστὸς
3006 5032 3237 5094 ἀναστὰς
3287 5030 3347 5087 ἐκ
3403 5037 3627 5107 νεκρῶν.
3681 5030 3795 5088 Καὶ

2125 5122 2511 5192 κατασκευάζει
2552 5121 2642 5176 καὶ
2675 5125 2866 5176 τοῦτον
2920 5120 3025 5175 ἀπὸ
3056 5119 3370 5198 λογισμῶν,
3428 5121 3529 5190 τήν
3587 5118 3794 5196 προτέ-

2128 5233 2222 5288 ραν
2274 5213 2440 5267 αὗτοῦ
2492 5210 2680 5286 μανίαν
2742 5207 3137 5288 διηγούμενος.
3203 5216 3429 5285 Πρῶτος
3489 5208 3789 5286 λογισμός·

2127 5326 2154 5353 ι(
2183 5301 2272 5370 Τί,
2306 5298 2533 5356 ἄπιστον
2563 5299 2609 5356 εί
2643 5301 2670 5354 ὁ
2701 5300 2831 5363 Θεὸς
2861 5300 3082 5372 νεκροὺς
3117 5299 3315 5375 ἐγείρει
3361 5319 3374 5370 ;
3408 5324 3434 5350 ››
3467 5299 3557 5355 καῖ
3590 5296 3791 5360 ἃλλοςο

2124 5391 2215 5459 Μὴ
2248 5391 2472 5460 τοιαύτη
2507 5387 2634 5459 δόξα
2691 5389 2782 5457 ἦν,
2844 5386 2955 5466 εί¹γε
3014 5391 3090 5460 μή
3127 5389 3595 5464 ἀνατεθραμμένοι
3651 5390 3793 5460 ἦσαν

2125 5479 2179 5535 ἐν
2210 5480 2426 5541 τούτοις
2455 5485 2576 5542 τοῖς
2609 5475 2843 5553 δόγμασι
2877 5497 2889 5547 ;
2923 5479 3023 5536 "Ov
3057 5474 3113 5532 δὲ
3135 5477 3468 5557 εἴσεφέρετο,
3497 5481 3580 5542 τίς
3605 5479 3705 5535 οὐκ
3728 5480 3790 5537 ἄν

2125 5567 2338 5641 ἐδέξατο
2393 5570 2486 5624 τὸν
2540 5567 2706 5644 λόγον
2767 5587 2782 5638 ;
2836 5568 2994 5643 ’Υπὲρ
3080 5575 3181 5639 τῆς
3242 5568 3500 5645 αἱρέσεως
3555 5571 3784 5646 ταύτης,

2125 5660 2314 5740 φησὶν,
2345 5659 2703 5738 ἐγκαλοῦμαι·
2749 5659 2841 5717 καὶ
2901 5657 3037 5732 αὕτη
3070 5666 3195 5737 παρ’
3249 5659 3437 5725 αὐτοῖς
3484 5657 3785 5741 πρεσϐεύε-
