4112 6428
1514 454 1925 517 (ΕΟΗΜΕΝΙΙ
1965 452 2277 515 TRICCIE
2321 451 2675 512 EPISCOPI

3694 451 3813 512 290

367 619 477 657 ται.
507 597 611 654 Διὰ
651 594 862 666 ταύτην
919 593 1202 670 εὔχονται,
1258 589 1347 650 διὰ
1407 589 1608 660 ταύτην
1669 588 2042 663 λατρεύουσιν,

2170 605 2353 646 :usor:
2370 605 2500 644 cum
2518 587 2674 660 apud
2688 603 2788 643 eos
2802 587 2950 643 nihil
2967 588 3078 642 hac
3096 588 3380 660 opinione
3392 587 3697 660 antiquius
3711 589 3813 647 ha-

366 691 458 747 ἵνα
483 688 695 758 ταύτην
725 685 968 762 τύχωσι.
998 684 1098 741 Καὶ
1124 683 1324 753 ταύτην
1349 680 1459 758 ἐγὼ
1489 679 1874 758 καταγγέλλω·

451 896 481 923 α
513 871 602 927 Ἐν
637 868 724 929 οἷς
756 865 848 921 καὶ
898 863 1269 938 πορευόμενος
1301 860 1378 924 εἷς
1435 861 1532 927 τήν
1582 860 1868 933 Δαμασκὸν
1931 859 2047 932 μετ’

383 960 633 1032 ἐξουσίας
679 956 773 1012 καὶ
832 954 1136 1030 ἐπιτροπῆς
1189 959 1290 1021 τῆς
1357 950 1504 1026 παρᾶ
1558 955 1666 1005 τῶν
1719 951 2044 1026 ἀρχιερέων,

380 1052 600 1127 ἡμέρας
635 1045 826 1121 μέσης,
878 1043 1126 1121 βασιλεῦ,
1180 1042 1316 1097 κατᾶ
1342 1043 1443 1109 τήν
1501 1038 1624 1096 ὁδὸν
1683 1038 1824 1096 εἶδον
1882 1042 2048 1116 οὖρα-

381 1143 558 1210 νόθεν,
620 1139 757 1211 ὑπὲρ
815 1137 914 1204 τήν
969 1133 1339 1208 λαμπρότητα
1395 1135 1490 1186 τοῦ
1545 1129 1712 1200 ἡλίου
1768 1129 2044 1205 περιλάμ-

383 1235 492 1307 ψαν
558 1249 629 1301 με
687 1232 827 1304 φῶς,
881 1225 968 1278 καὶ
1021 1224 1147 1284 τοὺς
1233 1221 1327 1277 σὺν
1408 1219 1537 1293 ἐμοὶ
1622 1217 2044 1297 πορευομένους.

380 1321 619 1377 Πάντων
652 1315 713 1372 δὲ
767 1311 1178 1370 καταπεσόντων
1235 1314 1399 1386 ἡμῶν
1435 1309 1512 1374 εἷς
1542 1312 1641 1380 τὴν
1696 1311 1822 1386 γῆν,
1875 1309 2046 1380 ἤκου-

382 1432 450 1466 σα
511 1410 710 1484 φωνὴν
793 1401 1066 1459 λαλοῦσαν
1150 1401 1286 1475 πρός
1356 1421 1443 1473 με,
1501 1401 1591 1454 καὶ
1652 1397 1919 1476 λέγουσαν
1975 1403 2043 1474 τῇ

382 1493 688 1575 Ἐμϐραέδι
722 1491 1014 1565 διαλέκτῳ·
1053 1489 1258 1561 Σαοὺλ,
1303 1489 1507 1562 Σαοὺλ,
1539 1489 1591 1543 τί
1653 1510 1720 1562 με
1778 1487 1994 1553 διώκεις
2031 1510 2045 1559 ;

389 1588 633 1663 σκληρόν
694 1607 780 1640 σοι
839 1584 977 1660 πρὸς
1037 1584 1233 1656 κέντρα
1304 1579 1597 1649 λακτίζειν.
1662 1582 1801 1657 Ἐγὼ
1862 1578 1918 1636 δὲ
1969 1581 2045 1636 εἶ-

394 1698 510 1735 πον·
534 1677 631 1738 Τίς
661 1678 732 1744 εἷ,
765 1672 931 1749 Κύριέ
963 1693 978 1741 ;
1013 1674 1075 1729 ’0
1135 1668 1190 1726 δὲ
1244 1671 1408 1726 εἶπεν·
1460 1671 1607 1745 Ἐγώ
1665 1671 1779 1742 εἶμι
1838 1668 2048 1741 Ἰησοῦς

401 1773 463 1825 ’ὸν
491 1769 554 1824 ὼ
583 1766 819 1827 διώκεις.
845 1761 1025 1820 Ἀλλᾶ
1052 1762 1336 1832 ἀνάστηθι,
1377 1761 1467 1815 καὶ
1490 1768 1649 1830 στῆθι
1679 1759 1768 1816 ἐπὶ
1797 1759 1922 1823 τοὺς
1953 1763 2048 1816 πό-

411 1857 502 1920 δας
523 1879 628 1914 σου.
688 1856 785 1918 Εἰς
835 1857 998 1908 τοῦτο
1041 1851 1146 1927 γὰρ
1203 1847 1392 1930 ὤφθην
1446 1871 1534 1905 σοι
1589 1850 2046 1926 προχειρίσασθαί

407 1946 760 2017 σεῦπηρέτην
806 1945 898 2000 καὶ
963 1941 1226 2019 μάρτυρα,
1281 1943 1355 1997 ὧν
1409 1963 1468 1996 τε
1525 1939 1685 2009 εἶδες,
1746 1943 1820 1997 ὧν
1874 1963 1930 1997 τε
1987 1943 2047 1998 ὁ-

397 2036 677 2114 οθήσομαί
713 2057 820 2104 σοι,
851 2031 1230 2109 ἐξαιρουμενός
1267 2053 1324 2086 σε
1389 2030 1447 2086 ἐκ
1475 2035 1570 2086 τοῦ
1601 2030 1737 2087 λαοῦ
1795 2033 1881 2087 καὶ
1934 2038 2042 2087 τῶν

390 2129 587 2198 ἐθνῶν,
621 2125 696 2188 εἷς
728 2126 822 2187 οὖς
853 2129 945 2178 νῦν
976 2144 1034 2178 σε
1059 2119 1407 2193 ἀποστέλλω,
1456 2122 1660 2192 ἀνοῖξαι
1722 2121 2043 2200 ὀφθαλμοὺς

386 2218 597 2287 αὐτῶν,
647 2219 745 2270 τοῦ
792 2209 1134 2287 ὑποστρέψαι
1176 2210 1283 2265 ἀπὸ
1344 2211 1570 2272 σκότους
1624 2209 1700 2274 εἲς
1759 2216 1897 2287 φῶς,
1956 2211 2044 2266 καὶ

384 2315 488 2376 τῆς
519 2303 766 2378 ἐξουσίας
797 2306 898 2359 τοῦ
939 2305 1148 2358 Σατανᾶ
1193 2299 1280 2355 ἐπὶ
1337 2300 1426 2354 τὸν
1490 2300 1642 2368 Θεὸν,
1701 2304 1798 2355 τοῦ
1855 2294 2042 2355 λαϐεῖν

382 2392 591 2454 αὐτοὺς
649 2390 832 2470 ἄφεσιν
914 2391 1193 2462 αμαρτιῶν
1231 2433 1244 2453 ,
1335 2387 1424 2442 καὶ
1503 2385 1711 2462 κλῆρον
1794 2386 1845 2442 ἐν
1929 2392 2046 2450 τοῖς

383 2483 759 2560 ἡγιασμένοις
789 2479 966 2535 πίστει
990 2481 1060 2553 τῇ
1102 2478 1176 2540 εὶς
1210 2474 1330 2550 ἔμέ.

462 2689 490 2713 κ
525 2661 692 2732 Ὑπὶρ
723 2660 822 2728 τήν
852 2657 1220 2732 λαμπρότητα
1247 2653 1344 2710 τοῦ
1374 2653 1560 2726 ἡλίου.
1597 2681 1624 2708 ››
1683 2661 1798 2712 Τῶν
1856 2657 2045 2728 αἰσθη-

381 2753 498 2805 τῶν
536 2748 606 2802 τὸ
665 2744 1059 2824 φωτεινότατον
1113 2744 1397 2817 παράγων,
1457 2743 1544 2797 καὶ
1609 2743 1684 2816 μὴ
1749 2740 2045 2816 δυνάμενος

383 2839 692 2894 ἀντισῶσαι
724 2839 804 2906 τῷ
833 2835 969 2912 φωτὶ
1002 2831 1187 2905 ἐκείνῳ
1215 2833 1277 2886 τὸ
1321 2835 1419 2886 τοῦ
1450 2834 1633 2901 Ἰησοῦ
1691 2837 1824 2909 φῶς,
1866 2835 2046 2896 καθὼς

385 2927 612 2984 δύναται
647 2922 1043 2998 παραδέξασθαι
1085 2922 1224 2991 ἀκοὴ
1257 2921 1542 2996 ἀνθρώπου
1603 2919 1814 2992 λαλεῖν,
1877 2923 2046 2997 ὑπερ-

392 3021 548 3088 νικᾷν
582 3015 647 3070 τὸ
678 3013 910 3083 ἡλιακὸν
940 3015 1056 3090 φῶς
1088 3011 1254 3066 ἐκεῖνό
1286 3031 1440 3085 φησι.

458 3221 485 3245 ,ι
516 3196 714 3261 Ὅθεν,
767 3188 994 3266 βασιλεῦ
1045 3188 1345 3266 ’Δγρίππα,
1370 3188 1470 3244 οὐκ
1497 3187 1759 3266 ἐγενόμην
1820 3188 2048 3259 ἀπειθὴς

381 3288 453 3358 τῇ
487 3281 741 3358 οὐρανίῳ
763 3279 1018 3352 ὀπτασίᾳ.
1055 3303 1083 3332 ι)

457 3346 736 3430 Ὀπαασία
766 3369 908 3426 ἐστὶν
1048 3369 1257 3444 καθαρὰ
1313 3368 1406 3433 θέα
1438 3371 1472 3438 ἡ
1501 3363 1902 3444 ὑπερϐαίνουσα
1959 3370 2052 3424 αν-
2081 3346 2126 3412 CI

385 3465 634 3536 θρωπον.
667 3464 842 3535 Ὅπερ
871 3480 956 3522 τις
989 3458 1043 3514 ἐν
1074 3459 1230 3533 σαρκὶ
1288 3455 1382 3527 ὢν,
1441 3455 1578 3536 δίχα
1631 3461 1732 3513 τοῦ
1773 3456 2052 3514 ἀποκαλυ-

387 3554 590 3629 φθῆναι
623 3551 790 3606 αὐτοῦ
819 3549 946 3611 τοὺς
968 3547 1309 3625 ὀφθαλμοὺς,
1359 3547 1459 3603 οὐκ
1515 3546 1656 3603 ἔστιν
1717 3545 1848 3603 ἰδεῖν
1901 3546 2054 3603 δυνα-

398 3642 517 3701 τός.

492 3753 514 3778 ι
545 3728 714 3786 ’λλλᾶ
737 3733 858 3791 τοῖς
890 3727 943 3784 ἐν
1007 3731 1279 3801 Δαμασκῷ
1335 3731 1554 3802 πρῶτον
1599 3726 1690 3782 καὶ
1748 3729 2052 3803 Ἰεροσολύ-

425 3838 574 3889 μοις,
603 3818 672 3880 εἷς
715 3820 884 3874 πᾶσαν
942 3838 1002 3873 τε
1057 3818 1155 3885 τὴν
1211 3817 1398 3892 χώραν
1459 3819 1556 3886 τῆς
1618 3815 1904 3887 Ἰουδαίας,
1964 3819 2055 3874 καὶ

415 3912 531 3969 τοῖς
581 3904 776 3971 ἔθνεσιν
864 3905 1231 3984 ἀπαγγέλλων
1292 3911 1594 3979 μετανοεῖν,
1659 3907 1746 3963 καὶ
1819 3906 2058 3979 ἔπιστρέ-

400 4019 520 4077 ιρειν
555 3996 642 4051 ἐπὶ
666 3998 758 4052 τὸν
811 3997 964 4066 Θεὸν,
1020 3994 1140 4066 ἄξια
1194 4003 1296 4067 τῆς
1355 3997 1644 4069 μετανοίας
1698 3994 1830 4071 ἔργα
1881 3999 2055 4072 πράσ-

399 4107 620 4149 σοντας.
690 4087 883 4144 Ἕνεκα
938 4086 1148 4140 τούτων
1212 4106 1278 4157 με
1337 4086 1392 4140 οἱ
1453 4083 1707 4141 Ἰουδαῖοι
1780 4083 2057 4142 συλλαϐό-

395 4197 552 4248 μενοι
588 4197 644 4230 εν
696 4181 778 4248 τῷ
833 4176 989 4250 ἱερῷ,
1043 4173 1342 4242 ἐπειρῶντο
1386 4172 1842 4251 διαχειρίσασθαι.
1904 4180 2055 4234 Ἐπι⁹

388 4267 630 4342 κουρίας
669 4266 764 4323 οὖν
795 4267 980 4346 τυχὼν
1039 4273 1139 4337 τῆς
1198 4268 1346 4342 παρᾶ
1398 4271 1495 4322 τοῦ
1549 4273 1704 4334 Θεοῦ,
1765 4267 1895 4344 ἄχρι
1952 4278 2055 4340 τῆς

386 4356 614 4431 ἡμέρας
695 4355 896 4425 ταύτης
959 4352 1181 4426 ἕστηκα,
1254 4357 1702 4433 μαρτυρούμενος
1761 4364 1945 4434 μικρῷ
1999 4381 2057 4415 τε

387 4447 487 4502 καὶ
527 4444 776 4522 μεγάλῳ.
810 4443 964 4500 οὐδὲν
991 4443 1144 4506 ἐκτὸς
1203 4443 1399 4521 λέγων,
1431 4447 1504 4500 ὧν
1559 4467 1618 4500 τε
1669 4447 1718 4501 οἱ
1777 4455 2056 4529 προφῆται

387 4532 681 4603 ἐλάλησαν
715 4532 1034 4606 μελλόντων
1063 4533 1323 4608 γίνεσθαι,
1368 4533 1459 4588 καὶ
1526 4537 1785 4604 Μωυσῆς,
1847 4538 1892 4591 εἱ
1952 4558 2059 4592 πα-

389 4625 571 4694 θητὸς
603 4625 631 4679 ὁ
661 4625 914 4698 Χριστὸς,
977 4624 1024 4678 εἰ
1075 4628 1294 4698 πρῶτος
1353 4623 1404 4694 ἐξ
1462 4624 1805 4690 ἀναστάσεως
1853 4631 2057 4703 νεκρῶν

2157 679 2390 746 beatur,
2449 684 2691 750 propter
2715 678 2868 733 hanc
2922 678 3274 750 gloriantur,
3306 677 3380 732 ob
3408 679 3562 733 hanc
3617 678 3804 736 Deum

2158 770 2365 825 colunt
2383 775 2449 824 ut
2469 785 2598 824 eam
2622 774 3085 839 consequantur.
3106 768 3176 822 Et
3193 769 3346 822 hanc
3365 785 3468 841 ego
3493 773 3806 829 annuntio.

2231 860 2426 923 XXVI,
2464 862 2630 914 12-18
2693 881 2720 908 ι(
2751 861 2850 914 His
2874 859 3052 914 rebus
3084 860 3375 924 intentus,
3399 877 3532 915 cum
3563 863 3808 932 profici-

2158 966 2358 1004 scerer
2405 951 2757 1005 Damascum
2809 965 2944 1002 cum
2999 948 3346 1003 auctoritate
3392 951 3804 1023 permiSsuque

2157 1038 2497 1110 principum
2549 1038 2945 1103 sacerdotum,
3016 1037 3110 1090 die
3168 1037 3388 1101 medio,
3448 1056 3549 1093 rex
3597 1041 3714 1095 vidi
3773 1059 3805 1099 e

2158 1129 2304 1184 omlo
2353 1145 2533 1200 supra
2580 1128 2723 1182 solis
2771 1126 3153 1198 splendorem
3205 1126 3671 1184 circumfulsisse
3712 1148 3807 1187 me

2157 1218 2385 1282 lumen,
2417 1224 2475 1272 et
2501 1235 2602 1273 eos
2633 1218 2732 1288 qui
2767 1233 2996 1271 mecum
3031 1216 3331 1272 faciebant
3362 1217 3493 1272 iter.
3545 1221 3806 1290 Cumque

2160 1326 2368 1364 omnes
2398 1327 2506 1364 nos
2539 1308 2966 1364 decidissemus
2998 1308 3060 1361 in
3091 1313 3335 1374 terram,
3369 1309 3561 1363 audivi
3597 1327 3799 1368 vocem

2158 1400 2507 1470 loquentem
2540 1398 2614 1453 ad
2645 1415 2760 1466 me,
2796 1414 2862 1452 ac
2893 1397 3191 1452 dicentem
3234 1397 3438 1469 lingua
3474 1398 3762 1456 Hebraica
3795 1419 3808 1458 :

2157 1489 2316 1558 Saul,
2352 1489 2508 1556 Saul,
2539 1488 2681 1560 quid
2712 1504 2806 1542 me
2825 1487 3201 1558 persequeris
3222 1486 3249 1542 ‘?
3296 1487 3514 1542 durum
3564 1496 3674 1545 est'
3702 1491 3812 1546 tibi

2158 1584 2365 1634 contra
2411 1578 2685 1633 stimulas
2743 1577 3068 1632 calcitrare.
3141 1578 3258 1650 Ego
3331 1583 3531 1632 autem
3602 1579 3722 1634 dixi
3791 1596 3808 1636 :

2158 1669 2298 1735 Quis
2331 1685 2415 1734 es,
2443 1668 2734 1723 Domine?
2761 1667 2958 1722 Atille
3006 1667 3156 1722 dixit
3206 1684 3218 1720 :
3271 1668 3386 1740 Ego
3433 1685 3565 1723 sum
3615 1670 3809 1737 Jesus,

2161 1776 2338 1831 quem
2383 1765 2444 1814 tu
2492 1757 2890 1830 persequeris.
2944 1757 3054 1812 Sed
3107 1773 3352 1829 exsurge
3397 1763 3456 1812 et
3495 1764 3584 1814 sta
3632 1777 3810 1832 super

2159 1848 2342 1922 pedes
2372 1854 2527 1904 tuos.
2554 1847 2640 1903 Ad
2667 1848 2779 1903 hoc
2836 1846 2995 1903 enim
3055 1848 3301 1918 apparui
3361 1846 3490 1916 tibi,
3548 1853 3615 1904 ut
3671 1867 3812 1906 con-

2160 1939 2401 1994 stituam
2435 1943 2490 1993 te
2514 1938 2856 1992 ministrum
2902 1954 2969 1992 ac
3018 1942 3250 2002 testem,
3321 1941 3378 1991 et
3425 1955 3632 1994 eorum
3681 1957 3812 2011 quas

2156 2029 2374 2096 vidisti,
2410 2035 2466 2083 et
2498 2044 2705 2083 eorum
2754 2029 2817 2082 in
2879 2027 3098 2099 quibus
3152 2043 3258 2099 ego
3319 2029 3618 2099 apparebo
3679 2031 3808 2101 tibi,

2155 2121 2416 2191 eripiens
2448 2125 2504 2174 te
2527 2137 2562 2174 a
2591 2119 2810 2191 populo
2844 2123 2902 2173 et
2930 2118 3226 2190 gentibus,
3260 2117 3321 2174 in
3354 2135 3500 2189 quas
3542 2137 3703 2176 nunc
3755 2128 3810 2179 te

2153 2210 2346 2276 mitto,
2381 2214 2446 2264 ut
2490 2209 2723 2280 aperias
2769 2207 2972 2263 oculos
3014 2223 3238 2271 eorum,
3273 2213 3339 2262 ut
3384 2215 3806 2267 convertantur

2156 2316 2189 2354 a
2219 2298 2485 2354 tenebris
2531 2299 2603 2353 ad
2646 2298 2865 2364 lucem,
2917 2303 2976 2352 et
3021 2313 3055 2352 a
3112 2302 3402 2369 potestate
3449 2299 3679 2354 Satanae
3726 2302 3799 2357 ad

2156 2391 2361 2452 Deum,
2395 2393 2460 2443 ut
2508 2388 2801 2459 accipiant
2840 2387 3257 2442 remissionem
3302 2393 3702 2459 peccatorum,
3753 2397 3812 2448 et

2155 2484 2377 2534 sortem
2407 2479 2563 2532 inter
2592 2495 2692 2532 eos
2715 2477 2816 2549 qui
2862 2477 3214 2532 sanctiﬁcali
3268 2482 3427 2546 sunt,
3479 2496 3586 2551 per
3629 2479 3810 2537 fidem

2156 2585 2288 2640 quae
2319 2573 2409 2623 est
2437 2584 2576 2641 erga
2600 2585 2715 2623 me.
2750 2590 2778 2619 »
2909 2627 2911 2630 ς

2230 2681 2256 2707 (ι
2281 2659 2470 2730 Supra
2492 2658 2634 2712 solis
2649 2656 3051 2730 splendorem.
3071 2679 3099 2706 ››
3115 2658 3382 2713 Aﬂ‘erens
3395 2658 3457 2713 in
3471 2658 3734 2716 medium
3753 2662 3816 2718 id

2157 2747 2316 2820 quod
2350 2749 2505 2802 inter
2535 2747 2844 2803 sensibilia
2873 2746 3310 2802 lucidissimum
3353 2752 3461 2815 est,
3505 2766 3639 2804 cum
3689 2768 3812 2807 non

2156 2845 2357 2910 posset
2379 2837 2464 2892 illi
2487 2839 2623 2892 Jesu
2648 2837 2837 2892 lucem
2862 2853 3122 2907 aequare,
3150 2853 3280 2908 quae
3306 2836 3476 2910 longe
3497 2839 3690 2910 major
3703 2846 3816 2907 est,

2155 2935 2222 2983 ut
2250 2945 2320 2982 eo
2352 2926 2527 2982 modo
2549 2927 2843 2998 loquatur,
2878 2943 2993 2997 quo
3029 2926 3216 2996 possit
3267 2926 3529 2982 hominis
3577 2929 3816 2986 auditus

2159 3017 2483 3088 suscipere,
2513 3017 2596 3072 ait
2625 3016 2820 3070 lucem
2852 3015 3018 3070 illam
3060 3030 3341 3086 superare
3365 3017 3512 3072 solis
3537 3018 3814 3089 splendo-

2159 3123 2308 3163 rem.

2231 3195 2434 3262 XXVI,
2455 3198 2532 3249 19.
2557 3217 2582 3243 ‹‹
2602 3193 2897 3260 Unde,rex
2911 3187 3189 3264 Agrippa,
3215 3210 3336 3249 non
3351 3195 3435 3249 fui
3456 3195 3808 3256 inobediens

2163 3307 2188 3333 «
2226 3284 2452 3340 cmlesti
2485 3283 2716 3339 visioni.
2749 3305 2776 3332 »

2237 3371 2498 3430 Ὀπτασία
2529 3390 2678 3444 pura
2721 3372 2865 3427 visio
2926 3377 3014 3426 est
3060 3372 3388 3429 humanam
3447 3377 3819 3449 supergredi-

2162 3473 2260 3519 tur
2289 3469 2564 3520 naturam
2598 3463 2758 3518 illius
2789 3463 2874 3518 rei
2907 3479 3085 3533 quam
3117 3480 3237 3518 non
3269 3469 3464 3535 potest
3493 3466 3813 3538 quispiam,

2164 3555 2381 3610 dumin
2397 3571 2576 3610 carne
2602 3560 2709 3620 est,
2729 3554 2948 3623 videre,
2984 3553 3103 3608 nisi
3137 3554 3324 3626 ipsius
3347 3556 3505 3611 oculi
3533 3557 3816 3615 divinitus

2165 3645 2523 3700 revelentur.

2237 3734 2438 3797 XXVI,
2472 3737 2664 3788 20-23.
2689 3756 2715 3782 «
2739 3733 2850 3788 Sed
2865 3734 2957 3788 his
2982 3734 3082 3804 qui
3107 3740 3245 3789 sunt
3267 3736 3534 3792 Damasci
3558 3739 3819 3809 primum

2166 3830 2223 3879 et
2250 3823 2652 3894 Jerosolymis,
2687 3839 2754 3878 ac
2784 3839 2891 3894 per
2930 3839 3170 3878 omnem
3224 3824 3440 3880 Judaaaa
3490 3827 3817 3904 regionem,

2165 3914 2320 3969 I76
2371 3912 2587 3967 deinde
2642 3927 2878 3983 quoque
2935 3912 3211 3982 gentibus
3264 3916 3696 3972 annuutiabam
3754 3917 3824 3973 ut

2164 4003 2590 4073 resipiscerent
2620 4007 2675 4055 et
2719 4007 3207 4056 converterentur
3259 4003 3334 4057 ad
3388 4004 3591 4066 Deum.
3639 4023 3821 4076 opera

2164 4091 2452 4147 facientes
2483 4090 2664 4162 digna
2693 4089 3144 4161 resipiscentiae.
3180 4093 3315 4147 Haec
3346 4109 3417 4148 ex
3434 4109 3611 4149 causa
3630 4095 3817 4151 Judaai

2165 4198 2261 4237 me
2283 4183 2343 4236 in
2391 4181 2614 4253 templo
2657 4181 3158 4251 comprehensum
3209 4186 3588 4240 tentaverunt
3629 4187 3817 4243 inter-

2167 4273 2364 4327 ﬁcere.
2401 4271 2500 4326 Dei
2533 4272 2731 4342 itaque
2764 4275 2972 4325 nactus
3005 4272 3316 4336 auxilium,
3364 4291 3552 4346 usque
3602 4278 3664 4333 in
3716 4279 3827 4334 ho-

2167 4362 2444 4416 diernum
2499 4361 2656 4415 diem
2705 4367 2818 4426 sto,
2876 4361 3207 4416 testiﬁcans
3262 4369 3388 4418 tum
3449 4382 3647 4436 parvo,
3694 4374 3823 4426 tum

2169 4467 2404 4523 magno,
2437 4449 2588 4504 nihil
2619 4449 2781 4505 aliud
2812 4449 3018 4504 dicens
3049 4468 3226 4522 quam
3261 4469 3331 4508 ea
3353 4471 3483 4525 qua
3519 4459 3826 4530 prOphetaa

2169 4540 2442 4594 dixerant
2463 4539 2663 4594 futura
2692 4555 2844 4598 esse.
2878 4545 2936 4593 et
2968 4541 3176 4602 Moses.
3210 4559 3286 4596 an
3317 4560 3602 4614 passurus
3642 4547 3824 4604 fuerit

2165 4629 2454 4694 Christus,
2481 4644 2556 4682 an
2587 4628 2817 4698 primus
2849 4645 2921 4682 ex
2966 4631 3402 4686 resurrectione
3454 4641 3825 4692 mortuorum

389 4719 514 4792 φῶς
577 4711 771 4786 μέλλει
827 4713 1225 4788 καταγγέλλειν
1308 4719 1387 4786 τῷ
1474 4711 1593 4787 λαῷ
1647 4715 1902 4778 καὶτοῖς
1971 4711 2052 4771 ἔθ-

2171 4719 2377 4773 lumen
2411 4717 2879 4772 annuntiaturus
2913 4718 2990 4771 sit
3019 4719 3240 4789 populo
3272 4725 3329 4774 et
3355 4723 3650 4792 gentibus.
3684 4746 3714 4778 ι

386 4825 534 4859 νεσι.
579 4827 607 4854 υ

467 4917 497 4944 «ε
533 4894 627 4946 ’Θν
655 4913 714 4948 τε
770 4894 822 4946 οἱ
878 4894 1159 4970 προφῆται
1219 4890 1520 4963 ἐλάλησαν.
1554 4917 1582 4946 η
1633 4895 1749 4950 Ἵνα
1810 4898 1885 4969 μή
1930 4893 2058 4972 δόξῃ

388 4981 562 5044 αὐτὸς
592 4978 924 5044 διδάσκαλος
955 4983 1091 5037 εἶναι
1140 4983 1361 5050 τούτου,
1419 4981 1606 5058 ἐπάγει
1658 4984 1786 5047 τοὺς
1844 4989 2061 5063 προφή-

387 5091 493 5131 τας
526 5070 734 5125 καὶτὸν
765 5069 960 5126 Μωσέα
1016 5068 1250 5145 λέγοντα
1282 5097 1308 5123 ιι
1370 5071 1418 5127 εἴ
1473 5073 1716 5143 παθητὸς
1747 5074 1776 5129 ὁ
1805 5076 2058 5147 Χριστὸς,

393 5161 444 5216 εἷ
478 5165 704 5234 πρῶτος
761 5159 812 5232 ἐξ
865 5161 1200 5222 ἀναστάσεως
1260 5165 1484 5236 νεκρῶν,
1511 5185 1538 5212 »
1597 5164 1686 5216 καὶ
1716 5163 1782 5217 τὰ
1812 5165 1954 5237 ἑξῆς.
1986 5167 2060 5220 Τὸ

392 5249 476 5319 δὶ,
500 5251 572 5318 εἰ,
604 5251 723 5308 ἀντὶ
780 5255 901 5320 τοῦ,
962 5252 1068 5321 ὅτι,
1102 5251 1234 5311 έστί.
1268 5257 1495 5320 Μωσῆς,
1529 5253 1712 5331 φησὶν,
1774 5257 1918 5309 εἶπεν
1977 5255 2060 5311 ὅτι

393 5343 646 5414 παθητὸς
675 5343 703 5397 ὁ
732 5343 993 5416 Χριστὸς,
1025 5346 1244 5416 πρῶτος
1302 5341 1353 5416 ἐξ
1408 5343 1770 5407 ἀναστάσεως.
1833 5349 2060 5419 Ηρῶτος

392 5434 498 5509 γὰρ
521 5431 681 5496 οὗτος
707 5431 936 5501 ἀνέστη,
982 5432 1073 5487 καὶ
1132 5433 1234 5488 οὐκ
1291 5431 1368 5488 ἔτι
1423 5434 1775 5505 ἀποθνήσκει.
1837 5436 1900 5490 Οἱ
1955 5439 2061 5513 γὰρ

394 5525 716 5587 ἀναστάντες
751 5521 825 5579 δι’
855 5522 1026 5577 αὐτοῦ
1057 5521 1091 5590 ἢ
1115 5526 1223 5577 τῶν
1256 5525 1535 5595 μαθητῶν,
1573 5523 1663 5579 καὶ
1725 5527 1777 5579 οἱ
1834 5522 1924 5580 διὰ
1951 5532 2060 5581 τῶν

385 5621 702 5693 προφητῶν,
740 5612 919 5670 πάλιν
956 5609 1236 5679 ἀπέθανον,
1278 5609 1382 5677 ἓως
1411 5620 1511 5683 τῆς
1561 5614 1801 5679 καθόλου
1830 5616 2062 5671 ἀναστά-

378 5733 430 5770 σε
438 5734 510 5777 zu;
539 5711 840 5789 μένοντες.

2244 4919 2272 4946 ‹‹
2307 4895 2463 4951 Nihil
2494 4894 2658 4950 aliud
2689 4894 2894 4950 dicens
2925 4911 3106 4966 quam
3137 4912 3207 4952 ea
3239 4915 3370 4968 quae
3402 4901 3708 4973 prophetae
3742 4904 3830 4960 di-

2169 4991 2402 5043 xerunt.
2440 5007 2468 5035 »
2500 4986 2580 5039 Ne
2613 4984 2792 5056 hujus
2822 4985 2906 5039 rei
2939 4985 3147 5040 doctor
3170 4987 3477 5058 habeatur,
3502 4995 3824 5066 prophetas

2171 5076 2413 5133 adducit
2467 5090 2534 5129 ac
2593 5076 2792 5128 Mosen
2842 5073 3164 5141 dicentem,
3198 5093 3275 5132 an
3331 5094 3616 5150 passurus
3645 5083 3827 5140 fuerit

2173 5167 2462 5233 Christus,
2496 5181 2570 5219 an
2602 5163 2831 5235 primus
2862 5180 2930 5218 ex
2962 5167 3399 5222 resurrectione
3431 5176 3826 5245 mortuorum,

2173 5262 2318 5322 etc.;
2351 5252 2397 5308 εἷ
2429 5271 2586 5320 vero,
2621 5253 2680 5308 id
2712 5257 2803 5307 est
2831 5270 2931 5323 an,
2963 5254 3198 5324 capitur
3221 5273 3328 5327 pro
3350 5254 3510 5314 ὅτιίά
3534 5267 3624 5316 est
3645 5264 3830 5333 quod.

2173 5347 2384 5411 Moses,
2417 5342 2631 5414 inquit,
2667 5341 2814 5395 dixit
2845 5341 3004 5411 quod
3033 5359 3318 5413 passurus
3351 5351 3510 5402 esset
3537 5349 3828 5422 Christus,

2172 5435 2404 5507 primus
2435 5449 2504 5486 ex
2530 5431 2989 5486 resurrectione.
3024 5432 3259 5488 Primus
3289 5434 3586 5506 siquidem
3611 5439 3707 5496 hic
3737 5459 3830 5497 re-

2174 5523 2433 5580 surrexit
2460 5537 2571 5576 nec
2604 5520 2860 5591 amplius
2891 5521 3148 5577 moritur
3184 5539 3196 5576 :
3234 5540 3370 5579 cum
3397 5526 3557 5582 enim
3591 5536 3694 5584 aut
3723 5547 3830 5601 per

2172 5631 2329 5680 eum,
2360 5616 2462 5668 aut
2479 5628 2584 5682 per
2607 5607 2953 5680 discipulos,
2978 5611 3254 5666 similiter
3275 5619 3333 5666 et
3352 5629 3458 5685 per
3477 5617 3822 5688 prophetas,

2172 5708 2272 5764 alii
2306 5707 2551 5778 quidam
2594 5708 3070 5772 resur‘rexeraut,
3115 5721 3353 5760 rursum
3398 5707 3617 5762 mortui
3657 5714 3820 5787 sunt,

2169 5798 2580 5870 exspectantes
2613 5791 3011 5849 universalem
3042 5792 3568 5851 resurrectionem.
