4112 6468
297 456 405 515 991

1284 436 1689 502 COMMENT.
1740 435 1819 496 IN
1867 435 2077 497 ACTA
2118 436 2732 502 APOSTOLORUM.

3594 445 3724 506 292

363 589 561 657 XXVI,
598 587 780 641 24-52.
818 605 846 633 «
874 582 1010 638 Haac
1042 583 1241 636 autem
1275 594 1407 634 cum
1438 593 1546 650 pro
1595 593 1657 633 se
1699 574 1933 646 diceret1

2070 592 2091 622 ι
2123 573 2306 628 Ταῦτα
2337 569 2394 629 δὶ
2421 573 2587 659 αὐτοῦ
2645 572 3117 651 ἀπολογουμένου,
3177 579 3207 635 ὀ
3266 584 3486 649 Φῆστος
3542 580 3729 659 μεγά-

294 682 499 736 Festus
522 691 735 747 magna
766 689 904 728 voce
932 672 1014 728 ait
1041 687 1054 725 :
1086 669 1343 732 Insanis,
1391 666 1592 735 Paule,
1640 665 1842 721 multa;
1890 672 1943 722 te

290 768 506 824 littera:
534 767 610 822 ad
640 764 938 819 insaniam
968 763 1340 817 convertunt.
1390 759 1460 811 Et
1506 756 1721 812 Paulus
1755 771 1766 810 :
1817 758 1944 811 Non

293 858 549 921 insanio,
604 853 822 925 inquit,
864 847 1356 923 praestantissime
1406 846 1594 910 Feste,
1647 844 1752 901 sed
1799 846 1944 900 vrri-

294 951 430 1005 tatis
466 955 524 1003 et
556 944 894 1002 sobrietatis
942 941 1114 996 verba
1159 940 1425 1009 eloquor.
1481 937 1601 992 Scit
1663 937 1825 991 enim
1871 937 1943 994 de

293 1030 388 1084 his
421 1045 542 1093 rex,
590 1027 665 1082 ad
697 1040 873 1096 quem
924 1028 983 1077 et
1020 1020 1208 1074 libere
1270 1018 1501 1089 loquor.
1556 1017 1757 1072 Latere
1808 1033 1942 1073 eum

292 1119 445 1174 nihil
504 1119 714 1172 horum
768 1113 1042 1168 arbitror.
1118 1107 1420 1179 Siquidem
1469 1122 1664 1176 neque
1710 1107 1820 1161 hoc
1883 1107 1944 1162 in

292 1208 510 1278 angulo
570 1213 798 1278 gestum
858 1208 963 1257 est.
1026 1199 1252 1265 Credis,
1314 1214 1414 1252 rex
1471 1196 1745 1268 Agrippa,
1807 1213 1943 1268 pro-

290 1299 488 1371 phetis
511 1298 538 1353 ?
568 1297 697 1351 Scio
729 1294 887 1365 quod
919 1291 1141 1346 credas.
1176 1288 1431 1359 Agrippa
1460 1295 1661 1341 autem
1683 1286 1756 1342 ad
1790 1289 1941 1342 Pau-

293 1388 417 1443 lum
450 1387 567 1443 ait:
604 1384 811 1441 Paucis
838 1380 1054 1437 suades
1086 1379 1231 1434 mihi
1262 1382 1329 1431 ut
1378 1376 1749 1431 Christianus
1808 1376 1944 1431 efﬁ-

292 1478 435 1533 ciar.
471 1475 687 1531 Paulus
736 1489 871 1527 vero
930 1469 1115 1524 dixit:
1174 1466 1438 1539 Optarim
1498 1481 1641 1520 sane
1673 1481 1708 1520 a
1736 1465 1853 1521 Deo
1885 1471 1945 1521 et

290 1566 499 1638 paucis
523 1571 580 1619 et
613 1562 839 1627 multis,
873 1576 994 1615 non
1032 1564 1085 1613 te
1114 1556 1330 1625 solum,
1362 1554 1465 1610 sed
1495 1554 1676 1609 etiam
1735 1571 1942 1609 omnes

293 1656 395 1727 qui
427 1655 680 1710 audiunt
725 1650 924 1714 hodie,
985 1664 1114 1704 esse
1159 1646 1309 1701 tales
1368 1644 1561 1716 qualis
1620 1661 1726 1717 ego
1785 1661 1941 1711 sum,

293 1744 555 1816 exceptis
583 1741 832 1797 vinculis
863 1740 978 1795 his.
1013 1741 1276 1807 Cumque
1326 1736 1452 1790 haec
1497 1734 1731 1789 locutus
1763 1739 1939 1801 esset,

292 1832 555 1890 surrexit
582 1848 684 1887 rex
708 1847 775 1886 ac
805 1845 1029 1902 praises
1061 1833 1121 1882 et
1148 1824 1394 1881 Bernice
1451 1824 1672 1895 quique
1713 1823 1939 1879 asside-

288 1923 454 1979 bant.
486 1925 557 1977 Et
585 1939 719 1977 cum
752 1919 1157 1975 secessissent.
1214 1913 1613 1986 loquebantur
1643 1912 1799 1967 inter
1856 1930 1938 1968 se.

294 2013 600 2069 dicentes:
631 2009 788 2067 Nihil
820 2013 1008 2064 morte
1041 2011 1143 2061 aut
1190 2003 1442 2060 vinculis
1501 2001 1745 2075 dignum
1798 2002 1941 2058 facit

289 2101 469 2157 homo
498 2102 629 2156 iste.
666 2098 922 2172 Agrippa
969 2112 1104 2150 vero
1162 2095 1331 2149 Festo
1365 2090 1551 2146 dixit:
1586 2091 1812 2146 Dimitti
1844 2108 1942 2164 po-

287 2196 442 2245 terat
468 2190 562 2245 hic
593 2190 791 2253 homo,
828 2186 877 2241 si
909 2202 1028 2241 non
1063 2182 1424 2255 appellasset
1454 2182 1766 2237 Caesarem.
1803 2202 1831 2232 ››

2057 659 2129 734 λῃ
2160 663 2229 733 τῇ
2261 663 2417 738 φωνῇ
2449 654 2574 738 ἔφη·
2608 660 2811 738 Μαίνῃ.
2840 663 3042 736 Παῦλε,
3085 668 3153 721 τὰ
3204 665 3391 723 πολλά
3445 688 3502 722 σε
3531 654 3719 744 γράμ-

2058 770 2202 822 ματα
2249 751 2326 814 εἰς
2383 751 2577 824 μανίαν
2635 754 2967 828 περιτρέπει.
3026 756 3087 813 Ὀ
3146 752 3226 825 δὲ,
3281 756 3359 813 Οὐ
3416 757 3712 833 μαίνομαι,

2054 839 2211 918 φησὶ,
2268 840 2521 915 κράτιστε
2601 848 2807 914 Φῆστε,
2856 841 3002 899 ἀλλὰ
3051 842 3310 915 ἀληθείας
3355 847 3445 901 xui
3497 867 3726 925 σωφρο-

2055 927 2219 998 σύνης
2263 930 2482 1004 ῥήματα
2541 930 2983 1010 ἀποφθέγγομαί.
3044 935 3363 992 Ἐπίσταται
3429 934 3532 1013 γὰρ
3580 937 3714 1012 περῖ

2049 1018 2260 1074 τούτων
2312 1021 2340 1075 ὁ
2397 1020 2693 1095 βασιλεὺς,
2747 1023 2881 1097 πρὸς
2941 1022 3000 1078 ὃν
3044 1023 3134 1079 καὶ
3193 1022 3715 1100 παρῥησιαζόμενος

2053 1108 2231 1166 λαλῶ.
2292 1112 2586 1166 Λανθανειν
2658 1113 2760 1189 γὰρ
2834 1115 2999 1170 αὐτόν
3073 1136 3125 1171 τι
3181 1113 3414 1184 τούτων,
3475 1116 3536 1172 οὐ
3596 1117 3723 1173 πεί-

2053 1209 2221 1272 θομαι
2286 1197 2464 1256 οὐδέν.
2540 1201 2618 1259 Οὐ
2706 1205 2809 1279 γὶρ
2887 1201 3029 1259 ἐστιν
3115 1203 3169 1260 ἐν
3229 1206 3405 1281 γωνίᾳ
3462 1227 3708 1281 πεπραγ-

2053 1290 2212 1360 μένον
2263 1294 2444 1345 τοῦτο.
2517 1291 2812 1360 Ηιστεύεις,
2896 1292 3124 1368 βασιλεῦ
3208 1296 3504 1370 Ἀγριππα,
3585 1301 3712 1358 τοῖς

2049 1380 2403 1457 προφήταις;
2464 1378 2603 1437 Οἶδα
2659 1381 2742 1437 ὅτι
2818 1381 3109 1444 πιστεύεις.
3160 1384 3222 1441 Ὁ
3280 1379 3338 1438 δὲ
3392 1385 3705 1460 Ἀγρίππας

2048 1466 2184 1541 πρὸς
2213 1468 2305 1522 τὸν
2338 1467 2555 1523 Παῦλον
2612 1464 2743 1545 ἔφη’
2801 1471 2891 1526 Ἐν
2951 1468 3130 1547 ὀλίγῳ
3187 1492 3257 1547 με
3313 1472 3517 1534 πείθεις
3572 1475 3710 1548 Χρι-

2050 1557 2263 1611 στιανὸν
2318 1555 2584 1633 γενέσθαι.
2671 1559 2732 1616 Ὀ
2811 1556 2869 1615 δὲ
2955 1558 3171 1623 Παῦλος
3257 1560 3425 1616 εἶπεν·
3501 1561 3707 1632 Εὐξαί-

2052 1668 2162 1720 μην
2193 1646 2256 1701 ἂν
2313 1651 2394 1720 τῷ
2451 1652 2569 1720 Θεῷ
2626 1648 2714 1702 καὶ
2776 1645 2832 1703 ἂν
2887 1647 3060 1725 ὀλίγῳ
3117 1650 3207 1705 καί
3268 1651 3322 1705 ἒν
3379 1648 3578 1723 πολλῷ
3638 1652 3707 1707 οὐ

2050 1735 2218 1808 μόνον
2271 1736 2329 1790 σὲ
2363 1780 2376 1805 ,
2435 1734 2581 1792 ἀλλά
2646 1736 2737 1791 καὶ
2795 1735 2999 1800 πάντας
3052 1738 3183 1801 τοὺς
3236 1737 3535 1801 ἀκούοντας
3597 1760 3708 1815 μου

2049 1827 2292 1899 σήμερον
2327 1869 2342 1897 ,
2412 1827 2654 1902 γενέσθαι
2737 1829 3041 1898 τοιούτους,
3123 1829 3319 1891 ὁποῖος
3404 1829 3553 1906 κάγώ
3631 1851 3709 1887 ει-

2053 1936 2136 1988 μι,
2186 1916 2450 1991 παρεκτὸς
2510 1921 2619 1972 τῶν
2672 1913 2887 1991 δεσμῶν
2944 1918 3175 1976 τούτων.
3238 1919 3341 1977 Καὶ
3399 1924 3566 1976 ταῦτα
3613 1917 3705 1974 εί-

2048 2003 2245 2067 πόντος
2330 2004 2513 2078 αὐτοῦ,
2593 2005 2790 2078 ἀνέστη
2848 2008 2877 2062 ὁ
2921 2006 3179 2083 βασιλεὺς
3232 2008 3325 2064 καὶ
3378 2009 3406 2064 ὁ
3456 2008 3710 2085 ἡγεμὼν,

2050 2093 2086 2163 ἢ
2144 2114 2202 2148 τε
2258 2093 2518 2169 Βερενίκη
2598 2096 2688 2150 καὶ
2739 2097 2790 2150 oi
2861 2093 3261 2174 συγκαθήμενοῖ
3345 2097 3549 2163 αὐτοῖς.
3610 2099 3718 2154 Καὶ

2051 2181 2555 2258 ἀναχωρήσαντες,
2614 2183 2849 2241 ἐλάλουν
2902 2185 3039 2261 πρὸς
3097 2185 3383 2259 ἀλλήλους
3436 2186 3712 2263 λέγοντες,

287 2276 373 2333 ὅτι
403 2274 571 2336 Οὐδὲν
596 2276 828 2332 θανάτου
860 2271 1007 2345 ἄξιον
1039 2273 1074 2342 ἢ
1110 2268 1322 2346 δεσμῶν
1356 2270 1581 2344 πράσσει
1613 2270 1641 2324 ὁ
1665 2268 1956 2345 ἅνθρωπος
2006 2271 2184 2328 οὗτος.
2248 2272 2551 2348 Ἀγρίππας
2608 2271 2665 2329 δὲ
2720 2279 2801 2347 τῷ
2857 2277 3065 2350 Φήστῳ
3121 2272 3247 2351 ἔφη·
3305 2275 3715 2335 Ἀπολελύσθαι

282 2366 507 2424 ἐδύνατο
530 2368 557 2421 ὁ
588 2365 866 2441 ἄνθρωπος
900 2365 1081 2431 οὗτος,
1104 2361 1150 2416 εί
1186 2362 1262 2433 μή
1295 2360 1627 2431 ἐπεκέκλητο
1657 2360 1922 2435 Καίσαρα.
1959 2384 1987 2411 »

285 2462 433 2516 I77
473 2458 763 2525 Quoniam
793 2456 868 2512 ad
898 2472 1098 2529 regem
1131 2470 1366 2525 semper
1417 2452 1597 2508 verba
1628 2450 1935 2525 dirigebat,

284 2555 618 2606 commotus
651 2553 741 2603 est
769 2546 1143 2617 aliquantum
1175 2544 1404 2609 Festus,
1464 2547 1523 2596 et
1579 2540 1939 2597 Libertatem

285 2639 560 2704 intuitus,
593 2654 663 2692 ex
694 2635 877 2691 animi
909 2632 1357 2707 perturbatione
1388 2635 1447 2686 et
1494 2630 1616 2685 ira:
1682 2631 1937 2698 lns:.~nis,

285 2728 501 2800 inquit.
538 2726 755 2782 Paulus
787 2741 922 2779 vero
951 2739 1191 2778 causam
1242 2719 1435 2788 docet,
1475 2736 1581 2775 cur
1609 2719 1683 2775 ad
1739 2736 1939 2792 regem

283 2817 529 2874 verbum
578 2818 901 2872 convertat.
964 2811 1188 2869 Deinde
1246 2808 1567 2865 ostendens
1598 2807 1759 2880 quod
1819 2814 1937 2864 toto

284 2914 577 2964 terrarum
600 2906 740 2961 orbe
753 2905 865 2960 hac
882 2904 1098 2977 dogma
1118 2902 1196 2957 sit
1219 2900 1578 2971 dispersum,
1601 2898 1936 2971 subjungit:

287 3022 309 3047 ι
348 2997 649 3069 Siquidem
700 3010 895 3066 neque
940 2994 1052 3048 hoc
1103 2992 1165 3046 in
1226 2989 1442 3063 angulo
1473 2992 1705 3060 gestum
1738 2993 1831 3043 est
1861 3004 1874 3043 :
1908 3010 1937 3038 η

287 3088 357 3144 de
379 3103 552 3144 cruce
576 3102 643 3141 ac
660 3082 1099 3140 resurrectione
1118 3079 1328 3135 Christi
1349 3079 1623 3150 loquens.
1646 3077 1737 3133 ’Ev
1759 3075 1941 3152 ὀλιγῳ

284 3177 396 3233 hoc
450 3183 541 3232 est
595 3174 911 3248 perpaucis
965 3170 1179 3238 verbis,
1213 3168 1492 3225 brevibus
1536 3167 1935 3238 sermonibus,
1968 3205 2012 3272 ο

284 3266 518 3322 modica
538 3262 1060 3333 doctrina,absque
1077 3276 1289 3331 magno
1308 3258 1509 3314 labore
1532 3258 1934 3330 continuaque

283 3356 708 3428 disputatione.
743 3355 990 3424 Propter
1019 3349 1179 3422 quod
1211 3349 1391 3405 etiam
1424 3346 1643 3403 Paulus
1675 3347 1933 3403 vicissim

283 3461 351 3501 ac
373 3444 796 3500 convenienter
816 3441 901 3495 ait
929 3439 1002 3495 ad
1030 3439 1203 3494 illum
1224 3454 1236 3491 :
1256 3460 1283 3487 ‹‹
1304 3437 1569 3508 Optarim
1601 3453 1744 3492 sane
1760 3453 1796 3492 a
1816 3438 1934 3492 Deo

283 3539 342 3590 et
370 3533 576 3605 paucis
599 3538 659 3587 et
685 3530 892 3586 multis
916 3548 930 3597 ;
955 3551 977 3580 η
999 3544 1067 3584 ac
1099 3528 1149 3582 si
1179 3527 1336 3582 dicat
1361 3543 1374 3582 :
1404 3527 1523 3581 Hoc
1544 3542 1759 3598 nempe
1789 3525 1934 3581 mihi

281 3622 477 3678 studio
514 3626 622 3688 est,
655 3625 721 3674 ut
751 3634 963 3674 omnes
993 3615 1331 3672 efficiantur
1364 3614 1703 3682 Christiani,
1737 3619 1795 3670 et
1820 3615 1933 3671 hoc

280 3716 429 3772 mihi
458 3716 518 3770 in
538 3714 686 3770 votis
700 3719 986 3783 esteaque
1002 3710 1263 3783 precatio
1277 3725 1477 3764 coram
1496 3708 1614 3763 Deo
1632 3724 1644 3761 :
1662 3708 1929 3779 quando-

281 3804 525 3877 quidem
546 3808 788 3876 paratus
802 3806 1021 3865 sum,et
1034 3799 1239 3855 multis
1253 3796 1716 3865 sermonibus,et
1728 3796 1931 3868 paucis

277 3896 494 3953 Christi
510 3895 832 3969 prmdicare
853 3894 1054 3960 tidem,
1078 3891 1265 3947 multo
1288 3891 1467 3946 etiam
1490 3906 1623 3945 cum
1644 3888 1847 3944 labore
1864 3905 1932 3945 ac

275 3986 761 4058 molestia,idque
775 3985 1068 4057 protinus.
1090 3984 1473 4052 Nequaquam
1492 3978 1930 4034 enimlaborem

276 4082 379 4133 aut
406 4076 744 4133 molestiam
764 4076 825 4129 in
859 4073 1131 4129 doctrina
1151 4088 1218 4127 ac
1262 4069 1686 4142 prmdicatione
1733 4070 1931 4124 inesse

272 4165 598 4221 arbitrarer
618 4180 632 4218 :
656 4165 759 4220 sed
775 4163 1018 4235 perinde
1039 4161 1184 4216 mihi
1199 4158 1697 4231 essetdefatigari,
1721 4173 1789 4213 ac
1808 4173 1931 4213 non

275 4254 607 4326 defatigari,
641 4254 896 4308 multum
922 4258 1155 4321 tempus
1186 4249 1487 4303 insumere
1520 4247 1673 4302 sicut
1696 4263 1927 4317 parum,

273 4343 454 4401 modo
470 4342 796 4397 nonnullos
816 4341 1046 4396 videam
1071 4338 1172 4409 qui
1195 4337 1270 4393 ad
1283 4339 1469 4393 Deum
1486 4342 1927 4391 convertantur.

279 4433 413 4488 Haec
426 4438 622 4487 autem
639 4430 1063 4487 dicebatsimul
1078 4428 1320 4499 quidem
1335 4442 1499 4482 suam
1517 4425 1930 4498 promptitudi-

273 4538 413 4576 nem
429 4521 907 4592 atquefervorem
922 4516 1545 4583 demonstrans,simul
1565 4516 1741 4571 etiam
1756 4516 1926 4570 illum

278 4628 626 4683 provocans,
651 4617 713 4666 ut
738 4594 990 4666 si.vellet
1015 4608 1186 4681 plura
1211 4607 1418 4663 audire
1443 4613 1502 4661 et
1522 4606 1794 4678 ampliori
1811 4606 1925 4661 frui

277 4698 568 4768 doctrina,
590 4717 711 4756 non
728 4699 905 4755 modo
929 4698 1082 4754 nihil
1103 4701 1504 4764 cunctaretur,
1528 4711 1731 4750 verum
1746 4694 1925 4750 etiam

1958 4562 2005 4627 D

2051 2448 2272 2522 Ἐπειδὴ
2354 2451 2436 2508 ἀεὶ
2519 2454 2657 2525 πρὸς
2727 2455 2821 2509 τὸν
2880 2452 3106 2529 βασιλέα
3163 2452 3460 2533 διελέγετο,
3520 2456 3707 2535 ὥσπερ

2049 2538 2213 2605 ἔπαθέ
2240 2543 2349 2597 τιὸ
2409 2547 2649 2612 Φῆστος,
2707 2543 2797 2598 καὶ
2857 2542 2989 2599 ίδὼν
3046 2547 3146 2614 τήν
3203 2544 3531 2623 παῤῥησίαν,
3595 2547 3709 2604 ἀπὸ

2050 2634 2227 2704 θυμοῦ
2256 2632 2344 2686 xui
2376 2630 2567 2707 ὀργῆς,
2598 2632 2800 2708 Μαίνῃ,
2853 2633 3039 2712 φησίν.
3090 2635 3152 2693 Ὁ
3210 2631 3268 2690 δὲ
3323 2635 3542 2698 Παῦλος
3602 2639 3709 2708 τήν

2049 2720 2223 2776 αἰτίαν
2251 2718 2514 2794 διδάσκει,
2546 2720 2615 2777 δι’
2646 2724 2714 2793 ἢν
2764 2723 2903 2788 πρὸς
2948 2725 3042 2780 τὸν
3103 2725 3337 2801 βασιλέα
3390 2726 3486 2782 τὸν
3538 2725 3707 2803 λόγον

2049 2811 2396 2886 ἀπέστρεψεν.
2433 2814 2570 2868 Εἶτα
2627 2811 2838 2876 δεικνὺς
2888 2814 2971 2869 ὅτι
3028 2818 3311 2892 πανταχοῦ
3365 2818 3467 2886 τῆς
3523 2817 3706 2874 οἰκου-

2051 2900 2215 2972 μένης
2244 2906 2408 2957 τοῦτο
2441 2901 2632 2979 γέγονε
2687 2905 2749 2958 τὸ
2819 2901 3022 2977 δόγμα,
3075 2903 3362 2980 ἐπήγαγεν·
3426 2932 3453 2958 ‹‹
3487 2907 3563 2965 Οὐ
3592 2909 3695 2983 γὰρ

2046 2988 2101 3044 ἐν
2133 2990 2305 3066 γωνίᾳ
2330 2990 2672 3068 περαγμένον
2699 2997 2887 3063 τοῦτο,
2923 3016 2951 3044 ››
3003 2994 3066 3051 τὸ
3125 2994 3251 3069 περὶ
3303 3000 3540 3071 συαυροῦ
3595 2994 3697 3051 λέ-

2048 3100 2186 3154 γων,
2215 3080 2437 3150 καὶτῆς
2486 3081 2826 3144 ἀναστάσεως
2879 3086 2978 3137 τοῦ
3039 3085 3300 3158 Χριστοῦ.
3365 3086 3454 3142 Ἐν
3500 3083 3705 3162 ὀλίγον

2048 3168 2294 3225 τουτέστι
2326 3166 2397 3225 δι’
2428 3168 2634 3247 ὀλίγων
2692 3171 2982 3247 ῥημάτων,
3014 3171 3067 3226 έν
3100 3172 3331 3250 βραχέσι
3388 3173 3600 3251 λόγοις,
3648 3173 3707 3230 ἐν

2049 3256 2211 3334 ὀλίγῃ
2237 3255 2583 3332 διδασκαλίᾳ,
2617 3260 2796 3340 χωρὶς
2824 3259 3043 3317 ⁴ιιευλλοῦ
3075 3262 3245 3318 πόνου
3301 3264 3391 3319 καὶ
3427 3269 3703 3341 συνεχοῦς

2045 3343 2355 3419 διαλέξεως.
2399 3355 2478 3405 Δι’
2503 3349 2533 3405 ’ὀ
2557 3349 2648 3404 καὶ
2676 3350 2812 3426 πρὸς
2870 3349 3035 3406 αὐτὸν
3085 3350 3454 3424 κατιλλήλως
3487 3354 3515 3410 ὁ
3547 3357 3699 3411 Παῦ-

2045 3434 2141 3498 λός
2173 3456 2357 3513 φησιν·
2387 3462 2415 3490 ‹‹
2450 3438 2730 3511 Εὐξαίμην
2762 3439 2823 3494 ἂν
2873 3444 2954 3514 τῷ
2985 3445 3104 3514 Θεῷ
3158 3442 3250 3496 καὶ
3317 3440 3373 3497 ἂν
3434 3441 3636 3519 ὀλίγῳ,
3669 3466 3699 3495 ιι

2041 3526 2134 3580 xui”
2159 3525 2227 3581 τὰ
2248 3526 2392 3599 ἑξῆς.
2424 3527 2579 3599 Οἶον,
2613 3526 2696 3583 ὅτι
2730 3528 2890 3601 Ἐμοὶ
2942 3533 3111 3585 τοῦτο
3168 3527 3379 3600 σπουδή
3436 3531 3498 3586 τὸ
3548 3531 3703 3606 γενέ-

2043 3617 2164 3670 σθαι
2193 3615 2396 3678 πάντας
2449 3617 2809 3689 Χριστιανοὺς
2851 3617 2943 3673 καὶ
2973 3614 3135 3674 τοῦτό
3193 3621 3287 3694 μοί
3352 3618 3493 3675 ἐστιν
3550 3621 3697 3691 εὐχὴ

2041 3704 2177 3780 πρὸς
2208 3705 2360 3763 Θεόν.
2397 3706 2547 3762 Ἐπεὶ
2576 3705 2801 3778 ’ἕτοιμός
2832 3705 2949 3780 εἶμι
3003 3709 3095 3763 καὶ
3153 3705 3243 3764 διὰ
3300 3708 3532 3767 πολλῶν
3590 3708 3700 3767 λό-

2041 3814 2179 3869 γων,
2212 3793 2300 3850 καί
2326 3791 2396 3849 δι’
2428 3793 2637 3870 ὀλίγων
2667 3796 2769 3865 τὴν
2809 3795 2861 3853 έν
2897 3797 3120 3873 Χριστῷ
3167 3800 3435 3875 κηρύσσεν
3492 3801 3702 3870 πίστιν,

2040 3883 2130 3938 καὶ
2167 3884 2301 3956 μετά
2328 3884 2504 3940 κόπου
2534 3883 2625 3939 καὶ
2667 3884 2865 3956 πόνου,
2917 3886 3008 3942 καὶ
3068 3885 3129 3943 ἑκ
3181 3893 3281 3945 τοῦ
3329 3895 3701 3965 παραχρῆμα.

2041 3974 2225 4035 Κόπος
2253 3973 2355 4049 γὰρ
2383 3972 2473 4028 καὶ
2526 3974 2693 4036 πόνος
2751 3973 2805 4029 έν
2861 3979 2931 4049 τῇ
2983 3973 3313 4050 διδασκαλίᾳ
3363 3979 3454 4034 καὶ
3486 3982 3564 4051 τῷ
3592 3999 3701 4050 κη-

2043 4061 2275 4138 ρύγματι
2332 4060 2587 4136 οὐδαμῶς
2671 4063 2947 4139 λογίζεταί
3001 4088 3136 4140 μοι,
3191 4064 3317 4124 ἀλλ’
3404 4067 3519 4124 ἷ¹σον
3582 4066 3697 4124 ἐστὶ

2040 4156 2234 4223 κοπιᾷν
2294 4152 2385 4206 καὶ
2434 4153 2535 4226 μὴ,
2594 4154 2685 4209 καὶ
2742 4151 2918 4210 πολὺν
2972 4157 3174 4233 χρόνον
3228 4152 3435 4233 τρίϐειν
3494 4158 3697 4235 κηρύτ-

2039 4261 2200 4296 τοντα
2230 4240 2320 4296 καὶ
2354 4240 2567 4316 ὀλίγον,
2603 4244 2771 4316 μόνον
2801 4243 2854 4299 εἷ’
2875 4265 3027 4309 τινας
3073 4247 3188 4320 ὁρῶ
3244 4248 3381 4323 πρὸς
3409 4248 3504 4303 τὸν
3557 4254 3695 4324 Χρι-

2042 4332 2166 4387 στὸν
2225 4331 2662 4412 ἐπιστρέφοντας.
2734 4335 2916 4392 Ταῦτα
2974 4333 3032 4391 δὲ
3088 4334 3269 4414 ἔλεγεν
3328 4339 3445 4412 ἅμα
3504 4338 3603 4413 μὶν
3631 4342 3695 4396 τὸ

2039 4420 2204 4477 αὐτοῦ
2234 4420 2519 4498 πρόθυμον
2575 4421 2665 4478 xui
2728 4420 2989 4501 διάπυρον
3018 4423 3448 4501 ἐνδεικνύμενος,
3491 4429 3607 4502 ἅμα
3638 4426 3699 4485 δὲ

2036 4515 2282 4567 κάκεῖνον
2317 4510 2744 4586 ἐκκαλούμενος,
2787 4513 2862 4577 ὡς
2892 4514 2940 4570 εἰ
3000 4514 3267 4592 βούλοιτο
3324 4518 3416 4572 καὶ
3467 4516 3702 4575 πλείονα

2036 4603 2286 4673 ἀκοῦσαι,
2339 4603 2430 4657 καὶ
2488 4601 2810 4679 πλειοτέρας
2862 4601 3218 4669 διδασκαλίας
3267 4605 3603 4675 ἀπολαῦσαι,
3633 4608 3698 4664 οὐ

2039 4692 2207 4765 μόνον
2241 4688 2399 4747 οὐδὲν
2430 4690 2752 4765 ἀποκνήσει,
2783 4691 2913 4751 ἀΑλ¹
2973 4694 3154 4758 οὓτως
3210 4693 3322 4752 έστὶ
3383 4696 3697 4772 πρόθυμος,

275 4790 422 4847 adeo
439 4796 750 4863 promptus
779 4795 939 4846 esset
967 4786 1041 4844 ad
1086 4787 1487 4844 exhibendum
1542 4802 1605 4842 se
1652 4791 1925 4857 paratum

2045 4778 2258 4855 ἕτοιμον
2290 4779 2380 4835 xui
2411 4780 2474 4835 τὸ
2505 4780 2786 4857 πρόθυμον
2843 4782 3128 4863 παρέχων,
3176 4782 3317 4841 ὥστε
3370 4786 3461 4841 καὶ
3519 4787 3695 4863 εὐχῆς

278 4897 346 4936 ac
376 4880 655 4948 alacrem,
678 4880 944 4935 utetiam
983 4895 1132 4950 Opus
1152 4876 1301 4932 illud
1333 4876 1443 4931 sibi
1476 4875 1537 4930 in
1568 4874 1717 4930 votis
1747 4879 1928 4943 esset,

275 4969 594 5025 dummodo
628 4985 872 5041 scopum
904 4972 1342 5038 assequeretur.
1390 4966 1647 5038 Agrippa
1685 4963 1928 5035 quidem

274 5065 588 5131 acceperat
615 5058 668 5112 ἐν
694 5055 892 5131 ὀλιγῳ,
924 5065 990 5114 ut
1009 5058 1373 5129 significaret
1391 5056 1596 5128 paucis
1617 5071 1765 5126 opus
1798 5070 1927 5108 esse

284 5155 387 5206 aut
411 5166 617 5220 parum
652 5149 879 5204 abesse.
915 5148 1133 5204 Paulus
1152 5164 1285 5202 vero
1318 5152 1442 5201 tum
1473 5145 1534 5200 in
1557 5143 1927 5206 divinis,tum

274 5241 337 5295 in
385 5239 689 5303 humanis,
734 5238 1237 5310 prudentissimus
1286 5252 1353 5291 ac
1392 5233 1816 5299 astutissimus,
1878 5232 1927 5287 si

277 5328 573 5400 quispiam
634 5327 811 5393 alius,
843 5332 945 5382 aut
1000 5326 1199 5382 oblata
1226 5342 1370 5380 usus
1401 5323 1682 5389 dictione,
1717 5327 1820 5377 aut
1850 5320 1926 5376 si-

276 5417 556 5491 gnificato
569 5417 643 5473 ad
657 5417 717 5472 id
736 5416 896 5489 quod
913 5416 1037 5472 suis
1054 5414 1435 5471 sermonibus
1456 5417 1585 5468 erat
1605 5410 1929 5483 expediens

278 5508 573 5580 adjunxit,
597 5506 648 5561 ὲν
664 5504 844 5583 ὀλίγῳ
856 5505 947 5560 καὶ
963 5504 1015 5560 ἐν
1030 5502 1252 5575 πολλῷ,
1275 5522 1343 5561 ac
1373 5505 1423 5561 si
1441 5504 1721 5559 dixisset:
1747 5504 1929 5557 Parvo

280 5614 625 5655 sermonum
659 5614 868 5671 agone,
898 5602 1002 5652 aut
1030 5597 1078 5652 si
1113 5612 1262 5669 opus
1284 5600 1444 5651 esset
1471 5594 1651 5649 etiam
1690 5590 1930 5663 majori,

275 5688 534 5762 optarim
569 5694 625 5744 te
657 5688 1058 5745 Christianum
1100 5685 1254 5743 fieri.
1323 5684 1580 5742 Omnino
1621 5685 1931 5757 promptus

275 5792 409 5834 sum
440 5779 645 5837 omnia
670 5778 866 5836 facere
911 5793 1020 5851 pro
1052 5776 1265 5844 salute,
1296 5791 1419 5831 non
1450 5778 1553 5832 tua
1581 5772 1800 5838 solum,
1831 5787 1931 5827 ve-

2036 4864 2191 4944 ἔργον
2218 4868 2349 4925 αὐτὸ
2380 4871 2681 4937 ποιεῖσθαι,
2710 4868 2773 4925 ἂν
2808 4872 2975 4945 μόνον
3031 4874 3286 4952 τυγχάνῃ
3334 4877 3431 4931 τοῦ
3463 4880 3693 4936 σκοποῦ.

2036 4959 2135 5025 Τὸ,
2158 4957 2212 5013 έν
2237 4956 2436 5036 ὀλίγῳ,
2470 4959 2782 5035 Ἀγρίππας
2818 4960 2912 5033 μὲν
2931 4959 3049 5016 ἀντὶ
3070 4948 3197 5031 τοῦτ,
3216 4948 3346 5032 παρ’
3371 4962 3580 5037 ὀλίγον,
3611 4986 3699 5037 μι-

2036 5051 2170 5122 κροῦ
2193 5045 2433 5115 δέοντος,
2478 5044 2725 5114 εἴληφεν.
2786 5048 2849 5105 Ὀ
2910 5045 2967 5105 δὶ
3018 5046 3170 5125 εἷ’περ
3216 5071 3300 5112 τις
3353 5048 3528 5115 ἄΛλος
3595 5073 3692 5107 σο-

2036 5137 2135 5214 φὸς
2165 5136 2234 5191 τὰ
2289 5140 2406 5201 θεῖα
2462 5135 2680 5198 Παῦλος
2709 5135 2895 5193 καὶτὰ
2947 5137 3284 5214 ἀνθρώπινα,
3314 5144 3383 5214 τῇ
3433 5146 3696 5215 προφορᾷ

2042 5222 2254 5300 μᾶλλον
2285 5232 2386 5296 τῆς
2407 5223 2601 5296 λέξεως
2632 5224 2667 5294 ἢ
2698 5232 2778 5300 τῷ
2838 5228 3234 5302 σημαινομένῳ
3292 5230 3430 5305 πρὸς
3485 5231 3550 5286 τὸ
3577 5235 3689 5286 τῶν

2037 5314 2219 5393 λόγων
2251 5314 2524 5392 συμφέρον
2555 5314 2923 5391 χρησάμενος,
2948 5317 3012 5373 τὸ
3042 5316 3097 5373 ἐν
3118 5317 3298 5396 ὀλίγῳ
3341 5320 3432 5376 xui
3465 5319 3516 5377 ἦν
3551 5319 3694 5377 πολ-

2038 5405 2143 5479 λῴ,
2177 5406 2294 5462 ἀντὶ
2323 5408 2439 5471 τοῦ,
2466 5406 2553 5462 Ἐν
2583 5405 2760 5481 ὀλίγῳ
2792 5408 2973 5484 Λόγων
3005 5409 3198 5484 ἀγῶνι,
3227 5410 3274 5464 εἰ
3297 5407 3410 5466 δέοι
3442 5406 3499 5468 δὲ
3527 5411 3619 5467 xui
3639 5410 3695 5466 έν

2038 5495 2276 5563 πλείονι,
2311 5494 2570 5567 εὐξαίμην
2605 5494 2663 5549 ἂν
2716 5516 2774 5551 σε
2829 5497 3157 5571 Χριπιανὸν
3216 5499 3489 5576 γενέσθαι,
3545 5520 3696 5575 προ-

2038 5586 2286 5659 ήνεγκεν.
2312 5580 2408 5635 Ἰν’
2441 5577 2587 5654 εἷ’πῃ,
2616 5581 2717 5636 Καὶ
2748 5579 2819 5637 δι’
2850 5582 3050 5660 ὀλίγων
3075 5581 3279 5660 λόγων,
3303 5585 3415 5654 xui,
3449 5582 3543 5642 διὰ
3561 5583 3699 5642 πολ-

2039 5673 2153 5731 λῶν
2215 5668 2479 5742 εὐξαίμην
2575 5667 2638 5725 ἄν
2702 5674 3025 5747 Χριστιανὸν
3084 5673 3354 5751 γενέσθαι.
3421 5674 3519 5732 Διὰ
3565 5674 3699 5731 πάν·

2037 5782 2149 5819 των
2178 5756 2467 5831 πρόθυμός
2498 5758 2613 5831 εἰμι
2646 5760 2820 5815 πάντα
2851 5758 3106 5836 πράττειν
3135 5760 3225 5817 ixi
3283 5766 3350 5838 τῇ
3408 5766 3477 5837 σῇ
3511 5784 3695 5835 σωτη-
