4112 6410
318 375 446 439 313
1332 446 1337 453 ,
1440 374 1860 438 CECUMENII
1905 373 2212 436 TRIGOE
2255 373 2629 436 EPISCOPI.
3646 388 3765 450 294

325 506 438 583 ρίᾳ,
468 502 535 561 οὗ
566 509 642 582 τῇ
693 510 765 581 σῇ
827 502 885 563 δὶ
946 506 1138 581 μόνον,
1192 503 1339 562 ἀλλᾶ
1392 505 1484 562 καὶ
1537 510 1648 561 τῶν
1701 503 1999 563 συνόντων.

2126 522 2247 563 rum
2276 507 2457 563 etiam
2485 524 2693 565 eorum
2725 512 2827 582 qui
2857 517 3185 584 prmsentes
3223 520 3382 572 sunt.
3433 538 3462 569 «
3492 519 3764 595 Exceptis

325 622 357 651 α
391 596 672 673 Παρεκτὸς
703 600 816 652 τῶν
849 593 1067 670 δεσμῶν
1096 594 1326 652 τούτων*
1365 620 1395 648 ››
1453 595 1569 654 Οὐκ
1614 596 1999 671 ἀπευχόμενος

2126 596 2363 652 rinculis
2394 597 2508 652 his.
2546 619 2568 649 ι
2605 600 2733 655 Νοη
2764 599 2877 655 sibi
2913 602 3145 659 vincula
3175 621 3512 677 exsecrans,
3555 593 3663 666 aut
3687 612 3762 667 ob

325 688 507 760 ἑαυτῷ
540 686 610 743 τᾶ
678 684 880 759 δεσμὰ,
939 683 1073 742 οὐδὲ
1128 685 1552 761 αἰσχυνόμενος,
1607 689 1769 741 τοῦτο
1826 682 2000 760 ἔλεγε.

2126 703 2182 743 ea
2212 686 2438 759 pudore
2471 689 2731 745 suffusus
2762 690 2875 746 hoc
2905 691 3137 749 dicebat
3163 711 3176 748 :
3207 710 3347 751 nam
3379 696 3511 765 hoc,
3547 699 3594 755 si
3618 700 3762 772 quid

325 781 507 835 τοῦτο
537 778 645 855 γαρ
674 777 747 847 ἦν
778 778 954 849 αὐτῷ,
989 775 1142 853 εἷ’περ
1172 775 1314 832 ἀλλο
1371 798 1450 846 τι,
1499 776 1643 851 ἄξιον
1703 774 1864 850 δόξης
1911 776 2002 831 καὶ

2126 775 2297 835 aliud.
2330 776 2518 849 gloria
2548 784 2608 833 et
2638 780 3034 837 exsultatione
3063 784 3307 856 dignum
3350 788 3506 858 apud
3560 789 3759 861 ipsum

331 867 633 945 καύχημα,
664 866 816 923 ἀλλὰ
853 868 992 942 πρὸς
1021 874 1121 935 τήν
1170 866 1387 923 ἐκείνων
1439 865 1720 941 ὑπόληψιν
1764 868 2002 946 ἀφορῶν,

2126 863 2463 931 habebatur,
2497 866 2650 921 178
2683 867 2787 922 sed
2837 869 2910 923 ad
2971 869 3209 925 illorum
3258 873 3760 933 existimationem

330 959 427 1014 καί
475 961 549 1031 τῇ
607 957 829 1013 ἐκείνων
909 955 1151 1029 ἀσθενείᾳ
1226 952 1692 1035 συγκαταϐαίνων*
1786 955 2003 1012 Γὲνοιτό

338 1070 462 1123 μοι,
498 1047 662 1125 φησὶ,
692 1047 897 1109 πάντας
927 1045 1156 1109 τούτους
1203 1047 1475 1121 γενέσθαι,
1528 1048 1703 1123 χωρὶς
1751 1049 1860 1100 τῶν
1915 1042 2003 1100 δε-

342 1141 507 1211 σμῶν
522 1192 525 1195 .

976 1231 1232 1283 ΚΕΦΑΛ.
1277 1226 1385 1283 AH‘

336 1316 533 1378 Πλοῦς
579 1315 799 1388 Παύλου
857 1314 947 1388 ἒπὶ
1005 1316 1257 1388 Ῥώμην,
1302 1312 1568 1388 κινδύνων
1617 1336 1675 1372 τε
1733 1314 2005 1372 πλείστων

412 1389 509 1464 καὶ
574 1386 854 1464 μεγίστων
908 1385 1197 1464 ἔμπλεωςέ
1239 1389 1329 1464 Ἑν
1383 1387 1430 1460 ᾧ
1475 1389 1800 1464 *παραίνεσις
1864 1388 2009 1445 Ηαύ-

413 1457 743 1535 λουῄπρὸς-
776 1459 905 1535 τοὺς
942 1457 952 1461 ⁷
991 1460 1084 1514 σὺν
1128 1458 1290 1535 αὑτῷ
1339 1457 1493 1535 περὶ
1563 1457 1823 1535 ’ἐλπίδος
1911 1482 2014 1515 σω-

407 1530 635 1608 τηρίας.
669 1532 970 1608 ’Νανάγιον
1031 1530 1271 1608 Ηαύλου,
1316 1530 1477 1608 finng
1541 1551 1618 1608 ‘tt.
1677 1530 2013 1608 διεσῴθησαν

415 1601 504 1667 εἷς
532 1602 780 1678 Μελίτην
807 1601 910 1671 τῆν
963 1610 1127 1673 νῆσον
1177 1603 1268 1658 καὶ
1314 1604 1414 1660 ὃσα
1453 1602 1505 1658 ἐν
1560 1601 1697 1678 αὐτῇ
1730 1604 1758 1658 ὁ
1793 1603 2010 1666 ιΙαῦλος

420 1676 956 1751 ὶθαυματούργησεν.

439 1789 469 1818 α
496 1766 584 1827 Ὦς
612 1762 671 1820 δὲ
700 1763 917 1838 ἐκρίθη,
948 1767 1046 1819 τοῦ
1093 1762 1359 1821 ἀποπλεῖν
1406 1766 1556 1839 ἡμᾶς
1605 1764 1681 1826 είς
1725 1766 1824 1834 τήν
1873 1765 2013 1822 Ἰτα-

371 1852 513 1925 λίαν,
552 1849 863 1929 καρεδίδουν
920 1853 1014 1908 τόν
1064 1874 1123 1908 τε
1183 1851 1396 1909 Παῦλον
1450 1854 1543 1909 καί
1592 1875 1743 1917 τινας
1798 1855 2014 1930 ἑτέρους

370 1941 642 2017 δεσμώτας
696 1942 1091 2023 ἑκατοντάρχῳ
1151 1942 1380 2018 ὀνόματι
1471 1942 1707 2018 Ἰουλίῳ,
1786 1945 2015 2021 σπείρης

361 2028 667 2103 Σεϐαστῆς.
755 2029 1069 2096 Ἐπιϐαντες
1153 2031 1209 2089 δὶ
1292 2031 1477 2109 πλοίῳ
1586 2032 2013 2112 Ἀδραμυττηνῷ

351 2123 663 2200 μέλλοντες
693 2120 854 2179 πλεῖν
894 2122 1025 2184 τοὺς
1083 2124 1220 2180 κατά
1276 2124 1375 2193 τήν
1426 2124 1607 2182 Ἀσίαν
1658 2125 1861 2187 τόπους
1919 2127 2014 2181 ἀν-

352 2214 644 2293 ήχθημεν,
702 2211 856 2274 ὄντος
913 2213 1006 2268 σὺν
1054 2215 1190 2287 ἡμῖν
1273 2214 1644 2290 Ἀριστάρχου
1703 2212 2012 2278 Μακεδόνος

351 2300 823 2365 θεσσαλονικξως.
880 2306 960 2377 Τῇ
1018 2324 1076 2359 τε
1150 2303 1309 2379 ἑτέρᾳ
1361 2304 1723 2380 κατήχθημεν
1782 2304 1857 2367 είς
1916 2310 2012 2360 Σι-

346 2389 527 2451 δῶνα.
619 2389 1041 2466 Φιλανθρώπως
1125 2413 1184 2447 τε
1254 2393 1283 2447 ὑ
1339 2392 1565 2455 Ἰιύλιος
1643 2393 1724 2466 τῷ
1811 2393 2013 2468 Παύλῳ

354 2482 746 2562 χρησάμενος,
833 2478 1092 2556 ἐπέτρεψε
1171 2479 1311 2558 πρὸς
1362 2482 1491 2545 τοὺς
1564 2482 1758 2563 φέΛτυς
1813 2504 2013 2560 πορευ-

344 2571 506 2636 θέντα
595 2568 914 2645 ἐπιμελείας
1004 2577 1216 2647 τυχεῖν.
1334 2572 1591 2628 Κάκεῖθεν
1691 2571 2012 2653 ἀναχθέντες

348 2667 781 2741 ὑπεπλεύσαμεν
847 2669 946 2738 τήν
1005 2669 1219 2745 Κύπρον
1308 2666 1398 2726 διὰ
1478 2672 1542 2727 τὸ
1594 2669 1720 2734 τοὺς
1779 2672 2011 2745 ἀνέμους

349 2760 497 2815 εἶναι
534 2758 829 2821 ἐναντίους.
863 2758 942 2816 Τό
971 2779 1031 2814 τε
1055 2756 1299 2837 πέλαγος
1343 2760 1406 2816 τὸ
1454 2761 1594 2817 κατᾶ
1640 2762 1738 2831 τὴν
1792 2760 2011 2819 Κιλικί-

349 2870 415 2905 αν
475 2848 573 2905 καὶ
634 2845 962 2927 Παμφυλίαν
1018 2845 1458 2920 διαπλεῦσαντες,
1538 2853 1866 2930 κατήχημεν
1934 2850 2010 2914 εἷς

351 2939 520 3014 Μύρα
578 2957 682 3007 της
764 2938 985 3000 Λυκίας⁸
1046 2938 1201 2994 κάκεῖ
1284 2938 1458 3014 εὑρὼν
1527 2940 1555 2994 ὁ
1608 2939 2012 3016 ἑκατόνταρχος

344 3029 552 3084 πλοῖον
604 3025 1023 3104 Ἀλεξανδρινὸν
1077 3026 1246 3084 πλέον
1306 3029 1385 3092 εἷς
1441 3031 1542 3099 τήν
1611 3027 1868 3097 Ἰταλίαν,
1930 3031 2011 3085 έν-

350 3112 609 3173 εϐίϐασεν
672 3118 826 3189 ἡμᾶς
882 3118 958 3180 εἰς
1016 3116 1169 3173 αὐτό.
1230 3118 1319 3175 Ἐν
1393 3117 1604 3181 ἱκαναῖς
1663 3114 1721 3174 δὶ
1777 3120 2013 3193 ἡμέραις

343 3204 862 3284 βραδυπλοοῦντες,
945 3204 1038 3261 καὶ
1100 3204 1264 3280 μόλις
1344 3208 1633 3284 γενόμενοι
1717 3208 1854 3265 κατά
1910 3210 2011 3278 τήν

338 3295 574 3365 Κνίδον,
654 3297 734 3370 μή
816 3301 1164 3372 προσεῶντος
1252 3299 1401 3371 ἡμᾶς
1474 3303 1570 3354 τοῦ
1622 3297 1847 3371 ἀνέμου,
1910 3300 2011 3355 ὑπ-

340 3390 694 3460 επλεύσαμεν
722 3388 829 3458 την
874 3390 1099 3463 Κρήτην
1150 3388 1287 3444 κατά
1336 3386 1675 3462 Σαλμώνην.
1727 3387 1904 3452 Μόλις
1954 3413 2012 3447 τε

339 3477 792 3553 παραλεγόμενοι
821 3475 1021 3547 αὐτὴν,
1065 3476 1313 3551 ἡλθομεν
1368 3478 1445 3540 είς
1502 3477 1675 3533 τόπον
1730 3480 1853 3535 τινὰ
1912 3501 2010 3535 κα-

342 3565 629 3636 λούμενον
678 3562 898 3627 Καλοὺς
943 3563 1199 3639 λιμένας,
1249 3566 1296 3638 ᾧ
1356 3563 1517 3640 ἐγγὺς
1571 3565 1641 3635 ἦν
1692 3566 1860 3630 πόλις
1901 3574 2008 3623 Λα-

355 3654 505 3711 σαὶα.
534 3656 745 3710 Ἱκανοῦ
778 3651 837 3709 δὶ
867 3655 1073 3730 χρόνου
1107 3651 1513 3731 διαγενομένου,
1558 3656 1648 3711 καὶ
1698 3654 1856 3719 ὄντος
1898 3654 2008 3728 ἤδη

370 3740 696 3817 ὶπισσοαλοῦς
724 3747 824 3799 τοῦ
845 3743 1021 3806 πλοὸς
1055 3741 1144 3799 διὰ
1198 3744 1262 3800 τὸ
1305 3742 1394 3800 καί
1442 3745 1543 3814 τήν
1599 3746 1850 3815 νηστείαν
1898 3743 2009 3817 ἤδη

373 3829 822 3903 παρεληλυθέναι,
883 3831 1120 3909 παρῄνει
1176 3834 1204 3888 ὁ
1264 3832 1480 3897 Παῦλος
1557 3832 1739 3908 λέγων
1804 3834 2007 3898 αὐτοῖς.

360 3916 600 3992 Ἄνδρες,
636 3922 822 3997 θεωρῶ
854 3922 941 3977 ’ὁτι
975 3921 1114 3995 μετὰ
1142 3916 1350 3997 ὕϐρεως
1398 3923 1488 3978 καὶ
1536 3922 1755 3992 πολλῆς
1806 3923 2010 3998 ζημίας

356 4007 421 4063 οὐ
449 4008 624 4080 μόνον
662 4014 761 4066 τοῦ
790 4008 994 4089 φόρτου
1026 4010 1118 4065 καὶ
1146 4014 1244 4065 τοῦ
1267 4008 1487 4081 πλοίου,
1510 4010 1655 4067 ἀλλά
1674 4011 1893 4067 καὶτῶν
1916 4016 2013 4087 ψυ-

349 4102 472 4173 χῶν
490 4101 526 4168 ἡ
536 4103 658 4170 μῶν
688 4097 881 4171 μέλλει
907 4097 1122 4163 ἔσεσθαι
1141 4100 1234 4156 τὸν
1264 4099 1462 4157 πλοῦν.
1486 4101 1546 4159 Ὀ
1578 4098 1635 4156 δὲ
1660 4101 1851 4158 ἑκατόν
1881 4124 2009 4179 ταρ-

339 4209 448 4265 χος
475 4193 559 4261 τῷ
592 4184 901 4265 κυϐερνήτῃ
951 4189 1043 4245 καὶ
1093 4194 1172 4263 τῷ
1227 4190 1524 4266 ναυκλήρῳ
1581 4190 1823 4247 ἐπείθετο
1875 4193 2012 4267 μᾶλ-

338 4277 465 4350 λον,
497 4280 536 4348 ἢ
559 4284 683 4341 τοῖς
716 4279 822 4334 ὑπὸ
851 4278 949 4335 τοῦ
980 4277 1205 4335 Παύλου
1227 4278 1574 4357 λεγομένοις.
1608 4282 1920 4338 Ἀνευθέτου
1952 4279 2010 4338 δὲ

333 4374 439 4425 τοῦ
500 4367 737 4441 λιμένος
801 4368 1148 4445 ὑπάρχοντος
1224 4370 1362 4446 πρὸς
1418 4372 1890 4446 παραχειμασίαν,
1955 4372 2006 4427 οἱ

333 4456 577 4520 πλείους
637 4451 819 4514 ἔθεντο
873 4458 1085 4532 βουλὴν
1146 4459 1453 4539 ἀναχθῆναι
1514 4459 1782 4525 κάκεῖθεν,
1838 4458 2005 4523 εἷ’πως

336 4545 627 4615 δύναιντο,
670 4551 1100 4618 καταντήσαντες
1155 4547 1232 4610 εἷς
1293 4548 1524 4604 Φοίνικα
1566 4550 2003 4624 παραχειμάσαι,

2112 953 2463 1023 respiciens,
2497 960 2555 1009 et
2576 956 2648 1011 ad
2681 972 2884 1011 eorum
2909 958 3380 1016 imbecillitatem
3407 979 3536 1019 esse
3557 966 3765 1022 demit-

2116 1046 2265 1095 tens.
2300 1043 2614 1117 Contingat
2642 1046 2812 1113 mihi,
2845 1048 3061 1118 inquit,
3098 1056 3161 1103 ut
3190 1067 3397 1107 omnes
3429 1054 3767 1112 efficiantur

2116 1130 2263 1186 mihi
2296 1131 2542 1199 similes,
2577 1140 2972 1206 praeterquam
3006 1137 3066 1192 in
3097 1139 3191 1193 his
3222 1140 3494 1197 vinculis.

2656 1226 2885 1281 CAPUT
2923 1227 3230 1284 XXXVIII.

2117 1309 2284 1395 Pauli
2313 1313 2540 1395 Romam
2573 1329 2757 1395 uersus
2784 1316 3076 1385 navigatio
3097 1319 3358 1395 plurimis
3405 1324 3772 1395 marimisque

2184 1383 2354 1457 plena
2379 1385 2681 1452 periculis:
2708 1385 2768 1440 in
2796 1403 2905 1457 quo
2924 1383 3202 1443 narratur
3246 1393 3414 1446 etiam
3461 1395 3627 1449 Pauli
3672 1383 3772 1450 ἓω-

2192 1454 2539 1535 I_t_ortqlio_ad
2571 1474 2660 1535 eos
2711 1454 2825 1535 qui
2858 1477 3038 1515 secum
3086 1468 3247 1535 erant
3304 1463 3369 1516 de
3408 1480 3503 1535 spe
3550 1467 3765 1523 salutis.

2194 1529 2567 1601 Naufragium,
2594 1531 2773 1589 Pauli.
2800 1537 2989 1601 etquo
3036 1533 3196 1588 modo
3242 1529 3538 1592 incolumes
3587 1554 3773 1593 evase-

2190 1606 2323 1673 runt
2350 1602 2409 1653 in
2439 1600 2662 1655 Meliten
2703 1600 2960 1670 insulam,
3018 1619 3204 1673 quaeve
3251 1609 3524 1663 miracula
3568 1610 3774 1666 Paulus

2192 1671 2253 1724 in
2283 1687 2345 1724 ea
2370 1679 2627 1741 operatus
2655 1676 2729 1728 sit

2194 1761 2415 1828 XXVII,
2454 1765 2604 1819 1-20.
2646 1782 2667 1812 ι
2703 1766 3024 1838 Postquam
3045 1774 3244 1824 autem
3265 1769 3571 1827 decretum
3593 1777 3685 1828 est
3708 1777 3775 1828 ut

2048 1893 2092 1960 Β
2123 1866 2233 1905 nos
2282 1851 2697 1923 navigaremus
2726 1855 2788 1909 in
2820 1856 3072 1923 Italiam,
3108 1858 3485 1915 tradiderunt
3514 1867 3571 1917 et
3619 1863 3773 1918 Pau-

2123 1940 2249 1997 lum
2280 1949 2339 1998 et
2370 1944 2661 2015 quosdam
2692 1945 2841 2002 alios
2862 1948 3089 2003 vinctos
3133 1951 3491 2019 centurioni,
3527 1954 3771 2010 nomine

2121 2032 2297 2101 Iulio,
2342 2036 2601 2091 cohortis
2633 2040 2931 2107 Augustas.
2982 2039 3321 2096 Conscensa
3374 2049 3572 2099 autem
3624 2061 3770 2101 nave

2123 2124 2547 2197 Adramyttina
2572 2128 2902 2198 navigaturi
2918 2128 3091 2200 juxta
3106 2131 3259 2185 Asiae
3282 2132 3432 2202 loca,
3465 2134 3771 2205 solvimus,

2120 2221 2537 2283 perseverante
2622 2215 2934 2271 nobiscum
3020 2219 3360 2275 Aristarcho
3454 2223 3772 2280 Macedone

2120 2302 2657 2358 Thessalonicensi.
2693 2304 2974 2375 Sequenti
3028 2312 3227 2362 autem
3276 2308 3373 2363 die
3430 2311 3773 2383 appulimus

2119 2390 2420 2447 Sidonem.
2486 2393 2557 2447 Et
2608 2393 2801 2449 Julius
2855 2394 3199 2451 humaniter
3254 2403 3503 2455 tractato
3560 2402 3770 2471 Paulo,

2120 2480 2394 2552 permisit
2415 2486 2481 2536 ut
2502 2481 2574 2537 ad
2596 2483 2821 2538 amicos
2842 2484 3162 2555 profectus,
3188 2487 3261 2543 ab
3285 2488 3406 2543 illis
3437 2495 3769 2564 curaretur,

2119 2571 2385 2643 Cumque
2413 2571 2552 2626 inde
2576 2572 2981 2642 solvissemus,
3042 2575 3560 2651 subnavigavimus
3600 2579 3775 2653 juxta

2120 2661 2397 2732 Cyprum,
2438 2668 2755 2735 prOpterea
2810 2663 2967 2735 quod
3013 2672 3216 2722 essent
3260 2669 3416 2724 venti
3465 2673 3775 2730 contrarii.

2120 2750 2191 2804 Et
2228 2751 2455 2807 emensi
2486 2751 2753 2824 pelagus,
2801 2754 2961 2825 quod
3020 2760 3109 2810 est
3157 2762 3364 2813 contra
3419 2759 3685 2816 Ciliciam
3718 2767 3778 2818 et

2121 2840 2553 2913 Pamphyliam,
2577 2843 2959 2914 pervenimus
2991 2844 3216 2917 Myram
3249 2864 3382 2918 quas
3415 2854 3505 2904 est
3544 2851 3732 2923 Lycias
3759 2868 3771 2906 :

2122 2935 2181 2983 et
2222 2928 2303 2984 ibi
2334 2936 2543 2987 nactus
2588 2934 2857 2989 centurio
2907 2950 3117 2990 navem
3163 2935 3627 2995 Alexandrinam
3667 2958 3777 2998 na-

2120 3017 2418 3092 vigantem
2450 3020 2513 3075 in
2546 3020 2797 3087 Italiam,
2831 3022 3117 3095 imposuit
3144 3041 3255 3080 nos
3285 3026 3347 3081 in
3398 3043 3551 3084 eam.
3596 3028 3773 3086 Cum-

2122 3123 2236 3177 que
2268 3107 2473 3162 multis
2508 3107 2717 3165 diebus
2744 3110 2909 3166 tarde
2960 3113 3394 3185 navigaremus,
3432 3121 3492 3170 et
3536 3118 3631 3173 vix
3673 3118 3774 3175 de-

2124 3196 2497 3252 venissemus
2529 3213 2737 3254 versus
2767 3200 3040 3269 Cnidum,
3078 3203 3432 3274 prohibente
3462 3223 3571 3261 nos
3603 3214 3776 3264 vento

2124 3285 2605 3360 adnavigavimus
2655 3290 2840 3345 Cretm
2890 3291 3064 3363 juxta
3114 3292 3475 3351 Salmonem.
3551 3297 3776 3369 Vixque

2122 3375 2288 3432 illam
2320 3377 3218 3452 praeterlegentes.pervenimus
3240 3385 3300 3440 in
3336 3385 3531 3441 locum
3564 3403 3776 3458 quem-

2122 3466 2280 3533 dam,
2315 3467 2415 3538 qui
2458 3474 2703 3524 vocatur
2732 3470 3207 3543 Pulchriportus,
3268 3474 3363 3530 cui
3407 3475 3599 3532 vicina
3648 3483 3777 3533 erat

2121 3556 2324 3612 civitas
2348 3558 2565 3614 Lasaaa.
2592 3558 2770 3614 Multo
2792 3565 2993 3616 autem
3025 3567 3293 3634 tempore
3324 3571 3584 3637 peracto,
3619 3569 3658 3622 Ι
3676 3569 3773 3625 10

2122 3653 2181 3700 et
2219 3662 2355 3700 cum
2381 3646 2509 3718 jam
2539 3653 2696 3703 esset
2724 3649 3061 3720 periculosa
3107 3653 3419 3726 navigatio,
3454 3655 3611 3727 quod
3645 3657 3773 3729 jam

2114 3735 2338 3809 jejunii
2384 3753 2620 3807 quoque
2680 3744 2914 3811 tempus
2970 3742 3354 3812 praeterisset,
3412 3743 3777 3804 admonebat

2122 3841 2224 3879 eos
2250 3825 2489 3893 Paulus,
2518 3826 2725 3883 dicens
2751 3845 2763 3882 :
2800 3830 2943 3889 Viri.
2975 3831 3144 3887 video
3175 3834 3335 3903 quod
3385 3851 3521 3889 cum
3553 3836 3775 3908 injuria

2122 3914 2432 3985 multoque
2457 3913 2698 3983 damno,
2732 3933 2851 3973 non
2884 3919 3078 3975 solum
3109 3923 3310 3977 oneris
3343 3930 3403 3979 et
3429 3925 3616 3992 navis,
3667 3927 3772 3985 sed

2123 4004 2302 4059 etiam
2334 4005 2665 4061 animarum
2712 4013 3052 4064 nostrarum
3083 4010 3282 4067 futura
3332 4014 3409 4067 sit
3455 4014 3771 4087 navigatio.

2120 4093 2397 4148 Centurio
2455 4111 2591 4149 vero
2637 4095 3019 4168 gubernatori
3106 4106 3166 4155 et
3220 4101 3503 4157 nauclero
3585 4105 3773 4179 magis

2120 4182 2418 4254 credebat,
2480 4202 2657 4256 quam
2716 4187 2809 4241 his
2866 4204 2999 4259 quas
3056 4207 3092 4246 θ.
3148 4192 3331 4247 Paulo
3396 4192 3772 4251 dicebantur.

2120 4276 2383 4345 Cumque
2415 4283 2588 4346 aptus
2617 4282 2821 4348 portus
2850 4294 2969 4334 non
3003 4286 3161 4335 esset
3190 4282 3264 4336 ad
3307 4282 3771 4351 hibernandum,

2119 4363 2460 4436 complures
2514 4372 2824 4438 coeperunt
2876 4370 3197 4426 consilium
3258 4372 3524 4429 solvendi
3582 4373 3773 4444 illinc,

2118 4456 2165 4510 si
2212 4471 2329 4525 quo
2389 4454 2566 4509 modo
2616 4462 2861 4527 possent
2917 4461 3173 4530 pervecti
3247 4461 3586 4519 thnicem
3649 4464 3775 4521 illic

2115 4543 2453 4598 hibernare.
2494 4544 2548 4598 Is
2578 4549 2670 4600 est
2700 4550 2907 4616 portus
2936 4548 3123 4604 Cretzs
3157 4557 3439 4621 spectans
3466 4552 3539 4607 ad
3557 4554 3775 4625 Aphri-

339 4636 551 4709 λιμένα
580 4643 683 4706 τῆς
739 4637 960 4712 Κρήτης
1020 4635 1296 4712 βλέποντα
1345 4637 1483 4692 κατά
1541 4632 1682 4692 Λίϐα
1728 4637 1820 4693 καὶ
1873 4640 2009 4693 κατά

2126 4649 2255 4688 cum
2314 4638 2373 4687 et
2430 4633 2504 4688 ad
2552 4634 2830 4690 Chorum.
2908 4638 3228 4710 Aspirante
3288 4649 3488 4697 autem
3546 4648 3771 4711 austro,

329 4729 567 4801 Χῶρον.
594 4726 1056 4790 Ὑποπνεύσαντος
1089 4723 1148 4782 δὶ
1180 4725 1378 4796 Νότου,
1425 4723 1674 4797 δόξαντες
1721 4727 1822 4797 τῆς
1875 4747 2005 4802 προ-

332 4818 548 4877 θέσεως
602 4814 1018 4891 κεκρατηκέναι,
1074 4812 1296 4891 ἄραντες
1349 4822 1545 4872 Ἀσσον
1625 4815 2007 4893 παραλέγοντο

335 4906 449 4973 κήν
510 4907 759 4980 Κρήτηνι
808 4905 942 4964 Μετ’
996 4904 1059 4961 οὗ
1115 4903 1262 4962 πολὺ
1314 4902 1373 4961 δὶ
1429 4900 1594 4961 ἔϐαλε
1647 4906 1767 4961 κατ’
1838 4904 2004 4977 αὐτῆς

334 4996 550 5069 ἄνεμος
576 4994 918 5070 Τυφωνικὸς,
972 4997 1001 5051 ὁ
1029 4992 1374 5069 καλούμενος
1420 4992 1806 5072 Εὐροκλύδων.
1867 5002 2005 5051 Συν-

340 5080 720 5161 αρπασθέντος
750 5081 806 5142 δί
828 5088 926 5140 τοῦ
982 5082 1207 5155 πλοίου,
1259 5084 1350 5141 καὶ
1412 5086 1487 5159 μὴ
1536 5081 1840 5158 δυναμένου
1881 5085 2005 5140 ἀντ-

340 5171 658 5253 οφθαλμεῖν
712 5178 792 5247 τῷ
871 5172 1081 5247 ἀνέμῳ,
1165 5169 1441 5236 ἐπιδόντες
1520 5172 1841 5251 ἐφερόμεθα.
1899 5181 2008 5245 Νη-

330 5262 456 5318 σίον
489 5258 553 5318 δί
599 5282 651 5319 τι
713 5259 1124 5339 ὑποδραμόντες
1165 5259 1509 5337 καλούμενον
1559 5259 1841 5333 Κλαύδην,
1902 5262 2006 5336 μό-

338 5349 431 5413 λις
494 5350 795 5429 ἰσχύσαλεν
875 5357 1223 5428 περικρατεῖς
1302 5353 1544 5429 γενέσθαι
1602 5358 1702 5421 τῆς
1771 5356 2002 5432 σκάφης.

334 5442 441 5499 Ἦν
499 5439 727 5517 ἄραντες
774 5440 1063 5519 βοηθείαις
1142 5440 1415 5516 ἐχρῶντο,
1477 5441 1884 5510 ὑποζωννύντες
1942 5443 2006 5497 τὸ

333 5533 558 5603 πλοῖον,
592 5528 936 5616 φοϐούμενοί
973 5550 1035 5586 τε
1093 5530 1170 5604 μὴ
1230 5531 1307 5593 εἷς
1360 5533 1461 5602 τὴν
1517 5530 1714 5607 Σύρτιν
1767 5529 2009 5587 ίκπέσω-

330 5645 408 5694 σι,
474 5623 814 5702 χαλάσαντες
876 5622 944 5680 τὸ
1002 5624 1189 5684 σκεῦος
1280 5617 1454 5685 οὕτως
1510 5622 1788 5703 ἐφέροντο.
1860 5629 2005 5700 Σφο-

325 5700 587 5792 δρῶςίδὶ
672 5710 1121 5795 χειμαζομένων
1178 5712 1364 5786 ἡμῶν,
1442 5716 1512 5790 τῇ
1549 5700 1699 5785 ’ἑξῆς
1758 5706 2000 5787 ἆκϐολήν

2119 4720 2232 4775 rati
2264 4737 2327 4777 se
2356 4722 2645 4793 propositi
2676 4730 3003 4797 compotes,
3036 4744 3172 4783 cum
3203 4728 3521 4785 solvissent
3554 4732 3768 4787 Asson.

2119 4809 2614 4881 prmterlegebant
2644 4813 2895 4869 Cretam.
2931 4816 3147 4871 Verum
3204 4816 3363 4873 haud
3410 4819 3600 4873 multo
3638 4825 3777 4891 post

2120 4904 2358 4955 coortus
2420 4904 2510 4953 est
2555 4905 2761 4957 contra
2820 4902 3009 4974 ipsam
3066 4911 3279 4962 ventus
3371 4908 3770 4980 Typhonicus,

2122 4989 2220 5061 qui
2279 4993 2522 5044 vocatur
2557 4989 2937 5063 Euroaquilo.
2975 4994 3240 5067 Cumque
3292 5004 3565 5071 correpta
3615 5004 3776 5056 esset

2119 5079 2307 5144 navis,
2341 5094 2451 5134 nec
2481 5086 2686 5151 posset
2731 5080 2919 5138 obniti
2968 5090 3166 5153 vento,
3226 5087 3363 5144 data
3419 5104 3566 5144 nave
3616 5089 3775 5145 ﬂati-

2120 5169 2253 5233 bus,
2316 5169 2672 5225 ferebamur.
2733 5173 2798 5227 In
2857 5173 3120 5230 insulam
3194 5183 3391 5233 autem
3451 5179 3772 5250 quamdam

2121 5260 2368 5328 devecti,
2401 5276 2533 5330 qua)
2558 5268 2805 5317 vocntur
2834 5263 3076 5331 Clauda,
3122 5267 3216 5323 vix
3266 5268 3569 5341 potuimus
3617 5270 3775 5326 obti-

2119 5365 2263 5406 nere
2287 5350 2589 5421 scapham.
2621 5350 2745 5415 Qua
2795 5351 3029 5410 sublata
3068 5356 3385 5429 adjutoriis
3425 5359 3773 5434 utebantur,

2119 5440 2536 5513 succingentes
2568 5458 2802 5508 navem,
2860 5451 2920 5500 et
2970 5446 3250 5505 timentes
3298 5465 3374 5506 ne
3435 5450 3498 5506 in
3556 5451 3774 5523 Syrtim

2118 5530 2471 5597 inciderent,
2501 5529 2762 5588 demisso
2794 5550 2929 5591 vase
2960 5536 3045 5593 sic
3093 5538 3463 5597 ferebantur.
3522 5541 3594 5595 Et
3638 5557 3775 5597 cum

2118 5620 2454 5676 vehementi
2495 5625 2849 5694 tempestate
2905 5625 3290 5699 jactaremur,
3353 5629 3627 5701 sequenti
3676 5628 3773 5686 die

2110 5711 2339 5785 jactum
2372 5710 2664 5778 fecerunt,
2702 5727 2770 5768 ac
2831 5716 3008 5771 tertio
3060 5717 3156 5774 die
3215 5716 3438 5774 nostris
3488 5715 3770 5774 manibus
