4112 6466
411 426 529 487 298

1380 429 1797 491 COMMENT.
1846 429 1933 489 ΙΝ
1978 422 2187 488 ACTA
2241 424 2847 491 APOSTOLORUM.

3703 444 3818 509 296

408 584 778 635 armamenta
809 579 975 635 navis
1022 582 1406 653 projecimus.
1454 585 1636 639 Porro
1682 598 1879 653 neque
1928 579 2014 636 sol

2127 556 2613 653 _i1roe‘oﬁv1o:AKa2
2641 567 2710 639 τῇ
2740 565 2899 643 τρίτῃ
2956 568 3279 650 αὐτόχειρες
3319 574 3421 645 τήν
3475 579 3673 649 σκευὴν
3721 585 3814 637 τοῦ

408 687 600 742 neque
640 671 937 727 Sideribus
967 674 1392 745 apparentibus
1421 676 1497 731 ad
1526 674 1861 747 complures
1909 670 2056 736 dies,

407 765 465 815 et
494 765 843 832 tempestate
874 779 993 817 non
1028 764 1237 837 exigua
1260 764 1634 833 imminente,
1688 764 1816 835 jam
1859 759 2059 816 ablata

405 857 535 906 erat
564 852 761 907 omnis
795 870 929 926 spes
961 854 1169 909 salutis
1198 859 1438 909 nostra).
1477 878 1497 905 ι

469 1054 497 1082 ‹‹
534 1034 701 1099 Quod
718 1034 1079 1107 jamjejunii
1105 1053 1340 1108 quoque
1365 1041 1599 1108 tempus
1621 1035 2004 1108 praeterisset.
2021 1054 2049 1085 »δ

401 1122 703 1194 Jejunium
736 1124 881 1180 dicit
925 1125 1019 1181 hic
1046 1125 1404 1181 Iudaeorum.
1465 1128 1608 1182 Nam
1657 1132 1793 1197 post
1843 1126 2051 1180 Pente-

400 1219 603 1269 costen
637 1215 807 1287 longo
843 1221 1106 1287 tempore
1136 1214 1274 1271 inde
1328 1232 1607 1290 egressus
1641 1221 1749 1282 est,
1808 1213 1953 1270 adeo
1985 1218 2051 1268 ut

400 1302 594 1358 ferme
624 1304 802 1359 fuerit
832 1305 1044 1371 hiems,
1077 1322 1212 1360 cum
1244 1305 1317 1360 ad
1348 1311 1546 1378 partes
1575 1307 1761 1360 Cretas
1809 1302 2047 1360 accede-

398 1401 507 1448 ret.
543 1394 688 1449 Ecce
720 1410 881 1449 nunc
913 1410 1148 1465 quoque
1178 1395 1535 1451 vaticinatur
1567 1395 1807 1460 Paulus,
1840 1393 2045 1449 dicens

400 1482 485 1536 eis
517 1482 675 1553 quod
706 1482 1079 1556 naufragium
1110 1483 1394 1539 facerent.
1428 1487 1496 1538 Et
1522 1483 1663 1539 licet
1690 1498 1809 1537 non
1842 1482 2040 1538 conti-

394 1574 546 1643 gerit
574 1571 659 1627 eis
687 1572 1061 1645 naufragium
1092 1589 1224 1628 cum
1262 1573 1482 1629 damno
1513 1573 1847 1629 animarum
1870 1572 2043 1643 juxta

395 1660 584 1732 ipsius
609 1678 978 1717 sermonem:
1013 1662 1123 1717 hoc
1152 1668 1348 1718 tamen
1372 1669 1599 1719 natura
1617 1679 1796 1719 cursu
1816 1662 2038 1717 evenis-

2161 645 2365 745 πλοίου
2449 648 2767 745 έῤῥίψαμεν.
2825 657 3007 745 -Μητε
3177 645 3341 731 ἦλίου
3403 668 3542 738 μήτε
3599 645 3808 745 ἀίστρων

2159 734 2587 817 ἐπιφαινομένων
2643 741 2732 799 ἐπὶ
2780 743 3038 811 πλείονας
3122 751 3358 826 ἡμέρας,
3404 734 3711 830 ⁷’χειμῶνός¹
3752 780 3809 816 τε

2159 827 2260 921 οὐκ
2313 828 2510 908 ὀλίγου
2569 830 2938 909 ἐπικειμένου,
2995 836 3190 897 λοιπὸν
3271 827 3591 921 περιηρεῖτο
3664 854 3809 904 πᾶσα

2156 914 2314 981 ἐλπὶς
2343 924 2440 975 τοῦ
2470 922 2735 992 σώζεσθαι
2763 928 2933 999 ἡμᾶς,
2967 950 2997 979 ››

2228 1053 2256 1080 α
2290 1030 2385 1085 Διὰ
2416 1031 2478 1086 τὸ
2507 1032 2599 1087 καί
2644 1034 2743 1102 τήν
2800 1034 3051 1103 νηστείαν
3106 1035 3215 1110 ¹ἤδη
3274 1039 3738 1117 παρεληλυθέναι.
3776 1070 3806 1099 »

2154 1118 2421 1213 Νηστείαν
2453 1119 2679 1213 ἐνταῦθα
2699 1124 2810 1213 *τήν
2837 1130 2945 1179 τῶν
2981 1124 3257 1183 Ἰουδαίων
3288 1128 3459 1207 λέγει.
3521 1134 3669 1190 Μετᾶ
3699 1136 3805 1213 γὰρ

2151 1207 2661 1298 τὴνᾷυεντηκοστήν
2693 1210 2917 1282 ἐξῆλθεν
2953 1213 3151 1271 ἐκεῖθεν
3186 1219 3323 1291 μετὰ
3352 1217 3526 1275 πολὺν
3576 1207 3800 1298 χρόνον,

2150 1295 2225 1385 ὡς
2256 1296 2309 1352 ἐν
2342 1298 2490 1373 αὐτῷ
2522 1297 2717 1375 σχεδὸν
2768 1306 2848 1385 τῷ
2876 1308 3117 1377 χειμῶνι
3163 1308 3555 1385 παραγενέσθαι
3580 1295 3685 1375 -εἰς
3734 1314 3807 1370 τὰ

2151 1382 2290 1458 μέρη
2317 1393 2418 1455 τῆς
2450 1389 2694 1461 Κρήτης.
2724 1384 2862 1445 Ἰδοὺ
2893 1392 3223 1469 προφητεύει
3281 1382 3373 1451 καὶ
3433 1401 3524 1453 νῦν
3576 1399 3605 1454 ὁ
3654 1404 3807 1455 Παῦ-

2151 1474 2267 1543 λος,
2299 1483 2601 1554 ναυαγῆσαι
2634 1476 2807 1555 λέγων
2841 1480 3049 1544 αὺτοῖς.
3080 1482 3149 1540 Ei:
3177 1484 3268 1539 καὶ
3314 1487 3380 1542 ού
3429 1488 3652 1566 γέγονεν
3703 1489 3806 1547 αύ-

2145 1569 2264 1657 τοῖς
2296 1566 2430 1637 μετὰ
2461 1568 2664 1642 ζημίας
2697 1571 2892 1645 ψυχῶν
2922 1571 2986 1627 τὸ
3006 1573 3260 1648 ναυάγιον
3288 1596 3427 1632 κατα
3480 1578 3576 1634 τὸν
3627 1577 3798 1657 λόγον

2144 1652 2327 1710 αὐτοῦ.
2360 1657 2536 1711 Τοῦτο
2567 1658 2661 1730 μὲν
2690 1658 2793 1735 γὰρ
2824 1658 2951 1715 ὅσον
2980 1663 3118 1717 γατὰ
3152 1664 3254 1732 τήν
3300 1665 3457 1745 φύσιν
3509 1672 3606 1723 τοῦ
3655 1652 3804 1744 πρά-

386 1754 498 1817 set,
531 1750 648 1805 nisi
678 1751 831 1806 Deus
860 1758 1317 1823 praeservasset:
1371 1758 1612 1825 pr0pter
1649 1753 1844 1824 ipsum
1875 1751 2015 1806 enin

2143 1764 2357 1820 γματος
2389 1742 2593 1819 ἐγένετο
2626 1747 2706 1816 ἅν,
2738 1748 2787 1803 εἴ
2839 1750 2916 1822 μὴ
2951 1751 2979 1805 ὁ
3012 1751 3141 1815 Θεὸς
3191 1742 3435 1815 διέσωσε.
3501 1758 3580 1813 Δι’
3633 1742 3802 1814 αὗτὸν

381 1837 523 1894 fecit
555 1844 617 1893 ut
636 1838 724 1893 illi
758 1856 997 1910 quoque
1030 1839 1171 1895 salvi
1191 1846 1410 1896 essent.
1436 1840 1591 1897 180
1613 1846 1654 1894 Α
1686 1845 2015 1912 tempestati

2138 1832 2239 1907 γὰρ
2270 1833 2360 1887 καὶ
2402 1832 2640 1899 ἐκείνους
2697 1834 3039 1909 διασωθῆναι
3087 1842 3361 1915 ἐποίησεν.
3409 1847 3486 1903 Τὸ
3541 1848 3635 1921 μὶν
3696 1849 3801 1903 οῦν

389 1927 590 1999 itaque
620 1928 842 1984 factum
874 1936 965 1984 est
985 1930 1379 2002 naufragium,
1404 1930 1688 2002 quoniam
1716 1930 2015 1985 vehemen:

2142 1921 2429 1996 γενόμενον
2462 1926 2714 2001 ναυάγιον
2770 1926 2878 1982 ἀπὸ
2918 1933 3015 1984 τοῦ
3070 1936 3264 2008 καιροῦ
3313 1931 3545 2011 ἐγένετο,
3599 1934 3800 2007 ἐπειδῆ

378 2024 508 2073 erat
536 2017 817 2089 procella.
853 2018 1038 2089 Majus
1068 2024 1269 2074 autem
1322 2018 1436 2074 fuit
1464 2018 1841 2084 miraculum,
1875 2034 2015 2091 quoc

2145 2009 2312 2103 μέγας
2339 2014 2469 2103 ἦνᾼὸ
2502 2016 2738 2103 χειμών·
2771 2019 2850 2074 Τὸ
2882 2014 2940 2073 δὲ
2969 2021 3148 2094 θαῦμα
3182 2009 3390 2096 μεῖζον,
3421 2024 3507 2081 δτι
3537 2024 3589 2081 ἐν
3616 2032 3801 2103 καιρῷ

388 2106 489 2162 tali
522 2112 788 2179 tempore
822 2124 854 2163 e
884 2107 1096 2163 mediis
1127 2109 1339 2163 servati
1363 2109 1483 2163 sint
1500 2108 1802 2180 periculis,
1820 2112 1881 2164 et
1908 2108 2015 2179 ips¢

2137 2101 2378 2175 τοιούτῳ
2408 2100 2467 2158 ἐκ
2500 2102 2678 2178 μέσων
2712 2104 2996 2177 ἐσώθησαν
3024 2112 3133 2164 τῶν
3189 2109 3478 2187 κινδύνων,
3527 2114 3690 2178 αὐτός
3714 2100 3800 2173 ’τε

380 2196 702 2268 Apostolus
732 2202 791 2251 et
821 2203 1064 2269 propter
1093 2213 1227 2252 eum
1259 2197 1481 2253 cmteri.
1509 2199 1635 2253 Non
1658 2213 1795 2269 ergo
1816 2197 2015 2252 menti-

2140 2192 2168 2245 ὁ
2202 2191 2559 2263 Ἀπόστολος,
2592 2195 2683 2250 καὶ
2715 2193 2786 2251 δι’
2825 2195 2987 2253 αὐτὸν
3035 2200 3088 2253 οἱ
3138 2199 3348 2258 λοιποί.
3382 2204 3542 2260 Ὥστε
3593 2206 3656 2261 οὗ
3714 2206 3803 2264 δι-

381 2289 477 2340 tus
503 2292 611 2342 est.
653 2307 675 2333 ι
710 2286 990 2343 Centurio
1023 2303 1156 2341 vero
1213 2286 1594 2359 gubernatori
1647 2292 1705 2342 et
1748 2286 2015 2343 nauclerc

2137 2281 2410 2374 ἅψευσται.
2445 2310 2472 2337 ι(
2506 2285 2570 2343 Ὀ
2601 2283 2657 2341 δὲ
2690 2287 3096 2369 ἑκατοντάρχης
3125 2295 3205 2365 τῷ
3233 2287 3541 2370 κυϐέρνήτῇ
3584 2299 3675 2353 καὶ
3708 2305 3799 2374 τῷ

382 2376 570 2448 magis
603 2376 948 2432 credebat.»
984 2378 1113 2432 Non
1154 2376 1400 2432 adhibet
1443 2377 1712 2432 animum
1761 2376 2029 2432 centurio

377 2464 474 2520 his
501 2482 634 2538 quas
668 2482 702 2522 a
732 2466 916 2522 Paulo
939 2465 1310 2537 dicebantur,
1346 2466 1597 2523 credens
1637 2467 1724 2522 eis
1754 2467 1852 2539 qui
1886 2467 2030 2522 artis

379 2554 693 2628 navigandi
707 2556 881 2628 periti
901 2562 1102 2613 essent
1116 2557 1301 2630 magis
1313 2573 1477 2628 quam
1489 2556 1706 2612 vectori
1720 2556 2027 2628 inexperto

379 2645 466 2700 rei
499 2646 778 2715 nautica),
813 2650 871 2701 et
899 2663 968 2701 ex
999 2645 1111 2700 hoc
1142 2644 1316 2701 docet
1361 2644 1519 2716 quod
1567 2645 1786 2701 mentis
1831 2646 2026 2717 potius

371 2752 538 2791 error
570 2742 728 2791 esset
767 2752 946 2807 quam
1005 2735 1279 2791 fortunis.
1333 2737 1477 2791 Cum
1537 2735 1695 2791 enim
1754 2735 2026 2791 naturale

361 2830 588 2900 cuique
611 2830 689 2885 sit
705 2830 967 2886 devitare
988 2827 1275 2901 pericula,
1307 2826 1481 2883 docet
1499 2826 1629 2898 ipsa
1659 2826 2026 2898 experientia

2135 2370 2432 2448 ναυκλήρῳ
2465 2374 2731 2432 ἐπείθετο.
2773 2402 2792 2428 ι
2829 2377 2907 2435 Ού
2940 2376 3203 2455 προσέχει
3233 2387 3350 2444 τοῖς
3385 2383 3487 2439 ὑπὸ
3516 2389 3613 2440 τοῦ
3643 2370 3798 2444 Hari-

2135 2458 2236 2516 λου
2268 2460 2590 2539 λεγομένοις
2621 2467 2649 2519 ὁ
2683 2465 3113 2548 ἑκατοντάρχης,
3146 2472 3467 2546 πειθόμενος
3508 2481 3627 2538 τοῖς
3681 2476 3789 2550 ἐμ-

2134 2551 2336 2645 πείρως
2367 2549 2559 2629 ἔχουσι
2611 2553 2827 2628 μᾶλλον
2894 2559 3032 2633 πρὸς
3089 2561 3153 2614 τὸ
3210 2559 3393 2632 πλεῖν,
3452 2565 3487 2635 ἢ
3548 2562 3790 2645 ὶπιὸάτῃ

2133 2641 2343 2733 ἀπείρῳ
2372 2651 2654 2715 ναυτικῆς,
2687 2646 2791 2703 Καὶ
2840 2645 2899 2703 ἐκ
2934 2647 3131 2704 τούτου
3185 2648 3448 2722 διδάσκει,
3508 2653 3591 2710 δτι
3640 2641 3791 2733 γνώξ

2135 2754 2243 2805 μης
2274 2731 2388 2789 ἐστὶ
2418 2732 2507 2788 καὶ
2540 2733 2602 2789 οὐ
2632 2734 2813 2815 τύχης
2842 2736 2904 2791 τὸ
2964 2737 3286 2814 ἁμάρτημα.
3343 2742 3463 2800 Ὅτι
3514 2744 3621 2819 γὰρ
3656 2731 3787 2802 Ῠέστι

2129 2824 2271 2877 πατὰ
2327 2824 2483 2903 φύσιν
2544 2824 2791 2904 ἐκφυγεῖν
2847 2824 3115 2899 κίνδυνον,
3174 2830 3311 2902 αύτή
3344 2835 3379 2902 ἠ
3412 2839 3575 2910 πεῖρα
3634 2833 3787 2891 διδᾶο

369 2935 444 2974 ne
478 2919 739 2992 seipsum
774 2919 1071 2992 quispiam
1096 2918 1447 2990 prwcipitet,
1479 2932 1611 2972 cum
1635 2933 1729 2971 res
1751 2921 2015 2987 apertum

2130 2932 2240 2966 σκει
2276 2913 2352 2986 μή
2386 2916 2839 2990 κατακρημνίζειν
2895 2918 3083 2973 ἑαυτόν
3138 2940 3275 2989 τινα,
3336 2921 3411 2984 ὡς
3479 2919 3778 3000 ἂναμφιόό-

369 3010 544 3065 affert
572 3009 929 3081 periculum,
960 3013 1020 3063 et
1048 3008 1288 3063 fortuna
1315 3023 1382 3062 ac
1412 3006 1599 3061 fatum
1653 3004 1728 3060 ad
1776 3004 1835 3061 id
1865 3004 2015 3075 quod

2129 3000 2241 3063 λως
2298 3007 2396 3058 τοῦ
2450 3006 2768 3080 πράγματος
2809 3004 3052 3062 κίνδυνον
3109 3008 3386 3086 φέροντος,
3444 3019 3545 3081 τῆς
3598 3011 3773 3089 τύχης

365 3100 681 3172 prmvisum
709 3105 801 3154 est
830 3098 1214 3154 obdormiat:
1266 3096 1425 3169 quod
1473 3096 1522 3151 si
1571 3095 1750 3151 etiam
1798 3094 2015 3167 vigilet,

2127 3092 2215 3146 καὶ
2273 3092 2611 3169 εἱμαρμένης
2667 3093 2755 3151 ἐπὶ
2810 3099 2918 3151 τῶν
2972 3096 3266 3173 προῦπτων
3331 3100 3780 3176 κοιμωμένης,ἢ

362 3188 518 3244 nihil
553 3196 754 3245 tamen
785 3187 1017 3260 operari
1039 3192 1236 3259 potest
1267 3186 1549 3242 adversus
1579 3184 1891 3240 hominum
1922 3200 2015 3240 vo-

2127 3184 2507 3260 γρηγορούσης
2561 3186 2679 3258 μὶν,
2741 3183 2913 3259 μηδὲν
2974 3183 3031 3242 δὲ
3089 3184 3395 3262 δυναμένης
3451 3190 3784 3267 ἆντιπρᾶξα-

362 3279 657 3335 luntatem
692 3284 751 3334 et
775 3278 1131 3335 electionem
1165 3293 1178 3333 :
1223 3293 1341 3348 qua
1370 3291 1571 3349 opera.
1603 3291 1735 3347 quae
1783 3291 1844 3330 se
1876 3290 2015 3330 con-

2129 3276 2247 3329 σθαι
2279 3273 2415 3329 κατὰ
2444 3281 2545 3344 τῆς
2600 3277 2966 3351 προαιρέσεως
3020 3282 3131 3332 τῶν
3178 3277 3504 3355 ἀνθρώπων,
3562 3282 3680 3335 καθ’
3708 3281 3783 3352 ἢν

360 3374 637 3436 cernunt,
697 3368 1238 3439 quomodocunque
1313 3365 1609 3421 voluerint
1667 3364 1894 3419 ducunt
1948 3380 2015 3419 ac

2127 3359 2285 3424 ὡςᾶν
2317 3361 2625 3438 βούλωνται
2680 3365 2746 3419 τὰ
2803 3363 2885 3445 ἐφ’
2942 3366 3155 3428 ἑαυτοῖς
3208 3368 3506 3443 πράγματα
3564 3367 3783 3443 ἃγουσι,

363 3458 644 3532 rapiunt:
680 3456 1183 3527 quemadmodum
1218 3454 1397 3509 etiam
1433 3453 1474 3508 ii
1515 3452 1615 3523 qui
1649 3469 1785 3507 cum
1831 3451 2014 3508 Paulo

358 3564 609 3621 peregre
639 3546 911 3616 agebant.
946 3545 1108 3601 Adeo
1140 3545 1303 3600 enim
1333 3542 1423 3598 illi
1450 3558 1520 3597 ex
1551 3541 1853 3597 voluntate
1880 3557 2016 3613 ope-

358 3638 667 3705 rabantur,
701 3642 767 3692 ut
795 3636 1108 3692 confestim
1140 3640 1384 3690 ventum
1424 3632 1582 3689 nacti
1633 3648 2008 3704 prosperum,

353 3726 683 3802 gaudentes
712 3725 1015 3799 prosecuti
1052 3725 1173 3780 sint
1202 3723 1660 3796 navigationem.
1690 3721 2008 3777 Sciendum

349 3824 549 3875 autem
609 3816 768 3890 quod
827 3815 1066 3871 verbum
1120 3809 1524 3890 ἀντοφθαλμεῖν
1581 3810 1759 3883 (quod
1818 3817 2005 3867 meta-

349 3908 595 3983 phorice
621 3907 907 3963 vertimus
938 3905 1149 3969 obniti,
1175 3903 1417 3977 proprie
1457 3906 1655 3958 autem
1710 3900 2009 3973 significat

345 4016 416 4056 ex
452 3999 700 4054 adverso
734 3996 1001 4065 intueri),
1039 4011 1107 4051 ex
1141 3993 1420 4050 dictionis
1463 3991 1848 4064 proprietate,
1882 4008 2004 4047 non

2121 3452 2213 3507 καὶ
2243 3451 2516 3529 φέρουσιν,
2550 3454 2625 3515 ὡς
2652 3453 2740 3509 καὶ
2774 3455 2826 3508 οἱ
2854 3452 2946 3508 σὺν
3005 3459 3085 3527 τῷ
3134 3454 3340 3530 Παύλῳ
3385 3454 3780 3531 ἐκδημοῦντες.

2122 3541 2282 3599 Οὖτω
2337 3542 2440 3619 γὰρ
2487 3544 2624 3597 κατᾶ
2680 3543 2996 3619 προαίρεσιν
3053 3539 3339 3621 ἔπραττον,
3422 3544 3508 3601 ὅτι
3576 3546 3785 3611 εὐθέως

2121 3627 2434 3702 ἐπιτηδείου
2474 3632 2737 3712 τυχόντες
2777 3630 2984 3707 ἀνέμου
3045 3635 3336 3715 χαίροντες
3395 3635 3617 3708 διήνυον
3676 3636 3781 3692 τὸν

2119 3719 2312 3777 πλοῦν·
2347 3719 2539 3780 Ἰστέον
2581 3722 2638 3779 δὲ
2696 3724 2780 3779 ὅτι
2831 3724 2896 3780 τὸ
2951 3724 3355 3805 ἀντοφθαλμεῖν
3414 3726 3506 3783 ἰπὶ
3565 3726 3782 3783 πλοίου
3870 3736 3875 3742 ’

2119 3809 2299 3887 λέγειν
2335 3835 2435 3869 ουκ
2472 3807 2582 3868 ἔστι
2631 3812 2997 3891 κυριολεείας.
3030 3820 3200 3871 Τοῦτο
3256 3817 3358 3892 γὰρ
3417 3814 3506 3873 ἐπὶ
3560 3816 3782 3893 ἀνθρώ-

2115 3922 2225 3956 που
2260 3894 2430 3974 μῖόνον
2463 3903 2714 3977 ἁρμόζει.
2747 3904 2906 3960 Ὥστε
2936 3904 3006 3960 ού
3050 3902 3134 3960 δεῖ
3182 3905 3554 3981 κυριολεκτεῖν
3606 3905 3780 3961 ἀπαι-

2110 3995 2223 4046 τεῖν
2251 3991 2335 4048 ἀεὶ
2363 3993 2462 4063 τὴν
2496 3994 2735 4069 Γραφήν.

343 4088 563 4144 dicitur
587 4086 659 4142 de
690 4086 945 4158 navigio,
977 4083 1083 4140 sed
1114 4082 1344 4138 homini
1372 4086 1604 4137 tantum
1634 4080 1927 4151 congruit.
1958 4082 2164 4153 Itaque
2192 4098 2315 4138 non
2346 4088 2580 4155 oportet
2607 4089 2895 4158 perpetuo
2927 4085 3288 4158 Scripturam
3315 4102 3386 4143 ex
3405 4086 3777 4160 proprietate

345 4194 559 4235 vocum
586 4176 947 4230 examinare.

419 4265 639 4332 XXVII,
673 4266 856 4319 21-41.
918 4285 945 4312 ‹‹
980 4261 1126 4316 Cum
1187 4265 1386 4315 autem
1441 4256 1631 4312 multa
1669 4256 1798 4328 jam
1854 4262 2012 4313 esset

347 4354 571 4419 inedia,
632 4358 775 4409 tunc
829 4356 993 4406 stans
1077 4347 1297 4404 Paulus
1372 4345 1434 4400 in
1519 4344 1718 4400 medio
1776 4362 2006 4417 eorum,

348 4445 534 4501 dixit:
568 4441 890 4515 Oportebat
939 4438 1203 4511 quidem,
1235 4453 1269 4491 o
1299 4435 1431 4503 viri,
1490 4434 1693 4490 audito
1744 4451 1839 4490 me
1886 4451 2005 4491 non

342 4535 569 4590 solvere
612 4549 646 4588 a
704 4531 896 4598 Creta,
957 4545 1068 4585 nec
1124 4541 1427 4583 accersere
1487 4523 1661 4579 nobis
1719 4524 2003 4597 injuriam

2190 4283 2218 4311 ‹‹
2253 4258 2479 4330 Πολλῆς
2509 4257 2565 4317 δὲ
2616 4260 2826 4324 ἀσιτίας
2881 4262 3255 4338 ὑραρχούσης,
3310 4261 3437 4319 τότε
3490 4257 3707 4324 σταϐεὶς
3742 4262 3782 4318 ὁ

2119 4345 2338 4412 Παῦλος
2367 4347 2419 4403 ἐν
2452 4349 2601 4423 μέσῳ
2626 4350 2829 4419 αὐτῶν,
2879 4351 3045 4406 εἶπεν·
3078 4347 3231 4410 11ἰςδει
3288 4352 3407 4425 μὲν,
3462 4351 3507 4406 ὧ
3553 4347 3784 4427 ἂνδρες,

2113 4437 2587 4513 πειθαρχήσαντάς
2640 4461 2739 4514 μοι
2800 4442 2878 4513 μή
2939 4439 3227 4518 ἀνάγεσθαι
3290 4440 3396 4496 ἀπὸ
3460 4447 3562 4510 τῆς
3620 4444 3789 4516 Κρή-

2112 4546 2234 4596 της,
2264 4525 2526 4603 κερδῆσαί
2556 4549 2616 4584 τε
2644 4530 2742 4597 τήν
2785 4524 2939 4604 ὕϐριν
2994 4530 3198 4601 ταύτην
3244 4531 3333 4585 καὶ
3381 4530 3480 4599 τὴν
3537 4528 3784 4604 ζημίαν.

346 4626 504 4681 hanc
535 4630 594 4679 et
616 4624 939 4695 jacturam.
998 4622 1067 4675 Et
1097 4633 1255 4673 nunc
1287 4616 1494 4671 hortor
1522 4618 1586 4668 ut
1614 4613 1770 4669 bono
1802 4615 2003 4669 animo

2127 4616 2216 4672 Καὶ
2267 4620 2335 4673 τὰ
2418 4623 2511 4673 νῦν
2587 4623 2837 4694 παραινῶ
2923 4619 3063 4695 ὑμᾶς
3141 4619 3409 4694 εὐθυμεῖν.
3469 4615 3784 4692 ’Λποϐολὴ

346 4716 519 4772 sitis:
545 4714 782 4787 jactura
815 4709 975 4766 enim
1008 4707 1234 4764 nullius
1265 4706 1479 4762 animae
1524 4704 1639 4759 erit
1686 4720 1756 4758 ex
1808 4703 1997 4773 vobis,

2108 4705 2207 4781 γὰρ
2239 4709 2428 4783 ψυχῆς
2460 4705 2589 4763 οὐδὲ
2624 4708 2721 4782 μία
2751 4706 2900 4764 ἔσται
2930 4708 2983 4781 ἐξ
3016 4710 3190 4783 ὑμῶν,
3220 4708 3369 4780 πλὴν
3396 4714 3493 4765 τοῦ
3536 4709 3783 4767 πλοίου.

2107 4800 2352 4871 Παρέστη
2426 4797 2532 4873 γάρ
2618 4819 2713 4873 μοι
2793 4802 2863 4874 τῇ
2941 4800 3091 4856 νυκτὶ
3147 4799 3316 4876 ταύτῃ
3378 4800 3605 4875 ἅγγελος
3663 4798 3787 4856 to;

2093 4889 2262 4953 Θεοῦ,
2297 4885 2358 4940 οὗ
2390 4886 2528 4959 εἰμι,
2579 4888 2624 4960 ᾧ
2680 4887 2770 4943 καὶ
2830 4887 3098 4965 λατρεύω,
3161 4888 3356 4968 λέγων’
3415 4890 3505 4959 Μὴ
3557 4885 3781 4968 φοϐοῦ,

2104 4975 2310 5048 ΗαῦΛε,
2372 4976 2603 5054 Καίσαρί
2659 4999 2717 5033 σε
2773 4975 2857 5034 δεῖ
2912 4986 3271 5055 παραστῆναι.
3326 4978 3431 5038 Καὶ
3489 4975 3610 5034 ἰδοὺ
3669 5000 3787 5035 κε-

2105 5062 2361 5140 χάρισταί
2421 5087 2509 5121 σοι
2574 5068 2603 5123 ὁ
2660 5068 2789 5131 Θεὸς
2849 5068 3051 5132 πάντας
3105 5071 3231 5132 τοὺς
3290 5067 3561 5132 πλέοντας
3619 5069 3787 5141 μετὰ

2102 5156 2219 5209 σοῦ.
2255 5155 2349 5210 Διὸ
2399 5154 2703 5229 εὐθυμεῖτε,
2761 5154 2970 5235 ἄνδρες.
3026 5157 3271 5215 Πιστεύω
3328 5158 3430 5236 γὰρ
3474 5164 3555 5233 τῷ
3611 5164 3778 5232 Θεῷ,

2100 5243 2185 5298 ὃτι
2244 5244 2418 5307 οὓτως
2470 5239 2640 5313 ἔσται,
2694 5249 2816 5312 καθ’
2881 5246 2941 5303 εν
2993 5249 3195 5324 τρόπον
3257 5248 3565 5316 λελάληταί
3624 5268 3768 5322 μοι.

2100 5330 2191 5394 Εἲς
2217 5340 2379 5403 νῆσον
2405 5330 2463 5389 δέ
2491 5355 2610 5389 τινα
2644 5332 2726 5391 δεῖ
2773 5338 2924 5409 ἡμᾶς
2981 5334 3245 5393 ἐκπεσεῖν.
3299 5338 3388 5402 Ὠς
3443 5334 3501 5393 δε
3555 5358 3773 5393 τεσσα-

2101 5421 2486 5497 ρεσκαιδεκάτη
2549 5423 2641 5496 νὺξ
2700 5423 2930 5502 ἐγένετο,
2989 5423 3401 5506 διαφερομένων
3474 5429 3634 5500 ἡμων
3696 5427 3773 5485 ἐν

2094 5516 2173 5584 τῷ
2225 5509 2417 5588 ’Δδρίᾳ
2472 5514 2611 5570 κατὰ
2673 5516 2833 5588 μέσον
2897 5523 2997 5585 τῆς
3084 5517 3298 5585 νυκτὸς,
3383 5516 3643 5573 ὑπενόουν
3704 5519 3784 5575 οἱ

2093 5603 2284 5656 ναῦται
2342 5606 2642 5679 προσάγειν
2728 5604 2851 5661 τινὰ
2907 5604 3093 5669 αὐτοῖς
3152 5606 3360 5682 χώραν.
3421 5606 3525 5664 Καὶ
3585 5603 3789 5682 βολι-

2093 5710 2302 5760 σαντες,
2362 5691 2517 5767 εὗρον
2576 5693 2797 5771 ὀργυιὰς
2885 5692 3079 5753 εἴκοσι.
3166 5694 3353 5773 Βραχὺ
3412 5692 3470 5752 δὶ
3525 5692 3785 5769 διαστή-

2094 5800 2302 5854 σαντες,
2362 5779 2454 5836 καὶ
2511 5778 2680 5840 πάλιν
2739 5780 3061 5859 βολίσαντες
3109 5785 3264 5864 εὗρον
3336 5784 3561 5866 ὀργυιὰς
3594 5780 3792 5844 δεκα-

344 4805 449 4862 sed
482 4810 715 4861 tantum
766 4801 953 4856 navis.
1003 4797 1217 4854 Astitit-
1248 4794 1407 4851 enim
1450 4793 1594 4848 mihi
1655 4793 1766 4849 hac
1823 4798 1995 4849 nocte

340 4893 594 4967 angelus
622 4892 748 4959 Dei,
783 4889 956 4961 cujus
1012 4903 1145 4942 sum
1205 4900 1310 4957 ego
1361 4888 1420 4937 et
1466 4898 1646 4953 quem
1703 4881 1857 4949 colo,
1906 4881 1994 4937 di-

339 4998 516 5039 cens:
553 4984 633 5037 Ne
668 4980 899 5049 timeas,
941 4975 1144 5037 Paule,
1191 4972 1406 5029 Caesari
1455 4977 1514 5026 te
1561 4971 1691 5026 sisti
1739 4973 1992 5043 oportet.

336 5074 409 5127 Et
438 5086 577 5126 ecce
635 5067 877 5124 donavit
927 5065 1035 5121 tibi
1083 5065 1238 5120 Deus
1294 5076 1502 5117 omnes
1557 5060 1658 5130 qui
1717 5060 1996 5132 navigant

335 5167 572 5217 tecum:
628 5163 873 5230 propter
919 5155 1077 5227 quod
1124 5154 1280 5209 bono
1338 5150 1539 5207 animo
1598 5153 1805 5218 estote,
1864 5149 1991 5205 viri.

337 5249 526 5307 Credo
558 5247 720 5304 enim
756 5248 872 5301 Deo
929 5244 1087 5316 quod
1143 5242 1227 5297 sic
1285 5240 1418 5305 erit,
1486 5237 1991 5310 quemadmodum

340 5341 566 5396 dictum
624 5342 715 5392 est
752 5334 919 5391 mihi.
978 5334 1045 5389 In
1096 5330 1417 5404 quemdam
1473 5333 1669 5384 autem
1730 5328 1989 5384 insulam

336 5435 570 5502 oportet
624 5445 736 5483 nos
795 5424 951 5499 ejici.
1013 5424 1124 5481 Sed
1208 5426 1598 5494 posteaquam
1670 5419 1987 5490 quartade-

337 5520 493 5575 cima
548 5534 667 5572 nox
727 5513 1086 5586 supervenit,
1174 5507 1586 5583 navigantibus
1669 5505 1844 5563 nobis
1925 5507 1987 5563 in

332 5607 516 5666 Adria
548 5607 706 5663 circa
737 5602 1001 5658 medium
1031 5599 1245 5669 noctis,
1296 5595 1752 5669 suspicabantur
1789 5601 1985 5653 nautae

331 5698 482 5758 181
540 5711 828 5770 apparere
880 5691 993 5748 sibi
1052 5689 1315 5764 aliquam
1357 5688 1710 5761 regionem:
1769 5688 1869 5760 qui
1928 5694 1988 5745 et

334 5787 595 5846 demissa
654 5783 856 5843 bolide
914 5783 1268 5854 repererunt
1338 5793 1548 5852 passus
1605 5777 1860 5850 viginti:
1913 5794 1982 5835 ac
