4112 6434
242 383 363 444 297

1264 378 1674 445 COMMENT.
1721 377 1800 438 ΙΝ
1845 373 2049 436 ACTA
2091 376 2692 444 APOSTOLORUM.

243 515 431 575 πέντε.
484 509 848 589 Φοϐούμενοί
892 535 956 571 τε
1010 513 1088 590 μή
1145 530 1263 577 πως
1321 512 1398 576 εἰς
1454 513 1679 586 τραχεῖς
1726 504 1931 568 τόπους

2059 516 2184 585 post
2209 513 2500 587 pusillum
2529 514 2669 573 inde
2714 514 2986 590 digressi,
3017 530 3380 589 rursumque
3436 515 3699 574 demissa

254 605 567 663 ἐκπέσωσιν
608 652 623 675 ,
684 603 747 662 ἐκ
828 605 1090 681 πρύμνης
1168 602 1419 681 ῥίψαντες
1503 599 1742 678 ἀγκύρας
1827 595 1941 652 τέσ-

268 718 425 774 σαρα,
488 714 749 772 ηυχοντο
824 694 1040 772 ἡμέραν
1114 692 1379 770 γενέσθαι.
1440 694 1562 750 Τῶν
1625 686 1682 745 δὲ
1733 690 1940 744 ναυτῶν

275 786 591 860 ζητούντων
653 792 842 868 ιρυγεῖν
877 784 939 841 ἐκ
989 790 1088 841 τοῦ
1143 783 1368 852 πλοίου,
1421 783 1512 839 καὶ
1570 778 1932 857 χαλασάντων

285 882 384 950 τήν
442 866 677 959 σκάφην⁷
752 877 828 941 είς
871 879 972 948 τήν
1048 875 1341 945 θάλασσαν,
1408 874 1679 952 προφάσει
1740 870 1813 933 ὡς
1881 866 1942 923 ἐκ

274 971 499 1047 πρώρας
591 966 913 1043 μελλόντων
1003 965 1241 1043 ἀγκύρας
1324 964 1576 1021 ἐκτείνειν
1613 1007 1628 1033 ,
1696 960 1838 1016 εἶπεν
1911 958 1940 1013 6

276 1058 500 1121 Παῦλος
556 1062 643 1131 τῷ
723 1056 1098 1132 ἑκατοντάρχῃ
1187 1055 1278 1110 καὶ
1361 1059 1478 1115 τοῖς
1561 1053 1937 1128 στρατιώταις.

276 1150 396 1206 Ἐὰν
433 1149 515 1223 μὴ
552 1148 708 1203 οὗτοι
744 1144 1002 1221 μείνωσιν
1034 1144 1089 1201 ἐν
1117 1148 1199 1218 τῷ
1255 1140 1460 1216 πλοίῳ,
1515 1142 1696 1215 ὑμεῖς,
1757 1142 1942 1207 σωθῆ-

276 1260 361 1295 ναι
407 1237 474 1293 οὐ
548 1234 797 1300 δύνασθε.
856 1236 989 1291 Τότε
1044 1235 1101 1289 οἱ
1153 1236 1482 1309 στρατιῶται
1540 1229 1815 1305 ἀπέκοψαν
1872 1226 1941 1282 τὰ

278 1327 504 1404 σχοινία
581 1332 686 1397 τῆς
769 1325 1004 1402 σκάφης,
1064 1323 1156 1379 καὶ
1213 1320 1392 1378 εἴασαν
1450 1319 1617 1390 αύτὴν
1674 1316 1940 1374 ἐκπεσεῖν.

268 1421 446 1494 Ἄχρι
478 1414 543 1472 δὲ
588 1415 654 1471 οὗ
710 1411 946 1490 ἔμελλεν
997 1413 1179 1489 ἡμέρα
1235 1412 1497 1491 γίνεσθαι,
1556 1404 1854 1486 παρεκάλει
1912 1405 1941 1460 6

267 1509 495 1568 Παῦλος
560 1502 801 1568 ἅπαντας
867 1497 1195 1579 μεταλαϐεῖν
1253 1507 1487 1581 τροφῆς,
1547 1498 1748 1575 λέγων*
1804 1498 1940 1554 Τεσ-

275 1594 773 1674 σαρεσκαιδεκάτην
862 1595 1105 1670 σήμερον
1210 1592 1422 1668 ἡμέραν
1531 1587 1940 1666 προσδοκῶντες

285 1691 456 1743 ἄσιτοι
497 1684 825 1755 διατελεῖτε,
862 1680 1032 1759 μηδὲν
1082 1676 1552 1760 προσλαϐόμενοι.
1612 1680 1692 1736 Δι’
1721 1680 1751 1734 ’ὁ
1774 1697 1944 1752 παραυ

290 1782 448 1834 καλῶ
472 1777 603 1849 ίιμὶς
632 1770 972 1852 προσλαϐεῖν
1002 1779 1232 1848 τροφῆς.
1278 1776 1454 1828 Τοῦτο
1510 1769 1618 1848 γὰρ
1672 1766 1812 1844 πρὸς
1840 1774 1941 1838 τῆς

2038 1684 2174 1756 juni
2251 1689 2615 1759 permanetis
2690 1689 2842 1745 nihil
2928 1690 3291 1762 accipientes
3354 1704 3368 1744 :

2043 601 2266 671 bolide,
2299 611 2655 678 repererunt
2681 622 2892 679 passus
2949 606 3327 678 quindecim:
3388 607 3696 664 timentes-

2046 708 2160 763 que
2218 710 2294 750 ne
2378 696 2442 751 in
2518 712 2730 768 aspera
2779 696 2911 753 loca
2966 696 3321 765 inciderent,
3383 696 3455 753 de
3512 695 3699 769 puppi

2038 782 2220 854 jactis
2278 784 2558 841 anchoris
2617 791 2912 858 quatuor,
2968 786 3253 858 optabant
3312 786 3470 842 diem
3530 785 3695 841 oriri.

2046 872 2251 929 Nautis
2299 890 2438 931 vero
2498 876 2905 948 quaerentibus
2960 874 3163 949 fugere
3220 892 3292 931 ex
3348 876 3503 944 navi,
3559 891 3697 931 cum

2046 960 2431 1020 demisissent
2460 965 2740 1039 scapham
2779 965 2841 1021 in
2872 981 3059 1034 mare,
3092 965 3201 1022 sub
3229 971 3519 1038 praetextu
3540 965 3704 1021 velut

2048 1068 2078 1107 e
2110 1070 2287 1125 prora
2319 1056 2614 1113 anchoras
2671 1056 2995 1125 extensuri,
3031 1055 3182 1111 dixit
3217 1056 3438 1112 Paulus
3493 1060 3701 1111 centu-

2045 1142 2203 1198 rioni
2237 1150 2296 1200 et
2333 1146 2675 1203 militibus:
2738 1147 2860 1203 Nisi
2918 1147 2980 1203 hi
3034 1147 3096 1202 in
3155 1147 3288 1202 navi
3347 1146 3703 1215 manserint,

2045 1247 2149 1289 vos
2198 1234 2341 1290 salvi
2420 1237 2551 1293 ﬁeri
2607 1226 2747 1293 'non
2804 1237 3074 1310 potestis.
3126 1238 3289 1292 Tunc
3344 1235 3700 1292 abciderunt

2047 1324 2270 1381 milites
2298 1325 2475 1382 funes
2524 1327 2781 1400 scaphae,
2841 1327 3120 1399 passique
3182 1331 3321 1383 sunt
3362 1342 3496 1383 eam
3544 1325 3703 1382 exci-

2046 1412 2206 1471 dere.
2241 1416 2506 1488 Cumque
2546 1418 2673 1474 dies
2721 1418 3013 1491 inciperet
3058 1433 3367 1491 apparere,
3424 1415 3702 1473 hortaba-

2045 1507 2143 1560 tur
2170 1505 2390 1562 Paulus
2422 1523 2630 1564 omnes
2681 1524 2919 1564 sumere
2976 1507 3195 1575 cibum,
3256 1508 3511 1564 dicens:
3564 1507 3703 1562 Dies

2046 1593 2143 1649 hic
2183 1594 2449 1652 decimus
2479 1603 2727 1668 quartus
2768 1602 2876 1665 est,
2937 1596 3097 1669 quod
3147 1601 3559 1670 exspectantes
3607 1595 3707 1668 je-

3452 1691 3698 1761 propter

2048 1776 2207 1848 quod
2239 1777 2443 1833 hortor
2471 1795 2591 1849 vos,
2624 1784 2692 1834 ut
2721 1779 2973 1835 sumatis
3003 1779 3202 1835 cibum
3229 1795 3242 1833 :
3276 1779 3388 1834 hoc
3436 1778 3596 1833 enim
3628 1775 3706 1832 ad

300 1865 557 1941 ύμετέρας
582 1864 861 1939 σωνηρίας
912 1861 1169 1939 ὑπάρχει,
1212 1858 1445 1924 Οὐδενὸς
1476 1860 1580 1938 γάρ
1612 1856 1764 1934 ὑμῶν
1822 1859 1937 1934 θρὶξ

2059 1864 2301 1921 salutem
2331 1872 2588 1924 vestram
2629 1868 2889 1941 pertinet
2920 1883 2936 1923 :
2991 1868 3133 1940 quia
3185 1867 3414 1923 nullius
3443 1871 3705 1922 vestrum

301 1957 363 2012 ἐκ
388 1963 484 2027 τῆς
506 1954 748 2037 κεφαλῆς
804 1957 1071 2011 πεσεῖται.
1125 1951 1305 2009 Εἰπὼν
1366 1948 1425 2007 δὲ
1476 1955 1646 2007 ταῦτα
1699 1948 1791 2005 καὶ
1839 1948 1940 2004 λα-

292 2041 404 2102 ϐὼν
452 2047 633 2122 ἄρτον,
695 2042 1059 2120 εύχαρίστησε
1106 2046 1188 2115 τῷ
1246 2039 1363 2115 Θεῷ
1413 2040 1643 2096 ἐνώπιον
1698 2040 1939 2095 πάντων·

280 2137 369 2194 καί
424 2136 661 2204 κλάσας,
742 2131 946 2209 ἤρξατο
1028 2129 1244 2197 ἐσθίειν·
1302 2127 1545 2205 Εὕθυμοι
1601 2127 1658 2185 δὲ
1711 2128 1942 2207 γενόμε-

277 2249 362 2283 νοι
396 2228 623 2296 πάντες,
675 2224 769 2280 καὶ
824 2221 978 2280 αὐτοὶ
1035 2215 1441 2294 προσελάϐοντο
1478 2226 1711 2298 τροφῆς.
1765 2220 1939 2293 Ἦμεν

275 2315 419 2373 δὲέν
448 2321 536 2389 τῷ
580 2312 769 2386 πλοίῳ
825 2314 882 2370 αἱ
938 2317 1105 2369 πᾶσαι
1162 2311 1337 2387 ψυχαὶ
1385 2307 1659 2366 διακόσιαι
1706 2304 1946 2383 ἑϐδομή-

271 2427 441 2463 κοντα
495 2404 575 2475 ἒξ.
666 2401 1024 2478 Κορεσθέντες
1109 2399 1165 2457 δὲ
1246 2408 1457 2481 τροφῆς
1529 2400 1816 2478 ἐκούφιζον
1877 2399 1941 2454 τὸ

270 2488 503 2558 πλοῖον,
537 2480 947 2559 ἐκϐαλλόμενοι
1001 2485 1093 2540 τὸν
1154 2488 1301 2539 σῖτον
1361 2480 1438 2545 είς
1487 2483 1587 2552 τήν
1644 2481 1940 2540 θάλασσαν.

273 2581 399 2634 Ὅτε
443 2574 509 2633 δὲ
567 2575 752 2651 ἡμέρα
808 2573 1044 2653 ἐγένετο,
1099 2574 1200 2644 τήν
1239 2574 1340 2649 γῆν
1396 2573 1495 2628 οὐκ
1551 2571 1939 2649 ἐπεγίνωσκον·

271 2667 488 2726 κόλπον
554 2663 614 2721 δέ
665 2686 787 2721 τινα
841 2664 1127 2721 κατενόουν
1183 2663 1384 2740 ἔχοντα
1435 2661 1714 2741 αἰγιαλὸν,
1775 2661 1850 2724 εἷς
1882 2661 1941 2718 ὃν

277 2753 690 2815 ἒϐουλεύσαντο
726 2799 742 2824 ,
810 2755 858 2810 εἰ
907 2753 1153 2826 δυνατὸν,
1214 2753 1408 2824 ἐξῶσαι
1451 2753 1515 2808 τὸ
1573 2751 1792 2810 πλοῖον.
1844 2751 1946 2807 Καὶ

274 2848 370 2910 τὰς
432 2845 680 2921 ἀγκύρας
737 2842 1100 2919 περιελόντες,
1160 2842 1286 2899 εἶ’ων
1332 2842 1410 2906 εἷς
1464 2842 1566 2912 τὴν
1644 2839 1943 2913 θάλασσαν,

278 2940 393 3011 ἅμα
461 2936 685 2998 ἀνέντες
742 2934 840 2996 τὰς
897 2932 1217 3008 ζευκτηρίας
1296 2936 1406 2988 τῶν
1490 2928 1806 3005 πηδαλίων,
1853 2929 1945 2987 καὶ

275 3027 576 3100 ἐπάραντες
616 3025 713 3080 τὸν
770 3023 1044 3098 ἀρτὲμονα
1096 3027 1167 3098 τῇ
1222 3021 1488 3097 πνεούσῃ,
1549 3026 1811 3097 κατεῖχον
1870 3019 1947 3084 είς

277 3118 365 3173 τὸν
420 3113 714 3192 αίγῖαλόν.
767 3112 1157 3189 Περι-πεσόντες
1215 3109 1272 3168 δὲ
1329 3111 1406 3174 εἷς
1458 3113 1627 3167 τόπον
1682 3109 1944 3175 διθάλασ-

284 3227 392 3277 σον,
441 3204 762 3263 ἐπώκειλαν
816 3206 917 3275 τήν
976 3209 1125 3263 ναῦν.
1184 3204 1290 3259 Καὶ
1321 3205 1357 3273 ἡ
1393 3203 1489 3276 μὲν
1548 3201 1744 3277 πρώρα
1800 3200 1943 3275 ἐρεί-

2047 1955 2301 2028 capillus
2327 1956 2399 2013 de
2430 1958 2623 2030 capite
2678 1958 2868 2016 cadet.
2933 1960 3004 2013 Et
3050 1957 3190 2014 dum
3249 1957 3378 2013 hmc
3434 1956 3702 2024 dixisset,

2049 2052 2285 2119 sumpto
2314 2064 2471 2121 pane
2494 2048 2714 2122 gratias
2744 2050 2866 2123 egit
2893 2049 3013 2106 Deo
3074 2049 3135 2103 in
3185 2053 3511 2120 conspectu
3568 2064 3703 2102 om-

2045 2136 2235 2206 nium,
2296 2154 2552 2210 cumque
2631 2137 2924 2212 fregisset,
3011 2138 3189 2210 coepit
3262 2136 3458 2193 edere.
3520 2138 3702 2191 Porro

2047 2226 2265 2283 animis
2287 2228 2418 2301 jam
2448 2228 2721 2284 omnium
2751 2228 3057 2295 recreatis,
3081 2229 3469 2299 sumpserunt
3499 2230 3557 2281 et
3586 2223 3703 2296 ipsi

2048 2315 2268 2373 cibum.
2329 2319 2578 2374 Eramus
2644 2335 2780 2375 vero
2832 2318 3125 2374 universas
3178 2316 3396 2372 animae
3445 2315 3509 2371 in
3572 2313 3707 2369 navi

2048 2404 2320 2462 ducentas
2372 2408 2751 2481 septuaginta
2807 2424 2929 2464 sex.
2985 2405 3250 2478 Ciboque
3308 2405 3504 2461 satiati
3556 2403 3706 2459 alle-

2047 2496 2266 2552 vabant
2291 2513 2524 2565 navem,
2553 2497 2866 2571 ejicientes
2907 2496 3173 2552 triticum
3224 2496 3287 2550 in
3339 2511 3523 2551 mare.
3558 2495 3706 2548 Cum

2048 2592 2248 2643 autem
2279 2586 2407 2643 dies
2435 2591 2614 2656 esset,
2646 2592 2874 2644 terram
2892 2604 3015 2643 non
3035 2584 3440 2660 agnoscebant
3467 2602 3478 2639 :
3509 2584 3708 2640 sinum

2047 2692 2183 2732 vero
2215 2675 2533 2749 quemdam
2567 2668 3039 2751 conspiciebant,
3062 2676 3125 2731 in
3148 2674 3310 2749 quod
3328 2675 3715 2731 decreverant

2051 2766 2101 2822 si
2135 2765 2265 2822 fieri
2323 2772 2547 2840 posset,
2607 2766 2941 2841 impingere
2990 2782 3221 2823 navem.
3280 2765 3546 2837 Cumque
3604 2779 3712 2819 an-

2050 2859 2261 2915 choras
2294 2860 2700 2930 sustulissent,
2732 2858 3279 2917 committebant'se
3309 2857 3482 2923 mari,
3531 2854 3714 2911 simul

2048 2947 2261 3003 laxatis
2319 2949 2626 3021 juncturis
2706 2948 3305 3023 gubernaculorum:
3361 2951 3420 3003 et
3476 2944 3711 3001 sublato

2052 3043 2360 3095 artemone
2392 3039 2467 3095 ad
2515 3056 2674 3096 auras
2733 3038 2967 3104 ﬂatum,
3002 3037 3333 3094 tendebant
3389 3035 3463 3092 ad
3518 3034 3709 3089 littus.

2052 3129 2123 3183 Et
2152 3145 2288 3184 cum
2319 3128 2677 3185 incidissent
2714 3129 2778 3184 in
2818 3129 3017 3184 locum
3074 3126 3388 3190 bimarem,
3445 3125 3710 3197 impege-

2052 3223 2196 3273 runt
2224 3234 2456 3275 navem.
2518 3223 2601 3273 Ac
2648 3235 2827 3290 prora
2855 3216 3098 3289 quidem
3156 3214 3438 3272 manebat
3490 3213 3713 3268 immo-

277 3318 429 3367 σαςα,
469 3293 694 3370 ἔμεινεν
725 3271 1047 3364 ἀσάλευτος,
1102 3295 1137 3364 ἠ
1193 3289 1252 3349 δὲ
1308 3271 1531 3370 πρύμνα
1587 3271 1776 3347 ἐλύετο
1830 3271 1943 3346 -ὑπὸ

2059 3307 2218 3377 bilis,
2252 3307 2467 3380 puppis
2497 3323 2635 3365 vero
2676 3306 3015 3364 solvebatur
3044 3323 3078 3363 a
3107 3306 3161 3361 vi
3194 3304 3509 3361 undarum.
3547 3324 3575 3353 ››

275 3394 377 3458 τῆς
409 3387 534 3463 βίας
564 3385 679 3441 τῶν
710 3383 992 3457 κυμάτων.
1026 3407 1056 3435 ››

346 3500 375 3527 κ
405 3475 513 3532 Καὶ
574 3469 703 3528 ἰδοῦ
784 3470 1108 3548 κεχάρισταί
1165 3491 1251 3527 σοι
1314 3471 1343 3526 6
1399 3467 1554 3533 Θεός.
1593 3492 1621 3522 ››
1668 3469 1943 3525 Ἐντεῦθεν

279 3562 556 3620 δείκνυται
598 3558 808 3637 ψευδής
865 3562 894 3616 6
940 3560 1067 3628 περὶ
1125 3567 1225 3631 τῆς
1286 3559 1625 3635 εἱμαρμένης
1680 3558 1716 3629 ἢ
1769 3557 1948 3635 τύχης

279 3655 479 3728 λόγος.
501 3650 652 3709 Ἰδοὺ
680 3653 787 3728 γάρ
817 3651 865 3707 εί
894 3653 972 3726 μή
996 3649 1087 3706 διὰ
1116 3649 1337 3706 Παύλου
1388 3651 1688 3722 ἐσώθησαν,
1750 3649 1945 3712 πάντες

299 3743 365 3797 ἂν
406 3745 562 3817 εἶχον
613 3741 663 3797 ἓν
717 3746 799 3816 τῷ
845 3740 1032 3815 πλοίῳ
1088 3739 1409 3811 ἀπολέσθαι,
1439 3745 1536 3795 τοῦ
1593 3743 1728 3796 Θεοῦ
1783 3743 1946 3794 τοῦτο

305 3832 696 3908 δωρησαμὲνόυ
741 3839 885 3911 τιμῇ
942 3838 1041 3892 τοῦ
1090 3831 1322 3890 δικαίου.
1386 3833 1489 3892 Καὶ
1547 3831 1656 3890 ὧδε
1705 3834 1798 3908 μὲν
1859 3832 1948 3889 διὰ

305 3926 401 3981 τὸν
433 3921 633 3980 δίκαιον
666 3930 825 3997 ζῶσιν
861 3927 913 3981 οἱ
945 3921 1155 3989 ἀσεϐεῖς
1180 3920 1292 3981 ἔστι
1344 3923 1401 3981 δὲ
1432 3924 1522 3981 ὅτε
1569 3926 1633 3980 τὸ
1677 3925 1954 3995 ἐναντίον,

301 4017 388 4072 καί
437 4017 541 4093 πρὸ
595 4016 742 4093 ὥρας
793 4019 821 4073 6
850 4011 1057 4086 ἀσεϐής
1109 4013 1422 4072 ἀπόλλυται
1453 4012 1543 4071 διὰ
1596 4015 1697 4084 τὴν
1757 4015 1950 4071 ἑαυτοῦ

291 4109 505 4175 κακίαν,
565 4108 704 4164 κατά
758 4109 822 4164 τὸ
868 4102 1180 4183 εἰρημένον⁸
1252 4109 1343 4177 Μὴ
1416 4101 1617 4176 ἀσεϐὴς
1671 4107 1739 4178 ᾗς
1782 4105 1949 4178 πολὺ,

296 4196 441 4274 μηόὶ
466 4202 627 4274 γίνου
660 4198 921 4274 σκληρὸς,
948 4196 1042 4254 ’ίνα
1088 4199 1164 4272 μὴ
1227 4197 1504 4271 ἀποθάνῃς
1558 4193 1609 4252 ἐν
1667 4194 1729 4251 οὗ
1779 4201 1955 4270 καιρῷ

295 4310 409 4345 σου.
436 4290 511 4344 Τὸ
549 4285 631 4359 δὲ,
671 4308 693 4338 ι
727 4288 850 4344 Ἐὰν
885 4290 962 4362 μή
1012 4286 1164 4343 οὗτοι
1226 4284 1485 4361 μείνωσιν
1535 4283 1589 4341 ἐν
1636 4289 1719 4359 τῷ
1746 4283 1954 4360 πλοίῳ,

298 4380 455 4453 ὑμεῖς
503 4378 570 4434 ού
628 4375 856 4434 δύνασθε
899 4378 1164 4448 σὼθῆναι,
1204 4400 1224 4427 ι
1289 4376 1661 4450 οἰκονομικῶς
1710 4372 1894 4450 ἔλεγεν
1928 4376 1957 4431 6

289 4467 517 4532 Παῦλος
560 4466 663 4523 ’ίνα
745 4468 997 4544 κατάσχῃ
1057 4467 1278 4537 αὐτοὺς,
1337 4466 1430 4523 καὶ
1490 4466 1566 4539 μὴ
1630 4462 1858 4540 διαπέσῃ
1920 4466 1956 4535 ἠ

290 4557 630 4637 προφητεία.
664 4559 825 4616 "Octa
855 4558 946 4615 οὖν
971 4556 1138 4626 εἶδον,
1170 4557 1254 4613 ὅτι
1311 4558 1346 4626 ἡ
1405 4550 1644 4611 ἀϐουλία
1693 4554 1868 4610 αὐτῶν
1905 4553 1958 4609 ἐ-

2127 3510 2155 3539 ‹‹
2189 3489 2260 3544 Ει
2285 3504 2420 3544 ecce
2447 3486 2688 3544 donavit
2718 3487 2821 3543 tibi
2842 3487 3018 3545 Deus.
3057 3507 3078 3537 ι
3138 3485 3286 3541 Hinc
3336 3483 3523 3541 falsus
3581 3495 3711 3539 esse

2057 3577 2394 3633 ostenditur
2416 3594 2610 3633 sermo
2643 3577 2743 3650 qui
2775 3575 2848 3633 de
2878 3577 2999 3633 fato
3033 3576 3148 3632 dici
3184 3574 3362 3630 solet:
3389 3589 3525 3630 ecce
3549 3572 3711 3628 enim

2055 3667 2173 3722 nisi
2205 3683 2311 3739 per
2335 3668 2585 3724 Paulum
2635 3666 2847 3724 servati
2904 3666 3179 3729 fuissent,
3232 3680 3441 3720 omnes
3494 3663 3596 3734 qui
3653 3663 3716 3718 in

2055 3757 2188 3812 navi
2212 3762 2383 3812 erant
2410 3757 2605 3829 perire
2655 3756 2938 3829 Oportuit,
2996 3759 3058 3811 at
3110 3755 3351 3810 donavit
3396 3754 3507 3808 hoc
3560 3753 3714 3807 Deus
3756 3764 3775 3777 ο

2057 3848 2095 3901 1
2111 3846 2210 3902 82
2228 3846 2441 3902 honori
2447 3846 2616 3918 justi.
2642 3847 2712 3900 Et
2728 3845 2825 3900 hic
2847 3842 3090 3916 quidem
3113 3860 3220 3915 per
3222 3843 3453 3915 justum
3474 3856 3712 3895 servan-

2058 3941 2154 3993 tur
2182 3941 2239 3992 et
2269 3933 2841 4007 impiizquandoque
2864 3950 2999 3989 vero
3024 3949 3055 3988 e
3082 3932 3312 3988 diverso
3336 3929 3716 4002 contingit,et
3806 3934 3809 3937 ’

2058 4031 2195 4083 ante
2226 4024 2589 4098 praeﬁnitum
2610 4029 2845 4096 tempus
2867 4021 3257 4095 peritimpius
3286 4025 3530 4093 propter
3549 4032 3721 4073 suam

2059 4113 2375 4184 malitiam,
2392 4114 2565 4186 juxta
2589 4112 2648 4169 id
2678 4112 2837 4184 quod
2869 4111 3094 4167 dictum
3121 4116 3246 4167 est:
3274 4111 3354 4165 Ne
3386 4109 3468 4165 sis
3499 4106 3722 4179 impius

2062 4204 2320 4261 multum
2346 4219 2543 4276 neque
2558 4202 2741 4259 durus
2764 4201 3066 4268 efficiaris,
3091 4216 3166 4256 ne
3184 4197 3464 4256 moriaris
3482 4198 3545 4252 in
3570 4202 3728 4252 tem-

2064 4311 2209 4368 pore
2264 4311 2388 4351 non
2444 4299 2548 4351 tuo
2571 4291 2638 4350 ³³.
2690 4291 2859 4359 Quod
2915 4296 3115 4348 autem
3165 4290 3362 4346 dixit:
3413 4310 3442 4339 «
3477 4286 3598 4342 Nisi
3659 4283 3723 4339 hi

2065 4385 2130 4441 in
2162 4387 2293 4442 navi
2325 4383 2678 4451 manserint,
2714 4399 2822 4438 vos
2852 4382 2997 4439 salvi
3052 4380 3181 4437 ﬁeri
3212 4396 3333 4436 non
3391 4376 3660 4450 potestis,
3696 4394 3727 4425 η

2068 4473 2505 4548 dispensatorie
2536 4473 2685 4529 dixit
2722 4471 2963 4540 Paulus,
2993 4475 3061 4527 ut
3093 4468 3490 4526 confunderet
3511 4482 3633 4538 eos,
3666 4467 3729 4520 et

2069 4579 2145 4618 ne
2177 4561 2479 4619 excideret
2496 4559 2830 4633 prophetia.
2861 4559 3007 4615 Cum
3052 4574 3189 4630 ergo
3243 4556 3540 4621 viderunt,
3565 4550 3729 4625 quod

293 4651 529 4719 ποίησεν
592 4646 796 4711 αὐτοὺς
869 4645 1262 4716 κινδυνεῦσαι,
1319 4646 1446 4701 τότε
1520 4642 1760 4720 ἤρξαντο
1816 4643 1949 4718 αὐτῆ

2075 4652 2345 4724 ineptum
2367 4649 2685 4707 consilium
2717 4664 2891 4705 suum
2920 4647 3194 4720 exposuit
3222 4646 3383 4718 ipsos
3433 4642 3726 4716 periculo,

296 4740 604 4804 πείθεσθαι.
639 4737 704 4795 Εἰ
737 4737 843 4813 γάρ
896 4737 1202 4814 εἱμαρμένῃ
1234 4734 1543 4806 ἐπείθοντο,
1573 4734 1757 4789 καίτοι
1814 4729 1966 4798 ὄντες

298 4827 509 4885 ἰθνικοὶ
542 4872 559 4897 ,
611 4825 932 4902 παριδόντες
981 4825 1043 4883 ἂν
1107 4828 1211 4897 τὴν
1255 4829 1354 4882 τοῦ
1405 4823 1561 4902 ἁγίου
1620 4818 1967 4898 συμϐουλὴν,

302 4918 437 4976 εἴων
467 4915 729 4982 ἀπελθεῖν
778 4917 908 4984 τοὺς
950 4916 1165 4980 ναύτας.
1202 4940 1228 4971 α
1276 4916 1354 4972 Δι’
1386 4915 1415 4970 ὃ
1464 4912 1770 4989 παρακαλῶ
1830 4915 1969 4987 ὑμᾶς

305 5002 641 5083 μεταλαϐεῖν
670 5010 896 5088 τροφῆς.
931 5031 959 5062 η
1004 5010 1267 5083 Παραινεῖ
1297 5007 1325 5062 6
1369 5003 1587 5068 Παῦλος
1638 4998 1967 5080 μεταλαϐεῖν

300 5105 542 5180 τροφῆς,
574 5098 666 5154 καί
722 5097 885 5162 αὐτὸς
916 5102 1134 5162 πρῶτος
1198 5089 1636 5172 μεταλαμϐάνει,
1699 5093 1761 5150 ού
1819 5091 1970 5171 λόγῳ

304 5189 436 5244 ἀλλ’
463 5186 616 5264 ἔργῳ
644 5186 870 5244 πείθων.
905 5212 935 5242 ι(
955 5191 1126 5243 Τοῦτο
1154 5187 1282 5263 γάρ,
1314 5184 1472 5265 φησὶ,
1522 5183 1660 5259 πρὸς
1689 5191 1791 5254 τῆς
1826 5184 1970 5258 ὑμε-

304 5279 464 5352 τέρας
496 5276 777 5352 σῶτηρίας
806 5276 943 5347 ἐστὶ,
976 5302 1005 5330 »ι
1030 5276 1279 5333 τουτέστι
1325 5275 1391 5331 τὸ
1442 5278 1659 5351 φαγεῖν,
1711 5274 1790 5347 μή
1839 5294 1974 5331 ποτε

303 5371 384 5440 τῷ
414 5366 578 5443 λιμῷ
611 5366 965 5445 διαφθαρῆτε.
1013 5367 1091 5426 Ού
1120 5366 1224 5443 γάρ
1253 5366 1320 5437 ἦν
1357 5364 1545 5426 αὐτοῖς
1575 5362 1797 5434 φροντὶς
1841 5384 1974 5442 τροο

307 5464 443 5536 ξῆς,
474 5456 574 5514 ἅτε
603 5455 666 5513 ού
699 5458 962 5529 περὶτῶν
1021 5456 1307 5532 τυχόντων
1369 5450 1526 5518 ὄντος
1553 5456 1652 5508 τοῦ
1696 5450 1970 5513 κινδύνου.

306 5548 480 5605 mea
512 5544 577 5604 δὶ
613 5544 831 5623 γέγονεν
878 5547 1069 5611 αὐτοῖς
1120 5543 1294 5618 δῆλος
1341 5548 1454 5602 τῶν
1511 5542 1904 5616 συμπλεόντων
1947 5545 1976 5601 6

369 5729 420 5769 ³³
452 5729 659 5790 Eccle.
693 5746 770 5800 xv,
804 5732 899 5802 l6,

636 5860 910 5921 Ρλτιιοῐ..
958 5856 1074 5919 Gn.
1121 5855 1378 5920 CXVIII.

2077 4747 2219 4798 tunc
2251 4741 2303 4797 ei
2338 4739 2579 4795 credere
2611 4741 2939 4810 coeperunt.
2976 4737 3032 4792 Si
3058 4736 3220 4792 enim
3263 4735 3383 4790 fato
3439 4730 3732 4789 credidis-

2079 4837 2231 4900 sent,
2266 4847 2401 4887 cum
2429 4833 2632 4884 essent
2660 4826 2905 4894 ethnici,
2938 4825 3302 4898 sprevissent
3330 4822 3535 4894 utique
3562 4818 3733 4876 Pauli

2073 4920 2415 4990 consilium,
2481 4934 2551 4974 ac
2608 4922 2821 4974 nautas
2897 4915 3205 4972 discedere
3286 4911 3723 4985 permisissent.

2080 5035 2110 5065 «
2140 5014 2391 5084 Propter
2420 5008 2578 5082 quod
2603 5009 2811 5065 hortor
2857 5023 2959 5063 vos
3016 5011 3083 5062 ut
3138 5003 3388 5062 sumatis
3445 5001 3668 5067 cibum,
3702 5019 3732 5050 η

2081 5102 2328 5175 ipseque
2355 5101 2586 5173 primus
2607 5098 2808 5169 sumit,
2840 5113 2964 5154 non
2993 5096 3171 5152 verbo
3231 5099 3486 5157 tantum,
3541 5089 3648 5147 sed
3678 5094 3739 5145 et

2083 5207 2261 5264 opere
2293 5189 2572 5246 suadens.
2624 5190 2768 5244 Nam
2824 5186 2975 5243 illud
3032 5191 3124 5242 est
3167 5183 3326 5257 quod
3374 5184 3498 5239 ait:
3553 5201 3586 5235 ιι
3616 5181 3739 5236 Hoc

2085 5281 2247 5339 enim
2268 5280 2345 5337 ad
2370 5279 2625 5337 salutem
2648 5284 2903 5334 vestram
2921 5276 3203 5350 pertinet,
3231 5298 3253 5325 ι
3286 5290 3505 5347 nempe
3539 5271 3739 5339 edere,

2084 5388 2162 5429 ne
2191 5370 2430 5444 quando
2463 5369 2620 5426 fame
2649 5367 3069 5425 consumanini
3103 5383 3116 5421 :
3150 5380 3347 5437 neque
3401 5364 3562 5420 enim
3619 5360 3744 5417 illis

2086 5461 2203 5519 cibi
2234 5477 2374 5518 cura
2399 5466 2547 5527 erat,
2580 5465 2785 5531 utpote
2816 5474 2936 5513 non
2968 5458 3203 5513 sinente
3252 5454 3519 5528 periculo
3563 5466 3745 5508 occu-

2086 5553 2214 5626 pari
2247 5552 2406 5608 circa
2433 5567 2531 5607 res
2553 5549 2842 5623 vulgares.
2906 5548 3074 5605 Unde
3127 5552 3330 5603 autem
3388 5543 3746 5602 manifestus

2086 5643 2280 5701 factus
2310 5645 2402 5700 est
2428 5656 2718 5701 numerus
2742 5655 2969 5709 eorum,
2993 5637 3096 5712 qui
3120 5635 3302 5696 simul
3331 5632 3695 5709 navigabant
3719 5626 3750 5682 τ

3402 5852 3480 5911 10
