4112 6412
413 367 530 428 299

1538 354 1948 421 (ECUMENII
1991 351 2300 412 TRICCIE
2348 354 2690 418 EPISGOPI

3718 364 3837 426 300

424 499 760 558 Verisimile
791 503 881 556 est
911 515 1012 555 eos
1043 514 1284 555 causam
1331 496 1727 570 interrogasse
1759 510 1865 551 cur
1912 489 2071 546 navi-

2187 485 2421 563 ἀριθμός
2455 508 2468 559 ;
2504 491 2665 554 Εἰκὸς
2695 492 2762 562 ἦν
2797 492 2994 558 αὐτοὺς
3025 493 3233 570 έρωτᾷν
3287 496 3389 566 τὴν
3440 494 3615 552 αἱτίαν
3670 494 3739 552 δι’
3767 501 3835 568 ἢν

419 599 644 667 garent,
680 598 736 648 et
761 593 843 648 ita
874 593 1074 648 omnia
1103 592 1403 648 didicisse.

493 726 787 790 XXVIl,42
805 729 921 796 ~44;
939 726 1391 796 XXXVlll,l-10.
1419 750 1438 775 α
1460 727 1711 782 Militum
1730 728 1924 780 autem
1942 737 2078 778 con-

427 817 627 872 silium
656 823 807 884 erat,
841 824 908 873 ut
935 817 1164 873 vinctos
1213 817 1572 881 occiderent,
1621 833 1695 870 ne
1742 815 1895 886 quis,
1942 827 2076 866 cum

421 912 741 974 enatasset,
804 907 1109 979 effugeret.
1156 909 1231 960 At
1273 912 1545 960 centurto
1595 905 1797 960 volens
1843 915 2076 957 servare

423 995 698 1064 Paulum,
723 997 1250 1067 compescuiteosa
1266 996 1546 1050 consilio:
1567 994 1865 1066 jussitque
1887 996 1953 1046 ut
1975 989 2075 1060 qui

426 1093 674 1156 possent
696 1092 922 1153 natare,
947 1086 1278 1157 abjicerent
1308 1102 1368 1140 se
1400 1086 1646 1156 primos,
1677 1089 1736 1139 et
1761 1083 1824 1137 in
1857 1087 2077 1135 terram

428 1173 762 1243 evaderent,
798 1175 1114 1246 cmterique
1146 1175 1361 1246 partim
1394 1175 1455 1228 in
1490 1173 1727 1239 tabulis,
1770 1171 1984 1244 partim
2019 1169 2079 1222 in

425 1265 784 1336 quibusdam
817 1265 980 1320 navis
1011 1265 1378 1338 fragmentis.
1414 1266 1483 1318 Et
1514 1264 1597 1318 sic
1628 1264 1848 1318 factum
1881 1265 1992 1327 est,
2015 1264 2082 1314 ut

427 1373 635 1412 omnes
675 1354 1006 1410 incolumes
1039 1354 1356 1409 evaderent
1405 1353 1466 1407 in
1516 1358 1756 1407 terram.
1811 1351 2077 1420 Cumque

428 1447 774 1513 evasissent,
806 1450 950 1499 tunc
981 1450 1384 1517 cognoverunt
1429 1443 1587 1514 quod
1638 1442 1832 1496 Melite
1884 1439 2080 1494 insula

426 1540 753 1590 vocaretur.
789 1534 1032 1589 Barbari
1067 1551 1198 1590 vero
1233 1533 1593 1604 praestabant
1623 1549 1744 1586 non
1776 1531 2080 1602 vulgarem

428 1625 864 1681 humanitatem
896 1623 1090 1680 nobis.
1124 1627 1389 1678 Accensa
1419 1638 1680 1693 namque
1738 1636 1883 1692 pyra
1931 1618 2082 1673 reci-

425 1714 672 1786 piebant
700 1731 808 1768 nos
836 1730 1064 1780 omnes,
1097 1719 1339 1785 propter
1368 1712 1620 1767 imbrem
1680 1711 1780 1781 qui
1831 1709 2082 1780 impres-

428 1808 588 1859 serat
615 1821 749 1871 nos,
783 1809 840 1858 et
868 1809 1110 1874 propter
1139 1803 1344 1874 frigus.
1369 1808 1630 1872 Cumque
1663 1802 2083 1871 congregasset

426 1893 645 1948 Paulus
704 1899 1143 1948 sarmentorum
1229 1891 1699 1955 multitudinem,
1772 1895 1830 1943 et
1887 1889 2080 1958 impo-

429 1982 649 2036 suisset
678 1983 739 2036 in
772 1983 990 2054 ignem,
1025 1981 1222 2053 vipera
1278 1998 1313 2036 a
1361 1980 1556 2035 calore
1605 1995 1930 2050 prorepens
1989 1977 2080 2031 in-

427 2071 579 2126 vasit
617 2088 861 2126 manum
920 2073 1069 2143 ejus.
1134 2072 1205 2126 Ut
1255 2077 1450 2126 autem
1509 2070 1784 2124 viderunt
1842 2067 2081 2123 Barbari

428 2161 790 2233 pendentem
840 2161 1092 2215 bestiam
1151 2160 1222 2214 de
1279 2177 1465 2215 manu
1526 2159 1675 2230 ejus,
1737 2158 1894 2212 inter
1951 2173 2080 2212 sese

426 2249 734 2305 dicebant:
761 2250 1015 2306 Omnino
1051 2249 1350 2304 homicida
1382 2255 1470 2304 est
1500 2250 1676 2303 homo
1729 2248 1844 2314 hic,
1901 2263 2080 2318 quem

430 2346 729 2398 servatum
763 2357 793 2395 e
827 2340 976 2396 mari
1008 2340 1157 2395 ultio
1181 2357 1301 2395 non
1349 2341 1493 2395 sinit
1541 2339 1755 2394 vivere.
1814 2337 1968 2392 183
2014 2339 2084 2390 Ει

427 2430 531 2484 ille
585 2431 823 2501 quidem
905 2447 1120 2485 excusa
1192 2431 1252 2483 in
1340 2430 1537 2501 ignem
1627 2429 1842 2499 vipera,
1929 2426 2081 2480 nihil

424 2520 568 2576 mali
610 2537 822 2592 passus
862 2526 970 2576 est.
1032 2525 1104 2574 At
1161 2519 1248 2574 illi
1308 2518 1732 2574 existimabant
1790 2518 2078 2582 futurum,

424 2615 494 2664 ut
523 2610 900 2666 incederetur
943 2616 1042 2665 aut
1095 2609 1436 2664 concideret
1483 2615 1726 2679 repente
1789 2613 2076 2662 mortuus.

425 2701 536 2756 Diu
594 2709 791 2756 autem
852 2703 972 2756 illis
1032 2701 1516 2772 exspectantibus
1588 2717 1654 2754 ac
1709 2699 2081 2754 intuentibus

426 2793 578 2848 nihil
613 2794 754 2848 mali
783 2793 869 2848 illi
917 2794 1206 2861 accidere,
1266 2798 1494 2847 mutata
1549 2797 1748 2846 mente
1806 2790 2083 2845 dicebant

427 2883 626 2954 ipsum
659 2901 784 2938 esse
819 2885 1026 2938 Deum.
1061 2885 1125 2938 In
1174 2882 1320 2937 locis
1352 2887 1548 2936 autem
1577 2879 1696 2935 illis
1730 2885 1900 2935 erant
1930 2898 2083 2952 pran-

429 2971 526 3027 dia
558 2973 796 3043 primati
831 2972 1044 3027 insulae
1077 2972 1319 3026 nomine
1353 2972 1582 3032 Publio,
1639 2971 1739 3042 qui
1772 2986 1880 3024 nos
1911 2987 2079 3024 exce-

428 3067 559 3132 ptos
595 3062 788 3116 triduo
848 3062 1102 3130 benigne
1165 3061 1433 3116 tractavit
1488 3060 1766 3132 hospitio.
1827 3059 2082 3131 Contigit

432 3157 629 3205 autem
715 3157 943 3223 patrem
1032 3151 1224 3205 Publii
1284 3151 1547 3206 febribus
1597 3167 1666 3205 ac
1723 3149 2080 3221 dysenteriis

2184 573 2436 650 πλέουσι,
2463 580 2552 635 καὶ
2589 587 2780 654 μαθεῖν
2811 582 3003 642 πάντα.

2258 736 2286 765 ‹‹
2318 715 2441 770 Τῶν
2473 712 2531 772 δὲ
2560 721 2909 792 στρατιωτῶν
2944 718 3122 795 βουλή
3175 719 3410 798 ἐγενετο,
3466 718 3561 775 ’ίνα
3585 719 3711 784 τοὺς
3747 720 3842 779 δε-

2187 805 2408 876 σμώτας
2468 807 2852 878 ἀποκτείνωσι,
2919 812 2994 883 μή
3027 831 3108 872 τις
3169 806 3591 884 ἐκκολυμϐήσας
3652 810 3842 891 διαφό-

2185 917 2298 971 γοι.
2359 897 2418 953 Ὀ
2471 894 2526 952 δὲ
2584 898 2982 974 ἑκατόνταρχος
3043 900 3383 975 βουλόμενος
3443 899 3702 957 διασῶσαι
3752 903 3843 958 τὸν

2188 983 2429 1055 Παῦλον,
2491 986 2762 1044 ἐκώλυσεν
2850 989 3044 1052 αὐτοὺς
3101 995 3198 1045 τοῦ
3259 991 3639 1066 βουλήματος,
3696 996 3846 1049 Ἐκε-

2188 1073 2348 1131 λευσέ
2403 1098 2460 1132 τε
2508 1077 2638 1140 τοὺς
2693 1077 3027 1153 δυναμένους
3089 1075 3376 1154 κολυμϐᾷν
3431 1081 3843 1157 ἀπορρίψαντας

2187 1165 2439 1241 πρώτους
2496 1166 2583 1221 ἐπὶ
2657 1169 2758 1238 τὴν
2826 1172 2927 1245 γῆν
2988 1167 3204 1242 ἐξιέναι,
3254 1171 3342 1225 καὶ
3397 1171 3526 1233 τοὺς
3586 1169 3844 1241 λοιποὺς,

2189 1256 2282 1314 οὓς
2353 1256 2450 1325 μὲν
2512 1255 2597 1312 ἐπὶ
2659 1257 2887 1328 σανίσιν,
2941 1259 3034 1323 οὓς
3093 1257 3150 1314 δὲ
3198 1257 3287 1314 ἐπί
3343 1281 3508 1316 τινων
3567 1264 3678 1316 τῶν
3739 1262 3846 1316 ἀπὸ

2187 1342 2283 1398 τοῦ
2304 1343 2523 1404 πλοίου.
2587 1347 2686 1403 Καὶ
2747 1347 2920 1410 οὕτως
2978 1348 3189 1424 ἐγένετο
3244 1351 3448 1414 πάντας
3506 1347 3849 1420 διασωθῆναι

2188 1432 2274 1488 ἐπὶ
2332 1435 2433 1504 τήν
2489 1442 2613 1508 γῆν.
2675 1437 2772 1491 Καὶ
2855 1434 3207 1501 διασωθέντες
3245 1483 3258 1508 ,
3315 1439 3438 1494 τότε
3515 1441 3850 1516 ἐπέγνωσαν,

2191 1522 2270 1577 ὅτι
2306 1523 2518 1594 Μελίτη
2553 1527 2587 1594 ἡ
2619 1532 2784 1595 νῆσος
2831 1524 3100 1584 καλεῖται.
3134 1528 3196 1581 Οἱ
3254 1525 3311 1583 δὶ
3369 1525 3646 1606 Βάρῧαροι
3706 1552 3850 1606 παρ-

2191 1619 2344 1688 εῖχον
2423 1615 2486 1669 οὐ
2534 1616 2635 1685 τὴν
2691 1619 2966 1690 τυχοῦσαν
3027 1616 3442 1694 φιλανθρωπίαν
3504 1621 3662 1692 ἡμῖν,
3719 1627 3854 1677 Ἀν-

2189 1707 2419 1780 άψαντες
2498 1708 2601 1783 γὰρ
2676 1709 2873 1784 πυρὰν,
2944 1705 3353 1784 προσελάϐοντο
3413 1713 3619 1774 πάντας
3665 1715 3845 1788 ἡμᾶς,

2192 1793 2281 1850 διὰ
2336 1796 2428 1850 τὸν
2479 1796 2630 1852 ὑετὸν
2686 1795 2959 1874 ἐφεστῶτα
2993 1842 3006 1869 ,
3073 1802 3163 1854 καί
3223 1798 3312 1854 διὰ
3365 1802 3427 1855 τὸ
3481 1801 3681 1878 ψύχος.
3744 1809 3852 1858 Συ-

2112 1865 2157 1930 B
2191 1885 2519 1959 στρέψαντος
2580 1884 2637 1941 δὲ
2693 1891 2790 1942 τοῦ
2834 1888 3054 1944 Παύλου
3114 1891 3400 1966 φρυγάνων
3461 1889 3698 1961 πλῆθος,
3751 1893 3848 1948 καὶ

2189 1975 2464 2041 ἐπιθέντος
2521 1976 2608 2032 ἐπὶ
2660 1979 2760 2046 τήν
2842 1980 3038 2052 πυρὰν,
3099 1977 3292 2056 ἔχιδνα
3355 1980 3414 2036 ἐκ
3469 1989 3569 2052 τῆς
3632 1986 3846 2058 θέρμης

2188 2064 2498 2136 ἐξελθοῦσα,
2538 2069 2747 2142 καθῆψε
2799 2076 2897 2138 τῆς
2941 2071 3127 2144 χειρὸς
3184 2072 3371 2129 αὐτοῦ,
3431 2072 3519 2133 Ὡς
3579 2070 3637 2127 δὲ
3693 2071 3843 2128 εἶδον

2190 2156 2241 2208 οἱ
2272 2150 2548 2230 Βάρϐαροι
2605 2158 2949 2232 κρεμάμενον
3006 2161 3067 2214 τὸ
3125 2160 3314 2234 θηρίον
3374 2159 3434 2216 ἐκ
3490 2169 3592 2231 τῆς
3651 2164 3848 2238 χειρὸς

2189 2243 2409 2315 αὐτοῦ,
2483 2240 2672 2321 ἔλεγον
2752 2248 2878 2323 θρὸς
2962 2247 3252 2320 ἀλλήλους
3374 2253 3596 2314 Πάντως
3653 2253 3850 2332 φονεύς

2189 2333 2332 2389 ἐστιν
2367 2336 2393 2389 ὁ
2426 2334 2712 2410 ἄνθρωπος
2772 2338 2958 2408 οὗτος,
3014 2339 3072 2393 ’ὀν
3106 2338 3438 2404 διασωθέντα
3489 2339 3548 2396 ἐκ
3604 2345 3704 2407 τῆς
3761 2344 3851 2397 θα-

2191 2422 2396 2494 λάσσης
2427 2427 2461 2494 ἡ
2497 2422 2619 2495 δίκὴ
2679 2430 2774 2500 ζῇν
2835 2427 2934 2482 οὐκ
2999 2427 3194 2484 εἴασεν.
3260 2430 3321 2486 Ὁ
3393 2431 3489 2503 μὲν
3548 2430 3646 2484 οὖν
3701 2430 3844 2487 ἀπο-

2185 2514 2400 2584 τινάξας
2429 2515 2492 2568 τὸ
2525 2515 2717 2588 θηρίον
2760 2515 2834 2577 εἷς
2890 2516 2952 2570 τὸ
3000 2521 3131 2589 πῦρ,
3189 2515 3380 2582 ἔπαθεν
3438 2515 3592 2573 οὐδὲν
3654 2519 3844 2586 κακόν,

2189 2603 2256 2659 Οἱ
2341 2599 2397 2656 δὲ
2475 2601 2824 2679 προσεδόκων
2910 2604 3071 2660 αὐτὸν
3131 2605 3356 2678 μέλλειν
3420 2608 3747 2681 πίπρασθαι,
3807 2610 3841 2678 ἢ

2187 2695 2540 2748 καταπίπτειν
2592 2691 2744 2772 ἄφνω
2827 2698 3040 2771 νεκρόν.
3115 2697 3240 2754 Ἐπὶ
3327 2697 3471 2754 πολὺ
3546 2696 3603 2754 δὲ
3661 2699 3838 2755 αὐτῶν

2186 2781 2656 2857 προσδοκώντων,
2715 2785 2803 2840 καὶ
2864 2786 3214 2862 θεωρούντων
3279 2787 3448 2860 μηδὲν
3505 2789 3705 2844 ἄτοπον
3765 2789 3837 2851 εἴς

2189 2872 2349 2926 αὐτὸν
2408 2874 2717 2947 γινόμενον,
2773 2870 3251 2950 μεταϐαλλόμενοι
3311 2875 3499 2952 ἔλεγον
3554 2879 3678 2934 Θεὸν
3734 2878 3829 2932 αὖ-

2187 2961 2279 3016 τὸν
2367 2963 2521 3018 εἶναι.
2590 2965 2678 3020 Ἐν
2740 2960 2798 3018 δὲ
2875 2970 2991 3028 τοῖς
3049 2968 3172 3042 περὶ
3222 2967 3314 3022 τὸν
3372 2969 3546 3022 τόπον
3599 2969 3825 3034 ἓκεῖνον,

2188 3050 2408 3126 ὑπῆρχε
2467 3052 2648 3128 χωρία
2692 3057 2769 3124 τῷ
2817 3056 3022 3128 πρώτῳ
3068 3062 3168 3125 τῆς
3217 3059 3412 3128 νήσου,
3469 3059 3696 3130 ὀνόματι
3726 3063 3832 3112 llo-

2185 3136 2336 3211 πλίῳ
2369 3187 2384 3205 ,
2441 3140 2498 3200 ὅς
2543 3139 2942 3215 ἀναδεξάμενος
2997 3146 3144 3216 ἡμᾶς
3204 3150 3349 3219 τρεῖς
3407 3145 3635 3221 ἡμέρας,
3679 3145 3838 3220 φιλο-

423 3245 694 3294 vexatum
728 3239 1106 3294 decumbere.
1161 3240 1241 3293 Ad
1300 3257 1476 3310 quem
1539 3239 1752 3293 Paulus
1813 3239 2072 3296 intravit.

2190 3227 2404 3300 φρόνως
2442 3226 2692 3299 ἓξένισεν.
2755 3231 3002 3307 Ἐγένετο
3057 3230 3114 3287 δὲ
3170 3235 3262 3289 τὸν
3311 3231 3516 3310 πατέρα
3563 3238 3659 3289 τοῦ
3724 3238 3846 3290 llo--

425 3344 680 3398 cumque
705 3337 951 3394 orasset,
981 3336 1039 3383 et
1070 3345 1283 3384 manus
1316 3330 1367 3382 ei
1415 3329 1816 3399 imposuisset,
1850 3327 2078 3381 sanavit

426 3433 582 3472 eum.
611 3417 729 3471 lloc
753 3417 930 3487 igitur
958 3417 1111 3471 facto
1149 3417 1347 3472 caeteri
1374 3433 1611 3486 quoque
1644 3417 1743 3486 qui
1780 3415 2078 3470 habebant

424 3507 805 3560 inﬁrmitates
837 3505 897 3559 in
930 3505 1149 3568 insula,
1185 3504 1548 3559 accedebant
1577 3510 1636 3558 et
1691 3504 2073 3570 sanabantur,

429 3595 529 3665 qui
577 3595 753 3648 etiam
811 3594 1015 3648 multis
1074 3593 1402 3648 honoribus
1461 3611 1570 3648 nos
1637 3593 2078 3649 honoraverunt

425 3687 484 3738 et
567 3683 929 3740 solventibus
1017 3682 1433 3754 imposuerunt
1518 3701 1651 3754 quae
1738 3684 2077 3740 necessaria

423 3778 611 3828 erant.
647 3795 677 3824 »

487 4014 515 4042 ‹‹
552 3991 809 4047 Militum
840 3995 1043 4046 autem
1075 3989 1395 4046 eonsilium
1428 3995 1574 4056 erat,
1612 4011 1639 4039 »
1673 3993 1784 4046 etc.
1818 3992 2072 4046 Rursum

418 4099 489 4138 ex
510 4081 623 4136 hoc
646 4080 981 4136 ostenditur
1010 4079 1169 4150 quod
1202 4079 1385 4134 Paulo
1417 4078 1617 4133 donati
1641 4079 2072 4150 sint,quoniam

418 4171 528 4226 etsi
545 4170 833 4240 quosdam
847 4169 1067 4223 vellent
1086 4168 1535 4234 interimere,ne
1549 4168 1715 4222 Pauli
1732 4169 2072 4224 vaticinium

415 4257 734 4324 excideret,
769 4275 889 4313 non
920 4257 1191 4328 permisit
1223 4274 1325 4311 eos
1367 4257 1555 4311 occidi
1607 4258 1897 4327 centurio,
1955 4277 2071 4330 quo

410 4348 661 4403 Paulum
697 4352 976 4402 servaret.
1043 4367 1067 4397 ιι
1103 4348 1319 4417 Vipera
1350 4363 1383 4401 a
1413 4345 1608 4402 calore
1658 4363 2005 4419 prorepens.
2046 4371 2069 4396 η

411 4438 625 4508 Vipera
682 4436 920 4508 injectis
984 4436 1187 4490 manui
1239 4435 1493 4506 apostoli
1573 4436 1870 4506 dentibus,
1934 4456 2068 4494 cum

410 4526 633 4598 peccati
668 4526 982 4580 mollitiem
1015 4542 1133 4580 non
1159 4525 1502 4596 reperisset,
1529 4526 1799 4596 protinus
1821 4528 2072 4583 resilivit

2188 3317 2354 3372 πλίου
2407 3326 2660 3395 πυρετοῖς
2709 3323 2800 3376 καὶ
2859 3319 3172 3398 δυσεντερίᾳ
3251 3327 3619 3399 συνεχόμενον
3677 3345 3844 3380 κατα·

2181 3409 2412 3465 κεῖσθαι,
2500 3411 2640 3479 Πρὸς
2723 3412 2782 3465 ’ὸν
2874 3412 3095 3474 Παῦλος
3146 3412 3403 3469 εἷσελθῶν
3459 3414 3550 3468 καὶ
3604 3434 3837 3488 προσευ-

2181 3497 2431 3567 ξάμενος,
2483 3497 2690 3562 ἓπιθεὶς
2762 3500 2858 3562 τὰς
2917 3505 3107 3576 χεῖρας
3167 3502 3336 3573 αὐτῷ,
3391 3503 3580 3558 ἰάσατο
3645 3503 3841 3558 αὐτόν.

2181 3584 2384 3640 Τούτου
2443 3588 2535 3641 οῦν
2588 3587 2885 3663 γενομένου
2960 3591 3049 3645 καὶ
3117 3592 3168 3645 οἱ
3256 3591 3443 3648 λοιποὶ
3504 3593 3555 3646 οἱ
3613 3587 3842 3666 ἔχοντες

2182 3675 2454 3738 ἀσθενείας
2531 3678 2586 3731 ἒν
2664 3681 2733 3751 τῇ
2821 3680 2972 3751 νήσῳ
3057 3681 3416 3754 πρσήρχοντο
3469 3680 3560 3734 καὶ
3648 3678 3841 3755 ἔθερα-

2180 3764 2432 3834 πεόοντο,
2493 3765 2544 3820 οἳ
2626 3765 2716 3822 καὶ
2789 3765 3030 3830 πολλαῖς
3101 3773 3292 3841 τιμαῖς
3350 3769 3612 3841 ἐτίμησαν
3667 3771 3839 3848 ἡμᾶς.

2183 3856 2279 3910 Καὶ
2311 3857 2669 3932 ἀναγομένοις
2697 3855 2949 3914 ἐπέθεντο
2971 3858 3038 3914 τὰ
3065 3860 3202 3934 πρὸς
3231 3860 3332 3929 τήν
3365 3859 3579 3936 χρείαν.
3614 3884 3642 3912 ››

2251 3999 2368 4048 Τῶν
2411 3990 2468 4048 δὲ
2544 3999 2890 4071 στρατιωτῶν
2965 3993 3142 4071 βουλή
3198 3992 3429 4073 ἒγένετο.
3465 4021 3493 4048 ››
3553 3996 3723 4052 Πάλιν
3777 3997 3841 4054 ἐκ

2178 4082 2373 4138 τούτου
2432 4081 2722 4156 δείκνυται,
2779 4085 2860 4140 ὅτι
2912 4091 2991 4159 τῷ
3051 4085 3254 4158 Παύλῳ
3313 4085 3694 4162 έχαρίσθησαν,
3749 4085 3836 4141 ὅτι

2179 4172 2355 4227 καίτοι
2411 4173 2765 4248 βουλομένων
2816 4175 2962 4236 τινὰς
3002 4177 3263 4252 ἀναιρεῖν,
3320 4177 3411 4230 ἳνα
3473 4177 3548 4250 μὴ
3606 4173 3842 4250 διαπέσῃ

2178 4265 2213 4331 ἡ
2245 4264 2550 4340 προφητεία
2581 4263 2824 4333 Παύλου,
2866 4265 2968 4320 οὐκ
2997 4263 3168 4320 εἷάσεν
3227 4265 3422 4327 αὐτοὺς
3478 4266 3838 4338 ἀναιρεθῆναι

2177 4351 2205 4404 ὁ
2236 4350 2657 4427 ἑκατόνταρχος,
2691 4351 2780 4408 ἵνα
2806 4354 2899 4409 τὸν
2943 4354 3158 4411 Παῦλον
3218 4355 3390 4430 σώσῃ.
3427 4379 3455 4408 ‹‹
3489 4353 3728 4432 ’Έχιδνα
3769 4355 3831 4410 ἐκ

2174 4445 2274 4507 τῆς
2303 4443 2508 4517 θέρμης
2541 4443 2848 4516 ἐξελθοῦσα.
2887 4469 2912 4497 ››
2944 4446 3006 4502 Ἣ
3065 4440 3186 4521 ἔχις
3232 4450 3301 4519 τῇ
3357 4450 3454 4522 τοῦ
3507 4444 3834 4502 ἀποστόλου

2176 4532 2325 4610 χειρὶ
2371 4533 2499 4595 τοὺς
2561 4533 2781 4598 ὀδόντας
2837 4529 3156 4607 ἐμϐαλοῦσα
3201 4535 3291 4590 καὶ
3337 4537 3400 4590 τὸ
3467 4539 3674 4610 χαῦνον
3719 4543 3841 4605 τῆς

410 4631 478 4670 an.
510 4614 569 4669 in
602 4616 798 4687 ignem
831 4616 1011 4681 saliit,
1049 4621 1332 4685 tanquam
1365 4614 1475 4668 sibi
1509 4616 1621 4685 ipsi
1683 4633 1918 4686 poenam
1971 4619 2063 4672 in-

2183 4621 2438 4695 ἱιμαρτίας
2521 4621 2630 4698 οὐχ
2676 4623 2928 4696 εὑροῦσα,
2985 4622 3305 4694 ἀπεπήδησε
3363 4625 3676 4698 παραυτίκα
3739 4624 3835 4680 καὶ

409 4704 640 4777 ﬂigens,
676 4705 832 4776 quod
865 4723 1079 4776 corpus
1114 4705 1227 4759 sibi
1269 4704 1434 4759 nullo
1481 4705 1658 4760 modo
1702 4708 2060 4764 conveniens

403 4797 675 4868 petiisset
703 4814 770 4852 ac
803 4802 1264 4868 oppugnassent.
1292 4797 1405 4850 Nos
1440 4801 1638 4850 autem
1670 4796 1822 4852 feras
1846 4800 2057 4853 metui-

403 4901 556 4950 mus,
590 4887 880 4955 quonium
911 4886 1190 4939 virtutum
1227 4884 1569 4955 panopliam
1601 4901 1719 4939 non
1744 4886 2056 4943 habemus.

403 4973 523 5028 Hoc
548 4974 745 5044 itaque
778 4974 975 5028 intuiti
1007 4975 1267 5040 Barbari,
1294 4991 1427 5028 eum
1457 4992 1692 5045 quoque
1717 4976 1815 5045 qui
1836 4983 2057 5032 certam

404 5071 657 5118 mortem
691 5071 973 5130 evaserat,
1013 5065 1195 5120 Deum
1228 5082 1358 5120 esse
1390 5065 1706 5127 ducebant,
1748 5072 1812 5120 ut
1841 5067 2056 5138 quibus

405 5153 588 5207 moris
621 5160 746 5208 erat.
791 5170 1052 5215 omnem,
1105 5155 1204 5224 qui
1236 5155 1560 5227 gloriosum
1610 5155 1851 5225 aliquod
1907 5174 2056 5228 opus

400 5249 730 5313 praestaret,
750 5245 929 5298 Deum
952 5244 1292 5298 existimare
1319 5261 1331 5298 :
1357 5244 1860 5314 quemadmodum
1876 5249 2054 5302 etiam

399 5338 624 5386 veteres
657 5333 798 5387 deos
821 5333 1235 5400 nominabant,
1268 5339 1367 5388 aut
1398 5351 1497 5388 eos
1531 5334 1628 5404 qui
1663 5334 1888 5405 aliquid
1913 5354 2054 5408 ope-

398 5429 694 5487 rarentur,
733 5421 891 5492 quod
924 5422 1074 5476 vires
1107 5423 1370 5493 ipserum
1403 5440 1766 5493 suorumque
1825 5442 2048 5481 coaevo-

395 5527 528 5566 rum
564 5511 893 5576 excederet,
930 5512 1122 5582 qualis
1154 5519 1280 5567 erat
1310 5513 1592 5569 Hercules
1618 5529 1630 5566 :
1656 5519 1758 5568 aut
1788 5516 1887 5585 qui
1908 5534 2052 5587 prae-

393 5600 706 5674 stigiatura
762 5602 1064 5658 intuentes
1106 5603 1167 5657 in
1228 5602 1688 5659 admirationem
1746 5613 2044 5678 raperent,

399 5691 598 5765 qualis
626 5691 734 5748 fuit
765 5692 968 5750 Simon
1000 5693 1059 5749 in
1093 5692 1377 5748 Samaria.

2169 4712 2302 4764 κατέ(
2333 4714 2431 4780 τῆς
2463 4717 2634 4784 πυρᾶς
2655 4713 2856 4782 ἥλατο,
2897 4712 3078 4789 ὥσπερ
3138 4711 3290 4775 δίκας
3323 4715 3516 4782 έαυτὴν
3575 4714 3839 4787 εἰσπρατο

2167 4804 2396 4872 τομένη,
2459 4802 2541 4856 ὁτι
2615 4807 2693 4874 τῷ
2751 4800 3069 4876 μηδαμόθεν
3121 4806 3452 4878 προσήκοντι
3510 4797 3841 4878 προσέϐαλε

2169 4894 2405 4964 σῶματι.
2467 4893 2654 4963 Ἡμεῖς
2717 4889 2773 4946 δε
2829 4895 2894 4947 τα
2953 4893 3115 4968 θηρία
3200 4891 3520 4967 δεδοίκαμεν
3557 4937 3570 4962 ,
3632 4891 3830 4961 ἐπειδὴ

2165 4981 2264 5048 τῆς
2298 4982 2495 5054 αρετῆς
2522 4983 2620 5049 τήν
2651 4981 2958 5038 πανοπλίαν
3018 4982 3117 5038 οὐκ
3175 4980 3399 5058 ἔχομεν.
3463 4980 3694 5045 ’ἰδόντες
3730 4983 3830 5038 οὗν

2164 5073 2325 5124 τοῦτο
2358 5071 2409 5125 οἱ
2449 5065 2746 5145 Βάρϐαροι,
2778 5071 2868 5127 καὶ
2923 5073 3225 5149 ἷεκφυγόντα
3287 5075 3372 5128 τὸν
3435 5067 3826 5149 ἁναμφίϐολον

2167 5156 2416 5226 θάνατον,
2450 5160 2577 5212 Θεὸν
2611 5158 2774 5213 αὐτὸν
2804 5157 3060 5232 ἐνόμισαν
3094 5162 3257 5232 εἶναι,
3290 5162 3364 5224 ὡς
3402 5158 3630 5238 ἔχοντες
3679 5159 3828 5230 ἔθος,

2163 5247 2336 5301 πάντα
2366 5250 2630 5302 ποιοῦντά
2659 5269 2710 5303 τι
2744 5248 3067 5325 παράδοξον,
3130 5251 3263 5306 Θεὸν
3304 5251 3570 5325 νομίζειν·
3633 5250 3826 5326 ὥσπερ

2159 5335 2406 5398 καὶτοὺς
2459 5337 2728 5401 παλαιοὺς
2788 5341 2939 5403 θεοὺς
2988 5341 3296 5414 ὠνόμαζον,
3351 5340 3386 5410 ἢ
3429 5339 3500 5394 δι’
3533 5340 3689 5415 ἰσχὺν
3716 5361 3821 5396 πε-

2161 5425 2344 5497 ρισσόν
2400 5448 2452 5482 τι
2502 5429 2611 5482 τῶν
2671 5430 2793 5483 καθ’
2849 5429 3073 5492 ἑαυτοὺς
3128 5434 3444 5500 ποιοῦντας,
3503 5431 3615 5492 οἶος
3669 5432 3738 5498 ἤν
3794 5431 3824 5483 ὁ

2156 5514 2456 5589 «Ηρακλῆς
2524 5516 2559 5586 ἢ
2612 5515 2701 5572 διὰ
2755 5519 2981 5598 μαγείας
3029 5517 3398 5590 ἒξιστᾶνοντας
3461 5518 3588 5582 τοὺς
3636 5520 3828 5595 ὁρῶν-

2155 5625 2272 5676 τας,
2307 5607 2422 5668 οἷος
2447 5605 2514 5675 ἦν
2549 5607 2576 5661 ὁ
2609 5605 2662 5662 ἐν
2688 5610 2974 5685 Σαμαρείᾳ
2994 5611 3205 5688 Σίμων.
