4112 6486
243 382 348 453 301

1010 532 1261 588 ΚΕΦΔΛ.
1315 529 1439 586 ΔΘ“.

554 627 714 681 ἀπὸ
826 615 1072 689 Μελίτης
1141 619 1216 683 εἰς
1290 619 1512 694 Ῥώμην

1108 713 1346 772 Παῦλος.

369 823 403 851 ι(
434 805 640 859 Μετὰ
678 801 764 858 δὶ
785 803 948 877 τρεῖς
981 801 1163 871 μῆνας,
1226 798 1556 878 ἀνήχθημεν
1590 796 1641 851 ἐν
1685 793 1890 869 πλοίῳ,
1940 814 2048 850 πα·-

334 893 847 972 οανιεχειμακότι
932 886 980 943 ἒν
1026 892 1088 963 τῇ
1143 891 1314 962 νήσῳ,
1380 883 1800 961 Ἀλεξανδρίνῳ,
1877 904 2048 957 παρα-

349 985 530 1058 σήμῳ
601 979 990 1056 Διοσκούροις
1021 1022 1033 1037 .
1096 977 1200 1034 Καὶ
1272 978 1636 1053 καταχθέντες
1717 974 1793 1037 εἷς
1877 981 2052 1049 Συρα-

366 1073 600 1143 κούσας,
666 1069 1034 1144 ἐπεμείναμεν
1117 1067 1328 1143 ἡμέρας
1396 1070 1562 1143 τρεῖς.
1623 1067 1776 1121 Ὅθεν
1826 1061 2050 1139 περιελ-

374 1164 563 1231 θόντες
625 1161 1053 1233 κατηντήσαμεν
1111 1158 1188 1220 είς
1245 1159 1495 1234 Ῥήγιον.
1555 1154 1662 1212 Καί
1733 1156 1868 1228 μετά
1925 1154 2050 1228 μίαν

377 1255 599 1329 ἡμεραν
656 1247 1042 1326 ἐπιγενομένου
1127 1248 1332 1318 Νότου,
1422 1245 1726 1322 δευτεραῖοι
1802 1241 2049 1318 ἤλθομεν

374 1344 452 1406 εἷς
548 1341 894 1409 Ποτιόλους,
979 1337 1040 1394 οὗ
1094 1338 1343 1414 εὑρόντες
1404 1335 1697 1414 ἀδελφοὺς,
1755 1333 2044 1410 παρεκλή-

372 1437 552 1506 θημεν
585 1431 673 1486 ἐπ’
740 1430 924 1492 αὐτοῖς
979 1427 1256 1504 ἐπιμεῖναι
1313 1423 1525 1502 ἡμέρας
1584 1425 1740 1495 ἑπτὰ,
1798 1424 1888 1479 καὶ
1948 1419 2041 1506 οὔτ

517 1527 599 1590 εἷς
633 1527 740 1595 τὴν
771 1525 993 1598 Ῥώμήν
1055 1498 1328 1597 ὖίλθομεν.
1361 1498 1638 1586 -Κάκεῖθεν
1699 1521 1751 1574 οἱ
1808 1498 2049 1595 ιῖιδελιροἶ

376 1618 711 1678 ἀκούσαντες
769 1615 841 1670 τὰ
895 1613 1014 1689 περῖ
1074 1617 1260 1687 ἡμῶν,
1329 1611 1556 1683 ἐξῆλθον
1617 1609 1692 1672 είς
1751 1609 2048 1678 ἀπάντησιν

378 1712 543 1782 ἡμῖν,
603 1706 773 1785 ἄχρις
833 1705 1069 1763 Ἀππίου
1123 1703 1293 1783 φόρου
1351 1703 1439 1757 καὶ
1498 1704 1680 1776 Τριῶν
1737 1694 2042 1785 Ταϐερνῶν.

387 1798 499 1856 Οὒς
552 1783 679 1850 ἰδὼν
728 1795 758 1848 ὁ
789 1791 1033 1860 Παῦλος,
1089 1791 1496 1867 εὐχαριστήσας
1548 1794 1628 1862 τῷ
1686 1793 1826 1862 Θεῷ,
1882 1783 2044 1844 ἔλαϐε

268 613 448 684 ὓπως

1613 621 1946 690 κατήντησεν
2020 616 2050 670 ὁ

1369 393 1785 457 OOMMENT.
1835 392 1926 454 IN
1970 392 2174 455 ACTA
2219 393 2832 464 APOSTOLORUM.

2079 533 2132 598 A

3698 413 3817 475 802

2629 537 2787 594 184
2831 539 3062 598 CAPUT
3099 542 3350 603 XXXIX.

2303 626 2582 690 Quomodo
2611 645 2644 682 a
2674 630 2858 686 Melite
2907 635 3136 689 Romam
3156 639 3412 706 pervenit
3440 638 3668 694 Paulus.

2231 803 2483 875 XXVIII,
2517 809 2695 864 11-17.
2733 833 2761 862 «
2794 815 2928 867 Post
2975 829 3217 870 menses
3264 822 3461 872 autem
3495 822 3613 874 tres
3645 818 3811 874 navi-

2158 893 2425 964 gavimus
2452 896 2514 952 in
2561 900 2695 954 navi
2753 900 3176 970 Alexandrina,
3235 921 3366 974 quas
3394 905 3455 960 in
3486 906 3685 963 insula
3722 908 3818 963 hi-

2159 982 2529 1056 bernaverat,
2564 989 2658 1042 cui
2692 997 2818 1045 erat
2866 991 3099 1064 insigne
3158 994 3489 1052 Castorum.
3549 997 3814 1068 Cumque

2160 1074 2530 1132 venissemus
2561 1079 2901 1150 Syracusas,
2936 1083 3269 1139 mansimus
3300 1083 3382 1138 ibi
3423 1085 3640 1142 triduo.
3672 1087 3818 1144 Inde

2159 1164 2653 1240 circumlegentes
2733 1169 3082 1228 devenimus
3167 1173 3478 1248 Rhegium,
3558 1180 3616 1230 et
3684 1183 3819 1248 post

2158 1269 2346 1309 unum
2391 1254 2550 1312 diem
2604 1257 2844 1315 afﬂante
2902 1264 3144 1327 Austro,
3203 1263 3490 1334 postridie
3547 1264 3816 1321 venimus

2158 1343 2458 1415 Puteolos,
2504 1347 2601 1401 ubi
2662 1350 2913 1421 repertis
2971 1351 3278 1422 fratribus,
3337 1354 3526 1427 rogati
3586 1371 3814 1425 sumus,

2157 1437 2224 1486 ut
2251 1448 2631 1492 maneremus
2663 1439 2819 1510 apud
2876 1457 2978 1496 eos
3035 1441 3246 1496 diebus
3298 1449 3549 1514 septem,
3611 1451 3672 1500 et
3727 1445 3813 1500 sic

2156 1522 2425 1580 venimus
2457 1527 2723 1585 Romam.
2759 1530 2828 1582 Et
2856 1530 2994 1586 inde
3053 1548 3189 1587 cum
3249 1533 3559 1589 audissent
3599 1533 3815 1590 fratres

2156 1609 2228 1666 de
2261 1613 2454 1682 nobis,
2489 1617 2710 1688 egressi
2743 1623 2884 1674 sunt
2912 1620 2974 1674 in
3033 1637 3348 1677 occursum
3396 1622 3570 1679 nobis
3622 1641 3813 1694 usque

2155 1702 2230 1758 ad
2279 1706 2451 1777 Appii
2529 1707 2722 1762 forum
2811 1727 2878 1766 ac
2940 1712 3080 1766 Tres
3127 1713 3446 1770 Tabernas.
3502 1715 3658 1779 Quos
3707 1715 3808 1770 ubi

2152 1792 2398 1850 vidisset
2427 1798 2669 1864 Paulus,
2713 1800 2860 1855 actis
2915 1801 3034 1856 Deo
3083 1802 3288 1874 gratiis
3347 1805 3602 1875 sumpsit
3653 1804 3810 1860 ﬁdu-

387 1884 604 1960 θάρσος.
634 1885 756 1942 Ὀτε
815 1880 873 1938 δὲ
928 1879 1173 1955 ἤλθομεν
1239 1879 1317 1944 εἷς
1377 1880 1625 1953 Ῥώμην,
1659 1877 2034 1979 ὁὲκατόνταρ-

2152 1880 2324 1936 ciam.
2361 1882 2503 1939 Cum
2531 1893 2730 1942 autem
2786 1891 3156 1947 venissemus
3217 1895 3485 1961 Romam,
3537 1895 3807 1951 centurio

384 1999 496 2057 χος
545 1975 828 2052 παρέδωκε
911 1974 1037 2037 τοὺς
1097 1972 1356 2048 δεσμίους
1410 1977 1490 2044 τῷ
1549 1968 2028 2046 στρατοπεδάρχῃ.

379 2070 474 2137 Τῷ
505 2065 561 2120 δὲ
592 2064 804 2136 Παύλῳ
834 2063 1112 2138 ἐπετράπη
1178 2061 1352 2136 μένειν
1410 2062 1528 2117 καθ’
1586 2061 1771 2116 ἑαυτὸν
1827 2060 1920 2114 σὺν
1950 2063 2030 2132 τῷ

364 2154 708 2235 φυλάσσοντι
741 2155 900 2210 αὐτὸν
935 2153 1266 2229 στρατιώτῃ.
1295 2174 1322 2205 ι

442 2272 463 2295 ι
507 2248 735 2320 Παρασῆ
750 2267 836 2318 μῳ
891 2242 1264 2318 Διοσκούροις.
1301 2266 1328 2292 ι)
1388 2242 1546 2304 Ἐθος
1573 2241 1654 2296 ἀεί
1687 2261 1804 2303 πως
1834 2239 1886 2295 ἐν
1912 2245 2028 2302 ταῖς

353 2331 767 2408 Ἀλεξανδρὲων
801 2331 1035 2405 μάλιστα
1064 2331 1216 2386 ναυσὶ
1274 2330 1410 2405 πρὸς
1470 2350 1534 2404 γε
1561 2333 1629 2402 τῇ
1662 2330 1854 2404 πρώρᾳ
1887 2325 2030 2398 δεξιά

351 2447 413 2480 τε
447 2427 545 2480 καὶ
591 2425 854 2498 εὐώνυμα
902 2423 1113 2501 γραφὰς
1167 2425 1304 2478 εἶναι
1359 2421 1632 2484 τοιαύτας.
1692 2417 1916 2487 ἘπειδῆΙ
1973 2416 2029 2473 δὲ

351 2518 421 2587 ἦν
484 2517 638 2579 εἰκὸς
726 2514 1178 2591 εἷδωλολατρείας
1252 2513 1557 2589 κρατούσης
1611 2511 1780 2567 ἐκεῖνο
1835 2515 2029 2585 καιροῦ

353 2609 674 2687 γεγράφθαι
705 2610 776 2680 τῇ
808 2605 901 2678 νηί
953 2607 1082 2667 τοὺς
1151 2602 1536 2680 Διοσκούρους,
1594 2604 1683 2657 καὶ
1745 2602 1805 2656 ἐκ
1831 2601 2028 2656 τούτου

356 2704 508 2752 νοεῖν
544 2695 881 2764 ἀκόλουθον,
914 2692 1236 2774 ἀλλόφυλον
1267 2696 1426 2760 εἶναι,
1469 2692 1744 2748 τουτί-,στιν
1796 2687 2027 2746 εἴδωλο-

355 2787 584 2863 λάτριν.
621 2785 754 2861 Περὶ
787 2785 981 2840 τούτου
1032 2784 1122 2840 καὶ
1181 2779 1399 2844 Ἠσαίας
1462 2778 1587 2859 ἔφη·
1652 2782 2028 2851 ῐΙετασθήσον-

350 2899 444 2933 ται
481 2877 536 2931 ἐν
592 2873 785 2947 πλοίῳ
843 2872 1168 2953 ἀλλοφύλῳ,
1225 2870 1496 2936 θάλασσαν
1547 2870 1660 2942 ἅμα
1718 2869 2030 2945 προνομεύ-

351 2988 571 3023 σουσιν.
610 2989 640 3016 α
675 2968 881 3044 Ἀχρις
919 2963 1156 3020 Ἀππίου
1216 2962 1386 3039 φόρου
1433 2961 1521 3015 καὶ
1582 2963 1758 3035 Τριῶν
1817 2954 2026 3035 Ταϐερ-

347 3063 479 3112 νῶν.
517 3081 548 3108 »
582 3056 808 3118 Τόπους
834 3053 981 3114 τινάς
1014 3051 1434 3126 ἐπισημαίνεται
1492 3049 1598 3125 πρὸ
1630 3056 1727 3118 τῆς
1778 3051 2024 3123 Ῥώμης,

353 3149 444 3201 τὸν
481 3146 578 3221 μὲν
614 3144 796 3200 εἰκόνα
839 3144 958 3199 τινὰ
1019 3141 1260 3200 Ἀππίου
1321 3136 1544 3216 ἔχοντα,
1579 3140 1653 3201 ὡς
1712 3138 1876 3209 εἰκὸς,
1936 3139 2025 3193 καὶ

349 3241 523 3318 φόρον
589 3237 808 3292 ἐκείνου
859 3232 1228 3307 καλουμένην,
1289 3232 1363 3294 ὡς
1415 3229 1581 3306 μέχρι
1639 3235 1731 3284 νῦν
1800 3229 1854 3284 αἱ
1912 3232 2022 3283 τῶν

350 3330 637 3408 βασιλέων
699 3328 900 3390 εἰκόνες
953 3327 1100 3398 παρὰ
1141 3325 1444 3399 Ῥωμαίοις
1503 3323 1664 3402 φόροι
1740 3342 2018 3398 προσαγο-

353 3423 638 3498 ρεύονται,
668 3420 737 3474 τὰ
770 3416 827 3474 δὲ
856 3422 962 3472 τῶν
1010 3411 1306 3490 ταϐερνῶν,
1366 3411 1710 3488 πανδοχείων
1767 3417 1952 3482 τινῶν,
1986 3411 2020 3480 ἢ

349 3509 689 3579 καπηλείων
737 3515 936 3583 χρῆσιν
993 3505 1342 3572 αἶνίσσονται,
1398 3507 1468 3576 τῇ
1526 3501 1812 3575 Ῥωμαίων
1867 3499 2022 3580 φωνῇ

352 3600 541 3663 οὕτως
575 3598 978 3672 ὀνομαζόμενα.

1007 3778 1266 3831 ΚΕΦΑΛ.
1301 3772 1391 3829 Μ’·

372 3863 525 3938 Περὶ
585 3861 851 3935 δια).ἐξεως
911 3862 1134 3920 Παύλου
1199 3869 1300 3932 τῆς
1354 3861 1492 3936 πρὸς
1549 3856 1676 3922 τοὺς
1731 3858 1783 3913 ἐν
1838 3858 2028 3934 Ῥώμῃ

1059 3949 1353 4015 Ῑουδαίους.

451 4071 482 4098 α
519 4047 753 4120 Ἐγένετο
804 4043 862 4101 δὶ
922 4043 1056 4118 μετᾶ
1113 4043 1326 4118 ἡμέρας
1393 4046 1539 4116 τρεῖς
1599 4039 2027 4116 συγκαλέσασθαι

347 4137 460 4191 τὸν
522 4136 740 4192 Παῦλον
793 4134 919 4196 τοὺς
978 4129 1132 4194 ὄντας
1211 4136 1318 4186 τῶν
1395 4127 1676 4186 Ἰουδαίων
1754 4130 2027 4204 πρώτους.

348 4225 752 4281 συνελθόντων
782 4222 840 4280 δὶ
893 4225 1089 4290 αὐτῶν,
1150 4216 1307 4296 ἔλεγε
1357 4221 1492 4296 πρὸς
1524 4219 1738 4284 αὐτοὺς·
1801 4217 2029 4292 ’Ἃνδρες

345 4311 628 4395 ἀδελφοί,
699 4314 807 4390 ἐγὼ
891 4308 1043 4368 οὐδὲν
1125 4309 1357 4365 ἐναντίον
1427 4310 1660 4379 ποιήσας
1717 4313 1796 4379 τῷ
1850 4306 2028 4381 λαῷἢ

337 4411 479 4468 τοῖς
541 4402 692 4469 ἔθεσι
779 4409 896 4466 τοῖς
950 4401 1272 4477 πατρῴοις,
1336 4395 1556 4472 δέσμιος
1615 4395 1664 4467 ἐξ
1725 4396 2030 4473 Ἱεροσολύ-

339 4518 486 4568 μων
571 4490 886 4569 παρεδόθην
965 4492 1040 4556 είς
1117 4490 1212 4553 τὰς
1299 4493 1491 4564 χεῖρας
1547 4493 1654 4542 τῶν
1712 4489 2028 4561 Ῥωμαίων.

336 4585 580 4646 Οἶτινες
641 4579 1013 4654 ἀνακρίναντές
1092 4602 1179 4654 με,
1239 4574 1535 4634 ἐϐούλοντο
1596 4575 1890 4647 ἀπολῦσαι,
1945 4575 2034 4632 διὰ

2143 1969 2386 2026 tradidit
2415 1974 2644 2032 vinctos
2673 1978 2930 2050 principi
2962 1981 3280 2038 exercitus.
3316 1983 3681 2038 Permissum
3714 1981 3806 2038 est

2139 2065 2338 2113 autem
2369 2063 2574 2131 Paulo,
2605 2071 2672 2120 ut
2702 2067 2863 2122 solus
2913 2075 3186 2124 maneret
3240 2087 3376 2125 cum
3429 2071 3801 2127 custodiente

2138 2148 2335 2219 ipsum
2367 2152 2578 2208 milite.
2615 2177 2642 2203 ››

2211 2261 2239 2289 ‹‹
2275 2239 2514 2313 Insigne
2543 2243 2872 2301 Castorum.
2908 2269 2934 2296 ››
2968 2249 3258 2319 Perpetuo
3290 2249 3473 2303 moris
3502 2253 3592 2303 est
3619 2251 3788 2304 navi-

2138 2326 2249 2381 bus
2271 2330 2643 2398 potissimum
2674 2333 3116 2403 Alexandrinis,
3141 2337 3214 2391 ad
3230 2354 3468 2408 proram
3493 2337 3699 2392 dextra
3720 2354 3787 2393 ac

2138 2417 2380 2476 sinistra
2405 2422 2749 2493 hujusmodi
2775 2443 2904 2482 esse
2933 2429 3216 2499 picturas.
3250 2431 3544 2494 Quoniam
3564 2435 3786 2495 autem,

2137 2512 2202 2561 ut
2233 2511 2549 2568 verisimile
2582 2520 2672 2570 est
2702 2515 2979 2574 idolatria
3008 2535 3076 2574 eo
3127 2524 3394 2591 tempore
3453 2519 3787 2575 dominium

2137 2598 2464 2669 obtinente,
2500 2603 2716 2677 depicti
2750 2614 2922 2662 erant
2947 2609 3012 2663 in
3045 2611 3176 2665 navi
3204 2612 3410 2666 Castor
3459 2628 3527 2667 ac
3558 2611 3788 2678 Pollux,

2136 2705 2510 2762 consequens
2524 2694 2703 2750 etiam
2718 2702 2883 2752 estut
2896 2697 3301 2768 intelligamus
3318 2700 3790 2773 alienigenarum

2134 2777 2317 2834 fuisse
2345 2797 2574 2850 navem,
2622 2785 2734 2840 hoc
2792 2792 2883 2841 est
2928 2788 3339 2856 idolatrarum,
3371 2789 3442 2845 de
3475 2806 3593 2861 qua
3648 2789 3795 2845 dicit

2135 2868 2348 2927 Isaias:
2419 2872 2716 2929 Volabunt
2785 2877 2846 2930 in
2912 2879 3046 2932 navi
3089 2879 3580 2952 alienigenarum,
3631 2896 3794 2935 mare

2137 2958 2320 3014 simul
2346 2961 2774 3031 praedabantur
2803 2965 2869 3018 ν’.
2922 2968 3181 3039 «Usque
3239 2968 3312 3024 ad
3368 2969 3541 3041 Appii
3597 2969 3794 3024 forum

2136 3065 2204 3103 ac
2231 3051 2369 3104 Tres
2395 3051 2713 3108 Tabernas.
2750 3076 2777 3104 n
2813 3056 2962 3111 Loca
3005 3057 3280 3127 qumdam
3340 3057 3611 3130 designat
3654 3064 3792 3114 ante

2137 3141 2335 3195 Romae
2351 3140 2686 3213 ingressum
2702 3160 2714 3198 :
2733 3143 2992 3214 priorem
3011 3147 3252 3217 quidem
3270 3146 3590 3202 habentem
3614 3148 3788 3219 Appii

2137 3234 2414 3295 statuam,
2448 3238 2513 3285 ut
2541 3232 2841 3288 versimile
2875 3241 2982 3303 est,
3016 3242 3075 3292 et
3099 3237 3325 3292 dictum
3356 3237 3517 3292 illius
3543 3237 3738 3292 forum
3773 3256 3786 3294 :

2138 3320 2644 3389 quemadmodum
2676 3323 2749 3378 ad
2779 3323 2890 3380 hoc
2916 3342 3105 3397 usque
3136 3332 3373 3399 tempus
3403 3343 3651 3400 regnum
3685 3334 3788 3384 aut

2136 3411 2564 3483 imperatorum
2595 3414 2885 3488 imagines
2909 3418 3065 3489 apud
3088 3420 3386 3475 Romanos
3404 3418 3563 3494 φόροι
3588 3420 3788 3491 appel-

2137 3499 2352 3556 lantur.
2383 3502 2531 3559 Loca
2551 3520 2687 3560 vero
2709 3506 3111 3575 tabernarum,
3132 3525 3306 3564 usum
3325 3508 3792 3580 insinuantquo-

2136 3591 2413 3647 rumdam
2444 3593 2903 3651 diversoriorum
2935 3603 3038 3653 aut
3067 3615 3493 3671 cauponarum,
3520 3615 3651 3670 quas
3683 3600 3791 3654 Ro-

2137 3696 2451 3737 manorum
2483 3682 2687 3756 lingua
2717 3686 2800 3741 ita
2827 3687 3228 3758 appellantur.

2665 3775 2815 3833 185
2874 3778 3106 3833 CAPUT
3142 3779 3255 3836 XL.

2139 3861 2213 3915 De
2241 3861 2408 3916 Pauli
2435 3865 2693 3919 concione
2721 3864 2796 3919 ad
2849 3865 3084 3933 Judzos,
3144 3869 3242 3936 qui
3289 3869 3474 3922 Romae
3503 3867 3792 3937 degebant.

2211 4041 2462 4110 XXVIII,
2527 4047 2714 4100 17-24.
2783 4068 2810 4099 α
2841 4047 3096 4120 Contigit
3148 4054 3348 4103 autem
3378 4053 3445 4103 ut
3483 4052 3615 4119 post
3671 4051 3795 4101 tres

2143 4131 2270 4187 dies
2302 4142 2654 4190 convocaret
2676 4137 2891 4192 Paulus
2909 4138 3247 4194 Judaeorum
3283 4141 3609 4211 primores:
3644 4153 3799 4193 cum-

2142 4238 2255 4292 que
2286 4225 2607 4286 venissent.
2643 4225 2791 4281 dixit
2815 4227 2888 4283 ad
2921 4245 3058 4284 eos:
3094 4231 3230 4302 Ego,
3265 4229 3376 4283 viri
3407 4229 3641 4295 fratres,
3671 4243 3804 4283 cum

2142 4313 2292 4369 nihil
2322 4313 2563 4369 fecerim
2597 4316 2877 4372 adversus
2919 4318 3157 4389 plebem
3215 4325 3318 4374 aut
3351 4320 3632 4374 instituta
3669 4334 3800 4373 ma-

2136 4404 2385 4474 jorum,
2444 4405 2671 4460 vinctus
2733 4406 2807 4461 ab
2867 4407 3296 4481 Hierosolymis
3349 4409 3608 4464 traditus
3667 4423 3800 4463 sum

2143 4493 2204 4547 in
2247 4509 2460 4548 manus
2517 4496 2956 4551 Romanorum:
3014 4499 3116 4569 qui
3168 4516 3301 4554 cum
3357 4498 3801 4553 examinassent

2143 4598 2259 4651 me,
2328 4583 2643 4640 voluerunt
2695 4585 3016 4655 dimittere,
3069 4605 3138 4644 eo
3198 4588 3356 4659 quod
3411 4587 3581 4643 nulla
3620 4603 3802 4642 causa

337 4678 413 4730 τὸ
521 4671 803 4747 μηδεμίαν
879 4673 1052 4728 αἷτίαν
1141 4669 1366 4727 θανάτου
1455 4667 1718 4742 ὑπάρχειν
1776 4666 1829 4722 ἐν
1885 4666 2029 4741 ἐμοί.

2150 4672 2352 4727 mortis
2385 4679 2541 4727 esset
2572 4673 2633 4727 in
2661 4691 2775 4730 me.
2813 4675 2923 4731 Sed
2977 4675 3526 4732 contradicentibus
3582 4673 3800 4730 Judznis

341 4763 796 4838 Ἀντιλεγόντων
881 4759 939 4816 δὲ
992 4765 1099 4816 τῶν
1157 4755 1458 4827 Ἰουδαίων,
1517 4757 1868 4832 ἠναγκάσθην
1922 4755 2035 4812 ἐπι-

343 4853 704 4910 καλέσασθαι
740 4851 996 4926 Καίσαρα,
1039 4850 1152 4926 οὐχ
1211 4849 1286 4911 ὡς
1334 4852 1431 4902 τοῦ
1479 4845 1664 4909 ἔθνους
1725 4867 1830 4920 μου
1886 4841 2032 4922 ἔχων

341 4965 404 5000 τι
481 4948 888 5019 κατηγορῆσοι.
951 4939 1048 4996 Διὰ
1105 4939 1308 5009 ταύτην
1369 4937 1462 4992 οὗν
1511 4937 1612 5005 τὴν
1663 4935 1838 4991 αἰτίαν
1897 4957 2038 5012 παρ-

349 5033 606 5091 εκάλεσα
640 5035 802 5107 ὑμᾶς,
851 5029 984 5086 ἰδεῖν
1043 5030 1134 5086 καὶ
1190 5027 1600 5104 προσλαῆῆσαι.
1662 5029 1879 5084 Ἕνεκεν
1937 5028 2036 5103 γὰρ

351 5131 467 5195 τῆς
503 5121 739 5184 ἐλπίδος
795 5125 895 5178 τοῦ
953 5118 1178 5194 Ἰσραὴλ
1225 5118 1325 5187 τὴν
1383 5114 1574 5172 ἅλυσιν
1632 5114 1834 5186 ταύτην
1893 5116 2042 5192 περί-

356 5234 579 5287 κειμαι.
613 5215 681 5272 Οἱ
715 5211 773 5268 δὲ
805 5210 947 5285 πρὸς
979 5209 1142 5265 αὐτὸν
1201 5207 1376 5263 εἶπον·
1437 5207 1628 5278 Ἠμεῖς
1685 5201 1810 5260 οὔτε
1865 5206 2042 5281 γράμ-

367 5326 520 5378 ματα
589 5305 715 5382 περί
812 5304 914 5356 σοῦ
1003 5295 1295 5372 ἐδεξάμεθα
1380 5296 1485 5351 ἀπὸ
1569 5296 1666 5363 τῆς
1755 5293 2043 5368 Ἰουδαίας,

357 5394 488 5454 οὔτε
542 5388 1014 5474 παραγενόμενός
1089 5408 1170 5450 τις
1233 5391 1340 5442 τῶν
1401 5382 1650 5461 ἀδελφῶν
1711 5383 2045 5474 ἀπήγγειλεν

346 5490 386 5562 ἢ
418 5457 667 5566 ﬂammis
703 5457 758 5542 τι
797 5480 932 5555 περὶ
968 5481 1067 5532 σοῦ
1124 5476 1387 5551 πονηρόν.
1453 5475 1741 5546 Ἀξιοῦμεν
1790 5470 1846 5529 δὲ
1899 5477 2048 5550 παρὰ

332 5589 435 5646 σοῦ
456 5562 702 5646 ἀκούσαι
739 5576 780 5633 ἅ
827 5571 1081 5655 φρονεῖς.
1142 5567 1272 5643 Περὶ
1323 5566 1418 5640 μὲν
1467 5563 1569 5640 γὰρ
1627 5568 1728 5633 τῆς
1788 5562 2048 5641 αἱρέσεως

386 5782 433 5820 ²⁴
473 5779 598 5839 Isa.
640 5783 738 5834 XI,
780 5757 886 5813 2“-

2145 4766 2385 4816 coactus
2416 4779 2548 4816 sum
2596 4764 2898 4834 appellare
2956 4766 3270 4833 Caesarem,
3329 4781 3452 4820 non
3492 4763 3661 4836 quasi
3692 4763 3802 4818 ha-

2147 4849 2320 4906 beam
2353 4851 2424 4906 de
2468 4868 2584 4921 quo
2643 4859 2881 4924 gentem
2939 4871 3134 4909 meam
3193 4847 3489 4910 accusem.
3552 4854 3803 4924 Propter

2150 4940 2305 4995 hanc
2338 4940 2518 5013 igitur
2573 4958 2813 4997 causam
2867 4943 3139 4999 advocavi
3173 4961 3294 5009 vos,
3352 4947 3419 4998 ut
3453 4941 3716 4997 viderem
3747 4944 3807 4996 et

2152 5030 2542 5102 colloquerer.
2568 5032 2816 5104 Propter
2843 5050 3008 5105 spem
3042 5035 3201 5089 enim
3227 5032 3411 5090 Israel
3449 5038 3659 5089 catena
3687 5031 3798 5086 hac

2153 5118 2556 5175 circumdatus
2587 5139 2738 5177 sum.
2773 5125 2845 5177 At
2873 5122 2960 5176 illi
3003 5122 3280 5178 dixerunt
3335 5121 3412 5178 ad
3459 5137 3636 5176 eum:
3683 5120 3796 5174 Nos

2156 5225 2351 5279 neque
2395 5208 2625 5266 litteras
2682 5212 3024 5283 accepimus
3083 5212 3154 5268 de
3187 5218 3243 5268 te
3273 5229 3307 5268 a
3333 5211 3555 5276 Judaaa,
3613 5223 3811 5279 neque

2155 5298 2478 5354 adveniens
2511 5299 2729 5371 aliquis
2787 5302 3038 5356 fratrum
3068 5301 3364 5357 nuntiavit
3419 5306 3521 5357 aut
3574 5298 3810 5354 locutus

2159 5394 2248 5443 est
2278 5388 2506 5460 aliquid
2538 5389 2610 5445 de
2650 5397 2707 5445 te
2759 5391 2921 5446 mali.
2962 5391 3246 5448 Volumus
3277 5397 3472 5448 autem
3499 5405 3569 5444 ex
3618 5393 3674 5443 te
3705 5403 3810 5442 au-

2158 5476 2285 5532 dire
2318 5495 2449 5548 quas
2481 5480 2724 5536 sentias.
2773 5482 2916 5536 Nam
2970 5480 3044 5536 de
3102 5488 3263 5537 secta
3294 5482 3409 5536 ista
3461 5485 3669 5535 notum
3716 5480 3806 5532 est

2158 5566 2332 5622 nobis
2390 5567 2550 5640 quod
2635 5568 2855 5642 ubique
2913 5570 2967 5626 ei
3016 5570 3480 5628 contradicatur.
3538 5569 3804 5637 Cumque
