4112 6408
398 353 515 417 303

1521 336 1931 401 OECUMENII
1974 333 2288 395 TRICCJE
2329 334 2683 397 EPISCOPI

3698 330 3833 391 304

401 483 855 545 constituissent
880 478 967 534 illi
998 476 1180 540 diem,
1211 478 1508 532 venerunt
1529 472 1605 529 ad
1636 488 1774 528 eum
1804 470 1866 527 in
1908 469 2045 525 hos-

2167 464 2386 539 ταύτης,
2421 489 2662 546 γνωστον
2695 466 2837 525 ἐστιν
2870 470 3027 542 ἡμῖν,
3068 466 3155 524 ὅτι
3195 468 3482 541 πανταχοῦ
3538 460 3832 540 ἀντιλέγε-

398 578 616 651 pitium
654 571 1028 645 complures:
1062 567 1280 641 quibus
1337 564 1672 638 exponebat
1725 561 2052 618 testiﬁcans

394 649 641 738 regnum
675 662 798 722 Dei,
834 659 1211 731 suadensque
1243 657 1328 712 eis
1361 655 1432 712 de
1463 656 1600 711 Jesn
1632 670 1704 710 ex
1751 652 1879 724 lege
1911 649 2053 705 Mosi

397 762 454 810 et
492 752 800 826 prophetis
832 767 865 807 a
895 766 1069 806 mane
1110 764 1299 819 usque
1330 746 1406 802 ad
1433 760 1765 817 vesperam.
1800 743 1870 797 Et
1917 739 2054 811 qui-

394 845 533 901 dam
560 844 885 900 credebant
913 842 1008 898 his
1038 856 1171 913 quas
1215 837 1589 908 dicebantur,
1623 832 1868 907 quidam
1917 846 2054 886 vero

395 952 520 992 non
553 932 896 992 credebant.
933 953 963 982 ››

473 1120 677 1176 Sciens
707 1116 928 1174 Paulus
958 1113 1202 1172 omnino
1253 1107 1579 1168 absurdum
1635 1121 1766 1163 esse
1816 1101 2057 1177 judicio

399 1207 785 1275 contendere,
809 1206 988 1279 idque
1014 1204 1271 1261 maxime
1299 1195 1772 1273 apudinﬂdeles,
1798 1192 1871 1248 de
1892 1196 2059 1247 utro-

402 1318 520 1375 que
547 1300 962 1357 defensionem
992 1300 1184 1370 parat,
1216 1311 1291 1350 ne
1323 1308 1528 1349 eorum
1551 1304 1726 1346 aures
1755 1298 2056 1359 praeoccu-

402 1398 644 1466 pentur.
679 1392 927 1463 Propter
955 1390 1132 1456 hanc,
1164 1385 1380 1457 inquit,
1405 1397 1646 1439 causam
1665 1376 1935 1434 volebam
1955 1389 2058 1429 vos

398 1484 620 1551 videre,
649 1500 725 1539 ne
756 1483 850 1540 cui
872 1482 1082 1538 liceret
1106 1495 1201 1535 me
1222 1491 1524 1534 accusare.
1558 1474 1629 1528 Et
1658 1487 1729 1526 ea
1758 1468 1905 1524 dicit
1926 1481 2057 1537 quae

407 1572 521 1629 sibi
552 1577 760 1628 mutuo
783 1575 1304 1639 constant,nempe
1328 1583 1341 1621 :
1366 1568 1571 1620 Manus
1592 1560 1833 1616 illorum
1855 1554 2059 1612 volens

401 1663 680 1735 effugere,
714 1666 954 1717 coactus
1000 1676 1135 1715 sum
1193 1657 1486 1713 Caesarem
1545 1648 1871 1723 appellare,
1902 1642 2056 1700 186

399 1733 660 1823 non—quo
683 1751 818 1807 aliis
849 1750 1010 1806 mala
1038 1750 1339 1815 aﬂ‘errem,
1372 1743 1477 1800 sed
1507 1747 1573 1797 ut
1601 1740 1729 1812 ipse
1761 1735 1919 1793 mala
1954 1733 2058 1789 de-

401 1842 670 1897 vitarem.
708 1864 736 1892 ‹‹
778 1842 923 1896 Nam
955 1840 1026 1894 de
1059 1844 1219 1895 secta
1277 1836 1411 1901 ista,
1445 1855 1473 1884 η
1528 1836 1639 1887 etc.
1701 1826 2056 1896 Priusquam

401 1930 622 1988 Paulus
652 1932 899 1986 Romam
933 1927 1262 1993 accederet,
1288 1921 1579 1979 admoniti
1625 1922 1797 1974 erant
1844 1912 2052 1976 Judaei,

401 2037 478 2076 ne
509 2020 999 2092 praedicationem
1028 2018 1101 2071 ile
1128 2015 1359 2070 Christo
1384 2010 1778 2081 susciperent,
1802 2020 1912 2060 nec
1941 2001 2055 2073 ipsi

403 2091 535 2177 soli,
561 2110 666 2165 sed
693 2110 1035 2179 ubicunque
1060 2113 1354 2163 terrarum
1386 2099 1639 2173 dispersi
1669 2100 1851 2153 erant.
1892 2091 2058 2148 Unde

402 2204 599 2255 autem
627 2199 689 2253 id
711 2199 1096 2254 manifestum
1128 2211 1256 2250 esse
1279 2191 1500 2265 poterit
1518 2187 1725 2245 ?Nacti
1748 2200 1954 2241 sumus
1975 2182 2061 2235 in-

403 2293 493 2343 ter
522 2294 786 2345 veterum
846 2284 1299 2350 commentaria,
1333 2296 1598 2354 quonam
1632 2281 1802 2349 pacto
1862 2286 2060 2328 sacer-

392 2378 569 2434 dotes
601 2378 701 2449 qui
743 2377 1211 2448 Hierosolymam
1240 2371 1580 2428 inhabitant
1607 2382 1727 2421 una
1752 2380 1888 2419 cum
1921 2359 2058 2417 scri-

400 2468 492 2522 bis
523 2484 592 2523 ac
622 2466 957 2522 senioribus
990 2466 1218 2520 litteras
1251 2459 1642 2525 exaraverint,
1675 2471 1822 2527 quas
1846 2453 1906 2506 in
1937 2466 2060 2505 om-

406 2573 514 2611 nes
556 2562 763 2628 gentes
817 2555 890 2611 ad
948 2555 1180 2611 Judaeos
1220 2548 1684 2610 transmiserint,
1715 2543 2058 2611 ubicunque

405 2646 656 2718 dispersi
688 2651 907 2713 essent,
939 2644 1157 2700 Christi
1215 2641 1547 2697 doctrinam
1601 2632 2057 2699 calumniantes,

404 2740 691 2807 tanquam
722 2752 756 2791 a
784 2736 901 2790 Deo
933 2734 1190 2789 alienam
1216 2750 1228 2787 :
1255 2731 1697 2787 admonuerunt
1726 2726 1924 2778 autem
1956 2735 2062 2790 per

404 2825 710 2897 epistolas,
744 2842 819 2880 ne
852 2840 980 2880 eam
1001 2822 1394 2894 susciperent.
1418 2824 1609 2889 Atque
1632 2813 1887 2885 idipsum
1916 2823 2059 2864 sane

402 2914 636 2971 videtur
666 2914 833 2970 Isaiae
882 2913 1199 2986 prOphetia
1239 2910 1504 2965 indicare
1548 2921 1684 2961 cum
1734 2902 1817 2958 ait
1857 2918 1928 2957 :«
1965 2899 2059 2953 νω

402 3010 598 3073 terrm,
631 3005 868 3060 navium
891 3003 1022 3071 alae,
1056 3007 1220 3057 trans
1252 2999 1502 3054 ﬂumina
1534 2991 1863 3064 Ethiopian,
1900 2986 2059 3060 (ἀπο-

403 3091 632 3162 στέλων)
664 3094 764 3167 qui
796 3093 981 3149 mittit
1008 3108 1116 3164 per
1145 3107 1309 3146 mare
1367 3085 1606 3143 obsides
1663 3088 1725 3138 et
1774 3076 2060 3151 epistolas

397 3200 766 3258 papyraceas
798 3199 978 3253 super
1008 3197 1224 3253 aquam
1255 3179 1321 3235 ’5.
1361 3201 1387 3229 ››
1435 3181 1543 3232 Per
1572 3172 1731 3246 quod
1762 3167 2060 3242 signiﬁcat

399 3257 560 3345 quod
591 3274 750 3329 ultra
779 3272 1118 3343 Ethiopum
1150 3284 1387 3341 quoque
1418 3266 1690 3339 regiones
1742 3278 1810 3317 ac
1846 3257 2055 3315 novis-

406 3364 561 3421 sima
590 3370 765 3419 terrm
778 3363 928 3429 loca,
946 3379 1127 3417 sonus
1149 3360 1392 3416 malitiae
1413 3372 1642 3421 eorum,
1673 3353 1772 3425 qui
1798 3350 2063 3407 Iudaeam

400 3453 745 3510 inhabitant
773 3469 881 3523 per
919 3450 1190 3522 quaedam
1248 3448 1411 3503 velut
1467 3443 1777 3501 volitantia
1833 3435 2065 3509 navigia

402 3542 757 3614 processerit
786 3558 799 3596 :
833 3546 891 3596 et
923 3556 1129 3596 eorum
1162 3536 1415 3610 apOstoli
1468 3533 1750 3606 epistolas
1807 3541 2063 3601 papyre-

412 3650 547 3689 ceas
574 3632 931 3699 deterentes,
966 3638 1026 3687 et
1054 3646 1232 3702 super
1261 3644 1447 3700 aquas
1473 3626 1838 3698 navigantes,
1872 3638 2061 3678 mare-

406 3738 521 3794 que
553 3721 748 3794 ipsum
773 3720 1114 3794 implentes,
1156 3719 1376 3789 ubique
1411 3722 1701 3771 terrarum
1761 3713 2063 3768 discurre-

410 3813 579 3877 bant,
611 3826 916 3867 sermones
948 3809 1020 3866 de
1051 3810 1348 3866 Salvatore
1377 3810 1582 3863 nostro
1603 3801 2061 3861 calumniantes.

408 3902 629 3959 Iudaeis
660 3918 796 3957 vero
828 3918 989 3957 nunc
1035 3916 1271 3973 quoque
1328 3898 1514 3954 moris
1572 3900 1682 3965 est,
1736 3910 1836 3950 eos
1894 3892 1997 3965 qui
2028 3908 2063 3948 θ.

406 3992 783 4064 principibus
814 3991 1165 4064 quotidiana
1189 3989 1466 4045 deferunt
1494 3983 1790 4058 epistolia,
1822 3987 2063 4055 aposto-

405 4084 501 4139 los
523 4082 849 4155 appellare.

478 4171 733 4236 XXVIII,
774 4171 965 4226 25-31.
1027 4170 1350 4241 «Cumque
1402 4168 1560 4223 inter
1616 4181 1679 4221 se
1735 4163 2059 4220 concordes

409 4278 534 4318 non
568 4266 788 4329 essent,
822 4260 1230 4328 discedebant,
1280 4275 1469 4314 unum
1517 4256 1765 4314 verbum
1824 4254 2058 4310 dicente

405 4351 613 4407 Paulo.
673 4352 831 4407 Bene
890 4351 1145 4423 Spiritus
1205 4354 1445 4405 sanctus
1514 4347 1750 4403 locutus
1808 4351 1899 4401 est
1952 4361 2060 4416 per

402 4442 618 4497 Isaiam
677 4442 1029 4513 prOphetam
1114 4440 1189 4495 ad
1248 4447 1447 4511 patres
1505 4442 1741 4493 nostros
1799 4435 2054 4491 dicens:

402 4530 560 4587 Vade
591 4531 665 4586 ad
697 4530 984 4603 papulum
1016 4530 1220 4591 istum,
1249 4534 1308 4583 et
1332 4528 1426 4584 dic
1456 4545 1469 4582 :
1514 4526 1770 4582 Auribus
1800 4524 2054 4581 audietis

2163 577 2271 614 ται.
2323 558 2620 632 Ταξάμενοι
2680 556 2761 633 δὲ,
2792 559 2944 632 αύτῷ
2991 560 3228 633 ἡμέραν,
3277 559 3412 626 ἧκον
3466 555 3602 631 πρὸς
3658 553 3833 609 αὐτὸν

2166 646 2242 711 εἰς
2277 648 2376 718 τήν
2434 648 2606 722 ξενίαν
2662 647 2935 719 πλείονες,
2983 649 3063 712 οἷς
3123 648 3382 720 ἐξετίθετο
3451 643 3834 722 διαμαρτυρό-

2170 757 2329 810 μενος
2399 739 2499 808 τήν
2560 739 2840 816 βασιλείαν
2897 743 2995 815 τοῦ
3043 742 3200 808 Θεοῦ,
3255 738 3455 793 πείθῶν
3511 757 3571 792 τε
3626 733 3837 794 αὐτοὺς

2165 827 2233 881 τά
2263 826 2387 903 περὶ
2414 832 2511 884 τοῦ
2539 831 2723 900 Ἰησοῦ
2780 826 2887 884 ἀπὸ
2927 850 2986 885 τε
3040 833 3137 885 τοῦ
3194 828 3367 902 νόμου
3426 824 3670 887 Μωσέως
3723 822 3832 879 καὶ

2164 920 2272 971 τῶν
2305 923 2627 997 προφητῶν,
2659 918 2768 974 ἀπό
2812 917 2961 995 πρωΐ
3009 915 3113 981 ἓως
3169 915 3420 992 ἑσπέρας.
3468 914 3574 973 Καὶ
3632 914 3685 969 οὶ
3722 912 3833 988 μὲν

2168 1003 2444 1062 ἐπείθοντο
2473 1013 2592 1070 τοῖς
2627 1007 2975 1085 λεγομένοις,
3018 1008 3070 1062 οἱ
3102 1003 3160 1062 δὲ
3184 1005 3472 1077 ἡπίστουι.
3507 1026 3536 1056 ››

2242 1093 2418 1160 Εἰδὼς
2450 1099 2478 1153 ὁ
2510 1098 2725 1162 Παῦλος
2751 1097 2834 1154 ὅτι
2883 1097 3086 1154 ἄτοπον
3144 1097 3211 1168 ἦν
3271 1096 3421 1159 ὅλως
3477 1094 3541 1151 τὸ
3599 1090 3842 1149 δικάσα-

2169 1187 2313 1257 σθαι,
2344 1188 2436 1244 καὶ
2479 1188 2719 1264 μάλιστα
2781 1189 2929 1265 παρὰ
2982 1188 3261 1260 ἀπίστοις,
3314 1185 3441 1262 περὶ
3496 1181 3840 1266 ἀμφοτέρων

2170 1278 2548 1356 ἀπολογεῖται,
2583 1279 2722 1336 ὥστε
2757 1282 2832 1356 μή
2865 1278 3258 1360 προληφθῆναι
3288 1280 3467 1334 αὐτῶν
3502 1276 3599 1339 τὰς
3629 1275 3837 1337 ἀκοάς.

2171 1368 2270 1424 Διᾶ
2301 1369 2507 1442 ταύτην
2550 1369 2680 1446 γὰρ,
2739 1370 2895 1450 φησὶ,
2950 1370 3050 1439 τήν
3098 1368 3272 1425 αἰτίαν
3334 1361 3650 1440 ἐϐουλόμην
3685 1364 3842 1437 ὑμᾶς

2122 1446 2138 1497 ί
2170 1454 2322 1530 ἰδεῖν,
2350 1457 2490 1514 ὥστε
2522 1461 2599 1533 μή
2633 1446 2825 1531 ἐξεῖντί
2855 1480 2959 1516 τινι
3016 1461 3359 1536 κατηγορεῖν.
3418 1456 3516 1512 Καὶ
3576 1455 3644 1510 τὰ
3684 1473 3840 1528 παρ-

2174 1547 2431 1622 ιστάμενα
2462 1549 2631 1625 Λέγει,
2664 1548 2749 1605 δτι
2781 1546 2873 1620 δὴ*
2920 1549 3028 1614 Τὰς
3059 1555 3250 1629 χεῖρας
3306 1548 3484 1603 αὐτῶν
3544 1541 3836 1622 διαφυγεῖν

2171 1635 2511 1713 βουλόμενος
2546 1682 2562 1710 ,
2614 1638 2964 1715 ἠναγκάσθην
3018 1636 3442 1694 ἐπικαλέσασθαι
3522 1640 3773 1708 Καισαρα
3809 1674 3831 1704 ,

2168 1725 2276 1802 οὐχ
2298 1727 2375 1791 ὡς
2406 1726 2610 1803 ἑτέροις
2641 1725 2825 1792 διδοὺς
2853 1729 3014 1803 κακά,
3048 1728 3197 1786 ἀλλὰ
3225 1727 3385 1792 αὐτὸς
3417 1724 3627 1806 φεύγων
3656 1725 3830 1780 κακά.

2089 1857 2133 1923 Β
2169 1842 2196 1871 ‹‹
2233 1818 2361 1923 Hegi
2396 1827 2492 1893 μὲν
2524 1819 2630 1898 γὰρ
2658 1827 2760 1891 τῆς
2790 1820 3048 1895 αἱρέσεως
3079 1819 3304 1890 ταύτης,
3333 1843 3361 1871 ››
3402 1816 3493 1873 καί
3549 1815 3617 1872 τὰ
3673 1815 3832 1885 ἑξῆς.

2169 1908 2307 1983 Πρὶν
2338 1907 2683 1981 ἐπιδημῆσαι
2712 1909 2931 1966 Παῦλον
2987 1909 3039 1966 ἐν
3096 1913 3166 1984 τῇ
3225 1908 3439 1982 Ῥώμῃ,
3497 1902 3835 1981 παρηγγελ-

2172 1993 2321 2069 μένοι
2352 1997 2488 2066 ἦσαν
2550 1999 2602 2053 οἱ
2647 1995 2926 2072 Ἰουδαῖοι,
2988 1999 3066 2073 μη
3126 1995 3523 2075 παραδέξασθαι
3581 1997 3644 2051 τὸ
3700 1996 3842 2068 περὶ

2167 2086 2406 2160 Χριστοῦ
2454 2089 2739 2163 κήρυγμα,
2799 2088 2898 2144 οὐκ
2930 2087 3086 2144 αὐτοὶ
3119 2086 3177 2143 δὲ
3208 2088 3389 2162 μόνοι,
3444 2084 3590 2141 ἀλλὰ
3641 2083 3732 2139 καὶ
3765 2084 3838 2138 οἳ

2168 2181 2451 2256 πανταχοῦ
2494 2185 2613 2254 γῆς.
2678 2180 2846 2234 Πόθεν
2904 2176 2962 2233 δὲ
3014 2175 3234 2247 δὴλονς
3296 2176 3541 2253 Εὕρομεν
3601 2173 3652 2229 ἐν
3708 2178 3843 2236 τοῖς

2164 2270 2273 2322 τῶν
2304 2265 2552 2322 παλαιῶν
2583 2268 3027 2345 συγγράμμασιν,
3063 2269 3139 2329 ὡς
3178 2269 3230 2322 οἱ
3296 2268 3395 2337 τὴν
3457 2262 3842 2342 Ἰερουσαλὴμ.

2169 2354 2442 2418 οἰκοῦντες
2528 2356 2691 2432 ἱερεῖς
2764 2357 2854 2411 καὶ
2921 2361 3267 2434 γραμματεῖς
3320 2355 3409 2410 καὶ
3465 2348 3839 2430 πρεσϐύτεροι

2167 2447 2463 2519 γράμματα
2496 2443 2941 2523 διαχαράεαντες,
2974 2446 3051 2510 εἷς
3101 2446 3273 2501 πάντα
3331 2442 3699 2518 διε-πέμψαντί)
3755 2442 3837 2497 τὰ

2168 2530 2292 2605 ἔθνη
2345 2541 2462 2597 τοῖς
2521 2537 2836 2612 ἁπανταχοῦ
2897 2534 3205 2607 Ἰουδαίοις,
3276 2529 3666 2594 διαϐάλλοντες
3725 2532 3838 2601 τὴν

2168 2628 2263 2679 τοῦ
2295 2627 2531 2700 Χριστοῦ
2590 2623 2964 2697 διδασκαλίαν,
3024 2627 3098 2688 ὡς
3152 2624 3450 2701 ἀλλοτρίαν
3508 2628 3606 2679 τοῦ
3663 2626 3833 2693 Θεοῦ,

2168 2712 2552 2790 παρήγγελλόν
2584 2735 2642 2771 τε
2690 2711 2763 2770 δι’
2808 2713 3112 2771 ἐπιστολῶν
3165 2715 3241 2789 μὴ
3300 2710 3692 2788 παραδέξασθαι
3725 2710 3829 2766 αύ-

2167 2804 2289 2873 τὴν.
2321 2806 2498 2861 Τοῦτο
2540 2801 2607 2875 δὴ
2641 2804 2772 2861 αὐτὸ
2820 2804 3102 2879 σημαίνειν
3165 2803 3309 2859 ἔοικε
3366 2803 3457 2858 καὶ
3513 2804 3549 2873 ἡ
3593 2799 3826 2876 λέγουσα

2169 2893 2476 2972 προφητεία
2504 2891 2752 2950 Ἡσαΐου·
2819 2918 2848 2948 ι(
2880 2895 3018 2953 Οὐαὶ
3074 2901 3203 2972 γῆς,
3261 2890 3479 2950 πλοίων
3535 2891 3815 2966 πτέρυγες,

2171 2981 2411 3039 ἐπέκεινα
2436 2988 2698 3057 ποταμῶν
2731 2983 3037 3055 Αἰθιοπίας,
3070 2981 3428 3040 ἀποστέλλων
3481 2980 3533 3036 ἐν
3577 2976 3816 3053 θαλάσσῃ

2171 3073 2377 3150 ὅμηρα,
2410 3074 2501 3128 καὶ
2546 3072 2841 3137 ἐπιστολὰς
2879 3069 3141 3149 βυϐλίνας
3169 3072 3349 3130 ἐπάνω
3406 3075 3503 3128 τοῦ
3555 3067 3765 3129 ὕδατος.
3794 3090 3827 3120 »

2173 3165 2250 3220 Δι’
2283 3162 2345 3219 οῦ
2372 3164 2628 3239 σημαίνει
2661 3164 2736 3228 ὡς
2775 3164 2867 3220 καὶ
2924 3167 3089 3240 πὲραν
3147 3169 3248 3234 τῆς
3307 3162 3581 3227 Αἰθιόπων
3631 3160 3830 3234 χώρας

2087 3227 2131 3291 C
2172 3250 2263 3305 καὶ
2294 3255 2401 3305 τῶν
2434 3227 2704 3328 έσχατιῶν
2760 3254 2858 3321 τῆς
2910 3227 3013 3328 γῆς
3062 3252 3090 3306 ὁ
3118 3227 3219 3317 τῆς
3250 3249 3521 3326 πονηρίας
3549 3227 3694 3323 ἦχος
3719 3227 3835 3300 ita"

2167 3342 2267 3409 τὴν
2301 3337 2568 3396 Ἰουδαίαν
2591 3340 2889 3398 οἰκούντων
2920 3340 3010 3397 διά
3055 3362 3215 3397 τινων
3278 3341 3464 3420 ὥιρπερ
3521 3339 3839 3410 ἱπταμὲνιυν

2170 3428 2380 3484 πλοίων
2414 3428 2715 3505 προῆλθεν,
2746 3429 2799 3486 ο¹ί
2833 3451 2893 3486 τε
2949 3429 3252 3486 ἀπόστολοι
3310 3430 3487 3485 αὐτῶν
3534 3425 3838 3488 ἐπιστολὰς

2175 3514 2438 3594 βυϐλίνας
2495 3518 2930 3594 ἐπικομιζόνενοι
2965 3567 2981 3592 ,
3041 3521 3288 3597 ὑπεράνω
3337 3541 3394 3575 τε
3444 3522 3552 3574 τῶν
3616 3514 3838 3573 ὑδάτων

2170 3608 2634 3683 ναυτιλλόμενοι,
2684 3611 2773 3665 καὶ
2829 3613 2898 3680 τή
2978 3609 3249 3666 θάλασσαν
3297 3608 3647 3684 ἐμπλέοντες,
3697 3627 3836 3661 παν-

2167 3701 2345 3772 ταχοῦ
2375 3702 2478 3775 γῆς
2515 3696 2941 3775 διὲτρεχον,τὸν
3001 3700 3126 3776 περὶ
3185 3703 3282 3754 τοῦ
3340 3704 3604 3772 Σωτῆρος
3663 3698 3834 3769 ἡμῶν

2170 3783 2561 3851 διαϐάλλοντες
2620 3787 2809 3865 λόγον.
2843 3787 3214 3851 Ἀποστόλους
3249 3786 3306 3844 δὲ
3358 3787 3521 3843 εἲσέτι
3581 3786 3669 3841 οιαὶ
3728 3788 3826 3841 νῦν

2169 3871 2289 3943 ἔθος
2322 3878 2463 3934 ἐστὶν
2522 3876 2807 3942 Ἰουδαίοις
2847 3880 3129 3953 ὀνομάζειν
3190 3877 3319 3940 τοὺς
3368 3876 3597 3954 ἐγκύλια
3650 3873 3829 3951 γράμ-

2172 3988 2317 4042 ματα
2346 3968 2494 4043 παρά
2519 3972 2629 4023 τῶν
2653 3967 2937 4045 ἀρχόντων
2971 3968 3145 4024 αὐτῶν
3178 3964 3694 4042 ἐπικομιζομένους.

2240 4173 2268 4199 (ι
2302 4147 2658 4227 ’Δσύμφωνοι
2689 4146 2747 4205 δὲ
2776 4143 2927 4213 ὄντες
2958 4150 3098 4226 πρὸς
3145 4146 3456 4220 ἀλλήλους,
3490 4142 3819 4214 ἀπελύοντο,

2167 4237 2415 4303 εἰπόντος
2483 4243 2581 4296 τοῦ
2656 4237 2808 4296 Παύλ
2847 4262 2877 4295 υ
2962 4247 3114 4317 ρῆμα
3195 4236 3271 4297 ἓν.
3328 4240 3452 4297 ’Ότι
3512 4235 3695 4298 καλῶς
3747 4234 3819 4290 τὸ

2166 4332 2385 4403 Πνεῦμα
2421 4330 2483 4385 τὸ
2539 4330 2691 4406 ἅγιον
2743 4328 2981 4402 ἐλάλησε
3037 4327 3128 4385 διὰ
3163 4329 3387 4387 Ἠσαίου
3444 4332 3543 4384 τοῦ
3603 4326 3829 4402 προφή-

2172 4422 2270 4474 τοῦ
2326 4419 2465 4494 πρὸς
2545 4420 2673 4482 τοὺς
2726 4419 2963 4495 πατέρας
3022 4421 3208 4493 ἡμῶν,
3259 4418 3442 4494 λέγον⁸
3502 4416 3822 4491 Πορεύθητι

2163 4511 2299 4585 πρὸς
2328 4510 2420 4566 τὸν
2444 4507 2575 4565 λαὸν
2606 4514 2822 4583 τοῦτον,
2845 4514 2936 4565 καί
2992 4508 3127 4565 είπέ·
3193 4512 3358 4584 Ἀκοῇ
3407 4506 3665 4566 ἀκούσετε
3721 4506 3818 4561 καὶ

397 4630 458 4681 et
495 4642 617 4681 non
670 4596 1041 4698 intelligetis,
1095 4629 1154 4677 et
1200 4621 1468 4678 videntes
1523 4619 1799 4676 videbitis
1845 4623 1904 4675 et
1932 4634 2052 4673 non

2167 4600 2227 4655 ού
2261 4602 2337 4676 μή
2388 4608 2608 4671 συνῆτε,
2666 4601 2758 4657 καί
2819 4599 3114 4678 βλέποντες
3168 4599 3401 4678 βλέψετε
3455 4598 3546 4654 καὶ
3604 4596 3671 4652 ού
3733 4597 3813 4669 μὴ

389 4715 755 4788 perpiciatis.
843 4717 1244 4770 lncrassatum
1328 4718 1421 4767 est
1467 4711 1627 4767 enim
1675 4726 1778 4766 cor
1841 4707 2046 4781 populi

388 4804 587 4878 hujus,
632 4811 691 4862 et
737 4805 985 4862 auribus
1042 4803 1297 4876 graviter
1355 4801 1722 4869 audierunt,
1787 4813 2045 4871 suosque

386 4894 592 4949 oculos
652 4896 1017 4960 clauserunt,
1067 4910 1144 4949 ne
1173 4890 1413 4964 quando
1468 4889 1710 4945 videant
1764 4887 1955 4944 oculis
1986 4891 2046 4942 et

390 4983 640 5040 auribus
699 4983 965 5051 audiant,
1029 4981 1321 5049 et_corde
1378 4979 1739 5051 intelligant,
1790 4983 1850 5033 et
1899 4992 2043 5032 con-

384 5078 696 5127 vertantur
726 5078 785 5127 et
812 5089 1018 5128 sanem
1079 5088 1200 5127 eos.
1258 5072 1470 5126 Notum
1524 5083 1662 5140 ergo
1718 5066 1797 5121 sit
1851 5064 2038 5133 vobis,

389 5161 551 5231 quod
582 5162 857 5232 gentibus
898 5163 1149 5217 missum
1202 5164 1294 5216 est
1349 5158 1463 5214 hoc
1514 5156 1775 5213 salutare
1825 5155 1951 5221 Dei,
1984 5159 2043 5210 et

382 5249 497 5321 ipsi
522 5250 786 5306 audient.
813 5251 1079 5322 Cumque
1110 5250 1235 5304 haec
1266 5248 1534 5315 dixisset,
1558 5244 1778 5319 egressi
1804 5248 1943 5300 sunt
1965 5243 2038 5300 ab

383 5356 452 5395 eo
482 5340 689 5407 Judaei,
725 5341 974 5395 multam
1008 5338 1294 5395 habentes
1325 5338 1483 5392 inter
1541 5352 1602 5390 se
1653 5333 2037 5406 disceptatio-

378 5443 540 5484 nem.
575 5429 722 5485 187
760 5429 1188 5485 Mansitautem
1240 5427 1460 5483 Paulus
1510 5424 1755 5481 biennio
1790 5429 1912 5479 toto
1970 5425 2033 5480 in

375 5534 484 5575 suo
516 5518 809 5576 conducto
835 5538 849 5577 :
874 5526 935 5576 et
972 5518 1335 5591 suscipiebat
1363 5532 1573 5575 omnes
1603 5515 1705 5588 qui
1731 5513 2030 5588 ingredie-

442 5700 492 5743 "
519 5704 628 5762 Isr.
663 5717 826 5773 xvm,
858 5701 911 5775 1,
933 5703 987 5759 2.

2157 4688 2329 4762 ἴδητε.
2365 4689 2678 4766 Ἐπαχύνθη
2739 4691 2845 4767 γὰρ
2893 4693 2928 4761 ἡ
2986 4687 3185 4768 καρδία
3239 4694 3335 4747 τοῦ
3394 4688 3534 4745 λαοῦ
3582 4686 3811 4755 τούτου,

2154 4781 2242 4837 καὶ
2268 4786 2386 4843 τοῖς
2428 4780 2532 4836 ὠσὶ
2593 4782 2801 4858 βαρέως
2852 4778 3113 4851 ἤκουσαν·
3155 4781 3284 4844 τοὺς
3336 4776 3654 4857 ὀφθαλμοὺς
3709 4776 3817 4831 αύ-

2152 4874 2259 4926 τῶν
2317 4869 2635 4945 ἐκάμμυσαν
2671 4913 2685 4939 ,
2748 4872 2824 4942 μή
2907 4891 3040 4927 ποτε
3085 4867 3246 4927 ἴδωσι
3303 4873 3420 4932 τοῖς
3471 4865 3817 4945 ὀφθαλμοῖς,

2151 4960 2243 5015 καὶ
2287 4964 2405 5022 τοῖς
2464 4958 2599 5016 ὠσὶν
2647 4958 2970 5033 ἀκούσωσι,
3049 4959 3141 5016 καὶ
3198 4962 3268 5034 τῇ
3328 4955 3525 5035 καρδία
3582 4974 3813 5026 συνωσι,

2150 5050 2243 5106 καὶ
2272 5047 2659 5127 ἐπιστρέψωσι,
2698 5051 2789 5106 καὶ
2848 5049 3090 5125 ἷάσωμαι
3138 5049 3355 5113 αὐτούς’
3416 5047 3659 5105 Γνωστὸν
3710 5043 3810 5100 οῦν

2150 5136 2459 5213 ἕστωὺμῖν,
2491 5139 2577 5196 ὅτι
2630 5138 2759 5204 τοὺς
2820 5136 3024 5206 ἔθνεσιν
3081 5138 3360 5210 ἀπεστάλη
3416 5139 3480 5193 τὸ
3531 5137 3809 5209 σωτήριον

2148 5234 2245 5286 τοῦ
2287 5234 2448 5301 Θεοῦ,
2505 5229 2664 5286 αὐτοὶ
2706 5231 2799 5286 καὶ
2857 5230 3198 5287 ἀκούσονται.
3259 5229 3358 5285 Καὶ
3413 5231 3584 5284 ταῦτα
3637 5223 3811 5280 αὐτοῦ

2147 5318 2417 5390 εἰπόντος,
2475 5317 2726 5389 ἀπῆλθον
2776 5320 2828 5375 οἱ
2877 5316 3406 5394 Ἰουδαῖομπολλὴν
3464 5315 3686 5393 ἔχοντες
3743 5310 3804 5369 ἦν

2144 5410 2356 5473 ἑαυτοῖς
2413 5411 2710 5481 συζήτησιν
2747 5452 2761 5468 .
2831 5412 3054 5484 Ἔμεινε
3131 5406 3188 5465 δὲ
3236 5411 3263 5465 ὁ
3321 5406 3539 5471 Παῦλος
3602 5402 3811 5461 διετίαν

2139 5498 2280 5572 ὅλην
2338 5499 2391 5557 ἂν
2469 5497 2594 5576 ἰδίῳ
2680 5502 3018 5577 μιστώματι.
3062 5499 3169 5559 Καὶ
3226 5495 3529 5580 ἀπεδέχετο
3586 5496 3801 5559 πάντας
