4112 6404
264 497 378 559 305

1292 496 1707 561 COMMENT.
1753 500 1831 561 IN
1880 502 2084 563 ACTA
2127 497 2743 564 APOSTOLORUM.

3591 510 3712 571 306

265 628 393 695 τοῦς
419 626 937 705 εἶπορεόομένους
967 630 1103 709 πρὸς
1134 629 1320 703 αὐτὸν,
1360 632 1651 709 κηρύσσων
1702 633 1802 703 τὴν
1840 635 1934 710 βα⁴

2059 634 2281 692 bantur
2307 635 2381 693 ad
2411 634 2609 709 ipsum
2637 652 2650 693 :
2682 634 3016 709 praedicans
3045 654 3301 712 regnum
3332 639 3459 709 Dei,
3506 657 3575 699 ac
3606 643 3714 700 da-

274 721 477 779 σιλείαν
504 725 607 777 τοῦ
638 719 802 790 Θεοῦ,
833 723 928 778 καὶ
964 719 1232 779 διδάσκων
1289 724 1358 779 τὰ
1412 723 1537 801 περὶ
1593 728 1696 781 τοῦ
1742 724 1944 801 Κυρίου

280 815 459 885 Ἰησοῦ
494 812 636 886 μετᾶ
667 814 856 881 πάσης
888 811 1199 889 παρρησίας
1239 813 1562 876 ἀκωλύτως.
1596 838 1625 866 ››

344 928 373 955 ι(
414 903 495 961 Τὸ
529 907 757 977 Πνεῦμα
781 903 848 958 τὸ
894 902 1054 978 ἅγιον
1111 901 1353 974 ἒλάλησε
1409 901 1500 959 διὰ
1552 904 1788 961 ιΗσαίου
1845 907 1943 960 τοῦ

276 998 598 1075 προφήτου,
639 1020 659 1046 ι
697 995 792 1051 καὶ
820 997 890 1051 τὰ
921 996 1064 1066 ἑξῆς.
1107 997 1243 1060 Τοῖς
1289 995 1563 1071 ὑπουργὸν
1595 994 1818 1071 λέγουσι
1847 1000 1944 1052 τοῦ

278 1087 492 1162 Πατρός
520 1087 588 1141 τὸ
623 1090 848 1158 Πνεῦμα
875 1086 940 1140 τὸ
971 1084 1127 1162 ἅγιον
1178 1085 1207 1140 ὁ
1268 1083 1481 1149 Παῦλος
1538 1084 1766 1151 ἐνταῦθα
1822 1107 1946 1142 και-

275 1176 391 1255 ρίαν
423 1171 625 1231 δίδωσι
660 1172 914 1249 πληγήν.
946 1174 1053 1230 Τὸν
1109 1174 1214 1249 γὰρ
1274 1173 1469 1250 Κύριον
1497 1175 1588 1230 τὸν
1632 1176 1940 1249 καθήμενον

272 1265 361 1322 ἐπὶ
389 1264 596 1341 θρόνου
634 1263 859 1340 ὑψηλοῦ
883 1264 974 1319 καὶ
1024 1264 1358 1339 ἐπηρμένου,
1417 1264 1476 1319 δν
1532 1262 1669 1320 εἶδεν
1702 1266 1940 1338 Ἦσαῖας,

267 1354 375 1411 ὧδε
404 1353 559 1429 λέγει
603 1354 669 1410 τὸ
699 1359 916 1427 Πνεῦμα
964 1353 1027 1409 τὸ
1084 1353 1256 1427 ἅγιον.
1314 1353 1638 1427 Ὡμοούσιον
1673 1354 1773 1431 γάρ
1829 1353 1942 1412 ἐστι

263 1451 341 1519 τῷ
372 1444 555 1520 Πατρὶ
586 1444 680 1499 καὶ
708 1448 790 1517 τῷ
819 1443 953 1516 Υἱῷ,
983 1442 1074 1498 καὶ
1101 1445 1202 1513 τῆς
1232 1441 1359 1514 ἴσης
1408 1442 1649 1515 ἐξουσίας
1699 1446 1939 1521 μετέχει.

268 1537 370 1595 Καὶ
423 1539 596 1591 τοῦτο
657 1533 722 1588 τὸ
817 1531 984 1607 ῥητὸν
1065 1533 1155 1589 τὸν
1239 1536 1530 1611 προφήτην
1615 1534 1691 1599 ὡς
1759 1535 1938 1592 θεόθεν

282 1625 767 1705 ἀποφθεγγόμενον
817 1622 943 1698 περὶ
1000 1627 1108 1679 τῶν
1174 1624 1311 1680 κατὰ
1352 1626 1444 1680 τὸν
1502 1626 1712 1696 Ἰησοῦν
1762 1624 1937 1701 λέγειν

293 1715 702 1791 παρασκευάζει,
765 1711 989 1789 ἐπείπερ
1046 1712 1275 1784 ἤκουσεν
1337 1714 1365 1771 ὁ
1424 1712 1560 1777 λαὸς
1616 1719 1721 1770 τῶν
1757 1715 1940 1786 Ἰησοῦ

300 1804 505 1882 λόγων,
534 1804 615 1859 καί
647 1804 715 1859 οὐ
749 1810 968 1873 συνῆκε,
999 1802 1089 1859 καὶ
1145 1803 1363 1880 βλέπων
1421 1806 1487 1860 τὰ
1542 1804 1631 1860 ὑπ’
1662 1805 1831 1861 αὐτοῦ
1860 1828 1942 1881 γι-

300 1897 498 1969 νόμενα
524 1894 799 1969 τεράστια,
833 1891 942 1973 οὐχ
971 1892 1141 1969 ἑώρα.
1175 1892 1275 1955 Εἰς
1300 1892 1576 1967 μέλλοντα
1605 1894 1710 1971 γὰρ
1741 1894 1942 1971 χρόνον

294 1983 546 2061 ἑγκλίνων
571 1984 637 2040 τὸ
670 1982 862 2059 ῥητὸν,
896 1982 1144 2058 ἐμφαίνει
1172 1983 1273 2054 τὴν
1306 1983 1382 2046 εἷς
1419 1984 1674 2061 ὑστέρους
1702 1986 1937 2061 χρόνους

278 2079 384 2131 τῶν
403 2071 906 2153 προφητευομένων
959 2071 1250 2153 ἀναφοράν.
1313 2072 1515 2129 Σκόπει
1574 2071 1632 2129 δὲ
1685 2076 1785 2142 τὴν
1839 2078 1936 2130 τοῦ

268 2164 592 2237 ηνεύματος
624 2157 903 2239 ἀκρίϐειαν
964 2161 1080 2220 Οὐκ
1104 2161 1243 2231 εἶπε,
1297 2164 1394 2220 Καὶ
1454 2161 1623 2236 οὐμή
1686 2161 1935 2240 βλέψετε,

264 2254 423 2323 ἀλλ’,
455 2254 546 2309 δτι
579 2252 855 2328 Βλέψητε,
881 2252 973 2307 καὶ
1007 2252 1072 2307 οὐ
1108 2253 1185 2326 μή
1227 2250 1402 2323 ἴδητε.
1454 2251 1619 2325 Οὐδὲ,
1680 2253 1765 2310 ’ὁτι
1822 2254 1939 2312 Οὐκ

260 2344 592 2412 ἀκούσεσθε,
627 2339 758 2397 ἄλλ’
805 2339 889 2397 ὅτι
943 2339 1245 2414 ’Λκούσετε,
1299 2343 1390 2397 καὶ
1447 2341 1514 2397 οὐ
1583 2344 1661 2417 μή
1717 2351 1932 2415 συνῆτε,

255 2435 439 2494 Αὐτοὶ
472 2432 704 2493 ἑαυτοὺς
724 2430 949 2512 ἀφεῖλον
979 2435 1221 2508 πρῶτον,
1254 2432 1321 2489 τὰ
1344 2434 1457 2490 ὦτα
1491 2433 1769 2510 βύσαντες,
1807 2435 1936 2499 τοὺς

255 2524 599 2610 ὀφθαλμοὺς
657 2525 1057 2599 καμμύσαντες,
1124 2526 1226 2595 τὴν
1291 2522 1516 2602 καρδίαν
1581 2525 1930 2601 βαρύναντες.

254 2621 339 2679 Οὐ
372 2618 483 2697 γὰρ
522 2618 695 2690 μόνον
726 2614 830 2670 οὐκ
856 2612 1084 2687 ἤκουον,
1116 2613 1264 2671 ἀλλᾶ
1309 2615 1402 2671 καὶ
1463 2614 1674 2691 βαρέως
1702 2615 1929 2686 ἤκουον.

257 2707 575 2779 Ἐποίησαν
620 2703 681 2761 δὲ
707 2708 892 2777 τοῦτο,
924 2704 1081 2785 φησὶ,
1119 2706 1194 2779 μή
1227 2726 1361 2761 ποτε
1417 2704 1782 2782 ἑπιστρέψωσι
1839 2705 1929 2762 καὶ

256 2799 519 2871 ἰάσωμαι
551 2796 774 2865 αὐτοὺς,
802 2794 1192 2869 ἐπιτεταμένην
1250 2793 1427 2852 αὐτῶν
1479 2794 1654 2873 λέγων
1693 2796 1793 2865 τήν
1824 2816 1928 2851 πο-

251 2889 460 2965 νηρίαν
494 2886 591 2943 καὶ
625 2887 763 2959 μετὰ
784 2882 1027 2955 σπουδῆς
1054 2884 1439 2961 ἀποστροφήν.
1492 2885 1596 2943 Καὶ
1642 2889 1806 2942 τοῦτο
1838 2882 1928 2941 λέ-

251 2999 337 3056 γει
371 2974 758 3058 ἐφελκόμενος
786 2975 877 3031 καὶ
910 2972 1185 3049 ἐρεθίζων,
1207 2974 1298 3030 καὶ
1331 2972 1563 3044 δεικνὺς,
1597 2974 1682 3030 ’ὁτι
1712 2974 1772 3030 ἃν
1805 2974 1926 3032 ἐπι-

259 3068 595 3143 στρέψωσιν,
625 3064 834 3120 ἰάσεται
866 3062 1086 3126 αὐτούς.
1120 3064 1315 3120 Ἰστέον
1348 3061 1405 3121 δὲ
1431 3065 1515 3120 ’ὀτι
1542 3064 1709 3145 μέχρι
1729 3064 1926 3121 τούτου

262 3157 471 3233 ἱστορεῖ
490 3158 715 3218 Λουκᾶς
742 3154 811 3210 τὰ
837 3154 961 3227 περὶ
992 3153 1085 3209 τὸν
1138 3154 1401 3229 μακάριον
1461 3152 1676 3210 Παῦλον
1711 3154 1762 3209 ἐν
1807 3159 1925 3217 ταῖς

265 3248 496 3322 Πριὶξεσι
527 3250 642 3301 τῶν
676 3242 1023 3315 ἀποστόλων,
1063 3246 1182 3299 κατ’
1237 3242 1411 3299 ἐκεῖνο
1461 3247 1656 3319 καιροῦ
1711 3244 1774 3299 τὸ
1835 3245 1925 3319 βι-

265 3333 420 3393 ϐλίον
478 3335 969 3413 συγγραψάμενος,
1020 3333 1110 3389 καὶ
1181 3332 1252 3388 τὰ
1302 3335 1532 3407 καθεξῆς
1588 3334 1780 3403 ἣκιστα
1834 3353 1926 3409 γι-

2055 742 2197 782 cens
2229 726 2300 781 de
2337 727 2586 782 Domina
2617 728 2754 782 Jesu
2786 743 2921 783 cum
2964 730 3128 784 omni
3178 729 3415 799 ﬁducia,
3466 733 3710 789 nemine

2054 814 2438 886 prohibente.
2473 836 2501 864 n

2128 926 2158 954 «
2184 904 2439 976 Spiritus
2469 910 2714 961 sanctus
2742 905 2977 962 locutus
3025 910 3116 963 est
3160 923 3267 980 per
3316 909 3531 965 Isaiam
3561 926 3703 982 pro-

2053 994 2318 1066 phetam,
2353 1016 2381 1045 »
2416 1001 2527 1051 etc.
2570 997 2683 1050 Eos
2714 996 2814 1067 qui
2866 996 3148 1068 Spiritum
3199 1004 3469 1054 sanctum
3514 1001 3705 1057 Patris

2053 1083 2263 1140 dicunt
2284 1101 2413 1141 esse
2442 1085 2784 1141 ministrum
2804 1087 3025 1142 Paulus
3047 1087 3294 1143 vulnere
3316 1087 3454 1143 ferit
3474 1088 3700 1146 lethali.

2055 1173 2360 1245 Siquidem
2392 1191 2527 1230 eum
2550 1192 2729 1247 quem
2761 1176 2908 1231 vidit
2934 1177 3119 1232 Isaias
3152 1178 3470 1234 Dominum
3500 1179 3707 1235 seden-

2055 1268 2172 1319 tem
2198 1281 2377 1337 super
2407 1265 2691 1321 thronum
2734 1265 3036 1322 excelsum
3089 1272 3149 1322 et
3178 1267 3493 1336 elevatum,
3544 1274 3713 1325 vocat

2052 1354 2164 1409 hoc
2190 1354 2320 1410 loco
2343 1355 2630 1427 Spiritum
2661 1362 2954 1411 sanctum.
2982 1356 3265 1428 Ejusdem
3294 1374 3552 1430 namque
3573 1360 3709 1414 sub-

2054 1447 2286 1503 stantiae
2318 1453 2409 1503 est
2437 1464 2573 1503 cum
2604 1449 2776 1504 Patre
2806 1455 2864 1503 et
2893 1449 3063 1516 Filio,
3098 1455 3158 1505 et
3186 1450 3479 1521 aequalem
3525 1449 3707 1506 simul

2049 1533 2320 1607 possidet
2349 1541 2725 1609 potestatem.
2762 1539 2832 1592 Et
2881 1537 2993 1593 hoc
3039 1537 3265 1594 dictum
3313 1539 3528 1594 asserit
3557 1556 3707 1612 pra-

2050 1625 2293 1697 phetam
2325 1624 2607 1681 divinitus
2624 1625 2888 1682 locutum
2902 1626 2973 1682 de
2985 1627 3127 1683 Iesu
3140 1626 3359 1684 dixisse
3381 1646 3393 1683 :
3422 1630 3703 1701 quando-

2050 1713 2294 1786 quidem
2325 1713 2549 1771 audivit
2577 1715 2834 1787 populus
2866 1733 3173 1772 sermones
3202 1718 3362 1786 Iesu,
3382 1724 3577 1775 etnon
3608 1720 3702 1776 in-

2049 1803 2276 1859 tellexit
2302 1820 2314 1859 :
2348 1820 2602 1876 cumque
2633 1804 2858 1860 videret
2877 1805 3168 1880 prodigia,
3200 1824 3332 1879 quas
3364 1807 3435 1864 ab
3469 1825 3535 1864 eo
3560 1809 3693 1865 ede-

2050 1892 2287 1964 bantur,
2340 1910 2458 1949 non
2509 1894 2924 1966 perspiciebat.
2962 1897 3107 1952 Nam
3156 1896 3382 1953 dictum
3421 1896 3573 1953 illud
3616 1900 3691 1955 ad

1971 2006 2017 2071 Β
2048 1983 2314 2040 futurum
2344 1989 2579 2055 tempus
2598 1984 2926 2053 declinans,
2964 1986 3306 2042 manifestat
3323 2004 3528 2044 eorum
3564 2006 3696 2061 qua;

2048 2074 2326 2131 vaticinia
2357 2074 2639 2132 dicuntur
2666 2076 3020 2131 relationem
3054 2077 3128 2133 ad
3161 2078 3694 2150 tempusfuturum.

2047 2164 2371 2220 Considera
2387 2180 2522 2219 vero
2550 2170 2814 2220 exactam
2841 2165 3094 2236 Spiritus
3117 2184 3340 2222 curam.
3376 2171 3500 2223 Non
3532 2185 3692 2225 enim

2048 2253 2215 2316 dixit,
2245 2251 2333 2305 καὶ
2366 2249 2427 2305 οὐ
2460 2252 2536 2323 μή
2577 2249 2842 2326 βλέψητε,
2893 2253 2950 2308 id
2986 2259 3093 2324 est,
3148 2262 3206 2311 et
3254 2272 3375 2311 non
3420 2258 3696 2313 videbitis

2044 2343 2229 2415 (quod
2254 2342 2496 2399 verbum
2529 2345 2976 2415 praeposuerat),
3012 2345 3116 2401 sed
3147 2346 3439 2415 videbitis,
3473 2355 3532 2403 et
3574 2365 3695 2405 non

2042 2430 2225 2503 ἳδητε,
2255 2432 2314 2487 id
2345 2438 2453 2502 est,
2486 2433 2881 2505 perspiciatis.
2906 2436 3103 2506 Neque
3127 2434 3276 2491 dixit
3302 2452 3314 2491 :
3350 2439 3557 2493 Nonne
3590 2456 3699 2495 au-

2045 2522 2221 2579 dietis
2249 2539 2262 2577 :
2297 2522 2422 2589 sed,
2447 2522 2715 2579 Audietis
2749 2529 2807 2578 et
2838 2540 2959 2579 non
2991 2525 3359 2597 intelligetis.
3403 2528 3522 2599 Ipsi
3556 2528 3698 2584 sibi-

2042 2612 2633 2686 ipsisimpedimento
2653 2608 2896 2669 fuerunt
2932 2613 3222 2670 abturatis
3247 2617 3507 2688 primum
3541 2619 3695 2674 auri-

2040 2702 2175 2771 bus,
2204 2702 2395 2759 oculis
2426 2702 2668 2763 clausis.
2703 2703 2879 2759 corde
2921 2710 3253 2778 aggravata.
3300 2708 3501 2779 Neque
3535 2708 3694 2765 enim

2041 2793 2237 2850 solum
2267 2809 2390 2849 non
2433 2793 2778 2864 audiebant,
2830 2793 2934 2849 sed
2988 2795 3318 2868 etgraviter
3346 2796 3690 2855 audiebant.

2040 2885 2161 2940 Hoc
2178 2889 2378 2940 autem
2394 2883 2680 2950 fecerunt,
2696 2883 2912 2955 inquit,
2933 2885 3252 2955 nequando
3271 2894 3696 2945 convertantur

2041 2981 2101 3034 et
2120 2990 2326 3031 sanem
2341 2978 2889 3046 eos,exaggeratam
2921 2975 3293 3031 etintensam
3326 2977 3531 3033 dicens
3563 2996 3692 3036 esse

2045 3083 2253 3124 eorum
2284 3065 2576 3121 malitiam
2604 3070 2665 3121 et
2704 3066 3071 3122 aversionem
3108 3068 3305 3123 studia
3349 3070 3687 3139 quaasitam.

2040 3157 2225 3227 quue
2257 3154 2402 3210 dicit
2448 3155 2755 3210 attrahens
2803 3160 2862 3210 et
2909 3156 3197 3224 excitans,
3245 3173 3313 3213 ac
3362 3158 3685 3216 ostendens

2039 3249 2195 3322 quod
2231 3250 2277 3304 si
2312 3253 2934 3315 canverterentur,eos
2954 3247 3147 3303 adhuc
3178 3255 3689 3310 essetsanaturus.

2040 3337 2358 3395 Sciendum
2381 3343 2581 3392 autem
2613 3337 2772 3408 quod
2803 3337 2919 3392 huc
2950 3354 3140 3409 usque
3171 3339 3596 3397 scribatLucas
3628 3342 3691 3397 in

562 3391 639 3413 ,η
714 3391 794 3410 ,,
929 3391 968 3406 -,
1382 3391 1622 3407 ντ.-.
1848 3391 1861 3409 .

269 3429 517 3483 νώσκων.
578 3422 725 3483 Οὐδὲ
779 3424 844 3480 τὸ
903 3421 1200 3499 μαρτύριον
1253 3421 1451 3479 τούτου
1491 3419 1805 3499 ἐγκατέθετο
1858 3423 1930 3495 τῇ

2045 3430 2199 3487 Actis
2230 3428 2808 3502 apostolarum,quze
2826 3430 2984 3484 circa
3013 3428 3253 3485 beatum
3267 3430 3513 3487 Paulum
3549 3449 3693 3489 con-

272 3513 469 3592 βίϐλῳ.
521 3514 937 3579 Καταλιπόντες
995 3516 1100 3591 γὰρ
1158 3512 1318 3571 αὐτὸν
1388 3513 1558 3571 ἑκεῖσε
1615 3518 1827 3577 Λουκᾶς
1871 3535 1931 3571 τε

275 3610 359 3662 καὶ
397 3608 770 3682 Ἀρίσταρχος
804 3604 1058 3677 ἐξῆλθον.
1094 3599 1355 3668 Εὐσέϐιος
1387 3602 1446 3661 δὲ
1472 3605 1602 3668 τοὺς
1648 3604 1933 3679 μετέπειτα

292 3696 524 3771 χρόνους
551 3695 836 3771 ἱστόρησεν
890 3689 1157 3770 ἂκριᾶὒς,
1214 3693 1338 3750 τότε
1390 3695 1486 3769 μὶν
1536 3694 1623 3750 ἐπὶ
1680 3696 1936 3771 Νέρωνος

300 3784 772 3861 ἀπολογησάμενον
804 3785 900 3842 τὸν
935 3784 1154 3843 Παῦλον
1188 3786 1341 3849 αὗθις
1398 3785 1486 3842 ἐπὶ
1542 3788 1645 3858 τὴν
1700 3791 1799 3841 τοῦ
1829 3808 1931 3858 κη-

303 3876 575 3951 ρύγματος
653 3873 926 3933 διακονίαν
1035 3875 1373 3949 στείλασθαι,
1449 3877 1588 3951 πρὸς
1666 3876 1937 3953 Καίσαρος

293 3965 642 4035 ἆπολυθέντα,
698 3968 790 4023 καὶ
872 3966 1323 4046 εὐαγγελίσασθαι
1389 3968 1472 4043 ἐφ’
1542 3967 1750 4042 ἑτέροις
1809 3967 1937 4026 δέκα

279 4054 466 4114 ἔτεσιν.
520 4057 618 4122 Είς
680 4056 849 4133 ἄκρον
910 4054 970 4112 δὲ
1024 4056 1217 4130 μανίας
1274 4057 1304 4113 ὁ
1355 4054 1546 4133 Νέρων
1604 4057 1936 4137 ἀφικόμενος

268 4147 486 4211 ἇπίτᾶς
530 4152 643 4204 τῶν
700 4145 1022 4203 ἀποστόλων
1079 4148 1225 4223 ἤρθη
1288 4148 1518 4227 σφαγάς.
1568 4146 1937 4204 Μεταστειλά-

274 4261 429 4314 μενος
460 4238 570 4318 γὰρ
598 4237 695 4293 τὸν
721 4234 942 4295 Παῦλον
974 4235 1285 4313 τριακοστῷ
1326 4234 1471 4312 ἕκτῳ
1520 4230 1625 4294 ἔτει
1680 4243 1779 4295 τοῦ
1837 4260 1939 4295 σω-

259 4331 458 4407 τηρίου
513 4329 754 4396 πάθους,
814 4324 1248 4403 τρισκαιδεκάτῳ
1323 4324 1380 4385 δὲ
1431 4328 1653 4399 ἑαυτοῦ,
1709 4326 1938 4400 ἐποίησε

258 4426 623 4497 μαρτυρῆσαι
659 4416 799 4496 ξίφει
855 4418 954 4487 τήν
1012 4414 1259 4499 κεφαλὴν
1322 4416 1729 4493 ἆποτμηθέντα.
1781 4419 1936 4477 Ἔστι

250 4513 443 4568 τοίνυν
476 4509 591 4564 ἀπὸ
616 4511 715 4564 τοῦ
744 4503 1225 4564 ἒννεακαιδεκάτου
1277 4506 1431 4571 ἔτους
1490 4503 1750 4585 Τιϐερίου
1806 4506 1938 4565 Καί-

252 4623 448 4678 σαρος,
480 4597 744 4671 δευτέρου
798 4594 858 4652 δὲ
911 4594 1067 4660 ἔτους
1104 4601 1203 4653 τοῦ
1252 4595 1528 4674 σωτηρίου
1559 4597 1763 4663 πάθους
1791 4596 1843 4669 ἐξ
1874 4597 1936 4653 οὗ

246 4692 559 4769 κηρύσσειν
587 4689 654 4744 τὸ
694 4686 1026 4764 Εὐαγγὲλιον
1082 4687 1310 4763 ¹ἤρξατο,
1360 4686 1465 4751 ἓως
1498 4687 1751 4745 εἰκοστοῦ
1811 4685 1933 4745 δευ-

2035 3521 2318 3595 tigerunt,
2350 3535 2485 3575 cum
2517 3535 2586 3574 ea
2619 3524 2885 3591 tempore
2911 3519 3129 3575 librum
3150 3521 3607 3594 conscripsisset
3636 3528 3695 3579 et

2038 3628 2171 3683 quas
2214 3610 2496 3681 deinceps
2542 3609 2743 3665 futura
2786 3615 2956 3665 erant
3002 3611 3251 3666 minime
3299 3629 3687 3687 cognoscens,

2037 3717 2235 3773 neque
2266 3699 2454 3771 ipsius
2492 3700 2845 3771 martyrium
2896 3700 3008 3755 hac
3050 3701 3201 3756 libro
3253 3719 3572 3774 reponens.
3606 3706 3687 3760 Eo

2042 3790 2201 3847 enim
2233 3788 2456 3843 ibidem
2479 3787 2688 3842 relicto
2723 3789 2905 3844 Lucas
2935 3795 2994 3843 et
3032 3791 3412 3847 Aristarchus
3461 3795 3685 3865 egressi

2043 3884 2201 3937 sunt.
2235 3877 2526 3933 Eusebius
2551 3893 2685 3933 vero
2718 3878 2780 3932 in
2805 3880 3118 3948 sequentia
3166 3884 3432 3951 tempora
3482 3889 3688 3938 exacte

2042 3968 2399 4040 conscripsit
2432 3984 2444 4021 :
2480 3971 2620 4022 tunc
2652 3967 2893 4039 quidem
2924 3968 3147 4039 ubipro
3181 3986 3242 4025 se
3261 3970 3510 4026 dixisset
3541 3972 3690 4029 Pau-

2042 4061 2159 4127 lus,
2195 4076 2401 4116 rursus
2417 4058 2489 4114 ad
2508 4058 2948 4130 praadicationis
2963 4058 3365 4115 ministerium
3388 4077 3517 4117 esse
3550 4063 3695 4118 mis-

2044 4167 2199 4217 sum,
2233 4165 2367 4205 cum
2399 4165 2434 4203 a
2462 4148 2691 4203 Cmsare
2722 4147 3031 4203 absolutus
3063 4155 3258 4204 esset:
3302 4149 3555 4222 aliisque
3587 4151 3694 4207 de-

2041 4257 2173 4298 cem
2203 4239 2377 4297 annis
2410 4238 2795 4312 Evangelium
2825 4238 3203 4311 prmdicasse.
3254 4240 3515 4297 Tandem
3554 4259 3690 4298 vero

2041 4331 2146 4388 ubi
2172 4331 2322 4387 Nero
2376 4328 2450 4386 ad
2494 4335 2825 4385 extremum
2877 4329 3127 4385 insanias
3171 4331 3559 4401 pervenisset,
3616 4332 3690 4388 ad

2043 4422 2235 4481 caades
2266 4421 2671 4495 apostolorum
2703 4421 3013 4494 processit.
3044 4421 3199 4478 188
3248 4423 3554 4495 Siquidem
3585 4442 3682 4481 ac-

2045 4517 2258 4575 cersito
2291 4517 2473 4573 Paulo
2504 4532 2663 4572 anno
2695 4532 2917 4587 apassa
2932 4514 3162 4571 Christo
3188 4515 3487 4573 tricesima
3502 4524 3689 4587 sexto,

2045 4609 2137 4666 sui
2159 4624 2295 4664 vero
2313 4606 2548 4679 imperii
2570 4608 2740 4663 tertio
2762 4605 3016 4675 decimo,
3036 4606 3231 4679 ipsum
3247 4607 3322 4663 ad
3338 4610 3691 4681 martyrium

2047 4698 2264 4771 adegit,
2291 4697 2482 4769 capite
2514 4694 2710 4768 gladio
2740 4701 3068 4766 amputata.
3101 4695 3250 4751 Sunt
3288 4696 3488 4769 itaque
3521 4714 3555 4753 a
3584 4698 3693 4754 de-

245 4786 422 4862 τὲρου
453 4786 565 4840 τοῦ
596 4780 767 4838 αὐτοῦ
795 4775 1077 4855 Τιϐερίου,
1109 4777 1204 4854 ἔτη
1235 4782 1486 4857 τέσσαρα.
1532 4782 1635 4841 Καὶ
1669 4782 1738 4838 τὰ
1769 4781 1932 4838 Γαΐου

2045 4789 2198 4846 cima
2230 4802 2387 4843 nano
2418 4785 2636 4841 Tiberii
2668 4785 2917 4840 Caesaris
2966 4801 3146 4853 anno,
3195 4786 3459 4842 secundo
3490 4802 3625 4843 vero
3654 4804 3690 4845 a

246 4876 304 4933 ἃ
334 4873 624 4935 ὡσαύτως
656 4870 750 4943 ἔτη
780 4872 1031 4948 τέσσαρα.
1091 4873 1258 4935 Αὖθις
1317 4870 1375 4930 δὶ
1398 4874 1490 4929 καὶ
1548 4875 1615 4931 τὰ
1646 4870 1926 4931 Κλαυδίου

245 4964 342 5039 ἔτη
413 4958 926 5039 τεσσαρεσκαίδεκα,
1001 4960 1061 5019 ὅν
1120 4959 1500 5038 διαδεξάμενος
1580 4962 1768 5037 Νέρων
1848 4967 1928 5036 τῷ

253 5052 705 5132 τρισκαιδεκάτῳ
745 5048 851 5108 ἔτει
880 5058 983 5122 τῆς
1013 5050 1180 5108 αὐτοῦ
1209 5053 1409 5129 ἀρχῆς,
1464 5053 1556 5108 τὸν
1585 5051 1925 5112 Ἀπόστολον

254 5143 500 5203 ἀνεῖλεν.
525 5144 687 5199 Ἔστι
714 5140 893 5196 τοίνυν
928 5142 957 5197 ὁ
996 5147 1101 5204 πᾶς
1157 5143 1360 5219 χρόνος
1416 5147 1517 5198 τοῦ
1571 5141 1929 5219 κηρύγματος

260 5234 494 5292 Παύλου
526 5233 704 5289 εἴκοσι
756 5230 850 5288 καῖ
894 5230 949 5289 ἓν
1008 5228 1148 5295 ἔτοςο
1207 5232 1297 5289 καὶ
1343 5228 1501 5309 ἕτερα
1557 5228 1654 5288 δύο
1719 5228 1837 5303 ἔτη,
1895 5233 1931 5289 ’ἁ

256 5324 570 5384 διετέλεσεν
603 5320 657 5378 ἐν
686 5327 767 5394 τῷ
794 5324 933 5378 κατᾶ
983 5320 1303 5397 Καισάρειαν
1361 5319 1749 5399 δεσμωτηρίῳ.
1784 5323 1928 5398 Πρὸς

251 5415 313 5474 δὲ
338 5416 571 5476 τούτοις
601 5410 795 5481 πάλιν,
825 5414 894 5467 τα
923 5410 976 5468 ἐν
1008 5411 1202 5486 Ῥώμῃ
1241 5412 1480 5487 πρότερα
1536 5409 1634 5468 δύο
1662 5407 1781 5485 ἔτη,
1838 5413 1930 5468 καὶ

250 5509 323 5565 τε
348 5504 659 5563 τελευταῖα
701 5500 760 5559 δὲ
789 5497 887 5573 ἔτη
948 5498 1098 5573 δέκα,
1131 5501 1268 5558 ὥστε
1300 5502 1438 5558 εἶναι
1470 5505 1640 5558 πάντα
1670 5497 1764 5575 ἔτη
1824 5502 1930 5559 ἀπὸ

253 5605 361 5667 τῆς
410 5597 674 5667 κλήσεως
728 5592 897 5648 αὐτοῦ
963 5593 1132 5667 μέχρι
1186 5599 1289 5662 τῆς
1348 5592 1687 5656 τελειώσεως
1744 5592 1930 5664 αὐτοῦ,

257 5688 567 5763 τριάκοντα
656 5684 747 5740 καὶ
834 5681 1024 5739 πέντε.
1112 5682 1247 5739 Ἀπὸ
1331 5679 1388 5738 δὲ
1471 5684 1567 5738 τοῦ
1656 5684 1933 5760 σωτηρίου

264 5780 503 5843 πάθους,
589 5775 886 5852 τριάκοντα
1135 5771 1280 5829 Μετᾶ
1336 5774 1441 5850 γὰρ
1500 5774 1599 5843 τήν
1660 5778 1761 5830 τοῦ
1838 5780 1936 5829 Κυ-

264 5869 391 5945 ρίου
442 5866 741 5941 ἀνάληψιν,
832 5862 951 5938 μεθ’
1024 5859 1235 5940 ἡμέρας
1310 5864 1457 5928 τινας
1524 5862 1741 5942 ὀλίγας,
1798 5885 1932 5943 προ-

2038 4878 2271 4935 Christo
2310 4892 2508 4949 passo,
2541 4890 2677 4931 cum
2726 4873 3106 4948 Evangelium
3160 4873 3484 4946 praadicare
3515 4878 3694 4949 coepit

2037 4983 2230 5040 usque
2261 4966 2334 5023 ad
2375 4964 2723 5022 vicesimum
2776 4963 3107 5020 secundum
3167 4964 3438 5037 ejusdem
3468 4966 3689 5026 Tiberii

2034 5057 2178 5115 anni
2210 5061 2498 5129 quatuor:
2533 5058 2591 5111 et
2616 5053 2759 5109 anni
2787 5053 2907 5109 Caii
2940 5052 3219 5111 similiter
3238 5059 3526 5127 quatuor:
3559 5075 3687 5115 rur-

2037 5163 2170 5205 sum
2193 5146 2335 5203 anni
2357 5144 2586 5202 Claudii
2617 5142 3090 5216 quatuordecim.
3142 5161 3321 5215 quem
3374 5146 3683 5206 insecutus

2037 5239 2190 5294 Nero
2206 5236 2381 5292 tertia
2396 5234 2627 5291 decimo
2642 5234 2735 5289 sui
2754 5232 3124 5306 principatus
3145 5250 3324 5301 anno,
3350 5237 3686 5308 apostolum

2040 5327 2365 5383 interemit.
2444 5326 2548 5380 Est
2624 5323 2805 5396 igitur
2890 5339 3066 5379 omne
3155 5329 3390 5398 tempus
3471 5329 3690 5400 prioris

2042 5416 2206 5473 Pauli
2241 5413 2688 5489 praedicationis
2717 5430 2873 5469 unus
2904 5417 2964 5469 et
3009 5414 3213 5488 viginti
3254 5415 3438 5472 anni:
3489 5422 3549 5473 et
3584 5416 3688 5475 alii

2045 5507 2160 5563 duo
2191 5506 2356 5574 anni,
2391 5521 2540 5577 quos
2572 5504 2635 5559 in
2666 5519 2901 5559 carcere
2929 5503 3085 5577 apud
3098 5505 3426 5562 Caesaream
3458 5511 3691 5566 transe-

2044 5595 2128 5671 git
2152 5613 2164 5652 :
2201 5594 2276 5651 ad
2305 5595 2434 5652 hmo
2461 5610 2699 5650 rursum
2718 5593 2834 5649 duo
2865 5594 3094 5666 priores
3112 5595 3464 5653 anniBomm
3498 5601 3693 5654 trans-

2044 5686 2160 5743 acti
2187 5702 2199 5740 :
2233 5691 2294 5741 et
2322 5684 2629 5741 novissimi
2660 5683 2865 5741 decem
2896 5686 3061 5741 anni.
3094 5686 3181 5740 Ita
3221 5691 3286 5739 ut
3328 5685 3448 5739 sint
3485 5702 3693 5743 omnes

2046 5775 2189 5834 anni
2219 5774 2292 5832 ab
2326 5775 2456 5848 ejus
2475 5773 2781 5831 vacatione
2798 5772 2873 5829 ad
2898 5779 3149 5828 mortem
3169 5788 3356 5842 usque
3375 5773 3562 5842 ipsius
3586 5775 3691 5829 tri-

2047 5868 2211 5942 ginta
2239 5865 2504 5940 quinque
2530 5883 2544 5933 ;
2580 5880 2615 5921 a
2640 5863 2915 5936 passione
2947 5868 3147 5919 autem
3180 5861 3423 5917 salutari
3454 5862 3695 5938 triginta
