4112 6408
375 488 494 551 307

1500 477 1927 541 (ECUMENII
1974 476 2278 540 TBICCIE
2322 478 2680 541 EPISCOPI

3688 477 3809 544 308

377 640 499 680 sex.
533 618 838 692 Siquidem
868 633 904 673 a
932 616 1150 673 Christi
1182 614 1595 688 assumptione
1626 617 1760 685 post
1808 628 2028 684 paucos

2154 610 2484 687 χειρίζονται
2543 613 2601 666 οἱ
2659 609 2962 668 ἀπόστολοι
3040 608 3117 673 είς
3188 607 3463 667 διακονίαν
3532 609 3802 692 Στέφανον

379 712 608 781 aliquot
634 708 761 763 dies
790 712 997 763 creant
1035 706 1289 778 apostoli
1323 706 1688 775 Stephanum
1721 708 1778 759 et
1808 718 1908 757 eos
1940 701 2042 773 qui

378 817 515 857 cum
548 816 615 854 eo
638 803 810 854 erant
838 797 901 851 in
930 795 1351 851 ministerium.
1387 792 1605 849 Deinde
1638 793 1838 848 statim
1868 808 2040 863 repe-

380 890 567 945 rimus
599 887 966 959 Stephanum
998 883 1298 957 lapidibus
1348 882 1628 938 obrutum
1680 888 1738 936 et
1786 880 2036 936 Paulum

382 977 529 1034 caadi
548 976 1032 1033 consentientem
1064 990 1076 1029 :
1114 974 1216 1045 qui
1237 972 1613 1045 postmodum
1641 971 2038 1043 proﬁciscitur

381 1069 759 1134 Damascum,
793 1071 1074 1137 tanquam
1109 1068 1345 1119 sanctos
1364 1062 1465 1133 qui
1488 1060 1710 1116 ibidem
1741 1059 2036 1133 degebant

379 1158 872 1229 interempturus.
903 1154 1095 1210 Medio
1123 1158 1322 1208 autem
1350 1152 1562 1207 itinere
1592 1151 1821 1206 vocatio
1853 1150 2035 1220 ejusa

380 1249 499 1306 Deo
520 1247 676 1304 facta
697 1252 805 1315 est,
822 1251 888 1301 ut
906 1245 1001 1300 vix
1018 1245 1200 1300 fuerit
1219 1260 1414 1299 annus
1438 1243 1539 1298 ille
1562 1242 1852 1314 expletus.
1881 1243 2035 1296 Con-

379 1338 578 1395 festim
606 1343 805 1393 autem
836 1336 1161 1408 praedicare
1192 1335 1369 1407 cmpit
1415 1334 1869 1405 superveniente
1928 1332 2033 1387 de-

379 1429 535 1485 cimo
565 1444 724 1483 nono
756 1426 973 1482 Tiberii
1000 1424 1249 1481 Caesaris
1265 1440 1422 1480 anno
1448 1440 1461 1478 ε
1491 1440 1559 1479 ac
1592 1423 1765 1479 tertio
1797 1423 2028 1479 decimo

384 1518 637 1573 Neronis
667 1532 825 1572 anno
841 1514 1229 1581 interimitur,
1265 1513 1458 1585 capite
1479 1511 1675 1585 gladio
1698 1517 2027 1585 amputato.

2151 700 2242 755 καὶ
2280 700 2408 763 τοὺς
2436 700 2576 779 ἀμφὶ
2608 700 2791 758 αὐτόν.
2851 702 3075 758 Ἔπειτα
3125 700 3216 755 τὸν
3278 701 3548 781 Στέφανον
3608 702 3804 766 εὐθέως

2152 791 2474 866 εὑρίσκομεν
2534 790 2921 864 λιθαζόμενον,
2977 792 3069 846 καὶ
3122 791 3216 847 τὸν
3272 790 3489 848 Παῦλον
3547 790 3804 849 συνευδο-

2147 888 2351 940 κοῦντα
2371 884 2451 957 τῷ
2483 886 2653 960 φόνῳ.
2698 886 2799 947 "Oc
2862 884 3054 958 μικρὸν
3111 884 3331 959 ὕστερον
3388 884 3465 947 εἰς
3519 887 3801 958 Δαμασκὸν

2150 977 2319 1050 ὁρμᾷ,
2352 975 2428 1039 ὡς
2460 973 2589 1037 τοὺς
2620 974 2795 1030 ἐκεῖσε
2825 973 2984 1037 ὄντας
3029 973 3215 1050 ἁγίους
3262 976 3593 1051 ἀναιρήσων.
3655 976 3810 1034 Κατὰ

2151 1065 2320 1138 μὲσην
2355 1062 2539 1134 δὲτὴν
2571 1060 2696 1119 ὁδὸν
2764 1065 2800 1133 ἡ
2860 1062 3059 1133 κλῆσις
3118 1064 3266 1137 αὐτῷ
3316 1066 3604 1139 γεγένηται
3661 1066 3813 1138 παρὰ

2146 1158 2302 1223 Θεοῦ,
2363 1154 2438 1215 ὡς
2503 1159 2684 1227 μικρῷ
2741 1151 3231 1229 προσαναλωθῆναι
3299 1155 3362 1209 τὸ
3437 1151 3555 1219 ἔτος
3610 1152 3807 1212 ἐκεῖνο.

2148 1242 2365 1308 Εὐθέως
2398 1240 2457 1298 δὲ
2486 1243 2688 1317 ἤρξατο
2737 1240 3026 1313 κηρύσσειν
3087 1238 3497 1319 ἐπιλαϐομένου
3536 1244 3814 1300 ἐννεακαι-

2145 1328 2372 1387 δεκάτου
2431 1327 2585 1394 ἔτους
2643 1329 2899 1406 Τιϐερίου
2958 1330 3247 1407 Καίσαρος,
3310 1332 3401 1388 καὶ
3457 1337 3536 1405 τῷ
3591 1353 3816 1406 τρισκαι

2145 1418 2353 1493 δεκάτῳ
2383 1420 2490 1477 ἔτει
2523 1422 2776 1497 Νέρωνος
2818 1419 3149 1491 τελειοῦται,
3208 1422 3345 1501 ξίφει
3401 1423 3503 1493 τήν
3559 1422 3808 1503 κεφαλὴν

2137 1510 2501 1583 ἀποτμηθείς.

1550 1852 2637 1982 ΔΙΗΓΗΣΙΣ

2014 2051 2179 2106 ΠΕΡΙ

1026 2195 1277 2294 ΤΟΥ
1354 2193 1736 2292 ΑΓΙΟΥ
1815 2192 2583 2294 ΑΠΟΣΤΟΛΟΥ
2665 2196 3175 2295 ΠΑΥΛΟΥ

1659 2556 2552 2681 NARRATIO

1239 2806 1406 2900 DE
1453 2804 1751 2901 DIVO
1803 2804 2215 2901 PAULO
2268 2805 2956 2904 APOSTOLO.

552 3219 707 3276 189
737 3215 1068 3276 EUTHALII
1100 3214 1388 3271 DIACONI
1413 3213 1783 3271 PROLOGUS
1816 3213 1887 3283 (1)

456 3309 679 3368 Paulus
701 3306 1005 3380 apostolus
1038 3305 1321 3360 llebraaus
1354 3303 1597 3375 quidem
1648 3309 1776 3360 erat
1803 3320 2045 3376 genere,

2074 3215 2123 3281 B

2407 3214 2756 3272 ΕΥΘΑΛῙΟΥ
2804 3217 3153 3275 ΔΙΑΚΟΝΟΥ
3199 3218 3574 3278 ΙΙΡΟΛΟΓΟΣ

2232 3300 2507 3366 Παῦλοςὸ
2539 3302 2869 3375 ἀπόστολος,
2929 3300 3185 3381 Ἑϐραῖος
3248 3309 3343 3380 μὶν
3394 3310 3460 3378 ἦν
3514 3308 3579 3364 τὸ
3632 3310 3822 3385 γένος,

386 3419 455 3459 ex
489 3399 649 3456 tribu
697 3396 1031 3467 Benjamin,
1088 3393 1461 3465 professione
1522 3392 1884 3460 Pharisaeus,
1938 3392 2040 3447 sub

2158 3391 2219 3446 ἑκ
2250 3392 2429 3468 φυλῆς
2459 3393 2743 3467 Βενιαμὶν,
2800 3400 3099 3471 Φαρισαῖος
3152 3394 3213 3454 δὲ
3266 3398 3368 3467 τήν
3429 3396 3654 3474 α’ίρεσιν,
3716 3399 3823 3456 ὑπὸ

387 3492 755 3564 praeceptore
784 3484 945 3540 ﬁdeli
974 3482 1298 3539 Gamaliele
1334 3481 1515 3553 Moysi
1550 3480 1743 3553 legem
1780 3483 2048 3538 edoctus.

394 3578 479 3632 Ad
532 3577 659 3632 ham
704 3576 950 3630 Tarsum
1011 3588 1142 3643 quas
1193 3570 1412 3625 Cilicia:
1461 3570 1669 3625 oculus
1722 3577 1812 3626 est
1867 3570 2048 3643 (quod

2159 3476 2478 3553 διδασκάλῳ
2536 3502 2592 3537 τε
2641 3487 2819 3555 πιστῷ
2866 3488 2947 3557 τῷ
3005 3485 3333 3559 Γαμαλιήλ,
3390 3486 3482 3543 τὸν
3539 3486 3825 3554 Μωυσέως

2158 3570 2329 3642 νόμον
2391 3569 2905 3646 ἐκπεπαιδευμένος.
2965 3575 3108 3650 Πρὸς
3165 3573 3223 3631 δὲ
3272 3577 3512 3647 τούτοις,
3567 3578 3661 3633 τὸν
3719 3585 3822 3647 τῆς

394 3668 583 3729 aiunt)
616 3663 980 3719 inhabitans.
1014 3659 1494 3732 Persequebatur
1524 3665 1721 3715 autem
1764 3666 1821 3716 et
1851 3661 2040 3733 impu-

2158 3657 2412 3721 Κιλικίας
2441 3658 2723 3737 ὀφθαλμὸν
2785 3662 2974 3730 οίκῶν,
3033 3668 3132 3733 τήν
3187 3664 3423 3740 Ταρσὸν,
3484 3663 3701 3722 διώκων
3765 3665 3824 3725 δὲ

387 3756 606 3831 gnabat
637 3755 739 3810 Dei
771 3751 1097 3809 Ecclesiam
1127 3767 1138 3804 :
1177 3750 1430 3822 ideoque
1463 3750 1744 3823 Stephani
1793 3752 2047 3823 apostoli

390 3852 450 3903 et
476 3844 752 3918 martyris
784 3842 930 3899 cazdi
963 3843 1274 3907 intererat,
1289 3857 1357 3896 ac
1371 3840 1677 3895 homicidii
1697 3846 1838 3895 tunc
1869 3841 2046 3913 parti-

389 3952 529 4008 ceps
555 3939 702 4004 erat,
732 3932 1025 4003 susceptis
1056 3932 1119 3986 in
1151 3930 1483 3986 custodiam
1503 3931 1733 3985 cunctis
1764 3930 1935 3986 illum
1960 3931 2045 3988 la'

391 4025 731 4101 pidantium
784 4021 1175 4089 indumentis,
1225 4026 1293 4076 ut
1320 4021 1590 4076 omnium
1636 4021 1916 4077 manibus
1971 4022 2048 4078 ad

386 4115 609 4173 caedem
630 4118 901 4169 uteretur
937 4129 949 4166 :
971 4111 1319 4183 primusque
1346 4126 1478 4165 cum
1496 4110 1587 4165 his
1606 4111 1705 4181 qui
1722 4110 2046 4166 seditiones

391 4203 710 4262 movebant
739 4199 1239 4271 conspiciebatur,
1280 4198 1529 4270 perdere
1574 4199 1797 4270 ubique
1844 4199 2045 4256 nitens

397 4292 661 4350 delectos
704 4289 944 4362 pietatis
981 4288 1257 4344 cultores.
1305 4287 1488 4343 Multa
1539 4288 1740 4359 itaque
1790 4292 1930 4343 sunt
1976 4306 2044 4346 ac

392 4399 609 4456 magna
637 4397 769 4452 quae
798 4378 1081 4435 adversus
1108 4377 1435 4433 Ecclesiam
1466 4376 1538 4432 ab
1579 4393 1647 4432 eo
1696 4383 2038 4449 perpetrata

395 4476 578 4528 sunt:
615 4468 886 4540 nihilque
920 4467 993 4523 ad
1035 4465 1452 4522 incredibilem
1507 4483 1696 4538 usque
1743 4468 2039 4524 insaniam

393 4558 796 4633 praetermisit.
833 4559 976 4613 Nam
1008 4557 1069 4611 in
1102 4556 1212 4611 hoc
1229 4572 1288 4611 se
1309 4556 1493 4611 Deum
1517 4555 1712 4612 colere
1742 4573 1810 4612 ac
1839 4557 2042 4613 rectis-

392 4653 537 4707 sime
571 4666 741 4723 agere
761 4646 1186 4710 arbitrabatur,
1209 4645 1362 4701 sicut
1382 4645 1507 4717 ipse
1531 4646 1592 4701 in
1612 4645 1881 4718 epistolis
1900 4664 2042 4703 con-

389 4742 611 4810 ﬁtetur,
644 4745 701 4795 et
730 4739 917 4794 Lucas
961 4735 1363 4803 secundosuo
1398 4734 1549 4791 libro
1584 4735 1805 4792 scribit.
1842 4739 2041 4809 Neque

392 4831 551 4887 enim
584 4830 776 4886 solum
808 4828 927 4891 hic.
961 4832 1027 4882 ut
1073 4825 1317 4898 plurimi
1367 4826 1729 4889 Iudaeorum,
1780 4828 2042 4884 veritatis

388 4918 870 4992 prmdicationem
896 4914 1257 4988 jamdudum
1293 4913 1501 4970 oderat
1530 4920 1589 4971 et
1638 4916 2040 4986 aversabatur,

390 5024 593 5065 verum
626 5008 812 5062 etiam
840 5005 1133 5076 majorem
1165 5003 1395 5060 ferebat
1422 5004 1570 5060 iram
1608 5021 1785 5076 quam
1819 5006 2043 5077 quaevis

392 5114 538 5172 gens
570 5096 964 5151 ethnicorum.
999 5094 1221 5163 Utergo
1254 5092 1399 5147 vidit
1415 5092 1805 5164 spendentem
1832 5093 2042 5164 praedi-

394 5187 711 5249 cationem,
744 5202 811 5240 ac
832 5182 1114 5240 ﬂoridum
1133 5182 1395 5237 veritatis
1418 5199 1753 5237 sermonem
1786 5183 2044 5255 majores

393 5276 695 5347 suscipere
744 5275 916 5340 vires,
986 5273 1140 5328 190
1191 5288 1369 5343 quam
1419 5271 1697 5327 doctrina
1760 5272 2042 5332 Iudaica:

391 5368 724 5421 commotus
773 5363 833 5417 in
884 5362 1016 5425 hoc,
1071 5377 1140 5416 ac
1198 5361 1487 5432 injuriam
1544 5359 1867 5417 arbitratus
1916 5361 2045 5418 fleri

390 5454 733 5523 maximam,
768 5450 925 5523 quod
956 5451 1196 5507 illorum
1231 5451 1507 5507 doctrina
1538 5451 1765 5506 veniret
1801 5451 1861 5506 in
1902 5468 2043 5507 con-

395 5549 708 5616 temptum,
743 5541 905 5597 omni
936 5540 1405 5613 promptitudine
1438 5558 1505 5597 ac
1536 5540 1732 5596 studio
1764 5541 2044 5597 adversus

2155 3748 2246 3802 καὶ
2276 3750 2494 3823 πορθῶν
2552 3751 2653 3820 τήν
2711 3750 3036 3822 Ἐκκλησίαν
3086 3757 3185 3809 τοῦ
3241 3759 3395 3811 Θεοῦ.
3452 3755 3545 3812 Διὸ
3594 3753 3662 3826 δὴ
3721 3757 3816 3813 καὶ

2156 3844 2449 3913 συμπαρῆν
2480 3841 2549 3911 τῇ
2582 3838 2850 3912 ἀναιρέσει
2880 3839 3153 3917 Στεφάνου
3198 3847 3295 3897 τοῦ
3351 3844 3667 3901 ἀποστόλου
3722 3845 3819 3902 καὶ

2160 3925 2455 4001 μάρτυρος,
2489 3928 2754 3991 κοινωνός
2785 3950 2843 3984 τε
2890 3931 2958 4000 ἦν
3012 3930 3137 3987 τότε
3167 3936 3264 3988 τοῦ
3296 3934 3486 4009 φόνου,
3516 3934 3583 3991 τὰ
3640 3933 3820 3993 πάντα

2154 4015 2349 4082 ἱμάτια
2377 4021 2483 4071 τῶν
2536 4013 2979 4081 λιθοϐολούντων
3031 4018 3195 4076 αὐτὸν
3226 4021 3655 4098 καταδεξάμενος
3711 4044 3817 4101 φυ-

2154 4102 2399 4190 λάττειν,
2429 4104 2524 4161 ’ἱνα
2568 4112 2688 4172 ταῖς
2715 4106 2929 4163 πάντων
2981 4110 3141 4186 χερσὶ
3201 4115 3479 4187 χρήσηται
3530 4114 3664 4190 πρὸς
3715 4114 3811 4171 τὸν

2153 4189 2342 4270 φόνον.
2374 4194 2477 4251 Καὶ
2511 4200 2730 4269 πρῶτος
2780 4193 2838 4252 δὲ
2899 4198 3034 4272 μετᾶ
3089 4203 3197 4255 τῶν
3256 4189 3651 4272 στασιαζόντων
3711 4203 3819 4260 ιω.

2154 4287 2311 4358 ρᾶτο,
2345 4288 2628 4364 πανταχοῦ
2688 4282 3009 4355 σπουδάζων
3064 4294 3337 4360 καθαιρεῖν
3396 4289 3524 4354 τοὺς
3570 4298 3672 4363 τῆς
3728 4291 3817 4349 εὐ-

2150 4366 2359 4434 σεϐείας
2405 4372 2663 4448 λογάδας.
2702 4373 2894 4432 Πολλά
2921 4397 2979 4431 τε
3035 4380 3100 4448 ἦν
3132 4380 3220 4433 καὶ
3287 4377 3495 4455 μεγάλα
3546 4382 3616 4437 τὰ
3672 4384 3805 4459 παρ’

2150 4459 2317 4515 αὐτοῦ
2347 4462 2481 4517 κατὰ
2511 4470 2612 4533 τῆς
2659 4462 2989 4536 Ἐκκλησίας
3045 4467 3324 4542 γινόμενα,
3382 4469 3471 4525 καὶ
3529 4468 3683 4526 οὐδὲν
3729 4472 3815 4538 εἰς

2155 4545 2468 4624 ὑπερϐολήν
2506 4553 2699 4623 μανίας
2742 4552 3007 4612 ἐνέλιπεν.
3070 4557 3158 4613 Ἐν
3206 4557 3387 4630 τούτῳ
3426 4558 3527 4635 γὰρ
3568 4556 3820 4618 εὐσεϐεῖν

2153 4641 2243 4695 καὶ
2279 4641 2342 4695 τὰ
2370 4641 2604 4716 μὲγεστα
2635 4647 2937 4719 κατορθοῦν
2997 4643 3236 4719 ἐνόμιζε,
3296 4649 3473 4711 καθὼς
3532 4648 3695 4714 αὐτός
3764 4672 3823 4707 τε

2153 4733 2205 4787 ἐν
2234 4736 2354 4793 ταῖς
2384 4729 2701 4797 ἐπιστολαῖς
2731 4731 3025 4810 ὁμολογεῖ,
3082 4736 3173 4790 καὶ
3232 4742 3443 4800 Λουκᾶς
3502 4739 3710 4815 ἱστορεῖ
3766 4740 3819 4797 ἐν

2149 4825 2218 4895 τῇ
2252 4819 2477 4895 δευτέρᾳ
2510 4817 2693 4896 βίϐλῳ
2739 4822 2954 4882 ἑαυτοῦ.
3002 4823 3079 4882 Οὐ
3116 4826 3279 4898 μόνον
3311 4827 3415 4903 γὰρ
3448 4828 3609 4891 οὗτος
3640 4829 3822 4887 πάλαι

2151 4911 2286 4967 κατὰ
2314 4908 2441 4970 τοὺς
2471 4907 2718 4973 πολλοὺς
2750 4916 2858 4967 τῶν
2895 4910 3175 4970 Ἰουδαίων
3233 4915 3408 4991 ἐμίσει
3453 4938 3513 4972 τε
3566 4919 3656 4974 καὶ
3722 4921 3823 4976 ἀπ-

2153 5000 2437 5076 εστρέφετο
2460 4999 2523 5053 τὸ
2565 5006 2667 5069 τῆς
2728 4997 2996 5072 ἀληθείας
3050 5005 3334 5080 κήρυγμα,
3393 5003 3538 5061 ἀλλὰ
3593 5009 3660 5077 τὴ
3723 5011 3819 5064 καὶ

2155 5091 2377 5166 μείζονα
2403 5090 2604 5152 παντὸς
2627 5095 2723 5146 τοῦ
2779 5087 2964 5155 ἔθνους
3024 5092 3191 5169 ὀργὴν
3247 5094 3506 5155 ἐποιεῖτο.
3565 5097 3653 5160 Ὠς
3709 5098 3816 5174 γὰρ

2154 5180 2261 5237 εἶδε
2289 5182 2350 5236 τὸ
2382 5183 2644 5257 κήρυγμα
2704 5178 3045 5257 διαλάμψαν,
3106 5184 3197 5239 καὶ
3252 5185 3344 5240 τὸν
3394 5193 3493 5256 τῆς
3550 5184 3819 5257 ἀληθείας

2154 5269 2354 5339 εὐθαλῆ
2410 5270 2572 5345 λόγον
2642 5269 3090 5349 ἐπικρατέστερον
3147 5280 3250 5345 τῆς
3298 5273 3603 5346 Ἰουδαϊκῆς
3659 5275 3821 5335 διδα-

2155 5360 2381 5422 σκαλίας
2412 5360 2728 5437 γινόμενον,
2788 5363 2977 5427 παθὼν
3039 5363 3175 5439 πρὸς
3200 5368 3387 5435 τοῦτο,
3438 5367 3529 5422 καὶ
3584 5367 3819 5440 νομίσας

2154 5447 2455 5515 ἀδικεῖσθαι
2485 5450 2550 5505 τὰ
2586 5452 2834 5525 μέγιστα,
2887 5458 2988 5521 τῆς
3049 5449 3403 5517 διδασκαλίας
3464 5454 3641 5512 αὐτῶν
3686 5457 3821 5512 ἀνα-

2152 5537 2528 5613 τρεπομένης,
2595 5546 2767 5595 πᾶσαν
2845 5541 3154 5619 προθυμίαν
3216 5541 3304 5598 καὶ
3373 5541 3616 5615 σπουδήν
3677 5546 3821 5602 κατὰ

472 5726 546 5797 (1)
578 5727 778 5799 Exstat
802 5721 965 5799 apud
992 5720 1334 5799 Euthalium
1366 5722 1715 5788 Diaconum,
1747 5722 1965 5799 in_ejus
2010 5723 2357 5779 recensione
2401 5720 2800 5795 Epistolarum
2834 5721 2889 5781 S.
2945 5724 3134 5793 Pauli,
3179 5724 3431 5799 hujusce
3478 5728 3816 5798 Patrolngiae

401 5793 542 5855 tom.
576 5793 981 5860 LXXXV,’col.
1013 5796 1136 5864 693,
1174 5793 1277 5848 sed
1308 5810 1441 5849 cum
1471 5810 1683 5868 magna
1714 5796 2013 5851 varietate.
