4112 6422
267 445 384 506 309

1377 455 1788 517 COMMENT.
1837 453 1910 512 ΙΝ
1960 449 2207 511 EPIST.
2252 451 2364 512 AD
2415 455 2608 515 llOM.

3596 458 3717 517 310

271 583 379 636 τῶν
408 585 514 649 τῆς
542 579 890 652 Ἐκκλησίας
923 583 1257 660 θρεμμάτων
1294 587 1553 662 ἐποιεῖτο,
1586 589 1735 649 ’ὁπως
1765 585 1828 642 ἅν
1851 584 1928 640 αὐ

2064 586 2343 643 Ecclesiae
2367 587 2645 644 alumnos
2667 590 3220 663 concitabatur,quo
3243 591 3334 647 vel
3359 590 3496 648 illos
3518 608 3554 649 a
3577 608 3718 650 vera

276 671 400 731 τοὺς
432 670 467 740 ἢ
504 677 612 741 τῆς
646 671 896 743 ἀληθοῦς
948 672 1304 742 διδασκαλίας
1348 680 1726 750 ἀποστήσειεν,
1777 675 1814 748 ἤ
1870 675 1952 732 δί-

281 783 379 832 κην
413 761 562 834 ὀξίαν
614 768 719 832 τῆς
762 763 839 825 εἷς
889 764 985 819 τὸν
1037 767 1267 840 Χριστὸν
1311 767 1546 832 πίστεως
1595 768 1951 844 εἰσπράξειεν,

285 851 673 923 Κομισάμενος
733 849 789 907 δὲ
851 854 876 907 6
939 853 1154 918 Παῦλος
1240 857 1384 933 παρᾶ
1439 863 1546 914 τῶν
1625 860 1810 934 ἱερέων
1861 860 1952 913 καὶ

285 940 634 998 διδασκάλων
669 941 965 1006 ἐπιστολὰς
1023 948 1142 1001 κατ’
1187 947 1356 1002 ἐκεῖνο
1384 949 1519 1023 πρὸς
1566 947 1693 1011 τοὺς
1748 947 1798 1003 ἐν
1851 959 1951 1004 Δα-

285 1038 478 1106 ματκῷ
514 1029 845 1101 Ἰουδ²ίουςν
879 1031 1110 1108 ὥρμησε
1139 1037 1442 1114 μορμύρων
1473 1038 1656 1115 ὥσπερ
1696 1059 1780 1100 τις
1830 1040 1948 1118 χεί-

283 1122 494 1199 μαρρος
529 1117 764 1197 λάϐρος,
795 1122 1141 1198 περικλύσειν
1182 1123 1356 1182 δοκῶν
1395 1128 1522 1191 τοὺς
1574 1127 1626 1183 ὲν
1679 1117 1950 1202 Δαμασκῷ

280 1211 558 1284 μαθητάς,
594 1212 687 1266 καὶ
721 1212 797 1275 εἷς
840 1215 902 1268 τὸ
951 1221 1049 1283 τῆς
1101 1214 1378 1280 ἀπωλείας
1432 1217 1627 1282 αὐτοὺς
1679 1220 1952 1295 βάραθρον

280 1303 610 1376 ἐκπέμψειν.
650 1303 814 1365 Γνοὺς
846 1300 902 1358 δὲ
942 1305 970 1359 6
1003 1304 1199 1380 Κύριος
1245 1307 1327 1361 δτι
1375 1305 1562 1363 ἄδικον
1622 1309 1840 1382 μανίαν,
1891 1309 1944 1363 ἐν

283 1389 470 1462 δικαίᾳ
505 1389 675 1461 δῆθεν
701 1394 1034 1466 προαιρέσει,
1086 1392 1366 1466 ἐκέκτητο,
1426 1397 1477 1452 ἐν
1531 1401 1667 1474 μέσῃ
1715 1403 1785 1472 τῇ
1837 1396 1952 1472 ὁδῷ

285 1480 594 1560 ἐπιφανεὶς,
629 1481 963 1558 ἀπεστέρησε
999 1484 1091 1557 μὶν
1128 1482 1287 1540 αὸτὸν
1345 1494 1444 1555 τῆς
1494 1484 1671 1562 ὅψεως
1719 1494 1799 1561 τῷ
1855 1509 1952 1562 με·

289 1572 430 1650 γέϐει
468 1577 569 1626 τοῦ
600 1572 806 1651 φωτός.
841 1573 941 1630 Καὶ
970 1578 1228 1630 τοσοῦτον
1260 1573 1316 1632 δὲ
1346 1578 1612 1649 μέτοισιν,
1657 1577 1793 1634 ὥστε
1851 1581 1944 1634 τὸν

293 1662 462 1718 πάλαι
492 1661 648 1718 οὐδὲν
689 1661 717 1717 ὃ
751 1686 804 1718 τι
833 1668 940 1718 τῶν
974 1662 1163 1720 δεινῶν
1192 1667 1326 1722 κατᾶ
1354 1676 1454 1738 τῆς
1493 1671 1820 1740 Ἐκκλησίας
1855 1666 1954 1725 οὸκ

301 1751 629 1817 ἐπινοοῦντα,
662 1753 753 1808 καὶ
794 1755 996 1816 πάντας
1053 1757 1181 1819 τοὺς
1238 1759 1484 1828 μαθητὰς
1541 1759 1800 1815 ἀπολέσει
1853 1758 1944 1836 ἄρ-

303 1839 400 1911 δην
431 1840 844 1916 προσδοκοῦντα,
878 1843 1070 1899 αὐτίκα
1103 1842 1168 1914 δὴ
1201 1849 1392 1901 τοῦτον
1435 1849 1522 1902 καὶ
1571 1856 1942 1924 παραχρῆμα,

2063 675 2332 732 doctrina
2357 683 2680 746 revocaret,
2715 679 2802 733 vel
2833 679 2904 733 ab
2938 681 3022 734 eis
3053 681 3296 736 meritas
3328 681 3399 735 ob
3442 682 3620 737 ﬁdem
3651 683 3715 738 in

2060 766 2357 821 Christum
2374 785 2576 839 poenas
2591 769 2867 841 exigeret.
2892 770 3035 823 Cum
3053 786 3186 842 ergo
3207 772 3534 842 accepisset
3562 775 3712 828 Pau-

2059 855 2152 910 lus
2168 873 2236 910 eo
2253 862 2517 928 tempore
2533 857 2812 929 epistolas
2835 875 2866 913 a
2890 859 3295 914 sacerdotibus
3317 867 3375 915 et
3395 863 3713 934 magistris,

2060 946 2132 1000 ad
2154 946 2384 1002 Judzeos
2418 949 2517 1019 qui
2550 948 2900 1004 habitabant
2929 950 3220 1016 Damasci,
3253 967 3464 1023 magno
3487 952 3712 1024 impetu

2059 1052 2126 1090 ac
2149 1035 2375 1092 fervore
2401 1037 2704 1093 ferebatur
2729 1039 2788 1092 in
2818 1038 3060 1094 modum
3083 1039 3567 1110 plenicujusdam
3594 1049 3712 1096 tor-

2060 1126 2376 1197 rentis,qui
2401 1127 2739 1183 habitantes
2761 1128 3030 1183 Damasci
3057 1128 3383 1200 discipulos
3415 1129 3718 1186 demersu-

2060 1233 2161 1270 rus
2180 1216 2507 1283 videbatur,
2529 1223 2704 1289 atque
2735 1219 2795 1272 in
2818 1218 3168 1289 perditionis
3202 1219 3548 1274 barathrum
3581 1221 3717 1277 illos

2059 1304 2437 1360 dimissurus.
2473 1307 2615 1360 Cum
2649 1312 2846 1361 autem
2878 1307 3102 1361 viderat
3133 1309 3420 1363 Dominus
3445 1309 3606 1379 quod
3626 1310 3714 1364 in-

2052 1394 2278 1466 justam
2310 1395 2630 1462 insaniam,
2667 1397 2727 1450 in
2750 1397 2915 1467 justa
2945 1396 3220 1452 videlicet
3249 1398 3709 1466 voluntate,ser-

2063 1491 2242 1546 varet,
2277 1486 2338 1539 in
2372 1486 2567 1540 medio
2599 1486 2704 1540 via:
2733 1504 3048 1558 apparens,
3083 1505 3202 1558 praa
3234 1488 3384 1543 lucis
3413 1489 3714 1558 magnitu-

2060 1575 2222 1643 dine,
2267 1575 2576 1630 oculorum
2618 1583 2862 1648 aspectu
2915 1577 3179 1648 privavit,
3234 1583 3292 1632 et
3338 1583 3503 1632 tanto
3551 1578 3711 1634 hunc

2059 1663 2397 1737 aggreditur
2421 1665 2670 1737 impetu,
2702 1672 2769 1721 ut
2799 1683 2954 1728 eum.
2991 1667 3090 1738 qui
3124 1668 3289 1738 prius
3315 1666 3720 1724 adversusEc-

2060 1755 2301 1810 clesiam
2325 1755 2649 1827 grassando
2674 1755 2907 1810 nullum
2928 1756 3262 1810 adverteret
3290 1761 3391 1810 aut
3422 1756 3716 1813 detrecta-

2060 1850 2151 1900 ret
2180 1845 2536 1916 periculum,
2597 1862 2925 1918 omnesque
2992 1845 3208 1901 Christi
3269 1846 3596 1918 discipulos
3653 1863 3719 1902 se

297 1930 565 2007 ἀγαπητὸν
634 1933 830 1989 ἑαυτοῦ
917 1934 1240 1990 πιστότατον
1313 1938 1644 2012 ἡγήσασθαι.
1735 1941 1928 2011 Ἰκέτης

2063 1935 2332 1991 funditus
2347 1936 2719 2008 perditurum
2735 1937 3043 2010 speraret,j
3055 1954 3150 1992 am
3175 1939 3374 1993 statim
3388 1954 3455 1993 ac
3469 1941 3718 2010 repente

291 2023 391 2096 γὰρ
417 2023 570 2083 εὐθὺς
600 2027 699 2078 τοῦ
753 2027 910 2093 Θεοῦ,
964 2024 992 2078 ὁ
1028 2023 1300 2098 πολέμιος
1359 2026 1588 2104 γίνεται,
1641 2029 1945 2104 παραυτίκα

285 2111 345 2164 τὸ
405 2112 691 2185 σύνταγμα
745 2119 849 2182 τῆς
911 2112 1102 2187 μανίας
1161 2113 1633 2190 ἆποῤῥιψάμενος,
1693 2117 1768 2181 εἷς
1811 2139 1942 2194 πρε-

273 2197 455 2256 σϐείαν
495 2199 725 2276 ἐχώρει,
759 2202 850 2257 καὶ
893 2205 996 2274 τήν
1057 2203 1132 2267 εἰς
1193 2207 1421 2280 Χριστὸν
1466 2202 1740 2264 εὐσέϐειαν
1801 2211 1946 2284 ὁμο-

274 2290 456 2367 λογεῖ,
491 2291 586 2345 καὶ
618 2293 892 2364 πέμπεται
950 2295 1086 2370 πρὸς
1131 2295 1379 2352 Ἀνανίαν
1422 2298 1540 2352 τινὰ
1593 2300 1844 2370 μαθητήν
1889 2299 1940 2354 ἐν

278 2386 577 2455 Δαμασκῷ.
616 2379 769 2438 Ἰδὼν
830 2380 886 2438 δὲ
921 2385 950 2438 6
995 2387 1093 2451 τῆς
1156 2384 1418 2457 ἀληθείας
1480 2387 1763 2460 ἐξεταστὴς
1819 2389 1947 2452 Θεὸς

277 2473 739 2546 σωφρονισθέντα
757 2473 847 2526 τὸν
878 2471 1066 2547 ἄνδρα,
1099 2474 1190 2528 καὶ
1243 2474 1448 2550 βελτίω
1501 2476 1560 2532 ἐκ
1607 2481 1713 2532 τῶν
1764 2483 1945 2533 κακῶν

273 2562 565 2635 γεγονότα.
599 2562 712 2636 οὐχ
752 2562 949 2632 ἑτέρως
1003 2561 1161 2618 αὐτὸν
1217 2563 1251 2633 ἢ
1313 2563 1490 2628 οὕτως
1549 2565 1942 2643 ἀπαλλαγήσεο

279 2661 397 2714 σθαι
432 2657 536 2717 τῆς
594 2650 869 2722 τιμωρίας
913 2650 1037 2728 ἔφη.
1096 2651 1416 2720 Βαπτίζεται
1472 2658 1601 2728 γοῦν
1661 2651 1935 2725 ἀπελθὼν,

275 2741 360 2795 καὶ
419 2746 538 2794 τῶν
601 2741 931 2818 ἀπορἔτων
990 2742 1303 2817 μυστηρίων
1370 2745 1571 2816 γίνεται
1656 2746 1940 2813 κοινωνὸς,

273 2830 360 2887 καὶ
395 2832 706 2907 σύμμαχος
733 2832 1034 2911 ἀξιόχρεως
1092 2836 1190 2888 τοῦ
1245 2833 1622 2911 κηρύγματος.
1672 2836 1767 2891 Καὶ
1823 2857 1940 2891 καις

268 2923 356 2976 νον
391 2925 666 2996 κήρυγμα
706 2920 1082 2993 ἐμπιστευθεὶς
1139 2923 1286 2997 παρὰ
1341 2928 1437 2979 τοῦ
1494 2929 1649 2995 Θεοῦ,
1698 2927 1941 2982 καινοτέο

272 3033 357 3087 ραν
396 3013 526 3086 εἶχε
555 3017 661 3078 τῆς
713 3010 986 3086 σωτηρίας
1030 3012 1130 3078 τὴν
1188 3012 1461 3092 ὀφορμήν.
1509 3014 1794 3084 Τοσαῦτην
1846 3015 1936 3071 οῦν

275 3097 590 3173 μεταϐολήν
637 3101 668 3154 6
730 3103 996 3176 μακάριος
1049 3103 1263 3164 Παῦλος
1310 3101 1588 3176 ἐσχηκὼς,
1621 3102 1698 3159 ἔτι
1746 3103 1802 3160 δὲ
1848 3107 1934 3160 καὶ

265 3197 352 3247 τοῦ
382 3193 566 3265 νόμον)
606 3187 960 3264 μεταϐαλὼν,
987 3192 1076 3246 καὶ
1109 3191 1282 3257 οὕνως
1331 3193 1406 3256 είς
1464 3193 1627 3271 ἃκρον
1668 3191 1937 3258 εὐσεϐείας

261 3285 421 3352 Ξῆλον
488 3282 830 3355 μετατεθεὶς,
873 3279 1010 3337 ὥστε
1048 3281 1175 3344 τοὺς
1215 3281 1478 3354 ἀληθείας
1532 3285 1798 3358 μαθητὰς,
1855 3283 1928 3341 εἶ’-

263 3392 390 3427 ποτε
448 3367 655 3442 συνέϐη
720 3370 880 3426 αὐτὸν
945 3369 1365 3448 ἀπτλειφθῆναι,
1447 3371 1535 3428 διὰ
1585 3374 1927 3449 γραμμάτων

292 3455 319 3478 ρ
355 3456 382 3478 ρ
430 3460 440 3473 ι
565 3460 588 3478 η
750 3461 764 3478 \
869 3459 880 3476 ο
1045 3462 1057 3476 ς
1137 3457 1160 3478 ἢ
1199 3461 1211 3477 ι
1287 3465 1313 3478 ο
1399 3459 1422 3480 ν
1656 3464 1667 3481 ιι
1769 3465 1781 3482 \
1913 3466 1926 3484 ι

262 3458 536 3524 ὶοεοατου,
575 3481 662 3514 ινα
695 3482 773 3532 μη
812 3481 976 3534 μονον
998 3481 1100 3530 την
1133 3475 1222 3516 οια
1248 3483 1354 3517 των
1397 3483 1596 3540 εργων,
1645 3464 1792 3520 αλλα
1839 3487 1929 3521 και

264 3556 360 3617 τήν
395 3552 456 3606 ἐκ
484 3555 593 3604 τῶν
626 3548 816 3628 λόγων
847 3550 924 3613 εἰς
977 3551 1039 3605 τὸ
1083 3551 1368 3622 μετέπειτα
1418 3555 1726 3623 κτήσωνται
1777 3552 1930 3610 διδα-

273 3639 529 3704 σκαλίαν,
598 3641 689 3696 καὶ
776 3640 1162 3715 ἁμᾳοτέριυθεν
1223 3642 1623 3720 ὀχυρωθέντες,
1682 3641 1926 3702 ἂσειστον

275 3731 340 3783 τὸ
392 3737 491 3796 τῆς
565 3727 826 3793 εὐσεϐείας
880 3725 1055 3807 ἔρυμα
1106 3731 1160 3786 ἐν
1211 3737 1280 3805 τῇ
1337 3737 1493 3809 ψυχῇ
1562 3737 1924 3813 περιφέροιεν.

281 3820 435 3873 Μετὰ
464 3816 523 3872 δέ
553 3841 665 3874 τινα
691 3821 892 3897 χρόνον
923 3821 998 3883 εἰς
1021 3821 1386 3896 Ἰερουσαλήμ
1433 3823 1596 3879 πάλιν
1629 3826 1656 3880 6
1705 3826 1923 3890 Παῦλος

277 3907 546 3985 ἐκτρέχει,
577 3911 841 3984 ὀψόμενος
890 3913 982 3967 τὸν
1044 3911 1269 3987 Πέτρον,
1323 3910 1447 3977 ἔνθα
1507 3913 1572 3985 δὴ
1633 3915 1722 3970 καὶ
1783 3914 1921 3972 διαι-

269 4004 487 4074 ροῦνται
521 4001 656 4076 πρὸς
686 4000 976 4072 ἀλλήλους
1008 4003 1216 4057 ἅπασαν
1247 4004 1346 4072 τὴν
1399 4004 1756 4078 οἰκουμένην.
1817 4008 1921 4065 Καὶ

257 4091 354 4158 τήν
387 4095 500 4144 τῶν
543 4089 712 4154 ἐθνῶν
780 4088 974 4167 μερίδα
1032 4090 1246 4153 Παῦλος
1301 4087 1511 4158 λαϐὼν.
1567 4094 1641 4157 ὡς
1700 4093 1765 4164 δὴ
1825 4101 1920 4153 τοῦ

257 4181 465 4257 Πέτρου
494 4181 560 4235 τὸ
594 4178 895 4238 Ἰουδαϊκὸν
929 4179 1204 4244 λαχόντος
1237 4179 1530 4251 διδάσκειν,
1570 4183 1786 4248 πολλὰς
1823 4187 1918 4259 μὲν

253 4271 463 4340 πόλεις,
511 4271 735 4332 πολλάς
796 4269 852 4327 δὲ
900 4273 1090 4348 χώρας
1148 4274 1551 4348 περιενόστησε.
1598 4278 1812 4351 Μικροῦ
1862 4275 1918 4333 δὲ

247 4364 308 4416 τὸ
341 4361 664 4436 Ἰλλυρικὸν
707 4359 841 4417 ἃπαν
887 4367 997 4417 τῶν
1054 4363 1154 4433 τής
1217 4363 1294 4425 εἰς
1351 4365 1578 4439 Χριστὸν
1641 4362 1916 4430 εὐσεϐείας

247 4451 546 4526 δογμάτων
601 4447 887 4522 ἐνέπλησε.
951 4451 1134 4524 Μυρία
1189 4456 1320 4526 γοῦν
1396 4451 1652 4509 πάνδεινα
1729 4456 1915 4511 παθὼν

246 4543 332 4596 καὶ
370 4541 620 4602 ὑποστὰς
655 4541 787 4616 ὑπὲρ
815 4548 916 4610 τῆς
947 4542 1023 4604 εἷς
1082 4543 1316 4610 Χριστὸν
1369 4541 1625 4614 πίστεως,
1667 4543 1914 4609 πολλούς

245 4655 300 4690 τε
330 4633 426 4688 καὶ
459 4631 762 4707 διαφόρους
801 4630 1110 4702 κινδύνους,
1169 4634 1329 4696 ὃσους
1391 4634 1550 4696 αὐτὸς
1610 4635 1914 4716 ἀναγράφε-

243 4745 352 4794 ται,
387 4724 529 4798 ὑπὲρ
559 4726 662 4777 τοῦ
694 4720 1052 4797 Εὐαγγελίου,
1085 4722 1175 4778 καὶ
1224 4720 1390 4786 δλους
1443 4723 1643 4786 αὐτοὺς
1689 4727 1912 4794 νικήσας

245 4814 332 4867 καὶ
368 4810 880 4889 ἐξαγκωνισςὴιενος
918 4811 1095 4866 πίστει
1128 4811 1228 4882 (εἷς
1279 4812 1370 4868 ὃτε
1420 4812 1521 4888 γάρ
1568 4813 1694 4869 τότε
1741 4811 1910 4884 ἤθελε

243 4901 492 4970 Παῦλος,
529 4901 559 4956 ὁ
590 4901 720 4960 Θεὸς
773 4900 861 4955 καὶ
889 4904 924 4969 ἡ
957 4902 1266 4976 προθεσμία
1319 4902 1486 4956 αὐτοῦ
1543 4906 1732 4957 τοῦτον
1789 4924 1911 4958 κατ-

244 4997 364 5072 εῖχε
419 4989 626 5065 διάγειν
691 4989 824 5062 μετὰ
896 4990 1218 5064 ἀνθρώπων,
1277 4990 1352 5052 εἷς
1413 4991 1504 5046 ὅτε
1559 5011 1618 5046 τε
1673 4991 1906 5068 Εὐαγγέ-

243 5079 362 5136 λιον
407 5081 581 5137 ἅπασι
638 5087 754 5142 τοῖς
805 5078 978 5136 ἔθνεσι
1034 5078 1299 5155 κηρύξει),
1359 5081 1458 5155 ὀψε
1519 5078 1584 5152 δή
1646 5102 1753 5136 που
1806 5089 1907 5152 τῆς

242 5169 409 5247 ὥρας,
470 5171 633 5233 αὖθις
687 5171 717 5225 ὁ
775 5168 994 5232 Παῦλος
1047 5167 1320 5223 ἐπάνεισιν
1381 5169 1458 5232 εἲς
1517 5171 1900 5245 Ἰεροσόλυμα,

237 5261 363 5325 τοῦς
426 5261 602 5317 ἐκεῖσε
662 5259 846 5336 ἅγίους
931 5257 1381 5334 ἐπισκεψόμενος,
1439 5261 1527 5316 καὶ
1597 5266 1713 5324 τοῖς
1769 5259 1904 5336 τῇδε

233 5358 490 5428 πτωχοῖς
526 5348 930 5424 ἐπικουρήσων.
964 5350 1050 5406 Ἐν
1085 5347 1143 5404 δὲ
1183 5353 1264 5421 τῷ
1317 5349 1536 5424 μεταξὺ,
1596 5351 1780 5414 στάσις
1816 5372 1901 5415 τις

232 5440 563 5512 κατειλήφει
594 5441 696 5507 τήν
743 5437 930 5508 πόλιν,
979 5439 1068 5493 καὶ
1127 5441 1154 5493 6
1207 5435 1385 5513 δῆμος
1445 5440 1510 5509 ἦν
1571 5439 1622 5494 ἐν
1680 5436 1898 5516 θορύϐῳ

234 5530 456 5603 πολλῷ,
495 5526 781 5585 Ἰουδαίων
813 5526 1190 5601 ταραττόντων
1221 5526 1282 5582 τὸ
1313 5527 1518 5586 κοινόν.
1570 5529 1749 5585 Δεινὸν
1797 5528 1902 5604 γὰρ

235 5623 320 5677 καὶ
357 5621 504 5699 βαρὺ
536 5621 822 5694 ἡγήσαντο
861 5618 1165 5692 κατήγορον
1214 5612 1362 5694 ἔχειν
1411 5619 1502 5673 τὸν
1551 5617 1719 5674 πάλαι
1766 5640 1898 5695 προ-

236 5710 432 5785 πάτην
463 5709 559 5767 καὶ
589 5709 858 5764 κοινωνὸν
887 5705 1066 5760 αὐτῶν
1113 5713 1212 5777 τῆς
1270 5708 1486 5780 μανίας,
1540 5711 1630 5766 καὶ
1669 5707 1897 5765 κτείνειν

229 5802 386 5861 αὐτὸν
423 5796 790 5869 ἐσπούδαζον.
825 5793 992 5866 Ἀλλ,
1051 5795 1200 5859 εὐθὺς
1254 5799 1281 5853 6
1335 5795 1638 5874 χιλίαρχος
1701 5803 1897 5857 τοῦτον

2067 2025 2484 2080 ﬁdelissimum
2516 2027 2606 2080 sui
2661 2032 2986 2081 amatorem
3037 2027 3382 2082 instrueret.
3439 2026 3719 2082 Protinus

2065 2115 2224 2170 enim
2255 2133 2326 2170 ex
2357 2116 2524 2170 hoste
2556 2115 2745 2171 factus
2780 2123 2867 2171 est
2895 2117 2995 2172 Dei
3026 2117 3321 2183 minister,
3345 2122 3403 2171 et
3425 2116 3585 2172 illico
3617 2116 3724 2172 ab-

2055 2207 2218 2278 jecta
2247 2206 2564 2261 dementias
2597 2207 2766 2277 copia
2798 2207 3066 2274 militari,
3097 2206 3172 2262 ad
3203 2207 3560 2279 legationem
3589 2224 3720 2278 pro-

2063 2295 2238 2362 cedit,
2271 2295 2610 2366 Christique
2640 2297 2953 2367 proﬁtetur
2983 2297 3230 2366 cultum,
3263 2313 3331 2351 ac
3360 2296 3616 2351 mittitur
3644 2296 3719 2352 ad

2062 2383 2354 2439 Ananiam
2384 2384 2700 2454 quemdam
2739 2386 3169 2441 Damascenum
3202 2385 3588 2456 discipulum.
3625 2387 3716 2441 In-

2061 2475 2244 2529 tuitus
2276 2481 2474 2528 autem
2507 2474 2770 2530 veritatis
2812 2475 3124 2546 indagator
3171 2476 3327 2530 Deus
3377 2475 3714 2531 modestum

2052 2565 2179 2635 jam
2221 2564 2519 2619 redditum
2554 2565 2763 2627 virum.
2798 2565 3141 2636 relictisque
3173 2565 3347 2620 malis
3399 2566 3712 2621 meliorem

2060 2656 2358 2720 effectum,
2394 2672 2516 2710 non
2549 2655 2724 2710 aliter
2753 2655 2922 2710 illum
2956 2673 3134 2727 quam
3167 2656 3278 2711 hoc
3301 2655 3477 2710 modo
3502 2656 3708 2727 utipse

2058 2745 2418 2816 supplicium
2479 2745 2752 2801 evaderet
2807 2745 3086 2802 decrevit.
3165 2748 3450 2818 Egressus
3509 2747 3708 2818 itaque

2054 2834 2386 2906 baptizatur
2403 2852 2470 2890 ac
2487 2834 2880 2890 ineffabilium
2893 2835 3312 2908 mysteriorum
3334 2835 3708 2908 ﬁtparticeps

2055 2929 2112 2979 et
2143 2923 2393 2979 idoneus
2425 2924 2776 2992 commilito,
2801 2941 2868 2980 ac
2900 2930 3303 2998 propugnator
3332 2924 3708 2996 praedicatio-

2053 3013 2182 3069 nis:
2217 3030 2472 3085 cumque
2532 3030 2748 3068 novum
2802 3030 2990 3086 genus
3043 3013 3484 3085 praedicationis
3524 3031 3558 3069 a
3588 3015 3706 3070 Deo

2050 3104 2161 3175 ipsi
2186 3105 2574 3160 commissum
2602 3109 2779 3172 esset,
2802 3121 3019 3158 novum
3042 3103 3298 3160 habebat
3318 3103 3527 3159 salutis
3539 3120 3707 3177 argu-

2047 3201 2340 3252 mentum.
2372 3197 2740 3268 QuaprOpter
2771 3201 2935 3251 tanta
2964 3195 3024 3250 in
3048 3195 3228 3251 Paulo
3253 3195 3408 3251 facta
3428 3196 3702 3252 immuta-

2051 3285 2230 3351 tione,
2264 3287 2421 3341 circa
2451 3285 2642 3357 legem
2673 3302 2909 3356 quoque
2965 3285 3312 3341 immutatus
3361 3289 3470 3347 est,
3520 3291 3699 3357 atque

2044 3375 2189 3432 adeo
2215 3376 2274 3430 in
2295 3381 2626 3431 extremum
2650 3375 2891 3448 pietatis
2921 3375 3109 3430 zelum
3143 3375 3470 3442 traductus,
3503 3381 3569 3430 ut
3600 3393 3694 3432 ve-

2036 3466 2087 3521 ri
2098 3467 2230 3521 tatis
2246 3465 2647 3537 discipulos,si
2665 3465 2902 3538 quando
2918 3483 3052 3521 eum
3066 3465 3272 3520 abesse
3297 3465 3696 3538 contingeret,

2037 3555 2254 3610 litteris
2281 3557 2686 3620 conﬁrmaret,
2709 3573 2783 3610 ne
2807 3555 2878 3610 ab
2899 3555 3182 3628 Operibus
3210 3553 3545 3614 solum,sed
3571 3571 3693 3610 ser-

2033 3646 2314 3700 monibus
2337 3662 2574 3717 quoque
2597 3647 2658 3700 in
2692 3652 2998 3716 posterum
3027 3644 3360 3700 doctrinam
3391 3644 3503 3699 sibi
3527 3644 3600 3699 ab
3620 3662 3688 3700 eo

2035 3741 2490 3806 compararent:
2543 3752 2609 3789 ae
2651 3736 2933 3805 utrinque
2989 3735 3205 3789 muniti
3263 3735 3688 3790 inconcussum

2031 3825 2269 3896 pietatis
2299 3824 2812 3896 propugnaculum
2845 3823 2906 3878 in
2965 3823 3166 3878 anima
3211 3823 3686 3882 circumferrent.

2031 3915 2170 3968 Post
2195 3913 2567 3984 aliquantum
2595 3929 2730 3968 vero
2754 3912 3039 3983 temporis
3070 3929 3309 3967 rursum
3339 3912 3558 3967 Paulus
3590 3915 3682 3968 Je-

2028 4005 2287 4060 rusalem
2304 4005 2635 4072 revertitur,
2668 4002 3294 4069 visurusPetrum,ubi
3317 4003 3494 4059 etiam
3524 4004 3683 4060 inter

2030 4113 2092 4151 se
2126 4097 2270 4151 191
2329 4097 2668 4168 partiuntur
2723 4095 3067 4150 universum
3125 4094 3350 4150 orbem.
3411 4096 3678 4166 Cumque

2027 4191 2256 4258 partem
2287 4187 2553 4259 gentium
2587 4185 2805 4240 Paulus
2831 4187 3177 4256 accepisset,
3212 4185 3384 4239 Petro
3418 4201 3558 4241 sane
3579 4187 3680 4242 Ju-

2027 4275 2263 4332 daicum
2294 4276 2579 4348 populum
2604 4276 2811 4332 sortito
2843 4275 3200 4336 docendum.
3236 4275 3524 4346 plurimas
3549 4283 3674 4332 tum

2026 4365 2294 4421 civitates
2317 4371 2442 4421 tum
2470 4366 2742 4438 regiones
2766 4366 3130 4438 peragravit:
3165 4365 3444 4432 brevique
3487 4371 3677 4423 totum

2023 4455 2326 4527 Illyricum
2360 4456 2650 4527 dogmatis
2684 4456 2754 4510 de
2788 4456 3001 4510 Christi
3034 4455 3197 4511 cultu
3229 4455 3678 4527 replevit.lnnu—

2023 4561 2188 4600 mera
2217 4545 2396 4617 igitur
2419 4562 2626 4616 passus
2645 4545 2994 4610 certamina,
3022 4561 3087 4599 ac
3111 4545 3414 4600 sustinens
3428 4562 3532 4616 pro
3557 4546 3674 4601 ﬁde

2024 4634 2240 4690 Christi
2271 4640 2329 4688 et
2357 4651 2463 4705 pro
2497 4635 2809 4706 Evangelio
2845 4633 3033 4688 multa
3061 4635 3338 4703 variaque
3389 4633 3672 4704 pericula,

1947 4713 1990 4776 ἰ)
2023 4740 2153 4794 qua)
2185 4724 2312 4794 ipse
2343 4723 2664 4779 describit:
2697 4740 2832 4779 cum
2864 4724 3144 4778 universa
3175 4721 3506 4786 devicisset,
3524 4722 3672 4776 ﬁde-

2022 4828 2136 4884 que
2164 4818 2506 4883 superasset
2562 4813 2856 4882 (quandiu
2917 4812 3078 4867 enim
3133 4810 3372 4866 volebat
3428 4809 3668 4879 Paulus,

2020 4901 2174 4955 Deus
2204 4902 2278 4956 ad
2310 4901 2622 4957 deﬁnitum
2654 4902 2767 4973 ipsi
2805 4907 3056 4972 tempus,
3088 4905 3154 4955 ut
3182 4900 3340 4955 inter
3397 4900 3670 4956 homines

2017 4989 2277 5065 degeret,
2311 4991 2468 5047 hunc
2493 4991 2810 5056 retinebat,
2845 4989 3035 5046 donec
3064 4990 3358 5046 universis
3394 4989 3672 5064 gentibus

2015 5081 2397 5155 Evangelium
2429 5081 2820 5154 praedicaret),
2854 5080 3189 5136 declinante
3213 5081 3499 5136 nimirum
3519 5087 3666 5136 tem.

2014 5188 2177 5243 pore,
2210 5189 2446 5227 rursum
2481 5172 2698 5227 Paulus
2750 5171 3157 5242 Hierosolyma
3205 5172 3553 5238 revertitur;
3605 5177 3672 5226 ut

2016 5267 2252 5316 sanctos
2285 5262 2385 5334 qui
2418 5261 2638 5318 ibidem
2683 5259 2938 5334 agebant
2990 5260 3290 5327 inviseret,
3344 5261 3665 5333 egenisque

2013 5351 2302 5406 auxilium
2332 5351 2532 5406 ferret.
2568 5351 2808 5406 Interim
2844 5366 2977 5405 vero
3013 5350 3224 5405 seditio
3259 5350 3530 5422 quandam
3564 5368 3664 5406 oc-

2013 5441 2249 5513 cupavit
2277 5441 2598 5510 civitatem,
2634 5447 2691 5496 et
2723 5440 2976 5513 populus
3010 5441 3068 5495 in
3114 5442 3434 5497 tumultum
3488 5441 3664 5497 vehe-

2013 5535 2276 5586 mentem
2307 5548 2508 5586 versus
2537 5537 2680 5595 erat,
2703 5530 2922 5586 Iudaeis
2942 5531 3176 5602 plebem
3200 5531 3658 5586 concitontibus.

2010 5619 2326 5692 Indignum
2347 5622 2506 5675 enim
2529 5627 2588 5675 et
2617 5637 2787 5694 grave
2811 5620 3108 5676 ducebant
3129 5626 3533 5675 accusatorem
3557 5618 3660 5673 ha-

2010 5709 2150 5764 bere
2183 5726 2341 5777 eum,
2374 5711 2476 5782 qui
2509 5710 2649 5765 olim
2683 5710 2798 5765 dux
2829 5709 2974 5782 ipsis
3007 5715 3134 5764 erat
3161 5726 3227 5763 ac
3254 5709 3551 5780 particeps
3574 5708 3658 5760 in.

2012 5802 2195 5858 saniaa
2253 5802 2544 5874 ipsorum,
2603 5818 2861 5875 cumque
2918 5801 3188 5857 occidere
3270 5797 3652 5855 festinabant.
