4112 6408
378 459 490 523 311
1502 452 1931 515 (ECUMENII
1975 447 2070 508 ΤΙῖ

2184 446 2284 509 3E
2328 448 2676 510 EPISCOPI
3685 447 3814 508 312

373 595 591 650 Verum
612 589 890 646 tribunus
914 588 1117 644 statim
1140 603 1277 643 eum
1303 585 1608 660 eripuit,et
1627 603 1762 643 cum
1784 583 2029 642 militari
2063 634 2070 648 ε

2181 582 2458 658 Ξαιρεῖται,
2488 581 2579 638 καὶ
2614 581 2750 657 μετά
2808 586 3209 658 στρατιωτικῆς
3270 576 3525 657 βοηθείας
3576 577 3654 643 εἰς
3702 582 3815 653 τήν

380 682 601 739 auxilio
627 680 822 750 ipsum
850 678 1180 734 Cmsaream
1204 677 1278 733 ad
1300 678 1617 749 pramidem
1644 676 1847 733 mittit.
1864 679 2048 732 Acce-

2181 673 2474 749 Καισάρειαν
2534 677 2671 749 πρῦς
2722 672 2815 728 τὸν
2870 672 3113 747 ἡγεμόνα
3187 671 3413 745 πὲμπει.
3494 666 3817 727 Συνὲλαϐον

379 776 598 845 perunt
626 786 762 843 ergo
795 769 994 840 ipsum
1027 773 1087 823 et
1116 769 1188 824 ad
1221 769 1432 824 ducem
1455 768 1721 841 gentium
1753 767 2052 823 duxerunt

2186 761 2247 817 ὗν
2279 762 2461 833 αὐτὸν,
2491 762 2585 818 καὶ
2614 762 2751 838 πρὸς
2780 761 2872 817 τὸν
2902 761 3176 840 ἐθνάρχην
3208 763 3368 836 ἦγον,
3399 765 3619 830 Φῆστος
3679 757 3821 818 ὄνο-

387 861 487 934 qui
520 862 730 916 Festus
762 858 1091 914 dicebatur.
1128 859 1270 914 Cum
1306 864 1508 913 autem
1553 859 1802 914 sentiret
1830 858 2050 913 Paulus

383 955 751 1024 prmparatas
766 949 1049 1004 adversus
1069 947 1394 1004 seinsidias
1412 964 1446 1003 a
1466 947 1708 1013 Iudaeis,
1739 948 1943 1004 statim
1975 948 2050 1003 ad

389 1039 657 1096 tribunal
687 1045 853 1094 stans
886 1039 1177 1094 Cmsarem
1211 1038 1506 1109 appellat:
1542 1046 1601 1093 et
1630 1037 1901 1093 redditur
1918 1038 2053 1110 qui-

394 1130 531 1187 dem
560 1128 801 1184 interim
824 1127 952 1183 foro
969 1127 1710 1199 judiciali,quievittamen
1731 1130 2052 1197 accusatio,

401 1237 534 1292 qua:
563 1219 847 1275 adversus
878 1219 1074 1289 ipsum
1107 1235 1141 1273 a
1168 1218 1386 1273 Judmts
1418 1220 1749 1291 excogitata
1788 1226 1952 1275 erat:
1987 1236 2054 1275 ac

399 1308 784 1383 postmodum
835 1310 1081 1363 Romam
1115 1324 1150 1363 a
1179 1308 1626 1381 magistratibus
1674 1309 1933 1364 mittitur
1982 1309 2056 1365 ad

403 1399 695 1454 Ctesarem
726 1414 739 1451 :
772 1396 873 1452 ubi
905 1412 1039 1453 cum
1074 1397 1279 1453 eadem
1313 1397 1641 1453 certamina
1673 1398 2057 1471 suscepisset,

406 1505 474 1544 ac
503 1505 610 1561 pro
642 1486 867 1543 eisdem
900 1486 1163 1559 praemiis
1193 1486 1543 1554 laborasset,
1602 1487 1847 1543 tandem
1882 1504 1912 1543 e
1944 1489 2063 1544 vita

409 1596 647 1651 quoque
669 1595 775 1651 pro
807 1576 1075 1633 veritatis
1106 1577 1481 1649 dogmatibus
1510 1578 1804 1635 excessit:
1846 1579 2062 1636 melio-

403 1685 532 1725 rem
565 1684 695 1723 esse
717 1668 1019 1741 judicans,
1055 1684 1187 1738 quae
1219 1685 1353 1723 cum
1382 1668 1615 1725 Christo
1644 1674 1801 1725 esset
1821 1687 2064 1726 conver-

413 1759 731 1824 sationem,
762 1756 1001 1813 mortali
1033 1758 1144 1812 hac
1175 1762 1234 1812 et
1270 1757 1464 1829 fragili
1513 1758 1650 1815 vita.
1694 1760 1837 1815 Nam
1887 1760 2064 1833 paulo

413 1854 549 1921 post
576 1846 785 1903 volens
814 1846 985 1902 illum
1008 1846 1203 1903 Caesar
1231 1848 1381 1903 Nero
1404 1847 1477 1903 ab
1508 1847 1619 1904 hac
1648 1849 1769 1904 vita
1790 1849 2065 1920 educere,

2159 873 2233 926 μα
2263 850 2435 926 αὐτῷ.
2466 851 2803 925 Αἱσθόμενος
2849 849 2928 917 δὲ,
2985 852 3248 920 σοσκευήν
3299 852 3415 906 κατ’
3464 849 3631 907 αὐτοῦ
3685 870 3824 906 τινα

2156 942 2449 1019 γινομένην
2485 943 2588 998 ὑπὸ
2620 939 2895 1000 Ἰουδαίων
2929 940 3166 1011 Παῦλος,
3208 940 3361 1003 εὐθὺς
3414 939 3504 996 ἐπὶ
3562 945 3658 997 τοῦ
3711 942 3831 1017 βή-

2160 1053 2329 1107 ματος
2388 1032 2728 1089 ἐπικαλεῖται
2783 1038 2874 1088 τὸν
2960 1031 3217 1108 Καίσαρα.
3285 1031 3391 1089 Καὶ
3457 1031 3658 1086 ἀνίεται
3719 1031 3834 1104 μὲν

2155 1123 2293 1186 τέως
2321 1127 2419 1178 τοῦ
2445 1124 2759 1199 κριτηρίου,
2794 1125 2953 1199 ἀργεῖ
2984 1120 3041 1177 δὲ
3072 1123 3107 1191 ἡ
3140 1121 3257 1176 κατ’
3290 1119 3457 1176 αὐτοῦ
3502 1126 3621 1185 τοῖς
3672 1121 3836 1177 ἰου-

2162 1210 2339 1275 δαίοις
2403 1211 2755 1287 μελετωμένη
2816 1206 3113 1281 ἐπιϐουλὴ,
3172 1210 3261 1266 καὶ
3324 1209 3520 1266 λοιπὸν
3586 1210 3662 1273 εἷς
3718 1211 3838 1279 τὴν

2161 1303 2390 1377 Ῥώμην
2420 1302 2524 1357 ὑπὸ
2544 1306 2651 1358 τῶν
2690 1300 2971 1377 ἀρχόντων
3006 1299 3339 1374 ἐκπέμπεται
3369 1300 3506 1376 πρὸς
3546 1301 3833 1376 Καίσαρα.

2164 1391 2397 1450 Κάκεῖσε
2424 1392 2551 1454 τοὺς
2584 1391 2779 1453 αὐτοὺς
2810 1391 3022 1465 ἀγῶνας
3056 1387 3207 1446 ἐπιδε
3236 1389 3488 1464 ξάμενος,
3538 1390 3629 1446 καὶ
3678 1391 3835 1463 ὑπὲρ

2160 1485 2269 1537 τῶν
2300 1481 2477 1536 αὐτῶν
2510 1478 2694 1545 ἄθλων
2728 1478 2977 1550 πονέσας,
3010 1474 3170 1543 τέλυς
3199 1480 3288 1534 καὶ
3319 1479 3487 1551 αὐτῆς
3519 1486 3621 1550 τῆς
3660 1485 3832 1551 ζωῆς

2166 1572 2301 1647 ὑπὲρ
2328 1575 2436 1626 τῶν
2459 1568 2857 1641 τῆς-ἀληθείας
2889 1567 3181 1644 δογμάτων
3200 1565 3407 1644 ἐξέστη,
3435 1568 3654 1646 βέλτιον
3678 1571 3839 1626 εἶναι

2164 1660 2346 1737 κρίνας
2376 1662 2477 1729 τῆν
2511 1661 2644 1734 μετά
2674 1663 2910 1735 Χριστοῦ
2937 1656 3235 1737 διαγωγὴν,
3254 1666 3357 1729 τῆς
3387 1660 3591 1729 θνητῆς
3616 1657 3839 1729 ταύτης

2165 1752 2257 1807 καὶ
2288 1752 2554 1826 ὲπικήρου
2583 1755 2751 1820 ζωῆς.
2786 1750 2994 1825 Μικρὸν
3030 1750 3135 1826 γὰρ
3173 1750 3394 1825 ὕστερον
3424 1749 3452 1804 ὁ
3487 1751 3691 1825 Καῖσαρ
3721 1747 3843 1804 Νὲ-

2172 1859 2279 1915 ρων
2322 1839 2619 1916 βουληθεὶς
2678 1837 2840 1894 αὐτὸν
2896 1845 2998 1908 τῆς
3058 1842 3207 1908 ζωῆς
3264 1836 3465 1909 ταύτης
3525 1836 3841 1913 ἐξαγαγεῖν,

402 1954 602 1994 veram
634 1937 770 2010 ipsi.
795 1953 1045 2009 qumque
1068 1937 1196 1993 sola
1220 1953 1355 1993 vera
1369 1937 1487 1993 vita
1516 1943 1626 2007 est,
1650 1938 1907 2008 donavit,
1943 1959 2056 1997 caa-

2181 1930 2272 1998 τῆν
2302 1926 2569 2000 ἀληθινῆν
2601 1927 2746 2002 αὗτῷ
2776 1928 2865 1983 καὶ
2928 1924 3099 1990 ὄντως
3156 1928 3303 1998 ζωὴν
3355 1926 3673 2007 ἐχαρίσατο,
3734 1928 3849 1984 καὶ

412 2028 576 2099 lique
607 2027 907 2083 heredem
956 2027 1287 2093 constituit,
1348 2043 1525 2099 quem
1588 2035 1747 2084 terra
1802 2032 2071 2103 privavit.

417 2118 562 2173 Sunt
596 2116 797 2187 itaque
830 2116 1118 2180 civitates,
1157 2133 1305 2188 quas
1337 2134 1442 2173 sua
1472 2119 1895 2190 praedicatione
1928 2142 2069 2197 per-

417 2205 693 2261 lustravit
721 2204 1165 2260 illustrissimus
1193 2205 1413 2261 Christi
1435 2207 1740 2278 apostolus
1762 2211 2078 2282 Paulus,ut

417 2295 480 2351 in
511 2294 932 2367 compendium
963 2294 1293 2350 referamus
1323 2311 1455 2367 quae
1488 2302 1839 2369 sequuntur.

566 2386 723 2441 102
754 2385 1281 2441 PEREGRINATIO
1311 2386 1527 2443 PAULI
1556 2389 1923 2449 APOSTOIJ.

486 2478 534 2531 Α
555 2475 842 2531 Damasco
863 2474 1460 2547 cmpit,ascenditque
1475 2476 1907 2552 Hierosolyma,
1932 2481 2074 2541 inde

415 2564 683 2625 Tarsum.
717 2567 778 2619 et
804 2563 877 2620 ab
911 2578 981 2619 eo
1013 2563 1141 2619 loco
1177 2564 1577 2630 Antiochiam,
1601 2584 1964 2642 rursumque
1984 2588 2074 2629 se-

416 2653 612 2711 cundo
641 2653 1069 2726 Hierosolyma.
1103 2670 1172 2710 ac
1203 2654 1401 2711 denuo
1429 2655 1829 2726 Antiochiam,
1857 2664 1914 2715 et
1934 2661 2074 2717 inde

415 2761 553 2803 cum
586 2743 855 2801 Barnaba
876 2749 1185 2816 separatus
1214 2743 1276 2799 in
1307 2744 1705 2816 apostolatum
1764 2747 2079 2805 descendit

415 2834 772 2898 Seleuciam,
808 2831 1023 2888 deinde
1071 2838 1348 2905 Cyprum.
1408 2833 1509 2889 ubi
1563 2839 1623 2890 et
1676 2836 1898 2893 Paulus
1958 2838 2075 2895 dici

415 2929 643 2997 cceptus
670 2922 1167 2995 est.postmodum
1188 2923 1437 2995 Pergen.
1459 2922 1676 2981 deinde
1696 2927 2077 2985 Antiochiam

420 3013 681 3081 Pisidiae,
712 3012 852 3067 inde
887 3012 1176 3078 Iconium,
1219 3010 1361 3067 hinc
1405 3012 1671 3085 Lystram
1727 3032 1795 3072 ac
1842 3016 2077 3075 Derben

423 3103 750 3175 Lycaoniae.
785 3101 1169 3157 Postmodum
1190 3101 1253 3156 in
1277 3102 1920 3174 Pamphiliam.deinde
1943 3109 2078 3163 Per-

415 3209 551 3267 gen,
583 3193 724 3249 hinc
753 3191 1055 3253 Attaliam,
1089 3208 1328 3248 rursum
1362 3192 1534 3248 tertio
1566 3193 1947 3252 Antiochiam
1972 3197 2079 3269 Sy-

418 3284 545 3341 riaa.
579 3280 968 3337 Postmodum
1000 3281 1175 3336 tertio
1213 3298 1451 3337 rursum
1507 3283 1917 3358 Hierosolyma
1963 3287 2070 3342 cir-

420 3371 809 3430 cumcisionis
843 3385 1024 3426 causa
1052 3386 1065 3423 :
1111 3369 1332 3425 deinde
1363 3371 1580 3427 iterum
1610 3379 1821 3444 quarto
1873 3376 2078 3430 Antio-

420 3461 639 3519 chiam.
692 3460 839 3514 Tum
898 3458 1280 3529 pertransivit
1363 3460 1594 3532 Syriam
1654 3478 1722 3518 ac
1786 3463 2073 3520 Ciliciam.

419 3554 677 3607 Rursum
710 3547 974 3604 secundo
1006 3547 1239 3604 Derben
1271 3564 1339 3603 ac
1388 3549 1679 3620 Lystram,
1726 3552 1829 3607 ubi
1879 3553 2074 3610 Timo-

420 3640 628 3696 theum
659 3636 1054 3693 circumcidit.
1088 3638 1154 3693 In
1213 3639 1553 3712 Phrygiam,
1608 3642 1988 3713 postmodum
2020 3648 2080 3700 et

419 3727 744 3786 Galaticam
776 3726 1102 3799 regionem,
1136 3727 1278 3783 inde
1297 3727 1360 3782 in
1386 3729 1651 3800 Mysiam,
1680 3734 2075 3803 posteaTro’a-

418 3819 577 3885 dem,
611 3816 825 3872 etinde
847 3816 1173 3888 Neapolim.
1197 3818 1343 3873 Hinc
1368 3817 1695 3892 Philippos,
1720 3821 2075 3878 Macedonia;

419 3906 652 3975 urbem,
683 3904 902 3962 deinde
933 3906 1341 3978 Amphipolim
1392 3908 1892 3982 Apolloniamque
1941 3928 2075 3983 per-

420 3998 720 4054 transiens
777 3995 937 4051 venit
986 3995 1519 4052 Thessalonicam:
1566 3999 1726 4054 unde
1788 4001 2074 4057 Beroeam.

422 4088 570 4141 Hinc
591 4084 854 4141 secundo
886 4084 1259 4139 Antiochiam
1283 4085 1805 4143 Pisidiae.Rursum
1832 4089 1893 4143 in
1907 4089 2076 4145 Gala-

419 4177 599 4230 ticam
629 4174 932 4242 regionem
965 4189 1033 4227 ac
1064 4173 1380 4245 Phrygiam
1406 4191 1419 4227 :
1481 4174 1696 4232 deinde
1735 4177 1950 4233 iterum
1982 4194 2076 4233 se-

422 4264 616 4322 cundo
648 4263 949 4334 Ephesum
983 4277 997 4315 :
1029 4262 1188 4317 unde
1222 4264 1629 4333 pertransiens
1672 4266 2077 4324 Macedoniam

422 4355 583 4411 venit
610 4354 672 4408 in
710 4351 991 4408 Graeciam
1027 4368 1039 4406 :
1074 4357 1133 4407 et
1182 4351 1323 4406 inde
1380 4356 1681 4425 praeterita
1736 4357 2080 4414 Macedonia

423 4459 663 4503 rursum
686 4441 1016 4512 Philippos,
1041 4445 1100 4495 et
1121 4457 1156 4496 a
1175 4440 1467 4513 Philippis
1489 4445 1800 4513 Troadem,
1831 4447 1931 4503 ubi
1963 4447 2078 4503 Eu-

426 4534 692 4609 tychum,
718 4532 818 4604 qui
845 4548 879 4587 a
900 4531 1203 4587 caenaculo
1229 4532 1545 4603 ceciderat,
1574 4537 1895 4593 suscitavit.
1931 4538 2078 4594 Hinc

425 4633 641 4687 Asson.
675 4628 733 4678 et
754 4620 1135 4695 postmodum
1160 4622 1524 4694 Mytilenem,
1552 4623 1769 4682 deinde
1793 4627 1853 4682 in
1880 4635 2077 4700 partes

422 4733 554 4790 qum
585 4715 713 4770 sitm
738 4718 880 4769 sunt
901 4717 1108 4767 contra
1128 4711 1361 4778 Chium,
1386 4713 1545 4769 unde
1569 4715 1841 4773 Samum:
1868 4724 2078 4791 postea

419 4808 707 4869 Miletum,
740 4803 899 4859 unde
930 4801 1232 4857 advocatis
1254 4802 1349 4858 his
1380 4805 1480 4875 qui
1511 4806 1728 4877 Ephesi
1760 4807 2073 4881 degebant,

418 4898 654 4953 locutus
672 4899 764 4950 est
790 4909 928 4949 cum
961 4892 1077 4947 eis:
1103 4891 1246 4947 hinc
1275 4892 1480 4957 Coum,
1514 4896 1893 4967 postmodum
1918 4899 2072 4955 Rho-

420 4988 602 5043 dum:
662 4989 722 5040 et
777 4984 916 5039 inde
973 4984 1268 5050 Pataram,
1328 4983 1489 5040 unde
1552 4987 1787 5057 Tyrum.
1853 4988 2073 5044 Deinde

421 5072 877 5138 Ptolemaidem,
905 5071 1165 5142 indeque
1202 5078 1549 5130 Caesaream.
1591 5076 1662 5130 Et
1689 5076 1831 5131 hinc
1862 5082 2073 5149 quarto

424 5179 664 5222 rursum
695 5161 965 5217 ascendit
1021 5161 1451 5234 Hierosolyma,
1500 5163 1659 5220 unde
1715 5166 1934 5223 missus
1984 5172 2076 5224 est

426 5258 754 5312 Cassaream
780 5269 792 5307 :
826 5268 895 5309 ac
925 5250 1304 5323 postmodum
1336 5252 1568 5309 vinctus
1597 5256 1863 5312 Romam.
1915 5257 2001 5313 Ita
2039 5274 2074 5314 a

423 5347 692 5402 Caesarea
719 5341 882 5396 venit
907 5340 1190 5396 Sidouem
1221 5346 1280 5395 et
1310 5342 1451 5398 inde
1478 5345 2073 5418 MyraLyciaa,postea

423 5434 678 5491 Cnidum
705 5448 717 5485 :
750 5435 807 5486 et
837 5430 976 5485 hinc
1007 5429 1196 5485 multa
1233 5445 1445 5502 passus
1475 5432 1537 5487 in
1586 5434 1845 5491 insulam
1892 5435 2071 5503 venit,

419 5524 522 5581 ubi
556 5510 756 5594 vipera
795 5535 1040 5577 manum
1070 5520 1202 5593 ejus
1258 5523 1674 5594 apprehendit,
1734 5526 2071 5599 mansitque

426 5614 675 5674 illaesus.

2181 2022 2407 2091 καθιστᾷ
2462 2019 2695 2094 οὐρανοῦ
2746 2015 3115 2093 κληρονόμον,
3187 2018 3245 2072 ’ὀν
3304 2024 3405 2086 τῆς
3456 2024 3558 2093 γῆς
3617 2017 3851 2073 ἀπεστέ-

2186 2129 2365 2187 ρησεν.
2429 2108 2574 2164 Εἰσὶν
2627 2106 2719 2163 οῦν
2780 2108 2834 2162 a't
2889 2105 3193 2177 πολιτεῖαι,
3249 2104 3309 2170 ἅς
3368 2111 3448 2179 τῷ
3518 2107 3849 2183 κηρῦγματι

2183 2196 2476 2274 περιῆλθεν
2535 2198 2563 2253 ὁ
2615 2195 2973 2275 πανεόφημος
3051 2200 3148 2253 τοῦ
3220 2198 3451 2272 Χριστοῦ
3525 2196 3850 2262 ἀπόστολος

2186 2286 2427 2355 Παῦλος,
2458 2287 2533 2350 ὡς
2564 2286 2614 2342 ἐν
2652 2286 2904 2361 συντόμῳ
2929 2286 3119 2355 εἷπεῖν,
3151 2287 3330 2342 αὗται·

2320 2380 2720 2437 ΑΠΟΔΗΜΙΑΙ
2759 2378 3040 2435 ΙίΑΥΛΟΥ
3076 2377 3207 2435 ΤΟΥ
3242 2377 3696 2435 ΑΙΙΟΣΤΟΛΟΥ.

2256 2469 2395 2527 Ἀπὸ
2426 2471 2718 2540 Δαμασκοῦ
2745 2464 2971 2543 ἤρξατο,
3001 2464 3093 2522 καὶ
3150 2463 3382 2537 ἀνῆλθεν
3431 2466 3507 2530 εἰς
3563 2467 3850 2541 Ἰερουσα-

2185 2557 2330 2632 λήμ.
2363 2560 2601 2623 Ἐκεῖθεν
2634 2556 2712 2620 είς
2751 2557 2979 2634 Ταρσόν.
3044 2557 3295 2613 Κάκεῖθεν
3347 2555 3426 2620 εἷς
3477 2555 3844 2633 Ἀντιόχειαν.

2186 2650 2286 2706 Καὶ
2332 2648 2498 2706 πάλιν
2529 2647 3018 2724 εἶςἸερουσαλὴμ,
3071 2646 3163 2703 καὶ
3220 2645 3388 2705 πάλιν
3447 2644 3695 2724 δεύτερον
3756 2647 3842 2714 εἷς

2185 2738 2553 2814 Ἀντιόχειαν.
2642 2738 2900 2802 Κάκεῖθεν
2980 2735 3291 2818 ἀφορισθεῖς
3380 2736 3515 2811 μετά
3598 2734 3846 2815 Βαρνάϐα

2186 2826 2263 2890 εἷς
2311 2829 2410 2898 τῆν
2462 2825 2781 2895 ἀποστολήν
2835 2824 3106 2891 κατῆλθεν
3163 2827 3241 2890 εἲς
3301 2827 3641 2886 Σελεύκειαν.
3698 2829 3838 2887 Εἶτα

2187 2917 2262 2980 εἷς
2296 2916 2532 2992 Κύπρον,
2564 2911 2686 2981 ἔνθα
2708 2917 2800 2972 καὶ
2831 2914 3048 2978 Ηαῦλος
3093 2913 3297 2992 ἤρξατο
3352 2916 3653 2983 καλεῖσθαι.
3694 2920 3832 2974 Εἶτα

2186 3008 2263 3072 είς
2298 3008 2534 3082 Πέργην,
2568 3009 2687 3064 εἶτα
2716 3007 2794 3072 ε”ς
2825 3007 3173 3083 Ἀντιόχειαν
3229 3015 3330 3079 τῆς
3384 3007 3649 3073 Πισιδίας.
3694 3011 3837 3066 Εἶτα

2186 3099 2262 3162 είς
2319 3099 2566 3157 Ἰκόνιον.
2629 3099 2765 3155 Εἶτα
2834 3098 2909 3162 εἷς
2973 3099 3242 3175 Λύστραν,
3324 3101 3411 3155 καὶ
3474 3095 3679 3174 Δέρϐην
3738 3106 3844 3171 τῆς

2185 3189 2511 3253 Λυκαονίας.
2546 3189 2682 3246 Εἶτα
2732 3190 2808 3252 εἷς
2869 3187 3220 3268 Παμφυλίαν.
3281 3190 3416 3246 Εἶτα
3470 3190 3546 3255 εἰς
3604 3191 3846 3267 Πέργην.

2188 3283 2324 3338 Εἶτα
2354 3280 2431 3344 είς
2461 3280 2802 3340 Ἀττάλειαν.
2863 3280 2998 3337 Εἶτα
3054 3279 3218 3336 πάλιν
3275 3281 3457 3357 τρίτον
3510 3280 3587 3345 εἷς
3643 3281 3850 3339 Ἀντιό-

2189 3390 2348 3447 χειαν
2371 3378 2471 3440 τῆς
2503 3369 2721 3446 Συρίας.
2781 3370 2918 3427 Εἶτα
2972 3370 3140 3426 πάλιν
3199 3369 3382 3448 τρίτον
3442 3370 3519 3436 εἷς
3574 3372 3850 3446 Ἰερουσα-

2183 3456 2446 3533 λήμ,διά
2496 3460 2598 3528 τήν
2658 3461 2989 3535 περιτομήν.
3043 3459 3179 3517 Εἶτα
3233 3460 3398 3517 πάλιν
3456 3462 3711 3538 τέταρτον
3764 3454 3847 3525 εἰς

2184 3549 2553 3628 Ἀντιόχειαν.
2588 3549 2725 3605 Εἶτα
2756 3546 2954 3619 διῆλθε
2980 3551 3082 3621 τὴν
3132 3549 3331 3626 Συρίαν
3385 3549 3476 3606 καὶ
3525 3553 3628 3621 τήν
3675 3550 3844 3610 Κιλι-

2184 3636 2325 3697 κίαν.
2358 3637 2495 3695 Εἶτα
2523 3637 2689 3694 πάλιν
2724 3635 2973 3714 δεύτερον
3024 3639 3102 3703 εἷς
3161 3635 3366 3717 Δέρϐην
3426 3639 3516 3697 καὶ
3572 3642 3841 3719 Λύστραν,

2184 3723 2309 3782 ἔνθα
2364 3728 2632 3800 Τιμόθεον
2701 3726 3031 3803 περιέτεμεν.
3112 3729 3251 3787 Εἶτα
3306 3729 3384 3792 εἷς
3443 3731 3688 3807 Φρυγίαν
3744 3731 3841 3787 καὶ

2182 3817 2284 3885 τὴν
2317 3816 2623 3887 Γαλατικὴν
2681 3818 2890 3894 χώραν.
2961 3818 3095 3875 Εἶτα
3164 3819 3238 3882 εἰς
3278 3819 3511 3877 Μυσίαν.
3573 3822 3703 3878 Εἶτα
3760 3822 3844 3886 εἷς

2184 3904 2439 3982 Τρωάδα.
2501 3907 2757 3972 Κάκεῖθεν
2814 3907 2891 3971 είς
2947 3907 3247 3967 Νεάπολιν.
3308 3909 3444 3966 Εἶτα
3501 3912 3577 3974 εἷς
3636 3911 3847 3967 Φιλίπ-

2183 4013 2320 4057 πους
2383 4001 2485 4064 τῆς
2551 3992 2904 4057 Μακεδονίας.
2978 3996 3114 4054 Εἶτα
3162 3994 3363 4054 διελθὼ
3414 4000 3514 4068 τήν
3569 4000 3846 4078 ’Λμφίποο

2185 4082 2271 4140 λιν
2294 4083 2383 4138 καὶ
2414 4083 3028 4155 Ἀπολλωνίαν,ἧλθεν
3088 4086 3164 4149 εἷς
3221 4086 3641 4162 Θεσσαλονίκην.
3704 4089 3845 4147 Εἶτα

2184 4172 2262 4235 εἷς
2297 4175 2541 4248 Βέροιαν.
2578 4175 2714 4231 Εἶτα
2756 4172 3004 4251 δεύτερον
3065 4175 3141 4239 εἷς
3195 4178 3529 4254 Ἀντιόχειαν
3584 4183 3681 4245 τῆς
3738 4182 3847 4238 Πι-

2186 4260 2382 4326 σιδίας.
2416 4263 2548 4321 Εἶτα
2578 4263 2655 4328 εἷς
2685 4266 2785 4333 τὴν
2833 4265 3146 4337 Γαλατικὴν
3193 4268 3379 4344 χώραν
3425 4270 3515 4325 καὶ
3575 4270 3843 4346 Φρυγίαν.

2184 4353 2320 4411 Εἶτα
2344 4352 2509 4409 πάλιν
2539 4350 2788 4430 δεύτερον
2842 4353 2919 4419 ε”ς
2967 4357 3217 4429 Ἔφεσον.
3272 4358 3406 4415 Εἶτα
3455 4355 3687 4424 διελθὼν
3737 4362 3844 4430 τὴν

2184 4440 2548 4514 Μακεδονίαν,
2592 4443 2758 4514 ἧλοεν
2821 4443 2898 4506 εἷς
2957 4443 3222 4502 Ἐλλάδα.
3288 4448 3545 4504 Κάκεῖθεν
3606 4446 3841 4514 διελθὼν

2182 4535 2281 4603 τήν
2314 4532 2675 4601 Μακεδονίαν,
2706 4533 2846 4604 ἦλθε
2875 4536 3042 4591 πάλιν
3074 4533 3321 4613 δεύτερον
3363 4539 3439 4598 εἷς
3495 4538 3841 4604 Φιλίππους.

2185 4624 2290 4682 Καὶ
2318 4624 2424 4680 ἀπὸ
2465 4623 2748 4680 Φιλίππον
2800 4623 2881 4687 εἷς
2939 4624 3197 4701 Τρωάδα,
3252 4625 3380 4693 ἔνθα
3436 4629 3529 4684 τὸν
3590 4627 3844 4708 Εὔτυχον

2188 4712 2374 4789 ἤγειρε
2403 4714 2655 4771 πεσόντα.
2689 4714 2824 4769 Εἶτα
2853 4716 2931 4777 εἰς
2986 4716 3090 4786 τὴν
3144 4716 3364 4774 Ἀσσον.
3426 4720 3565 4774 Εἶτα
3617 4719 3694 4784 εἶς
3744 4726 3848 4777 Μι-

2186 4801 2455 4875 τυλήνην.
2491 4805 2621 4860 Εἶτα
2652 4803 2727 4867 εἷς
2756 4825 2824 4861 τα
2851 4804 3069 4880 ἀντικρὺ
3100 4806 3259 4866 Χίου.
3310 4807 3445 4862 Εἶτα
3505 4808 3582 4871 εἰς
3629 4808 3844 4884 Σάμον.

2188 4891 2439 4949 Κάκεῖθεν
2498 4892 2574 4956 εἲς
2660 4893 2930 4966 Μίλητον.
3020 4896 3255 4960 Ἐκεῖθεν
3347 4899 3845 4973 μεταπεμψάμενος

2184 4982 2312 5046 τοὺς
2362 4981 2415 5039 ἐν
2461 4982 2693 5062 Ἐφέσῳ,
2753 4984 3039 5059 ὡμίλησεν
3102 4984 3306 5051 αὐτοῖς.
3366 4988 3501 5045 Εἶτα
3556 4990 3636 5053 είς
3697 4995 3844 5050 Κῶν.

2188 5074 2325 5131 Εἶτα
2355 5072 2431 5137 είς
2461 5073 2672 5131 Ῥοδον.
2707 5073 2967 5131 Κάκεῖθεν
3015 5075 3092 5137 εἷς
3149 5078 3391 5154 Βάταραο
3452 5078 3703 5135 Κάκεῖθεν
3761 5082 3867 5145 εἷς·

2187 5162 2387 5239 Τύρον.
2439 5162 2575 5219 Εἶτα
2635 5162 2713 5226 εἷς
2768 5162 3142 5237 Ητολεμαΐδα.
3205 5165 3462 5232 Κάκεῖθεν
3515 5168 3591 5233 εἷς
3651 5170 3842 5228 Καισά-

2194 5271 2360 5328 ρειαν.
2392 5252 2650 5310 Κάκεῖθεν
2682 5250 2887 5321 ἀνῆλθε
2924 5254 3178 5329 τέταρτον
3226 5254 3392 5312 πάλιν
3443 5257 3520 5322 εἷς
3576 5259 3847 5338 Ἰερουσαο

2191 5339 2335 5415 λήμ.
2416 5343 2670 5397 Κάκεῖθεν
2747 5343 3112 5422 παρεπέμφθη
3201 5344 3277 5407 εἷς
3350 5349 3697 5425 Καισάρειαν.
3743 5351 3848 5407 Καὶ

2189 5430 2385 5489 λοιπὸν
2419 5427 2644 5504 δέσμιος
2673 5428 2761 5486 ἐπὶ
2808 5430 3055 5504 Ῥώμην,
3103 5432 3278 5497 οὕτως
3328 5435 3435 5493 ἀπὸ
3494 5440 3845 5515 Καισαρείας,

2188 5523 2358 5594 ἦλθεν
2390 5523 2467 5586 είς
2499 5521 2731 5595 Σιδῶνα,
2793 5524 3049 5580 Κάκεῖθεν
3110 5526 3186 5589 εἰς
3245 5529 3403 5604 Μύρα
3461 5538 3565 5602 τῆς
3617 5534 3844 5599 Λυκίας.

2190 5614 2324 5672 Εἶτα
2355 5615 2432 5677 εἰς
2464 5612 2685 5672 Κνίδον.
2739 5615 2992 5672 Κάκεῖθεν
3041 5615 3228 5673 πολλά
3270 5621 3481 5693 παθὼν,
3538 5619 3707 5693 ἦλθεν
3768 5627 3849 5693 εἷς

2188 5706 2289 5775 τήν
2312 5711 2510 5793 νῆσον,
2543 5704 2668 5793 ἔνθα
2696 5707 2731 5793 ᾖ
2764 5702 2960 5781 ἔχιδνα
2988 5708 3273 5783 καθήψατο
3301 5710 3401 5780 τῆς
3432 5712 3621 5793 χειρὸς
3649 5714 3847 5790 αὐτοῦ,

2190 5793 2279 5851 καί
2308 5790 2518 5871 ἔμεινεν
2549 5789 2821 5867 ἀϐλαϐής.
