4112 6474
382 460 498 524 313

1508 453 1928 517 COMMENT.
1977 452 2055 515 ιΝ
2096 451 2342 517 EPIST.
2388 454 2494 516 AD
2526 455 2716 517 ROM.

3703 454 3823 515 314

398 610 405 621 '
466 592 604 655 Εἶτα
651 590 734 654 εἴς
781 588 1161 666 Συρακούσας.
1195 588 1329 647 Εἶτα
1391 586 1470 651 εἷς
1526 586 1772 665 Ῥήγιον.
1805 584 2059 651 Κάκεῖθεν

2247 587 2402 645 ινδ
2426 588 2650 646 Dehinc
2679 589 3019 663 Syracusas,
3061 589 3200 647 inde
3230 588 3556 664 Rhegium:
3587 594 3646 647 et
3681 589 3827 647 hinc

396 685 476 749 εἷς
498 680 827 747 Ποτιόλους.
889 680 1148 737 Κάκεῖθεν
1207 679 1370 750 πεζὸς
1423 677 1656 747 ἀνῆλθεν
1705 676 1784 741 εἷς
1811 677 2055 750 Ῥώμην,

391 774 823 845 ἀπαντησάντων
875 771 1029 844 αὐτῷ
1078 775 1189 826 τῶν
1233 765 1506 847 ἀδελφῶν,
1555 766 1631 830 εἰς
1682 766 1916 824 Ἀππίου
1949 766 2056 845 φό-

394 886 489 942 ρον
538 863 631 919 καὶ
678 867 842 937 Τρεῖς
899 855 1201 936 Ταῦέρνας,
1258 859 1348 914 καὶ
1407 855 1604 914 λοιπὸν
1660 856 1921 913 εἰσελθὼν
1981 855 2058 921 είς

389 956 643 1028 Ῥώμην,
675 951 770 1007 καὶ
829 948 1048 1023 διδάξας
1104 947 1330 1025 χρόνον,
1384 946 1595 1015 ὕκανὸν,
1627 946 1849 1021 ὕστερον
1880 946 1932 1001 ἐν
1959 945 2060 1001 αὐ-

383 1049 459 1121 τῇ
493 1048 565 1117 τῇ
597 1043 791 1116 Ῥώμῃ
848 1039 1244 1115 ἐμαρτύρησεν,
1303 1036 1495 1092 αύτόθι
1550 1037 1640 1091 τὸν
1674 1034 1843 1092 καλὸν
1875 1036 2060 1112 ἀγῶνα

393 1133 837 1210 ἀγωνισάμενος.
886 1131 1158 1202 Ῥωμαῖοι
1206 1125 1265 1183 δὲ
1314 1124 1703 1202 περικαλλέσιν
1753 1125 1930 1187 οἳκοις
1967 1125 2059 1181 καὶ

387 1221 711 1302 βασιλείοις
755 1221 825 1276 τὰ
860 1219 1095 1294 λείψανα
1138 1217 1335 1273 τούτου
1391 1215 1787 1291 καθείρξαντες,
1817 1214 2058 1272 ἐπέτειον

383 1314 547 1385 αὐτῷ
611 1312 842 1384 μνήμης
879 1307 1090 1386 ἡμέραν
1140 1305 1596 1385 πανηγυρίζουσι,
1624 1309 1695 1379 τῇ
1753 1307 1860 1381 πρὸ
1890 1310 2058 1381 τριῶν

382 1399 688 1461 καλανδῶν
722 1397 969 1458 Ἰουλίων
999 1398 1169 1454 αὐτοῦ
1223 1397 1286 1453 τὸ
1338 1395 1639 1472 μαρτύριον
1670 1397 2050 1472 ἑορτάζοντες.

380 1492 618 1556 Πολλὰς
660 1490 722 1549 δὲ
762 1490 854 1547 καὶ
910 1490 1019 1565 πρὸ
1069 1490 1266 1545 τούτου
1314 1486 1423 1560 ἢδη
1472 1489 1812 1563 παραινέσεις
1843 1488 1974 1560 ὑπὲρ
2001 1508 2061 1544 τε

391 1585 522 1661 βίου
552 1583 646 1639 καὶ
680 1582 903 1658 ἀρετῆς,
962 1580 991 1635 6
1054 1579 1321 1653 μακάριος
1375 1577 1697 1647 ἐποιήσατο,
1751 1575 2059 1633 καὶπολλὰ

401 1675 526 1750 περὶ
583 1677 693 1728 τῶν
780 1670 1066 1743 πρακτέων
1142 1673 1259 1730 τοῖς
1339 1667 1667 1750 ἀνθρώποις,
1702 1666 2057 1744 εἰσηγήσατο.

405 1760 530 1816 Ἔτι
576 1754 631 1813 δὲ
673 1756 766 1811 καὶ
829 1752 980 1819 ὅλως
1034 1750 1125 1809 διὰ
1177 1760 1280 1823 τῆς
1340 1752 1481 1832 ὑφῆς
1510 1756 1620 1810 τῶν
1653 1749 2057 1828 δεκατεσσάρων

411 1846 701 1904 ἐπιστολῶν
765 1844 1003 1914 τούτων,
1063 1842 1167 1913 τὴν
1220 1840 1358 1914 ὅλην
1425 1842 1735 1925 ἀνθρώποις
1801 1839 2060 1918 διέγραψε

2168 679 2634 745 Puteolos,unde
2674 679 2857 752 pedes
2878 681 3149 738 ascendit
3178 682 3826 748 Romam,occurrenti-

2167 769 2279 825 bus
2352 767 2442 824 illi
2497 769 2782 826 fratribus
2836 770 2911 826 ad
2963 771 3134 842 Appii
3176 770 3371 825 forum
3430 786 3497 825 ac
3543 772 3683 826 Tres
3713 772 3823 826 Ta—

2169 859 2411 928 bernas,
2457 864 2517 915 et
2571 865 2778 931 postea
2832 862 3083 916 Romam
3157 860 3460 932 ingressus
3516 860 3825 933 multoque

2173 953 2438 1017 tempore
2471 949 2714 1014 docens,
2736 950 2976 1005 tandem
3000 950 3203 1021 inipsa
3229 949 3374 1005 urbe
3398 950 3582 1005 Roma
3611 957 3827 1023 marty-

2170 1037 2259 1094 rio
2291 1038 2470 1093 vitam
2502 1038 2711 1100 finivit,
2729 1055 2865 1094 cum
2888 1038 3111 1093 ibidem
3135 1038 3359 1093 bonum
3390 1044 3687 1095 certamen
3704 1055 3826 1094 cer-

2171 1132 2371 1185 tasset.
2384 1129 2632 1185 Romani
2660 1145 2790 1183 vero
2824 1128 3074 1183 inclusis
3097 1129 3229 1199 ejus
3252 1127 3524 1199 reliquiis
3554 1128 3821 1199 pulchris

2170 1234 2239 1275 ac
2268 1219 2567 1289 argenteis
2598 1218 2808 1283 thecis,
2840 1234 3066 1273 annum
3117 1218 3170 1274 ei
3208 1218 3513 1273 memoriae
3543 1217 3703 1273 diem
3733 1234 3827 1273 co-

2171 1307 2323 1374 lunt,
2383 1308 2460 1363 IlI
2510 1306 2809 1363 Kalendas
2867 1307 3005 1363 Julii
3063 1307 3418 1379 martyrium
3478 1308 3609 1379 ejus
3668 1307 3830 1363 cele-

2170 1396 2432 1454 brantes.
2464 1397 2662 1453 Multis
2692 1402 2892 1453 autem
2922 1403 3101 1452 antea
3125 1396 3294 1453 divus
3327 1397 3547 1453 Paulus
3572 1414 3707 1453 cum
3753 1396 3826 1453 de

2166 1488 2284 1543 vita
2319 1493 2444 1543 tum
2474 1487 2547 1543 de
2572 1488 2786 1542 virtute
2834 1487 3183 1543 adhortatus
3232 1492 3377 1555 erat,
3412 1486 3722 1559 multaque
3756 1488 3831 1543 de

2166 1577 2262 1634 his
2287 1594 2419 1649 qum
2444 1576 2677 1650 agenda
2705 1582 2863 1645 sunt,
2894 1577 3168 1633 homines
3200 1576 3506 1633 docuerat.
3529 1578 3829 1634 Praeterea
3880 1646 3899 1659 ι

2168 1672 2369 1724 autem
2417 1671 2476 1722 et
2519 1683 2626 1738 per
2677 1667 2891 1722 harum
2931 1667 3381 1738 quatuordecim
3437 1667 3825 1738 epistolarum

2170 1761 2512 1814 contextum
2543 1757 2790 1813 omnino
2819 1757 3187 1829 praescripsit
3211 1756 3556 1813 hominibus
3586 1757 3830 1812 univer-

2170 1862 2299 1903 sam
2328 1847 2860 1903 conversationem.
2895 1847 3310 1902 Necessarium
3341 1851 3541 1902 autem
3573 1845 3737 1915 duxi,
3762 1851 3831 1902 ut

406 1937 696 1994 πολιτείαν.
758 1936 1090 2013 Ἀναγκαῖον
1149 1930 1206 1989 δὲ
1261 1932 1562 2008 ἡγησάμην
1615 1931 1667 1987 ἐν
1724 1933 1929 2008 βραχεῖ
1966 1932 2056 1989 καὶ

2169 1937 2374 2010 paucis
2394 1935 2588 1992 verbis
2610 1941 2844 2008 tempus
2876 1936 3315 2008 praedicationis
3338 1936 3505 1991 Pauli
3531 1936 3824 2010 signiﬁca-

398 2028 490 2083 τὸν
549 2026 751 2102 χρόνον
808 2022 1316 2096 ἐπισημειώσασθαι
1369 2025 1468 2077 τοῦ
1506 2022 1864 2099 κηρὺγματος
1916 2021 2058 2078 Παύ-

392 2117 526 2187 λου,
558 2116 620 2172 ἐκ
672 2122 782 2172 τῶν
831 2118 1110 2191 χρονικῶν
1164 2112 1403 2169 κανόνων
1459 2108 1725 2170 Εὐσεὸίου
1772 2118 1870 2170 τοῦ
1903 2119 2061 2186 Παμ-

395 2207 571 2290 φιλου
644 2209 745 2278 τὴν
803 2202 1274 2284 ἀνακεφαλαίωσιν
1335 2202 1688 2277 ποιούμενος.
1755 2204 1924 2260 Ἔνθα
1989 2200 2055 2275 δὴ

390 2300 497 2367 τὴν
534 2292 735 2374 βίϐλον
771 2295 908 2371 μετὰ
964 2299 1158 2371 χεῖρας
1213 2292 1478 2364 εἰληφὼς,
1536 2293 1629 2348 καὶ
1680 2294 1885 2361 ταύτην
1934 2294 2057 2349 ἀνα·

396 2388 630 2461 πτύξας,
690 2387 924 2461 εὑρίσκω
981 2386 1046 2442 τὸ
1099 2386 1272 2450 πάθος
1327 2388 1425 2441 τοῦ
1475 2391 1737 2457 Σωτῆρος
1776 2388 1938 2459 ἡμῶν
1969 2386 2060 2442 καὶ

396 2483 613 2559 Κυρίου
664 2484 852 2553 Ἰησοῦ
900 2476 1139 2553 Χριστοῦ
1196 2478 1248 2534 ἐν
1311 2476 1762 2553 ὀκτωκαιδεκάτῳ
1818 2477 1928 2536 ἔτει
1963 2485 2063 2536 Τι-

392 2569 592 2645 ϐερίου
624 2570 889 2644 Καίσαρος
941 2566 1334 2648 γεγενημένον,
1385 2568 1476 2624 καὶ
1522 2570 1625 2640 τὴν
1669 2571 1971 2646 τριήμερον
2004 2566 2065 2625 δὲ

388 2662 557 2728 εὐθὺς
589 2661 898 2732 ἀνάστασιν,
955 2658 1048 2715 καὶ
1107 2655 1276 2714 πάλιν
1332 2658 1436 2728 τήν
1493 2658 1570 2721 εἰς
1626 2657 1888 2733 οὐρανοὺς
1932 2657 2065 2715 ἀνά-

394 2755 579 2831 ληψιν
622 2757 721 2809 τοῦ
772 2755 1039 2827 Χριστοῦ.
1090 2749 1191 2806 Καὶ
1242 2750 1361 2825 μεθ’
1403 2750 1615 2826 ἡμέρας
1660 2752 1813 2814 τινὰς
1844 2749 2063 2830 ὀλίγας,

394 2843 548 2903 εἶδον
620 2843 735 2899 ἐκεῖ
798 2842 925 2903 τοὺς
990 2838 1334 2903 ἀποστόλους
1400 2838 1931 2917 προχείριζομένους
1988 2842 2067 2904 εἰς

392 2933 681 2991 διακονίαν
743 2932 838 2989 τὸν
906 2930 1371 3008 αὖτοφερώνυμον
1435 2929 1730 3005 Στέφανον,
1795 2930 1888 2987 καί
1934 2929 2064 2994 τοὺς

395 3024 540 3103 ἀμφ’
571 3021 759 3080 αὐτόν.
819 3020 925 3078 Καὶ
986 3018 1273 3094 μετέπειτα
1328 3023 1512 3075 σαάσιν
1572 3017 1849 3078 Ἰουδαίων
1895 3019 2061 3077 πάλιν

396 3104 845 3184 καταλαμϐάνω,
892 3110 1072 3171 καθὼς
1119 3106 1229 3180 ⁴ἤδη
1274 3108 1631 3184 προείπομεν,
1663 3109 1754 3166 καὶ
1801 3110 1894 3165 τὸν
1928 3109 2062 3167 Στέ-

392 3224 570 3285 φανον
628 3199 1035 3277 ἀγωνιζόμενον
1101 3196 1293 3265 ἐκεῖσε,
1359 3197 1450 3254 καὶ
1515 3199 1608 3255 τὸν
1662 3198 1884 3255 Παῦλον
1944 3221 2065 3256 συν-

389 3290 734 3350 εὖδοκοῦντα
765 3289 906 3344 πάνυ
950 3292 1033 3360 τῷ
1078 3289 1246 3368 φόνῳ.
1306 3292 1405 3351 “Oc
1466 3288 1661 3365 μικρὸν
1693 3289 1913 3364 ὕστερον
1942 3296 2061 3354 τοῖς

390 3381 630 3458 ἄρχουσι
683 3384 796 3435 τῶν
847 3374 1124 3434 Ἰουδαίων
1177 3378 1480 3454 παραστὰς,
1533 3377 1825 3440 ἐπιστολὰς
1865 3377 2060 3452 ἐκομί-

396 3478 522 3543 ζετο
580 3468 726 3544 πρὸς
783 3466 910 3529 τοὺς
962 3466 1017 3523 ἐν
1070 3472 1341 3541 Δαμασκῷ
1399 3465 1696 3531 Ἰουδαίους
1750 3469 1889 3525 κατὰ
1951 3474 2060 3526 τῶν

407 3561 676 3634 μαθητῶν
728 3552 883 3613 Κατὰ
914 3552 973 3611 δὲ
1005 3553 1175 3628 μέσην
1233 3559 1333 3625 τήν
1389 3552 1533 3623 ὁδὸν,
1591 3559 1626 3626 ἡ
1678 3559 1877 3627 κλῆσις
1913 3560 2064 3631 αὖτῷ

409 3638 700 3725 γεγένηται
726 3646 878 3722 παρᾶ
913 3649 1012 3701 τοῦ
1068 3649 1223 3715 Θεοῦ,
1281 3646 1356 3710 ὡς
1410 3651 1591 3723 μικρῷ
1617 3646 2059 3721 προσαναλωθῆ-

416 3756 513 3791 ναι
564 3738 623 3791 τὸ
674 3734 793 3798 ἔτος
850 3734 1046 3792 ἐκεῖνο.
1105 3730 1541 3809 Ἐπιλαϐομένου
1587 3732 1728 3807 δῆτα
1753 3741 1852 3792 τοῦ
1883 3736 2060 3793 ἐννεα-

422 3822 728 3882 καιδεκάτου
794 3823 949 3889 ἔτους
1015 3819 1271 3898 Τιϐερίου
1346 3826 1631 3901 Καίσαρος,
1698 3827 2061 3899 κατάρξασθαι

415 3915 512 3973 τὸν
546 3913 750 3971 Παῦλον
789 3918 888 3971 τοῦ
942 3914 1318 3991 κηρύγματος,
1374 3917 1537 3994 φησῖν
1596 3918 1632 3987 ἡ
1690 3916 1920 3992 ἱστορία⁸
1969 3918 2059 3973 καὶ

404 4008 509 4077 τὴν
570 4007 777 4063 ἅπασαν
837 4003 1164 4081 οἷκουμένην
1229 4003 1566 4081 διαδραμεῖν,
1633 4005 2059 4087 εὐαγγελιζόμε-

391 4117 487 4153 νον
530 4097 632 4165 τήν
690 4096 765 4159 είς
821 4095 1055 4169 Χριστὸν
1114 4090 1404 4168 εὐσέϐειαν,
1468 4095 1634 4172 μέχρι
1681 4095 2059 4170 τρισκαιδεκά·

393 4207 497 4245 του
559 4182 715 4248 ἔτους
775 4182 1055 4243 Κλαυδίου
1117 4184 1402 4258 Καίσαρος,
1463 4186 1883 4262 ἧγεμονεύοντες
1937 4188 2061 4246 τότε

395 4283 500 4348 τῆς
558 4274 830 4339 Ἰουδαίας
890 4276 1161 4349 Φήλικος’
1222 4278 1303 4357 ἐφ’
1363 4279 1425 4335 οὗ
1483 4281 1885 4355 κατηγορηθεὶς
1955 4282 2058 4339 ὑπὸ

388 4366 706 4434 Ἰουδαίων,
749 4368 848 4437 τήν
898 4366 1204 4443 ἀπολογίαν
1260 4365 1559 4439 ἐποιήσατο
1595 4367 1829 4433 Παῦλος.
1860 4374 1957 4435 "Oc
1989 4370 2057 4445 δὴ

385 4464 487 4515 τὸν
517 4454 831 4514 ἀπόστολον
873 4455 949 4517 είς
989 4457 1054 4512 τὸ
1111 4458 1248 4512 κατὰ
1302 4458 1621 4530 Καισάρειαν
1678 4456 2056 4537 δεσμωτήριον

390 4548 680 4623 καθεῖρξεν
737 4545 824 4603 ἐπὶ
882 4543 1033 4602 δυσὶν
1111 4541 1273 4604 ἔτεσι.
1350 4550 1484 4606 Μεθ’
1560 4549 1621 4605 ’ὸν
1679 4547 2060 4625 διαδεξαμενος

385 4640 498 4709 τὴν
557 4637 740 4712 ἀρχὴν
799 4634 1034 4710 Πόρκιος
1092 4642 1331 4708 Φῆστος,
1388 4637 1546 4703 εὐθὺς
1604 4639 1906 4712 ἀνακρίνειν
1947 4639 2058 4717 ὥρ-

2168 2044 2297 2084 rem
2330 2044 2399 2084 ex
2424 2027 2758 2083 canonibus
2793 2032 3130 2098 temporum
3152 2026 3392 2081 Eusebii
3422 2027 3717 2099 Pamphili
3764 2027 3827 2083 in

2165 2116 2588 2190 compendium
2646 2116 2925 2181 redactis,
2976 2116 3079 2172 ubi
3119 2122 3277 2171 certe
3324 2116 3478 2171 libro
3511 2118 3573 2171 in
3606 2133 3823 2172 manus

2169 2214 2407 2281 sumpto
2446 2225 2637 2280 eoque
2671 2214 2875 2280 aperto
2908 2208 3248 2280 passionem
3280 2207 3477 2262 inveni
3501 2207 3821 2263 Salvatoris

2163 2299 2355 2356 nostri
2387 2303 2447 2353 et
2466 2297 2702 2354 Domini
2740 2298 2877 2353 Jesu
2908 2296 3126 2354 Christi
3157 2295 3388 2352 decimo
3421 2301 3624 2351 octavo
3646 2296 3824 2351 Tibe—

2162 2388 2238 2445 rii
2269 2388 2517 2445 Casaris
2547 2404 2707 2444 anno
2747 2387 3057 2455 accidisse,
3102 2389 3423 2459 statimque
3450 2386 3623 2443 tertio
3653 2390 3821 2457 post-

2163 2477 2407 2534 modum
2435 2477 2529 2533 die
2568 2478 3090 2546 resurrectionem,
3126 2494 3195 2533 ac
3224 2493 3462 2532 rursum
3512 2475 3728 2531 Christi
3756 2476 3819 2532 in

2163 2567 2343 2625 caelos
2374 2568 2868 2641 assumptionem.
2887 2569 3185 2639 Prmterea
3203 2566 3401 2622 inveni
3433 2565 3656 2622 ibidem
3678 2582 3824 2638 apo-

2169 2661 2355 2718 stolos
2384 2665 2521 2734 post
2542 2677 2763 2731 paucos
2783 2660 3016 2732 aliquot
3046 2660 3173 2717 dies
3197 2661 3259 2716 in
3292 2660 3697 2716 ministerium
3728 2659 3829 2715 de-

2165 2751 2383 2825 legisse
2400 2750 2788 2822 Stephanum,
2822 2751 2924 2822 qui
2956 2750 3266 2822 proprium
3289 2750 3402 2806 sibi
3433 2765 3655 2806 nomen
3672 2748 3827 2805 fere-

2166 2840 2323 2897 bat:
2385 2857 2454 2896 ac
2507 2839 2723 2896 deinde
2771 2840 3111 2896 Iudaeorum
3172 2839 3529 2895 seditionem
3584 2855 3825 2895 rursum

2169 2931 2573 3003 deprehendo,
2607 2931 2764 2987 sicut
2784 2931 2914 3001 jam
2936 2929 3348 3003 praediximus,
3372 2946 3736 3003 passumque
3760 2930 3827 2985 in

2167 3037 2239 3078 ea
2267 3020 2652 3093 Stephanum,
2670 3036 2737 3076 ac
2757 3020 3013 3075 Paulum
3036 3021 3098 3075 in
3121 3026 3374 3075 mortem
3406 3021 3536 3090 ejus
3569 3035 3829 3075 consen-

2167 3110 2560 3176 tientem.Qui
2583 3110 2760 3182 paulo
2785 3115 2920 3181 post
2948 3109 3023 3165 ad
3049 3110 3386 3165 Judasorum
3418 3109 3722 3181 principes
3736 3108 3829 3164 ac-

2168 3202 2411 3267 cedens,
2471 3201 2702 3257 litteras
2746 3201 2974 3272 accepit
3021 3201 3094 3256 ad
3128 3200 3383 3264 Judaoos,
3419 3201 3521 3271 qui
3554 3197 3827 3254 Damasci

2174 3290 2563 3365 degebant,ad
2574 3306 2806 3346 versum
2819 3289 3195 3360 discipulosJ
3204 3295 3340 3345 uxta
3352 3288 3615 3344 medium
3629 3294 3830 3343 autem

2174 3385 2409 3441 itineris
2439 3385 2593 3440 facta
2622 3388 2711 3439 est
2741 3383 2929 3455 ipsius
2960 3399 2994 3438 a
3037 3384 3154 3438 Deo
3193 3382 3441 3450 vocatio,
3483 3382 3660 3453 paulo
3691 3386 3829 3437 ante

2168 3475 2351 3531 ﬁnem
2382 3473 2542 3529 illius
2573 3473 2915 3528 anni.Certe
2942 3489 3078 3528 cum
3110 3478 3337 3545 cceptus
3369 3477 3527 3528 esset
3555 3471 3826 3532 decimus

2166 3577 2364 3618 nonus
2412 3560 2629 3617 Tiberii
2678 3560 2928 3616 Caesaris
2987 3576 3203 3625 annus,
3232 3560 3485 3619 Paulum
3510 3561 3823 3620 inchoasse

2166 3651 2649 3724 praedicationem
2705 3650 2915 3705 scribit
2971 3650 3223 3707 historia
3273 3667 3286 3706 :
3354 3668 3424 3708 ac
3480 3653 3824 3710 universum

2166 3741 2534 3813 percurrisse
2583 3740 2789 3795 orbem
2832 3740 3279 3797 disseminando
3327 3741 3545 3798 Christi
3576 3743 3825 3813 cultum,

2165 3846 2357 3901 usque
2383 3829 2457 3886 ad
2480 3831 2720 3886 tertium
2742 3830 3043 3885 decimum
3068 3830 3538 3887 ClaudiCaasaris
3574 3848 3824 3901 annum,

2165 3919 2646 3994 praesideJudaaaa
2677 3920 2869 3976 Felice
2898 3920 3040 3975 :sub
3075 3938 3191 3992 quo
3209 3938 3245 3976 a
3271 3921 3490 3977 Judaeis
3510 3930 3824 3979 accusatus

2165 4027 2275 4083 pro
2323 4026 2385 4065 se
2429 4009 2739 4082 respondit
2792 4010 3031 4075 Paulus,
3065 4010 3166 4081 qui
3213 4027 3356 4066 sane
3388 4011 3723 4083 apostolum
3756 4014 3821 4069 in

2166 4117 2403 4157 carcere
2424 4101 2580 4156 194
2603 4100 2836 4156 duobus
2865 4101 3039 4155 annis
3070 4100 3311 4156 inclusit
3342 4101 3645 4157 Caesarem.
3678 4104 3820 4158 Post

2166 4208 2346 4264 quem
2378 4196 2651 4264 suscepto
2701 4193 2935 4247 Portius
2981 4193 3185 4259 Festus
3228 4193 3567 4266 principatu
3618 4195 3817 4250 statim

2166 4284 2501 4357 apostolum
2515 4283 2789 4357 judicare
2812 4300 3122 4356 aggressus
3146 4289 3255 4345 est.
3278 4290 3342 4340 ut
3364 4302 3683 4342 mammam
3710 4287 3820 4342 hoc

2164 4373 2318 4430 facto
2348 4374 2598 4447 gratiam
2625 4373 2782 4443 apud
2811 4373 3044 4430 Judaaos
3075 4374 3273 4430 iniret.
3307 4376 3467 4431 Tunc
3498 4392 3635 4448 ergo
3669 4376 3824 4431 arbi-

2167 4469 2356 4519 tratus
2385 4463 2594 4520 beatus
2633 4463 2853 4519 Paulus
2884 4464 3043 4535 quod
3076 4465 3193 4520 alio
3225 4464 3403 4521 modo
3444 4465 3693 4521 insidias
3715 4466 3821 4522 de-

2166 4554 2391 4612 clinare
2421 4571 2543 4609 non
2573 4560 2776 4626 posset
2800 4555 2916 4609 nisi
2947 4555 3239 4611 Caesarem
3272 4557 3621 4628 appellaret,
3655 4564 3821 4613 stans

2165 4643 2241 4700 ad
2264 4642 2523 4699 tribunal
2554 4643 2847 4698 Caesarem
2874 4643 3214 4714 appellavit,
3246 4649 3305 4699 et
3334 4646 3578 4700 Romam
3610 4645 3682 4701 ad
3707 4647 3823 4701 Cte-

406 4747 559 4803 μησε
584 4726 681 4783 τὸν
708 4725 1069 4797 Ἀπόστειλον,
1112 4732 1230 4789 τοῖς
1288 4725 1575 4792 Ἰουδαίοις
1607 4729 1864 4805 μεγίστην
1895 4733 2058 4809 χάριν

2167 4749 2361 4789 sarem
2392 4733 2684 4787 Neronem
2716 4732 3057 4787 dimittitur.
3080 4735 3220 4788 Erat
3248 4739 3449 4789 autem
3480 4734 3660 4789 simul
3682 4750 3820 4791 cum

394 4818 453 4875 ἓν
482 4815 671 4890 τούτῳ
697 4814 1136 4889 κατατιθέμενος.
1170 4817 1307 4874 Τότε
1353 4817 1446 4873 οὗν
1497 4820 1526 4874 ὁ
1571 4820 1839 4897 μακάριος
1893 4822 2056 4897 νομί-

399 4928 499 4970 σας
562 4907 669 4963 οὐκ
704 4904 890 4969 ἄλλως
946 4904 1437 4985 ἀπαλλαγήσεσθαι
1493 4915 1595 4980 τῆς
1651 4905 1973 4981 ἐπιϐουλῆς,
2019 4914 2054 4984 ἢ

391 4998 650 5071 Καίσαρα
704 4996 1183 5069 ἐπικαλεσάμενος,
1235 4999 1406 5060 ἑστὼς
1465 4997 1554 5055 ἐπὶ
1626 4999 1724 5056 τοῦ
1804 5003 2055 5078 βήματος

396 5086 725 5146 ἐπεκαλεῖτο
785 5086 1043 5163 Καίσαρα,
1100 5087 1192 5143 καὶ
1261 5087 1339 5152 εἷς
1423 5090 1644 5162 Ῥώμην
1697 5089 2056 5165 ἐκπέμπεται,

390 5179 537 5257 πρὸς
596 5176 839 5252 Καίσαρα
895 5175 1144 5250 Νέρωνα.
1201 5184 1373 5249 Συνῆν
1428 5175 1488 5235 δὲ
1538 5180 1800 5255 αὐτῷκαὶ
1838 5182 2060 5257 Ἀρίστ-

392 5287 595 5345 αρχος,
647 5265 704 5322 δν
748 5264 841 5322 καὶ
892 5265 1121 5331 εἰκότως
1166 5266 1629 5345 συναιχμάλωτόν
1662 5290 1768 5327 που
1797 5276 1908 5329 τῶν
1939 5271 2058 5329 ἑπι-

396 5356 617 5414 στολῶν
671 5353 965 5422 ἀποκαλεῖ,
1018 5356 1109 5411 καὶ
1162 5361 1375 5423 Λουκᾶς
1430 5360 1458 5414 6
1516 5360 1611 5423 τὰς
1669 5362 1898 5438 Ηράξεις
1951 5368 2061 5419 τῶν

396 5444 723 5504 ἀποστόλων
757 5447 944 5525 γραφῇ
994 5443 1291 5519 παραδοὺς.
1337 5448 1564 5505 Κάκεῖσε
1611 5451 1706 5507 οὗν
1757 5452 1785 5507 6
1834 5450 2059 5516 Παῦλος

399 5538 491 5595 ἐπὶ
539 5540 641 5608 τῆς
670 5534 973 5611 Ῥωμαίων
1033 5531 1234 5591 διετίαν
1292 5534 1431 5609 ὅλην
1488 5537 1839 5619 ἐφυλάττετο.
1874 5545 2061 5599 Ταῦτα

392 5629 499 5705 γὰρ
542 5628 631 5685 καὶ
692 5625 867 5702 μέχρι
921 5621 1130 5680 τούτων
1178 5625 1387 5697 ἱστορεῖ
1429 5634 1643 5692 Λουκᾶς
1673 5629 1728 5686 ἐν
1758 5636 1878 5693 ταῖς
1912 5634 2057 5706 Πρά-

390 5721 502 5794 εεσι
532 5720 641 5777 τῶν
699 5709 1064 5783 ἀποστόλων,
1118 5716 1234 5772 κατ’
1292 5715 1465 5773 ἐκεῖνο
1517 5725 1712 5795 καιροῦ
1740 5722 1803 5778 τὸ
1837 5716 2060 5798 βιϐλίον

394 5809 878 5894 συγγραψάμενος,
932 5801 1023 5859 καὶ
1068 5804 1134 5862 τᾶ
1186 5808 1414 5881 καθεξῆς
1462 5808 1661 5882 ἥκιστα
1709 5813 1832 5870 τότε
1896 5814 2063 5891 γινώ-

2168 4840 2236 4879 eo
2268 4827 2329 4878 et
2357 4821 2947 4891 Aristarchus(quem
2978 4822 3382 4879 etiammerito
3406 4825 3819 4896 concaptivum

2167 4912 2427 4986 quodam
2450 4911 2839 4983 epistolarum
2857 4911 2986 4969 loco
3008 4913 3315 4985 appellat),
3330 4918 3390 4968 et
3415 4914 3694 4970 similiter
3714 4916 3821 4972 Lu-

2168 5022 2289 5070 cas,
2341 5004 2443 5077 qui
2483 5006 2628 5060 Acta
2648 5003 3059 5076 apostolorum
3090 5006 3402 5078 scriptura:
3433 5006 3700 5063 tradidit.
3739 5008 3822 5064 lbi

2170 5113 2305 5171 ergo
2336 5095 2555 5152 Paulus
2586 5095 2695 5151 sub
2708 5098 3113 5152 Romanorum
3141 5097 3412 5154 custodia
3436 5104 3627 5154 totum
3658 5098 3828 5156 bien-

2166 5188 2337 5245 nium
2382 5193 2718 5243 asservatus
2764 5191 2874 5243 est.
2919 5188 3059 5243 Nam
3090 5188 3217 5244 haec
3267 5194 3326 5243 et
3367 5205 3560 5262 usque
3606 5189 3680 5246 ad
3713 5190 3828 5247 ista

2171 5280 2379 5337 scribit
2409 5281 2593 5336 Lucas
2622 5281 2685 5337 in
2712 5281 2872 5336 Actis
2902 5281 3333 5353 apostolorum,
3354 5284 3455 5356 qui
3485 5284 3644 5339 circa
3671 5284 3824 5342 illud

2170 5374 2404 5442 tempus
2436 5370 2656 5427 librum
2695 5371 3067 5444 conscripsit,
3109 5389 3366 5445 cumque
3417 5378 3557 5430 tunc
3587 5390 3657 5430 ea
3685 5392 3819 5447 quae

2169 5463 2370 5521 futura
2421 5470 2623 5521 essent
2667 5464 2917 5520 minime
2985 5471 3386 5539 cognosceret,
3436 5485 3816 5540 nequaquam

2168 5555 2519 5627 martyrium
2554 5554 2683 5625 ejus
2713 5554 3006 5627 ascripsit.
3040 5556 3149 5611 lllo
3182 5557 3342 5611 enim
3366 5556 3587 5612 ibidem
3608 5558 3816 5612 relicto

2171 5645 2355 5700 Lucas
2405 5649 2464 5700 et
2503 5643 2881 5701 Aristarchus
2928 5645 3258 5702 redierunt.
3308 5646 3596 5702 Eusebius
3619 5652 3819 5701 autem

2172 5735 2485 5806 sequentia
2515 5738 2785 5807 tempora
2815 5735 3132 5807 diligenter
3170 5736 3544 5808 perquirens,
3582 5735 3820 5806 scripsit

2170 5824 2345 5882 nobis
2387 5824 2647 5882 secundo
2689 5825 3108 5882 ecclesiasticae
3157 5820 3604 5881 Historiaalibro
3632 5823 3813 5898 hujus
