4112 6430
341 435 459 494 315

1348 430 1754 494 ΟΟΜΜΕΝΤ.
1797 433 1877 493 ΙΝ
1919 430 2129 494 ACTA
2173 431 2786 495 APOSTULORUM.

3649 431 3770 492 316

338 566 516 621 etiam
546 563 918 635 martyrium,
955 565 1280 621 ostendens
1332 571 1391 621 et
1419 567 1672 622 Paulum
1704 567 1765 620 in
1799 565 1964 636 quiet

2074 583 2257 631 ,σκων
2314 561 2440 619 οὐδὲ
2504 563 2565 620 τὸ
2626 562 2929 639 μαρτύριον
2984 562 3151 621 αὐτοῦ
3192 562 3506 642 ἐγκατέθετο
3552 567 3621 637 τῇ
3670 564 3772 640 βί-

338 655 827 726 permansisse,et
858 655 958 708 Dei
1008 655 1251 710 verbum
1284 655 1449 710 nullo
1496 655 1848 727 prohibente
1879 655 1998 709 dis-

339 745 686 799 seminasse.
725 743 1027 815 Siquidem
1043 745 1223 800 habet
1250 746 1521 811 historia,
1557 745 1714 816 quod
1742 744 1998 799 ubitunc

347 835 453 889 sub
483 836 712 889 Nerone
743 835 1500 906 respondissetPauluseta
1530 837 1757 890 Caesare
1790 836 2001 890 fuisset

337 923 666 990 absolutus,
714 925 788 978 ad
841 925 1288 995 praedicationis
1341 926 1745 980 ministerium
1789 942 1996 980 rursus

339 1015 625 1070 emissum
641 1014 844 1081 fuisse,
866 1014 1117 1085 aliisque
1149 1015 1354 1070 decem
1369 1016 1540 1070 annis
1557 1015 1851 1088 Evangelii
1875 1032 1996 1071 ver-

333 1104 474 1159 bum
509 1104 952 1159 disseminasse.
973 1106 1117 1159 Cum
1149 1111 1348 1160 autem
1380 1110 1454 1160 ad
1487 1111 1814 1160 extremum
1837 1106 1993 1160 insa-

334 1195 450 1249 nias
505 1196 653 1248 Nero
685 1195 1074 1265 pervenisset,
1129 1196 1384 1265 primum
1419 1195 1660 1267 quidem
1693 1195 1995 1250 interfecit

330 1283 717 1354 Agrippinam
744 1285 1047 1355 propriam
1085 1290 1362 1352 matrem,
1398 1291 1686 1356 praeterea
1710 1290 1768 1339 et
1806 1285 1990 1356 patris

333 1389 621 1439 sororem,
641 1374 936 1428 Octaviam
971 1390 1208 1445 quoque
1233 1391 1400 1429 suam
1431 1391 1700 1442 uxorem,
1721 1374 1989 1444 aliosque

328 1465 676 1518 innumeros
729 1480 946 1537 genere
978 1465 1173 1535 ipsum
1207 1465 1618 1537 contingentes
1645 1482 1656 1518 :
1686 1465 1899 1520 deinde
1931 1471 1989 1520 et

327 1554 723 1609 universalem
766 1554 947 1608 movit
969 1554 1281 1609 adversum
1313 1554 1679 1609 Christianos
1702 1571 1986 1626 persecu-

333 1643 576 1708 tionem,
612 1648 669 1698 et
725 1643 808 1698 ita
839 1644 1245 1714 apostolorum
1305 1643 1498 1698 caedes
1537 1644 1823 1715 pervenit.
1859 1645 1983 1700 Sta-

331 1734 437 1787 tim
471 1734 633 1788 enim
665 1733 1019 1788 accersitum
1047 1733 1294 1787 Paulum
1323 1734 1472 1788 stitit
1503 1733 1806 1788 tribunali.
1835 1737 1982 1790 Rur-

330 1839 461 1878 sum
477 1827 675 1878 autem
691 1823 742 1877 ei
759 1824 943 1878 Lucas
958 1823 1314 1893 conjunctus
1326 1829 1417 1878 est
1432 1823 1551 1877 :ubi
1565 1829 1724 1878 certe
1737 1824 1985 1897 contigit

326 1911 576 1967 Paulum
607 1928 763 1966 anno
810 1912 1110 1968 tricesimo
1143 1917 1305 1968 sexto
1355 1930 1389 1968 a
1435 1912 1732 1968 Salvatore
1781 1930 1955 1984 passo

2089 1910 2492 1982 προσήκοντας.

327 2001 502 2056 tertio
517 2002 746 2058 decimo
763 2007 960 2057 autem
975 2002 1210 2074 imperii
1227 2003 1790 2074 Neronis,martyrio
1803 2004 1978 2059 vitam

326 2092 557 2157 ﬁnisse,
573 2092 764 2163 capite
783 2091 1059 2147 videlicet
1085 2091 1279 2164 gladio
1299 2097 1624 2163 amputato.
1643 2093 1981 2164 Suntigitur

324 2180 397 2234 ab
429 2197 586 2235 anno
616 2181 833 2237 Tiberii
866 2181 1113 2236 Cmsaris
1145 2181 1375 2237 decimo
1424 2199 1606 2249 nono,
1634 2200 1749 2254 quo
1782 2185 1977 2239 Evan-

321 2269 541 2341 gelium
557 2270 1094 2342 ccepitpraadicare,
1111 2289 1298 2343 usque
1314 2271 1386 2327 ad
1413 2289 1642 2327 annum
1667 2272 1798 2344 ejus
1819 2274 1974 2329 vice-

321 2360 536 2415 simum
571 2361 922 2426 secundum,
959 2362 1100 2416 anni
1149 2369 1424 2432 quatuor,
1459 2367 1518 2416 et
1545 2363 1666 2418 Caii
1699 2363 1977 2419 similiter

318 2450 458 2504 anni
492 2455 784 2520 quatuor:
819 2467 1055 2506 rursum
1103 2468 1238 2506 vero
1269 2457 1326 2506 et
1355 2451 1583 2506 Claudii
1629 2453 1771 2508 anni
1794 2452 1970 2524 paulo

317 2539 518 2593 minus
561 2539 1035 2610 quatuordecim,
1068 2557 1244 2611 quem
1279 2541 1582 2597 insecutus
1614 2543 1763 2596 Nero
1797 2543 1968 2598 tertio

308 2628 542 2683 decimo
565 2629 656 2684 sui
691 2630 840 2686 195
886 2629 1256 2701 principatus
1304 2646 1462 2686 anno
1494 2631 1830 2702 apostolum
1865 2633 1965 2686 in-

305 2720 560 2774 teremit.
597 2722 729 2776 Haec
791 2727 987 2776 autem
1025 2720 1096 2776 de
1157 2721 1351 2793 prima
1410 2737 1518 2776 sua
1573 2723 1966 2794 responsione

308 2809 517 2865 scribit
545 2810 671 2881 ipse
704 2811 924 2866 Paulus
951 2810 1258 2882 apostolus
1274 2811 1581 2866 Timotheo
1609 2827 1661 2865 ε·
1684 2813 1750 2866 In
1774 2814 1966 2883 prima

305 2915 441 2955 mea
469 2900 861 2970 responsione
880 2901 1084 2956 nullus
1101 2901 1248 2955 mihi
1280 2900 1487 2964 adfuit,
1505 2900 1609 2956 sed
1632 2917 1841 2956 omnes
1865 2919 1959 2957 me

306 2989 798 3060 dereliquerunt:
833 3007 952 3045 non
985 2990 1105 3045 illis
1136 2991 1500 3062 imputetur:
1537 2991 1822 3046 Dominus
1843 3009 1956 3047 au-

304 3086 422 3134 tem
456 3079 646 3135 adfuit
675 3080 820 3135 mihi
855 3086 913 3134 et
933 3081 1307 3136 conﬁrmavit
1337 3087 1535 3149 me,ut
1564 3098 1669 3153 per
1698 3099 1792 3137 me
1813 3100 1957 3154 prm-

301 3168 520 3224 dicatio
553 3170 789 3224 certiori
826 3169 941 3225 fide
997 3171 1507 3241 comprobaretur,
1554 3172 1952 3244 audirentque

2112 647 2251 725 ὅλῳ.
2287 654 2693 716 Καταλιπόντες
2751 654 2854 731 γὰρ
2907 653 3065 709 αὐτὸν
3123 654 3293 710 ἐκεῖσε
3342 660 3550 715 Λουκᾶς
3583 675 3640 710 τε
3678 653 3770 709 καὶ

2111 740 2495 820 Ἀρίσταρχος,
2555 742 2745 810 ἦλθον.
2837 738 3096 806 Εὐσέϐιος
3156 741 3212 798 δὲ
3277 744 3405 804 τοὺς
3473 744 3766 815 μετέπειτα

2108 831 2348 904 χρόνους
2405 826 2648 906 ἀκριϐῶς
2705 833 3223 909 περιεργασάμενος,
3283 831 3565 907 ἱστόρησεν
3624 835 3763 905 ἡμῖν

2108 917 2263 990 ἐντῷ
2321 916 2554 994 δευτέρῳ
2613 921 2772 994 τύμῳ
2827 928 2927 991 τῆς
2985 921 3479 992 Ἐκκλησιαστικῆς
3524 921 3768 992 ἱστορίας

2103 1008 2305 1063 τούτου
2362 1009 2452 1063 καὶ
2509 1010 2571 1064 τὸ
2634 1010 2956 1086 μαρτύριον,
3011 1011 3101 1065 καὶ
3158 1012 3248 1065 τὸν
3306 1011 3524 1066 Παῦλον
3576 1009 3764 1066 ἄνετον

2105 1093 2405 1172 διατρίψαι,
2437 1099 2527 1152 καὶ
2577 1099 2668 1154 τὸν
2715 1104 2812 1154 τοῦ
2865 1103 2998 1154 Θεοῦ
3051 1098 3220 1177 λόγον
3253 1098 3555 1161 ἀκωλύτως
3587 1101 3766 1173 κηρύ-

2101 1189 2184 1257 ξαι
2252 1187 2756 1262 ἐπισημηνάμενος.
2828 1192 2969 1248 Τότε
3041 1193 3134 1264 μὲν
3202 1191 3294 1246 οῦν
3361 1191 3450 1247 ἐπὶ
3519 1191 3770 1268 Νέρωνος

2104 1277 2598 1356 ἀπολογησάμενον
2659 1280 2750 1334 τὸν
2807 1280 3046 1349 Παῦλον,
3103 1281 3254 1343 αὖθις
3289 1280 3376 1336 ἐπὶ
3408 1283 3505 1351 τὴν
3541 1285 3634 1335 τοῦ
3663 1302 3771 1352 κη-

2101 1369 2380 1443 ρύγματος
2414 1366 2685 1425 διακονίαν
2743 1368 2909 1448 λόγος
2968 1369 3085 1446 ἔχει
3144 1369 3458 1426 στείλασθαι
3495 1371 3597 1426 ὑπὸ
3635 1371 3768 1428 Καί-

2097 1479 2262 1533 σαρος
2313 1457 2674 1529 ἀπολυθέντα,
2727 1459 3175 1537 εὐαγγελίσασθαι
3231 1461 3312 1541 ἐφ’
3369 1461 3570 1535 ἑτέροις
3629 1459 3766 1516 δέκα

2095 1543 2286 1604 ἔτεσιν.
2321 1548 2414 1610 Εἷς
2464 1546 2626 1624 ἄκρον
2685 1547 2742 1604 δὲ
2801 1551 2996 1624 μανίας
3058 1552 3085 1605 6
3149 1553 3337 1626 Νέρων
3400 1551 3759 1629 ἀφικόμενος,

2096 1637 2275 1692 ἀνεῖλε
2337 1637 2431 1712 μὲν
2489 1639 2846 1714 Ἀγριππίναν
2907 1643 3097 1713 πρῶτα
3153 1641 3254 1709 τὴν
3314 1637 3455 1694 ἰδίαν
3519 1641 3758 1714 μητέρα,

2093 1721 2169 1781 ἔτι
2203 1724 2259 1782 δὲ
2314 1728 2404 1782 καὶ
2461 1731 2561 1798 τὴν
2622 1726 2862 1806 ἀδελφὴν
2923 1734 3019 1783 τοῦ
3077 1730 3301 1802 πατρὸς,
3344 1731 3436 1785 καὶ
3468 1729 3757 1788 Ὀκταυΐαν

2089 1818 2188 1886 τήν
2259 1818 2452 1873 ἑαυτοῦ
2509 1824 2759 1893 γυναῖκα,
2819 1819 2911 1874 καὶ
2967 1816 3175 1881 ἄλλους
3215 1819 3441 1894 μυρίους
3488 1823 3567 1891 τῷ
3607 1821 3756 1894 γένει

2597 1909 2898 1964 Μετέπειτα
3001 1905 3058 1963 δὲ
3158 1907 3451 1965 καθολικὸν
3534 1908 3758 1983 ἐκίνησε

2089 1993 2334 2071 διωγμὸν
2380 1998 2518 2053 κατᾶ
2567 2002 2675 2052 τῶν
2738 2001 3099 2073 Χριστιανῶν,
3159 1999 3250 2053 καὶ
3306 1997 3481 2061 οὕτως
3534 1999 3622 2054 ἐπὶ
3651 2001 3753 2062 τὰς

2085 2089 2194 2140 τῶν
2225 2085 2551 2142 ἀποστόλων
2611 2085 2753 2155 ἦλθε
2810 2087 3037 2164 σφαγάς.
3099 2085 3607 2161 Μεταστειλάμενος
3642 2092 3750 2165 γὰρ

2083 2174 2174 2228 τὸν
2209 2173 2425 2231 Παῦλον
2486 2175 2641 2237 αὖθις
2699 2180 2777 2249 τῷ
2837 2178 3047 2251 βήματι
3107 2180 3362 2250 παριστᾷ.
3411 2175 3659 2242 Συνῆλθε
3695 2176 3756 2234 δὲ

2083 2262 2248 2320 πάλιν
2279 2267 2306 2320 ὁ
2341 2272 2552 2326 Λουκᾶς
2592 2265 2763 2337 αὐτῷ.
2814 2267 2980 2330 Ἔνθα
3025 2263 3091 2337 δὴ
3149 2262 3341 2337 συνέϐη
3374 2267 3466 2321 τὸν
3504 2265 3750 2341 Παῦλον,

2082 2356 2388 2428 τριακοστῷ
2437 2352 2578 2428 ἕκτῳ
2635 2352 2740 2411 ἔτει
2797 2360 2894 2410 τοῦ
2969 2357 3247 2430 σωτηρίου
3304 2357 3530 2425 πάθους,
3589 2378 3746 2433 τρισ-

2076 2443 2380 2519 καιδεκάτῳ
2437 2442 2494 2501 δὶ
2552 2446 2797 2522 Νέρωνος
2872 2453 3239 2521 μαρτυρῆσαι,
3295 2447 3434 2524 ξίφει
3491 2448 3590 2516 τὴν
3645 2468 3744 2503 κε·-

2077 2539 2256 2612 φαλήν
2312 2540 2715 2611 ἅποτμηθέντα.
2776 2545 2928 2594 Ἔστι
2987 2540 3166 2596 τοίνυν
3227 2539 3336 2594 ἀπὸ
3392 2544 3488 2593 τοῦ
3549 2539 3732 2594 ἐννεα-

2073 2625 2397 2685 καιδεκάτου
2466 2626 2618 2691 ἔτους
2678 2623 2939 2705 Τιϐερίου
2995 2630 3290 2700 Καίσαρος,
3323 2627 3375 2700 ἐξ
3407 2629 3470 2684 οῦ
3525 2631 3739 2705 κηρύσ-

2079 2741 2186 2775 σειν
2220 2721 2282 2776 τὸ
2318 2720 2648 2798 [εὐαγγέλιον
2680 2717 2905 2792 ἤρξατο,
2961 2718 3068 2782 ἕως
3125 2725 3222 2775 τοῦ
3275 2720 3524 2775 εἰκοστοῦ
3557 2719 3735 2778 δευτέ-

2076 2830 2170 2885 ρου
2199 2803 2372 2879 ἔτους,
2408 2803 2499 2879 ἔτη
2541 2811 2789 2884 τέσσαρα
2849 2809 2938 2864 καὶ
2993 2810 3061 2864 τὰ
3116 2807 3276 2864 Γαίου
3339 2807 3394 2864 δὲ
3445 2811 3725 2876 ὡσαύτως,

2071 2896 2164 2971 ἔτη
2198 2898 2448 2974 τέσσαρα.
2484 2898 2653 2962 Αῦθις
2715 2897 2770 2953 δὲ
2827 2899 2916 2953 καὶ
2973 2899 3040 2953 τὰ
3070 2895 3348 2956 Κλαυδίου
3378 2892 3496 2969 ἔτη,
3533 2898 3720 2973 μικρὸν

2066 2987 2298 3056 ἐλάττω,
2377 2987 2758 3064 δεκατέσσαρα.
2835 2990 2933 3045 "Ov
3027 2985 3408 3061 διαδεξάμενος
3513 2988 3719 3062 Νέρων,

2061 3075 2489 3154 τρισκαιδεκάτῳ
2523 3077 2627 3134 ἔτει
2657 3085 2758 3148 τῆς
2807 3079 2998 3133 ἐαυτοῦ
3028 3080 3231 3154 ἀρχῆς,
3263 3079 3355 3134 τὸν
3388 3077 3729 3135 Ἀπόστολον

2061 3165 2285 3223 ἀνεῖλεν.
2329 3169 2528 3246 Γράφει
2579 3171 2709 3244 γοῦν
2759 3168 2787 3221 6
2837 3166 2997 3229 αὐτὸς
3046 3165 3354 3229 ἀπόστολος
3392 3165 3607 3231 Παῦλος
3634 3174 3736 3222 Τι-

295 3274 504 3314 omnes
535 3265 740 3332 gentes
769 3277 780 3314 :
817 3267 873 3315 et
923 3260 1208 3316 liberatus
1241 3278 1371 3316 sum
1414 3261 1485 3315 de
1519 3278 1620 3316 ore
1660 3261 1899 3331 leonis‘,
1925 3285 1945 3310 »

2074 3259 2270 3330 μοθέῳ,
2304 3255 2428 3333 περὶ
2461 3257 2555 3330 μέν
2599 3264 2699 3326 τῆς
2753 3259 2980 3331 πρώτης
3034 3258 3204 3313 αὐτοῦ
3234 3257 3542 3334 ἀπολογίας
3572 3257 3727 3314 τάδε’

293 3349 405 3404 hoc
436 3349 679 3403 nomine
698 3351 991 3404 Neronem
1017 3350 1474 3423 significans.De
1509 3351 1771 3406 secunda
1792 3369 1948 3417 vero,

292 3438 356 3494 in
389 3455 507 3508 qua
537 3444 598 3493 et
623 3440 906 3510 martyrio
937 3456 1105 3494 suam
1139 3439 1329 3494 ﬁnivit
1358 3441 1691 3506 vitam,ait:
1735 3461 1755 3488 ι
1782 3442 1953 3496 Mini-

296 3529 541 3583 sterium
577 3534 744 3584 tuum
781 3529 1002 3585 bonum
1053 3529 1272 3584 certius
1323 3529 1606 3600 adimple.
1639 3533 1755 3602 Ego
1789 3533 1950 3587 enim

289 3618 418 3688 jam
437 3617 687 3680 delibor,
703 3625 762 3674 et
775 3623 1008 3690 tempus
1021 3635 1169 3673 mese
1194 3617 1605 3674 dissolutionis
1619 3619 1820 3676 instat.
1843 3643 1868 3668 ››
1884 3622 1953 3676 Et

299 3707 440 3777 quia
472 3708 654 3762 Lucas
686 3725 923 3764 rursum
956 3715 1084 3763 erat
1113 3724 1246 3762 cum
1266 3715 1497 3779 eo,post
1526 3725 1714 3780 pauca
1737 3711 1953 3781 episto-

292 3796 366 3853 lae
394 3797 602 3852 verba:
639 3821 664 3846 ‹‹
700 3798 928 3853 Salutat
980 3803 1056 3865 te,
1098 3798 1314 3868 inquit,
1339 3799 1543 3860 Lucas,
1578 3799 1679 3870 qui
1713 3817 1948 3855 mecum

299 3891 406 3942 est.
444 3909 470 3935 n
503 3888 703 3942 Totius
751 3888 932 3960 igitur
956 3888 1173 3958 prioris
1213 3888 1654 3959 praedicationis
1693 3890 1946 3960 apostoli

297 3982 529 4048 tempus
564 3984 654 4032 est
681 3978 861 4032 unius
902 3983 960 4032 et
992 3977 1196 4046 viginti
1228 3994 1526 4033 annorum
1558 3984 1775 4049 prater
1796 3979 1946 4036 alios

296 4066 446 4120 duos
477 4082 667 4121 annos
699 4065 1017 4136 quosapud
1050 4070 1376 4121 Caesaream
1405 4067 1468 4121 in
1499 4083 1736 4122 carcere
1762 4073 1947 4123 trans-

293 4157 426 4227 egit.
457 4156 557 4209 His
579 4173 815 4210 rursum
831 4155 1127 4210 addantur
1139 4155 1254 4209 duo
1269 4156 1446 4227 primi
1462 4156 1604 4210 anni
1633 4163 1945 4227 postquam

289 4246 538 4301 Romam
570 4249 940 4316 pervenarat,
983 4245 1308 4314 decemque
1357 4245 1586 4299 ultimi:
1620 4245 1703 4301 ita
1726 4252 1792 4301 ut
1819 4247 1944 4301 fue-

287 4334 414 4389 rint
443 4350 651 4389 omnes
680 4335 821 4389 anni
845 4334 917 4388 ab
949 4334 1076 4404 ejus
1102 4334 1404 4389 vocatione
1435 4350 1624 4405 usque
1653 4336 1727 4391 ad
1757 4336 1945 4408 ipsius

288 4429 543 4477 mortem
576 4424 818 4495 triginta
842 4424 1127 4494 quinque.

2065 3371 2092 3398 «
2129 3349 2216 3403 Ἐν
2245 3349 2315 3418 τῇ
2345 3347 2537 3422 πρώτῃ
2576 3367 2680 3419 μου
2730 3347 3007 3420 ἀπολογίᾳ
3039 3344 3217 3410 οὐδείς
3250 3369 3346 3420 μοι
3377 3349 3725 3423 συμπαρεγέ-

2060 3457 2201 3502 νετο,
2257 3434 2403 3492 ἀλλὰ
2460 3437 2652 3496 πάντες
2696 3456 2762 3507 με
2811 3433 3192 3514 ἐγκατέλιπον.
3252 3438 3340 3506 Μὴ
3405 3436 3587 3499 αὐτοῖς
3623 3435 3728 3493 λο-

2063 3526 2300 3601 γισθείη.
2328 3526 2388 3581 Ὀ
2422 3523 2479 3580 δὲ
2531 3525 2731 3599 Κύριός
2792 3546 2884 3598 μοι
2944 3528 3183 3600 παρέστη
3217 3527 3307 3580 καὶ
3338 3525 3716 3599 ένεδυνάμωσέ

2065 3637 2152 3689 με,
2219 3613 2312 3669 ’ίνα
2377 3611 2447 3669 δι’
2515 3615 2649 3687 ἐμοῦ
2716 3615 2778 3670 τὸ
2845 3617 3104 3689 κήρυγμα
3142 3613 3578 3694 πληροφορηθῇ,
3622 3618 3719 3674 καὶ

2062 3704 2335 3759 ἀκούσωσι
2395 3705 2569 3760 πάντα
2622 3705 2689 3758 τὰ
2747 3703 2888 3774 ἔθνη.
2954 3706 3057 3760 Καὶ
3116 3704 3381 3780 έῤῥύσθην
3415 3703 3475 3760 ἐκ
3505 3708 3720 3778 στόμα-

2057 3815 2150 3855 τος
2188 3792 2434 3855 λέοντος·
2471 3820 2496 3844 ‹‹
2529 3792 2720 3850 τοῦτον
2778 3791 2954 3868 λέγων
3009 3794 3144 3849 εἶναι
3175 3794 3266 3849 τὸν
3303 3795 3547 3869 Νέρωνα.
3585 3800 3721 3871 Περί

2062 3881 2119 3939 δὲ
2147 3891 2245 3954 τῆς
2278 3881 2529 3954 δευτέρας
2585 3882 2638 3940 ἐν
2699 3886 2736 3954 ἧ
2786 3883 2873 3938 καὶ
2930 3883 3235 3940 τελειοῦται
3291 3890 3368 3956 τῷ
3405 3889 3523 3942 κατ’
3555 3887 3716 3943 αὐτὸν

2065 3973 2369 4049 μαρτυρίῳ,
2406 3974 2557 4050 φησί·
2604 3996 2632 4024 ››
2687 3975 2804 4040 Τὴν
2854 3973 3029 4041 καλὴν
3064 3971 3339 4029 διακονίαν
3374 3997 3469 4029 σου
3500 3975 3716 4050 πληρο-

2059 4064 2319 4145 φόρησον.
2355 4063 2497 4139 Ἐγὼ
2547 4063 2651 4141 γὰρ
2699 4061 2810 4135 ἤδη
2863 4063 3185 4138 σπένδομαι,
3218 4067 3310 4120 καὶ
3336 4067 3363 4121 ὁ
3396 4067 3582 4136 καιρὸς
3610 4074 3709 4136 τῆς

2058 4152 2369 4216 ἀναλύσεώς
2408 4175 2511 4225 μου
2539 4153 2824 4225 ἐφέστηκε.
2881 4180 2907 4206 (ι
2943 4155 3045 4212 Καὶ
3087 4155 3170 4210 ὅτι
3203 4162 3413 4219 Λουκᾶς
3443 4158 3508 4226 ἧν
3543 4157 3708 4214 πάλιν

2059 4245 2149 4300 σὺν
2209 4244 2378 4315 αὐτῷ,
2443 4245 2556 4306 μετ’
2616 4243 2778 4318 ὀλίγα
2835 4243 3155 4315 ἐπιστολῆς,
3191 4268 3219 4296 ››
3281 4248 3603 4316 Ἀσπάζεταί
3634 4269 3714 4320 σε,

2055 4334 2269 4411 γράφει,
2300 4335 2327 4388 ὁ
2361 4338 2569 4394 Λουκᾶς
2602 4334 2630 4388 ὁ
2663 4332 2756 4388 σὺν
2787 4332 2935 4404 ἐμοί.
2971 4358 2998 4386 ››
3043 4337 3227 4391 Ἔστιν
3256 4333 3346 4389 οῦν
3381 4338 3409 4391 6
3441 4343 3544 4400 πᾶς
3575 4337 3713 4413 χρό-

2053 4445 2144 4485 νος
2173 4428 2269 4479 τοῦ
2316 4423 2672 4498 κηρύγματος
2724 4421 2969 4492 Παύλου,
3017 4422 3188 4478 εἶ’κοσι
3229 4425 3318 4478 καὶ
3349 4419 3402 4479 ἔν
3433 4421 3572 4489 ἔτος.
3608 4426 3712 4483 Καὶ

287 4508 442 4584 ἕτερα
477 4507 572 4565 δύο
603 4504 719 4580 ἔτη,
756 4509 791 4564 ἄ
817 4508 1109 4566 διετέλεσεν
1141 4510 1192 4566 ἐν
1222 4515 1301 4581 τῷ
1349 4511 1486 4566 κατά
1534 4510 1849 4588 Καισάρειαν
1901 4511 2286 4586 δεσμωτηρίῳ.
2340 4513 2481 4588 Πρὸς
2515 4510 2574 4568 δὲ
2600 4513 2817 4574 τούτοις
2852 4511 3039 4583 πάλιν,
3071 4514 3138 4568 τὰ
3169 4513 3219 4568 ἐν
3252 4515 3442 4590 Ῥώμῃ
3472 4516 3712 4592 πρότερα

283 4597 381 4654 δύο
416 4593 534 4670 ἔτη,
567 4602 656 4656 καὶ
688 4601 753 4655 τὰ
781 4598 1068 4656 τελευταῖα
1099 4598 1156 4656 δὲ
1183 4595 1276 4670 ἔτη
1313 4598 1606 4657 δέκα·ὥστε
1636 4603 1773 4658 εἶναι
1804 4604 1978 4660 πάντα
2006 4605 2071 4659 τὰ
2097 4598 2192 4674 ἔτη
2248 4603 2354 4658 ἀπὸ
2404 4605 2502 4671 τῆς
2555 4602 2805 4672 κλήσεως
2838 4602 3005 4659 αὐτοῦ
3040 4602 3208 4680 μέχρι
3238 4611 3338 4674 τῆς
3366 4605 3707 4675 τελειώσεως

285 4689 472 4760 αὐτοῦ,
504 4691 791 4766 τριάκοντα
822 4691 912 4746 καὶ
939 4689 1115 4747 πέντε.

586 4792 1007 4848 MABTYRIUM
1035 4790 1244 4848 PAULI
1277 4793 1636 4850 APOSTOLI.
1967 4809 2012 4873 Β

357 4882 472 4938 Sub
503 4886 735 4938 Nerone
774 4885 1179 4938 Romanorum
1218 4884 1598 4954 imperatore,
1645 4885 1929 4956 martyrio

279 4971 458 5026 vitam
486 4971 708 5027 ibidem
741 4971 929 5026 ﬁnivit
974 4973 1194 5026 Paulus
1233 4973 1558 5044 apostolus,
1592 4974 1784 5046 capite
1805 4975 1927 5047 gla~

281 5061 378 5115 dio
428 5066 754 5131 amputato,
795 5078 949 5116 anno
982 5078 1016 5116 a
1045 5062 1291 5116 salutari
1323 5064 1599 5134 passione
1626 5065 1928 5120 tricesimo

281 5155 445 5206 sexto
475 5156 791 5221 postquam
805 5155 1007 5206 Romae
1024 5151 1248 5206 bonum
1262 5158 1588 5208 certaverat
1606 5159 1931 5224 certamen,

281 5238 490 5311 quinto
519 5239 615 5293 die
641 5240 867 5295 mensis
889 5242 1155 5302 Panemi,
1175 5243 1274 5312 qui
1300 5243 1428 5298 dies
1457 5243 1616 5315 apud
1633 5246 1932 5300 Romanos

282 5329 501 5384 dicitur
540 5329 748 5384 tertius
792 5329 1192 5386 Kalendarum
1234 5332 1394 5401 Julii,
1446 5350 1562 5404 quo
1621 5334 1935 5405 complevit

282 5417 452 5472 divus
483 5417 801 5488 Apostolus
817 5435 988 5473 suum
1004 5421 1374 5491 martyrium,
1392 5423 1757 5495 sexagesimo
1772 5440 1930 5479 nono

281 5523 436 5563 anno
467 5507 756 5563 adventus
789 5507 1106 5564 Salvatoris
1145 5511 1330 5565 nostri
1362 5513 1500 5568 Jesu
1530 5513 1766 5568 Christi.

351 5769 364 5804 ¹
398 5770 441 5825 Η
475 5768 621 5827 Tim.
655 5785 726 5838 ιν,
763 5768 848 5837 16,
883 5768 965 5825 17,

2176 4792 2578 4849 ΜΑΡΤΥΡΙΟΝ
2618 4793 2898 4849 ΠΑΥΛΟΥ
2934 4793 3069 4850 ΤΟΥ
3105 4795 3551 4856 ΑΗΟΣΤΟΛΟΥ.

2109 4882 2235 4938 Ἐπὶ
2294 4881 2550 4955 Νέρωνος
2607 4884 2703 4935 τοῦ
2757 4880 3030 4953 Καίσαρος
3083 4882 3397 4956 Ῥωμαίων,
3467 4882 3698 4960 ἐμαρτύ-

2042 4991 2204 5046 ρησεν
2258 4969 2444 5033 αὐτόθι
2507 4967 2722 5032 Παῦλος
2779 4972 2807 5025 ὁ
2861 4968 3197 5041 ἀποστολος,
3229 4971 3367 5052 ξίφει
3399 4975 3497 5042 τήν
3525 4996 3698 5056 κεφα-

2039 5057 2143 5129 λὴν
2177 5058 2538 5133 ἀποτμηθεὶς,
2571 5057 2622 5114 ἐν
2674 5057 2754 5132 τῷ
2808 5064 3118 5132 τριακοστῷ
3168 5061 3257 5115 καὶ
3288 5059 3432 5134 ἕκτῳ
3463 5059 3568 5118 ἔτει
3601 5069 3702 5121 τοῦ

2043 5149 2316 5226 σωτηρίου
2347 5149 2574 5218 πάθους,
2619 5151 2710 5205 τὸν
2769 5149 2938 5204 καλὸν
2997 5149 3181 5224 ἀγῶνα
3212 5151 3615 5225 ἀγωνισάμενος
3645 5153 3698 5211 ἐν

2042 5238 2258 5314 Ῥώμῃ,
2290 5239 2513 5313 πέμπτῃ
2547 5237 2729 5313 ἡμέρᾳ
2786 5237 3032 5312 Πανέμου
3096 5239 3290 5311 μηνὸς,
3322 5240 3444 5310 ἥτις
3476 5240 3694 5317 λέγεται

2041 5329 2188 5402 παρὰ
2217 5327 2537 5400 Ῥωμαίοις,
2579 5331 2648 5402 τῇ
2706 5329 2812 5403 πρὸ
2867 5333 3034 5403 τριῶν
3088 5326 3389 5385 Καλανδῶν
3424 5331 3698 5404 Ἰουλίων,

2039 5420 2156 5473 καθ’
2205 5419 2270 5488 ἢν
2321 5415 2618 5486 ἐτελειώθη
2670 5418 2698 5472 6
2752 5418 2909 5492 ἅγιος
2963 5416 3301 5482 ’Δπόστολος
3332 5425 3412 5493 τῷ
3452 5424 3568 5477 κατ’
3602 5424 3700 5478 αὖ-

2038 5508 2131 5563 τὸν
2178 5508 2482 5583 μαρτυρίῳ,
2544 5508 2820 5580 ἑξηκοστῷ
2873 5507 2963 5562 καὶ
3018 5506 3219 5580 ἐννάτῳ
3278 5507 3384 5565 ἔτει
3444 5518 3545 5583 τῆς
3602 5518 3699 5569 τοῦ

2043 5603 2304 5673 Σωτῆρος
2335 5599 2498 5671 ἡμῶν
2533 5599 2716 5668 Ἰησοῦ
2747 5598 2988 5671 Χριστοῦ
3019 5600 3344 5671 παρουσίας.
