4112 6470
315 455 437 518 317

408 680 476 738 Ἡ
537 677 600 736 δὲ
668 683 815 758 πρὸς
872 685 1192 757 Ῥωμαίους
1266 680 1534 752 ἐπιστολή
1593 681 1839 756 περιέχει
1919 681 2018 748 τὴν

350 772 489 848 πρὸς
519 771 612 826 τὸν
642 773 888 847 Χριστὸν
946 775 1312 848 παρασκευὴν,
1374 771 1617 846 μάλιστα
1670 775 1786 832 τοῖς
1819 769 1878 824 ἐκ
1921 768 2021 848 φύ-

362 885 499 924 σεως
528 863 832 938 λογισμοῖς
864 863 1238 940 ἐλεγχθεῖσαν,
1292 863 1382 920 καὶ
1443 862 1533 920 διά
1584 867 1747 918 τοῦτο
1779 861 2017 935 προτάτ-

352 974 505 1010 τεται
540 952 746 1017 ἄλλαις
782 953 1040 1021 ἀπάσαις,
1094 955 1166 1014 ὡς
1223 951 1289 1021 δὴ
1352 953 1486 1027 πρὸς
1535 949 1731 1014 αὐτοὺς
1781 969 2020 1026 γεγραμ-

366 1043 502 1116 μένη
537 1044 666 1104 τοὺς
699 1041 812 1114 ἤδη
866 1045 934 1099 τά
988 1047 1105 1098 θεῖα
1147 1043 1584 1120 προμυηθέντας.
1644 1039 1858 1110 Ταύτην
1901 1037 2024 1092 ἐπι-

359 1131 584 1188 στέλλει
642 1133 751 1187 ἀπὸ
812 1133 1103 1208 Κορίνθου,
1165 1137 1336 1206 μήπω
1395 1133 1489 1206 μὶν
1569 1130 1825 1201 ἑωρακὼς
1885 1129 2020 1182 Ῥω-

357 1221 583 1295 μαίους,
661 1221 875 1276 ἀκούων
957 1219 1014 1277 δέ
1088 1221 1211 1295 περὶ
1298 1221 1497 1294 αὐτῶν,
1583 1221 1674 1275 καὶ
1750 1219 2023 1273 ἐπιποθῶν

349 1309 560 1372 αὐτοὺς
613 1307 771 1367 ἰδεῖν.
862 1310 964 1367 Καὶ
1041 1315 1258 1385 πρῶτον
1315 1311 1410 1382 μὶν
1469 1307 1833 1372 ἀποδέχεσθαί
1890 1327 2021 1386 φησι

353 1402 455 1469 τήν
518 1398 708 1455 πίστιν
772 1401 974 1472 αὐτῶν,
1026 1399 1542 1475 καταγγελλομένην
1602 1399 1742 1475 ὁρῶν
1822 1416 2022 1451 πανται

358 1494 490 1565 χοῦ.
519 1490 755 1546 Ἔπειτα
811 1489 1063 1564 σημαίνει
1111 1487 1384 1551 πολλάκις
1443 1489 1630 1544 ἑαυτὸν
1690 1485 2022 1563 προθέμενον

350 1577 557 1647 ἐλθεῖν,
589 1575 683 1633 διὰ
710 1578 804 1634 τὸν
850 1579 927 1642 εἷς
985 1577 1178 1640 αὐτοὺς
1245 1579 1438 1650 πόθον,
1499 1577 1633 1634 τέως
1666 1578 1744 1650 μὴ
1803 1573 2025 1646 δεδυνῆ’

364 1671 506 1727 σθαι.
543 1667 647 1724 Καὶ
681 1665 881 1724 λοιπὸν
916 1664 1312 1739 διδασκαλικὴν
1367 1669 1467 1738 τὴν
1524 1665 1820 1734 ἐπιστολὴν
1849 1671 2026 1722 ποιεῖ-

365 1779 478 1828 ται,
509 1758 630 1830 περὶ
652 1756 912 1827 κλήσεως
967 1755 1158 1814 ἐθνῶν.
1220 1757 1325 1817 Καὶ
1384 1759 1468 1814 ὅτι
1527 1760 1562 1828 ἦ
1614 1758 1888 1832 περιτομὴ
1919 1752 2024 1818 ἓως

372 1852 568 1924 καιροῦ
596 1849 678 1918 ἦν,
707 1847 801 1903 καὶ
864 1848 958 1904 νῦν
1012 1849 1304 1906 πέπαυται.
1369 1850 1468 1908 Καὶ
1500 1848 1586 1904 ὅτι
1638 1845 1728 1903 διὰ
1762 1852 1861 1904 τοῦ
1892 1848 2024 1922 Χρι-

374 1941 502 1993 στοῦ
532 1935 750 1996 λέλυται
779 1938 844 1994 τὸ
876 1939 1228 2016 παράπτωμα
1284 1944 1382 1996 τοῦ
1440 1937 1642 2012 Ἀδὰμ,
1680 1939 1771 1994 καὶ
1805 1940 1840 2007 ἡ
1896 1937 2022 1993 σκιὰ

362 2032 458 2083 τοῦ
481 2028 656 2101 νόμου
704 2029 976 2105 παρῆλθε.
1013 2031 1126 2099 Τήν
1183 2029 1275 2103 μὲν
1311 2031 1404 2086 οὗν
1436 2027 1634 2100 κλῆσιν
1680 2032 1789 2086 τῶν
1853 2027 2014 2084 ἐθνῶν

353 2116 686 2183 ἀκολούθως
756 2119 1142 2189 κατασκευάζει
1223 2119 1423 2191 οὕτως,
1481 2116 1803 2182 ἀποδεικνὺς
1857 2121 2016 2173 πᾶσιν

346 2210 674 2285 ἀνθρώποις
732 2209 974 2290 ἔμφυτον
1029 2212 1168 2268 εἶναι
1225 2213 1317 2268 τὸν
1364 2211 1563 2287 νόμον,
1637 2209 1728 2266 καὶ
1807 2211 2015 2272 πάντας

346 2297 634 2376 ἀδιδάκτῳ
668 2322 727 2357 τε
765 2305 834 2376 τῇ
881 2300 1058 2380 φύσει,
1107 2303 1198 2358 καὶ
1256 2301 1348 2358 ἀπ’
1406 2303 1578 2372 αὐτῆς
1632 2307 1734 2372 τῆς
1787 2299 2014 2363 κτίσεως

343 2386 612 2454 δύνασθαι
657 2393 946 2467 γινώσκειν
1002 2393 1094 2448 τὸν
1150 2393 1303 2449 Θεόν.
1363 2393 1458 2448 Διὸ
1512 2391 1604 2448 καὶ
1663 2389 1887 2453 εῒκότως
1938 2388 2016 2445 αἴ-

337 2485 525 2536 τιᾶται
560 2483 784 2555 πρῶτον
812 2479 1114 2553 Ἕλληνας,
1173 2480 1250 2545 ὡς
1307 2482 1404 2555 μὶν
1461 2484 1559 2536 τοῦ
1588 2484 1725 2537 Θεοῦ
1779 2479 2018 2558 φανερώ-

347 2588 550 2631 σαντος
581 2569 778 2627 αὐτοῖς
852 2569 912 2624 ἐκ
956 2573 1063 2626 τῶν
1123 2569 1450 2643 ποιημάτων
1505 2573 1602 2626 τοῦ
1649 2567 1859 2642 κόσμου
1912 2569 2012 2636 τήν

345 2659 474 2734 περὶ
508 2659 710 2714 ἑαυτὸῦ
743 2662 942 2734 γνῶσιν
969 2660 1060 2714 καὶ
1108 2667 1208 2730 τῆς
1269 2656 1449 2715 ἀϊδίου
1483 2657 1768 2734 δυνάμεως
1826 2656 2015 2728 αὐτοῦ,

347 2749 477 2820 ἥτις
512 2748 660 2806 ἐστὶν
691 2750 721 2806 ὁ
752 2748 918 2828 λόγος
948 2749 1135 2824 αὐτοῦ,
1163 2750 1214 2806 ἐν
1275 2750 1322 2825 ᾦ
1374 2753 1464 2806 καὶ
1523 2747 1592 2806 δι’
1635 2751 1696 2806 οὗ
1723 2748 1790 2806 τὰ
1847 2748 2014 2805 πάντα

348 2840 685 2909 πεποίηκεν,
745 2839 942 2902 αὐτοὺς
1009 2837 1088 2910 δὶ,
1147 2841 1225 2916 μὴ
1282 2837 1567 2916 ἐγνωκέναι
1629 2839 1725 2914 μὶν
1783 2838 1844 2896 ἐκ
1909 2843 2016 2895 τῶν

343 2929 674 3003 κτισμάτων
705 2929 844 2986 εἶναι
876 2927 1003 2986 Θεόν
1039 2929 1130 2986 τὸν
1163 2932 1373 2986 τούτων
1429 2931 1804 3008 Δημιουργὸν,
1834 2929 1902 2986 τά
1959 2927 2017 2984 δε

349 3023 650 3094 ποιήματα
694 3020 1146 3091 θεοποιήσαντας,
1208 3020 1299 3076 καὶ
1354 3024 1422 3095 τῇ
1479 3019 1647 3076 κτίσει
1709 3017 1923 3094 μᾶλλον
1980 3018 2014 3088 ἤ

354 3109 504 3181 αὐτῷ
535 3106 964 3183 λατρεύσαντας.
997 3107 1244 3165 Αίτιᾶται
1304 3105 1363 3163 δὶ
1423 3108 1513 3163 καὶ
1563 3104 1881 3175 Ἰουδαίους,
1942 3107 2017 3167 ὡς

354 3199 431 3270 μή
467 3196 816 3278 φυλάξαντας
845 3196 935 3252 τὸν
970 3197 1163 3270 νόμον,
1195 3193 1343 3252 ἀλλᾶ
1396 3197 1486 3252 καὶ
1544 3196 1759 3251 πᾶλλον
1801 3193 1890 3251 διὰ
1917 3203 2018 3266 τῆς

349 3283 725 3365 παραϐάσεως
757 3291 854 3344 τοῦ
885 3289 1078 3362 νόμου,
1134 3288 1227 3343 τὸν
1289 3287 1417 3344 Θεὸν
1469 3287 1856 3361 ἀτιμάσαντας.
1907 3286 2010 3345 Καὶ

1446 457 1858 522 COMMENT.
1904 457 1986 518 IN
2034 450 2280 516 EPIST.
2327 453 2428 513 AD
2477 451 2664 514 ιιοΜ.

327 589 692 648 ΥΠΟΘΕΣῙΣ
745 595 887 651 ΤΗΣ
952 595 1133 653 ΠΡΟΣ
1187 594 1546 652 ΡΩΜΑΙΟΥΣ
1596 593 2013 649 ΕΠΙΣΤΟΛΠΣ.
2051 591 2098 656 Α

3671 449 3791 508 318

2261 585 2754 643 ARGUMENTUM
2784 585 3141 641 EPlSTOLzE
3174 585 3268 640 AD
3299 582 3654 640 ROMANOS.

2129 680 2392 752 Epistola
2421 679 2496 736 ad
2548 681 2847 735 Romanos
2880 678 3294 749 complectitur
3331 675 3786 730 instructionem

2129 771 2203 826 ad
2234 771 2554 836 Christum,
2578 775 2637 826 et
2665 770 2921 825 maxime
2955 786 3058 840 per
3089 768 3451 823 naturalium
3484 767 3784 821 rationum

2129 861 2701 918 demonstrationem
2727 861 2914 916 :196
2945 860 3197 930 ideoque
3223 859 3451 914 caeteris
3467 858 3786 929 praeposita

2130 957 2239 1013 est.
2264 959 2546 1023 tanquam
2578 958 2736 1007 certe
2767 950 2842 1006 ad
2889 967 2991 1005 eos
3033 950 3254 1019 scripta
3284 947 3383 1019 qui
3409 948 3483 1002 ad
3515 948 3780 1002 divinum

2130 1042 2354 1097 cultum
2378 1043 2506 1114 jam
2537 1041 2840 1098 habebant
2890 1039 3270 1112 principium.
3310 1038 3467 1091 Hanc
3519 1042 3716 1090 autem
3748 1052 3782 1090 a

2129 1133 2413 1187 Corintho
2447 1133 2650 1199 mittit,
2706 1147 2841 1186 cum
2885 1129 3143 1185 necdum
3194 1131 3490 1184 Romanos
3516 1125 3779 1192 vidisset,

2131 1222 2236 1277 sed
2265 1223 2338 1277 de
2370 1222 3043 1294 ipsisaudisseteosque
3073 1217 3309 1273 videndi
3335 1217 3586 1288 cupidus
3605 1220 3781 1270 esset.

2131 1314 2200 1366 Et
2229 1312 2487 1382 primum
2538 1311 2782 1382 quidem
2833 1311 2916 1365 ait
2945 1309 3056 1364 sibi
3098 1315 3323 1380 gratam
3358 1324 3488 1362 esse
3538 1306 3779 1361 illorum

2132 1402 2310 1457 fidem
2369 1418 2549 1472 quam
2621 1401 2840 1471 ubique
2915 1399 3184 1454 locorum
3249 1396 3536 1470 divulgari
3589 1395 3772 1452 videt.

2132 1494 2355 1553 Deinde
2387 1493 2683 1566 signiﬁcat
2719 1491 2878 1563 quod
2910 1491 3256 1562 frequenter
3288 1487 3665 1560 proposuerit
3707 1486 3782 1542 ad

2131 1587 2294 1658 ipsos
2337 1583 2556 1651 venire,
2606 1599 2891 1639 accensus
2951 1598 3158 1637 eorum
3213 1579 3532 1647 desiderio,
3586 1578 3785 1633 adhuc

2132 1682 2330 1732 tamen
2365 1691 2483 1729 non
2519 1674 2795 1745 potuerit.
2831 1675 2896 1727 Et
2949 1671 3229 1741 deinceps
3270 1667 3622 1724 eruditionis
3654 1667 3784 1738 ple-

2131 1781 2272 1822 nam
2316 1763 2639 1821 conscribit
2693 1763 3020 1834 epistolam,
3065 1762 3136 1816 de
3184 1761 3487 1816 vocatione
3517 1758 3784 1832 gentium

2133 1854 2411 1926 quodque
2443 1852 2820 1908 circumcisio
2841 1851 3035 1908 solum
3053 1851 3127 1906 ad
3157 1856 3392 1921 tempus
3425 1848 3619 1920 posita
3633 1851 3781 1916 erat,

2133 1949 2273 2000 tunc
2305 1947 2504 1998 autem
2537 1947 2888 2010 cessaverat,
2923 1945 2981 1996 et
3010 1939 3167 2013 quod
3199 1957 3306 2012 per
3334 1938 3632 1993 Christum
3657 1942 3785 1993 erat

2124 2035 2387 2092 deletum
2405 2033 2546 2090 Adae
2565 2039 2873 2106 peccatum
2886 2077 2899 2101 ,
2919 2032 3252 2102 umbraque
3275 2031 3421 2102 legis
3440 2029 3780 2085 transierat.

2120 2126 2500 2183 Vocationem
2532 2126 2734 2196 itaque
2766 2124 3034 2196 gentium
3065 2125 3506 2193 consequenter
3537 2121 3624 2175 ita
3645 2136 3784 2174 con-

2122 2218 2338 2283 firmat,
2365 2213 2690 2270 ostendens
2709 2213 2938 2269 cunctis
2958 2211 3302 2267 hominibus
3334 2209 3627 2265 consitam
3651 2225 3781 2263 esse

2119 2306 2332 2379 legem,
2383 2320 2712 2375 omnesque
2758 2307 2818 2358 et
2849 2308 3063 2357 natura
3092 2299 3273 2356 rudes
3304 2315 3455 2367 esse,
3491 2304 3548 2353 et
3578 2302 3778 2354 tamen

2121 2397 2192 2453 ab
2207 2395 2354 2467 ipsis
2368 2395 2656 2451 creaturis
2669 2411 2841 2465 posse
2856 2394 3039 2449 Deum
3065 2407 3441 2464 cognoscere.
3457 2391 3780 2461 Propterea

2119 2486 2332 2542 merito
2364 2484 2575 2557 arguit,
2610 2484 2871 2556 primum
2904 2481 3146 2554 quidem
3173 2483 3428 2544 Graecos.
3461 2478 3618 2550 quod
3643 2495 3776 2534 cum

2119 2575 2242 2631 illis
2272 2577 2426 2630 Deus
2461 2590 2529 2629 ex
2557 2574 2846 2629 creaturis
2873 2571 3100 2643 mundi,
3145 2570 3234 2626 sui
3266 2570 3456 2642 ipsius
3485 2568 3778 2641 cognitio-

2121 2681 2260 2720 nem
2290 2662 2753 2727 manifestasset,
2799 2677 3085 2732 suamque
3132 2659 3410 2714 virtutem
3467 2662 3775 2723 aeternam,

2122 2772 2252 2828 quae
2285 2761 2376 2810 est
2408 2753 2663 2809 Verbum
2711 2752 2864 2825 ejus,
2915 2753 2976 2807 in
3009 2768 3126 2824 quo
3149 2755 3208 2806 et
3236 2766 3342 2821 per
3373 2765 3550 2820 quem
3579 2749 3780 2803 omnia

2121 2847 2360 2912 creavit,
2405 2844 2496 2900 illi
2544 2850 2743 2900 tamen
2787 2859 2821 2898 a
2873 2841 3161 2898 creaturis
3220 2857 3341 2896 non
3386 2844 3782 2910 cognoverant

2123 2936 2330 3003 Deum,
2383 2935 2484 3006 qui
2537 2935 2652 2989 ista
2697 2933 3055 2988 formaverat
3096 2931 3201 2987 sed
3258 2931 3417 3002 ipsas
3478 2934 3780 2984 creaturas

2122 3023 2266 3080 deos
2288 3023 2573 3090 fecerant,
2598 3039 2665 3080 ac
2688 3022 3357 3088 coluerant,creaturam
3371 3019 3568 3090 potius
3599 3034 3778 3088 quam

2124 3115 2480 3170 Creatorem.
2517 3113 2724 3186 Arguit
2758 3118 2958 3167 autem
2990 3116 3050 3166 et
3096 3109 3329 3165 Judaeos
3359 3113 3425 3163 ut
3459 3108 3558 3180 qui
3584 3107 3774 3178 legem

2124 3219 2245 3259 non
2259 3207 2612 3266 servassent,
2629 3201 2732 3256 sed
2749 3201 3011 3272 perlegis
3026 3199 3563 3270 transgressionem
3586 3197 3771 3251 Deum

2125 3292 2587 3347 inhonorassent
2602 3307 2614 3344 :
2632 3295 2689 3345 et
2705 3290 2787 3345 ita
2799 3295 3083 3360 utrosqne
3101 3292 3223 3342 tum
3236 3286 3470 3342 Iudaeos
3487 3291 3610 3340 tum
3626 3286 3777 3340 Grai-

345 3355 520 3439 οῧτως
550 3375 844 3457 ἀμφότερα
871 3355 1202 3451 τάμέγιστα
1235 3374 1536 3439 Ἰουδαίους
1564 3355 1684 3432 ’καὶ
1731 3375 2008 3447 Ἕλληνας

2124 3399 2223 3438 cos
2252 3382 2508 3438 maxime
2553 3381 2806 3436 convicit
2853 3397 2920 3436 ac
2970 3379 3458 3452 transgressionis
3497 3381 3773 3432 accusat:

346 3464 624 3542 σδγκλείει
676 3464 770 3518 καὶ
823 3462 1045 3544 ἐλέγχει
1104 3463 1192 3519 ἐπὶ
1219 3463 1554 3540 παρανομίᾳ,
1579 3462 1672 3519 ⁸ίνα
1719 3462 1868 3540 δείξῃ
1930 3466 2012 3520 ὅτι

348 3555 471 3610 ὅσοι
498 3555 790 3628 γενόμενοι
823 3552 876 3608 οἰ
907 3554 1124 3622 πάντες,
1173 3552 1369 3624 ἐπίσης
1415 3554 1489 3618 ὡς
1549 3554 1860 3625 ὑπεύθυνοι,
1916 3559 2013 3608 τοῦ

351 3642 735 3718 λυτρουμένου
769 3641 998 3699 δέονται.
1033 3647 1146 3715 Τῆς
1177 3641 1233 3700 δὲ
1261 3651 1487 3719 χάριτος
1546 3643 1635 3698 καὶ
1685 3641 2013 3717 λυτρώσεως

365 3731 560 3800 ἐπίσης
590 3740 698 3796 τοῖς
748 3730 1036 3795 Ἰουδαίοις
1094 3735 1396 3810 γενομένης
1453 3735 1544 3789 καὶ
1593 3732 1681 3788 ἐπὶ
1737 3734 1804 3788 τὰ
1859 3731 2010 3804 ἔθνη,

367 3819 599 3881 εἰκότως
628 3823 704 3876 καὶ
759 3825 795 3892 ἡ
858 3820 1057 3892 κλῆσις
1113 3822 1302 3899 γέγονε
1356 3827 1463 3878 τῶν
1525 3823 1708 3886 ἐθνῶν.
1787 3825 1902 3891 Τῆς
1956 3819 2014 3878 δέ

365 3907 616 3980 κλήσεως
667 3916 772 3967 τῶν
821 3911 989 3976 ἐθνῶν
1050 3911 1365 3988 γενομένης,
1429 3912 1477 3983 ἐξ
1539 3913 1777 3987 ἀνάγκης
1813 3913 2012 3966 πέπαυ-

355 4002 500 4068 ταιὴ
567 4003 867 4076 περιτομὴ,
928 4001 1019 4056 καὶ
1072 4004 1106 4071 ἠ
1158 4001 1211 4057 ἐν
1267 4007 1347 4074 τῷ
1402 4001 1561 4074 νόμῳ
1616 4001 1758 4057 σκιά.
1792 4002 1848 4055 Ὀ
1904 4004 2009 4077 γὰρ

348 4084 602 4164 ”Δ6ραμ,
640 4090 825 4167 φησὶν,
862 4091 961 4147 οὐκ
987 4091 1039 4146 ἐν
1063 4095 1360 4165 περιτομῇ,
1388 4089 1534 4147 ἀλλά
1564 4091 1670 4167 πρὸ
1698 4093 1798 4157 τῆς
1857 4112 2010 4167 περι-

342 4186 528 4251 τομῆς
587 4177 923 4249 δικαιωθεὶς,
985 4179 1382 4254 μετωνομάσθη
1448 4180 1542 4254 μὶν
1603 4175 1875 4254 Ἀϐραάμ,
1927 4180 2009 4237 ὅτι

342 4270 528 4344 πατὴρ
550 4267 785 4324 πολλῶν
820 4269 981 4326 ἐθνῶν
1009 4264 1242 4343 ἔμελλεν
1301 4270 1462 4338 εἶναι,
1518 4270 1654 4324 κατὰ
1698 4272 1795 4340 τήν
1830 4270 1880 4324 ἐν
1939 4275 2010 4345 τῇ

339 4353 696 4431 ἀκροϐυστίᾳ
727 4360 931 4417 πίστιν.
979 4354 1187 4416 Ἕλαϐε
1245 4357 1302 4415 δὲ
1367 4361 1502 4433 μετᾶ
1556 4359 1619 4414 τὸ
1651 4357 2008 4430 δικαιωθῆναι

338 4452 433 4505 καὶ
490 4450 595 4516 τήν
667 4451 974 4524 περιτομὴν
1026 4447 1077 4504 ἐν
1140 4449 1321 4524 σαρκὶ,
1381 4449 1473 4503 ἳνα
1532 4453 1761 4520 σημεῖον
1893 4455 2008 4513 τοῖς

339 4541 486 4596 κατὰ
522 4539 700 4614 σάρκα
751 4538 1115 4614 γεννωμένοις
1172 4540 1223 4611 ἐξ
1282 4537 1468 4607 αὖτοῦ,
1526 4538 1820 4602 παύσεσθαί
1875 4561 2012 4596 ποτε

336 4632 440 4698 τὴν
509 4630 850 4703 περιτομὴν,
912 4628 1036 4684 ὅταν
1091 4628 1155 4684 τὰ
1220 4626 1343 4700 ἔθνη
1427 4627 1649 4704 γένηται
1706 4629 1860 4684 τέκνα
1913 4633 2011 4684 τοῦ

2117 3477 2184 3527 ut
2212 3471 2487 3528 ostendat
2531 3471 2691 3544 quod
2725 3471 3067 3542 quicunque
3116 3471 3239 3524 nati
3274 3473 3431 3534 sunt,
3467 3483 3674 3522 omnes
3706 3481 3775 3521 ex

2119 3579 2288 3633 aaquo
2323 3567 2535 3634 egeant
2577 3560 2993 3632 Redemptore,
3045 3565 3249 3631 utpote
3286 3558 3522 3614 obnoxii
3549 3573 3560 3610 :
3587 3557 3776 3625 gratia

2116 3669 2251 3708 vero
2284 3656 2342 3706 et
2361 3652 2772 3722 redemptione
2794 3649 3378 3722 Judzeisacgentibus
3405 3665 3472 3702 ex
3493 3664 3662 3718 mquo
3684 3647 3771 3702 fa-

2117 3747 2228 3808 cta,
2262 3741 2474 3795 merito
2508 3741 2684 3796 etiam
2735 3740 3000 3812 gentium
3041 3739 3195 3793 facta
3243 3738 3320 3792 sit
3348 3736 3771 3792 vocatiozl‘acta

2117 3835 2315 3886 autem
2345 3829 2610 3901 gentium
2640 3828 2965 3892 vocatione,
3011 3828 3349 3883 necessario
3378 3826 3630 3880 cessavit
3655 3826 3768 3878 cir—

2117 3919 2402 3974 cumcisio
2434 3935 2501 3972 ac
2532 3917 2744 3972 umbra
2774 3934 2905 3988 quae
2939 3917 3000 3970 in
3032 3916 3158 3987 lege
3193 3921 3335 3970 erat.
3371 3914 3587 3968 Abram
3609 3913 3768 3967 enim

2116 4025 2236 4065 non
2261 4008 2322 4062 in
2354 4004 3170 4077 circumcisione,inquit,sed
3203 4009 3338 4059 ante
3372 4002 3770 4058 circumcisio-

2116 4115 2254 4154 nem
2281 4095 2938 4168 justificatus,nominis
2958 4095 3452 4150 transmutatione
3473 4093 3664 4147 dictus
3683 4096 3772 4145 est

2117 4189 2436 4252 Abraham.
2471 4188 2630 4259 quod
2662 4194 2830 4259 pater
2869 4187 3188 4242 multarum
3223 4186 3486 4259 gentium
3535 4184 3770 4237 futurus

2117 4286 2295 4346 esset,
2316 4279 2642 4335 secundum
2659 4277 2834 4333 ﬁdem
2862 4294 3038 4349 quam
3062 4277 3122 4332 in
3138 4275 3426 4350 praeputio
3457 4273 3766 4329 habuerat.

2116 4369 2380 4441 Sumpsit
2408 4374 2606 4425 autem
2639 4367 3329 4440 postquamjustiﬂcatus
3344 4371 3435 4420 est
3464 4363 3770 4420 circumci-

2116 4459 2346 4514 sionem
2400 4459 2462 4513 in
2496 4475 2693 4526 carne,
2736 4463 2802 4512 ut
2846 4458 3082 4526 signum
3111 4461 3268 4512 esset
3302 4455 3395 4510 his
3427 4455 3526 4525 qui
3555 4470 3765 4509 secun-

2117 4549 2261 4604 dum
2293 4565 2530 4604 carnem
2566 4548 2639 4603 ab
2673 4564 2740 4602 eo
2774 4550 3773 4620 propagarentur.Cessaturumau-

2118 4643 2238 4693 tem
2273 4643 2410 4694 tunc
2457 4638 2602 4693 dicit
2656 4638 3197 4702 circumcisionem,
3250 4653 3384 4691 cum
3414 4641 3622 4707 gentes
3665 4635 3775 4689 ﬁlii

341 4715 634 4793 Ἀϐρααμ,
691 4718 959 4792 ἀρξάμενα
1025 4717 1410 4782 πολιτεύεσθαι
1464 4718 1600 4772 κατᾶ
1677 4719 1777 4787 τὴν
1829 4719 2008 4786 πίστιν

2122 4727 2342 4782 fuerint
2373 4727 2643 4793 Abrahae,
2667 4743 2922 4797 quorum
2955 4727 3084 4797 jam
3116 4730 3375 4796 coeperat
3404 4723 3772 4779 conversatio

340 4813 443 4864 τοῦ
475 4803 761 4882 Ἀϐραάμ,
797 4808 849 4863 ἐν
947 4805 1245 4877 ἐδικαιώθη
1299 4807 1388 4864 ὅτε
1445 4809 1510 4877 ἦν
1541 4806 1595 4862 ἐν
1652 4802 2005 4884 ἀκροϐυστίᾳ.

339 4898 572 4955 Τούτων
603 4898 706 4973 γὰρ
741 4897 900 4974 χάριν
945 4897 1343 4972 μετωνομάσθη
1378 4892 1656 4972 Ἀϐραάμ.

420 5077 661 5154 Ἀνάγκη
697 5073 776 5146 δὲ,
808 5073 1081 5140 ἐλθόντων
1140 5079 1248 5132 τῶν
1309 5076 1749 5151 σημαινομένων,
1794 5076 2005 5132 παύσα-

347 5171 540 5225 σασθαι
597 5167 658 5222 τὸ
713 5171 1002 5241 σημαῖνον.
1063 5165 1126 5223 Et
1189 5166 1284 5240 μὶν
1344 5165 1436 5221 οὗν
1474 5166 1542 5220 τὰ
1590 5163 1715 5235 ἔθνη
1774 5165 2007 5244 ἀναγκά-

346 5265 504 5329 ζουσι
536 5257 979 5332 περιτέμνεσθαι,
1031 5256 1347 5312 παυέτωσαν
1410 5256 1498 5310 καὶ
1553 5255 1616 5311 τὸ
1678 5250 1854 5328 ὄνομα
1909 5261 2006 5312 τοῦ

344 5345 630 5425 Ἀϐραὰμ,
689 5347 781 5402 καὶ
837 5345 1110 5402 καλείσθω
1176 5342 1420 5419 Ἀϐραμ.
1485 5345 1551 5402 Ei
1639 5343 1697 5400 δὲ
1754 5343 2006 5421 Ἀϐραάμ

342 5441 494 5520 παρᾶ
525 5444 663 5497 Θεοῦ
721 5438 1148 5512 μετωνομάσθη,
1209 5439 1272 5493 οὐ
1335 5435 1418 5493 δεῖ
1464 5439 1881 5512 περιτέμνεσθαι
1938 5438 2006 5493 τὰ

342 5531 494 5601 ἔθνη,
527 5529 658 5586 ἀλλ’
699 5526 826 5584 οὐδὲ
888 5526 1083 5588 αὐτοὺς
1131 5521 1208 5582 ἔτι
1257 5529 1384 5590 τοὺς
1443 5528 1579 5582 κατὰ
1635 5528 1806 5601 σάρκα
1863 5528 2002 5584 Ἰου-

339 5620 547 5689 δαίους,
584 5619 740 5691 ἴναῇ
793 5617 858 5672 τὸ
914 5611 1087 5688 ὄνομα
1138 5611 1384 5693 βέϐαιον,
1442 5617 1532 5672 καὶ
1589 5618 1772 5691 πατὴρ
1832 5615 2000 5681 ἐθνῶν

335 5711 562 5768 πολλῶν
611 5708 876 5779 καλῆται.
912 5704 1015 5762 Καὶ
1039 5705 1142 5782 γὰρ
1195 5705 1258 5762 οὗ
1291 5706 1482 5783 χρείαν
1513 5702 1632 5784 ἔχει
1659 5705 1855 5763 λοιπόν
1917 5729 1999 5771 τις

336 5804 771 5875 περιτέμνεσθαι,
807 5794 1150 5872 ἀρκούμενος
1201 5799 1269 5871 τῇ
1329 5796 1506 5852 πίστει
1566 5800 1661 5850 τοῦ
1721 5791 1995 5871 Ἀϐραὰμ,

342 5889 457 5950 οὐδὲ
486 5899 587 5966 τῆς
618 5887 808 5962 ἄλλης
870 5881 930 5941 δὲ
987 5889 1088 5955 τῆς
1145 5883 1198 5942 ἐν
1253 5885 1408 5962 νόμῳ
1451 5889 1624 5952 σκιᾶς.
1657 5885 1734 5943 Οὐ
1791 5887 1892 5966 γὰρ
1936 5885 1998 5944 ἐκ

2121 4816 2183 4872 in
2215 4816 2330 4876 fide
2362 4816 2510 4871 I97
2549 4814 2870 4879 Abraham,
2907 4816 2968 4869 in
3001 4813 3500 4886 quajustiﬁcatus
3529 4817 3618 4866 est
3637 4829 3771 4868 cum

2121 4910 2279 4961 esset
2303 4906 2364 4960 in
2395 4905 2721 4977 praeputio:
2755 4904 2890 4960 ideo
2917 4905 3076 4960 enim
3111 4907 3503 4960 transmutato
3527 4902 3771 4958 nomine

2119 4996 2313 5053 dictus
2343 5002 2434 5052 est
2468 4995 2786 5051 Abraham.

2188 5087 2440 5143 Necesse
2471 5091 2563 5142 est
2590 5091 2789 5141 autem
2804 5083 3261 5141 succedentibus
3284 5085 3770 5160 signiﬁcatisces-

2117 5191 2247 5231 sare
2283 5174 2602 5248 signum.Si
2637 5191 2773 5246 ergo
2805 5173 3016 5245 gentds
3031 5191 3274 5229 necesse
3298 5174 3773 5239 estcircumcidi,

2117 5270 2308 5320 cesset
2338 5271 2397 5320 et
2426 5281 2644 5320 nomen
2678 5263 2996 5331 Abraham,
3052 5269 3409 5336 voceturque
3455 5265 3774 5322 Abramzsi

2114 5371 2249 5410 vero
2280 5354 2576 5409 Abraham
2606 5371 2640 5408 a
2672 5355 2789 5409 Deo
2817 5354 3080 5409 nominis
3111 5355 3440 5410 mutatione
3457 5356 3649 5409 dictus
3664 5361 3773 5423 est,

2115 5461 2236 5500 non
2269 5461 2417 5516 opus
2449 5449 2538 5500 est
2584 5450 2757 5516 gente
2804 5444 3150 5500 circumcidi
3179 5463 3190 5499 :
3225 5446 3342 5502 imo
3375 5463 3568 5517 neque
3601 5445 3772 5501 dein-

2115 5549 2258 5604 ceps
2290 5547 2390 5588 eos
2421 5533 2524 5605 qui
2553 5532 2740 5588 Judaei
2771 5535 3256 5590 suntsecundum
3289 5551 3529 5591 carnem
3558 5552 3571 5588 :
3601 5540 3666 5588 ut
3696 5535 3773 5590 sit

2113 5639 2336 5677 nomen
2366 5623 2606 5677 ﬁrmum
2630 5627 2688 5678 et
2717 5625 3218 5694 patermultarum
3251 5626 3517 5698 gentium
3544 5641 3766 5678 nuncuo

2111 5717 2304 5783 petur.
2340 5712 2574 5767 Etenim
2606 5729 2726 5768 non
2775 5730 3020 5770 necesse
3071 5720 3179 5781 est,
3211 5721 3279 5769 ut
3310 5715 3441 5786 quis
3482 5713 3763 5782 deinceps

2111 5801 2875 5870 circumcidatur,cumillis
2904 5802 3322 5858 sufﬁciatﬁdes
3346 5800 3624 5857 Abrahaa:
3652 5816 3762 5856 nec

2111 5895 2178 5948 ut
2212 5889 2486 5947 observet
2513 5890 2692 5946 aliam
2720 5890 2867 5963 legis
2911 5890 3204 5947 umbram.
3231 5893 3356 5946 Non
3384 5889 3544 5946 enim
3576 5904 3649 5945 ex
3668 5887 3765 5948 hi-
