4112 6480
307 465 425 526 319
1291 452 1704 516 COMMENT.
1753 453 1836 513 IN
1880 450 2089 513 ACTA
2131 452 2746 518 APOSTOLORUM.
3614 457 3735 518 390

310 595 415 654 sed
428 611 497 652 ex
511 594 627 651 ﬁde
640 592 1008 665 justificatur
1035 589 1356 664 quispiam,
1382 586 1889 661 quemadmodum
1908 591 1967 643 et

2110 584 2312 656 ούτων,
2381 584 2509 642 ἀλλ’
2565 585 2625 643 ἐκ
2670 584 2907 650 πίστεως
2966 585 3273 645 δικαιοῦται
3327 608 3432 659 τις,
3490 587 3733 664 καθάπερ

310 686 741 745 Abrahamﬂis
762 685 847 740 ita
867 679 1531 749 conﬂrmatis,ostendit
1552 693 1787 734 rursum
1810 676 1970 748 quod

2110 676 2169 732 αὶ
2227 678 2255 732 ὁ
2305 672 2578 752 Ἀϐραάμ.
2633 681 2820 737 Ταῦτα
2877 677 3054 739 οὕτως
3101 680 3536 750 κατασκευάσας,
3593 679 3733 735 ἀπο-

314 777 487 833 aliler
518 775 645 830 fieri
680 778 941 846 nequeat
960 770 1292 842 redemptio
1323 775 1427 825 aut
1453 765 1971 841 gratialsraelivel

316 864 613 940 gentibus,
646 864 761 919 nisi
797 863 1059 919 solvatur
1078 873 1242 917 vetus
1277 859 1408 914 Adaa
1447 862 1777 931 peccatum,
1812 856 1973 929 quod

315 957 390 1015 ad
412 973 623 1012 omnes
673 954 1021 1010 dimanavit.
1059 955 1172 1008 Per
1200 950 1376 1007 alium
1405 954 1603 1005 autem
1636 964 1757 1003 non
1796 962 1971 1019 posse

316 1047 505 1104 deleri
530 1046 677 1101 dicit
693 1045 807 1100 nisi
828 1061 934 1117 per
955 1042 1253 1099 Christum
1268 1041 1588 1111 Deum,per
1599 1053 1775 1109 quem
1793 1037 1973 1092 etiam

318 1155 354 1195 a
385 1136 848 1210 principiofacta
862 1139 952 1190 est
976 1132 1316 1189 maledictio
1342 1147 1355 1185 ε
1390 1145 1584 1201 neque
1599 1128 1757 1185 enim
1774 1132 1978 1199 posset

327 1228 482 1285 alius
515 1226 741 1281 solvere
773 1229 1103 1297 peccatum.
1159 1220 1383 1277 Deinde
1428 1218 1638 1275 scribit
1675 1216 1834 1289 quod
1865 1218 1977 1273 hoc

326 1318 501 1374 aliter
530 1333 651 1372 non
687 1316 790 1371 ﬁat
818 1314 930 1370 nisi
965 1312 1149 1369 Filius
1183 1311 1282 1366 Dei
1305 1326 1520 1382 corpus
1552 1309 1857 1372 induat,ac
1876 1306 1980 1362 fiat

322 1408 503 1469 homo
532 1423 544 1461 :
587 1411 652 1461 ut
671 1422 806 1461 cum
839 1402 990 1459 illud
1020 1419 1126 1475 pro
1158 1400 1437 1457 omnibus
1459 1399 1979 1463 obtulerit,omnes

324 1514 361 1553 a
390 1500 578 1553 morte
609 1495 861 1550 liberet:
895 1493 1124 1549 etsicut
1153 1508 1259 1564 per
1288 1507 1425 1547 eum
1442 1489 1748 1545 hominem
1778 1503 1981 1560 pecca-

324 1592 451 1643 tum
476 1586 536 1640 in
558 1582 1242 1649 mundumintroivit,ita
1269 1585 1446 1653 etper
1464 1596 1652 1636 unum
1674 1578 1981 1635 hominem

323 1676 513 1747 gratia
542 1673 840 1730 succedat.
873 1671 1134 1728 Tandem
1156 1687 1323 1727 more
1370 1668 1540 1743 probi
1566 1668 1979 1726 (economiJu-

326 1764 488 1820 dmos
518 1762 760 1835 quidem
791 1760 1155 1829 consolatur,
1183 1761 1422 1815 dicens:
1464 1760 1636 1814 «Non
1667 1757 1812 1814 estis
1834 1757 1981 1831 legis

330 1858 804 1926 transgressores
835 1850 885 1906 si
917 1850 979 1905 in
1027 1848 1327 1905 Christum
1358 1847 1732 1904 credideritis
1769 1862 1784 1915 ;
1812 1865 1840 1895 ι
1878 1863 1981 1903 eos

326 1961 463 2000 vero
495 1945 596 2016 qui
629 1961 663 2000 a
692 1943 968 2017 gentibus
1015 1941 1421 2007 crediderunt,
1453 1941 1737 1998 admonet
1764 1957 1839 1996 ne
1871 1956 1980 1996 ex-

2110 1933 2390 1998 Ιουδαίους
2450 1933 2876 2007 παραμυθεῖται,
2915 1932 2999 1987 ὅτι
3057 1956 3087 1984 ‹‹

321 2034 611 2091 tollantur
639 2033 922 2090 adversus
942 2031 1359 2093 Israelem.sed
1386 2036 1711 2105 agnoscant
1730 2029 1890 2103 quod
1911 2034 1978 2085 ut

322 2125 475 2181 rami
510 2141 692 2197 super
728 2123 1015 2192 radicem,
1048 2123 1133 2178 ita
1161 2128 1221 2178 et
1242 2122 1354 2194 ipsi
1390 2138 1569 2194 super
1598 2121 1733 2177 illos
1763 2121 1973 2176 inserti

325 2214 461 2269 sint.
489 2215 630 2269 Post
657 2214 784 2269 haec
815 2218 1013 2270 autem
1044 2212 1145 2268 ubi
1178 2212 1516 2269 monitoriis
1546 2211 1738 2267 verbis
1768 2228 1869 2268 eos
1904 2210 1976 2268 de

322 2304 589 2361 moribus
611 2303 867 2373 edocuit,
900 2304 1213 2376 epistolam
1255 2302 1580 2360 concludit.

411 2874 567 2932 198
605 2874 967 2932 EPISTOLE
1004 2876 1106 2934 AD
1146 2874 1482 2934 ROMANOS
1523 2874 1879 2932 CAPITULA

336 3041 382 3093 1.
419 3037 759 3108 Evangelica
787 3039 1046 3094 doctrina
1074 3038 1140 3094 de
1170 3038 1256 3094 his
1299 3038 1401 3109 qui
1428 3043 1591 3093 extra
1621 3036 1825 3094 Christi
1852 3054 1987 3109 gra-

466 3130 603 3184 tiam
642 3131 856 3196 vivunt,
889 3134 940 3183 et
988 3128 1055 3183 de
1112 3128 1196 3185 his
1238 3130 1339 3200 qui
1364 3130 1423 3182 in
1450 3129 1670 3198 gratia:
1703 3144 1768 3183 ac
1797 3128 1865 3183 de
1895 3144 1991 3199 spe

473 3219 865 3291 spiritualique
894 3221 1322 3276 conversatione.

328 3311 384 3364 2.
427 3310 504 3364 De
552 3309 795 3379 judicio,
854 3309 1005 3379 quod
1057 3310 1243 3378 fertur
1298 3308 1553 3365 adversus
1609 3312 1816 3379 gentes,
1873 3323 1983 3363 non

475 3405 754 3454 servantes
781 3414 846 3453 ea
876 3413 997 3468 qua
1023 3414 1058 3453 a
1087 3405 1296 3453 natura
1334 3403 1480 3455 sunt.

2080 764 2311 823 δείκνυσι
2331 766 2497 824 πάλιν
2539 767 2624 825 ὅτι
2674 766 2865 832 ﬂlqu
2924 770 3024 825 οὐκ
3080 768 3140 825 ἄν
3198 768 3409 847 γένοιτο
3466 768 3742 846 λύτρωσις

2077 856 2169 912 καὶ
2200 858 2367 936 χάρις
2393 860 2491 914 τοῦ
2518 857 2742 932 Ἰσραὴλ
2764 857 2854 914 καὶ
2886 863 3003 921 τοῖς
3062 854 3289 929 ἔθνεσιν,
3344 858 3390 914 εἰ
3454 862 3529 933 μή
3586 857 3729 935 λυθῇ

2078 946 2350 1028 ἡάρχαία
2381 947 2622 1024 ἁμαρτία
2676 952 2774 1004 τοῦ
2832 946 3029 1025 Ἀδὰμ,
3087 951 3124 1019 ἡ
3187 948 3266 1014 εἷς
3315 951 3520 1013 πάντας
3578 972 3740 1029 γενο-

2086 1037 2246 1113 μένη.
2276 1043 2353 1093 Δι’
2383 1037 2558 1093 ἄλλου
2596 1034 2655 1093 δὲ
2706 1039 2908 1109 ταύτην
2968 1041 3041 1112 μή
3102 1036 3359 1104 δύνασθαι
3417 1038 3738 1121 ἐξαλειφθῇ·

2080 1126 2168 1181 ναί
2194 1147 2382 1207 φησιν,
2415 1125 2542 1182 ἀλλ’
2569 1124 2607 1195 ἥ
2649 1124 2738 1182 διὰ
2775 1127 3013 1202 Χριστοῦ
3060 1126 3156 1182 τοῦ
3213 1128 3367 1198 Θεοῦ,
3424 1126 3495 1183 δι’
3526 1128 3589 1184 οῦ
3645 1129 3744 1184 καὶ

2083 1214 2135 1287 ἒξ
2165 1215 2348 1291 ἀρχῆς
2373 1216 2582 1291 κατάρα
2610 1215 2845 1292 γέγονεν.
2873 1216 2950 1274 Ού
2992 1217 3096 1295 γὰρ
3157 1214 3376 1272 δυνατὸν
3435 1218 3527 1288 ἦν,
3558 1214 3738 1274 ἄλλον

2084 1302 2242 1361 λῦσαι
2273 1303 2336 1361 τό
2366 1308 2740 1380 παράπτωμα.
2773 1306 2911 1362 Εἶτα
2937 1307 3133 1382 γράφει
3187 1306 3271 1362 ὅτι
3330 1304 3520 1369 ἄλλως
3572 1312 3741 1363 τοῦτο

2085 1395 2148 1452 ού
2181 1398 2257 1471 μὴ
2292 1395 2535 1473 γένηται,
2568 1395 2614 1450 εἰ
2649 1397 2725 1469 μὴ
2761 1400 2923 1469 σῶμα
2953 1396 3155 1471 φορέσῃ
3191 1398 3219 1452 ὁ
3268 1397 3391 1458 Υἱὸς
3419 1400 3518 1453 τοῦ
3574 1401 3745 1470 Θεοῦ,

2081 1485 2174 1543 καὶ
2202 1485 2421 1562 γένητὼ
2451 1482 2754 1560 ἅνθρωπος,
2811 1483 2903 1541 *ίνα
2959 1489 3126 1571 τοῦτο
3182 1488 3545 1563 προσενέγκας
3604 1488 3742 1565 ὑπὲρ

2084 1577 2326 1645 πάντων,
2355 1576 2486 1638 τοὺς
2541 1575 2743 1638 πάντας
2796 1573 3136 1650 ἐλευθερώσῃ
3196 1575 3303 1631 ἀπὸ
3355 1580 3454 1631 τοῦ
3486 1578 3743 1640 θανάτου.

2086 1666 2191 1727 Καὶ
2223 1664 2408 1742 ὥσπερ
2438 1664 2510 1722 δι’
2541 1665 2659 1727 ἑνὸς
2689 1665 2979 1740 ἀνθρώπου
3011 1667 3048 1734 ἡ
3080 1664 3321 1739 ἁμαρτία
3365 1665 3441 1728 είς
3511 1667 3601 1721 τὸν
3651 1670 3750 1723 κὸ-

2088 1777 2226 1833 σμον
2256 1755 2532 1826 εἰσῆλθεν,
2557 1752 2733 1816 οὕτως
2752 1753 2843 1810 καὶ
2876 1750 2949 1809 δι’
2980 1753 3098 1816 ἑνὸς
3128 1754 3416 1830 ἀνθρώπου
3473 1759 3509 1826 ἡ
3573 1758 3744 1833 χάρις

2087 1844 2330 1924 γένηται.
2365 1843 2468 1901 Καὶ
2500 1841 2697 1899 λοιπὸν
2746 1843 2822 1905 ὡς
2853 1840 3025 1904 καλὸς
3083 1842 3399 1927 οἰκονόμος,
3453 1843 3582 1907 τοὺς
3643 1846 3744 1919 μὲν

3148 1933 3225 1991 Οὔ
3284 1929 3596 2008 παραϐάται
3654 1935 3745 2010 γί-

2083 2036 2237 2090 νεσθε
2265 2028 2363 2081 τοῦ
2387 2024 2584 2097 νόμου,
2616 2021 2704 2077 ἰὰν
2767 2020 2842 2084 εἲς
2889 2020 2982 2078 τὸν
3040 2023 3273 2095 Χριστὸν
3325 2022 3671 2094 πιστεύσητε.
3707 2046 3734 2078 ν

2083 2118 2217 2179 Τοῖς
2263 2111 2321 2170 δὲ
2368 2113 2474 2169 ἀπὸ
2528 2116 2637 2168 τῶν
2693 2110 2861 2176 ἐθνῶν
2925 2116 3230 2189 παρεγγυᾷ,
3292 2114 3368 2185 μὴ
3429 2111 3747 2186 ἐπαίρεσθαι

2086 2204 2223 2261 κατὰ
2278 2208 2375 2260 τοῦ
2432 2202 2680 2279 Ἰσραὴλ,
2731 2199 2878 2257 ἀλλὰ
2936 2202 3222 2279 γινώσκειν
3278 2201 3363 2257 ὅτι
3421 2203 3497 2266 ὡς
3543 2200 3753 2267 κλάδος

2088 2294 2179 2351 ἐπὶ
2228 2295 2328 2364 τὴν
2364 2293 2533 2369 ῥίξαν,
2579 2290 2754 2353 οὕτως
2818 2289 2902 2346 ἐπ’
2956 2289 3195 2356 ἐκείνους
3251 2290 3746 2366 ὶνεκεντρίσθησαν.

2089 2384 2240 2443 Μετὰ
2266 2380 2324 2440 δὲ
2347 2386 2516 2439 ταῦτα
2545 2378 2961 2457 παραινετικοὺς
2993 2379 3193 2456 λόγους
3232 2384 3311 2443 εἰς
3374 2382 3442 2437 τὰ
3492 2381 3601 2453 ἢθη
3657 2378 3746 2437 δι-

2095 2472 2276 2549 δάξας,
2304 2471 2513 2530 τελειοῖ
2546 2471 2647 2541 τήν
2676 2468 2997 2542 ἐπιστολήν.

2307 2874 2671 2931 ΚΕΦΑΛΑΙΑ
2732 2874 2871 2931 ΤΗΣ
2926 2875 3111 2932 ΠΡΟΣ
3162 2876 3530 2934 ΡΩΜΑΙΟΥΣ

2703 2947 3128 3004 ΕΙΙΙΣΤΟΛΙῙΣ.

2098 3037 2165 3096 α’.
2198 3033 2547 3115 Εὗαγγελικὴ
2582 3031 2906 3092 διδασκαλία
2945 3038 3070 3113 περί
3098 3058 3158 3113 γε
3209 3040 3316 3092 τῶν
3358 3035 3460 3109 ἔξω
3520 3038 3748 3114 χάριτος

2204 3126 2460 3199 Χριστοῦ,
2492 3124 2583 3181 καὶ
2612 3125 2719 3180 τῶν
2753 3124 2805 3180 ἐν
2838 3126 3053 3203 χάριτι,
3085 3127 3174 3181 καὶ
3215 3126 3342 3203 περὶ
3398 3124 3621 3191 ἐλπίδος
3657 3126 3754 3183 καὶ

2201 3213 2489 3279 πολιτείας
2518 3218 2910 3288 πνευματικῆς.

2096 3307 2162 3381 β’.
2201 3305 2331 3381 Περὶ
2361 3304 2592 3381 κρίσεως
2614 3312 2715 3375 τῆς
2747 3306 2883 3363 κατᾶ
2916 3304 3099 3380 ἐθνῶν,
3128 3310 3238 3362 τῶν
3272 3306 3335 3361 ού
3364 3304 3758 3383 φυλασσόντων

2199 3396 2270 3451 τὰ
2298 3395 2518 3456 φυσικά.

329 3491 380 3544 3.
426 3488 500 3544 De
534 3488 778 3559 judicio,
830 3489 981 3559 quod
1021 3491 1206 3557 fertur
1253 3490 1511 3545 adversus
1567 3488 1856 3545 Israelitas
1904 3489 1981 3543 le-

2110 3485 2154 3561 f'.
2190 3486 2319 3560 Περὶ
2345 3484 2573 3561 κρίσεως
2600 3491 2701 3555 τῆς
2730 3487 2866 3542 κατὰ
2891 3490 2990 3541 τοῦ
3015 3483 3260 3564 Ἰσραὴλ,
3292 3490 3390 3542 τοῦ
3425 3488 3501 3561 μὴ
3534 3485 3762 3568 φυλάσ-

480 3577 633 3648 galia
659 3593 771 3633 non
796 3585 1094 3634 servantes.

327 3669 381 3725 4.
409 3669 481 3723 De
528 3667 910 3724 Israelitan
956 3668 1353 3741 praerogativa,
1425 3670 1525 3741 qui
1561 3670 1985 3742 promissionem

474 3760 755 3814 consecuti
781 3765 932 3815 sunt.

334 3850 385 3902 5'
424 3847 496 3903 De
544 3850 739 3917 gratia
786 3864 900 3919 qua
941 3848 1062 3905 sola
1109 3848 1351 3906 homines
1397 3849 1810 3921 justiﬁcantur,
1857 3850 1987 3906 nul-

475 3938 588 3992 lum
642 3937 1001 3993 discernenda
1051 3954 1242 4008 genus,
1292 3938 1389 3994 sed
1458 3940 1552 3994 Dei
1620 3939 1766 3995 dono
1811 3940 1987 4011 juxta

475 4027 728 4085 Abrahae
757 4035 947 4100 typum
974 4030 1274 4101 aequaliter
1304 4031 1671 4086 honorantur.

335 4209 387 4260 6.
424 4204 497 4260 De
523 4204 769 4276 reposita
797 4221 913 4276 spe.

338 4298 391 4351 '7.
427 4295 705 4360 Quomodo
734 4310 831 4351 nos
874 4294 1258 4352 introduxerit
1303 4296 1377 4351 ad
1402 4296 1631 4352 salutem
1650 4297 1802 4352 Iesus
1828 4295 1988 4353 Chri-

481 4390 593 4439 stus
641 4387 822 4453 factus
873 4385 1035 4441 homo
1060 4401 1170 4457 pro
1220 4388 1503 4456 terrigena
1547 4385 1749 4452 Adam,
1795 4387 1893 4457 qui
1920 4385 1988 4440 ab

479 4472 648 4528 initio
669 4474 959 4528 ceciderat.

336 4565 387 4619 8.
423 4563 495 4618 De
525 4563 792 4618 bonorum
843 4578 1071 4635 operum
1128 4566 1363 4634 actione,
1412 4580 1534 4637 quae
1580 4565 1742 4637 ﬁdem
1796 4565 1990 4621 debent

479 4651 758 4709 comitari.

337 4746 391 4800 9.
424 4744 697 4814 Repetitio
726 4744 792 4799 de
820 4745 956 4812 vita,
988 4758 1116 4815 quae
1146 4749 1224 4800 est
1252 4746 1312 4799 in
1340 4745 1631 4802 charitate.

2204 3595 2393 3637 σοντος
2425 3574 2495 3629 τὰ
2525 3572 2758 3648 νόμιμα.

2096 3661 2157 3721 δ’.
2202 3664 2335 3739 Περὶ
2391 3664 2673 3740 ὑπεροχῆς
2731 3662 2977 3740 Ἰσραὴλ,
3032 3670 3132 3723 τοῦ
3211 3664 3583 3747 τυγχάνοντος
3655 3670 3761 3739 τῆς

2201 3750 2528 3830 ἐπαγγελίας

2097 3849 2152 3902 ε’.
2238 3845 2373 3920 Περὶ
2452 3845 2707 3924 χάριτος,
2793 3841 2866 3900 δι’
2910 3845 2979 3915 ἧς
3058 3843 3340 3921 ἄνθρωποι
3426 3847 3593 3921 μόνον
3678 3845 3760 3903 διο

2201 3938 2481 3991 καιοῦνται
2515 3978 2530 4005 ,
2634 3934 2698 3990 ού
2800 3934 2937 3989 κατᾶ
3034 3932 3191 4010 γένος
3292 3932 3752 4012 διακεκριμένως,

2202 4022 2351 4081 ἀλλὰ
2379 4023 2517 4080 κατὰ
2539 4028 2673 4080 θεοῦ
2704 4021 2853 4081 δόσιν
2884 4024 3151 4101 ἰσοτίμως
3179 4025 3318 4084 κατᾶ
3348 4026 3439 4083 τὸν
3498 4022 3745 4103 ’Δϐραᾶμ

2202 4135 2394 4171 τύπον.

2099 4208 2163 4269 ς’.
2198 4202 2328 4279 Περὶ
2357 4206 2458 4268 τῆς
2488 4202 2857 4280 ἀποκειμένης
2890 4201 3142 4268 ἐλπίδος.

2100 4294 2162 4365 ζ’.
2196 4294 2325 4370 Περῖ
2358 4294 2668 4372 εἰσαγωγῆς
2699 4299 2797 4351 τοῦ
2825 4295 2963 4371 πρὸς
2976 4294 3250 4373 σωτηρίαν
3274 4298 3437 4370 ἡμῶν
3461 4297 3755 4374 ἀνθρώπου

2203 4385 2389 4455 Ἰησοῦ
2470 4384 2731 4460 Χριστοῦ,
2789 4383 2903 4440 ἀντὶ
2971 4388 3068 4441 τοῦ
3120 4383 3379 4450 πεσόντος
3438 4385 3490 4462 ἐξ
3572 4386 3757 4464 ἀρχῆς

2204 4476 2470 4550 γηγενοῦς
2504 4470 2704 4547 ’Λδαὶμη

2099 4565 2171 4635 η’,
2211 4564 2337 4641 Περὶ
2396 4571 2497 4635 τῆς
2556 4563 2925 4644 ὀφειλομένης
3003 4565 3093 4623 ἐπὶ
3142 4569 3211 4643 τῇ
3269 4567 3450 4625 πίστει
3507 4569 3758 4645 πράξεως

2206 4654 2436 4731 ἀγαθῆς.

2101 4746 2164 4811 θ’,
2200 4743 2577 4820 Ἐπανάληψις
2606 4746 2851 4822 περὶτῆς
2882 4744 2935 4803 ἐν
2966 4745 3155 4823 χάριτι
3182 4753 3356 4820 ζωῆς.

340 4832 427 4889 10.
460 4835 537 4890 De
567 4834 1036 4904 condemnatione,
1070 4847 1201 4907 qua
1245 4831 1483 4908 propter
1525 4840 1814 4907 peccatum
1869 4842 1981 4894 erat

2110 4836 2153 4893 ι’.
2182 4835 2311 4910 Περὶ
2384 4841 2487 4906 τῆς
2566 4835 2670 4892 ὑπὸ
2742 4835 2917 4910 νόμου
2991 4838 3359 4916 κατακρίσεως
3463 4835 3553 4894 διὰ
3649 4838 3751 4908 τὴν

479 4925 579 4979 sub
611 4925 747 4994 lege.

342 5013 430 5070 11.
454 5014 530 5069 De
559 5014 850 5085 affectibus
881 5014 1146 5073 humanae
1171 5021 1408 5085 natura,
1449 5030 1579 5088 quae
1605 5015 1993 5088 impossibilem

485 5102 727 5159 reddunt
751 5106 1191 5174 conformitatem
1229 5105 1304 5162 ad
1333 5104 1524 5178 legem.

341 5280 496 5338 109
551 5284 637 5336 12.
688 5284 766 5338 De
814 5288 1229 5355 permutatione
1283 5284 1640 5342 naturalium
1697 5285 1996 5358 affectuum

477 5387 583 5443 per
613 5374 1103 5441 conformationem
1132 5376 1208 5432 ad
1244 5377 1528 5448 spiritum.

344 5462 431 5518 13.
465 5461 738 5533 Repetitio
766 5463 834 5518 de
862 5467 1064 5536 gloria,
1096 5481 1221 5538 qua
1245 5469 1449 5524 sanctis
1481 5468 1722 5538 reposita
1752 5472 1849 5523 est.

343 5643 429 5699 14.
466 5642 540 5698 De
568 5659 754 5700 amore
772 5648 871 5717 qui
904 5645 1127 5702 Christo
1157 5647 1402 5703 debetur.

344 5731 430 5788 15.
455 5732 533 5790 De
580 5749 710 5791 casu
766 5736 1112 5809 adjectorum
1166 5737 1563 5807 tsraelitarum,
1622 5752 1688 5794 ac
1744 5753 1997 5795 verorum

390 5908 395 5914 γ
496 5828 864 5898 revocatione,
892 5827 1134 5900 quicum
1162 5829 1422 5903 gentibus
1445 5828 1753 5887 introducti
1774 5833 1922 5886 sunt.

2207 4925 2474 4999 ἁμαρτίαν
2486 4966 2500 4981 .

2108 5016 2192 5072 ια’.
2254 5015 2388 5091 Περὶ
2453 5019 2560 5074 τῶν
2583 5015 2636 5072 ἐν
2676 5014 2988 5094 ἀνθρωπίνῃ
3077 5018 3234 5096 φύσει.
3337 5019 3544 5086 παθῶν,
3618 5016 3753 5075 ἀδύ-

2208 5126 2367 5162 νατον
2470 5106 2776 5163 ποιούντων
2873 5108 2972 5178 τήν
3068 5107 3205 5184 πρὸς
3277 5106 3449 5183 νόμον
3536 5129 3755 5190 συμφυ-

2211 5197 2348 5252 νίαν.

2106 5286 2198 5363 ιβ’.
2232 5285 2364 5361 Ηερὶ
2394 5283 2709 5350 ἀποδόσεως
2741 5290 2848 5343 τῶν
2881 5290 3121 5364 φυσικῶν
3149 5288 3515 5364 παθημάτων,
3548 5285 3638 5345 διὰ
3656 5294 3762 5360 τῆς

2211 5379 2349 5447 πρὸς
2377 5377 2440 5433 τὸ
2469 5381 2680 5454 πνεῦμα
2718 5378 3057 5459 συμφωνίας.

2109 5469 2193 5544 ιγ’.
2222 5466 2600 5542 Ἐπανάληψις
2632 5467 2756 5543 περὶ
2822 5474 2926 5539 τῆς
2975 5467 3353 5545 ἀποκειμένης
3405 5473 3521 5531 τοῖς
3572 5467 3760 5546 ἁγίοις

2214 5554 2398 5613 δόξης.

2214 5559 2275 5612 δό
2311 5579 2340 5611 r
2384 5599 2398 5613 .

2111 5643 2194 5703 ιδ’.
2220 5559 2484 5722 Πέρίςτῆς
2507 5645 2874 5724 ὀφειλομένης
2905 5644 3122 5723 ἀγόἱπης
3152 5648 3419 5724 Χριστοῦ.

2109 5742 2183 5793 ιε’.
2216 5735 2350 5810 Περὶ
2388 5732 2712 5801 ἐκπτώσεως
2740 5734 2965 5812 Ἰσραήλ
3021 5739 3118 5793 τοῦ
3170 5732 3603 5809 ἀποϐληθέντος,
3666 5738 3757 5794 καὶ

2210 5823 2464 5973 ῗλήσεως
2521 5831 2617 5883 τοῦ
2673 5827 2942 5899 ἀληθοῦς,
3020 5831 3118 5884 τοῦ
3201 5826 3547 5905 εἰσαχθέντος
3623 5828 3759 5904 μετά

2240 5918 2404 5973 θνῶν.
2554 5923 2562 5931 ”
2759 5922 2773 5941 ³
2879 5916 2883 5921 ⁷
3372 5928 3381 5935 ”

2240 5918 2404 5982 θνῶν.
2554 5923 2562 5931 ’
2759 5922 2773 5941 ³
2879 5916 2883 5921 ’
3372 5928 3381 5935 ”
