4112 6404
399 334 513 393 321

1524 332 1936 394 COMMENT.
1982 328 2058 389 IN
2107 327 2359 390 EPIST.
2407 328 2510 387 AD
2558 329 2738 389 ROM.

3723 337 3841 394 322

402 466 488 528 ις’.
549 466 680 522 Ὅτε
743 461 886 521 κατὰ
948 451 1205 521 ἀπιστίαν
1271 466 1307 535 ἠ
1372 461 1639 527 ἔκπτωσις
1670 461 1762 520 διὰ
1824 468 1926 532 τῆς
1985 459 2064 526 εἷς

2178 463 2261 518 l6.
2293 462 2525 528 Quando
2546 462 2720 533 juxta
2769 461 3220 519 incredulitatem
3261 465 3377 534 fuit
3419 481 3574 522 casus
3612 467 3840 525 Iudaeo-

552 555 777 631 ἄγνοιαν
836 553 1200 631 καταλήψεως
1257 554 1346 610 καὶ
1405 559 1503 610 τοῦ
1563 556 1638 628 μή
1716 552 2062 628 ἁρμόζοντος

553 645 745 710 αὐτοῖς
773 644 1154 720 κηρύγματος.

410 739 506 806 ιζ’.
563 736 701 810 Περὶ
758 740 857 791 τοῦ
911 739 1119 790 σκοποῦ
1173 736 1294 800 καθ’
1359 731 1418 791 δν
1475 730 1868 806 ἐξεϐλήθησαν,
1933 731 2072 788 ὥστε

555 822 810 902 δεύτερον
901 824 1212 880 ἐπανελθεῖν
1321 822 1473 898 ζῆλῳ
1545 827 1654 878 τῶν
1726 823 2071 896 τιμηθέντων

549 913 716 978 ἐθνῶν
747 915 1149 994 συναχθέντων.

396 1006 499 1078 ιη’.
542 1005 866 1082 Παραίνεσις
940 1005 1066 1082 περὶ
1140 1006 1336 1081 ἀρετῆς
1412 1010 1514 1076 τῆς
1587 1005 1725 1082 πρὸς
1799 1005 1928 1060 Θεὸν
1974 1001 2066 1058 καὶ

544 1095 889 1172 ἀνθρώπους.

386 1275 481 1332 ιϐ’.
543 1275 678 1351 Περὶ
713 1275 1010 1350 μωμήσεως
1039 1280 1141 1344 τῆς
1173 1271 1415 1350 Χριστοῦ
1456 1274 1813 1345 ἆνεξικακιας.

423 1365 491 1422 κ’.
540 1366 675 1442 Περὶ
743 1363 1096 1444 λειτουργίας
1161 1365 1348 1439 αὐτοῦ,
1413 1367 1513 1430 τῆς
1581 1364 1633 1420 ἐν
1692 1362 1932 1440 ἀνατολῇ
1972 1363 2063 1420 καὶ

536 1476 712 1513 ουσει.

1064 1805 1400 1863 ΣΧΟᾹΙΟΝ.

493 1892 616 1968 Ηρῖν
665 1890 1014 1968 ἐπιδημῆσαι
1069 1893 1284 1952 Παῦλον
1351 1893 1401 1948 ἐν
1460 1896 1530 1968 τῇ
1587 1893 1800 1968 Ῥώμῃ,
1843 1911 2064 1970 παρηγ-

420 1983 660 2060 γελμένοι
717 1985 856 2054 ἦσαν
919 1985 971 2039 οἱ
1033 1981 1312 2055 Ἰουδαῖοι,
1376 1986 1451 2060 μὴ
1540 1981 1935 2058 παραδέξασθαι
1999 1982 2063 2038 τὸ

410 2075 532 2148 περὶ
583 2080 680 2130 τοῦ
737 2078 981 2152 Χριστοῦ
1036 2076 1315 2154 κήρυγμα.
1378 2075 1488 2130 Οὐκ
1540 2073 1696 2130 αὐτοὶ
1769 2071 1826 2128 δὲ
1885 2073 2064 2147 μόνοι,

403 2162 556 2219 ἀλλὰ
584 2165 677 2220 καὶ
710 2165 763 2220 οἱ
797 2169 1086 2244 πανταχοῦ
1138 2172 1263 2243 γῆς.
1325 2164 1491 2220 Πόθεν
1525 2161 1694 2235 δῆλον
1729 2167 1891 2220 ταῦτο
1919 2181 1932 2232 ;
1967 2163 2068 2220 Εὕ-

405 2273 578 2325 ρομεν
614 2252 669 2307 ἐν
700 2258 816 2315 τοῖς
850 2258 960 2308 τῶν
1006 2250 1256 2308 παλαιῶν
1313 2254 1750 2330 συγγράμμασιν,
1784 2251 1859 2312 ὡς
1890 2251 1942 2304 οἱ
1966 2251 2066 2319 τήν

393 2343 779 2417 Ἰερουσαλήμ
835 2343 1106 2406 οἰκοῦντες
1191 2344 1355 2418 ἱερεῖς
1409 2343 1497 2398 καὶ
1562 2346 1908 2419 γραμματεῖς
1972 2339 2063 2394 καὶ

397 2427 792 2507 πρεσϐύτεροι,
861 2434 1160 2510 γράμματα
1219 2431 1666 2508 διαχαράξαντες,
1738 2430 1814 2494 εἰς
1891 2431 2066 2484 πάντα

392 2518 543 2576 δ.-’
615 2527 624 2558 ι
877 2526 890 2540 ε
962 2522 984 2542 ν
1251 2530 1270 2540 -
1386 2523 1399 2542 ο
1589 2543 1602 2553 ο
1665 2525 1691 2536 ’-
1759 2523 1770 2542 ’
1835 2517 1956 2556 ,κε

434 2545 776 2597 ιε..εμιτιαντο
831 2545 901 2580 τα
961 2537 1108 2595 εθνη,
1183 2545 1298 2586 τοις
1376 2543 1696 2599 απανταχου
1778 2527 2062 2590 haemon,

390 2608 801 2676 διαϐάλλοντες
831 2615 930 2684 τὴν
965 2619 1062 2669 τοῦ
1089 2617 1322 2689 Χριστοῦ
1376 2610 1748 2682 διδασκαλίαν,
1781 2611 1855 2673 ὡς
1885 2607 2065 2664 ἀλλο-

397 2699 688 2776 τρίαντοῦ
745 2702 899 2760 Θεοῦ.
961 2700 1350 2777 Παρήγγελλόν
1403 2721 1462 2757 τι
1519 2699 1590 2755 δι’
1620 2696 1950 2766 ἐπιστολῶν,
1983 2698 2060 2772 μή

395 2788 807 2864 παραδέξασθαι
865 2791 1054 2862 αὐτήν.
1114 2793 1292 2848 Τοῦτο
1353 2788 1418 2860 δὴ
1480 2789 1610 2845 αὐτὸ
1651 2794 1892 2862 σημᾶναι
1922 2784 2066 2842 ἔοικε

393 2882 490 2936 καὶ
565 2883 603 2950 ἡ
673 2880 908 2956 λέγουσα
967 2881 1271 2962 προφητεία
1354 2881 1602 2938 ⁸Ησαίου·
1677 2905 1696 2931 ι
1735 2878 1875 2936 Οὑαὶ
1940 2883 2063 2953 γῆς,

395 2969 623 3025 πλοίων
687 2969 973 3046 πτέρυγες,
1031 2970 1274 3026 ἐπέκεινα
1329 2973 1593 3044 ποταμῶν
1658 2967 1962 3032 Αἰθιοπίας,
2032 2967 2060 3021 ὁ

403 3059 772 3116 ἀποστέλλων
832 3059 881 3114 ἐν
943 3059 1188 3136 θαλάσσῃ
1247 3061 1456 3136 ὅμηρα,
1513 3059 1604 3114 καὶ
1644 3055 1936 3118 ἐπιστολὰς
1969 3057 2063 3132 βυ-

398 3148 598 3215 ϐλίνας
634 3153 818 3209 ἐπάνω
847 3159 944 3209 τοῦ
976 3151 1194 3216 ὓδατος.
1226 3175 1254 3208 ι
1322 3154 1400 3209 Δι’
1448 3155 1520 3208 ῶν
1560 3153 1834 3226 σομαίνει,
1867 3149 1943 3212 ὡς
1974 3149 2065 3204 καὶ
2100 3197 2143 3264 C

445 3245 456 3260 Ι
655 3250 685 3260 ~
794 3243 878 3264 A’n
922 3243 934 3260 ί
1180 3245 1190 3263 Ι
1451 3245 1466 3263 \
1560 3247 1584 3258 ⁸⁸
1672 3240 1934 3264 ’,r-_,_,,‘".
1969 3245 2067 3264 _,"?_

395 3245 566 3317 πέραν
613 3250 720 3313 τῆς
781 3243 1055 3301 Λῖθιόπων
1112 3245 1326 3323 χώρας,
1381 3245 1468 3300 καὶ
1519 3247 1627 3298 τῶν
1668 3240 1936 3317 ἑσχατιῶν
1965 3245 2067 3309 τῆς

395 3341 526 3408 γῆς,
588 3334 617 3387 ό
683 3340 786 3402 τῆς
842 3333 1107 3407 πονηρίας
1164 3336 1309 3409 ἦχος
1367 3337 1474 3390 τῶν
1528 3335 1629 3402 τὴν
1680 3328 1946 3389 Ἰουδαίαν
1985 3327 2070 3382 ol-

395 3426 669 3493 κο·3ντων,
702 3422 792 3479 διά
821 3448 979 3480 τινων
1029 3425 1211 3501 ὥσπερ
1262 3424 1576 3499 ἱπταμένων
1611 3422 1819 3479 πλοίων
1851 3419 2069 3496 προῆλ·

399 3519 504 3570 θεν.
536 3514 600 3570 Οἳ
631 3537 691 3570 τε
720 3514 1024 3571 ἂποστολοι
1073 3515 1270 3584 αὐτῶν,
1317 3513 1611 3578 ἐπιστολὰς
1647 3508 1913 3589 βυϐλίνας
1947 3515 2065 3566 ἐπι-

405 3607 791 3678 κομιζόμενοι,
827 3605 1073 3680 ὖπερπὶνω
1121 3626 1181 3661 τε
1235 3609 1344 3662 τῶν
1403 3603 1610 3660 ὑδάτων
1642 3601 2066 3676 ναυτιλλόμενοι

418 3693 510 3746 καί
541 3697 635 3760 τὴν
665 3696 936 3750 θάλασσαν
983 3696 1261 3764 πλέοντες,
1313 3699 1598 3770 πανταχοῦ
1629 3701 1734 3770 γῆς
1765 3690 2065 3767 διέτρεχον,

424 3782 519 3836 τὸν
573 3785 690 3856 περὶ
737 3790 836 3839 τοῦ
897 3793 1164 3860 Σωτῆρος
1214 3789 1374 3860 ἡμῶν
1433 3780 1830 3846 διαϐάλλοντες
1872 3782 2062 3860 λόγον.

423 3871 778 3938 Ἀποστόλους
812 3873 872 3931 δὲ
908 3875 986 3938 εἷς
1045 3874 1122 3930 ἔτι
1179 3876 1268 3932 καὶ
1324 3881 1412 3930 νῦν
1442 3869 1560 3941 ἔθος
1593 3873 1737 3930 ἐστὶν
1777 3869 2066 3934 ⁹ιουδαίοις

417 3962 716 4037 ὄνομίζειν,
777 3966 906 4027 τοὺς
961 3963 1224 4043 ἐγκύκλια
1281 3966 1580 4042 γράμματα
1638 3964 1784 4038 παρᾶ
1838 3967 1946 4017 τῶν
1976 3961 2067 4036 ἆρ-

407 4055 618 4130 χόντων
686 4055 869 4109 αὐτῶν
935 4053 1446 4128 ἐπικομιζομένους.
1516 4055 1594 4111 Τὸ
1661 4051 1718 4108 δὲ
1785 4052 1908 4122 ἒξῆς
1964 4057 2066 4122 τῆς

398 4147 764 4225 προσρητείας,
827 4145 956 4220 περὶ
1011 4149 1120 4200 τῶν
1178 4147 1434 4218 μαθητῶν
1493 4147 1591 4199 τοῦ
1641 4142 1841 4217 Κυρίου
1906 4143 2068 4215 ἡμῶν

391 4237 476 4292 καί
538 4241 822 4312 Σωτῆρος
883 4237 1065 4306 Ἰησοῦ
1123 4237 1364 4309 Χριστοῦ
1422 4233 1690 4304 εἰρῆσθαι.
1750 4231 1856 4294 Οὕς
1888 4228 1977 4287 διὰ
2003 4230 2067 4286 τὸ

383 4333 539 4384 πᾶσιν
615 4328 946 4403 ἀνθρώποις
1016 4326 1228 4401 ἀγαθῶν
1295 4323 1682 4401 εὐαγγελιστᾶς
1749 4323 1908 4395 εἶναι,
1968 4322 2070 4396 ἆγ-

373 4419 576 4496 γὲλους
636 4419 901 4493 κούφους
965 4415 1241 4489 ὠνόμασε,
1310 4417 1445 4491 πρὸς
1511 4411 1926 4485 ἀντιδιαστολήν
1993 4412 2068 4467 ῶν

366 4508 659 4584 ἐδήλωσεν
700 4502 1037 4565 Ἰουδαϊκῶν
1070 4501 1412 4564 ἀποστόλων.

427 4646 450 4682 ²
476 4644 604 4702 Isa.
644 4654 822 4710 xvm,
864 4637 918 4704 1,
948 4636 1002 4688 2.

2088 1821 2136 1886 B

2318 570 2442 608 rum
2465 569 2570 624 per
2616 551 2903 609 scientiam
2948 570 3254 622 erroneam,
3287 558 3335 610 el
3375 558 3838 626 praedicationem

2325 657 2448 712 quae
2479 642 2593 696 illis
2622 657 2731 696 non
2757 643 3130 696 conveniebat.

2181 731 2270 787 17.
2312 733 2390 786 De
2435 747 2600 803 scopo
2646 733 2940 787 secundum
3000 750 3157 804 quem
3209 736 3368 804 ejecti
3388 741 3532 802 sunt,
3581 744 3642 792 ut
3681 745 3839 808 post-

2321 824 2544 878 modum
2576 830 2942 878 reverteretur
2973 822 3286 878 imitatione
3317 828 3565 894 gentium
3595 828 3837 882 honora-

2325 919 2532 981 tarum,
2583 913 2683 968 hoc
2722 919 2798 968 est
2843 914 3110 982 ﬁdelium,
3165 929 3293 983 quae
3332 917 3390 968 in
3419 916 3524 984 ﬁde
3571 933 3836 974 convene-

2318 1011 2469 1058 runt.

2179 1094 2266 1148 18.
2299 1091 2634 1149 Adhortatio
2663 1093 2738 1149 ad
2794 1095 3077 1164 virtutem,
3128 1109 3256 1166 quas
3300 1112 3432 1166 erga
3475 1098 3643 1153 Deum
3674 1104 3751 1153 est
3779 1103 3833 1152 et

2318 1184 2582 1240 homines.

2180 1279 2268 1332 l9.
2299 1278 2378 1332 De
2404 1277 2716 1332 imitatione
2746 1276 3050 1333 clementia
3081 1277 3304 1336 Christi.

2175 1369 2264 1422 20.
2299 1368 2376 1422 De
2405 1368 2710 1422 ministerio
2742 1367 2915 1438 ipsius
2943 1368 3108 1423 Pauli
3139 1371 3195 1424 in
3220 1369 3481 1440 partibus
3513 1371 3750 1426 Orientis
3780 1377 3832 1425 et

2317 1456 2652 1513 Occidentis.

2703 1806 2866 1863 200
2907 1806 3290 1865 SCHOLIUM.

2245 1894 2599 1967 Priusquam
2622 1897 2841 1953 Paulus
2890 1897 3137 1952 Romam
3177 1895 3505 1959 accederet,
3538 1895 3830 1951 admoniti

2177 1990 2346 2040 erant
2373 1985 2584 2054 Judaei,
2614 2003 2688 2042 ne
2716 1987 3206 2058 prmdicationem
3222 1986 3540 2041 deChristo
3574 1987 3832 2058 suscipe-

2173 2080 2342 2130 rent:
2377 2092 2488 2130 nec
2519 2075 2629 2130 soli
2663 2077 2796 2148 ipsi,
2830 2077 2933 2132 sed
2969 2083 3026 2132 et
3056 2094 3267 2132 omnes
3298 2077 3397 2148 qui
3426 2076 3647 2146 ubique
3677 2076 3833 2130 loco-

2172 2181 2305 2219 rum
2339 2165 2607 2236 agebant.
2665 2168 2882 2221 Verum
2928 2167 3087 2222 unde
3147 2167 3206 2221 id
3256 2167 3642 2222 manifestum
3693 2165 3830 2220 est?

2171 2254 2509 2310 Invenimus
2541 2257 2603 2311 in
2647 2262 2909 2312 veterum
2961 2257 3406 2312 commentariis
3437 2256 3596 2326 quod
3627 2272 3824 2310 sacer-

2172 2344 2338 2400 dotes
2407 2352 2465 2401 et
2535 2347 2742 2401 scribas
2801 2364 2869 2402 ac
2928 2347 3194 2402 seniores
3253 2347 3354 2418 qui
3415 2345 3828 2417 Hierosolyma

2171 2434 2606 2502 inhabitabant,
2639 2442 2912 2492 exaratas
2944 2437 3173 2492 litteras
3203 2437 3278 2492 ad
3307 2452 3516 2491 omnes
3548 2437 3824 2490 nationes

2173 2527 2880 2591 transmiserantludaiis,
2904 2527 3245 2598 ubicunque
3264 2533 3552 2581 terrarum
3570 2525 3823 2597 dispersi

2173 2620 2393 2682 essent,
2410 2616 2626 2671 Christi
2658 2616 2990 2672 doctrinam
3013 2617 3471 2680 calumniantes,
3489 2621 3774 2685 tanquam
3791 2629 3826 2667 a

2173 2705 2289 2759 Deo
2320 2704 2793 2777 alienam,atque
2825 2706 3092 2778 epistolis
3123 2705 3544 2771 admonebant,
3568 2703 3822 2759 neillam

2173 2795 2564 2866 susciperent.
2619 2796 2737 2851 Hoc
2797 2796 2993 2868 ipsum
3038 2801 3197 2852 certe
3228 2795 3458 2851 videtur
3490 2794 3656 2849 Isaia:
3688 2810 3822 2864 pro-

2172 2883 2376 2954 phetia
2415 2885 2748 2957 significare
2801 2901 2933 2956 quas
2965 2886 3048 2940 sic
3094 2884 3386 2940 habebat:
3421 2906 3449 2933 ‹‹
3503 2884 3595 2937 Vae
3628 2889 3825 2948 terra),

2174 2973 2412 3028 navium
2444 2974 2577 3040 alte,
2623 2980 2788 3030 trans
2831 2975 3082 3030 ﬂumina
3126 2973 3459 3046 Ethiopiee,
3502 2973 3555 3043 (ὁ
3588 2968 3830 3026 ἀπστελ-

2174 3060 2314 3132 λων)
2344 3065 2442 3134 qui
2460 3065 2641 3119 mittit
2668 3082 2775 3137 per
2791 3082 2952 3121 mare
2971 3065 3210 3122 obsides
3225 3082 3291 3120 ac
3322 3065 3551 3119 litteras
3574 3077 3831 3134 papyra-

2180 3168 2312 3207 ceas
2370 3170 2550 3225 super
2595 3156 2857 3225 aquam’.
2894 3180 2915 3207 ι
2956 3155 3054 3210 His
3114 3155 3410 3228 signiﬁcat
3464 3153 3624 3224 quod
3676 3152 3832 3206 ultra

2179 3244 2518 3316 Ethiopum
2553 3263 2788 3318 quoque
2845 3248 3119 3319 regiones
3156 3253 3212 3302 et
3268 3244 3626 3301 novissimos
3655 3249 3829 3296 terra:

2182 3334 2353 3400 fines,
2388 3352 2569 3390 sonus
2600 3337 2844 3391 malitias
2878 3353 3082 3392 eorum
3108 3337 3207 3408 qui
3240 3335 3503 3391 Iudaeam
3531 3333 3833 3388 inhabita-

2181 3423 2460 3497 bantper
2489 3426 2762 3497 quaedam
2795 3426 2974 3482 veluti
2998 3427 3157 3482 alata
3187 3425 3416 3498 navigia
3439 3422 3832 3496 processerit:

2179 3520 2237 3568 et
2265 3514 2505 3570 illorum
2530 3516 2782 3586 apostoli
2815 3516 3044 3573 litteras
3082 3532 3444 3589 papyraceas
3473 3513 3833 3576 deferentes,

2177 3621 2358 3676 super
2385 3621 2570 3676 aquas
2601 3607 2966 3675 navigantes,
3009 3623 3288 3678 mareque
3313 3609 3688 3660 transeuntes
3707 3600 3835 3656 ubi-

2177 3710 2293 3764 que
2327 3700 2620 3750 terrarum
2653 3695 3084 3764 discurrebant,
3101 3711 3438 3752 sermonem
3467 3693 3568 3764 qui
3603 3691 3674 3746 de
3709 3689 3834 3746 Sal-

2175 3789 2374 3838 vatore
2398 3791 2600 3838 nostro
2633 3791 2759 3840 erat
2789 3785 3247 3840 calumniantes.
3281 3786 3462 3839 Porro
3495 3781 3570 3837 ad
3598 3782 3709 3834 hoc
3733 3795 3834 3833 us-

2181 3889 2296 3943 que
2327 3879 2560 3945 tempus
2592 3875 2774 3929 moris
2824 3882 2910 3929 est
2939 3875 3156 3930 Iudaeis
3196 3873 3498 3945 apostolos
3529 3869 3832 3942 appellare

2179 3963 2446 4035 illos,qui
2478 3963 2826 4035 quotidiana
2840 3963 3198 4036 epistoliaab
3229 3963 3493 4034 ipsorum
3517 3960 3834 4032 magistra-

2180 4052 2340 4109 tibus
2369 4053 2846 4120 deferunt.Quod
2878 4059 3079 4110 autem
3111 4054 3172 4109 in
3202 4051 3516 4126 prophetia
3542 4048 3838 4120 sequitur,

2179 4143 2252 4199 de
2281 4143 2591 4215 discipulis
2609 4144 2844 4199 Domini
2877 4143 3274 4200 acSalvatoris
3305 4142 3493 4198 nostri
3515 4142 3652 4197 Jesu
3669 4137 3839 4194 Chri-

2180 4231 2254 4287 sti
2286 4231 2682 4304 dicitur.quos
2705 4249 2774 4288 eo
2804 4231 2961 4304 quod
2979 4233 3259 4288 omnibus
3290 4229 3637 4287 hominibus
3660 4227 3842 4282 bono-

2177 4338 2312 4378 rum
2342 4321 2839 4395 evangelizatores
2873 4323 2992 4378 sive
3023 4323 3219 4380 nuntii
3254 4318 3657 4393 sint,angelos
3679 4317 3838 4372 leves

2176 4411 2513 4484 appellavit,
2547 4412 2622 4468 ad
2654 4428 2859 4468 eorum
2887 4413 3339 4470 distinctionem
3373 4427 3521 4482 quos
3551 4407 3830 4466 Iudaicos

2181 4501 2481 4575 apostolos
2521 4501 2977 4575 signiﬁcaverat.
