4112 6416
3725 345 3841 404 324

384 322 535 408 "3223
1541 340 1953 404 (ECUMENII
1997 341 2308 403 THICCE
2352 341 2695 404 EPlSGOPl

439 458 3846 499 ’μω

1263 646 1978 780 ΠΑΥΛΟΥ
2086 649 3004 782 ΕΠΙΣΤΟΛΗ

1591 881 1918 977 ΠΡΟΣ
2004 880 2655 980 ΡΩΜΑΙΟΥΣ

1120 1310 1489 1405 PAULI
1550 1308 2161 1404 EPISTOLA
2254 1310 2419 1404 AD
2491 1306 3123 1406 BOMANOS.

865 1693 967 1750 πο
981 1695 1013 1748 ι
1050 1692 1279 1747 CAPUT
1308 1692 1608 1747 PRIMUM.

2666 1684 3079 1744 ΚΕΦΔΛΑΙΟΝ
3118 1688 3354 1742 ΠΡΩΤΟ.

410 1784 743 1853 Evangelica
772 1783 1029 1837 doctrina
1057 1782 1122 1836 de
1154 1781 1236 1837 his
1264 1783 1364 1851 qui
1393 1787 1553 1836 extra
1582 1780 1789 1835 Christi
1817 1780 2060 1848 gratiam

479 1875 694 1939 vivunt,
728 1879 779 1927 et
808 1871 876 1927 de
905 1871 991 1926 his
1017 1873 1116 1941 qui
1165 1872 1225 1925 in
1254 1869 1441 1940 gratia
1465 1887 1482 1924 :
1503 1876 1555 1925 et
1583 1869 1650 1924 de
1677 1884 1771 1939 spe
1799 1870 2062 1939 spiritua-

483 1963 636 2032 lique
666 1963 1076 2018 conversatione

480 2053 524 2119 Ι,
562 2056 609 2106 1.
645 2053 851 2107 Paulus
878 2067 1062 2107 servus
1090 2053 1217 2105 Iesu
1250 2050 1474 2105 Christi.

480 2142 668 2197 Simul
698 2159 832 2198 cum
847 2158 915 2196 eo
935 2141 1092 2212 quod
1126 2141 1396 2211 sequitur
1423 2156 1436 2195 :
1469 2138 1734 2194 «Paulus
1754 2135 2059 2209 apostolus

408 2232 685 2287 omnibus
699 2232 799 2303 qui
816 2232 959 2286 estis
970 2229 1435 2293 Romaa,dilectis
1450 2228 1800 2291 Dei,vocatis
1812 2226 2057 2293 sanctis,

407 2322 597 2394 gratia
626 2321 788 2375 vobis
821 2327 879 2375 et
922 2337 1054 2392 pax,
1083 2342 1111 2370 »
1149 2319 1519 2375 tantumdem
1570 2324 1659 2373 est
1688 2334 1756 2373 ac
1787 2317 1834 2373 si
1887 2315 2057 2371 dica-

409 2416 539 2465 tur:
572 2410 825 2475 Quidam
855 2410 1091 2465 cuidam
1124 2409 1399 2466 salutem.
1422 2409 1667 2463 Interim
1697 2412 1896 2463 autem
1915 2421 2060 2460 con-

408 2500 683 2571 spicuum
713 2500 855 2556 facit
884 2506 943 2555 et
982 2501 1386 2572 evangelicum
1423 2514 1764 2554 sermonem
1796 2502 1855 2552 et
1884 2511 2058 2551 suum

405 2589 785 2662 Evangelium
844 2590 1087 2661 quidem
1132 2606 1253 2644 non
1304 2588 1500 2660 quoad
1566 2593 1798 2659 tempus
1842 2601 2058 2641 novum

403 2696 557 2746 esse,
593 2679 696 2735 sed
730 2696 837 2751 per
875 2680 1196 2751 prophetas
1244 2678 1722 2751 pronuntiatum,
1755 2692 1914 2731 nunc
1944 2690 2058 2729 au-

402 2773 522 2824 tem
539 2768 983 2825 manifestatum
1003 2774 1300 2825 astruens.
1318 2766 1797 2822 Meminitautem
1819 2763 2058 2819 Davidis

398 2858 474 2913 ad
506 2875 684 2929 quem
716 2858 871 2914 facta
902 2863 993 2913 est
1039 2857 1382 2929 promissio,
1434 2856 1698 2928 seipsum
1747 2871 1883 2909 vero
1916 2853 2061 2909 dicit

398 2946 577 3018 hujus
610 2961 946 3019 praeconem
979 2945 1353 3019 designatum
1387 2962 1538 3011 esse,
1563 2961 1638 2999 ne
1670 2949 1894 2999 temere
1926 2945 2061 3013 post

394 3037 550 3092 Petri
579 3036 914 3091 doctrinam
937 3035 1008 3091 ad
1024 3035 1491 3108 praecipiendum
1521 3034 1752 3089 venisse
1766 3032 2054 3099 videatur,

393 3125 497 3181 sed
529 3125 795 3181 divinum
830 3125 1027 3196 potius
1057 3124 1294 3196 explere
1326 3131 1710 3196 prasceptum.
1736 3121 2050 3194 Proprium

393 3220 595 3269 autem
616 3230 839 3269 nomen
888 3214 1069 3268 veteri
1121 3229 1284 3269 more
1330 3214 1626 3285 praeponit
1683 3210 1863 3267 veluti
1911 3226 2047 3265 cum

395 3302 681 3371 dicitur,«
716 3302 994 3358 Claudius
1026 3302 1228 3375 Lysias
1259 3302 1515 3357 maxime
1538 3308 1781 3357 strenuo
1813 3297 2048 3371 praesidi

396 3392 576 3447 Felici
618 3391 919 3458 salutem3,
945 3413 972 3442 ››
1023 3398 1126 3448 aut
1168 3408 1388 3447 nomen
1430 3390 1649 3448 Paulus
1702 3389 2046 3462 praeposuit.

398 3499 475 3539 ne
506 3482 825 3553 osquidem
843 3484 1073 3554 aperire
1088 3483 1314 3550 volens,
1339 3483 1483 3553 quin
1509 3480 1785 3536 beneﬁcii
1810 3478 2045 3534 Domini

387 3571 765 3627 meminisset
786 3590 799 3627 :
820 3589 886 3628 ac
909 3572 958 3627 si
982 3572 1166 3628 dicat:
1193 3570 1550 3642 Paulus,qui
1574 3576 1634 3625 et
1659 3570 1850 3641 ipsam
1873 3585 2043 3623 voca-

385 3663 607 3718 tionem
635 3678 669 3718 a
711 3664 945 3719 Domini
981 3663 1378 3719 beneficentia
1410 3668 1468 3718 et
1500 3661 1855 3717 liberalitate
1879 3660 2033 3716 ποτε

385 3752 600 3810 habet:
627 3754 866 3822 Paulus,
898 3753 999 3825 qui
1043 3753 1247 3817 omnia
1295 3753 1477 3809 sumit
1505 3769 1541 3808 a
1585 3751 1839 3816 Christo,
1868 3766 2040 3805 voca-

385 3842 983 3916 cationem,gratiam,
1006 3842 1665 3900 conversationem.Aut
1693 3840 2040 3897 absentibus

385 3932 653 3990 scribens
686 3950 859 3988 suum
878 3949 1096 3989 nomen
1119 3933 1330 3988 merito
1363 3931 1703 4004 praeposuit.
1721 3931 2043 4002 Propterea

374 4028 569 4078 autem
606 4026 831 4077 mutato
883 4022 1178 4077 nominee
1222 4021 1395 4076 Saulo
1429 4021 1622 4076 dictus
1677 4024 1768 4074 est
1798 4017 2036 4085 Paulus,

371 4126 447 4167 ne
476 4110 646 4164 velin
660 4110 773 4164 hoc
800 4110 1088 4180 apostolis
1123 4115 1226 4164 aut
1247 4109 1376 4180 ipso
1404 4109 1581 4164 etiam
1600 4107 1913 4178 coryphmo
1930 4108 2039 4161 Pe—

372 4204 463 4253 tro
497 4198 747 4253 inferior
777 4215 906 4253 esse
950 4198 1270 4263 videretur,
1306 4203 1409 4252 aut
1443 4198 1640 4252 minus
1673 4195 1900 4267 aliquid
1935 4196 2039 4250 ba-

378 4287 542 4342 bere.
577 4310 603 4338 «
635 4286 871 4343 Servus.
908 4309 932 4338 »
970 4287 1133 4341 Multi
1159 4292 1295 4342 sunt
1329 4285 1632 4342 servitutis
1666 4283 1824 4340 modi
1853 4300 2042 4338 :unus

380 4377 721 4442 creationis,
750 4376 903 4432 alius
936 4376 1096 4441 fidei,
1132 4377 1340 4431 tertius
1372 4375 1760 4449 apostolatus,
1796 4379 2042 4445 quartus

2163 1793 2508 1868 Εὑαγγελική
2567 1789 2895 1849 διδασκαλία
2960 1791 3084 1848 πεὶ
3141 1813 3203 1869 γε
3249 1795 3357 1846 τῶν
3426 1785 3527 1860 ἔξω
3641 1788 3837 1857 ἀριτος

2236 1870 2470 1918 Χριστοῦ
2532 1865 2625 1918 καὶ
2684 1869 2793 1918 τῶν
2861 1865 2913 1918 ἐν
2970 1811 3182 1918 γῖοιτι-
3249 1863 3341 1918 καὶ
3408 1861 3533 1918 moi
3597 1808 3833 1918 ἔλπίδος

2236 1852 2625 1940 Κρίστοῦ’καὶ
2684 1869 2793 1920 τῶν
2861 1865 2913 1920 ἐν
2970 1852 3183 1940 χάριτί,
3249 1863 3341 1920 καὶ
3408 1852 3533 1937 πίρὶ
3599 1852 3833 1926 theae:

2232 1935 2322 1994 καὶ
2353 1935 2632 2000 πολιτείας
2664 1935 3056 2010 πνευματικῆςζ

2238 2048 2457 2112 Παῦλος
2488 2046 2686 2113 δοῦλος
2715 2046 2895 2118 Ἰησοῦ
2927 2052 3187 2124 Χριστοῦ.

2233 2140 2303 2193 Τὸ
2338 2139 2483 2211 ἑξῆς,
2516 2162 2543 2190 ι(
2579 2136 2795 2201 Παῦλος
2852 2137 3184 2206 ἀπὸστολὸς,
3244 2142 3375 2193 πᾶσι
3428 2142 3548 2199 τοῖς
3595 2134 3647 2191 ἐν
3684 2136 3835 2191 Ῥώ-

2169 2242 2244 2303 μῃ
2278 2228 2582 2303 ἀγαπητοῖς
2640 2231 2775 2283 Θεοῦ
2830 2226 3063 2298 κλητοῖς
3123 2226 3323 2302 ἁγίοις,
3374 2226 3537 2302 χάρις
3574 2226 3830 2300 ὑμῖνκαῖ

2166 2315 2383 2391 εἷρήνη,
2419 2341 2447 2368 »
2481 2317 2593 2371 οἷον
2623 2312 2684 2372 Ὁ
2724 2313 2867 2371 δεῖνα
2921 2319 3000 2387 τῷ
3028 2337 3033 2341 “
3058 2314 3188 2371 δεῖνι
3248 2314 3482 2391 χαίρειν.
3520 2315 3828 2393 Συμιραίνει

2166 2400 2223 2459 δὲ
2256 2405 2478 2477 μεταξὺ,
2508 2406 2599 2459 τὸν
2647 2404 2770 2480 περὶ
2826 2408 2924 2460 τοῦ
2984 2404 3324 2482 Εὖαγγελίου
3355 2402 3544 2479 λόγον,
3574 2403 3666 2459 καὶ
3698 2403 3828 2459 εαυ-

2163 2493 2259 2548 τοῦ
2323 2493 2387 2549 τὸ
2458 2493 2552 2567 μὲν
2618 2491 2971 2570 Εὖαγγὲλιον,
3043 2492 3184 2568 μηδὲ
3248 2494 3384 2549 κατὰ
3448 2493 3648 2569 χρόνον
3688 2492 3827 2548 εἶναι

2162 2584 2447 2658 νεώτερον,
2506 2580 2654 2639 ἀλλά
2700 2581 3175 2660 προκατηγγέλθαι
3228 2582 3324 2656 μὲν
3364 2582 3452 2639 διὰ
3500 2587 3825 2661 προφητῶν,

2161 2676 2252 2726 νῦν
2312 2669 2369 2727 δὲ
2434 2673 2842 2750 πεφανερῶσθαι
2904 2673 3147 2751 φάσκων.
3207 2673 3562 2745 Ἐπεμνήσθη
3625 2670 3682 2727 δὲ
3731 2670 3826 2728 καὶ

2161 2754 2260 2818 τοῦ
2293 2760 2454 2818 Δαυῖδ
2485 2763 2621 2837 πρὸς
2650 2764 2707 2818 ὃν
2741 2766 2776 2833 ἡ
2811 2763 3129 2840 ὑπόσχεσις,
3179 2763 3270 2819 καὶ
3326 2763 3513 2820 ἑαυτὸν
3549 2763 3663 2819 εἶπε
3692 2762 3819 2818 τού-

2161 2872 2259 2908 του
2285 2853 2498 2927 κήρυκα
2527 2846 2965 2928 προϐεϐλῆσθαι,
3025 2852 3099 2915 ὡς
3158 2851 3218 2908 ἃν
3277 2854 3355 2926 μή
3408 2857 3690 2927 προπετῶς
3721 2872 3815 2926 με-

2158 2942 2226 2995 τὰ
2281 2943 2380 3011 τὴν
2440 2946 2537 2998 τοῦ
2592 2939 2797 3017 Πέτρου
2856 2939 3232 3011 διδασκαλίαν,
3291 2944 3430 3018 πρὸς
3477 2944 3540 2999 τὸ
3569 2938 3812 2998 ἐπιστέλ-

2162 3028 2277 3086 λειν
2308 3028 2634 3102 ἐληλυθέναι
2694 3029 2908 3103 δοκοίη,
2964 3033 3105 3087 θεῖον
3162 3029 3221 3088 δὲ
3282 3030 3499 3106 μᾶλλον
3544 3030 3821 3106 ἐπίταγμα

2163 3119 2477 3197 ἐκπληρῶν.
2540 3123 2725 3196 [ΦΩΤ]
2790 3121 3086 3197 nemus:
3146 3119 3204 3177 δὲ
3258 3122 3324 3178 τὸ
3382 3121 3583 3178 οἰκεῖον
3622 3117 3824 3195 ὄνομα,

2154 3209 2190 3280 ἧ
2223 3211 2360 3266 κατά
2390 3212 2675 3282 συνήθειαν
2736 3210 2992 3290 ἀρχαίαν,
3052 3212 3193 3268 οἶον.
3257 3235 3282 3265 α
3317 3207 3585 3273 Κλαύδιος
3619 3211 3822 3274 Λυσίας

2155 3304 2236 3372 τῷ
2287 3299 2562 3375 κρατίστῳ
2619 3301 2854 3374 ἡγεμόνι
2913 3298 3124 3371 Φήλικι
3171 3300 3408 3377 χαίρεινο
3446 3326 3468 3352 ι
3516 3302 3552 3372 ἢ
3584 3298 3825 3375 προέτα-

2155 3389 2211 3459 ξε
2256 3388 2341 3457 τὸ,
2396 3386 2636 3457 Παῦλος,
2699 3385 2840 3461 μηδὲ
2898 3386 3121 3466 διαίρειν
3158 3389 3336 3463 στόμα
3391 3390 3516 3446 ἄνευ
3570 3394 3669 3446 τοῦ
3730 3412 3828 3465 με·

2160 3479 2398 3551 μνῆσθαι
2473 3478 2572 3547 τῆς
2649 3485 2986 3549 Δεσποτικῆς
3081 3478 3389 3554 εὗεργεσίας
3466 3478 3833 3556 βουλόμενος,

2155 3570 2294 3638 οἷον,
2328 3565 2567 3639 Παῦλος,
2601 3567 2788 3646 φησὶν,
2822 3570 2850 3624 6
2881 3570 2970 3624 καί
3022 3569 3191 3640 αὐτὴν
3228 3571 3327 3640 τήν
3358 3569 3551 3640 κλῆσιν
3586 3570 3636 3644 ἐξ
3669 3570 3825 3647 εὐερ-

2153 3656 2338 3734 γεσίας
2393 3658 2483 3714 καὶ
2553 3654 2874 3733 φιλοτιμίας
2928 3653 3076 3735 ἔχων
3133 3667 3489 3730 Δεσποτικῆς·
3539 3659 3759 3722 Παῦλος
3795 3663 3825 3716 6

2152 3748 2328 3804 πάντα
2358 3747 2537 3829 φὲρων
2598 3746 2706 3803 ἀπὸ
2763 3749 3030 3824 Χριστοῦ,
3083 3750 3182 3819 τήν
3241 3749 3460 3821 κλῆσιν,
3496 3752 3598 3820 τὴν
3629 3750 3826 3826 χάριν,

2152 3839 2250 3907 τήν
2300 3834 2611 3894 πολιτείαν·
2668 3838 2739 3894 ’Ή
2802 3838 3002 3894 ἀποῦσι
3065 3839 3310 3918 γράφων,
3369 3840 3595 3904 είκότως
3651 3839 3831 3897 αὐτοῦ

2150 3927 2214 3982 τὸ
2245 3922 2422 3999 ὄνομα
2477 3924 2758 4003 προέταξε.
2819 3927 2916 3983 Διά
2974 3932 3139 3985 τοῦτο
3194 3926 3255 3984 δὲ
3307 3929 3413 3984 ἀπὸ
3467 3928 3682 3986 Σαύλου
3740 3929 3829 3992 εἷς

2151 4015 2372 4100 Παῦλον
2402 4015 2680 4091 μετετέθη,
2727 4014 2819 4072 ’ίνα
2881 4015 3010 4091 μηδ’
3070 4017 3121 4073 ἐν
3180 4017 3363 4092 τούτῳ
3415 4041 3557 4100 φανῃ
3588 4017 3823 4074 ἔλαττον

2152 4098 2299 4184 ἔχων
2354 4109 2464 4160 τῶν
2523 4104 2876 4173 ἀποστόλων,
2939 4103 3068 4181 μηδ’
3132 4106 3297 4164 αὐτοῦ
3356 4098 3454 4164 τοῦ
3520 4106 3826 4188 κορυφαίου

2152 4195 2379 4271 Πέτρου,
2427 4220 2455 4249 ι(
2491 4195 2725 4260 Δοῦλος.
2761 4220 2789 4250 »
2851 4196 3064 4254 Πολλοὶ
3126 4194 3378 4264 δουλείας
3429 4200 3649 4276 τρόποι,
3681 4198 3758 4262 ἐς
3798 4199 3831 4255 6

2150 4290 2253 4354 τῆς
2310 4283 2705 4363 δημιουργίας,
2764 4286 2846 4349 εἷς
2903 4288 2932 4341 6
2984 4294 3085 4356 τῆς
3144 4288 3403 4359 πίστεως,
3452 4286 3627 4352 ἄλλος
3660 4290 3835 4361 ὁτῆς

2150 4372 2490 4445 ἀποστολῆς,
2542 4374 2727 4449 ἕτερος
2756 4377 2784 4430 6
2816 4376 2922 4431 ἀπὸ
2976 4382 3079 4446 τῆς
3137 4374 3448 4441 πολιτείας.
3482 4377 3586 4434 Καὶ
3618 4381 3835 4441 πάντας

378 4467 866 4521 conversationis.
904 4466 1121 4521 Omnes
1145 4470 1343 4521 autem
1372 4465 1580 4521 habuit
1612 4462 2035 4519 PaulusPorro

2160 4456 2315 4537 ἔσχεν
2375 4444 2429 4518 ὁν
2463 4444 2703 4527 Ηαῦλος.
2766 4463 2994 4528 Εἷωθὼς
3037 4444 3111 4521 δὲ
3166 4466 3453 4523 συνάπτειν
3503 4471 3585 4540 τῷ
3633 4467 3839 4541 οἰκείῳ

377 4555 587 4611 solitus
620 4561 711 4611 est
740 4556 976 4627 proprio
992 4555 1220 4611 nomini
1235 4554 1558 4629 adjungere
1586 4577 1612 4603 ‹‹
1642 4552 1981 4625 Apostolus,
2009 4576 2035 4601 ιι

376 4662 539 4701 nunc
588 4652 788 4701 autem
844 4646 1173 4718 praeposuit
1220 4668 1247 4695 «
1303 4645 1582 4713 Servus,»
1620 4645 1917 4700 Romanos
1965 4640 2040 4697 ad

376 4736 659 4808 pietatem
677 4753 744 4792 ac
767 4734 1449 4806 modestiaminducens.
1470 4736 1608 4790 Nam
1636 4732 1783 4789 adeo
1806 4731 2005 4805 magni
2021 4763 2036 4770 -

376 4824 487 4881 tice
518 4826 590 4881 de
608 4843 669 4882 se
702 4825 1136 4891 sentiebant,ut
1163 4842 1310 4896 quos
1331 4824 1765 4883 videretur.suo
1789 4822 2028 4878 decreto

378 4913 521 4968 deos
551 4919 841 4969 crearent.
878 4914 1042 4969 Unde
1094 4914 1269 4983 (sicut
1293 4913 1504 4984 fertur)
1535 4929 1669 4967 cum
1691 4910 1837 4983 ipsis
1868 4910 2035 4965 indi-

380 5008 576 5057 casset
606 5003 705 5073 qui
738 5003 799 5056 in
827 5002 1043 5058 Iudaea)
1073 5002 1343 5074 partibus
1373 5000 1691 5074 praasidem
1729 4998 1939 5073 agebat
1963 4999 2042 5089 de
2086 5074 2102 5085 4

381 5094 651 5148 Christo:
686 5095 844 5165 quod
898 5096 1098 5150 Jesum
1150 5093 1469 5167 quemdam
1530 5093 1754 5148 ibidem
1802 5098 2036 5160 natum,

378 5184 868 5239 admirandorum
901 5191 1262 5257 patratorem
1282 5202 1529 5259 operum
1562 5202 1597 5241 a
1625 5183 1877 5240 mortuis
1908 5200 2036 5238 sur-

376 5274 600 5330 rexisse
633 5274 921 5340 dicerent,
967 5276 1269 5347 Deumque
1309 5275 1703 5346 [raedicarent
1749 5289 1761 5327 :
1794 5272 2032 5329 decreto

374 5363 670 5435 repulisse
721 5365 911 5433 aiunt,
979 5364 1138 5435 quod
1198 5365 1259 5420 id
1333 5371 1550 5437 praeter
1608 5363 1874 5435 ipsorum
1930 5379 2033 5417 vo.

365 5459 663 5522 luntatem
696 5471 876 5510 ausus
906 5454 1136 5512 fuisset.
1171 5456 1305 5511 Fuit
1325 5461 1525 5511 autem
1554 5453 1767 5510 divmaa
1796 5452 2030 5527 dispen-

451 5629 471 5672 ⁸
499 5633 628 5689 Act.
660 5649 822 5705 mu,
856 5635 947 5688 26.

2154 4553 2387 4626 ὀνόματι
2416 4552 2503 4621 τὸ,
2533 4576 2561 4604 ιι
2585 4550 2948 4622 Ἀπόστολος,
2977 4578 3004 4605 )›
3034 4558 3125 4610 νῦν
3153 4556 3237 4624 τὸ,
3269 4580 3291 4610 ι
3319 4554 3540 4625 δοῦλος,
3570 4581 3596 4607 ››
3624 4555 3841 4633 προτέ-

2151 4663 2343 4718 ταχεν,
2378 4641 2456 4705 είς
2513 4636 2802 4698 εὐλάϐειαν
2861 4643 3175 4717 Ῥωμαίους
3215 4643 3452 4723 ἐνάγων.
3487 4644 3678 4709 Οὕτως
3710 4646 3835 4723 γὰρ

2153 4732 2289 4800 ἦσαν
2346 4730 2951 4809 πεφρονηματισμένοι,
3010 4733 3086 4796 ὡς
3143 4734 3455 4812 ψηφίσματι
3498 4734 3653 4799 θεοὺς
3685 4736 3838 4792 ἀνα-

2153 4820 2395 4898 γορεύειν
2429 4819 2549 4883 ιοῦς
2611 4820 2952 4897 βουληθεῖεν.
3013 4823 3190 4890 Ὅθεν,
3247 4824 3321 4886 ὡς
3383 4822 3571 4900 λόγος,
3610 4825 3831 4901 γνωρί-

2158 4930 2351 4973 σαντος
2408 4909 2592 4972 αὐτοῖς
2656 4914 2754 4965 τοῦ
2819 4911 2955 4968 κατὰ
3021 4910 3284 4971 Ἰουδαίαν
3354 4911 3622 4990 ἄρχοντος
3688 4915 3829 4991 περί

2157 5003 2414 5075 Χριστοῦ,
2474 5000 2560 5054 δτι
2619 5000 2831 5070 Ἰησοῦν
2884 5021 3007 5056 τινα
3057 5003 3350 5079 γενόμενον
3407 5002 3631 5059 ἐνταῦθα
3685 5015 3832 5069 θαυ-

2162 5091 2496 5165 ματοποιὸν,
2566 5089 2703 5162 μετὰ
2769 5091 2991 5147 θάνατον
3057 5090 3350 5169 ἑγηγέρθαι
3427 5093 3649 5171 λέγουσι
3726 5096 3836 5152 καὶ

2157 5180 2286 5236 Θεὸν
2380 5178 2677 5253 κηρύττου,
2772 5179 3218 5260 ἀποψηφίσασθαι
3312 5186 3496 5251 τοῦτο,
3590 5181 3682 5238 διὰ
3754 5187 3834 5241 τὸ

2154 5270 2301 5347 παρά
2346 5269 2573 5347 γνώμην
2622 5268 2799 5324 αὐτων
2849 5270 3247 5344 τετολμῆσθαι.
3298 5273 3400 5329 Ἦν
3435 5271 3493 5328 δὶ
3537 5274 3693 5338 θαίας
3722 5275 3830 5329 οἱ-

2151 5358 2440 5433 κονομίας,
2472 5358 2548 5419 ὡς
2579 5357 2639 5412 ἂν
2676 5359 2754 5431 μὴ
2815 5356 2943 5435 δόξῃ
3003 5360 3121 5416 κατ’
3150 5360 3499 5438 ἀνθρωπίνην
3528 5362 3617 5418 καὶ
3646 5365 3828 5420 τοῦτο

2143 5449 2542 5525 κεκρατηκέναι
2576 5445 2845 5521 σπουδήν.
2895 5473 2925 5503 ιι
2959 5450 3134 5518 Ἰησοῦ
3202 5456 3466 5528 Χριστοῦ.
3498 5477 3527 5506 ››
3588 5452 3663 5511 Τὸ
3702 5455 3831 5526 Ἰη-
