4112 6414
345 360 466 421 325

1461 343 1871 409 ΟΟΜΜΕΝΤ.
1919 343 1996 405 ΙΝ
2045 343 2293 406 EPIST.
2341 347 2447 409 AD
2496 344 2680 408 ROM.

3661 352 3783 412 326

347 495 504 561 σοῦς,
545 486 607 543 τὸ
638 482 954 560 ἀνθρώπιον
1017 478 1211 554 δηλοῖ,
1263 480 1366 549 τὴν
1422 476 1481 535 δι
1536 482 1637 535 τοῦ
1694 474 2009 552 Πνεύματος

2128 478 2376 535 sationis
2397 484 2465 535 ut
2495 479 2579 536 ita
2598 480 2789 548 ﬁeret,
2823 494 2897 535 ne
2919 479 3220 535 videretur
3240 486 3298 537 et
3318 480 3432 537 hoc
3448 482 3782 543 obtinuisse

344 581 533 663 χρίσιν
558 579 621 634 τὸ
649 574 907 651 Χριστός.

428 850 657 922 Κλητὸς
744 846 1081 919 ἀπόστολος,
1163 846 1543 929 ἀφωρισμένος
1628 846 1706 907 εἰς
1787 843 2019 919 Εὐαγγέ-

349 942 478 998 λιον
539 944 697 1009 Θεοῦ,
755 938 787 995 ὅ
844 938 1329 1016 προεπηγγείλατο
1381 935 1472 993 διὰ
1551 940 1661 992 τῶν
1715 937 2019 1015 προφητῶν

352 1031 530 1088 αὐτοῦ
582 1029 635 1085 ὲν
690 1033 928 1107 Γραφαῖς
1025 1026 1223 1104 ἁγίαις,
1271 1027 1397 1102 περὶ
1481 1029 1579 1082 τοῦ
1634 1025 1764 1080 Υὶοῦ
1849 1023 2018 1078 αὐτοῦ

358 1127 470 1178 τοῦ
504 1121 813 1198 γενομίνου
843 1118 903 1175 ἐκ
925 1114 1236 1195 σπέρματος
1268 1114 1434 1173 Δαυῗδ
1488 1116 1623 1172 κατὰ
1676 1114 1865 1191 σάρκαο
1921 1116 2019 1170 τοῦ

352 1208 674 1286 ὁρισθὲντος
732 1208 861 1262 Υἱοῦ
937 1210 1074 1263 Θεοῦ
1128 1202 1183 1260 ἐν
1270 1202 1513 1278 δυνάμει,
1579 1202 1716 1259 κατὰ
1803 1206 2021 1278 Πνεῦμα

358 1298 706 1375 ἁγιωσύνης,
733 1295 786 1368 ἐξ
815 1294 1154 1358 ἀναστάσεως
1178 1298 1380 1371 νεκρῶν
1412 1295 1597 1365 Ἰησοῦ
1636 1295 1872 1369 Χριστοῦ
1922 1294 2019 1348 τοῦ

352 1387 567 1463 Κυρίου
600 1389 637 1457 ἡ
647 1391 790 1460 μῶν.

425 1477 814 1553 Εὐγνωμόνως
845 1473 1138 1551 ὁμολογεῖ,
1181 1473 1266 1529 ὅτι
1324 1473 1435 1549 οὐχ
1488 1472 1625 1528 ἑκὼν
1683 1471 2017 1547 προσῆλθεν,

346 1568 502 1625 ἀλλὰ
555 1566 803 1634 κληθείς.
865 1566 1102 1637 Κληθεὶς
1160 1563 1239 1636 δὲ,
1295 1564 1396 1620 οὐκ
1451 1563 1529 1627 εἷς
1588 1564 1771 1619 πίστιν
1832 1560 2016 1637 μόνον,

354 1658 503 1715 illi
527 1661 622 1715 καὶ
656 1659 736 1721 εἰς
775 1657 1115 1728 ἀποστολήν.
1178 1654 1586 1735 Ἀφωρισμὲνος
1645 1654 1722 1717 εἷς
1779 1652 2019 1728 Εὐαγγέ-

373 1752 489 1804 λιον
509 1753 661 1807 Θεοῦ.
695 1774 718 1803 ι
754 1747 967 1811 Ἀλλος
1001 1748 1119 1821 μὲν,
1145 1748 1331 1827 φησὶν,
1364 1746 1417 1801 ἐν
1449 1744 1671 1815 ἃλΛοις,
1703 1744 1815 1819 ἐγὼ
1845 1740 1904 1798 δὲ
1940 1742 2017 1805 εἴς

2126 566 2393 626 humana
2413 569 2745 643 diligentia.
2768 591 2797 619 ‹‹
2820 570 2959 626 Jesu
2981 570 3216 627 Christi.
3244 593 3272 621 ››
3301 572 3472 629 Jesus
3501 573 3784 632 humani-

2124 660 2310 714 tatem
2361 659 2702 733 signiﬁcat:
2753 659 3022 716 Christus
3069 676 3205 717 vero
3254 660 3507 733 Spiritus
3551 666 3781 722 unctio-

2126 763 2265 803 nem
2276 790 2286 801 .

2124 835 2167 902 l,
2209 839 2324 895 1-4.
2382 839 2618 895 Vocatus
2668 840 2989 911 Apostolus,
3039 848 3354 912 segregatus
3407 845 3469 899 in
3523 847 3780 916 Evange-

2127 926 2261 981 lium
2310 929 2431 996 Dei,
2481 928 2630 999 quod
2674 936 2802 984 ante
2842 932 3175 1000 promiserat
3222 947 3329 1002 per
3365 934 3669 1004 prophetas
3718 939 3779 991 in

2124 1016 2430 1087 Scripturis
2457 1021 2662 1075 sanctis
2686 1018 2753 1073 de
2790 1021 2910 1090 ipso
2938 1019 3084 1075 Filio
3112 1036 3253 1075 suo:
3284 1021 3385 1092 qui
3410 1024 3592 1090 factus
3622 1031 3698 1080 est
3726 1028 3778 1081 ei

2127 1122 2197 1162 ea:
2224 1108 2429 1162 semine
2460 1108 2653 1177 David,
2685 1110 2985 1165 secundum
3026 1126 3270 1167 carnem.
3306 1113 3415 1177 Qui
3459 1111 3779 1172 declaratus

2126 1202 2203 1251 est
2255 1197 2406 1265 ﬁlius
2471 1199 2566 1253 Dei
2621 1215 2728 1269 per
2791 1201 3069 1268 virtutem,
3135 1201 3438 1256 secundum
3502 1202 3775 1274 Spiritum

2122 1288 2598 1356 sanctiﬁcationis,
2653 1305 2723 1343 ea:
2777 1292 3175 1345 resurrectione
3230 1298 3581 1348 mortuorum
3645 1295 3775 1350 Jesu

2129 1376 2337 1433 Christi
2365 1380 2588 1433 Domini
2602 1382 2808 1442 nostri.

2202 1483 2460 1541 Modeste
2483 1485 2803 1541 conﬁtetur
2820 1486 2978 1559 quod
2996 1503 3116 1544 non
3136 1488 3448 1546 ultroneus
3470 1493 3779 1562 acceserit,

2127 1570 2232 1626 sed
2261 1578 2521 1628 vocatus.
2554 1573 2806 1631 Vocatus
2829 1580 3029 1630 autem
3054 1591 3176 1631 non
3205 1581 3438 1633 tantum
3468 1577 3544 1633 ad
3570 1578 3772 1642 ﬁdem,

2126 1660 2231 1717 sed
2259 1661 2441 1717 etiam
2471 1662 2547 1718 ad
2592 1663 3013 1734 apostolatum.
3049 1683 3081 1718 ιι
3115 1665 3463 1740 Segregatus
3492 1667 3556 1721 in
3586 1668 3776 1723 Evan-

2122 1750 2343 1824 gelium
2369 1751 2495 1807 Dei.
2530 1773 2559 1801 ››
2592 1752 2762 1808 Alius
2808 1753 3056 1825 quidem
3090 1754 3164 1810 ad
3213 1755 3353 1825 alia,
3400 1772 3504 1829 ego
3536 1772 3670 1812 vero
3702 1757 3778 1812 ad

368 1840 685 1917 Εὐαγγὲλιον
744 1840 1105 1920 ἀφώρισμαι,
1159 1837 1290 1914 ὅπερ
1347 1838 1477 1893 Θεὸν
1537 1832 1666 1891 ὄντα
1719 1836 1810 1891 τὸν
1882 1836 2010 1909 Χρι-

2122 1840 2520 1913 Evangelium,
2554 1841 2772 1913 inquit,
2808 1849 3150 1916 segregatus
3182 1862 3335 1915 sum,
3370 1846 3777 1917 utChristum,

370 1933 513 1997 στὸν,
544 1928 949 2009 εὐηγγελίζετο.
991 1929 1099 1987 Τὸν
1160 1928 1263 2003 γὰρ
1322 1928 1533 2003 Πατέρα
1580 1922 1886 2002 προῄδεσαν
1952 1923 2013 1979 ἐκ

356 2024 458 2085 τῆς
489 2018 753 2081 Παλαιᾶς.
787 2016 961 2077 Οὐδὲν
995 2016 1077 2085 δὲ,
1108 2018 1297 2096 φησὶν,
1328 2016 1435 2092 ἐρῶ
1468 2018 1809 2091 σκυθρωπὸν,
1854 2014 1928 2077 ὡς
1959 2014 2013 2068 οἱ

348 2113 660 2188 προφῆται,
691 2107 822 2164 ἀλλ’
852 2107 1278 2186 εὐαγγελίζομαι
1335 2108 1465 2164 Θεὸν
1523 2105 2006 2182 ἆνηνθρωπηκότα.

341 2224 371 2252 ει
403 2201 475 2257 Ὅ
505 2197 1015 2275 προεπηγγείλατο.
1075 2221 1104 2251 »
1160 2194 1390 2268 Μηδεὶς,
1449 2196 1607 2275 φησὶ,
1658 2198 2010 2269 καινοτομεῖν

341 2312 413 2366 με
445 2290 686 2366 νομίσῃ,
716 2290 885 2345 πάλαι
944 2288 1255 2366 ἐπήγγελτο
1313 2293 1474 2345 τοῦτο
1529 2289 1593 2343 τὸ
1644 2286 2009 2364 Εὐαγγὲλιον.

340 2382 419 2438 Τὸ
451 2379 534 2451 δὲ,
568 2405 598 2432 κ
634 2379 688 2436 ἐν
725 2383 982 2461 Γραφαῖς,
1020 2403 1043 2433 ε
1075 2377 1263 2450 δηλοῖ,
1296 2379 1381 2435 ’ὁτι
1413 2378 1474 2435 οὐ
1510 2378 1676 2452 μόνον
1739 2376 1924 2452 ἔλεγον
1958 2377 2012 2431 οἱ

338 2477 657 2547 προςρῆται,
709 2469 855 2525 ἀλλᾶ
906 2468 998 2524 καὶ
1041 2463 1296 2545 ἔγραφον.
1358 2467 1474 2526 Οὐκ
1529 2467 1668 2534 εἶπε,
1727 2466 1851 2541 περὶ
1882 2466 2010 2520 Υίοῦ

338 2560 540 2631 αὐτοῦ,
576 2558 749 2626 ἀλλὰ,
803 2560 916 2615 Τοῦ
973 2559 1102 2614 Υἱοῦ
1160 2557 1348 2627 αὐτοῦ,
1408 2558 1501 2613 τὸν
1557 2556 1712 2620 φύσει
1770 2555 1862 2611 καὶ
1918 2551 2011 2610 ἕνα

338 2656 435 2704 καί
471 2648 685 2725 κυρίως
720 2648 840 2704 Υἱὸν
872 2648 963 2704 καὶ
1023 2650 1312 2724 Μονογενῆ
1367 2644 1577 2719 δηλῶν.
1612 2671 1640 2699 ‹‹
1674 2645 1824 2704 Κατὰ
1882 2644 2013 2720 σάρ-

341 2760 437 2796 κα.
474 2762 504 2791 ιο
540 2739 697 2795 Κατὰ
727 2739 831 2815 γὰρ
878 2743 1110 2813 πνεῦμα,
1169 2738 1297 2800 Υἱὸς
1354 2741 1488 2793 Θεοῦ
1535 2740 1625 2806 ἧν.
1665 2762 1685 2787 ι
1723 2738 1836 2793 Τοῦ
1894 2736 2008 2810 ὁρι-

348 2830 569 2887 σθέντα.
615 2854 645 2881 »
675 2830 791 2886 Τοῦ
831 2825 1256 2905 ἀποδειχθέντος
1312 2828 1403 2886 καὶ
1464 2826 1864 2905 ἅποφανθὲντος
1922 2822 2012 2881 διά

335 2942 399 2976 τε
425 2925 542 2976 τῶν
568 2924 900 2997 προφητῶν,
933 2916 1022 2975 διά
1057 2941 1116 2975 τε
1172 2925 1281 2975 τῶν
1334 2919 1611 2974 τοσούτων
1646 2921 2007 2992 οεοσημειῶν,

340 3007 432 3066 δια
460 3032 524 3065 τε
552 3016 660 3079 τῆς
691 3010 1053 3072 ἀναστάσεως.
1077 3009 1300 3067 Τούτων
1330 3008 1434 3087 γὰρ
1459 3009 1495 3078 ἠ
1552 3004 1860 3081 συνδρομή,
1916 3004 2007 3062 δι-

340 3100 515 3174 ορίζει
550 3099 721 3155 αὐτὸν
755 3099 816 3155 ἐκ
842 3104 952 3155 τῶν
980 3097 1169 3155 ἃλλων
1209 3098 1455 3154 ἁπάντων
1487 3101 1593 3153 τῶν
1653 3100 1790 3153 κατὰ
1848 3100 2009 3173 χάριν

336 3188 671 3261 κληθέντων
703 3190 859 3246 υἱῶν.
920 3190 1014 3245 Διὸ
1069 3190 1160 3245 καί
1215 3210 1321 3262 τις,
1381 3193 1479 3244 τοῦ
1523 3188 1851 3263 ὁρισθέντος,
1908 3191 2008 3242 τοῦ

336 3279 807 3356 ἐπιγνωσθὲντος,
839 3279 997 3359 φησὶ,
1045 3279 1136 3335 καὶ
1176 3278 1256 3342 εἷς
1307 3283 1507 3355 γνῶσιν
1554 3278 1864 3353 ἀνθρώποις
1913 3275 2008 3332 ἐλ-

335 3369 552 3433 θόντος.
622 3370 910 3444 Είώθαμεν
972 3370 1075 3444 γὰρ
1144 3366 1214 3425 δι’
1298 3370 1545 3446 ὁρισμῶν
1614 3390 1777 3425 τινων
1823 3366 2007 3445 ἐπιγιο

340 3461 604 3531 νώσκειν,
661 3458 699 3515 ἄ
758 3454 996 3535 βεϐαίως
1022 3459 1111 3515 καὶ
1170 3460 1274 3515 οὐκ
1331 3456 1384 3514 ἐν
1443 3455 1728 3536 δισταγμῷ
1785 3456 2007 3514 ἐπιστί-

345 3552 504 3623 μεθα.
540 3575 569 3601 ‹‹
604 3551 694 3607 Ἐν
725 3547 970 3624 δυνάμει.
1007 3572 1036 3600 »
1066 3550 1379 3618 Τουτὲστιν,
1439 3548 1502 3603 οὐ
1554 3548 1765 3623 χάριτι,
1823 3548 1900 3613 ὡς
1955 3547 2010 3602 οἱ

351 3638 583 3705 πολλοὶ,
613 3639 762 3695 ἀλλὰ
783 3636 1014 3712 δυνάμει
1045 3637 1245 3711 οῗκείᾳ,
1273 3637 1340 3708 ἢν
1370 3637 1585 3714 ἐνήργει
1634 3636 1688 3692 ἐν
1737 3642 1856 3700 ταῖς
1887 3638 2011 3692 θεο-

367 3728 641 3800 σημεὶαις.
670 3760 698 3781 ιι
737 3730 890 3786 Κατὰ
920 3732 1139 3802 Πνεῦμα
1168 3728 1506 3807 ἁγιωσύνης.
1566 3754 1589 3783 ι
1648 3726 1752 3785 Καὶ
1800 3724 1852 3782 ἐν
1910 3730 2009 3782 τοῦ

369 3816 533 3891 ἁγίου
567 3816 888 3892 ΙΙνεῦματος,
920 3818 1111 3896 φησὶν,
1174 3818 1204 3872 ὅ
1236 3818 1471 3897 παρέχει
1527 3821 1643 3878 τοῖς
1710 3815 1788 3880 εἷς
1845 3814 2006 3872 αὐτὸν

355 3906 715 3965 πιστεύουσιν.
748 3932 777 3959 ‹‹
810 3909 899 3982 Ἐξ
932 3907 1295 3969 ἀναστάσεως.
1333 3931 1361 3959 ι)
1386 3907 1488 3965 Καὶ
1538 3906 1598 3962 ἐκ
1652 3912 1755 3976 τῆς
1790 3904 2013 3961 ἀναστά-

348 4016 506 4068 σεως,
538 3998 697 4076 φησὶ,
728 3998 820 4053 καὶ
853 4003 957 4067 τῆς
985 4001 1084 4053 τοῦ
1142 3995 1368 4053 θανάτου
1415 3995 1786 4060 καταλύσεως.
1848 3996 2006 4054 Ἀνα-

342 4089 588 4150 στάσεως
619 4084 702 4157 δὶ,
734 4086 805 4156 ἧς
833 4086 995 4150 αὐτὸς
1029 4087 1220 4157 ἀνέστη
1263 4087 1292 4143 ὁ
1326 4087 1527 4163 Κύριος
1574 4088 1737 4160 ἡμῶν
1795 4087 2007 4158 Ἰησοῦς

340 4177 615 4253 Χριστός.

404 4449 491 4503 Δι’
545 4449 612 4503 οὗ
666 4443 939 4524 ἐλάϐομεν
990 4451 1153 4527 χάριν
1211 4450 1302 4506 καὶ
1370 4450 1685 4520 ἀποπολὴν
1744 4450 1821 4513 είς
1905 4450 2008 4505 ὁπ-

332 4540 514 4608 ακοὴν
592 4538 827 4602 πίστεως
898 4539 950 4595 iv
1039 4546 1171 4596 πᾶσι
1244 4545 1362 4603 τοῖς
1426 4540 1656 4611 ἔθνεσιν,
1718 4541 1849 4615 ὑπὲρ
1905 4546 2005 4597 τοῦ

337 4628 623 4702 ὀνόματος
680 4629 868 4689 αὐτοῦ,
921 4631 1008 4686 Ἑν
1084 4629 1168 4692 οἷς
1232 4628 1350 4686 ἐστε
1410 4631 1502 4686 καὶ
1572 4629 1730 4705 ὑμεῖς
1805 4627 2007 4701 κλητοὶ

332 4715 526 4787 Ἰησοῦ
572 4718 834 4792 Χριστοῦ.
902 4722 1036 4775 Ilia:
1085 4724 1202 4782 τοῖς
1286 4721 1436 4774 οὖσιν
1504 4719 1559 4775 ἐν
1614 4719 1808 4793 Ῥώμῃ
1865 4718 2004 4794 ἀγα-

330 4812 541 4877 πητοῖς
635 4812 770 4864 Θεοῦ
847 4806 1078 4880 κλητοῖς
1159 4809 1359 4886 ἁγίοις’
1463 4808 1625 4885 χάρις
1714 4808 1841 4882 ὑμῖν
1916 4808 2007 4863 καὶ

331 4894 531 4970 εἰρήνη
598 4897 705 4952 ἀπὸ
761 4903 897 4955 Θεοῦ
956 4896 1167 4975 Πατρὸς
1200 4900 1363 4973 ἡμῶν
1421 4899 1510 4954 καὶ
1573 4898 1779 4973 Κυρίου
1825 4898 2006 4971 Ἰησοῦ

340 4988 617 5063 Χριστοῦ.

413 5074 531 5129 υόκ
553 5073 606 5147 ἐξ
640 5074 878 5147 οἰκείων,
911 5077 1067 5156 φησὶ,
1127 5077 1530 5152 κατορθώματα
1569 5069 1844 5150 ἐλάϐομεν
1902 5075 2005 5145 τήν

339 5162 866 5235 ἆποστολήν,ὀ.λλὲι
923 5167 987 5224 τὸ
1043 5172 1147 5225 πᾶν
1200 5168 1431 5243 χάριτος
1485 5166 1575 5222 καὶ
1607 5164 1813 5240 δωρεᾶς
1870 5165 2003 5225 ἐστι.

334 5276 363 5305 ιι
397 5254 577 5330 Χάριν
607 5255 701 5310 καὶ
733 5256 1074 5327 ἀποστολὴν,
1108 5281 1136 5308 ››
1180 5256 1300 5312 ἀντὶ
1331 5260 1451 5324 τοῦ,
1510 5256 1676 5332 χάριν
1733 5253 1809 5318 είς
1866 5255 2006 5311 ἀπο-

338 5343 573 5415 στολήν.
612 5345 802 5402 Καίτοι
844 5345 943 5401 τοῦ
1004 5344 1318 5419 Πνεύματος
1388 5347 1417 5415 ἢ
1476 5345 1758 5413 ἀποστολὴ
1815 5342 2003 5414 αὐτοῦ,

333 5432 412 5496 ὡς
446 5432 501 5488 ἐν
531 5439 655 5497 ταῖς
693 5436 924 5513 Πράξεσι
955 5441 1148 5492 κεῖται.
1210 5434 1389 5492 Ἀλλᾶ
1445 5434 1621 5490 πάντα
1677 5433 1835 5489 κοινᾶ
1891 5430 2007 5490 οἶδε

331 5523 400 5578 τὰ
428 5530 535 5594 τῆς
566 5524 720 5601 ἁγίας
741 5520 996 5603 Τριάδος.
1031 5548 1058 5578 π
1091 5523 1192 5587 Εἷς
1249 5524 1495 5594 ὑπακοὴν
1545 5523 1805 5587 πίστεως.
1838 5547 1867 5577 ››
1900 5523 2004 5580 Καὶ

328 5613 439 5690 γὰρ
470 5612 535 5669 οὐ
568 5609 650 5671 δεῖ
670 5614 1168 5695 πολυπραγμονεῖν
1199 5612 1449 5692 γὲννησιν
1506 5612 1600 5669 καὶ
1632 5611 1814 5670 οὐσίαν
1848 5616 2005 5686 Θεοῦ,

326 5700 478 5760 ἄλλα
510 5706 680 5783 μόνον
712 5704 1044 5766 ὑπακούειν.
1089 5728 1111 5757 ι
1145 5705 1231 5762 Ἐν
1290 5708 1421 5761 πᾶσι
1471 5707 1591 5768 τοῖς
1623 5700 1848 5768 ἔθνεσιν.
1877 5726 1909 5758 ››
1939 5700 2008 5760 Et

2118 1931 2220 2001 qui
2248 1932 2403 1987 Deus
2436 1937 2543 1995 est.
2576 1934 3019 1989 annuntiarem.
3045 1936 3282 1991 Patrem
3314 1952 3573 2008 namque
3606 1953 3641 1992 a
3678 1953 3779 1992 ve-

2115 2021 2228 2075 teri
2258 2021 2388 2094 lege
2419 2030 2961 2094 praecognoverant.
3006 2025 3162 2080 Nihil
3210 2032 3409 2081 autem
3445 2027 3612 2082 triste
3642 2026 3776 2081 dico

2116 2128 2282 2168 more
2312 2114 2760 2184 prophetarum,
2794 2115 2899 2170 sed
2941 2116 3127 2172 Deum
3162 2116 3391 2172 factum
3429 2134 3558 2173 esse
3590 2117 3780 2173 homi-

2118 2218 2259 2257 nem
2292 2203 2604 2258 annuntio.
2640 2225 2668 2254 «
2702 2204 2867 2269 Quod
2898 2212 3036 2260 ante
3069 2208 3444 2277 promiserat.
3480 2228 3509 2257 »
3541 2206 3772 2276 Nullus,

2120 2290 2340 2363 inquit,
2375 2308 2469 2347 me
2518 2309 2614 2347 res
2654 2308 2836 2348 novas
2868 2293 3065 2349 moliri
3098 2294 3439 2351 arbitretur.
3474 2295 3627 2352 Olim
3659 2312 3771 2351 an-

2117 2380 2461 2435 nuntiatum
2484 2387 2574 2436 est
2592 2382 2995 2455 Evangelium.
3020 2384 3184 2450 Quod
3206 2390 3405 2440 autem
3437 2384 3621 2456 addit,
3654 2407 3681 2437 ι
3701 2386 3769 2439 In

2119 2470 2459 2541 Scripturis,
2494 2493 2522 2521 ν
2556 2472 2854 2543 signiﬁcat
2884 2474 3045 2545 quod
3092 2491 3211 2529 non
3243 2475 3439 2531 solum
3492 2474 3773 2530 dicebant

2117 2560 2445 2632 prophetat,
2480 2561 2586 2616 sed
2616 2566 2675 2616 et
2702 2561 3063 2619 scribebant.
3090 2565 3205 2619 Nec
3228 2564 3584 2636 simpliciter
3605 2563 3775 2629 dixit,

2117 2648 2197 2704 De
2230 2648 2375 2705 ﬁlio.
2411 2650 2517 2705 sed
2546 2648 2671 2723 περὶ
2701 2653 2798 2704 τοῦ
2840 2651 2960 2705 (to?)
2990 2651 3186 2719 αὐτοῦ,
3229 2653 3432 2709 addito
3482 2654 3774 2720 articulo;

2115 2736 2176 2793 id
2200 2745 2312 2809 est,
2344 2738 2417 2794 de
2450 2739 2577 2811 ipso
2609 2740 2756 2796 Filio
2791 2758 2921 2811 suo,
2957 2759 3094 2799 eum
3110 2743 3387 2799 videlicet
3403 2743 3770 2816 signiﬁcans,

2118 2829 2221 2899 qui
2254 2834 2473 2884 natura
2505 2835 2565 2884 et
2602 2830 2757 2886 203
2789 2847 2965 2900 unus,
3012 2834 3370 2905 proprieque
3424 2833 3610 2888 Filius
3641 2849 3772 2888 esse

2118 2917 2493 2991 Unigenitus.
2518 2940 2545 2969 ‹‹
2565 2918 2905 2976 Secundum
2928 2938 3190 2978 carnem.
3210 2946 3237 2972 υ
3267 2924 3411 2978 Nam
3444 2922 3775 2979 secundum

2116 3006 2395 3078 spiritum
2421 3008 2605 3063 Filius
2633 3009 2730 3063 Uei
2756 3015 2902 3065 erat.
2925 3034 2951 3060 «
2973 3012 3082 3077 Qui
3101 3011 3437 3068 declaratus
3468 3019 3576 3067 est.
3612 3034 3642 3062 »
3664 3011 3774 3078 Qui

2116 3095 2564 3153 demonstratus
2596 3103 2687 3154 est
2728 3115 2835 3171 per
2864 3101 3206 3172 prophetas,
3230 3108 3290 3156 et
3318 3117 3425 3173 per
3461 3107 3548 3156 tot
3576 3100 3776 3156 divina

2120 3185 2308 3258 signa,
2357 3192 2415 3242 et
2459 3204 2567 3259 per
2608 3190 3132 3245 resurrectionem.
3168 3191 3389 3246 Horum
3435 3191 3595 3247 enim
3641 3207 3777 3246 con-

2120 3291 2328 3331 cursus
2361 3282 2629 3349 segregat
2671 3277 2865 3349 ipsum
2904 3279 2977 3334 ab
3028 3280 3162 3335 aliis
3203 3280 3503 3349 omnibus,
3533 3280 3634 3352 qui
3666 3297 3774 3351 per

2117 3366 2369 3439 gratiam
2400 3368 2590 3422 vocati
2629 3373 2787 3423 sunt.
2840 3369 2975 3425 ldeo
3017 3370 3200 3425 etiam
3241 3369 3484 3442 quidam
3530 3365 3773 3441 ὁρισθὲν-

2114 3474 2206 3517 τος
2238 3457 2459 3530 cogniti
2490 3457 2940 3530 interpretatur,
2968 3465 3028 3515 et
3060 3460 3122 3515 in
3146 3461 3463 3516 hominum
3496 3459 3773 3515 notitiam

2116 3546 2428 3604 venientis.
2466 3546 2736 3603 Solemus
2760 3550 2920 3604 enim
2952 3545 3022 3602 δι’
3054 3548 3299 3623 ὁρισμῶν
3332 3569 3515 3618 τινων,
3551 3551 3663 3605 hoc
3685 3554 3776 3604 est

2118 3652 2226 3708 per
2246 3635 2629 3692 deﬁnitiones
2647 3637 2959 3709 quasdam,
2983 3656 3341 3713 cognoscere
3360 3657 3493 3712 quae
3518 3639 3772 3695 ﬁrmiter

2120 3730 2180 3781 et
2205 3741 2326 3781 non
2363 3726 2719 3798 ambigendo
2764 3729 3164 3801 cognovimus.
3204 3751 3233 3781 «
3265 3729 3375 3784 Per
3404 3729 3707 3786 virtutem.
3744 3750 3773 3779 »

2120 3815 2241 3869 Hoc
2271 3819 2381 3883 est,
2414 3830 2536 3869 non
2571 3815 2780 3888 gratia,
2812 3823 2880 3872 ut
2906 3817 3103 3886 multi,
3136 3818 3239 3874 sed
3272 3818 3487 3873 virtute
3535 3818 3776 3890 propria

2119 3919 2301 3975 quam
2322 3903 2384 3957 in
2412 3902 2628 3959 divinis
2651 3904 2837 3977 signis
2865 3905 3192 3962 exserebat.
3223 3929 3252 3958 «
3277 3906 3613 3962 Secundum
3647 3907 3774 3979 Spi-

2117 3994 2300 4048 ritum
2319 3992 2827 4048 sanctiﬁcationis.
2851 4019 2870 4042 -
2894 3996 2964 4049 Et
2981 4011 3051 4049 ex
3068 3995 3311 4068 Spiritu,
3344 3996 3445 4064 ait,
3480 4011 3658 4067 quem
3675 3996 3778 4051 dat

2117 4082 2182 4138 in
2216 4099 2279 4138 se
2310 4081 2711 4138 credentibus.
2747 4110 2773 4140 α
2802 4085 2885 4139 Ex
2913 4085 3374 4142 resurrectione.
3411 4113 3435 4138 ‹‹
3470 4085 3541 4141 Et
3575 4101 3649 4140 ex
3678 4102 3774 4141 re-

2120 4173 2514 4242 surrectione,
2534 4174 2750 4245 inquit,
2778 4175 3107 4248 mortisque
3132 4175 3536 4233 destructione
3564 4195 3576 4233 :
3615 4194 3775 4233 resu-

2118 4264 2382 4321 rectione
2412 4268 2612 4320 autem
2644 4282 2762 4336 qua
2801 4267 3061 4322 surrexit
3090 4268 3217 4340 ipse
3248 4268 3535 4324 Dominus
3568 4274 3777 4324 noster

2118 4356 2145 4410 J
2152 4370 2289 4410 esus
2321 4353 2613 4409 Christus.

2120 4448 2164 4512 Ι,
2199 4447 2320 4500 5-7.
2351 4444 2458 4499 Per
2506 4460 2668 4515 quem
2722 4448 3032 4517 accepimus
3084 4450 3325 4517 gratiam
3384 4456 3437 4504 et
3487 4447 3774 4519 apostola-

2121 4538 2235 4588 tum
2266 4532 2340 4587 ad
2366 4533 2731 4589 obediendum
2754 4536 2887 4603 ﬁdei
2907 4552 3014 4606 per
3044 4552 3224 4592 omnes
3248 4544 3454 4609 gentes,
3484 4553 3651 4608 super
3670 4552 3773 4592 no-

2121 4624 2267 4678 mine
2297 4623 2438 4693 ejus,
2465 4625 2619 4679 intcr
2646 4639 2784 4693 quas
2813 4628 2940 4681 estis
2971 4632 3022 4681 et
3052 4644 3143 4683 vos
3172 4631 3353 4684 vocati
3379 4632 3507 4685 Jesu
3540 4628 3765 4684 Christi.

2120 4713 2382 4769 Omnibus
2407 4715 2512 4782 qui
2541 4715 2669 4769 estis
2692 4716 2895 4783 Home,
2920 4716 3135 4772 dilectis
3155 4718 3275 4786 Dei,
3306 4721 3514 4774 vocatis
3541 4719 3774 4783 sanctis,

2117 4804 2313 4872 gratia
2340 4803 2492 4858 vobis
2542 4809 2593 4857 et
2622 4820 2746 4875 pax
2773 4820 2808 4859 a
2857 4806 2963 4860 Deo
3005 4809 3171 4862 Patre
3212 4815 3404 4864 nostro
3430 4813 3484 4862 et
3532 4809 3773 4863 Domino

2115 4892 2245 4945 Iesu
2274 4890 2513 4946 Christo.

2188 5071 2315 5126 Non
2338 5086 2408 5125 ex
2426 5070 2703 5144 propriis,
2723 5071 2936 5143 inquit,
2961 5072 3135 5130 bonis
3157 5076 3439 5148 operibus
3470 5078 3773 5151 apostola-

2116 5164 2244 5216 tum
2265 5159 2626 5231 accepimus,
2659 5160 2762 5216 sed
2793 5163 3083 5235 quidquid
3109 5164 3167 5219 id
3200 5172 3309 5235 est,
3340 5168 3531 5241 gratia
3566 5175 3681 5234 est,
3715 5174 3777 5225 et

2117 5250 2363 5305 donum.
2400 5271 2427 5299 ‹‹
2461 5250 2717 5305 Gratiam
2752 5255 2812 5305 et
2847 5254 3271 5324 apostolatum.
3311 5278 3339 5305 »
3381 5258 3493 5314 hoc
3528 5263 3622 5314 est
3652 5276 3778 5332 gra-

2115 5340 2260 5395 tiam
2291 5339 2365 5394 ad
2382 5340 2801 5411 apostolatum.
2826 5344 3003 5415 Atqui
3034 5346 3403 5417 apostolatus
3425 5350 3554 5420 ejus
3586 5348 3738 5421 Spiri
3757 5379 3777 5390 -

2115 5436 2212 5486 tus
2243 5429 2433 5485 sancti
2466 5435 2575 5499 est,
2611 5430 2766 5487 sicut
2792 5432 2857 5487 in
2894 5433 3053 5491 Actis
3099 5435 3387 5493 habetur:
3430 5438 3534 5494 sed
3567 5439 3769 5494 omnia

2116 5523 2336 5576 sancta
2361 5516 2666 5575 Trinitatis
2698 5537 2880 5594 Opera
2900 5525 3064 5579 novit
3080 5540 3211 5581 esse
3232 5528 3593 5583 communia.
3629 5550 3658 5579 ‹‹
3681 5526 3769 5582 Ad

2115 5605 2520 5665 obediendum
2539 5608 2699 5666 ﬁdei.
2721 5630 2743 5663 ι
2767 5612 2968 5686 Neque
2981 5614 3143 5671 enim
3154 5620 3389 5688 oportet
3402 5616 3775 5689 Deigenera-

2113 5698 2345 5759 tionem
2377 5696 2472 5756 vel
2503 5698 2900 5761 substantiam
2931 5704 3169 5762 curiose
3210 5704 3484 5773 scrutari,
3517 5702 3620 5759 sed
3653 5707 3779 5757 tan-
