4112 6454
339 336 456 398 327

1463 326 1892 391 OECUMENII
1935 319 2245 383 TRlCC/E
2289 319 2643 381 EPISCOPI

3638 324 3778 384 328

343 476 470 526 tum
502 466 763 524 obedire.
796 487 826 516 «
859 466 971 520 Per
1000 479 1209 519 omnes
1223 466 1453 536 gentes.
1488 484 1517 513 ››
1549 464 1695 518 Nam
1726 458 1836 515 etsi
1868 458 1995 528 ipse

2123 451 2205 526 (ἂρ
2243 449 2334 505 καὶ
2369 451 2447 524 μὴ
2479 450 2643 513 αὐτὸς
2673 450 2846 508 πάντα
2887 448 3209 527 περιῆλθεν,
3264 450 3409 508 ἀλλὰ
3462 450 3555 508 καὶ
3609 451 3756 510 οὕτω

351 577 471 616 non
483 558 676 613 omnis
694 554 1016 622 circuierit,
1036 554 1435 609 nihilominus
1451 552 1738 608 omnibus
1760 562 1999 604 annun-

347 652 556 704 tiatum
578 651 667 702 est
699 645 1098 718 Evangelium,
1134 661 1239 716 per
1269 650 1519 700 caeteros
1550 640 1832 696 videlicet
1863 653 1999 708 apo-

344 738 546 793 stolos.
581 758 609 786 «
644 736 831 807 Super
871 734 1115 789 nomine
1148 734 1297 806 ejus.
1335 756 1363 783 »
1395 732 1566 788 Fides
1598 731 1757 786 enim
1791 729 1853 783 in
1884 742 1999 781 no-

347 844 484 883 men
508 827 637 897 ejus
655 825 786 880 fuit.
809 826 953 880 Nam
976 824 1172 895 ipsum
1195 828 1401 896 gentes
1424 838 1546 877 non
1574 820 1870 883 viderunt,
1898 814 2002 871 sed

348 917 475 972 solo
508 918 640 988 ejus
688 915 932 970 nomine
984 913 1280 986 divulgato
1325 911 1729 968 crediderunt.
1764 910 1832 963 Et
1862 921 1998 961 vere

349 1006 540 1080 gratia
572 1005 753 1078 plena
782 1010 910 1060 erat
938 1003 1265 1076 apostolica
1292 1001 1518 1057 functio
1550 998 2001 1071 discipulorum,

355 1097 499 1168 quia
565 1100 993 1167 persuaserunt
1070 1093 1366 1166 gentibus,
1433 1096 1501 1147 ut
1567 1089 1881 1145 obedirent
1935 1101 2004 1141 ac

357 1186 674 1242 crederent
745 1184 809 1239 in
858 1184 1179 1250 Christum,
1240 1182 1419 1254 idque
1476 1197 1612 1237 cum
1678 1180 2006 1251 piscatores

357 1282 559 1333 essent
612 1291 681 1330 ac
725 1274 1059 1329 litterarum
1109 1272 1323 1345 ignari.
1373 1273 1596 1327 «Inter
1640 1285 1789 1341 quas
1836 1267 2000 1323 estis.

358 1372 417 1422 et
444 1383 563 1421 vos.
598 1386 626 1415 ι)
662 1365 780 1418 Hoc
807 1368 917 1432 est,
949 1379 1086 1418 cum
1119 1361 1335 1433 quibus
1384 1360 1661 1434 gentibus
1695 1364 1753 1414 et
1781 1374 1882 1413 vos
1911 1373 2006 1412 vo-

358 1457 473 1512 cati
506 1454 668 1510 estis.
698 1455 897 1524 Neque
931 1453 1090 1507 enim
1115 1469 1147 1505 a
1176 1451 1341 1507 vobis
1362 1452 1507 1522 ipsis
1538 1449 1802 1506 venistis.
1835 1450 2005 1503 Com-

355 1545 563 1618 primit
593 1544 747 1600 204
779 1548 976 1598 autem
1010 1542 1229 1596 fastum
1258 1541 1522 1608 illorum,
1556 1557 1625 1596 ac
1668 1539 1716 1595 si
1743 1538 2002 1594 diceret:

357 1638 439 1692 Ne
470 1634 691 1707 putetis
721 1632 947 1703 regiam
980 1648 1047 1687 ac
1076 1630 1506 1686 dominandum
1550 1630 1847 1686 civitatem
1876 1643 2006 1683 am-

359 1724 517 1797 plius
549 1723 858 1795 quidpiam
888 1722 999 1777 hac
1031 1721 1092 1775 in
1122 1738 1185 1776 re
1212 1720 1430 1777 habere
1462 1737 1583 1792 prae
1614 1718 1867 1783 cmteris,
1903 1715 2007 1772 sed

2108 541 2301 602 πάντες
2336 538 2804 618 εὖηγγελίσθησαν
2866 538 2955 596 διὰ
3006 546 3114 597 τῶν
3157 541 3370 598 λοιπῶν
3402 541 3752 601 ἀποστόλων.

2115 654 2143 687 α
2172 634 2331 704 Ὑπὲρ
2369 635 2466 687 τοῦ
2508 631 2777 705 ὀνόματος
2835 632 3022 690 αὐτοῦ.
3089 657 3117 685 ››
3174 635 3239 691 Ἠ
3284 633 3384 711 γὰρ
3443 633 3623 697 πίστις
3682 633 3762 697 εἰς

2109 721 2171 777 τὸ
2199 720 2372 795 ὄνομα
2411 723 2579 778 αὐτοῦ
2644 724 2886 800 γέγονεν.
2949 724 3118 781 Αὐτὸν
3166 725 3267 800 γὲρ
3323 726 3390 779 τὰ
3445 721 3572 794 ἔθνη
3661 725 3767 780 οὐκ

2110 810 2388 880 ἐθεάσατο,
2435 811 2584 869 ἀλλᾶ
2637 815 2804 886 μόνου
2861 813 3268 891 κηρυττομένου
3325 819 3422 871 τοῦ
3481 815 3772 889 ὀνόματος,

2111 901 2310 958 ἐκεῖνοι
2365 902 2667 959 ἐπίστευον.
2726 904 2936 967 Ὄντως
2998 902 3223 976 πλήρης
3309 905 3376 974 ἦν
3433 906 3666 985 χάριτος
3724 908 3761 975 ἡ

2112 991 2397 1061 ἀποστολὴ
2419 997 2527 1049 τῶν
2574 998 2853 1067 μαθητῶν,
2913 995 2997 1050 ὅτι
3056 987 3269 1050 ἔπεισαν
3327 998 3630 1050 ὑπακοῦσαι
3679 992 3779 1051 καὶ

2111 1088 2392 1139 πιστεῦσαι
2421 1086 2488 1139 τὰ
2518 1080 2646 1155 ἔθνη
2693 1088 2772 1157 τῷ
2819 1087 3066 1160 Χριστῷ,
3118 1086 3208 1141 καὶ
3266 1089 3436 1142 ταῦτα
3493 1085 3777 1159 ἄνθρωποι

2112 1172 2287 1236 ἁλιεῖς
2320 1172 2409 1228 καὶ
2441 1172 2820 1248 ἀγράμματοι,
2861 1197 2888 1229 ι
2938 1176 3023 1231 Ἑν
3074 1176 3161 1238 οἷς
3213 1174 3330 1231 ἐστε
3381 1175 3473 1231 καὶ
3535 1176 3709 1249 ὑμεῖς.
3746 1200 3780 1229 ››

2110 1264 2366 1319 Τουτὲστι
2400 1265 2517 1337 μεθ’
2549 1263 2622 1318 ὧν
2653 1262 2817 1319 ἐθνῶν
2845 1263 2936 1320 καὶ
2969 1264 3126 1338 ὑμεῖς
3185 1264 3480 1337 ἐκλήθητε·
3558 1265 3636 1323 Οὐ
3668 1265 3779 1342 γὰρ

2114 1353 2437 1431 ἀφ’ἒαυτῶν
2488 1353 2670 1423 ἥκετε.
2731 1352 3102 1411 Καταστὲλλει
3162 1352 3219 1410 δὲ
3278 1355 3458 1411 αὐτῶν
3517 1356 3579 1411 τὸ
3638 1357 3777 1433 φρό-

2110 1464 2286 1515 νημα,
2330 1442 2456 1497 ῶσεί
2513 1439 2717 1519 ἔλεγεν·
2779 1444 2874 1514 Μή
2929 1442 3216 1518 νομίσητε,
3274 1444 3348 1507 ὡς
3410 1444 3783 1520 βασιλεύουσα

2113 1531 2301 1603 πόλις,
2324 1530 2492 1588 πλέον
2547 1553 2601 1588 τι
2652 1537 2761 1588 τῶν
2821 1530 3010 1590 ἄλλων
3068 1528 3237 1609 ἔχειν,
3296 1532 3444 1590 ἀλλὰ
3478 1535 3615 1608 μετὰ
3670 1539 3786 1592 τῶν

2117 1623 2329 1680 λοιπῶν
2367 1622 2535 1688 ἐθνῶν
2568 1621 2863 1696 ἐκλήθητε.
2894 1648 2924 1677 ‹‹
2968 1627 3105 1681 Ηᾶσι
3162 1630 3282 1688 τοῖς
3343 1625 3493 1680 οῦσιν
3550 1623 3601 1679 ἐν
3633 1625 3780 1684 Ῥώ-

2120 1736 2194 1790 μῃ
2227 1714 2536 1791 ἀγαπητοῖς
2567 1719 2723 1770 Θεοῦ.
2756 1738 2783 1762 η
2817 1716 2895 1774 Οὐ
2927 1715 3032 1792 γάρ
3089 1716 3201 1772 ἐστι
3251 1717 3380 1792 παρ’
3440 1719 3590 1789 αὐτῷ
3647 1714 3783 1772 δια-

357 1830 491 1869 cum
526 1812 773 1884 reliquis
804 1810 1078 1884 gentibus
1108 1811 1299 1866 vocati
1333 1810 1496 1865 estis.
1531 1831 1559 1860 «
1585 1807 1873 1863 Omnibus
1904 1805 2005 1878 qui

2123 1802 2291 1874 στολὴ
2323 1803 2595 1861 πλουσίου
2626 1804 2715 1861 καὶ
2745 1804 3003 1874 πένητος.
3034 1806 3168 1865 Εἶτα
3199 1803 3387 1877 ἐπειδὴ
3423 1807 3562 1863 εἶπε.
3596 1830 3625 1859 ‹‹
3664 1808 3790 1865 Πᾶ-

359 1904 503 1959 estis
528 1905 748 1967 Romae,
785 1900 1022 1956 dilectis
1044 1900 1169 1955 Dei.
1195 1925 1215 1952 υ
1252 1898 1557 1971 Siquidem
1590 1915 1713 1954 non
1743 1902 1832 1953 est
1853 1894 2011 1968 apud

364 1993 548 2047 Deum
569 1992 847 2046 discretio
868 1991 1064 2045 divitis
1095 2006 1130 2045 a
1146 2006 1426 2061 paupere.
1449 1987 1673 2044 Deinde
1694 1992 2013 2059 postquam

364 2079 531 2147 dixit,
572 2099 590 2126 ι
626 2079 935 2144 Omnibus,
973 2101 992 2126 α
1030 2095 1105 2132 ne
1137 2077 1377 2132 dicant:
1411 2075 1559 2142 Quid
1591 2074 1776 2148 ergo?
1805 2089 2014 2129 omnes

372 2168 587 2239 aequali
620 2167 799 2223 habet
817 2168 876 2222 in
902 2167 1147 2231 honore,
1172 2165 1360 2221 bonos
1388 2182 1453 2219 ac
1479 2164 1688 2233 malos,
1710 2162 1917 2218 ﬁdeles
1947 2178 2014 2217 ac

361 2257 638 2313 inﬁdeles
653 2257 680 2311 ?
693 2257 1018 2328 subjunxit,
1042 2279 1069 2305 «
1092 2256 1328 2311 Vocatis
1344 2255 1583 2310 sanctis.
1605 2276 1630 2305 ››
1648 2254 1792 2308 Nam
1806 2267 2016 2307 omnes

366 2347 554 2402 sancti
584 2346 797 2416 aequali
822 2351 961 2399 sunt
984 2346 1044 2399 in
1068 2345 1294 2399 honore
1321 2344 1478 2415 apud
1502 2343 1695 2403 illum.
1728 2358 1836 2397 nec
1860 2342 2017 2396 inter

363 2437 526 2507 ipsos
558 2442 646 2490 est
679 2435 1006 2489 distinctio.
1040 2434 1303 2489 Primum
1324 2440 1521 2489 autem
1546 2458 1571 2482 α
1595 2432 1836 2487 Dilectis
1864 2431 1967 2486 Dei
1988 2451 2014 2479 ››

371 2525 591 2596 posuit.
610 2523 823 2579 deinde
849 2547 874 2573 ‹‹
893 2523 1124 2578 Vocatis
1147 2524 1369 2578 sanctis
1394 2539 1407 2578 :
1446 2544 1471 2571 ››
1487 2521 1674 2588 Unde,
1691 2520 1906 2591 inquit,
1924 2536 2020 2574 vo-

371 2615 484 2669 cati
517 2614 660 2669 estis
682 2613 708 2667 ?
761 2630 829 2668 ex
878 2612 1094 2682 quibus
1141 2611 1446 2667 laboribus
1467 2610 1494 2665 ‘2
1524 2627 1631 2682 per
1676 2627 1807 2680 qum
1839 2625 2014 2680 egre-

361 2705 456 2775 gia
484 2703 793 2759 facinora?
838 2701 996 2757 unde
1038 2702 1228 2757 sancti
1274 2701 1416 2755 estis
1448 2699 1476 2754 ‘I
1523 2701 1744 2770 Nempe
1789 2715 1856 2753 ex
1891 2696 2019 2753 sola

367 2793 472 2849 Dei
505 2793 824 2849 dilectione
871 2808 1052 2847 :cum
1102 2791 1264 2847 enim
1313 2789 1496 2862 gratis
1549 2787 1856 2844 dilexisset
1884 2803 2016 2853 nos,

366 2900 658 2955 suumque
691 2882 1043 2956 sanguinem
1076 2898 1182 2953 pro
1213 2880 1385 2935 nobis
1416 2878 1778 2942 fudisset,ad
1796 2877 2018 2933 sancti-

366 2974 707 3029 ﬁcationem
726 2990 836 3027 nos
856 2971 1098 3035 vocavit,
1125 2971 1367 3040 suisque
1390 2969 1556 3041 regni
1577 2967 2019 3023 hmreditariam

361 3062 836 3136 possessionem?
858 3060 1115 3131 Ideoque
1134 3059 1358 3131 ubique
1376 3059 1643 3114 locorum
1669 3081 1695 3108 «ι
1731 3058 1965 3113 Vocatis
1988 3078 2017 3107 »

361 3153 523 3223 dicit,
554 3152 830 3208 beneﬁcii
863 3150 965 3206 Dei
1000 3150 1257 3205 reddens
1277 3166 1386 3204 nos
1415 3164 1731 3203 memores.
1756 3170 1783 3197 α
1819 3147 2017 3203 Gratia

360 3243 545 3300 vobis.
617 3244 863 3297 «Nemo
934 3241 1093 3295 enim
1139 3257 1210 3295 ex
1276 3239 1555 3311 operibus
1622 3238 1817 3294 salvus
1885 3237 2013 3292 ﬁeri

362 3338 576 3406 potest,
645 3332 859 3403 inquit.
930 3333 1026 3384 «Α
1092 3331 1211 3384 Deo
1270 3331 1462 3385 Patre.
1532 3349 1560 3377 ››
1620 3329 1765 3383 Nam
1827 3327 2015 3398 gratia

2123 1915 2230 1966 σιν,
2262 1920 2281 1945 ι
2307 1893 2394 1948 ἳνα
2428 1895 2503 1967 μὴ
2538 1891 2753 1952 εἴπωσι.
2785 1895 2846 1949 Τί
2878 1895 2969 1951 οῦν
3006 1915 3022 1966 ;
3053 1896 3252 1960 πάντας
3293 1895 3600 1970 ὁμοτίμους
3636 1898 3783 1972 ἡγῇ,

2124 1983 2212 2040 καὶ
2244 1984 2474 2061 ἀγαθοὺς
2504 1984 2593 2040 καὶ
2625 1985 2893 2062 φαύλους,
2923 1985 3014 2043 καὶ
3060 1986 3289 2050 πιστοὺς
3348 1987 3440 2043 καὶ
3472 1986 3737 2052 ἀπίστους
3767 2004 3788 2056 ;

2123 2073 2442 2148 ἐπισυνῆψεο
2475 2098 2503 2127 ‹‹
2542 2072 2788 2144 Κλητοῖς
2850 2075 3047 2152 ἁγίοις.
3080 2102 3108 2130 ››
3170 2077 3437 2139 ’Λπαντες
3467 2078 3572 2153 γὰρ
3632 2075 3789 2150 αὐτῷ

2125 2164 2177 2219 οἱ
2207 2164 2354 2239 ἅγιοι
2387 2163 2675 2237 ὁμότιμοι,
2709 2164 2803 2219 καὶ
2837 2161 3102 2234 διαστολή
3135 2165 3237 2221 οὐκ
3283 2161 3425 2222 ἔστιν
3460 2166 3514 2221 ἐν
3567 2165 3785 2229 αὐτοῖς,

2125 2257 2348 2324 Πρῶτον
2390 2248 2448 2308 δὲ
2478 2253 2561 2322 τὸ,
2597 2278 2623 2304 (ι
2658 2253 2996 2329 ’Λγαπητοῖς
3053 2258 3209 2326 Θεοῦ,
3269 2279 3295 2307 (ί
3354 2254 3605 2319 τέθεικεν,
3665 2254 3787 2311 εἶτα

2124 2342 2208 2410 τὸ,
2257 2365 2281 2393 ι
2314 2338 2562 2412 Κλητοῖς
2594 2342 2798 2419 ἁγίοις.
2837 2366 2864 2394 ››
2900 2344 3067 2398 Πόθεν
3120 2342 3413 2414 ἐκλήθητε,
3447 2343 3608 2414 φησίν
3644 2363 3659 2412 ;
3725 2342 3789 2399 ἐκ

2126 2432 2297 2487 ποίων
2328 2433 2507 2488 πόνων
2543 2451 2557 2502 ;
2607 2432 2667 2487 ἒκ
2723 2432 2895 2488 ποίων
2954 2434 3402 2509 κατορθωμάτων
3435 2434 3637 2503 ;πόθεν
3668 2432 3791 2489 ἐστὶ

2127 2521 2302 2595 ἅγιοι,
2345 2520 2473 2577 ἀλλ’
2504 2520 2540 2591 ἤ
2568 2542 2628 2577 εκ
2674 2522 2849 2595 {sine
2882 2529 2983 2592 τῆς
3014 2523 3227 2598 ἀγάπης
3261 2527 3395 2578 Θεοῦ
3426 2541 3440 2592 ;
3474 2523 3651 2586 Αὐτὸς
3681 2525 3788 2600 γὰρ

2130 2608 2335 2687 δωρεὰν
2368 2611 2654 2686 ἀγαπήσας
2713 2614 2882 2685 ἡμᾶς,
2942 2612 3033 2667 καὶ
3092 2613 3155 2668 τὸ
3210 2613 3352 2688 αἷμα
3431 2613 3596 2668 αὐτοῦ
3647 2613 3783 2688 ὖπὶρ

2127 2702 2289 2773 ἡμῶν
2313 2699 2528 2779 ἐκχέας,
2563 2700 2811 2757 ἐκάλεσεν
2838 2704 2986 2775 ἡμᾶς
3019 2701 3097 2765 εἰς
3132 2703 3401 2779 ἁγιασμὸν
3460 2703 3551 2757 καὶ
3626 2700 3783 2774 κλη-

2129 2786 2393 2863 ρονομίαν
2426 2791 2527 2853 τῆς
2588 2785 2869 2863 βασιλείας
2928 2788 3112 2845 αὐτοῦ.
3172 2790 3267 2845 Διὸ
3324 2791 3416 2846 καὶ
3474 2795 3779 2868 πανταχοῦ,

2130 2901 2158 2929 ‹‹
2193 2874 2463 2948 Κλητοῖς,
2500 2876 2766 2953 ι’λέγων,
2798 2886 2898 2948 τῆς
2956 2884 3053 2935 τοῦ
3087 2884 3224 2935 Θεοῦ
3284 2883 3431 2954 ἡμᾶς
3481 2878 3780 2956 εὐεργεσίας

2130 2965 2546 3041 ἀναμιμνήσκει.
2575 2993 2603 3021 ‹(
2638 2968 2806 3045 Χάρις
2840 2970 2986 3044 ὑμῖν.
3023 2995 3047 3022 ›;
3082 2967 3274 3032 Οὐδεὶς
3328 2971 3455 3049 γὰρ,
3487 2968 3669 3048 φησὶν,
3725 2966 3778 3038 ἒξ

2129 3054 2300 3133 ἔργων
2335 3055 2552 3113 δύναται
2585 3065 2847 3127 σωθῆναι.
2906 3084 2933 3112 ‹‹
2994 3060 3130 3117 Ἀπὸ
3199 3064 3333 3116 Θεοῦ
3392 3060 3624 3132 Πατρός.
3660 3085 3682 3113 ι
3715 3058 3787 3117 ἹΙ

2128 3147 2233 3222 γὰρ
2273 3146 2380 3202 ἀπὸ
2438 3151 2572 3204 Θεοῦ
2631 3148 2795 3223 χάρις
2847 3148 2938 3203 καὶ
2997 3147 3185 3224 εἰρήνη
3226 3151 3289 3205 τὸ
3361 3145 3580 3225 βέϐαιον
3641 3142 3790 3228 ἔχει.

2124 3235 2195 3292 Τὸ
2256 3232 2332 3305 δὲ,
2394 3260 2419 3289 (ι
2455 3237 2595 3295 Ἀπὸ
2656 3236 2883 3313 Πατρὸς,
2920 3260 2947 3290 ››
3028 3239 3126 3309 τὴν
3187 3239 3459 3304 υἱοθεσίαν
3518 3234 3794 3293 ἐνδείκνυ-

2123 3346 2233 3383 ται.

360 3430 419 3479 et
484 3439 598 3494 pax
666 3438 796 3491 qua:
866 3436 901 3474 a
966 3419 1082 3474 Deo
1153 3423 1243 3473 est
1316 3417 1703 3473 stabilitatem
1769 3416 1966 3471 habet.
2035 3416 2201 3482 Quod
2251 3423 2451 3473 autem
2519 3417 2758 3474 additur
2822 3441 2850 3469 «
2904 3422 3097 3489 Patre,
3149 3442 3176 3471 »
3234 3420 3618 3494 adoptionem
3682 3420 3788 3478 de-

362 3516 682 3568 monstrat.

434 3603 480 3669 l,
532 3602 685 3656 8-10.
742 3602 990 3655 Primum
1053 3597 1275 3669 quidem
1318 3600 1533 3667 gratias
1573 3613 1680 3666 ago
1719 3598 1831 3651 Deo
1875 3613 2011 3665 meo,

353 3708 462 3764 per
508 3692 696 3746 Iesum
740 3690 1018 3746 Christum
1057 3705 1165 3759 pro
1206 3688 1355 3742 vobis
1395 3688 1665 3759 omnibus,
1716 3689 1849 3757 quia
1882 3687 2015 3756 ﬁdes

360 3788 547 3837 vestra
578 3779 949 3836 annuntiatur
978 3781 1037 3833 in
1076 3781 1335 3833 universo
1382 3778 1606 3832 mundo.
1668 3778 1837 3832 Testis
1868 3778 2013 3832 enim

357 3873 501 3927 mihi
531 3878 609 3927 est
638 3872 799 3939 Deus,
834 3887 993 3941 quem
1016 3869 1136 3925 colo
1167 3869 1225 3923 in
1254 3870 1457 3938 spiritu
1497 3883 1637 3932 meo,
1674 3869 1733 3921 in
1760 3869 2010 3937 Evange-

358 3963 434 4017 lio
466 3961 600 4016 Filii
630 3961 770 4031 ejus,
802 3959 951 4030 quod
980 3960 1353 4014 indesinenter
1380 3958 1715 4011 mentionem
1745 3958 1910 4010 vestri
1927 3956 2014 4023 fa-

360 4054 544 4108 ciam:
595 4066 807 4121 semper
844 4051 903 4103 in
936 4049 1195 4120 precibus
1241 4049 1374 4101 meis
1424 4062 1588 4100 omns
1625 4047 1675 4099 si
1707 4061 1814 4115 quo
1852 4044 2011 4100 modo

350 4142 483 4211 jam
516 4139 733 4194 tandem
760 4155 1085 4209 prosperum
1114 4136 1259 4191 mihi
1271 4137 1556 4204 contingat
1574 4135 1679 4188 iter
1687 4150 1793 4203 per
1810 4133 2010 4187 volun-

367 4236 535 4285 tatem
556 4230 657 4284 Dei
684 4229 940 4284 veniendi
966 4228 1040 4283 ad
1066 4243 1179 4282 vos.

432 4406 706 4480 Oportuit
739 4406 958 4461 enima
998 4404 1324 4478 gratiarum
1374 4403 1607 4459 actione
1656 4401 2010 4474 prooemium

365 4512 694 4563 assumere,
725 4501 782 4550 et
812 4494 1031 4567 gratias
1062 4510 1256 4566 agere,
1293 4510 1415 4548 non
1447 4509 1553 4564 pro
1599 4492 1722 4547 suis
1782 4497 2010 4548 tantum

359 4586 699 4650 virtutibus,
732 4601 934 4640 verum
970 4584 1150 4639 etiam
1180 4600 1286 4655 pro
1314 4583 1406 4637 his
1445 4599 1575 4653 quae
1603 4581 2010 4654 proximorum

2196 3600 2418 3668 Πρῶτον
2480 3596 2575 3670 μὲν
2637 3595 2947 3672 εὖχαριστῶ
2999 3603 3078 3671 τῷ
3134 3603 3250 3672 Θεῷ
3309 3620 3413 3672 μου
3473 3596 3563 3655 διὰ
3602 3600 3789 3670 Ἰησοῦ

2123 3692 2365 3761 Χριστοῦ
2421 3687 2551 3761 ὑπὲρ
2608 3687 2825 3742 πάντων
2886 3687 3060 3761 ὑμῶν,
3121 3690 3205 3745 δτι
3287 3691 3321 3757 ἡ
3382 3690 3568 3753 πίστις
3630 3690 3787 3764 ὑμῶν

2119 3774 2554 3853 καταγγέλλεται
2615 3774 2668 3831 ἐν
2757 3774 2876 3850 ὅλῳ
2955 3782 3035 3851 τῷ
3118 3779 3332 3852 κόσμῳ.
3396 3777 3614 3855 Μάρτυς
3676 3779 3783 3856 γάρ

2123 3866 2229 3939 μού
2287 3863 2430 3920 ἐστιν
2489 3864 2517 3919 6
2575 3865 2731 3932 Θεὸς,
2806 3865 2851 3937 ᾧ
2938 3863 3188 3942 λατρεύω
3271 3866 3322 3922 ἐν
3376 3871 3455 3939 τῷ
3514 3867 3786 3940 πνεύματί

2124 3976 2252 4028 μου,
2299 3954 2350 4009 ἐν
2406 3958 2485 4027 τῷ
2514 3952 2845 4029 Εὐαγγελίῳ
2905 3959 3002 4010 τοῦ
3054 3957 3183 4011 Υἱοῦ
3236 3957 3429 4027 αὐτοῦ,
3490 3957 3565 4019 ὼς
3624 3955 3785 4012 ἀδια-

2122 4042 2360 4105 λείπτως
2419 4044 2600 4117 μνείαν
2664 4044 2817 4117 ὑμῶν
2887 4050 3177 4119 ποιοῦμαι·
3235 4045 3467 4103 πάντοτε
3531 4044 3617 4101 ἐπὶ
3666 4050 3777 4101 τῶν

2121 4138 2446 4209 προσευχῶν
2498 4156 2606 4207 μου
2666 4130 2923 4206 δεόμενος
2982 4134 3149 4197 εἷ’πως
3203 4131 3311 4206 ἤδη
3363 4137 3497 4192 ποτε
3571 4132 3778 4191 εὐοδω-

2123 4224 2366 4297 θήσομαι
2425 4221 2479 4278 ἐν
2562 4227 2641 4296 τῷ
2726 4224 2999 4297 θελήματι
3055 4228 3154 4281 τοῦ
3211 4228 3347 4281 Θεοῦ
3401 4223 3580 4290 ἐλθεῖν
3638 4225 3779 4301 πρὸς

2125 4315 2283 4388 ὑμᾶς.

2189 4400 2334 4460 Ἐδει
2384 4404 2487 4480 γὰρ
2573 4403 2622 4475 ἐξ
2703 4402 3054 4481 εὐχαριστίας
3136 4407 3627 4481 προοιμιάσασθαι,
3685 4407 3784 4462 εὗ-

2124 4498 2406 4571 χαριστεῖν
2441 4489 2518 4561 δὲ,
2561 4493 2623 4549 οὐ
2685 4493 2849 4567 μόνον
2885 4496 3017 4571 ὑπὲρ
3048 4499 3155 4551 τῶν
3193 4492 3344 4551 ἰδίων
3406 4496 3785 4571 κατορθωμά-

2119 4605 2252 4655 των,
2287 4580 2551 4639 ἀλλὰκαὶ
2611 4583 2742 4659 ὑπὲρ
2800 4588 2908 4639 τῶν
2968 4589 3066 4640 τοῦ
3122 4584 3383 4656 πλησίον.
3446 4589 3618 4641 Τοῦτο
3678 4585 3784 4661 γὰρ

360 4680 537 4732 sunt:
572 4692 710 4731 nam
742 4674 802 4728 id
836 4673 1142 4729 charitatis
1175 4677 1284 4727 est.
1303 4673 1464 4728 «Deo
1488 4688 1641 4726 meo.
1681 4692 1702 4721 ι
1732 4671 2007 4727 Dilectio-

2125 4672 2362 4748 ἀγάπης.
2400 4676 2547 4745 «Τῷ
2603 4677 2719 4746 Θεῷ
2782 4695 2907 4747 μου.
2968 4696 2995 4729 n
3058 4676 3306 4750 Ἀγάπης
3357 4680 3609 4748 σημεῖον.
3671 4674 3781 4732 Τὸν

362 4766 460 4821 nis
493 4770 551 4820 et
580 4764 802 4820 amoris
833 4762 1126 4818 indicium
1159 4766 1287 4828 est,
1322 4777 1460 4816 nam
1493 4776 1629 4815 eum
1656 4759 1756 4831 qui
1773 4766 2014 4815 cuncto-

366 4871 502 4910 rum
536 4861 722 4910 Deum
754 4858 844 4908 est
875 4852 985 4908 sibi
1014 4850 1321 4924 proprium
1342 4849 1505 4905 facit.
1540 4879 1565 4902 ιι
1596 4851 1706 4904 Per
1733 4850 1954 4905 Jesum.
1981 4870 2008 4899 »

364 4944 495 5014 Ipse
527 4943 768 5012 quidem
800 4942 974 4997 nobis
1023 4957 1203 4997 causa
1252 4946 1342 4994 est
1385 4939 1708 5012 gratiarum
1758 4937 2012 4994 actionis

365 5048 502 5105 erga
532 5033 802 5086 Patrem:
836 5031 935 5102 qui
971 5036 1029 5086 et
1078 5047 1188 5085 nos
1237 5030 1563 5101 assumpsit
1611 5034 1668 5084 et
1717 5044 1823 5084 suo
1872 5044 2009 5084 san-

363 5121 543 5195 gnine
573 5136 683 5176 nos
710 5120 799 5175 illi
830 5120 1255 5176 reconciliavit.
1290 5142 1317 5168 ι(
1351 5119 1499 5184 Quia
1535 5117 1684 5173 ﬁdes
1730 5124 1946 5173 vestra.
1981 5140 2010 5169 ››

359 5210 695 5265 Verisimile
720 5209 879 5264 enim
908 5214 1031 5265 errt
1061 5208 1216 5281 apud
1231 5223 1439 5262 omnes
1471 5206 1693 5278 passim
1726 5205 2012 5280 divulgari

358 5298 539 5355 ﬁdem
559 5302 984 5356 Romanorum.
1012 5319 1036 5349 ι
1059 5298 1246 5354 Testis
1270 5297 1450 5353 enim.
1473 5319 1499 5347 ››
1522 5296 1732 5351 Merito
1752 5298 1931 5353 Deum
1949 5298 2012 5353 in

358 5394 572 5445 testem
605 5389 870 5457 adducit,
905 5405 1040 5443 cum
1071 5386 1430 5461 persuadere
1462 5385 1640 5440 vellet
1668 5386 2010 5443 hominibus

358 5478 576 5550 quibus
620 5479 865 5535 difﬁcile
919 5484 1074 5534 esset
1124 5478 1273 5534 205
1327 5474 1707 5548 persuadere.
1760 5493 1786 5523 (ι
1825 5478 2009 5543 Quem

362 5568 513 5626 colo.
548 5591 577 5619 »
607 5570 727 5625 Hoc
758 5574 869 5637 est,
903 5567 997 5624 cui
1029 5566 1239 5623 servio.
1268 5565 1463 5622 Multae
1496 5570 1637 5621 sunt
1665 5570 1863 5623 autem
1885 5567 2007 5624 cul-

357 5664 454 5718 tus
484 5658 735 5733 species.
770 5656 1077 5733 Siquidem
1101 5663 1158 5716 et
1187 5657 1285 5732 qui
1310 5660 1609 5731 precatur,
1636 5660 1696 5712 et
1724 5655 1827 5729 qui
1849 5657 2010 5731 jeju-

2119 4765 2222 4840 γάρ
2256 4762 2509 4818 ἁπάντων
2538 4762 2665 4819 Θεὸν
2725 4760 3098 4821 ἰδιοπυιεῖται.
3138 4785 3161 4815 ι
3204 4767 3304 4820 Διά
3341 4766 3548 4836 Ἰησοῦ.
3586 4787 3612 4817 »
3669 4763 3784 4819 Αὖ-

2122 4853 2214 4915 τὸς
2249 4853 2352 4930 γὰρ
2384 4855 2520 4927 ἡμῖν
2552 4850 2728 4914 αἶ’τιος
2759 4860 2861 4924 τῆς
2894 4852 2970 4919 εἰς
2998 4853 3090 4909 τὸν
3149 4850 3360 4931 Πατέρα
3408 4852 3783 4929 εὐχαριστίας,

2124 4943 2152 4996 6
2183 4942 2274 4996 καὶ
2304 4936 2759 5017 προσλαϐόμενος
2791 4944 2963 5015 ἡμᾶς,
2996 4943 3086 4998 καὶ
3116 4946 3196 5015 τῷ
3259 4941 3384 5016 ἰδίῳ
3414 4941 3608 5018 αἶ’μ-κτι
3642 4942 3784 5017 πρὸς

2123 5030 2296 5087 ἐκεῖνο
2327 5029 2692 5102 καταλλάξας.
2728 5056 2757 5086 ‹‹
2796 5033 2915 5088 Ὃτι
2943 5035 2978 5103 ἡ
3010 5030 3193 5095 πίστις
3231 5032 3408 5106 ὑμῶν.
3444 5057 3473 5086 ››
3530 5035 3643 5103 Τὴν
3675 5031 3782 5108 γὰρ

2122 5125 2229 5177 τῶν
2284 5121 2578 5195 Ῥωμαίων
2638 5122 2817 5177 πίστιν
2879 5122 2980 5178 οὐκ
3061 5122 3285 5185 ἀπεικὸς
3343 5121 3411 5192 ἧν
3495 5121 3783 5185 Λαλεῖσθαι

2119 5211 2267 5286 παρᾶ
2296 5212 2536 5267 πάντων.
2571 5236 2597 5263 ‹‹
2650 5211 2875 5287 Μάρτυς
2905 5210 3035 5288 γάρ.
3106 5236 3135 5265 ››
3194 5210 3437 5276 Εἰκότως
3494 5212 3587 5267 τὸν
3647 5209 3781 5266 Θεὸν

2121 5298 2235 5376 ἄγει
2270 5303 2540 5378 μάρτυρα,
2574 5301 2893 5376 ἀγνώστους
2948 5302 3264 5377 ἀνθρώπους
3318 5301 3519 5367 πείθειν
3584 5296 3786 5370 βουλό-

2126 5411 2304 5465 μενος.
2339 5417 2365 5442 ιι
2399 5392 2467 5468 ᾯ
2502 5390 2771 5467 λατρεύω.
2808 5416 2836 5443 ››
2894 5392 3059 5459 Οἴον,
3117 5389 3383 5448 δουλεύω.
3430 5390 3624 5448 Πολλά
3676 5389 3782 5466 γὰρ

2122 5477 2240 5550 εἴδη
2276 5479 2548 5556 λατρείας.
2582 5480 2685 5539 Καὶ
2714 5482 2819 5557 γὰρ
2877 5480 2969 5537 καὶ
3023 5483 3051 5536 6
3108 5480 3581 5561 προσευχόμενος,
3630 5479 3720 5537 καὶ
3752 5479 3782 5536 6

2118 5568 2342 5643 νηστείᾳ
2371 5569 2688 5646 χρώμενος,
2718 5570 2810 5628 καὶ
2842 5573 2870 5627 6
2895 5576 3013 5635 τοῖς
3045 5572 3214 5637 θείοις
3247 5569 3436 5650 λόγοις
3464 5569 3782 5650 προσέχων,

2117 5659 2207 5719 καὶ
2240 5660 2425 5736 μιντοι
2456 5660 2549 5719 καὶ
2606 5662 2635 5720 ὁ
2688 5667 2790 5733 τῆς
2841 5666 2950 5720 τῶν
3016 5662 3179 5735 ξίνων
3241 5662 3526 5741 θεραπείας
3566 5654 3785 5738 ’ἰπιμι-
