  <div class='ocr_page' id='page_1' title='image "/cluster/home/n/w/nwhite01/storage/ocr_20150623/118:no.1/coo.31924054870229/174.png"; bbox 0 0 4112 6418; ppageno 0'>
   <div class='ocr_carea' id='block_1_1' title="bbox 281 376 408 439">
    <p class='ocr_par' dir='ltr' id='par_1_1' title="bbox 281 376 408 439">
     <span class='ocr_line' id='line_1_1' title="bbox 281 376 408 439; baseline 0.016 -1"><span class='ocrx_word' id='word_1_1' title='bbox 281 376 408 439; x_wconf 68' lang='lat'>339</span> 
     </span>
    </p>
   </div>
   <div class='ocr_carea' id='block_1_2' title="bbox 1378 374 2595 451">
    <p class='ocr_par' dir='ltr' id='par_1_2' title="bbox 1378 374 2595 451">
     <span class='ocr_line' id='line_1_2' title="bbox 1378 374 2595 451; baseline 0.006 -9"><span class='ocrx_word' id='word_1_2' title='bbox 1378 379 1787 446; x_wconf 79' lang='lat' dir='ltr'>COMMENT.</span> <span class='ocrx_word' id='word_1_3' title='bbox 1833 384 1909 446; x_wconf 85' lang='lat' dir='ltr'>IN</span> <span class='ocrx_word' id='word_1_4' title='bbox 1954 385 2205 450; x_wconf 80' lang='lat' dir='ltr'>EPIST.</span> <span class='ocrx_word' id='word_1_5' title='bbox 2249 388 2356 449; x_wconf 81' lang='lat' dir='ltr'>AD</span> <span class='ocrx_word' id='word_1_6' title='bbox 2387 374 2595 451; x_wconf 70' lang='grc' dir='ltr'>ἨΟΜ.</span> 
     </span>
    </p>
   </div>
   <div class='ocr_carea' id='block_1_3' title="bbox 3601 390 3723 453">
    <p class='ocr_par' dir='ltr' id='par_1_3' title="bbox 3601 390 3723 453">
     <span class='ocr_line' id='line_1_3' title="bbox 3601 390 3723 453; baseline 0.008 -1"><span class='ocrx_word' id='word_1_7' title='bbox 3601 390 3723 453; x_wconf 69' lang='lat'>380</span> 
     </span>
    </p>
   </div>
   <div class='ocr_carea' id='block_1_4' title="bbox 281 509 1933 597">
    <p class='ocr_par' dir='ltr' id='par_1_4' title="bbox 281 509 1933 591">
     <span class='ocr_line' id='line_1_4' title="bbox 281 509 1933 591; baseline 0.004 -24"><span class='ocrx_word' id='word_1_8' title='bbox 281 509 579 585; x_wconf 68' lang='grc' dir='ltr'>λούμενος,</span> <span class='ocrx_word' id='word_1_9' title='bbox 611 515 734 586; x_wconf 75' lang='grc' dir='ltr'>Θεῷ</span> <span class='ocrx_word' id='word_1_10' title='bbox 760 509 1041 588; x_wconf 52' lang='lat' dir='ltr'>Imperiti.</span> <span class='ocrx_word' id='word_1_11' title='bbox 1073 514 1139 571; x_wconf 85' lang='lat'>&#39;0</span> <span class='ocrx_word' id='word_1_12' title='bbox 1191 511 1248 571; x_wconf 71' lang='grc' dir='ltr'>δέ</span> <span class='ocrx_word' id='word_1_13' title='bbox 1302 536 1368 591; x_wconf 86' lang='grc' dir='ltr'>γε</span> <span class='ocrx_word' id='word_1_14' title='bbox 1414 518 1557 579; x_wconf 83' lang='grc' dir='ltr'>θεῖος</span> <span class='ocrx_word' id='word_1_15' title='bbox 1608 516 1933 575; x_wconf 69' lang='grc' dir='ltr'>Ἀπὺστολοι</span> 
     </span>
    </p>
   </div>
   <div class='ocr_carea' id='block_1_5' title="bbox 2046 509 3722 597">
    <p class='ocr_par' dir='ltr' id='par_1_5' title="bbox 2063 522 3722 597">
     <span class='ocr_line' id='line_1_5' title="bbox 2063 522 3722 597; baseline 0.002 -18"><span class='ocrx_word' id='word_1_16' title='bbox 2063 524 2164 580; x_wconf 93' lang='lat' dir='ltr'>nio</span> <span class='ocrx_word' id='word_1_17' title='bbox 2196 540 2414 597; x_wconf 88' lang='lat' dir='ltr'>corpus</span> <span class='ocrx_word' id='word_1_18' title='bbox 2443 523 2675 597; x_wconf 83' lang='lat' dir='ltr'>afﬂigit,</span> <span class='ocrx_word' id='word_1_19' title='bbox 2709 529 2767 579; x_wconf 90' lang='lat' dir='ltr'>et</span> <span class='ocrx_word' id='word_1_20' title='bbox 2795 524 2897 596; x_wconf 88' lang='lat' dir='ltr'>qui</span> <span class='ocrx_word' id='word_1_21' title='bbox 2928 522 3146 581; x_wconf 82' lang='lat' dir='ltr'>divinis</span> <span class='ocrx_word' id='word_1_22' title='bbox 3175 528 3441 581; x_wconf 77' lang='lat' dir='ltr'>mentem</span> <span class='ocrx_word' id='word_1_23' title='bbox 3472 523 3722 583; x_wconf 82' lang='lat' dir='ltr'>adhibet</span> 
     </span>
    </p>
   </div>
   <div class='ocr_carea' id='block_1_6' title="bbox 277 597 1947 685">
    <p class='ocr_par' dir='ltr' id='par_1_6' title="bbox 277 597 1947 685">
     <span class='ocr_line' id='line_1_6' title="bbox 277 597 1947 685; baseline 0.004 -29"><span class='ocrx_word' id='word_1_24' title='bbox 277 598 566 676; x_wconf 70' lang='grc' dir='ltr'>λατρεύειν</span> <span class='ocrx_word' id='word_1_25' title='bbox 596 597 765 678; x_wconf 67' lang='grc' dir='ltr'>ἔφησε</span> <span class='ocrx_word' id='word_1_26' title='bbox 791 606 933 675; x_wconf 81' lang='grc' dir='ltr'>Θεῷ,</span> <span class='ocrx_word' id='word_1_27' title='bbox 991 603 1057 659; x_wconf 88' lang='grc' dir='ltr'>τὸ</span> <span class='ocrx_word' id='word_1_28' title='bbox 1120 609 1217 659; x_wconf 82' lang='grc' dir='ltr'>τοῦ</span> <span class='ocrx_word' id='word_1_29' title='bbox 1273 606 1402 661; x_wconf 77' lang='grc' dir='ltr'>Υἱοῦ</span> <span class='ocrx_word' id='word_1_30' title='bbox 1453 603 1775 685; x_wconf 75' lang='grc' dir='ltr'>προσφέρων</span> <span class='ocrx_word' id='word_1_31' title='bbox 1830 613 1947 669; x_wconf 83' lang='grc' dir='ltr'>τοῖς</span> 
     </span>
    </p>
   </div>
   <div class='ocr_carea' id='block_1_7' title="bbox 276 689 1947 770">
    <p class='ocr_par' dir='ltr' id='par_1_7' title="bbox 276 689 1947 770">
     <span class='ocr_line' id='line_1_7' title="bbox 276 689 1947 770; baseline 0.004 -23"><span class='ocrx_word' id='word_1_32' title='bbox 276 689 484 747; x_wconf 64' lang='grc' dir='ltr'>ἔθνεσιν</span> <span class='ocrx_word' id='word_1_33' title='bbox 517 690 877 770; x_wconf 74' lang='grc' dir='ltr'>Εὐαγγέλιον.</span> <span class='ocrx_word' id='word_1_34' title='bbox 920 692 1029 749; x_wconf 80' lang='grc' dir='ltr'>Καὶ</span> <span class='ocrx_word' id='word_1_35' title='bbox 1080 692 1363 768; x_wconf 78' lang='grc' dir='ltr'>λατρεύειν</span> <span class='ocrx_word' id='word_1_36' title='bbox 1411 694 1465 750; x_wconf 81' lang='grc' dir='ltr'>ἐν</span> <span class='ocrx_word' id='word_1_37' title='bbox 1513 700 1595 768; x_wconf 81' lang='grc' dir='ltr'>τῷ</span> <span class='ocrx_word' id='word_1_38' title='bbox 1654 696 1947 770; x_wconf 72' lang='grc' dir='ltr'>πνεύματι,</span> 
     </span>
    </p>
   </div>
   <div class='ocr_carea' id='block_1_8' title="bbox 270 779 1945 863">
    <p class='ocr_par' dir='ltr' id='par_1_8' title="bbox 270 779 1945 863">
     <span class='ocr_line' id='line_1_8' title="bbox 270 779 1945 863; baseline 0.005 -28"><span class='ocrx_word' id='word_1_39' title='bbox 270 781 563 837; x_wconf 72' lang='grc' dir='ltr'>τουτέστιν</span> <span class='ocrx_word' id='word_1_40' title='bbox 598 780 653 837; x_wconf 80' lang='grc' dir='ltr'>ἒν</span> <span class='ocrx_word' id='word_1_41' title='bbox 683 787 765 856; x_wconf 80' lang='grc' dir='ltr'>τῷ</span> <span class='ocrx_word' id='word_1_42' title='bbox 797 779 1072 857; x_wconf 70' lang='grc' dir='ltr'>διδομένῳ</span> <span class='ocrx_word' id='word_1_43' title='bbox 1111 785 1439 863; x_wconf 82' lang='grc' dir='ltr'>χαρίσματι.</span> <span class='ocrx_word' id='word_1_44' title='bbox 1488 787 1582 851; x_wconf 81' lang='lat' dir='ltr'>&quot;ll,</span> <span class='ocrx_word' id='word_1_45' title='bbox 1616 785 1701 841; x_wconf 82' lang='grc' dir='ltr'>ὅτι</span> <span class='ocrx_word' id='word_1_46' title='bbox 1752 784 1828 843; x_wconf 78' lang='grc' dir='ltr'>Οὐ</span> <span class='ocrx_word' id='word_1_47' title='bbox 1878 791 1945 859; x_wconf 79' lang='grc' dir='ltr'>τῇ</span> 
     </span>
    </p>
   </div>
   <div class='ocr_carea' id='block_1_9' title="bbox 272 869 1944 952">
    <p class='ocr_par' dir='ltr' id='par_1_9' title="bbox 272 869 1944 952">
     <span class='ocr_line' id='line_1_9' title="bbox 272 869 1944 952; baseline 0.004 -26"><span class='ocrx_word' id='word_1_48' title='bbox 272 871 391 945; x_wconf 73' lang='grc' dir='ltr'>ἐμῇ</span> <span class='ocrx_word' id='word_1_49' title='bbox 424 869 643 944; x_wconf 79' lang='grc' dir='ltr'>σπουδῇ</span> <span class='ocrx_word' id='word_1_50' title='bbox 679 873 887 948; x_wconf 78' lang='grc' dir='ltr'>ὑπῆρξέ</span> <span class='ocrx_word' id='word_1_51' title='bbox 919 893 1017 947; x_wconf 88' lang='grc' dir='ltr'>μοι</span> <span class='ocrx_word' id='word_1_52' title='bbox 1043 873 1107 929; x_wconf 83' lang='grc' dir='ltr'>τὸ</span> <span class='ocrx_word' id='word_1_53' title='bbox 1148 872 1428 950; x_wconf 68' lang='grc' dir='ltr'>λατρεύειν</span> <span class='ocrx_word' id='word_1_54' title='bbox 1493 880 1632 948; x_wconf 78' lang='grc' dir='ltr'>Θεῷ,</span> <span class='ocrx_word' id='word_1_55' title='bbox 1698 873 1846 931; x_wconf 81' lang='grc' dir='ltr'>ἀλλὰ</span> <span class='ocrx_word' id='word_1_56' title='bbox 1875 881 1944 952; x_wconf 81' lang='grc' dir='ltr'>τῇ</span> 
     </span>
    </p>
   </div>
   <div class='ocr_carea' id='block_1_10' title="bbox 270 960 1945 1038">
    <p class='ocr_par' dir='ltr' id='par_1_10' title="bbox 270 960 1945 1038">
     <span class='ocr_line' id='line_1_10' title="bbox 270 960 1945 1038; baseline 0.002 -21"><span class='ocrx_word' id='word_1_57' title='bbox 270 965 377 1017; x_wconf 80' lang='grc' dir='ltr'>τοῦ</span> <span class='ocrx_word' id='word_1_58' title='bbox 409 960 731 1035; x_wconf 76' lang='grc' dir='ltr'>Ιινεὺματος</span> <span class='ocrx_word' id='word_1_59' title='bbox 763 964 974 1037; x_wconf 75' lang='grc' dir='ltr'>χάριτι.</span> <span class='ocrx_word' id='word_1_60' title='bbox 1009 964 1101 1030; x_wconf 77' lang='lat' dir='ltr'>&#39;H,</span> <span class='ocrx_word' id='word_1_61' title='bbox 1134 962 1220 1018; x_wconf 79' lang='grc' dir='ltr'>ὅτι</span> <span class='ocrx_word' id='word_1_62' title='bbox 1245 962 1323 1020; x_wconf 74' lang='grc' dir='ltr'>Οὐ</span> <span class='ocrx_word' id='word_1_63' title='bbox 1357 965 1587 1038; x_wconf 77' lang='grc' dir='ltr'>σαρκική</span> <span class='ocrx_word' id='word_1_64' title='bbox 1653 963 1760 1038; x_wconf 64' lang='grc' dir='ltr'>μού</span> <span class='ocrx_word' id='word_1_65' title='bbox 1804 962 1945 1022; x_wconf 81' lang='grc' dir='ltr'>ἐστιν</span> 
     </span>
    </p>
   </div>
   <div class='ocr_carea' id='block_1_11' title="bbox 267 1047 1942 1124">
    <p class='ocr_par' dir='ltr' id='par_1_11' title="bbox 267 1047 1942 1124">
     <span class='ocr_line' id='line_1_11' title="bbox 267 1047 1942 1124; baseline 0.002 -20"><span class='ocrx_word' id='word_1_66' title='bbox 267 1052 307 1119; x_wconf 77' lang='grc' dir='ltr'>ἡ</span> <span class='ocrx_word' id='word_1_67' title='bbox 354 1048 612 1122; x_wconf 82' lang='grc' dir='ltr'>λατρεία,</span> <span class='ocrx_word' id='word_1_68' title='bbox 675 1047 825 1105; x_wconf 72' lang='grc' dir='ltr'>ἀλλὰ</span> <span class='ocrx_word' id='word_1_69' title='bbox 880 1052 1249 1124; x_wconf 70' lang='grc' dir='ltr'>πνευματική.</span> <span class='ocrx_word' id='word_1_70' title='bbox 1303 1052 1398 1108; x_wconf 81' lang='grc' dir='ltr'>Ἐκ</span> <span class='ocrx_word' id='word_1_71' title='bbox 1452 1051 1651 1108; x_wconf 70' lang='grc' dir='ltr'>τούτου</span> <span class='ocrx_word' id='word_1_72' title='bbox 1706 1050 1942 1108; x_wconf 86' lang='grc' dir='ltr'>δείκνυσι</span> 
     </span>
    </p>
   </div>
   <div class='ocr_carea' id='block_1_12' title="bbox 266 1140 1943 1217">
    <p class='ocr_par' dir='ltr' id='par_1_12' title="bbox 266 1140 1943 1217">
     <span class='ocr_line' id='line_1_12' title="bbox 266 1140 1943 1217; baseline 0.003 -23"><span class='ocrx_word' id='word_1_73' title='bbox 266 1140 413 1195; x_wconf 77' lang='grc' dir='ltr'>κατὰ</span> <span class='ocrx_word' id='word_1_74' title='bbox 444 1140 513 1196; x_wconf 88' lang='grc' dir='ltr'>τὸ</span> <span class='ocrx_word' id='word_1_75' title='bbox 576 1140 874 1217; x_wconf 79' lang='grc' dir='ltr'>ἀναγκαῖον</span> <span class='ocrx_word' id='word_1_76' title='bbox 935 1147 1214 1216; x_wconf 81' lang='grc' dir='ltr'>μεριμνῶν</span> <span class='ocrx_word' id='word_1_77' title='bbox 1278 1143 1413 1216; x_wconf 74' lang='grc' dir='ltr'>ὑπὲρ</span> <span class='ocrx_word' id='word_1_78' title='bbox 1462 1141 1664 1213; x_wconf 74' lang='grc' dir='ltr'>αὐτῶν,</span> <span class='ocrx_word' id='word_1_79' title='bbox 1721 1144 1796 1206; x_wconf 84' lang='grc' dir='ltr'>ὡς</span> <span class='ocrx_word' id='word_1_80' title='bbox 1851 1144 1943 1199; x_wconf 87' lang='grc' dir='ltr'>τὸν</span> 
     </span>
    </p>
   </div>
   <div class='ocr_carea' id='block_1_13' title="bbox 271 1227 1942 1309">
    <p class='ocr_par' dir='ltr' id='par_1_13' title="bbox 271 1227 1942 1309">
     <span class='ocr_line' id='line_1_13' title="bbox 271 1227 1942 1309; baseline 0.003 -24"><span class='ocrx_word' id='word_1_81' title='bbox 271 1228 451 1306; x_wconf 85' lang='grc' dir='ltr'>λόγον</span> <span class='ocrx_word' id='word_1_82' title='bbox 485 1227 815 1304; x_wconf 67' lang='grc' dir='ltr'>δεξαμένων,</span> <span class='ocrx_word' id='word_1_83' title='bbox 847 1230 938 1285; x_wconf 80' lang='grc' dir='ltr'>καὶ</span> <span class='ocrx_word' id='word_1_84' title='bbox 968 1228 1222 1309; x_wconf 74' lang='grc' dir='ltr'>δέχεσθαι</span> <span class='ocrx_word' id='word_1_85' title='bbox 1276 1230 1614 1306; x_wconf 81' lang='grc' dir='ltr'>μελλόντων.</span> <span class='ocrx_word' id='word_1_86' title='bbox 1665 1257 1693 1285; x_wconf 86' lang='grc'>‹‹</span> <span class='ocrx_word' id='word_1_87' title='bbox 1728 1234 1815 1291; x_wconf 84' lang='grc' dir='ltr'>Ἐν</span> <span class='ocrx_word' id='word_1_88' title='bbox 1861 1238 1942 1306; x_wconf 80' lang='grc' dir='ltr'>τῷ</span> 
     </span>
    </p>
   </div>
   <div class='ocr_carea' id='block_1_14' title="bbox 272 1319 1938 1399">
    <p class='ocr_par' dir='ltr' id='par_1_14' title="bbox 272 1319 1938 1399">
     <span class='ocr_line' id='line_1_14' title="bbox 272 1319 1938 1399; baseline 0.001 -22"><span class='ocrx_word' id='word_1_89' title='bbox 272 1319 620 1399; x_wconf 76' lang='grc' dir='ltr'>Εὖαγγελίῳ</span> <span class='ocrx_word' id='word_1_90' title='bbox 647 1325 744 1376; x_wconf 85' lang='grc' dir='ltr'>τοῦ</span> <span class='ocrx_word' id='word_1_91' title='bbox 774 1322 904 1377; x_wconf 80' lang='grc' dir='ltr'>Υἱοῦ</span> <span class='ocrx_word' id='word_1_92' title='bbox 934 1323 1127 1380; x_wconf 81' lang='grc' dir='ltr'>αὐτοῦ.</span> <span class='ocrx_word' id='word_1_93' title='bbox 1165 1346 1192 1374; x_wconf 71' lang='grc' dir='ltr'>ι)</span> <span class='ocrx_word' id='word_1_94' title='bbox 1234 1323 1397 1395; x_wconf 81' lang='grc' dir='ltr'>Ὁρᾷς</span> <span class='ocrx_word' id='word_1_95' title='bbox 1447 1322 1530 1379; x_wconf 80' lang='grc' dir='ltr'>ὅτι</span> <span class='ocrx_word' id='word_1_96' title='bbox 1583 1323 1693 1380; x_wconf 78' lang='grc' dir='ltr'>ἂνω</span> <span class='ocrx_word' id='word_1_97' title='bbox 1744 1325 1938 1395; x_wconf 84' lang='grc' dir='ltr'>εἰπὼν,</span> 
     </span>
    </p>
   </div>
   <div class='ocr_carea' id='block_1_15' title="bbox 270 1407 1939 1490">
    <p class='ocr_par' dir='ltr' id='par_1_15' title="bbox 270 1407 1939 1490">
     <span class='ocr_line' id='line_1_15' title="bbox 270 1407 1939 1490; baseline 0.003 -25"><span class='ocrx_word' id='word_1_98' title='bbox 270 1409 349 1470; x_wconf 71' lang='grc' dir='ltr'>εἷς</span> <span class='ocrx_word' id='word_1_99' title='bbox 412 1410 767 1490; x_wconf 76' lang='grc' dir='ltr'>Εὗαγγέλιον</span> <span class='ocrx_word' id='word_1_100' title='bbox 821 1414 979 1484; x_wconf 85' lang='grc' dir='ltr'>Θεοῦ,</span> <span class='ocrx_word' id='word_1_101' title='bbox 1034 1416 1134 1468; x_wconf 79' lang='grc' dir='ltr'>τοῦ</span> <span class='ocrx_word' id='word_1_102' title='bbox 1192 1415 1427 1489; x_wconf 75' lang='grc' dir='ltr'>Χριστοῦ</span> <span class='ocrx_word' id='word_1_103' title='bbox 1486 1407 1707 1488; x_wconf 75' lang='grc' dir='ltr'>ἔλεγενς</span> <span class='ocrx_word' id='word_1_104' title='bbox 1772 1438 1800 1467; x_wconf 82' lang='lat'><strong><em>«</em></strong></span> <span class='ocrx_word' id='word_1_105' title='bbox 1850 1420 1939 1478; x_wconf 74' lang='grc' dir='ltr'>Ὠς</span> 
     </span>
    </p>
   </div>
   <div class='ocr_carea' id='block_1_16' title="bbox 273 1497 1937 1580">
    <p class='ocr_par' dir='ltr' id='par_1_16' title="bbox 273 1497 1937 1580">
     <span class='ocr_line' id='line_1_16' title="bbox 273 1497 1937 1580; baseline 0.002 -25"><span class='ocrx_word' id='word_1_106' title='bbox 273 1497 677 1565; x_wconf 75' lang='grc' dir='ltr'>ἀδιαλείπτως,</span> <span class='ocrx_word' id='word_1_107' title='bbox 739 1526 767 1554; x_wconf 80' lang='lat'><strong>»</strong></span> <span class='ocrx_word' id='word_1_108' title='bbox 821 1502 914 1557; x_wconf 82' lang='grc' dir='ltr'>καὶ</span> <span class='ocrx_word' id='word_1_109' title='bbox 972 1503 1040 1558; x_wconf 79' lang='grc' dir='ltr'>τὰ</span> <span class='ocrx_word' id='word_1_110' title='bbox 1096 1503 1238 1577; x_wconf 70' lang='grc' dir='ltr'>ἑξῆς.</span> <span class='ocrx_word' id='word_1_111' title='bbox 1298 1503 1545 1580; x_wconf 75' lang='grc' dir='ltr'>Ἀγάπης</span> <span class='ocrx_word' id='word_1_112' title='bbox 1605 1503 1937 1578; x_wconf 76' lang='grc' dir='ltr'>εἰλικρινοῦς</span> 
     </span>
    </p>
   </div>
   <div class='ocr_carea' id='block_1_17' title="bbox 276 1589 1938 1666">
    <p class='ocr_par' dir='ltr' id='par_1_17' title="bbox 276 1589 1938 1666">
     <span class='ocr_line' id='line_1_17' title="bbox 276 1589 1938 1666; baseline 0.003 -21"><span class='ocrx_word' id='word_1_113' title='bbox 276 1592 339 1646; x_wconf 74' lang='grc' dir='ltr'>τὸ</span> <span class='ocrx_word' id='word_1_114' title='bbox 377 1593 467 1647; x_wconf 75' lang='grc' dir='ltr'>καὶ</span> <span class='ocrx_word' id='word_1_115' title='bbox 537 1594 877 1666; x_wconf 78' lang='grc' dir='ltr'>μεμνῆσθαι,</span> <span class='ocrx_word' id='word_1_116' title='bbox 933 1592 1023 1648; x_wconf 77' lang='grc' dir='ltr'>καὶ</span> <span class='ocrx_word' id='word_1_117' title='bbox 1083 1589 1455 1656; x_wconf 66' lang='grc' dir='ltr'>ἀδιαλείπτως</span> <span class='ocrx_word' id='word_1_118' title='bbox 1512 1597 1675 1650; x_wconf 86' lang='grc' dir='ltr'>τοῦτο</span> <span class='ocrx_word' id='word_1_119' title='bbox 1739 1601 1938 1664; x_wconf 85' lang='grc' dir='ltr'>ποιεῖν,</span> 
     </span>
    </p>
   </div>
   <div class='ocr_carea' id='block_1_18' title="bbox 286 1680 1938 1763">
    <p class='ocr_par' dir='ltr' id='par_1_18' title="bbox 286 1680 1938 1763">
     <span class='ocr_line' id='line_1_18' title="bbox 286 1680 1938 1763; baseline 0.004 -28"><span class='ocrx_word' id='word_1_120' title='bbox 286 1682 378 1735; x_wconf 67' lang='grc' dir='ltr'>καὶ</span> <span class='ocrx_word' id='word_1_121' title='bbox 403 1680 641 1754; x_wconf 66' lang='grc' dir='ltr'>μάλιστα</span> <span class='ocrx_word' id='word_1_122' title='bbox 671 1681 725 1736; x_wconf 71' lang='grc' dir='ltr'>ἐν</span> <span class='ocrx_word' id='word_1_123' title='bbox 756 1688 1120 1763; x_wconf 78' lang='grc' dir='ltr'>προσευχαῖς,</span> <span class='ocrx_word' id='word_1_124' title='bbox 1154 1709 1181 1735; x_wconf 75' lang='grc' dir='ltr'>«ι</span> <span class='ocrx_word' id='word_1_125' title='bbox 1217 1684 1478 1755; x_wconf 87' lang='grc' dir='ltr'>Δεόμενος</span> <span class='ocrx_word' id='word_1_126' title='bbox 1509 1682 1559 1738; x_wconf 76' lang='grc' dir='ltr'>εἲ</span> <span class='ocrx_word' id='word_1_127' title='bbox 1601 1705 1739 1746; x_wconf 89' lang='grc' dir='ltr'>πως,</span> <span class='ocrx_word' id='word_1_128' title='bbox 1773 1708 1801 1736; x_wconf 80' lang='grc' dir='ltr'>ι)</span> <span class='ocrx_word' id='word_1_129' title='bbox 1835 1685 1938 1742; x_wconf 82' lang='grc' dir='ltr'>Καὶ</span> 
     </span>
    </p>
   </div>
   <div class='ocr_carea' id='block_1_19' title="bbox 298 1769 1938 1848">
    <p class='ocr_par' dir='ltr' id='par_1_19' title="bbox 298 1769 1938 1848">
     <span class='ocr_line' id='line_1_19' title="bbox 298 1769 1938 1848; baseline 0.004 -25"><span class='ocrx_word' id='word_1_130' title='bbox 298 1772 400 1844; x_wconf 72' lang='grc' dir='ltr'>γὰρ</span> <span class='ocrx_word' id='word_1_131' title='bbox 430 1769 596 1826; x_wconf 47' lang='grc' dir='ltr'>ἐλθεῖν</span> <span class='ocrx_word' id='word_1_132' title='bbox 617 1773 901 1848; x_wconf 77' lang='grc' dir='ltr'>ἠπείγετο,</span> <span class='ocrx_word' id='word_1_133' title='bbox 935 1771 1025 1827; x_wconf 84' lang='grc' dir='ltr'>καὶ</span> <span class='ocrx_word' id='word_1_134' title='bbox 1075 1772 1221 1847; x_wconf 71' lang='grc' dir='ltr'>παρὰ</span> <span class='ocrx_word' id='word_1_135' title='bbox 1262 1772 1325 1827; x_wconf 88' lang='grc' dir='ltr'>τὸ</span> <span class='ocrx_word' id='word_1_136' title='bbox 1380 1770 1598 1847; x_wconf 67' lang='grc' dir='ltr'>θέλημα</span> <span class='ocrx_word' id='word_1_137' title='bbox 1650 1777 1748 1829; x_wconf 88' lang='grc' dir='ltr'>τοῦ</span> <span class='ocrx_word' id='word_1_138' title='bbox 1804 1774 1938 1830; x_wconf 85' lang='grc' dir='ltr'>Θεοῦ</span> 
     </span>
    </p>
   </div>
   <div class='ocr_carea' id='block_1_20' title="bbox 2057 613 3714 693">
    <p class='ocr_par' dir='ltr' id='par_1_20' title="bbox 2057 613 3714 693">
     <span class='ocr_line' id='line_1_20' title="bbox 2057 613 3714 693; baseline 0.002 -26"><span class='ocrx_word' id='word_1_139' title='bbox 2057 613 2455 680; x_wconf 86' lang='lat' dir='ltr'>sermonibus,</span> <span class='ocrx_word' id='word_1_140' title='bbox 2488 619 2778 693; x_wconf 66' lang='lat' dir='ltr'>praeterea</span> <span class='ocrx_word' id='word_1_141' title='bbox 2808 619 2867 669; x_wconf 92' lang='lat' dir='ltr'>et</span> <span class='ocrx_word' id='word_1_142' title='bbox 2896 614 2997 685; x_wconf 88' lang='lat' dir='ltr'>qui</span> <span class='ocrx_word' id='word_1_143' title='bbox 3028 613 3347 671; x_wconf 82' lang='lat' dir='ltr'>ministerii</span> <span class='ocrx_word' id='word_1_144' title='bbox 3370 616 3714 689; x_wconf 83' lang='lat' dir='ltr'>peregrino-</span> 
     </span>
    </p>
   </div>
   <div class='ocr_carea' id='block_1_21' title="bbox 2053 704 3712 776">
    <p class='ocr_par' dir='ltr' id='par_1_21' title="bbox 2053 704 3712 776">
     <span class='ocr_line' id='line_1_21' title="bbox 2053 704 3712 776; baseline 0.003 -20"><span class='ocrx_word' id='word_1_145' title='bbox 2053 718 2187 757; x_wconf 88' lang='lat' dir='ltr'>rum</span> <span class='ocrx_word' id='word_1_146' title='bbox 2217 719 2420 759; x_wconf 87' lang='lat' dir='ltr'>curam</span> <span class='ocrx_word' id='word_1_147' title='bbox 2452 704 2623 776; x_wconf 87' lang='lat' dir='ltr'>gerit,</span> <span class='ocrx_word' id='word_1_148' title='bbox 2660 705 2755 759; x_wconf 89' lang='lat' dir='ltr'>hic</span> <span class='ocrx_word' id='word_1_149' title='bbox 2810 705 2997 759; x_wconf 88' lang='lat' dir='ltr'>Deum</span> <span class='ocrx_word' id='word_1_150' title='bbox 3055 704 3216 759; x_wconf 91' lang='lat' dir='ltr'>colit.</span> <span class='ocrx_word' id='word_1_151' title='bbox 3283 704 3459 760; x_wconf 85' lang='lat' dir='ltr'>Divus</span> <span class='ocrx_word' id='word_1_152' title='bbox 3510 711 3712 761; x_wconf 87' lang='lat' dir='ltr'>autem</span> 
     </span>
    </p>
   </div>
   <div class='ocr_carea' id='block_1_22' title="bbox 2053 793 3710 868">
    <p class='ocr_par' dir='ltr' id='par_1_22' title="bbox 2053 793 3710 868">
     <span class='ocr_line' id='line_1_22' title="bbox 2053 793 3710 868; baseline 0.003 -22"><span class='ocrx_word' id='word_1_153' title='bbox 2053 793 2370 864; x_wconf 83' lang='lat' dir='ltr'>Apostolus</span> <span class='ocrx_word' id='word_1_154' title='bbox 2399 795 2583 849; x_wconf 88' lang='lat' dir='ltr'>Deum</span> <span class='ocrx_word' id='word_1_155' title='bbox 2615 810 2677 849; x_wconf 91' lang='lat' dir='ltr'>se</span> <span class='ocrx_word' id='word_1_156' title='bbox 2717 794 2913 850; x_wconf 86' lang='lat' dir='ltr'>colere</span> <span class='ocrx_word' id='word_1_157' title='bbox 2936 793 3104 859; x_wconf 90' lang='lat' dir='ltr'>dixit,</span> <span class='ocrx_word' id='word_1_158' title='bbox 3141 793 3300 865; x_wconf 90' lang='lat' dir='ltr'>quod</span> <span class='ocrx_word' id='word_1_159' title='bbox 3329 795 3710 868; x_wconf 82' lang='lat' dir='ltr'>Evangelium</span> 
     </span>
    </p>
   </div>
   <div class='ocr_carea' id='block_1_23' title="bbox 2052 882 3711 956">
    <p class='ocr_par' dir='ltr' id='par_1_23' title="bbox 2052 882 3711 956">
     <span class='ocr_line' id='line_1_23' title="bbox 2052 882 3711 956; baseline 0.002 -19"><span class='ocrx_word' id='word_1_160' title='bbox 2052 882 2182 937; x_wconf 88' lang='lat' dir='ltr'>Filii</span> <span class='ocrx_word' id='word_1_161' title='bbox 2214 882 2401 955; x_wconf 82' lang='lat' dir='ltr'>ipsius</span> <span class='ocrx_word' id='word_1_162' title='bbox 2431 884 2706 954; x_wconf 81' lang='lat' dir='ltr'>gentibus</span> <span class='ocrx_word' id='word_1_163' title='bbox 2738 883 3125 956; x_wconf 70' lang='lat' dir='ltr'>praedicaret:</span> <span class='ocrx_word' id='word_1_164' title='bbox 3161 889 3218 938; x_wconf 90' lang='lat' dir='ltr'>et</span> <span class='ocrx_word' id='word_1_165' title='bbox 3264 883 3458 940; x_wconf 88' lang='lat' dir='ltr'>colere</span> <span class='ocrx_word' id='word_1_166' title='bbox 3491 885 3553 939; x_wconf 92' lang='lat' dir='ltr'>in</span> <span class='ocrx_word' id='word_1_167' title='bbox 3586 885 3711 956; x_wconf 87' lang='lat' dir='ltr'>spi-</span> 
     </span>
    </p>
   </div>
   <div class='ocr_carea' id='block_1_24' title="bbox 2049 971 3710 1040">
    <p class='ocr_par' dir='ltr' id='par_1_24' title="bbox 2049 971 3710 1040">
     <span class='ocr_line' id='line_1_24' title="bbox 2049 971 3710 1040; baseline 0.002 -15"><span class='ocrx_word' id='word_1_168' title='bbox 2049 971 2188 1037; x_wconf 88' lang='lat' dir='ltr'>ritu,</span> <span class='ocrx_word' id='word_1_169' title='bbox 2224 972 2336 1028; x_wconf 89' lang='lat' dir='ltr'>hoc</span> <span class='ocrx_word' id='word_1_170' title='bbox 2368 978 2457 1029; x_wconf 90' lang='lat' dir='ltr'>est</span> <span class='ocrx_word' id='word_1_171' title='bbox 2486 973 2550 1028; x_wconf 90' lang='lat' dir='ltr'>in</span> <span class='ocrx_word' id='word_1_172' title='bbox 2580 972 2715 1029; x_wconf 87' lang='lat' dir='ltr'>dato</span> <span class='ocrx_word' id='word_1_173' title='bbox 2748 973 2863 1028; x_wconf 88' lang='lat' dir='ltr'>sibi</span> <span class='ocrx_word' id='word_1_174' title='bbox 2896 973 3076 1028; x_wconf 89' lang='lat' dir='ltr'>dono.</span> <span class='ocrx_word' id='word_1_175' title='bbox 3111 971 3235 1040; x_wconf 88' lang='lat' dir='ltr'>Vel,</span> <span class='ocrx_word' id='word_1_176' title='bbox 3268 974 3396 1027; x_wconf 89' lang='lat' dir='ltr'>Non</span> <span class='ocrx_word' id='word_1_177' title='bbox 3426 990 3581 1038; x_wconf 89' lang='lat' dir='ltr'>meo,</span> <span class='ocrx_word' id='word_1_178' title='bbox 3614 974 3710 1030; x_wconf 85' lang='lat' dir='ltr'>in-</span> 
     </span>
    </p>
   </div>
   <div class='ocr_carea' id='block_1_25' title="bbox 2050 1061 3716 1135">
    <p class='ocr_par' dir='ltr' id='par_1_25' title="bbox 2050 1061 3716 1135">
     <span class='ocr_line' id='line_1_25' title="bbox 2050 1061 3716 1135; baseline 0.002 -20"><span class='ocrx_word' id='word_1_179' title='bbox 2050 1062 2197 1131; x_wconf 89' lang='lat' dir='ltr'>quit,</span> <span class='ocrx_word' id='word_1_180' title='bbox 2235 1068 2451 1117; x_wconf 90' lang='lat' dir='ltr'>conatu</span> <span class='ocrx_word' id='word_1_181' title='bbox 2484 1063 2734 1135; x_wconf 85' lang='lat' dir='ltr'>contigit</span> <span class='ocrx_word' id='word_1_182' title='bbox 2761 1062 2911 1117; x_wconf 88' lang='lat' dir='ltr'>mihi</span> <span class='ocrx_word' id='word_1_183' title='bbox 2957 1063 3146 1117; x_wconf 91' lang='lat' dir='ltr'>Deum</span> <span class='ocrx_word' id='word_1_184' title='bbox 3193 1061 3414 1129; x_wconf 77' lang='lat' dir='ltr'>colere,</span> <span class='ocrx_word' id='word_1_185' title='bbox 3467 1062 3570 1117; x_wconf 88' lang='lat' dir='ltr'>sed</span> <span class='ocrx_word' id='word_1_186' title='bbox 3609 1078 3716 1133; x_wconf 90' lang='lat' dir='ltr'>per</span> 
     </span>
    </p>
   </div>
   <div class='ocr_carea' id='block_1_26' title="bbox 2047 1150 3716 1224">
    <p class='ocr_par' dir='ltr' id='par_1_26' title="bbox 2047 1150 3716 1224">
     <span class='ocr_line' id='line_1_26' title="bbox 2047 1150 3716 1224; baseline 0.001 -19"><span class='ocrx_word' id='word_1_187' title='bbox 2047 1152 2298 1223; x_wconf 81' lang='lat' dir='ltr'>gratiam</span> <span class='ocrx_word' id='word_1_188' title='bbox 2320 1152 2597 1224; x_wconf 82' lang='lat' dir='ltr'>Spiritus.</span> <span class='ocrx_word' id='word_1_189' title='bbox 2622 1157 2740 1207; x_wconf 86' lang='lat' dir='ltr'>Aut</span> <span class='ocrx_word' id='word_1_190' title='bbox 2761 1152 2876 1207; x_wconf 88' lang='lat' dir='ltr'>hoc</span> <span class='ocrx_word' id='word_1_191' title='bbox 2905 1150 3087 1207; x_wconf 88' lang='lat' dir='ltr'>dicit:</span> <span class='ocrx_word' id='word_1_192' title='bbox 3123 1153 3249 1207; x_wconf 82' lang='lat' dir='ltr'>Non</span> <span class='ocrx_word' id='word_1_193' title='bbox 3281 1150 3428 1206; x_wconf 90' lang='lat' dir='ltr'>mihi</span> <span class='ocrx_word' id='word_1_194' title='bbox 3460 1151 3716 1207; x_wconf 82' lang='lat' dir='ltr'>carnalis</span> 
     </span>
    </p>
   </div>
   <div class='ocr_carea' id='block_1_27' title="bbox 2048 1239 3715 1314">
    <p class='ocr_par' dir='ltr' id='par_1_27' title="bbox 2048 1239 3715 1314">
     <span class='ocr_line' id='line_1_27' title="bbox 2048 1239 3715 1314; baseline 0.001 -19"><span class='ocrx_word' id='word_1_195' title='bbox 2048 1240 2244 1295; x_wconf 89' lang='lat' dir='ltr'>cultus</span> <span class='ocrx_word' id='word_1_196' title='bbox 2274 1246 2383 1311; x_wconf 89' lang='lat' dir='ltr'>est,</span> <span class='ocrx_word' id='word_1_197' title='bbox 2419 1241 2521 1297; x_wconf 91' lang='lat' dir='ltr'>sed</span> <span class='ocrx_word' id='word_1_198' title='bbox 2554 1241 2907 1314; x_wconf 89' lang='lat' dir='ltr'>spiritualis.</span> <span class='ocrx_word' id='word_1_199' title='bbox 2944 1242 3015 1295; x_wconf 90' lang='lat' dir='ltr'>Et</span> <span class='ocrx_word' id='word_1_200' title='bbox 3040 1258 3112 1296; x_wconf 81' lang='lat' dir='ltr'>ex</span> <span class='ocrx_word' id='word_1_201' title='bbox 3142 1240 3255 1296; x_wconf 90' lang='lat' dir='ltr'>hoc</span> <span class='ocrx_word' id='word_1_202' title='bbox 3272 1239 3536 1296; x_wconf 70' lang='lat' dir='ltr'>ostendit</span> <span class='ocrx_word' id='word_1_203' title='bbox 3556 1239 3715 1311; x_wconf 87' lang='lat' dir='ltr'>quod</span> 
     </span>
    </p>
   </div>
   <div class='ocr_carea' id='block_1_28' title="bbox 2046 1328 3703 1401">
    <p class='ocr_par' dir='ltr' id='par_1_28' title="bbox 2046 1328 3703 1401">
     <span class='ocr_line' id='line_1_28' title="bbox 2046 1328 3703 1401; baseline 0.001 -17"><span class='ocrx_word' id='word_1_204' title='bbox 2046 1331 2385 1386; x_wconf 85' lang='lat' dir='ltr'>necessario</span> <span class='ocrx_word' id='word_1_205' title='bbox 2415 1346 2621 1386; x_wconf 91' lang='lat' dir='ltr'>curam</span> <span class='ocrx_word' id='word_1_206' title='bbox 2648 1330 2892 1386; x_wconf 90' lang='lat' dir='ltr'>illorum</span> <span class='ocrx_word' id='word_1_207' title='bbox 2932 1329 3169 1393; x_wconf 88' lang='lat' dir='ltr'>habeat,</span> <span class='ocrx_word' id='word_1_208' title='bbox 3200 1333 3268 1385; x_wconf 90' lang='lat' dir='ltr'>ut</span> <span class='ocrx_word' id='word_1_209' title='bbox 3296 1330 3398 1401; x_wconf 89' lang='lat' dir='ltr'>qui</span> <span class='ocrx_word' id='word_1_210' title='bbox 3455 1328 3703 1385; x_wconf 83' lang='lat' dir='ltr'>verbum</span> 
     </span>
    </p>
   </div>
   <div class='ocr_carea' id='block_1_29' title="bbox 2047 1419 3707 1492">
    <p class='ocr_par' dir='ltr' id='par_1_29' title="bbox 2047 1419 3707 1492">
     <span class='ocr_line' id='line_1_29' title="bbox 2047 1419 3707 1492; baseline 0.001 -18"><span class='ocrx_word' id='word_1_211' title='bbox 2047 1420 2452 1491; x_wconf 83' lang='lat' dir='ltr'>suscepissent</span> <span class='ocrx_word' id='word_1_212' title='bbox 2477 1421 2932 1492; x_wconf 90' lang='lat' dir='ltr'>suscepturique</span> <span class='ocrx_word' id='word_1_213' title='bbox 2965 1424 3183 1475; x_wconf 87' lang='lat' dir='ltr'>essent.</span> <span class='ocrx_word' id='word_1_214' title='bbox 3219 1442 3246 1469; x_wconf 86' lang='lat'><strong><em>«</em></strong></span> <span class='ocrx_word' id='word_1_215' title='bbox 3279 1420 3347 1474; x_wconf 89' lang='lat' dir='ltr'><strong>In</strong></span> <span class='ocrx_word' id='word_1_216' title='bbox 3387 1419 3707 1492; x_wconf 78' lang='lat' dir='ltr'>Evangelio</span> 
     </span>
    </p>
   </div>
   <div class='ocr_carea' id='block_1_30' title="bbox 2046 1508 3710 1582">
    <p class='ocr_par' dir='ltr' id='par_1_30' title="bbox 2046 1508 3710 1582">
     <span class='ocr_line' id='line_1_30' title="bbox 2046 1508 3710 1582; baseline 0.002 -19"><span class='ocrx_word' id='word_1_217' title='bbox 2046 1509 2178 1564; x_wconf 88' lang='lat' dir='ltr'>Filii</span> <span class='ocrx_word' id='word_1_218' title='bbox 2211 1510 2360 1582; x_wconf 87' lang='lat' dir='ltr'>ejus.</span> <span class='ocrx_word' id='word_1_219' title='bbox 2384 1531 2412 1559; x_wconf 84' lang='grc'><strong>››</strong></span> <span class='ocrx_word' id='word_1_220' title='bbox 2443 1508 2617 1565; x_wconf 87' lang='lat' dir='ltr'>Vides</span> <span class='ocrx_word' id='word_1_221' title='bbox 2643 1510 2798 1581; x_wconf 88' lang='lat' dir='ltr'>quod</span> <span class='ocrx_word' id='word_1_222' title='bbox 2817 1509 2876 1565; x_wconf 92' lang='lat' dir='ltr'>in</span> <span class='ocrx_word' id='word_1_223' title='bbox 2898 1508 3379 1582; x_wconf 69' lang='lat' dir='ltr'>praecedentibus</span> <span class='ocrx_word' id='word_1_224' title='bbox 3400 1526 3537 1564; x_wconf 90' lang='lat' dir='ltr'>cum</span> <span class='ocrx_word' id='word_1_225' title='bbox 3555 1508 3710 1566; x_wconf 84' lang='lat' dir='ltr'>dice-</span> 
     </span>
    </p>
   </div>
   <div class='ocr_carea' id='block_1_31' title="bbox 2042 1597 3712 1667">
    <p class='ocr_par' dir='ltr' id='par_1_31' title="bbox 2042 1597 3712 1667">
     <span class='ocr_line' id='line_1_31' title="bbox 2042 1597 3712 1667; baseline 0 -13"><span class='ocrx_word' id='word_1_226' title='bbox 2042 1603 2177 1654; x_wconf 87' lang='lat' dir='ltr'>ret:</span> <span class='ocrx_word' id='word_1_227' title='bbox 2210 1620 2238 1648; x_wconf 90' lang='grc'>‹‹</span> <span class='ocrx_word' id='word_1_228' title='bbox 2271 1600 2337 1653; x_wconf 91' lang='lat' dir='ltr'><strong>In</strong></span> <span class='ocrx_word' id='word_1_229' title='bbox 2394 1599 2778 1667; x_wconf 77' lang='lat' dir='ltr'>Evangelium</span> <span class='ocrx_word' id='word_1_230' title='bbox 2840 1599 2961 1666; x_wconf 90' lang='lat' dir='ltr'>Dei,</span> <span class='ocrx_word' id='word_1_231' title='bbox 3014 1619 3042 1649; x_wconf 84' lang='lat'><strong>»</strong></span> <span class='ocrx_word' id='word_1_232' title='bbox 3091 1597 3307 1654; x_wconf 82' lang='lat' dir='ltr'>dixerit</span> <span class='ocrx_word' id='word_1_233' title='bbox 3352 1598 3654 1654; x_wconf 88' lang='lat' dir='ltr'>Christum</span> <span class='ocrx_word' id='word_1_234' title='bbox 3682 1597 3712 1654; x_wconf 80' lang='lat'><strong>?</strong></span> 
     </span>
    </p>
   </div>
   <div class='ocr_carea' id='block_1_32' title="bbox 2046 1687 3708 1755">
    <p class='ocr_par' dir='ltr' id='par_1_32' title="bbox 2046 1687 3708 1755">
     <span class='ocr_line' id='line_1_32' title="bbox 2046 1687 3708 1755; baseline 0.004 -18"><span class='ocrx_word' id='word_1_235' title='bbox 2046 1707 2075 1738; x_wconf 86' lang='lat'><strong>«</strong></span> <span class='ocrx_word' id='word_1_236' title='bbox 2098 1687 2264 1753; x_wconf 92' lang='lat' dir='ltr'>Quod</span> <span class='ocrx_word' id='word_1_237' title='bbox 2298 1687 2732 1752; x_wconf 85' lang='lat' dir='ltr'>indesinenter,</span> <span class='ocrx_word' id='word_1_238' title='bbox 2760 1710 2789 1739; x_wconf 81' lang='lat'><strong>»</strong></span> <span class='ocrx_word' id='word_1_239' title='bbox 2818 1693 2931 1744; x_wconf 90' lang='lat' dir='ltr'>etc.</span> <span class='ocrx_word' id='word_1_240' title='bbox 2963 1688 3219 1744; x_wconf 78' lang='lat' dir='ltr'>Sinceroe</span> <span class='ocrx_word' id='word_1_241' title='bbox 3251 1687 3557 1744; x_wconf 90' lang='lat' dir='ltr'>charitatis</span> <span class='ocrx_word' id='word_1_242' title='bbox 3597 1692 3708 1755; x_wconf 85' lang='lat' dir='ltr'>est,</span> 
     </span>
    </p>
   </div>
   <div class='ocr_carea' id='block_1_33' title="bbox 2045 1775 3709 1849">
    <p class='ocr_par' dir='ltr' id='par_1_33' title="bbox 2045 1775 3709 1849">
     <span class='ocr_line' id='line_1_33' title="bbox 2045 1775 3709 1849; baseline 0.001 -18"><span class='ocrx_word' id='word_1_243' title='bbox 2045 1780 2104 1831; x_wconf 91' lang='lat' dir='ltr'>et</span> <span class='ocrx_word' id='word_1_244' title='bbox 2134 1778 2511 1833; x_wconf 87' lang='lat' dir='ltr'>mentionem</span> <span class='ocrx_word' id='word_1_245' title='bbox 2543 1776 2764 1841; x_wconf 87' lang='lat' dir='ltr'>facere,</span> <span class='ocrx_word' id='word_1_246' title='bbox 2797 1782 2856 1832; x_wconf 92' lang='lat' dir='ltr'>et</span> <span class='ocrx_word' id='word_1_247' title='bbox 2887 1793 3122 1849; x_wconf 87' lang='lat' dir='ltr'>semper</span> <span class='ocrx_word' id='word_1_248' title='bbox 3151 1777 3263 1832; x_wconf 90' lang='lat' dir='ltr'>hoc</span> <span class='ocrx_word' id='word_1_249' title='bbox 3279 1776 3494 1844; x_wconf 90' lang='lat' dir='ltr'>facere,</span> <span class='ocrx_word' id='word_1_250' title='bbox 3527 1775 3709 1848; x_wconf 90' lang='lat' dir='ltr'>idque</span> 
     </span>
    </p>
   </div>
   <div class='ocr_carea' id='block_1_34' title="bbox 297 1856 1933 1939">
    <p class='ocr_par' dir='ltr' id='par_1_34' title="bbox 297 1856 1933 1936">
     <span class='ocr_line' id='line_1_34' title="bbox 297 1856 1933 1936; baseline 0.001 -22"><span class='ocrx_word' id='word_1_251' title='bbox 297 1862 468 1914; x_wconf 86' lang='grc' dir='ltr'>τοῦτο</span> <span class='ocrx_word' id='word_1_252' title='bbox 498 1861 676 1933; x_wconf 66' lang='grc' dir='ltr'>πρᾶξαι</span> <span class='ocrx_word' id='word_1_253' title='bbox 708 1860 812 1916; x_wconf 82' lang='grc' dir='ltr'>οὐκ</span> <span class='ocrx_word' id='word_1_254' title='bbox 867 1856 1149 1920; x_wconf 75' lang='grc' dir='ltr'>ἐϐούλετο.</span> <span class='ocrx_word' id='word_1_255' title='bbox 1201 1862 1279 1918; x_wconf 88' lang='grc' dir='ltr'>Τὸ</span> <span class='ocrx_word' id='word_1_256' title='bbox 1311 1859 1390 1927; x_wconf 65' lang='grc' dir='ltr'>δὲ,</span> <span class='ocrx_word' id='word_1_257' title='bbox 1448 1859 1558 1934; x_wconf 74' lang='grc' dir='ltr'>ἤδη</span> <span class='ocrx_word' id='word_1_258' title='bbox 1612 1863 1767 1936; x_wconf 74' lang='grc' dir='ltr'>ποτὶ,</span> <span class='ocrx_word' id='word_1_259' title='bbox 1828 1863 1933 1920; x_wconf 66' lang='grc' dir='ltr'>ἆντῖ</span> 
     </span>
    </p>
   </div>
   <div class='ocr_carea' id='block_1_35' title="bbox 2046 1856 3703 1939">
    <p class='ocr_par' dir='ltr' id='par_1_35' title="bbox 2052 1865 3703 1939">
     <span class='ocr_line' id='line_1_35' title="bbox 2052 1865 3703 1939; baseline 0 -19"><span class='ocrx_word' id='word_1_260' title='bbox 2052 1866 2309 1921; x_wconf 84' lang='lat' dir='ltr'>maxime</span> <span class='ocrx_word' id='word_1_261' title='bbox 2339 1867 2402 1922; x_wconf 93' lang='lat' dir='ltr'>in</span> <span class='ocrx_word' id='word_1_262' title='bbox 2436 1865 2902 1939; x_wconf 86' lang='lat' dir='ltr'>precationibus.</span> <span class='ocrx_word' id='word_1_263' title='bbox 2937 1888 2966 1916; x_wconf 89' lang='lat'><strong><em>«</em></strong></span> <span class='ocrx_word' id='word_1_264' title='bbox 2999 1867 3189 1923; x_wconf 89' lang='lat' dir='ltr'>Orans</span> <span class='ocrx_word' id='word_1_265' title='bbox 3220 1867 3269 1922; x_wconf 90' lang='lat' dir='ltr'>si</span> <span class='ocrx_word' id='word_1_266' title='bbox 3301 1883 3419 1938; x_wconf 90' lang='lat' dir='ltr'>quo</span> <span class='ocrx_word' id='word_1_267' title='bbox 3444 1865 3642 1921; x_wconf 91' lang='lat' dir='ltr'>modo.</span> <span class='ocrx_word' id='word_1_268' title='bbox 3677 1886 3703 1919; x_wconf 76' lang='grc' dir='ltr'>ι</span> 
     </span>
    </p>
   </div>
   <div class='ocr_carea' id='block_1_36' title="bbox 296 1948 1935 2031">
    <p class='ocr_par' dir='ltr' id='par_1_36' title="bbox 296 1948 1935 2031">
     <span class='ocr_line' id='line_1_36' title="bbox 296 1948 1935 2031; baseline 0.002 -26"><span class='ocrx_word' id='word_1_269' title='bbox 296 1952 416 2015; x_wconf 82' lang='grc' dir='ltr'>τοῦ,</span> <span class='ocrx_word' id='word_1_270' title='bbox 478 1948 570 2021; x_wconf 72' lang='grc' dir='ltr'><em>ὀψέ</em></span> <span class='ocrx_word' id='word_1_271' title='bbox 618 1970 772 2006; x_wconf 82' lang='grc' dir='ltr'>ποτε.</span> <span class='ocrx_word' id='word_1_272' title='bbox 830 1951 999 2027; x_wconf 87' lang='grc' dir='ltr'>Ὅπερ</span> <span class='ocrx_word' id='word_1_273' title='bbox 1053 1950 1168 2007; x_wconf 79' lang='grc' dir='ltr'>ἐστὶ</span> <span class='ocrx_word' id='word_1_274' title='bbox 1267 1948 1476 2031; x_wconf 76' lang='grc' dir='ltr'>σφόδρα</span> <span class='ocrx_word' id='word_1_275' title='bbox 1559 1951 1935 2029; x_wconf 73' lang='grc' dir='ltr'>ἐπειγομένου.</span> 
     </span>
    </p>
   </div>
   <div class='ocr_carea' id='block_1_37' title="bbox 293 2035 1938 2121">
    <p class='ocr_par' dir='ltr' id='par_1_37' title="bbox 293 2035 1938 2121">
     <span class='ocr_line' id='line_1_37' title="bbox 293 2035 1938 2121; baseline 0.004 -28"><span class='ocrx_word' id='word_1_276' title='bbox 293 2061 320 2093; x_wconf 72' lang='grc' dir='ltr'>ι</span> <span class='ocrx_word' id='word_1_277' title='bbox 348 2035 826 2114; x_wconf 69' lang='grc' dir='ltr'>Εὖωδωθήσομαι.</span> <span class='ocrx_word' id='word_1_278' title='bbox 864 2065 892 2092; x_wconf 85' lang='lat'>»</span> <span class='ocrx_word' id='word_1_279' title='bbox 920 2039 1214 2112; x_wconf 80' lang='grc' dir='ltr'>Εὐκολίαν,</span> <span class='ocrx_word' id='word_1_280' title='bbox 1247 2042 1404 2121; x_wconf 76' lang='grc' dir='ltr'>φησὶ,</span> <span class='ocrx_word' id='word_1_281' title='bbox 1433 2042 1657 2121; x_wconf 82' lang='grc' dir='ltr'>σχοίην,</span> <span class='ocrx_word' id='word_1_282' title='bbox 1704 2041 1795 2099; x_wconf 81' lang='grc' dir='ltr'>καὶ</span> <span class='ocrx_word' id='word_1_283' title='bbox 1848 2042 1938 2099; x_wconf 77' lang='grc' dir='ltr'>ἐπὶ</span> 
     </span>
    </p>
   </div>
   <div class='ocr_carea' id='block_1_38' title="bbox 275 2125 1073 2204">
    <p class='ocr_par' dir='ltr' id='par_1_38' title="bbox 275 2125 1073 2204">
     <span class='ocr_line' id='line_1_38' title="bbox 275 2125 1073 2204; baseline 0.006 -23"><span class='ocrx_word' id='word_1_284' title='bbox 275 2125 431 2201; x_wconf 79' lang='grc' dir='ltr'>καλῷ</span> <span class='ocrx_word' id='word_1_285' title='bbox 460 2130 563 2198; x_wconf 69' lang='grc' dir='ltr'>τὴν</span> <span class='ocrx_word' id='word_1_286' title='bbox 590 2129 729 2204; x_wconf 84' lang='grc' dir='ltr'>πρὸς</span> <span class='ocrx_word' id='word_1_287' title='bbox 762 2129 905 2204; x_wconf 69' lang='grc' dir='ltr'>ὑμᾶς</span> <span class='ocrx_word' id='word_1_288' title='bbox 927 2127 1073 2187; x_wconf 82' lang='grc' dir='ltr'>ὁδόν.</span> 
     </span>
    </p>
   </div>
   <div class='ocr_carea' id='block_1_39' title="bbox 2048 1956 3704 2030">
    <p class='ocr_par' dir='ltr' id='par_1_39' title="bbox 2048 1956 3704 2030">
     <span class='ocr_line' id='line_1_39' title="bbox 2048 1956 3704 2030; baseline 0 -19"><span class='ocrx_word' id='word_1_289' title='bbox 2048 1956 2283 2012; x_wconf 85' lang='lat' dir='ltr'>Etenim</span> <span class='ocrx_word' id='word_1_290' title='bbox 2314 1958 2610 2029; x_wconf 83' lang='lat' dir='ltr'>proﬁcisci</span> <span class='ocrx_word' id='word_1_291' title='bbox 2643 1957 3022 2030; x_wconf 78' lang='lat' dir='ltr'>praperabat,</span> <span class='ocrx_word' id='word_1_292' title='bbox 3057 1962 3115 2012; x_wconf 90' lang='lat' dir='ltr'>et</span> <span class='ocrx_word' id='word_1_293' title='bbox 3136 1960 3353 2029; x_wconf 62' lang='lat' dir='ltr'>praeter</span> <span class='ocrx_word' id='word_1_294' title='bbox 3374 1957 3475 2012; x_wconf 89' lang='lat' dir='ltr'>Dei</span> <span class='ocrx_word' id='word_1_295' title='bbox 3498 1956 3704 2011; x_wconf 90' lang='lat' dir='ltr'>volun-</span> 
     </span>
    </p>
   </div>
   <div class='ocr_carea' id='block_1_40' title="bbox 2050 2045 3705 2114">
    <p class='ocr_par' dir='ltr' id='par_1_40' title="bbox 2050 2045 3705 2114">
     <span class='ocr_line' id='line_1_40' title="bbox 2050 2045 3705 2114; baseline 0.001 -14"><span class='ocrx_word' id='word_1_296' title='bbox 2050 2050 2233 2101; x_wconf 87' lang='lat' dir='ltr'>tatem</span> <span class='ocrx_word' id='word_1_297' title='bbox 2264 2045 2324 2102; x_wconf 92' lang='lat' dir='ltr'>id</span> <span class='ocrx_word' id='word_1_298' title='bbox 2354 2046 2550 2103; x_wconf 88' lang='lat' dir='ltr'>facere</span> <span class='ocrx_word' id='word_1_299' title='bbox 2581 2046 2840 2103; x_wconf 89' lang='lat' dir='ltr'>nolebat.</span> <span class='ocrx_word' id='word_1_300' title='bbox 2876 2046 3032 2101; x_wconf 89' lang='lat' dir='ltr'>Illud</span> <span class='ocrx_word' id='word_1_301' title='bbox 3062 2063 3220 2114; x_wconf 88' lang='lat' dir='ltr'>vero,</span> <span class='ocrx_word' id='word_1_302' title='bbox 3249 2047 3378 2101; x_wconf 86' lang='lat' dir='ltr'>Jam</span> <span class='ocrx_word' id='word_1_303' title='bbox 3436 2046 3705 2112; x_wconf 86' lang='lat' dir='ltr'>tandem,</span> 
     </span>
    </p>
   </div>
   <div class='ocr_carea' id='block_1_41' title="bbox 2048 2135 3704 2206">
    <p class='ocr_par' dir='ltr' id='par_1_41' title="bbox 2048 2135 3704 2206">
     <span class='ocr_line' id='line_1_41' title="bbox 2048 2135 3704 2206; baseline 0 -16"><span class='ocrx_word' id='word_1_304' title='bbox 2048 2136 2159 2191; x_wconf 90' lang='lat' dir='ltr'>hoc</span> <span class='ocrx_word' id='word_1_305' title='bbox 2185 2142 2277 2192; x_wconf 91' lang='lat' dir='ltr'>est</span> <span class='ocrx_word' id='word_1_306' title='bbox 2307 2152 2439 2192; x_wconf 89' lang='lat' dir='ltr'>sero</span> <span class='ocrx_word' id='word_1_307' title='bbox 2488 2136 2752 2204; x_wconf 86' lang='lat' dir='ltr'>tandem,</span> <span class='ocrx_word' id='word_1_308' title='bbox 2803 2136 3189 2192; x_wconf 85' lang='lat' dir='ltr'>vehementer</span> <span class='ocrx_word' id='word_1_309' title='bbox 3234 2135 3613 2206; x_wconf 88' lang='lat' dir='ltr'>properantis</span> <span class='ocrx_word' id='word_1_310' title='bbox 3643 2139 3704 2190; x_wconf 87' lang='lat' dir='ltr'>et</span> 
     </span>
    </p>
   </div>
   <div class='ocr_carea' id='block_1_42' title="bbox 269 2218 3704 2298">
    <p class='ocr_par' dir='ltr' id='par_1_42' title="bbox 269 2218 3704 2298">
     <span class='ocr_line' id='line_1_42' title="bbox 269 2218 3704 2298; baseline 0.002 -24"><span class='ocrx_word' id='word_1_311' title='bbox 269 2218 540 2290; x_wconf 84' lang='lat' dir='ltr'>optantis</span> <span class='ocrx_word' id='word_1_312' title='bbox 570 2225 680 2277; x_wconf 84' lang='lat' dir='ltr'>est.</span> <span class='ocrx_word' id='word_1_313' title='bbox 718 2243 747 2271; x_wconf 72' lang='lat' dir='ltr'>cc</span> <span class='ocrx_word' id='word_1_314' title='bbox 780 2222 1139 2294; x_wconf 89' lang='lat' dir='ltr'>Prosperum</span> <span class='ocrx_word' id='word_1_315' title='bbox 1165 2223 1312 2279; x_wconf 85' lang='lat' dir='ltr'>mihi</span> <span class='ocrx_word' id='word_1_316' title='bbox 1342 2223 1647 2297; x_wconf 83' lang='lat' dir='ltr'>contingat</span> <span class='ocrx_word' id='word_1_317' title='bbox 1673 2224 1806 2281; x_wconf 89' lang='lat' dir='ltr'>iter.</span> <span class='ocrx_word' id='word_1_318' title='bbox 1843 2246 1871 2275; x_wconf 86' lang='lat'><strong>»</strong></span> <span class='ocrx_word' id='word_1_319' title='bbox 1900 2224 2292 2295; x_wconf 87' lang='lat' dir='ltr'>Facilitatem,</span> <span class='ocrx_word' id='word_1_320' title='bbox 2325 2227 2539 2298; x_wconf 88' lang='lat' dir='ltr'>inquit,</span> <span class='ocrx_word' id='word_1_321' title='bbox 2572 2225 2847 2297; x_wconf 88' lang='lat' dir='ltr'>habeam,</span> <span class='ocrx_word' id='word_1_322' title='bbox 2907 2231 2967 2281; x_wconf 88' lang='lat' dir='ltr'>et</span> <span class='ocrx_word' id='word_1_323' title='bbox 3023 2225 3097 2281; x_wconf 91' lang='lat' dir='ltr'>ad</span> <span class='ocrx_word' id='word_1_324' title='bbox 3151 2225 3334 2281; x_wconf 82' lang='lat' dir='ltr'>finem</span> <span class='ocrx_word' id='word_1_325' title='bbox 3385 2224 3704 2281; x_wconf 88' lang='lat' dir='ltr'>honestum</span> 
     </span>
    </p>
   </div>
   <div class='ocr_carea' id='block_1_43' title="bbox 267 2309 643 2367">
    <p class='ocr_par' dir='ltr' id='par_1_43' title="bbox 267 2309 643 2367">
     <span class='ocr_line' id='line_1_43' title="bbox 267 2309 643 2367; baseline 0.003 -2"><span class='ocrx_word' id='word_1_326' title='bbox 267 2311 383 2366; x_wconf 87' lang='lat' dir='ltr'>iter</span> <span class='ocrx_word' id='word_1_327' title='bbox 410 2309 489 2367; x_wconf 91' lang='lat' dir='ltr'>ad</span> <span class='ocrx_word' id='word_1_328' title='bbox 520 2326 643 2366; x_wconf 85' lang='lat' dir='ltr'>vos.</span> 
     </span>
    </p>
   </div>
   <div class='ocr_carea' id='block_1_44' title="bbox 342 2395 1938 2477">
    <p class='ocr_par' dir='ltr' id='par_1_44' title="bbox 342 2395 1938 2477">
     <span class='ocr_line' id='line_1_44' title="bbox 342 2395 1938 2477; baseline 0.001 -24"><span class='ocrx_word' id='word_1_329' title='bbox 342 2397 638 2453; x_wconf 82' lang='grc' dir='ltr'>Ἐπιποθῶ</span> <span class='ocrx_word' id='word_1_330' title='bbox 671 2397 777 2472; x_wconf 82' lang='grc' dir='ltr'>γὰρ</span> <span class='ocrx_word' id='word_1_331' title='bbox 837 2395 968 2453; x_wconf 75' lang='grc' dir='ltr'>ἰδεῖν</span> <span class='ocrx_word' id='word_1_332' title='bbox 1032 2398 1198 2473; x_wconf 75' lang='grc' dir='ltr'>ὑμᾶς,</span> <span class='ocrx_word' id='word_1_333' title='bbox 1249 2397 1339 2455; x_wconf 72' lang='grc' dir='ltr'>’ίνα</span> <span class='ocrx_word' id='word_1_334' title='bbox 1388 2420 1442 2454; x_wconf 92' lang='grc' dir='ltr'>τι</span> <span class='ocrx_word' id='word_1_335' title='bbox 1498 2399 1713 2474; x_wconf 88' lang='grc' dir='ltr'>μεταδω</span> <span class='ocrx_word' id='word_1_336' title='bbox 1773 2401 1938 2477; x_wconf 85' lang='grc' dir='ltr'>χάρι-</span> 
     </span>
    </p>
   </div>
   <div class='ocr_carea' id='block_1_45' title="bbox 270 2487 1933 2565">
    <p class='ocr_par' dir='ltr' id='par_1_45' title="bbox 270 2487 1933 2565">
     <span class='ocr_line' id='line_1_45' title="bbox 270 2487 1933 2565; baseline 0.002 -24"><span class='ocrx_word' id='word_1_337' title='bbox 270 2507 383 2561; x_wconf 85' lang='grc' dir='ltr'>σμα</span> <span class='ocrx_word' id='word_1_338' title='bbox 432 2487 571 2560; x_wconf 77' lang='grc' dir='ltr'>ὑμῖν</span> <span class='ocrx_word' id='word_1_339' title='bbox 631 2489 1023 2561; x_wconf 82' lang='grc' dir='ltr'>πνευματικὸν,</span> <span class='ocrx_word' id='word_1_340' title='bbox 1084 2489 1160 2551; x_wconf 85' lang='grc' dir='ltr'>εἰς</span> <span class='ocrx_word' id='word_1_341' title='bbox 1212 2490 1275 2544; x_wconf 87' lang='grc' dir='ltr'>τὸ</span> <span class='ocrx_word' id='word_1_342' title='bbox 1351 2492 1716 2565; x_wconf 74' lang='grc' dir='ltr'>στηριχθῆναι</span> <span class='ocrx_word' id='word_1_343' title='bbox 1771 2489 1933 2564; x_wconf 78' lang='grc' dir='ltr'>ὑμᾶς·</span> 
     </span>
    </p>
   </div>
   <div class='ocr_carea' id='block_1_46' title="bbox 266 2572 1936 2652">
    <p class='ocr_par' dir='ltr' id='par_1_46' title="bbox 266 2572 1936 2652">
     <span class='ocr_line' id='line_1_46' title="bbox 266 2572 1936 2652; baseline 0.002 -23"><span class='ocrx_word' id='word_1_344' title='bbox 266 2577 432 2630; x_wconf 85' lang='grc' dir='ltr'>τοῦτο</span> <span class='ocrx_word' id='word_1_345' title='bbox 520 2572 580 2630; x_wconf 75' lang='grc' dir='ltr'><strong>δέ</strong></span> <span class='ocrx_word' id='word_1_346' title='bbox 634 2573 771 2645; x_wconf 76' lang='grc' dir='ltr'>ἐστι,</span> <span class='ocrx_word' id='word_1_347' title='bbox 861 2575 1398 2652; x_wconf 77' lang='grc' dir='ltr'>συμπαρακληθῆναι</span> <span class='ocrx_word' id='word_1_348' title='bbox 1481 2576 1535 2633; x_wconf 81' lang='grc' dir='ltr'>ἐν</span> <span class='ocrx_word' id='word_1_349' title='bbox 1633 2578 1763 2652; x_wconf 82' lang='grc' dir='ltr'>ὑμῖν</span> <span class='ocrx_word' id='word_1_350' title='bbox 1845 2575 1936 2633; x_wconf 74' lang='grc' dir='ltr'>διὰ</span> 
     </span>
    </p>
   </div>
   <div class='ocr_carea' id='block_1_47' title="bbox 266 2664 1932 2744">
    <p class='ocr_par' dir='ltr' id='par_1_47' title="bbox 266 2664 1932 2744">
     <span class='ocr_line' id='line_1_47' title="bbox 266 2664 1932 2744; baseline 0.004 -24"><span class='ocrx_word' id='word_1_351' title='bbox 266 2673 368 2736; x_wconf 78' lang='grc' dir='ltr'>τῆς</span> <span class='ocrx_word' id='word_1_352' title='bbox 428 2665 487 2722; x_wconf 78' lang='grc' dir='ltr'>ἐν</span> <span class='ocrx_word' id='word_1_353' title='bbox 545 2664 826 2737; x_wconf 73' lang='grc' dir='ltr'>ἀλλήλοις</span> <span class='ocrx_word' id='word_1_354' title='bbox 910 2667 1165 2736; x_wconf 79' lang='grc' dir='ltr'>πίστεως,</span> <span class='ocrx_word' id='word_1_355' title='bbox 1260 2668 1413 2743; x_wconf 83' lang='grc' dir='ltr'>ὑμῶν</span> <span class='ocrx_word' id='word_1_356' title='bbox 1488 2689 1547 2725; x_wconf 88' lang='grc' dir='ltr'>τε</span> <span class='ocrx_word' id='word_1_357' title='bbox 1631 2669 1721 2725; x_wconf 78' lang='grc' dir='ltr'>καὶ</span> <span class='ocrx_word' id='word_1_358' title='bbox 1775 2669 1932 2744; x_wconf 77' lang='grc' dir='ltr'>ἐμοῦ.</span> 
     </span>
    </p>
   </div>
   <div class='ocr_carea' id='block_1_48' title="bbox 337 2753 1932 2836">
    <p class='ocr_par' dir='ltr' id='par_1_48' title="bbox 337 2753 1932 2836">
     <span class='ocr_line' id='line_1_48' title="bbox 337 2753 1932 2836; baseline 0.003 -26"><span class='ocrx_word' id='word_1_359' title='bbox 337 2756 468 2832; x_wconf 69' lang='grc' dir='ltr'>Οὐχ</span> <span class='ocrx_word' id='word_1_360' title='bbox 496 2753 697 2819; x_wconf 75' lang='grc' dir='ltr'>ἁπλῶς</span> <span class='ocrx_word' id='word_1_361' title='bbox 719 2753 797 2828; x_wconf 66' lang='grc' dir='ltr'>δὲ,</span> <span class='ocrx_word' id='word_1_362' title='bbox 821 2758 978 2836; x_wconf 51' lang='lat' dir='ltr'>tenui,</span> <span class='ocrx_word' id='word_1_363' title='bbox 1009 2759 1097 2813; x_wconf 85' lang='grc' dir='ltr'>καὶ</span> <span class='ocrx_word' id='word_1_364' title='bbox 1127 2759 1403 2829; x_wconf 81' lang='grc' dir='ltr'>ἀνονήτως</span> <span class='ocrx_word' id='word_1_365' title='bbox 1430 2756 1566 2814; x_wconf 77' lang='grc' dir='ltr'>ἰδεῖν</span> <span class='ocrx_word' id='word_1_366' title='bbox 1604 2761 1743 2833; x_wconf 85' lang='grc' dir='ltr'>ὑμᾶς</span> <span class='ocrx_word' id='word_1_367' title='bbox 1763 2781 1932 2816; x_wconf 87' lang='grc' dir='ltr'>σπου-</span> 
     </span>
    </p>
   </div>
   <div class='ocr_carea' id='block_1_49' title="bbox 268 2843 1934 2924">
    <p class='ocr_par' dir='ltr' id='par_1_49' title="bbox 268 2843 1934 2924">
     <span class='ocr_line' id='line_1_49' title="bbox 268 2843 1934 2924; baseline 0.002 -23"><span class='ocrx_word' id='word_1_368' title='bbox 268 2844 440 2917; x_wconf 75' lang='grc' dir='ltr'>δάζω,</span> <span class='ocrx_word' id='word_1_369' title='bbox 474 2843 610 2901; x_wconf 75' lang='grc' dir='ltr'>ἀλλ’</span> <span class='ocrx_word' id='word_1_370' title='bbox 650 2843 790 2902; x_wconf 77' lang='grc' dir='ltr'>ὥστε</span> <span class='ocrx_word' id='word_1_371' title='bbox 821 2847 1068 2922; x_wconf 79' lang='grc' dir='ltr'>χάρισμα</span> <span class='ocrx_word' id='word_1_372' title='bbox 1119 2845 1463 2920; x_wconf 85' lang='grc' dir='ltr'>μεταδοῦναι.</span> <span class='ocrx_word' id='word_1_373' title='bbox 1525 2851 1678 2924; x_wconf 72' lang='grc' dir='ltr'>Λέγει</span> <span class='ocrx_word' id='word_1_374' title='bbox 1729 2846 1788 2904; x_wconf 73' lang='grc' dir='ltr'>δὲ</span> <span class='ocrx_word' id='word_1_375' title='bbox 1833 2851 1934 2919; x_wconf 73' lang='grc' dir='ltr'>τὴν</span> 
     </span>
    </p>
   </div>
   <div class='ocr_carea' id='block_1_50' title="bbox 269 2934 1933 3014">
    <p class='ocr_par' dir='ltr' id='par_1_50' title="bbox 269 2934 1933 3014">
     <span class='ocr_line' id='line_1_50' title="bbox 269 2934 1933 3014; baseline 0.001 -23"><span class='ocrx_word' id='word_1_376' title='bbox 269 2934 510 3012; x_wconf 73' lang='grc' dir='ltr'>διδαχὴν</span> <span class='ocrx_word' id='word_1_377' title='bbox 547 2936 646 2991; x_wconf 76' lang='grc' dir='ltr'>καὶ</span> <span class='ocrx_word' id='word_1_378' title='bbox 676 2938 776 3006; x_wconf 79' lang='grc' dir='ltr'>τήν</span> <span class='ocrx_word' id='word_1_379' title='bbox 804 2939 1134 3013; x_wconf 79' lang='grc' dir='ltr'>κατήχησιν.</span> <span class='ocrx_word' id='word_1_380' title='bbox 1170 2940 1349 2996; x_wconf 87' lang='grc' dir='ltr'>Τοῦτο</span> <span class='ocrx_word' id='word_1_381' title='bbox 1378 2939 1483 3014; x_wconf 71' lang='grc' dir='ltr'>γὰρ</span> <span class='ocrx_word' id='word_1_382' title='bbox 1512 2939 1575 2993; x_wconf 87' lang='grc' dir='ltr'>τὸ</span> <span class='ocrx_word' id='word_1_383' title='bbox 1622 2945 1933 3014; x_wconf 77' lang='grc' dir='ltr'>στηριχθῆ-</span> 
     </span>
    </p>
   </div>
   <div class='ocr_carea' id='block_1_51' title="bbox 270 3025 1933 3102">
    <p class='ocr_par' dir='ltr' id='par_1_51' title="bbox 270 3025 1933 3102">
     <span class='ocr_line' id='line_1_51' title="bbox 270 3025 1933 3102; baseline 0.002 -22"><span class='ocrx_word' id='word_1_384' title='bbox 270 3047 380 3091; x_wconf 85' lang='grc' dir='ltr'>ναι,</span> <span class='ocrx_word' id='word_1_385' title='bbox 419 3026 497 3089; x_wconf 81' lang='grc' dir='ltr'>ὡς</span> <span class='ocrx_word' id='word_1_386' title='bbox 529 3025 705 3096; x_wconf 80' lang='grc' dir='ltr'>εἰκὸς,</span> <span class='ocrx_word' id='word_1_387' title='bbox 739 3027 922 3099; x_wconf 78' lang='grc' dir='ltr'>ακμήν</span> <span class='ocrx_word' id='word_1_388' title='bbox 951 3028 1337 3102; x_wconf 64' lang='grc' dir='ltr'>σαλευομένων</span> <span class='ocrx_word' id='word_1_389' title='bbox 1365 3028 1563 3084; x_wconf 78' lang='grc' dir='ltr'>αὐτῶν.</span> <span class='ocrx_word' id='word_1_390' title='bbox 1594 3029 1671 3084; x_wconf 85' lang='grc' dir='ltr'>Τὸ</span> <span class='ocrx_word' id='word_1_391' title='bbox 1702 3026 1759 3083; x_wconf 78' lang='grc' dir='ltr'>δὲ</span> <span class='ocrx_word' id='word_1_392' title='bbox 1781 3052 1809 3081; x_wconf 89' lang='grc'>‹‹</span> <span class='ocrx_word' id='word_1_393' title='bbox 1840 3027 1933 3083; x_wconf 84' lang='grc' dir='ltr'>ἳνα</span> 
     </span>
    </p>
   </div>
   <div class='ocr_carea' id='block_1_52' title="bbox 275 3114 1929 3192">
    <p class='ocr_par' dir='ltr' id='par_1_52' title="bbox 275 3114 1929 3192">
     <span class='ocr_line' id='line_1_52' title="bbox 275 3114 1929 3192; baseline 0.002 -22"><span class='ocrx_word' id='word_1_394' title='bbox 275 3137 349 3184; x_wconf 85' lang='grc' dir='ltr'>τι,</span> <span class='ocrx_word' id='word_1_395' title='bbox 386 3142 412 3167; x_wconf 71' lang='grc' dir='ltr'>η</span> <span class='ocrx_word' id='word_1_396' title='bbox 443 3114 837 3192; x_wconf 69' lang='grc' dir='ltr'>μετριάζοντὸς</span> <span class='ocrx_word' id='word_1_397' title='bbox 869 3114 1033 3187; x_wconf 84' lang='grc' dir='ltr'>ἐστιν,</span> <span class='ocrx_word' id='word_1_398' title='bbox 1066 3116 1194 3173; x_wconf 80' lang='grc' dir='ltr'>ὡσεὶ</span> <span class='ocrx_word' id='word_1_399' title='bbox 1225 3118 1390 3185; x_wconf 77' lang='grc' dir='ltr'>εἶπεν,</span> <span class='ocrx_word' id='word_1_400' title='bbox 1447 3121 1565 3175; x_wconf 72' lang='grc' dir='ltr'>Ἵνα</span> <span class='ocrx_word' id='word_1_401' title='bbox 1617 3119 1811 3191; x_wconf 84' lang='grc' dir='ltr'>μικρόν</span> <span class='ocrx_word' id='word_1_402' title='bbox 1853 3138 1929 3175; x_wconf 86' lang='grc' dir='ltr'>τι.</span> 
     </span>
    </p>
   </div>
   <div class='ocr_carea' id='block_1_53' title="bbox 271 3202 1929 3281">
    <p class='ocr_par' dir='ltr' id='par_1_53' title="bbox 271 3202 1929 3281">
     <span class='ocr_line' id='line_1_53' title="bbox 271 3202 1929 3281; baseline -0.001 -18"><span class='ocrx_word' id='word_1_403' title='bbox 271 3207 347 3263; x_wconf 82' lang='grc' dir='ltr'>Τὸ</span> <span class='ocrx_word' id='word_1_404' title='bbox 374 3203 430 3261; x_wconf 80' lang='grc' dir='ltr'>δὲ</span> <span class='ocrx_word' id='word_1_405' title='bbox 460 3230 489 3257; x_wconf 75' lang='grc' dir='ltr'>(ι</span> <span class='ocrx_word' id='word_1_406' title='bbox 530 3202 778 3263; x_wconf 62' lang='grc' dir='ltr'>διεταδῶ</span> <span class='ocrx_word' id='word_1_407' title='bbox 810 3229 836 3258; x_wconf 75' lang='grc' dir='ltr'>ι»</span> <span class='ocrx_word' id='word_1_408' title='bbox 872 3203 1058 3277; x_wconf 85' lang='grc' dir='ltr'>δηλοῖ,</span> <span class='ocrx_word' id='word_1_409' title='bbox 1092 3207 1177 3261; x_wconf 80' lang='grc' dir='ltr'>’ὁτι</span> <span class='ocrx_word' id='word_1_410' title='bbox 1201 3206 1318 3265; x_wconf 79' lang='grc' dir='ltr'>Οὐκ</span> <span class='ocrx_word' id='word_1_411' title='bbox 1346 3206 1478 3281; x_wconf 81' lang='grc' dir='ltr'>ἐμόν</span> <span class='ocrx_word' id='word_1_412' title='bbox 1509 3229 1562 3262; x_wconf 87' lang='grc' dir='ltr'>τι</span> <span class='ocrx_word' id='word_1_413' title='bbox 1590 3204 1773 3276; x_wconf 87' lang='grc' dir='ltr'>δώσω,</span> <span class='ocrx_word' id='word_1_414' title='bbox 1795 3204 1929 3278; x_wconf 83' lang='grc' dir='ltr'>ἀλλ,</span> 
     </span>
    </p>
   </div>
   <div class='ocr_carea' id='block_1_54' title="bbox 2121 2402 3705 2474">
    <p class='ocr_par' dir='ltr' id='par_1_54' title="bbox 2121 2402 3705 2474">
     <span class='ocr_line' id='line_1_54' title="bbox 2121 2402 3705 2474; baseline -0.001 -15"><span class='ocrx_word' id='word_1_415' title='bbox 2121 2406 2166 2471; x_wconf 87' lang='grc'>1,</span> <span class='ocrx_word' id='word_1_416' title='bbox 2203 2410 2288 2474; x_wconf 86' lang='grc'><strong>11,</strong></span> <span class='ocrx_word' id='word_1_417' title='bbox 2313 2406 2663 2463; x_wconf 81' lang='lat' dir='ltr'>l2.Desidero</span> <span class='ocrx_word' id='word_1_418' title='bbox 2684 2405 2831 2461; x_wconf 83' lang='lat' dir='ltr'>enim</span> <span class='ocrx_word' id='word_1_419' title='bbox 2856 2403 3042 2460; x_wconf 80' lang='lat' dir='ltr'>videre</span> <span class='ocrx_word' id='word_1_420' title='bbox 3062 2402 3473 2474; x_wconf 80' lang='lat' dir='ltr'>vos,utaliquid</span> <span class='ocrx_word' id='word_1_421' title='bbox 3485 2404 3705 2459; x_wconf 79' lang='lat' dir='ltr'>tradam</span> 
     </span>
    </p>
   </div>
   <div class='ocr_carea' id='block_1_55' title="bbox 2047 2494 3700 2568">
    <p class='ocr_par' dir='ltr' id='par_1_55' title="bbox 2047 2494 3700 2568">
     <span class='ocr_line' id='line_1_55' title="bbox 2047 2494 3700 2568; baseline -0.003 -15"><span class='ocrx_word' id='word_1_422' title='bbox 2047 2498 2196 2554; x_wconf 75' lang='lat' dir='ltr'>vobis</span> <span class='ocrx_word' id='word_1_423' title='bbox 2209 2500 2413 2568; x_wconf 56' lang='lat' dir='ltr'>gratia</span> <span class='ocrx_word' id='word_1_424' title='bbox 2433 2496 2848 2568; x_wconf 82' lang='lat' dir='ltr'>spiritualis,ad</span> <span class='ocrx_word' id='word_1_425' title='bbox 2869 2494 3310 2566; x_wconf 80' lang='lat' dir='ltr'>conﬁrmandum</span> <span class='ocrx_word' id='word_1_426' title='bbox 3326 2509 3419 2550; x_wconf 78' lang='lat' dir='ltr'>vos</span> <span class='ocrx_word' id='word_1_427' title='bbox 3441 2510 3454 2548; x_wconf 91' lang='lat'>:</span> <span class='ocrx_word' id='word_1_428' title='bbox 3481 2494 3582 2549; x_wconf 84' lang='lat' dir='ltr'>hoc</span> <span class='ocrx_word' id='word_1_429' title='bbox 3598 2500 3700 2561; x_wconf 75' lang='lat' dir='ltr'>est,</span> 
     </span>
    </p>
   </div>
   <div class='ocr_carea' id='block_1_56' title="bbox 2045 2584 3697 2657">
    <p class='ocr_par' dir='ltr' id='par_1_56' title="bbox 2045 2584 3697 2657">
     <span class='ocr_line' id='line_1_56' title="bbox 2045 2584 3697 2657; baseline -0.002 -14"><span class='ocrx_word' id='word_1_430' title='bbox 2045 2595 2109 2643; x_wconf 84' lang='lat' dir='ltr'>ut</span> <span class='ocrx_word' id='word_1_431' title='bbox 2137 2589 2305 2644; x_wconf 74' lang='lat' dir='ltr'>simul</span> <span class='ocrx_word' id='word_1_432' title='bbox 2353 2588 2780 2644; x_wconf 83' lang='lat' dir='ltr'>consolationem</span> <span class='ocrx_word' id='word_1_433' title='bbox 2823 2588 3097 2657; x_wconf 85' lang='lat' dir='ltr'>accipiam</span> <span class='ocrx_word' id='word_1_434' title='bbox 3122 2587 3182 2641; x_wconf 86' lang='lat' dir='ltr'>in</span> <span class='ocrx_word' id='word_1_435' title='bbox 3233 2584 3383 2640; x_wconf 80' lang='lat' dir='ltr'>vobis</span> <span class='ocrx_word' id='word_1_436' title='bbox 3424 2601 3532 2655; x_wconf 85' lang='lat' dir='ltr'>per</span> <span class='ocrx_word' id='word_1_437' title='bbox 3578 2600 3697 2639; x_wconf 78' lang='lat' dir='ltr'>mu-</span> 
     </span>
    </p>
   </div>
   <div class='ocr_carea' id='block_1_57' title="bbox 2047 2676 3151 2747">
    <p class='ocr_par' dir='ltr' id='par_1_57' title="bbox 2047 2676 3151 2747">
     <span class='ocr_line' id='line_1_57' title="bbox 2047 2676 3151 2747; baseline -0.003 -15"><span class='ocrx_word' id='word_1_438' title='bbox 2047 2683 2199 2733; x_wconf 84' lang='lat' dir='ltr'>tuam</span> <span class='ocrx_word' id='word_1_439' title='bbox 2227 2677 2389 2747; x_wconf 79' lang='lat' dir='ltr'>ﬁdem</span> <span class='ocrx_word' id='word_1_440' title='bbox 2416 2684 2655 2733; x_wconf 79' lang='lat' dir='ltr'>vestram</span> <span class='ocrx_word' id='word_1_441' title='bbox 2683 2676 2849 2732; x_wconf 83' lang='lat' dir='ltr'>simul</span> <span class='ocrx_word' id='word_1_442' title='bbox 2879 2682 2932 2731; x_wconf 87' lang='lat' dir='ltr'>et</span> <span class='ocrx_word' id='word_1_443' title='bbox 2954 2692 3151 2732; x_wconf 91' lang='lat' dir='ltr'>meam.</span> 
     </span>
    </p>
   </div>
   <div class='ocr_carea' id='block_1_58' title="bbox 2115 2763 3701 2840">
    <p class='ocr_par' dir='ltr' id='par_1_58' title="bbox 2115 2763 3701 2840">
     <span class='ocr_line' id='line_1_58' title="bbox 2115 2763 3701 2840; baseline -0.001 -18"><span class='ocrx_word' id='word_1_444' title='bbox 2115 2768 2242 2823; x_wconf 89' lang='lat' dir='ltr'>Non</span> <span class='ocrx_word' id='word_1_445' title='bbox 2271 2767 2519 2840; x_wconf 86' lang='lat' dir='ltr'>vulgari,</span> <span class='ocrx_word' id='word_1_446' title='bbox 2555 2766 2775 2837; x_wconf 77' lang='lat' dir='ltr'>inquit,</span> <span class='ocrx_word' id='word_1_447' title='bbox 2808 2765 2985 2821; x_wconf 91' lang='lat' dir='ltr'>modo</span> <span class='ocrx_word' id='word_1_448' title='bbox 3018 2770 3077 2820; x_wconf 88' lang='lat' dir='ltr'>et</span> <span class='ocrx_word' id='word_1_449' title='bbox 3107 2763 3235 2820; x_wconf 88' lang='lat' dir='ltr'>sine</span> <span class='ocrx_word' id='word_1_450' title='bbox 3272 2763 3469 2820; x_wconf 87' lang='lat' dir='ltr'>fructu</span> <span class='ocrx_word' id='word_1_451' title='bbox 3499 2763 3701 2820; x_wconf 89' lang='lat' dir='ltr'>videre</span> 
     </span>
    </p>
   </div>
   <div class='ocr_carea' id='block_1_59' title="bbox 2043 2853 3700 2929">
    <p class='ocr_par' dir='ltr' id='par_1_59' title="bbox 2043 2853 3700 2929">
     <span class='ocr_line' id='line_1_59' title="bbox 2043 2853 3700 2929; baseline -0.001 -20"><span class='ocrx_word' id='word_1_452' title='bbox 2043 2872 2144 2912; x_wconf 88' lang='lat' dir='ltr'>vos</span> <span class='ocrx_word' id='word_1_453' title='bbox 2173 2858 2369 2928; x_wconf 85' lang='lat' dir='ltr'>cupio,</span> <span class='ocrx_word' id='word_1_454' title='bbox 2402 2855 2508 2911; x_wconf 88' lang='lat' dir='ltr'>sed</span> <span class='ocrx_word' id='word_1_455' title='bbox 2562 2862 2632 2911; x_wconf 90' lang='lat' dir='ltr'>ut</span> <span class='ocrx_word' id='word_1_456' title='bbox 2682 2856 2933 2929; x_wconf 76' lang='lat' dir='ltr'>gratiam</span> <span class='ocrx_word' id='word_1_457' title='bbox 2983 2854 3236 2909; x_wconf 90' lang='lat' dir='ltr'>tradam.</span> <span class='ocrx_word' id='word_1_458' title='bbox 3288 2853 3441 2909; x_wconf 88' lang='lat' dir='ltr'>Dicit</span> <span class='ocrx_word' id='word_1_459' title='bbox 3496 2858 3700 2910; x_wconf 89' lang='lat' dir='ltr'>autem</span> 
     </span>
    </p>
   </div>
   <div class='ocr_carea' id='block_1_60' title="bbox 2042 2940 3701 3010">
    <p class='ocr_par' dir='ltr' id='par_1_60' title="bbox 2042 2940 3701 3010">
     <span class='ocr_line' id='line_1_60' title="bbox 2042 2940 3701 3010; baseline -0.004 -8"><span class='ocrx_word' id='word_1_460' title='bbox 2042 2946 2375 3002; x_wconf 89' lang='lat' dir='ltr'>doctrinam</span> <span class='ocrx_word' id='word_1_461' title='bbox 2398 2951 2456 3001; x_wconf 88' lang='lat' dir='ltr'>et</span> <span class='ocrx_word' id='word_1_462' title='bbox 2476 2945 3091 3000; x_wconf 86' lang='lat' dir='ltr'>institutionem.Nam</span> <span class='ocrx_word' id='word_1_463' title='bbox 3105 2943 3217 2997; x_wconf 90' lang='lat' dir='ltr'>hoc</span> <span class='ocrx_word' id='word_1_464' title='bbox 3230 2947 3320 2996; x_wconf 89' lang='lat' dir='ltr'>est</span> <span class='ocrx_word' id='word_1_465' title='bbox 3332 2940 3701 3010; x_wconf 83' lang='lat' dir='ltr'>conﬁrmari,</span> 
     </span>
    </p>
   </div>
   <div class='ocr_carea' id='block_1_61' title="bbox 2041 3031 3698 3106">
    <p class='ocr_par' dir='ltr' id='par_1_61' title="bbox 2041 3031 3698 3106">
     <span class='ocr_line' id='line_1_61' title="bbox 2041 3031 3698 3106; baseline -0.003 -15"><span class='ocrx_word' id='word_1_466' title='bbox 2041 3040 2110 3091; x_wconf 90' lang='lat' dir='ltr'>ut</span> <span class='ocrx_word' id='word_1_467' title='bbox 2137 3035 2462 3091; x_wconf 88' lang='lat' dir='ltr'>verisimile</span> <span class='ocrx_word' id='word_1_468' title='bbox 2500 3034 2682 3090; x_wconf 88' lang='lat' dir='ltr'>fuerit</span> <span class='ocrx_word' id='word_1_469' title='bbox 2736 3035 2898 3106; x_wconf 87' lang='lat' dir='ltr'>ipsos</span> <span class='ocrx_word' id='word_1_470' title='bbox 2945 3033 3331 3088; x_wconf 87' lang='lat' dir='ltr'>vehementer</span> <span class='ocrx_word' id='word_1_471' title='bbox 3386 3031 3698 3086; x_wconf 87' lang='lat' dir='ltr'>ﬂuctuare.</span> 
     </span>
    </p>
   </div>
   <div class='ocr_carea' id='block_1_62' title="bbox 2043 3117 3700 3195">
    <p class='ocr_par' dir='ltr' id='par_1_62' title="bbox 2043 3117 3700 3195">
     <span class='ocr_line' id='line_1_62' title="bbox 2043 3117 3700 3195; baseline -0.004 -17"><span class='ocrx_word' id='word_1_472' title='bbox 2043 3122 2199 3179; x_wconf 92' lang='lat' dir='ltr'>Illud</span> <span class='ocrx_word' id='word_1_473' title='bbox 2226 3140 2385 3188; x_wconf 87' lang='lat' dir='ltr'>vero,</span> <span class='ocrx_word' id='word_1_474' title='bbox 2426 3148 2447 3173; x_wconf 81' lang='grc' dir='ltr'>ιι</span> <span class='ocrx_word' id='word_1_475' title='bbox 2481 3127 2549 3179; x_wconf 89' lang='lat' dir='ltr'>ut</span> <span class='ocrx_word' id='word_1_476' title='bbox 2577 3123 2827 3195; x_wconf 90' lang='lat' dir='ltr'>aliquid,</span> <span class='ocrx_word' id='word_1_477' title='bbox 2856 3144 2883 3173; x_wconf 74' lang='grc' dir='ltr'>ιι</span> <span class='ocrx_word' id='word_1_478' title='bbox 2917 3121 3173 3177; x_wconf 89' lang='lat' dir='ltr'>modesti</span> <span class='ocrx_word' id='word_1_479' title='bbox 3206 3120 3390 3176; x_wconf 89' lang='lat' dir='ltr'>animi</span> <span class='ocrx_word' id='word_1_480' title='bbox 3422 3125 3533 3189; x_wconf 91' lang='lat' dir='ltr'>est,</span> <span class='ocrx_word' id='word_1_481' title='bbox 3556 3135 3624 3174; x_wconf 91' lang='lat' dir='ltr'>ac</span> <span class='ocrx_word' id='word_1_482' title='bbox 3647 3117 3700 3172; x_wconf 76' lang='lat' dir='ltr'>si</span> 
     </span>
    </p>
   </div>
   <div class='ocr_carea' id='block_1_63' title="bbox 2042 3206 3700 3283">
    <p class='ocr_par' dir='ltr' id='par_1_63' title="bbox 2042 3206 3700 3283">
     <span class='ocr_line' id='line_1_63' title="bbox 2042 3206 3700 3283; baseline -0.004 -14"><span class='ocrx_word' id='word_1_483' title='bbox 2042 3212 2235 3269; x_wconf 88' lang='lat' dir='ltr'>dicat:</span> <span class='ocrx_word' id='word_1_484' title='bbox 2270 3213 2344 3269; x_wconf 92' lang='lat' dir='ltr'>Ut</span> <span class='ocrx_word' id='word_1_485' title='bbox 2372 3212 2673 3268; x_wconf 91' lang='lat' dir='ltr'>modicum</span> <span class='ocrx_word' id='word_1_486' title='bbox 2703 3211 3031 3283; x_wconf 88' lang='lat' dir='ltr'>quippiam.</span> <span class='ocrx_word' id='word_1_487' title='bbox 3066 3208 3234 3275; x_wconf 89' lang='lat' dir='ltr'>Quod</span> <span class='ocrx_word' id='word_1_488' title='bbox 3290 3214 3491 3265; x_wconf 89' lang='lat' dir='ltr'>autem</span> <span class='ocrx_word' id='word_1_489' title='bbox 3531 3206 3700 3263; x_wconf 90' lang='lat' dir='ltr'>addit</span> 
     </span>
    </p>
   </div>
   <div class='ocr_carea' id='block_1_64' title="bbox 266 3276 1933 3376">
    <p class='ocr_par' dir='ltr' id='par_1_64' title="bbox 266 3276 1925 3376">
     <span class='ocr_line' id='line_1_64' title="bbox 266 3276 1925 3376; baseline -0.001 -24"><span class='ocrx_word' id='word_1_490' title='bbox 266 3297 399 3370; x_wconf 74' lang='grc' dir='ltr'>’ὅπερ</span> <span class='ocrx_word' id='word_1_491' title='bbox 429 3294 526 3351; x_wconf 75' lang='grc' dir='ltr'>καὶ</span> <span class='ocrx_word' id='word_1_492' title='bbox 558 3294 672 3371; x_wconf 73' lang='grc' dir='ltr'>ἐγὼ</span> <span class='ocrx_word' id='word_1_493' title='bbox 703 3276 935 3352; x_wconf 45' lang='grc' dir='ltr'>ἔλαϐον,</span> <span class='ocrx_word' id='word_1_494' title='bbox 964 3321 991 3348; x_wconf 86' lang='grc'>‹‹</span> <span class='ocrx_word' id='word_1_495' title='bbox 1028 3295 1120 3358; x_wconf 78' lang='grc' dir='ltr'>Εἰς</span> <span class='ocrx_word' id='word_1_496' title='bbox 1176 3297 1240 3351; x_wconf 85' lang='grc' dir='ltr'>τὸ</span> <span class='ocrx_word' id='word_1_497' title='bbox 1288 3276 1656 3376; x_wconf 55' lang='grc' dir='ltr'>στήριχοῆναι</span> <span class='ocrx_word' id='word_1_498' title='bbox 1704 3297 1866 3370; x_wconf 76' lang='grc' dir='ltr'>ὑμᾶς.</span> 
     </span>
    </p>
   </div>
   <div class='ocr_carea' id='block_1_65' title="bbox 2046 3276 3699 3376">
    <p class='ocr_par' dir='ltr' id='par_1_65' title="bbox 2047 3276 3699 3376">
     <span class='ocr_line' id='line_1_65' title="bbox 2047 3276 3699 3376; baseline -0.001 -21"><span class='ocrx_word' id='word_1_499' title='bbox 2047 3298 2284 3376; x_wconf 78' lang='grc' dir='ltr'>μεταδῶ,</span> <span class='ocrx_word' id='word_1_500' title='bbox 2318 3325 2347 3353; x_wconf 89' lang='grc'>‹‹</span> <span class='ocrx_word' id='word_1_501' title='bbox 2380 3301 2653 3370; x_wconf 86' lang='lat' dir='ltr'>Tradam,</span> <span class='ocrx_word' id='word_1_502' title='bbox 2697 3276 3073 3373; x_wconf 46' lang='lat' dir='ltr'>n.signiﬁcat.</span> <span class='ocrx_word' id='word_1_503' title='bbox 3108 3298 3266 3354; x_wconf 90' lang='lat' dir='ltr'>Nihil</span> <span class='ocrx_word' id='word_1_504' title='bbox 3298 3297 3457 3370; x_wconf 91' lang='lat' dir='ltr'>quod</span> <span class='ocrx_word' id='word_1_505' title='bbox 3489 3312 3699 3354; x_wconf 89' lang='lat' dir='ltr'>meum</span> 
     </span>
    </p>
   </div>
   <div class='ocr_carea' id='block_1_66' title="bbox 267 3386 1931 3463">
    <p class='ocr_par' dir='ltr' id='par_1_66' title="bbox 267 3386 1931 3463">
     <span class='ocr_line' id='line_1_66' title="bbox 267 3386 1931 3463; baseline 0 -19"><span class='ocrx_word' id='word_1_506' title='bbox 267 3386 343 3444; x_wconf 71' lang='grc' dir='ltr'>Οὔ</span> <span class='ocrx_word' id='word_1_507' title='bbox 382 3389 490 3463; x_wconf 69' lang='grc' dir='ltr'>γαρ</span> <span class='ocrx_word' id='word_1_508' title='bbox 526 3407 730 3461; x_wconf 81' lang='grc' dir='ltr'>μικρον</span> <span class='ocrx_word' id='word_1_509' title='bbox 787 3386 1057 3461; x_wconf 78' lang='grc' dir='ltr'>χάρισμα,</span> <span class='ocrx_word' id='word_1_510' title='bbox 1113 3387 1176 3442; x_wconf 88' lang='grc' dir='ltr'>τὸ</span> <span class='ocrx_word' id='word_1_511' title='bbox 1226 3387 1300 3461; x_wconf 79' lang='grc' dir='ltr'>μὴ</span> <span class='ocrx_word' id='word_1_512' title='bbox 1344 3387 1660 3443; x_wconf 75' lang='grc' dir='ltr'>σαλεύεσθαι</span> <span class='ocrx_word' id='word_1_513' title='bbox 1710 3391 1778 3461; x_wconf 81' lang='grc' dir='ltr'>τῇ</span> <span class='ocrx_word' id='word_1_514' title='bbox 1835 3389 1931 3444; x_wconf 85' lang='grc' dir='ltr'>πί-</span> 
     </span>
    </p>
   </div>
   <div class='ocr_carea' id='block_1_67' title="bbox 266 3473 1933 3556">
    <p class='ocr_par' dir='ltr' id='par_1_67' title="bbox 266 3473 1933 3556">
     <span class='ocr_line' id='line_1_67' title="bbox 266 3473 1933 3556; baseline 0.002 -25"><span class='ocrx_word' id='word_1_515' title='bbox 266 3497 400 3531; x_wconf 85' lang='grc' dir='ltr'>στει.</span> <span class='ocrx_word' id='word_1_516' title='bbox 468 3502 499 3529; x_wconf 72' lang='grc' dir='ltr'>ι(</span> <span class='ocrx_word' id='word_1_517' title='bbox 569 3473 1144 3550; x_wconf 77' lang='grc' dir='ltr'>Συμπαρακληθῆναι.</span> <span class='ocrx_word' id='word_1_518' title='bbox 1195 3499 1223 3529; x_wconf 86' lang='lat'><strong>»</strong></span> <span class='ocrx_word' id='word_1_519' title='bbox 1322 3473 1548 3546; x_wconf 80' lang='grc' dir='ltr'>Ἐπειδὴ</span> <span class='ocrx_word' id='word_1_520' title='bbox 1618 3483 1933 3556; x_wconf 75' lang='grc' dir='ltr'>στηριγμοῦ</span> 
     </span>
    </p>
   </div>
   <div class='ocr_carea' id='block_1_68' title="bbox 269 3564 1928 3640">
    <p class='ocr_par' dir='ltr' id='par_1_68' title="bbox 269 3564 1928 3640">
     <span class='ocr_line' id='line_1_68' title="bbox 269 3564 1928 3640; baseline 0.003 -21"><span class='ocrx_word' id='word_1_521' title='bbox 269 3566 549 3639; x_wconf 53' lang='lat' dir='ltr'>ipsi-1,331,,</span> <span class='ocrx_word' id='word_1_522' title='bbox 588 3564 685 3620; x_wconf 79' lang='grc' dir='ltr'>ἳνα</span> <span class='ocrx_word' id='word_1_523' title='bbox 719 3567 797 3639; x_wconf 80' lang='grc' dir='ltr'>μὴ</span> <span class='ocrx_word' id='word_1_524' title='bbox 831 3564 1056 3640; x_wconf 71' lang='grc' dir='ltr'>λυπήσῃ</span> <span class='ocrx_word' id='word_1_525' title='bbox 1090 3564 1285 3627; x_wconf 74' lang='grc' dir='ltr'>αὐτοὺς</span> <span class='ocrx_word' id='word_1_526' title='bbox 1317 3567 1393 3627; x_wconf 84' lang='grc' dir='ltr'>ὡς</span> <span class='ocrx_word' id='word_1_527' title='bbox 1450 3565 1533 3621; x_wconf 80' lang='grc' dir='ltr'>ὅτι</span> <span class='ocrx_word' id='word_1_528' title='bbox 1588 3564 1928 3634; x_wconf 68' lang='grc' dir='ltr'>σαλεύονται,</span> 
     </span>
    </p>
   </div>
   <div class='ocr_carea' id='block_1_69' title="bbox 275 3651 1933 3732">
    <p class='ocr_par' dir='ltr' id='par_1_69' title="bbox 275 3651 1933 3732">
     <span class='ocr_line' id='line_1_69' title="bbox 275 3651 1933 3732; baseline 0.002 -23"><span class='ocrx_word' id='word_1_529' title='bbox 275 3654 470 3732; x_wconf 56' lang='lat' dir='ltr'>ixi-{ai</span> <span class='ocrx_word' id='word_1_530' title='bbox 500 3656 580 3710; x_wconf 73' lang='grc' dir='ltr'>τόσ</span> <span class='ocrx_word' id='word_1_531' title='bbox 623 3678 653 3709; x_wconf 72' lang='grc' dir='ltr'>ο</span> <span class='ocrx_word' id='word_1_532' title='bbox 688 3654 1258 3732; x_wconf 74' lang='grc' dir='ltr'>Συμπαρακληθῆναι,</span> <span class='ocrx_word' id='word_1_533' title='bbox 1303 3680 1333 3709; x_wconf 84' lang='grc'><strong>››</strong></span> <span class='ocrx_word' id='word_1_534' title='bbox 1379 3651 1656 3712; x_wconf 81' lang='grc' dir='ltr'>τουτέστιν</span> <span class='ocrx_word' id='word_1_535' title='bbox 1710 3656 1798 3712; x_wconf 83' lang='grc' dir='ltr'>ἳνα</span> <span class='ocrx_word' id='word_1_536' title='bbox 1839 3658 1933 3714; x_wconf 80' lang='grc' dir='ltr'>καὶ</span> 
     </span>
    </p>
   </div>
   <div class='ocr_carea' id='block_1_70' title="bbox 288 3741 1930 3824">
    <p class='ocr_par' dir='ltr' id='par_1_70' title="bbox 288 3741 1930 3824">
     <span class='ocr_line' id='line_1_70' title="bbox 288 3741 1930 3824; baseline 0.002 -27"><span class='ocrx_word' id='word_1_537' title='bbox 288 3741 405 3818; x_wconf 67' lang='grc' dir='ltr'>ἐγὼ</span> <span class='ocrx_word' id='word_1_538' title='bbox 437 3744 600 3815; x_wconf 70' lang='grc' dir='ltr'>ὑμᾶς,</span> <span class='ocrx_word' id='word_1_539' title='bbox 640 3746 726 3800; x_wconf 76' lang='grc' dir='ltr'>καὶ</span> <span class='ocrx_word' id='word_1_540' title='bbox 785 3745 945 3817; x_wconf 82' lang='grc' dir='ltr'>ὑμεῖς</span> <span class='ocrx_word' id='word_1_541' title='bbox 1004 3742 1104 3818; x_wconf 73' lang='grc' dir='ltr'>ἐμὲ</span> <span class='ocrx_word' id='word_1_542' title='bbox 1156 3743 1597 3818; x_wconf 70' lang='grc' dir='ltr'>παρακαλέσητε.</span> <span class='ocrx_word' id='word_1_543' title='bbox 1656 3748 1771 3815; x_wconf 75' lang='grc' dir='ltr'>Τῆς</span> <span class='ocrx_word' id='word_1_544' title='bbox 1826 3747 1930 3824; x_wconf 82' lang='grc' dir='ltr'>γὰρ</span> 
     </span>
    </p>
   </div>
   <div class='ocr_carea' id='block_1_71' title="bbox 288 3830 1929 3910">
    <p class='ocr_par' dir='ltr' id='par_1_71' title="bbox 288 3830 1929 3910">
     <span class='ocr_line' id='line_1_71' title="bbox 288 3830 1929 3910; baseline 0.003 -24"><span class='ocrx_word' id='word_1_545' title='bbox 288 3830 586 3903; x_wconf 68' lang='grc' dir='ltr'>ἀλλήλων,</span> <span class='ocrx_word' id='word_1_546' title='bbox 619 3836 763 3910; x_wconf 69' lang='grc' dir='ltr'>φησὶ,</span> <span class='ocrx_word' id='word_1_547' title='bbox 796 3833 1030 3909; x_wconf 79' lang='grc' dir='ltr'>δεόμεθα</span> <span class='ocrx_word' id='word_1_548' title='bbox 1059 3834 1477 3908; x_wconf 75' lang='grc' dir='ltr'>παρακλήσεως,</span> <span class='ocrx_word' id='word_1_549' title='bbox 1521 3832 1610 3889; x_wconf 82' lang='grc' dir='ltr'>διὰ</span> <span class='ocrx_word' id='word_1_550' title='bbox 1640 3842 1742 3905; x_wconf 80' lang='grc' dir='ltr'>τῆς</span> <span class='ocrx_word' id='word_1_551' title='bbox 1772 3835 1929 3891; x_wconf 72' lang='grc' dir='ltr'>ἐνοῦ-</span> 
     </span>
    </p>
   </div>
   <div class='ocr_carea' id='block_1_72' title="bbox 286 3920 1929 4001">
    <p class='ocr_par' dir='ltr' id='par_1_72' title="bbox 286 3920 1929 4001">
     <span class='ocr_line' id='line_1_72' title="bbox 286 3920 1929 4001; baseline 0.002 -25"><span class='ocrx_word' id='word_1_552' title='bbox 286 3943 389 3993; x_wconf 72' lang='grc' dir='ltr'>σης</span> <span class='ocrx_word' id='word_1_553' title='bbox 417 3925 554 3997; x_wconf 70' lang='grc' dir='ltr'>ἡμῖν</span> <span class='ocrx_word' id='word_1_554' title='bbox 580 3922 831 3989; x_wconf 84' lang='grc' dir='ltr'>πίστεως.</span> <span class='ocrx_word' id='word_1_555' title='bbox 868 3920 1089 4001; x_wconf 71' lang='grc' dir='ltr'>Σφόδρα</span> <span class='ocrx_word' id='word_1_556' title='bbox 1121 3922 1177 3980; x_wconf 73' lang='grc' dir='ltr'>δὲ</span> <span class='ocrx_word' id='word_1_557' title='bbox 1209 3927 1505 4000; x_wconf 74' lang='grc' dir='ltr'>μετριάζει.</span> <span class='ocrx_word' id='word_1_558' title='bbox 1568 3925 1688 3981; x_wconf 86' lang='grc' dir='ltr'>Ἕνι</span> <span class='ocrx_word' id='word_1_559' title='bbox 1740 3922 1796 3980; x_wconf 77' lang='grc' dir='ltr'>δὲ</span> <span class='ocrx_word' id='word_1_560' title='bbox 1840 3925 1929 3980; x_wconf 76' lang='grc' dir='ltr'>καὶ</span> 
     </span>
    </p>
   </div>
   <div class='ocr_carea' id='block_1_73' title="bbox 282 4010 1931 4089">
    <p class='ocr_par' dir='ltr' id='par_1_73' title="bbox 282 4010 1931 4089">
     <span class='ocr_line' id='line_1_73' title="bbox 282 4010 1931 4089; baseline 0.001 -22"><span class='ocrx_word' id='word_1_561' title='bbox 282 4010 458 4074; x_wconf 67' lang='grc' dir='ltr'>οῦτως</span> <span class='ocrx_word' id='word_1_562' title='bbox 488 4019 682 4082; x_wconf 78' lang='grc' dir='ltr'>νοῆσαι</span> <span class='ocrx_word' id='word_1_563' title='bbox 718 4014 818 4083; x_wconf 73' lang='grc' dir='ltr'>τήν</span> <span class='ocrx_word' id='word_1_564' title='bbox 848 4011 1216 4089; x_wconf 83' lang='grc' dir='ltr'>παράκλησιν,</span> <span class='ocrx_word' id='word_1_565' title='bbox 1248 4017 1382 4084; x_wconf 86' lang='grc' dir='ltr'>Ἵνα,</span> <span class='ocrx_word' id='word_1_566' title='bbox 1417 4013 1604 4088; x_wconf 75' lang='grc' dir='ltr'>φησὶν,</span> <span class='ocrx_word' id='word_1_567' title='bbox 1648 4014 1805 4088; x_wconf 83' lang='grc' dir='ltr'>ὑμεῖς</span> <span class='ocrx_word' id='word_1_568' title='bbox 1837 4015 1931 4088; x_wconf 79' lang='grc' dir='ltr'>μὲν</span> 
     </span>
    </p>
   </div>
   <div class='ocr_carea' id='block_1_74' title="bbox 268 4100 1928 4180">
    <p class='ocr_par' dir='ltr' id='par_1_74' title="bbox 268 4100 1928 4180">
     <span class='ocr_line' id='line_1_74' title="bbox 268 4100 1928 4180; baseline 0.002 -23"><span class='ocrx_word' id='word_1_569' title='bbox 268 4104 398 4176; x_wconf 76' lang='grc' dir='ltr'>παρ’</span> <span class='ocrx_word' id='word_1_570' title='bbox 420 4100 564 4175; x_wconf 81' lang='grc' dir='ltr'>ἐμοῦ</span> <span class='ocrx_word' id='word_1_571' title='bbox 596 4102 675 4164; x_wconf 83' lang='grc' dir='ltr'>εἷς</span> <span class='ocrx_word' id='word_1_572' title='bbox 704 4104 805 4171; x_wconf 69' lang='grc' dir='ltr'>τὴν</span> <span class='ocrx_word' id='word_1_573' title='bbox 864 4104 1047 4160; x_wconf 87' lang='grc' dir='ltr'>πίστιν</span> <span class='ocrx_word' id='word_1_574' title='bbox 1103 4101 1520 4178; x_wconf 77' lang='grc' dir='ltr'>παρακληθῆτε,</span> <span class='ocrx_word' id='word_1_575' title='bbox 1578 4101 1687 4180; x_wconf 79' lang='grc' dir='ltr'>ἐγὼ</span> <span class='ocrx_word' id='word_1_576' title='bbox 1736 4102 1795 4159; x_wconf 63' lang='grc' dir='ltr'>δὲ</span> <span class='ocrx_word' id='word_1_577' title='bbox 1852 4104 1928 4166; x_wconf 80' lang='grc' dir='ltr'>εἷς</span> 
     </span>
    </p>
   </div>
   <div class='ocr_carea' id='block_1_75' title="bbox 270 4191 1929 4271">
    <p class='ocr_par' dir='ltr' id='par_1_75' title="bbox 270 4191 1929 4271">
     <span class='ocr_line' id='line_1_75' title="bbox 270 4191 1929 4271; baseline 0.001 -24"><span class='ocrx_word' id='word_1_578' title='bbox 270 4191 634 4271; x_wconf 59' lang='grc' dir='ltr'>εὐφροσύνην,</span> <span class='ocrx_word' id='word_1_579' title='bbox 668 4193 811 4269; x_wconf 80' lang='grc' dir='ltr'>ὁρῶν</span> <span class='ocrx_word' id='word_1_580' title='bbox 844 4192 984 4265; x_wconf 78' lang='grc' dir='ltr'>ὑμᾶς</span> <span class='ocrx_word' id='word_1_581' title='bbox 1014 4192 1465 4255; x_wconf 80' lang='grc' dir='ltr'>πεπιστευκότας.</span> <span class='ocrx_word' id='word_1_582' title='bbox 1498 4193 1565 4249; x_wconf 87' lang='grc' dir='ltr'><strong>ἸΙ</strong></span> <span class='ocrx_word' id='word_1_583' title='bbox 1608 4193 1803 4255; x_wconf 70' lang='grc' dir='ltr'>οὕτως’</span> <span class='ocrx_word' id='word_1_584' title='bbox 1856 4194 1929 4250; x_wconf 88' lang='grc' dir='ltr'>Τὸ</span> 
     </span>
    </p>
   </div>
   <div class='ocr_carea' id='block_1_76' title="bbox 276 4280 1928 4362">
    <p class='ocr_par' dir='ltr' id='par_1_76' title="bbox 276 4280 1928 4362">
     <span class='ocr_line' id='line_1_76' title="bbox 276 4280 1928 4362; baseline -0.004 -24"><span class='ocrx_word' id='word_1_585' title='bbox 276 4280 604 4356; x_wconf 77' lang='grc' dir='ltr'>μεταδοῦναι</span> <span class='ocrx_word' id='word_1_586' title='bbox 637 4282 767 4355; x_wconf 81' lang='grc' dir='ltr'>ὑμῖν</span> <span class='ocrx_word' id='word_1_587' title='bbox 795 4282 1063 4362; x_wconf 71' lang='grc' dir='ltr'>χάρισμα,</span> <span class='ocrx_word' id='word_1_588' title='bbox 1096 4284 1198 4340; x_wconf 80' lang='grc' dir='ltr'>οὐκ</span> <span class='ocrx_word' id='word_1_589' title='bbox 1229 4280 1371 4339; x_wconf 77' lang='grc' dir='ltr'>ἔστιν</span> <span class='ocrx_word' id='word_1_590' title='bbox 1403 4281 1535 4357; x_wconf 80' lang='grc' dir='ltr'>ἐμὸν</span> <span class='ocrx_word' id='word_1_591' title='bbox 1573 4284 1737 4357; x_wconf 85' lang='grc' dir='ltr'>μόνον</span> <span class='ocrx_word' id='word_1_592' title='bbox 1767 4285 1802 4354; x_wconf 73' lang='grc' dir='ltr'>ἢ</span> <span class='ocrx_word' id='word_1_593' title='bbox 1831 4291 1928 4354; x_wconf 77' lang='grc' dir='ltr'>τῆς</span> 
     </span>
    </p>
   </div>
   <div class='ocr_carea' id='block_1_77' title="bbox 266 4370 1929 4449">
    <p class='ocr_par' dir='ltr' id='par_1_77' title="bbox 266 4370 1929 4449">
     <span class='ocr_line' id='line_1_77' title="bbox 266 4370 1929 4449; baseline 0.001 -22"><span class='ocrx_word' id='word_1_594' title='bbox 266 4370 407 4446; x_wconf 73' lang='grc' dir='ltr'>ἐμῆς</span> <span class='ocrx_word' id='word_1_595' title='bbox 437 4371 819 4449; x_wconf 68' lang='grc' dir='ltr'>προαιρέσεως</span> <span class='ocrx_word' id='word_1_596' title='bbox 846 4372 937 4427; x_wconf 72' lang='grc' dir='ltr'>καὶ</span> <span class='ocrx_word' id='word_1_597' title='bbox 972 4371 1266 4441; x_wconf 84' lang='grc' dir='ltr'>διακονίας,</span> <span class='ocrx_word' id='word_1_598' title='bbox 1298 4370 1447 4429; x_wconf 73' lang='grc' dir='ltr'>ἀλλὶ</span> <span class='ocrx_word' id='word_1_599' title='bbox 1474 4374 1659 4428; x_wconf 82' lang='grc' dir='ltr'>κοινὸν</span> <span class='ocrx_word' id='word_1_600' title='bbox 1706 4373 1842 4448; x_wconf 79' lang='grc' dir='ltr'>ἐμοῦ</span> <span class='ocrx_word' id='word_1_601' title='bbox 1870 4394 1929 4429; x_wconf 91' lang='grc' dir='ltr'>τε</span> 
     </span>
    </p>
   </div>
   <div class='ocr_carea' id='block_1_78' title="bbox 261 4460 1929 4539">
    <p class='ocr_par' dir='ltr' id='par_1_78' title="bbox 261 4460 1929 4539">
     <span class='ocr_line' id='line_1_78' title="bbox 261 4460 1929 4539; baseline 0 -21"><span class='ocrx_word' id='word_1_602' title='bbox 261 4464 352 4518; x_wconf 76' lang='grc' dir='ltr'>καὶ</span> <span class='ocrx_word' id='word_1_603' title='bbox 382 4463 546 4537; x_wconf 78' lang='grc' dir='ltr'>ὑμῶν</span> <span class='ocrx_word' id='word_1_604' title='bbox 605 4463 723 4527; x_wconf 80' lang='grc' dir='ltr'>Τῆς</span> <span class='ocrx_word' id='word_1_605' title='bbox 756 4460 1034 4518; x_wconf 81' lang='grc' dir='ltr'>διακονίας</span> <span class='ocrx_word' id='word_1_606' title='bbox 1070 4463 1166 4537; x_wconf 75' lang='grc' dir='ltr'>μὲν</span> <span class='ocrx_word' id='word_1_607' title='bbox 1193 4469 1295 4533; x_wconf 80' lang='grc' dir='ltr'>τῆς</span> <span class='ocrx_word' id='word_1_608' title='bbox 1323 4460 1486 4538; x_wconf 79' lang='grc' dir='ltr'>ἐμῆς,</span> <span class='ocrx_word' id='word_1_609' title='bbox 1511 4470 1614 4532; x_wconf 80' lang='grc' dir='ltr'>τῆς</span> <span class='ocrx_word' id='word_1_610' title='bbox 1635 4460 1693 4518; x_wconf 74' lang='grc' dir='ltr'>δὲ</span> <span class='ocrx_word' id='word_1_611' title='bbox 1723 4464 1929 4539; x_wconf 88' lang='grc' dir='ltr'>ὑπουρ-</span> 
     </span>
    </p>
   </div>
   <div class='ocr_carea' id='block_1_79' title="bbox 261 4550 1930 4628">
    <p class='ocr_par' dir='ltr' id='par_1_79' title="bbox 261 4550 1930 4628">
     <span class='ocr_line' id='line_1_79' title="bbox 261 4550 1930 4628; baseline 0 -19"><span class='ocrx_word' id='word_1_612' title='bbox 261 4554 383 4626; x_wconf 73' lang='grc' dir='ltr'>γίας</span> <span class='ocrx_word' id='word_1_613' title='bbox 412 4561 523 4623; x_wconf 78' lang='grc' dir='ltr'>τῆς</span> <span class='ocrx_word' id='word_1_614' title='bbox 556 4553 848 4628; x_wconf 74' lang='grc' dir='ltr'>ὑμετέρας.</span> <span class='ocrx_word' id='word_1_615' title='bbox 887 4552 991 4608; x_wconf 78' lang='grc' dir='ltr'>Καὶ</span> <span class='ocrx_word' id='word_1_616' title='bbox 1015 4550 1142 4608; x_wconf 75' lang='grc' dir='ltr'>οὐδὲ</span> <span class='ocrx_word' id='word_1_617' title='bbox 1162 4552 1287 4610; x_wconf 86' lang='grc' dir='ltr'>τότε</span> <span class='ocrx_word' id='word_1_618' title='bbox 1308 4551 1524 4624; x_wconf 74' lang='grc' dir='ltr'>ἁπλῶς,</span> <span class='ocrx_word' id='word_1_619' title='bbox 1546 4550 1696 4609; x_wconf 75' lang='grc' dir='ltr'>ἀλλὰ</span> <span class='ocrx_word' id='word_1_620' title='bbox 1718 4551 1806 4608; x_wconf 73' lang='grc' dir='ltr'>διὰ</span> <span class='ocrx_word' id='word_1_621' title='bbox 1829 4559 1930 4624; x_wconf 85' lang='grc' dir='ltr'>τῆς</span> 
     </span>
    </p>
   </div>
   <div class='ocr_carea' id='block_1_80' title="bbox 2043 3387 3697 3464">
    <p class='ocr_par' dir='ltr' id='par_1_80' title="bbox 2043 3387 3697 3464">
     <span class='ocr_line' id='line_1_80' title="bbox 2043 3387 3697 3464; baseline -0.004 -16"><span class='ocrx_word' id='word_1_622' title='bbox 2043 3393 2119 3448; x_wconf 89' lang='lat' dir='ltr'>sit</span> <span class='ocrx_word' id='word_1_623' title='bbox 2143 3391 2319 3458; x_wconf 90' lang='lat' dir='ltr'>dabo,</span> <span class='ocrx_word' id='word_1_624' title='bbox 2355 3390 2459 3448; x_wconf 89' lang='lat' dir='ltr'>sed</span> <span class='ocrx_word' id='word_1_625' title='bbox 2491 3390 2649 3464; x_wconf 90' lang='lat' dir='ltr'>quod</span> <span class='ocrx_word' id='word_1_626' title='bbox 2678 3396 2738 3447; x_wconf 93' lang='lat' dir='ltr'>et</span> <span class='ocrx_word' id='word_1_627' title='bbox 2767 3407 2871 3464; x_wconf 89' lang='lat' dir='ltr'>ego</span> <span class='ocrx_word' id='word_1_628' title='bbox 2899 3390 3126 3462; x_wconf 85' lang='lat' dir='ltr'>accepi.</span> <span class='ocrx_word' id='word_1_629' title='bbox 3157 3412 3185 3441; x_wconf 74' lang='grc' dir='ltr'>ι(</span> <span class='ocrx_word' id='word_1_630' title='bbox 3224 3388 3307 3444; x_wconf 80' lang='lat' dir='ltr'>Ad</span> <span class='ocrx_word' id='word_1_631' title='bbox 3332 3387 3697 3444; x_wconf 81' lang='lat' dir='ltr'>conﬁrman-</span> 
     </span>
    </p>
   </div>
   <div class='ocr_carea' id='block_1_81' title="bbox 2042 3478 3698 3554">
    <p class='ocr_par' dir='ltr' id='par_1_81' title="bbox 2042 3478 3698 3554">
     <span class='ocr_line' id='line_1_81' title="bbox 2042 3478 3698 3554; baseline -0.002 -16"><span class='ocrx_word' id='word_1_632' title='bbox 2042 3481 2185 3539; x_wconf 91' lang='lat' dir='ltr'>dum</span> <span class='ocrx_word' id='word_1_633' title='bbox 2214 3499 2334 3538; x_wconf 90' lang='lat' dir='ltr'>vos.</span> <span class='ocrx_word' id='word_1_634' title='bbox 2376 3507 2396 3532; x_wconf 79' lang='grc' dir='ltr'><strong>ο</strong></span> <span class='ocrx_word' id='word_1_635' title='bbox 2427 3483 2630 3554; x_wconf 89' lang='lat' dir='ltr'>Neque</span> <span class='ocrx_word' id='word_1_636' title='bbox 2663 3480 2823 3537; x_wconf 87' lang='lat' dir='ltr'>enim</span> <span class='ocrx_word' id='word_1_637' title='bbox 2866 3496 3113 3553; x_wconf 87' lang='lat' dir='ltr'>parvum</span> <span class='ocrx_word' id='word_1_638' title='bbox 3166 3478 3390 3536; x_wconf 88' lang='lat' dir='ltr'>donum</span> <span class='ocrx_word' id='word_1_639' title='bbox 3433 3482 3525 3533; x_wconf 81' lang='lat' dir='ltr'>est</span> <span class='ocrx_word' id='word_1_640' title='bbox 3571 3492 3698 3534; x_wconf 90' lang='lat' dir='ltr'>non</span> 
     </span>
    </p>
   </div>
   <div class='ocr_carea' id='block_1_82' title="bbox 2039 3569 3700 3630">
    <p class='ocr_par' dir='ltr' id='par_1_82' title="bbox 2039 3569 3700 3630">
     <span class='ocr_line' id='line_1_82' title="bbox 2039 3569 3700 3630; baseline -0.002 -2"><span class='ocrx_word' id='word_1_641' title='bbox 2039 3572 2328 3630; x_wconf 89' lang='lat' dir='ltr'>ﬂuctuare</span> <span class='ocrx_word' id='word_1_642' title='bbox 2358 3573 2421 3628; x_wconf 91' lang='lat' dir='ltr'>in</span> <span class='ocrx_word' id='word_1_643' title='bbox 2453 3573 2592 3629; x_wconf 81' lang='lat' dir='ltr'>ﬁde.</span> <span class='ocrx_word' id='word_1_644' title='bbox 2630 3593 2658 3623; x_wconf 86' lang='lat'>«</span> <span class='ocrx_word' id='word_1_645' title='bbox 2690 3572 2764 3627; x_wconf 90' lang='lat' dir='ltr'>Ut</span> <span class='ocrx_word' id='word_1_646' title='bbox 2794 3571 2975 3628; x_wconf 90' lang='lat' dir='ltr'>simul</span> <span class='ocrx_word' id='word_1_647' title='bbox 3004 3570 3478 3627; x_wconf 90' lang='lat' dir='ltr'>consolationem</span> <span class='ocrx_word' id='word_1_648' title='bbox 3537 3569 3700 3625; x_wconf 89' lang='lat' dir='ltr'>acci-</span> 
     </span>
    </p>
   </div>
   <div class='ocr_carea' id='block_1_83' title="bbox 2039 3659 3684 3735">
    <p class='ocr_par' dir='ltr' id='par_1_83' title="bbox 2039 3659 3684 3735">
     <span class='ocr_line' id='line_1_83' title="bbox 2039 3659 3684 3735; baseline -0.002 -16"><span class='ocrx_word' id='word_1_649' title='bbox 2039 3662 2221 3735; x_wconf 87' lang='lat' dir='ltr'>piam.</span> <span class='ocrx_word' id='word_1_650' title='bbox 2269 3688 2291 3712; x_wconf 84' lang='lat'><strong><em>-</em></strong></span> <span class='ocrx_word' id='word_1_651' title='bbox 2353 3666 2676 3735; x_wconf 89' lang='lat' dir='ltr'>Postquam</span> <span class='ocrx_word' id='word_1_652' title='bbox 2731 3660 3206 3717; x_wconf 82' lang='lat' dir='ltr'>confirmationis</span> <span class='ocrx_word' id='word_1_653' title='bbox 3252 3659 3546 3725; x_wconf 90' lang='lat' dir='ltr'>meminit,</span> <span class='ocrx_word' id='word_1_654' title='bbox 3607 3674 3684 3715; x_wconf 90' lang='lat' dir='ltr'>ne</span> 
     </span>
    </p>
   </div>
   <div class='ocr_carea' id='block_1_84' title="bbox 2039 3746 3701 3821">
    <p class='ocr_par' dir='ltr' id='par_1_84' title="bbox 2039 3746 3701 3821">
     <span class='ocr_line' id='line_1_84' title="bbox 2039 3746 3701 3821; baseline -0.003 -13"><span class='ocrx_word' id='word_1_655' title='bbox 2039 3753 2354 3808; x_wconf 89' lang='lat' dir='ltr'>contristet</span> <span class='ocrx_word' id='word_1_656' title='bbox 2382 3768 2482 3807; x_wconf 91' lang='lat' dir='ltr'>eos</span> <span class='ocrx_word' id='word_1_657' title='bbox 2527 3751 2698 3821; x_wconf 89' lang='lat' dir='ltr'>quasi</span> <span class='ocrx_word' id='word_1_658' title='bbox 2753 3750 3044 3805; x_wconf 87' lang='lat' dir='ltr'>ﬂuctuare</span> <span class='ocrx_word' id='word_1_659' title='bbox 3091 3749 3388 3817; x_wconf 90' lang='lat' dir='ltr'>dicantur,</span> <span class='ocrx_word' id='word_1_660' title='bbox 3447 3746 3701 3803; x_wconf 88' lang='lat' dir='ltr'>subdit:</span> 
     </span>
    </p>
   </div>
   <div class='ocr_carea' id='block_1_85' title="bbox 2045 3837 3695 3909">
    <p class='ocr_par' dir='ltr' id='par_1_85' title="bbox 2045 3837 3695 3909">
     <span class='ocr_line' id='line_1_85' title="bbox 2045 3837 3695 3909; baseline -0.001 -17"><span class='ocrx_word' id='word_1_661' title='bbox 2045 3861 2067 3892; x_wconf 76' lang='grc' dir='ltr'>ι</span> <span class='ocrx_word' id='word_1_662' title='bbox 2101 3842 2175 3897; x_wconf 91' lang='lat' dir='ltr'>Ut</span> <span class='ocrx_word' id='word_1_663' title='bbox 2204 3839 2383 3896; x_wconf 87' lang='lat' dir='ltr'>simul</span> <span class='ocrx_word' id='word_1_664' title='bbox 2413 3838 2884 3895; x_wconf 85' lang='lat' dir='ltr'>consolationem</span> <span class='ocrx_word' id='word_1_665' title='bbox 2914 3837 3228 3909; x_wconf 88' lang='lat' dir='ltr'>accipiam,</span> <span class='ocrx_word' id='word_1_666' title='bbox 3253 3857 3282 3886; x_wconf 86' lang='lat'><strong>»</strong></span> <span class='ocrx_word' id='word_1_667' title='bbox 3301 3837 3414 3891; x_wconf 88' lang='lat' dir='ltr'>hoc</span> <span class='ocrx_word' id='word_1_668' title='bbox 3433 3839 3614 3902; x_wconf 89' lang='lat' dir='ltr'>est,ut</span> <span class='ocrx_word' id='word_1_669' title='bbox 3632 3840 3695 3891; x_wconf 92' lang='lat' dir='ltr'>et</span> 
     </span>
    </p>
   </div>
   <div class='ocr_carea' id='block_1_86' title="bbox 2038 3923 3698 3996">
    <p class='ocr_par' dir='ltr' id='par_1_86' title="bbox 2038 3923 3698 3996">
     <span class='ocr_line' id='line_1_86' title="bbox 2038 3923 3698 3996; baseline -0.005 -12"><span class='ocrx_word' id='word_1_670' title='bbox 2038 3946 2144 3996; x_wconf 80' lang='lat' dir='ltr'>ego</span> <span class='ocrx_word' id='word_1_671' title='bbox 2164 3946 2287 3995; x_wconf 90' lang='lat' dir='ltr'>vos,</span> <span class='ocrx_word' id='word_1_672' title='bbox 2322 3934 2382 3983; x_wconf 90' lang='lat' dir='ltr'>et</span> <span class='ocrx_word' id='word_1_673' title='bbox 2405 3944 2505 3983; x_wconf 91' lang='lat' dir='ltr'>vos</span> <span class='ocrx_word' id='word_1_674' title='bbox 2530 3943 2626 3983; x_wconf 91' lang='lat' dir='ltr'>me</span> <span class='ocrx_word' id='word_1_675' title='bbox 2658 3943 2725 3982; x_wconf 93' lang='lat' dir='ltr'>co</span> <span class='ocrx_word' id='word_1_676' title='bbox 2739 3925 3059 3982; x_wconf 90' lang='lat' dir='ltr'>nsolemini</span> <span class='ocrx_word' id='word_1_677' title='bbox 3087 3942 3101 3992; x_wconf 88' lang='lat'><strong>;</strong></span> <span class='ocrx_word' id='word_1_678' title='bbox 3135 3929 3345 3980; x_wconf 90' lang='lat' dir='ltr'>mutua</span> <span class='ocrx_word' id='word_1_679' title='bbox 3374 3923 3536 3977; x_wconf 90' lang='lat' dir='ltr'>enim</span> <span class='ocrx_word' id='word_1_680' title='bbox 3558 3937 3698 3994; x_wconf 88' lang='lat' dir='ltr'>ege-</span> 
     </span>
    </p>
   </div>
   <div class='ocr_carea' id='block_1_87' title="bbox 2039 4012 3697 4089">
    <p class='ocr_par' dir='ltr' id='par_1_87' title="bbox 2039 4012 3697 4089">
     <span class='ocr_line' id='line_1_87' title="bbox 2039 4012 3697 4089; baseline -0.006 -13"><span class='ocrx_word' id='word_1_681' title='bbox 2039 4037 2172 4077; x_wconf 90' lang='lat' dir='ltr'>mus</span> <span class='ocrx_word' id='word_1_682' title='bbox 2204 4018 2636 4083; x_wconf 82' lang='lat' dir='ltr'>consolatione,</span> <span class='ocrx_word' id='word_1_683' title='bbox 2669 4034 2802 4089; x_wconf 81' lang='lat' dir='ltr'>quae</span> <span class='ocrx_word' id='word_1_684' title='bbox 2852 4017 2955 4072; x_wconf 81' lang='lat' dir='ltr'>fiat</span> <span class='ocrx_word' id='word_1_685' title='bbox 2982 4033 3089 4087; x_wconf 89' lang='lat' dir='ltr'>per</span> <span class='ocrx_word' id='word_1_686' title='bbox 3146 4014 3601 4070; x_wconf 84' lang='lat' dir='ltr'>inexsistentem</span> <span class='ocrx_word' id='word_1_687' title='bbox 3631 4012 3697 4067; x_wconf 91' lang='lat' dir='ltr'>in</span> 
     </span>
    </p>
   </div>
   <div class='ocr_carea' id='block_1_88' title="bbox 2039 4102 3695 4181">
    <p class='ocr_par' dir='ltr' id='par_1_88' title="bbox 2039 4102 3695 4181">
     <span class='ocr_line' id='line_1_88' title="bbox 2039 4102 3695 4181; baseline -0.005 -15"><span class='ocrx_word' id='word_1_688' title='bbox 2039 4110 2211 4166; x_wconf 90' lang='lat' dir='ltr'>nobis</span> <span class='ocrx_word' id='word_1_689' title='bbox 2244 4109 2446 4165; x_wconf 77' lang='lat' dir='ltr'>fidem.</span> <span class='ocrx_word' id='word_1_690' title='bbox 2479 4109 2749 4181; x_wconf 80' lang='lat' dir='ltr'>Magnam</span> <span class='ocrx_word' id='word_1_691' title='bbox 2779 4112 2978 4163; x_wconf 91' lang='lat' dir='ltr'>autem</span> <span class='ocrx_word' id='word_1_692' title='bbox 3013 4104 3276 4161; x_wconf 88' lang='lat' dir='ltr'>ostendit</span> <span class='ocrx_word' id='word_1_693' title='bbox 3316 4102 3695 4158; x_wconf 89' lang='lat' dir='ltr'>modestiam.</span> 
     </span>
    </p>
   </div>
   <div class='ocr_carea' id='block_1_89' title="bbox 2036 4190 3689 4269">
    <p class='ocr_par' dir='ltr' id='par_1_89' title="bbox 2036 4190 3689 4269">
     <span class='ocr_line' id='line_1_89' title="bbox 2036 4190 3689 4269; baseline -0.005 -14"><span class='ocrx_word' id='word_1_694' title='bbox 2036 4201 2238 4255; x_wconf 89' lang='lat' dir='ltr'>Potest</span> <span class='ocrx_word' id='word_1_695' title='bbox 2266 4199 2378 4254; x_wconf 91' lang='lat' dir='ltr'>hoc</span> <span class='ocrx_word' id='word_1_696' title='bbox 2409 4214 2645 4269; x_wconf 87' lang='lat' dir='ltr'>quoque</span> <span class='ocrx_word' id='word_1_697' title='bbox 2674 4196 2849 4252; x_wconf 90' lang='lat' dir='ltr'>modo</span> <span class='ocrx_word' id='word_1_698' title='bbox 2880 4194 3210 4251; x_wconf 88' lang='lat' dir='ltr'>consolatio</span> <span class='ocrx_word' id='word_1_699' title='bbox 3233 4193 3359 4248; x_wconf 65' lang='lat' dir='ltr'>haec</span> <span class='ocrx_word' id='word_1_700' title='bbox 3393 4190 3648 4264; x_wconf 84' lang='lat' dir='ltr'>intelligi</span> <span class='ocrx_word' id='word_1_701' title='bbox 3675 4206 3689 4246; x_wconf 90' lang='lat'><strong>:</strong></span> 
     </span>
    </p>
   </div>
   <div class='ocr_carea' id='block_1_90' title="bbox 2038 4280 3689 4361">
    <p class='ocr_par' dir='ltr' id='par_1_90' title="bbox 2038 4280 3689 4361">
     <span class='ocr_line' id='line_1_90' title="bbox 2038 4280 3689 4361; baseline -0.004 -16"><span class='ocrx_word' id='word_1_702' title='bbox 2038 4290 2107 4345; x_wconf 90' lang='lat' dir='ltr'>Ut</span> <span class='ocrx_word' id='word_1_703' title='bbox 2123 4307 2223 4345; x_wconf 89' lang='lat' dir='ltr'>vos</span> <span class='ocrx_word' id='word_1_704' title='bbox 2237 4288 2477 4361; x_wconf 89' lang='lat' dir='ltr'>quidem</span> <span class='ocrx_word' id='word_1_705' title='bbox 2493 4303 2632 4344; x_wconf 88' lang='lat' dir='ltr'>ame</span> <span class='ocrx_word' id='word_1_706' title='bbox 2644 4285 2717 4342; x_wconf 91' lang='lat' dir='ltr'>ad</span> <span class='ocrx_word' id='word_1_707' title='bbox 2734 4286 2911 4343; x_wconf 81' lang='lat' dir='ltr'>fidem</span> <span class='ocrx_word' id='word_1_708' title='bbox 2927 4284 3335 4340; x_wconf 89' lang='lat' dir='ltr'>consolatione</span> <span class='ocrx_word' id='word_1_709' title='bbox 3358 4280 3689 4351; x_wconf 89' lang='lat' dir='ltr'>ducamini,</span> 
     </span>
    </p>
   </div>
   <div class='ocr_carea' id='block_1_91' title="bbox 2036 4373 3686 4453">
    <p class='ocr_par' dir='ltr' id='par_1_91' title="bbox 2036 4373 3686 4453">
     <span class='ocr_line' id='line_1_91' title="bbox 2036 4373 3686 4453; baseline -0.006 -17"><span class='ocrx_word' id='word_1_710' title='bbox 2036 4380 2189 4436; x_wconf 67' lang='lat'>206</span> <span class='ocrx_word' id='word_1_711' title='bbox 2217 4396 2322 4453; x_wconf 86' lang='lat' dir='ltr'>ego</span> <span class='ocrx_word' id='word_1_712' title='bbox 2352 4394 2486 4433; x_wconf 90' lang='lat' dir='ltr'>vero</span> <span class='ocrx_word' id='word_1_713' title='bbox 2519 4377 2593 4433; x_wconf 91' lang='lat' dir='ltr'>ad</span> <span class='ocrx_word' id='word_1_714' title='bbox 2623 4375 3083 4432; x_wconf 87' lang='lat' dir='ltr'>oblectationem</span> <span class='ocrx_word' id='word_1_715' title='bbox 3118 4373 3370 4439; x_wconf 87' lang='lat' dir='ltr'>alliciar,</span> <span class='ocrx_word' id='word_1_716' title='bbox 3416 4387 3552 4426; x_wconf 89' lang='lat' dir='ltr'>cum</span> <span class='ocrx_word' id='word_1_717' title='bbox 3584 4386 3686 4426; x_wconf 86' lang='lat' dir='ltr'>vos</span> 
     </span>
    </p>
   </div>
   <div class='ocr_carea' id='block_1_92' title="bbox 2035 4460 3689 4533">
    <p class='ocr_par' dir='ltr' id='par_1_92' title="bbox 2035 4460 3689 4533">
     <span class='ocr_line' id='line_1_92' title="bbox 2035 4460 3689 4533; baseline -0.005 -10"><span class='ocrx_word' id='word_1_718' title='bbox 2035 4468 2349 4524; x_wconf 89' lang='lat' dir='ltr'>credentes</span> <span class='ocrx_word' id='word_1_719' title='bbox 2380 4467 2632 4523; x_wconf 87' lang='lat' dir='ltr'>videam.</span> <span class='ocrx_word' id='word_1_720' title='bbox 2666 4465 2770 4520; x_wconf 87' lang='lat' dir='ltr'>Vel</span> <span class='ocrx_word' id='word_1_721' title='bbox 2800 4466 2885 4521; x_wconf 87' lang='lat' dir='ltr'>ita</span> <span class='ocrx_word' id='word_1_722' title='bbox 2911 4481 2924 4519; x_wconf 90' lang='lat'>:</span> <span class='ocrx_word' id='word_1_723' title='bbox 2957 4462 3212 4519; x_wconf 86' lang='lat' dir='ltr'>Tradere</span> <span class='ocrx_word' id='word_1_724' title='bbox 3243 4461 3408 4518; x_wconf 88' lang='lat' dir='ltr'>vobis</span> <span class='ocrx_word' id='word_1_725' title='bbox 3438 4460 3689 4533; x_wconf 87' lang='lat' dir='ltr'>gratiam</span> 
     </span>
    </p>
   </div>
   <div class='ocr_carea' id='block_1_93' title="bbox 2034 4546 3698 4610">
    <p class='ocr_par' dir='ltr' id='par_1_93' title="bbox 2034 4546 3698 4610">
     <span class='ocr_line' id='line_1_93' title="bbox 2034 4546 3698 4610; baseline -0.004 0"><span class='ocrx_word' id='word_1_726' title='bbox 2034 4572 2156 4610; x_wconf 89' lang='lat' dir='ltr'>non</span> <span class='ocrx_word' id='word_1_727' title='bbox 2188 4571 2388 4610; x_wconf 90' lang='lat' dir='ltr'>meum</span> <span class='ocrx_word' id='word_1_728' title='bbox 2419 4554 2614 4609; x_wconf 91' lang='lat' dir='ltr'>solum</span> <span class='ocrx_word' id='word_1_729' title='bbox 2648 4557 2740 4608; x_wconf 89' lang='lat' dir='ltr'>est</span> <span class='ocrx_word' id='word_1_730' title='bbox 2767 4557 2870 4608; x_wconf 85' lang='lat' dir='ltr'>aut</span> <span class='ocrx_word' id='word_1_731' title='bbox 2899 4568 3045 4607; x_wconf 64' lang='lat' dir='ltr'>meai</span> <span class='ocrx_word' id='word_1_732' title='bbox 3072 4550 3397 4607; x_wconf 88' lang='lat' dir='ltr'>voluntatis</span> <span class='ocrx_word' id='word_1_733' title='bbox 3431 4565 3499 4604; x_wconf 89' lang='lat' dir='ltr'>ac</span> <span class='ocrx_word' id='word_1_734' title='bbox 3521 4546 3698 4603; x_wconf 85' lang='lat' dir='ltr'>mini-</span> 
     </span>
    </p>
   </div>
   <div class='ocr_carea' id='block_1_94' title="bbox 264 4635 1933 4718">
    <p class='ocr_par' dir='ltr' id='par_1_94' title="bbox 264 4640 1928 4718">
     <span class='ocr_line' id='line_1_94' title="bbox 264 4640 1928 4718; baseline -0.001 -18"><span class='ocrx_word' id='word_1_735' title='bbox 264 4643 316 4700; x_wconf 73' lang='grc' dir='ltr'>ὲν</span> <span class='ocrx_word' id='word_1_736' title='bbox 347 4640 643 4714; x_wconf 70' lang='grc' dir='ltr'>ἀλλήλοις</span> <span class='ocrx_word' id='word_1_737' title='bbox 673 4642 928 4705; x_wconf 83' lang='grc' dir='ltr'>πίστεως.</span> <span class='ocrx_word' id='word_1_738' title='bbox 964 4644 1087 4705; x_wconf 81' lang='grc' dir='ltr'>Πῶς</span> <span class='ocrx_word' id='word_1_739' title='bbox 1115 4643 1207 4699; x_wconf 78' lang='grc' dir='ltr'>καὶ</span> <span class='ocrx_word' id='word_1_740' title='bbox 1233 4643 1357 4699; x_wconf 81' lang='grc' dir='ltr'>τίνα</span> <span class='ocrx_word' id='word_1_741' title='bbox 1375 4642 1576 4718; x_wconf 85' lang='grc' dir='ltr'>τρόπον</span> <span class='ocrx_word' id='word_1_742' title='bbox 1598 4661 1612 4712; x_wconf 90' lang='grc'>;</span> <span class='ocrx_word' id='word_1_743' title='bbox 1632 4644 1757 4701; x_wconf 71' lang='grc' dir='ltr'>Ἐὰν</span> <span class='ocrx_word' id='word_1_744' title='bbox 1772 4643 1928 4698; x_wconf 83' lang='grc' dir='ltr'>αὑτοὶ</span> 
     </span>
    </p>
   </div>
   <div class='ocr_carea' id='block_1_95' title="bbox 2046 4635 3695 4718">
    <p class='ocr_par' dir='ltr' id='par_1_95' title="bbox 2046 4635 3695 4715">
     <span class='ocr_line' id='line_1_95' title="bbox 2046 4635 3695 4715; baseline -0.005 -15"><span class='ocrx_word' id='word_1_745' title='bbox 2046 4645 2227 4715; x_wconf 80' lang='lat' dir='ltr'>sterii,</span> <span class='ocrx_word' id='word_1_746' title='bbox 2262 4644 2366 4700; x_wconf 89' lang='lat' dir='ltr'>sed</span> <span class='ocrx_word' id='word_1_747' title='bbox 2390 4643 2538 4699; x_wconf 89' lang='lat' dir='ltr'>mihi</span> <span class='ocrx_word' id='word_1_748' title='bbox 2568 4642 2852 4714; x_wconf 88' lang='lat' dir='ltr'>vobisque</span> <span class='ocrx_word' id='word_1_749' title='bbox 2883 4656 3202 4697; x_wconf 90' lang='lat' dir='ltr'>commune</span> <span class='ocrx_word' id='word_1_750' title='bbox 3235 4644 3361 4694; x_wconf 90' lang='lat' dir='ltr'>est:</span> <span class='ocrx_word' id='word_1_751' title='bbox 3395 4637 3513 4693; x_wconf 87' lang='lat' dir='ltr'>mei</span> <span class='ocrx_word' id='word_1_752' title='bbox 3550 4635 3695 4708; x_wconf 88' lang='lat' dir='ltr'>qui-</span> 
     </span>
    </p>
   </div>
   <div class='ocr_carea' id='block_1_96' title="bbox 265 4727 1926 4810">
    <p class='ocr_par' dir='ltr' id='par_1_96' title="bbox 265 4727 1926 4810">
     <span class='ocr_line' id='line_1_96' title="bbox 265 4727 1926 4810; baseline -0.001 -22"><span class='ocrx_word' id='word_1_753' title='bbox 265 4730 458 4808; x_wconf 73' lang='grc' dir='ltr'>ἔχητε,</span> <span class='ocrx_word' id='word_1_754' title='bbox 492 4732 656 4810; x_wconf 73' lang='grc' dir='ltr'>φησὶ,</span> <span class='ocrx_word' id='word_1_755' title='bbox 686 4732 867 4789; x_wconf 85' lang='grc' dir='ltr'>πίστιν</span> <span class='ocrx_word' id='word_1_756' title='bbox 900 4737 999 4789; x_wconf 83' lang='grc' dir='ltr'>τοῦ</span> <span class='ocrx_word' id='word_1_757' title='bbox 1030 4727 1218 4788; x_wconf 75' lang='grc' dir='ltr'>λαϐεῖν</span> <span class='ocrx_word' id='word_1_758' title='bbox 1276 4732 1340 4787; x_wconf 87' lang='grc' dir='ltr'>τὸ</span> <span class='ocrx_word' id='word_1_759' title='bbox 1394 4731 1662 4809; x_wconf 76' lang='grc' dir='ltr'>χάρισμα,</span> <span class='ocrx_word' id='word_1_760' title='bbox 1715 4730 1821 4807; x_wconf 77' lang='grc' dir='ltr'>ἐγώ</span> <span class='ocrx_word' id='word_1_761' title='bbox 1867 4752 1926 4787; x_wconf 88' lang='grc' dir='ltr'>τε</span> 
     </span>
    </p>
   </div>
   <div class='ocr_carea' id='block_1_97' title="bbox 267 4819 1925 4896">
    <p class='ocr_par' dir='ltr' id='par_1_97' title="bbox 267 4819 1925 4896">
     <span class='ocr_line' id='line_1_97' title="bbox 267 4819 1925 4896; baseline -0.001 -19"><span class='ocrx_word' id='word_1_762' title='bbox 267 4820 434 4877; x_wconf 64' lang='grc' dir='ltr'>πάλιν</span> <span class='ocrx_word' id='word_1_763' title='bbox 471 4821 659 4876; x_wconf 88' lang='grc' dir='ltr'>πίστιν</span> <span class='ocrx_word' id='word_1_764' title='bbox 715 4826 814 4876; x_wconf 84' lang='grc' dir='ltr'>τοῦ</span> <span class='ocrx_word' id='word_1_765' title='bbox 866 4819 1051 4877; x_wconf 85' lang='grc' dir='ltr'>δοῦναι</span> <span class='ocrx_word' id='word_1_766' title='bbox 1123 4822 1270 4895; x_wconf 86' lang='grc' dir='ltr'>ὑμῖν.</span> <span class='ocrx_word' id='word_1_767' title='bbox 1324 4821 1450 4878; x_wconf 78' lang='grc' dir='ltr'>Ἐὰν</span> <span class='ocrx_word' id='word_1_768' title='bbox 1504 4820 1604 4896; x_wconf 69' lang='grc' dir='ltr'>γὰρ</span> <span class='ocrx_word' id='word_1_769' title='bbox 1662 4821 1769 4895; x_wconf 82' lang='grc' dir='ltr'>ἐγὼ</span> <span class='ocrx_word' id='word_1_770' title='bbox 1831 4821 1925 4896; x_wconf 71' lang='grc' dir='ltr'>μὲν</span> 
     </span>
    </p>
   </div>
   <div class='ocr_carea' id='block_1_98' title="bbox 263 4904 1929 4987">
    <p class='ocr_par' dir='ltr' id='par_1_98' title="bbox 263 4904 1929 4987">
     <span class='ocr_line' id='line_1_98' title="bbox 263 4904 1929 4987; baseline -0.001 -22"><span class='ocrx_word' id='word_1_771' title='bbox 263 4911 448 4966; x_wconf 73' lang='grc' dir='ltr'>πίστιν</span> <span class='ocrx_word' id='word_1_772' title='bbox 481 4904 606 4986; x_wconf 80' lang='grc' dir='ltr'>ἔχω</span> <span class='ocrx_word' id='word_1_773' title='bbox 635 4914 733 4965; x_wconf 86' lang='grc' dir='ltr'>τοῦ</span> <span class='ocrx_word' id='word_1_774' title='bbox 762 4907 967 4981; x_wconf 87' lang='grc' dir='ltr'>δοῦναι,</span> <span class='ocrx_word' id='word_1_775' title='bbox 1000 4912 1090 4967; x_wconf 76' lang='grc' dir='ltr'>καὶ</span> <span class='ocrx_word' id='word_1_776' title='bbox 1136 4909 1311 4966; x_wconf 77' lang='grc' dir='ltr'>πολὺν</span> <span class='ocrx_word' id='word_1_777' title='bbox 1364 4909 1556 4987; x_wconf 78' lang='grc' dir='ltr'>ἀγῶνα</span> <span class='ocrx_word' id='word_1_778' title='bbox 1605 4908 1697 4965; x_wconf 83' lang='grc' dir='ltr'><strong>καί</strong></span> <span class='ocrx_word' id='word_1_779' title='bbox 1754 4931 1929 4966; x_wconf 87' lang='grc' dir='ltr'>σπου-</span> 
     </span>
    </p>
   </div>
   <div class='ocr_carea' id='block_1_99' title="bbox 268 4992 1929 5076">
    <p class='ocr_par' dir='ltr' id='par_1_99' title="bbox 268 4992 1929 5076">
     <span class='ocr_line' id='line_1_99' title="bbox 268 4992 1929 5076; baseline 0 -21"><span class='ocrx_word' id='word_1_780' title='bbox 268 4997 387 5071; x_wconf 74' lang='grc' dir='ltr'>δῆν,</span> <span class='ocrx_word' id='word_1_781' title='bbox 426 5002 590 5075; x_wconf 84' lang='grc' dir='ltr'>ὑμεῖς</span> <span class='ocrx_word' id='word_1_782' title='bbox 622 4997 679 5056; x_wconf 73' lang='grc' dir='ltr'>δὲ</span> <span class='ocrx_word' id='word_1_783' title='bbox 710 5000 810 5056; x_wconf 84' lang='grc' dir='ltr'>οὑκ</span> <span class='ocrx_word' id='word_1_784' title='bbox 837 4994 1005 5076; x_wconf 80' lang='grc' dir='ltr'>ἔχητε</span> <span class='ocrx_word' id='word_1_785' title='bbox 1033 5001 1214 5056; x_wconf 85' lang='grc' dir='ltr'>πίστιν</span> <span class='ocrx_word' id='word_1_786' title='bbox 1246 5003 1342 5055; x_wconf 88' lang='grc' dir='ltr'>τοῦ</span> <span class='ocrx_word' id='word_1_787' title='bbox 1384 4992 1592 5068; x_wconf 78' lang='grc' dir='ltr'>λαϐεῖν,</span> <span class='ocrx_word' id='word_1_788' title='bbox 1653 4997 1766 5055; x_wconf 75' lang='grc' dir='ltr'>οὐδ’</span> <span class='ocrx_word' id='word_1_789' title='bbox 1812 4999 1929 5055; x_wconf 78' lang='grc' dir='ltr'>ἐπι-</span> 
     </span>
    </p>
   </div>
   <div class='ocr_carea' id='block_1_100' title="bbox 272 5083 1928 5166">
    <p class='ocr_par' dir='ltr' id='par_1_100' title="bbox 272 5083 1928 5166">
     <span class='ocr_line' id='line_1_100' title="bbox 272 5083 1928 5166; baseline 0.002 -23"><span class='ocrx_word' id='word_1_790' title='bbox 272 5092 472 5164; x_wconf 70' lang='grc' dir='ltr'>θυμίαν</span> <span class='ocrx_word' id='word_1_791' title='bbox 503 5089 599 5145; x_wconf 77' lang='grc' dir='ltr'>καὶ</span> <span class='ocrx_word' id='word_1_792' title='bbox 630 5087 947 5163; x_wconf 77' lang='grc' dir='ltr'>ἐπιμέλειαν</span> <span class='ocrx_word' id='word_1_793' title='bbox 983 5091 1107 5166; x_wconf 88' lang='grc' dir='ltr'>περὶ</span> <span class='ocrx_word' id='word_1_794' title='bbox 1148 5090 1213 5146; x_wconf 80' lang='grc' dir='ltr'>τὸ</span> <span class='ocrx_word' id='word_1_795' title='bbox 1262 5083 1474 5159; x_wconf 77' lang='grc' dir='ltr'>λαϐεῖν,</span> <span class='ocrx_word' id='word_1_796' title='bbox 1521 5089 1583 5145; x_wconf 81' lang='grc' dir='ltr'>οὑ</span> <span class='ocrx_word' id='word_1_797' title='bbox 1636 5089 1928 5165; x_wconf 78' lang='grc' dir='ltr'>παραγίνε-</span> 
     </span>
    </p>
   </div>
   <div class='ocr_carea' id='block_1_101' title="bbox 268 5177 1928 5256">
    <p class='ocr_par' dir='ltr' id='par_1_101' title="bbox 268 5177 1928 5256">
     <span class='ocr_line' id='line_1_101' title="bbox 268 5177 1928 5256; baseline 0.001 -22"><span class='ocrx_word' id='word_1_798' title='bbox 268 5198 354 5235; x_wconf 84' lang='grc' dir='ltr'>ται</span> <span class='ocrx_word' id='word_1_799' title='bbox 386 5181 547 5254; x_wconf 75' lang='grc' dir='ltr'>ὑμῖν,</span> <span class='ocrx_word' id='word_1_800' title='bbox 579 5177 678 5235; x_wconf 71' lang='grc' dir='ltr'>κόἷν</span> <span class='ocrx_word' id='word_1_801' title='bbox 709 5179 819 5256; x_wconf 79' lang='grc' dir='ltr'>ἐγὼ</span> <span class='ocrx_word' id='word_1_802' title='bbox 852 5180 1169 5256; x_wconf 75' lang='grc' dir='ltr'>βούλωμαι,</span> <span class='ocrx_word' id='word_1_803' title='bbox 1197 5180 1261 5236; x_wconf 88' lang='grc' dir='ltr'>τὸ</span> <span class='ocrx_word' id='word_1_804' title='bbox 1290 5180 1537 5256; x_wconf 72' lang='grc' dir='ltr'>χάρισμα</span> <span class='ocrx_word' id='word_1_805' title='bbox 1564 5179 1626 5235; x_wconf 84' lang='grc' dir='ltr'>τὸ</span> <span class='ocrx_word' id='word_1_806' title='bbox 1684 5201 1928 5255; x_wconf 84' lang='grc' dir='ltr'>πνευμα-</span> 
     </span>
    </p>
   </div>
   <div class='ocr_carea' id='block_1_102' title="bbox 269 5266 1929 5351">
    <p class='ocr_par' dir='ltr' id='par_1_102' title="bbox 269 5266 1929 5351">
     <span class='ocr_line' id='line_1_102' title="bbox 269 5266 1929 5351; baseline 0 -27"><span class='ocrx_word' id='word_1_807' title='bbox 269 5270 441 5326; x_wconf 75' lang='grc' dir='ltr'>τικόν.</span> <span class='ocrx_word' id='word_1_808' title='bbox 473 5274 571 5326; x_wconf 84' lang='grc' dir='ltr'>Δεῖ</span> <span class='ocrx_word' id='word_1_809' title='bbox 600 5269 694 5325; x_wconf 80' lang='grc' dir='ltr'>οὑν</span> <span class='ocrx_word' id='word_1_810' title='bbox 716 5270 1004 5351; x_wconf 72' lang='grc' dir='ltr'>ἀμφότερα</span> <span class='ocrx_word' id='word_1_811' title='bbox 1032 5266 1382 5345; x_wconf 77' lang='grc' dir='ltr'>συνδραμεῖν,</span> <span class='ocrx_word' id='word_1_812' title='bbox 1425 5267 1517 5325; x_wconf 82' lang='grc' dir='ltr'>καὶ</span> <span class='ocrx_word' id='word_1_813' title='bbox 1574 5269 1636 5326; x_wconf 84' lang='grc' dir='ltr'>τὸ</span> <span class='ocrx_word' id='word_1_814' title='bbox 1669 5269 1721 5341; x_wconf 75' lang='grc' dir='ltr'><strong>ἐξ</strong></span> <span class='ocrx_word' id='word_1_815' title='bbox 1769 5268 1929 5344; x_wconf 77' lang='grc' dir='ltr'>ἐμοῦ,</span> 
     </span>
    </p>
   </div>
   <div class='ocr_carea' id='block_1_103' title="bbox 264 5355 1931 5435">
    <p class='ocr_par' dir='ltr' id='par_1_103' title="bbox 264 5355 1931 5435">
     <span class='ocr_line' id='line_1_103' title="bbox 264 5355 1931 5435; baseline 0 -21"><span class='ocrx_word' id='word_1_816' title='bbox 264 5360 351 5414; x_wconf 69' lang='grc' dir='ltr'>καὶ</span> <span class='ocrx_word' id='word_1_817' title='bbox 386 5360 451 5416; x_wconf 86' lang='grc' dir='ltr'>τὸ</span> <span class='ocrx_word' id='word_1_818' title='bbox 484 5359 539 5430; x_wconf 75' lang='grc' dir='ltr'>ἐξ</span> <span class='ocrx_word' id='word_1_819' title='bbox 599 5360 778 5434; x_wconf 84' lang='grc' dir='ltr'>ὑμῶν.</span> <span class='ocrx_word' id='word_1_820' title='bbox 831 5359 970 5415; x_wconf 79' lang='grc' dir='ltr'>Τότε</span> <span class='ocrx_word' id='word_1_821' title='bbox 1020 5361 1126 5435; x_wconf 71' lang='grc' dir='ltr'>γὰρ</span> <span class='ocrx_word' id='word_1_822' title='bbox 1182 5357 1337 5415; x_wconf 77' lang='grc' dir='ltr'>αὐτοὶ</span> <span class='ocrx_word' id='word_1_823' title='bbox 1395 5357 1574 5415; x_wconf 87' lang='grc' dir='ltr'>πίστιν</span> <span class='ocrx_word' id='word_1_824' title='bbox 1632 5355 1778 5428; x_wconf 72' lang='grc' dir='ltr'>ἕξετε</span> <span class='ocrx_word' id='word_1_825' title='bbox 1832 5362 1931 5414; x_wconf 85' lang='grc' dir='ltr'>τοῦ</span> 
     </span>
    </p>
   </div>
   <div class='ocr_carea' id='block_1_104' title="bbox 265 5445 1931 5523">
    <p class='ocr_par' dir='ltr' id='par_1_104' title="bbox 265 5445 1931 5523">
     <span class='ocr_line' id='line_1_104' title="bbox 265 5445 1931 5523; baseline -0.002 -18"><span class='ocrx_word' id='word_1_826' title='bbox 265 5445 462 5506; x_wconf 74' lang='grc' dir='ltr'>λαϐεῖν</span> <span class='ocrx_word' id='word_1_827' title='bbox 524 5450 617 5505; x_wconf 77' lang='grc' dir='ltr'>καὶ</span> <span class='ocrx_word' id='word_1_828' title='bbox 677 5449 995 5522; x_wconf 77' lang='grc' dir='ltr'>ἐπιθυμίαν,</span> <span class='ocrx_word' id='word_1_829' title='bbox 1052 5448 1143 5505; x_wconf 77' lang='grc' dir='ltr'>ὅτε</span> <span class='ocrx_word' id='word_1_830' title='bbox 1228 5447 1411 5520; x_wconf 79' lang='grc' dir='ltr'>ἅξίους</span> <span class='ocrx_word' id='word_1_831' title='bbox 1471 5446 1692 5511; x_wconf 70' lang='grc' dir='ltr'>ἑαυτοὺς</span> <span class='ocrx_word' id='word_1_832' title='bbox 1758 5468 1931 5523; x_wconf 86' lang='grc' dir='ltr'>παρα-</span> 
     </span>
    </p>
   </div>
   <div class='ocr_carea' id='block_1_105' title="bbox 268 5533 1932 5615">
    <p class='ocr_par' dir='ltr' id='par_1_105' title="bbox 268 5533 1932 5615">
     <span class='ocr_line' id='line_1_105' title="bbox 268 5533 1932 5615; baseline -0.001 -20"><span class='ocrx_word' id='word_1_833' title='bbox 268 5538 559 5596; x_wconf 74' lang='grc' dir='ltr'>σκευᾶσετε</span> <span class='ocrx_word' id='word_1_834' title='bbox 611 5547 713 5609; x_wconf 76' lang='grc' dir='ltr'>τῆς</span> <span class='ocrx_word' id='word_1_835' title='bbox 769 5537 982 5615; x_wconf 75' lang='grc' dir='ltr'>δωρεᾶς</span> <span class='ocrx_word' id='word_1_836' title='bbox 1042 5535 1112 5594; x_wconf 89' lang='grc' dir='ltr'>δι’</span> <span class='ocrx_word' id='word_1_837' title='bbox 1166 5533 1338 5615; x_wconf 77' lang='grc' dir='ltr'>ἔργων</span> <span class='ocrx_word' id='word_1_838' title='bbox 1394 5539 1630 5612; x_wconf 80' lang='grc' dir='ltr'>ἀγαθῶν.</span> <span class='ocrx_word' id='word_1_839' title='bbox 1700 5533 1932 5613; x_wconf 73' lang='grc' dir='ltr'>Λαμϐαο</span> 
     </span>
    </p>
   </div>
   <div class='ocr_carea' id='block_1_106' title="bbox 263 5625 1933 5705">
    <p class='ocr_par' dir='ltr' id='par_1_106' title="bbox 263 5625 1933 5705">
     <span class='ocr_line' id='line_1_106' title="bbox 263 5625 1933 5705; baseline -0.001 -20"><span class='ocrx_word' id='word_1_840' title='bbox 263 5632 477 5686; x_wconf 78' lang='grc' dir='ltr'>νόντων</span> <span class='ocrx_word' id='word_1_841' title='bbox 509 5626 568 5685; x_wconf 80' lang='grc' dir='ltr'>ὂὶ</span> <span class='ocrx_word' id='word_1_842' title='bbox 600 5630 753 5705; x_wconf 83' lang='grc' dir='ltr'>ὑμῶν</span> <span class='ocrx_word' id='word_1_843' title='bbox 780 5630 848 5687; x_wconf 86' lang='grc' dir='ltr'>τὸ</span> <span class='ocrx_word' id='word_1_844' title='bbox 889 5627 1160 5705; x_wconf 76' lang='grc' dir='ltr'>χάρισμα,</span> <span class='ocrx_word' id='word_1_845' title='bbox 1221 5625 1394 5699; x_wconf 74' lang='grc' dir='ltr'>δῆλον</span> <span class='ocrx_word' id='word_1_846' title='bbox 1445 5628 1531 5683; x_wconf 77' lang='grc' dir='ltr'>ὃτι</span> <span class='ocrx_word' id='word_1_847' title='bbox 1576 5625 1933 5704; x_wconf 76' lang='grc' dir='ltr'>παρακαλοὺ-</span> 
     </span>
    </p>
   </div>
   <div class='ocr_carea' id='block_1_107' title="bbox 269 5714 1931 5801">
    <p class='ocr_par' dir='ltr' id='par_1_107' title="bbox 269 5714 1931 5801">
     <span class='ocr_line' id='line_1_107' title="bbox 269 5714 1931 5801; baseline -0.001 -24"><span class='ocrx_word' id='word_1_848' title='bbox 269 5731 402 5796; x_wconf 56' lang='lat' dir='ltr'>paea</span> <span class='ocrx_word' id='word_1_849' title='bbox 431 5721 526 5777; x_wconf 76' lang='grc' dir='ltr'>καί</span> <span class='ocrx_word' id='word_1_850' title='bbox 551 5720 961 5801; x_wconf 66' lang='grc' dir='ltr'>εὐφραινόμεθα</span> <span class='ocrx_word' id='word_1_851' title='bbox 1015 5716 1069 5774; x_wconf 74' lang='grc' dir='ltr'>ἰν</span> <span class='ocrx_word' id='word_1_852' title='bbox 1124 5716 1424 5790; x_wconf 74' lang='grc' dir='ltr'>ἀλλήλοις·</span> <span class='ocrx_word' id='word_1_853' title='bbox 1477 5719 1661 5775; x_wconf 77' lang='grc' dir='ltr'>κοινὸν</span> <span class='ocrx_word' id='word_1_854' title='bbox 1707 5714 1810 5797; x_wconf 77' lang='grc' dir='ltr'>γὰρ</span> <span class='ocrx_word' id='word_1_855' title='bbox 1868 5720 1931 5776; x_wconf 80' lang='grc' dir='ltr'>τὸ</span> 
     </span>
    </p>
   </div>
   <div class='ocr_carea' id='block_1_108' title="bbox 575 5844 1352 5917">
    <p class='ocr_par' dir='ltr' id='par_1_108' title="bbox 575 5844 1352 5917">
     <span class='ocr_line' id='line_1_108' title="bbox 575 5844 1352 5917; baseline -0.009 0"><span class='ocrx_word' id='word_1_856' title='bbox 575 5853 869 5917; x_wconf 69' lang='grc' dir='ltr'>ΡΑτειοε..</span> <span class='ocrx_word' id='word_1_857' title='bbox 916 5849 1039 5909; x_wconf 76' lang='lat' dir='ltr'>Gn.</span> <span class='ocrx_word' id='word_1_858' title='bbox 1083 5844 1352 5910; x_wconf 82' lang='lat' dir='ltr'>CXVIII.</span> 
     </span>
    </p>
   </div>
   <div class='ocr_carea' id='block_1_109' title="bbox 2038 4728 3699 4800">
    <p class='ocr_par' dir='ltr' id='par_1_109' title="bbox 2038 4728 3699 4800">
     <span class='ocr_line' id='line_1_109' title="bbox 2038 4728 3699 4800; baseline -0.005 -11"><span class='ocrx_word' id='word_1_859' title='bbox 2038 4734 2175 4789; x_wconf 90' lang='lat' dir='ltr'>dem</span> <span class='ocrx_word' id='word_1_860' title='bbox 2208 4732 2547 4800; x_wconf 88' lang='lat' dir='ltr'>ministerii,</span> <span class='ocrx_word' id='word_1_861' title='bbox 2579 4731 2761 4787; x_wconf 89' lang='lat' dir='ltr'>vestri</span> <span class='ocrx_word' id='word_1_862' title='bbox 2793 4736 2993 4787; x_wconf 92' lang='lat' dir='ltr'>autem</span> <span class='ocrx_word' id='word_1_863' title='bbox 3026 4728 3277 4785; x_wconf 87' lang='lat' dir='ltr'>subsidii</span> <span class='ocrx_word' id='word_1_864' title='bbox 3304 4744 3318 4793; x_wconf 86' lang='lat'><strong>;</strong></span> <span class='ocrx_word' id='word_1_865' title='bbox 3351 4733 3411 4782; x_wconf 90' lang='lat' dir='ltr'>et</span> <span class='ocrx_word' id='word_1_866' title='bbox 3447 4742 3522 4780; x_wconf 91' lang='lat' dir='ltr'>ne</span> <span class='ocrx_word' id='word_1_867' title='bbox 3555 4731 3699 4781; x_wconf 89' lang='lat' dir='ltr'>tunc</span> 
     </span>
    </p>
   </div>
   <div class='ocr_carea' id='block_1_110' title="bbox 2040 4814 3691 4895">
    <p class='ocr_par' dir='ltr' id='par_1_110' title="bbox 2040 4814 3691 4895">
     <span class='ocr_line' id='line_1_110' title="bbox 2040 4814 3691 4895; baseline -0.005 -17"><span class='ocrx_word' id='word_1_868' title='bbox 2040 4823 2283 4895; x_wconf 88' lang='lat' dir='ltr'>quidem</span> <span class='ocrx_word' id='word_1_869' title='bbox 2312 4825 2639 4892; x_wconf 87' lang='lat' dir='ltr'>utcunque,</span> <span class='ocrx_word' id='word_1_870' title='bbox 2677 4818 2782 4875; x_wconf 92' lang='lat' dir='ltr'>sed</span> <span class='ocrx_word' id='word_1_871' title='bbox 2838 4835 2947 4890; x_wconf 90' lang='lat' dir='ltr'>per</span> <span class='ocrx_word' id='word_1_872' title='bbox 2989 4822 3262 4873; x_wconf 87' lang='lat' dir='ltr'>mutuam</span> <span class='ocrx_word' id='word_1_873' title='bbox 3311 4814 3514 4871; x_wconf 81' lang='lat' dir='ltr'>ﬁdem.</span> <span class='ocrx_word' id='word_1_874' title='bbox 3566 4814 3691 4879; x_wconf 88' lang='lat' dir='ltr'>Quo</span> 
     </span>
    </p>
   </div>
   <div class='ocr_carea' id='block_1_111' title="bbox 2040 4901 3694 4984">
    <p class='ocr_par' dir='ltr' id='par_1_111' title="bbox 2040 4901 3694 4984">
     <span class='ocr_line' id='line_1_111' title="bbox 2040 4901 3694 4984; baseline -0.006 -15"><span class='ocrx_word' id='word_1_875' title='bbox 2040 4913 2216 4969; x_wconf 90' lang='lat' dir='ltr'>modo</span> <span class='ocrx_word' id='word_1_876' title='bbox 2235 4911 2447 4984; x_wconf 88' lang='lat' dir='ltr'>ergoid</span> <span class='ocrx_word' id='word_1_877' title='bbox 2470 4909 2609 4965; x_wconf 82' lang='lat' dir='ltr'>fiet?</span> <span class='ocrx_word' id='word_1_878' title='bbox 2630 4909 2687 4964; x_wconf 92' lang='lat' dir='ltr'>Si</span> <span class='ocrx_word' id='word_1_879' title='bbox 2718 4908 2854 4981; x_wconf 82' lang='lat' dir='ltr'>ipsi,</span> <span class='ocrx_word' id='word_1_880' title='bbox 2877 4908 3096 4979; x_wconf 89' lang='lat' dir='ltr'>inquit,</span> <span class='ocrx_word' id='word_1_881' title='bbox 3121 4906 3301 4963; x_wconf 82' lang='lat' dir='ltr'>ﬁdem</span> <span class='ocrx_word' id='word_1_882' title='bbox 3332 4904 3602 4961; x_wconf 88' lang='lat' dir='ltr'>habeatis</span> <span class='ocrx_word' id='word_1_883' title='bbox 3618 4901 3694 4960; x_wconf 90' lang='lat' dir='ltr'>ad</span> 
     </span>
    </p>
   </div>
   <div class='ocr_carea' id='block_1_112' title="bbox 2040 4993 3699 5075">
    <p class='ocr_par' dir='ltr' id='par_1_112' title="bbox 2040 4993 3699 5075">
     <span class='ocr_line' id='line_1_112' title="bbox 2040 4993 3699 5075; baseline -0.005 -17"><span class='ocrx_word' id='word_1_884' title='bbox 2040 5001 2447 5075; x_wconf 89' lang='lat' dir='ltr'>accipiendam</span> <span class='ocrx_word' id='word_1_885' title='bbox 2477 5000 2751 5073; x_wconf 88' lang='lat' dir='ltr'>gratiam,</span> <span class='ocrx_word' id='word_1_886' title='bbox 2783 5014 2888 5071; x_wconf 90' lang='lat' dir='ltr'>ego</span> <span class='ocrx_word' id='word_1_887' title='bbox 2927 5014 3062 5053; x_wconf 88' lang='lat' dir='ltr'>vero</span> <span class='ocrx_word' id='word_1_888' title='bbox 3097 4996 3277 5052; x_wconf 75' lang='lat' dir='ltr'>ﬁdem</span> <span class='ocrx_word' id='word_1_889' title='bbox 3317 5011 3555 5050; x_wconf 88' lang='lat' dir='ltr'>rursum</span> <span class='ocrx_word' id='word_1_890' title='bbox 3586 4993 3699 5050; x_wconf 86' lang='lat' dir='ltr'>ha-</span> 
     </span>
    </p>
   </div>
   <div class='ocr_carea' id='block_1_113' title="bbox 2040 5082 3696 5158">
    <p class='ocr_par' dir='ltr' id='par_1_113' title="bbox 2040 5082 3696 5158">
     <span class='ocr_line' id='line_1_113' title="bbox 2040 5082 3696 5158; baseline -0.006 -10"><span class='ocrx_word' id='word_1_891' title='bbox 2040 5092 2213 5148; x_wconf 91' lang='lat' dir='ltr'>beam</span> <span class='ocrx_word' id='word_1_892' title='bbox 2244 5090 2317 5147; x_wconf 91' lang='lat' dir='ltr'>ad</span> <span class='ocrx_word' id='word_1_893' title='bbox 2340 5090 2509 5146; x_wconf 89' lang='lat' dir='ltr'>illam</span> <span class='ocrx_word' id='word_1_894' title='bbox 2538 5089 2702 5145; x_wconf 88' lang='lat' dir='ltr'>vobis</span> <span class='ocrx_word' id='word_1_895' title='bbox 2734 5085 3107 5144; x_wconf 87' lang='lat' dir='ltr'>tradendam.</span> <span class='ocrx_word' id='word_1_896' title='bbox 3160 5087 3306 5142; x_wconf 88' lang='lat' dir='ltr'>Nam</span> <span class='ocrx_word' id='word_1_897' title='bbox 3346 5084 3396 5141; x_wconf 88' lang='lat' dir='ltr'>si</span> <span class='ocrx_word' id='word_1_898' title='bbox 3422 5100 3528 5158; x_wconf 89' lang='lat' dir='ltr'>ego</span> <span class='ocrx_word' id='word_1_899' title='bbox 3560 5082 3696 5156; x_wconf 82' lang='lat' dir='ltr'>qui-</span> 
     </span>
    </p>
   </div>
   <div class='ocr_carea' id='block_1_114' title="bbox 2042 5175 3702 5247">
    <p class='ocr_par' dir='ltr' id='par_1_114' title="bbox 2042 5175 3702 5247">
     <span class='ocr_line' id='line_1_114' title="bbox 2042 5175 3702 5247; baseline -0.005 -10"><span class='ocrx_word' id='word_1_900' title='bbox 2042 5182 2177 5238; x_wconf 92' lang='lat' dir='ltr'>dem</span> <span class='ocrx_word' id='word_1_901' title='bbox 2239 5180 2419 5236; x_wconf 84' lang='lat' dir='ltr'>ﬁdem</span> <span class='ocrx_word' id='word_1_902' title='bbox 2476 5179 2730 5236; x_wconf 90' lang='lat' dir='ltr'>habeam</span> <span class='ocrx_word' id='word_1_903' title='bbox 2783 5177 2860 5233; x_wconf 91' lang='lat' dir='ltr'>ad</span> <span class='ocrx_word' id='word_1_904' title='bbox 2916 5175 3205 5244; x_wconf 91' lang='lat' dir='ltr'>dandum,</span> <span class='ocrx_word' id='word_1_905' title='bbox 3297 5186 3702 5247; x_wconf 80' lang='lat' dir='ltr'>magnumque</span> 
     </span>
    </p>
   </div>
   <div class='ocr_carea' id='block_1_115' title="bbox 2041 5262 3707 5332">
    <p class='ocr_par' dir='ltr' id='par_1_115' title="bbox 2041 5262 3707 5332">
     <span class='ocr_line' id='line_1_115' title="bbox 2041 5262 3707 5332; baseline -0.007 -5"><span class='ocrx_word' id='word_1_906' title='bbox 2041 5272 2306 5328; x_wconf 87' lang='lat' dir='ltr'>laborem</span> <span class='ocrx_word' id='word_1_907' title='bbox 2338 5287 2407 5326; x_wconf 89' lang='lat' dir='ltr'>ac</span> <span class='ocrx_word' id='word_1_908' title='bbox 2460 5269 2747 5332; x_wconf 87' lang='lat' dir='ltr'>studium,</span> <span class='ocrx_word' id='word_1_909' title='bbox 2797 5283 2897 5323; x_wconf 89' lang='lat' dir='ltr'>vos</span> <span class='ocrx_word' id='word_1_910' title='bbox 2953 5271 3153 5322; x_wconf 90' lang='lat' dir='ltr'>autem</span> <span class='ocrx_word' id='word_1_911' title='bbox 3200 5279 3323 5321; x_wconf 91' lang='lat' dir='ltr'>non</span> <span class='ocrx_word' id='word_1_912' title='bbox 3375 5262 3707 5320; x_wconf 87' lang='lat' dir='ltr'>habueritis</span> 
     </span>
    </p>
   </div>
   <div class='ocr_carea' id='block_1_116' title="bbox 2043 5351 3709 5432">
    <p class='ocr_par' dir='ltr' id='par_1_116' title="bbox 2043 5351 3709 5432">
     <span class='ocr_line' id='line_1_116' title="bbox 2043 5351 3709 5432; baseline -0.005 -15"><span class='ocrx_word' id='word_1_913' title='bbox 2043 5361 2222 5417; x_wconf 82' lang='lat' dir='ltr'>fidem</span> <span class='ocrx_word' id='word_1_914' title='bbox 2245 5360 2315 5416; x_wconf 91' lang='lat' dir='ltr'>ad</span> <span class='ocrx_word' id='word_1_915' title='bbox 2351 5358 2768 5432; x_wconf 91' lang='lat' dir='ltr'>accipiendum</span> <span class='ocrx_word' id='word_1_916' title='bbox 2795 5376 2808 5413; x_wconf 90' lang='lat'><strong>:</strong></span> <span class='ocrx_word' id='word_1_917' title='bbox 2842 5372 2966 5411; x_wconf 90' lang='lat' dir='ltr'>non</span> <span class='ocrx_word' id='word_1_918' title='bbox 2999 5354 3307 5428; x_wconf 82' lang='lat' dir='ltr'>continget</span> <span class='ocrx_word' id='word_1_919' title='bbox 3326 5353 3488 5409; x_wconf 90' lang='lat' dir='ltr'>vobis</span> <span class='ocrx_word' id='word_1_920' title='bbox 3517 5351 3709 5426; x_wconf 83' lang='lat' dir='ltr'>gratia</span> 
     </span>
    </p>
   </div>
   <div class='ocr_carea' id='block_1_117' title="bbox 2043 5446 3703 5524">
    <p class='ocr_par' dir='ltr' id='par_1_117' title="bbox 2043 5446 3703 5524">
     <span class='ocr_line' id='line_1_117' title="bbox 2043 5446 3703 5524; baseline -0.005 -17"><span class='ocrx_word' id='word_1_921' title='bbox 2043 5451 2396 5524; x_wconf 90' lang='lat' dir='ltr'>spiritualis,</span> <span class='ocrx_word' id='word_1_922' title='bbox 2419 5450 2598 5505; x_wconf 88' lang='lat' dir='ltr'>etiam</span> <span class='ocrx_word' id='word_1_923' title='bbox 2621 5449 2669 5504; x_wconf 90' lang='lat' dir='ltr'>si</span> <span class='ocrx_word' id='word_1_924' title='bbox 2695 5464 2800 5522; x_wconf 81' lang='lat' dir='ltr'>ego</span> <span class='ocrx_word' id='word_1_925' title='bbox 2816 5447 3016 5503; x_wconf 87' lang='lat' dir='ltr'>velim.</span> <span class='ocrx_word' id='word_1_926' title='bbox 3049 5446 3378 5518; x_wconf 88' lang='lat' dir='ltr'>Utrumque</span> <span class='ocrx_word' id='word_1_927' title='bbox 3401 5460 3538 5517; x_wconf 87' lang='lat' dir='ltr'>ergo</span> <span class='ocrx_word' id='word_1_928' title='bbox 3557 5457 3703 5499; x_wconf 89' lang='lat' dir='ltr'>con-</span> 
     </span>
    </p>
   </div>
   <div class='ocr_carea' id='block_1_118' title="bbox 2043 5531 3703 5612">
    <p class='ocr_par' dir='ltr' id='par_1_118' title="bbox 2043 5531 3703 5612">
     <span class='ocr_line' id='line_1_118' title="bbox 2043 5531 3703 5612; baseline -0.006 -16"><span class='ocrx_word' id='word_1_929' title='bbox 2043 5557 2281 5597; x_wconf 90' lang='lat' dir='ltr'>currere</span> <span class='ocrx_word' id='word_1_930' title='bbox 2311 5545 2564 5612; x_wconf 87' lang='lat' dir='ltr'>oportet,</span> <span class='ocrx_word' id='word_1_931' title='bbox 2595 5542 2655 5593; x_wconf 91' lang='lat' dir='ltr'>et</span> <span class='ocrx_word' id='word_1_932' title='bbox 2685 5537 2840 5610; x_wconf 85' lang='lat' dir='ltr'>quod</span> <span class='ocrx_word' id='word_1_933' title='bbox 2874 5553 2909 5592; x_wconf 89' lang='lat' dir='ltr'>a</span> <span class='ocrx_word' id='word_1_934' title='bbox 2942 5552 3036 5592; x_wconf 90' lang='lat' dir='ltr'>me</span> <span class='ocrx_word' id='word_1_935' title='bbox 3069 5535 3369 5607; x_wconf 67' lang='lat' dir='ltr'>praebetur</span> <span class='ocrx_word' id='word_1_936' title='bbox 3385 5539 3445 5589; x_wconf 90' lang='lat' dir='ltr'>et</span> <span class='ocrx_word' id='word_1_937' title='bbox 3473 5531 3633 5603; x_wconf 91' lang='lat' dir='ltr'>quod</span> <span class='ocrx_word' id='word_1_938' title='bbox 3664 5546 3703 5587; x_wconf 72' lang='grc' dir='ltr'>ε.</span> 
     </span>
    </p>
   </div>
   <div class='ocr_carea' id='block_1_119' title="bbox 2042 5622 3703 5693">
    <p class='ocr_par' dir='ltr' id='par_1_119' title="bbox 2042 5622 3703 5693">
     <span class='ocr_line' id='line_1_119' title="bbox 2042 5622 3703 5693; baseline -0.007 -6"><span class='ocrx_word' id='word_1_939' title='bbox 2042 5632 2231 5688; x_wconf 89' lang='lat' dir='ltr'>vobis.</span> <span class='ocrx_word' id='word_1_940' title='bbox 2275 5632 2438 5687; x_wconf 91' lang='lat' dir='ltr'>Tunc</span> <span class='ocrx_word' id='word_1_941' title='bbox 2464 5630 2625 5686; x_wconf 88' lang='lat' dir='ltr'>enim</span> <span class='ocrx_word' id='word_1_942' title='bbox 2658 5628 2840 5685; x_wconf 82' lang='lat' dir='ltr'>ﬁdem</span> <span class='ocrx_word' id='word_1_943' title='bbox 2880 5644 2947 5684; x_wconf 87' lang='lat' dir='ltr'>ac</span> <span class='ocrx_word' id='word_1_944' title='bbox 3007 5624 3373 5682; x_wconf 88' lang='lat' dir='ltr'>desiderium</span> <span class='ocrx_word' id='word_1_945' title='bbox 3432 5622 3703 5693; x_wconf 81' lang='lat' dir='ltr'>accipere</span> 
     </span>
    </p>
   </div>
   <div class='ocr_carea' id='block_1_120' title="bbox 2042 5708 3701 5796">
    <p class='ocr_par' dir='ltr' id='par_1_120' title="bbox 2042 5708 3701 5796">
     <span class='ocr_line' id='line_1_120' title="bbox 2042 5708 3701 5796; baseline -0.01 -17"><span class='ocrx_word' id='word_1_946' title='bbox 2042 5721 2336 5796; x_wconf 85' lang='lat' dir='ltr'>poteritis,</span> <span class='ocrx_word' id='word_1_947' title='bbox 2371 5719 2614 5792; x_wconf 89' lang='lat' dir='ltr'>quando</span> <span class='ocrx_word' id='word_1_948' title='bbox 2643 5717 2818 5776; x_wconf 89' lang='lat' dir='ltr'>bonis</span> <span class='ocrx_word' id='word_1_949' title='bbox 2851 5716 3136 5790; x_wconf 85' lang='lat' dir='ltr'>cperibus</span> <span class='ocrx_word' id='word_1_950' title='bbox 3157 5714 3371 5787; x_wconf 84' lang='lat' dir='ltr'>dignos</span> <span class='ocrx_word' id='word_1_951' title='bbox 3398 5712 3512 5769; x_wconf 85' lang='lat' dir='ltr'>hoc</span> <span class='ocrx_word' id='word_1_952' title='bbox 3541 5708 3701 5765; x_wconf 85' lang='lat' dir='ltr'>dono</span> 
     </span>
    </p>
   </div>
   <div class='ocr_carea' id='block_1_121' title="bbox 3307 5840 3377 5899">
    <p class='ocr_par' dir='ltr' id='par_1_121' title="bbox 3307 5840 3377 5899">
     <span class='ocr_line' id='line_1_121' title="bbox 3307 5840 3377 5899; baseline -0.014 0"><span class='ocrx_word' id='word_1_953' title='bbox 3307 5840 3377 5899; x_wconf 79' lang='lat' dir='ltr'><strong>H</strong></span> 
     </span>
    </p>
   </div>
  </div>
