4112 6404
442 346 557 407 331

1567 344 1988 408 ἜΟΗΜΕΝΙΙ
2034 341 2343 405 TRJCtJ/‘E
2386 341 2742 402 EPESCOPI

3747 341 3876 401 332

452 496 553 536 vos
585 476 979 552 prmbueritis.
1005 478 1150 534 Cum
1175 483 1373 535 autem
1421 496 1522 537 vos
1553 480 1778 536 donum
1808 477 2105 550 acceperi-

2221 470 2434 549 κέρδος.
2470 471 2704 530 Πολλῶν
2735 475 2840 550 γὰρ
2896 477 3104 531 πιστῶν
3163 471 3405 545 σύνοδος,
3466 471 3720 548 μεγίστην
3780 475 3880 551 ἐρ-

451 568 547 636 tis,
589 568 969 623 manifestum
997 574 1105 633 est,
1133 568 1293 639 quod
1316 569 2112 639 consolabimur,mutuoque

453 656 905 727 gratulabimur,
943 674 1078 712 cum
1112 658 1188 712 sit
1238 675 1556 715 commune
1602 659 1853 715 lucrum.
1912 657 2110 712 Diver-

453 762 654 801 sorum
680 746 839 800 enim
858 746 1125 801 ﬁdelium
1151 763 1479 802 concursus
1494 748 1813 803 maximam
1833 752 2113 818 operatur

451 834 947 891 consolationem.
977 836 1100 903 Vel,
1125 836 1225 891 ubi
1258 854 1359 892 vos
1384 837 1622 908 quidem
1650 854 1745 892 me
1778 834 2113 907 susceperi-

447 924 523 980 tis
548 941 652 995 pro
682 924 797 979 ﬁde
821 925 1088 997 dignum,
1113 925 1546 997 quiprmdicem
1581 932 1683 982 aut
1701 925 1970 987 doceam,
2005 939 2110 995 ego

447 1029 587 1069 vero
610 1031 850 1069 rursum
874 1014 1087 1087 dignos
1113 1032 1210 1071 vos
1234 1015 1734 1088 habeam,quibus
1766 1015 1865 1071 Dei
1897 1029 2112 1070 conce-

452 1102 673 1158 dantur
701 1104 965 1171 oracula,
1000 1104 1367 1177 solidiorque
1399 1106 1690 1163 doctrina.
1728 1106 1852 1173 Vel,
1879 1104 1979 1160 ubi
2004 1118 2109 1176 ego

452 1192 693 1264 quidem
726 1211 827 1248 vos
857 1200 1131 1265 prompto
1167 1196 1367 1250 animo
1389 1194 1633 1251 verbum
1656 1195 1758 1250 Dei
1783 1193 2110 1265 suscipien-

452 1286 541 1337 tes
572 1283 793 1351 videro,
821 1300 921 1338 vos
947 1290 1143 1341 autem
1175 1301 1205 1341 e
1237 1284 1469 1340 diverso
1497 1284 1763 1340 videritis
1792 1299 1988 1339 meam
2008 1299 2111 1337 cu-

449 1388 579 1427 ram
609 1389 677 1427 ac
704 1372 1072 1445 diligentiam
1107 1374 1267 1429 circa
1297 1391 1422 1430 vos.
1458 1376 1603 1430 Nam
1628 1373 1688 1428 id
1719 1373 1793 1428 ad
1815 1373 2108 1445 majorem

452 1460 593 1517 ﬁdei
618 1462 1036 1517 certitudinem
1062 1463 1330 1534 utrisque
1362 1463 1625 1535 prodest,
1651 1463 1889 1535 quando
1922 1462 1971 1517 is
2007 1460 2109 1532 qui

451 1550 696 1606 verbum
730 1551 1104 1620 disseminat,
1137 1552 1295 1607 videt
1324 1554 1637 1608 hominum
1670 1554 1899 1608 animos
1934 1567 2114 1623 supra

454 1657 632 1713 quam
665 1641 825 1696 credi
860 1648 1056 1712 potest
1085 1642 1160 1697 ad
1199 1642 1598 1697 obedientiam
1642 1643 1895 1707 attrahi;
1930 1641 2111 1696 robu-

454 1730 603 1785 stior
633 1731 795 1785 enim
827 1730 900 1785 ad
925 1731 1371 1802 praedicandum
1402 1732 1955 1787 redditur.Rursum
1978 1746 2113 1786 cum

2213 564 2435 640 γάζεται
2494 562 2858 640 παράκλησιν.
2917 566 2986 621 Ἦ
3050 565 3201 637 ὑμῶν
3266 564 3360 639 μὲν
3413 564 3726 634 ἀξιόπιστον
3792 565 3882 628 εἷς

2213 652 2276 707 τὸ
2307 654 2535 728 κηρύξαι
2594 653 2683 707 καὶ
2741 651 2950 726 διδάξαι
2997 649 3500 728 ὑπολαμϐανόντων
3553 654 3672 727 ἐμὲ,
3731 655 3887 729 ἐμοῦ

2217 740 2275 797 δὲ
2304 743 2497 813 πάλιν,
2529 744 2875 815 ἀξιοπίστους
2907 743 2983 806 εἷς
3013 745 3076 800 τὸ
3118 743 3538 818 ἐμπιστευθῇναι
3588 746 3655 800 τὰ
3703 744 3888 821 λόγια

2214 837 2310 887 τοῦ
2351 837 2508 900 Θεοῦ,
2569 834 2660 889 καὶ
2717 835 2816 905 τὴν
2878 833 3217 909 τελειοτέραν
3277 834 3560 909 κρίναντος
3614 832 3885 890 διδασκα-

2216 921 2362 979 λίαν.
2396 924 2469 980 Ἦ
2499 922 2634 996 ἐμοῦ
2669 926 2764 997 μὲν
2791 923 3027 998 ὁρῶντος
3060 924 3359 997 προθύμως
3425 921 3884 999 ὑποδεχομένους

2218 1013 2358 1087 ὑμᾶς
2416 1014 2479 1069 τὸ
2536 1017 2819 1090 κήρυγμα,
2894 1012 3046 1088 ὑμῶν
3106 1013 3164 1069 δὲ
3220 1012 3387 1069 πάλιν
3449 1014 3704 1090 ὁρώντων
3764 1016 3882 1084 τήν

2216 1100 2354 1177 ἐμὴν
2387 1105 2509 1180 περὶ
2568 1104 2698 1159 αὑτὸ
2756 1101 3072 1178 ἐπιμέλειαν
3132 1104 3223 1160 καὶ
3281 1102 3545 1175 σπουδήν.
3609 1104 3889 1162 Συντελεῖ

2218 1190 2276 1249 δὶ
2305 1198 2468 1249 τοῦτο
2500 1194 2576 1256 εἷς
2605 1193 2831 1268 μείζονα
2878 1192 3259 1273 πληροφορίαν
3310 1199 3412 1262 τῆς
3460 1193 3694 1258 πίστεως
3744 1194 3885 1250 ἑκα-

2214 1278 2419 1354 τέροις,
2452 1278 2579 1335 ὅταν
2609 1280 2638 1333 ὁ
2673 1279 2768 1352 μὲν
2799 1278 3086 1355 κηρύσσων
3119 1280 3219 1353 ὁρᾷ
3262 1280 3359 1339 τὰς
3406 1282 3516 1333 τῶν
3566 1277 3883 1354 ἀνθρώπων

2216 1369 2400 1444 ψυχᾶς
2450 1365 2771 1442 παραδόξως
2826 1368 2906 1430 είς
2954 1369 3196 1438 ὑπακοὴν
3258 1365 3578 1441 ἑλκομένας.
3635 1367 3888 1429 Μᾶλλον

2217 1459 2323 1534 γὰρ
2381 1459 2651 1534 ῥώννυται
2709 1458 2785 1520 εἷς
2838 1460 2900 1514 τὸ
2983 1458 3294 1531 κηρύσσειν.
3358 1460 3461 1517 Καὶ
3519 1459 3645 1514 ὅταν
3700 1459 3888 1515 πάλιν

2219 1550 2416 1623 ὁρῶσιν
2451 1549 2504 1603 οἱ
2538 1548 2801 1623 μαθηταὶ,
2860 1547 2952 1603 σὺν
3022 1545 3205 1603 ἐλπίδι
3270 1544 3464 1624 βεϐαίᾳ
3518 1551 3613 1606 τὸν
3658 1551 3892 1622 κήρυκα

2218 1641 2316 1709 τὴν
2347 1641 2531 1696 πίστιν
2556 1637 2947 1713 παραδιδόντα,
2984 1637 3198 1708 μᾶλλον
3252 1639 3618 1716 ὑποδέχονται
3647 1640 3890 1713 ταύτην,

2217 1729 2310 1786 καὶ
2351 1729 2495 1785 οὕτω
2528 1727 2616 1785 διὰ
2643 1736 2744 1801 τῆς
2776 1729 2826 1785 ἐν
2854 1728 3133 1801 ἀλλήλοις
3163 1728 3398 1794 πίστεως
3430 1731 3674 1806 ἑκάτεροι
3698 1748 3888 1805 παρα-

454 1820 715 1875 viderint
745 1820 1021 1893 discipuli
1047 1822 1530 1876 eoncionatorem
1561 1838 1662 1893 spe
1688 1820 1860 1876 ﬁrma
1881 1820 2108 1876 traden-

2221 1820 2532 1877 καλοῦνται.

460 1914 581 1965 tem
615 1910 816 1977 ﬁdem,
853 1910 1037 1982 magis
1068 1911 1221 1965 hanc
1252 1911 1622 1981 suscipiunt;
1684 1915 1743 1965 et
1781 1910 1866 1965 ita
1905 1926 2011 1981 per
2041 1908 2107 1963 ﬁ-

460 1999 595 2054 dem
629 2006 896 2054 mutuam
928 2000 1163 2071 utrique
1197 1999 1665 2055 consolationem
1699 1998 2018 2070 accipiunt.

528 2090 573 2156 I,
614 2090 790 2143 13-16.
826 2089 962 2143 Nolo
992 2095 1170 2143 autem
1200 2105 1293 2144 vos
1351 2091 1632 2159 ignorare,
1688 2091 1914 2156 fratres.
1965 2088 2111 2158 quod

449 2181 649 2248 saepius
675 2181 1066 2249 praposuerim
1107 2181 1295 2233 venire
1326 2180 1400 2233 ad
1426 2194 1540 2241 vos,
1572 2185 1622 2232 et
1646 2177 1966 2249 prohibitus
1991 2193 2110 2233 sum

452 2268 736 2328 hactenus.
767 2275 830 2322 ut
860 2268 1099 2338 aliquem
1159 2271 1404 2336 fructum
1456 2268 1687 2322 habeam
1735 2274 1785 2321 et
1826 2270 1886 2321 in
1936 2268 2107 2334 vobis,

448 2361 591 2415 sicut
628 2364 679 2412 et
710 2357 768 2412 in
800 2360 1005 2413 caeteris
1034 2359 1308 2427 gentibus.
1351 2360 1421 2412 Et
1470 2358 1676 2414 Graecis
1722 2363 1775 2411 et
1822 2357 2108 2423 Barbaris,

452 2453 503 2501 et
523 2448 863 2517 sapientibus
888 2454 940 2502 et
970 2446 1363 2517 insipientibus
1393 2446 1607 2501 debitor
1637 2462 1774 2501 sum.
1808 2447 1897 2502 Sic
1928 2462 2111 2516 quan-

455 2541 570 2589 tum
601 2537 659 2589 in
689 2552 771 2590 me
800 2542 897 2602 est,
934 2541 1219 2605 promptus
1248 2551 1368 2589 sum
1401 2537 1569 2589 etiam
1597 2535 1765 2601 vobis,
1799 2537 1898 2604 qui
1930 2537 2110 2589 Romae

453 2624 599 2691 estis,
635 2623 997 2693 Evangelium
1039 2624 1367 2694 praedicare.
1430 2626 1548 2678 Non
1609 2626 1753 2678 enim
1802 2624 1977 2694 pudet
2028 2640 2112 2678 me

457 2713 752 2783 Evangelii
782 2714 1006 2780 Christi,
1029 2713 1303 2784 siquidem
1326 2713 1585 2784 potentia
1615 2716 1715 2769 Dei
1745 2720 1820 2768 est
1857 2715 1931 2769 ad
1958 2715 2112 2769 salu-

456 2808 563 2858 tem
594 2802 742 2859 omni
767 2802 1053 2858 credenti:
1083 2803 1276 2857 Judan
1297 2801 1548 2872 primum
1576 2808 1627 2857 et
1661 2802 1866 2859 Graeco.

529 2982 677 3037 ‘201
709 2982 765 3036 Si
795 2998 930 3055 ergo
960 2982 1161 3037 venire
1212 2986 1400 3052 optas,
1455 2986 1513 3036 et
1558 2980 1832 3035 utilitatis
1892 2983 2110 3034 nostrae

455 3072 643 3146 gratia
670 3073 784 3128 iter
804 3073 1113 3141 institutis,
1145 3088 1250 3127 cur
1271 3088 1391 3126 non
1416 3070 1697 3126 advenis?
1722 3070 2109 3141 Sum,inquit,

454 3163 829 3235 prohibitus;
866 3181 975 3219 nec
1009 3169 1207 3218 tamen
1240 3162 1664 3234 prohibitionis
1689 3177 1927 3217 causam
1953 3177 2112 3216 scru-

2295 2087 2372 2145 Ού
2404 2086 2547 2143 θέλω
2589 2085 2646 2143 δὲ
2706 2089 2842 2161 ὑμᾶς
2896 2089 3134 2164 ἀγνοεῖν,
3195 2086 3446 2168 ἀδελφοὶ,
3507 2086 3590 2143 ὅτι
3649 2087 3886 2144 πολλά-

2221 2199 2307 2239 κις
2363 2180 2671 2254 προεθέμην
2728 2176 2904 2233 ἐλθεῖν
2964 2179 3101 2254 πρὸς
3184 2179 3346 2252 ὑμᾶς,
3436 2179 3524 2233 καὶ
3588 2177 3887 2249 ἐκωλύθην

2224 2266 2357 2343 ἄχρι
2412 2273 2510 2323 τοῦ
2592 2265 2771 2345 δεῦρο,
2850 2265 2939 2324 ’ίνα
3016 2267 3224 2343 καρπόν
3309 2289 3426 2324 τινα
3478 2272 3600 2343 σχῶ
3670 2268 3761 2323 καὶ
3824 2267 3882 2323 ἐν

2224 2358 2375 2431 ὑμῖν,
2436 2359 2618 2423 καθὼς
2705 2359 2794 2413 καὶ
2853 2357 2907 2414 ἐν
2961 2363 3078 2419 τοῖς
3159 2356 3380 2422 λο;ποῖς
3448 2355 3666 2429 ἔθνεσιν,
3746 2356 3887 2413 Ἕλ-

2224 2446 2357 2518 λησί
2410 2469 2469 2504 τε
2525 2449 2613 2503 καί
2668 2443 2990 2524 βρρϐάροις,
3049 2454 3240 2527 σοφοῖς
3303 2469 3361 2504 τε
3442 2448 3534 2503 καὶ
3620 2448 3885 2518 ἀνοήτοις

2227 2534 2515 2615 ὀφειλέτης
2573 2536 2708 2610 εἶμί.
2772 2534 2926 2594 Οὕτω
2978 2539 3041 2594 τὸ
3098 2540 3215 2593 κατ’
3273 2537 3372 2611 ἐμὲ
3430 2537 3714 2612 πρόθυμον
3786 2538 3885 2593 καῖ

2225 2624 2351 2698 ὑμῖν
2418 2631 2534 2688 τοῖς
2620 2626 2672 2681 ἐν
2755 2628 2942 2702 Ῥώμῃ
3034 2625 3509 2704 εὐαγγελίσασθαι·
3598 2625 3676 2684 Ού
3772 2629 3883 2704 γὰρ

2223 2714 2629 2793 ἐπαισχύνομαι
2679 2716 2743 2770 τὸ
2813 2714 3148 2792 Εὐαγγέλιον
3229 2720 3327 2771 τοῖ’)
3386 2720 3630 2791 Χριστοῦ
3713 2713 3884 2771 δύνα-

2227 2824 2318 2877 μις
2375 2804 2476 2880 γὰρ
2539 2809 2673 2859 Θεοῦ
2732 2804 2874 2860 ἐστιν
2932 2805 3010 2868 είς
3069 2805 3347 2880 σωτηρίαν
3433 2806 3594 2862 παντὶ
3647 2809 3721 2876 τῷ
3778 2827 3880 2861 πι-

2222 2892 2487 2962 στεύοντι,
2517 2891 2766 2967 Ἰουδαίῳ
2793 2916 2853 2950 τε
2883 2899 3097 2971 πρῶτον
3130 2896 3222 2950 καὶ
3253 2894 3515 2967 Ἕλληνι.

2294 2983 2357 3039 Ei
2390 2983 2481 3038 οὗν
2517 2985 2658 3059 εὑχῃ
2689 2984 2888 3055 ἐλθεῖν,
2921 2984 3012 3040 καὶ
3053 2983 3141 3040 ἐπὶ
3200 2982 3414 3060 ὠφελίᾳ
3459 2979 3622 3060 ἔρχῃ,
3672 2984 3724 3037 τί
3787 2986 3867 3057 μὴ

2220 3075 2497 3148 παραγένῃ
2526 3092 2539 3142 ;
2572 3073 2913 3145 Ἐκωλύθην,
2956 3075 3140 3152 φησίν.
3197 3073 3307 3129 Οὐκ
3351 3071 3431 3129 ἓτι
3483 3072 3539 3129 δὲ
3586 3074 3878 3149 περιεργά-

2223 3167 2362 3232 ζιτάι
2400 3165 2501 3234 τὴν
2535 3162 2707 3219 αῗτίαν
2760 3165 2859 3233 τῆς
2917 3162 3233 3226 κωλύσεως·
3302 3165 3368 3219 οὐ
3425 3162 3527 3240 γὰρ
3585 3165 3749 3235 ἡμῶν
3810 3163 3877 3216 τὸ

454 3257 613 3308 tatur
646 3274 659 3319 ;
692 3269 888 3325 neque
920 3254 1080 3308 enim
1119 3260 1391 3307 nostrum
1424 3257 1511 3306 est
1542 3268 1746 3307 eorum
1782 3268 1913 3322 quae
1937 3249 2108 3323 jubet

2221 3251 2463 3306 ἀπαιτεῖν
2516 3250 2734 3315 εὐθύνας
2793 3252 2946 3321 Θεὸν,
3008 3249 3080 3305 ὧν
3160 3250 3393 3321 κελεύει,
3481 3250 3629 3306 ἀλλὰ
3704 3250 3874 3323 μόνον

454 3342 612 3398 Deus
643 3359 854 3398 causas
888 3349 1187 3413 expetere,
1235 3340 1341 3396 sed
1390 3347 1621 3396 tantum
1671 3340 1933 3396 obedire.
1972 3364 1991 3387 α
2042 3339 2115 3393 Ut

461 3431 722 3503 aliquem
752 3432 1033 3487 fructum.
1070 3453 1098 3481 ››
1125 3432 1380 3487 Omnino
1413 3431 1639 3487 diceret
1667 3431 1998 3502 quispiam:
2025 3430 2113 3486 Id-

460 3523 617 3577 circo
651 3522 987 3594 prohihitus
1038 3539 1122 3581 es.
1171 3522 1314 3593 quia
1361 3538 1481 3576 non
1544 3521 1875 3577 secundum
1927 3522 2112 3577 Deum

456 3612 657 3681 venire
689 3610 1053 3667 decreveras.
1090 3612 1499 3682 Nequaquam,
1523 3610 1622 3665 ait.
1651 3612 1927 3665 Fructum
1952 3610 2112 3664 enim

461 3700 637 3755 etiam
673 3700 733 3755 in
766 3700 928 3754 vobis
962 3699 1179 3755 habere
1215 3699 1549 3770 cupiebam,
1582 3698 1841 3753 fructum
1875 3715 2110 3768 vocans,

461 3790 641 3846 ﬁdem
672 3790 729 3844 in
755 3807 961 3846 eorum
991 3790 1170 3845 corda
1201 3788 1597 3846 introducere.
1639 3789 1738 3844 Vel
1770 3794 1834 3844 ut
1864 3807 1971 3861 per
2005 3791 2113 3861 hy-

450 3878 739 3951 perbaton
767 3879 910 3934 illud
934 3879 1154 3934 dictum
1183 3880 1288 3934 sit:
1315 3880 1387 3935 Ut
1419 3879 1678 3950 aliquem
1714 3879 1968 3934 fructum
2007 3879 2109 3934 ha-

447 3969 653 4036 beam;
674 3993 701 4021 ››
724 3971 805 4026 ita
818 3987 952 4025 vero
973 3986 1351 4041 consequens
1366 3970 1478 4024 erit
1502 3986 1515 4023 :
1542 3992 1567 4019 ‹‹
1587 3970 1811 4041 Saepius
1829 3969 2112 4041 proposui

451 4062 652 4116 venire
683 4060 758 4115 ad
790 4078 915 4125 vos,
947 4066 1015 4115 ut
1045 4061 1306 4131 aliquem
1355 4059 1612 4114 fructum
1668 4059 1921 4115 habeam
1963 4066 2022 4115 et
2051 4060 2113 4115 in

453 4148 642 4217 vobis,
677 4148 782 4204 sed
810 4149 1100 4204 hactenus
1134 4147 1469 4220 prohibitus
1504 4164 1655 4202 sum.
1692 4169 1719 4197 »
1751 4149 1967 4203 Verum
2024 4148 2116 4204 di-

456 4237 608 4292 xerit
640 4237 857 4308 aliquis
894 4254 905 4291 :
949 4238 1005 4292 Si
1068 4237 1216 4291 ﬁdes
1279 4252 1483 4291 eorum
1535 4236 2003 4292 aunuutiabatur
2051 4237 2112 4292 in

461 4327 737 4383 universo
765 4327 1338 4399 mundo,quemnam
1362 4327 1621 4382 fructum
1647 4327 1773 4399 ipse
1792 4327 2116 4383 adveniens

460 4417 730 4488 praebere
763 4416 1085 4488 cupiebat?
1141 4415 1252 4471 Sed
1305 4432 1583 4489 magnum
1639 4417 1832 4472 adhuc
1886 4416 2114 4488 aliquid

457 4507 848 4563 inveniemus.
884 4508 1025 4562 Nam
1062 4507 1172 4562 etsi
1220 4505 1617 4572 crediderant,
1670 4506 1864 4561 adhuc
1913 4512 2112 4563 tamen

2219 3340 2527 3397 ὑπακούειν.
2561 3366 2587 3393 ‹‹
2620 3343 2732 3397 Ἰνα
2772 3342 2889 3396 τινὰ
2945 3340 3174 3416 καρπόψ
3210 3365 3237 3394 »
3300 3339 3521 3402 Πάντως
3582 3338 3728 3393 ε’ἰποι
3785 3360 3875 3401 τις

2218 3429 2297 3486 ἄν’
2335 3429 2431 3486 Διά
2471 3434 2632 3486 τοῦτο
2686 3430 2990 3502 ἐκωλύθηςν
3052 3430 3135 3486 δτι
3194 3430 3256 3486 ού
3313 3432 3452 3486 κατὰ
3504 3436 3637 3486 Θεὸν
3689 3428 3876 3484 ἐλθεῖν

2217 3516 2449 3575 ἐϐούλου
2502 3519 2786 3594 Ούμενεῦν,
2849 3522 3002 3598 φησί.
3064 3522 3282 3597 Καρπὸν
3329 3521 3430 3595 γαρ
3477 3525 3630 3594 σχεῖν
3677 3518 3769 3574 καὶ
3823 3517 3879 3573 ἐν

2222 3610 2350 3683 ὑμῖν
2379 3608 2606 3679 ἤθελου,
2657 3611 2862 3686 καρπὸν
2925 3607 3128 3686 λέγων,
3185 3611 3248 3666 τὸ
3305 3609 3380 3672 εἷς
3432 3609 3617 3665 πίστιν
3676 3607 3877 3671 αὐτοὺς

2215 3696 2513 3776 ἐναγαγεῖν.
2548 3701 2616 3756 Ἤ
2652 3700 2845 3764 οὓτωςο
2881 3700 2976 3767 Τὸ,
3012 3724 3041 3753 ι(
3073 3701 3185 3757 Ἵνα
3223 3701 3345 3755 τινὰ
3403 3701 3609 3775 καρπὸν
3666 3704 3811 3775 σχῶ,
3849 3724 3879 3749 ››

2215 3790 2333 3843 καθ’
2395 3784 2695 3864 ὑπερϐατὸν
2784 3788 3019 3863 εἶ’ρηται.
3107 3790 3183 3846 Τὸ
3235 3791 3337 3866 γὰρ
3423 3788 3727 3844 ἀκόλουθον
3786 3787 3878 3859 εἴη

2218 3878 2299 3934 ἃν·
2340 3905 2359 3930 ι
2397 3877 2677 3941 Πολλάκις
2707 3881 3019 3955 προεθέμην
3053 3878 3228 3943 ἐλθεῖν
3263 3880 3398 3955 πρὸς
3436 3880 3599 3952 ὑμᾶς,
3629 3876 3721 3933 ἵνα
3749 3898 3885 3953 καρ-

2216 3969 2316 4025 πόν
2336 3990 2456 4024 τινα
2487 3973 2607 4044 σχῶ
2637 3972 2729 4024 καὶ
2761 3969 2812 4025 ἐν
2848 3970 2999 4043 ὑμῖν,
3062 3967 3186 4025 ἀλλ’
3245 3967 3529 4040 ἐκωλύθην
3586 3967 3719 4042 ἄχρι
3776 3973 3883 4022 τοῦ

2219 4056 2396 4132 δεῦρο,
2434 4082 2462 4111 »
2491 4056 2652 4115 Ἀλλ’
2704 4057 2847 4113 εἴποι
2894 4079 3002 4128 τις,
3054 4059 3138 4113 ὅτι
3184 4058 3248 4115 Εἰ
3297 4061 3331 4128 ἡ
3371 4058 3553 4119 πίστις
3594 4055 3768 4111 αὐτῶν
3823 4055 3884 4111 ἐν

2219 4146 2334 4219 ὅλῳ
2390 4151 2470 4219 τῷ
2528 4147 2721 4222 κόσμῳ
2778 4145 3213 4225 κατηγγέλλετο,
3281 4147 3400 4203 τίνα
3446 4146 3648 4223 καρπὸν
3704 4143 3878 4208 αὑτὸς

2216 4235 2381 4306 ἤθελε
2428 4238 2868 4314 παραγενόμενος
2924 4241 3278 4314 παρασχεῖν;
3339 4236 3519 4293 Ἀλλὰ
3573 4232 3717 4291 πολὺ
3772 4234 3875 4306 μὲν

2218 4323 2332 4395 οὗν,
2366 4323 2614 4400 ἐροῦμεν.
2650 4325 2713 4381 Et
2744 4327 2851 4403 γὰρ
2906 4327 2997 4381 καὶ
3046 4324 3536 4393 ἐπεπιστεύκεισαν,
3601 4323 3876 4397 παμπόλο

2218 4413 2329 4470 λων
2355 4411 2508 4490 ὅμως
2540 4413 2773 4472 ἐδέοντο.
2806 4419 2912 4472 Καῖ
2938 4420 3100 4471 τοῦτο
3133 4413 3419 4486 δηλοῦται,
3460 4415 3548 4469 καὶ
3604 4411 3674 4467 δι’
3731 4412 3877 4484 ὅλης

2217 4512 2317 4576 τῆς
2348 4504 2671 4575 ἐπιστολῆς,
2702 4505 2792 4560 καὶ
2822 4506 2929 4581 πρὸ
2957 4504 3152 4582 ὀλίγου
3184 4504 3454 4580 λέγοντος’
3490 4503 3582 4565 Εἷς
3612 4504 3673 4559 τὸ
3734 4523 3876 4575 στη-

454 4596 663 4653 multis
677 4596 944 4670 egebant.
972 4598 988 4650 l
999 4596 1153 4667 dque
1180 4601 1239 4651 et
1260 4601 1383 4651 tota
1409 4595 2108 4668 manifestaturepistola,

2223 4597 2484 4671 ριχθῆναι
2547 4597 2708 4671 ὑμᾶς,
2789 4597 2878 4652 καὶ
2961 4596 3125 4667 ἡνίκα
3181 4598 3257 4670 μή
3324 4596 3522 4673 κρίνειν
3582 4594 3876 4666 ἀλλήλους

457 4692 517 4744 et
546 4687 723 4759 paulo
774 4691 911 4743 ante
971 4703 1105 4741 cum
1167 4685 1427 4741 diceret:
1493 4684 1577 4739 Ad
1630 4686 2107 4742 conﬁrmandum

455 4793 559 4832 vos
591 4795 602 4832 :
639 4783 697 4834 et
728 4794 862 4833 cum
892 4777 1305 4843 admonet,'ne
1340 4775 1408 4830 de
1443 4791 1503 4830 se
1557 4781 1760 4832 mutuo
1811 4776 2108 4848 judicium

454 4865 667 4933 ferant,
699 4868 950 4938 aliisque
976 4866 1123 4922 locis
1145 4865 1580 4921 iunumerisUt
1601 4864 2108 4937 aliquem,inquit,

456 4953 717 5009 fructum
740 4955 1011 5020 habeam,
1064 4956 1176 5010 hoc
1216 4971 1358 5009 sane
1410 4952 1731 5009 ostendens
1782 4954 1939 5025 quod
1984 4956 2108 5010 fru-

457 5048 618 5097 ctum
645 5044 883 5099 illorum
917 5061 1090 5100 suum
1123 5060 1251 5100 esse
1281 5044 1539 5097 fructum
1572 5042 1817 5098 duceret
1870 5044 2104 5101 Paulus.

456 5133 616 5189 Adeo
659 5134 814 5188 enim
875 5135 935 5189 in
986 5134 1239 5206 proximi
1299 5132 1613 5187 virtutibus
1671 5132 1982 5204 gaudebat,
2044 5140 2109 5189 ut

456 5221 712 5278 fructum
749 5223 885 5277 inde
916 5225 1111 5278 redire
1134 5223 1205 5279 ad
1232 5240 1291 5277 se
1315 5222 1742 5285 axbitraretur;
1779 5221 1937 5291 quod
1968 5222 2106 5278 hinc

457 5311 738 5384 colligere
774 5311 930 5367 licet.
968 5314 1107 5368 Nam
1144 5311 1419 5366 utilitatis
1460 5311 1698 5364 illorum
1756 5311 1945 5381 gratia
1994 5312 2108 5368 iter

458 5402 533 5458 ad
565 5403 701 5458 illos
732 5419 1035 5458 assumere
1067 5402 1404 5457 festinabat.
1456 5400 1693 5471 Alioqui
1743 5418 1874 5455 vere
1926 5402 2104 5459 etiam

453 5491 683 5547 fructus
717 5492 959 5547 illorum
990 5492 1156 5546 Pauli
1187 5491 1412 5546 fructus
1445 5496 1587 5545 erat.
1623 5490 1769 5543 Nam
1794 5491 1933 5560 quia
1957 5508 2104 5564 opus

452 5598 523 5638 ac
555 5581 821 5638 studium
845 5581 1007 5637 illius
1033 5582 1249 5651 eratiut
1287 5585 1491 5653 gentes
1522 5579 1779 5635 fructum
1810 5581 2099 5652 produce-

453 5676 610 5742 rent,
645 5676 802 5727 recte
848 5671 909 5725 in
945 5686 1149 5726 earum
1178 5668 1637 5725 fructiticatione
1685 5668 1853 5724 Pauli
1895 5670 2099 5729 fructi-

2218 4692 2489 4763 παραινεῖ,
2532 4688 2624 4742 καὶ
2670 4685 2818 4743 ἀλλα
2880 4687 3066 4764 μυρία·
3133 4685 3228 4743 ’ίνα
3285 4688 3403 4743 τινὰ
3461 4687 3672 4762 καρπὸν
3725 4690 3875 4765 σχῶ,

2219 4778 2374 4856 φησὶ,
2407 4782 2567 4832 τοῦτο
2601 4777 2695 4850 μὲν
2726 4775 2955 4846 δεικνὺς,
3010 4777 3096 4832 ὃτι
3154 4778 3181 4831 ὁ
3248 4777 3466 4833 ἐκείνων
3526 4777 3735 4851 καρπὸς
3798 4777 3879 4831 o't-

2217 4871 2362 4927 κεῖος
2393 4864 2667 4940 ἐλογίζετο
2699 4864 2908 4942 καρπὸς
2936 4870 3016 4937 τῷ
3050 4864 3275 4937 Παύλῳ.
3319 4865 3509 4927 Οὕτως
3558 4867 3663 4941 γᾶρ
3712 4862 3879 4940 ἓχαι-

2224 4975 2306 5030 ρεν
2334 4956 2527 5018 ἐντοῖς
2570 4960 2667 5012 τοῦ
2723 4954 2961 5026 πλησίον
3017 4957 3458 5031 κατορθώμασιν,
3518 4954 3658 5011 ὥστε
3713 4955 3881 5018 αὐτὸς

2218 5043 2365 5125 ἔχειν
2396 5049 2587 5122 ἠγεῖτο
2618 5046 2709 5101 τὸν
2747 5046 2975 5120 καρπόν.
3037 5048 3212 5104 Τοῦτο
3272 5043 3351 5118 δὲ,
3396 5045 3479 5101 ὅτι
3537 5042 3711 5100 ἕνεκεν
3771 5052 3878 5115 τῆς

2217 5140 2393 5195 αὐτῶν
2455 5134 2694 5215 ὠφελίας
2750 5137 2849 5204 τήν
2909 5137 3044 5210 πρὸς
3104 5136 3302 5199 αὐτοὺς
3375 5129 3598 5191 ἔσπευδε
3655 5132 3878 5190 στείλα-

2217 5242 2339 5294 σθαι
2366 5227 2608 5302 πορείαν.
2644 5223 2871 5287 Ἀλλως
2901 5247 2959 5281 τε
2986 5225 3078 5281 καὶ
3113 5225 3333 5281 Παύλου
3385 5226 3590 5301 καρπὸς
3632 5224 3697 5294 ἦν
3727 5221 3878 5296 ἀλη-

2217 5321 2325 5382 θῶς
2359 5320 2387 5374 ὁ
2415 5317 2632 5373 ἐκείνων
2667 5314 2893 5388 καρπός.
2927 5315 3076 5372 Ἐπεὶ
3132 5315 3237 5392 γὰρ
3291 5309 3450 5393 ἔργον
3478 5318 3543 5386 ἦν
3575 5313 3722 5385 αύτῷ
3776 5315 3869 5370 καὶ

2216 5405 2427 5477 σπουδὴ
2457 5408 2519 5463 τὸ
2546 5403 2912 5485 καρποφορεῖν
2943 5404 3010 5459 τὰ
3050 5398 3196 5474 ἔθνη,
3256 5405 3442 5468 καλῶς
3502 5403 3554 5460 ἐν
3613 5408 3682 5477 τῇ
3743 5402 3879 5459 ἐκεί-

2212 5520 2319 5553 νων
2351 5493 2696 5575 καρποιρορίᾳ
2728 5497 2762 5564 ἡ
2794 5498 2890 5548 τοῦ
2924 5493 3142 5550 Παύλου
3181 5492 3454 5550 ἐδείκνυτο
3501 5494 3875 5572 καρποφορίσυ

2215 5584 2377 5644 Ἀλλ’
2411 5582 2586 5648 οὕτως
2621 5584 2715 5660 μὲν
2746 5581 2935 5638 ταῦταλ
2967 5584 3120 5641 Ἔστι
3152 5579 3211 5639 δὲ
3259 5585 3350 5639 καὶ
3408 5585 3486 5658 μή
3541 5584 3659 5638 καθ’
3710 5583 3883 5661 ὑπερ-

2213 5672 2377 5733 ϐατὸν
2400 5677 2462 5733 τὸ
2491 5674 2698 5751 χωρίον
2733 5668 3166 5749 ἐπιλαϐομένους,
3210 5671 3337 5730 ἀλλ’
3389 5673 3465 5736 ὡς
3517 5666 3639 5750 ἔχει
3672 5674 3885 5749 τάξεως
