  <div class='ocr_page' id='page_1' title='image "/cluster/home/n/w/nwhite01/storage/ocr_20150623/118:no.1/coo.31924054870229/176.png"; bbox 0 0 4112 6446; ppageno 0'>
   <div class='ocr_carea' id='block_1_1' title="bbox 317 391 424 452">
    <p class='ocr_par' dir='ltr' id='par_1_1' title="bbox 317 391 424 452">
     <span class='ocr_line' id='line_1_1' title="bbox 317 391 424 452; baseline 0.009 -1"><span class='ocrx_word' id='word_1_1' title='bbox 317 391 424 452; x_wconf 71' lang='grc'><strong>3³3</strong></span> 
     </span>
    </p>
   </div>
   <div class='ocr_carea' id='block_1_2' title="bbox 1400 384 2626 452">
    <p class='ocr_par' dir='ltr' id='par_1_2' title="bbox 1400 384 2626 452">
     <span class='ocr_line' id='line_1_2' title="bbox 1400 384 2626 452; baseline -0.002 -1"><span class='ocrx_word' id='word_1_2' title='bbox 1400 384 1823 452; x_wconf 84' lang='lat' dir='ltr'><strong>COMMENT.</strong></span> <span class='ocrx_word' id='word_1_3' title='bbox 1872 386 1949 447; x_wconf 84' lang='grc' dir='ltr'><strong>ΙΝ</strong></span> <span class='ocrx_word' id='word_1_4' title='bbox 1992 386 2234 449; x_wconf 81' lang='lat' dir='ltr'><strong>EPIST.</strong></span> <span class='ocrx_word' id='word_1_5' title='bbox 2282 388 2385 448; x_wconf 85' lang='lat' dir='ltr'><strong>AD</strong></span> <span class='ocrx_word' id='word_1_6' title='bbox 2430 388 2626 450; x_wconf 77' lang='grc' dir='ltr'>ΗΘΜ.</span> 
     </span>
    </p>
   </div>
   <div class='ocr_carea' id='block_1_3' title="bbox 3624 385 3744 447">
    <p class='ocr_par' dir='ltr' id='par_1_3' title="bbox 3624 385 3744 447">
     <span class='ocr_line' id='line_1_3' title="bbox 3624 385 3744 447; baseline -0.017 1"><span class='ocrx_word' id='word_1_7' title='bbox 3624 385 3744 447; x_wconf 70' lang='grc'><strong>334</strong></span> 
     </span>
    </p>
   </div>
   <div class='ocr_carea' id='block_1_4' title="bbox 314 522 1984 604">
    <p class='ocr_par' dir='ltr' id='par_1_4' title="bbox 314 523 1984 604">
     <span class='ocr_line' id='line_1_4' title="bbox 314 523 1984 604; baseline -0.001 -23"><span class='ocrx_word' id='word_1_8' title='bbox 314 523 746 604; x_wconf 72' lang='grc' dir='ltr'>παρειληςρύτας,</span> <span class='ocrx_word' id='word_1_9' title='bbox 788 527 1049 581; x_wconf 81' lang='grc' dir='ltr'>τοιοῦτον</span> <span class='ocrx_word' id='word_1_10' title='bbox 1080 524 1132 579; x_wconf 81' lang='grc' dir='ltr'>ἐν</span> <span class='ocrx_word' id='word_1_11' title='bbox 1163 523 1316 596; x_wconf 79' lang='grc' dir='ltr'>αὐτῷ</span> <span class='ocrx_word' id='word_1_12' title='bbox 1376 525 1641 598; x_wconf 79' lang='grc' dir='ltr'><strong>θηρᾶσθαι</strong></span> <span class='ocrx_word' id='word_1_13' title='bbox 1678 523 1774 577; x_wconf 84' lang='grc' dir='ltr'><strong>τὸν</strong></span> <span class='ocrx_word' id='word_1_14' title='bbox 1839 525 1984 579; x_wconf 88' lang='grc' dir='ltr'>νοῦν.</span> 
     </span>
    </p>
   </div>
   <div class='ocr_carea' id='block_1_5' title="bbox 2093 522 3740 604">
    <p class='ocr_par' dir='ltr' id='par_1_5' title="bbox 2097 522 3740 603">
     <span class='ocr_line' id='line_1_5' title="bbox 2097 522 3740 603; baseline -0.001 -24"><span class='ocrx_word' id='word_1_15' title='bbox 2097 523 2340 580; x_wconf 81' lang='lat' dir='ltr'><strong>tiﬁcatio</strong></span> <span class='ocrx_word' id='word_1_16' title='bbox 2368 523 3027 580; x_wconf 65' lang='lat' dir='ltr'><strong>ostendebaturEthmc</strong></span> <span class='ocrx_word' id='word_1_17' title='bbox 3042 522 3285 596; x_wconf 86' lang='lat' dir='ltr'><strong>quidem</strong></span> <span class='ocrx_word' id='word_1_18' title='bbox 3304 523 3389 580; x_wconf 86' lang='lat' dir='ltr'><strong>ita</strong></span> <span class='ocrx_word' id='word_1_19' title='bbox 3413 539 3476 580; x_wconf 91' lang='lat' dir='ltr'><strong>se</strong></span> <span class='ocrx_word' id='word_1_20' title='bbox 3498 522 3740 603; x_wconf 87' lang='lat' dir='ltr'><strong>habent.</strong></span> 
     </span>
    </p>
   </div>
   <div class='ocr_carea' id='block_1_6' title="bbox 320 610 1981 693">
    <p class='ocr_par' dir='ltr' id='par_1_6' title="bbox 320 610 1981 693">
     <span class='ocr_line' id='line_1_6' title="bbox 320 610 1981 693; baseline -0.005 -21"><span class='ocrx_word' id='word_1_21' title='bbox 320 613 631 683; x_wconf 76' lang='grc' dir='ltr'>Ἑκωλύθην</span> <span class='ocrx_word' id='word_1_22' title='bbox 667 612 805 690; x_wconf 73' lang='grc' dir='ltr'>ἃχρι</span> <span class='ocrx_word' id='word_1_23' title='bbox 866 619 970 671; x_wconf 87' lang='grc' dir='ltr'><strong>τοῦ</strong></span> <span class='ocrx_word' id='word_1_24' title='bbox 1030 611 1209 689; x_wconf 80' lang='grc' dir='ltr'>δεῦρο.</span> <span class='ocrx_word' id='word_1_25' title='bbox 1268 613 1421 669; x_wconf 88' lang='grc' dir='ltr'>Διατί</span> <span class='ocrx_word' id='word_1_26' title='bbox 1456 632 1469 681; x_wconf 90' lang='lat'>;</span> <span class='ocrx_word' id='word_1_27' title='bbox 1511 610 1697 693; x_wconf 76' lang='grc' dir='ltr'>φησίν.</span> <span class='ocrx_word' id='word_1_28' title='bbox 1730 614 1843 667; x_wconf 73' lang='grc' dir='ltr'>*Ινα</span> <span class='ocrx_word' id='word_1_29' title='bbox 1905 612 1981 684; x_wconf 83' lang='grc' dir='ltr'>μὴ</span> 
     </span>
    </p>
   </div>
   <div class='ocr_carea' id='block_1_7' title="bbox 322 696 1984 778">
    <p class='ocr_par' dir='ltr' id='par_1_7' title="bbox 322 696 1984 778">
     <span class='ocr_line' id='line_1_7' title="bbox 322 696 1984 778; baseline -0.005 -17"><span class='ocrx_word' id='word_1_30' title='bbox 322 705 507 761; x_wconf 73' lang='grc' dir='ltr'>θᾶττον</span> <span class='ocrx_word' id='word_1_31' title='bbox 534 701 739 773; x_wconf 77' lang='grc' dir='ltr'>ἐλθὼν,</span> <span class='ocrx_word' id='word_1_32' title='bbox 776 705 1060 778; x_wconf 70' lang='grc' dir='ltr'>ἀκάρπους</span> <span class='ocrx_word' id='word_1_33' title='bbox 1089 703 1228 775; x_wconf 82' lang='grc' dir='ltr'>ὑμᾶς</span> <span class='ocrx_word' id='word_1_34' title='bbox 1265 699 1346 758; x_wconf 81' lang='grc' dir='ltr'>ἔτι</span> <span class='ocrx_word' id='word_1_35' title='bbox 1392 696 1710 758; x_wconf 74' lang='grc' dir='ltr'>καταλάϐω.</span> <span class='ocrx_word' id='word_1_36' title='bbox 1745 700 1839 756; x_wconf 84' lang='grc' dir='ltr'><strong>Διὸ</strong></span> <span class='ocrx_word' id='word_1_37' title='bbox 1894 701 1984 754; x_wconf 84' lang='grc' dir='ltr'>καί</span> 
     </span>
    </p>
   </div>
   <div class='ocr_carea' id='block_1_8' title="bbox 318 789 1988 867">
    <p class='ocr_par' dir='ltr' id='par_1_8' title="bbox 318 789 1988 867">
     <span class='ocr_line' id='line_1_8' title="bbox 318 789 1988 867; baseline -0.004 -18"><span class='ocrx_word' id='word_1_38' title='bbox 318 789 667 867; x_wconf 78' lang='grc' dir='ltr'>ἆνεϐαλόμην</span> <span class='ocrx_word' id='word_1_39' title='bbox 700 794 802 863; x_wconf 74' lang='grc' dir='ltr'>τὴν</span> <span class='ocrx_word' id='word_1_40' title='bbox 830 793 1158 866; x_wconf 70' lang='grc' dir='ltr'><strong>παρουσίαν,</strong></span> <span class='ocrx_word' id='word_1_41' title='bbox 1188 792 1293 856; x_wconf 80' lang='grc' dir='ltr'>ἓως</span> <span class='ocrx_word' id='word_1_42' title='bbox 1327 792 1391 847; x_wconf 80' lang='grc' dir='ltr'><strong>οὗ</strong></span> <span class='ocrx_word' id='word_1_43' title='bbox 1423 791 1513 847; x_wconf 79' lang='grc' dir='ltr'>καὶ</span> <span class='ocrx_word' id='word_1_44' title='bbox 1573 791 1625 846; x_wconf 76' lang='grc' dir='ltr'>ἐν</span> <span class='ocrx_word' id='word_1_45' title='bbox 1668 791 1796 863; x_wconf 78' lang='grc' dir='ltr'>ὑμῖν</span> <span class='ocrx_word' id='word_1_46' title='bbox 1853 808 1988 862; x_wconf 84' lang='grc' dir='ltr'>καρ-</span> 
     </span>
    </p>
   </div>
   <div class='ocr_carea' id='block_1_9' title="bbox 317 877 1983 958">
    <p class='ocr_par' dir='ltr' id='par_1_9' title="bbox 317 877 1983 958">
     <span class='ocr_line' id='line_1_9' title="bbox 317 877 1983 958; baseline -0.004 -19"><span class='ocrx_word' id='word_1_47' title='bbox 317 884 414 940; x_wconf 74' lang='grc' dir='ltr'><strong>πόν</strong></span> <span class='ocrx_word' id='word_1_48' title='bbox 445 905 574 939; x_wconf 86' lang='grc' dir='ltr'>τινα</span> <span class='ocrx_word' id='word_1_49' title='bbox 608 881 985 958; x_wconf 79' lang='grc' dir='ltr'>βλαστάνοντα</span> <span class='ocrx_word' id='word_1_50' title='bbox 1023 889 1124 952; x_wconf 74' lang='grc' dir='ltr'>τῆς</span> <span class='ocrx_word' id='word_1_51' title='bbox 1172 882 1411 943; x_wconf 89' lang='grc' dir='ltr'>πίστεως</span> <span class='ocrx_word' id='word_1_52' title='bbox 1467 878 1613 950; x_wconf 79' lang='grc' dir='ltr'>ἄξιον</span> <span class='ocrx_word' id='word_1_53' title='bbox 1672 880 1760 934; x_wconf 81' lang='grc' dir='ltr'>καὶ</span> <span class='ocrx_word' id='word_1_54' title='bbox 1795 877 1983 933; x_wconf 60' lang='grc' dir='ltr'>τελεσω</span> 
     </span>
    </p>
   </div>
   <div class='ocr_carea' id='block_1_10' title="bbox 321 967 1988 1050">
    <p class='ocr_par' dir='ltr' id='par_1_10' title="bbox 321 967 1988 1050">
     <span class='ocr_line' id='line_1_10' title="bbox 321 967 1988 1050; baseline -0.005 -21"><span class='ocrx_word' id='word_1_55' title='bbox 321 974 662 1050; x_wconf 57' lang='grc' dir='ltr'>φορούμενον</span> <span class='ocrx_word' id='word_1_56' title='bbox 731 972 911 1047; x_wconf 84' lang='grc' dir='ltr'>μάθω.</span> <span class='ocrx_word' id='word_1_57' title='bbox 970 974 1126 1030; x_wconf 83' lang='grc' dir='ltr'>Ἐστι</span> <span class='ocrx_word' id='word_1_58' title='bbox 1177 969 1236 1026; x_wconf 75' lang='grc' dir='ltr'>δὲ</span> <span class='ocrx_word' id='word_1_59' title='bbox 1293 970 1385 1025; x_wconf 85' lang='grc' dir='ltr'>καὶ</span> <span class='ocrx_word' id='word_1_60' title='bbox 1440 967 1628 1031; x_wconf 76' lang='grc' dir='ltr'>ἄλλως</span> <span class='ocrx_word' id='word_1_61' title='bbox 1683 969 1746 1023; x_wconf 89' lang='grc' dir='ltr'>τὸ</span> <span class='ocrx_word' id='word_1_62' title='bbox 1802 967 1988 1041; x_wconf 79' lang='grc' dir='ltr'>νόημα</span> 
     </span>
    </p>
   </div>
   <div class='ocr_carea' id='block_1_11' title="bbox 319 1057 1988 1138">
    <p class='ocr_par' dir='ltr' id='par_1_11' title="bbox 319 1057 1988 1138">
     <span class='ocr_line' id='line_1_11' title="bbox 319 1057 1988 1138; baseline -0.005 -19"><span class='ocrx_word' id='word_1_63' title='bbox 319 1060 575 1119; x_wconf 67' lang='grc' dir='ltr'>συνιδεῖν.</span> <span class='ocrx_word' id='word_1_64' title='bbox 610 1061 944 1134; x_wconf 81' lang='grc' dir='ltr'>Ἐκωλύθην</span> <span class='ocrx_word' id='word_1_65' title='bbox 971 1060 1104 1138; x_wconf 78' lang='grc' dir='ltr'>ἄχρι</span> <span class='ocrx_word' id='word_1_66' title='bbox 1133 1064 1231 1117; x_wconf 88' lang='grc' dir='ltr'><strong>τοῦ</strong></span> <span class='ocrx_word' id='word_1_67' title='bbox 1255 1057 1434 1135; x_wconf 83' lang='grc' dir='ltr'>δεῦρο.</span> <span class='ocrx_word' id='word_1_68' title='bbox 1469 1059 1620 1114; x_wconf 84' lang='grc' dir='ltr'>Διατί</span> <span class='ocrx_word' id='word_1_69' title='bbox 1658 1075 1672 1127; x_wconf 88' lang='grc'><strong>;</strong></span> <span class='ocrx_word' id='word_1_70' title='bbox 1701 1058 1823 1115; x_wconf 79' lang='grc' dir='ltr'>’Ὁτι</span> <span class='ocrx_word' id='word_1_71' title='bbox 1852 1076 1988 1133; x_wconf 81' lang='grc' dir='ltr'>καρ-</span> 
     </span>
    </p>
   </div>
   <div class='ocr_carea' id='block_1_12' title="bbox 315 1144 1984 1225">
    <p class='ocr_par' dir='ltr' id='par_1_12' title="bbox 315 1144 1984 1225">
     <span class='ocr_line' id='line_1_12' title="bbox 315 1144 1984 1225; baseline -0.006 -18"><span class='ocrx_word' id='word_1_72' title='bbox 315 1154 411 1208; x_wconf 88' lang='grc' dir='ltr'><strong>πόν</strong></span> <span class='ocrx_word' id='word_1_73' title='bbox 472 1172 595 1208; x_wconf 77' lang='grc' dir='ltr'>τινα</span> <span class='ocrx_word' id='word_1_74' title='bbox 652 1149 733 1207; x_wconf 82' lang='grc' dir='ltr'>ἔτι</span> <span class='ocrx_word' id='word_1_75' title='bbox 798 1171 893 1225; x_wconf 86' lang='grc' dir='ltr'><strong>μοι</strong></span> <span class='ocrx_word' id='word_1_76' title='bbox 943 1148 1234 1224; x_wconf 65' lang='grc' dir='ltr'>συνέλεγον</span> <span class='ocrx_word' id='word_1_77' title='bbox 1292 1147 1572 1203; x_wconf 78' lang='grc' dir='ltr'>λείποντα.</span> <span class='ocrx_word' id='word_1_78' title='bbox 1636 1146 1743 1203; x_wconf 76' lang='grc' dir='ltr'><strong>Καὶ</strong></span> <span class='ocrx_word' id='word_1_79' title='bbox 1781 1144 1984 1215; x_wconf 82' lang='grc' dir='ltr'>ταύτην</span> 
     </span>
    </p>
   </div>
   <div class='ocr_carea' id='block_1_13' title="bbox 314 1229 1987 1313">
    <p class='ocr_par' dir='ltr' id='par_1_13' title="bbox 314 1229 1987 1313">
     <span class='ocr_line' id='line_1_13' title="bbox 314 1229 1987 1313; baseline -0.004 -17"><span class='ocrx_word' id='word_1_80' title='bbox 314 1245 410 1313; x_wconf 71' lang='grc' dir='ltr'>τὴν</span> <span class='ocrx_word' id='word_1_81' title='bbox 443 1242 661 1299; x_wconf 80' lang='grc' dir='ltr'>ἔννοιαν</span> <span class='ocrx_word' id='word_1_82' title='bbox 695 1239 787 1297; x_wconf 72' lang='grc' dir='ltr'>ἐπὶ</span> <span class='ocrx_word' id='word_1_83' title='bbox 836 1240 985 1296; x_wconf 79' lang='grc' dir='ltr'>τέλει</span> <span class='ocrx_word' id='word_1_84' title='bbox 1041 1246 1141 1310; x_wconf 79' lang='grc' dir='ltr'><strong>τῆς</strong></span> <span class='ocrx_word' id='word_1_85' title='bbox 1199 1238 1499 1307; x_wconf 72' lang='grc' dir='ltr'><strong>ἐπιπολῆς</strong></span> <span class='ocrx_word' id='word_1_86' title='bbox 1558 1234 1670 1291; x_wconf 82' lang='grc' dir='ltr'>ἔστι</span> <span class='ocrx_word' id='word_1_87' title='bbox 1732 1229 1987 1309; x_wconf 76' lang='grc' dir='ltr'>βεϐαιου-</span> 
     </span>
    </p>
   </div>
   <div class='ocr_carea' id='block_1_14' title="bbox 318 1322 1986 1407">
    <p class='ocr_par' dir='ltr' id='par_1_14' title="bbox 318 1322 1986 1407">
     <span class='ocr_line' id='line_1_14' title="bbox 318 1322 1986 1407; baseline -0.005 -21"><span class='ocrx_word' id='word_1_88' title='bbox 318 1333 486 1407; x_wconf 82' lang='grc' dir='ltr'>μένην</span> <span class='ocrx_word' id='word_1_89' title='bbox 520 1328 684 1401; x_wconf 77' lang='grc' dir='ltr'>ἰδεῖν,</span> <span class='ocrx_word' id='word_1_90' title='bbox 731 1328 914 1404; x_wconf 83' lang='grc' dir='ltr'>ὥσπερ</span> <span class='ocrx_word' id='word_1_91' title='bbox 973 1326 1433 1404; x_wconf 73' lang='grc' dir='ltr'>ἰπιλογιζομὲνου</span> <span class='ocrx_word' id='word_1_92' title='bbox 1486 1330 1585 1383; x_wconf 89' lang='grc' dir='ltr'><strong>τοῦ</strong></span> <span class='ocrx_word' id='word_1_93' title='bbox 1645 1322 1986 1382; x_wconf 80' lang='grc' dir='ltr'>Ἀποστὸλου</span> 
     </span>
    </p>
   </div>
   <div class='ocr_carea' id='block_1_15' title="bbox 313 1412 1987 1496">
    <p class='ocr_par' dir='ltr' id='par_1_15' title="bbox 313 1412 1987 1496">
     <span class='ocr_line' id='line_1_15' title="bbox 313 1412 1987 1496; baseline -0.007 -18"><span class='ocrx_word' id='word_1_94' title='bbox 313 1423 375 1478; x_wconf 73' lang='grc' dir='ltr'><strong>τὰ</strong></span> <span class='ocrx_word' id='word_1_95' title='bbox 410 1421 893 1496; x_wconf 76' lang='grc' dir='ltr'>προοιμιασθὲντα</span> <span class='ocrx_word' id='word_1_96' title='bbox 960 1418 1063 1476; x_wconf 85' lang='grc' dir='ltr'>Καὶ</span> <span class='ocrx_word' id='word_1_97' title='bbox 1095 1419 1201 1494; x_wconf 83' lang='grc' dir='ltr'>γάρ</span> <span class='ocrx_word' id='word_1_98' title='bbox 1235 1437 1390 1495; x_wconf 75' lang='grc' dir='ltr'>φησι·</span> <span class='ocrx_word' id='word_1_99' title='bbox 1437 1417 1531 1472; x_wconf 86' lang='grc' dir='ltr'><strong>Διὸ</strong></span> <span class='ocrx_word' id='word_1_100' title='bbox 1569 1414 1659 1470; x_wconf 80' lang='grc' dir='ltr'>καὶ</span> <span class='ocrx_word' id='word_1_101' title='bbox 1695 1412 1987 1469; x_wconf 83' lang='grc' dir='ltr'>ἐνεκοπτό-</span> 
     </span>
    </p>
   </div>
   <div class='ocr_carea' id='block_1_16' title="bbox 324 1500 1990 1584">
    <p class='ocr_par' dir='ltr' id='par_1_16' title="bbox 324 1500 1990 1584">
     <span class='ocr_line' id='line_1_16' title="bbox 324 1500 1990 1584; baseline -0.006 -20"><span class='ocrx_word' id='word_1_102' title='bbox 324 1533 427 1584; x_wconf 82' lang='grc' dir='ltr'><strong>μην</strong></span> <span class='ocrx_word' id='word_1_103' title='bbox 460 1508 650 1574; x_wconf 69' lang='grc' dir='ltr'>ἐλθεῖν</span> <span class='ocrx_word' id='word_1_104' title='bbox 680 1507 819 1581; x_wconf 81' lang='grc' dir='ltr'>πρὸς</span> <span class='ocrx_word' id='word_1_105' title='bbox 871 1508 1032 1580; x_wconf 80' lang='grc' dir='ltr'>ὑμᾶς,</span> <span class='ocrx_word' id='word_1_106' title='bbox 1064 1506 1176 1561; x_wconf 76' lang='grc' dir='ltr'>νυνὶ</span> <span class='ocrx_word' id='word_1_107' title='bbox 1236 1504 1295 1561; x_wconf 71' lang='grc' dir='ltr'>δὲ</span> <span class='ocrx_word' id='word_1_108' title='bbox 1345 1506 1543 1579; x_wconf 81' lang='grc' dir='ltr'>μηκέτι</span> <span class='ocrx_word' id='word_1_109' title='bbox 1591 1500 1736 1579; x_wconf 79' lang='grc' dir='ltr'>ἔχων</span> <span class='ocrx_word' id='word_1_110' title='bbox 1821 1501 1990 1557; x_wconf 81' lang='grc' dir='ltr'>τόπον</span> 
     </span>
    </p>
   </div>
   <div class='ocr_carea' id='block_1_17' title="bbox 320 1591 1989 1672">
    <p class='ocr_par' dir='ltr' id='par_1_17' title="bbox 320 1591 1989 1672">
     <span class='ocr_line' id='line_1_17' title="bbox 320 1591 1989 1672; baseline -0.005 -19"><span class='ocrx_word' id='word_1_111' title='bbox 320 1596 367 1653; x_wconf 79' lang='grc' dir='ltr'>ἒν</span> <span class='ocrx_word' id='word_1_112' title='bbox 393 1605 514 1661; x_wconf 83' lang='grc' dir='ltr'>τοῖς</span> <span class='ocrx_word' id='word_1_113' title='bbox 544 1596 782 1672; x_wconf 77' lang='grc' dir='ltr'><strong>κλίμασι</strong></span> <span class='ocrx_word' id='word_1_114' title='bbox 814 1596 1056 1667; x_wconf 87' lang='grc' dir='ltr'>τούτοις,</span> <span class='ocrx_word' id='word_1_115' title='bbox 1088 1594 1385 1670; x_wconf 70' lang='grc' dir='ltr'>ἐλεύσομαι</span> <span class='ocrx_word' id='word_1_116' title='bbox 1441 1595 1580 1670; x_wconf 86' lang='grc' dir='ltr'>πρὸς</span> <span class='ocrx_word' id='word_1_117' title='bbox 1633 1593 1794 1667; x_wconf 82' lang='grc' dir='ltr'>ὑμᾶς.</span> <span class='ocrx_word' id='word_1_118' title='bbox 1827 1591 1989 1646; x_wconf 82' lang='grc' dir='ltr'><strong>Ὥστε</strong></span> 
     </span>
    </p>
   </div>
   <div class='ocr_carea' id='block_1_18' title="bbox 328 1680 1987 1761">
    <p class='ocr_par' dir='ltr' id='par_1_18' title="bbox 328 1680 1987 1761">
     <span class='ocr_line' id='line_1_18' title="bbox 328 1680 1987 1761; baseline -0.004 -18"><span class='ocrx_word' id='word_1_119' title='bbox 328 1684 472 1751; x_wconf 57' lang='lat' dir='ltr'><strong>bim;</strong></span> <span class='ocrx_word' id='word_1_120' title='bbox 502 1692 601 1743; x_wconf 89' lang='grc' dir='ltr'><strong>τοῦ</strong></span> <span class='ocrx_word' id='word_1_121' title='bbox 632 1692 725 1742; x_wconf 89' lang='grc' dir='ltr'><strong>νῦν</strong></span> <span class='ocrx_word' id='word_1_122' title='bbox 771 1686 1136 1761; x_wconf 78' lang='grc' dir='ltr'>ἐλπιζόμενος</span> <span class='ocrx_word' id='word_1_123' title='bbox 1198 1686 1273 1749; x_wconf 62' lang='grc' dir='ltr'>εἷς</span> <span class='ocrx_word' id='word_1_124' title='bbox 1325 1683 1607 1760; x_wconf 78' lang='grc' dir='ltr'>συλλογὴν</span> <span class='ocrx_word' id='word_1_125' title='bbox 1661 1683 1869 1758; x_wconf 81' lang='grc' dir='ltr'>καρπὸς</span> <span class='ocrx_word' id='word_1_126' title='bbox 1932 1680 1987 1736; x_wconf 78' lang='grc' dir='ltr'>ἐν</span> 
     </span>
    </p>
   </div>
   <div class='ocr_carea' id='block_1_19' title="bbox 335 1772 1988 1850">
    <p class='ocr_par' dir='ltr' id='par_1_19' title="bbox 335 1772 1988 1850">
     <span class='ocr_line' id='line_1_19' title="bbox 335 1772 1988 1850; baseline -0.003 -21"><span class='ocrx_word' id='word_1_127' title='bbox 335 1782 445 1838; x_wconf 83' lang='grc' dir='ltr'>τοῖς</span> <span class='ocrx_word' id='word_1_128' title='bbox 469 1774 657 1840; x_wconf 78' lang='grc' dir='ltr'>ἄλλοις</span> <span class='ocrx_word' id='word_1_129' title='bbox 715 1775 1013 1850; x_wconf 82' lang='grc' dir='ltr'>κλίμασιν,</span> <span class='ocrx_word' id='word_1_130' title='bbox 1071 1774 1344 1831; x_wconf 80' lang='grc' dir='ltr'>ἐκώλυσεν</span> <span class='ocrx_word' id='word_1_131' title='bbox 1403 1774 1567 1830; x_wconf 79' lang='grc' dir='ltr'>αὐτὸν</span> <span class='ocrx_word' id='word_1_132' title='bbox 1629 1772 1718 1828; x_wconf 75' lang='grc' dir='ltr'>ἐπὶ</span> <span class='ocrx_word' id='word_1_133' title='bbox 1762 1772 1988 1844; x_wconf 80' lang='grc' dir='ltr'><strong>Ῥώμην</strong></span> 
     </span>
    </p>
   </div>
   <div class='ocr_carea' id='block_1_20' title="bbox 2090 598 3744 687">
    <p class='ocr_par' dir='ltr' id='par_1_20' title="bbox 2090 598 3744 687">
     <span class='ocr_line' id='line_1_20' title="bbox 2090 598 3744 687; baseline 0 -19"><span class='ocrx_word' id='word_1_134' title='bbox 2090 616 2411 670; x_wconf 86' lang='lat' dir='ltr'><strong>Possumus</strong></span> <span class='ocrx_word' id='word_1_135' title='bbox 2439 620 2642 670; x_wconf 90' lang='lat' dir='ltr'><strong>autem</strong></span> <span class='ocrx_word' id='word_1_136' title='bbox 2673 619 2732 671; x_wconf 92' lang='lat' dir='ltr'><strong>et</strong></span> <span class='ocrx_word' id='word_1_137' title='bbox 2762 614 2958 669; x_wconf 86' lang='lat' dir='ltr'><strong>locum</strong></span> <span class='ocrx_word' id='word_1_138' title='bbox 2989 613 3149 669; x_wconf 93' lang='lat' dir='ltr'><strong>hunc</strong></span> <span class='ocrx_word' id='word_1_139' title='bbox 3166 630 3288 668; x_wconf 92' lang='lat' dir='ltr'><strong>non</strong></span> <span class='ocrx_word' id='word_1_140' title='bbox 3311 630 3419 685; x_wconf 89' lang='lat' dir='ltr'><strong>per</strong></span> <span class='ocrx_word' id='word_1_141' title='bbox 3447 598 3744 687; x_wconf 85' lang='lat' dir='ltr'><strong>hyperba-</strong></span> 
     </span>
    </p>
   </div>
   <div class='ocr_carea' id='block_1_21' title="bbox 2090 702 3749 776">
    <p class='ocr_par' dir='ltr' id='par_1_21' title="bbox 2090 702 3749 776">
     <span class='ocr_line' id='line_1_21' title="bbox 2090 702 3749 776; baseline -0.001 -18"><span class='ocrx_word' id='word_1_142' title='bbox 2090 709 2193 758; x_wconf 85' lang='lat' dir='ltr'><strong>ton</strong></span> <span class='ocrx_word' id='word_1_143' title='bbox 2224 705 2514 776; x_wconf 84' lang='lat' dir='ltr'><strong>accipere,</strong></span> <span class='ocrx_word' id='word_1_144' title='bbox 2550 704 2655 759; x_wconf 88' lang='lat' dir='ltr'><strong>sed</strong></span> <span class='ocrx_word' id='word_1_145' title='bbox 2686 703 2894 759; x_wconf 87' lang='lat' dir='ltr'><strong>ordine</strong></span> <span class='ocrx_word' id='word_1_146' title='bbox 2922 719 3037 774; x_wconf 92' lang='lat' dir='ltr'><strong>quo</strong></span> <span class='ocrx_word' id='word_1_147' title='bbox 3058 702 3284 775; x_wconf 87' lang='lat' dir='ltr'><strong>positus</strong></span> <span class='ocrx_word' id='word_1_148' title='bbox 3317 707 3407 759; x_wconf 89' lang='lat' dir='ltr'><strong>est</strong></span> <span class='ocrx_word' id='word_1_149' title='bbox 3435 718 3749 759; x_wconf 89' lang='lat' dir='ltr'><strong>assumen-</strong></span> 
     </span>
    </p>
   </div>
   <div class='ocr_carea' id='block_1_22' title="bbox 2091 791 3745 864">
    <p class='ocr_par' dir='ltr' id='par_1_22' title="bbox 2091 791 3745 864">
     <span class='ocr_line' id='line_1_22' title="bbox 2091 791 3745 864; baseline -0.001 -17"><span class='ocrx_word' id='word_1_150' title='bbox 2091 797 2200 856; x_wconf 90' lang='lat' dir='ltr'><strong>tes,</strong></span> <span class='ocrx_word' id='word_1_151' title='bbox 2229 791 2407 847; x_wconf 82' lang='lat' dir='ltr'><strong>talem</strong></span> <span class='ocrx_word' id='word_1_152' title='bbox 2431 810 2500 848; x_wconf 82' lang='lat' dir='ltr'><strong>ex</strong></span> <span class='ocrx_word' id='word_1_153' title='bbox 2531 809 2599 848; x_wconf 92' lang='lat' dir='ltr'><strong>eo</strong></span> <span class='ocrx_word' id='word_1_154' title='bbox 2632 808 2873 848; x_wconf 87' lang='lat' dir='ltr'><strong>sensum</strong></span> <span class='ocrx_word' id='word_1_155' title='bbox 2895 792 3246 848; x_wconf 87' lang='lat' dir='ltr'><strong>venabimur</strong></span> <span class='ocrx_word' id='word_1_156' title='bbox 3271 793 3594 848; x_wconf 84' lang='lat' dir='ltr'><strong>:Hactenus</strong></span> <span class='ocrx_word' id='word_1_157' title='bbox 3610 808 3745 864; x_wconf 83' lang='lat' dir='ltr'><strong>pro-</strong></span> 
     </span>
    </p>
   </div>
   <div class='ocr_carea' id='block_1_23' title="bbox 2090 881 3751 953">
    <p class='ocr_par' dir='ltr' id='par_1_23' title="bbox 2090 881 3751 953">
     <span class='ocr_line' id='line_1_23' title="bbox 2090 881 3751 953; baseline 0.001 -17"><span class='ocrx_word' id='word_1_158' title='bbox 2090 881 2316 936; x_wconf 90' lang='lat' dir='ltr'><strong>hibitus</strong></span> <span class='ocrx_word' id='word_1_159' title='bbox 2341 899 2494 938; x_wconf 89' lang='lat' dir='ltr'><strong>sum.</strong></span> <span class='ocrx_word' id='word_1_160' title='bbox 2530 882 2998 953; x_wconf 83' lang='lat' dir='ltr'><strong>Quare,inquit?</strong></span> <span class='ocrx_word' id='word_1_161' title='bbox 3026 884 3106 937; x_wconf 86' lang='lat' dir='ltr'><strong>Ne</strong></span> <span class='ocrx_word' id='word_1_162' title='bbox 3137 882 3310 937; x_wconf 87' lang='lat' dir='ltr'><strong>citius</strong></span> <span class='ocrx_word' id='word_1_163' title='bbox 3337 882 3751 950; x_wconf 84' lang='lat' dir='ltr'><strong>accedens,vos</strong></span> 
     </span>
    </p>
   </div>
   <div class='ocr_carea' id='block_1_24' title="bbox 2092 969 3752 1044">
    <p class='ocr_par' dir='ltr' id='par_1_24' title="bbox 2092 969 3752 1044">
     <span class='ocr_line' id='line_1_24' title="bbox 2092 969 3752 1044; baseline 0 -18"><span class='ocrx_word' id='word_1_164' title='bbox 2092 969 2288 1026; x_wconf 90' lang='lat' dir='ltr'><strong>adhuc</strong></span> <span class='ocrx_word' id='word_1_165' title='bbox 2318 970 2723 1027; x_wconf 80' lang='lat' dir='ltr'><strong>infructuosos</strong></span> <span class='ocrx_word' id='word_1_166' title='bbox 2753 971 3267 1044; x_wconf 91' lang='lat' dir='ltr'><strong>deprehenderem</strong></span> <span class='ocrx_word' id='word_1_167' title='bbox 3296 987 3310 1038; x_wconf 90' lang='lat'><strong>;</strong></span> <span class='ocrx_word' id='word_1_168' title='bbox 3359 970 3615 1042; x_wconf 88' lang='lat' dir='ltr'><strong>ideoque</strong></span> <span class='ocrx_word' id='word_1_169' title='bbox 3647 970 3752 1026; x_wconf 84' lang='lat' dir='ltr'><strong>ad-</strong></span> 
     </span>
    </p>
   </div>
   <div class='ocr_carea' id='block_1_25' title="bbox 2092 1058 3751 1131">
    <p class='ocr_par' dir='ltr' id='par_1_25' title="bbox 2092 1058 3751 1131">
     <span class='ocr_line' id='line_1_25' title="bbox 2092 1058 3751 1131; baseline 0 -18"><span class='ocrx_word' id='word_1_170' title='bbox 2092 1065 2333 1114; x_wconf 80' lang='lat' dir='ltr'><strong>ventum</strong></span> <span class='ocrx_word' id='word_1_171' title='bbox 2364 1058 2594 1127; x_wconf 81' lang='lat' dir='ltr'><strong>distuli,</strong></span> <span class='ocrx_word' id='word_1_172' title='bbox 2627 1076 2938 1131; x_wconf 88' lang='lat' dir='ltr'><strong>quousque</strong></span> <span class='ocrx_word' id='word_1_173' title='bbox 2971 1059 3148 1114; x_wconf 86' lang='lat' dir='ltr'><strong>etiam</strong></span> <span class='ocrx_word' id='word_1_174' title='bbox 3200 1059 3263 1114; x_wconf 91' lang='lat' dir='ltr'><strong>in</strong></span> <span class='ocrx_word' id='word_1_175' title='bbox 3295 1058 3463 1113; x_wconf 82' lang='lat' dir='ltr'><strong>vobis</strong></span> <span class='ocrx_word' id='word_1_176' title='bbox 3491 1060 3751 1114; x_wconf 79' lang='lat' dir='ltr'><strong>fructum</strong></span> 
     </span>
    </p>
   </div>
   <div class='ocr_carea' id='block_1_26' title="bbox 2092 1148 3754 1223">
    <p class='ocr_par' dir='ltr' id='par_1_26' title="bbox 2092 1148 3754 1223">
     <span class='ocr_line' id='line_1_26' title="bbox 2092 1148 3754 1223; baseline -0.001 -19"><span class='ocrx_word' id='word_1_177' title='bbox 2092 1148 2356 1220; x_wconf 80' lang='lat' dir='ltr'><strong>aliquem</strong></span> <span class='ocrx_word' id='word_1_178' title='bbox 2389 1150 2825 1223; x_wconf 78' lang='lat' dir='ltr'><strong>germinantem</strong></span> <span class='ocrx_word' id='word_1_179' title='bbox 2859 1148 3017 1221; x_wconf 91' lang='lat' dir='ltr'><strong>quod</strong></span> <span class='ocrx_word' id='word_1_180' title='bbox 3048 1149 3165 1205; x_wconf 84' lang='lat' dir='ltr'><strong>ﬁde</strong></span> <span class='ocrx_word' id='word_1_181' title='bbox 3197 1149 3463 1221; x_wconf 91' lang='lat' dir='ltr'><strong>dignum,</strong></span> <span class='ocrx_word' id='word_1_182' title='bbox 3486 1152 3664 1215; x_wconf 87' lang='lat' dir='ltr'><strong>esset,</strong></span> <span class='ocrx_word' id='word_1_183' title='bbox 3695 1153 3754 1202; x_wconf 93' lang='lat' dir='ltr'><strong>et</strong></span> 
     </span>
    </p>
   </div>
   <div class='ocr_carea' id='block_1_27' title="bbox 2084 1236 3751 1312">
    <p class='ocr_par' dir='ltr' id='par_1_27' title="bbox 2084 1236 3751 1312">
     <span class='ocr_line' id='line_1_27' title="bbox 2084 1236 3751 1312; baseline -0.001 -18"><span class='ocrx_word' id='word_1_184' title='bbox 2084 1239 2212 1311; x_wconf 88' lang='lat' dir='ltr'><strong>jam</strong></span> <span class='ocrx_word' id='word_1_185' title='bbox 2244 1239 2599 1311; x_wconf 88' lang='lat' dir='ltr'><strong>productum</strong></span> <span class='ocrx_word' id='word_1_186' title='bbox 2654 1241 3046 1312; x_wconf 87' lang='lat' dir='ltr'><strong>perciperem.</strong></span> <span class='ocrx_word' id='word_1_187' title='bbox 3079 1241 3281 1294; x_wconf 86' lang='lat' dir='ltr'><strong>Potest</strong></span> <span class='ocrx_word' id='word_1_188' title='bbox 3319 1245 3519 1295; x_wconf 88' lang='lat' dir='ltr'><strong>autem</strong></span> <span class='ocrx_word' id='word_1_189' title='bbox 3551 1243 3611 1293; x_wconf 91' lang='lat' dir='ltr'><strong>et</strong></span> <span class='ocrx_word' id='word_1_190' title='bbox 3634 1236 3751 1293; x_wconf 89' lang='lat' dir='ltr'><strong>alio</strong></span> 
     </span>
    </p>
   </div>
   <div class='ocr_carea' id='block_1_28' title="bbox 2091 1327 3746 1401">
    <p class='ocr_par' dir='ltr' id='par_1_28' title="bbox 2091 1327 3746 1401">
     <span class='ocr_line' id='line_1_28' title="bbox 2091 1327 3746 1401; baseline -0.002 -17"><span class='ocrx_word' id='word_1_191' title='bbox 2091 1327 2269 1384; x_wconf 91' lang='lat' dir='ltr'><strong>modo</strong></span> <span class='ocrx_word' id='word_1_192' title='bbox 2302 1345 2514 1384; x_wconf 87' lang='lat' dir='ltr'><strong>sensus</strong></span> <span class='ocrx_word' id='word_1_193' title='bbox 2545 1328 2798 1401; x_wconf 88' lang='lat' dir='ltr'><strong>concipi.</strong></span> <span class='ocrx_word' id='word_1_194' title='bbox 2852 1332 3147 1384; x_wconf 83' lang='lat' dir='ltr'><strong>Hactenus</strong></span> <span class='ocrx_word' id='word_1_195' title='bbox 3204 1327 3540 1399; x_wconf 86' lang='lat' dir='ltr'><strong>prohibitus</strong></span> <span class='ocrx_word' id='word_1_196' title='bbox 3593 1342 3746 1382; x_wconf 91' lang='lat' dir='ltr'><strong>sum.</strong></span> 
     </span>
    </p>
   </div>
   <div class='ocr_carea' id='block_1_29' title="bbox 2094 1411 3788 1490">
    <p class='ocr_par' dir='ltr' id='par_1_29' title="bbox 2094 1411 3788 1490">
     <span class='ocr_line' id='line_1_29' title="bbox 2094 1411 3788 1490; baseline -0.002 -15"><span class='ocrx_word' id='word_1_197' title='bbox 2094 1420 2284 1485; x_wconf 86' lang='lat' dir='ltr'><strong>Quare</strong></span> <span class='ocrx_word' id='word_1_198' title='bbox 2308 1419 2336 1475; x_wconf 85' lang='lat'><strong>?</strong></span> <span class='ocrx_word' id='word_1_199' title='bbox 2358 1420 2507 1485; x_wconf 90' lang='lat' dir='ltr'><strong>Quia</strong></span> <span class='ocrx_word' id='word_1_200' title='bbox 2535 1420 2791 1475; x_wconf 87' lang='lat' dir='ltr'><strong>fructum</strong></span> <span class='ocrx_word' id='word_1_201' title='bbox 2806 1419 3068 1490; x_wconf 85' lang='lat' dir='ltr'><strong>aliquem</strong></span> <span class='ocrx_word' id='word_1_202' title='bbox 3083 1418 3228 1473; x_wconf 92' lang='lat' dir='ltr'><strong>mihi</strong></span> <span class='ocrx_word' id='word_1_203' title='bbox 3260 1419 3453 1474; x_wconf 90' lang='lat' dir='ltr'><strong>adhuc</strong></span> <span class='ocrx_word' id='word_1_204' title='bbox 3474 1417 3750 1473; x_wconf 90' lang='lat' dir='ltr'><strong>relictum</strong></span> <span class='ocrx_word' id='word_1_205' title='bbox 3784 1411 3788 1415; x_wconf 65' lang='grc'><em>’</em></span> 
     </span>
    </p>
   </div>
   <div class='ocr_carea' id='block_1_30' title="bbox 2093 1506 3750 1581">
    <p class='ocr_par' dir='ltr' id='par_1_30' title="bbox 2093 1506 3750 1581">
     <span class='ocr_line' id='line_1_30' title="bbox 2093 1506 3750 1581; baseline -0.001 -18"><span class='ocrx_word' id='word_1_206' title='bbox 2093 1508 2461 1581; x_wconf 80' lang='lat' dir='ltr'><strong>colligebam.</strong></span> <span class='ocrx_word' id='word_1_207' title='bbox 2495 1510 2566 1563; x_wconf 91' lang='lat' dir='ltr'><strong>Et</strong></span> <span class='ocrx_word' id='word_1_208' title='bbox 2594 1508 2748 1565; x_wconf 91' lang='lat' dir='ltr'><strong>hanc</strong></span> <span class='ocrx_word' id='word_1_209' title='bbox 2808 1508 3167 1563; x_wconf 89' lang='lat' dir='ltr'><strong>sententiam</strong></span> <span class='ocrx_word' id='word_1_210' title='bbox 3192 1508 3254 1562; x_wconf 92' lang='lat' dir='ltr'><strong>in</strong></span> <span class='ocrx_word' id='word_1_211' title='bbox 3305 1508 3421 1563; x_wconf 84' lang='lat' dir='ltr'><strong>ﬁne</strong></span> <span class='ocrx_word' id='word_1_212' title='bbox 3481 1506 3750 1579; x_wconf 63' lang='lat' dir='ltr'><strong>epistola)</strong></span> 
     </span>
    </p>
   </div>
   <div class='ocr_carea' id='block_1_31' title="bbox 2092 1595 3751 1669">
    <p class='ocr_par' dir='ltr' id='par_1_31' title="bbox 2092 1595 3751 1669">
     <span class='ocr_line' id='line_1_31' title="bbox 2092 1595 3751 1669; baseline -0.001 -15"><span class='ocrx_word' id='word_1_213' title='bbox 2092 1599 2508 1654; x_wconf 83' lang='lat' dir='ltr'><strong>conﬁrmatam</strong></span> <span class='ocrx_word' id='word_1_214' title='bbox 2538 1598 2738 1653; x_wconf 79' lang='lat' dir='ltr'><strong>videre</strong></span> <span class='ocrx_word' id='word_1_215' title='bbox 2768 1597 2910 1654; x_wconf 89' lang='lat' dir='ltr'><strong>licet</strong></span> <span class='ocrx_word' id='word_1_216' title='bbox 2942 1614 2956 1652; x_wconf 91' lang='lat'><strong>:</strong></span> <span class='ocrx_word' id='word_1_217' title='bbox 2989 1598 3158 1669; x_wconf 89' lang='lat' dir='ltr'><strong>quasi</strong></span> <span class='ocrx_word' id='word_1_218' title='bbox 3216 1596 3518 1652; x_wconf 88' lang='lat' dir='ltr'><strong>reminisci</strong></span> <span class='ocrx_word' id='word_1_219' title='bbox 3549 1595 3751 1652; x_wconf 87' lang='lat' dir='ltr'><strong>videa-</strong></span> 
     </span>
    </p>
   </div>
   <div class='ocr_carea' id='block_1_32' title="bbox 2093 1685 3750 1761">
    <p class='ocr_par' dir='ltr' id='par_1_32' title="bbox 2093 1685 3750 1761">
     <span class='ocr_line' id='line_1_32' title="bbox 2093 1685 3750 1761; baseline -0.002 -18"><span class='ocrx_word' id='word_1_220' title='bbox 2093 1693 2191 1744; x_wconf 90' lang='lat' dir='ltr'><strong>tur</strong></span> <span class='ocrx_word' id='word_1_221' title='bbox 2219 1689 2539 1761; x_wconf 81' lang='lat' dir='ltr'><strong>Apostolus</strong></span> <span class='ocrx_word' id='word_1_222' title='bbox 2596 1704 2826 1755; x_wconf 90' lang='lat' dir='ltr'><strong>eorum,</strong></span> <span class='ocrx_word' id='word_1_223' title='bbox 2887 1704 3019 1758; x_wconf 68' lang='lat' dir='ltr'><strong>qum</strong></span> <span class='ocrx_word' id='word_1_224' title='bbox 3046 1687 3329 1759; x_wconf 78' lang='lat' dir='ltr'><strong>praefatus</strong></span> <span class='ocrx_word' id='word_1_225' title='bbox 3377 1686 3590 1742; x_wconf 86' lang='lat' dir='ltr'><strong>fuerat.</strong></span> <span class='ocrx_word' id='word_1_226' title='bbox 3649 1685 3750 1741; x_wconf 87' lang='lat' dir='ltr'><strong>Ait</strong></span> 
     </span>
    </p>
   </div>
   <div class='ocr_carea' id='block_1_33' title="bbox 2094 1776 3746 1849">
    <p class='ocr_par' dir='ltr' id='par_1_33' title="bbox 2094 1776 3746 1849">
     <span class='ocr_line' id='line_1_33' title="bbox 2094 1776 3746 1849; baseline -0.002 -15"><span class='ocrx_word' id='word_1_227' title='bbox 2094 1778 2251 1834; x_wconf 90' lang='lat' dir='ltr'><strong>enim</strong></span> <span class='ocrx_word' id='word_1_228' title='bbox 2290 1793 2303 1831; x_wconf 91' lang='lat'>:</span> <span class='ocrx_word' id='word_1_229' title='bbox 2336 1779 2708 1849; x_wconf 86' lang='lat' dir='ltr'><strong>Quapropter</strong></span> <span class='ocrx_word' id='word_1_230' title='bbox 2741 1776 2919 1832; x_wconf 89' lang='lat' dir='ltr'><strong>etiam</strong></span> <span class='ocrx_word' id='word_1_231' title='bbox 2951 1776 3324 1848; x_wconf 88' lang='lat' dir='ltr'><strong>impediebar</strong></span> <span class='ocrx_word' id='word_1_232' title='bbox 3382 1776 3746 1848; x_wconf 89' lang='lat' dir='ltr'><strong>frequenter,</strong></span> 
     </span>
    </p>
   </div>
   <div class='ocr_carea' id='block_1_34' title="bbox 341 1856 1984 1961">
    <p class='ocr_par' dir='ltr' id='par_1_34' title="bbox 341 1856 1979 1940">
     <span class='ocr_line' id='line_1_34' title="bbox 341 1856 1979 1940; baseline -0.004 -21"><span class='ocrx_word' id='word_1_233' title='bbox 341 1862 586 1940; x_wconf 82' lang='grc' dir='ltr'>δραμεῖν,</span> <span class='ocrx_word' id='word_1_234' title='bbox 654 1863 948 1921; x_wconf 70' lang='grc' dir='ltr'>ἀτέλεστον</span> <span class='ocrx_word' id='word_1_235' title='bbox 1007 1865 1060 1919; x_wconf 82' lang='grc' dir='ltr'>ἐν</span> <span class='ocrx_word' id='word_1_236' title='bbox 1137 1863 1358 1925; x_wconf 76' lang='grc' dir='ltr'>ἐκείνοις</span> <span class='ocrx_word' id='word_1_237' title='bbox 1416 1863 1478 1918; x_wconf 87' lang='grc' dir='ltr'>τὸ</span> <span class='ocrx_word' id='word_1_238' title='bbox 1535 1856 1695 1937; x_wconf 75' lang='grc' dir='ltr'>ἔργον</span> <span class='ocrx_word' id='word_1_239' title='bbox 1754 1858 1979 1916; x_wconf 82' lang='grc' dir='ltr'>καταλι-</span> 
     </span>
    </p>
   </div>
   <div class='ocr_carea' id='block_1_35' title="bbox 2093 1856 3752 1961">
    <p class='ocr_par' dir='ltr' id='par_1_35' title="bbox 2095 1866 3752 1939">
     <span class='ocr_line' id='line_1_35' title="bbox 2095 1866 3752 1939; baseline -0.001 -16"><span class='ocrx_word' id='word_1_240' title='bbox 2095 1868 2416 1939; x_wconf 89' lang='lat' dir='ltr'><strong>quominus</strong></span> <span class='ocrx_word' id='word_1_241' title='bbox 2445 1867 2710 1923; x_wconf 87' lang='lat' dir='ltr'><strong>venirem</strong></span> <span class='ocrx_word' id='word_1_242' title='bbox 2761 1866 2835 1922; x_wconf 88' lang='lat' dir='ltr'><strong>ad</strong></span> <span class='ocrx_word' id='word_1_243' title='bbox 2895 1883 3012 1922; x_wconf 90' lang='lat' dir='ltr'><strong>vos.</strong></span> <span class='ocrx_word' id='word_1_244' title='bbox 3075 1868 3239 1922; x_wconf 90' lang='lat' dir='ltr'><strong>Nunc</strong></span> <span class='ocrx_word' id='word_1_245' title='bbox 3295 1883 3431 1922; x_wconf 91' lang='lat' dir='ltr'><strong>vero</strong></span> <span class='ocrx_word' id='word_1_246' title='bbox 3462 1883 3598 1922; x_wconf 91' lang='lat' dir='ltr'><strong>cum</strong></span> <span class='ocrx_word' id='word_1_247' title='bbox 3632 1882 3752 1922; x_wconf 91' lang='lat' dir='ltr'><strong>non</strong></span> 
     </span>
    </p>
   </div>
   <div class='ocr_carea' id='block_1_36' title="bbox 344 1948 1984 2025">
    <p class='ocr_par' dir='ltr' id='par_1_36' title="bbox 344 1948 1984 2025">
     <span class='ocr_line' id='line_1_36' title="bbox 344 1948 1984 2025; baseline -0.003 -17"><span class='ocrx_word' id='word_1_248' title='bbox 344 1952 522 2008; x_wconf 77' lang='grc' dir='ltr'>πόντα.</span> <span class='ocrx_word' id='word_1_249' title='bbox 557 1954 673 2010; x_wconf 74' lang='grc' dir='ltr'>Εἶτα</span> <span class='ocrx_word' id='word_1_250' title='bbox 700 1954 788 2009; x_wconf 81' lang='grc' dir='ltr'><strong>τό·</strong></span> <span class='ocrx_word' id='word_1_251' title='bbox 817 1979 845 2006; x_wconf 74' lang='grc' dir='ltr'><strong>ιι</strong></span> <span class='ocrx_word' id='word_1_252' title='bbox 878 1951 982 2011; x_wconf 74' lang='grc' dir='ltr'><strong>Καῖ</strong></span> <span class='ocrx_word' id='word_1_253' title='bbox 1016 1952 1069 2007; x_wconf 75' lang='grc' dir='ltr'>ἐν</span> <span class='ocrx_word' id='word_1_254' title='bbox 1101 1953 1254 2025; x_wconf 85' lang='grc' dir='ltr'>ὑμῖν,</span> <span class='ocrx_word' id='word_1_255' title='bbox 1290 1973 1316 2005; x_wconf 73' lang='grc' dir='ltr'><strong>υ</strong></span> <span class='ocrx_word' id='word_1_256' title='bbox 1349 1951 1442 2007; x_wconf 75' lang='grc' dir='ltr'><strong>καὶ</strong></span> <span class='ocrx_word' id='word_1_257' title='bbox 1504 1952 1572 2005; x_wconf 80' lang='grc' dir='ltr'>τὰ</span> <span class='ocrx_word' id='word_1_258' title='bbox 1621 1950 1767 2021; x_wconf 74' lang='grc' dir='ltr'>ἑξῆς,</span> <span class='ocrx_word' id='word_1_259' title='bbox 1802 1948 1984 2024; x_wconf 81' lang='grc' dir='ltr'>ὥσπερ</span> 
     </span>
    </p>
   </div>
   <div class='ocr_carea' id='block_1_37' title="bbox 339 2037 1984 2119">
    <p class='ocr_par' dir='ltr' id='par_1_37' title="bbox 339 2037 1984 2119">
     <span class='ocr_line' id='line_1_37' title="bbox 339 2037 1984 2119; baseline -0.003 -23"><span class='ocrx_word' id='word_1_260' title='bbox 339 2042 740 2106; x_wconf 73' lang='grc' dir='ltr'>ἀντιπίπτοντος</span> <span class='ocrx_word' id='word_1_261' title='bbox 772 2042 930 2105; x_wconf 74' lang='grc' dir='ltr'>λύσις</span> <span class='ocrx_word' id='word_1_262' title='bbox 952 2040 1119 2099; x_wconf 80' lang='grc' dir='ltr'>ἐστίν.</span> <span class='ocrx_word' id='word_1_263' title='bbox 1152 2041 1303 2107; x_wconf 77' lang='grc' dir='ltr'>Οίον,</span> <span class='ocrx_word' id='word_1_264' title='bbox 1346 2040 1428 2109; x_wconf 88' lang='grc' dir='ltr'>Τί,</span> <span class='ocrx_word' id='word_1_265' title='bbox 1469 2041 1653 2119; x_wconf 78' lang='grc' dir='ltr'>φησὶν,</span> <span class='ocrx_word' id='word_1_266' title='bbox 1683 2038 1736 2095; x_wconf 81' lang='grc' dir='ltr'>ἐν</span> <span class='ocrx_word' id='word_1_267' title='bbox 1757 2040 1892 2112; x_wconf 75' lang='grc' dir='ltr'>ἡμῖν</span> <span class='ocrx_word' id='word_1_268' title='bbox 1922 2037 1984 2092; x_wconf 85' lang='grc' dir='ltr'><strong>ού</strong></span> 
     </span>
    </p>
   </div>
   <div class='ocr_carea' id='block_1_38' title="bbox 324 2127 1984 2210">
    <p class='ocr_par' dir='ltr' id='par_1_38' title="bbox 324 2127 1984 2210">
     <span class='ocr_line' id='line_1_38' title="bbox 324 2127 1984 2210; baseline -0.002 -23"><span class='ocrx_word' id='word_1_269' title='bbox 324 2130 517 2204; x_wconf 71' lang='grc' dir='ltr'>μέλλει</span> <span class='ocrx_word' id='word_1_270' title='bbox 548 2153 636 2189; x_wconf 80' lang='grc' dir='ltr'><strong>σοι</strong></span> <span class='ocrx_word' id='word_1_271' title='bbox 663 2133 872 2208; x_wconf 79' lang='grc' dir='ltr'>καρπὸν</span> <span class='ocrx_word' id='word_1_272' title='bbox 908 2138 1092 2208; x_wconf 87' lang='grc' dir='ltr'>σχεῖν;</span> <span class='ocrx_word' id='word_1_273' title='bbox 1131 2132 1430 2210; x_wconf 76' lang='grc' dir='ltr'>Ναὶ,φησὶ,</span> <span class='ocrx_word' id='word_1_274' title='bbox 1461 2130 1552 2185; x_wconf 81' lang='grc' dir='ltr'>καὶ</span> <span class='ocrx_word' id='word_1_275' title='bbox 1584 2128 1637 2184; x_wconf 84' lang='grc' dir='ltr'>ἐν</span> <span class='ocrx_word' id='word_1_276' title='bbox 1673 2129 1799 2202; x_wconf 81' lang='grc' dir='ltr'>ὑμῖν</span> <span class='ocrx_word' id='word_1_277' title='bbox 1823 2127 1984 2183; x_wconf 85' lang='grc' dir='ltr'>τοῦτο</span> 
     </span>
    </p>
   </div>
   <div class='ocr_carea' id='block_1_39' title="bbox 322 2219 1983 2296">
    <p class='ocr_par' dir='ltr' id='par_1_39' title="bbox 322 2219 1983 2296">
     <span class='ocr_line' id='line_1_39' title="bbox 322 2219 1983 2296; baseline -0.002 -22"><span class='ocrx_word' id='word_1_278' title='bbox 322 2219 560 2294; x_wconf 76' lang='grc' dir='ltr'>σπεύδω,</span> <span class='ocrx_word' id='word_1_279' title='bbox 585 2226 756 2277; x_wconf 83' lang='grc' dir='ltr'>τοῦτο</span> <span class='ocrx_word' id='word_1_280' title='bbox 778 2220 1045 2292; x_wconf 76' lang='grc' dir='ltr'><strong>ἐπιζητῶ,</strong></span> <span class='ocrx_word' id='word_1_281' title='bbox 1077 2219 1368 2296; x_wconf 70' lang='grc' dir='ltr'>ὀφειλέτης</span> <span class='ocrx_word' id='word_1_282' title='bbox 1400 2219 1538 2292; x_wconf 75' lang='grc' dir='ltr'>εἰμὶ,</span> <span class='ocrx_word' id='word_1_283' title='bbox 1591 2221 1855 2294; x_wconf 62' lang='grc' dir='ltr'>κρεωπῶ</span> <span class='ocrx_word' id='word_1_284' title='bbox 1886 2221 1983 2270; x_wconf 84' lang='grc' dir='ltr'><strong>πᾶ-</strong></span> 
     </span>
    </p>
   </div>
   <div class='ocr_carea' id='block_1_40' title="bbox 318 2307 1982 2379">
    <p class='ocr_par' dir='ltr' id='par_1_40' title="bbox 318 2307 1982 2379">
     <span class='ocr_line' id='line_1_40' title="bbox 318 2307 1982 2379; baseline -0.003 -14"><span class='ocrx_word' id='word_1_285' title='bbox 318 2332 417 2369; x_wconf 88' lang='grc' dir='ltr'>σιν.</span> <span class='ocrx_word' id='word_1_286' title='bbox 448 2335 473 2365; x_wconf 85' lang='grc' dir='ltr'><strong>σ</strong></span> <span class='ocrx_word' id='word_1_287' title='bbox 513 2309 711 2373; x_wconf 81' lang='grc' dir='ltr'>Καθὼς</span> <span class='ocrx_word' id='word_1_288' title='bbox 740 2313 830 2366; x_wconf 80' lang='grc' dir='ltr'>καὶ</span> <span class='ocrx_word' id='word_1_289' title='bbox 853 2310 907 2366; x_wconf 82' lang='grc' dir='ltr'>ἐν</span> <span class='ocrx_word' id='word_1_290' title='bbox 932 2315 1051 2373; x_wconf 86' lang='grc' dir='ltr'>τοῖς</span> <span class='ocrx_word' id='word_1_291' title='bbox 1083 2311 1305 2372; x_wconf 85' lang='grc' dir='ltr'>λοιποῖς</span> <span class='ocrx_word' id='word_1_292' title='bbox 1355 2307 1578 2365; x_wconf 83' lang='grc' dir='ltr'>ἔθνεσιν.</span> <span class='ocrx_word' id='word_1_293' title='bbox 1641 2332 1669 2360; x_wconf 86' lang='grc'><strong>››</strong></span> <span class='ocrx_word' id='word_1_294' title='bbox 1727 2310 1820 2379; x_wconf 81' lang='grc' dir='ltr'><strong>Τῷ</strong></span> <span class='ocrx_word' id='word_1_295' title='bbox 1860 2327 1982 2361; x_wconf 85' lang='grc' dir='ltr'>συν-</span> 
     </span>
    </p>
   </div>
   <div class='ocr_carea' id='block_1_41' title="bbox 322 2397 1984 2477">
    <p class='ocr_par' dir='ltr' id='par_1_41' title="bbox 322 2397 1984 2477">
     <span class='ocr_line' id='line_1_41' title="bbox 322 2397 1984 2477; baseline -0.002 -21"><span class='ocrx_word' id='word_1_296' title='bbox 322 2402 511 2456; x_wconf 74' lang='grc' dir='ltr'>άπτειν</span> <span class='ocrx_word' id='word_1_297' title='bbox 543 2400 740 2463; x_wconf 77' lang='grc' dir='ltr'>αὐτοὺς</span> <span class='ocrx_word' id='word_1_298' title='bbox 770 2406 886 2463; x_wconf 88' lang='grc' dir='ltr'>τοῖς</span> <span class='ocrx_word' id='word_1_299' title='bbox 918 2398 1539 2465; x_wconf 71' lang='grc' dir='ltr'>λοιποῖς,καταστὲλ.λει</span> <span class='ocrx_word' id='word_1_300' title='bbox 1569 2398 1749 2453; x_wconf 76' lang='grc' dir='ltr'>αὐτῶν</span> <span class='ocrx_word' id='word_1_301' title='bbox 1771 2397 1835 2453; x_wconf 87' lang='grc' dir='ltr'>τὸ</span> <span class='ocrx_word' id='word_1_302' title='bbox 1856 2398 1984 2477; x_wconf 76' lang='grc' dir='ltr'>φρό-</span> 
     </span>
    </p>
   </div>
   <div class='ocr_carea' id='block_1_42' title="bbox 314 2484 1980 2566">
    <p class='ocr_par' dir='ltr' id='par_1_42' title="bbox 314 2484 1980 2566">
     <span class='ocr_line' id='line_1_42' title="bbox 314 2484 1980 2566; baseline -0.003 -19"><span class='ocrx_word' id='word_1_303' title='bbox 314 2511 527 2565; x_wconf 80' lang='grc' dir='ltr'>νημα.‹‹</span> <span class='ocrx_word' id='word_1_304' title='bbox 552 2488 798 2561; x_wconf 82' lang='grc' dir='ltr'>Ἕλλησί</span> <span class='ocrx_word' id='word_1_305' title='bbox 827 2512 885 2545; x_wconf 87' lang='grc' dir='ltr'><strong>τε</strong></span> <span class='ocrx_word' id='word_1_306' title='bbox 912 2491 1001 2546; x_wconf 80' lang='grc' dir='ltr'>καὶ</span> <span class='ocrx_word' id='word_1_307' title='bbox 1036 2484 1400 2566; x_wconf 76' lang='grc' dir='ltr'>Βαρϐάροις.»</span> <span class='ocrx_word' id='word_1_308' title='bbox 1427 2486 1980 2566; x_wconf 78' lang='grc' dir='ltr'>Ὠσπερ,φησὶν,Ἒλ-</span> 
     </span>
    </p>
   </div>
   <div class='ocr_carea' id='block_1_43' title="bbox 322 2573 1976 2655">
    <p class='ocr_par' dir='ltr' id='par_1_43' title="bbox 322 2573 1976 2655">
     <span class='ocr_line' id='line_1_43' title="bbox 322 2573 1976 2655; baseline -0.003 -20"><span class='ocrx_word' id='word_1_309' title='bbox 322 2596 451 2650; x_wconf 83' lang='grc' dir='ltr'>Λησι</span> <span class='ocrx_word' id='word_1_310' title='bbox 484 2579 581 2634; x_wconf 83' lang='grc' dir='ltr'>καὶ</span> <span class='ocrx_word' id='word_1_311' title='bbox 617 2573 947 2653; x_wconf 69' lang='grc' dir='ltr'>Βαρϐάροις,</span> <span class='ocrx_word' id='word_1_312' title='bbox 979 2578 1123 2634; x_wconf 77' lang='grc' dir='ltr'>οὕτω</span> <span class='ocrx_word' id='word_1_313' title='bbox 1170 2578 1260 2634; x_wconf 81' lang='grc' dir='ltr'>καὶ</span> <span class='ocrx_word' id='word_1_314' title='bbox 1297 2579 1425 2651; x_wconf 74' lang='grc' dir='ltr'>ὑμῖν</span> <span class='ocrx_word' id='word_1_315' title='bbox 1492 2577 1781 2655; x_wconf 76' lang='grc' dir='ltr'>ὀφειλέτης</span> <span class='ocrx_word' id='word_1_316' title='bbox 1838 2576 1976 2650; x_wconf 72' lang='grc' dir='ltr'>εἶμί.</span> 
     </span>
    </p>
   </div>
   <div class='ocr_carea' id='block_1_44' title="bbox 312 2663 1978 2750">
    <p class='ocr_par' dir='ltr' id='par_1_44' title="bbox 312 2663 1978 2750">
     <span class='ocr_line' id='line_1_44' title="bbox 312 2663 1978 2750; baseline -0.001 -29"><span class='ocrx_word' id='word_1_317' title='bbox 312 2695 341 2721; x_wconf 82' lang='grc'><em>‹‹</em></span> <span class='ocrx_word' id='word_1_318' title='bbox 368 2668 707 2750; x_wconf 73' lang='grc' dir='ltr'>ὐιρειλέτης</span> <span class='ocrx_word' id='word_1_319' title='bbox 736 2668 871 2742; x_wconf 81' lang='grc' dir='ltr'>εἶμί,</span> <span class='ocrx_word' id='word_1_320' title='bbox 894 2694 922 2721; x_wconf 87' lang='grc'><strong>››</strong></span> <span class='ocrx_word' id='word_1_321' title='bbox 951 2666 1119 2726; x_wconf 71' lang='grc' dir='ltr'>Οόδὲν</span> <span class='ocrx_word' id='word_1_322' title='bbox 1153 2666 1316 2738; x_wconf 73' lang='grc' dir='ltr'>ἴδιον,</span> <span class='ocrx_word' id='word_1_323' title='bbox 1348 2668 1505 2747; x_wconf 74' lang='grc' dir='ltr'>φησὶ,</span> <span class='ocrx_word' id='word_1_324' title='bbox 1536 2663 1760 2740; x_wconf 80' lang='grc' dir='ltr'>δίδωμι.</span> <span class='ocrx_word' id='word_1_325' title='bbox 1792 2667 1978 2743; x_wconf 70' lang='grc' dir='ltr'>Ὀφει-</span> 
     </span>
    </p>
   </div>
   <div class='ocr_carea' id='block_1_45' title="bbox 310 2751 1980 2835">
    <p class='ocr_par' dir='ltr' id='par_1_45' title="bbox 310 2751 1980 2835">
     <span class='ocr_line' id='line_1_45' title="bbox 310 2751 1980 2835; baseline -0.003 -21"><span class='ocrx_word' id='word_1_326' title='bbox 310 2757 476 2829; x_wconf 73' lang='grc' dir='ltr'>λὲτης</span> <span class='ocrx_word' id='word_1_327' title='bbox 509 2758 631 2830; x_wconf 78' lang='grc' dir='ltr'>εἰμὶ</span> <span class='ocrx_word' id='word_1_328' title='bbox 655 2764 820 2813; x_wconf 78' lang='grc' dir='ltr'>πᾶσιν</span> <span class='ocrx_word' id='word_1_329' title='bbox 835 2754 1409 2835; x_wconf 78' lang='grc' dir='ltr'>εύαγγελίσασθαι,καὶ</span> <span class='ocrx_word' id='word_1_330' title='bbox 1442 2753 1737 2830; x_wconf 77' lang='grc' dir='ltr'>πληρῶσαι</span> <span class='ocrx_word' id='word_1_331' title='bbox 1765 2756 1866 2823; x_wconf 76' lang='grc' dir='ltr'><strong>τήν</strong></span> <span class='ocrx_word' id='word_1_332' title='bbox 1887 2751 1980 2809; x_wconf 86' lang='grc' dir='ltr'>δο-</span> 
     </span>
    </p>
   </div>
   <div class='ocr_carea' id='block_1_46' title="bbox 308 2842 1978 2922">
    <p class='ocr_par' dir='ltr' id='par_1_46' title="bbox 308 2842 1978 2922">
     <span class='ocr_line' id='line_1_46' title="bbox 308 2842 1978 2922; baseline -0.002 -19"><span class='ocrx_word' id='word_1_333' title='bbox 308 2850 488 2905; x_wconf 71' lang='grc' dir='ltr'>Θεῖσὰν</span> <span class='ocrx_word' id='word_1_334' title='bbox 522 2868 621 2922; x_wconf 86' lang='grc' dir='ltr'><strong>μοι</strong></span> <span class='ocrx_word' id='word_1_335' title='bbox 656 2845 909 2918; x_wconf 81' lang='grc' dir='ltr'>ἐντολήν.</span> <span class='ocrx_word' id='word_1_336' title='bbox 944 2872 971 2899; x_wconf 89' lang='grc'><strong>‹‹</strong></span> <span class='ocrx_word' id='word_1_337' title='bbox 1007 2846 1168 2902; x_wconf 74' lang='grc' dir='ltr'>Οὕτω</span> <span class='ocrx_word' id='word_1_338' title='bbox 1195 2846 1298 2921; x_wconf 83' lang='grc' dir='ltr'>γὰρ</span> <span class='ocrx_word' id='word_1_339' title='bbox 1357 2846 1477 2901; x_wconf 86' lang='grc' dir='ltr'>κατ’</span> <span class='ocrx_word' id='word_1_340' title='bbox 1529 2842 1647 2917; x_wconf 82' lang='grc' dir='ltr'>ἐμέ.</span> <span class='ocrx_word' id='word_1_341' title='bbox 1691 2869 1720 2896; x_wconf 72' lang='grc' dir='ltr'><strong>»ν</strong></span> <span class='ocrx_word' id='word_1_342' title='bbox 1752 2845 1978 2918; x_wconf 81' lang='grc' dir='ltr'>Ὠσπερ,</span> 
     </span>
    </p>
   </div>
   <div class='ocr_carea' id='block_1_47' title="bbox 311 2930 1980 3012">
    <p class='ocr_par' dir='ltr' id='par_1_47' title="bbox 311 2930 1980 3012">
     <span class='ocr_line' id='line_1_47' title="bbox 311 2930 1980 3012; baseline -0.004 -19"><span class='ocrx_word' id='word_1_343' title='bbox 311 2938 502 3012; x_wconf 72' lang='grc' dir='ltr'>φησὶν,</span> <span class='ocrx_word' id='word_1_344' title='bbox 538 2935 783 3007; x_wconf 80' lang='grc' dir='ltr'>Ἕλλησι</span> <span class='ocrx_word' id='word_1_345' title='bbox 815 2937 904 2991; x_wconf 77' lang='grc' dir='ltr'>καὶ</span> <span class='ocrx_word' id='word_1_346' title='bbox 935 2930 1265 3012; x_wconf 77' lang='grc' dir='ltr'>Βαρϐἀροις,</span> <span class='ocrx_word' id='word_1_347' title='bbox 1298 2940 1488 3011; x_wconf 77' lang='grc' dir='ltr'>σοφοῖς</span> <span class='ocrx_word' id='word_1_348' title='bbox 1519 2956 1576 2990; x_wconf 86' lang='grc' dir='ltr'><strong>τε</strong></span> <span class='ocrx_word' id='word_1_349' title='bbox 1604 2935 1695 2990; x_wconf 75' lang='grc' dir='ltr'>καὶ</span> <span class='ocrx_word' id='word_1_350' title='bbox 1726 2933 1980 3004; x_wconf 74' lang='grc' dir='ltr'>ἀνοήτοις</span> 
     </span>
    </p>
   </div>
   <div class='ocr_carea' id='block_1_48' title="bbox 315 3022 1978 3107">
    <p class='ocr_par' dir='ltr' id='par_1_48' title="bbox 315 3022 1978 3107">
     <span class='ocr_line' id='line_1_48' title="bbox 315 3022 1978 3107; baseline -0.004 -24"><span class='ocrx_word' id='word_1_351' title='bbox 315 3025 611 3107; x_wconf 70' lang='grc' dir='ltr'>ὀφειλέτης</span> <span class='ocrx_word' id='word_1_352' title='bbox 641 3026 784 3099; x_wconf 75' lang='grc' dir='ltr'>εἰμὶ,</span> <span class='ocrx_word' id='word_1_353' title='bbox 819 3025 1156 3089; x_wconf 76' lang='grc' dir='ltr'>οὕτως.ὅσον</span> <span class='ocrx_word' id='word_1_354' title='bbox 1189 3025 1319 3095; x_wconf 77' lang='grc' dir='ltr'>ἧκεν</span> <span class='ocrx_word' id='word_1_355' title='bbox 1339 3024 1417 3087; x_wconf 82' lang='grc' dir='ltr'>εἷς</span> <span class='ocrx_word' id='word_1_356' title='bbox 1448 3026 1547 3094; x_wconf 73' lang='grc' dir='ltr'><strong>τήν</strong></span> <span class='ocrx_word' id='word_1_357' title='bbox 1577 3024 1716 3098; x_wconf 71' lang='grc' dir='ltr'>ἐμὴν</span> <span class='ocrx_word' id='word_1_358' title='bbox 1736 3022 1978 3094; x_wconf 67' lang='grc' dir='ltr'>σπουδὴν</span> 
     </span>
    </p>
   </div>
   <div class='ocr_carea' id='block_1_49' title="bbox 322 3112 1981 3193">
    <p class='ocr_par' dir='ltr' id='par_1_49' title="bbox 322 3112 1981 3193">
     <span class='ocr_line' id='line_1_49' title="bbox 322 3112 1981 3193; baseline -0.003 -21"><span class='ocrx_word' id='word_1_359' title='bbox 322 3118 410 3173; x_wconf 71' lang='grc' dir='ltr'><strong>καὶ</strong></span> <span class='ocrx_word' id='word_1_360' title='bbox 437 3116 779 3193; x_wconf 72' lang='grc' dir='ltr'>προθυμίαν,</span> <span class='ocrx_word' id='word_1_361' title='bbox 809 3117 903 3171; x_wconf 81' lang='grc' dir='ltr'>καὶ</span> <span class='ocrx_word' id='word_1_362' title='bbox 938 3117 1066 3187; x_wconf 82' lang='grc' dir='ltr'>ὑμῖν</span> <span class='ocrx_word' id='word_1_363' title='bbox 1099 3112 1558 3191; x_wconf 81' lang='grc' dir='ltr'>εὐαγγελίσασθαι</span> <span class='ocrx_word' id='word_1_364' title='bbox 1590 3112 1876 3189; x_wconf 84' lang='grc' dir='ltr'>χρεωστῶ.</span> <span class='ocrx_word' id='word_1_365' title='bbox 1904 3112 1981 3169; x_wconf 87' lang='grc' dir='ltr'>Τὸ</span> 
     </span>
    </p>
   </div>
   <div class='ocr_carea' id='block_1_50' title="bbox 317 3201 1980 3286">
    <p class='ocr_par' dir='ltr' id='par_1_50' title="bbox 317 3201 1980 3286">
     <span class='ocr_line' id='line_1_50' title="bbox 317 3201 1980 3286; baseline -0.002 -26"><span class='ocrx_word' id='word_1_366' title='bbox 317 3207 436 3283; x_wconf 70' lang='grc' dir='ltr'>γὰρ,</span> <span class='ocrx_word' id='word_1_367' title='bbox 469 3230 497 3259; x_wconf 74' lang='grc' dir='ltr'>ιι</span> <span class='ocrx_word' id='word_1_368' title='bbox 531 3203 862 3286; x_wconf 69' lang='grc' dir='ltr'>Ὀερεελέτης</span> <span class='ocrx_word' id='word_1_369' title='bbox 893 3204 1031 3278; x_wconf 82' lang='grc' dir='ltr'>εἰμὶ,</span> <span class='ocrx_word' id='word_1_370' title='bbox 1052 3231 1070 3255; x_wconf 74' lang='grc' dir='ltr'><strong>ι</strong></span> <span class='ocrx_word' id='word_1_371' title='bbox 1098 3205 1204 3261; x_wconf 84' lang='grc' dir='ltr'>ἀπὸ</span> <span class='ocrx_word' id='word_1_372' title='bbox 1234 3207 1423 3260; x_wconf 87' lang='grc' dir='ltr'>κοινοῦ</span> <span class='ocrx_word' id='word_1_373' title='bbox 1455 3201 1689 3260; x_wconf 71' lang='grc' dir='ltr'>δεκτέον.</span> <span class='ocrx_word' id='word_1_374' title='bbox 1727 3228 1753 3254; x_wconf 75' lang='grc' dir='ltr'>ι(</span> <span class='ocrx_word' id='word_1_375' title='bbox 1785 3201 1857 3256; x_wconf 81' lang='grc' dir='ltr'>Ού</span> <span class='ocrx_word' id='word_1_376' title='bbox 1875 3202 1980 3279; x_wconf 74' lang='grc' dir='ltr'>γὰρ</span> 
     </span>
    </p>
   </div>
   <div class='ocr_carea' id='block_1_51' title="bbox 304 3289 1995 3373">
    <p class='ocr_par' dir='ltr' id='par_1_51' title="bbox 304 3289 1995 3373">
     <span class='ocr_line' id='line_1_51' title="bbox 304 3289 1995 3373; baseline -0.003 -21"><span class='ocrx_word' id='word_1_377' title='bbox 304 3295 747 3373; x_wconf 77' lang='grc' dir='ltr'>ἐπαισχύνομαι.</span> <span class='ocrx_word' id='word_1_378' title='bbox 793 3321 820 3347; x_wconf 88' lang='grc'><strong>››</strong></span> <span class='ocrx_word' id='word_1_379' title='bbox 854 3296 1004 3352; x_wconf 72' lang='grc' dir='ltr'>Ἐπεὶ</span> <span class='ocrx_word' id='word_1_380' title='bbox 1037 3293 1094 3351; x_wconf 76' lang='grc' dir='ltr'>δὲ</span> <span class='ocrx_word' id='word_1_381' title='bbox 1138 3301 1256 3357; x_wconf 83' lang='grc' dir='ltr'>τοῖς</span> <span class='ocrx_word' id='word_1_382' title='bbox 1311 3294 1559 3356; x_wconf 83' lang='grc' dir='ltr'>ἀπίστοις</span> <span class='ocrx_word' id='word_1_383' title='bbox 1590 3291 1781 3349; x_wconf 72' lang='grc' dir='ltr'>πολλὰ</span> <span class='ocrx_word' id='word_1_384' title='bbox 1811 3289 1995 3362; x_wconf 56' lang='grc' dir='ltr'>ἄδοξα</span> 
     </span>
    </p>
   </div>
   <div class='ocr_carea' id='block_1_52' title="bbox 306 3382 1974 3463">
    <p class='ocr_par' dir='ltr' id='par_1_52' title="bbox 306 3382 1974 3463">
     <span class='ocr_line' id='line_1_52' title="bbox 306 3382 1974 3463; baseline -0.004 -20"><span class='ocrx_word' id='word_1_385' title='bbox 306 3383 456 3443; x_wconf 70' lang='grc' dir='ltr'>δοκεῖ</span> <span class='ocrx_word' id='word_1_386' title='bbox 486 3387 630 3442; x_wconf 75' lang='grc' dir='ltr'>εἶναι</span> <span class='ocrx_word' id='word_1_387' title='bbox 662 3384 716 3440; x_wconf 84' lang='grc' dir='ltr'>ἐν</span> <span class='ocrx_word' id='word_1_388' title='bbox 747 3390 829 3457; x_wconf 78' lang='grc' dir='ltr'>τῷ</span> <span class='ocrx_word' id='word_1_389' title='bbox 886 3382 1229 3463; x_wconf 84' lang='grc' dir='ltr'>Εύαγγελίῳ,</span> <span class='ocrx_word' id='word_1_390' title='bbox 1264 3385 1379 3440; x_wconf 79' lang='grc' dir='ltr'>οἷον</span> <span class='ocrx_word' id='word_1_391' title='bbox 1430 3385 1459 3439; x_wconf 84' lang='grc' dir='ltr'>ὁ</span> <span class='ocrx_word' id='word_1_392' title='bbox 1494 3383 1747 3458; x_wconf 79' lang='grc' dir='ltr'>σταυρὸς,</span> <span class='ocrx_word' id='word_1_393' title='bbox 1806 3383 1834 3437; x_wconf 86' lang='grc' dir='ltr'>ὁ</span> <span class='ocrx_word' id='word_1_394' title='bbox 1882 3382 1974 3437; x_wconf 83' lang='grc' dir='ltr'><strong>θά-</strong></span> 
     </span>
    </p>
   </div>
   <div class='ocr_carea' id='block_1_53' title="bbox 300 3470 1976 3549">
    <p class='ocr_par' dir='ltr' id='par_1_53' title="bbox 300 3470 1976 3549">
     <span class='ocr_line' id='line_1_53' title="bbox 300 3470 1976 3549; baseline -0.005 -17"><span class='ocrx_word' id='word_1_395' title='bbox 300 3497 484 3543; x_wconf 63' lang='grc' dir='ltr'>νατος,</span> <span class='ocrx_word' id='word_1_396' title='bbox 515 3479 554 3547; x_wconf 75' lang='grc' dir='ltr'><strong>ἡ</strong></span> <span class='ocrx_word' id='word_1_397' title='bbox 583 3479 698 3531; x_wconf 81' lang='grc' dir='ltr'>τῶν</span> <span class='ocrx_word' id='word_1_398' title='bbox 742 3470 1025 3531; x_wconf 75' lang='grc' dir='ltr'>Ἰουδαίων</span> <span class='ocrx_word' id='word_1_399' title='bbox 1053 3473 1332 3549; x_wconf 81' lang='grc' dir='ltr'>παροινία,</span> <span class='ocrx_word' id='word_1_400' title='bbox 1361 3473 1500 3534; x_wconf 69' lang='grc' dir='ltr'>τέως</span> <span class='ocrx_word' id='word_1_401' title='bbox 1554 3471 1754 3535; x_wconf 78' lang='grc' dir='ltr'>αὐτοὺς</span> <span class='ocrx_word' id='word_1_402' title='bbox 1809 3475 1976 3527; x_wconf 85' lang='grc' dir='ltr'>τοῦτο</span> 
     </span>
    </p>
   </div>
   <div class='ocr_carea' id='block_1_54' title="bbox 306 3558 1980 3639">
    <p class='ocr_par' dir='ltr' id='par_1_54' title="bbox 306 3558 1980 3639">
     <span class='ocr_line' id='line_1_54' title="bbox 306 3558 1980 3639; baseline -0.002 -18"><span class='ocrx_word' id='word_1_403' title='bbox 306 3563 581 3634; x_wconf 75' lang='grc' dir='ltr'>διδάσκει,</span> <span class='ocrx_word' id='word_1_404' title='bbox 617 3561 794 3639; x_wconf 73' lang='grc' dir='ltr'>μηδὲν</span> <span class='ocrx_word' id='word_1_405' title='bbox 840 3561 894 3618; x_wconf 82' lang='grc' dir='ltr'>ἐν</span> <span class='ocrx_word' id='word_1_406' title='bbox 951 3564 1104 3635; x_wconf 77' lang='grc' dir='ltr'>αὐτῷ</span> <span class='ocrx_word' id='word_1_407' title='bbox 1159 3561 1350 3634; x_wconf 76' lang='grc' dir='ltr'>ἄδοξον</span> <span class='ocrx_word' id='word_1_408' title='bbox 1410 3562 1684 3631; x_wconf 83' lang='grc' dir='ltr'>ὑπονοεῖν,</span> <span class='ocrx_word' id='word_1_409' title='bbox 1739 3562 1831 3617; x_wconf 85' lang='grc' dir='ltr'>καὶ</span> <span class='ocrx_word' id='word_1_410' title='bbox 1890 3558 1980 3617; x_wconf 72' lang='grc' dir='ltr'><strong>διὰ</strong></span> 
     </span>
    </p>
   </div>
   <div class='ocr_carea' id='block_1_55' title="bbox 306 3646 1979 3728">
    <p class='ocr_par' dir='ltr' id='par_1_55' title="bbox 306 3646 1979 3728">
     <span class='ocr_line' id='line_1_55' title="bbox 306 3646 1979 3728; baseline -0.004 -18"><span class='ocrx_word' id='word_1_411' title='bbox 306 3660 479 3710; x_wconf 82' lang='grc' dir='ltr'>τοῦτο</span> <span class='ocrx_word' id='word_1_412' title='bbox 510 3653 891 3717; x_wconf 62' lang='grc' dir='ltr'>αἲσλύνεσθαι·</span> <span class='ocrx_word' id='word_1_413' title='bbox 941 3654 1058 3708; x_wconf 81' lang='grc' dir='ltr'>εἶτα</span> <span class='ocrx_word' id='word_1_414' title='bbox 1125 3650 1320 3707; x_wconf 78' lang='grc' dir='ltr'>λοιπόν</span> <span class='ocrx_word' id='word_1_415' title='bbox 1378 3646 1690 3728; x_wconf 73' lang='grc' dir='ltr'>προϐαίνων</span> <span class='ocrx_word' id='word_1_416' title='bbox 1748 3651 1839 3705; x_wconf 78' lang='grc' dir='ltr'><strong>καὶ</strong></span> <span class='ocrx_word' id='word_1_417' title='bbox 1896 3650 1979 3723; x_wconf 80' lang='grc' dir='ltr'><strong>ἐξ-</strong></span> 
     </span>
    </p>
   </div>
   <div class='ocr_carea' id='block_1_56' title="bbox 320 3736 1979 3819">
    <p class='ocr_par' dir='ltr' id='par_1_56' title="bbox 320 3736 1979 3819">
     <span class='ocr_line' id='line_1_56' title="bbox 320 3736 1979 3819; baseline -0.001 -23"><span class='ocrx_word' id='word_1_418' title='bbox 320 3742 467 3816; x_wconf 79' lang='grc' dir='ltr'>αίρει</span> <span class='ocrx_word' id='word_1_419' title='bbox 494 3743 560 3795; x_wconf 76' lang='grc' dir='ltr'>τὸ</span> <span class='ocrx_word' id='word_1_420' title='bbox 600 3740 968 3819; x_wconf 72' lang='grc' dir='ltr'>Ε’ἷιαγγὲλιον.</span> <span class='ocrx_word' id='word_1_421' title='bbox 1028 3741 1125 3796; x_wconf 80' lang='grc' dir='ltr'>Καὶ</span> <span class='ocrx_word' id='word_1_422' title='bbox 1182 3738 1393 3802; x_wconf 73' lang='grc' dir='ltr'>ἄλλως.</span> <span class='ocrx_word' id='word_1_423' title='bbox 1456 3736 1677 3809; x_wconf 83' lang='grc' dir='ltr'>Ἐπειδὴ</span> <span class='ocrx_word' id='word_1_424' title='bbox 1737 3737 1979 3802; x_wconf 89' lang='grc' dir='ltr'>πολλοῖς</span> 
     </span>
    </p>
   </div>
   <div class='ocr_carea' id='block_1_57' title="bbox 323 3828 1773 3908">
    <p class='ocr_par' dir='ltr' id='par_1_57' title="bbox 323 3828 1773 3908">
     <span class='ocr_line' id='line_1_57' title="bbox 323 3828 1773 3908; baseline -0.002 -22"><span class='ocrx_word' id='word_1_425' title='bbox 323 3832 730 3908; x_wconf 64' lang='grc' dir='ltr'>προτερήμασιν</span> <span class='ocrx_word' id='word_1_426' title='bbox 819 3832 874 3887; x_wconf 79' lang='grc' dir='ltr'>οἱ</span> <span class='ocrx_word' id='word_1_427' title='bbox 960 3832 1233 3904; x_wconf 75' lang='grc' dir='ltr'>Ῥωμαῖοι</span> <span class='ocrx_word' id='word_1_428' title='bbox 1293 3831 1429 3905; x_wconf 66' lang='grc' dir='ltr'>μέγα</span> <span class='ocrx_word' id='word_1_429' title='bbox 1486 3828 1773 3906; x_wconf 74' lang='grc' dir='ltr'>ἐφρόνουν,</span> 
     </span>
    </p>
   </div>
   <div class='ocr_carea' id='block_1_58' title="bbox 316 3916 1979 3999">
    <p class='ocr_par' dir='ltr' id='par_1_58' title="bbox 316 3916 1979 3999">
     <span class='ocr_line' id='line_1_58' title="bbox 316 3916 1979 3999; baseline -0.003 -22"><span class='ocrx_word' id='word_1_430' title='bbox 316 3918 575 3993; x_wconf 73' lang='grc' dir='ltr'>πλούτῳ,</span> <span class='ocrx_word' id='word_1_431' title='bbox 604 3918 898 3994; x_wconf 79' lang='grc' dir='ltr'>δυναστείᾳ,</span> <span class='ocrx_word' id='word_1_432' title='bbox 934 3921 1118 3999; x_wconf 73' lang='grc' dir='ltr'>σοφίᾳ.</span> <span class='ocrx_word' id='word_1_433' title='bbox 1149 3925 1329 3993; x_wconf 83' lang='grc' dir='ltr'>Ὑμεῖς</span> <span class='ocrx_word' id='word_1_434' title='bbox 1365 3920 1486 3993; x_wconf 72' lang='grc' dir='ltr'>μὶν,</span> <span class='ocrx_word' id='word_1_435' title='bbox 1520 3920 1710 3996; x_wconf 80' lang='grc' dir='ltr'>φησὶν,</span> <span class='ocrx_word' id='word_1_436' title='bbox 1736 3916 1823 3974; x_wconf 74' lang='grc' dir='ltr'><strong>ἐπὶ</strong></span> <span class='ocrx_word' id='word_1_437' title='bbox 1853 3918 1979 3974; x_wconf 84' lang='grc' dir='ltr'>τού-</span> 
     </span>
    </p>
   </div>
   <div class='ocr_carea' id='block_1_59' title="bbox 307 4001 1981 4088">
    <p class='ocr_par' dir='ltr' id='par_1_59' title="bbox 307 4001 1981 4088">
     <span class='ocr_line' id='line_1_59' title="bbox 307 4001 1981 4088; baseline -0.003 -21"><span class='ocrx_word' id='word_1_438' title='bbox 307 4031 435 4073; x_wconf 68' lang='grc' dir='ltr'>τοις</span> <span class='ocrx_word' id='word_1_439' title='bbox 465 4010 603 4086; x_wconf 70' lang='grc' dir='ltr'>μέγα</span> <span class='ocrx_word' id='word_1_440' title='bbox 633 4016 900 4088; x_wconf 52' lang='grc' dir='ltr'>φρονεῖτε)</span> <span class='ocrx_word' id='word_1_441' title='bbox 958 4008 1073 4086; x_wconf 70' lang='grc' dir='ltr'><strong>ἑγὼ</strong></span> <span class='ocrx_word' id='word_1_442' title='bbox 1130 4006 1186 4063; x_wconf 76' lang='grc' dir='ltr'>δὲ</span> <span class='ocrx_word' id='word_1_443' title='bbox 1242 4009 1372 4064; x_wconf 86' lang='grc' dir='ltr'>Θεὸν</span> <span class='ocrx_word' id='word_1_444' title='bbox 1426 4008 1678 4082; x_wconf 80' lang='grc' dir='ltr'>κηρύξων</span> <span class='ocrx_word' id='word_1_445' title='bbox 1740 4001 1981 4086; x_wconf 76' lang='grc' dir='ltr'>ἔρχομαι</span> 
     </span>
    </p>
   </div>
   <div class='ocr_carea' id='block_1_60' title="bbox 294 4096 1982 4173">
    <p class='ocr_par' dir='ltr' id='par_1_60' title="bbox 294 4096 1982 4173">
     <span class='ocr_line' id='line_1_60' title="bbox 294 4096 1982 4173; baseline -0.002 -18"><span class='ocrx_word' id='word_1_446' title='bbox 294 4098 353 4156; x_wconf 74' lang='grc' dir='ltr'>ἐν</span> <span class='ocrx_word' id='word_1_447' title='bbox 385 4098 543 4173; x_wconf 74' lang='grc' dir='ltr'>μέσῳ</span> <span class='ocrx_word' id='word_1_448' title='bbox 574 4100 768 4173; x_wconf 75' lang='grc' dir='ltr'>ὑμῶν,</span> <span class='ocrx_word' id='word_1_449' title='bbox 798 4100 890 4154; x_wconf 78' lang='grc' dir='ltr'>καὶ</span> <span class='ocrx_word' id='word_1_450' title='bbox 943 4099 1045 4154; x_wconf 80' lang='grc' dir='ltr'>οὐκ</span> <span class='ocrx_word' id='word_1_451' title='bbox 1104 4097 1462 4173; x_wconf 74' lang='grc' dir='ltr'>αἶσγύνομαι.</span> <span class='ocrx_word' id='word_1_452' title='bbox 1498 4096 1649 4152; x_wconf 86' lang='grc' dir='ltr'>Διατί</span> <span class='ocrx_word' id='word_1_453' title='bbox 1686 4117 1699 4167; x_wconf 90' lang='grc'><strong>;</strong></span> <span class='ocrx_word' id='word_1_454' title='bbox 1742 4098 1982 4170; x_wconf 80' lang='grc' dir='ltr'>Δύναμις</span> 
     </span>
    </p>
   </div>
   <div class='ocr_carea' id='block_1_61' title="bbox 286 4184 1983 4266">
    <p class='ocr_par' dir='ltr' id='par_1_61' title="bbox 286 4184 1983 4266">
     <span class='ocr_line' id='line_1_61' title="bbox 286 4184 1983 4266; baseline -0.002 -21"><span class='ocrx_word' id='word_1_455' title='bbox 286 4191 399 4266; x_wconf 72' lang='grc' dir='ltr'>γὰρ</span> <span class='ocrx_word' id='word_1_456' title='bbox 430 4194 575 4246; x_wconf 81' lang='grc' dir='ltr'>Θεοῦ</span> <span class='ocrx_word' id='word_1_457' title='bbox 600 4187 775 4257; x_wconf 73' lang='grc' dir='ltr'>ἐστιν,</span> <span class='ocrx_word' id='word_1_458' title='bbox 812 4188 890 4252; x_wconf 82' lang='grc' dir='ltr'>εἷς</span> <span class='ocrx_word' id='word_1_459' title='bbox 923 4186 1200 4263; x_wconf 83' lang='grc' dir='ltr'>σωτηρίαν</span> <span class='ocrx_word' id='word_1_460' title='bbox 1233 4190 1344 4242; x_wconf 78' lang='grc' dir='ltr'><strong>τῶν</strong></span> <span class='ocrx_word' id='word_1_461' title='bbox 1403 4184 1745 4266; x_wconf 66' lang='grc' dir='ltr'>δεχομένων.</span> <span class='ocrx_word' id='word_1_462' title='bbox 1780 4184 1983 4248; x_wconf 85' lang='grc' dir='ltr'>Καλῶς</span> 
     </span>
    </p>
   </div>
   <div class='ocr_carea' id='block_1_62' title="bbox 296 4275 1986 4353">
    <p class='ocr_par' dir='ltr' id='par_1_62' title="bbox 296 4275 1986 4353">
     <span class='ocr_line' id='line_1_62' title="bbox 296 4275 1986 4353; baseline -0.003 -18"><span class='ocrx_word' id='word_1_463' title='bbox 296 4276 359 4335; x_wconf 68' lang='grc' dir='ltr'>εὶ</span> <span class='ocrx_word' id='word_1_464' title='bbox 386 4280 479 4351; x_wconf 80' lang='grc' dir='ltr'><strong>τὸ,</strong></span> <span class='ocrx_word' id='word_1_465' title='bbox 521 4303 551 4334; x_wconf 79' lang='grc' dir='ltr'><strong>σ</strong></span> <span class='ocrx_word' id='word_1_466' title='bbox 586 4276 685 4342; x_wconf 69' lang='grc' dir='ltr'><strong>Εἲς</strong></span> <span class='ocrx_word' id='word_1_467' title='bbox 710 4277 990 4353; x_wconf 78' lang='grc' dir='ltr'>σωτηρίαν</span> <span class='ocrx_word' id='word_1_468' title='bbox 1054 4302 1083 4329; x_wconf 83' lang='grc'><strong>››</strong></span> <span class='ocrx_word' id='word_1_469' title='bbox 1114 4277 1233 4335; x_wconf 63' lang='lat' dir='ltr'><strong>&quot;Evr</strong></span> <span class='ocrx_word' id='word_1_470' title='bbox 1264 4276 1367 4353; x_wconf 79' lang='grc' dir='ltr'>γὰρ</span> <span class='ocrx_word' id='word_1_471' title='bbox 1425 4276 1503 4338; x_wconf 79' lang='grc' dir='ltr'>εἷς</span> <span class='ocrx_word' id='word_1_472' title='bbox 1560 4276 1831 4351; x_wconf 80' lang='grc' dir='ltr'>τιμωρίαν</span> <span class='ocrx_word' id='word_1_473' title='bbox 1889 4275 1986 4332; x_wconf 87' lang='grc' dir='ltr'>δύ-</span> 
     </span>
    </p>
   </div>
   <div class='ocr_carea' id='block_1_63' title="bbox 298 4363 1988 4444">
    <p class='ocr_par' dir='ltr' id='par_1_63' title="bbox 298 4363 1988 4444">
     <span class='ocr_line' id='line_1_63' title="bbox 298 4363 1988 4444; baseline -0.002 -20"><span class='ocrx_word' id='word_1_474' title='bbox 298 4391 469 4444; x_wconf 76' lang='grc' dir='ltr'>ναμις</span> <span class='ocrx_word' id='word_1_475' title='bbox 501 4372 667 4424; x_wconf 81' lang='grc' dir='ltr'>Θεοῦ.</span> <span class='ocrx_word' id='word_1_476' title='bbox 715 4367 812 4429; x_wconf 82' lang='grc' dir='ltr'><strong>Εἷς</strong></span> <span class='ocrx_word' id='word_1_477' title='bbox 869 4367 1148 4443; x_wconf 82' lang='grc' dir='ltr'>σωτηρίαν</span> <span class='ocrx_word' id='word_1_478' title='bbox 1200 4364 1282 4434; x_wconf 70' lang='grc' dir='ltr'>δὲ,</span> <span class='ocrx_word' id='word_1_479' title='bbox 1339 4366 1405 4421; x_wconf 81' lang='grc' dir='ltr'>οὗ</span> <span class='ocrx_word' id='word_1_480' title='bbox 1462 4364 1644 4434; x_wconf 77' lang='grc' dir='ltr'>παντὶ,</span> <span class='ocrx_word' id='word_1_481' title='bbox 1706 4363 1853 4422; x_wconf 85' lang='grc' dir='ltr'><strong>ἀλλᾶ</strong></span> <span class='ocrx_word' id='word_1_482' title='bbox 1908 4370 1988 4438; x_wconf 78' lang='grc' dir='ltr'>τῷ</span> 
     </span>
    </p>
   </div>
   <div class='ocr_carea' id='block_1_64' title="bbox 302 4452 1989 4534">
    <p class='ocr_par' dir='ltr' id='par_1_64' title="bbox 302 4452 1989 4534">
     <span class='ocr_line' id='line_1_64' title="bbox 302 4452 1989 4534; baseline -0.002 -21"><span class='ocrx_word' id='word_1_483' title='bbox 302 4457 661 4517; x_wconf 80' lang='grc' dir='ltr'>πιστεύοντι.</span> <span class='ocrx_word' id='word_1_484' title='bbox 694 4458 827 4518; x_wconf 88' lang='grc' dir='ltr'>Τοῖς</span> <span class='ocrx_word' id='word_1_485' title='bbox 876 4457 981 4534; x_wconf 76' lang='grc' dir='ltr'>γὰρ</span> <span class='ocrx_word' id='word_1_486' title='bbox 1037 4457 1322 4521; x_wconf 74' lang='grc' dir='ltr'>ἀπειθοῦσι</span> <span class='ocrx_word' id='word_1_487' title='bbox 1378 4452 1604 4510; x_wconf 81' lang='grc' dir='ltr'>κόλασιν</span> <span class='ocrx_word' id='word_1_488' title='bbox 1659 4454 1878 4511; x_wconf 78' lang='grc' dir='ltr'>ἀπειλεῖ</span> <span class='ocrx_word' id='word_1_489' title='bbox 1925 4455 1989 4511; x_wconf 90' lang='grc' dir='ltr'>τὸ</span> 
     </span>
    </p>
   </div>
   <div class='ocr_carea' id='block_1_65' title="bbox 292 4543 1989 4624">
    <p class='ocr_par' dir='ltr' id='par_1_65' title="bbox 292 4543 1989 4624">
     <span class='ocr_line' id='line_1_65' title="bbox 292 4543 1989 4624; baseline -0.003 -19"><span class='ocrx_word' id='word_1_490' title='bbox 292 4544 690 4624; x_wconf 72' lang='grc' dir='ltr'>Βύειγγέλιον.</span> <span class='ocrx_word' id='word_1_491' title='bbox 736 4572 758 4596; x_wconf 73' lang='grc' dir='ltr'>ι</span> <span class='ocrx_word' id='word_1_492' title='bbox 795 4543 1072 4603; x_wconf 78' lang='grc' dir='ltr'>Ἰουδαίων</span> <span class='ocrx_word' id='word_1_493' title='bbox 1103 4565 1161 4601; x_wconf 86' lang='grc' dir='ltr'><strong>τε</strong></span> <span class='ocrx_word' id='word_1_494' title='bbox 1189 4549 1426 4620; x_wconf 83' lang='grc' dir='ltr'>πρῶτον.</span> <span class='ocrx_word' id='word_1_495' title='bbox 1468 4568 1496 4597; x_wconf 85' lang='lat'>»</span> <span class='ocrx_word' id='word_1_496' title='bbox 1547 4546 1824 4620; x_wconf 75' lang='grc' dir='ltr'>Ῥήματος</span> <span class='ocrx_word' id='word_1_497' title='bbox 1885 4545 1989 4618; x_wconf 69' lang='lat' dir='ltr'><strong>p.6—</strong></span> 
     </span>
    </p>
   </div>
   <div class='ocr_carea' id='block_1_66' title="bbox 1858 3831 1978 3884">
    <p class='ocr_par' dir='ltr' id='par_1_66' title="bbox 1858 3831 1978 3884">
     <span class='ocr_line' id='line_1_66' title="bbox 1858 3831 1978 3884; baseline 0 -1"><span class='ocrx_word' id='word_1_498' title='bbox 1858 3831 1978 3884; x_wconf 85' lang='grc' dir='ltr'>οἷον</span> 
     </span>
    </p>
   </div>
   <div class='ocr_carea' id='block_1_67' title="bbox 2097 1954 3753 2029">
    <p class='ocr_par' dir='ltr' id='par_1_67' title="bbox 2097 1954 3753 2029">
     <span class='ocr_line' id='line_1_67' title="bbox 2097 1954 3753 2029; baseline -0.002 -15"><span class='ocrx_word' id='word_1_499' title='bbox 2097 1958 2357 2029; x_wconf 87' lang='lat' dir='ltr'><strong>amplius</strong></span> <span class='ocrx_word' id='word_1_500' title='bbox 2389 1957 2641 2014; x_wconf 88' lang='lat' dir='ltr'><strong>habeam</strong></span> <span class='ocrx_word' id='word_1_501' title='bbox 2694 1956 2888 2012; x_wconf 88' lang='lat' dir='ltr'><strong>locum</strong></span> <span class='ocrx_word' id='word_1_502' title='bbox 2938 1955 3001 2012; x_wconf 89' lang='lat' dir='ltr'><strong>in</strong></span> <span class='ocrx_word' id='word_1_503' title='bbox 3053 1955 3148 2011; x_wconf 91' lang='lat' dir='ltr'><strong>his</strong></span> <span class='ocrx_word' id='word_1_504' title='bbox 3203 1955 3566 2029; x_wconf 82' lang='lat' dir='ltr'><strong>regionibus,</strong></span> <span class='ocrx_word' id='word_1_505' title='bbox 3599 1954 3753 2012; x_wconf 76' lang='lat'><strong>208</strong></span> 
     </span>
    </p>
   </div>
   <div class='ocr_carea' id='block_1_68' title="bbox 2097 2044 3755 2118">
    <p class='ocr_par' dir='ltr' id='par_1_68' title="bbox 2097 2044 3755 2118">
     <span class='ocr_line' id='line_1_68' title="bbox 2097 2044 3755 2118; baseline -0.002 -14"><span class='ocrx_word' id='word_1_506' title='bbox 2097 2048 2332 2104; x_wconf 86' lang='lat' dir='ltr'><strong>veniam</strong></span> <span class='ocrx_word' id='word_1_507' title='bbox 2359 2046 2433 2103; x_wconf 91' lang='lat' dir='ltr'><strong>ad</strong></span> <span class='ocrx_word' id='word_1_508' title='bbox 2465 2064 2584 2102; x_wconf 91' lang='lat' dir='ltr'><strong>vos.</strong></span> <span class='ocrx_word' id='word_1_509' title='bbox 2620 2047 2764 2118; x_wconf 89' lang='lat' dir='ltr'><strong>Spes</strong></span> <span class='ocrx_word' id='word_1_510' title='bbox 2794 2046 2996 2116; x_wconf 89' lang='lat' dir='ltr'><strong>itaque</strong></span> <span class='ocrx_word' id='word_1_511' title='bbox 3027 2045 3288 2101; x_wconf 90' lang='lat' dir='ltr'><strong>fructum</strong></span> <span class='ocrx_word' id='word_1_512' title='bbox 3320 2044 3395 2101; x_wconf 89' lang='lat' dir='ltr'><strong>ad</strong></span> <span class='ocrx_word' id='word_1_513' title='bbox 3423 2045 3535 2100; x_wconf 91' lang='lat' dir='ltr'><strong>hoc</strong></span> <span class='ocrx_word' id='word_1_514' title='bbox 3566 2062 3755 2116; x_wconf 91' lang='lat' dir='ltr'><strong>usque</strong></span> 
     </span>
    </p>
   </div>
   <div class='ocr_carea' id='block_1_69' title="bbox 2097 2133 3757 2210">
    <p class='ocr_par' dir='ltr' id='par_1_69' title="bbox 2097 2133 3757 2210">
     <span class='ocr_line' id='line_1_69' title="bbox 2097 2133 3757 2210; baseline -0.001 -18"><span class='ocrx_word' id='word_1_515' title='bbox 2097 2143 2335 2210; x_wconf 89' lang='lat' dir='ltr'><strong>tempus</strong></span> <span class='ocrx_word' id='word_1_516' title='bbox 2366 2135 2687 2209; x_wconf 83' lang='lat' dir='ltr'><strong>colligendi</strong></span> <span class='ocrx_word' id='word_1_517' title='bbox 2719 2135 2781 2189; x_wconf 92' lang='lat' dir='ltr'><strong>in</strong></span> <span class='ocrx_word' id='word_1_518' title='bbox 2838 2135 2973 2190; x_wconf 91' lang='lat' dir='ltr'><strong>aliis</strong></span> <span class='ocrx_word' id='word_1_519' title='bbox 3030 2134 3396 2207; x_wconf 85' lang='lat' dir='ltr'><strong>regionibus,</strong></span> <span class='ocrx_word' id='word_1_520' title='bbox 3447 2133 3757 2206; x_wconf 86' lang='lat' dir='ltr'><strong>prohibuit</strong></span> 
     </span>
    </p>
   </div>
   <div class='ocr_carea' id='block_1_70' title="bbox 2096 2225 3755 2295">
    <p class='ocr_par' dir='ltr' id='par_1_70' title="bbox 2096 2225 3755 2295">
     <span class='ocr_line' id='line_1_70' title="bbox 2096 2225 3755 2295; baseline -0.002 -12"><span class='ocrx_word' id='word_1_521' title='bbox 2096 2244 2229 2283; x_wconf 91' lang='lat' dir='ltr'><strong>eum</strong></span> <span class='ocrx_word' id='word_1_522' title='bbox 2262 2230 2511 2283; x_wconf 82' lang='lat' dir='ltr'><strong>Romam</strong></span> <span class='ocrx_word' id='word_1_523' title='bbox 2537 2241 2799 2295; x_wconf 84' lang='lat' dir='ltr'><strong>currere,</strong></span> <span class='ocrx_word' id='word_1_524' title='bbox 2828 2241 2961 2280; x_wconf 89' lang='lat' dir='ltr'><strong>cum</strong></span> <span class='ocrx_word' id='word_1_525' title='bbox 2995 2225 3125 2280; x_wconf 85' lang='lat' dir='ltr'><strong>ﬁeri</strong></span> <span class='ocrx_word' id='word_1_526' title='bbox 3165 2240 3286 2279; x_wconf 91' lang='lat' dir='ltr'><strong>non</strong></span> <span class='ocrx_word' id='word_1_527' title='bbox 3316 2228 3517 2295; x_wconf 89' lang='lat' dir='ltr'><strong>posset</strong></span> <span class='ocrx_word' id='word_1_528' title='bbox 3545 2229 3611 2278; x_wconf 91' lang='lat' dir='ltr'><strong>ut</strong></span> <span class='ocrx_word' id='word_1_529' title='bbox 3639 2240 3755 2280; x_wconf 69' lang='lat' dir='ltr'><strong>caa-</strong></span> 
     </span>
    </p>
   </div>
   <div class='ocr_carea' id='block_1_71' title="bbox 2093 2312 3753 2388">
    <p class='ocr_par' dir='ltr' id='par_1_71' title="bbox 2093 2312 3753 2388">
     <span class='ocr_line' id='line_1_71' title="bbox 2093 2312 3753 2388; baseline -0.002 -17"><span class='ocrx_word' id='word_1_530' title='bbox 2093 2322 2261 2388; x_wconf 89' lang='lat' dir='ltr'><strong>ptum</strong></span> <span class='ocrx_word' id='word_1_531' title='bbox 2291 2315 2448 2388; x_wconf 91' lang='lat' dir='ltr'><strong>apud</strong></span> <span class='ocrx_word' id='word_1_532' title='bbox 2477 2315 2615 2370; x_wconf 90' lang='lat' dir='ltr'><strong>illos</strong></span> <span class='ocrx_word' id='word_1_533' title='bbox 2645 2330 2795 2385; x_wconf 91' lang='lat' dir='ltr'><strong>opus</strong></span> <span class='ocrx_word' id='word_1_534' title='bbox 2825 2313 3146 2369; x_wconf 88' lang='lat' dir='ltr'><strong>desereret.</strong></span> <span class='ocrx_word' id='word_1_535' title='bbox 3180 2312 3404 2368; x_wconf 87' lang='lat' dir='ltr'><strong>Deinde</strong></span> <span class='ocrx_word' id='word_1_536' title='bbox 3452 2312 3611 2384; x_wconf 95' lang='lat' dir='ltr'><strong>quod</strong></span> <span class='ocrx_word' id='word_1_537' title='bbox 3655 2312 3753 2369; x_wconf 90' lang='lat' dir='ltr'><strong>ad-</strong></span> 
     </span>
    </p>
   </div>
   <div class='ocr_carea' id='block_1_72' title="bbox 2095 2403 3750 2476">
    <p class='ocr_par' dir='ltr' id='par_1_72' title="bbox 2095 2403 3750 2476">
     <span class='ocr_line' id='line_1_72' title="bbox 2095 2403 3750 2476; baseline -0.002 -14"><span class='ocrx_word' id='word_1_538' title='bbox 2095 2407 2218 2462; x_wconf 90' lang='lat' dir='ltr'><strong>dit:</strong></span> <span class='ocrx_word' id='word_1_539' title='bbox 2253 2431 2280 2458; x_wconf 87' lang='grc'><em>‹‹</em></span> <span class='ocrx_word' id='word_1_540' title='bbox 2313 2407 2504 2463; x_wconf 88' lang='lat' dir='ltr'><strong>Etiam</strong></span> <span class='ocrx_word' id='word_1_541' title='bbox 2537 2405 2597 2460; x_wconf 88' lang='lat' dir='ltr'><strong>in</strong></span> <span class='ocrx_word' id='word_1_542' title='bbox 2629 2404 2795 2460; x_wconf 81' lang='lat' dir='ltr'><strong>vobis</strong></span> <span class='ocrx_word' id='word_1_543' title='bbox 2827 2427 2854 2453; x_wconf 83' lang='lat'><strong><em>»</em></strong></span> <span class='ocrx_word' id='word_1_544' title='bbox 2886 2409 3023 2472; x_wconf 87' lang='lat' dir='ltr'><strong>etc.,</strong></span> <span class='ocrx_word' id='word_1_545' title='bbox 3057 2409 3340 2476; x_wconf 90' lang='lat' dir='ltr'><strong>tanquam</strong></span> <span class='ocrx_word' id='word_1_546' title='bbox 3399 2403 3750 2475; x_wconf 86' lang='lat' dir='ltr'><strong>objectionis</strong></span> 
     </span>
    </p>
   </div>
   <div class='ocr_carea' id='block_1_73' title="bbox 2094 2492 3746 2564">
    <p class='ocr_par' dir='ltr' id='par_1_73' title="bbox 2094 2492 3746 2564">
     <span class='ocr_line' id='line_1_73' title="bbox 2094 2492 3746 2564; baseline -0.002 -12"><span class='ocrx_word' id='word_1_547' title='bbox 2094 2497 2313 2553; x_wconf 89' lang='lat' dir='ltr'><strong>solutio</strong></span> <span class='ocrx_word' id='word_1_548' title='bbox 2346 2499 2455 2551; x_wconf 90' lang='lat' dir='ltr'><strong>est.</strong></span> <span class='ocrx_word' id='word_1_549' title='bbox 2487 2494 2659 2562; x_wconf 87' lang='lat' dir='ltr'><strong>Quid,</strong></span> <span class='ocrx_word' id='word_1_550' title='bbox 2693 2492 2988 2564; x_wconf 90' lang='lat' dir='ltr'><strong>inquient,</strong></span> <span class='ocrx_word' id='word_1_551' title='bbox 3022 2492 3084 2548; x_wconf 90' lang='lat' dir='ltr'><strong>in</strong></span> <span class='ocrx_word' id='word_1_552' title='bbox 3115 2492 3289 2549; x_wconf 89' lang='lat' dir='ltr'><strong>nobis</strong></span> <span class='ocrx_word' id='word_1_553' title='bbox 3333 2492 3594 2548; x_wconf 89' lang='lat' dir='ltr'><strong>fructum</strong></span> <span class='ocrx_word' id='word_1_554' title='bbox 3624 2509 3746 2548; x_wconf 89' lang='lat' dir='ltr'><strong>non</strong></span> 
     </span>
    </p>
   </div>
   <div class='ocr_carea' id='block_1_74' title="bbox 2094 2582 3747 2655">
    <p class='ocr_par' dir='ltr' id='par_1_74' title="bbox 2094 2582 3747 2655">
     <span class='ocr_line' id='line_1_74' title="bbox 2094 2582 3747 2655; baseline -0.002 -14"><span class='ocrx_word' id='word_1_555' title='bbox 2094 2603 2156 2642; x_wconf 90' lang='lat' dir='ltr'><strong>es</strong></span> <span class='ocrx_word' id='word_1_556' title='bbox 2186 2585 2499 2641; x_wconf 89' lang='lat' dir='ltr'><strong>habiturus</strong></span> <span class='ocrx_word' id='word_1_557' title='bbox 2518 2583 2546 2639; x_wconf 84' lang='lat'><strong>?</strong></span> <span class='ocrx_word' id='word_1_558' title='bbox 2579 2582 2929 2655; x_wconf 89' lang='lat' dir='ltr'><strong>Utique,ait,</strong></span> <span class='ocrx_word' id='word_1_559' title='bbox 2959 2582 3132 2639; x_wconf 89' lang='lat' dir='ltr'><strong>etiam</strong></span> <span class='ocrx_word' id='word_1_560' title='bbox 3158 2583 3221 2638; x_wconf 91' lang='lat' dir='ltr'><strong>in</strong></span> <span class='ocrx_word' id='word_1_561' title='bbox 3242 2582 3407 2639; x_wconf 87' lang='lat' dir='ltr'><strong>vobis</strong></span> <span class='ocrx_word' id='word_1_562' title='bbox 3424 2583 3536 2638; x_wconf 94' lang='lat' dir='ltr'><strong>hoc</strong></span> <span class='ocrx_word' id='word_1_563' title='bbox 3566 2583 3747 2649; x_wconf 90' lang='lat' dir='ltr'><strong>nitor,</strong></span> 
     </span>
    </p>
   </div>
   <div class='ocr_carea' id='block_1_75' title="bbox 2093 2671 3744 2746">
    <p class='ocr_par' dir='ltr' id='par_1_75' title="bbox 2093 2671 3744 2746">
     <span class='ocr_line' id='line_1_75' title="bbox 2093 2671 3744 2746; baseline -0.003 -15"><span class='ocrx_word' id='word_1_564' title='bbox 2093 2677 2203 2731; x_wconf 85' lang='lat' dir='ltr'><strong>hoc</strong></span> <span class='ocrx_word' id='word_1_565' title='bbox 2237 2675 2500 2746; x_wconf 89' lang='lat' dir='ltr'><strong>requiro,</strong></span> <span class='ocrx_word' id='word_1_566' title='bbox 2532 2673 2767 2729; x_wconf 86' lang='lat' dir='ltr'><strong>debitor</strong></span> <span class='ocrx_word' id='word_1_567' title='bbox 2826 2688 2980 2741; x_wconf 90' lang='lat' dir='ltr'><strong>sum,</strong></span> <span class='ocrx_word' id='word_1_568' title='bbox 3041 2672 3141 2743; x_wconf 90' lang='lat' dir='ltr'><strong>qui</strong></span> <span class='ocrx_word' id='word_1_569' title='bbox 3197 2672 3478 2727; x_wconf 90' lang='lat' dir='ltr'><strong>omnibus</strong></span> <span class='ocrx_word' id='word_1_570' title='bbox 3536 2671 3744 2727; x_wconf 91' lang='lat' dir='ltr'><strong>debeo.</strong></span> 
     </span>
    </p>
   </div>
   <div class='ocr_carea' id='block_1_76' title="bbox 2094 2761 3751 2835">
    <p class='ocr_par' dir='ltr' id='par_1_76' title="bbox 2094 2761 3751 2835">
     <span class='ocr_line' id='line_1_76' title="bbox 2094 2761 3751 2835; baseline -0.001 -18"><span class='ocrx_word' id='word_1_571' title='bbox 2094 2788 2123 2817; x_wconf 85' lang='lat'><strong><em>«</em></strong></span> <span class='ocrx_word' id='word_1_572' title='bbox 2156 2765 2319 2820; x_wconf 89' lang='lat' dir='ltr'><strong>Sicut</strong></span> <span class='ocrx_word' id='word_1_573' title='bbox 2349 2765 2528 2819; x_wconf 89' lang='lat' dir='ltr'><strong>etiam</strong></span> <span class='ocrx_word' id='word_1_574' title='bbox 2558 2763 2621 2818; x_wconf 91' lang='lat' dir='ltr'><strong>in</strong></span> <span class='ocrx_word' id='word_1_575' title='bbox 2638 2762 2868 2819; x_wconf 65' lang='lat' dir='ltr'><strong>caeteris</strong></span> <span class='ocrx_word' id='word_1_576' title='bbox 2885 2762 3180 2835; x_wconf 85' lang='lat' dir='ltr'><strong>gentibus.</strong></span> <span class='ocrx_word' id='word_1_577' title='bbox 3195 2782 3220 2812; x_wconf 79' lang='grc' dir='ltr'>ι</span> <span class='ocrx_word' id='word_1_578' title='bbox 3243 2761 3482 2817; x_wconf 65' lang='grc' dir='ltr'>Οωιθτίε</span> <span class='ocrx_word' id='word_1_579' title='bbox 3499 2778 3599 2817; x_wconf 91' lang='lat' dir='ltr'><strong>eos</strong></span> <span class='ocrx_word' id='word_1_580' title='bbox 3616 2777 3751 2817; x_wconf 90' lang='lat' dir='ltr'><strong>con.</strong></span> 
     </span>
    </p>
   </div>
   <div class='ocr_carea' id='block_1_77' title="bbox 2082 2850 3749 2927">
    <p class='ocr_par' dir='ltr' id='par_1_77' title="bbox 2082 2850 3749 2927">
     <span class='ocr_line' id='line_1_77' title="bbox 2082 2850 3749 2927; baseline -0.003 -17"><span class='ocrx_word' id='word_1_581' title='bbox 2082 2854 2345 2927; x_wconf 86' lang='lat' dir='ltr'><strong>jungens</strong></span> <span class='ocrx_word' id='word_1_582' title='bbox 2357 2851 2635 2925; x_wconf 87' lang='lat' dir='ltr'><strong>gentibus</strong></span> <span class='ocrx_word' id='word_1_583' title='bbox 2646 2852 2866 2907; x_wconf 85' lang='lat' dir='ltr'><strong>fastum</strong></span> <span class='ocrx_word' id='word_1_584' title='bbox 2880 2850 3428 2923; x_wconf 89' lang='lat' dir='ltr'><strong>reprimitillorum:</strong></span> <span class='ocrx_word' id='word_1_585' title='bbox 3445 2851 3749 2924; x_wconf 83' lang='lat' dir='ltr'><strong>magisque</strong></span> 
     </span>
    </p>
   </div>
   <div class='ocr_carea' id='block_1_78' title="bbox 2090 2939 3744 3013">
    <p class='ocr_par' dir='ltr' id='par_1_78' title="bbox 2090 2939 3744 3013">
     <span class='ocr_line' id='line_1_78' title="bbox 2090 2939 3744 3013; baseline -0.004 -16"><span class='ocrx_word' id='word_1_586' title='bbox 2090 2944 2152 2999; x_wconf 91' lang='lat' dir='ltr'><strong>in</strong></span> <span class='ocrx_word' id='word_1_587' title='bbox 2172 2959 2240 2998; x_wconf 90' lang='lat' dir='ltr'><strong>eo</strong></span> <span class='ocrx_word' id='word_1_588' title='bbox 2273 2942 2432 3013; x_wconf 90' lang='lat' dir='ltr'><strong>quod</strong></span> <span class='ocrx_word' id='word_1_589' title='bbox 2470 2941 2742 3012; x_wconf 87' lang='lat' dir='ltr'><strong>sequitur</strong></span> <span class='ocrx_word' id='word_1_590' title='bbox 2775 2958 2788 2995; x_wconf 86' lang='lat'>:</span> <span class='ocrx_word' id='word_1_591' title='bbox 2823 2963 2850 2991; x_wconf 84' lang='lat'><strong><em>«</em></strong></span> <span class='ocrx_word' id='word_1_592' title='bbox 2907 2942 2978 2995; x_wconf 90' lang='lat' dir='ltr'><strong>Et</strong></span> <span class='ocrx_word' id='word_1_593' title='bbox 3007 2940 3224 2996; x_wconf 68' lang='lat' dir='ltr'><strong>Graacis</strong></span> <span class='ocrx_word' id='word_1_594' title='bbox 3283 2945 3343 2994; x_wconf 90' lang='lat' dir='ltr'><strong>et</strong></span> <span class='ocrx_word' id='word_1_595' title='bbox 3386 2939 3679 2994; x_wconf 87' lang='lat' dir='ltr'><strong>Barbaris.</strong></span> <span class='ocrx_word' id='word_1_596' title='bbox 3714 2962 3744 2990; x_wconf 82' lang='lat'>»</span> 
     </span>
    </p>
   </div>
   <div class='ocr_carea' id='block_1_79' title="bbox 2096 3027 3745 3094">
    <p class='ocr_par' dir='ltr' id='par_1_79' title="bbox 2096 3027 3745 3094">
     <span class='ocr_line' id='line_1_79' title="bbox 2096 3027 3745 3094; baseline -0.002 -7"><span class='ocrx_word' id='word_1_597' title='bbox 2096 3032 2213 3087; x_wconf 87' lang='lat' dir='ltr'><strong>Hoc</strong></span> <span class='ocrx_word' id='word_1_598' title='bbox 2243 3036 2353 3090; x_wconf 90' lang='lat' dir='ltr'><strong>est.</strong></span> <span class='ocrx_word' id='word_1_599' title='bbox 2388 3030 2544 3086; x_wconf 88' lang='lat' dir='ltr'><strong>sicut</strong></span> <span class='ocrx_word' id='word_1_600' title='bbox 2573 3029 2791 3084; x_wconf 71' lang='lat' dir='ltr'><strong>Griecis</strong></span> <span class='ocrx_word' id='word_1_601' title='bbox 2814 3046 2881 3084; x_wconf 92' lang='lat' dir='ltr'><strong>ac</strong></span> <span class='ocrx_word' id='word_1_602' title='bbox 2912 3027 3208 3094; x_wconf 89' lang='lat' dir='ltr'><strong>Barbaris,</strong></span> <span class='ocrx_word' id='word_1_603' title='bbox 3242 3028 3325 3084; x_wconf 88' lang='lat' dir='ltr'><strong>ita</strong></span> <span class='ocrx_word' id='word_1_604' title='bbox 3355 3033 3413 3083; x_wconf 92' lang='lat' dir='ltr'><strong>et</strong></span> <span class='ocrx_word' id='word_1_605' title='bbox 3448 3027 3612 3082; x_wconf 86' lang='lat' dir='ltr'><strong>vobis</strong></span> <span class='ocrx_word' id='word_1_606' title='bbox 3642 3027 3745 3083; x_wconf 91' lang='lat' dir='ltr'><strong>de-</strong></span> 
     </span>
    </p>
   </div>
   <div class='ocr_carea' id='block_1_80' title="bbox 2093 3115 3748 3187">
    <p class='ocr_par' dir='ltr' id='par_1_80' title="bbox 2093 3115 3748 3187">
     <span class='ocr_line' id='line_1_80' title="bbox 2093 3115 3748 3187; baseline -0.001 -14"><span class='ocrx_word' id='word_1_607' title='bbox 2093 3119 2252 3174; x_wconf 89' lang='lat' dir='ltr'><strong>bitor</strong></span> <span class='ocrx_word' id='word_1_608' title='bbox 2284 3135 2434 3174; x_wconf 90' lang='lat' dir='ltr'><strong>sum.</strong></span> <span class='ocrx_word' id='word_1_609' title='bbox 2476 3139 2502 3167; x_wconf 85' lang='grc'><strong>‹‹</strong></span> <span class='ocrx_word' id='word_1_610' title='bbox 2536 3116 2779 3173; x_wconf 83' lang='lat' dir='ltr'><strong>Debitor</strong></span> <span class='ocrx_word' id='word_1_611' title='bbox 2808 3133 2959 3172; x_wconf 91' lang='lat' dir='ltr'><strong>sum.</strong></span> <span class='ocrx_word' id='word_1_612' title='bbox 2997 3139 3022 3164; x_wconf 79' lang='grc' dir='ltr'><strong>υ</strong></span> <span class='ocrx_word' id='word_1_613' title='bbox 3055 3116 3212 3171; x_wconf 88' lang='lat' dir='ltr'><strong>Nihil</strong></span> <span class='ocrx_word' id='word_1_614' title='bbox 3235 3116 3540 3187; x_wconf 90' lang='lat' dir='ltr'><strong>proprium</strong></span> <span class='ocrx_word' id='word_1_615' title='bbox 3559 3115 3748 3182; x_wconf 90' lang='lat' dir='ltr'><strong>trado,</strong></span> 
     </span>
    </p>
   </div>
   <div class='ocr_carea' id='block_1_81' title="bbox 2094 3205 3753 3281">
    <p class='ocr_par' dir='ltr' id='par_1_81' title="bbox 2094 3205 3753 3281">
     <span class='ocr_line' id='line_1_81' title="bbox 2094 3205 3753 3281; baseline -0.002 -17"><span class='ocrx_word' id='word_1_616' title='bbox 2094 3209 2330 3265; x_wconf 90' lang='lat' dir='ltr'><strong>debitor</strong></span> <span class='ocrx_word' id='word_1_617' title='bbox 2355 3213 2582 3274; x_wconf 91' lang='lat' dir='ltr'><strong>sum,ut</strong></span> <span class='ocrx_word' id='word_1_618' title='bbox 2596 3207 2976 3281; x_wconf 85' lang='lat' dir='ltr'><strong>Evangelium</strong></span> <span class='ocrx_word' id='word_1_619' title='bbox 2996 3206 3273 3261; x_wconf 84' lang='lat' dir='ltr'><strong>omnibus</strong></span> <span class='ocrx_word' id='word_1_620' title='bbox 3288 3205 3664 3273; x_wconf 88' lang='lat' dir='ltr'><strong>annuntiem,</strong></span> <span class='ocrx_word' id='word_1_621' title='bbox 3692 3212 3753 3261; x_wconf 91' lang='lat' dir='ltr'><strong>et</strong></span> 
     </span>
    </p>
   </div>
   <div class='ocr_carea' id='block_1_82' title="bbox 2094 3294 3749 3368">
    <p class='ocr_par' dir='ltr' id='par_1_82' title="bbox 2094 3294 3749 3368">
     <span class='ocr_line' id='line_1_82' title="bbox 2094 3294 3749 3368; baseline -0.002 -15"><span class='ocrx_word' id='word_1_622' title='bbox 2094 3297 2424 3368; x_wconf 92' lang='lat' dir='ltr'><strong>compleam</strong></span> <span class='ocrx_word' id='word_1_623' title='bbox 2468 3295 2673 3351; x_wconf 86' lang='lat' dir='ltr'><strong>datum</strong></span> <span class='ocrx_word' id='word_1_624' title='bbox 2707 3295 3302 3367; x_wconf 76' lang='lat' dir='ltr'><strong>mihipraeceptum.«</strong></span> <span class='ocrx_word' id='word_1_625' title='bbox 3334 3294 3428 3349; x_wconf 90' lang='lat' dir='ltr'><strong>Sic</strong></span> <span class='ocrx_word' id='word_1_626' title='bbox 3459 3301 3749 3365; x_wconf 90' lang='lat' dir='ltr'><strong>quantum</strong></span> 
     </span>
    </p>
   </div>
   <div class='ocr_carea' id='block_1_83' title="bbox 2084 3383 3747 3455">
    <p class='ocr_par' dir='ltr' id='par_1_83' title="bbox 2084 3383 3747 3455">
     <span class='ocr_line' id='line_1_83' title="bbox 2084 3383 3747 3455; baseline -0.003 -12"><span class='ocrx_word' id='word_1_627' title='bbox 2084 3389 2145 3444; x_wconf 89' lang='lat' dir='ltr'><strong>in</strong></span> <span class='ocrx_word' id='word_1_628' title='bbox 2173 3402 2270 3442; x_wconf 90' lang='lat' dir='ltr'><strong>me</strong></span> <span class='ocrx_word' id='word_1_629' title='bbox 2301 3392 2411 3442; x_wconf 91' lang='lat' dir='ltr'><strong>est.</strong></span> <span class='ocrx_word' id='word_1_630' title='bbox 2445 3407 2474 3436; x_wconf 85' lang='lat'>»</span> <span class='ocrx_word' id='word_1_631' title='bbox 2526 3384 3064 3451; x_wconf 87' lang='lat' dir='ltr'><strong>Quemadmodum,</strong></span> <span class='ocrx_word' id='word_1_632' title='bbox 3126 3384 3344 3455; x_wconf 87' lang='lat' dir='ltr'><strong>inquit,</strong></span> <span class='ocrx_word' id='word_1_633' title='bbox 3404 3383 3620 3439; x_wconf 64' lang='lat' dir='ltr'><strong>Graecis</strong></span> <span class='ocrx_word' id='word_1_634' title='bbox 3679 3398 3747 3439; x_wconf 90' lang='lat' dir='ltr'><strong>ac</strong></span> 
     </span>
    </p>
   </div>
   <div class='ocr_carea' id='block_1_84' title="bbox 2082 3472 3747 3549">
    <p class='ocr_par' dir='ltr' id='par_1_84' title="bbox 2082 3472 3747 3549">
     <span class='ocr_line' id='line_1_84' title="bbox 2082 3472 3747 3549; baseline -0.004 -15"><span class='ocrx_word' id='word_1_635' title='bbox 2082 3477 2378 3546; x_wconf 86' lang='lat' dir='ltr'><strong>Barbaris,</strong></span> <span class='ocrx_word' id='word_1_636' title='bbox 2450 3475 2821 3549; x_wconf 89' lang='lat' dir='ltr'><strong>sapientibus</strong></span> <span class='ocrx_word' id='word_1_637' title='bbox 2879 3491 2949 3530; x_wconf 88' lang='lat' dir='ltr'><strong>ac</strong></span> <span class='ocrx_word' id='word_1_638' title='bbox 3007 3473 3449 3547; x_wconf 84' lang='lat' dir='ltr'><strong>insipientibus,</strong></span> <span class='ocrx_word' id='word_1_639' title='bbox 3512 3472 3747 3530; x_wconf 89' lang='lat' dir='ltr'><strong>debitor</strong></span> 
     </span>
    </p>
   </div>
   <div class='ocr_carea' id='block_1_85' title="bbox 2082 3564 3741 3639">
    <p class='ocr_par' dir='ltr' id='par_1_85' title="bbox 2082 3564 3741 3639">
     <span class='ocr_line' id='line_1_85' title="bbox 2082 3564 3741 3639; baseline -0.004 -13"><span class='ocrx_word' id='word_1_640' title='bbox 2082 3585 2235 3638; x_wconf 89' lang='lat' dir='ltr'><strong>sum,</strong></span> <span class='ocrx_word' id='word_1_641' title='bbox 2269 3569 2352 3623; x_wconf 88' lang='lat' dir='ltr'><strong>ita</strong></span> <span class='ocrx_word' id='word_1_642' title='bbox 2379 3572 2669 3639; x_wconf 90' lang='lat' dir='ltr'><strong>quantum</strong></span> <span class='ocrx_word' id='word_1_643' title='bbox 2700 3565 2774 3622; x_wconf 91' lang='lat' dir='ltr'><strong>ad</strong></span> <span class='ocrx_word' id='word_1_644' title='bbox 2806 3581 3010 3625; x_wconf 87' lang='lat' dir='ltr'><strong>meum</strong></span> <span class='ocrx_word' id='word_1_645' title='bbox 3042 3564 3307 3621; x_wconf 89' lang='lat' dir='ltr'><strong>studium</strong></span> <span class='ocrx_word' id='word_1_646' title='bbox 3338 3581 3406 3621; x_wconf 89' lang='lat' dir='ltr'><strong>ac</strong></span> <span class='ocrx_word' id='word_1_647' title='bbox 3452 3564 3741 3637; x_wconf 89' lang='lat' dir='ltr'><strong>prompti-</strong></span> 
     </span>
    </p>
   </div>
   <div class='ocr_carea' id='block_1_86' title="bbox 2084 3654 3744 3729">
    <p class='ocr_par' dir='ltr' id='par_1_86' title="bbox 2084 3654 3744 3729">
     <span class='ocr_line' id='line_1_86' title="bbox 2084 3654 3744 3729; baseline -0.001 -15"><span class='ocrx_word' id='word_1_648' title='bbox 2084 3658 2353 3714; x_wconf 91' lang='lat' dir='ltr'><strong>tudinem</strong></span> <span class='ocrx_word' id='word_1_649' title='bbox 2383 3657 2818 3729; x_wconf 86' lang='lat' dir='ltr'><strong>spectat,etiam</strong></span> <span class='ocrx_word' id='word_1_650' title='bbox 2842 3655 3004 3712; x_wconf 82' lang='lat' dir='ltr'><strong>vobis</strong></span> <span class='ocrx_word' id='word_1_651' title='bbox 3025 3655 3403 3729; x_wconf 86' lang='lat' dir='ltr'><strong>Evangelium</strong></span> <span class='ocrx_word' id='word_1_652' title='bbox 3417 3654 3744 3727; x_wconf 71' lang='lat' dir='ltr'><strong>praedicare</strong></span> 
     </span>
    </p>
   </div>
   <div class='ocr_carea' id='block_1_87' title="bbox 2085 3745 3741 3819">
    <p class='ocr_par' dir='ltr' id='par_1_87' title="bbox 2085 3745 3741 3819">
     <span class='ocr_line' id='line_1_87' title="bbox 2085 3745 3741 3819; baseline 0 -17"><span class='ocrx_word' id='word_1_653' title='bbox 2085 3748 2293 3804; x_wconf 90' lang='lat' dir='ltr'><strong>debeo.</strong></span> <span class='ocrx_word' id='word_1_654' title='bbox 2317 3747 2402 3801; x_wconf 81' lang='lat' dir='ltr'><strong>Ab</strong></span> <span class='ocrx_word' id='word_1_655' title='bbox 2434 3747 2526 3802; x_wconf 90' lang='lat' dir='ltr'><strong>his</strong></span> <span class='ocrx_word' id='word_1_656' title='bbox 2550 3747 2711 3801; x_wconf 91' lang='lat' dir='ltr'><strong>enim</strong></span> <span class='ocrx_word' id='word_1_657' title='bbox 2741 3763 2872 3817; x_wconf 73' lang='lat' dir='ltr'><strong>quas</strong></span> <span class='ocrx_word' id='word_1_658' title='bbox 2894 3751 3333 3817; x_wconf 57' lang='lat' dir='ltr'><strong>praecesserunt</strong></span> <span class='ocrx_word' id='word_1_659' title='bbox 3350 3745 3741 3819; x_wconf 54' lang='lat' dir='ltr'><strong>repetendum</strong></span> 
     </span>
    </p>
   </div>
   <div class='ocr_carea' id='block_1_88' title="bbox 2087 3834 3745 3906">
    <p class='ocr_par' dir='ltr' id='par_1_88' title="bbox 2087 3834 3745 3906">
     <span class='ocr_line' id='line_1_88' title="bbox 2087 3834 3745 3906; baseline -0.001 -13"><span class='ocrx_word' id='word_1_660' title='bbox 2087 3836 2446 3901; x_wconf 91' lang='lat' dir='ltr'><strong>est,Debitor</strong></span> <span class='ocrx_word' id='word_1_661' title='bbox 2470 3836 2793 3892; x_wconf 80' lang='lat' dir='ltr'><strong>sum.«Non</strong></span> <span class='ocrx_word' id='word_1_662' title='bbox 2808 3835 2970 3890; x_wconf 91' lang='lat' dir='ltr'><strong>enim</strong></span> <span class='ocrx_word' id='word_1_663' title='bbox 2983 3834 3295 3906; x_wconf 90' lang='lat' dir='ltr'><strong>pudetme.</strong></span> <span class='ocrx_word' id='word_1_664' title='bbox 3308 3835 3490 3899; x_wconf 71' lang='lat' dir='ltr'><strong>nQuia</strong></span> <span class='ocrx_word' id='word_1_665' title='bbox 3509 3850 3644 3890; x_wconf 87' lang='lat' dir='ltr'><strong>vero</strong></span> <span class='ocrx_word' id='word_1_666' title='bbox 3657 3835 3745 3891; x_wconf 83' lang='lat' dir='ltr'><strong>in-</strong></span> 
     </span>
    </p>
   </div>
   <div class='ocr_carea' id='block_1_89' title="bbox 2089 3922 3740 3995">
    <p class='ocr_par' dir='ltr' id='par_1_89' title="bbox 2089 3922 3740 3995">
     <span class='ocr_line' id='line_1_89' title="bbox 2089 3922 3740 3995; baseline -0.002 -14"><span class='ocrx_word' id='word_1_667' title='bbox 2089 3924 2348 3981; x_wconf 90' lang='lat' dir='ltr'><strong>credulis</strong></span> <span class='ocrx_word' id='word_1_668' title='bbox 2368 3923 2559 3979; x_wconf 90' lang='lat' dir='ltr'><strong>multa</strong></span> <span class='ocrx_word' id='word_1_669' title='bbox 2577 3923 2639 3977; x_wconf 90' lang='lat' dir='ltr'><strong>in</strong></span> <span class='ocrx_word' id='word_1_670' title='bbox 2656 3922 2970 3993; x_wconf 77' lang='lat' dir='ltr'><strong>Evangelio</strong></span> <span class='ocrx_word' id='word_1_671' title='bbox 2989 3922 3225 3995; x_wconf 88' lang='lat' dir='ltr'><strong>abjecta</strong></span> <span class='ocrx_word' id='word_1_672' title='bbox 3245 3939 3373 3978; x_wconf 90' lang='lat' dir='ltr'><strong>esse</strong></span> <span class='ocrx_word' id='word_1_673' title='bbox 3396 3928 3740 3985; x_wconf 86' lang='lat' dir='ltr'><strong>censentur,</strong></span> 
     </span>
    </p>
   </div>
   <div class='ocr_carea' id='block_1_90' title="bbox 2088 4010 3747 4088">
    <p class='ocr_par' dir='ltr' id='par_1_90' title="bbox 2088 4010 3747 4088">
     <span class='ocr_line' id='line_1_90' title="bbox 2088 4010 3747 4088; baseline -0.001 -19"><span class='ocrx_word' id='word_1_674' title='bbox 2088 4020 2232 4088; x_wconf 88' lang='lat' dir='ltr'><strong>puta</strong></span> <span class='ocrx_word' id='word_1_675' title='bbox 2252 4010 2952 4078; x_wconf 70' lang='lat' dir='ltr'><strong>crux,mors,Judaaorum</strong></span> <span class='ocrx_word' id='word_1_676' title='bbox 2965 4010 3490 4067; x_wconf 76' lang='lat' dir='ltr'><strong>debacchatiozhoc</strong></span> <span class='ocrx_word' id='word_1_677' title='bbox 3504 4011 3747 4067; x_wconf 90' lang='lat' dir='ltr'><strong>interim</strong></span> 
     </span>
    </p>
   </div>
   <div class='ocr_carea' id='block_1_91' title="bbox 2091 4100 3754 4173">
    <p class='ocr_par' dir='ltr' id='par_1_91' title="bbox 2091 4100 3754 4173">
     <span class='ocr_line' id='line_1_91' title="bbox 2091 4100 3754 4173; baseline -0.002 -14"><span class='ocrx_word' id='word_1_678' title='bbox 2091 4103 2228 4159; x_wconf 90' lang='lat' dir='ltr'><strong>illos</strong></span> <span class='ocrx_word' id='word_1_679' title='bbox 2258 4102 2453 4168; x_wconf 92' lang='lat' dir='ltr'><strong>docet,</strong></span> <span class='ocrx_word' id='word_1_680' title='bbox 2486 4117 2562 4156; x_wconf 91' lang='lat' dir='ltr'><strong>ne</strong></span> <span class='ocrx_word' id='word_1_681' title='bbox 2593 4100 2919 4173; x_wconf 90' lang='lat' dir='ltr'><strong>quidquam</strong></span> <span class='ocrx_word' id='word_1_682' title='bbox 2952 4117 3081 4157; x_wconf 90' lang='lat' dir='ltr'><strong>esse</strong></span> <span class='ocrx_word' id='word_1_683' title='bbox 3112 4102 3176 4156; x_wconf 92' lang='lat' dir='ltr'><strong>in</strong></span> <span class='ocrx_word' id='word_1_684' title='bbox 3208 4118 3276 4157; x_wconf 93' lang='lat' dir='ltr'><strong>eo</strong></span> <span class='ocrx_word' id='word_1_685' title='bbox 3307 4100 3419 4156; x_wconf 89' lang='lat' dir='ltr'><strong>vile</strong></span> <span class='ocrx_word' id='word_1_686' title='bbox 3446 4101 3754 4173; x_wconf 90' lang='lat' dir='ltr'><strong>suspicen-</strong></span> 
     </span>
    </p>
   </div>
   <div class='ocr_carea' id='block_1_92' title="bbox 2091 4190 3757 4264">
    <p class='ocr_par' dir='ltr' id='par_1_92' title="bbox 2091 4190 3757 4264">
     <span class='ocr_line' id='line_1_92' title="bbox 2091 4190 3757 4264; baseline -0.002 -15"><span class='ocrx_word' id='word_1_687' title='bbox 2091 4200 2209 4259; x_wconf 89' lang='lat' dir='ltr'><strong>tur,</strong></span> <span class='ocrx_word' id='word_1_688' title='bbox 2241 4198 2423 4264; x_wconf 87' lang='lat' dir='ltr'><strong>atque</strong></span> <span class='ocrx_word' id='word_1_689' title='bbox 2453 4191 2676 4247; x_wconf 92' lang='lat' dir='ltr'><strong>idcirco</strong></span> <span class='ocrx_word' id='word_1_690' title='bbox 2706 4190 3095 4262; x_wconf 88' lang='lat' dir='ltr'><strong>pudeatillud</strong></span> <span class='ocrx_word' id='word_1_691' title='bbox 3127 4191 3428 4264; x_wconf 87' lang='lat' dir='ltr'><strong>suscipere</strong></span> <span class='ocrx_word' id='word_1_692' title='bbox 3460 4208 3473 4246; x_wconf 88' lang='lat'><strong><em>:</em></strong></span> <span class='ocrx_word' id='word_1_693' title='bbox 3499 4207 3566 4246; x_wconf 89' lang='lat' dir='ltr'><strong>ac</strong></span> <span class='ocrx_word' id='word_1_694' title='bbox 3585 4190 3757 4247; x_wconf 87' lang='lat' dir='ltr'><strong>dein-</strong></span> 
     </span>
    </p>
   </div>
   <div class='ocr_carea' id='block_1_93' title="bbox 2092 4281 3756 4357">
    <p class='ocr_par' dir='ltr' id='par_1_93' title="bbox 2092 4281 3756 4357">
     <span class='ocr_line' id='line_1_93' title="bbox 2092 4281 3756 4357; baseline -0.002 -16"><span class='ocrx_word' id='word_1_695' title='bbox 2092 4301 2234 4357; x_wconf 91' lang='lat' dir='ltr'><strong>ceps</strong></span> <span class='ocrx_word' id='word_1_696' title='bbox 2267 4281 2652 4356; x_wconf 87' lang='lat' dir='ltr'><strong>progrediens</strong></span> <span class='ocrx_word' id='word_1_697' title='bbox 2684 4281 3067 4355; x_wconf 86' lang='lat' dir='ltr'><strong>Evangelium</strong></span> <span class='ocrx_word' id='word_1_698' title='bbox 3099 4283 3279 4339; x_wconf 88' lang='lat' dir='ltr'><strong>etiam</strong></span> <span class='ocrx_word' id='word_1_699' title='bbox 3311 4281 3564 4338; x_wconf 82' lang='lat' dir='ltr'><strong>extollit.</strong></span> <span class='ocrx_word' id='word_1_700' title='bbox 3599 4283 3756 4338; x_wconf 72' lang='lat' dir='ltr'><strong>Prae-</strong></span> 
     </span>
    </p>
   </div>
   <div class='ocr_carea' id='block_1_94' title="bbox 2095 4369 3757 4446">
    <p class='ocr_par' dir='ltr' id='par_1_94' title="bbox 2095 4369 3757 4446">
     <span class='ocr_line' id='line_1_94' title="bbox 2095 4369 3757 4446; baseline 0.001 -22"><span class='ocrx_word' id='word_1_701' title='bbox 2095 4375 2258 4429; x_wconf 90' lang='lat' dir='ltr'><strong>terea</strong></span> <span class='ocrx_word' id='word_1_702' title='bbox 2288 4378 2348 4428; x_wconf 91' lang='lat' dir='ltr'><strong>et</strong></span> <span class='ocrx_word' id='word_1_703' title='bbox 2376 4372 2569 4428; x_wconf 88' lang='lat' dir='ltr'><strong>aliter.</strong></span> <span class='ocrx_word' id='word_1_704' title='bbox 2596 4372 2744 4438; x_wconf 89' lang='lat' dir='ltr'><strong>Quia</strong></span> <span class='ocrx_word' id='word_1_705' title='bbox 2773 4378 2982 4428; x_wconf 79' lang='lat' dir='ltr'><strong>cristas</strong></span> <span class='ocrx_word' id='word_1_706' title='bbox 3014 4371 3321 4446; x_wconf 90' lang='lat' dir='ltr'><strong>erigebant</strong></span> <span class='ocrx_word' id='word_1_707' title='bbox 3373 4372 3623 4429; x_wconf 84' lang='lat' dir='ltr'><strong>Romani</strong></span> <span class='ocrx_word' id='word_1_708' title='bbox 3683 4369 3757 4427; x_wconf 91' lang='lat' dir='ltr'><strong>ob</strong></span> 
     </span>
    </p>
   </div>
   <div class='ocr_carea' id='block_1_95' title="bbox 2094 4463 3760 4536">
    <p class='ocr_par' dir='ltr' id='par_1_95' title="bbox 2094 4463 3760 4536">
     <span class='ocr_line' id='line_1_95' title="bbox 2094 4463 3760 4536; baseline 0 -15"><span class='ocrx_word' id='word_1_709' title='bbox 2094 4465 2286 4522; x_wconf 90' lang='lat' dir='ltr'><strong>multa</strong></span> <span class='ocrx_word' id='word_1_710' title='bbox 2316 4464 2532 4536; x_wconf 90' lang='lat' dir='ltr'><strong>quibus</strong></span> <span class='ocrx_word' id='word_1_711' title='bbox 2564 4464 2796 4520; x_wconf 61' lang='lat' dir='ltr'><strong>ceteris</strong></span> <span class='ocrx_word' id='word_1_712' title='bbox 2828 4464 3275 4536; x_wconf 71' lang='lat' dir='ltr'><strong>prmstantiores</strong></span> <span class='ocrx_word' id='word_1_713' title='bbox 3300 4469 3645 4536; x_wconf 88' lang='lat' dir='ltr'><strong>erant,puta</strong></span> <span class='ocrx_word' id='word_1_714' title='bbox 3670 4463 3760 4521; x_wconf 85' lang='lat' dir='ltr'><strong>di-</strong></span> 
     </span>
    </p>
   </div>
   <div class='ocr_carea' id='block_1_96' title="bbox 2097 4553 3762 4627">
    <p class='ocr_par' dir='ltr' id='par_1_96' title="bbox 2097 4553 3762 4627">
     <span class='ocr_line' id='line_1_96' title="bbox 2097 4553 3762 4627; baseline 0 -19"><span class='ocrx_word' id='word_1_715' title='bbox 2097 4555 2290 4618; x_wconf 89' lang='lat' dir='ltr'><strong>vitias,</strong></span> <span class='ocrx_word' id='word_1_716' title='bbox 2320 4554 2677 4627; x_wconf 87' lang='lat' dir='ltr'><strong>potentiam,</strong></span> <span class='ocrx_word' id='word_1_717' title='bbox 2729 4559 2789 4610; x_wconf 91' lang='lat' dir='ltr'><strong>et</strong></span> <span class='ocrx_word' id='word_1_718' title='bbox 2817 4554 3172 4626; x_wconf 88' lang='lat' dir='ltr'><strong>sapientiam</strong></span> <span class='ocrx_word' id='word_1_719' title='bbox 3207 4571 3219 4608; x_wconf 90' lang='lat'><strong>:</strong></span> <span class='ocrx_word' id='word_1_720' title='bbox 3268 4570 3369 4610; x_wconf 90' lang='lat' dir='ltr'><strong>vos</strong></span> <span class='ocrx_word' id='word_1_721' title='bbox 3427 4553 3669 4625; x_wconf 90' lang='lat' dir='ltr'><strong>quidem</strong></span> <span class='ocrx_word' id='word_1_722' title='bbox 3700 4554 3762 4610; x_wconf 90' lang='lat' dir='ltr'><strong>in</strong></span> 
     </span>
    </p>
   </div>
   <div class='ocr_carea' id='block_1_97' title="bbox 285 4631 1984 4716">
    <p class='ocr_par' dir='ltr' id='par_1_97' title="bbox 285 4632 1982 4711">
     <span class='ocr_line' id='line_1_97' title="bbox 285 4632 1982 4711; baseline -0.004 -16"><span class='ocrx_word' id='word_1_723' title='bbox 285 4660 386 4695; x_wconf 79' lang='grc' dir='ltr'><strong>νον</strong></span> <span class='ocrx_word' id='word_1_724' title='bbox 422 4638 571 4711; x_wconf 73' lang='grc' dir='ltr'>τιμή</span> <span class='ocrx_word' id='word_1_725' title='bbox 606 4636 673 4691; x_wconf 85' lang='grc' dir='ltr'>τὸ</span> <span class='ocrx_word' id='word_1_726' title='bbox 719 4660 747 4687; x_wconf 84' lang='grc'><strong>‹‹</strong></span> <span class='ocrx_word' id='word_1_727' title='bbox 811 4636 1061 4710; x_wconf 72' lang='grc' dir='ltr'>Πρῶτον,</span> <span class='ocrx_word' id='word_1_728' title='bbox 1129 4660 1148 4685; x_wconf 80' lang='grc' dir='ltr'><strong>ι</strong></span> <span class='ocrx_word' id='word_1_729' title='bbox 1214 4635 1279 4690; x_wconf 87' lang='grc' dir='ltr'><strong>ού</strong></span> <span class='ocrx_word' id='word_1_730' title='bbox 1336 4634 1564 4710; x_wconf 77' lang='grc' dir='ltr'>χάριτος</span> <span class='ocrx_word' id='word_1_731' title='bbox 1613 4632 1982 4706; x_wconf 62' lang='grc' dir='ltr'>πλεονασμός,</span> 
     </span>
    </p>
   </div>
   <div class='ocr_carea' id='block_1_98' title="bbox 2093 4631 3763 4716">
    <p class='ocr_par' dir='ltr' id='par_1_98' title="bbox 2099 4640 3763 4716">
     <span class='ocr_line' id='line_1_98' title="bbox 2099 4640 3763 4716; baseline -0.001 -17"><span class='ocrx_word' id='word_1_732' title='bbox 2099 4643 2442 4714; x_wconf 86' lang='lat' dir='ltr'><strong>his,inquit,</strong></span> <span class='ocrx_word' id='word_1_733' title='bbox 2478 4642 2795 4699; x_wconf 82' lang='lat' dir='ltr'><strong>eﬂ‘erimini</strong></span> <span class='ocrx_word' id='word_1_734' title='bbox 2833 4659 2846 4696; x_wconf 90' lang='lat'><strong>:</strong></span> <span class='ocrx_word' id='word_1_735' title='bbox 2890 4658 2996 4716; x_wconf 87' lang='lat' dir='ltr'><strong>ego</strong></span> <span class='ocrx_word' id='word_1_736' title='bbox 3028 4648 3230 4700; x_wconf 85' lang='lat' dir='ltr'><strong>autem</strong></span> <span class='ocrx_word' id='word_1_737' title='bbox 3252 4642 3439 4699; x_wconf 91' lang='lat' dir='ltr'><strong>Deum</strong></span> <span class='ocrx_word' id='word_1_738' title='bbox 3471 4642 3535 4697; x_wconf 90' lang='lat' dir='ltr'><strong>in</strong></span> <span class='ocrx_word' id='word_1_739' title='bbox 3566 4640 3763 4698; x_wconf 91' lang='lat' dir='ltr'><strong>medio</strong></span> 
     </span>
    </p>
   </div>
   <div class='ocr_carea' id='block_1_99' title="bbox 283 4723 1994 4803">
    <p class='ocr_par' dir='ltr' id='par_1_99' title="bbox 283 4723 1994 4803">
     <span class='ocr_line' id='line_1_99' title="bbox 283 4723 1994 4803; baseline -0.005 -16"><span class='ocrx_word' id='word_1_740' title='bbox 283 4733 353 4787; x_wconf 87' lang='grc' dir='ltr'>Ὁ</span> <span class='ocrx_word' id='word_1_741' title='bbox 411 4730 525 4803; x_wconf 71' lang='grc' dir='ltr'>τὰς)</span> <span class='ocrx_word' id='word_1_742' title='bbox 585 4723 851 4790; x_wconf 84' lang='grc' dir='ltr'>Ἰουδαῖος</span> <span class='ocrx_word' id='word_1_743' title='bbox 899 4727 1210 4783; x_wconf 83' lang='grc' dir='ltr'>ἀπαιτεῖται</span> <span class='ocrx_word' id='word_1_744' title='bbox 1268 4730 1490 4802; x_wconf 82' lang='grc' dir='ltr'>πρῶτον</span> <span class='ocrx_word' id='word_1_745' title='bbox 1546 4723 1841 4794; x_wconf 72' lang='grc' dir='ltr'>πιστεύειν,</span> <span class='ocrx_word' id='word_1_746' title='bbox 1898 4724 1994 4780; x_wconf 77' lang='grc' dir='ltr'><strong>ἃτε</strong></span> 
     </span>
    </p>
   </div>
   <div class='ocr_carea' id='block_1_100' title="bbox 295 4813 1989 4892">
    <p class='ocr_par' dir='ltr' id='par_1_100' title="bbox 295 4813 1989 4892">
     <span class='ocr_line' id='line_1_100' title="bbox 295 4813 1989 4892; baseline -0.003 -19"><span class='ocrx_word' id='word_1_747' title='bbox 295 4816 373 4887; x_wconf 76' lang='grc' dir='ltr'>δὴ</span> <span class='ocrx_word' id='word_1_748' title='bbox 407 4815 820 4891; x_wconf 73' lang='grc' dir='ltr'>κατηχημένος</span> <span class='ocrx_word' id='word_1_749' title='bbox 843 4816 911 4871; x_wconf 76' lang='grc' dir='ltr'><strong>τὰ</strong></span> <span class='ocrx_word' id='word_1_750' title='bbox 939 4816 1064 4892; x_wconf 83' lang='grc' dir='ltr'>περὶ</span> <span class='ocrx_word' id='word_1_751' title='bbox 1111 4820 1210 4872; x_wconf 89' lang='grc' dir='ltr'><strong>τοῦ</strong></span> <span class='ocrx_word' id='word_1_752' title='bbox 1270 4816 1508 4890; x_wconf 77' lang='grc' dir='ltr'>Χριστοῦ</span> <span class='ocrx_word' id='word_1_753' title='bbox 1556 4813 1617 4869; x_wconf 71' lang='grc' dir='ltr'><strong>ἐκ</strong></span> <span class='ocrx_word' id='word_1_754' title='bbox 1669 4813 1844 4889; x_wconf 86' lang='grc' dir='ltr'>νόμου</span> <span class='ocrx_word' id='word_1_755' title='bbox 1898 4814 1989 4869; x_wconf 84' lang='grc' dir='ltr'><strong>καὶ</strong></span> 
     </span>
    </p>
   </div>
   <div class='ocr_carea' id='block_1_101' title="bbox 290 4903 1993 4983">
    <p class='ocr_par' dir='ltr' id='par_1_101' title="bbox 290 4903 1993 4983">
     <span class='ocr_line' id='line_1_101' title="bbox 290 4903 1993 4983; baseline -0.002 -20"><span class='ocrx_word' id='word_1_756' title='bbox 290 4913 415 4963; x_wconf 79' lang='grc' dir='ltr'>τῶν</span> <span class='ocrx_word' id='word_1_757' title='bbox 453 4910 786 4983; x_wconf 72' lang='grc' dir='ltr'>προφητῶν,</span> <span class='ocrx_word' id='word_1_758' title='bbox 835 4904 1049 4978; x_wconf 80' lang='grc' dir='ltr'>μᾶλλον</span> <span class='ocrx_word' id='word_1_759' title='bbox 1097 4910 1206 4961; x_wconf 79' lang='grc' dir='ltr'><strong>τῶν</strong></span> <span class='ocrx_word' id='word_1_760' title='bbox 1266 4904 1453 4961; x_wconf 77' lang='grc' dir='ltr'>ἐθνῶν.</span> <span class='ocrx_word' id='word_1_761' title='bbox 1490 4903 1595 4961; x_wconf 85' lang='grc' dir='ltr'>Καὶ</span> <span class='ocrx_word' id='word_1_762' title='bbox 1653 4903 1739 4958; x_wconf 79' lang='grc' dir='ltr'><strong>ὅτι</strong></span> <span class='ocrx_word' id='word_1_763' title='bbox 1797 4904 1844 4958; x_wconf 84' lang='grc' dir='ltr'><strong>εἰ</strong></span> <span class='ocrx_word' id='word_1_764' title='bbox 1902 4905 1993 4961; x_wconf 81' lang='grc' dir='ltr'><strong>καὶ</strong></span> 
     </span>
    </p>
   </div>
   <div class='ocr_carea' id='block_1_102' title="bbox 300 4992 1993 5070">
    <p class='ocr_par' dir='ltr' id='par_1_102' title="bbox 300 4992 1993 5070">
     <span class='ocr_line' id='line_1_102' title="bbox 300 4992 1993 5070; baseline -0.002 -18"><span class='ocrx_word' id='word_1_765' title='bbox 300 4995 412 5052; x_wconf 67' lang='grc' dir='ltr'>ἐπὶ</span> <span class='ocrx_word' id='word_1_766' title='bbox 446 4998 618 5070; x_wconf 77' lang='grc' dir='ltr'>κοινῇ</span> <span class='ocrx_word' id='word_1_767' title='bbox 647 5000 747 5050; x_wconf 87' lang='grc' dir='ltr'><strong>τοῦ</strong></span> <span class='ocrx_word' id='word_1_768' title='bbox 776 4994 963 5070; x_wconf 72' lang='grc' dir='ltr'>γένους</span> <span class='ocrx_word' id='word_1_769' title='bbox 994 4994 1245 5070; x_wconf 82' lang='grc' dir='ltr'>σωτηρίᾳ</span> <span class='ocrx_word' id='word_1_770' title='bbox 1275 4992 1622 5066; x_wconf 70' lang='grc' dir='ltr'>ἐπεδήμησεν</span> <span class='ocrx_word' id='word_1_771' title='bbox 1657 4993 1685 5048; x_wconf 86' lang='grc' dir='ltr'>ὁ</span> <span class='ocrx_word' id='word_1_772' title='bbox 1741 4994 1993 5070; x_wconf 80' lang='grc' dir='ltr'>Χριστὸς,</span> 
     </span>
    </p>
   </div>
   <div class='ocr_carea' id='block_1_103' title="bbox 306 5081 1997 5161">
    <p class='ocr_par' dir='ltr' id='par_1_103' title="bbox 306 5081 1997 5161">
     <span class='ocr_line' id='line_1_103' title="bbox 306 5081 1997 5161; baseline -0.001 -21"><span class='ocrx_word' id='word_1_773' title='bbox 306 5085 453 5142; x_wconf 72' lang='grc' dir='ltr'>ἀλλ’</span> <span class='ocrx_word' id='word_1_774' title='bbox 488 5086 592 5141; x_wconf 78' lang='grc' dir='ltr'><strong>οῦν</strong></span> <span class='ocrx_word' id='word_1_775' title='bbox 632 5084 687 5140; x_wconf 83' lang='grc' dir='ltr'>ἐν</span> <span class='ocrx_word' id='word_1_776' title='bbox 719 5090 837 5149; x_wconf 85' lang='grc' dir='ltr'>τοῖς</span> <span class='ocrx_word' id='word_1_777' title='bbox 867 5081 1153 5147; x_wconf 82' lang='grc' dir='ltr'>Ἰουδαίοις</span> <span class='ocrx_word' id='word_1_778' title='bbox 1180 5085 1271 5139; x_wconf 83' lang='grc' dir='ltr'>καὶ</span> <span class='ocrx_word' id='word_1_779' title='bbox 1332 5081 1597 5161; x_wconf 73' lang='grc' dir='ltr'>ἐγεννήθη</span> <span class='ocrx_word' id='word_1_780' title='bbox 1656 5081 1747 5137; x_wconf 81' lang='grc' dir='ltr'>καὶ</span> <span class='ocrx_word' id='word_1_781' title='bbox 1803 5081 1997 5139; x_wconf 74' lang='grc' dir='ltr'>ἐπολι-</span> 
     </span>
    </p>
   </div>
   <div class='ocr_carea' id='block_1_104' title="bbox 304 5170 1998 5247">
    <p class='ocr_par' dir='ltr' id='par_1_104' title="bbox 304 5170 1998 5247">
     <span class='ocr_line' id='line_1_104' title="bbox 304 5170 1998 5247; baseline -0.002 -16"><span class='ocrx_word' id='word_1_782' title='bbox 304 5175 581 5247; x_wconf 73' lang='grc' dir='ltr'>τεύσατο,</span> <span class='ocrx_word' id='word_1_783' title='bbox 612 5174 707 5230; x_wconf 81' lang='grc' dir='ltr'>καὶ</span> <span class='ocrx_word' id='word_1_784' title='bbox 738 5171 969 5246; x_wconf 72' lang='grc' dir='ltr'>ἐδίδαξε,</span> <span class='ocrx_word' id='word_1_785' title='bbox 1012 5174 1103 5229; x_wconf 62' lang='grc' dir='ltr'>καῖ</span> <span class='ocrx_word' id='word_1_786' title='bbox 1162 5174 1259 5235; x_wconf 70' lang='grc' dir='ltr'><strong>τὰς</strong></span> <span class='ocrx_word' id='word_1_787' title='bbox 1309 5171 1637 5246; x_wconf 81' lang='grc' dir='ltr'>θεοσημείας</span> <span class='ocrx_word' id='word_1_788' title='bbox 1696 5170 1749 5226; x_wconf 76' lang='grc' dir='ltr'>ἐν</span> <span class='ocrx_word' id='word_1_789' title='bbox 1810 5171 1998 5237; x_wconf 79' lang='grc' dir='ltr'>αὐτοῖς</span> 
     </span>
    </p>
   </div>
   <div class='ocr_carea' id='block_1_105' title="bbox 309 5258 1996 5341">
    <p class='ocr_par' dir='ltr' id='par_1_105' title="bbox 309 5258 1996 5341">
     <span class='ocr_line' id='line_1_105' title="bbox 309 5258 1996 5341; baseline -0.001 -23"><span class='ocrx_word' id='word_1_790' title='bbox 309 5264 641 5340; x_wconf 75' lang='grc' dir='ltr'>εἰργάσατο,</span> <span class='ocrx_word' id='word_1_791' title='bbox 675 5260 747 5319; x_wconf 79' lang='grc' dir='ltr'>δι’</span> <span class='ocrx_word' id='word_1_792' title='bbox 779 5261 815 5319; x_wconf 77' lang='grc' dir='ltr'><em>ἄ</em></span> <span class='ocrx_word' id='word_1_793' title='bbox 842 5265 1014 5320; x_wconf 74' lang='grc' dir='ltr'>πάντα</span> <span class='ocrx_word' id='word_1_794' title='bbox 1044 5262 1327 5341; x_wconf 69' lang='grc' dir='ltr'>ὀφειλέται</span> <span class='ocrx_word' id='word_1_795' title='bbox 1357 5260 1492 5317; x_wconf 71' lang='grc' dir='ltr'>εἰσὶν</span> <span class='ocrx_word' id='word_1_796' title='bbox 1552 5258 1810 5318; x_wconf 80' lang='grc' dir='ltr'>Ἰουδαῖοι</span> <span class='ocrx_word' id='word_1_797' title='bbox 1843 5266 1996 5336; x_wconf 73' lang='grc' dir='ltr'><strong>πρῶο</strong></span> 
     </span>
    </p>
   </div>
   <div class='ocr_carea' id='block_1_106' title="bbox 305 5346 1569 5428">
    <p class='ocr_par' dir='ltr' id='par_1_106' title="bbox 305 5346 1569 5428">
     <span class='ocr_line' id='line_1_106' title="bbox 305 5346 1569 5428; baseline -0.002 -17"><span class='ocrx_word' id='word_1_798' title='bbox 305 5376 407 5412; x_wconf 85' lang='grc' dir='ltr'><strong>τοι</strong></span> <span class='ocrx_word' id='word_1_799' title='bbox 439 5355 718 5413; x_wconf 74' lang='grc' dir='ltr'>πιστεύειν</span> <span class='ocrx_word' id='word_1_800' title='bbox 748 5354 827 5418; x_wconf 80' lang='grc' dir='ltr'><strong>εἰς</strong></span> <span class='ocrx_word' id='word_1_801' title='bbox 855 5355 1111 5428; x_wconf 87' lang='grc' dir='ltr'>Χριστὸν,</span> <span class='ocrx_word' id='word_1_802' title='bbox 1148 5350 1291 5428; x_wconf 80' lang='grc' dir='ltr'>ἤπερ</span> <span class='ocrx_word' id='word_1_803' title='bbox 1321 5352 1391 5407; x_wconf 81' lang='grc' dir='ltr'><strong>τὰ</strong></span> <span class='ocrx_word' id='word_1_804' title='bbox 1420 5346 1569 5423; x_wconf 79' lang='grc' dir='ltr'>ἔθνη.</span> 
     </span>
    </p>
   </div>
   <div class='ocr_carea' id='block_1_107' title="bbox 2100 4730 3761 4803">
    <p class='ocr_par' dir='ltr' id='par_1_107' title="bbox 2100 4730 3761 4803">
     <span class='ocr_line' id='line_1_107' title="bbox 2100 4730 3761 4803; baseline 0 -17"><span class='ocrx_word' id='word_1_805' title='bbox 2100 4737 2360 4788; x_wconf 87' lang='lat' dir='ltr'><strong>vestrum</strong></span> <span class='ocrx_word' id='word_1_806' title='bbox 2415 4730 2847 4803; x_wconf 72' lang='lat' dir='ltr'><strong>praedicaturus</strong></span> <span class='ocrx_word' id='word_1_807' title='bbox 2907 4730 3184 4788; x_wconf 86' lang='lat' dir='ltr'><strong>accedam</strong></span> <span class='ocrx_word' id='word_1_808' title='bbox 3221 4748 3234 4788; x_wconf 89' lang='lat'>:</span> <span class='ocrx_word' id='word_1_809' title='bbox 3269 4748 3380 4788; x_wconf 92' lang='lat' dir='ltr'><strong>nec</strong></span> <span class='ocrx_word' id='word_1_810' title='bbox 3428 4746 3522 4786; x_wconf 91' lang='lat' dir='ltr'><strong>me</strong></span> <span class='ocrx_word' id='word_1_811' title='bbox 3582 4732 3761 4803; x_wconf 90' lang='lat' dir='ltr'><strong>hujus</strong></span> 
     </span>
    </p>
   </div>
   <div class='ocr_carea' id='block_1_108' title="bbox 2102 4819 3765 4895">
    <p class='ocr_par' dir='ltr' id='par_1_108' title="bbox 2102 4819 3765 4895">
     <span class='ocr_line' id='line_1_108' title="bbox 2102 4819 3765 4895; baseline -0.001 -18"><span class='ocrx_word' id='word_1_812' title='bbox 2102 4821 2304 4895; x_wconf 92' lang='lat' dir='ltr'><strong>pudet.</strong></span> <span class='ocrx_word' id='word_1_813' title='bbox 2340 4820 2733 4885; x_wconf 88' lang='lat' dir='ltr'><strong>Quamobrem</strong></span> <span class='ocrx_word' id='word_1_814' title='bbox 2762 4819 2790 4876; x_wconf 86' lang='lat'><strong>?</strong></span> <span class='ocrx_word' id='word_1_815' title='bbox 2818 4821 2965 4886; x_wconf 92' lang='lat' dir='ltr'><strong>Quia</strong></span> <span class='ocrx_word' id='word_1_816' title='bbox 2996 4821 3264 4893; x_wconf 89' lang='lat' dir='ltr'><strong>potentia</strong></span> <span class='ocrx_word' id='word_1_817' title='bbox 3315 4820 3417 4876; x_wconf 90' lang='lat' dir='ltr'><strong>Dei</strong></span> <span class='ocrx_word' id='word_1_818' title='bbox 3450 4825 3540 4876; x_wconf 90' lang='lat' dir='ltr'><strong>est</strong></span> <span class='ocrx_word' id='word_1_819' title='bbox 3567 4819 3641 4875; x_wconf 89' lang='lat' dir='ltr'><strong>ad</strong></span> <span class='ocrx_word' id='word_1_820' title='bbox 3669 4836 3765 4876; x_wconf 90' lang='lat' dir='ltr'><strong>sa-</strong></span> 
     </span>
    </p>
   </div>
   <div class='ocr_carea' id='block_1_109' title="bbox 2102 4908 3766 4980">
    <p class='ocr_par' dir='ltr' id='par_1_109' title="bbox 2102 4908 3766 4980">
     <span class='ocr_line' id='line_1_109' title="bbox 2102 4908 3766 4980; baseline 0 -14"><span class='ocrx_word' id='word_1_821' title='bbox 2102 4910 2290 4966; x_wconf 90' lang='lat' dir='ltr'><strong>lutem</strong></span> <span class='ocrx_word' id='word_1_822' title='bbox 2349 4908 2830 4980; x_wconf 89' lang='lat' dir='ltr'><strong>suscipientium.</strong></span> <span class='ocrx_word' id='word_1_823' title='bbox 2864 4909 3121 4964; x_wconf 89' lang='lat' dir='ltr'><strong>Pulchre</strong></span> <span class='ocrx_word' id='word_1_824' title='bbox 3152 4915 3351 4965; x_wconf 90' lang='lat' dir='ltr'><strong>autem</strong></span> <span class='ocrx_word' id='word_1_825' title='bbox 3383 4908 3585 4966; x_wconf 88' lang='lat' dir='ltr'><strong>addit:</strong></span> <span class='ocrx_word' id='word_1_826' title='bbox 3620 4931 3650 4960; x_wconf 85' lang='lat'>«</span> <span class='ocrx_word' id='word_1_827' title='bbox 3683 4909 3766 4965; x_wconf 80' lang='lat' dir='ltr'><strong>Ad</strong></span> 
     </span>
    </p>
   </div>
   <div class='ocr_carea' id='block_1_110' title="bbox 2105 4997 3765 5071">
    <p class='ocr_par' dir='ltr' id='par_1_110' title="bbox 2105 4997 3765 5071">
     <span class='ocr_line' id='line_1_110' title="bbox 2105 4997 3765 5071; baseline 0.001 -16"><span class='ocrx_word' id='word_1_828' title='bbox 2105 4999 2379 5055; x_wconf 90' lang='lat' dir='ltr'><strong>salutem.</strong></span> <span class='ocrx_word' id='word_1_829' title='bbox 2416 5019 2445 5048; x_wconf 80' lang='grc'><strong>››</strong></span> <span class='ocrx_word' id='word_1_830' title='bbox 2478 4998 2621 5052; x_wconf 86' lang='lat' dir='ltr'><strong>Nam</strong></span> <span class='ocrx_word' id='word_1_831' title='bbox 2655 5003 2745 5053; x_wconf 90' lang='lat' dir='ltr'><strong>est</strong></span> <span class='ocrx_word' id='word_1_832' title='bbox 2777 5003 2835 5053; x_wconf 91' lang='lat' dir='ltr'><strong>et</strong></span> <span class='ocrx_word' id='word_1_833' title='bbox 2883 4997 2958 5054; x_wconf 91' lang='lat' dir='ltr'><strong>ad</strong></span> <span class='ocrx_word' id='word_1_834' title='bbox 2989 4997 3282 5053; x_wconf 90' lang='lat' dir='ltr'><strong>ultionem</strong></span> <span class='ocrx_word' id='word_1_835' title='bbox 3339 4998 3610 5071; x_wconf 89' lang='lat' dir='ltr'><strong>potentia</strong></span> <span class='ocrx_word' id='word_1_836' title='bbox 3640 4998 3765 5056; x_wconf 84' lang='lat' dir='ltr'><strong>Dei.</strong></span> 
     </span>
    </p>
   </div>
   <div class='ocr_carea' id='block_1_111' title="bbox 2107 5086 3770 5158">
    <p class='ocr_par' dir='ltr' id='par_1_111' title="bbox 2107 5086 3770 5158">
     <span class='ocr_line' id='line_1_111' title="bbox 2107 5086 3770 5158; baseline -0.001 -14"><span class='ocrx_word' id='word_1_837' title='bbox 2107 5088 2193 5144; x_wconf 85' lang='lat' dir='ltr'><strong>Ad</strong></span> <span class='ocrx_word' id='word_1_838' title='bbox 2225 5088 2477 5144; x_wconf 87' lang='lat' dir='ltr'><strong>salutem</strong></span> <span class='ocrx_word' id='word_1_839' title='bbox 2510 5087 2711 5158; x_wconf 89' lang='lat' dir='ltr'><strong>itaque</strong></span> <span class='ocrx_word' id='word_1_840' title='bbox 2742 5103 2863 5142; x_wconf 93' lang='lat' dir='ltr'><strong>non</strong></span> <span class='ocrx_word' id='word_1_841' title='bbox 2895 5086 3166 5150; x_wconf 81' lang='lat' dir='ltr'><strong>cuilibet.</strong></span> <span class='ocrx_word' id='word_1_842' title='bbox 3187 5087 3293 5143; x_wconf 90' lang='lat' dir='ltr'><strong>sed</strong></span> <span class='ocrx_word' id='word_1_843' title='bbox 3324 5087 3610 5144; x_wconf 83' lang='lat' dir='ltr'><strong>credenti.</strong></span> <span class='ocrx_word' id='word_1_844' title='bbox 3643 5088 3770 5143; x_wconf 87' lang='lat' dir='ltr'><strong>Non</strong></span> 
     </span>
    </p>
   </div>
   <div class='ocr_carea' id='block_1_112' title="bbox 2108 5176 3767 5249">
    <p class='ocr_par' dir='ltr' id='par_1_112' title="bbox 2108 5176 3767 5249">
     <span class='ocr_line' id='line_1_112' title="bbox 2108 5176 3767 5249; baseline -0.002 -14"><span class='ocrx_word' id='word_1_845' title='bbox 2108 5177 2488 5235; x_wconf 86' lang='lat' dir='ltr'><strong>credentibus</strong></span> <span class='ocrx_word' id='word_1_846' title='bbox 2524 5177 2685 5232; x_wconf 89' lang='lat' dir='ltr'><strong>enim</strong></span> <span class='ocrx_word' id='word_1_847' title='bbox 2718 5176 3080 5249; x_wconf 90' lang='lat' dir='ltr'><strong>supplicium</strong></span> <span class='ocrx_word' id='word_1_848' title='bbox 3114 5176 3540 5233; x_wconf 88' lang='lat' dir='ltr'><strong>interminatur</strong></span> <span class='ocrx_word' id='word_1_849' title='bbox 3568 5178 3767 5232; x_wconf 89' lang='lat' dir='ltr'><strong>Evan-</strong></span> 
     </span>
    </p>
   </div>
   <div class='ocr_carea' id='block_1_113' title="bbox 2110 5266 3764 5341">
    <p class='ocr_par' dir='ltr' id='par_1_113' title="bbox 2110 5266 3764 5341">
     <span class='ocr_line' id='line_1_113' title="bbox 2110 5266 3764 5341; baseline -0.004 -18"><span class='ocrx_word' id='word_1_850' title='bbox 2110 5268 2350 5341; x_wconf 88' lang='lat' dir='ltr'><strong>gelium.</strong></span> <span class='ocrx_word' id='word_1_851' title='bbox 2383 5289 2411 5317; x_wconf 86' lang='grc'><strong>‹‹</strong></span> <span class='ocrx_word' id='word_1_852' title='bbox 2444 5266 2783 5323; x_wconf 75' lang='lat' dir='ltr'><strong>Iudaeorum</strong></span> <span class='ocrx_word' id='word_1_853' title='bbox 2812 5266 3139 5339; x_wconf 82' lang='lat' dir='ltr'><strong>primum.»</strong></span> <span class='ocrx_word' id='word_1_854' title='bbox 3164 5267 3352 5323; x_wconf 86' lang='lat' dir='ltr'><strong>Dictio</strong></span> <span class='ocrx_word' id='word_1_855' title='bbox 3384 5288 3411 5319; x_wconf 75' lang='grc' dir='ltr'><strong>α</strong></span> <span class='ocrx_word' id='word_1_856' title='bbox 3442 5267 3764 5335; x_wconf 71' lang='lat' dir='ltr'><strong>Primum,.</strong></span> 
     </span>
    </p>
   </div>
   <div class='ocr_carea' id='block_1_114' title="bbox 2108 5356 3771 5430">
    <p class='ocr_par' dir='ltr' id='par_1_114' title="bbox 2108 5356 3771 5430">
     <span class='ocr_line' id='line_1_114' title="bbox 2108 5356 3771 5430; baseline 0 -18"><span class='ocrx_word' id='word_1_857' title='bbox 2108 5357 2270 5414; x_wconf 89' lang='lat' dir='ltr'><strong>verbi</strong></span> <span class='ocrx_word' id='word_1_858' title='bbox 2303 5357 2497 5413; x_wconf 90' lang='lat' dir='ltr'><strong>solum</strong></span> <span class='ocrx_word' id='word_1_859' title='bbox 2527 5357 2819 5413; x_wconf 90' lang='lat' dir='ltr'><strong>honorem</strong></span> <span class='ocrx_word' id='word_1_860' title='bbox 2838 5356 3217 5425; x_wconf 60' lang='lat' dir='ltr'><strong>confertnon</strong></span> <span class='ocrx_word' id='word_1_861' title='bbox 3239 5357 3442 5430; x_wconf 71' lang='lat' dir='ltr'><strong>gratim</strong></span> <span class='ocrx_word' id='word_1_862' title='bbox 3459 5356 3771 5412; x_wconf 81' lang='lat' dir='ltr'><strong>abundan-</strong></span> 
     </span>
    </p>
   </div>
   <div class='ocr_carea' id='block_1_115' title="bbox 296 5443 3771 5520">
    <p class='ocr_par' dir='ltr' id='par_1_115' title="bbox 296 5443 3771 5520">
     <span class='ocr_line' id='line_1_115' title="bbox 296 5443 3771 5520; baseline -0.001 -18"><span class='ocrx_word' id='word_1_863' title='bbox 296 5447 486 5519; x_wconf 60' lang='lat' dir='ltr'><strong>tiam.</strong></span> <span class='ocrx_word' id='word_1_864' title='bbox 519 5449 796 5505; x_wconf 89' lang='lat' dir='ltr'><strong>Primum</strong></span> <span class='ocrx_word' id='word_1_865' title='bbox 827 5447 989 5503; x_wconf 90' lang='lat' dir='ltr'><strong>enim</strong></span> <span class='ocrx_word' id='word_1_866' title='bbox 1020 5462 1055 5501; x_wconf 92' lang='lat' dir='ltr'><strong>a</strong></span> <span class='ocrx_word' id='word_1_867' title='bbox 1093 5445 1295 5501; x_wconf 73' lang='lat' dir='ltr'><strong>Iudaeo</strong></span> <span class='ocrx_word' id='word_1_868' title='bbox 1328 5443 1665 5516; x_wconf 90' lang='lat' dir='ltr'><strong>postulatur</strong></span> <span class='ocrx_word' id='word_1_869' title='bbox 1693 5447 1760 5499; x_wconf 91' lang='lat' dir='ltr'><strong>ut</strong></span> <span class='ocrx_word' id='word_1_870' title='bbox 1790 5446 2013 5517; x_wconf 89' lang='lat' dir='ltr'><strong>credat,</strong></span> <span class='ocrx_word' id='word_1_871' title='bbox 2044 5452 2251 5520; x_wconf 90' lang='lat' dir='ltr'><strong>utpote</strong></span> <span class='ocrx_word' id='word_1_872' title='bbox 2294 5447 2394 5518; x_wconf 91' lang='lat' dir='ltr'><strong>qui</strong></span> <span class='ocrx_word' id='word_1_873' title='bbox 2430 5446 2558 5518; x_wconf 81' lang='lat' dir='ltr'><strong>jam</strong></span> <span class='ocrx_word' id='word_1_874' title='bbox 2591 5463 2661 5502; x_wconf 90' lang='lat' dir='ltr'><strong>ea</strong></span> <span class='ocrx_word' id='word_1_875' title='bbox 2690 5462 2823 5518; x_wconf 73' lang='lat' dir='ltr'><strong>qum</strong></span> <span class='ocrx_word' id='word_1_876' title='bbox 2871 5446 2945 5502; x_wconf 90' lang='lat' dir='ltr'><strong>de</strong></span> <span class='ocrx_word' id='word_1_877' title='bbox 2973 5447 3203 5503; x_wconf 85' lang='lat' dir='ltr'><strong>Christo</strong></span> <span class='ocrx_word' id='word_1_878' title='bbox 3235 5453 3396 5511; x_wconf 88' lang='lat' dir='ltr'><strong>sunt,</strong></span> <span class='ocrx_word' id='word_1_879' title='bbox 3428 5463 3498 5502; x_wconf 89' lang='lat' dir='ltr'><strong>ex</strong></span> <span class='ocrx_word' id='word_1_880' title='bbox 3526 5446 3655 5520; x_wconf 88' lang='lat' dir='ltr'><strong>lege</strong></span> <span class='ocrx_word' id='word_1_881' title='bbox 3688 5451 3771 5501; x_wconf 68' lang='lat' dir='ltr'><strong>et-</strong></span> 
     </span>
    </p>
   </div>
   <div class='ocr_carea' id='block_1_116' title="bbox 295 5535 3770 5611">
    <p class='ocr_par' dir='ltr' id='par_1_116' title="bbox 295 5535 3770 5611">
     <span class='ocr_line' id='line_1_116' title="bbox 295 5535 3770 5611; baseline -0.001 -19"><span class='ocrx_word' id='word_1_882' title='bbox 295 5540 624 5611; x_wconf 86' lang='lat' dir='ltr'><strong>prophetis</strong></span> <span class='ocrx_word' id='word_1_883' title='bbox 656 5538 911 5595; x_wconf 90' lang='lat' dir='ltr'><strong>edoctus</strong></span> <span class='ocrx_word' id='word_1_884' title='bbox 943 5536 1022 5592; x_wconf 90' lang='lat' dir='ltr'><strong>sit</strong></span> <span class='ocrx_word' id='word_1_885' title='bbox 1050 5535 1237 5608; x_wconf 88' lang='lat' dir='ltr'><strong>magis</strong></span> <span class='ocrx_word' id='word_1_886' title='bbox 1268 5549 1448 5606; x_wconf 90' lang='lat' dir='ltr'><strong>quam</strong></span> <span class='ocrx_word' id='word_1_887' title='bbox 1479 5538 1703 5607; x_wconf 84' lang='lat' dir='ltr'><strong>gentes.</strong></span> <span class='ocrx_word' id='word_1_888' title='bbox 1742 5535 2037 5594; x_wconf 66' lang='lat' dir='ltr'><strong>Praeterea</strong></span> <span class='ocrx_word' id='word_1_889' title='bbox 2067 5538 2209 5593; x_wconf 90' lang='lat' dir='ltr'><strong>licet</strong></span> <span class='ocrx_word' id='word_1_890' title='bbox 2236 5535 2309 5592; x_wconf 90' lang='lat' dir='ltr'><strong>ad</strong></span> <span class='ocrx_word' id='word_1_891' title='bbox 2342 5551 2724 5592; x_wconf 88' lang='lat' dir='ltr'><strong>communem</strong></span> <span class='ocrx_word' id='word_1_892' title='bbox 2753 5536 2988 5604; x_wconf 82' lang='lat' dir='ltr'><strong>generis</strong></span> <span class='ocrx_word' id='word_1_893' title='bbox 3015 5535 3264 5593; x_wconf 90' lang='lat' dir='ltr'><strong>humani</strong></span> <span class='ocrx_word' id='word_1_894' title='bbox 3297 5536 3553 5593; x_wconf 89' lang='lat' dir='ltr'><strong>salutem</strong></span> <span class='ocrx_word' id='word_1_895' title='bbox 3582 5549 3729 5590; x_wconf 84' lang='lat' dir='ltr'><strong>vene</strong></span> <span class='ocrx_word' id='word_1_896' title='bbox 3748 5564 3770 5577; x_wconf 85' lang='lat'><strong>-</strong></span> 
     </span>
    </p>
   </div>
   <div class='ocr_carea' id='block_1_117' title="bbox 289 5621 3769 5697">
    <p class='ocr_par' dir='ltr' id='par_1_117' title="bbox 289 5621 3769 5697">
     <span class='ocr_line' id='line_1_117' title="bbox 289 5621 3769 5697; baseline -0.001 -13"><span class='ocrx_word' id='word_1_897' title='bbox 289 5633 395 5684; x_wconf 88' lang='lat' dir='ltr'><strong>rat</strong></span> <span class='ocrx_word' id='word_1_898' title='bbox 450 5630 753 5697; x_wconf 85' lang='lat' dir='ltr'><strong>Christus,</strong></span> <span class='ocrx_word' id='word_1_899' title='bbox 812 5633 1018 5683; x_wconf 89' lang='lat' dir='ltr'><strong>tamen</strong></span> <span class='ocrx_word' id='word_1_900' title='bbox 1077 5624 1237 5679; x_wconf 85' lang='lat' dir='ltr'><strong>inter</strong></span> <span class='ocrx_word' id='word_1_901' title='bbox 1290 5621 1526 5678; x_wconf 75' lang='lat' dir='ltr'><strong>Iudaeos</strong></span> <span class='ocrx_word' id='word_1_902' title='bbox 1583 5625 1642 5676; x_wconf 91' lang='lat' dir='ltr'><strong>et</strong></span> <span class='ocrx_word' id='word_1_903' title='bbox 1699 5629 1875 5681; x_wconf 86' lang='lat' dir='ltr'><strong>natus</strong></span> <span class='ocrx_word' id='word_1_904' title='bbox 1928 5632 1987 5683; x_wconf 90' lang='lat' dir='ltr'><strong>et</strong></span> <span class='ocrx_word' id='word_1_905' title='bbox 2041 5631 2422 5685; x_wconf 85' lang='lat' dir='ltr'><strong>conversatus</strong></span> <span class='ocrx_word' id='word_1_906' title='bbox 2469 5625 2684 5690; x_wconf 89' lang='lat' dir='ltr'><strong>fuerat,</strong></span> <span class='ocrx_word' id='word_1_907' title='bbox 2736 5625 3040 5691; x_wconf 88' lang='lat' dir='ltr'><strong>docuerat,</strong></span> <span class='ocrx_word' id='word_1_908' title='bbox 3091 5626 3408 5697; x_wconf 85' lang='lat' dir='ltr'><strong>divinaque</strong></span> <span class='ocrx_word' id='word_1_909' title='bbox 3459 5624 3619 5681; x_wconf 87' lang='lat' dir='ltr'><strong>inter</strong></span> <span class='ocrx_word' id='word_1_910' title='bbox 3650 5638 3769 5680; x_wconf 87' lang='lat' dir='ltr'><strong>eos</strong></span> 
     </span>
    </p>
   </div>
   <div class='ocr_carea' id='block_1_118' title="bbox 288 5710 3774 5797">
    <p class='ocr_par' dir='ltr' id='par_1_118' title="bbox 288 5710 3774 5797">
     <span class='ocr_line' id='line_1_118' title="bbox 288 5710 3774 5797; baseline -0.003 -21"><span class='ocrx_word' id='word_1_911' title='bbox 288 5718 468 5797; x_wconf 78' lang='lat' dir='ltr'><strong>signa</strong></span> <span class='ocrx_word' id='word_1_912' title='bbox 495 5726 799 5797; x_wconf 84' lang='lat' dir='ltr'><strong>operatus</strong></span> <span class='ocrx_word' id='word_1_913' title='bbox 826 5721 992 5775; x_wconf 86' lang='lat' dir='ltr'><strong>erat:</strong></span> <span class='ocrx_word' id='word_1_914' title='bbox 1018 5719 1263 5788; x_wconf 88' lang='lat' dir='ltr'><strong>propter</strong></span> <span class='ocrx_word' id='word_1_915' title='bbox 1280 5728 1412 5785; x_wconf 66' lang='lat' dir='ltr'><strong>quia</strong></span> <span class='ocrx_word' id='word_1_916' title='bbox 1433 5710 1637 5769; x_wconf 85' lang='lat' dir='ltr'><strong>omnia</strong></span> <span class='ocrx_word' id='word_1_917' title='bbox 1662 5711 1963 5774; x_wconf 72' lang='lat' dir='ltr'><strong>debitores</strong></span> <span class='ocrx_word' id='word_1_918' title='bbox 1993 5722 2166 5776; x_wconf 87' lang='lat' dir='ltr'><strong>erant</strong></span> <span class='ocrx_word' id='word_1_919' title='bbox 2188 5715 2399 5786; x_wconf 81' lang='lat' dir='ltr'><strong>Judaei,</strong></span> <span class='ocrx_word' id='word_1_920' title='bbox 2454 5720 2521 5772; x_wconf 87' lang='lat' dir='ltr'><strong>ut</strong></span> <span class='ocrx_word' id='word_1_921' title='bbox 2555 5716 2735 5788; x_wconf 89' lang='lat' dir='ltr'><strong>primi</strong></span> <span class='ocrx_word' id='word_1_922' title='bbox 2779 5716 2843 5774; x_wconf 91' lang='lat' dir='ltr'><strong>in</strong></span> <span class='ocrx_word' id='word_1_923' title='bbox 2885 5716 3189 5774; x_wconf 87' lang='lat' dir='ltr'><strong>Christum</strong></span> <span class='ocrx_word' id='word_1_924' title='bbox 3229 5713 3545 5772; x_wconf 88' lang='lat' dir='ltr'><strong>crederent</strong></span> <span class='ocrx_word' id='word_1_925' title='bbox 3583 5710 3774 5787; x_wconf 63' lang='lat' dir='ltr'><strong>supra</strong></span> 
     </span>
    </p>
   </div>
   <div class='ocr_carea' id='block_1_119' title="bbox 270 5816 817 5890">
    <p class='ocr_par' dir='ltr' id='par_1_119' title="bbox 270 5816 817 5890">
     <span class='ocr_line' id='line_1_119' title="bbox 270 5816 817 5890; baseline -0.013 -18"><span class='ocrx_word' id='word_1_926' title='bbox 270 5820 535 5875; x_wconf 63' lang='grc' dir='ltr'>σείει-σε</span> <span class='ocrx_word' id='word_1_927' title='bbox 564 5816 817 5890; x_wconf 83' lang='lat' dir='ltr'><strong>gentes.</strong></span> 
     </span>
    </p>
   </div>
  </div>
