4112 6412
355 381 364 392 '
381 375 498 437 335

1503 359 1919 426 OECUMENII
1963 357 2273 418 TRICCA".
2318 356 2672 423 EPISCOPI

3689 372 3813 432 336

452 504 603 563 209
636 505 680 569 Ι,
712 500 767 558 7.
808 499 1040 557 Justitia
1069 500 1215 556 enim
1248 498 1346 556 Dei
1396 499 1458 555 in
1508 500 1630 570 ipso
1660 496 1937 553 revelatur
1966 508 2034 548 ea:

2221 492 2542 565 Δικαιοσύνη
2577 494 2681 573 γὰρ
2734 500 2870 553 Θεοῦ
2922 494 2975 553 ἒν
3033 498 3183 573 αὐτῷ
3241 497 3685 557 ἀποκαλύπτεται
3735 501 3798 559 ἐκ

379 596 481 667 ﬁde
506 595 566 650 in
592 593 778 662 ﬁdem,
810 592 955 647 sicut
984 591 1253 661 scriptum
1288 596 1367 646 est
1390 606 1407 644 :
1427 591 1615 645 Justus
1644 593 1826 643 autem
1850 600 1919 640 ea:
1939 582 2042 653 ﬁde

382 687 545 742 vivet.

454 776 535 830 Ne
566 790 702 830 cum
732 773 989 830 salutem
1025 790 1094 829 ac
1140 772 1438 845 justitiam
1500 769 1692 835 audis,
1755 784 1888 823 eam
1947 764 2045 821 hic

385 864 577 920 solum
608 863 955 934 contingere
986 862 1310 928 existimes,
1346 859 1581 917 subdit:
1609 880 1632 911 α
1669 857 2043 922 Revelatur,»

384 953 545 1027 quod
575 970 705 1010 eam
739 953 1036 1023 signiﬁcat
1065 969 1197 1024 quae
1229 956 1321 1007 est
1350 951 1412 1006 in
1434 949 1630 1005 futuro
1664 945 2045 1009 smculo,tan-

386 1057 569 1112 quam
600 1057 761 1097 nunc
788 1057 908 1097 non
943 1045 1065 1096 tota
1107 1039 1489 1097 manifestata
1511 1039 1607 1094 sit.
1644 1060 1671 1089 ‹‹
1704 1038 1771 1091 In
1802 1036 1929 1109 ipso
1952 1050 2049 1089 re-

385 1131 634 1195 relatur.
673 1153 700 1181 υ
733 1133 882 1187 Puta
917 1131 1252 1204 Evangelio.
1287 1132 1432 1186 Nam
1466 1129 1590 1196 Dei,
1624 1126 1838 1200 inquit,
1865 1124 2050 1198 justi-

388 1221 471 1277 tia
500 1221 562 1276 in
593 1221 904 1293 Evangelio
939 1221 1235 1276 revelatur
1268 1237 1281 1274 :
1315 1220 1427 1275 hoc
1482 1224 1589 1286 est,
1636 1217 1834 1273 omnis
1864 1215 2048 1271 virtus

389 1328 498 1383 per
542 1311 928 1384 Evangelium
983 1311 1311 1384 perﬁcitur.
1373 1312 1517 1365 Nam
1567 1307 1803 1381 justitia
1832 1305 2049 1377 saepius

391 1417 631 1457 omnem
661 1401 935 1457 virtutem
970 1401 1306 1474 signiﬁcare
1320 1399 1490 1455 solet.
1523 1396 1827 1464 Quomodo
1850 1400 2050 1451 autem

392 1497 451 1547 et
479 1508 788 1563 quousque
819 1490 1162 1547 revelatur?
1183 1491 1281 1545 His
1313 1490 1412 1562 qui
1447 1505 1515 1545 ex
1536 1488 1651 1544 ﬁde
1684 1486 1757 1542 ad
1779 1488 2048 1558 Evange-

390 1581 541 1636 lium
574 1580 884 1636 accedunt.
921 1579 1304 1652 Evangelium
1354 1580 1515 1634 enim
1548 1577 1821 1632 virtutem
1854 1574 2052 1630 omni-

391 1672 503 1728 bus
536 1672 841 1744 praedicat,
876 1688 1204 1743 omnesque
1237 1671 1585 1726 adhortatur
1614 1671 1889 1724 virtutem
1923 1683 2049 1722 am-

394 1762 595 1834 plecti.
627 1762 753 1817 Illis
782 1767 981 1817 autem
1012 1761 1250 1816 virtutis
1282 1760 1788 1833 pulchritudinem
1805 1756 2048 1821 revelat,

2154 579 2387 645 πίστεως
2418 582 2497 647 εἷς
2528 585 2728 659 πίστιν,
2766 588 2947 653 καθὼς
2978 587 3296 668 γέγραπται·
3329 591 3391 649 Ὁ
3418 588 3475 647 δὲ
3506 588 3714 655 δίκαιος
3749 594 3811 649 ἐκ

2157 669 2390 735 πίστεως
2425 676 2669 745 ζήσεται.

2226 761 2337 818 Ἵνα
2387 764 2489 841 γὰρ
2551 766 2627 839 μή
2689 767 2960 844 σωτηρίαν
3019 770 3110 826 καὶ
3167 767 3516 842 δικαιοσύνην
3574 771 3814 845 ἀκούων,

2158 849 2384 919 ἐνταῦθα
2446 856 2608 930 μόνον
2668 857 2834 931 αὐτην
2911 858 3224 935 συμϐαίνειν
3311 864 3566 940 νομίσῃς,
3629 863 3816 942 ἐπάγει

2158 943 2241 1013 τὸ,
2278 944 2794 1017 «ἀποκαλύπτεται,
2820 976 2841 1005 ι
2881 949 3013 1027 ὅπερ
3044 953 3143 1021 τήν
3197 953 3309 1008 ἐκεῖ
3360 951 3549 1024 δηλοῖ,
3595 955 3670 1017 ὡς
3723 959 3819 1010 νῦν

2160 1032 2328 1102 αὐτῆς
2364 1036 2440 1109 μὴ
2490 1041 2668 1110 πάσης
2716 1041 3192 1116 πεφανερωμὲνης.
3233 1067 3261 1093 ‹‹
3321 1043 3411 1101 Ἐν
3472 1043 3619 1116 αύτῷ
3677 1045 3815 1101 ἀπο-

2160 1121 2515 1185 καλύπτεται.
2552 1151 2580 1180 n
2638 1131 2733 1202 Τῷ
2788 1129 3115 1210 Εύαγγελίῳ
3163 1130 3443 1204 δηλονότι.
3487 1135 3814 1207 Δικαιοσύνη

2157 1212 2258 1289 γὰρ
2289 1219 2443 1287 Θεοῦ,
2478 1217 2659 1293 φησὶν,
2689 1216 2741 1273 ἐν
2795 1223 2876 1293 τῷ
2953 1221 3277 1300 Εὐαγγελίῳ
3345 1221 3817 1284 ἀποκαλύπτεται.

2160 1303 2472 1377 Τουτέστιν,
2505 1306 2747 1378 ’ἁπασαὴ
2809 1311 2972 1384 ἀρετή
3036 1310 3124 1366 διὰ
3179 1314 3276 1368 τοῦ
3329 1311 3674 1389 Εὗαγγελίου
3726 1334 3823 1371 τε·-

2156 1390 2421 1452 λειοῦται,
2528 1398 2849 1471 Δικαιοσύνη
2952 1401 3053 1477 γὰρ
3148 1399 3422 1465 πολλάκις
3499 1402 3655 1460 εἷ’ωθε
3712 1411 3824 1461 πᾶ-

2161 1504 2255 1538 σαν
2316 1482 2497 1563 λέγειν
2563 1488 2663 1557 τήν
2750 1488 2970 1564 ἀρετήν.
3048 1497 3173 1555 Πῶς
3234 1489 3290 1549 δὲ
3347 1491 3820 1566 ἀποκαλύπτεται,

2158 1572 2249 1627 καὶ
2281 1574 2389 1629 τίσι
2425 1578 2602 1644 ;Τοῖς
2633 1576 2693 1632 ἐκ
2719 1578 2956 1642 πίστεως
3009 1582 3090 1655 τῷ
3125 1581 3444 1657 Εὖαγγελίῳ
3500 1589 3814 1658 προσιοῦσι.

2160 1667 2296 1718 ΙΙᾶσι
2336 1664 2430 1737 μὲν
2485 1666 2587 1741 γὰρ
2638 1668 2899 1744 κηρύττει
2938 1672 3038 1741 τὴν
3092 1671 3287 1747 ἀρετήν
3348 1674 3411 1728 τὸ
3464 1673 3818 1750 Εύαγγὲλιον,

2158 1753 2250 1808 καὶ
2276 1759 2408 1810 πᾶσι
2438 1762 2688 1831 παραινεῖ
2741 1758 3060 1839 ἀντέχεσθαι
3114 1768 3218 1832 τῆς
3275 1762 3495 1838 ἀρετῆς.
3560 1764 3823 1827 Ἐκείνοις

399 1852 648 1923 ejusque
715 1852 855 1907 facit
906 1858 1222 1919 amatores,
1257 1851 1357 1922 qui
1390 1867 1495 1922 per
1527 1849 1702 1905 ﬁdem
1736 1847 2046 1905 accedunt.

2167 1840 2220 1898 δὲ
2252 1844 2635 1902 ἀποκαλύπτει
2664 1848 2726 1903 τὸ
2777 1847 2990 1913 κάλλος
3047 1858 3149 1921 τῆς
3200 1851 3420 1926 ἀρετῆς,
3459 1854 3550 1909 καὶ
3585 1853 3833 1917 ἐκείνους

401 1941 551 2006 Quid
584 1958 720 2013 ergo
746 1941 991 1996 ?Cessat
1022 1942 1206 1996 virtus
1230 1940 1330 1996 ubi
1365 1941 1499 2012 quis
1531 1939 1760 2012 egregie
1785 1940 2057 1993 virtutem

401 2037 710 2088 assecutus
735 2037 825 2086 est
844 2030 871 2085 ‘?
901 2033 1283 2102 Nequaquam
1312 2047 1324 2085 :
1350 2031 1492 2103 quin
1520 2030 1717 2102 potius
1748 2029 1808 2083 in
1828 2028 2058 2100 perfec-

404 2121 559 2177 ctius
588 2138 655 2176 ac
687 2121 1005 2176 sublimius
1038 2120 1488 2175 tendit.Etenim
1520 2119 1708 2191 prima
1735 2119 1882 2174 ﬁdes
1901 2134 2059 2173 com-

405 2212 649 2283 punctio
678 2210 949 2282 quaedam
983 2217 1109 2266 erat
1129 2211 1464 2281 animmque
1488 2208 2061 2281 promptitudo.Quaa

405 2318 541 2357 vero
575 2318 710 2356 cum
741 2301 1085 2373 operatione
1116 2300 1397 2355 virtutum
1433 2306 1678 2354 coaucta
1704 2305 1764 2354 et
1801 2298 2064 2370 perfecta

406 2391 557 2447 ﬁdes
587 2395 696 2458 est,
730 2390 1105 2445 conﬁrmatio
1138 2388 1529 2444 immutabilis
1562 2395 1671 2456 est,
1725 2388 2063 2458 mentisque

405 2481 716 2538 certltudo.
746 2481 816 2535 Et
845 2480 950 2535 illa
982 2479 1224 2550 quidem
1253 2478 1500 2533 seminis
1531 2477 1818 2532 decisioni
1848 2476 2063 2532 similis

406 2576 517 2637 est,
541 2570 824 2624 virtutum
874 2574 1072 2624 autem
1105 2567 1391 2639 operatio,
1452 2565 1944 2622 fructiﬁcationi:
2008 2568 2064 2619 et

403 2660 512 2715 illa
544 2677 675 2731 qua:
708 2676 805 2731 per
846 2676 944 2714 eas
987 2658 1296 2730 perﬁcitur
1323 2656 1495 2722 ﬁdes,
1527 2656 1796 2711 fruitioni
1828 2672 1895 2710 ac
1922 2654 2063 2710 hea-

401 2750 759 2805 titudini.lta
791 2765 926 2821 ergo
949 2747 1187 2821 justitia
1216 2747 1318 2801 Dei
1349 2746 1645 2801 revelatur
1675 2743 2062 2817 inEvangelio

404 2855 473 2894 ex
504 2839 622 2894 ﬁde
658 2840 721 2894 in
753 2837 957 2894 ﬁdem.
992 2838 1173 2892 Vocat
1202 2842 1401 2892 autem
1432 2836 1536 2891 Dei
1559 2835 1853 2907 justitiam
1887 2834 2063 2889 virtu-

403 2934 544 2994 tem,
571 2928 730 3001 quod
764 2926 1031 2982 divinum
1065 2926 1348 2998 quiddam
1382 2927 1460 2981 sit
1513 2926 1722 2991 virtus,
1784 2924 2063 2997 quodque

407 3018 611 3075 omnia
644 3019 799 3073 bona
831 3034 899 3071 ex
935 3022 1050 3071 Deo
1076 3016 1197 3071 sint
1248 3039 1273 3067 ‹‹
1297 3018 1376 3070 Ex
1402 3015 1597 3071 ﬁdein
1627 3013 1864 3070 ﬁdem.»
1885 3012 2064 3069 Aﬁde

409 3110 638 3181 incipit,
672 3114 734 3164 et
763 3108 824 3163 in
854 3105 1093 3162 ﬁdelem
1127 3122 1233 3162 seu
1265 3106 1605 3162 credentem
1659 3104 1899 3161 desinit.
1960 3104 2063 3159 Vel

408 3200 548 3271 quia
570 3204 627 3253 et
657 3199 718 3253 in
752 3198 865 3253 ﬁde
895 3197 1109 3268 incipit
1139 3202 1197 3252 et
1226 3198 1287 3251 in
1313 3197 1489 3252 ﬁdem
1526 3197 1831 3251 terminari
1854 3194 2059 3251 debet:

408 3248 566 3362 quod
597 3305 707 3343 nos
737 3305 857 3342 non
890 3248 1162 3359 oporrteat
1191 3295 1409 3343 cuncta
1438 3304 1570 3357 quas
1602 3287 1661 3341 in
1714 3303 1783 3342 eo
1835 3285 2058 3341 haben-
2091 3248 2137 3318 α

404 3386 503 3434 tur
534 3378 766 3433 curiose
816 3377 1087 3434 scrutari.
1149 3378 1266 3431 Aut
1321 3376 1432 3431 hoc
1490 3375 1713 3431 modo:
1750 3375 2062 3446 Prophetis

405 3468 647 3525 credere
674 3472 924 3539 Oportet,
959 3472 1017 3523 et
1054 3482 1160 3538 per
1205 3466 1341 3521 illos
1374 3466 1447 3520 ad
1478 3465 1855 3538 Evangelium
1881 3466 2059 3521 ﬁdem

405 3558 562 3613 duci.
595 3558 889 3612 Praeterea
919 3562 978 3612 et
1006 3556 1200 3611 aliter.
1243 3555 1351 3620 Qui
1396 3555 1627 3609 Christo
1654 3556 1904 3610 Domino
1928 3572 2060 3611 cre-

404 3647 493 3703 dit
523 3653 580 3702 et
608 3646 886 3719 baptismi
909 3645 1159 3719 gratiam
1190 3645 1585 3717 suscepit,per
1604 3645 1729 3700 haec
1749 3644 2063 3702 deducitur

405 3737 480 3794 ad
510 3736 875 3794 credendum
905 3735 1105 3790 futura
1134 3734 1309 3803 bona,
1355 3740 1498 3807 puta
1557 3736 2058 3792 resurrectionem

406 3843 475 3883 ex
506 3827 780 3894 mortuis,
800 3826 982 3881 vitam
1013 3830 1317 3893 aeternam,
1352 3841 1718 3898 regnumque
1750 3825 2057 3883 cmlorum.

403 3918 655 3975 Credere
686 3919 842 3973 enim
878 3922 1112 3989 oportet
1130 3916 1289 3988 quod
1306 3915 1571 3972 Christus
1593 3923 1868 3988 suscopta
1880 3934 2058 3974 carne

406 4010 469 4064 in
501 4014 659 4063 terra
682 4008 977 4079 apparuit,
1011 4006 1169 4077 quod
1190 4006 1554 4077 principium
1573 4012 1659 4061 est
1686 4023 1699 4060 :
1725 4013 1782 4061 et
1819 4024 2058 4063 rursum

407 4097 566 4168 quod
588 4112 833 4168 regnum
859 4096 1141 4151 cmlorum
1164 4093 1544 4150 credentibus
1561 4094 1622 4148 in
1647 4093 2056 4152 heereditatem

408 4183 871 4255 succedet,quod
894 4184 1032 4239 ﬁnis
1053 4188 1144 4239 est
1174 4182 1333 4238 ﬁdei.
1366 4184 1522 4238 210
1556 4183 1653 4237 Vel
1686 4183 1799 4240 hoc
1841 4185 2055 4241 modo:

403 4273 605 4329 Judmo
639 4272 880 4344 quidem
912 4288 980 4326 ex
1012 4271 1129 4326 ﬁde
1159 4271 1386 4344 legisin
1407 4271 1745 4344 ﬁdem,quaa
1764 4290 1869 4345 per
1885 4275 2057 4330 Chri-

404 4368 560 4418 stum
596 4366 685 4417 est
718 4378 730 4415 :
767 4362 964 4416 Graeco
993 4376 1128 4415 vero
1161 4377 1231 4415 ex
1259 4360 1373 4415 ﬁde
1402 4361 1659 4416 naturali
1691 4362 1751 4417 in
1784 4365 2055 4421 eamdem

402 4455 539 4508 Jesu
551 4451 765 4507 Christi
792 4450 1198 4506 ﬁdem.«Sicut
1217 4450 1501 4522 scriptum
1518 4456 1624 4507 est.
1650 4473 1678 4502 ρ)
1702 4455 1781 4509 Ne
1795 4454 1953 4510 enim
1968 4455 2054 4511 in-

403 4540 690 4596 credibile
718 4539 1172 4611 videatur,quod
1204 4538 1354 4595 ﬁdes
1385 4539 1639 4597 salutem
1671 4542 2053 4602 daturasitac

2169 1938 2320 1988 ποιεῖ
2367 1933 2590 2009 ἐραστὰς
2648 1935 2838 2010 αὐτῆς,
2894 1938 3022 2002 τοὺς
3094 1941 3229 2012 μετά
3285 1941 3519 2005 πίστεως
3567 1944 3834 2018 προσιόν-

2174 2042 2283 2085 τας.
2325 2024 2391 2080 Τί
2424 2023 2561 2094 οὗν;
2623 2027 2847 2083 παύεται
2898 2031 2934 2098 ἡ
2992 2030 3177 2092 πίστις
3223 2035 3322 2096 τῆς
3378 2032 3574 2108 ἀρετῆς
3628 2052 3832 2110 κατορ-

2173 2110 2445 2184 θουμένης
2478 2134 2492 2177 ς
2526 2113 2824 2189 Ούμενοῦν.
2883 2114 3056 2173 Ἀλλὰ
3114 2118 3203 2173 καὶ
3254 2118 3329 2181 εἰς
3380 2120 3442 2174 τὸ
3490 2117 3835 2196 τελειότερον

2170 2203 2258 2257 καὶ
2286 2201 2629 2280 ὑψηλότερον
2686 2208 2955 2282 πρόεισιν.
3016 2211 3079 2267 Ἡ
3137 2210 3230 2282 μὲν
3291 2211 3395 2288 γαρ
3422 2214 3616 2287 πρώτη
3648 2212 3835 2275 πίστις

2171 2292 2447 2364 κατάνυξίς
2477 2317 2558 2360 τις
2594 2297 2660 2366 ἦν
2692 2297 2783 2352 καὶ
2812 2300 3089 2375 προθυμία
3120 2303 3328 2376 ψυχῆς.
3386 2303 3448 2359 Ἡ
3502 2298 3559 2356 δὲ
3598 2306 3666 2376 τῇ
3720 2307 3835 2358 τῶν

2173 2382 2377 2460 ἀρετῶν
2437 2384 2661 2461 ἐργασίᾳ
2719 2390 3103 2461 συναυξηθεῖσα
3160 2393 3249 2447 καὶ
3331 2394 3686 2448 τελειωθεῖσα
3743 2392 3843 2448 πί-

2174 2494 2313 2544 στις,
2347 2468 2641 2549 βεϐαίωσίς
2673 2477 2817 2532 ἐστιν
2872 2478 3274 2551 ἀμετάπειστος
3311 2480 3401 2536 καὶ
3452 2480 3837 2559 πληροφορία.

2173 2564 2274 2619 Καὶ
2310 2566 2344 2632 ἡ
2380 2564 2476 2638 μὲν
2509 2560 2653 2621 ἔοικε
2681 2562 2969 2643 καταϐολῇ
3003 2568 3335 2645 σπέρματος,
3368 2572 3402 2640 ἡ
3439 2567 3497 2625 δὲ
3543 2592 3835 2650 καρποφοι

2172 2652 2282 2727 ρίᾳ,
2310 2655 2345 2723 ἡ
2377 2658 2485 2709 τῶν
2518 2656 2722 2732 ἀρετῶν
2771 2657 3018 2733 ἐργασία,
3077 2662 3112 2730 ἡ
3148 2656 3203 2714 δὲ
3261 2657 3332 2715 δι’
3398 2660 3576 2715 αὐτῶν
3602 2660 3837 2717 τελειω-

2173 2744 2324 2796 Θεῖσα
2358 2743 2562 2816 πίστις,
2596 2743 2894 2802 ἀπολαύσει
2948 2747 3038 2802 καὶ
3070 2746 3414 2823 εὐδαιμονίᾳ.
3481 2750 3667 2812 Οὕτως
3735 2750 3829 2807 οὗν

2175 2829 2492 2905 δικαιοσύνη
2530 2839 2664 2891 Θεοῦ
2695 2836 3139 2895 ἀποκαλύπτεται
3180 2839 3233 2896 ἦν
3283 2844 3361 2913 τῷ
3412 2839 3733 2915 Εύαγγελίῳ
3764 2839 3828 2895 ἐκ

2173 2921 2408 2985 πίστεως
2441 2924 2517 2986 εἷς
2545 2924 2742 2986 πίστιν.
2785 2928 2959 2984 Καλεῖ
3018 2925 3076 2983 δὲ
3134 2933 3269 2984 Θεοῦ
3324 2927 3663 2999 δικαιοσύνην
3721 2928 3824 2996 τὴν

2173 3011 2392 3087 ἀρετήν,
2435 3015 2517 3069 ὅτι
2560 3015 2700 3071 θεῖόν
2734 3017 2786 3072 τί
2820 3015 2961 3073 ἐστιν
2990 3020 3025 3088 ἡ
3068 3017 3257 3093 ἀρετὴ,
3290 3019 3380 3075 καὶ
3414 3019 3499 3075 ὅτι
3528 3017 3697 3075 πάντα
3750 3018 3822 3071 τὰ

2175 3101 2346 3178 ἀγαθὰ
2404 3102 2463 3158 ἐκ
2519 3108 2674 3162 Θεοῦ.
2713 3132 2740 3159 ‹‹
2802 3107 2895 3163 Ἐκ
2948 3107 3180 3171 πίστεως
3235 3109 3311 3171 εἷς
3363 3108 3633 3167 πίστιν.»
3689 3108 3836 3166 Ἀπὸ

2174 3192 2407 3257 πίστεως
2458 3193 2708 3275 ἄρχεται,
2766 3196 2856 3253 καὶ
2917 3196 2994 3261 εἷς
3063 3199 3154 3255 τὸν
3206 3200 3565 3255 πιστεύσαντα
3643 3197 3828 3275 λήγει.

2174 3282 2243 3339 Ἠ
2278 3284 2360 3337 ὅτι
2388 3283 2446 3339 ἐκ
2476 3286 2708 3348 πίστεώς
2748 3307 2805 3341 τε
2834 3286 3085 3367 ἄρχεται,
3144 3290 3232 3344 καὶ
3269 3288 3345 3352 είς
3383 3288 3560 3344 πίστιν
3619 3287 3832 3368 ὀφείλει

2173 3371 2358 3446 λῆξαι.
2392 3374 2482 3435 Ὠς
2523 3374 2626 3429 οὐκ
2692 3375 3026 3449 ὀφειλόντων
3060 3380 3222 3451 ἡμῶν
3257 3377 3465 3434 ἅπαντα
3496 3378 3562 3434 τὰ
3596 3377 3649 3433 ἐν
3681 3378 3835 3451 αὐτῷ

2173 3463 2640 3539 περιεργάζεσθαι.
2672 3464 2743 3520 Ἦ
2777 3464 2970 3529 οὕτως·
3018 3471 3108 3521 Δεῖ
3177 3471 3461 3523 πιστεῦσαι
3516 3472 3635 3528 τοῖς
3692 3486 3836 3542 προσ

2172 3551 2394 3629 φήταις,
2423 3552 2512 3606 καὶ
2547 3548 2617 3606 δι’
2647 3550 2865 3608 ἐκείνων
2900 3553 2978 3618 εἴς
3037 3558 3139 3625 τὴν
3199 3561 3296 3611 τοῦ
3337 3556 3679 3632 Εὐαγγελίου
3748 3554 3836 3611 πί-

2173 3659 2285 3695 στιν
2319 3636 2725 3716 ποδηγηθῆναι.
2757 3642 3008 3707 ”ΑΛλως.
3042 3646 3104 3703 Ὀ
3134 3646 3237 3721 γὰρ
3297 3650 3375 3719 τῷ
3432 3646 3675 3721 Δεσπὸτῃ
3733 3666 3831 3699 πι-

2172 3728 2374 3784 στεύων
2423 3732 2671 3805 Χριστῷ,
2731 3732 2821 3788 καὶ
2887 3738 2983 3789 τοῦ
3050 3735 3423 3810 βαπτίσματος
3490 3736 3590 3804 τὴν
3668 3736 3833 3811 χάριν

2172 3816 2477 3895 δεξάμενος,
2538 3820 2859 3897 ποδηγεῖται
2909 3820 2997 3878 διὰ
3052 3824 3260 3880 τούτων
3295 3824 3370 3885 εἷς
3436 3825 3499 3880 τὸ
3545 3830 3835 3880 πιστεῦσαι

2169 3914 2289 3970 τοῖς
2350 3909 2646 3983 μίλλουσιν
2702 3912 2951 3986 ἀγαθοῖς,
3017 3918 3085 3988 τῇ
3146 3912 3206 3969 ἐκ
3261 3920 3460 3988 νεκρῶν
3522 3915 3829 3986 ἀναστασει,

2170 4002 2238 4072 τῇ
2271 3998 2479 4073 αἰωνίῳ
2511 4004 2649 4075 ζωῇ,
2682 4002 2773 4058 καὶ
2832 4005 2900 4074 τῇ
2955 4001 3208 4079 βασιλείᾳ
3261 4010 3370 4059 τῶν
3404 4005 3665 4077 οὐρανῶν.
3717 4009 3829 4058 Πι-

2170 4089 2372 4143 στεύειν
2406 4089 2510 4163 γὰρ
2544 4087 2625 4145 δεῖ
2654 4091 2736 4147 ὅτι
2802 4092 2933 4155 Θεὸς
2996 4092 3162 4171 ἐφάνη
3219 4094 3304 4150 ἐπὶ
3364 4097 3463 4168 γῆς
3497 4094 3624 4169 μετὰ
3682 4114 3823 4169 σαρ-

2167 4179 2279 4248 κὸς,
2313 4176 2444 4252 ὅπερ
2467 4176 2608 4234 ἐστὶν
2639 4180 2811 4256 ἀρχὴ,
2868 4182 2958 4238 καὶ
3020 4183 3182 4239 πάλιν
3217 4183 3298 4239 ὅτι
3357 4178 3507 4240 ἔσται
3549 4190 3664 4245 τοῖς
3722 4205 3833 4238 m-

2169 4267 2446 4323 στεύσασιν
2480 4268 2555 4331 εἷς
2597 4267 2809 4346 κλῆρον
2841 4272 2875 4342 ἡ
2937 4271 3191 4347 βασιλεία
3246 4277 3352 4328 τῶν
3388 4274 3652 4348 οὐρανῶν,
3689 4274 3828 4349 ὅπερ

2168 4357 2280 4415 ἐστὶ
2313 4357 2544 4422 πίστεως
2572 4356 2753 4421 τέλος.
2785 4362 2853 4417 Ἣ
2885 4361 3079 4426 οὕτως.
3131 4365 3501 4437 [ἈΚΑΚΙΟΥ]
3560 4366 3655 4435 Τῷ
3716 4365 3817 4437 μὲν

2167 4446 2416 4522 Ἰουδαίῳ
2475 4449 2535 4506 ἐκ
2590 4457 2688 4520 τῆς
2739 4455 2835 4507 τοῦ
2898 4451 3074 4524 νόμου
3130 4452 3382 4522 πίστεως,
3437 4452 3513 4516 εἷς
3571 4455 3671 4522 την
3731 4451 3827 4510 διὰ

2167 4540 2346 4611 Ἰησοῦ
2372 4542 2628 4615 Χριστοῦ,
2661 4545 2741 4612 τῷ
2772 4539 2830 4597 δὲ
2861 4540 3120 4614 Ἕλληνι,
3188 4542 3246 4599 ἐκ
3290 4551 3390 4613 τῆς
3457 4547 3554 4599 τοῦ
3586 4547 3831 4622 φυσικοῦ

393 4631 934 4705 justitiam,eorum
970 4646 1102 4701 quas
1134 4628 1290 4686 dicta
1318 4635 1459 4685 sunt
1488 4632 1894 4689 testimonium
1920 4654 2054 4707 pro-

2167 4629 2239 4692 εἷς
2262 4630 2361 4699 τήν
2416 4631 2581 4702 αὐτὴν
2640 4633 2822 4704 Ἰησοῦ
2880 4638 3116 4709 Χριστοῦ
3172 4634 3379 4691 πίστιν.
3422 4655 3443 4685 ι
3480 4635 3674 4699 Καθὼς
3730 4632 3829 4712 γέ-

399 4722 565 4777 ducit
592 4738 659 4776 ac
690 4720 1104 4792 probationem
1138 4719 1716 4800 evidentem.nempe
1745 4725 2053 4796 propheti-

400 4829 534 4867 cum
570 4811 839 4867 Habacuc
871 4810 1095 4865 dictum
1131 4826 1143 4862 :
1178 4825 1245 4864 ac
1277 4810 1321 4864 si
1373 4809 1597 4865 diceret
1638 4827 1652 4866 :
1713 4814 1870 4869 Bene
1930 4815 2050 4870 dixi

399 4901 653 4972 probum
708 4902 896 4954 virum
948 4916 1018 4954 ex
1076 4898 1191 4954 ﬁde
1260 4899 1322 4953 in
1382 4898 1561 4954 ﬁdem
1618 4917 1726 4972 per
1773 4903 2050 4959 virtutem

402 4989 745 5060 procedere.
781 4989 1084 5059 Siquidem
1114 4987 1406 5049 Habacuc.
1439 4989 1655 5061 inquit,
1688 4991 1800 5045 hoc
1818 4994 2051 5049 cmlitus

402 5093 511 5149 per
541 5078 813 5149 spiritum
848 5077 1087 5145 clamat,
1122 5076 1278 5148 quod
1322 5077 1500 5132 homo
1559 5078 1779 5149 probus
1812 5097 1880 5136 ex
1935 5084 2050 5139 ﬁde

399 5165 559 5231 vivit,
592 5165 704 5219 hoc
735 5170 842 5227 est,
877 5181 1116 5220 omnem
1145 5181 1312 5220 suam
1346 5165 1521 5220 vitam
1556 5165 1671 5222 ﬁde
1703 5168 2051 5240 productam

398 5253 595 5309 habet.
628 5253 731 5308 Vel
760 5254 947 5325 magis
987 5254 1223 5326 proprie
1254 5271 1267 5308 :
1300 5255 1464 5309 Justo
1490 5272 1628 5311 vera
1666 5258 1781 5313 vita
1814 5265 1900 5315 est
1921 5278 2048 5330 ger-

393 5344 625 5399 minare
667 5358 734 5399 ac
792 5344 1136 5399 reviviscere
1189 5344 1249 5398 in
1312 5345 1689 5415 possessione
1745 5349 2047 5416 virtutum,

389 5433 616 5500 Justus,
651 5433 864 5504 inquit,
891 5434 1010 5488 sive
1043 5433 1262 5503 probus
1306 5434 1480 5489 homo
1511 5450 1580 5489 ex
1614 5435 1727 5492 ﬁde
1759 5439 1907 5495 vivet
1936 5446 2052 5501 vita

388 5540 521 5594 quae
582 5522 911 5578 secundum
970 5523 1216 5577 virtutes
1276 5529 1382 5578 est.
1434 5525 1686 5580 Rursum
1745 5530 1904 5599 quod
1944 5535 2047 5605 ait,

383 5636 411 5665 (ι
443 5613 644 5669 Justus
676 5630 744 5669 ex
778 5612 892 5668 ﬁde
925 5612 1096 5680 vivet,
1132 5634 1159 5662 »
1214 5612 1553 5685 appositum
1585 5629 1715 5672 esse
1748 5625 1944 5691 potest
1973 5624 2048 5681 ad

381 5700 444 5760 id
474 5702 633 5776 quod
664 5702 890 5760 dictum
917 5708 1047 5759 est:
1080 5723 1109 5752 ‹‹
1144 5703 1458 5760 Revelatur
1476 5703 1715 5775 justitia
1750 5723 1819 5766 ex
1851 5711 1989 5770 ﬁde.
2016 5738 2044 5768 υ

2159 4739 2413 4795 γραπται,
2479 4746 2505 4771 ν
2554 4723 2668 4778 Ἰνα
2723 4723 2827 4799 γὰρ
2888 4725 2962 4795 μή
3026 4721 3153 4798 δόξῃ
3229 4723 3492 4788 ἀπίθανον
3561 4725 3693 4778 εἶναι
3757 4724 3823 4780 τὸ

2161 4808 2333 4885 ῥῆμα,
2396 4809 2476 4865 ὅτι
2544 4811 2723 4874 πίστις
2805 4812 3077 4887 σωτηρίαν
3140 4810 3395 4888 δωρεῖται
3454 4814 3543 4868 καὶ
3604 4811 3816 4869 δικαιο-

2162 4900 2350 4971 σύνην⁷
2386 4901 2687 4977 μαρτυρίαν
2717 4903 2949 4979 παράγει
2980 4907 3087 4958 τῶν
3140 4901 3446 4979 ετρημένων
3507 4904 3593 4958 καὶ
3672 4903 3822 4958 ἀπύ-

2161 4986 2345 5061 δειξιν,
2398 4990 2493 5057 τήν
2557 4992 2902 5069 προφητικὴν
2961 4991 3120 5066 ῥῆσιν
3189 4994 3289 5063 τήν
3351 4997 3428 5064 τῷ
3485 4987 3821 5067 Ἀϐϐακοὺμ

2162 5079 2481 5153 εἷρημὲνην.
2539 5084 2794 5134 Τοιοῦτον
2861 5078 2918 5136 δέ
2976 5100 3161 5160 φησιν·
3224 5079 3422 5143 Καλῶς
3505 5082 3659 5136 εἷπον
3716 5083 3817 5136 τὸν

2161 5166 2460 5225 σπουδαῖον
2490 5168 2550 5225 ἐκ
2580 5170 2812 5234 πίστεως
2866 5169 2941 5233 εἷς
3008 5171 3186 5225 πίστιν
3218 5171 3464 5247 προϊὲναι
3497 5168 3563 5226 δι’
3593 5170 3819 5243 ἀρετῆς,

2161 5258 2263 5317 Καὶ
2295 5260 2401 5337 γὰο
2431 5260 2457 5314 ὁ
2499 5255 2838 5333 Ἀϐὄακοὺμ,
2893 5259 3077 5340 φησὶν,
3132 5260 3333 5317 ἄνωθεν
3379 5264 3539 5318 τοῦτο
3576 5259 3662 5315 διὰ
3716 5265 3827 5317 τοῦ

2161 5348 2325 5405 αὐτοῦ
2355 5349 2657 5424 πνεύματος
2714 5351 2839 5426 βοᾷ,
2873 5349 2954 5406 ὅτι
2991 5352 3017 5405 ὁ
3068 5349 3365 5416 σπουδαῖος
3414 5349 3696 5426 ἅνθρωπος
3764 5351 3827 5409 ἐκ

2158 5440 2392 5502 πίστεως
2424 5444 2515 5512 ζῇ,
2548 5439 2798 5496 τουτέστι
2848 5444 3018 5497 πᾶσαν
3068 5442 3167 5511 τήν
3212 5443 3357 5512 ζωήν
3414 5441 3577 5497 αὐτοῦ
3634 5438 3823 5497 πίστει

2158 5533 2624 5605 παρατεινομένην
2681 5524 2819 5588 ἔχει.
2888 5532 2958 5588 Ἢ
3032 5531 3384 5607 οἰκειότερον
3474 5531 3625 5588 Ἐπεὶ
3695 5533 3815 5601 ζωὴ

2157 5622 2394 5694 ἀληθινὴ
2446 5628 2525 5697 τῷ
2583 5621 2781 5699 δικαίῳ
2835 5624 2899 5680 τὸ
2957 5623 3179 5691 θάλλειν
3234 5626 3325 5682 καὶ
3378 5626 3578 5701 ἀναζῇν
3642 5623 3696 5681 ἐν
3747 5629 3822 5701 τῇ

2156 5717 2347 5788 κτήσει
2379 5721 2489 5774 τῶν
2520 5716 2744 5791 ἀρετῶν,
2796 5717 2825 5772 ὁ
2864 5714 3097 5790 δίκαιος,
3157 5717 3343 5791 φησὶν,
3396 5718 3524 5791 ἢτοι
3593 5718 3622 5772 ὃ
3654 5737 3823 5773 σπου-
