4112 6412
298 405 405 467 331

1404 407 1820 471 COMMENT.
1866 410 1957 472 IN
2002 410 2255 473 EPIST.
2301 412 2406 472 AD
2454 414 2644 476 ROM.

3622 420 3743 480 338

306 536 446 611 δαῖς,
505 535 566 597 ὲκ
660 537 901 601 πίστεως
987 538 1203 610 ζήσεται
1279 539 1383 610 τὴν
1441 541 1581 597 κατᾶ
1632 539 1728 603 τὰς
1781 541 1972 619 ἀρετὰς

2085 544 2199 602 Sed
2229 546 2356 604 haec
2386 549 2628 621 quidem
2660 549 2743 606 ita
2772 548 2910 606 sint.
2945 553 3160 608 Verum
3193 550 3242 607 si
3276 550 3575 623 justitiam
3632 554 3737 610 Dei

311 636 458 703 ζωην
569 627 678 687 Καί
735 627 794 684 ἂν
852 626 944 685 τό.
1030 653 1058 681 ‹‹
1111 630 1171 687 Ὀ
1245 626 1302 685 δὲ
1356 627 1566 693 δίκαιος
1624 630 1685 687 ἐκ
1741 633 1979 696 πίστεως

311 724 559 794 ζήσεται,
596 743 621 770 υ
708 720 1202 775 κατασκευαστικὸν
1258 725 1378 790 τοῦ,
1439 745 1467 773 ‹‹
1504 719 1979 778 Ἀποκαλύπτεται

313 811 637 882 δικαιοσύνη
673 809 735 865 ὲκ
760 810 1016 871 πίστεως.
1050 836 1078 862 ››
1120 808 1277 868 Ἀλλ’
1336 810 1478 868 οὕτω
1538 814 1634 881 μὲν
1692 817 1878 870 ταῦτα,
1914 815 1977 872 Εἰ

311 901 368 960 δὲ
396 905 463 958 τὸ
496 899 817 972 δικαιοσύνη
851 904 1012 972 Θεοῦ,
1047 900 1177 976 οὐχὶ
1231 902 1331 969 τὴν
1391 899 1444 957 ἐν
1504 902 1776 976 ἀνθρώπῳ
1833 905 1979 977 παρὰ

311 997 453 1051 Θεοῦ
486 989 783 1066 διδομὲνην
830 984 1057 1046 ἐπιλάϐοι
1087 1011 1194 1060 τις,
1220 989 1350 1046 ἀλλ’
1406 989 1696 1067 ἐγγύτερον
1753 995 1852 1062 τῆς
1882 990 1973 1050 λέο

308 1085 444 1155 ξεως
477 1084 580 1152 τήν
610 1079 828 1136 ἐνοῦσαν
858 1085 934 1151 τῷ
985 1085 1122 1152 Θεῷ,
1154 1079 1244 1135 καὶ
1304 1079 1668 1157 ἐνεργουμένη
1731 1083 1818 1139 ὑπ’
1876 1083 1977 1139 αύ-

305 1177 429 1239 τοῦ,
462 1169 723 1226 τοιοῦτόν
753 1170 875 1223 τινα
913 1191 1007 1243 μοι
1059 1166 1208 1225 δοκεῖ
1260 1168 1659 1227 ἀνακαλύπτειν
1707 1177 1849 1243 νοῦν,
1891 1172 1976 1229 ὅτι

302 1265 340 1333 ἡ
370 1267 476 1318 τοῦ
507 1267 647 1318 Θεοῦ
700 1258 1040 1331 δικαιοσύνη,
1072 1262 1138 1332 ἢν
1190 1262 1315 1336 περὶ
1375 1264 1526 1337 ἡμᾶς
1584 1261 1975 1335 ἐπιδείκνυται,

304 1350 730 1435 φιλανθρωπίας
764 1349 878 1426 ὅρῳ
908 1350 999 1404 καὶ
1033 1348 1211 1424 νόμῳ,
1242 1347 1295 1405 ἐν
1325 1354 1407 1423 τῷ
1434 1350 1765 1429 Εὐαγγελίῳ
1807 1351 1974 1410 αὐτοῦ

303 1439 607 1499 δείκνυται.
642 1445 766 1502 Πῶς
795 1439 886 1495 καὶ
914 1439 1035 1495 τίνα
1082 1439 1285 1516 τρόπον
1323 1459 1336 1509 ;
1397 1442 1521 1500 Ὀτι
1577 1440 1638 1497 ἐκ
1672 1443 1847 1515 μόνης
1880 1442 1973 1499 πί-

306 1555 479 1595 στεως
512 1534 668 1606 ἡμᾶς
725 1531 912 1602 σώζει,
970 1529 1060 1585 καὶ
1115 1531 1476 1605 νεκρωθέντας
1514 1529 1624 1602 ἤδη
1686 1537 1971 1604 ζωοποιεῖ,

316 1625 393 1696 μὴ
424 1618 976 1696 προεπιδειξαμὲνους
1019 1614 1171 1696 ἔργα,
1232 1622 1336 1679 Καὶ
1394 1626 1557 1678 τοῦτο
1613 1621 1822 1698 προϊὼν
1880 1622 1972 1679 καὶ

320 1715 352 1769 ὁ
376 1710 591 1773 Παῦλος
618 1710 1016 1788 ἐμφανέστερον
1060 1716 1296 1786 παριστᾷ
1322 1710 1375 1768 ἐν
1437 1711 1521 1774 οἷς
1588 1733 1773 1792 φησιν,
1809 1734 1836 1767 α
1866 1713 1972 1771 Καὶ

324 1801 636 1859 δικαιοῦντα
657 1801 747 1858 τὸν
782 1799 845 1857 ἐκ
885 1800 1141 1864 πίστεως.
1179 1825 1208 1854 ››
1268 1802 1365 1857 Καὶ
1423 1801 1611 1858 πάλιν·
1675 1825 1701 1858 ι
1734 1812 1969 1859 Δικαιω-

2085 642 2279 692 sumat
2312 638 2632 710 quispiam,
2664 656 2787 696 non
2844 657 2951 712 pro
2982 658 3051 697 ea
3078 658 3208 713 qua:
3244 641 3470 698 homini
3497 642 3674 699 datur
3703 660 3739 699 a

2083 727 2223 793 Deo,
2254 728 2377 791 sed,
2413 730 2572 801 quod
2602 730 2677 786 ad
2706 748 2911 787 vocem
2950 732 3195 804 propius
3250 732 3494 796 accedit,
3528 750 3634 805 pro
3668 750 3738 790 ea

2084 833 2214 888 quaa
2246 817 2308 873 in
2338 818 2457 874 Deo
2487 825 2596 889 est,
2639 837 2940 893 quamque
3001 821 3127 892 ipse
3177 827 3493 893 operatur:
3554 823 3735 879 talem

2082 907 2400 976 quemdam
2427 924 2668 965 sensum
2699 910 3083 965 manifestare
3117 911 3261 965 mihi
3292 910 3543 979 videtur,
3577 911 3737 982 quod

2080 994 2438 1068 Deijustitia.
2463 1014 2639 1069 quam
2663 998 2822 1055 circa
2851 1016 2961 1054 nos
2984 998 3243 1065 exhibet,
3290 999 3544 1054 termino
3578 999 3735 1072 lege-

2081 1101 2198 1156 que
2228 1086 2615 1160 benignitatis
2645 1089 2707 1144 in
2736 1090 2871 1161 ejus
2892 1083 3207 1162 Evangelio
3270 1088 3731 1144 demonstratur.

2079 1175 2343 1240 Qualiter
2372 1183 2572 1233 autem
2606 1184 2664 1233 et
2693 1178 2992 1250 quomodo
3033 1178 3095 1234 id
3153 1177 3411 1233 efﬁcitur
3434 1176 3462 1232 ‘2
3489 1178 3637 1244 Quia
3666 1194 3737 1234 ex

2079 1266 2207 1323 sola
2234 1267 2351 1324 ﬁde
2384 1285 2492 1324 nos
2516 1269 2709 1325 salvos
2733 1271 2893 1336 facit,
2903 1271 3153 1342 jamque
3172 1275 3441 1325 mortuos
3462 1269 3735 1337 viviﬁcat,

2079 1372 2216 1411 cum
2235 1358 2400 1429 prius
2419 1375 2538 1414 non
2563 1359 3010 1416 exhibuerimus
3041 1376 3240 1431 opera.
3273 1357 3456 1430 quue
3485 1358 3735 1431 manife-

2079 1445 2303 1503 stiusin
2324 1465 2643 1521 progressu
2663 1450 3036 1506 demonstrat
3057 1450 3276 1505 Paulus
3299 1465 3437 1505 cum
3468 1448 3580 1506 ait:
3612 1471 3640 1499 «
3667 1451 3739 1505 Et

2069 1535 2412 1608 justiﬁcans
2442 1554 2601 1606 eum,
2626 1540 2727 1610 qui
2782 1544 2874 1595 est
2931 1556 3002 1595 ex
3050 1539 3186 1595 ﬁde.
3223 1561 3252 1588 n
3306 1540 3730 1610 Rursumque:

2075 1626 2386 1682 Justiﬁcati
2419 1627 2601 1700 igitur
2621 1645 2694 1684 ex
2723 1628 2860 1686 ﬁde.
2893 1651 2921 1679 υ
2977 1630 3046 1684 Et
3102 1629 3321 1684 iterum
3360 1646 3373 1684 :
3435 1650 3463 1680 «
3497 1628 3558 1684 Si
3590 1643 3738 1683 con-

2075 1713 2268 1771 fessus
2297 1715 2484 1772 fueris
2516 1734 2617 1774 ore
2647 1722 2748 1774 tuo
2784 1719 3099 1775 Dominum
3154 1720 3375 1787 Jesum,
3433 1717 3648 1775 deinde
3678 1722 3739 1773 et

2075 1804 2401 1861 credideris
2431 1807 2495 1862 in
2519 1807 2696 1863 corde
2734 1814 2854 1877 tuo,
2914 1808 3112 1865 salvus
3171 1808 3312 1864 eris.
3344 1830 3373 1857 ››
3432 1808 3553 1864 Hoc
3593 1824 3730 1881 ergo

321 1893 503 1952 Θὲντες
528 1893 616 1947 οῦν
638 1890 696 1947 ἐκ
749 1890 1009 1953 πίστεως.
1043 1911 1069 1943 o
1133 1891 1235 1950 Καὶ
1289 1890 1477 1948 πάλιν·
1541 1916 1569 1946 ‹ι
1603 1893 1726 1951 Ἐὰν
1760 1892 1966 1967 ὁμολο-

2083 1894 2181 1950 Dei
2194 1895 2446 1966 justitim
2465 1904 2553 1951 est
2572 1898 2895 1954 humanam
2918 1899 3347 1971 benignitatem
3366 1899 3730 1969 excedentis,

318 1988 494 2059 γήσῃς
523 1981 576 2037 ἐν
608 1986 682 2055 τῷ
722 1981 954 2055 στόματί
1012 2003 1108 2039 σου
1148 1982 1348 2058 Κύριον
1409 1984 1640 2054 Ἰησοῦν,
1701 1985 1820 2040 εἶτα
1874 1985 1965 2040 καί

306 2073 603 2147 πιστεύσῃς
632 2070 686 2128 ἐν
719 2075 788 2145 τῇ
846 2068 1043 2148 καρδίᾳ
1100 2092 1217 2143 σου,
1270 2074 1518 2147 σωθήσῃ.
1554 2097 1584 2125 ››
1639 2075 1815 2131 Τοῦτο
1874 2076 1968 2130 οὗν

300 2160 659 2230 δικαιοσύνης
727 2166 883 2231 Θεοῦ,
934 2160 1175 2233 νικώσης
1224 2158 1632 2241 φιλανθρωπίαν
1687 2161 1968 2236 ἀνθρωπί-

291 2274 414 2324 νην,
460 2252 524 2307 τὸ
590 2248 653 2306 ἐκ
714 2251 884 2324 μόνης
941 2250 1179 2313 πίστεως
1241 2245 1598 2324 νεκρωθέντας
1645 2252 1796 2323 ἡμᾶς
1845 2256 1963 2307 ταῖς

293 2341 603 2417 ἁμαρτίαις
666 2338 778 2412 ἤδη
863 2341 1133 2415 ἀνεγεῖραι
1190 2340 1281 2396 καὶ
1338 2342 1700 2410 ζωοποιῆσαι.
1759 2342 1854 2401 ’Ὠς
1901 2360 1959 2395 τε

294 2431 487 2493 καλῶς
518 2436 784 2507 προεῖπεν
818 2429 901 2485 ὅτι
933 2426 1160 2503 δύναμίς
1210 2429 1325 2486 ἐστι
1378 2429 1442 2485 τὸ
1497 2427 1830 2506 Εύαγγὲλιον
1888 2429 1963 2493 εἰς

296 2522 588 2596 σωτηρίαν
623 2525 705 2594 τῷ
739 2520 1069 2577 πιστεύοντι.
1129 2520 1232 2578 Καὶ
1288 2519 1390 2595 γὰο
1447 2516 1780 2595 δυναμοῦται
1812 2521 1840 2575 ὁ
1871 2542 1964 2576 πι-

296 2615 552 2681 στεύσας,
590 2608 684 2666 διὰ
712 2618 814 2681 τῆς
859 2609 914 2666 ἐν
972 2609 1119 2683 αὐτῷ
1164 2608 1699 2685 ἀποκαλυπτομένης
1751 2607 1963 2667 δίκαιοι-

2077 2001 2147 2041 ex
2172 1986 2300 2042 sola
2328 1986 2604 2043 videlicet
2644 1989 2759 2044 ﬁde
2816 2007 2923 2045 nos
2972 1990 3231 2061 peccatis
3270 1991 3399 2062 jam
3461 1994 3730 2045 mortuos

2075 2075 2371 2132 viviﬁcare
2403 2092 2470 2132 ac
2503 2077 2809 2134 suscitare.
2847 2080 3004 2134 Bene
3036 2080 3236 2150 itaque
3269 2078 3543 2150 praedixit
3572 2078 3733 2150 quod

2075 2165 2459 2238 Evangelium
2491 2168 2758 2238 potentia
2779 2168 2856 2223 sit
2885 2169 2959 2224 ad
2989 2168 3241 2223 salutem
3266 2168 3556 2223 credenti.
3584 2170 3734 2223 Con-

2077 2254 2351 2310 ﬁrmatur
2363 2271 2621 2326 namque
2638 2256 2686 2311 is
2700 2258 2800 2328 qui
2816 2257 3655 2329 crediditperjustitiamquaa
3669 2258 3733 2312 in

2077 2360 2145 2399 eo
2164 2344 2478 2400 revelatur.
2496 2347 2608 2400 Per
2619 2346 2929 2402 credentes
2941 2353 3139 2403 autem
3155 2347 3450 2402 revelatur
3465 2353 3523 2402 et
3537 2347 3735 2401 mani-

2074 2433 2344 2490 festatur.
2365 2435 2563 2490 Verum
2575 2436 2648 2491 ad
2661 2437 2731 2491 ad
2748 2437 2890 2507 quid
2909 2438 3253 2503 viviﬁcatur,
3274 2437 3599 2507 irquit,qui
3617 2453 3742 2491 cre-

2075 2523 2346 2580 didit’?Ad
2359 2525 2854 2596 perfectissimam
2869 2527 3044 2593 ﬁdem
3062 2526 3709 2583 etimmutabilemhabi
3723 2557 3739 2568 ο

2076 2612 2613 2671 tusfortitudinem.
2638 2619 2783 2672 Nam
2798 2633 2865 2672 ex
2883 2616 2997 2672 ﬁde
3016 2618 3077 2672 in
3099 2617 3362 2673 ﬁdemest
3393 2616 3725 2672 viviﬁcatio.

294 2703 491 2774 σύιης.
528 2703 633 2757 Διά
660 2698 720 2757 δὲ
748 2704 859 2757 τῶν
891 2699 1242 2772 πιστεόντων,
1311 2698 1762 2759 ἀποκαλύπτεται
1808 2700 1901 2757 καὶ
1959 2706 2306 2780 φανεροῦται.
2367 2701 2520 2760 Ἀλλ’
2577 2704 2653 2767 εἷς
2710 2704 2762 2759 τί
2807 2710 3180 2774 ζωοποιεῖται,
3234 2704 3420 2783 φησίν,
3454 2704 3482 2758 ὁ
3516 2703 3733 2759 πιστεύα

294 2812 446 2864 σας;
502 2793 605 2855 Εἰς
667 2793 769 2863 τήν
828 2790 1176 2863 τελειοτάτην
1258 2791 1350 2847 καὶ
1435 2791 1572 2846 κατᾶ
1626 2790 2011 2865 ἀμετάσειστον
2064 2788 2227 2863 ἕξεως
2269 2790 2428 2867 ἰσχὺν
2483 2792 2685 2851 πίστιν.
2745 2799 2822 2849 Et
2878 2795 2981 2869 γὰρ
3039 2793 3271 2858 πίστεως
3326 2794 3403 2857 εἷς
3458 2793 3637 2850 πίστιν
3700 2798 3736 2866 ἡ

299 2883 552 2956 ζωοποίη
562 2902 672 2944 σις’

382 3058 619 3115 Δυνατὸν
650 3053 713 3112 δὲ
740 3054 833 3113 καί
864 3052 1053 3117 ἄλλως
1079 3061 1295 3125 νοῆσαι.
1327 3056 1390 3111 Ἡ
1423 3057 1520 3111 τοῦ
1573 3054 1708 3111 Θεοῦ
1757 3051 1967 3110 δικαιοο

311 3152 437 3221 new,
473 3147 567 3205 διὰ
621 3151 726 3204 τοῦ
758 3143 1103 3224 Εὐαγγελίου
1156 3143 1625 3218 ἀποκαλύπτεται,
1681 3145 1764 3201 ὅτι
1822 3143 1971 3218 λαμ-

297 3233 476 3295 ϐάνων
509 3243 650 3312 παρ’
677 3238 844 3309 ἡμῶν
875 3234 1057 3310 ἀρχὴν
1092 3234 1255 3308 μόνον
1310 3234 1404 3290 καὶ
1462 3234 1682 3310 σπέρμα
1709 3233 1968 3301 πίστεως,

295 3329 466 3392 αὐτὸς
497 3326 723 3399 ανόξάνει
760 3325 853 3382 καὶ
888 3322 1100 3401 ἑδράζει
1149 3325 1238 3380 καὶ
1304 3322 1638 3381 τελειοποιεῖ
1684 3326 1833 3400 ἡμᾶς
1891 3324 1967 3386 εἰς

295 3419 469 3491 αὐτὴν
502 3419 739 3489 ταύτην.
799 3419 979 3474 Τοῦτο
1038 3411 1357 3486 δικαιοσύνη
1392 3415 1467 3478 ὡς
1523 3413 1750 3486 ἀληθῶς
1809 3419 1966 3486 Θεοῦ,

295 3511 361 3567 τὸ
422 3511 599 3583 μόνον
668 3506 931 3585 ἀφορμὴν
1019 3505 1386 3581 προαιρέσεως
1460 3501 1699 3562 λαϐόντα
1732 3549 1746 3576 ,
1804 3503 1965 3562 αὐτὸν

300 3598 609 3675 ἀπαρτίσαι
658 3598 726 3655 τὸ
775 3600 900 3654 πᾶν.
936 3593 1222 3671 Ἀνωτέρω
1249 3595 1351 3671 γὰρ
1404 3592 1661 3673 λὲγοντος
1693 3598 1790 3651 τοῦ
1824 3599 1970 3650 Bau-

304 3683 443 3745 λου.
470 3686 555 3739 δτι
584 3705 605 3731 ι
639 3681 882 3757 Δύναμις
915 3680 1031 3737 ἐστι
1058 3686 1140 3754 τῷ
1196 3679 1505 3737 πιστεύοντι
1562 3680 1639 3742 εἰς
1691 3679 1967 3753 σωτηρίαν

312 3774 384 3827 τὸ
431 3771 775 3846 Εὗαγγὲλιον,
808 3795 840 3824 ››
895 3768 993 3826 ’ίνα
1051 3773 1128 3846 μή
1183 3791 1266 3832 τις
1325 3767 1476 3847 εἷ’πῃ·
1538 3769 1635 3824 Καὶ
1693 3774 1810 3830 πῶς.
1865 3765 1971 3824 ἓνει

321 3866 612 3917 πιστεῦσαι
690 3862 961 3919 ἀκούοντα
1045 3861 1272 3938 σταυρὸν
1305 3905 1320 3931 ,
1403 3859 1669 3919 ἀκούοντα
1725 3861 1969 3927 θάνατον,

312 3952 588 4009 ἀκούοντα
632 3953 833 4022 «ﬁeri;
891 3950 1083 4030 ἐπάγει
1136 3952 1222 4022 τὸ,
1282 3975 1310 4005 ‹‹
1343 3951 1665 4022 Δικαιοσύνη
1733 3953 1869 4006 Θεοῦ
1918 3945 1971 4005 ἐν

299 4042 460 4116 αύτῷ
511 4040 981 4099 ἀποκαλύπτεται.
1015 4065 1043 4095 »
1104 4042 1197 4112 Μὴ
1253 4041 1370 4111 οῦν,
1402 4040 1559 4120 φησὶ,
1609 4045 1778 4096 ταῦτα
1832 4060 1972 4114 προ-

290 4135 562 4213 ᾳασίζοο.
598 4133 727 4189 Ἐὰν
777 4132 881 4209 γὰρ
939 4130 1103 4207 μόνον
1161 4132 1516 4207 προαιρεθῇς,
1573 4131 1695 4188 τότε
1755 4127 1970 4204 μᾶλλον

293 4218 460 4303 ἔχεις
498 4222 781 4297 θαυμάσαι
808 4224 907 4293 τήν
935 4225 1033 4278 τοῦ
1057 4224 1191 4279 Θεοῦ
1237 4221 1362 4296 περὶ
1418 4222 1475 4277 σε
1524 4218 1855 4295 κηδεμονίαν
1883 4218 1973 4275 καὶ

295 4315 609 4389 πρόνοιαν,
651 4311 739 4369 δτι
766 4312 866 4381 τήν
902 4310 1010 4367 ἀπὸ
1039 4310 1267 4387 γνώμης
1326 4311 1506 4366 πίστιν
1562 4305 1771 4379 λαϐὼν,
1810 4307 1973 4371 αὐτός

292 4425 391 4460 σοι
426 4407 687 4479 χορηγεῖ
714 4404 812 4474 τὴν
873 4400 933 4457 ἐκ
960 4399 1345 4482 πληροφορίας
1375 4399 1554 4457 πίστιν
1600 4398 1691 4456 καί
1739 4395 1973 4475 βεϐαιώ-

287 4516 473 4553 σεως.
510 4493 658 4551 Εἶτα
679 4492 774 4547 ἳνα
835 4492 911 4565 μὴ
969 4491 1203 4568 νομίσῃς
1255 4490 1342 4549 ὅτι
1370 4491 1556 4547 καινόν
1592 4511 1647 4546 τι
1676 4488 1827 4567 λέγει
1882 4489 1975 4546 καὶ

286 4585 636 4665 πρόσφατον
670 4627 686 4653 ,
752 4582 843 4637 τὸν
911 4583 1202 4659 προφήτην
1262 4581 1497 4659 παράγει
1562 4581 1839 4656 μάρτυρα.
1899 4578 1974 4635 Τὸ

291 4677 445 4734 αύτό
483 4697 586 4751 μοι
640 4694 776 4750 φησι
832 4672 924 4730 καὶ
956 4674 986 4730 ὁ
1017 4676 1309 4750 προφήτης
1363 4666 1687 4745 Ἀϐϐακοῦμ
1716 4665 1975 4739 ἔκπαλαι,

292 4767 391 4825 ὅτι
471 4768 640 4835 ἢτοῦ
692 4760 907 4820 δικαίου
961 4765 1074 4834 ζωὴ
1132 4762 1309 4818 πίστει
1360 4756 1830 4839 περιλαμϐάνεται
1884 4761 1973 4816 καὶ

294 4860 679 4935 περατοῦται,
708 4851 993 4935 ἀρχομένη
1030 4853 1125 4927 μὲν
1180 4852 1288 4909 ἀπὸ
1354 4859 1456 4923 τῆς
1517 4852 1654 4908 κατὰ
1707 4851 1975 4928 προαίρε-

301 4969 391 5004 σιν
426 4946 701 5014 πίστεως,
762 4941 1116 5016 τελειουμένη
1177 4939 1235 4997 δὲ
1285 4942 1374 4998 καὶ
1428 4946 1698 5017 προϊοῦσα
1750 4941 1825 5004 εἰς
1878 4942 1977 5011 τήν

300 5038 449 5093 κατᾶ
483 5034 637 5101 θείαν
670 5052 980 5110 συνεργειαν
1007 5030 1099 5088 καὶ
1124 5029 1471 5106 ἀποκάλυψιν
1527 5029 1730 5087 πίστιν.
1793 5052 1819 5084 α
1853 5029 1974 5084 Διόο

305 5148 411 5204 περ
442 5126 530 5185 ἀεὶ
564 5126 597 5184 ὁ
630 5124 843 5185 δίκαιος
876 5123 938 5178 ἐκ
991 5122 1226 5184 πίστεως
1294 5125 1382 5196 ζῇ.
1420 5145 1449 5175 ››
1503 5121 1583 5179 Ἰὸ
1641 5118 1699 5176 δὲ
1747 5144 1776 5173 κ
1808 5121 1977 5191 Ζήσε-

303 5238 420 5280 ται,
458 5244 490 5270 ››
548 5214 746 5277 καλῶς
803 5211 1045 5292 εἷ’ρηται.
1105 5211 1416 5282 Τουτὲστιν,
1455 5212 1515 5269 Ὀ
1571 5208 1780 5273 δίκαιος
1814 5210 1876 5267 ού
1909 5211 1975 5283 ζῇ

311 5310 405 5381 μὲν
435 5308 497 5366 ἐκ
532 5309 801 5375 πίστεως,
834 5301 1068 5360 παύεται
1123 5298 1200 5371 δὲ,
1259 5299 1407 5358 ἀλλὰ
1467 5298 1759 5363 διαπαντὸς
1821 5301 1979 5371 ζήσε-

302 5421 389 5457 ται
423 5400 477 5456 ἐν
526 5399 672 5463 αύτῆ
739 5393 1074 5472 προκόπτων
1141 5392 1232 5447 καὶ
1290 5391 1704 5468 στηριζόμενος.
1746 5394 1979 5464 Ζήσεται

301 5485 371 5559 δὲ,
403 5493 540 5563 εἷπε,
577 5489 677 5547 καὶ
727 5486 837 5543 οὐκ
898 5479 1046 5538 ἄλλο
1106 5503 1179 5543 τι.
1212 5483 1329 5538 οἷον
1380 5478 1685 5556 προκόπτει
1732 5483 1767 5553 ἢ
1801 5481 1984 5557 στηρί-

290 5589 432 5659 ζεται
468 5588 503 5657 ἢ
541 5580 702 5641 ἄλλο
734 5598 821 5645 τι,
853 5573 960 5643 τὴν
985 5568 1416 5649 ἐπιτεταγμένην
1472 5569 1710 5638 διάθεσιν
1769 5570 1979 5644 δηλῶν,

282 5679 362 5739 ότι
417 5674 551 5738 οὐδὲ
630 5677 744 5745 ζῆν
808 5662 1126 5739 αἱρήσεται,
1188 5659 1302 5717 οὐδ’
1359 5661 1612 5720 ἀναπνεῖν
1663 5663 1843 5741 χωρὶς
1886 5663 1982 5719 πί-

272 5794 459 5841 πως.

2154 3057 2252 3122 21,
2267 3060 2299 3113 1
2328 3059 2650 3114 Possumus
2664 3064 2862 3114 autem
2878 3060 3062 3115 etalio
3076 3059 3251 3115 modo
3265 3058 3619 3132 intelligere.
3640 3061 3737 3115 Ju-

2080 3146 2243 3201 stitia
2261 3146 2365 3201 Dei
2383 3163 2489 3218 per
2508 3147 2889 3220 Evangelium
2915 3148 3227 3204 revelatur.
3261 3149 3416 3203 Deus
3442 3148 3601 3203 enim
3632 3150 3737 3220 qui

2083 3235 2275 3290 solum
2328 3236 2566 3291 initium
2602 3238 2782 3292 sumit
2807 3254 2840 3292 a
2869 3238 3042 3293 nobis
3091 3254 3416 3309 semenque
3438 3236 3574 3293 ﬁdei
3608 3238 3735 3310 ipse

2083 3330 2259 3398 auget
2290 3330 2347 3381 et
2362 3325 2622 3393 roborat,
2646 3343 2713 3383 ac
2735 3327 2971 3399 perﬁcit
2988 3343 3099 3383 nos
3130 3327 3204 3383 ad
3226 3328 3419 3399 ipsam
3438 3328 3728 3384 eamdem.

2078 3415 2143 3472 Id
2175 3431 2309 3471 vere
2332 3415 2570 3488 justitia
2588 3418 2690 3472 Dei
2720 3423 2831 3486 est,
2865 3417 3025 3490 quod
3057 3417 3184 3474 sola
3212 3418 3536 3474 voluntatis
3565 3434 3736 3474 occa-

2080 3505 2318 3561 casione
2345 3522 2380 3561 a
2407 3506 2581 3562 nobis
2610 3513 2868 3579 sumpta,
2898 3507 3023 3580 ipse
3045 3513 3231 3563 totum
3259 3524 3408 3579 Opus
3447 3507 3734 3564 absolvat.

2080 3594 2387 3667 Siquidem
2418 3613 2553 3651 cum
2586 3598 2860 3668 superius
2892 3596 3141 3653 dixisset
3186 3597 3407 3655 Paulus
3441 3615 3453 3652 :
3493 3622 3512 3646 ι
3548 3600 3735 3655 Evan-

2077 3684 2297 3756 gelium
2323 3686 2592 3756 potentia
2621 3687 2722 3742 Dei
2755 3693 2846 3741 est
2885 3688 3151 3743 credenti
3183 3687 3258 3742 ad
3285 3688 3561 3756 salutem,
3596 3711 3625 3740 »
3657 3704 3734 3745 ne

2081 3774 2215 3846 quis
2246 3774 2441 3830 dicat:
2477 3778 2546 3830 Et
2575 3777 2871 3847 quomodo
2923 3784 3119 3848 potest
3176 3778 3416 3833 credere
3447 3778 3548 3848 qui
3599 3794 3736 3833 cru-

2080 3880 2210 3919 cem
2240 3864 2429 3929 audit,
2458 3866 2557 3937 pui
2580 3872 2832 3921 mortem
2867 3866 3052 3925 audit.
3086 3866 3186 3937 qui
3231 3866 3585 3922 afﬁictionns
3637 3883 3738 3922 au-

2082 3954 2225 4011 dit?
2249 3954 2481 4010 subdit:
2510 3976 2538 4004 «
2567 3957 2803 4012 Justitia
2834 3956 2934 4012 Dei
2986 3956 3046 4010 in
3111 3972 3178 4012 eo
3231 3956 3548 4012 revelatur.
3596 3978 3622 4005 ››
3656 3958 3735 4012 Ne

2081 4062 2218 4119 ergo
2250 4051 2587 4119 praetextas,
2613 4046 2828 4117 inquit,
2859 4046 3323 4103 excusationem.
3344 4047 3487 4102 Nam
3510 4047 3558 4102 si
3582 4045 3738 4101 dun-

2082 4141 2242 4194 taxat
2270 4136 2674 4208 proposueris,
2722 4143 2864 4193 tunc
2921 4136 3209 4193 admiraai
3268 4137 3455 4208 magis
3512 4137 3738 4209 poteris

2085 4226 2188 4283 Dei
2220 4241 2359 4299 ergo.
2388 4232 2446 4282 te
2465 4225 2961 4299 gubernationem
2985 4243 3052 4282 ac
3078 4227 3513 4299 providentiam
3537 4243 3551 4282 :
3578 4226 3739 4298 quod

2085 4321 2324 4388 sumpta
2352 4315 2424 4372 ab
2448 4317 2646 4372 animo
2673 4314 2810 4383 ﬁde,
2845 4317 2974 4389 ipse
2996 4316 3102 4371 tibi
3128 4316 3470 4388 suppeditat
3496 4317 3737 4373 certitu-

2086 4406 2324 4462 dinisac
2345 4406 2820 4462 conﬁrmationis
2843 4406 3045 4462 ﬁdem.
3072 4407 3294 4463 Deinde
3329 4422 3405 4463 ne
3437 4406 3740 4463 existimes

2086 4496 2245 4570 quod
2266 4512 2483 4551 novum
2514 4496 2743 4567 aliquid
2771 4496 2931 4552 dicat
2958 4502 3062 4552 aut
3089 4496 3451 4558 inauditum,
3475 4498 3738 4569 prophe-

2087 4592 2205 4642 tam
2239 4586 2301 4640 in
2330 4591 2540 4641 testem
2573 4584 2870 4656 producit.
2906 4586 3024 4641 Hoc
3054 4586 3247 4657 ipsum
3266 4587 3394 4657 jam
3427 4586 3570 4641 olim
3602 4592 3739 4642 ante

2088 4691 2180 4732 me
2200 4675 2473 4746 prmdixit
2489 4674 2848 4746 etpropheta
2867 4675 3157 4739 Habacuc,
3174 4676 3333 4747 quod
3339 4677 3540 4746 justus
3554 4675 3737 4732 vitam

2089 4764 2206 4822 ﬁde
2231 4762 2612 4836 amplectitur
2626 4778 2696 4818 ac
2716 4764 3017 4830 terminat,
3042 4764 3340 4836 inceptam
3363 4763 3606 4836 quidem
3632 4780 3740 4837 per

2087 4854 2267 4912 ﬁdem
2298 4870 2430 4925 qum
2448 4869 2482 4908 a
2501 4852 2825 4922 voluntate,
2849 4853 3229 4909 terminatam
3249 4870 3385 4909 vero
3417 4870 3486 4910 ac
3526 4870 3740 4927 proce-

2088 4944 2330 5001 dentem
2362 4943 2423 4998 in
2448 4942 2648 5013 ﬁdem,
2674 4959 2805 5015 qua;
2818 4943 3166 5016 producitur
3186 4961 3221 5001 a
3247 4943 3445 5000 divina
3465 4960 3744 5018 coopera-

2085 5035 2249 5090 tione
2270 5049 2338 5089 ac
2367 5031 2748 5088 revelatione.
2784 5054 2811 5083 ‹‹
2844 5032 2981 5089 Ideo
3028 5050 3266 5106 semper
3273 5033 3476 5106 justus
3524 5050 3596 5090 ex
3626 5035 3744 5093 ﬁde

2086 5124 2246 5181 vivit.
2281 5146 2311 5175 »
2339 5125 2497 5180 Bene
2529 5130 2728 5180 autem
2759 5123 2985 5180 dictum
3027 5129 3119 5180 est
3147 5145 3173 5178 α
3194 5125 3375 5193 Vivet,
3416 5147 3437 5174 ι
3472 5125 3586 5182 hoc
3615 5130 3742 5183 est:

2092 5215 2218 5271 Non
2248 5214 2333 5271 ita
2348 5213 2550 5286 justus
2584 5231 2655 5270 ex
2706 5212 2821 5270 ﬁde
2855 5211 2992 5268 vivit
3019 5218 3086 5269 ut
3113 5212 3353 5271 desinat
3405 5219 3509 5271 aut
3533 5220 3743 5285 cesset,

2093 5303 2197 5361 sed
2221 5320 2458 5376 semper
2477 5303 2630 5361 vivet
2658 5302 2719 5359 in
2748 5318 2817 5358 ea
2864 5303 3184 5375 proﬁciens
3232 5321 3301 5361 ac
3333 5306 3742 5363 conﬁrmatus.

2091 5395 2467 5451 Dixitautem
2492 5416 2516 5446 α
2539 5395 2722 5463 Vivet,
2749 5415 2778 5443 »
2803 5399 2861 5449 et
2890 5410 3011 5450 non
3041 5395 3206 5452 aliud
3228 5395 3557 5469 quidpiam,
3582 5402 3750 5470 puta,

2091 5483 2331 5557 proﬁcit
2358 5489 2461 5539 aut
2516 5483 2906 5539 conﬁrmatur
2953 5500 3058 5541 seu
3101 5484 3261 5541 aliud
3294 5484 3525 5557 quidvis
3558 5502 3572 5542 :
3605 5486 3747 5542 sub-

2092 5573 2283 5629 ditum
2314 5573 2659 5646 signiﬁcans
2689 5574 2969 5629 affectum
2995 5576 3164 5647 quasi
3195 5588 3389 5646 neque
3417 5575 3609 5630 vivere
3638 5573 3742 5630 eli-

2090 5668 2209 5736 gat,
2239 5667 2344 5719 aut
2370 5663 2561 5736 possit
2589 5662 2681 5720 vel
2703 5664 2997 5737 respirare
3020 5665 3149 5722 sine
3174 5664 3310 5721 ﬁde.
