4112 6442
328 438 447 500 339

334 667 414 720 De
434 660 655 734 judicio
686 659 838 730 quod
855 662 1037 727 fertur
1066 658 1323 713 adversus
1351 663 1536 727 gentes
1578 672 1692 712 non
1721 661 1993 712 servantes

799 765 864 803 ea
896 764 1016 818 quae
1059 764 1095 802 α
1121 754 1331 803 natura
1377 753 1524 803 sunt.

404 844 451 907 Ι,
482 843 568 905 18,
605 842 690 896 19.
730 861 757 889 ιι
790 839 1110 894 Revelatur
1139 838 1300 893 enim
1332 838 1422 893 ira
1449 837 1554 893 Dei
1586 836 1659 891 de
1691 836 1837 892 cmlo
1893 835 1995 890 ad-

338 955 362 986 α
399 947 600 987 versus
631 945 872 985 omnem
923 928 1292 999 impietatem
1325 934 1384 983 et
1412 927 1770 1001 injustiliam
1803 926 1996 982 homi-

341 1044 363 1072 ι
392 1037 558 1087 num,
594 1019 696 1091 qui
730 1017 1037 1072 veritatem
1072 1017 1134 1072 in
1166 1018 1464 1088 injustitia
1521 1017 1810 1073 detinent.
1855 1018 1999 1071 Nam

341 1132 369 1161 ι(
399 1109 463 1165 id
495 1107 655 1181 quod
687 1108 842 1164 212
875 1106 947 1162 de
976 1107 1097 1162 Deo
1123 1106 1529 1179 cognoscibile
1575 1112 1685 1165 est.
1719 1105 1999 1161 manifes-

342 1222 371 1250 «
395 1205 520 1255 tum
541 1203 632 1253 est
657 1198 721 1253 in
751 1196 919 1267 ipsis,
959 1196 1112 1251 Deus
1143 1196 1301 1251 enim
1327 1196 1474 1267 ipsis
1522 1195 1936 1251 tnanil'estavit.
1969 1217 1997 1245 ››

415 1312 443 1340 ‹‹
478 1287 811 1346 Revelatur.
847 1313 874 1338 υ
911 1288 977 1342 In
1010 1285 1105 1341 die
1131 1286 1369 1358 judicii.
1408 1306 1433 1338 ι
1455 1287 1706 1342 Omnem
1738 1285 2005 1357 impieta-

342 1384 463 1434 tem
494 1383 554 1433 et
582 1376 942 1449 injustitiam
985 1397 1011 1425 υ
1039 1375 1276 1430 Justitia
1300 1391 1563 1446 namque
1587 1373 1903 1430 uniformis
1916 1377 2005 1430 est

342 1486 520 1542 porro
552 1467 710 1523 circa
723 1466 999 1539 dogmata
1022 1469 1112 1521 est
1134 1465 1295 1520 varia
1345 1464 1643 1536 impietas,
1672 1465 1831 1520 circa
1859 1480 2003 1519 con-

343 1557 743 1615 versationem
767 1572 903 1610 vero
935 1554 1184 1610 malitia.
1226 1577 1246 1603 ι
1285 1553 1606 1609 Veritatem
1628 1553 1690 1609 in
1713 1552 2008 1625 injustitia

348 1647 639 1704 detinent.
662 1670 683 1698 ι
722 1645 958 1700 Veritas
989 1643 1231 1715 quidem
1264 1643 1367 1699 Dei
1417 1643 1673 1716 cognitio
1709 1649 1816 1709 est,
1847 1643 2008 1714 inju-

346 1738 463 1794 stia
490 1752 629 1791 vero
662 1733 960 1790 idolorum
983 1732 1273 1804 deceptio.
1308 1732 1401 1787 Illi
1450 1732 1649 1803 itaque
1700 1731 2007 1787 veritatem

349 1828 415 1883 in
444 1824 743 1896 injustitia
774 1822 1065 1885 detinent,
1100 1822 1200 1893 qui
1254 1822 1356 1877 Dei
1405 1821 1631 1877 cultum
1682 1820 1856 1877 idolis
1906 1820 2008 1875 tri-

1456 429 1874 493 CECUMENII
1922 426 2224 489 THICCAE
2269 426 2614 491 EPISCOPI

978 568 1209 624 CAPUT
1273 567 1346 622 n.
2019 573 2071 635 Α

3635 427 3758 490 340

2744 564 3005 622 ΚΕΦΛΛ.
3039 563 3115 620 B‘.

2102 654 2232 730 Περὶ
2259 654 2490 729 κρίσεως
2522 660 2623 724 τῆς
2644 654 2785 709 κιιιτςὶ⁴
2832 652 3018 722 ἐθνῶν,
3076 657 3185 709 τῶν
3245 653 3309 708 οὐ
3363 650 3751 732 φυλασσόντων

2760 744 2829 800 τὰ
2866 744 3099 818 νόμιμα.

2170 830 2654 890 Ἀποκαλῦπτεται
2726 834 2831 908 γὰρ
2916 834 3057 907 ὁργή
3140 837 3273 888 Θεοῦ
3359 832 3453 887 ἀπ’
3524 831 3758 908 οὐρανοῦ

2103 921 2191 978 ἐπὶ
2249 928 2420 978 πᾶσαν
2499 917 2745 978 ἀσέϐειαν
2818 923 2908 977 καὶ
2986 919 3197 978 ἀδικίαν
3276 921 3576 999 ἀνθρώπιον
3647 926 3761 978 τῶν

2104 1016 2203 1085 τήν
2290 1012 2552 1084 ἀλήθειαν
2630 1013 2681 1069 ἐν
2741 1010 2928 1085 ἀδικίᾳ
3008 1011 3378 1092 κατεχόντων.
3467 1012 3616 1067 Διότι
3690 1014 3757 1069 τὸ

2104 1103 2343 1181 γνωστὸν
2402 1108 2500 1158 τοῦ
2560 1108 2695 1159 Θεοῦ
2754 1102 2978 1182 φανερόν
3034 1100 3175 1157 ἐστιν
3236 1101 3289 1157 ἐν
3345 1101 3551 1163 αὐτοῖς·
3596 1103 3765 1178 ὁγὰρ

2104 1192 2233 1254 Θεὸς
2263 1191 2449 1253 αὐτοῖς
2482 1191 2803 1273 ἐφανέρώσε.

2177 1307 2204 1335 ιι
2262 1278 2727 1339 Ἀποκαλύπεται.
2791 1305 2819 1332 ››
2905 1282 2992 1338 Ἐν
3076 1284 3177 1356 τῇς
3243 1282 3477 1356 κρίσεως
3554 1280 3762 1355 ἡμέρα.

2110 1377 2284 1428 Πᾶσαν
2359 1367 2606 1428 ἀσέϐειαν
2666 1371 2756 1427 καὶ
2816 1368 3031 1427 ἀδικίαν
3069 1417 3082 1430 .
3151 1394 3178 1423 ››
3235 1372 3299 1426 Ἥ
3358 1371 3451 1445 μὲν
3518 1371 3619 1447 γὰρ
3678 1368 3770 1427 δι-

2104 1460 2365 1533 καιοσύνη
2434 1457 2747 1535 μόνοειδής,
2806 1458 3039 1529 ποικίλη
3074 1456 3131 1515 δὲ
3161 1462 3194 1529 ἡ
3228 1460 3353 1534 περὶ
3411 1463 3479 1515 τὰ
3511 1457 3761 1535 δόγματα

2107 1549 2346 1622 ἀσέϐεια,
2396 1554 2486 1607 καὶ
2527 1554 2563 1622 ἡ
2594 1551 2720 1627 περὶ
2787 1552 2885 1620 τήν
2941 1550 3224 1607 πολιτείαν
3284 1550 3465 1606 κακία.
3528 1575 3556 1602 ι(
3591 1550 3771 1622 Ἀλή-

2109 1644 2252 1698 Θειαν
2292 1640 2344 1696 ἐν
2400 1639 2586 1712 ἀδικίᾳ
2636 1641 3007 1716 κατεχόντων.
3043 1664 3073 1692 ››
3129 1637 3397 1709 Ἀλήθεια
3453 1639 3572 1713 μὲν,
3600 1642 3635 1710 ἡ
3667 1661 3773 1697 τοσ

2109 1736 2246 1788 Θεοῦ
2296 1736 2519 1807 γνῶσις,
2576 1727 2761 1786 ἀδικία
2821 1726 2898 1801 δὲ,
2958 1732 2992 1798 ἡ
3049 1734 3157 1784 τῶν
3238 1726 3486 1785 εἰδώλων
3560 1730 3768 1800 ἀπάτη.

2111 1821 2340 1878 Ἐκεῖνοι
2409 1821 2501 1875 οὖν
2554 1820 2655 1887 τὴν
2711 1816 2973 1889 ἀλήθειαν
3033 1816 3086 1874 ἐν
3146 1815 3333 1891 ἀδικίᾳ
3387 1821 3716 1896 κατέχουσιν
3751 1860 3769 1888 ,

352 1916 563 1971 buunt.
598 1913 881 1968 Detinent
901 1917 1128 1978 autem,
1160 1910 1273 1967 hoc
1296 1915 1404 1975 est,
1429 1909 1775 1966 custodiunt
1803 1910 1892 1965 vel
1918 1926 2008 1965 oc-

2122 1909 2234 1966 ὅσοι
2263 1910 2325 1965 τὸ
2356 1904 2514 1973 σέϐας
2568 1912 2666 1964 τοῦ
2724 1913 2860 1964 Θεοῦ
2916 1908 3306 1975 περιάπτουσιν
3367 1906 3646 1972 εἰδώλοις.
3698 1908 3776 1966 Τὸ

354 2004 586 2061 cultant
615 2018 718 2058 seu
759 2002 947 2057 animi
992 2001 1277 2072 pravitate
1335 1999 1752 2056 obtenebrant.
1817 1999 2012 2055 Facile

362 2094 519 2151 enim
546 2097 724 2155 esset,
751 2091 801 2146 si
823 2090 1065 2156 vellent,
1090 2089 1162 2144 ab
1194 2089 1286 2144 his
1310 2105 1440 2160 qua:
1467 2088 1761 2151 videntur,
1784 2093 1843 2144 et
1863 2105 1925 2144 se
1959 2092 2017 2144 et

363 2183 514 2239 alios
543 2182 618 2237 ad
649 2181 751 2236 Dei
776 2180 1175 2253 cognitionem
1200 2179 1432 2249 juvare.
1464 2181 1533 2233 At
1583 2178 1671 2233 illi
1730 2178 1855 2233 haec
1888 2179 2017 2249 ipsa

364 2271 553 2340 magis
574 2273 971 2325 contexerant
995 2283 1061 2322 ac
1089 2267 1499 2329 detinuerunt,
1520 2282 1597 2321 ne
1624 2267 1727 2321 Dei
1759 2265 2015 2339 cognitio

362 2359 706 2433 splenderet
722 2375 735 2412 :
753 2358 880 2413 hazc
897 2357 1029 2429 ipsa
1040 2373 1146 2429 pro
1160 2356 1275 2411 diis
1292 2355 1559 2411 colentes
1575 2372 1586 2412 ;
1608 2372 1677 2413 ac
1693 2355 1918 2427 injuria
1938 2354 2017 2409 af-

354 2450 647 2515 ﬂcientes,
672 2446 833 2520 quod
854 2447 917 2501 in
943 2446 1091 2518 ipsis
1112 2451 1243 2501 erat
1263 2445 1436 2501 etDei
1458 2446 1857 2515 cognitionem
1883 2462 2015 2516 quae

348 2539 413 2596 in
445 2538 571 2596 illis
604 2542 733 2593 erat
764 2541 824 2592 et
852 2537 1101 2608 seipsos,
1135 2541 1195 2590 et
1227 2550 1297 2590 ea
1327 2540 1487 2591 certe
1530 2551 1661 2606 quae
1721 2535 2016 2590 honorare

357 2628 731 2685 videbantur.
756 2626 1134 2683 Manifestum
1160 2631 1252 2681 est
1272 2631 1473 2681 autem
1497 2624 1654 2696 quod
1677 2626 2015 2680 Graecorum

359 2718 659 2792 sapientes
690 2715 1054 2788 perstringit,
1088 2730 1414 2786 eorumque
1453 2714 1699 2770 similes.
1734 2737 1753 2761 ι
1782 2716 1924 2770 Nam
1956 2714 2018 2768 id

355 2807 515 2882 quod
544 2806 618 2862 de
650 2807 767 2861 Deo
789 2803 1189 2877 cognoscibile
1221 2808 1329 2859 est.
1365 2824 1393 2854 ››
1426 2804 1528 2860 Dei
1567 2803 1727 2859 enim
1759 2801 2016 2876 cognitio

363 2896 683 2955 manifesta
712 2898 801 2950 est
830 2894 891 2949 in
923 2893 1044 2949 illis
1077 2893 1213 2948 etin
1244 2892 1542 2948 universo.
1578 2892 1880 2964 Siquidem
1911 2908 2017 2965 per

361 2985 656 3041 visibilem
688 2988 1023 3039 creaturam
1068 2980 1386 3037 invisibilis
1415 2982 1572 3037 Deus
1612 2981 2012 3053 cognoscitur.

362 3075 532 3133 Tales
558 3074 761 3144 itaque
792 3071 1122 3127 voluntarie
1178 3070 1478 3126 aberrant.
1512 3068 1587 3126 Τὸ
1615 3069 1852 3143 γνωστὸν
1912 3086 2013 3125 au-

360 3170 505 3231 tem,
533 3163 647 3219 hoc
677 3167 787 3228 est,
820 3160 879 3215 id
912 3158 1072 3233 quod
1104 3159 1378 3233 cognosci
1437 3163 1651 3233 potest,
1685 3164 1828 3231 puta
1857 3158 2017 3230 quod

361 3258 593 3311 creator
622 3253 719 3319 sit,
751 3250 911 3323 quod
939 3249 1320 3323 gubernator,
1343 3256 1401 3305 et
1430 3249 1670 3305 similia.
1708 3271 1734 3298 ιι
1769 3248 2011 3304 Manife-

358 3349 517 3399 stum
549 3347 639 3397 est
668 3341 730 3396 in
763 3340 929 3413 ipsis.
963 3362 991 3391 »
1025 3341 1138 3395 Per
1181 3343 1467 3395 creaturas
1499 3338 2009 3410 pulchritudinem

358 3449 427 3489 ac
466 3430 961 3505 magnitudinem.
1023 3452 1051 3478 ιι
1084 3429 1240 3483 Deus
1282 3428 1443 3483 enim
1474 3428 1620 3499 ipsis
1668 3427 2013 3482 manifesta-

357 3522 456 3576 vit.
490 3540 515 3571 ι
556 3523 896 3575 Creaturam
930 3516 1208 3573 omnibus
1239 3515 1626 3588 proponendo
1679 3533 1811 3587 quae
1843 3531 2013 3571 suam

358 3610 601 3665 doceret
629 3607 1120 3680 magnitudinem.
1152 3607 1297 3662 Nam
1332 3629 1359 3657 ιι
1391 3605 1557 3674 ϐωιί,
1591 3604 1806 3676 inquit,
1842 3621 2016 3661 enar-

358 3705 495 3755 rant
518 3699 768 3773 gloriam
800 3698 903 3753 Dei
933 3696 975 3751 ⁴.
1012 3718 1040 3747 »

433 3787 475 3856 Ι,
529 3790 617 3843 20.
679 3810 706 3839 (ι
740 3786 1067 3842 Invisibilia
1123 3785 1286 3841 enim
1338 3785 1528 3857 ipsius
1586 3801 1657 3840 ex
1713 3784 2013 3841 creatione

359 3898 389 3928 «
424 3877 652 3947 mundi,
677 3875 959 3949 operibus
998 3874 1304 3930 intellecta
1352 3874 1804 3946 conspiciuntur
1836 3890 1849 3928 :
1884 3873 2013 3944 ipsa

358 3989 388 4017 α
423 3968 709 4023 nimirum
743 3967 1109 4039 sempiterna
1134 3966 1264 4037 ejus
1294 3966 1562 4037 potentia
1592 3981 1660 4019 ac
1713 3962 2010 4032 divinitas,

358 4080 387 4110 ιι
421 4064 487 4113 ut
517 4056 769 4128 sintipsi
801 4054 1258 4111 inexcusabiles.

427 4146 576 4211 Quia
603 4144 752 4199 dixit
777 4143 935 4214 quod
962 4143 1051 4198 sui
1083 4142 1486 4214 cognitionem
1521 4141 1676 4195 Deus
1728 4138 1851 4193 illis
1882 4155 2009 4194 ma-

354 4232 680 4291 nifestavit.
713 4232 827 4303 ipsi
858 4236 1058 4287 autem
1084 4246 1191 4285 sua
1213 4236 1426 4301 sponte
1444 4245 1581 4284 eum
1613 4228 2008 4298 reliquerunt,

355 4324 417 4379 id
435 4339 593 4379 nunc
619 4321 1073 4387 demonstrat,et
1092 4318 1406 4390 dicitquod
1431 4334 1536 4390 per
1557 4334 1624 4373 ea
1647 4335 1778 4388 qua:
1795 4317 2012 4373 creavit

355 4416 529 4477 Deus,
580 4417 723 4483 puta
748 4415 807 4465 et
835 4426 942 4481 per
997 4408 1324 4464 invisibilia
1354 4414 1413 4464 et
1442 4425 1548 4480 per
1605 4407 1878 4474 visibilia,
1914 4407 2006 4462 sui

353 4501 827 4574 magnitudinem
857 4498 1121 4555 ostendit
1147 4516 1159 4553 :
1196 4514 1332 4553 nam
1365 4503 1637 4553 creatura
1667 4497 1845 4553 etiam
1875 4496 2006 4552 abs-

352 4609 467 4663 que
522 4608 692 4659 voce,
747 4607 854 4663 per
905 4595 1213 4661 aspectum
1264 4588 1600 4645 Creatorem
1650 4587 2004 4661 promulgat.

2118 1998 2195 2071 δέ,
2226 2001 2604 2075 Κατεχόντων,
2666 2000 2776 2056 οἷον
2833 1997 3240 2078 φυλαττόντων,
3295 2001 3329 2070 ἢ
3364 2000 3779 2077 καλυπτόντων,

2118 2091 2349 2167 γνώμης
2406 2089 2646 2164 πονηρίᾳ
2698 2088 3166 2161 ἐπισκοτιζόντιιν.
3225 2093 3383 2161 Ῥᾷον
3439 2090 3563 2166 γάρ,
3620 2090 3777 2168 εἶ’περ

2118 2173 2440 2249 ἐϐούλοντο,
2472 2179 2578 2234 ἀπὸ
2607 2183 2716 2234 τῶν
2751 2178 3069 2253 ὁρωμένων,
3101 2179 3192 2235 καὶ
3233 2180 3458 2244 ἑαυτοὺς
3511 2181 3602 2236 καὶ
3660 2180 3779 2238 ἕτέ-

2120 2290 2246 2345 ρους
2300 2267 2585 2347 ὠφελῆσαι
2673 2268 2748 2331 εἰς
2808 2267 3154 2346 θεογνωσίαν.
3197 2270 3265 2326 Οἱ
3328 2265 3385 2324 δὲ
3447 2268 3662 2344 μᾶλλον
3706 2260 3783 2327 δι’

2124 2358 2302 2415 αὐτῶν
2337 2358 2546 2414 τούτων
2601 2356 2972 2433 συνεκάλυψαν
3038 2358 3130 2415 καὶ
3189 2359 3482 2439 κατέσχον,
3521 2361 3596 2433 μὴ
3659 2357 3789 2416 δια-

2126 2446 2343 2523 λάμψαι
2374 2450 2472 2518 τήν
2518 2447 2866 2524 θεογνωσίανο
2927 2446 3064 2503 αὐτά
3117 2452 3287 2504 ταῦτα
3336 2451 3785 2523 θεοποιήσαντες,

2122 2538 2213 2592 καὶ
2239 2533 2615 2607 ἀδικήσαντες,
2656 2535 2779 2591 ὅσον
2843 2535 2926 2590 ἐπ’
2982 2535 3187 2606 αὐτοῖς,
3235 2537 3335 2607 τήν
3388 2557 3455 2591 τε
3503 2543 3604 2607 τῆς
3659 2549 3784 2602 θεο-

2122 2625 2355 2701 γνωσίας
2385 2625 2640 2701 ἀγήθιιαν
2669 2625 2758 2681 καὶ
2787 2623 3033 2695 ἑαυτοὺς,
3063 2626 3151 2680 καὶ
3185 2624 3322 2680 αὐτά
3371 2647 3434 2701 γε
3491 2624 3584 2697 δὴ,
3644 2628 3781 2703 ἅπερ

2120 2719 2284 2787 τιμᾷν
2321 2712 2528 2784 ἔδοξαν.
2584 2713 2765 2784 Δῆλον
2797 2711 2857 2769 δὲ
2886 2712 2972 2769 ὅτι
3007 2715 3135 2776 τοὺς
3190 2720 3299 2770 τῶν
3358 2713 3648 2786 Ἑλλήνων
3686 2738 3786 2774 σο-

2124 2804 2260 2883 φοὺς
2287 2801 2634 2874 ἐπιπλήττει,
2665 2803 2756 2858 καὶ
2787 2802 2915 2864 τοὺς
2963 2803 3193 2877 ὁμοίους
3252 2803 3503 2867 ἐγείνοις.
3562 2830 3591 2857 ιι
3621 2807 3775 2862 Διότι

2122 2891 2186 2947 τὸ
2245 2891 2484 2967 γνωστὸν
2539 2896 2635 2947 τοῦ
2692 2895 2846 2948 Θεοῦ.
2882 2916 2911 2943 ››
2970 2897 3032 2948 Ἡ
3072 2892 3174 2967 γὰρ
3230 2898 3428 2968 γνῶσις
3486 2898 3575 2950 τοῦ
3630 2897 3765 2948 Θεοῦ

2122 2981 2348 3055 φανερὰ,
2381 2980 2536 3061 φησὶ,
2575 2980 2626 3035 ἐν
2685 2979 2873 3042 αὐτοῖς
2922 2981 3013 3036 καὶ
3044 2985 3194 3037 πᾶσι.
3227 2981 3325 3037 Διὰ
3357 2983 3462 3059 γὰρ
3495 2990 3591 3053 τῆς
3621 2983 3772 3057 ὁρω-

2127 3069 2290 3144 μὲνης
2322 3070 2571 3137 κτίσεως,
2608 3069 2890 3144 ὁάόρατος
2949 3070 3079 3133 Θεὸς
3137 3070 3483 3147 γινώσκεται,
3535 3074 3778 3147 Τοιγαρ-

2120 3164 2212 3215 οῦν
2252 3160 2305 3214 oi.
2358 3163 2600 3214 τοιοῦτοι
2659 3159 2872 3221 ἑκόντες
2931 3156 3379 3215 ἀποπλανῶνται.
3442 3185 3469 3212 ‹‹
3519 3161 3599 3219 Τὸ
3628 3182 3784 3235 γνω-

2121 3249 2270 3319 στὸν,
2306 3271 2333 3301 ››
2361 3249 2495 3324 ὅπερ
2527 3246 2757 3304 δυνατόν
2810 3260 2925 3304 εστι
2972 3255 3297 3323 γνωσθῆναι.
3356 3252 3482 3306 Ὅτι
3516 3252 3781 3321 ποιητὴς,

2121 3337 2205 3395 ὅτι
2264 3341 2605 3415 προνοητής,
2660 3339 2750 3394 καὶ
2806 3338 2874 3393 τὰ
2929 3341 3119 3414 ὃμοια.
3174 3364 3203 3393 ιι
3237 3340 3477 3415 Φανερόν
3526 3339 3668 3396 ἐστιν
3724 3339 3782 3397 ἐν

2118 3427 2330 3490 αὖτοῖς.
2366 3452 2393 3478 υ
2427 3428 2527 3482 Διά
2555 3431 2654 3483 τοῦ
2684 3425 2926 3489 κάλλους
2955 3429 3043 3483 καὶ
3081 3430 3346 3507 μεγεθους
3374 3436 3474 3500 τῆς
3522 3430 3779 3492 κτίσεως.

2120 3541 2149 3571 ι(
2180 3518 2239 3574 Ὁ
2271 3516 2375 3594 γὰρ
2418 3517 2548 3578 Θεὸς
2607 3516 2793 3579 αὐτοῖς
2856 3516 3179 3597 ἐφανέρωσε.
3214 3543 3242 3571 ››
3300 3523 3392 3591 Τῷ
3439 3521 3542 3587 τήν
3597 3520 3781 3576 κτίσιν

2118 3611 2399 3682 προτεῖναι
2441 3610 2571 3660 πᾶσι
2635 3603 2963 3662 διδάσκαλον
3012 3614 3114 3676 τῆς
3172 3606 3376 3670 ο’κείας
3411 3607 3789 3684 μεγαλειότη-

2118 3720 2234 3761 τος,
2273 3722 2301 3751 ι(
2332 3700 2400 3758 O't
2430 3699 2654 3773 οὐρανοὶ
2683 3700 2808 3775 γὰρ,
2842 3700 2998 3779 φησὶ,
3032 3697 3325 3774 διηγοῦνται
3377 3698 3531 3771 δόξαν
3556 3706 3714 3760 Θεοῦ.
3750 3724 3783 3753 υ

2190 3786 2267 3843 Τά
2322 3787 2425 3864 γὰρ
2513 3786 2720 3862 ἀόρατα
2778 3786 2946 3841 αὐτοῦ
3032 3787 3139 3843 ἀπὸ
3222 3797 3452 3850 κτίσεως
3536 3790 3780 3861 κόσμου,

2118 3881 2234 3938 τοῖς
2289 3877 2563 3949 ποιήμασι
2644 3874 2909 3949 νοούμενα
2991 3879 3327 3951 καθορᾶται,
3412 3874 3513 3947 ἤτε
3596 3877 3779 3942 ἀίδιος

2117 3964 2283 4020 αὐτοῦ
2342 3961 2569 4037 δύναμις
2623 3966 2713 4021 καὶ
2802 3966 3040 4037 θειότης*
3121 3965 3199 4029 εἰς
3251 3967 3314 4022 τὸ
3374 3968 3513 4023 εἶναι
3570 3968 3777 4032 αὐτοὺς

2117 4051 2593 4127 ἀναπολογήτους.

2190 4140 2412 4210 Ἐπειδὴ
2445 4143 2591 4199 εἶπεν
2625 4141 2709 4198 ὅτι
2747 4146 2846 4214 τὴν
2905 4141 3046 4199 ἱδίαν
3096 4149 3290 4219 γνῶσιν
3325 4147 3353 4202 ὁ
3386 4146 3517 4209 Θεὸς
3584 4145 3773 4210 αὐτοῖς

2118 4232 2449 4308 ἐφανέρωσεν
2482 4277 2494 4296 ,
2567 4232 2723 4290 αὐτοὶ
2778 4231 2836 4288 δὲ
2912 4234 3076 4291 αὐτὸν
3129 4235 3340 4298 ἑκόντες
3395 4235 3775 4312 παρέδραμον,

2116 4327 2203 4377 νῦν
2228 4327 2393 4378 τοῦτο
2424 4320 2776 4379 ἀποδείκνυσι
2805 4322 2898 4379 καί
2925 4345 3107 4401 φησιν,
3146 4326 3230 4381 ὅτι
3291 4324 3362 4380 δι’
3418 4328 3493 4381 ὧν
3523 4326 3781 4399 ἐποίησεν

2118 4413 2146 4467 ὁ
2176 4412 2325 4474 Θεὸς.
2368 4412 2483 4467 οἷον
2517 4409 2606 4467 διά
2643 4432 2702 4467 τε
2743 4416 2852 4467 τῶν
2910 4412 3182 4487 ἀοράτων,
3216 4410 3309 4469 διά
3363 4435 3421 4470 τε
3462 4419 3571 4471 τῶν
3628 4416 3777 4490 ὁρα-

2114 4505 2245 4569 τῶν,
2304 4496 2495 4572 ἔδειξεν
2567 4502 2763 4558 ἑαυτοῦ
2817 4506 2880 4556 τὸ
2942 4501 3256 4577 μεγαλεῖον.
3318 4505 3381 4561 Ἡ
3440 4504 3616 4567 κτίσις
3672 4506 3784 4581 γὰρ

2116 4592 2301 4671 φωνὴν
2334 4590 2573 4668 ἀφιεῖσα,
2612 4587 2702 4645 διὰ
2728 4598 2829 4660 τῆς
2857 4586 3036 4665 ὄψεως
3089 4593 3183 4649 τὸν
3243 4595 3595 4672 Δημιουργὸν
3640 4593 3784 4649 ἀνα-

354 4682 680 4738 lnvisibilia
709 4686 907 4737 autem
941 4684 1105 4734 vocat
1135 4677 1377 4751 angelos
1413 4694 1775 4749 omnemque
1834 4677 2008 4734 cmle-

2122 4678 2398 4755 κηρύσσει.
2457 4679 2695 4755 ’Λόρατα
2729 4676 2785 4735 δέ
2815 4702 2978 4759 φησιν
3007 4681 3280 4759 ἀγγέλους
3308 4684 3397 4738 καὶ
3448 4688 3620 4738 πᾶσαν
3670 4686 3780 4753 τήν

351 4780 502 4829 stem
530 4771 893 4838 exercitum;
927 4768 1084 4825 facta
1107 4784 1266 4830 vero,
1301 4784 1369 4823 ea
1400 4785 1530 4839 qua;
1561 4767 1814 4823 visibilia
1844 4772 2004 4836 sunt,

350 4870 494 4935 puta
518 4862 757 4930 cmlum,
791 4866 1010 4914 terram
1042 4874 1228 4913 mare.
1267 4857 1408 4912 Vide
1461 4874 1596 4929 ergo
1628 4856 1769 4928 quid
1826 4856 2002 4913 dicat.

352 4950 695 5013 Invisibilia,
730 4948 946 5019 inquit,
996 4948 1185 5020 ipsius
1217 4948 1371 5003 213
1419 4962 1526 5018 per
1571 4946 1826 5002 visibilia
1856 4946 2009 5000 fiunt

352 5041 686 5098 manifesta.
721 5040 865 5093 Nam
891 5038 991 5110 qui
1022 5037 1235 5093 ccelum
1260 5037 1545 5099 intuetur,
1576 5035 2010 5092 animadvertat

351 5130 599 5185 omnino
633 5125 790 5199 quod
812 5127 875 5181 in
908 5142 975 5180 eo
1009 5127 1253 5198 quidam
1286 5127 1408 5181 sint
1438 5125 1851 5181 ministratorii
1883 5125 2004 5197 spis

347 5219 519 5274 ritus.
547 5217 713 5283 Quod
735 5232 871 5288 ergo
904 5216 1068 5281 latet,
1101 5232 1209 5288 per
1231 5215 1293 5271 id
1323 5215 1481 5287 quod
1511 5215 1894 5271 manifestum
1918 5219 2009 5269 est

347 5307 702 5363 declaratur.
736 5306 817 5360 Ne
849 5304 1007 5359 enim
1044 5306 1159 5359 Deo
1194 5311 1523 5361 coaeternos
1553 5304 1862 5360 arbitreris
1898 5319 2006 5359 an-

347 5397 530 5470 gelos,
556 5395 664 5452 sub
691 5395 991 5450 creatione
1024 5394 1158 5450 illos
1181 5393 1577 5466 comprendit.

421 5485 726 5557 Siquidem
757 5482 1098 5547 invisibilia,
1125 5483 1225 5547 ait,
1251 5489 1393 5554 puta
1413 5483 1632 5556 angeli,
1656 5488 2005 5554 caeterceque

349 5575 695 5634 substantiae
725 5574 1093 5646 incorporeas
1118 5590 1132 5628 :
1165 5590 1440 5647 quaenam
1472 5578 1613 5630 sunt
1641 5573 1770 5629 haec
1798 5573 2004 5630 incor-

421 5833 444 5868 ⁴
474 5832 628 5892 Psal.
662 5836 818 5902 xviu,
852 5831 903 5888 1.

2119 4767 2172 4823 ἐν
2232 4767 2484 4843 οὐρανοῖς
2546 4766 2773 4842 δύναμιν
2806 4816 2818 4828 .
2881 4773 3177 4843 Ποιήματα
3235 4769 3293 4826 δὲ
3343 4774 3409 4827 τὰ
3466 4774 3723 4849 ὁρώμενα
3760 4820 3780 4847 ,

2118 4858 2234 4912 οἶον
2269 4857 2523 4935 οὐρανὸν,
2560 4865 2679 4933 γῆν,
2714 4858 3005 4923 θάλασσαν.
3062 4864 3200 4935 Ὅρα
3252 4862 3346 4916 οὗν
3406 4862 3458 4918 τί
3514 4885 3668 4943 φησι.
3699 4864 3784 4920 Τὰ

2116 4946 2319 5022 ἀόρατα
2348 4947 2537 5012 αὐτοῦ,
2570 4950 2727 5028 φησὶ,
2777 4945 2869 5004 διὰ
2922 4955 3029 5005 τῶν
3085 4951 3296 5026 ὁρατῶν
3347 4952 3551 5027 γίνεται
3604 4951 3779 5023 δῆλα.

2112 5038 2171 5093 Ὁ
2200 5036 2305 5112 γάρ
2334 5036 2586 5110 οὐρανὸν,
2618 5039 2804 5116 φησὶν,
2855 5040 3019 5114 ὁρῶν,
3077 5038 3507 5113 ἐνθυμηθῆσεται
3561 5042 3784 5106 πάντως

2116 5124 2200 5181 ὅτι
2231 5130 2320 5180 καὶ
2350 5125 2496 5189 ἐντὸς
2527 5126 2690 5182 αὐτοῦ
2721 5126 2832 5184 ἐστί
2884 5149 3006 5184 τινα
3064 5128 3413 5207 λειτουργικᾶ
3472 5132 3781 5205 πνεύματα,

2114 5217 2274 5270 Ὥστε
2304 5216 2366 5270 τὸ
2418 5215 2615 5293 ἀφανὲς
2672 5216 2733 5271 ἐκ
2786 5223 2884 5273 τοῦ
2945 5224 3178 5298 φανεροῦ
3237 5220 3605 5297 σαφηνίζεται.
3666 5223 3783 5281 Ἵνα

2113 5304 2217 5379 γάρ
2250 5306 2325 5376 μή
2360 5303 2672 5368 συναῖδίους
2729 5311 2846 5378 Θεῷ
2904 5307 3139 5383 νομίσῃς
3187 5309 3314 5372 τοὺς
3348 5309 3637 5388 ἀγγέλους,
3670 5312 3782 5368 ὑπὸ

2114 5393 2287 5448 κτίσιν
2321 5393 2518 5457 αὐτοὺς
2549 5392 2685 5472 ἇῆει.

2186 5483 2263 5538 Τὰ
2293 5482 2500 5558 ἀόρατα
2528 5486 2650 5562 γὰρ,
2686 5486 2871 5561 φησὶν,
2902 5487 3019 5542 οἷον
3054 5486 3290 5566 ἄγγελοι
3341 5489 3434 5545 καὶ
3491 5492 3547 5544 αἱ
3606 5488 3779 5547 ἄλλαι

2122 5573 2407 5647 ἀτώματοι
2443 5573 2643 5632 οὐσίαι.
2680 5580 2819 5631 Ποῖα
2846 5580 3016 5633 ταῦτα
3049 5595 3064 5646 ;
3095 5577 3171 5633 Τὰ
3225 5578 3332 5635 ἀπὸ
3392 5580 3622 5644 κτίσεως
3680 5580 3784 5636 κό-
