4112 6404
276 409 379 472 3M

1373 410 1794 475 COMMENT.
1843 411 1923 473 IN
1969 411 2226 473 EPIST.
2273 415 2374 474 AD
2420 414 2600 475 ROM.

3598 420 3717 485 342

278 565 422 621 σμου
454 541 533 609 εἷς
589 542 804 621 γένεσιν
854 543 1227 631 παραχθέντα.
1286 546 1361 604 Ἠ
1415 545 1523 603 ἀπὸ
1578 550 1677 613 τῆς
1725 550 1821 604 τοῦ
1845 546 1934 602 κό⁴

2056 565 2238 622 porea
2260 549 2287 605 ?
2315 551 2454 618 Quae
2478 566 2548 607 ex
2579 550 2787 606 mundi
2819 554 3119 610 creatione
3165 555 3241 613 ad
3271 572 3399 614 esse
3429 559 3716 631 perducta

283 656 424 710 σμου
454 632 686 695 κτίσεως
731 629 1215 710 καταλαμϐάνεται
1272 635 1363 691 καὶ
1420 638 1736 711 καθορᾶται.
1784 640 1948 706 Πῶς;

279 727 369 781 καὶ
426 724 567 780 αύτᾶ
627 724 679 780 ἐν
729 730 846 787 τοῖς
901 729 1181 798 ποιήμασι
1254 725 1521 800 νοούμενα
1577 727 1669 782 καὶ
1731 747 1952 802 συναρι-

279 816 590 889 θμούμενα.
656 817 789 878 Καθ’
851 810 1158 891 ὑπερϐατὸν
1218 815 1310 871 οὖν
1345 818 1379 886 ἡ
1417 816 1679 887 σύνταξις.
1731 822 1802 873 ’Ἢ
1830 821 1948 879 τοῖς

275 908 555 979 ποιήμασι
584 903 877 978 νοούμενα,
910 905 1027 959 ἆντὶ
1078 909 1174 960 τοῦ
1231 905 1283 961 ἐν
1335 907 1523 968 αὐτοῖς
1554 912 1670 968 τοῖς
1701 908 1949 980 ποιήμα-

275 1015 357 1048 σιν
384 992 613 1060 ἐνεῖναι,
645 993 736 1047 καὶ
768 996 839 1066 τῇ
870 997 970 1048 τοῦ
1002 997 1159 1062 Θεοῦ,
1219 991 1487 1069 βουλήσει
1521 994 1831 1069 ὑπηρετεῖν,
1857 994 1948 1050 καὶ

273 1081 529 1158 πληροῦν
560 1085 632 1138 τα
658 1080 1020 1155 κελευόμενα.
1072 1084 1141 1139 Ἥ
1197 1083 1405 1158 ἀόρατα
1436 1083 1599 1139 αὐτοῦ
1631 1082 1781 1162 λέγει
1812 1084 1946 1139 αὐτὸ

272 1173 337 1227 τὸ
369 1172 611 1247 ἀόρατον
640 1170 808 1227 αὐτοῦ
836 1178 937 1241 τῆς
993 1170 1200 1233 οὐσίας.
1263 1171 1360 1227 Καὶ
1418 1178 1538 1235 πῶς
1565 1171 1663 1242 ἕνι,
1696 1173 1852 1253 φησὶ,
1885 1174 1946 1227 τὸ

276 1268 421 1327 θεῖον
452 1257 691 1336 ἀόρατον
745 1256 804 1315 ὄν
853 1258 1093 1316 κατιδεῖν
1140 1262 1231 1317 καὶ
1262 1266 1593 1327 κατανοῆσαι
1624 1282 1639 1333 ;
1671 1262 1776 1319 Ναὶ
1809 1257 1943 1332 ἔστι,

271 1353 428 1431 φησὶ,
463 1352 558 1407 καὶ
595 1351 703 1406 ἀπὸ
752 1356 861 1407 τῶν
918 1351 1234 1425 κτισμάτων
1298 1353 1467 1407 αὐτοῦ
1509 1349 1745 1407 κατιδεῖν
1775 1352 1945 1407 αὐτοῦ

272 1444 370 1512 τὴν
404 1443 651 1513 θεότητα
696 1441 786 1496 καὶ
818 1442 919 1511 τήν
978 1438 1232 1514 δύναμιν.
1301 1468 1321 1492 α
1357 1443 1492 1499 Ἥτε
1548 1439 1721 1504 ἀῒδιος
1779 1441 1944 1497 αὐτοῦ

277 1528 508 1606 δύναμις
537 1530 632 1586 καὶ
682 1531 922 1602 θειότης.
954 1555 984 1582 ››
1034 1562 1104 1573 -
1151 1532 1348 1605 [ΚΥΡ.]
1401 1532 1540 1589 Ἀπὸ
1568 1535 1752 1587 κοινοῦ
1780 1552 1943 1586 νοου-

285 1620 448 1693 μὲνου
504 1625 605 1677 τοῦ
659 1625 983 1696 καθορᾶται.
1043 1625 1166 1683 Πῶς
1224 1618 1281 1677 δὲ
1331 1620 1654 1697 γινώσκεται
1712 1619 1801 1676 διὰ
1841 1627 1942 1690 τῆς

293 1707 649 1785 δημιουργίας
676 1712 712 1779 ἡ
746 1707 923 1773 ἀΐδιος
983 1710 1148 1767 αὐτοῦ
1206 1708 1472 1784 δύναμις;
1533 1712 1660 1769 Ὅτι
1699 1711 1943 1791 φθαρτὴν

288 1798 534 1878 ἐχόντων
571 1800 660 1868 τὴν
706 1799 866 1880 φύσιν
918 1805 1026 1856 τῶν
1077 1799 1448 1876 παρηγμένων
1481 1801 1557 1863 εἷς
1588 1798 1816 1876 γένεσιν,
1848 1801 1938 1855 καὶ

2061 644 2221 704 sunt,
2266 645 2369 695 aut
2397 656 2467 695 ex
2510 640 2813 696 creatione
2856 645 3064 699 mundi
3118 648 3709 718 comprehenduntur

2059 737 2119 787 et
2149 733 2620 805 conspiciuntur.
2656 736 2923 800 Quonam
2972 738 3144 792 modo
3166 738 3193 793 ?
3218 740 3404 796 Etiam
3454 743 3582 814 ipsa
3612 745 3707 800 in-

2058 828 2148 877 ter
2177 839 2245 878 ea
2267 840 2399 895 quae
2453 824 2606 881 facta
2635 831 2774 880 sunt
2830 826 3133 883 intellecta
3162 834 3219 883 et
3258 840 3705 890 connumerata.

2057 915 2157 967 Est
2186 930 2322 985 ergo
2355 930 2461 985 per
2479 914 2847 987 hyperbaton
2869 916 3081 971 litterae
3110 918 3430 975 ordinatio.
3452 922 3549 977 Vel
3574 940 3715 995 ope-

2054 1004 2220 1060 ribus
2252 1006 2576 1071 intellecta,
2603 1008 2714 1064 hoc
2762 1014 2851 1063 est
2882 1009 2942 1063 in
2994 1009 3141 1081 ipsis
3171 1012 3450 1083 operibus
3481 1014 3709 1071 inexsi-

2055 1096 2291 1164 stentia,
2342 1104 2522 1170 utque
2571 1099 2673 1154 Dei
2719 1099 3006 1154 voluntati
3057 1100 3452 1169 subserviant,
3488 1111 3547 1159 et
3575 1123 3708 1176 quea

2044 1185 2219 1257 jubet
2249 1187 2605 1258 compleant.
2653 1190 2766 1242 Aut
2796 1188 3118 1243 invisibilia
3166 1191 3295 1261 ejus
3341 1191 3485 1247 dicit
3514 1194 3706 1265 ipsam

2052 1276 2411 1332 invisibilem
2476 1278 2604 1348 ejus
2653 1277 3067 1333 substantiam.
3103 1282 3172 1333 Et
3224 1281 3523 1351 quomodo
3565 1284 3709 1340 dicit

2051 1366 2394 1438 contingere
2426 1373 2491 1420 ut
2537 1367 2852 1422 invisibilis
2887 1368 3161 1423 divinitas
3191 1371 3589 1442 perspiciatur
3636 1390 3707 1430 ac

2052 1454 2465 1527 intelligatur?
2495 1455 2727 1527 Utique,
2749 1456 3118 1527 inquit,licet
3148 1458 3328 1514 etiam
3361 1476 3396 1515 a
3416 1463 3708 1517 creaturis

2052 1546 2180 1616 ejus
2212 1545 2548 1616 perspicere
2606 1544 2795 1616 ipsius
2850 1545 3219 1602 divinitatem
3252 1564 3318 1603 ac
3344 1551 3702 1621 potentiam.

2053 1657 2080 1685 ‹ι
2101 1634 2478 1705 Sempiterna
2494 1635 2546 1706 ej
2559 1652 2624 1689 us
2636 1639 2811 1706 poten
2823 1635 2902 1690 tia
2913 1653 2982 1691 ac
2995 1635 3292 1693 divinitas.
3320 1659 3348 1687 ››
3362 1669 3429 1679 -
3447 1641 3703 1711 Repete:

2049 1725 2440 1798 Conspicitur.
2458 1725 2762 1792 Quomodo
2795 1743 2931 1800 ergo
2959 1743 3065 1799 per
3098 1728 3462 1785 creationem
3486 1731 3710 1803 sempi-

2050 1822 2220 1871 terna
2250 1816 2379 1887 ejus
2429 1816 2613 1871 virtus
2660 1816 3077 1889 cognoscitur?
3107 1818 3255 1884 Quia
3301 1836 3437 1875 cum
3469 1836 3538 1875 ea
3568 1837 3703 1892 quae

293 1887 647 1962 κεκλημένων
675 1888 729 1944 ἐν
762 1890 957 1965 χρόνῳ
1013 1890 1151 1965 πρὸς
1210 1890 1457 1966 ὕπαρξιν,
1489 1885 1640 1947 ἔσται
1671 1911 1777 1945 που
1805 1891 1934 1945 παν-

2053 1905 2124 1962 ad
2157 1885 2294 1961 esset
2344 1905 2631 1977 producta
2674 1885 2830 1975 sunt,
2877 1907 3326 1978 corruptibilcm
3375 1885 3705 1966 sortiantur

288 2001 401 2044 τως
440 1983 469 2035 ὁ
515 1981 718 2036 τούτων
774 1981 1129 2059 Δημιουργὸς
1186 1981 1459 2059 ἄφθαρτος
1503 1981 1592 2037 καὶ
1637 1978 1831 2043 ἀῗδιος.
1866 2013 1937 2024 --

277 2069 493 2141 [ΦΩῙᾘ
516 2069 585 2126 ’Ἡ
615 2067 811 2130 οὕτως⁸
848 2069 982 2126 Ἀπὸ
1012 2071 1113 2138 τὴς
1136 2073 1233 2124 τοῦ
1262 2070 1442 2142 κόμου
1472 2068 1695 2131 κτίσεως
1725 2072 1760 2138 ἡ
1793 2068 1938 2125 θειό-

266 2178 366 2227 της
394 2162 495 2213 τοῦ
525 2163 666 2214 Θεοῦ
712 2159 801 2214 καὶ
847 2156 1025 2219 ἆῖδεος
1059 2157 1288 2235 δύναμις
1325 2160 1669 2238 γινώσκεται.
1701 2157 1827 2216 Εἶδὲ
1853 2180 1937 2223 τις

262 2249 350 2305 τὸν
382 2250 602 2322 κόσμον
633 2250 724 2304 καὶ
755 2251 823 2305 τὰ
851 2247 903 2305 ἐν
936 2250 1108 2324 αὐτῷ,
1138 2250 1384 2327 ἆστάρων
1416 2249 1601 2322 καλλη
1645 2252 1734 2307 καὶ
1774 2250 1932 2326 μὲ-(εο

260 2341 371 2403 θος,
434 2336 654 2414 δρόμον
717 2337 956 2411 σελήνης
1012 2338 1103 2395 καὶ
1163 2341 1352 2414 ἡλίου,
1410 2342 1559 2411 τάξιν
1610 2341 1700 2396 καὶ
1744 2341 1934 2415 εἱρμὸν

258 2423 638 2504 ἀπαράϐατον.
709 2428 832 2508 Οὐχ
887 2430 1098 2505 ἡμέραν
1158 2429 1365 2502 σελήνη
1424 2436 1592 2502 ποιεῖ,
1654 2427 1778 2486 οὐδὲ
1830 2431 1929 2499 τὴν

258 2518 423 2574 νύκτα
453 2517 647 2588 ἣλιος.
709 2519 768 2576 Ὀ
824 2518 989 2594 αἰθὴρ
1046 2519 1137 2575 τὸν
1194 2519 1400 2575 οἰκεῖον
1441 2518 1609 2575 τόπον
1644 2516 1927 2595 φυλάττει,

257 2608 344 2663 καὶ
370 2609 399 2662 ὁ
430 2608 545 2682 ἆήρ
582 2607 818 2681 ὁμοίως.
879 2609 1142 2679 Ἐστηκεν
1204 2611 1239 2679 ἡ
1298 2615 1396 2684 γῆ,
1440 2608 1560 2677 οὐκ,
1593 2604 1799 2684 ἔχουσα
1827 2610 1920 2666 τὸν

265 2693 624 2771 ὗπερείδοντα
658 2697 829 2772 βάρος
885 2695 1131 2772 ἄπειρον,
1189 2696 1478 2774 ἐγκέχυται
1517 2699 1657 2772 αὐτῇ
1688 2700 1752 2755 τὸ
1781 2696 1929 2775 ὓδωρ

259 2787 349 2842 καὶ
379 2787 774 2863 περικέχυται,
828 2787 1032 2863 βάρους
1084 2790 1395 2863 προσθήκη,
1428 2787 1554 2844 ἀλλ’
1587 2789 1739 2861 ὅμως
1769 2786 1930 2861 ἕστη-

258 2898 345 2932 κεν
376 2877 670 2948 ἀκίνητος,
733 2879 834 2947 τήν
882 2878 1221 2953 κατέχουσαν
1279 2876 1725 2950 ἀνακηρύττουσα
1773 2875 1930 2933 δύνα-

268 2988 377 3040 μιν.
437 2968 611 3041 Φέρει
683 2965 929 3042 καρποὺς
990 2966 1240 3041 μυρίους,
1293 2967 1384 3022 καὶ
1439 2963 1606 3029 ἰδέαις
1657 2967 1747 3022 καὶ
1779 2965 1933 3023 δυνά-

274 3077 395 3129 μεσι
426 3055 804 3136 διαφέροντας.
861 3056 975 3113 Μία
1031 3054 1188 3127 οὖσα,
1243 3059 1315 3131 γῆ
1372 3055 1526 3128 οὖσα,
1558 3055 1741 3135 τρέψει
1773 3057 1928 3127 ζώων

264 3146 390 3224 γένη
440 3146 667 3221 ἄπειρα.
723 3144 907 3203 ’Λλλᾶ
948 3147 1041 3201 καὶ
1088 3152 1292 3223 καιρῶν
1353 3147 1641 3209 εὐτάκτους
1702 3143 1931 3221 μεταϐο-

2050 2001 2346 2061 naturam,
2381 2013 2449 2051 ac
2479 1996 2539 2050 in
2576 2001 2838 2068 tempore
2869 1996 2942 2052 ad
2970 1997 3146 2052 vitam
3178 2004 3384 2054 vocata
3415 2000 3553 2069 sint,
3584 2005 3707 2057 uti-

2048 2103 2163 2158 que
2194 2087 2406 2140 horum
2439 2087 2680 2140 Creator
2720 2086 3191 2157 incorruptibilis
3224 2088 3336 2142 erit
3365 2106 3432 2143 ac
3478 2092 3701 2162 sempi-

2048 2182 2275 2232 ternus.
2302 2206 2366 2215 —
2395 2178 2512 2230 Aut
2531 2175 2643 2231 hoc
2668 2175 2843 2230 modo
2870 2191 2881 2231 :
2917 2178 2996 2230 Ex
3037 2177 3340 2231 creatione
3368 2178 3574 2233 mundi
3607 2180 3699 2234 di-

2044 2265 2258 2320 vinitas
2300 2264 2404 2319 Dei
2451 2264 2932 2335 sempiternaque
2983 2266 3249 2335 potentia
3299 2269 3696 2338 cognoscitur.

2044 2356 2214 2410 Novit
2242 2353 2376 2425 quis
2406 2353 2696 2408 mundum
2716 2358 2774 2408 et
2804 2355 3097 2424 eaquznin
3132 2372 3197 2410 eo
3234 2361 3695 2419 sunt,astrorum

2045 2443 2553 2517 pulchritudinem
2587 2460 2654 2498 ac
2698 2443 3193 2515 magnitudinem,
3228 2444 3384 2500 lunas
3435 2446 3697 2518 solisque

2043 2550 2306 2596 cursum,
2325 2531 2596 2587 ordinem
2616 2549 2681 2588 ac
2700 2533 2915 2590 seriem
2936 2533 3488 2590 incommutabilem
3511 2553 3524 2602 ;
3541 2536 3699 2607 quod

2042 2623 2203 2678 diem
2218 2623 2360 2677 luna
2372 2638 2491 2676 non
2517 2622 2759 2688 ofﬁciat,
2776 2636 2971 2694 neque
2987 2623 3074 2679 sol
3090 2632 3321 2679 noctem
3342 2625 3700 2697 :aetherpro-

2044 2711 2238 2782 prium
2264 2715 2455 2765 servat
2478 2708 2674 2764 locum
2707 2715 2765 2764 et
2794 2727 2896 2765 aer
2925 2711 3232 2767 similiter:
3263 2718 3378 2768 stat
3403 2713 3467 2769 in
3499 2715 3695 2777 medio

2045 2807 2202 2856 terra
2232 2801 2385 2855 nihil
2418 2800 2644 2858 habens
2686 2802 2844 2874 quod
2886 2819 3052 2858 suam
3099 2802 3455 2861 immensam
3492 2804 3701 2861 fulciat

2041 2891 2387 2962 gravitatem
2414 2907 2427 2945 ι
2462 2890 2659 2946 infusa
2689 2896 2778 2945 est
2808 2908 2913 2963 per
2942 2891 3107 2947 illam
3149 2909 3325 2962 aqua,
3363 2894 3483 2949 imo
3510 2894 3570 2949 in
3592 2895 3702 2951 cir-

2043 2982 2204 3036 cuitu
2236 2979 2450 3035 diiTusa
2481 2998 2612 3052 quae
2644 2980 2990 3052 gravitatem
3014 2981 3275 3053 adjiciat,
3295 2988 3561 3039 attamen
3590 2984 3698 3040 im-

2045 3067 2283 3122 mobilis
2312 3073 2671 3138 perseverat,
2692 3084 2818 3122 eam
2849 3086 2978 3139 quae
3011 3068 3280 3123 continet
3309 3071 3693 3144 promulgans

2041 3157 2371 3229 potentiam
2404 3176 2416 3213 :
2449 3155 2566 3211 fert
2589 3156 3179 3214 iructusinnumeros
3195 3159 3317 3214 suis
3348 3159 3691 3217 differentes

252 3238 379 3309 λὰς,
437 3240 533 3295 καὶ
598 3239 795 3300 ὑετοὺς
852 3237 1127 3310 ἐτησίους,
1185 3241 1276 3294 καὶ
1331 3239 1398 3294 τὰ
1456 3237 1719 3295 δοκοῦντα
1758 3240 1927 3310 παθη,

2047 3246 2527 3313 virtutibus,cum
2559 3264 2680 3302 una
2707 3247 2802 3313 sit,
2830 3265 2963 3304 cum
2999 3254 3155 3304 terra
3179 3249 3272 3312 sit,
3300 3248 3556 3320 plurima
3577 3265 3691 3304 nu-

249 3329 541 3403 σεισμοὸς,
572 3327 893 3403 κεραυνοὺς,
944 3327 1035 3383 καὶ
1087 3327 1140 3384 εἷ’
1190 3352 1241 3386 τι
1289 3329 1497 3386 τούτων
1540 3328 1928 3401 ἐπισκοπήσεις

248 3419 329 3481 εἷς
360 3422 457 3475 τὸν
490 3416 862 3493 Δημιουργὸν
922 3419 1276 3499 παραπέμπει
1332 3421 1422 3476 τὸν
1472 3418 1837 3496 προσέχοντα.
1870 3418 1931 3475 Τί

242 3509 317 3564 τὸ
348 3508 618 3585 σύνεχον,
645 3507 703 3564 τί
762 3508 824 3563 τὸ
883 3512 1153 3584 κρατοῦνς
1215 3510 1397 3567 Ἔστιν
1453 3508 1556 3585 ἄρα
1603 3515 1803 3585 γνῶναι
1837 3529 1934 3565 σα-

253 3602 379 3675 φῶς
412 3599 529 3654 ἀπὸ
555 3604 661 3670 τῆς
693 3599 950 3666 κτίσεως,
1004 3596 1091 3654 ὅτι
1142 3590 1255 3656 ἔστι
1289 3601 1655 3676 Δημιουργὸς,
1687 3597 1771 3658 ὅτι
1803 3619 1930 3676 προ·

260 3691 507 3755 sont-i5,
581 3686 663 3743 ὅτι
741 3683 1182 3761 παντοδύναμος,
1260 3689 1342 3746 ότι
1428 3689 1625 3766 ἀγαθὸς
1704 3690 1931 3767 (ἀγαθοῦ

266 3777 384 3852 γὰρ
422 3778 462 3845 ἡ
498 3774 824 3855 δημιουργία
852 3783 945 3833 καί
976 3779 1010 3848 ἡ
1043 3779 1316 3855 πρόνοια),
1349 3779 1433 3835 ὅτι
1473 3777 1665 3845 ἀΐδιος.
1698 3782 1793 3853 Τῷ
1824 3781 1929 3856 γὰρ

260 3862 673 3941 παντοόυνᾶμῳ
698 3868 784 3931 τίς
834 3863 1255 3938 ἔπιϐουλεύσεις
1299 3867 1488 3933 Οὕτως
1520 3866 1614 3926 οὖν
1647 3872 1683 3941 ἡ
1715 3867 1930 3941 θειότης

256 3954 437 4011 αὐτοῦ
470 3955 563 4011 καί
616 3954 792 4019 dioto:
856 3954 1088 4029 δύναμις
1140 3954 1192 4011 ἐν
1250 3961 1366 4021 τοῖς
1398 3959 1671 4031 ποιήμασι
1701 3962 1931 4033 καθορᾶ-

241 4067 368 4115 ται,
403 4045 592 4106 οὕτως
627 4045 735 4101 ἀπὸ
765 4051 867 4107 τοῖς
925 4049 1023 4100 τοῦ
1081 4046 1290 4121 κόσμου
1320 4047 1573 4115 κτίσεως,
1607 4049 1642 4117 ἡ
1672 4050 1769 4102 τοῦ
1795 4053 1931 4104 Θεοῦ

232 4141 460 4210 γνῶσις
518 4140 643 4197 τοῖς
703 4135 1015 4210 ἀνθρώποις
1065 4134 1356 4210 ἐγγίνεται.
1409 4134 1567 4194 Οὗτω
1596 4137 1657 4191 τὸ
1690 4136 1928 4210 γνωστὸν

230 4225 421 4283 αὐτοῦ
494 4224 548 4280 ἐν
620 4231 783 4282 πᾶσιν
854 4224 1172 4303 ἐφανέρωσε.
1239 4226 1319 4282 Τὸ
1381 4225 1483 4302 γὰρ
1548 4225 1788 4300 γνωστὸν
1835 4230 1931 4282 τοῦ

228 4319 411 4379 Θεοῦ,
481 4317 661 4371 ταῦτα
718 4312 808 4369 καὶ
864 4313 932 4368 τὰ
982 4313 1210 4371 τοιαῦτοὶ
1277 4312 1438 4372 ἐστιν.
1493 4315 1668 4372 Οὐσία
1725 4311 1783 4370 δὲ
1837 4316 1926 4371 καὶ

216 4406 412 4485 ᾳύπις
445 4401 743 4464 παντελῶς
795 4409 954 4459 πᾶσιν
1007 4401 1251 4472 ἃληπτα.
1311 4406 1494 4461 Ταῦτα
1541 4404 1630 4460 καὶ
1658 4402 1932 4476 ’Έλληνες

220 4494 529 4571 ἔγνωσαν.
562 4490 752 4549 Ἀλλᾶ
779 4494 1014 4569 γνόντες,
1046 4493 1156 4569 οὐχ
1184 4494 1259 4557 ὡς
1300 4495 1429 4552 Θεὸν
1463 4492 1738 4566 ἐδόξασαν.
1773 4520 1801 4548 ιε
1836 4495 1931 4558 Εἰς

2043 3337 2145 3392 trit
2188 3336 2537 3392 animalium
2586 3339 2973 3410 generazsed
3017 3344 3075 3393 et
3132 3344 3465 3410 temporum
3508 3338 3693 3411 probe

2040 3427 2371 3484 constituas
2420 3427 2802 3495 mutationes,
2864 3427 3093 3499 pluvias
3143 3444 3392 3494 annuas,
3445 3445 3697 3500 qumque

2041 3517 2455 3590 percipiuntur
2482 3517 2810 3591 passiones.
2832 3524 2974 3588 puta
2998 3524 3164 3575 terrae
3181 3517 3698 3584 motus,fulmina:

2040 3606 2400 3678 etquidquid
2415 3606 2627 3661 horum
2642 3606 3201 3669 consideraveris,in
3223 3606 3563 3664 Creatorem
3578 3613 3694 3664 tra-

2042 3694 2204 3750 ducit
2218 3711 2351 3748 eum
2370 3693 2469 3764 qui
2497 3695 3093 3761 animadvertit.Quid
3108 3695 3257 3752 illud
3270 3714 3407 3767 ergo
3428 3701 3517 3751 est
3534 3697 3694 3766 quod

2039 3784 2154 3839 ista
2166 3783 2451 3849 continet,
2472 3783 2614 3853 quid
2633 3784 2791 3856 quod
2812 3791 3102 3855 gubernat
3122 3785 3148 3840 ‘I
3168 3786 3377 3857 Utique
3407 3785 3548 3841 licet
3564 3802 3693 3842 ma-

2039 3873 2253 3929 nifeste
2287 3890 2356 3928 ex
2385 3872 2685 3928 creatione
2717 3891 3074 3947 cognoscere
3120 3874 3277 3945 quod
3310 3875 3387 3929 sit
3424 3876 3686 3943 Creator,

2041 3961 2197 4036 quod
2237 3961 2621 4034 gubernator,
2662 3962 2821 4034 quod
2862 3964 3262 4037 omnipotens,
3306 3963 3465 4035 quod
3495 3963 3688 4020 bonus

2040 4052 2201 4124 (nam
2219 4050 2677 4107 boniestcreare
2693 4069 2759 4107 ac
2788 4051 3161 4125 gubernare),
3186 4053 3343 4124 quod
3376 4054 3691 4125 sempiter-

2040 4143 2229 4197 nus.2
2244 4144 2273 4196 I
2289 4145 2335 4197 Δ
2351 4142 2758 4212 Omnipotenti
2773 4143 2931 4197 enim
2946 4143 3079 4214 quis
3093 4143 3542 4199 struetinsidias
3562 4144 3590 4199 ?
3605 4146 3692 4201 Ita

2041 4246 2181 4303 ergo
2211 4230 2489 4287 divinitas
2516 4233 3157 4304 ejus‘sempiternaque
3172 4234 3439 4304 potentia
3466 4234 3527 4288 in
3550 4251 3694 4306 ope-
3766 4286 3777 4294 .

2040 4320 2204 4377 ribus
2237 4322 2712 4393 conspicitur,ita
2740 4339 2809 4377 ex
2825 4322 3034 4377 mundi
3053 4324 3351 4378 creatione
3379 4323 3477 4379 Dei
3496 4325 3694 4396 cogni-

2041 4411 2123 4466 tio
2155 4411 2443 4484 contingit
2472 4411 2834 4467 hominibus.
2871 4413 2989 4467 Hoc
3041 4412 3217 4468 modo
3247 4411 3398 4468 illud
3429 4412 3588 4484 quod
3619 4412 3691 4469 de

2040 4501 2169 4571 ipso
2201 4500 2599 4572 cognoscibile
2620 4506 2727 4567 est,
2746 4502 2805 4556 in
2818 4501 3097 4557 omnibus
3115 4517 3245 4557 sese
3259 4501 3549 4573 prodidit:
3565 4503 3691 4558 haec

217 4585 300 4638 τὸ
340 4585 495 4638 εἶναι
526 4581 730 4645 αὐτοὺς
752 4582 1229 4657 ἀναπολογήτους.
1250 4608 1277 4638 ι
1304 4582 1595 4641 Τοσούτων
1623 4585 1730 4659 γὰρ
1756 4580 1927 4639 ὅντων

282 4681 313 4690 -
403 4674 431 4691 ς
582 4674 597 4691 .
814 4675 826 4688 .
959 4678 983 4689 ..
1048 4681 1077 4692 η
1148 4678 1172 4689 ..
1352 4673 1372 4692 κ
1417 4681 1442 4691 ..
1596 4677 1606 4692 .
1652 4677 1664 4687 .
1754 4676 1772 4692 ς
1883 4676 1896 4692 .

2047 4588 2201 4645 enim
2221 4595 2361 4644 sunt
2376 4606 2509 4659 qua:
2521 4589 2594 4643 de
2610 4591 2725 4645 Deo
2739 4590 3163 4663 cognoscibilia
3174 4596 3342 4646 sunt:
3359 4591 3694 4648 substantia

223 4681 364 4732 τῶν
400 4674 745 4731 δεικνύντων
775 4675 838 4730 τὸ
888 4678 987 4729 τοῦ
1044 4678 1177 4730 Θεοῦ
1208 4673 1527 4750 μεγαλεῖον,
1556 4677 1608 4730 τί
1641 4676 1926 4750 ἀπολογή·

232 4786 444 4821 cro-na:
512 4766 566 4821 οἱ
628 4763 841 4826 ἑκόντες
896 4763 1425 4837 ἀποτυφλωοέντες;
1495 4764 1620 4844 Οὐχ
1677 4764 1813 4836 αὕτη
1872 4762 1930 4821 δὲ

229 4852 479 4923 σπουδῇ
513 4858 598 4926 τῷ
632 4853 750 4924 Θεῷ
778 4852 1009 4929 γέγονεν,
1057 4852 1253 4931 ἄπαγε,
1304 4854 1352 4910 εἰ
1398 4855 1488 4910 καὶ
1536 4855 1713 4917 οὕτως
1746 4850 1926 4925 ἐξέϐη.

2040 4695 2298 4749 namque
2318 4684 2601 4734 etnatura
2621 4681 2897 4735 omnibus
2919 4680 3166 4735 omnino
3178 4685 3321 4735 sunt
3350 4680 3692 4751 incompre-

2040 4767 2384 4825 hensibiles.
2420 4769 2556 4823 Haec
2585 4773 2645 4823 et
2673 4769 2857 4824 Graeci
2888 4775 3306 4841 cognoverant,
3326 4785 3533 4824 verum
3551 4784 3689 4824 cum

2038 4858 2472 4930 cognovissent,
2506 4873 2626 4912 non
2658 4857 2813 4912 sicut
2840 4859 3026 4914 Deum
3055 4858 3555 4929 gloriﬁcaverunt.
3573 4880 3601 4909 ‹‹
3617 4859 3692 4914 Ut

235 4946 378 5002 sint
408 4945 537 5021 ipsi
598 4944 1058 5001 inexcusabilee.
1086 4967 1113 4994 υ
1172 4946 1319 5001 Nam
1357 4962 1494 5003 cum
1547 4950 1712 5001 tanta
1759 4946 1881 5002 sint
1928 4963 2065 5018 quas
2103 4947 2198 5005 ϋΘὶ
2240 4945 2715 5019 magnitudinem
2772 4947 3212 5013 demonstrent,
3244 4947 3389 5019 quid
3446 4963 3693 5020 respon-

242 5036 500 5092 debunt
530 5035 637 5108 qui
672 5049 785 5090 sua
833 5038 1045 5106 sponte
1098 5035 1374 5091 excascati
1407 5034 1603 5090 sunt?
1634 5037 1759 5091 Non
1810 5039 2008 5093 tamen
2039 5036 2119 5105 id
2141 5036 2366 5093 curavit
2423 5037 2598 5103 Deus,
2632 5035 2821 5093 absit:
2853 5053 3194 5108 quanquam
3248 5038 3331 5093 ita
3384 5038 3690 5095 acciderit.

327 5126 485 5180 ,διότι
557 5123 783 5201 γνόντες
858 5123 950 5176 τὸν
1028 5122 1183 5192 Θεὸν,
1248 5121 1356 5197 οὐχ
1422 5122 1499 5185 ὡς
1565 5122 1693 5179 Θεὸν
1745 5120 1928 5196 ἐδόξα-

248 5234 376 5282 σαν,
483 5219 519 5286 ἦ
628 5210 1057 5289 εὐχαρίστησαν·
1160 5208 1289 5268 ἀλλ’
1382 5210 1803 5286 ἑματαιώθτ,σαν
1876 5212 1930 5269 ἐν

244 5308 372 5365 τῦῖς
450 5303 853 5381 διαλογισμοῖς
931 5299 1128 5367 αὐτῶν,
1202 5301 1291 5356 καὶ
1372 5299 1655 5373 ἐσκοτίσθη
1715 5305 1750 5372 ἡ
1808 5301 1931 5358 ἀσύ-

250 5414 407 5459 νετος
483 5396 668 5452 αὐτῶν
771 5387 996 5466 καρδία.
1101 5390 1407 5453 Φάσκοντες
1512 5390 1645 5446 εἶναι
1750 5391 1931 5470 σοφοὶ,

250 5479 675 5561 ἓμωράνθησαν.

315 5578 541 5656 ίφυΤεί
575 5578 876 5651 Ἔγνωσεν
924 5568 1031 5643 τὰρ
1089 5562 1177 5622 διὰ
1217 5572 1318 5638 τῆς
1348 5567 1595 5632 κτίσεως.
1650 5593 1677 5623 (ι
1708 5568 1936 5635 Γνόντες

241 5672 327 5729 τὸν
382 5675 531 5733 Θεόν,
598 5661 888 5729 Τουτέστι
943 5656 1015 5739 τίκ
1057 5657 1186 5739 ποτε
1240 5658 1373 5714 ἐστι
1411 5659 1564 5729 Θεὸς,
1624 5658 1677 5714 τί
1724 5657 1932 5736 ὀφείλει

235 5758 750 5851 ὑπολαμϐάνεσθξυ.
814 5736 981 5813 όεόςῖ.
1039 5736 1212 5806 Τοῦτό
1266 5751 1502 5826 γνόντερν
1535 5751 1744 5815 ἔχοντες
1772 5750 1935 5836 agi.

2113 5126 2155 5193 Ι,
2187 5129 2278 5193 2t,
2304 5128 2392 5183 2'2.
2424 5127 2564 5182 Nam
2592 5142 2715 5181 cum
2770 5128 2939 5181 Deum
2978 5129 3367 5196 cognovissent,
3408 5143 3520 5183 non
3547 5132 3697 5186 sicut

2041 5217 2211 5271 Deum
2241 5217 2711 5286 gloriﬁcaverunt,
2742 5222 2842 5273 aut
2879 5219 3091 5286 gratias
3140 5223 3388 5286 egerunt,
3439 5218 3533 5273 sed
3558 5220 3695 5275 vani

1998 5340 2005 5345 ι
2041 5307 2318 5373 factisunt
2347 5305 2407 5362 in
2457 5307 2880 5377 coyitationibus
2917 5305 3050 5372 suis,
3078 5311 3130 5361 et
3171 5307 3584 5363 obtenebratum
3612 5315 3695 5364 est

2043 5397 2308 5466 insipiens
2338 5412 2432 5452 cor
2461 5412 2670 5453 eorum.
2703 5397 2965 5453 Puta-atas
2992 5410 3050 5452 se
3078 5402 3191 5453 esse"
3210 5397 3703 5468 sapientes,'stulti

2043 5487 2184 5553 facti
2206 5493 2355 5541 suut.
3594 5562 3599 5567 _

2116 5575 2529 5648 Cognoverant
2556 5578 2718 5632 enim
2753 5574 2937 5632 Deum
2970 5593 3076 5648 per
3106 5576 3536 5633 creationem.“
3553 5575 3696 5631 Cum

2046 5663 2233 5720 Deam
2265 5666 2712 5738 cognovissent:
2743 5691 2761 5715 ι
2796 5666 2909 5722 hoc
2950 5672 3061 5734 est,
3094 5665 3378 5738 quidnam
3411 5664 3487 5719 sit
3517 5664 3694 5727 Deus,

2045 5754 2189 5828 quid
2232 5770 2343 5829 pro
2396 5755 2514 5813 Deo
2547 5750 2752 5813 haberi
2806 5754 3055 5812 debeat:
3087 5770 3223 5811 cum
3253 5754 3364 5809 hcc
3392 5748 3693 5826 cognovis-
