4112 6430
398 425 515 488 343

1522 409 1768 475 αΞΟΗΜ
1783 410 1945 469 ΕΝΙΙ
1992 406 2295 469 TlthCAS
2344 404 2696 467 EPISCOPI

3696 402 3820 463 344

401 565 556 629 sent,
589 574 695 614 sua
725 560 935 628 sponte
966 553 1119 626 lapsi
1152 550 1424 608 sunt.Vel
1455 565 1590 605 cum
1622 548 1807 603 Deum
1831 562 2043 619 cogno-

2163 541 2361 614 λησαν.
2411 543 2479 596 ’Ή
2534 539 2752 617 γνόντες
2802 539 2893 596 τὸν
2955 539 3109 606 Θεὸν,
3138 537 3383 595 τουτέστι
3413 542 3619 613 γνῶναι
3649 535 3819 611 δυνη-

401 651 644 713 vissent,
694 646 807 701 hoc
852 648 963 709 est,
1019 656 1375 716 cognoscere
1432 638 1785 711 potuissent.
1823 641 1940 691 Aut
1987 652 2055 690 eo

400 738 558 811 quod
589 740 883 808 quantum
917 733 990 789 ad
1022 736 1405 805 conspectam
1449 727 1812 784 creationem
1854 742 1922 781 ac
1951 724 2058 780 ad-

401 827 804 884 hortationem
862 827 1282 898 cognoverant,
1335 826 1394 876 et
1421 823 1662 891 peracta
1690 822 1818 872 erat
1847 833 2056 872 eorum

402 916 680 990 cognitio.
703 915 831 969 Sive
864 913 1021 985 quod
1053 912 1230 968 etiam
1255 910 1439 965 Deum
1457 910 2054 981 cognoverantquan-

330 1038 333 1041 -
401 1013 529 1063 tum
551 1004 897 1062 hominibus
956 1003 1026 1057 de
1059 1018 1127 1056 eo
1168 996 1565 1072 cognoscibile
1600 1001 1709 1051 est.
1744 994 1894 1061 Quid
1918 1011 2055 1067 ergo

406 1096 478 1152 de
511 1111 580 1151 eo
628 1090 1027 1167 cognoscibile
1078 1089 1215 1145 est?
1243 1087 1410 1154 Quod
1467 1087 1708 1141 Creator
1755 1087 1850 1147 sit,
1897 1082 2056 1155 quod

403 1184 785 1257 gubernator,
819 1180 976 1253 quod
1006 1180 1219 1244 bonus,
1245 1176 1406 1249 quod
1438 1174 1744 1240 Dominus,
1777 1172 2056 1245 quodque

402 1288 539 1328 eum
571 1272 684 1328 coli
715 1274 1022 1343 oporteat:
1057 1284 1194 1324 cum
1225 1267 1354 1321 haec
1385 1263 1892 1337 cognovissent,et
1912 1262 2054 1317 hac-

401 1371 577 1421 tenus
599 1365 750 1420 bene
779 1361 1077 1436 progressi
1112 1364 1331 1424 essent,
1366 1359 1649 1429 deinceps
1680 1355 1867 1412 aversi
1891 1360 2053 1411 sunt.

396 1454 628 1510 Etenim
661 1469 796 1508 cum
826 1453 954 1507 hmc
983 1450 1057 1506 de
1089 1455 1205 1505 Deo
1239 1447 1521 1504 sublimia
1548 1444 2051 1512 considerassent,

396 1540 778 1612 postmodum
799 1539 873 1595 ad
905 1541 1091 1594 Deum
1119 1554 1241 1593 non
1283 1538 1683 1599 accesserunt,
1742 1549 1938 1605 neque
1970 1533 2055 1588 sic

396 1632 582 1687 Deum
616 1635 1012 1702 susceperunt
1039 1634 1141 1685 aut
1164 1627 1660 1701 gloriﬁcaverunt.
1695 1625 1841 1681 Cum
1893 1624 2054 1679 enim

396 1721 904 1792 oportuisseteum
923 1720 1258 1793 gloriﬁcare
1279 1718 1451 1788 eique
1462 1716 1681 1790 gratias
1695 1714 2054 1789 agere,quod

399 1826 558 1873 eum,
620 1826 796 1882 quem
845 1809 1249 1882 conspicimus
1280 1807 1593 1873 mundum,
1652 1812 1895 1879 propter
1943 1820 2053 1861 nos

402 1898 755 1970 condiderit,
789 1900 879 1955 illi
911 1917 942 1956 e
972 1898 1203 1955 diverso
1236 1898 1415 1987 etiam
1440 1895 1806 1987 contumelia
1834 1895 2051 1950 aﬂ‘ece—
2083 1923 2128 1987 Β

399 1994 561 2044 runt.
616 1988 842 2044 ldcirco
895 1989 1052 2052 vani,
1100 1987 1315 2060 inquit,
1364 1986 1503 2042 facti
1539 1990 1698 2054 sunt,
1731 1989 1790 2040 et
1845 2001 1881 2041 a
1927 1989 2048 2040 toto

402 2095 580 2150 scopo
613 2085 671 2133 et
691 2079 999 2135 intellectu
1014 2077 1595 2133 exciderunt.Utrum
1622 2076 1784 2131 enim
1813 2075 2053 2131 facilius

401 2173 528 2223 erat
557 2167 813 2223 circulos
844 2167 1201 2223 etanimalia
1228 2166 1589 2222 constituere
1618 2165 1778 2221 idola
1799 2165 1861 2219 in
1879 2164 2049 2235 caelo,

398 2272 475 2312 an
508 2272 864 2330 cognoscere
882 2255 1041 2329 quod
1059 2256 1238 2327 hujus
1265 2259 1671 2326 conspectaeet
1698 2260 2049 2325 supernatu~

395 2338 540 2405 ralis
569 2349 1034 2422 pulchritudinis
1064 2349 1360 2420 quispiam
1394 2348 1471 2403 sit
1499 2347 1785 2404 Conditor
1823 2352 1883 2402 et
1909 2365 2044 2419 pro-

395 2444 632 2495 curator
661 2455 728 2495 ac
756 2438 1118 2513 gubernator
1140 2438 1168 2493 ‘I
1199 2461 1226 2488 «
1252 2441 1317 2495 In
1358 2436 1817 2510 cogitationibus
1848 2437 1991 2493 suis.
2018 2462 2043 2485 οι

2163 631 2342 694 θὲντες
2395 630 2547 704 ε’ἰπερ
2605 627 2906 701 ἠθέλησαν.
2963 632 3034 687 ’Ή
3095 630 3178 685 ὅτι
3237 628 3362 685 ὅσον
3412 628 3516 684 ἀπὸ
3545 634 3644 697 τῆς
3677 629 3821 703 ὁρω-

2165 720 2327 795 μένης
2387 720 2614 783 κτίσεως
2670 722 2759 776 καὶ
2830 717 3206 786 διδασκαλίας,
3239 715 3475 794 ἔγνωσαν
3512 720 3602 775 καὶ
3631 720 3819 796 ἀπηρ-

2157 832 2309 866 τιστο
2340 809 2515 866 αὐτῶν
2544 813 2580 880 ἡ
2611 814 2831 885 γνῶσις.
2892 812 2962 867 ’Ἠ
3022 808 3106 866 ὅτι
3150 809 3239 865 καὶ
3271 805 3509 885 ἔγνωσαν
3537 810 3628 865 τὸν
3657 811 3813 881 Θεὸν,

2158 902 2279 965 καθ’
2328 899 2454 956 ὅσον
2514 898 2656 955 ἐστὶν
2711 899 2877 956 αὐτοῦ
2927 904 3046 962 τοῖς
3101 899 3409 975 ἀνθρώποις
3451 900 3714 976 γνωστὸν.
3746 900 3815 955 Τί

2161 992 2254 1049 οὖν
2288 992 2398 1049 ἐστι
2428 994 2492 1049 τὸ
2519 992 2760 1070 γνωστὸν
2821 992 3026 1062 αύτοῦ;
3081 998 3204 1052 ’Ότι
3264 990 3685 1069 δημιουργικὸς,
3728 992 3817 1049 ὅτι

2159 1084 2550 1158 προνοητικὸς,
2597 1082 2680 1140 δτι
2734 1084 2959 1161 ἀγαθὸς,
3019 1084 3105 1139 δτι
3158 1083 3453 1155 Δεσπότης,
3496 1083 3583 1138 καὶ
3616 1084 3702 1139 ὅτι
3732 1080 3822 1139 δεῖ

2161 1169 2410 1238 σέϐεσθαι
2468 1173 2649 1231 αὐτόν.
2708 1178 2882 1230 Ταῦτα
2945 1173 3183 1249 γνόντες,
3240 1174 3331 1229 καὶ
3392 1175 3563 1250 μέχρι
3617 1174 3820 1229 τούτου

2159 1264 2522 1340 προελθόντες
2590 1263 2796 1329 καλῶς,
2864 1262 3228 1338 ἐξετράπησαν
3287 1269 3386 1321 τοῦ
3453 1262 3673 1323 λοιποῦ.
3742 1266 3822 1320 Τὰ.

2160 1354 2265 1431 γὰρ
2299 1352 2486 1428 ὑψηλὰ
2514 1358 2683 1410 ταῦτα
2723 1354 2847 1429 περὶ
2887 1358 3022 1410 Θεοῦ
3051 1355 3455 1432 φαντασθέντες,
3486 1353 3675 1434 ἐφεξῆς
3708 1354 3825 1432 οὐχ

2160 1442 2234 1506 ὡς
2263 1456 2542 1519 προσῆκον
2571 1448 2709 1517 Θεῷ,
2742 1442 2857 1498 οὐδ’
2901 1443 2977 1505 ὡς
3026 1443 3153 1499 Θεὸν
3206 1438 3477 1499 ὑπέλαϐον
3508 1442 3600 1499 καὶ
3629 1441 3820 1515 ἐδόξα-

2159 1554 2274 1590 σαν.
2305 1535 2445 1592 Ἀνθ’
2474 1535 2551 1590 ὧν
2578 1534 2681 1609 γὰρ
2712 1531 2818 1589 ἔδει
2859 1531 3079 1604 δοξάσαι
3130 1534 3219 1589 καὶ
3277 1532 3696 1609 εύγαριστῆσαι,
3729 1536 3818 1590 ὅτι

2155 1624 2248 1681 τὸν
2279 1625 2555 1701 ὁρώμενον
2614 1624 2821 1697 κόσμον
2882 1620 2951 1679 δι’
3010 1626 3157 1695 ἡμᾶς
3217 1625 3601 1694 συνεστήσατο,
3631 1622 3693 1679 ἐκ
3715 1628 3816 1679 τοῦ

2156 1712 2402 1769 ἐναντίου
2459 1715 2546 1769 καὶ
2609 1713 2902 1786 ἠτίμασαν.
2976 1711 3419 1784 Ἑπλανῆθησαν,
3504 1712 3661 1790 φησὶ,
3719 1713 3817 1769 καὶ

2156 1806 2254 1858 τοῦ
2312 1803 2513 1865 παντὸς
2574 1801 2842 1873 ἐξέπεσον.
2903 1807 3065 1859 Ποῖον
3124 1800 3227 1878 γὰρ
3284 1803 3352 1872 ἧν
3412 1801 3815 1877 εὐκολώτερον,

2155 1892 2394 1954 κύκλους
2441 1892 2531 1948 καὶ
2581 1889 2751 1963 ζώδια
2802 1889 3233 1962 εἰδωλοποιῆσαι
3291 1891 3345 1948 ἐν
3402 1892 3645 1967 οὐρανῷ,
3674 1894 3710 1963 ἢ
3751 1893 3817 1948 τὸ

2156 1986 2361 2058 γνῶναι
2411 1981 2496 2038 ὅτι
2553 1975 2665 2038 ἔστι
2717 1980 2920 2053 ταύτης
2986 1988 3087 2051 τῆς
3141 1981 3429 2056 ὁρωμένης
3486 1982 3577 2037 καὶ
3648 1982 3817 2057 utrep-

2162 2077 2330 2150 φυοῦς
2359 2070 2635 2138 καλλονῆς
2680 2073 3031 2149 Δημιουργὸς
3078 2071 3169 2129 καὶ
3214 2069 3473 2147 κηδεμὼν
3516 2074 3606 2128 καὶ
3636 2070 3822 2143 πηδα-

2161 2164 2434 2241 λιοῦχοςς
2499 2187 2529 2218 α
2559 2166 2646 2222 Ἐν
2701 2171 2818 2226 τοῖς
2877 2162 3267 2243 διαλογισμοῖς
3326 2164 3524 2225 αὐτῶν.
3557 2188 3586 2218 ››
3632 2164 3818 2221 Εἰπὼν

2158 2256 2241 2312 ὃτι
2306 2256 2517 2319 ἑκόντες
2586 2255 3000 2335 ἐτυφλώθησαν,
3061 2255 3212 2335 λέγει
3296 2257 3386 2311 καὶ
3454 2257 3555 2327 τὴν
3613 2255 3817 2316 αΐτίαν.

2154 2348 2220 2404 Ἠ
2270 2344 2328 2403 δὲ
2378 2347 2491 2404 ἐστι
2544 2348 2611 2404 τὸ
2666 2348 2841 2403 πάντα
2898 2345 3190 2424 λογισμοῖς
3245 2347 3526 2425 ἐπιτρέψαι
3556 2348 3648 2404 καὶ
3680 2349 3815 2430 οὐχὶ

2151 2436 2349 2494 πίστει.

392 2527 540 2583 Cum
572 2528 821 2585 dixisset
849 2528 1009 2601 quod
1038 2529 1172 2584 vani
1231 2544 1335 2583 seu
1365 2527 1506 2583 caeci
1553 2526 1693 2583 facti
1725 2531 1886 2595 sunt,
1944 2527 2089 2584 dicit
2135 2528 2316 2587 etiam
2346 2545 2587 2587 causam
2613 2546 2626 2585 :
2659 2530 2787 2588 haec
2842 2534 3043 2587 autem
3101 2534 3210 2598 est,
3243 2528 3405 2604 quod
3429 2533 3632 2590 omnia
3651 2531 3816 2607 cogi-

392 2618 722 2675 tationibus
752 2635 858 2674 seu
886 2618 1218 2675 rationibus
1247 2618 1683 2691 permitterent,
1724 2621 1784 2671 et
1801 2632 1924 2672 non
1956 2616 2114 2673 fidei.

462 2763 558 2819 2|
574 2762 618 2819 δ
651 2762 935 2820 Volentes
966 2764 1124 2820 enim
1150 2761 1359 2819 formis
1382 2778 1515 2818 eum
1533 2762 1634 2834 qui
1657 2761 1846 2818 forma
1866 2768 2047 2831 caret,

393 2854 452 2907 et
480 2853 787 2925 corporeis
817 2853 1178 2924 imaginibus
1203 2853 1621 2924 incorporeum
1655 2852 2047 2923 comprehen-

393 2942 556 3011 dere,
589 2941 722 2998 falsi
756 2949 1042 3009 sunt,non
1070 2947 1342 3014 potentes
1371 2941 1843 2997 ratiocinationis
1866 2942 2046 2998 finem

392 3031 681 3103 attingere
710 3049 722 3087 :
752 3038 977 3103 utpote,
1014 3033 1177 3088 Unde
1210 3032 1590 3087 manifestum
1623 3037 1714 3087 est
1743 3031 1899 3102 quod
1932 3049 2046 3088 cce-

391 3120 517 3176 lum
548 3121 639 3177 vel
673 3126 892 3177 terram
936 3121 1187 3177 fecerit?
1216 3121 1356 3186 Quis
1390 3126 1480 3176 est
1526 3127 1694 3193 pater
1714 3121 2047 3188 Dei?Quod

392 3216 483 3265 est
512 3211 873 3283 principium
888 3212 1256 3267 constituens
1268 3227 1585 3284 personam
1607 3211 1633 3267 ?
1653 3218 1755 3267 aut
1784 3211 1936 3277 Quid
1959 3217 2049 3268 est

394 3299 525 3371 ipsa
553 3317 814 3372 persona
832 3300 860 3354 ‘I
882 3322 910 3351 ‹‹
937 3302 1008 3356 Et
1037 3300 1490 3356 obtenebratum
1536 3306 1645 3356 est.
1674 3324 1694 3350 ι
1723 3301 2043 3374 Cogitatio-

386 3404 497 3445 nes
517 3389 579 3445 in
598 3388 845 3446 modum
874 3390 1126 3446 nubium
1158 3390 1628 3446 obtenebrarunt
1656 3390 2037 3448 corillorum.

384 3479 569 3536 Addit
622 3483 823 3535 autem
844 3502 871 3529 ‹‹
909 3480 1259 3551 lnsipiens,»
1293 3496 1361 3536 eo
1408 3480 1567 3551 quod
1622 3479 1884 3535 noluerit
1916 3493 2038 3532 rem

390 3584 632 3625 omnem
665 3567 781 3622 fide
811 3568 1279 3640 apprehendere.
1321 3588 1343 3616 ι
1376 3570 1659 3624 Putantes
1691 3585 1752 3624 se
1786 3586 1917 3624 esse
1948 3586 2044 3624 sa-

388 3658 643 3731 pientes.
676 3679 704 3707 »
737 3661 923 3713 Causa
952 3674 1087 3713 vero
1120 3657 1279 3728 quod
1302 3675 1429 3714 rem
1452 3675 1690 3714 omnem
1720 3659 2043 3715 ratiocina-

389 3751 541 3807 tioni
599 3752 1005 3823 permiserunt
1057 3757 1202 3817 erat,
1254 3751 1409 3823 quod
1459 3758 1741 3824 putarent
1797 3770 1859 3809 se
1915 3770 2044 3809 esse

392 3840 954 3912 sapientes,sibique
968 3840 1243 3897 sufﬁcere
1257 3841 1331 3897 ad
1360 3842 1620 3898 universi
1653 3843 2043 3917 comprehen-

394 3929 799 3988 sionem.ldeo
833 3931 1012 3987 etiam
1036 3932 1202 3987 stulti
1222 3931 1361 3988 facti
1392 3938 1550 3989 sunt.
1574 3934 1725 4000 Quid
1756 3934 1918 3990 enim
1949 3934 2046 3990 de-

391 4021 654 4077 mentius
685 4026 775 4076 est
806 4037 984 4092 quam
1014 4038 1213 4078 coram
1235 4023 1409 4096 lignis
1440 4039 1508 4079 ac
1530 4023 1828 4096 lapidibus
1849 4024 2043 4095 proci-

393 4110 532 4166 dere
557 4109 580 4164 ?

462 4246 508 4311 Ι,
539 4246 629 4301 23.
674 4245 740 4302 Et
786 4253 1138 4304 mutaverunt
1168 4247 1408 4318 gloriam
1456 4247 1894 4318 incorruptibilis
1944 4249 2046 4303 Dei

388 4334 449 4390 in
478 4335 897 4392 similitudinem
954 4338 1215 4408 imaginis
1272 4336 1648 4406 corruptibilis
1691 4336 1949 4405 hominis,
1990 4343 2042 4392 et

386 4427 668 4481 volucrum
700 4427 1231 4498 quadrupedumque
1259 4441 1323 4479 ac
1361 4426 1715 4495 serpentium.

457 4514 759 4573 Habebunt
785 4534 924 4590 ergo
945 4516 1045 4571 Dei
1079 4513 1586 4581 notitiam,verum
1608 4515 1763 4571 hanc
1788 4519 2042 4572 transtu-

382 4604 583 4661 lerunt
613 4607 674 4662 in
704 4606 957 4680 gloriam
1014 4603 1361 4674 cultumque
1410 4603 1727 4662 idolorum.
1781 4606 2038 4662 Gloriam

388 4700 584 4750 autem
609 4695 707 4751 Dei
732 4695 897 4760 dicit,
922 4709 1051 4748 esse
1073 4692 1412 4748 Creatorem
1439 4710 1507 4749 ac
1537 4694 1993 4767 gubernatorem
2020 4712 2034 4752 :

386 4783 541 4840 hanc
580 4799 717 4856 ergo
767 4780 944 4837 idolis
983 4781 1431 4853 adscripserunt
1486 4783 1547 4840 in
1579 4785 2035 4843 similitudinem

2233 2758 2580 2835 Βουλόμενοι
2636 2763 2738 2839 γὰρ
2796 2761 2849 2818 ἐν
2918 2766 3172 2845 σχήματι
3226 2764 3318 2819 τὸν
3373 2763 3810 2840 ἀσχημάτιστον,

2157 2849 2246 2906 καθ
2314 2851 2366 2906 ἐν
2428 2852 2600 2908 εἰκόσι
2657 2859 2994 2927 σωματικαῖς
3069 2854 3161 2910 τὸν
3225 2853 3512 2929 ἀσώματον
3570 2856 3807 2912 καταλα-

2159 2935 2297 3010 ϐεῖν,
2358 2941 2761 3013 ἐπλανήθησαν,
2819 2944 2882 3000 οὐ
2963 2940 3300 3014 δυνηθέντων
3362 2945 3471 3001 τῶν
3529 2942 3805 3022 λογισμῶν

2157 3030 2294 3105 πρὸς
2323 3032 2385 3086 τὸ
2417 3030 2580 3108 πέρας
2631 3032 2916 3103 ἐξικέσθαι.
2978 3036 3127 3103 Οἷον,
3183 3035 3341 3090 πόθεν
3373 3032 3562 3102 δῆλον,
3595 3036 3677 3090 δτι
3706 3035 3813 3091 ού-

2159 3120 2313 3194 ρανὸν
2344 3122 2379 3190 ἢ
2410 3128 2511 3195 γῆν
2542 3119 2801 3192 ἐποίησες
2859 3123 2956 3188 Τίς
3016 3120 3075 3179 δὲ
3128 3124 3310 3199 πατὴρ
3357 3128 3534 3192 Θεοῦ;
3592 3123 3627 3193 ἢ
3657 3124 3742 3187 τίς
3777 3128 3815 3197 ἡ

2157 3206 2304 3264 uitia.
2340 3217 2407 3264 ἐἴ
2508 3211 2521 3229 ³
2693 3211 2703 3229 ’
2878 3230 2890 3243 ·
2959 3209 2985 3232 ”
3089 3211 3101 3232 ’
3148 3214 3173 3241 ·“
3341 3212 3354 3233 ⁸
3655 3232 3668 3246 ·
3765 3217 3776 3232 ’

2200 3252 2211 3262 .
2397 3230 2441 3279 ,ς
2501 3231 2891 3281 υποστασεως,
2949 3234 2983 3282 η
3044 3233 3180 3281 aut!)
3240 3214 3275 3282 ἡ
3336 3212 3670 3283 υπόστασις,
3704 3216 3819 3273 Νε-

2156 3317 2276 3352 mea:
2333 3299 2438 3372 γὰρ
2490 3299 2852 3371 ὁμοιωθέντες
2910 3299 2962 3354 οἱ
3034 3298 3319 3375 λογισμοὶ,
3377 3299 3654 3357 ἐσκότισαν
3715 3301 3815 3358 αὖ-

2151 3390 2259 3441 τῶν
2307 3387 2406 3456 τήν
2458 3385 2670 3446 καδίαν.
2724 3411 2755 3445 ιι
2784 3389 3067 3446 Ἀσύνετον
3101 3415 3129 3442 ››
3190 3388 3267 3459 δὲ,
3317 3390 3474 3468 φησὶ,
3507 3389 3599 3447 διὰ
3632 3393 3695 3448 τὸ
3730 3394 3812 3467 μὴ

2154 3472 2382 3546 θελῆσαι
2431 3477 2605 3533 πίστει
2662 3479 2723 3534 τὸ
2781 3482 2882 3534 πᾶν
2933 3474 3290 3554 παραλαϐεῖν.
3329 3504 3356 3533 ι(
3388 3481 3701 3547 Φάσκοντες
3732 3484 3812 3540 εἶ-

2151 3584 2238 3620 ναι
2273 3565 2452 3646 σοφοί.
2491 3591 2512 3619 ιι
2549 3568 2611 3623 ἹΙ
2661 3565 2719 3623 δὲ
2766 3567 2910 3624 αἰτία
2956 3573 3052 3625 τοῦ
3098 3570 3161 3624 τὸ
3209 3575 3311 3626 πᾶν
3360 3575 3477 3633 τοῖς
3511 3570 3813 3650 λογισμοῖς

2154 3654 2463 3731 ἐπιτρέψαι,
2510 3654 2573 3712 τὸ
2633 3655 2839 3722 οἳεσθαι
2897 3659 3099 3737 σοφοὺς
3155 3659 3291 3716 εἶναι
3339 3661 3429 3716 καὶ
3475 3661 3691 3725 ἑαυταῖς
3719 3664 3818 3739 ἆρ-

2152 3750 2266 3801 κεῖν
2303 3746 2439 3822 πρὸς
2470 3752 2643 3803 πᾶσαν
2701 3746 3031 3823 κατάληψιν·
3094 3750 3187 3805 Διὸ
3244 3750 3333 3806 καὶ
3391 3748 3818 3826 ἐμωράνθησαν.

2152 3833 2217 3892 Τί
2278 3837 2383 3911 γὰρ
2442 3836 2823 3913 ἀνοητότερον,
2882 3843 2980 3895 τοῦ
3033 3836 3211 3902 λίθοις
3268 3840 3358 3897 καὶ
3417 3839 3603 3912 ξύλοις
3643 3864 3823 3921 προσ-

2151 3942 2331 3979 κυνειν
2357 3943 2372 3995 ;

2149 4237 2249 4293 Καὶ
2349 4236 2597 4311 ἤλλαξαν
2691 4242 2791 4313 τήν
2887 4239 3044 4315 δόξαν
3120 4248 3219 4300 τοῦ
3295 4246 3571 4325 ἀφθάρτου
3674 4254 3817 4306 Θεοῦ

2221 4326 2275 4383 ἐν
2307 4328 2628 4403 ὁμοιώματι
2678 4331 2888 4395 εἰκόνος
2950 4338 3191 4409 φθαρτοῦ
3246 4334 3561 4412 ἀνθρώπου,
3591 4339 3680 4394 καὶ
3713 4360 3815 4395 πε-

2217 4422 2407 4474 τεινῶν
2438 4420 2529 4475 καὶ
2559 4420 2910 4498 τετραπόδων
2942 4423 3033 4478 καὶ
3064 4424 3327 4499 ἑρπετῶν.

2216 4509 2391 4585 Εἶχον
2426 4509 2517 4565 οὖν
2549 4514 2649 4582 τήν
2679 4510 2885 4583 εἷ’δησιν
2933 4518 3031 4569 τοῦ
3080 4520 3238 4582 Θεοῦ,
3278 4514 3426 4572 ἀλλᾶ
3454 4517 3657 4590 ταύτην
3688 4516 3816 4576 δόν-

2144 4621 2252 4671 τες,
2301 4598 2597 4660 ἀντέλαὸον
2655 4600 2810 4676 δόξαν
2868 4604 2961 4661 καί
3015 4601 3176 4671 σέϐας
3231 4605 3499 4667 εἰδώλων.
3536 4611 3700 4683 Δόξαν
3750 4609 3814 4671 δὲ

2145 4695 2300 4761 Θεοῦ,
2328 4692 2391 4747 τὸ
2425 4689 2846 4771 δημιουργικὸν,
2899 4696 2963 4750 τὸ
3019 4698 3411 4772 προνοητικόν.
3444 4698 3663 4770 Ταύτην
3691 4723 3809 4758 τοι-

2142 4785 2340 4856 γαροῦν
2372 4783 2792 4859 προσεκύρωσαν
2826 4781 3103 4856 εἰδώλοις,
3138 4786 3191 4843 ἐν
3238 4788 3557 4861 ὁμοιώματι
3589 4790 3808 4866 ἀνθρώ-

387 4874 720 4937 hominum,
757 4877 815 4928 et
844 4872 1148 4930 volucrum
1182 4890 1250 4930 ac
1290 4879 1660 4931 caaterorum.
1695 4878 1896 4950 Neque
1926 4877 2035 4934 hos

2157 4891 2256 4926 των
2318 4872 2406 4927 καὶ
2455 4879 2715 4931 πετεινῶν
2771 4875 2861 4931 καὶ
2916 4881 3024 4932 τῶν
3056 4875 3292 4934 λοιπῶν.
3349 4878 3445 4935 Καὶ
3478 4878 3579 4936 οὒκ
3603 4881 3806 4958 αἰσχύ-

387 4964 573 5035 pudet
599 4962 698 5034 qui
758 4978 820 5018 se
879 4963 1178 5036 sapientes
1229 4963 1691 5034 arbitrabantur,
1725 4983 1857 5039 quae
1916 4968 2035 5024 Deo

386 5053 628 5125 propria
658 5057 798 5107 sunt
839 5069 907 5109 ac
954 5055 1257 5127 praecipua
1304 5054 1680 5127 serpentibus
1730 5055 2033 5129 adaptare.

384 5166 413 5194 «
444 5142 860 5213 Corruptibilis
892 5143 1175 5201 hominis.
1211 5166 1239 5195 ››
1269 5146 1388 5201 Hoc
1444 5145 1639 5219 ipsum
1673 5146 1827 5217 quod
1854 5147 2031 5204 homo

377 5229 785 5302 corruptibilis
816 5239 991 5297 esset,
1025 5235 1168 5289 satis
1201 5238 1328 5289 erat
1355 5234 1431 5289 ad
1460 5236 1924 5292 convincendam
1944 5237 2031 5293 in-

373 5321 624 5377 saniam.
662 5322 843 5377 Porro
869 5322 1250 5379 similitudini
1281 5323 1367 5378 rei
1400 5324 1809 5396 corruptibilis
1839 5328 2022 5383 ascri-

364 5408 503 5465 bere
534 5409 636 5465 Dei
669 5410 919 5483 gloriam
950 5411 1319 5469 incredibilis
1355 5417 1446 5469 est
1476 5413 1812 5470 dementia).

429 5544 472 5609 Ι,
502 5547 694 5614 24,25.
718 5547 926 5603 Idcirco
958 5547 1195 5604 tradidit
1224 5563 1317 5603 eos
1349 5548 1485 5604 Deus
1514 5549 1573 5604 in
1603 5549 1879 5606 desideria
1898 5568 2017 5608 cor-

358 5634 513 5691 dium
542 5651 769 5693 suorum
785 5636 859 5693 ad
888 5635 1391 5702 immunditiam,ut
1407 5638 1716 5709 ignominia
1732 5642 2014 5710 afﬁcerent

362 5742 596 5799 corpora
633 5743 773 5784 sua:
817 5728 914 5801 qui
944 5734 1413 5785 commutaverunt
1463 5732 1746 5790 veritatem
1798 5733 1895 5788 Dei
1949 5734 2010 5789 in

2145 4980 2327 5018 νονται
2359 4965 2412 5019 οἱ
2442 4965 2600 5042 σοφοὶ
2629 4964 2698 5021 τὰ
2745 4969 2843 5021 τοῦ
2899 4969 3034 5022 Θεοῦ
3087 4963 3205 5022 ἲδια
3254 4969 3343 5024 καί
3374 4967 3617 5045 ἐξαίρετα
3645 4971 3808 5045 ἑρπε-

2142 5056 2261 5114 τοῖς
2291 5055 2687 5129 προσάψαντες,
2748 5076 2771 5106 ι
2804 5060 3058 5131 Φθαρτοῦ
3117 5057 3427 5131 ἀνθρώπου.
3464 5083 3492 5110 ››
3526 5060 3632 5118 Καὶ
3659 5062 3800 5120 αὐτὸ

2140 5145 2203 5200 τὸ
2243 5144 2375 5200 εἶναι
2407 5146 2500 5201 τὸν
2527 5144 2813 5222 ἄνθρωπον
2865 5147 3125 5225 φθαρτὸν,
3168 5144 3325 5223 ⁴ἤρκει
3376 5149 3551 5207 αὐτῶν
3579 5151 3799 5231 ἐλέγξαι

2137 5233 2235 5303 τὴν
2274 5235 2478 5291 ἄνοιαν.
2538 5235 2615 5292 Τὸ
2673 5233 2731 5292 δὶ
2785 5235 2839 5292 ἐν
2895 5243 3016 5298 τοῖς
3075 5239 3392 5313 ὁμοιώμασι
3422 5245 3519 5296 τοῦ
3550 5244 3799 5320 φθαρτοῦ

2134 5328 2517 5400 προσκυρῶσαι
2582 5326 2682 5396 τὴν
2739 5329 2837 5381 τοῦ
2896 5330 3031 5383 Θεοῦ
3101 5324 3277 5399 δόξαν,
3334 5335 3435 5400 τῆς
3495 5330 3622 5407 ἄγαν
3676 5332 3798 5390 ἐστὶ

2130 5411 2514 5488 παραπληξίας
2527 5457 2541 5474 .

2199 5550 2292 5606 Διὸ
2343 5549 2434 5606 καὶ
2486 5547 2797 5627 παρέδωκεν
2855 5551 3051 5616 αὐτοὺς
3113 5554 3142 5609 ὁ
3197 5553 3328 5617 Θεὸς
3379 5552 3432 5612 ἐν
3490 5562 3608 5621 ταῖς
3667 5558 3789 5616 ἐπι-

2123 5640 2347 5714 θυμίαις
2404 5647 2510 5699 τῶν
2588 5640 2825 5718 καρδιῶν
2897 5642 3075 5700 αὐτῶν
3131 5643 3209 5708 εἷς
3275 5643 3625 5723 ἀκαθαρσίαν,
3681 5656 3787 5710 τοῦ

2118 5730 2471 5807 ἀτιμάζεσθαι
2525 5734 2593 5790 τὰ
2650 5734 2878 5810 σώματα
2933 5733 3109 5793 αὐτῶν
3178 5733 3230 5794 ἐν
3285 5736 3523 5806 ἑαυτοῖς·
3581 5738 3782 5811 οἵτινες
