4112 6404
359 382 478 445 345

361 514 708 591 μετήλλαξαν
767 511 864 583 τὴν
925 506 1194 581 ἀλήθειαν
1248 512 1347 566 τοῦ

367 605 472 674 δει,
501 605 592 660 καὶ
624 598 990 673 ἐσεϐάσθησαν
1020 601 1111 656 καὶ
1169 599 1491 675 ἐλάτρευσαν
1521 602 1590 673 τῇ
1644 597 1816 652 κτίσει
1874 597 2020 672 παρὰ

357 698 454 754 τὸν
486 694 778 766 Κτίσαντα,
825 692 885 756 ὅς
945 691 1087 748 ἐστιν
1135 689 1435 768 εὐλογητὸς
1477 688 1555 752 εἰς
1611 687 1738 750 τοὺς
1793 686 2014 749 αἰῶνας.

360 788 571 860 Ἀμήν.

433 904 455 927 ι
503 877 600 932 Διὸ
645 875 733 930 καὶ
795 871 1132 946 παρέδωκεν.
1220 896 1246 924 »
1289 869 1403 928 Οὐκ
1487 870 1651 932 αὐτὸς
1711 865 2016 940 παραδοὺς,

355 967 555 1042 ἄπαγε,
590 963 718 1021 ἀλλ’
758 963 917 1026 αὐτὸς
952 965 1049 1037 μὲν
1081 961 1254 1018 αὐτῶν
1293 960 1598 1036 ἠμὲλησεν,
1656 961 1730 1022 ὡς
1785 958 2017 1030 ἀναξιων

356 1055 535 1113 ὄντων
570 1053 928 1130 κηδεμονίας.
963 1053 1166 1109 Λοιπὸν
1201 1049 1258 1107 δὲ
1289 1047 1474 1106 λαϐὼν
1507 1051 1706 1112 αὐτοὺς
1761 1051 1789 1104 ὁ
1847 1055 2017 1104 Σατα-

351 1152 475 1215 νᾶς,
518 1143 832 1220 παρέδωκεν
894 1142 972 1205 εῗς
1027 1144 1059 1197 ἅ
1109 1139 1439 1218 παρέδωκεν.
1495 1143 1607 1212 Τὴν
1665 1140 2017 1217 συγχώρησιν

348 1239 448 1296 οὖν
481 1243 585 1294 τοῦ
618 1240 756 1292 Θεοῦ
787 1231 1084 1310 παράδοσιν
1109 1232 1274 1309 λέγει.
1307 1267 1378 1277 ——
1407 1233 1617 1308 [ΦΩΤ.]
1652 1232 1730 1289 Τὸ
1769 1229 1846 1300 δὲ,
1879 1251 2018 1306 παρ-

345 1329 555 1387 έδωκεν
584 1328 778 1390 αύτούς
811 1327 840 1382 ὁ
871 1326 1026 1396 Θεὸς,
1055 1347 1178 1381 τουτ
1192 1324 1330 1380 ἔστιν
1363 1327 1398 1395 ἡ
1461 1323 1536 1385 εἷς
1578 1323 1708 1379 Θεὸν
1749 1321 2019 1396 πλημμέ-

345 1420 474 1476 λεια
504 1421 601 1474 καὶ
624 1416 900 1492 παροινία,
932 1418 967 1485 ἡ
1001 1415 1174 1472 οἰκεία
1199 1415 1376 1470 αὐτῶν
1433 1415 1644 1490 πρᾶξις,
1690 1416 1725 1484 ἡ
1772 1412 2016 1474 ἑκούσιος

349 1511 643 1586 πώρωσις,
671 1506 811 1576 αὐτὴ
844 1503 1155 1581 παρέὂτυκεν
1182 1505 1378 1568 αὐτοὺς
1411 1503 1488 1566 εἷς
1540 1504 1610 1559 τὰ
1667 1509 1767 1572 τῆς
1795 1501 2016 1575 ἀτιμίας

352 1602 527 1670 πάθη.
563 1599 668 1657 Καὶ
715 1595 806 1651 ἐπὶ
860 1599 957 1649 τοῦ
1017 1594 1258 1651 ἐναντίου
1312 1596 1414 1672 γὰρ
1485 1591 1752 1667 εἲώθαμεν
1816 1591 2015 1668 λέγειν,

363 1693 447 1746 δτι
477 1687 755 1744 ἀπώλεσεν
789 1686 953 1741 αύτὸν
986 1685 1049 1740 τὸ
1098 1684 1376 1760 ἀργύριον.
1437 1682 1633 1739 Καίτοι
1685 1682 1746 1738 οὐ
1796 1683 1858 1737 τὸ
1915 1681 2016 1758 ἀρ-

370 1783 555 1856 γύριον
588 1776 910 1844 ἀπόλλυσιν,
941 1774 1072 1832 ἀλλ’
1100 1778 1133 1830 ii
1169 1775 1378 1838 ἄσωτος
1408 1773 1572 1830 αὐτοῦ
1604 1775 1692 1829 καὶ
1746 1771 1835 1830 ἐπὶ
1865 1779 2016 1846 κακῷ

1433 372 1841 437 COMMENT.
1890 375 1966 435 1N
2012 375 2264 437 EPIST.
2316 376 2420 434 AD
2468 376 2656 438 ROM.

1439 511 1573 564 Θεοῦ
1621 505 1672 564 ἐν
1732 511 1812 581 τῷ
1891 507 2016 583 ψεύ-

2132 509 2438 578 mendacio,
2471 517 2521 566 et
2559 510 2847 568 coluerunt
2876 518 2929 568 et
2957 513 3263 569 servierunt
3286 519 3563 572 creaturae
3585 517 3781 586 potius

3663 381 3785 440 346

2130 617 2296 671 quam
2328 602 2594 672 Creatori,
2628 605 2725 673 qui
2753 610 2830 658 est
2863 603 3178 659 benedictus
3221 605 3279 658 in
3303 603 3522 660 sweula.
3584 606 3773 660 Amen.

2198 901 2224 929 ‹‹
2259 878 2483 936 Idcirco
2518 879 2780 936 tradidit.
2820 902 2846 928 υ
2871 883 2998 935 Non
3031 881 3157 952 ipse
3193 881 3456 948 tradidit,
3477 883 3650 946 absit,
3675 882 3781 938 sed

2126 968 2251 1041 ipse
2281 969 2522 1040 quidem
2585 987 2684 1025 eos
2742 971 3005 1043 neglexit
3036 977 3318 1042 tanquam
3355 989 3460 1027 sua
3490 973 3779 1040 guberna-

2127 1059 2288 1114 tione
2319 1058 2617 1132 indignos.
2658 1060 2880 1115 Deinde
2913 1077 3046 1115 vero
3078 1061 3323 1117 Satanas
3346 1069 3617 1132 acceptos
3647 1063 3783 1118 illos

2127 1148 2370 1204 tradidit
2399 1149 2460 1204 in
2491 1166 2561 1205 ea
2585 1150 2644 1204 in
2679 1167 2811 1221 qua)
2843 1150 3042 1205 traditi
3077 1159 3235 1206 sunt.
3271 1153 3472 1221 Itaque
3516 1153 3616 1206 Dei
3649 1169 3782 1223 per-

2125 1241 2475 1296 missionem
2508 1247 2674 1296 vocat
2697 1241 3099 1296 traditionem.
3139 1243 3292 1297 ‘2l6
3337 1242 3602 1297 Tradidit
3645 1241 3781 1298 illos

2127 1332 2302 1397 Deus,
2327 1331 2438 1386 hoc
2479 1335 2568 1385 est
2597 1330 2879 1386 delictum
2911 1349 2978 1386 ac
3014 1331 3396 1386 debacchatio
3447 1332 3509 1385 in
3568 1332 3778 1398 Deum,

2127 1421 2486 1493 propriaque
2516 1421 2756 1476 illorum
2791 1423 3075 1493 operatio,
3109 1428 3212 1475 aut
3239 1421 3513 1476 ultronea
3543 1422 3780 1477 caicitas

2126 1510 2231 1566 illa
2263 1509 2506 1566 tradidit
2535 1527 2636 1566 eos
2667 1511 2727 1566 in
2757 1513 3004 1566 affectus
3057 1511 3420 1583 ignominiae.
3455 1511 3686 1566 Etenim
3720 1511 3782 1564 in

2126 1601 2490 1656 contrarium
2523 1601 2719 1656 dicere
2743 1601 3041 1656 solemus:
3074 1601 3339 1656 Perdidit
3369 1601 3536 1655 illum
3569 1617 3786 1669 argen-

2128 1694 2273 1745 tum.
2304 1691 2481 1762 Atqui
2503 1696 2813 1764 argentum
2844 1708 2964 1746 non
3000 1691 3322 1762 perdit,sed
3354 1691 3481 1762 ejus
3503 1690 3786 1762 prodigus

2126 1780 2442 1852 malusque
2471 1798 2635 1836 usus.
2672 1781 2818 1836 ltem
2853 1797 2866 1835 :
2915 1780 3191 1852 Corrupit
3235 1797 3370 1836 cum
3403 1780 3777 1835 adulantium

374 1878 597 1947 χρῆσις.
627 1868 745 1937 Καὶ,
775 1866 1083 1943 Διέφθειρεν
1116 1865 1272 1922 αύτὸν
1328 1869 1433 1920 τῶν
1465 1863 1716 1921 κολάκων
1750 1863 1814 1920 τὸ
1873 1862 2016 1933 πλῆ-

2131 1870 2465 1926 multitudo.
2528 1871 2705 1942 Atqui
2757 1888 2876 1925 non
2938 1871 3022 1924 illi
3079 1877 3488 1942 corrumpunt,
3542 1871 3646 1926 sed
3696 1870 3782 1924 eis

375 1973 482 2024 θος.
515 1959 692 2016 Καίτοι
725 1957 826 2013 οὐκ
857 1957 1050 2014 ἐκεῖνοι
1097 1953 1519 2034 διαφθείρουσιν,
1566 1953 1711 2010 ἀλλὰ
1765 1954 1825 2008 τὸ
1859 1973 2020 2026 προσ-

363 2049 510 2129 έχειν
538 2049 629 2103 καὶ
670 2047 948 2103 πείθεσθαι
1007 2045 1246 2114 τούτοις,
1307 2045 1440 2121 ὅπερ
1495 2043 1632 2100 ἐστὶν
1690 2041 1741 2098 ἐν
1769 2047 1838 2107 τῇ
1878 2043 2021 2117 γνώ-

356 2162 434 2214 μη
468 2143 540 2212 τῇ
575 2137 710 2211 ἐμῇ,
779 2138 840 2193 τὸ
896 2135 1170 2193 πείθεσθαι
1228 2132 1264 2205 ἤ
1323 2136 1423 2209 μή.
1484 2135 1554 2192 Ἥ
1617 2135 1763 2208 τάχα
1793 2132 2019 2194 ἑαυτοὺς

352 2226 713 2302 παρέδωκαν,
759 2224 946 2297 ἐπειδὴ
988 2231 1151 2282 τοῦτο
1205 2224 1528 2301 ἐπεθύμουν.
1590 2225 1677 2281 Ἐν
1739 2225 1843 2299 γὰρ
1899 2228 2018 2286 ταῖς

351 2319 682 2390 ἕπιθυμίαις
739 2321 846 2371 τῶν
905 2314 1144 2389 καρδιῶν
1202 2315 1401 2382 αὐτῶν,
1462 2315 1644 2392 φησίν.
1713 2337 1736 2365 α
1804 2311 2020 2375 Οἶτινες

353 2407 743 2482 μετήλλαξαν.
770 2431 797 2458 υ
831 2440 897 2448 -
928 2405 1469 2481 [ΟΙΚΟΥΜΕΝΙΟΥ.]
1499 2404 1658 2480 Ὁρᾷς
1708 2401 1873 2459 πάλιν
1931 2403 2018 2470 τὸ,

351 2496 756 2567 Μετήλλαξαν,
785 2500 1049 2568 σημαῖνον
1093 2493 1176 2550 ὅτι
1216 2495 1333 2549 κατ’
1389 2492 1597 2566 εἷ’ὃησιν
1650 2490 2018 2566 μετήλλαξαν.

354 2615 382 2642 ιι
418 2587 722 2658 Ἀλήθειαν
749 2591 846 2642 τοῦ
879 2591 1012 2642 Θεοῦ
1061 2585 1114 2641 ἐν
1172 2589 1254 2658 τῷ
1307 2581 1512 2659 ψεύδει.
1546 2607 1574 2636 »
1617 2582 1900 2651 Τευτὲστι,
1953 2583 2021 2638 τὰ

353 2679 592 2749 ἀληθῶς
661 2677 751 2734 ἐπὶ
810 2681 943 2733 Θεοῦ
991 2675 1245 2753 λέγεσθαι
1302 2674 1392 2729 καὶ
1448 2676 1685 2730 νοεῖσθαι
1751 2670 2022 2745 δυνάμενα

349 2768 691 2844 περιέθηκαν
725 2767 805 2838 τῷ
863 2763 1069 2841 ψεύδει.
1128 2765 1411 2834 Τουτὲστι,
1469 2769 1586 2824 τοῖς
1643 2760 1922 2824 εἷδώλοις.
1955 2795 2022 2805 -

350 2859 865 2933 [ΘΕΟΔΩΡΙΤΟ)’.]
895 2859 968 2913 ’Ἠ
999 2854 1256 2926 ἀλήθειαν
1320 2858 1453 2911 Θεοῦ
1501 2852 1684 2926 καλεῖ,
1745 2853 1830 2923 τὸ,
1865 2852 2019 2922 Θεὸς,

353 2948 558 3020 ὄνομα.
597 2944 812 3008 Ψεῦδος
843 2943 922 3008 δὲ,
949 2945 1011 3001 τὸ
1045 2943 1438 3020 χειροποίητον
1472 2941 1724 3002 ε’ἰδωλον.
1759 2944 1885 2998 Δὲον
1936 2941 2024 2998 αὐε-

359 3037 486 3098 τους
515 3037 614 3092 τὸν
648 3033 834 3107 ἀληθῆ
867 3041 1236 3109 προσκυνῆσαι
1267 3035 1418 3099 Θεὸν,
1449 3037 1520 3106 τῇ
1559 3033 1728 3088 κτίσει
1761 3033 1824 3087 τὸ
1882 3038 2024 3096 θεῖον

364 3121 518 3190 σέϐας
574 3127 972 3200 προσήνεγκαν.
1036 3157 1105 3168 -
1161 3123 1660 3192 [ΣΕΥΗΡΙΑΝΟἸἿ
1716 3122 1784 3178 ’Ἡ
1859 3120 1942 3178 ὅτι
1994 3120 2023 3176 ὁ

357 3218 454 3294 μὲν
484 3217 621 3278 θεὸς
655 3215 882 3285 ἀληθῶς
912 3215 1021 3270 ἐστι
1071 3213 1226 3283 Θεὸς,
1279 3214 1345 3269 τὰ
1376 3210 1433 3268 δὲ
1466 3210 1673 3268 εἷ’δωλα
1706 3213 1788 3274 οἷς
1849 3231 2016 3286 προσο
2051 3249 2093 3312 C

351 3306 651 3375 εκύνησαν,
743 3301 954 3380 ψευδῶς
1040 3303 1530 3380 προσαγορεύονται
1615 3300 1747 3358 θεοί.
1808 3326 1836 3354 ‹‹
1915 3300 2019 3358 Καὶ

349 3391 730 3464 ἐσεϐάσθησαν
785 3395 871 3448 καὶ
930 3393 1278 3470 ἐλάτρευσαν.
1341 3416 1370 3445 n
1431 3387 1688 3453 Σέὅοντες
1751 3389 1826 3456 δὲ,
1920 3388 2018 3446 λα-

351 3486 642 3562 τρεύοντες
679 3482 1009 3543 διετέλεσαν,
1045 3508 1072 3536 ‹‹
1104 3487 1181 3558 Τῇ
1237 3482 1406 3538 κτίσει
1459 3483 1604 3557 παρὰ
1657 3483 1746 3538 τὸν
1789 3479 2020 3540 Κτίσαν-

355 3597 445 3632 τα.
483 3599 507 3628 ι
543 3576 658 3630 Ἀεὶ
693 3577 762 3647 τῇ
806 3575 1083 3648 συγκρίσει
1140 3567 1511 3649 φοϐερώτερον
1573 3577 1721 3627 ποιεῖ
1774 3572 1866 3628 τὸν
1924 3570 2023 3626 λό-

365 3686 492 3738 γον.
525 3690 552 3716 ι
576 3667 670 3726 Ὃς
693 3664 834 3719 ἐστιν
875 3663 1174 3738 εὐλογητὸς
1229 3662 1306 3725 εἷς
1355 3660 1484 3724 τοὺς
1544 3661 1763 3724 αἰῶνας.
1799 3688 1825 3713 ››
1860 3659 2024 3718 ’Λλλ’

379 3754 446 3809 ού
476 3755 621 3827 παρα
641 3759 800 3810 τοῦτο
823 3748 1148 3828 παρεϐλάὅη
1181 3774 1234 3807 τι
1267 3753 1295 3808 ὁ
1329 3753 1484 3822 Θεὸς,
1543 3751 1728 3826 φησὶν,
1789 3751 1866 3815 εἰς
1919 3753 2017 3821 την

379 3842 581 3898 οἰκείαν
607 3840 773 3914 δόξαν.
803 3845 866 3902 Ὁ
901 3843 995 3916 μὲν
1035 3843 1138 3918 γὰρ
1169 3839 1348 3915 ἔμεινε
1394 3842 1484 3897 καὶ
1545 3842 1720 3903 οὕτως
1774 3839 2019 3916 εὐλογη-

370 3935 463 3996 τὸς
490 3933 566 3995 εἷς
595 3934 718 3998 τους
746 3933 968 3997 αἷῶρας·
1006 3931 1181 3989 αὐτῶν
1213 3929 1269 3988 δὲ
1299 3933 1355 3987 αἱ
1402 3930 1794 4008 προλεχθεῖσαι
1853 3931 2017 4004 ἀμοιο

361 4015 473 4092 ϐαἰ,
505 4021 596 4078 καὶ
627 4025 682 4079 αἱ
715 4021 1147 4100 λεχθησόμεναι,
1205 4021 1419 4097 ἀτιμίαι
1477 4025 1573 4078 τοῦ
1631 4022 1884 4094 σώματος
1928 4022 2019 4078 καὶ

350 4109 684 4176 ἀντιδόσεις.

421 4206 523 4260 Διά
575 4209 745 4260 τοῦτο
831 4201 1145 4280 παρέδωκεν
1206 4201 1405 4267 αὐτοὺς
1462 4203 1490 4258 ὁ
1550 4202 1680 4264 Θεὸς
1735 4202 1810 4264 εἷς
1866 4206 2013 4274 παθη

344 4295 593 4368 ἀτιμίας·
658 4295 715 4350 αἳ
785 4315 844 4351 τε
901 4295 1004 4375 γαρ
1093 4292 1307 4365 θήλειαι
1403 4292 1576 4348 αὐτῶν
1669 4293 2012 4367 μετήλλαξαν

341 4387 445 4454 τὴν
499 4387 740 4463 φυσικὴν
797 4391 997 4461 χρῆσιν
1058 4382 1136 4445 εἷς
1195 4385 1294 4454 την
1344 4382 1490 4459 παρὰ
1543 4380 1722 4457 φύσιν.
1777 4383 2015 4456 Ὁμοίως

343 4496 405 4530 τε
463 4476 561 4530 καὶ
621 4476 675 4530 οἱ
732 4473 969 4550 ἄρσενες,
1033 4474 1252 4552 ἀφέντες
1329 4474 1430 4542 την
1532 4473 1764 4550 φυσηκὴν
1817 4481 2016 4552 χρῆσιν

344 4573 449 4635 τῆς
522 4560 772 4632 θηλείας,
848 4563 1207 4635 ἐξεκαύθησαν
1287 4560 1340 4618 ἐν
1427 4563 1495 4635 τῇ
1583 4561 1752 4636 ὀρέξει
1837 4561 2011 4617 αὐτῶν

342 4655 425 4717 ιῒς
511 4651 831 4724 ἀλλήλους,
917 4653 1132 4728 ἃρσενις
1217 4650 1269 4708 ἐν
1325 4648 1512 4726 ἄρσεσι
1569 4651 1669 4719 τὴν
1753 4649 2016 4730 ἀσχημο-

347 4745 522 4813 σύνην
599 4744 1089 4819 κατεργαζόμενοι,
1175 4741 1264 4799 καὶ
1342 4743 1442 4813 τήν
1527 4740 1868 4816 ἀντιμισθίαν
1945 4737 2013 4810 ἤν

346 4833 461 4890 ἔδει
539 4835 640 4903 τῆς
723 4831 935 4903 πλάνης
1011 4831 1186 4890 αὐτῶν
1273 4829 1324 4887 ἐν
1412 4832 1624 4894 ἑαυτοῖς
1681 4825 2014 4902 ἀπολαμϐά-

343 4945 473 4981 νοντ
479 4944 533 4986 ες
540 4967 554 4980 .

419 5039 450 5069 ι(
484 5015 590 5072 Δια
616 5016 802 5071 τοῦτο.
833 5037 861 5065 ››
890 5017 1053 5068 Ποῖον
1090 5030 1105 5084 ;
1137 5009 1362 5082 Ἐπειδή
1393 5009 1716 5088 ἐλάτρευσαν
1775 5015 1844 5086 τῇ
1893 5011 2010 5067 κτίο

345 5128 428 5163 σει
461 5106 616 5182 παρᾶ
645 5105 736 5162 τὸν
771 5106 1064 5161 Κτίσαντα.
1113 5126 1135 5154 α
1198 5101 1563 5176 Μιτήλλαξαν
1617 5103 1716 5172 τὴν
1782 5105 2012 5181 φυσικήν

343 5205 577 5274 χρῆσιν.
638 5220 668 5247 ι)
729 5199 997 5271 ’Έχοντες
1081 5194 1188 5272 γὰρ
1267 5193 1327 5250 ἐκ
1402 5193 1616 5271 φύσεως
1696 5192 1840 5268 μῖξιν
1917 5194 2012 5248 νό-

346 5309 543 5362 μιμον,
609 5285 964 5360 μετήλλαξαν
1044 5285 1214 5354 αὐτὴν
1300 5283 1376 5346 εἷς
1463 5285 1562 5353 τὴν
1624 5284 1770 5360 παρὰ
1829 5283 2008 5362 φύσιν.

339 5375 725 5455 Αίσχρότατόν
752 5397 806 5432 τι
838 5373 989 5452 λέγει
1021 5371 1572 5447 ἐπικεκαλυμμὲνως.
1621 5373 1892 5430 Δείκνυσιν
1925 5375 2008 5433 ὅτι

335 5469 400 5525 ού
431 5469 600 5543 μόνον
630 5472 752 5530 τοῖς
785 5466 960 5528 θείοις
986 5463 1202 5537 νόμοις,
1261 5462 1411 5521 ἀλλὰ
1467 5464 1554 5519 καὶ
1617 5470 1735 5527 τοῖς
1776 5467 1875 5534 τῆς
1907 5465 2007 5541 φύ-

336 5578 472 5622 σεως
508 5559 706 5633 νόμοις
763 5554 1100 5632 ἐπολέμουν.
1164 5553 1243 5612 Τὸ
1302 5551 1381 5623 δὶ,
1444 5576 1473 5605 «
1533 5555 1944 5627 Ἐξεκαύθησαν,
1980 5578 2008 5606 »

331 5651 554 5724 πολλὴν
583 5651 780 5728 μανίαν
815 5650 911 5707 καὶ
943 5650 1159 5724 οἶστρον
1195 5644 1382 5718 δηλοῖ·
1444 5647 1534 5702 καὶ
1585 5647 1686 5703 οὐκ
1715 5649 1850 5718 εἶπε,
1893 5648 2008 5718 Τὴν

337 5744 622 5823 ὶπιθυμίαν
655 5744 842 5802 αὐτῶν
875 5739 1372 5816 κατεργαζόμενοι,
1405 5735 1574 5812 ἀλλὰ,
1607 5763 1636 5792 ιι
1667 5739 1775 5810 Τὴν
1835 5739 2010 5815 ἀσγη-

1403 4292 1576 4348 αὐτῶν

2129 1961 2434 2016 adhaerere
2466 1966 2642 2030 atque
2675 1959 3110 2032 obtemperare,
3141 1961 3300 2031 quod
3331 1961 3392 2015 in
3438 1977 3571 2015 mea
3601 1961 3781 2015 situm

2129 2057 2220 2106 est
2249 2051 2578 2118 voluntate,
2602 2055 2667 2104 ut
2697 2050 2841 2121 ipsis
2860 2066 3099 2120 paream
3124 2056 3228 2105 aut
3255 2067 3395 2104 non.
3434 2050 3530 2104 Vel
3563 2050 3785 2104 fortas-

2130 2140 2211 2195 sis
2239 2141 2465 2210 seipsos
2499 2139 2872 2194 tradiderunt
2895 2155 2964 2193 eo
2998 2139 3156 2208 quod
3188 2139 3298 2193 hoc
3329 2139 3783 2204 desiderarunt;

2127 2230 2212 2285 ait
2267 2229 2425 2284 enim
2463 2245 2475 2282 :
2512 2229 2578 2282 In
2635 2227 2933 2284 desideria
2991 2227 3260 2283 cordium
3311 2245 3576 2282 suorum.
3611 2249 3633 2278 ι
3679 2229 3787 2293 Qui

2129 2323 2660 2374 commutaverunt.
2684 2338 2711 2367 »
2747 2317 2919 2372 Vides
2951 2334 3207 2387 rursum,
3241 2319 3785 2373 Commutaverunt.

2128 2411 2272 2464 Nam
2307 2408 2602 2479 signiﬁcat
2631 2407 2790 2478 quod
2823 2407 3079 2462 scientes
3125 2413 3585 2463 commutarunt.
3630 2427 3650 2454 ι
3675 2410 3784 2462 Ye-

2127 2499 2365 2554 ritatem
2399 2498 2498 2554 Dei
2523 2498 2584 2552 in
2619 2497 2950 2553 mendacio.
2987 2520 3014 2546 »
3049 2498 3167 2553 Hoc
3217 2505 3324 2564 est,
3356 2514 3486 2567 quae
3530 2514 3659 2552 vere
3710 2498 3782 2553 de

2128 2590 2246 2644 Deo
2277 2588 2393 2644 dici
2425 2593 2484 2643 et
2513 2587 2673 2643 credi
2705 2593 2950 2660 possent
2979 2587 3051 2643 ad
3084 2587 3462 2642 mendacium
3495 2587 3781 2642 traduxe-

2126 2677 2355 2743 runt,id
2383 2678 2571 2739 est.ad
2591 2677 3198 2734 idola.Velveritatem
3218 2678 3322 2734 Dei
3355 2684 3520 2733 vocat
3547 2679 3783 2732 utDeus

2127 2785 2333 2825 verum
2359 2785 2578 2824 nomen
2612 2768 2707 2837 sit,
2742 2768 3121 2824 mendacium
3148 2786 3282 2822 vero
3315 2766 3542 2823 idolum
3567 2785 3779 2822 manu-

2128 2860 2555 2925 factum;cum
2599 2874 2735 2931 ergo
2779 2858 2914 2914 illos
2947 2864 3250 2930 Oporteret
3281 2860 3462 2913 Deum
3509 2859 3781 2925 adorare,

2129 2948 2394 3004 divinum
2426 2946 2650 3002 cultum
2684 2952 2968 3002 creaturae
2988 2947 3787 3018 obtulerunt.VelquiaDeus

2131 3037 2372 3109 quidem
2406 3052 2540 3091 vere
2572 3037 2725 3091 Deus
2757 3041 2866 3101 est,
2900 3035 3058 3090 idola
3091 3053 3225 3091 vero
3273 3053 3404 3106 qua)
3435 3036 3787 3101 adorarunt,

2131 3126 2502 3183 mendaciter
2531 3125 2612 3180 dii
2646 3125 3046 3196 appellantur.
3085 3150 3108 3174 α
3146 3126 3214 3179 Et
3244 3125 3560 3180 coluerunt
3587 3131 3784 3180 etser-

2132 3217 2426 3272 vierunt.»
2449 3215 2775 3270 Coluerunt
2805 3214 3066 3286 quidem.
3097 3215 3202 3270 sed
3236 3215 3542 3270 serviendo
3575 3232 3785 3287 perse-

2133 3312 2414 3362 verarunt
2440 3322 2685 3376 remque
2719 3304 3124 3376 expleverunt.
3161 3327 3186 3354 υ
3220 3306 3515 3360 Creaturaa
3548 3305 3784 3376 (inquit)

2133 3398 2332 3470 potius
2362 3412 2540 3468 quam
2572 3395 2918 3460 Creatoris,-
2957 3401 3016 3450 et
3047 3395 3128 3450 ita
3185 3411 3421 3466 semper
3478 3412 3782 3466 compara-

2135 3489 2296 3544 tione
2327 3486 2858 3543 formidabiliorem
2916 3486 3060 3542 facit
3116 3503 3454 3542 sermonem
3500 3487 3664 3552 «Qui
3701 3492 3790 3540 est

2134 3577 2486 3634 benedictus
2517 3577 2577 3632 in
2629 3577 2862 3634 saecula.
2903 3601 2923 3625 ι
2953 3576 3172 3632 Verum
3205 3595 3324 3632 non
3357 3577 3430 3632 ob
3464 3577 3544 3640 id,
3570 3577 3786 3646 inquit,

2140 3668 2290 3723 Deus
2339 3668 2399 3722 in
2432 3668 2674 3738 propria
2710 3667 2899 3740 gloria
2937 3668 3221 3722 damnum
3254 3667 3443 3722 ullum
3475 3665 3739 3737 suscepit
3772 3684 3785 3721 z

2136 3755 2434 3827 siquidem
2464 3756 2567 3811 ille
2597 3774 2766 3828 mque
2805 3758 3026 3812 mansit
3054 3756 3404 3812 benedictus
3432 3758 3492 3811 in
3525 3755 3743 3810 sarcula
3772 3773 3784 3810 :

2132 3846 2397 3918 ipsorum
2430 3851 2629 3901 autem
2661 3863 2848 3918 paenae
2881 3846 3196 3918 prmdictae.
3219 3862 3472 3915 quaeque
3494 3846 3788 3914 dicentur,

2135 3944 2274 3994 sunt
2303 3939 2568 4010 corporis
2599 3938 2942 4011 ignominiae
2960 3955 3028 3994 ac
3050 3938 3498 3994 retributiones.

2199 4213 2246 4280 Ι,
2276 4214 2465 4267 24-27.
2498 4213 2798 4282 Propterea
2853 4211 3090 4266 tradidit
3148 4210 3272 4265 illos
3327 4212 3467 4266 Deus
3520 4211 3579 4264 in
3633 4212 3780 4281 affe-

2129 4306 2335 4360 ctiones
2361 4304 2704 4372 ignominiaa.
2731 4303 2866 4357 Nam
2885 4304 3113 4371 feminae
3137 4317 3323 4356 eorum
3355 4304 3784 4355 immutaverunt

2129 4392 2443 4449 naturalem
2472 4408 2629 4448 usum
2673 4394 2732 4446 in
2789 4408 2914 4446 eum
2953 4394 3050 4461 qui
3108 4398 3186 4446 est
3235 4397 3443 4460 prazter
3498 4398 3780 4445 naturam.

2126 4483 2398 4540 Similiter
2428 4493 2476 4538 et
2505 4483 2757 4544 masculi,
2813 4483 3005 4536 relicto
3057 4481 3313 4536 naturali
3371 4497 3473 4536 usu
3532 4483 3782 4548 feminae,

2129 4578 2462 4628 exarserunt
2496 4589 2599 4640 per
2655 4573 3035 4640 appetentiam
3088 4587 3245 4626 suam
3303 4572 3450 4624 inter
3486 4586 3540 4624 se
3571 4577 3782 4635 mutuo,

2125 4662 2359 4718 masculi
2389 4663 2448 4715 in
2473 4662 2740 4716 masculos
2768 4661 3074 4730 foeditatem
3095 4666 3497 4730 perpeti-antes.
3527 4666 3578 4713 et
3623 4674 3781 4729 prae-

2123 4754 2296 4808 mium
2327 4750 2499 4824 (quod
2528 4751 2791 4822 oportuit)
2823 4749 3030 4806 erroris
3058 4753 3147 4805 sui
3185 4750 3245 4804 in
3297 4765 3406 4806 sese
3436 4751 3778 4819 recipientes.

2195 5045 2224 5073 «
2257 5022 2600 5094 Propterea.
2632 5041 2660 5070 ››
2695 5019 2932 5085 Quare?
2961 5020 3108 5085 Quia
3140 5019 3472 5074 servierunt
3499 5024 3785 5076 creaturae

2122 5112 2321 5184 potius
2348 5127 2525 5183 quam
2547 5110 2829 5166 Creatori.
2865 5111 3427 5166 «Commutaverunt
3448 5111 3784 5167 naturalem

2118 5219 2315 5259 usum.
2341 5223 2367 5250 »
2397 5201 2544 5256 Cum
2572 5200 2732 5256 enim
2757 5201 2852 5256 2|
2868 5201 2905 5256 7
2931 5216 3002 5256 ex
3024 5206 3238 5256 natura
3256 5201 3518 5256 habeant
3541 5208 3781 5258 natura-

2121 5293 2242 5354 lem
2273 5291 2776 5356 commistionem,
2807 5297 3324 5346 commutaverunt
3353 5291 3518 5346 illam
3551 5291 3614 5346 in
3649 5307 3784 5349 eum

2122 5383 2224 5455 qui
2257 5387 2346 5437 est
2371 5385 2590 5454 praeter
2611 5381 3161 5438 naturam.0btecte
3186 5398 3313 5436 rem
3345 5382 3544 5436 innuit
3566 5382 3784 5454 turpis-

2121 5472 2335 5528 simam
2371 5488 2384 5526 :
2415 5476 2474 5526 et
2508 5470 2774 5527 ostendit
2803 5470 2960 5542 quod
2994 5488 3114 5526 non
3148 5471 3340 5527 solum
3370 5473 3430 5526 in
3471 5473 3568 5526 Hei
3603 5473 3784 5543 leges,

2122 5563 2226 5618 sed
2257 5562 2318 5618 in
2352 5567 2581 5618 natura:
2615 5578 2852 5634 quoque
2885 5562 3042 5635 leges
3100 5562 3572 5635 propugnabant.
3609 5563 3777 5627 Quod

2120 5658 2320 5709 autem
2373 5651 2598 5717 subdit,
2631 5675 2657 5702 ‹‹
2695 5654 3076 5720 Exarserunt,
3111 5675 3139 5702 »
3170 5668 3444 5725 magnam
3478 5652 3774 5707 insaniam

2119 5758 2188 5800 ac
2218 5746 2466 5801 (nstrum
2497 5743 2826 5816 signiﬁcat:
2850 5759 2962 5801 nec
2993 5743 3180 5800 dixit:
3209 5738 3773 5814 Concupiscentiam
