4112 6434
290 393 410 453 347

1414 379 1825 443 (ΕΟΗΜΕΝΙΙ
1872 381 2181 444 ΤΗῙΟΟιΕ
2232 381 2581 445 EPlSCOl’I

3595 369 3712 427 348

294 541 462 583 suam
494 512 1033 595 perpetrantes,sed
1053 535 1080 565 «
1112 513 1944 590 Turpitudinem,»designans

2071 517 2338 590 μοσύνην,
2374 541 2401 568 ››
2434 513 2622 589 δηλῶν
2652 513 2735 571 ὅτι
2789 514 2881 570 καὶ
2913 510 3079 579 αὐτὴν
3111 510 3211 579 τήν
3245 506 3403 583 φύσιν
3428 503 3718 579 κατῄσχυ-

294 614 451 687 quod
482 614 671 683 ipsam
705 622 943 680 quoque
970 610 1245 661 naturam
1279 603 1701 677 pudefecerint
1759 628 1786 655 ‹‹
1816 608 1955 661 Per-

295 707 617 777 petrantcs.
653 722 671 745 ιι
712 695 886 751 Vides
917 694 1074 766 quod
1108 711 1227 749 non
1254 694 1605 766 ignorantia:
1628 694 1954 751 fuerinthas

295 790 659 849 affectiones.
696 786 799 841 sed
833 784 993 857 quod
1046 784 1309 839 studium
1340 782 1723 839 adhibuerint
1774 793 1843 839 ut
1892 786 1955 841 in

296 898 445 953 opus
475 877 842 933 deducerent
872 874 899 929 ?
929 873 1235 945 Siquidem
1277 872 1619 945 prmpositio
1677 872 1813 927 κατά
1845 878 1858 943 (
1893 874 1955 930 in

298 970 557 1026 dictione
582 964 1062 1040 κατεργαζόμενοι)
1095 964 1493 1019 intentionem
1523 963 1843 1034 quamdam
1888 981 1955 1021 ac

292 1058 685 1133 pertinaciam
747 1054 1084 1127 significat,
1135 1053 1303 1123 quasi
1377 1053 1603 1109 nitatur
1656 1054 1954 1127 quispiam

296 1166 413 1221 quo
442 1147 630 1220 magis
666 1148 780 1201 er
815 1144 1173 1201 adversetur
1202 1164 1231 1191 ‹‹
1281 1143 1351 1197 Et
1398 1144 1712 1215 praemium
1770 1144 1954 1215 (quod

293 1238 578 1311 oportuit)
610 1235 830 1291 erroris
861 1234 973 1290 sui.
1008 1255 1036 1283 ››
1058 1232 1226 1299 Quod
1257 1234 1619 1288 conveniens
1642 1233 1954 1306 erat.quod

293 1329 416 1385 illis
448 1326 775 1384 debebatur
797 1324 897 1395 qui
924 1324 1072 1380 tales
1103 1327 1323 1390 essent,
1350 1321 1613 1378 debitum
1641 1324 1953 1395 prmmium

294 1419 480 1476 CFIOI‘l
515 1433 737 1473 eorum.
775 1417 1051 1470 Errorem
1084 1419 1283 1469 autem
1310 1417 1478 1468 vocat
1523 1412 1771 1469 adorare
1796 1430 1955 1470 (πεα-

292 1520 693 1583 turam,quem
720 1510 782 1565 in
805 1508 1019 1580 seipsis
1050 1506 1349 1580 recipiunt
1371 1505 1589 1562 mulier
1610 1523 1644 1563 a
1675 1506 1948 1576 muliere,

291 1608 352 1660 et
376 1602 462 1657 vir
490 1619 524 1657 a
569 1601 715 1669 viro,
778 1614 909 1655 cum
947 1597 1200 1669 turpiter
1230 1602 1577 1669 operantur.
1623 1598 1767 1653 Nam
1809 1598 1950 1669 quia

293 1690 670 1749 sermonibus
701 1688 774 1743 de
802 1687 1077 1761 gehenna
1105 1686 1285 1741 fidem
1318 1702 1438 1741 non
1479 1686 1801 1755 habebant,
1834 1688 1947 1743 hoc

293 1780 439 1853 ipsis
470 1778 785 1851 praemium
814 1777 1043 1850 profert
1070 1775 1311 1843 Paulus,
1346 1792 1464 1847 quo
1496 1776 1676 1831 etiam
1729 1775 1947 1832 rubore

294 1868 813 1926 suﬂundebantur.

364 1962 409 2027 l,
439 1960 528 2015 28.
563 1961 633 2015 Et
657 1960 797 2014 sicut
828 1974 937 2012 non
965 1956 1399 2028 reprobavcrunl
1442 1955 1609 2011 Deum
1663 1954 1859 2012 habere
1888 1960 1947 2013 in

292 2053 601 2121 agnitione.
634 2048 868 2103 tradidit
908 2063 993 2103 eos
1023 2048 1080 2100 in
1111 2047 1401 2117 reprobam
1428 2053 1679 2115 mentem,
1716 2053 1778 2103 ut
1800 2050 1949 2117 face-

292 2145 417 2195 rent
448 2154 570 2208 quae
600 2153 712 2191 non
743 2135 1089 2206 expedirent.

369 2227 541 2283 Vides
574 2225 732 2298 quod
756 2242 875 2281 non
899 2224 1251 2298 ignorantiae
1276 2241 1444 2280 error
1475 2225 1733 2289 erat,sed
1756 2227 1950 2298 cogni-

294 2316 681 2389 tionis.Magis
712 2321 910 2371 tamen
933 2313 1223 2385 quosdam
1256 2312 1499 2369 illorum
1520 2313 1749 2370 occulte
1770 2320 1947 2386 taxat,

295 2422 637 2479 quanquam
674 2420 1015 2462 sermonem
1049 2420 1221 2459 suum
1253 2402 1325 2459 ad
1357 2402 1506 2458 alios
1542 2404 1945 2477 transfigurat.

294 2519 322 2548 «
349 2494 615 2551 Tradidit
644 2495 706 2549 iu
738 2493 1050 2565 reprobam
1083 2498 1369 2548 mentem.
1407 2512 1434 2540 ››
1468 2494 1611 2548 Nam
1634 2510 1741 2565 per
1783 2510 1945 2549 aver-

287 2586 520 2644 sionem
538 2601 572 2639 a
594 2583 993 2655 Deo,reproba
1024 2597 1193 2638 mens
1220 2598 1254 2637 a
1284 2582 1656 2638 daemonibus
1678 2582 1941 2638 inducit:

287 2678 399 2734 hoc
455 2682 651 2733 autem
713 2674 1031 2747 Scripturae
1088 2690 1233 2729 usus
1294 2679 1383 2728 est
1439 2689 1647 2729 vocare
1676 2674 1941 2729 traditio-

286 2783 443 2823 nem.

354 2858 401 2919 Ι,
459 2856 527 2911 29
554 2858 641 2911 31.
698 2854 913 2927 Repleti
968 2856 1118 2909 omni
1182 2852 1489 2924 injustitia,
1546 2853 1940 2922 fornicatione,

280 2948 584 3018 pravitate,
640 2944 908 3011 avaritia,
963 2945 1211 3007 malitia,
1262 2944 1423 3014 pleni
1480 2944 1715 3011 invidia,
1774 2944 1940 3010 caede,

284 3038 651 3102 contentione,
711 3033 862 3099 dolo,
892 3035 1087 3105 pravis
1116 3033 1358 3088 moribus
1387 3050 1407 3086 .·
1439 3048 1780 3101 susurrones,
1839 3033 1941 3089 ob-

283 3132 619 3186 trectatores.
651 3127 753 3180 Dei
809 3139 1009 3190 osores,
1061 3122 1459 3190 contumeliosi,
1493 3124 1646 3189 elati,
1689 3122 1935 3193 gloriosi,

279 3219 589 3272 inventores
615 3216 908 3280 malorum,
961 3212 1292 3284 parentibus
1356 3213 1748 3282 inobedientes,
1796 3213 1933 3269 insi-

277 3308 515 3376 pientes,
544 3304 850 3376 fwdifragi.
883 3304 1173 3358 charitalis
1192 3304 1397 3373 affectu
1426 3302 1619 3373 alieni,
1641 3304 1942 3359 irreconci-

282 3383 528 3459 liabiles,
562 3393 1045 3450 immisericordes.

349 3483 507 3540 Nihil
538 3481 840 3538 mediocre
871 3480 1034 3547 dicit,
1067 3480 1172 3536 sed
1204 3479 1412 3552 plenos
1443 3481 1529 3535 ait
1561 3481 1724 3535 omni
1784 3481 1942 3553 inju-

282 3575 461 3631 stitia.
490 3573 597 3629 Ubi
631 3573 792 3626 enim
825 3571 1054 3626 aversio
1096 3587 1130 3625 a
1158 3571 1274 3625 Deo
1306 3570 1461 3626 facta
1501 3570 1699 3636 fuerit,
1734 3573 1948 3629 merito

288 3681 358 3720 ex
388 3662 686 3718 contrario
719 3660 921 3716 omnia
953 3660 1110 3716 mala
1141 3660 1500 3717 subintrant.
1530 3661 1753 3717 Deinde
1786 3670 1949 3735 post-

286 3769 464 3827 quam
496 3751 760 3826 generali
802 3751 1055 3807 nomine
1105 3751 1462 3823 injustitiam
1521 3751 1692 3822 dixit,
1734 3769 1946 3810 conse-

291 3852 544 3918 quenter
601 3845 779 3899 ctiam
839 3859 909 3898 ea
957 3860 1089 3914 quas
1152 3843 1341 3915 ipsius
1396 3850 1537 3899 sunt
1594 3846 1950 3916 specialiora

282 3941 576 3991 recenset.
617 3933 770 3991 218
835 3935 905 3988 Et
969 3933 1080 3989 hac
1137 3949 1260 3989 una
1313 3934 1577 4006 generali
1637 3935 1947 4006 injustitim

281 4025 684 4099 appellatione
720 4029 936 4079 cuncta
968 4024 1315 4096 complexus
1348 4023 1575 4079 scelera
1627 4040 1758 4095 quae
1789 4025 1950 4080 inter

286 4132 416 4172 sese
450 4121 655 4170 mutuo
688 4113 1083 4175 admiserunt.
1118 4113 1179 4167 in
1212 4113 1718 4183 consequentibus
1742 4114 1948 4187 singu-

286 4205 456 4261 latim
485 4202 824 4257 dinumerat
873 4203 944 4255 Et
972 4201 1319 4271 pravitatem
1368 4200 1608 4271 quidem
1642 4201 1785 4256 dicit
1816 4218 1947 4273 quas

289 4294 357 4351 fit
385 4310 452 4348 ex
488 4291 798 4348 molitione
824 4289 1107 4345 adversus
1125 4289 1389 4359 aliquem
1411 4288 1679 4344 adhibito
1711 4290 1945 4346 labore:

286 4383 595 4440 avaritiam
656 4387 853 4435 autem
914 4377 1368 4434 abundantioris
1425 4377 1706 4434 desiderii
1758 4396 1943 4436 nocu-

286 4477 556 4529 mentum
585 4488 600 4526 :
634 4469 924 4524 malitiam
968 4484 1104 4523 vero
1159 4468 1420 4524 studium
1453 4468 1527 4523 ad
1558 4467 1945 4541 atﬂigendum

283 4564 618 4639 proximum
675 4564 822 4617 Item
850 4560 1132 4616 invidiam
1180 4576 1339 4621 eum.
1400 4560 1503 4632 qui
1559 4558 1631 4615 de
1688 4563 1940 4633 proximi

279 4636 456 4712 bonis
488 4653 761 4715 sumitur,
796 4651 1124 4707 cruciatum
1147 4649 1397 4705 :caadem
1433 4666 1670 4721 quoque
1689 4667 1945 4708 commo—
1977 4636 2021 4698 Β

279 4746 501 4801 tionem
526 4743 599 4799 ad
625 4740 1147 4813 interemptionem
1180 4756 1371 4811 usque
1391 4740 1733 4796 tendentem
1758 4759 1770 4797 :
1798 4758 1940 4798 con-

286 4836 610 4890 tentionem
626 4833 771 4889 dicit
799 4829 1252 4903 vituperandam
1287 4830 1675 4902 pervicaciam
1700 4849 1712 4887 :
1734 4832 1938 4888 dolum

283 4941 420 4980 vero
453 4924 703 4978 insidias
724 4939 791 4978 ac
821 4920 1294 4977 machinationes
1326 4919 1401 4975 ad
1456 4920 1705 4976 fratrum
1739 4922 1934 4993 perdi-

284 5014 508 5069 tionem
528 5055 537 5065 .
554 5029 764 5084 pravos
779 5028 970 5067 mores
992 5010 1936 5083 conversationisimprobitatem,

282 5102 617 5161 susurrium
648 5106 846 5156 autem
902 5100 1289 5157 tacitam.vel
1348 5098 1458 5155 sub
1515 5099 1693 5156 dente
1752 5100 1938 5172 (quod

281 5191 471 5261 aiunt)
504 5191 564 5244 in
615 5195 941 5262 praesentes
990 5189 1475 5246 maledicentiam
1509 5206 1523 5243 :
1555 5188 1938 5246 obtrectatio-

282 5297 423 5340 nem
454 5296 586 5334 vero
620 5278 1016 5351 quorumdam
1074 5278 1147 5333 de
1193 5277 1538 5335 absentibus
1580 5279 1936 5345 convicium,

285 5374 600 5444 Θεοστυγεῖς
659 5369 800 5425 item
850 5369 953 5424 Dei
1013 5385 1235 5424 osores.
1296 5368 1602 5442 Siquidem
1656 5386 1776 5426 non
1835 5388 1939 5427 eos

285 5459 429 5516 dicit
469 5459 569 5531 qui
601 5475 635 5513 a
662 5459 779 5515 Deo
812 5457 947 5514 odio
986 5457 1303 5521 habentur,
1352 5474 1548 5529 neque
1604 5458 1765 5515 enim
1824 5460 1936 5517 hoc

285 5550 399 5624 ipsi
426 5551 489 5606 in
522 5550 721 5605 animo
752 5549 866 5605 fuit
894 5548 1007 5603 isto
1041 5548 1167 5604 loco
1199 5551 1802 5615 commonstrare,sed
1833 5568 1936 5609 eos

286 5643 387 5717 qui
419 5642 603 5700 Deum
636 5641 914 5699 oderunt.
946 5640 1418 5698 Contumeliosos
1476 5645 1765 5713 praeterea
1794 5642 1938 5699 dicit

285 5737 632 5796 temerarios
671 5752 740 5794 ac
768 5734 1196 5793 conviciatores
1228 5751 1242 5787 :
1276 5733 1464 5792 elatos
1492 5733 1637 5795 item
1678 5750 1793 5793 eos
1833 5736 1935 5809 qui

1976 1893 2024 1958 B

2060 627 2173 662 ναν.
2210 631 2237 658 ‹‹
2272 606 2769 684 Κατεργαζόμενοι.
2806 628 2834 655 ››
2867 606 3024 679 Ὀρᾷς
3087 601 3167 654 ὅτι
3229 597 3332 653 οὐκ
3388 595 3610 684 ἀγνοίας
3649 593 3717 684 ἦν

2057 694 2126 750 τά
2157 695 2327 767 πάθη,
2359 682 2490 750 ἀλλ’
2529 694 2613 750 ὅτι
2670 690 2911 760 σπουδὴν
2971 690 3121 746 εἶχον
3155 687 3468 764 ἐργεῗζεσθαι
3532 682 3665 739 αὑτά
3700 700 3714 751 ;

2058 785 2121 842 Ἦ
2154 785 2281 862 γὰρ,
2332 785 2488 855 κατὰ,
2550 783 2789 840 ἐπίτασίν
2847 803 2966 837 τινα
2996 780 3088 837 καὶ
3148 775 3479 857 φιλονεικίαν
3523 771 3712 843 δηλοῖ.

2057 875 2147 937 Ὠς
2190 874 2243 929 εἷ’
2265 895 2349 936 τις
2382 872 2719 955 φιλονεικείη
2754 874 2902 933 ὅπως
2938 867 3149 944 μᾶλλον
3208 864 3540 942 προσκρούοι
3576 866 3711 933 Θεῷ.

2061 990 2089 1017 ‹‹
2124 966 2226 1022 Καὶ
2258 966 2359 1035 τήν
2386 966 2730 1040 ἀντιμισθίαν
2788 963 2853 1034 ἦν
2911 961 3019 1018 ἔδει
3075 968 3173 1030 τῆς
3206 958 3423 1027 πλάνης
3451 953 3651 1009 αὐτῶν.
3686 975 3714 1002 ››

2054 1059 2154 1114 ἹῘν
2215 1064 2491 1132 προσῆκον
2541 1059 2632 1127 ἦν,
2690 1056 2814 1125 ἥτις
2866 1056 3056 1115 αὐτοῖς
3115 1049 3383 1128 ὠφείλετο
3440 1046 3713 1106 τοιούτοις

2059 1146 2202 1212 οὗσι,
2230 1147 2324 1202 τὸν
2358 1145 2714 1226 ὀφειλόμενον
2748 1145 2939 1219 μισθὸν
2991 1147 3062 1217 τῇ
3110 1139 3294 1213 πλάνῃ
3328 1139 3525 1192 αὐτῶν.
3560 1132 3715 1226 illi-

2053 1257 2149 1306 νην
2183 1233 2240 1291 δέ
2269 1258 2401 1315 φησι
2432 1238 2495 1291 τὸ
2552 1242 2926 1310 προσκυνῆσαι
2978 1238 3048 1308 τῇ
3106 1230 3302 1299 κτίσει,
3358 1229 3419 1297 ἣν
3451 1223 3711 1296 ἀπολαμ-

2055 1319 2309 1381 ϐάνουσιν
2340 1325 2391 1382 ἐν
2452 1327 2684 1395 ἑαυτοῖς,
2740 1326 2873 1399 γυνὴ
2933 1323 3040 1378 ἀπὸ
3088 1319 3365 1397 γυναικὸς,
3436 1316 3524 1370 καὶ
3580 1314 3713 1411 ἀνὴρ

2054 1414 2161 1471 ἀπὸ
2194 1412 2382 1491 ἀνδρὸς
2414 1415 2939 1492 ἐνασχημονοῦντες.
2996 1407 3222 1479 Ἐπειδὴ
3278 1409 3380 1485 γὰρ
3439 1410 3555 1466 τοῖς
3586 1407 3713 1477 περί

2053 1504 2274 1581 γεέννης
2309 1502 2494 1583 λόγοις
2527 1506 2630 1561 οὐκ
2660 1505 2961 1574 ἐπίστευον,
3020 1502 3219 1570 ταύτην
3260 1498 3445 1559 αὐτοῖς
3501 1496 3713 1567 ἀντιμι-

2056 1594 2204 1661 σθίαν
2237 1596 2265 1651 ὁ
2297 1593 2514 1658 Παῦλος
2534 1594 2850 1675 προσφέρει,
2882 1594 2949 1664 ἢν
2982 1594 3073 1648 καὶ
3114 1589 3417 1665 ἠρυθρίων.

2137 1958 2236 2014 Καὶ
2269 1960 2448 2024 καθὼς
2481 1961 2584 2016 οὑκ
2612 1956 2935 2032 ἐδοκίμασαν
2958 1956 3049 2011 τὸν
3100 1955 3232 2011 Θεὸν
3264 1948 3409 2028 ἔχειν
3471 1948 3521 2005 ἐν
3585 1948 3710 2004 ἑπι-

2060 2049 2279 2123 γνώσει,
2302 2046 2613 2121 παρέδωκεν
2647 2046 2847 2110 αὐτοὺς
2876 2048 2904 2101 ὁ
2935 2046 3065 2107 Θεὸς
3123 2043 3200 2106 είς
3258 2040 3523 2114 ἀδόκιμον
3556 2043 3712 2109 νοῦν,

2060 2143 2234 2195 ποιεῖν
2270 2140 2336 2194 τά
2370 2141 2447 2214 μή
2473 2141 2799 2209 καθήκοντα.

2131 2228 2292 2302 Ὁρᾷς
2325 2228 2408 2283 ὅτι
2441 2228 2540 2283 οὐκ
2570 2228 2790 2302 ἀγνοίας
2818 2227 2885 2296 ἦν
2919 2228 2953 2296 ἡ
2998 2224 3205 2295 πλάνη,
3238 2222 3365 2278 ἀλλ’
3422 2218 3710 2290 εἲδήσεως.

2118 2324 2141 2334 ν
2317 2315 2361 2334 ας
2398 2339 2411 2350 .
2472 2317 2487 2336 ς
2592 2317 2605 2336 1
2845 2316 2857 2334 ς
2886 2337 2900 2348 ⁸
2962 2314 2976 2331 ιι
3300 2310 3320 2331 ,ι
3448 2310 3462 2331 \
3512 2310 3526 2330 ε
3696 2307 3713 2327 \

2061 2315 2287 2375 Μαλλον
2314 2334 2370 2372 οε
2401 2339 2489 2373 οιαι
2514 2338 2723 2373 τουτων
2753 2337 2898 2377 τινα..
2926 2313 3237 2382 αινίττεται,
3271 2333 3316 2366 ει
3375 2331 3465 2365 και
3497 2330 3570 2371 ως
3619 2306 3716 2363 im.

2061 2407 2275 2485 ἑτέρους
2308 2409 2711 2486 ἐσχημάτισται
2773 2409 2801 2462 ὁ
2833 2403 3019 2484 λόγος,
3050 2430 3077 2458 ι(
3136 2400 3453 2477 Παρέδωκεν
3476 2401 3553 2463 εἷς
3585 2397 3721 2455 ἀδό-

2057 2521 2222 2574 κιμον
2255 2504 2401 2556 νοῦν.
2441 2524 2469 2553 ››
2501 2504 2581 2573 Τῇ
2612 2500 2713 2575 γὰρ
2744 2498 3065 2577 ἀποστροφῆ
3095 2500 3193 2551 τοῦ
3244 2498 3401 2560 Θεοῦ,
3445 2492 3716 2566 εἰσάγεται

2055 2594 2181 2653 νοῦς
2209 2586 2476 2663 ἀδόκιμος
2506 2589 2651 2661 παρά
2671 2592 2780 2643 τῶν
2810 2585 3102 2661 δαιμόνων.
3137 2589 3313 2641 Τοῦτο
3345 2579 3400 2639 δὲ
3413 2577 3710 2658 παράδοσιν

2054 2675 2173 2743 ἔθος
2197 2677 2383 2735 καλεῖν
2418 2683 2486 2752 τῇ
2520 2681 2727 2758 Γραφῇ.

2123 2858 2607 2934 Πεπληρωμὲνους
2672 2859 2819 2932 πάσῃ
2907 2854 3116 2927 ἀδικίᾳ,
3205 2855 3453 2930 πορνείᾳ,
3535 2874 3706 2922 πονη-

2058 2949 2168 3024 ρίᾳ,
2255 2948 2559 3020 πλεονεξίᾳ,
2639 2950 2824 3019 κακίᾳ·
2912 2948 3141 3022 μεστοὺς
3223 2945 3445 3023 φθόνου,
3524 2943 3705 3021 φόνου,

2048 3036 2250 3114 ἔριδος,
2364 3036 2556 3104 δόλου,
2643 3038 2995 3109 κακοηθείας·
3096 3036 3455 3111 ψιθυριστάς.
3549 3054 3715 3089 κατα-

2051 3127 2277 3196 λάλους,
2411 3133 2722 3204 θεοστυγεῖς
2749 3170 2762 3194 ,
2897 3120 3172 3200 ὑϐριστὰς,
3305 3123 3706 3201 ὑπερηφάνους,

2052 3216 2346 3288 ἀλαζόνας,
2447 3216 2732 3297 ἐφευρετὰς
2815 3220 3016 3278 κακῶν,
3147 3218 3390 3291 γονεῦσιν
3454 3214 3718 3281 ἀπειθεῖς,

2055 3305 2366 3373 ἀσυνέτους,
2490 3307 2838 3372 ἀσυνθέτους,
2986 3304 3283 3380 ἀστόργους
3290 3349 3307 3374 ,
3384 3298 3714 3370 ἀσπόνδους,

2057 3394 2451 3468 ἀνελεήμονας.

2126 3483 2294 3541 Οὐδέν
2325 3506 2456 3560 φησι
2493 3487 2824 3559 σύμμετρον,
2890 3484 3037 3542 ἀλλά
3094 3481 3563 3560 πεπληρωμένους
3618 3479 3723 3537 πάι-

2056 3597 2157 3645 σης
2188 3574 2417 3640 ἀδικίας.
2452 3584 2616 3634 Ὅταν
2644 3577 2749 3652 γὰρ
2806 3578 3124 3656 ἀποστροφή
3190 3579 3330 3633 Οεοῦ
3358 3576 3603 3651 γενηται,
3637 3574 3720 3628 εἱ·-

2053 3666 2230 3729 κότως
2288 3668 2461 3721 πάντα
2509 3666 2919 3743 ἀντεισὲρχεται
2969 3668 3037 3722 τά
3094 3673 3253 3722 κακά.
3291 3665 3426 3722 Εἶτα
3481 3664 3716 3740 γενικῶς

2055 3754 2222 3812 εἰπὼν
2256 3758 2357 3825 τήν
2398 3754 2634 3825 ἀδικίαν,
2670 3754 2865 3812 λοιπὸν
2896 3757 2986 3811 καὶ
3035 3762 3151 3819 τοῖς
3183 3753 3555 3831 είδικιυτέροις
3614 3753 3716 3808 αὐ·-

2051 3848 2151 3913 τῆς
2179 3845 2546 3927 ἐπεξὲοχεται.
2611 3849 3074 3921 [ΓΕΝΝΑΔΙΟΥ]
3129 3847 3229 3903 Καὶ
3262 3845 3342 3901 ivi
3393 3845 3572 3917 τούτῳ
3626 3848 3712 3915 τῷ

2052 3938 2150 4004 τῆς
2181 3935 2391 3998 ἀδικίας
2425 3940 2799 4012 προσρήματι,
2854 3940 3012 4009 κοινῇ
3045 3938 3110 3990 τὰ
3157 3934 3233 3998 είς
3268 3933 3554 4006 ἀλλήλους
3611 3934 3713 3989 αὖ-
3742 3954 3751 3961 '

2050 4032 2159 4083 τῶν
2218 4029 2392 4083 πάντα
2451 4024 2765 4098 περιλαϐὼν
2846 4030 3241 4103 ἁμαρτήματα,
3298 4027 3348 4082 ἐν
3406 4030 3525 4088 τοῖς
3584 4025 3706 4097 ἑξῆς

2052 4117 2440 4188 ἀπαριθμεῖται
2491 4119 2611 4174 καθ’
2660 4115 2906 4174 ἕκαστον.
2967 4118 3073 4176 Καὶ
3129 4116 3396 4193 πονηρίαν
3461 4116 3555 4190 μὲν
3613 4112 3703 4169 λέ-

2049 4226 2153 4281 γει,
2189 4207 2278 4261 τὸν
2310 4206 2369 4261 ἐκ
2426 4214 2759 4275 κατασκευῆς
2794 4206 2873 4270 εἷς
2902 4228 3025 4263 τινα
3084 4208 3229 4281 παρά
3269 4226 3365 4260 του
3395 4207 3561 4261 πόνον
3616 4224 3705 4279 γι-

2050 4295 2301 4368 νόμενον.
2368 4295 2690 4367 Πλεονεξίαν
2744 4294 2821 4366 δὲ,
2878 4299 2977 4366 τὴν
3067 4297 3198 4372 ὑπὲρ
3259 4300 3358 4365 τῆς
3417 4294 3707 4366 ἐπιθυμίας

2048 4388 2149 4440 τοῦ
2185 4384 2438 4447 πλείονος
2472 4381 2711 4462 βλάϐην,
2749 4384 2952 4442 Κακίαν
3016 4382 3092 4456 δὲ,
3148 4388 3248 4455 τήν
3308 4388 3405 4439 τοῦ
3460 4387 3708 4438 κακῶσαι

2047 4474 2139 4529 τὸν
2172 4472 2340 4538 πέλας
2397 4474 2660 4547 σπουδήν.
2725 4476 2934 4539 Φθόνον
2996 4474 3073 4545 δὲ,
3133 4477 3230 4545 τὴν
3303 4473 3384 4529 ini
3440 4479 3556 4535 τοῖς
3610 4478 3707 4527 τοῦ

2050 4563 2287 4635 πλησίον
2340 4571 2535 4630 καλοῖς
2594 4565 2906 4643 βασκανίαν·
2967 4566 3130 4644 φόνον
3194 4562 3272 4635 δὶ,
3338 4564 3437 4632 τήν
3506 4565 3707 4637 μὲχρις

2051 4650 2375 4728 ἀναιρέσεως
2411 4655 2647 4724 κίνησιν.
2708 4656 2859 4729 Ἔριν
2914 4651 2992 4723 δὲ,
3021 4656 3123 4725 τήν
3152 4653 3415 4727 ἐπίψογον
3467 4650 3707 4728 φιλονει-

2048 4743 2185 4800 κίαν.
2222 4743 2392 4799 Δόλον
2424 4742 2503 4814 ὃὶ,
2533 4745 2627 4806 τάς
2656 4742 2745 4800 ἐπὶ
2798 4742 2948 4818 λύμῃ
3007 4748 3115 4798 τῶν
3162 4741 3414 4816 ἀδελφῶν
3472 4736 3701 4797 ἐπιϐου-

2049 4835 2149 4897 λάς
2182 4855 2239 4890 τε
2272 4836 2363 4890 καὶ
2418 4838 2692 4910 μηχανάς·
2752 4837 3079 4905 κακοήθειαν
3137 4831 3217 4904 δὲ,
3275 4835 3375 4903 τὴν
3435 4851 3703 4908 κακοτρο-

2047 4923 2191 4980 πίαν·
2227 4926 2558 5000 ψιθυρισμὸν
2613 4922 2690 4991 δὲ,
2749 4926 2847 4992 τήν
2904 4924 2992 4982 ὑπ’
3026 4921 3219 4980 ὀδόντα
3249 4927 3356 4980 τῶν
3419 4924 3699 4998 παρόντων

2047 5013 2394 5089 κακολογίαν·
2425 5011 2767 5072 καταλαλιὰν
2808 5011 2884 5083 δὲ,
2916 5014 3016 5081 τήν
3073 5013 3148 5075 είς
3180 5013 3414 5072 ἀπόντας
3466 5013 3568 5067 ὑπό
3612 5032 3702 5067 τι·

2045 5125 2149 5158 νων
2188 5102 2565 5181 βλασφημίαν.
2596 5110 2913 5179 Θξοστυγεῖς
2973 5102 3049 5170 δὲ,
3104 5104 3175 5159 οὐ
3225 5105 3355 5166 τοὺς
3404 5103 3509 5159 ὑπὸ
3568 5105 3704 5157 Θεοῦ

2052 5195 2417 5266 μισουμένους
2463 5194 2548 5270 (οὗ
2604 5196 2711 5269 γὰρ
2767 5194 2916 5267 αὑτῴ
2971 5196 3132 5248 τοῦτο
3192 5190 3357 5264 δεῖξαι
3416 5193 3701 5265 πρόκειται

2046 5286 2179 5353 νῦν),
2212 5282 2361 5341 ἀλλά
2384 5286 2511 5347 τοὺς
2569 5289 2856 5357 μισοῦντας
2906 5282 3055 5340 Θεόν·
3126 5277 3382 5357 ὑδριστάς
3432 5280 3511 5349 δὲ,
3571 5279 3700 5343 τοὺς

2048 5374 2261 5449 Θρασεῖς
2294 5375 2383 5430 καὶ
2416 5372 2731 5452 λοιδόρους·
2775 5374 3155 5451 ὑπερηφάνους
3243 5369 3322 5441 δὲ,
3380 5370 3507 5434 τοὺς
3565 5371 3702 5425 κατὰ

2044 5466 2152 5517 τῶν
2185 5462 2281 5518 οὐκ
2310 5462 2554 5538 ἑχόντων
2584 5462 2665 5542 ἐφ’
2723 5464 2811 5525 οἷς
2870 5459 3058 5538 ἔχουσι
3092 5463 3468 5543 φυσωμένους·
3502 5461 3705 5530 ἀλαζό-

2045 5572 2141 5617 νας
2171 5549 2248 5617 δὲ,
2277 5554 2405 5615 τοὺς
2438 5552 2521 5628 ἐφ’
2552 5555 2638 5616 οἷς
2679 5552 2776 5609 οὐκ
2807 5551 3027 5609 ἔἎουσιν
3081 5552 3392 5629 αὐχοῦντας
3435 5552 3509 5611 ὡς
3542 5544 3708 5627 ἔχον-

2044 5664 2157 5708 τας·
2192 5642 2476 5722 ἐφευρετὰς
2519 5649 2720 5716 κακῶν,
2779 5644 2907 5708 τοὺς
2965 5643 3053 5699 ἐπὶ
3108 5649 3226 5705 τοῖς
3288 5642 3550 5704 παλαιοῖς
3609 5660 3712 5696 κα-

2044 5739 2188 5804 κοῖς,
2210 5732 2377 5809 ,ἕτερα
2403 5738 2862 5809 καινοτομοῦντας
2884 5733 3045 5795 atomi.
3080 5737 3301 5790 Γονεῦσι
3330 5729 3390 5788 δὲ
3436 5732 3701 5802 ἀπειθεῖς,
3780 5725 3793 5765 ἶ
