4112 6418
279 413 399 477 349

1381 408 1793 474 COMMENT.
1840 411 1919 473 IN
1964 412 2217 474 EPIST.
2264 415 2369 475 AD
2417 415 2601 477 BOM.

3612 412 3732 476 350

276 545 419 609 τοὺς
444 543 535 602 καὶ
573 545 747 626 μέχρι
779 548 890 604 τῶν
918 545 1119 622 γονέων
1139 545 1484 622 ἀγνώμονας.
1522 543 1844 607 Ἀσυνὲτους
1876 540 1954 614 δὶ,

2071 546 2132 603 ἱιι
2160 546 2255 603 his
2286 564 2417 620 quea
2447 548 2673 606 habent
2730 549 3056 605 efferuntur
3115 548 3397 605 adversus
3425 545 3563 603 illos
3624 545 3726 620 qui

279 637 424 698 τοὺς
451 632 973 707 ἀσυνειδήτους,ὧν
1027 633 1186 691 οὖδάν
1240 634 1651 716 ἀφρονέστερον.
1713 635 1960 698 Ἀσυνθε-

282 748 426 791 τους
453 722 533 795 δὲ,
563 725 693 788 τοὺς
752 730 872 787 ταῖς
930 727 1219 797 συνθήκαις
1281 726 1356 799 μή
1414 723 1771 799 ἐμμένοντας,
1801 723 1864 786 ’ἀς
1894 723 1954 778 ἂν

277 818 434 892 πρός
463 836 615 876 τινας
646 814 975 881 σύνθωνται,
1004 816 1303 891 ἀστόργους
1335 810 1414 884 δὲ,
1445 814 1573 875 τοὺς
1602 814 1831 883 ἀπηνεῖς
1862 813 1953 867 καὶ

275 906 552 990 ἀᾳίλουςο
583 903 888 968 ἀσπόνδους
921 903 996 963 δὲ.
1029 905 1162 969 τοὺς
1206 903 1610 967 ἀδιαλλάκτους
1665 905 1756 959 καὶ
1819 926 1955 979 μνη-

280 1000 577 1060 σικάκουςο
610 995 988 1071 ἀνελεήμονας
1028 993 1103 1063 δὲ,
1143 996 1273 1059 τοὺς
1327 997 1596 1069 ἀκαμπεῖς
1652 994 1743 1051 καὶ
1802 995 1955 1049 ἀνεν-

275 1081 487 1148 δότους
520 1086 659 1161 πρὸς
689 1080 861 1142 ἔλεον.
897 1110 925 1137 et
954 1084 1276 1155 Ἀλαζόνας.
1304 1107 1331 1139 ι
1367 1084 1432 1143 Εἰ
1461 1085 1567 1163 γάρ
1597 1085 1625 1140 6
1655 1086 1957 1159 κατορθῶν,

272 1179 350 1250 τῇ
381 1175 680 1246 ἀλαζονείᾳ
712 1176 1064 1254 χρησάμενος
1112 1173 1337 1231 ἐκένωσε
1391 1175 1459 1230 τὰ
1509 1175 1955 1246 κατορθωθέντα,

284 1266 457 1329 ποίας
517 1264 579 1320 ἃν
643 1264 728 1336 εἴη
795 1266 1069 1340 τιμωρίας
1121 1266 1149 1320 6
1196 1263 1251 1320 ἐν
1300 1264 1568 1340 ἁμαρτίας
1630 1262 1958 1334 ἀλαζονευό-

286 1376 451 1430 μενος
491 1374 507 1423 ;
542 1378 571 1405 ι»
600 1356 925 1433 Ἒφευρετάς
952 1359 1156 1410 κακῶν.
1193 1378 1221 1405 ››
1252 1356 1421 1427 ’Ὀπερ
1469 1351 1821 1426 μελετώντων
1866 1353 1958 1408 καὶ

276 1442 710 1513 σπουδαζόντων
771 1441 931 1515 ἴδιον,
1012 1443 1075 1500 οὐ
1155 1445 1262 1517 μήν
1306 1444 1641 1521 ἀγυούτωνω
1706 1468 1735 1495 ‹‹
1770 1444 1955 1500 Ἀσυν-

283 1533 501 1601 θέτους,
532 1532 934 1606 ἀνελεήμονας.
970 1557 1000 1587 »
1031 1531 1552 1613 Ἀποσχοινίζοντας
1574 1532 1682 1589 ἀπὸ
1713 1534 1956 1604 πάντων,

297 1624 569 1692 τουτέστι,
603 1623 804 1685 πάντας
838 1623 1126 1696 μισοῦντας
1154 1624 1244 1678 καὶ
1276 1620 1813 1700 ἀποστρεφομένους.

2070 653 2191 692 non
2223 637 2444 694 habent
2474 656 2487 694 :
2521 639 2811 712 gloriosos
2842 656 2977 694 vero
3039 640 3140 710 qui
3190 639 3262 693 de
3288 639 3381 693 his
3415 655 3545 709 qua)
3604 655 3728 693 non

2069 728 2292 785 habent
2321 730 2655 802 gloriantur
2687 748 2754 786 ac
2788 730 2836 786 si
2869 748 2938 786 ea
2974 730 3372 803 possiderent.
3432 731 3727 785 Praeterea

2065 818 2407 875 inventores
2442 820 2736 875 malorum
2770 837 2869 875 eos
2912 819 3010 891 qui
3072 826 3288 891 praeter
3316 825 3515 875 vetera
3544 819 3726 887 mala,

2066 907 2185 964 alia
2214 909 2461 981 insuper
2495 910 2650 966 mala
2709 909 3044 982 designant.
3101 908 3185 963 Ad
3219 909 3345 963 haec
3377 908 3725 980 parentibus

2066 997 2481 1055 inobedientes
2513 1000 2614 1071 qui
2648 1016 2716 1055 eo
2749 1016 2939 1071 usque
2973 999 3266 1054 malorum
3294 999 3723 1069 pervenissent,

2068 1093 2133 1143 ut
2163 1088 2341 1143 etiam
2367 1106 2505 1162 erga
2538 1095 2815 1161 parentes
2841 1088 3055 1161 perfidi
3088 1093 3308 1144 essent.
3369 1088 3724 1158 Insipientes

2068 1183 2267 1233 autem
2317 1178 2725 1251 intelligentim
2785 1185 3090 1251 expertes,
3151 1176 3367 1248 quibus
3431 1175 3585 1230 nihil
3641 1180 3731 1230 est

2069 1267 2330 1323 stultius.
2364 1268 2724 1342 Fcedifragos
2754 1285 2888 1324 vero
2949 1267 3048 1339 qui
3082 1267 3272 1339 pactis
3302 1283 3423 1321 non
3484 1269 3730 1320 manent

2069 1375 2200 1430 quas
2234 1376 2369 1414 cum
2400 1360 2710 1415 nonnullis
2741 1360 3092 1433 pepigerint.
3138 1358 3454 1414 Charitatis
3507 1358 3724 1413 affectu

2008 1449 2015 1454 ”
2068 1447 2298 1503 alienos
2330 1454 2501 1504 vocat
2549 1466 2734 1505 saevos
2775 1449 2877 1520 qui
2937 1448 3138 1504 nullos
3192 1447 3416 1503 habent
3472 1445 3547 1501 ad
3578 1461 3728 1516 quos

2068 1537 2410 1595 afﬁciantur
2431 1541 2675 1595 amicos.
2699 1538 3237 1595 Irreconciliabiles
3257 1537 3356 1610 qui
3379 1536 3599 1592 mutari
3622 1551 3733 1589 ne-

2071 1634 2300 1700 queunt
2328 1635 2386 1685 et
2417 1630 2711 1685 malorum
2743 1646 2811 1685 ac
2840 1630 3199 1700 injuriarum
3232 1643 3468 1699 semper
3509 1622 3735 1682 memi-

309 1725 542 1775 nerunt.
574 1719 820 1773 Demum
849 1714 1353 1772 immisericordes
1383 1714 1528 1770 dicit
1556 1714 1937 1783 inﬂexibiles,
1995 1716 2294 1790 durosque
2353 1718 2428 1774 ad
2488 1719 2982 1776 misericordiam.
3045 1740 3073 1769 «
3105 1717 3376 1774 Gloriosi.
3411 1739 3439 1767 »
3490 1721 3633 1775 Nam
3665 1721 3715 1776 si

319 1808 500 1864 etiam
520 1808 568 1863 is
593 1808 683 1879 qui
715 1810 880 1862 recte
910 1805 1050 1879 agit,
1081 1821 1191 1877 per
1217 1804 1616 1877 arrogantiam
1650 1820 1780 1860 sese
1808 1804 2093 1877 jactando
2124 1807 2198 1864 ad
2228 1808 2486 1865 nihilum
2518 1809 2733 1883 redigit
2761 1826 2830 1865 ea
2859 1826 2991 1881 quae
3022 1824 3057 1863 a
3082 1824 3144 1863 se
3175 1813 3335 1864 recte
3365 1817 3494 1864 acta
3521 1816 3710 1882 erant,

325 1913 578 1970 quonam
605 1896 889 1969 supplicio
922 1895 1136 1969 dignus
1158 1894 1290 1962 erit,
1322 1893 1424 1966 qui
1454 1894 1516 1950 in
1545 1894 1804 1967 peccatis
1836 1893 2121 1968 gloriatur
2153 1897 2180 1952 ‘2
2209 1919 2237 1947 «
2271 1900 2613 1955 Inventores
2670 1899 2984 1955 malorum.
3011 1920 3038 1948 ››
3108 1898 3274 1963 Quod
3334 1915 3538 1955 eorum
3597 1917 3733 1972 pro-

312 1987 506 2059 prium
538 1992 623 2042 est
650 1986 752 2058 qui
783 2001 928 2041 cura
958 2000 1026 2041 ac
1057 1983 1253 2040 studio
1285 1989 1556 2051 utuntur,
1584 2000 1706 2039 non
1739 2000 1943 2040 eorum
1976 1986 2077 2058 qui
2108 1988 2403 2060 ignorant.
2437 2012 2465 2039 «
2498 1988 2816 2046 Charitatis
2870 1989 3084 2045 aﬂ‘ectu
3117 1987 3365 2043 alienos.
3399 2008 3428 2036 ››
3480 1989 3599 2045 Hoc
3630 1994 3722 2046 est

298 2075 372 2131 ab
399 2074 677 2131 omnibus
704 2073 1095 2139 dissidentes,
1129 2089 1337 2128 omnes
1366 2072 1499 2128 odio
1536 2078 1963 2144 prosequentes
1996 2080 2052 2129 et
2081 2082 2439 2133 aversantes.

357 2160 571 2223 Οῗτινες
631 2163 692 2218 τὸ
775 2157 1052 2232 δικαίωμα
1130 2166 1227 2216 τοῦ
1284 2165 1419 2217 Θεοῦ
1477 2158 1788 2235 ἐπιγνόντες
1844 2160 1952 2228 (ὅτι
1986 2168 2031 2232 Β

283 2253 336 2310 ol
392 2252 463 2309 τὰ
521 2252 750 2307 τοιαῦτά
828 2251 1160 2323 πράσσοντες
1218 2250 1369 2321 ίᾶξιοι
1454 2250 1685 2305 θανάτου
1766 2250 1950 2324 εἰσὶν),

286 2347 351 2403 οὗ
387 2344 555 2418 μόνον
606 2342 742 2399 αὐτὰ
772 2346 1042 2411 ποιοῦσιν,
1076 2339 1221 2397 ἀλλᾶ
1267 2340 1360 2396 καὶ
1423 2336 1808 2396 συνευδοκοῦσι
1840 2344 1957 2401 τοῖς

289 2455 625 2513 πρασσουσι.

359 2523 539 2583 Πάλιν
600 2519 859 2579 δείκνυσιν
905 2521 1101 2583 αὖτοσς
1159 2518 1213 2576 ἐν
1261 2518 1456 2596 γνώόει
1516 2520 1954 2595 ἁμαρτάνοντας.

296 2615 591 2687 Δικαίωμα
649 2610 708 2667 δὲ
757 2612 854 2673 τὰς
910 2607 1135 2672 ἐντολὰς
1189 2608 1358 2684 λέγει.
1417 2610 1480 2667 Ὀ
1548 2610 1649 2683 γὰρ
1708 2611 1879 2682 νόμος
1928 2611 1957 2666 ὂ

295 2710 604 2766 Μωσαϊκος
630 2707 838 2779 τρανῶς
867 2701 960 2756 καὶ
992 2698 1299 2773 ἀποτόμοις
1347 2697 1738 2769 διακελεύεται,
1774 2700 1957 2771 ἀξίους

300 2796 534 2862 θανάτου
564 2794 767 2869 κρίνων
794 2789 921 2854 τοὺς
978 2791 1046 2848 τὰ
1090 2794 1315 2848 τοιαῦτα
1365 2791 1721 2865 πράττοντας.
1778 2793 1955 2849 Τοῦτο

300 2887 399 2962 γάρ
429 2885 550 2943 ἐστι
588 2883 654 2939 τὸ
686 2879 962 2956 δικαίωμα
1017 2880 1109 2936 καὶ
1164 2882 1199 2950 ἡ
1260 2878 1452 2950 ἐντολὴ
1492 2884 1590 2936 τοῦ
1634 2884 1790 2939 Θεοῦ.
1852 2880 1955 2937 Δύο

301 2977 514 3047 τίθησιν
570 2973 931 3048 ἐγκλήματα,
984 2972 1048 3027 τὸ
1105 2976 1281 3027 ποιεῖν
1332 2993 1390 3028 τε
1446 2972 1535 3027 καὶ
1593 2972 1958 3048 συμπράττειν

308 3072 422 3128 τοῖς
450 3069 697 3133 ποιοῦσι,
728 3063 820 3118 καὶ
873 3063 950 3126 εἰς
981 3063 1044 3118 τὸ
1072 3061 1236 3117 κακὸν
1291 3059 1626 3137 παρακαλεῖν
1678 3063 1770 3118 τὸν
1799 3061 1956 3132 πλη-

314 3154 447 3211 σίον.
476 3153 847 3229 [ιΣῐΔΩΡΟΥ.
880 3154 898 3227 ]
930 3152 1086 3213 Τινὶς
1129 3148 1187 3207 δὲ
1233 3153 1309 3225 μή
1367 3153 1658 3221 νοήσαντες
1709 3151 1772 3208 τὸ
1803 3151 1958 3227 εῗρη-

306 3245 488 3318 μένον,
521 3241 673 3300 ἀλλά
705 3242 1156 3317 διαπορήσαντες,
1186 3243 1273 3297 καὶ
1326 3243 1806 3315 παραπεποιῆσθαι
1860 3243 1958 3305 τάς

293 3330 671 3395 ἀποστολικάς
703 3330 877 3405 λέξεις
924 3332 1270 3405 νομίσαντες,
1321 3331 1497 3393 οὓτως
1530 3332 1699 3394 αὐτὰς
1757 3334 1957 3405 ἡρμή-

296 3441 507 3481 νευσαν¹
552 3423 637 3481 Οὔ
688 3422 853 3496 μόνον
897 3421 950 3476 οἱ
1007 3424 1289 3482 ποιοῦντες
1347 3420 1503 3489 αὐτὰ,
1554 3419 1703 3477 ἀλλᾶ
1756 3421 1845 3477 καὶ
1903 3422 1956 3476 o't

2131 2167 2176 2231 Ι,
2210 2168 2295 2221 32.
2329 2190 2356 2216 «
2391 2168 2499 2233 Qui
2553 2167 2790 2240 cognita
2844 2166 2950 2222 Dei
2992 2166 3248 2237 justitia,
3300 2164 3459 2236 quod
3493 2165 3594 2237 qui
3628 2170 3727 2221 ta-

2070 2278 2097 2306 ‹‹
2134 2256 2216 2311 lia
2246 2257 2613 2329 aguntdigni
2648 2261 2788 2313 sunt
2834 2262 3044 2323 morte,
3078 2272 3198 2310 non
3258 2255 3451 2310 solum
3510 2272 3580 2311 ea
3629 2254 3723 2311 fa-

2077 2365 2098 2392 σ
2132 2346 2318 2408 ciunt.
2349 2363 2555 2403 verum
2616 2346 2794 2403 etiam
2853 2347 3265 2403 assentiuntur
3319 2345 3722 2417 perpetranti-

2073 2458 2100 2484 «
2133 2435 2262 2491 bus.
2299 2460 2326 2487 »

2142 2527 2233 2582 2|
2248 2527 2295 2581 9
2311 2528 2565 2583 Rursum
2582 2527 2843 2583 ostendit
2858 2544 2958 2582 eos
2976 2526 3310 2599 cognitione
3326 2541 3571 2597 peccare
3598 2526 3726 2597 :ju-

2071 2616 2293 2671 stitiam
2313 2622 2510 2672 autem
2525 2624 2692 2673 vocat
2707 2617 2807 2673 Dei
2824 2606 3122 2689 praecepta
3146 2633 3158 2670 :
3182 2617 3271 2670 lex
3291 2614 3449 2670 enim
3475 2615 3730 2670 Mosaica

2071 2707 2383 2779 perspicue
2414 2723 2481 2763 ac
2508 2707 2653 2763 dure
2678 2708 2750 2763 de
2792 2708 2884 2762 his
2933 2706 3235 2764 admonet.
3269 2704 3479 2775 dignos
3536 2709 3727 2761 morte

2061 2794 2343 2867 judicans
2370 2795 2472 2867 qui
2507 2795 2649 2851 talia
2678 2800 3046 2868 perpetrant.
3079 2795 3142 2849 Id
3174 2793 3337 2850 enim
3369 2799 3458 2849 est
3487 2793 3726 2865 justitia

2070 2884 2292 2956 Deique
2324 2890 2705 2958 praceptum.
2743 2884 2866 2940 Duo
2899 2886 3065 2956 ponit
3096 2885 3368 2950 crimina,
3425 2888 3483 2937 et
3528 2883 3723 2939 facere

2069 2979 2127 3028 et
2157 2974 2462 3045 cooperari
2490 2973 2869 3039 facientibus,
2896 2990 2964 3028 ac
2995 2974 3332 3045 proximum
3375 2972 3448 3027 ad
3497 2972 3725 3027 malum

2069 3062 2390 3118 adhortari.
2424 3063 2673 3129 Quidam
2705 3068 2903 3118 autem
2935 3062 2994 3116 id
3019 3062 3178 3132 quod
3211 3061 3432 3116 dictum
3483 3065 3572 3115 est
3602 3077 3724 3115 non

2069 3152 2347 3217 assecuti,
2371 3157 2431 3207 et
2464 3152 2726 3222 Apostoli
2757 3151 2933 3206 VPI‘Da
2957 3151 3328 3221 suspicantes
3354 3150 3536 3204 fuisse
3558 3148 3724 3204 adul-

2069 3247 2279 3306 terata,
2312 3241 2424 3296 hoc
2454 3241 2629 3297 modo
2661 3240 2766 3296 illa
2809 3241 3311 3312 interpretantur:
3346 3240 3467 3294 Non
3530 3238 3725 3293 solum

2071 3332 2171 3403 qui
2201 3330 2427 3386 faciunt
2446 3347 2534 3388 ea.
2550 3347 2751 3386 verum
2775 3331 2953 3386 etiam
2973 3330 3071 3401 qui
3092 3329 3501 3384 assentiuntur
3520 3345 3726 3400 perpe-

2070 3420 2366 3477 trautibus
2387 3437 2401 3477 :
2425 3437 2562 3476 nam
2577 3420 2660 3477 ita
2675 3421 2954 3476 habuisse
2980 3420 3187 3475 dicunt
3207 3426 3371 3474 vetus
3388 3417 3723 3489 exemplar:

295 3512 753 3573 unusuaoxoﬁooa;
802 3515 918 3572 τοῖς
977 3509 1327 3584 πράττουσιν.
1391 3509 1581 3572 Οῧτῶς
1636 3510 1739 3584 γὰρ
1806 3507 1954 3589 ἔχειν

2071 3517 2137 3567 ut
2157 3512 2349 3583 majus
2364 3511 2441 3566 sit
2458 3510 2675 3578 facere,
2695 3512 2895 3567 minus
2912 3527 3044 3566 vero
3070 3509 3368 3565 assentiri.
3388 3511 3502 3582 Ego
3524 3514 3724 3565 autem

295 3604 503 3685 ἔφασαν
572 3604 639 3658 τὸ
725 3600 924 3656 παλιὸν
1002 3599 1356 3677 ἀντίγραφος,
1437 3599 1530 3655 ἳνα
1601 3606 1783 3672 μεῖζον
1825 3599 1860 3675 ᾗ
1895 3599 1959 3654 τὸ

303 3699 515 3757 ποιεῖν,
549 3693 641 3746 καὶ
693 3689 921 3746 ἔλαττον
980 3689 1044 3744 τὸ
1111 3686 1464 3745 συνευδοκεῖν.
1526 3689 1670 3766 Ἐγὼ
1728 3686 1786 3743 δὲ
1843 3685 1969 3745 οὔτε

311 3782 668 3855 ἡμαρτῆσθαι
704 3780 757 3836 ἐν
801 3779 984 3851 τούτῳ
1014 3779 1193 3857 φήσας
1249 3777 1317 3832 τά
1353 3774 1693 3833 ἀποστολικά
1749 3773 1965 3852 βιϐλία,

322 3868 451 3926 οὔτε
481 3867 831 3944 καταδραμεῖν
859 3873 968 3924 τῶν
1033 3870 1107 3940 μὴ
1167 3869 1506 3937 νενοηκότων
1563 3867 1790 3944 φράσας,
1846 3871 1965 3930 τοῖς

311 3960 705 4033 ἐπευξαμένοις
730 3959 1012 4034 ἐπιτρέψω
1040 3959 1140 4028 τήν
1190 3961 1395 4032 ψῆφον.
1452 3956 1613 4030 Φημὶ
1669 3957 1847 4013 τοίνυν
1880 3956 1965 4013 ὅτι

298 4048 492 4117 ἐπειδή
540 4053 638 4106 τοῦ
693 4046 1053 4122 πλημμελεῖν
1105 4047 1168 4103 τὸ
1220 4044 1460 4109 ἐπαινεῖν
1520 4044 1647 4108 τοὺς
1705 4044 1967 4121 πλημμε-

296 4139 527 4201 λοῦντας
584 4136 789 4211 πολλῷ
846 4135 1264 4212 ἀργαλεώτερόν
1341 4134 1452 4191 ἐστι
1510 4136 1602 4191 καὶ
1650 4140 1834 4210 μεῖζον
1886 4135 1966 4201 εἷς

293 4230 576 4291 κολάσεως
633 4229 825 4305 λόγον,
899 4226 1126 4290 εἰκότως
1180 4222 1407 4302 ε”ρεται,
1460 4225 1541 4282 Οὐ
1607 4226 1767 4298 μόνον
1826 4224 1963 4281 αὐτά

294 4324 574 4388 ποιοῦσιν,
638 4314 788 4373 ἀλλὰ
842 4316 935 4371 καὶ
992 4311 1374 4370 ωνευδοκοῦσι
1441 4319 1557 4375 τοῖς
1606 4311 1960 4391 πράσσουσιν.

291 4412 353 4470 ⁸0
387 4412 489 4483 μὶν
513 4410 619 4485 γάρ
655 4408 789 4481 μετά
815 4411 915 4462 τοῦ
971 4403 1330 4481 πλημμελεῖν
1378 4406 1801 4479 καταγινώσκων
1859 4413 1960 4475 τῆς

289 4498 566 4575 ἁμαρτίας
627 4495 915 4568 δυνήσεται
969 4490 1156 4571 χρόνῳ
1210 4496 1346 4551 ποτὲ
1412 4495 1599 4551 ἑαυτὸν
1655 4495 1957 4566 ἀνακτήσα-

288 4592 437 4660 σθαι,
506 4587 770 4662 μεγίστην
826 4586 1086 4662 βοήθειαν
1143 4581 1289 4664 ἔχων
1350 4584 1426 4643 εἰς
1483 4584 1547 4639 τὸ
1611 4586 1956 4659 μετανοῆσαι,

285 4680 388 4749 τὴν
450 4678 792 4752 κατάγνωσιν
845 4681 949 4745 τῆς
981 4676 1271 4750 ἁμαρτίας.
1330 4674 1393 4731 Ὁ
1455 4671 1513 4730 δὲ
1571 4672 1806 4729 ἐπαινῶν
1860 4674 1959 4741 τὴν

288 4768 587 4839 πονηρίαν,
637 4772 737 4835 τῆς
796 4764 859 4821 ἐκ
907 4768 1006 4819 τοῦ
1066 4771 1402 4837 μετανοῆσαι
1458 4763 1718 4839 βοηθείας
1766 4763 1957 4819 ἑαυτὸν

285 4858 608 4930 ἀποστερεῖ.
641 4854 793 4912 Ἐπεὶ
850 4853 1032 4910 τοίνυν
1094 4850 1497 4932 διεφθαρμενης
1556 4851 1668 4909 ἐστὶ
1700 4853 1952 4931 γνώμης,

2072 3618 2267 3672 neque
2292 3601 2353 3656 in
2379 3602 2490 3657 hoc
2511 3601 2860 3674 depravatos
2894 3602 3073 3656 fuisse
3096 3600 3457 3671 apostolicos
3488 3599 3722 3654 codices

2072 3706 2369 3748 asserens.
2396 3707 2593 3762 neque
2625 3708 2758 3745 cum
2818 3691 2912 3745 his
2961 3691 3061 3760 qui
3117 3706 3238 3744 non
3296 3689 3725 3746 intellexerunt

2070 3779 2435 3835 contendere
2471 3780 2693 3843 volens.
2726 3779 3050 3834 lectoribus
3079 3779 3276 3833 isthuc
3323 3777 3718 3849 judicandum

2068 3868 2433 3941 permittam.
2467 3868 2607 3923 Dico
2639 3882 2775 3939 ergo
2809 3866 2967 3936 quod
2998 3882 3132 3921 cum
3164 3881 3264 3920 eos
3320 3865 3422 3936 qui
3471 3869 3723 3935 peccant

2068 3956 2410 4014 collaudare
2442 3956 2615 4030 longe
2642 3955 2951 4027 operosius
2974 3954 3070 4021 sit,
3095 3970 3163 4010 ac
3220 3954 3414 4024 majus
3459 3953 3533 4009 ad
3582 3970 3722 4025 sup-

2068 4047 2229 4118 plicii
2262 4046 2555 4102 rationem
2587 4050 2956 4101 momentum
2997 4043 3212 4100 habeat
3241 4059 3419 4114 quam
3451 4058 3721 4115 peccare,

2067 4137 2281 4193 merito
2312 4137 2471 4192 dicto
2503 4141 2630 4192 est:
2691 4137 2819 4190 Non
2864 4134 3057 4189 solum
3099 4149 3168 4188 ea
3220 4132 3467 4198 faciunt,
3515 4149 3719 4189 verum

2069 4227 2245 4283 etiam
2279 4226 2616 4282 assentiunt
2644 4224 3143 4297 perpetrantibus.
3178 4225 3320 4278 Nam
3360 4223 3412 4278 is
3444 4222 3545 4294 qui
3577 4222 3721 4278 dum

2067 4321 2319 4389 peccat,
2380 4315 2560 4372 simul
2617 4316 2794 4371 etiam
2853 4319 3164 4387 peccatum
3225 4313 3613 4380 condemnat,
3668 4313 3721 4368 is

2066 4407 2426 4477 quandoque
2452 4405 2734 4478 temporis
2757 4420 3037 4460 successu
3069 4403 3332 4474 seipsum
3364 4417 3719 4474 recuperare

2064 4498 2305 4569 poterit,
2338 4512 2473 4552 cum
2507 4495 2833 4551 maximum
2862 4493 3081 4549 habeat
3109 4492 3182 4548 ad
3242 4492 3718 4564 resipiscentiam

2065 4586 2372 4647 auxilium.
2435 4585 2662 4657 peccati
2720 4584 2997 4639 videlicet
3037 4582 3602 4638 condemnationem
3663 4588 3722 4636 et

2063 4675 2290 4732 odium.
2332 4676 2439 4740 Qui
2474 4690 2609 4729 vero
2641 4673 2991 4745 pravitatem
3051 4670 3371 4737 collaudat,
3406 4672 3455 4724 is
3485 4687 3615 4725 sese
3645 4671 3721 4726 ad

2063 4762 2541 4836 resipiscendum
2573 4762 2794 4818 auxilio
2826 4762 3035 4832 privat.
3069 4762 3213 4815 Cum
3245 4775 3382 4833 ergo
3419 4758 3718 4830 judicium

2065 4854 2176 4910 hoc
2205 4857 2499 4924 corrupta
2558 4850 2775 4907 mentis
2806 4851 2885 4905 sit
2912 4849 3250 4920 animaeque
3309 4847 3720 4903 immedicabi-

282 4949 374 5004 καὶ
407 4914 605 5023 ibi-P3:
637 4943 820 5000 ἀνίατα
864 4942 1133 5015 νοσούσης
1186 4914 1337 5013 αὕτη
1377 4945 1412 5013 ἡ
1472 4945 1676 5022 ψῆφος,
1713 4914 1951 5006 Ιεἰκότως

2071 4944 2201 4999 liter
2232 4914 2592 5015 aegrotantis,
2626 4956 2749 4996 non
2779 4938 3076 4995 immerito
3109 4914 3210 5009 qui
3241 4943 3551 5010 peccatum
3594 4938 3716 4994 col-

284 5042 385 5093 τοῦ
413 5031 894 5110 πλημμελοῦντος
925 5035 953 5089 6
982 5034 1086 5103 τὴν
1118 5030 1390 5107 ἁμαρτίαν
1438 5031 1693 5103 ἐπαινῶν,
1749 5030 1953 5106 πολλῷ

289 5146 504 5201 παρανο
514 5127 764 5200 μώτερος
784 5122 1009 5198 κέκριται
1020 5145 1056 5181 ι.

360 5217 454 5273 Διὸ
486 5212 913 5289 ἀναπολόγητος
954 5212 1028 5279 εἴ,
1086 5213 1160 5268 ῶν
1217 5211 1471 5288 ἄνθρωπε
1520 5218 1625 5275 πᾶς
1674 5212 1949 5288 ὁκρίνων,

284 5305 376 5362 Ἐν
427 5306 475 5379 ᾧ
527 5305 637 5379 γὰρ
691 5303 900 5379 κρίνεις
954 5301 1046 5357 τὸν
1111 5299 1293 5378 ἕτερον
1327 5346 1341 5372 ,
1412 5302 1631 5357 σεαυτὸν
1693 5301 1948 5375 κατακρί-

279 5415 416 5457 νειςο
506 5396 578 5450 τὰ
648 5393 751 5468 γὰρ
828 5390 965 5447 αὐτὰ
1036 5390 1294 5468 πράσσεις
1344 5393 1373 5447 6
1427 5391 1650 5465 κρίνων.
1712 5389 1947 5466 Οἴδαμεν

278 5482 342 5539 3‘s
392 5482 480 5540 ὅτι
531 5484 596 5539 τὸ
652 5486 831 5559 κρῖμα
881 5484 982 5537 τοῦ
1052 5484 1186 5536 Θεοῦ
1261 5480 1376 5537 ἐστι
1461 5481 1600 5536 κατά
1682 5478 1944 5551 ἀλήθειαν

275 5572 375 5631 ἐπὶ
457 5571 585 5635 τοὺς
663 5573 735 5628 τά
816 5574 1043 5626 τοιαῦτα
1125 5567 1465 5646 πράσσοντας
1500 5612 1514 5626 .
1597 5569 1802 5646 Λογίζῃ
1887 5567 1947 5626 δὲ

275 5668 448 5721 τοῦτο
484 5708 501 5734 ,
586 5665 635 5719 ὧ
692 5660 947 5739 ἄνθρωπε
1003 5660 1032 5715 6
1086 5660 1286 5737 κρίνων
1364 5659 1492 5721 τοὺς
1577 5660 1646 5716 τά
1718 5664 1944 5718 τοιαῦτα

280 5755 642 5827 πράσσοντας,
708 5751 801 5809 καὶ
884 5754 1060 5806 ποιῶν
1116 5750 1251 5809 αὐτά
1276 5794 1294 5823 ,
1348 5748 1433 5807 ὅτι
1485 5749 1547 5808 σὺ
1597 5748 1825 5832 ἐκφεύξῃ
1877 5754 1941 5809 τὸ

279 5848 450 5924 κρῖμα
477 5850 577 5906 τοῦ
607 5841 751 5906 οοοῦ
780 5856 803 5916 ς

2064 5034 2271 5091 laudat
2299 5033 2472 5106 longe
2519 5032 2784 5104 iniquior
2836 5029 3142 5103 judicatus
3172 5035 3264 5087 est
3291 5046 3359 5084 eo
3390 5030 3491 5102 qui
3523 5030 3718 5086 delin-

2063 5126 2211 5198 quit.

2130 5216 2204 5285 ΙΙ,
2238 5216 2354 5271 1-3.
2388 5216 2741 5285 Quapropter
2772 5211 3160 5269 inexcusabilis
3191 5227 3265 5278 es,
3299 5227 3331 5265 ο
3361 5210 3520 5267 homo
3545 5213 3720 5268 omnis

2059 5306 2159 5376 qui
2176 5302 2420 5375 judicas.
2462 5303 2601 5357 Nam
2627 5302 2726 5357 hoc
2758 5303 2877 5371 ipso
2906 5300 3057 5371 quod
3097 5297 3335 5354 alterum
3357 5299 3603 5369 judicas,
3637 5306 3721 5353 te-

2059 5397 2238 5464 ipsum
2268 5392 2597 5448 condemnas
2630 5408 2642 5445 :
2678 5390 2867 5446 eadem
2902 5392 3047 5445 enim
3070 5395 3377 5460 perpetras
3407 5394 3467 5443 tu
3496 5389 3593 5460 qui
3614 5388 3719 5458 ju-

2057 5484 2226 5539 dicas.
2263 5483 2476 5538 Scimus
2510 5479 2658 5536 enim
2701 5480 2852 5551 quod
2872 5480 3156 5551 judicium
3189 5481 3288 5534 Dei
3314 5484 3393 5534 est
3420 5479 3716 5534 secundum

2054 5575 2345 5630 veritatem
2366 5575 2427 5628 in
2447 5588 2533 5628 eos
2560 5573 2658 5643 qui
2684 5569 2825 5625 talia
2845 5577 3042 5641 agunt.
3065 5571 3365 5626 Existimas
3382 5575 3563 5624 autem
3590 5567 3714 5630 hoc,

2053 5681 2084 5719 ο
2115 5662 2273 5718 homo
2303 5665 2403 5734 qui
2425 5660 2650 5732 judicas
2680 5677 2765 5718 eos
2787 5661 2887 5733 qui
2917 5662 3055 5716 talia
3091 5665 3442 5732 pevpetraut,
3493 5663 3545 5710 et
3570 5657 3713 5724 facis

2052 5771 2139 5827 ea,
2172 5754 2325 5827 quod
2346 5759 2407 5810 tu
2435 5755 2664 5826 eﬁ'ugics
2685 5752 2971 5823 judicium
2998 5752 3147 5807 Dei?
