4112 6422
344 368 458 430 351

1469 376 1882 440 CBCUMENII
1924 374 2235 438 TBIGGAE
2277 370 2637 435 EPISCOPI

3649 375 3766 435 352

418 504 667 560 Noverat
687 503 818 560 urbi
841 504 1227 567 commissum
1246 527 1376 569 esse
1393 511 1552 569 orbis
1574 511 1994 586 principatum:

2185 507 2341 579 ᾝδει
2388 511 2458 582 τῇ
2538 504 2700 564 πόλει
2759 505 3190 585 ἐγχειρισθεῖααν
3242 508 3340 563 τοῦ
3396 505 3606 582 κόσμου
3664 508 3762 579 τὴν

343 596 591 666 posthac
623 595 803 667 igitur
833 613 1170 657 sermonem
1192 603 1267 659 ad
1299 605 1601 677 principes
1621 604 1839 678 dirigit,
1871 610 1999 678 pot-

345 690 435 739 est
460 691 657 741 tamen
691 686 849 742 idem
879 690 1125 761 privatis
1185 711 1423 765 quoque
1478 696 1815 751 convenire.
1850 697 2005 752 Dicit

347 779 544 830 autem
581 780 1073 850 transgressionis
1103 785 1602 857 magnitudinem.
1640 786 1711 840 Et
1738 785 1873 857 ipsi,
1906 786 2003 841 in-

345 866 493 938 quit,
526 870 951 940 perpetrabant
978 873 1183 945 iniqua
1206 882 1264 931 et
1284 877 1462 932 simul
1485 894 1619 933 cum
1652 881 2001 949 perpetran-

344 954 506 1011 tibus
532 958 872 1016 currebant.
909 961 1014 1017 Ubi
1034 963 1194 1018 enim
1224 965 1521 1038 quispiam
1553 966 1625 1022 ab
1656 966 1771 1021 alio
1804 981 1998 1022 corre-

341 1051 481 1119 ptus
497 1047 874 1119 adjudicium
889 1052 1226 1123 duceretur,
1242 1056 1356 1128 ipsi
1381 1057 1687 1123 sedebant,
1707 1056 1999 1128 illumque

342 1136 830 1196 condemnabant
853 1159 866 1208 ;
893 1159 1024 1197 cum
1056 1144 1169 1216 ipsi
1194 1146 1448 1217 a‘aqualia
1464 1152 1911 1220 perpetrassent
1940 1150 2000 1201 et

339 1243 474 1282 cum
509 1244 576 1283 eo
599 1229 672 1284 ad
719 1232 1181 1302 perpetrandum
1231 1237 1677 1293 concurrissent
1709 1253 1721 1291 :
1757 1236 1911 1293 221)
1941 1239 2001 1291 et

341 1321 539 1373 tamen
586 1319 1069 1378 condemnabant
1133 1325 1221 1380 Ila
1248 1331 1540 1381 noverant
1567 1325 1724 1397 quod
1785 1341 1995 1398 pecca-

340 1414 497 1472 rent,
526 1424 775 1479 seseque
809 1411 997 1467 multo
1030 1414 1218 1487 magis
1248 1415 1739 1473 condemnarent.
1783 1435 1805 1466 ι
1840 1417 1994 1471 Nam

339 1496 449 1552 hoc
481 1498 610 1568 iqso
639 1499 800 1570 quod
828 1501 1084 1558 alterum
1107 1503 1364 1574 judicas.
1399 1528 1428 1556 »
1461 1506 1569 1571 Qui
1620 1506 1781 1562 enim
1841 1504 1995 1560 male

337 1587 473 1659 agit.
509 1592 567 1642 et
597 1592 795 1645 tamen
856 1591 1082 1649 similia
1139 1599 1553 1667 perpetrantes
1612 1595 1992 1666 condemnat,

333 1675 619 1731 adversus
652 1678 916 1750 seipsum
948 1680 1062 1736 fert
1093 1684 1674 1741 condemnationem.
1709 1708 1736 1736 «
1764 1685 1995 1741 Scimus

335 1765 493 1821 enim
521 1767 680 1838 quod
704 1768 1004 1838 judicium
1028 1773 1127 1827 Dei
1151 1773 1586 1830 estsecundum
1612 1775 1940 1831 veritatem.
1962 1794 1991 1824 »

334 1854 638 1955 Siquidem
671 1856 768 1913 hic
801 1875 921 1915 non
979 1861 1310 1918 secundum
1340 1864 1648 1920 veritatem
1683 1869 1773 1920 est
1821 1863 1990 1937 judi-
2023 1896 2070 1961 B

333 1944 512 2013 cium,
548 1963 686 2002 nam
719 1952 776 2003 et
807 1950 984 2005 multi
1046 1953 1132 2007 rei
1188 1953 1577 2010 absolvuntur
1635 1960 1693 2011 et
1722 1954 1989 2011 insontes

330 2035 849 2104 condemuantur;
884 2038 943 2095 in
974 2039 1169 2097 futuro
1229 2050 1428 2099 autem
1478 2044 1810 2100 secundum
1840 2045 1987 2100 veri-

331 2129 513 2180 tatem
547 2126 679 2180 erit.
710 2128 832 2183 Imo
866 2137 925 2184 et
955 2130 1048 2186 hic
1080 2133 1182 2187 Dei
1216 2133 1514 2204 judicium
1570 2151 1764 2206 neque
1796 2135 1984 2206 injus-

332 2216 523 2272 titiam
557 2217 830 2287 absolvit,
862 2224 1300 2295 nequejustum
1322 2225 1703 2288 condemnat.
1736 2242 1869 2281 cum
1894 2226 1990 2283 hic

337 2305 410 2361 ad
435 2306 732 2377 judicium
766 2310 830 2364 in
862 2312 1152 2382 quosdam
1186 2313 1581 2370 descenderit.
1615 2337 1643 2367 ‹‹
1676 2315 1991 2372 Existimas

334 2401 533 2450 autem
569 2396 704 2463 hoc,
738 2415 771 2453 ο
802 2399 1002 2456 homo.
1032 2424 1061 2451 »
1096 2402 1257 2457 Multi
1310 2420 1570 2476 namque
1601 2404 1989 2462 arbitrantur.

332 2483 457 2539 Etsi
489 2500 615 2557 ego,
641 2486 944 2557 inquiunt,
976 2507 1179 2562 pccco,
1211 2508 1346 2548 cum
1376 2493 1526 2549 alios
1564 2510 1812 2565 peccare
1856 2510 1988 2565 pro-

338 2573 600 2644 hibeam,
624 2579 960 2635 mercedem
992 2597 1063 2636 ex
1092 2582 1203 2638 hoc
1228 2583 1438 2640 habeo.
1467 2586 1685 2640 Verum
1716 2584 1867 2640 illud
1888 2601 1993 2640 au-

336 2662 462 2719 diet
491 2681 505 2719 :
535 2687 556 2714 ι
593 2666 837 2739 Medice,
869 2685 1012 2726 cura
1058 2672 1317 2743 teipsum
1347 2673 1388 2728 ‘.
1423 2695 1444 2723 ι
1506 2675 1775 2729 Primum
1833 2672 1993 2730 enim

340 2752 899 2815 condemnationem
932 2759 994 2815 in
1026 2762 1282 2833 teipsum
1314 2763 1624 2820 induxisti.

412 2844 480 2911 ΙΙ,
513 2847 633 2903 4-6.
661 2868 690 2896 ‹‹
723 2849 842 2904 Aut
878 2848 1114 2906 divitias
1151 2851 1539 2926 benignitatis
1596 2852 1761 2909 illius
1819 2857 1879 2908 et
1902 2856 1992 2909 to-

345 2959 367 2987 ι
404 2935 672 2993 lerantiaa
703 2956 772 2995 ac
803 2939 1275 3015 longanimitatis
1294 2944 1680 3001 contemnis?
1707 2946 1992 3012 Ignorans

338 3049 364 3077 ‹‹
401 3027 560 3099 quod
595 3028 809 3085 lenitas
835 3032 937 3087 Dei
968 3031 1042 3087 ad
1074 3034 1486 3106 paenitentiam
1520 3040 1575 3091 te
1600 3035 1809 3091 invitet
1836 3034 1864 3089 ‘l
1892 3035 1991 3091 Se-

341 3138 368 3164 u
394 3117 656 3174 cundum
688 3124 846 3176 tuam
880 3126 1080 3178 autem
1128 3124 1434 3189 duritiam,
1468 3131 1527 3181 et
1554 3142 1657 3181 cor
1703 3126 1992 3198 pcenitere

338 3227 366 3257 (ι
398 3207 696 3276 nesciens,
728 3212 1007 3267 recondis
1037 3213 1142 3271 tibi
1200 3215 1313 3286 ipsi
1371 3215 1521 3271 iram
1572 3216 1633 3271 in
1666 3215 1762 3271 die
1792 3215 1895 3271 irae
1927 3221 1987 3271 et

337 3318 366 3347 (ι
396 3274 777 3356 revelationis
809 3306 868 3356 et
896 3303 1045 3374 justi
1069 3274 1284 3377 judicii
1317 3306 1441 3375 Dei,
1474 3306 1575 3378 qui
1605 3306 1817 3362 reddet
1843 3305 1983 3361 uni-
2013 3274 2057 3342 (ἶ

334 3408 363 3439 ‹‹
396 3387 612 3458 cuique
635 3387 810 3459 juxta
839 3406 1020 3465 opera
1047 3409 1172 3448 sua.
1212 3416 1239 3443 »

408 3566 791 3640 Longanimis
830 3569 1074 3640 quidem
1108 3575 1216 3637 est,
1251 3576 1515 3628 attamen
1545 3573 1665 3629 nisi
1697 3577 1995 3631 converta-

336 3673 491 3721 mur,
520 3674 722 3713 ensem
750 3675 922 3715 suum
946 3660 1215 3717 vibrabit.
1240 3685 1268 3713 «
1293 3663 1579 3736 Ignorans
1598 3663 1756 3737 quod
1776 3664 1993 3721 lenitas

340 3747 464 3803 Dei.
502 3770 527 3795 ιι
590 3748 876 3821 Proptera
934 3749 1086 3806 lenis
1140 3757 1249 3817 est,
1318 3769 1439 3807 non
1498 3759 1563 3809 ut
1620 3754 1867 3810 lenitate
1918 3753 1995 3810 ad

338 3837 582 3909 majoris
595 3838 912 3896 dementire
926 3843 1300 3898 occasionem
1319 3844 1521 3907 utaris,
1538 3844 1644 3899 sed
1660 3845 1994 3917 utspatium

336 3930 700 4003 pwnitentiaa
724 3932 1003 4005 accipias;
1023 3934 1223 4004 itaque
1241 3950 1627 4006 perseverans
1647 3935 1707 3990 in
1739 3936 1993 4006 pravita-

339 4026 395 4076 te
414 4020 906 4101 deprehenderis.
946 4043 969 4071 ι
1003 4024 1341 4081 Secundum
1372 4030 1536 4082 tuam
1585 4032 1785 4082 autem
1830 4025 1994 4082 duri-

337 4111 506 4167 tiam.
541 4132 570 4161 »
603 4112 747 4166 Cum
798 4113 960 4167 enim
1019 4114 1319 4186 quispiam
1377 4130 1573 4185 neque
1628 4114 1995 4187 benignitate

339 4199 600 4255 emolliri
633 4205 848 4270 potest,
878 4217 1072 4272 neque
1104 4202 1253 4258 iram
1286 4203 1477 4262 timet.
1512 4202 1658 4274 quid
1689 4219 1757 4260 eo
1788 4203 1996 4260 durius

340 4305 474 4345 esse
504 4294 675 4361 potes
698 4289 725 4345 ‘l
755 4313 783 4340 ‹‹
819 4290 1133 4346 Recondis.
1174 4314 1202 4342 ››
1248 4292 1553 4364 Significat
1578 4291 1741 4364 quod
1789 4292 1995 4349 certis-

338 4378 489 4435 simo
522 4378 871 4445 servabitur,
909 4386 967 4435 et
996 4381 1156 4452 quod
1181 4387 1239 4436 tu
1268 4380 1368 4436 tibi
1405 4398 1583 4438 causa
1614 4382 1696 4439 sis
1722 4400 1735 4440 :
1759 4399 1899 4439 nam
1935 4389 1997 4439 tu

335 4467 446 4523 tibi
479 4468 720 4540 reponis
742 4485 812 4525 ac
832 4469 1127 4526 recondis.
1160 4495 1179 4519 ιι
1216 4473 1287 4527 Et
1303 4471 1702 4528 revelationis.
1730 4495 1756 4520 ››
1792 4474 1870 4529 Ne
1896 4474 1995 4528 Dei

337 4557 489 4613 iram
521 4557 773 4614 audiens
803 4560 1081 4615 aﬂ‘ectum
1128 4560 1457 4629 arbitreris,
1521 4561 1787 4618 subdidit
1817 4579 1830 4617 :
1879 4587 1905 4611 α
1933 4563 1999 4619 Et

2108 600 2428 675 ἡγεμονίαν.
2462 598 2566 656 Καὶ
2598 596 2792 654 λοιπὸν
2837 596 2974 672 πρὸς
3022 596 3154 658 τοὺς
3210 594 3485 672 ἄρχοντας
3540 596 3763 653 ἀποτεί-

2107 710 2273 745 νεται.
2307 690 2369 746 Ὁ
2402 686 2459 744 δὲ
2488 688 2649 750 αὐτὸς
2681 688 2771 743 καὶ
2801 688 2938 760 πρὸς
2997 684 3218 747 ἰδιώτας
3277 686 3507 762 ἁρμόζει
3566 686 3760 762 λόγος.

2111 779 2324 853 [ΦΩΤ.]
2353 772 2694 853 Ὑπερϐολήν
2723 773 2780 832 δὲ
2810 776 3159 853 παρανομίας
3207 776 3376 854 λέγει.
3432 776 3531 830 Καὶ
3563 772 3767 853 ἔπρατ-

2104 892 2223 941 τον,
2257 871 2443 949 φησὶν,
2479 870 2632 927 αὐτοὶ
2676 870 2743 926 τὰ
2770 890 3082 943 παράνομα,
3140 868 3232 924 καὶ
3290 870 3615 949 συνέτρεχον
3646 875 3765 931 τοῖς

2107 960 2429 1037 πράττουσι.
2465 961 2561 1016 Καὶ
2595 957 2781 1031 ἐπειδὴ
2830 957 2889 1015 ὄίν
2948 981 3033 1023 τις
3082 958 3250 1023 άλοὺς
3309 959 3410 1015 ὑπό
3469 981 3613 1021 τινος
3673 958 3764 1015 ἐπὶ

2106 1053 2283 1129 κρίσιν
2317 1049 2507 1130 ἤγετο,
2545 1050 2699 1109 αὐτοὶ
2755 1050 3069 1121 ἐκαθέζοντο
3122 1050 3213 1107 καὶ
3271 1051 3587 1125 κατέκρινον
3620 1048 3761 1105 ἐκεῖ·

2105 1164 2216 1212 νον,
2252 1141 2316 1198 οῦ
2348 1144 2414 1197 τὰ
2445 1140 2534 1197 ἷ¹σα
2573 1140 2728 1198 αὐτοὶ
2787 1138 3066 1217 ἔπραττον.
3128 1139 3233 1197 Καὶ
3282 1141 3327 1213 ᾧ
3359 1139 3435 1202 εἷς
3493 1140 3556 1193 τὸ
3588 1140 3765 1214 πράτ-

2103 1255 2215 1292 τειν
2244 1235 2592 1307 συνέτρεχον,
2619 1231 2711 1288 καὶ
2753 1230 2906 1304 ὅμως
2964 1232 3303 1305 κατέκρινον.
3362 1228 3553 1289 Οὕτως
3607 1225 3764 1302 ᾔδει-

2105 1344 2198 1381 σαν
2232 1324 2318 1379 ὅτι
2350 1320 2769 1398 ἁμαρτάνουσιν,
2819 1318 2960 1377 ὥστε
2996 1318 3197 1392 πολλῷ
3260 1316 3477 1391 μᾶλλον
3533 1317 3759 1379 ἑαυτοὺς

2103 1413 2547 1489 προκατέκρινον,
2600 1434 2625 1465 α
2685 1412 2772 1468 Ἐν
2833 1410 2879 1483 ᾧ
2936 1411 3041 1485 γὰρ
3097 1408 3298 1483 κρίνεις
3347 1407 3440 1463 τὸν
3486 1403 3693 1482 ἕτερον.
3731 1429 3760 1457 ››

2102 1502 2163 1559 Ὁ
2221 1502 2325 1579 γὰρ
2375 1501 2442 1557 τά
2487 1499 2628 1555 κακὰ
2681 1496 2963 1576 πράσσων,
3022 1495 3359 1572 κατακρίνων
3414 1491 3473 1551 δὲ
3530 1493 3661 1557 τοὺς
3691 1496 3764 1551 τὰ

2102 1590 2271 1664 ὅμοια
2318 1589 2682 1665 πράσσοντας,
2740 1589 2857 1643 καθ’
2919 1588 3111 1643 ἑαυτοῦ
3168 1588 3391 1661 πρώτου
3439 1586 3539 1655 τὴν
3594 1584 3765 1640 κκτά-

2100 1700 2278 1755 κρισιν
2310 1679 2479 1761 φέρει.
2514 1705 2541 1733 ‹‹
2576 1675 2814 1755 Οἴδαμεν
2875 1675 2953 1751 δὲ,
2995 1676 3095 1733 ’ὅτι
3153 1676 3215 1732 τὸ
3266 1680 3439 1753 κρῖμα
3494 1680 3591 1730 τοῦ
3624 1676 3762 1729 Θεοῦ

2102 1769 2214 1828 ἐστι
2245 1771 2381 1827 κατᾶ
2408 1769 2697 1841 ἀλήθειαν.
2740 1793 2766 1822 »ι
2804 1765 2929 1827 Ὧδε
2979 1768 3073 1844 μὲν
3136 1767 3240 1845 γὰρ
3301 1766 3362 1822 οὐ
3419 1767 3557 1821 κατᾶ
3611 1763 3759 1835 ἀλή-

2102 1863 2245 1919 θειάν
2280 1860 2390 1919 ἐστι
2423 1862 2485 1918 τὸ
2515 1866 2707 1936 κρῖμα·
2750 1856 2955 1915 πολλοὶ
2987 1858 3090 1933 γάρ
3141 1857 3231 1911 καὶ
3289 1851 3478 1936 ἔνοχοι
3536 1851 3761 1932 διαφεῦ-

2099 1974 2304 2030 γουσι,
2362 1951 2454 2007 καὶ
2511 1952 2687 2007 άθῶοι
2772 1947 3190 2024 κατακρίνονται
3226 1992 3239 2005 .
3298 1948 3447 2004 Ἐκεῖ
3507 1943 3565 2001 δὲ
3620 1942 3763 1999 κατὰ

2099 2040 2359 2112 ἀλήθειάν
2410 2038 2521 2095 ἐστι
2558 2083 2571 2098 .
2631 2037 2737 2095 Καὶ
2797 2034 2903 2093 ὧδε
2958 2037 3020 2092 τὸ
3069 2041 3167 2092 τοῦ
3221 2038 3354 2091 Θεοῦ
3405 2039 3578 2108 κρῖμα
3632 2031 3759 2086 οὔτε

2097 2127 2287 2186 ἄδικον
2318 2129 2509 2198 ἆθωοϊ,
2546 2127 2668 2184 οὕτε
2717 2124 2923 2183 δίκαιον
2980 2124 3309 2200 κατακρίνει,
3368 2123 3495 2178 ὅταν
3530 2122 3604 2184 εἷς
3636 2119 3759 2195 κρί-

2100 2242 2181 2276 σιν
2213 2220 2301 2275 καὶ
2336 2218 2560 2283 ἐνταῦθα
2608 2221 2847 2291 καταστῇ
2905 2237 3065 2273 τισιν.
3129 2239 3156 2266 ‹‹
3188 2213 3391 2289 Λογίζῃ
3452 2209 3509 2268 δὲ
3564 2215 3758 2279 τοῦτο,

2099 2307 2445 2385 ὧᾶνθρωπε.
2482 2332 2508 2359 ››
2569 2306 2779 2363 Πολλοὶ
2835 2306 2934 2381 γὰρ
3003 2308 3286 2380 ἡγοῦνται,
3320 2302 3403 2358 δτί
3458 2300 3561 2356 Κᾶν
3621 2299 3757 2379 ἐγὼ,

2100 2400 2288 2479 φησὶν,
2350 2398 2667 2472 ἁμαρτάνω,
2746 2394 2953 2458 ἄλλους
3014 2391 3071 2450 δὲ
3126 2392 3331 2448 κωλύω
3406 2392 3759 2466 ἁμαρτάνειν,

2105 2489 2298 2563 μισθὸν
2330 2486 2392 2544 ἐκ
2418 2487 2614 2544 τούτου
2644 2482 2782 2567 ἔχω.
2844 2483 3001 2544 Ἀλλ’
3046 2482 3333 2540 ἀκούσεται
3360 2483 3446 2552 τό,
3498 2506 3527 2534 ‹‹
3563 2480 3761 2555 Ἰατρέ,

2101 2579 2426 2652 θεράπευσον
2459 2577 2705 2633 σεαυτόν.
2738 2600 2765 2629 ››
2800 2578 2910 2647 Τὴν
2960 2576 3064 2651 γὰρ
3116 2571 3433 2644 καταδίκην,
3487 2570 3643 2649 φησὶ,
3697 2569 3761 2625 σὺ

2102 2667 2285 2741 σαύτῷ
2310 2667 2584 2744 ἐπήγαγες
2617 2672 2858 2743 πρῶτον.

2172 2851 2248 2909 Ἥ
2300 2854 2399 2906 τοῦ
2481 2849 2728 2906 πλούτου
2810 2855 2913 2917 τῆς
2999 2845 3380 2923 χρηστότητος
3441 2843 3602 2899 αὐτοῦ
3655 2842 3746 2898 καί

2100 2946 2203 3012 τῆς
2253 2941 2464 3020 ἀνοχῆς
2542 2938 2634 2995 καὶ
2718 2944 2819 3008 τῆς
2906 2936 3292 3012 μακροθυμίας
3345 2937 3742 3010 καταφρονεῖς;

2100 3033 2313 3110 ἀγνοῶν
2403 3032 2486 3087 ὅτι
2560 3029 2624 3086 τὸ
2682 3029 2923 3105 χρηστὸν
2983 3031 3080 3083 τοῦ
3138 3030 3272 3082 Θεοῦ
3325 3025 3403 3088 εἰς
3467 3023 3747 3099 μετάνοιάν

2102 3143 2159 3179 σε
2238 3121 2400 3199 ἄγει;
2475 3121 2626 3179 Κατὰ
2712 3120 2771 3175 δὲ
2856 3123 2956 3191 τήν
3037 3118 3389 3193 σκληρότητά
3476 3137 3573 3173 σου
3657 3114 3753 3171 καὶ

2101 3213 2477 3288 ἀμετανόητον
2549 3208 2772 3285 καρδίαν
2809 3254 2823 3279 ,
2931 3208 3277 3284 θησαυρίζεις
3372 3210 3581 3278 σεαυτῷ
3666 3205 3760 3280 ὁρ-

2098 3304 2202 3380 γὴν
2258 3301 2309 3357 ἐν
2386 3298 2572 3377 ἡμέρᾳ
2629 3301 2798 3379 ὀργῆς
2846 3300 2935 3354 καὶ
2995 3296 3393 3373 ἀποκαλύψεως
3457 3293 3757 3369 δικαιοκρι-

2099 3390 2217 3453 σίας
2245 3394 2342 3444 τοῦ
2392 3394 2548 3462 Θεοῦ,
2609 3389 2668 3451 ’ὸς
2727 3385 3005 3445 ἀποδώσει
3062 3388 3273 3459 ἑκάστῳ
3330 3387 3466 3442 κατὰ
3522 3384 3590 3439 τὰ
3622 3380 3761 3461 ἔργα

2099 3478 2286 3538 αὐτοῦ.

2171 3571 2528 3644 Μακροθυμεῖ
2586 3568 2680 3641 μὲν
2761 3565 2909 3637 πλὴν
2994 3566 3082 3624 ἐὰν
3170 3568 3246 3641 μή
3309 3564 3761 3644 ἐπιστραφῶμεν,

2098 3662 2200 3731 τὴν
2249 3660 2522 3739 ρόμψαέαν
2592 3658 2756 3715 αὐτοῦ
2814 3654 3132 3715 στιλϐώσει,
3195 3660 3495 3734 «Ἀγνοῶν
3555 3656 3639 3712 ὅτι
3692 3656 3759 3711 τό

2101 3752 2344 3831 χρηστὸν
2377 3754 2475 3805 τοῦ
2507 3753 2657 3806 Θεοῦ.
2696 3773 2724 3800 ›ι
2775 3750 2873 3805 Διά
2900 3754 3063 3804 τοῦτο
3111 3748 3213 3824 γὰρ
3250 3751 3615 3822 μακροθυμεῖ,
3649 3745 3762 3825 οὐχ

2095 3838 2189 3895 ’ίνα
2242 3844 2311 3914 τῇ
2396 3840 2749 3916 μακροθυμίᾳ
2813 3841 2999 3915 χρήσῃ
3052 3839 3128 3901 εἰς
3188 3838 3444 3915 ἀφορμήν
3509 3835 3763 3910 μείζονος

2100 3933 2579 4006 καταφρονήσεως,
2621 3929 2753 3988 ἀλλ’
2779 3931 2868 3987 ἳνα
2912 3928 3187 4005 διάστημα
3239 3929 3520 4002 μετανοίας
3554 3923 3754 4003 λαϐῃς.

2101 4021 2413 4095 Ἐπιμένων
2445 4021 2536 4076 οὗν
2565 4021 2854 4099 ἀπολήψῃ.
2894 4045 2922 4074 (ι
2956 4022 3107 4079 Κατᾶ
3165 4017 3222 4077 δὲ
3266 4020 3368 4091 τήν
3401 4018 3755 4094 σκληρότητά

2103 4131 2222 4168 σου.
2252 4134 2279 4163 »
2306 4113 2479 4184 ξὈταν
2507 4111 2608 4187 γὰρ
2642 4132 2727 4173 τις
2786 4112 2925 4185 μήτε
2973 4109 3315 4187 χρηστότητι
3378 4108 3749 4185 μαλάσσηται,

2109 4202 2250 4274 μήτε
2289 4201 2458 4278 ὀργήν
2492 4197 2695 4273 δειλιᾷ,
2722 4199 2775 4255 τί
2802 4201 2999 4255 τούτου
3031 4198 3401 4277 σκληρότερον
3433 4218 3449 4269 ;
3482 4224 3510 4253 ‹‹
3543 4205 3757 4268 Θησαυ-

2107 4289 2294 4366 ρίζεις.
2335 4316 2354 4340 ι
2390 4291 2466 4347 Τὸ
2491 4292 2708 4353 πάντως
2756 4289 3260 4366 φυλαχθησόμενον
3317 4287 3502 4360 δηλοῖ.
3535 4289 3641 4348 Καὶ
3672 4287 3757 4342 ὅτι

2106 4380 2169 4436 σὺ
2200 4382 2381 4453 σαυτῷ
2424 4380 2620 4443 α’τιος.
2672 4381 2748 4438 Συ
2782 4382 2884 4457 γὰρ
2918 4380 3187 4450 ἀποτίθης
3241 4381 3334 4438 καὶ
3391 4378 3757 4454 θησαυρίζεις.

2106 4496 2133 4524 ‹‹
2171 4472 2265 4525 Καὶ
2295 4468 2717 4546 ἀπδκαλῦψεως,
2754 4497 2782 4525 ››
2814 4473 2926 4529 ’Ἱνα
2985 4475 3061 4548 μή
3118 4474 3287 4546 ὀργήν
3351 4474 3488 4525 Θεοῦ
3546 4467 3762 4523 ἀκούων

2104 4561 2273 4624 πάθος
2332 4562 2583 4638 νομίσης,
2644 4562 2936 4641 ἐπήγαγεν
3001 4586 3029 4615 ‹‹
3062 4559 3492 4635 Ἀποκαλύψεως
3545 4557 3762 4616 δικαιο-

338 4648 723 4704 revelationis
746 4650 894 4722 justi
917 4650 1132 4722 judicii
1159 4672 1173 4716 ;
1200 4674 1226 4699 n
1245 4651 1346 4708 ubi
1367 4653 1527 4708 enim
1551 4653 1783 4724 justum
1802 4655 1994 4727 estju-

2106 4654 2339 4728 κρισίας.
2386 4677 2414 4705 ››
2445 4654 2607 4710 Ἔνθα
2643 4654 2745 4729 γάρ
2804 4651 3194 4730 δικαιοκρισία,
3250 4653 3353 4710 οὐκ
3399 4651 3510 4708 ἔστι
3561 4654 3757 4716 πάθος.

336 4738 580 4808 dicium,
620 4740 700 4797 ibi
734 4758 857 4797 non
890 4746 982 4798 est
1027 4743 1295 4805 affectus.
1351 4745 1496 4801 Nam
1537 4751 1681 4803 tunc
1736 4748 1993 4806 maxime

328 4829 561 4903 justum
588 4830 886 4903 judicium
916 4833 1232 4900 revelatur,
1267 4836 1504 4907 quando
1536 4835 1735 4893 reddit
1762 4838 1996 4895 unicui-

339 4936 455 4992 que
479 4922 653 4992 juxta
682 4938 862 4994 opera
893 4939 1019 4979 sua.
1057 4945 1084 4973 «
1115 4924 1186 4979 Et
1207 4925 1356 4996 justi
1379 4926 1592 4995 judicii
1623 4927 1751 4983 Dei.
1787 4949 1814 4976 »
1841 4929 1993 4985 Tan-

338 5028 517 5085 quam
547 5011 621 5068 ad
652 5012 1121 5071 declarationem
1146 5016 1551 5089 interponitur
1581 5015 1695 5079 καὶ,
1727 5023 1837 5074 etc.

411 5101 485 5156 ll.
519 5103 675 5155 ἺιΗ.
706 5102 805 5157 His
858 5103 1082 5173 quidem
1137 5120 1236 5176 qui
1290 5106 1587 5161 secundum
1641 5105 1996 5163 tolerantiam

341 5191 523 5260 operis
554 5189 685 5244 boni
713 5190 951 5261 gloriam
984 5199 1038 5247 et
1088 5193 1349 5251 honorem
1405 5212 1470 5251 ac
1525 5197 1996 5267 incorruptionem

339 5286 621 5352 quaerunt,
647 5281 803 5335 vitan
834 5288 1120 5339 aeternam.
1153 5285 1227 5340 Iis
1255 5301 1382 5341 vero
1431 5287 1530 5358 qui
1585 5291 1716 5341 sunt
1772 5293 1996 5342 conten-

340 5370 488 5432 tiosi.
523 5375 577 5424 et
604 5371 834 5425 veritati
891 5371 1112 5442 quidem
1168 5388 1280 5428 non
1339 5374 1733 5445 obtemperant,
1789 5384 1996 5446 parent

333 5465 519 5516 autem
548 5459 861 5530 iniustitia,
914 5461 1231 5531 indignatio
1269 5470 1320 5519 et
1346 5466 1453 5532 ira,
1488 5464 1776 5521 tribulatio
1808 5472 1859 5522 et
1889 5484 1994 5523 an-

335 5548 546 5621 gustia,
575 5564 743 5621 super
772 5564 983 5606 omnem
1007 5553 1249 5609 animam
1270 5554 1416 5612 221
1449 5555 1687 5614 hominis
1717 5560 1999 5629 operantis

407 5727 480 5803 (e)
508 5729 652 5788 Joan
683 5730 831 5797 v,22.

2104 4741 2183 4800 Τό
2212 4764 2271 4799 τε
2309 4743 2415 4818 γὰρ
2476 4741 2715 4817 μάλιστα
2768 4746 2804 4814 ἡ
2865 4740 3234 4818 δικαιοκρισία
3289 4741 3757 4812 ἀποκαλύπτεται,

2105 4830 2231 4890 ὅταν
2259 4829 2595 4890 ἀποδίδωσιν
2628 4834 2836 4907 ἑκάστῳ
2864 4836 3000 4891 κατὰ
3039 4834 3106 4890 τὰ
3148 4830 3283 4910 ἔργα
3344 4835 3537 4891 αὐτοῦ.
3585 4857 3615 4885 «
3648 4832 3757 4895 Καὶ

2103 4919 2503 5001 δικαιοκρισίας
2563 4925 2660 4983 τοῦ
2708 4929 2919 4982 Θεοῦ.»
2975 4927 3063 4989 Ὦς
3120 4927 3257 5003 πρὸς
3304 4929 3403 4997 τὴν
3462 4924 3758 5001 ἑρμηνείαν

2103 5012 2167 5069 τὸ
2198 5014 2288 5069 καὶ
2315 5012 2664 5090 παρέλκεται.

2176 5107 2309 5168 Τοῖς
2366 5106 2457 5179 μὲν
2533 5107 2651 5162 καθ’
2728 5107 3036 5182 ὑπομονὴν,
3110 5100 3271 5183 ἔργου
3335 5106 3542 5182 ἀγαθοῦ
3598 5103 3754 5175 δόξαν

2103 5194 2194 5251 καὶ
2238 5198 2408 5269 τιμήν
2487 5199 2577 5253 καὶ
2635 5198 2896 5275 ἀφθασίαν
2951 5201 3224 5267 ζητοῦσι,
3282 5199 3428 5268 ζωὴν
3484 5196 3703 5252 αἰώνιον
3742 5240 3755 5253 .

2103 5291 2234 5349 Τοῖς
2292 5284 2350 5343 δὲ
2396 5287 2445 5358 ἐξ
2504 5288 2757 5365 ἐριθείας,
2813 5290 2903 5343 καὶ
2951 5288 3236 5345 άπειθοὺσι
3324 5289 3418 5362 μὶν
3615 5288 3761 5359 άλη-

2107 5376 2248 5448 θείᾳ,
2306 5379 2656 5451 πειθομένοις
2736 5375 2794 5435 δὲ
2841 5382 2911 5453 τῇ
2949 5376 3386 5450 ἀδικίᾳίῗθυμὸς
3446 5378 3537 5433 καὶ
3593 5378 3761 5453 ὀργή,

2104 5464 2303 5541 Θλίψις
2370 5468 2463 5523 καὶ
2546 5468 2886 5545 στενοχωρία
2970 5468 3057 5524 ἐπὶ
3140 5474 3314 5525 πᾶσαν
3371 5471 3587 5545 ;ψυχήν
3672 5468 3759 5523 ἀν-

2106 5557 2330 5634 θρώπου
2387 5562 2484 5615 τοῦ
2558 5561 3025 5637 κατερκαζομένου
3112 5559 3176 5615 τὸ
3250 5559 3439 5630 κακὸν,
3492 5556 3762 5617 Ἰουδαίου
