4112 6418
340 388 466 449 353

1435 372 1842 436 COMMENT.
1889 371 1967 431 IN
2017 371 2262 435 EPIS'l‘.
2310 379 2415 436 AD
2463 378 2654 439 ROM.

3662 387 3784 447 354

340 542 405 579 1s
486 517 705 592 πρῶτον
772 513 868 570 καὶ
925 509 1229 583 Ἕλληνος’
1286 504 1413 579 δόξα
1469 503 1528 562 δὲ
1577 504 1670 561 καὶ
1727 504 1863 576 τιμή
1892 591 1895 592 ν
1922 502 2013 559 καὶ

2148 507 2355 577 nalum,
2388 510 2677 582 Judaeique
2699 511 2948 583 primum
2991 520 3042 570 et
3072 515 3268 574 Graeci.
3319 518 3512 575 Gloria
3564 536 3691 577 vero
3736 528 3788 577 et

347 611 547 688 εἰρήνη
602 605 760 663 παντὶ
818 609 901 678 τῷ
960 602 1312 679 ἐργαζομένῳ
1367 599 1430 655 τὸ
1484 597 1708 688 ἀγαθὸν,
1767 591 2022 667 Ἰουδαίῷ

345 687 413 758 τε
474 705 693 774 πρῶτον
753 696 846 751 καὶ
912 692 1178 765 Ἕλληνι.
1246 690 1324 749 Οὐ
1383 689 1489 769 γάρ
1556 687 1668 743 ἐστι
1724 704 2024 761 προσωπο-

353 790 548 865 ληψία
576 786 725 863 παρὰ
752 790 833 859 τῷ
863 788 1004 857 Θεῷ.

427 877 971 953 [ΟΙΚΟΥΜΕΝΙΟΥ]
1031 900 1059 927 ‹‹
1113 878 1241 935 Τοῖς
1297 871 1390 946 μὶν
1445 872 1566 925 καθ’
1628 868 1932 943 ὑπομονήν·
1994 886 2024 917 ››

350 972 432 1032 Οὔ
459 971 566 1047 γὰρ
602 969 766 1045 μόνον
796 970 831 1038 ἡ
860 966 1044 1027 πίστις
1076 964 1252 1039 ἀρκεῖ,
1283 960 1431 1017 ἀλλὰ
1468 960 1558 1016 καὶ
1580 954 1800 1047 Λέργων-
1840 953 2022 1047 χρεία.

356 1088 384 1115 ο-
441 1042 755 1133 Ὑτέομονὴν
816 1080 846 1108 ››
900 1052 960 1110 δὲ
1019 1053 1208 1125 εἰπὼν,
1260 1050 1521 1126 γενναίως
1577 1042 1724 1124 ἔχειν
1783 1044 2025 1133 διδάσκει

354 1154 498 1228 πρὸς
560 1132 692 1213 τοὺς
776 1145 1144 1223 πειρασμοός.
1232 1143 1458 1218 [ΦΩΤ.]
1542 1140 1630 1228 Το-
1700 1132 2026 1214 ὑπερϐατὸν,

354 1222 510 1299 σέτω
568 1236 819 1296 τακτέον·
878 1222 1025 1299 γΤοις
1078 1234 1198 1290 καθ’
1263 1231 1550 1306 ὑπομονήν
1604 1222 1763 1305 ἔργοο
1820 1227 2027 1305 ἀγαθοῦ

352 1336 589 1404 ζητοῦσι
640 1329 787 1401 ζωήν
820 1327 1064 1395 αἰώνιον,
1127 1320 1403 1380 ἀποδώσει
1468 1318 1623 1390 δόξαν
1677 1318 1769 1374 καὶ
1826 1317 2028 1396 ἀφθαρ-

353 1422 497 1478 σίαν.
554 1444 587 1474 α
639 1418 746 1476 Καὶ
804 1415 1126 1492 ἀφθαρσίαν.
1190 1437 1218 1467 γ)
1278 1413 1388 1473 Τὰς
1474 1410 1603 1484 περὶ
1683 1406 2029 1470 ἀναστάσεως

351 1511 563 1588 ἀνοίγει
634 1508 823 1584 θύρας.
893 1506 1030 1563 Ἀπὸ
1089 1506 1279 1560 κοινοῦ
1333 1502 1418 1571 τὸ,
1480 1494 1778 1569 ἀποδώσει,
1819 1495 1878 1559 ὅς
1935 1496 2028 1552 καὶ

355 1600 660 1659 ἀποδώσει.
694 1593 1004 1655 Ἀποδώσει
1049 1594 1174 1672 γὰρ,
1221 1597 1340 1654 τοῖς
1399 1590 1495 1665 μὲν
1541 1591 1609 1647 τὰ
1654 1588 1853 1663 ἀγαθόν,
1912 1593 2028 1648 τοῖς

368 1692 429 1748 δὲ
457 1688 858 1761 ἀποδοθήσεται
890 1686 1064 1757 θυμὸς
1093 1683 1185 1740 καὶ
1215 1683 1353 1760 ὀργὴ
1411 1680 1503 1737 καὶ
1548 1681 1619 1736 τὰ
1664 1679 1857 1753 ὃμοια.
1909 1681 2033 1732 ’Ότῖ

381 1780 442 1837 δὲ.
470 1780 689 1836 ’διπλοῦν
720 1778 786 1834 τὸ
818 1782 1018 1858 σχῆμα
1040 1780 1136 1830 τοῦ
1169 1771 1341 1849 λόγου
1376 1770 1484 1847 (καὶ
1519 1770 1625 1826 ἀπὸ
1663 1772 1850 1824 κοινοῦ
1899 1768 2028 1844 γὰρ,

2132 597 2309 655 honor
2337 607 2389 657 et
2416 618 2534 674 paa:
2559 604 2711 657 omni
2739 604 2996 674 aperanti
3029 606 3246 676 bonum,
3300 610 3492 665 Judazo
3537 612 3785 681 primum

2130 695 2182 745 et
2210 691 2415 747 erco.
2449 695 2567 749 Non
2597 696 2743 750 enim
2771 702 2847 751 est
2891 711 3256 766 personarum
3313 706 3589 770 respectus
3638 701 3793 772 apud

2131 779 2320 835 Deum.

2209 890 2233 921 α
2258 870 2365 935 Qui
2387 873 2718 929 secundum
2740 873 3140 931 tolerantiam.
3181 900 3200 925 ι
3234 878 3435 948 Neque
3468 879 3625 934 enim
3661 879 3789 935 sola

2134 958 2284 1016 ﬁdes
2315 961 2555 1030 sufﬁcit,
2591 963 2695 1019 sed
2747 970 2803 1019 et
2851 981 3034 1037 Opera
3066 971 3204 1021 sunt
3252 969 3610 1024 necessaria.
3645 970 3789 1026 Cum

2134 1057 2332 1108 autem
2363 1052 2531 1121 dixit,
2568 1077 2594 1105 «
2627 1055 3053 1124 Tolerantiam,
3086 1079 3114 1108 »
3172 1058 3346 1115 docet
3397 1065 3461 1115 ut
3509 1061 3793 1119 adversus

2134 1143 2495 1199 tentationes
2529 1149 2769 1201 strenue
2804 1163 2865 1202 se
2892 1147 3174 1204 habeant.
3208 1150 3311 1203 Est
3340 1155 3545 1206 autem
3576 1151 3797 1224 hyper-

2132 1230 2361 1300 batum,
2396 1240 2454 1289 et
2485 1235 2568 1291 ita
2600 1235 2776 1291 debet
2806 1237 3107 1294 ordinari:
3154 1238 3254 1294 His
3315 1239 3416 1310 qui
3465 1242 3798 1298 secundum

2138 1322 2520 1380 tolerantiam
2552 1327 2751 1397 operis
2783 1326 2923 1383 boni
2956 1334 3232 1399 quierunt
3280 1330 3455 1385 vitam
3483 1337 3800 1401 aeternam,

2135 1415 2345 1472 reddet
2364 1418 2614 1491 gloriam
2637 1426 2696 1475 et
2712 1420 3002 1476 honorem
3027 1421 3643 1496 acincorruptionem.
3667 1448 3692 1474 ‹‹
3716 1427 3798 1481 Ac

2136 1504 2668 1578 incorruptionem.
2702 1531 2729 1558 ››
2763 1510 2842 1565 De
2878 1512 3314 1568 resurrectione
3345 1514 3496 1569 ostia
3539 1514 3795 1586 aperuit,

2137 1600 2351 1650 etcum
2373 1596 2570 1664 verbo,
2599 1597 2826 1664 reddet,
2852 1599 3012 1670 quod
3033 1616 3067 1655 a
3087 1601 3391 1656 communi
3424 1619 3603 1658 sensu
3626 1619 3796 1674 repe-

2138 1687 2384 1742 tendum
2417 1695 2526 1759 est,
2557 1689 2891 1761 completur
2921 1692 3237 1747 sententia.
3272 1694 3415 1748 Nam
3448 1693 3658 1749 reddet
3707 1694 3801 1749 his

2140 1774 2382 1845 quidem
2413 1775 2593 1841 bona.
2626 1777 2749 1833 illis
2780 1795 2915 1834 vero
2947 1779 3232 1835 reddetur
3261 1781 3596 1854 indignatio
3628 1787 3687 1838 et
3714 1783 3805 1837 ira

384 1873 481 1928 καὶ
530 1874 760 1946 ζεῦγμα),
816 1855 1007 1922 σκόπει
1067 1866 1152 1920 ὅτι
1210 1864 1280 1920 τὰ
1318 1861 1435 1959 ⁸μὲν
1504 1859 1691 1959 ἀγαθὲ
1734 1855 2031 1959 ὁιποδκώσει,

2148 1862 2378 1935 aliaque
2410 1864 2929 1937 hujusmodi.Cum
2961 1873 3161 1923 autem
3180 1867 3397 1941 duplex
3422 1869 3799 1927 sitorationis

385 1961 535 2040 φησί,
568 1944 660 2026 τήν
691 1953 752 2012 δὶ
780 1955 1009 2012 κόλασιν
1049 1953 1149 2009 οὐκ
1204 1948 1504 2019 ἀποδώσει,
1562 1945 1691 2004 ἀλλ’
1748 1944 2033 2017 ἀποδοοῆ-

378 2035 543 2107 deus.
578 2047 678 2104 Καὶ
709 2043 836 2102 οὐδὲ
863 2050 1029 2102 τοῦτο
1065 2042 1204 2099 κατᾶ
1247 2039 1392 2112 λέξιν
1450 2039 1615 2109 εἶπεν,
1676 2035 1803 2094 ἀλλ’
1859 2037 2037 2114 ἀφῆκε

368 2140 858 2209 συνεπινοηθῆναι.
919 2136 1111 2196 Οὖτως
1166 2130 1302 2197 οἶδε,
1360 2131 1424 2187 τὸ
1482 2130 1576 2205 μὲν
1639 2125 1888 2184 δικαιοῦν
1946 2126 2036 2183 καὶ

367 2232 595 2300 σώζειν,
659 2227 861 2282 οἰκεῖον
913 2228 1069 2285 Θεοῦ.
1129 2223 1210 2281 Τὸ
1268 2219 1326 2278 δὲ
1406 2224 1672 2295 τιμωρεῖν
1729 2218 1891 2275 αὐτὸν
1946 2232 2038 2287 καὶ

370 2320 661 2388 κολάζειν,
721 2315 828 2371 ἀπὸ
880 2321 980 2385 τῆς
1033 2318 1142 2370 τῶν
1216 2309 1637 2387 ἁμαρτανόντων
1702 2308 2038 2382 πωρώσεως,

369 2409 466 2464 καὶ
503 2410 606 2462 τοῦ
642 2407 720 2478 μή
758 2408 1036 2479 μετανοεῖν
1077 2402 1169 2457 καὶ
1216 2401 1576 2478 ἐπιστρέφειν.
1613 2422 1641 2452 ››
1696 2399 1827 2458 Τοῖς
1888 2394 1945 2452 δὲ
1988 2395 2039 2467 ἐξ

360 2497 641 2573 ἐριθείας.
706 2519 735 2548 ››
794 2492 966 2549 Πάλιν
1013 2488 1250 2547 δείκνυσι
1335 2487 1674 2571 φιλονεικίας
1760 2488 1893 2543 εἶναι
1950 2485 2041 2541 καὶ

362 2586 656 2667 ῥᾳθυμίας
694 2584 763 2641 τὰ
820 2584 1212 2659 ἁμαρτήματα.
1275 2605 1303 2633 α
1336 2579 1443 2636 Καὶ
1501 2578 1758 2649 ἀληθείᾳ.
1797 2601 1831 2667 gn
1892 2579 2042 2667 Hap-

372 2676 600 2734 ἕλκεται
633 2674 699 2730 τὸ
731 2674 844 2731 καί.
905 2671 1457 2745 [ΟΙΚΟΥΜΕΝΙΟΥ.]
1515 2691 1543 2722 ‹‹
1574 2665 1930 2740 Πειθομένοις
1985 2663 2042 2721 δὲ

364 2772 440 2841 τῇ
472 2764 691 2836 ἀδικίᾳ.
724 2788 753 2816 ››
803 2763 901 2826 Τίς
959 2762 1065 2840 γὰρ
1122 2758 1364 2817 πιστεύει
1423 2758 1508 2814 ὅτι
1565 2756 1734 2813 καλὸν
1766 2757 1802 2827 ἡ
1834 2752 2038 2812 ἀδικία.

368 2857 463 2912 καὶ
495 2854 671 2909 κακὸν
701 2855 737 2925 ἡ
771 2853 1037 2924 ἆΑήθεια;
1073 2857 1252 2921 Δῆλον
1277 2846 1395 2920 οὖν,
1438 2848 1512 2910 ὡς
1560 2845 1613 2901 ἐν
1663 2846 1857 2925 γνώσει
1899 2844 2040 2901 ἐστὶν

367 2949 405 3016 ἡ
467 2942 743 3019 ἁμαρτία.
799 2945 978 3000 Τοῦτο
1035 2941 1140 3019 γὰρ
1228 2937 1465 3013 μάλιστα
1547 2938 1611 2993 τὸ
1695 2933 2045 3008 Πέιθομένοις

387 3035 575 3106 δτλλοῖο
613 3034 755 3089 ἑκὼν
791 3034 894 3110 γὰρ
956 3033 1195 3088 πείθεται
1227 3032 1256 3086 ὁ
1295 3030 1637 3103 πειθόμενος.
1697 3053 1718 3079 ι
1754 3028 1879 3110 Ἐπί
1936 3032 2042 3081 πᾶ-

392 3146 484 3180 σαν
512 3126 727 3200 ψυχήν.
767 3148 794 3174 »
826 3121 940 3180 Οὐκ
972 3116 1074 3190 ἔνι,
1106 3120 1263 3200 φησὶ,
1301 3115 1582 3195 βασιλεὺς,
1614 3117 1717 3172 οὐκ
1760 3109 1835 3171 ἔνι
1886 3113 2040 3171 δυνᾶ-

384 3234 519 3284 στης
546 3214 608 3275 ὅς
644 3210 1012 3293 διαφεύξεται.
1065 3233 1094 3263 ι(
1126 3206 1392 3266 Ἰουδαίου
1439 3228 1496 3262 τε
1544 3211 1782 3280 πρῶτον.
1817 3229 1846 3256 ››
1888 3205 2039 3276 ὐσῳ

2143 1952 2384 2008 schema
2405 1955 2568 2025 (nam
2592 1960 2651 2008 et
2673 1970 2707 2008 a
2728 1955 3033 2010 communi
3061 1974 3340 2012 sermono
3362 1959 3637 2030 repetitio
3657 1959 3800 2014 dici-

2140 2044 2923 2116 turetzeugma),considera
2938 2046 3097 2116 quod
3114 2046 3286 2101 dicit:
3314 2071 3333 2096 ι
3367 2049 3528 2103 Bona
3556 2049 3800 2120 quidem

2142 2131 2400 2199 reddet,~
2421 2132 2715 2187 ultionem
2729 2151 2862 2188 vero
2885 2150 3005 2189 non
3027 2135 3798 2198 reddet,sedillareddetur:

2145 2224 2203 2275 et
2233 2236 2309 2274 ne
2339 2220 2451 2275 hoc
2475 2221 2714 2291 quidem
2741 2238 3018 2293 expresse
3038 2222 3204 2289 dicit,
3231 2223 3336 2279 sed
3358 2224 3810 2299 subintelligen-

2144 2308 2284 2364 dum
2333 2310 2577 2381 reliquit
2630 2327 2643 2365 :
2678 2310 2763 2367 ita
2794 2312 2989 2366 sciens
3034 2312 3087 2366 ei
3120 2313 3429 2385 proprium
3480 2330 3610 2369 esse
3643 2313 3802 2385 quod

2137 2400 2371 2472 justum
2405 2406 2496 2455 est
2521 2399 2747 2455 salvare
2774 2417 2786 2454 :
2822 2417 2996 2472 porro
3032 2401 3238 2457 ulcisci
3271 2419 3339 2459 ac
3362 2403 3572 2475 punire
3596 2420 3805 2474 prove-

2145 2489 2236 2544 nit
2264 2506 2299 2544 a
2328 2495 2709 2562 peccatorum
2730 2489 3123 2547 obduratione
3160 2507 3172 2545 :
3200 2492 3477 2564 quodque
3512 2494 3799 2564 paenitere

2146 2578 2343 2633 nolint
2375 2596 2442 2634 ac
2474 2579 2758 2634 converti.
2785 2601 2813 2630 ‹‹
2840 2579 2916 2657 lis
2940 2596 3074 2635 vero
3094 2581 3193 2652 qui
3212 2587 3354 2636 sunt
3373 2582 3749 2637 contentiosi.
3770 2604 3799 2635 ιι

2147 2671 2403 2727 Rursum
2434 2676 2677 2742 peccata
2721 2686 2791 2725 ex
2846 2671 3178 2742 pertinacia
3230 2678 3288 2727 et
3346 2673 3619 2730 socordia
3676 2690 3805 2729 esse

2147 2760 2430 2816 ostendit.
2480 2782 2506 2813 ιι
2544 2762 2615 2815 Et
2638 2760 2892 2815 veritati.
2930 2783 2951 2813 ι
2987 2762 3343 2835 Conjunctio
3366 2764 3479 2832 καὶ,
3513 2771 3586 2829 et,
3618 2766 3806 2821 otiose

2148 2850 2405 2906 additur.
2443 2852 2720 2906 «Parent
2756 2856 2957 2906 autem
3009 2851 3341 2925 injustitiaa.
3370 2876 3400 2904 ››
3449 2855 3590 2920 Quis
3644 2856 3806 2910 enim

2149 2940 2339 2996 credit
2369 2940 2528 3012 quod
2552 2941 2777 2996 bonum
2817 2942 2895 2996 sit
2952 2942 3271 3014 injustitia,
3328 2944 3559 2999 malum
3609 2952 3807 3001 autem

2150 3029 2228 3084 sit
2256 3029 2520 3085 veritas?
2566 3031 2771 3101 Itaque
2820 3030 3206 3087 manifestum
3254 3037 3343 3088 est
3374 3035 3538 3104 quod
3588 3051 3658 3090 ex
3706 3052 3808 3090 co-

2148 3118 2435 3191 gnitione.
2470 3126 2529 3173 et
2556 3135 2677 3173 non
2709 3135 2780 3173 ex
2809 3118 3148 3191 ignorantia
3178 3121 3255 3175 sit
3296 3128 3629 3193 peccatum.
3665 3124 3809 3179 Nam

2151 3207 2263 3262 hoc
2295 3207 2550 3262 maxime
2575 3206 2871 3281 significat
2890 3207 3071 3264 dictio
3084 3207 3560 3283 πειθομένοις,ᾳιιί
3576 3220 3809 3283 parent;

381 3267 488 3382 γὰρ
520 3274 790 3366 πλείονός
835 3297 1190 3360 διδασκαλίας
1244 3297 1498 3370 ἠξίωται,
1556 3295 1806 3367 τοσούτῳ
1862 3296 2038 3370 ἁμαρ-

2152 3298 2483 3355 voluutarie
2516 3315 2777 3370 namque
2808 3304 2977 3371 paret
2998 3299 3046 3355 is
3077 3301 3174 3372 qui
3202 3307 3390 3373 paret.
3418 3326 3444 3353 «
3472 3302 3660 3375 Super
3682 3321 3806 3361 om-

384 3395 535 3451 τάνω
592 3392 765 3449 πλέον
848 3393 1323 3467 τιμωρηθήσεται.
1400 3393 1677 3460 Ἐσεσθαι,
1764 3384 1948 3466 φησίν,
2008 3386 2045 3457 ἢ

383 3482 609 3559 μᾶλλον
639 3478 843 3540 ἔσεται.
903 3482 1125 3537 Ἐσεται
1164 3479 1269 3554 γὰρ
1314 3477 1454 3554 ὀργὴ
1498 3474 1585 3532 ἐπῗ
1634 3481 1807 3531 πᾶσαν
1856 3474 2046 3550 ψυχὴν

379 3574 682 3649 ανθρώπου
710 3575 809 3628 τοῦ
859 3571 1348 3646 κατεργαζομένου.
1403 3590 1428 3622 α
1464 3567 1598 3637 Δόξα
1649 3563 1706 3621 δὲ
1757 3566 1847 3620 καὶ
1908 3565 2045 3637 τιμὴ

383 3665 481 3719 καὶ
513 3662 723 3737 εἰρήνη.
764 3658 1019 3721 »Καλῶς
1076 3658 1161 3726 τὸ,
1212 3681 1240 3709 ‹‹
1276 3655 1384 3712 Καὶ
1434 3655 1651 3729 εἰρήνη,
1687 3679 1708 3708 1
1754 3653 1896 3709 Ἑκεὶ
1941 3652 2047 3727 γὰρ

399 3748 586 3810 οὒδεῖς
618 3749 702 3805 διὰ
750 3749 948 3828 φθόνον
1013 3749 1325 3827 μαχήσεται
1376 3748 1457 3817 τῷ
1504 3742 1789 3815 τιμηθέντι
1820 3742 1855 3811 ἢ
1889 3737 2045 3811 δοξα-

404 3839 595 3894 σθέντι.
631 3866 655 3890 ι(
692 3838 942 3912 Ἰουδαίῳ
998 3859 1055 3893 τε
1106 3842 1323 3912 πρῶτον
1381 3835 1472 3891 καὶ
1528 3829 1790 3903 Ἕλλητι.
1857 3858 1877 3883 ι
1938 3832 2050 3887 Ἵνα

402 3933 478 4003 μή
514 3931 801 4004 νομίζωσιν
828 3925 1088 3986 Ἰουδαῖοι
1118 3927 1210 3983 τὸν
1242 3919 1594 4002 ἀκρόϐυστον,
1634 3921 1731 3977 κᾶν
1791 3915 2051 3989 θεοσεϐὴς

387 4020 441 4095 ᾖ,
475 4016 702 4076 ὓαττον
737 4014 908 4100 ἔχειν,
971 4018 1224 4074 συνάπτει
1276 4014 1491 4076 αὐτούς.
1528 4010 1803 4082 Ἒὶληνα,
1852 4010 1914 4066 οὐ
1957 4011 2050 4066 τὸν

381 4098 809 4185 εἰδωλολάτρην
842 4107 1015 4184 λέγει,
1047 4105 1192 4163 ἀλλὰ
1221 4107 1312 4162 τὸν
1354 4098 1688 4180 ἀκρόϐυστον
1752 4101 1867 4175 μὶν,
1923 4111 2049 4164 θεο-

378 4197 517 4270 σεϐῆ
549 4197 608 4256 δὲ
642 4199 731 4255 καὶ
766 4199 978 4257 πιστόν.
1011 4222 1040 4250 ‹‹
1073 4195 1149 4255 Οὐ
1197 4198 1299 4272 γάρ
1352 4194 1464 4250 ἐστι
1512 4190 1979 4268 προσωποληψία.
2013 4211 2045 4243 »

376 4291 455 4350 Οὗ
518 4292 629 4366 γὰρ
680 4290 1016 4364 προσώπων,
1074 4284 1201 4342 ἀλλ’
1266 4278 1438 4361 ἔργων
1499 4281 1639 4339 ἐστὶν
1697 4284 1733 4351 ἡ
1796 4282 2044 4359 ζήτησις,

374 4382 657 4438 Ἐντεῦθεν
714 4378 846 4458 ἄχρι
906 4377 1139 4452 ψόλλων
1222 4372 1511 4441 πλειόνων,
1576 4371 1764 4449 μάχην
1841 4369 2044 4447 εἰσάγει

371 4472 606 4527 ἐθνικῶν
640 4470 732 4524 καὶ
762 4465 1065 4524 Ἰουδαίων·
1121 4465 1212 4521 καὶ
1272 4467 1571 4539 συνηγορεῖ
1625 4465 1748 4523 τοῖς
1810 4458 2046 4521 ἐθνικαῖς

376 4566 503 4636 μὲν,
539 4563 695 4639 φύσει
737 4560 793 4618 δὲ
848 4562 939 4618 καὶ
996 4562 1063 4617 τὰ
1125 4557 1307 4615 δίκαια
1362 4557 1685 4633 πράττουσι.
1746 4555 1925 4611 Τοῦτο
1987 4549 2045 4608 δὲ

2155 3406 2293 3445 nem
2324 3389 2609 3445 animam.
2629 3408 2655 3439 ο
2686 3389 2811 3443 Non
2833 3394 3050 3461 potest.
3076 3390 3292 3462 inquit,
3317 3410 3441 3458 rex,
3471 3410 3592 3448 non
3617 3399 3812 3466 potest

2154 3478 2534 3551 magistratus
2561 3479 3200 3552 effugereuludaeique
3224 3482 3549 3553 primum.»
3578 3486 3806 3551 Quanto

2154 3570 2315 3626 enim
2338 3569 2625 3641 majorem
2643 3567 2977 3624 doctrinam
2993 3571 3412 3642 accepit,tanto
3426 3590 3814 3645 peccansmau

2146 3659 2265 3730 jori
2296 3659 2579 3731 punietur
2612 3658 2925 3731 supplicio.
2959 3660 3317 3734 Intelligitur
3337 3671 3535 3719 autem
3558 3665 3802 3721 verbum

2152 3741 2350 3814 ἔσεται,
2385 3749 2516 3815 erit,
2559 3747 2678 3801 sive
2710 3747 3017 3817 Obveniet;
3051 3750 3324 3807 Obveniet
3355 3754 3514 3809 enim
3546 3755 3652 3823 ira,
3687 3761 3798 3811 etc.

2154 3856 2334 3911 super
2364 3854 2603 3894 omnem
2637 3838 2898 3893 animam
2921 3836 3183 3895 hominis
3210 3841 3311 3911 qui
3336 3842 3560 3898 malum
3593 3861 3806 3915 opera-

2154 3934 2266 3984 tur.
2303 3952 2329 3978 ‹‹
2356 3928 2558 3985 Gloria
2579 3943 2713 3981 vero
2737 3932 2796 3981 et
2815 3927 3006 3983 honor
3028 3935 3086 3982 et
3106 3946 3238 4001 pax.
3271 3950 3297 3983 ι
3316 3931 3569 3988 Pulchre
3598 3933 3763 3989 addit
3789 3951 3802 3988 :

2151 4036 2179 4063 ‹‹
2217 4013 2289 4067 Et
2327 4027 2547 4083 pax;»
2606 4008 2687 4064 ibi
2749 4009 2907 4064 enim
2965 4011 3167 4067 nullus
3225 4013 3445 4069 invidia
3495 4031 3803 4085 accensus,

2152 4100 2447 4175 pugnabit
2470 4099 2752 4155 adversus
2782 4098 2953 4153 illum
2985 4099 3087 4171 qui
3126 4101 3450 4158 honoratus
3479 4102 3659 4159 fuerit
3703 4110 3808 4160 aut

2159 4191 2359 4265 gloria
2387 4191 2656 4246 aﬂ‘ectus.
2687 4210 2716 4241 »
2748 4188 2948 4244 Juda‘o
2992 4190 3251 4261 primum
3295 4197 3353 4247 et
3399 4194 3615 4249 Graeco.
3652 4217 3680 4245 ››
3729 4196 3809 4251 Ne

2158 4281 2512 4338 existiment
2531 4277 2713 4334 Judaei
2739 4295 2872 4349 eum
2903 4278 3005 4350 qui
3026 4279 3088 4334 in
3110 4281 3403 4353 pra‘putio
3435 4283 3607 4352 est,si
3630 4284 3810 4341 etiam

2153 4370 2262 4427 Dei
2291 4370 2485 4426 cultor
2513 4367 2712 4436 fuerit,
2746 4367 3092 4424 inferiorem
3134 4387 3284 4441 esse,
3326 4373 3638 4445 conjunxit
3666 4389 3804 4428 eos:

2151 4463 2423 4518 Graecum
2450 4466 2651 4516 autem
2674 4464 2842 4515 vocat
2866 4476 2987 4514 non
3010 4459 3408 4531 idololatram,
3432 4464 3535 4520 sed
3557 4480 3689 4520 eum
3705 4465 3806 4537 qui

2149 4552 2217 4607 in
2250 4550 2541 4624 praeputio
2575 4553 2685 4613 est,
2715 4565 2920 4606 verum
2951 4549 3055 4604 Dei
3077 4550 3270 4607 cultor
3295 4568 3362 4608 ac
3402 4553 3618 4611 ﬁdelis.
3650 4554 3805 4612 222

370 4660 554 4724 ποιεῖ,
590 4652 764 4717 θέλων
794 4651 886 4708 τὸν
920 4651 1016 4725 μὲν
1046 4650 1214 4724 νόμον
1268 4643 1544 4715 ἐκϐαλεῖν,
1604 4645 1703 4713 τήν
1761 4641 1818 4697 δὲ
1865 4641 2038 4698 πίστιν

2162 4662 2186 4694 ιι
2221 4643 2348 4697 Non
2381 4639 2541 4694 enim
2568 4643 2658 4693 est
2678 4653 3069 4710 personarum
3094 4647 3421 4713 respectus.
3450 4664 3477 4692 »
3496 4642 3805 4715 Siquidem

374 4746 744 4817 ἁντεισαγεῖν.

2144 4746 2267 4786 non
2297 4743 2703 4801 personarum.
2743 4727 2847 4783 sed
2878 4744 3126 4800 operum
3161 4729 3228 4784 ﬁt
3285 4730 3613 4802 inquisitio.
3650 4732 3805 4787 Hinc

369 4815 819 4904 consequenter
834 4850 1093 4906 pugnam
1115 4848 1181 4888 ac
1203 4827 1650 4887 contentionem
1674 4823 1925 4891 inducit,
1950 4838 2081 4895 quas
2105 4818 2177 4874 de
2199 4816 2471 4890 pluribus
2493 4815 2655 4888 parvi
2685 4816 2973 4871 momenti
3008 4817 3184 4873 rebus
3217 4818 3375 4874 inter
3430 4819 3682 4893 gentiles
3735 4836 3805 4877 ac

364 4925 612 4982 Judaaos
646 4930 802 4980 erat:
839 4930 895 4980 et
924 4924 996 4979 iis
1026 4922 1434 4995 patrocinatur
1464 4918 1567 4992 qui
1611 4915 1864 4992 gentiles
1920 4911 2162 4986 quidem
2220 4912 2378 4973 sunt,
2430 4909 2985 4995 attameninaturzn
3053 4906 3234 4964 ductu
3293 4916 3614 4982 operantur
3670 4928 3803 4984 quae

362 5016 532 5072 bona
561 5020 722 5069 sunt.
757 5014 875 5070 Hoc
904 4994 1103 5070 autem
1132 5012 1277 5068 facit
1307 5011 1508 5069 volens
1538 5010 1729 5083 legem
1759 5006 2040 5080 abjicere,
2073 5016 2142 5057 ac
2172 4997 2235 5053 in
2267 4998 2397 5071 ejus
2427 4994 2625 5052 locum
2656 4994 2837 5050 fidem
2868 4995 3271 5057 introducere.

1026 5106 1282 5159 ΚΕΦΔΛ.
1325 5106 1394 5159 1'“.

376 5195 509 5270 Περὶ
599 5192 835 5269 κρίσεως
920 5198 1029 5270 τῆς
1112 5190 1250 5246 κατὰ
1299 5193 1430 5270 ’τοᾷ
1506 5186 1753 5264 Ἰσραὴλ,
1804 5188 1901 5242 τοῦ
1962 5185 2040 5259 μή

845 5262 1219 5344 φυλάσσοντος
1257 5263 1325 5318 τὰ
1352 5262 1588 5336 νόμιμα.

441 5360 602 5419 ’Όσοι
660 5358 769 5434 γὰρ
828 5355 1053 5430 ἀνόμως
1111 5353 1381 5430 ἥμαρτον,
1439 5352 1659 5427 ἀνόμως
1748 5351 1839 5407 καὶ
1906 5350 2042 5406 ἀπο-

373 5445 620 5505 λοῦνται·
681 5445 776 5504 καὶ
835 5445 957 5502 ὅσοι
1023 5442 1077 5498 ἐν
1130 5443 1283 5518 νόμῳ
1340 5443 1610 5517 ἥμαρτον,
1696 5439 1786 5497 διὰ
1866 5435 2042 5513 νόμου

368 5542 730 5616 κριθήσονται
814 5536 896 5595 Οὐ
956 5533 1063 5609 γὰρ
1118 5533 1169 5588 0i
1229 5530 1491 5608 ἀκροαταὶ
1547 5536 1645 5588 τοῦ
1725 5531 1900 5605 νόμου
1956 5528 2043 5586 δί-

2795 5086 3027 5143 CAPUT
3058 5089 3160 5143 IlI.

2155 5180 2227 5236 De
2236 5177 2456 5251 judicio
2486 5176 2636 5249 quod
2660 5178 2845 5246 fertur
2873 5178 3129 5234 adversus
3158 5180 3438 5237 Israelitas
3460 5180 3664 5253 legalia
3692 5198 3805 5241 non

2829 5275 3121 5325 servantes.

2222 5359 2294 5425 II,
2330 5361 2417 5425 12,
2452 5357 2538 5412 13.
2574 5357 2707 5412 Nam
2739 5358 3053 5429 quicunque
3089 5358 3209 5417 sine
3259 5361 3374 5433 lege
3417 5370 3785 5434 peccaverunt

2150 5451 2265 5505 sine
2296 5446 2412 5518 lege
2431 5447 2697 5517 peribunt
2750 5453 2802 5501 et
2831 5449 3144 5521 quicunque
3175 5452 3235 5505 in
3266 5450 3383 5522 lege
3413 5460 3804 5524 peccaverunt,

2143 5556 2248 5612 per
2283 5536 2459 5606 legem
2503 5536 2932 5605 judicabunlur.
2977 5541 3098 5596 Non
3148 5542 3293 5596 enim
3352 5541 3633 5598 auditores
3673 5542 3808 5611 legis

355 5653 507 5690 καίοι
552 5630 710 5704 παρὰ
766 5633 847 5701 τῷ
916 5627 1060 5698 Θεῷ,
1112 5622 1239 5679 ἀλλ’
1307 5624 1365 5679 οἱ
1423 5622 1650 5695 ποιηταί
1704 5626 1803 5678 τοῦ
1861 5621 2038 5698 νόμου

2148 5631 2286 5703 justi
2313 5632 2441 5684 sunt
2472 5627 2627 5696 apud
2656 5627 2843 5701 Deum,
2875 5630 2971 5685 sed
3020 5630 3118 5704 qui
3168 5631 3337 5701 legem
3391 5633 3555 5700 factis
3614 5630 3806 5700 expri-

347 5721 856 5794 δικαιωθήσονται.

2146 5723 2324 5789 munl,
2343 5716 2833 5791 justiﬁcabuntur.
