  <div class='ocr_page' id='page_1' title='image "/cluster/home/n/w/nwhite01/storage/ocr_20150623/118:no.1/coo.31924054870229/188.png"; bbox 0 0 4112 6418; ppageno 0'>
   <div class='ocr_carea' id='block_1_1' title="bbox 373 349 3810 430">
    <p class='ocr_par' dir='ltr' id='par_1_1' title="bbox 373 349 3810 430">
     <span class='ocr_line' id='line_1_1' title="bbox 373 349 3810 430; baseline 0.008 -28"><span class='ocrx_word' id='word_1_1' title='bbox 373 369 496 430; x_wconf 64' lang='lat'>35-,</span> <span class='ocrx_word' id='word_1_2' title='bbox 1475 353 1897 417; x_wconf 77' lang='lat' dir='ltr'>COMMENT.</span> <span class='ocrx_word' id='word_1_3' title='bbox 1948 353 2026 413; x_wconf 87' lang='lat' dir='ltr'><strong>IN</strong></span> <span class='ocrx_word' id='word_1_4' title='bbox 2079 349 2325 412; x_wconf 73' lang='lat' dir='ltr'>EPIST.</span> <span class='ocrx_word' id='word_1_5' title='bbox 2368 351 2474 411; x_wconf 83' lang='lat' dir='ltr'>AD</span> <span class='ocrx_word' id='word_1_6' title='bbox 2525 353 2710 412; x_wconf 74' lang='lat' dir='ltr'>ami.</span> <span class='ocrx_word' id='word_1_7' title='bbox 3691 368 3810 427; x_wconf 60' lang='grc' dir='ltr'>εδδ</span> 
     </span>
    </p>
   </div>
   <div class='ocr_carea' id='block_1_2' title="bbox 370 483 2035 573">
    <p class='ocr_par' dir='ltr' id='par_1_2' title="bbox 370 483 2035 573">
     <span class='ocr_line' id='line_1_2' title="bbox 370 483 2035 573; baseline -0.012 -16"><span class='ocrx_word' id='word_1_8' title='bbox 370 521 585 557; x_wconf 85' lang='grc' dir='ltr'>σονται.</span> <span class='ocrx_word' id='word_1_9' title='bbox 623 520 647 551; x_wconf 73' lang='grc' dir='ltr'>ι</span> <span class='ocrx_word' id='word_1_10' title='bbox 680 494 978 573; x_wconf 82' lang='grc' dir='ltr'>Ἐρμηνεία</span> <span class='ocrx_word' id='word_1_11' title='bbox 1033 494 1133 570; x_wconf 62' lang='grc' dir='ltr'>γὰρ</span> <span class='ocrx_word' id='word_1_12' title='bbox 1167 490 1278 547; x_wconf 78' lang='grc' dir='ltr'>ἐστι</span> <span class='ocrx_word' id='word_1_13' title='bbox 1338 493 1456 551; x_wconf 80' lang='grc' dir='ltr'>πῶς</span> <span class='ocrx_word' id='word_1_14' title='bbox 1516 488 1567 543; x_wconf 70' lang='grc' dir='ltr'>οἱ</span> <span class='ocrx_word' id='word_1_15' title='bbox 1630 487 1722 560; x_wconf 74' lang='grc' dir='ltr'>μὲν</span> <span class='ocrx_word' id='word_1_16' title='bbox 1765 483 2035 541; x_wconf 86' lang='grc' dir='ltr'>δικαιοῦν-</span> 
     </span>
    </p>
   </div>
   <div class='ocr_carea' id='block_1_3' title="bbox 2147 483 3814 573">
    <p class='ocr_par' dir='ltr' id='par_1_3' title="bbox 2151 484 3814 563">
     <span class='ocr_line' id='line_1_3' title="bbox 2151 484 3814 563; baseline 0.011 -23"><span class='ocrx_word' id='word_1_17' title='bbox 2151 484 2671 556; x_wconf 86' lang='lat' dir='ltr'>exprimunt,justi</span> <span class='ocrx_word' id='word_1_18' title='bbox 2698 484 3097 546; x_wconf 89' lang='lat' dir='ltr'>habebuntur.</span> <span class='ocrx_word' id='word_1_19' title='bbox 3115 513 3143 539; x_wconf 88' lang='lat'><strong>«</strong></span> <span class='ocrx_word' id='word_1_20' title='bbox 3165 490 3468 563; x_wconf 84' lang='lat' dir='ltr'>Siquidem</span> <span class='ocrx_word' id='word_1_21' title='bbox 3491 494 3814 559; x_wconf 86' lang='lat' dir='ltr'>declaratio</span> 
     </span>
    </p>
   </div>
   <div class='ocr_carea' id='block_1_4' title="bbox 367 572 2035 657">
    <p class='ocr_par' dir='ltr' id='par_1_4' title="bbox 367 572 2035 657">
     <span class='ocr_line' id='line_1_4' title="bbox 367 572 2035 657; baseline -0.007 -16"><span class='ocrx_word' id='word_1_22' title='bbox 367 612 484 647; x_wconf 71' lang='grc' dir='ltr'>ται,</span> <span class='ocrx_word' id='word_1_23' title='bbox 523 616 544 640; x_wconf 78' lang='grc' dir='ltr'>ι</span> <span class='ocrx_word' id='word_1_24' title='bbox 607 589 659 642; x_wconf 67' lang='grc' dir='ltr'>οἱ</span> <span class='ocrx_word' id='word_1_25' title='bbox 718 572 777 642; x_wconf 76' lang='grc' dir='ltr'>δὲ</span> <span class='ocrx_word' id='word_1_26' title='bbox 830 584 1194 640; x_wconf 77' lang='grc' dir='ltr'>δικαιοῦνται.</span> <span class='ocrx_word' id='word_1_27' title='bbox 1236 579 1340 637; x_wconf 78' lang='grc' dir='ltr'>Καὶ</span> <span class='ocrx_word' id='word_1_28' title='bbox 1387 599 1572 657; x_wconf 75' lang='grc' dir='ltr'>φησιν,</span> <span class='ocrx_word' id='word_1_29' title='bbox 1623 575 1706 632; x_wconf 79' lang='grc' dir='ltr'>ὅτι</span> <span class='ocrx_word' id='word_1_30' title='bbox 1750 575 1812 631; x_wconf 80' lang='grc' dir='ltr'>ού</span> <span class='ocrx_word' id='word_1_31' title='bbox 1847 572 2035 646; x_wconf 73' lang='grc' dir='ltr'>δεομέ-</span> 
     </span>
    </p>
   </div>
   <div class='ocr_carea' id='block_1_5' title="bbox 2147 572 3817 657">
    <p class='ocr_par' dir='ltr' id='par_1_5' title="bbox 2151 576 3817 649">
     <span class='ocr_line' id='line_1_5' title="bbox 2151 576 3817 649; baseline 0.011 -20"><span class='ocrx_word' id='word_1_32' title='bbox 2151 581 2243 630; x_wconf 87' lang='lat' dir='ltr'>est</span> <span class='ocrx_word' id='word_1_33' title='bbox 2272 576 2568 647; x_wconf 88' lang='lat' dir='ltr'>quomodo</span> <span class='ocrx_word' id='word_1_34' title='bbox 2596 576 2655 631; x_wconf 94' lang='lat' dir='ltr'>hi</span> <span class='ocrx_word' id='word_1_35' title='bbox 2697 578 3127 649; x_wconf 80' lang='lat' dir='ltr'>justificantur.</span> <span class='ocrx_word' id='word_1_36' title='bbox 3154 582 3238 638; x_wconf 90' lang='lat' dir='ltr'>illi</span> <span class='ocrx_word' id='word_1_37' title='bbox 3289 601 3423 641; x_wconf 90' lang='lat' dir='ltr'>vero</span> <span class='ocrx_word' id='word_1_38' title='bbox 3458 603 3599 644; x_wconf 91' lang='lat' dir='ltr'>non.</span> <span class='ocrx_word' id='word_1_39' title='bbox 3636 593 3705 646; x_wconf 89' lang='lat' dir='ltr'>Et</span> <span class='ocrx_word' id='word_1_40' title='bbox 3734 594 3817 648; x_wconf 89' lang='lat' dir='ltr'>ait</span> 
     </span>
    </p>
   </div>
   <div class='ocr_carea' id='block_1_6' title="bbox 368 660 2035 753">
    <p class='ocr_par' dir='ltr' id='par_1_6' title="bbox 368 660 2035 747">
     <span class='ocr_line' id='line_1_6' title="bbox 368 660 2035 747; baseline -0.011 -13"><span class='ocrx_word' id='word_1_41' title='bbox 368 700 469 734; x_wconf 87' lang='grc' dir='ltr'>νου</span> <span class='ocrx_word' id='word_1_42' title='bbox 497 680 598 732; x_wconf 83' lang='grc' dir='ltr'>τοῦ</span> <span class='ocrx_word' id='word_1_43' title='bbox 656 672 947 747; x_wconf 83' lang='grc' dir='ltr'>κριτηρίου</span> <span class='ocrx_word' id='word_1_44' title='bbox 1011 667 1319 746; x_wconf 78' lang='grc' dir='ltr'>μαρτύρων,</span> <span class='ocrx_word' id='word_1_45' title='bbox 1374 672 1435 721; x_wconf 78' lang='grc' dir='ltr'>οὗ</span> <span class='ocrx_word' id='word_1_46' title='bbox 1490 668 1652 720; x_wconf 80' lang='grc' dir='ltr'>τινῶν</span> <span class='ocrx_word' id='word_1_47' title='bbox 1685 661 1874 733; x_wconf 79' lang='grc' dir='ltr'>ἔξωθεν</span> <span class='ocrx_word' id='word_1_48' title='bbox 1902 660 2035 716; x_wconf 87' lang='grc' dir='ltr'>ἀπο-</span> 
     </span>
    </p>
   </div>
   <div class='ocr_carea' id='block_1_7' title="bbox 2147 660 3818 753">
    <p class='ocr_par' dir='ltr' id='par_1_7' title="bbox 2151 664 3818 753">
     <span class='ocr_line' id='line_1_7' title="bbox 2151 664 3818 753; baseline 0.012 -35"><span class='ocrx_word' id='word_1_49' title='bbox 2151 665 2311 736; x_wconf 89' lang='lat' dir='ltr'>quod</span> <span class='ocrx_word' id='word_1_50' title='bbox 2337 664 2464 720; x_wconf 88' lang='lat' dir='ltr'>foro</span> <span class='ocrx_word' id='word_1_51' title='bbox 2499 683 2618 721; x_wconf 92' lang='lat' dir='ltr'>non</span> <span class='ocrx_word' id='word_1_52' title='bbox 2653 674 2862 739; x_wconf 82' lang='lat' dir='ltr'>egente</span> <span class='ocrx_word' id='word_1_53' title='bbox 2896 670 3164 738; x_wconf 73' lang='lat' dir='ltr'>testibus,</span> <span class='ocrx_word' id='word_1_54' title='bbox 3186 690 3306 728; x_wconf 91' lang='lat' dir='ltr'>non</span> <span class='ocrx_word' id='word_1_55' title='bbox 3326 677 3818 753; x_wconf 85' lang='lat' dir='ltr'>extrinsecisqui-</span> 
     </span>
    </p>
   </div>
   <div class='ocr_carea' id='block_1_8' title="bbox 372 748 2035 844">
    <p class='ocr_par' dir='ltr' id='par_1_8' title="bbox 372 748 2035 844">
     <span class='ocr_line' id='line_1_8' title="bbox 372 748 2035 844; baseline -0.011 -23"><span class='ocrx_word' id='word_1_56' title='bbox 372 765 624 837; x_wconf 77' lang='grc' dir='ltr'>δείξεων,</span> <span class='ocrx_word' id='word_1_57' title='bbox 685 761 811 818; x_wconf 76' lang='grc' dir='ltr'>ἀλλ’</span> <span class='ocrx_word' id='word_1_58' title='bbox 880 758 1095 823; x_wconf 71' lang='grc' dir='ltr'>οἷ’κοθεν</span> <span class='ocrx_word' id='word_1_59' title='bbox 1155 756 1206 828; x_wconf 78' lang='grc' dir='ltr'><strong>ἐξ</strong></span> <span class='ocrx_word' id='word_1_60' title='bbox 1265 755 1441 811; x_wconf 83' lang='grc' dir='ltr'>αὐτῶν</span> <span class='ocrx_word' id='word_1_61' title='bbox 1484 759 1592 810; x_wconf 80' lang='grc' dir='ltr'>τῶν</span> <span class='ocrx_word' id='word_1_62' title='bbox 1626 750 1919 844; x_wconf 72' lang='grc' dir='ltr'>λογισμῶν</span> <span class='ocrx_word' id='word_1_63' title='bbox 1945 748 2035 844; x_wconf 25' lang='grc' dir='ltr'>’καί</span> 
     </span>
    </p>
   </div>
   <div class='ocr_carea' id='block_1_9' title="bbox 2147 748 3819 844">
    <p class='ocr_par' dir='ltr' id='par_1_9' title="bbox 2150 748 3819 844">
     <span class='ocr_line' id='line_1_9' title="bbox 2150 748 3819 844; baseline 0.009 -32"><span class='ocrx_word' id='word_1_64' title='bbox 2150 756 2351 813; x_wconf 89' lang='lat' dir='ltr'>busvis</span> <span class='ocrx_word' id='word_1_65' title='bbox 2383 757 3019 818; x_wconf 87' lang='lat' dir='ltr'>demoustrationibus.</span> <span class='ocrx_word' id='word_1_66' title='bbox 3057 762 3161 816; x_wconf 77' lang='lat' dir='ltr'>sed</span> <span class='ocrx_word' id='word_1_67' title='bbox 3193 763 3355 819; x_wconf 91' lang='lat' dir='ltr'>intus</span> <span class='ocrx_word' id='word_1_68' title='bbox 3387 766 3457 821; x_wconf 90' lang='lat' dir='ltr'>ab</span> <span class='ocrx_word' id='word_1_69' title='bbox 3489 768 3634 839; x_wconf 88' lang='lat' dir='ltr'>ipsis</span> <span class='ocrx_word' id='word_1_70' title='bbox 3666 748 3819 844; x_wconf 82' lang='lat' dir='ltr'>cogi—</span> 
     </span>
    </p>
   </div>
   <div class='ocr_carea' id='block_1_10' title="bbox 365 840 2035 929">
    <p class='ocr_par' dir='ltr' id='par_1_10' title="bbox 365 840 2035 929">
     <span class='ocr_line' id='line_1_10' title="bbox 365 840 2035 929; baseline -0.011 -18"><span class='ocrx_word' id='word_1_71' title='bbox 365 859 403 927; x_wconf 71' lang='grc' dir='ltr'>ἡ</span> <span class='ocrx_word' id='word_1_72' title='bbox 440 852 686 929; x_wconf 81' lang='grc' dir='ltr'>ἁμαρτία</span> <span class='ocrx_word' id='word_1_73' title='bbox 742 850 1092 927; x_wconf 73' lang='grc' dir='ltr'>παρίσταται,</span> <span class='ocrx_word' id='word_1_74' title='bbox 1153 846 1242 902; x_wconf 75' lang='grc' dir='ltr'>καὶ</span> <span class='ocrx_word' id='word_1_75' title='bbox 1302 848 1337 916; x_wconf 76' lang='grc' dir='ltr'>ἡ</span> <span class='ocrx_word' id='word_1_76' title='bbox 1384 845 1549 921; x_wconf 86' lang='grc' dir='ltr'>αρετή</span> <span class='ocrx_word' id='word_1_77' title='bbox 1605 840 1870 912; x_wconf 73' lang='grc' dir='ltr'>ἐπίδηλος</span> <span class='ocrx_word' id='word_1_78' title='bbox 1898 841 2035 913; x_wconf 83' lang='grc' dir='ltr'>γίνε-</span> 
     </span>
    </p>
   </div>
   <div class='ocr_carea' id='block_1_11' title="bbox 2147 840 3815 929">
    <p class='ocr_par' dir='ltr' id='par_1_11' title="bbox 2151 840 3815 929">
     <span class='ocr_line' id='line_1_11' title="bbox 2151 840 3815 929; baseline 0.009 -28"><span class='ocrx_word' id='word_1_79' title='bbox 2151 846 2504 913; x_wconf 85' lang='lat' dir='ltr'>tationibus,</span> <span class='ocrx_word' id='word_1_80' title='bbox 2533 848 2945 903; x_wconf 89' lang='lat' dir='ltr'>testimonium</span> <span class='ocrx_word' id='word_1_81' title='bbox 2980 849 3316 920; x_wconf 82' lang='lat' dir='ltr'>adducitur,</span> <span class='ocrx_word' id='word_1_82' title='bbox 3350 854 3651 929; x_wconf 85' lang='lat' dir='ltr'>virtusque</span> <span class='ocrx_word' id='word_1_83' title='bbox 3682 840 3815 916; x_wconf 74' lang='lat' dir='ltr'>lau-</span> 
     </span>
    </p>
   </div>
   <div class='ocr_carea' id='block_1_12' title="bbox 363 927 2035 1010">
    <p class='ocr_par' dir='ltr' id='par_1_12' title="bbox 363 927 2035 1010">
     <span class='ocr_line' id='line_1_12' title="bbox 363 927 2035 1010; baseline -0.011 -8"><span class='ocrx_word' id='word_1_84' title='bbox 363 927 489 1003; x_wconf 51' lang='grc' dir='ltr'>ταιί</span> <span class='ocrx_word' id='word_1_85' title='bbox 522 927 620 1000; x_wconf 78' lang='grc' dir='ltr'>Διὸ</span> <span class='ocrx_word' id='word_1_86' title='bbox 679 943 776 998; x_wconf 64' lang='grc' dir='ltr'>κᾶν</span> <span class='ocrx_word' id='word_1_87' title='bbox 835 942 887 997; x_wconf 75' lang='grc' dir='ltr'>οἱ</span> <span class='ocrx_word' id='word_1_88' title='bbox 942 938 1219 1010; x_wconf 76' lang='grc' dir='ltr'>ἅνθρωποι</span> <span class='ocrx_word' id='word_1_89' title='bbox 1272 934 1499 991; x_wconf 81' lang='grc' dir='ltr'>ἐνταῦθα</span> <span class='ocrx_word' id='word_1_90' title='bbox 1554 934 1825 998; x_wconf 80' lang='grc' dir='ltr'>ἆθωῶσιν,</span> <span class='ocrx_word' id='word_1_91' title='bbox 1868 930 1930 986; x_wconf 81' lang='grc' dir='ltr'>ού</span> <span class='ocrx_word' id='word_1_92' title='bbox 1964 927 2035 985; x_wconf 71' lang='grc' dir='ltr'>δεῖ</span> 
     </span>
    </p>
   </div>
   <div class='ocr_carea' id='block_1_13' title="bbox 2147 927 3809 1010">
    <p class='ocr_par' dir='ltr' id='par_1_13' title="bbox 2151 927 3809 1009">
     <span class='ocr_line' id='line_1_13' title="bbox 2151 927 3809 1009; baseline 0.009 -19"><span class='ocrx_word' id='word_1_93' title='bbox 2151 935 2345 993; x_wconf 86' lang='lat' dir='ltr'>datur.</span> <span class='ocrx_word' id='word_1_94' title='bbox 2383 937 2602 994; x_wconf 86' lang='lat' dir='ltr'>Idcirco</span> <span class='ocrx_word' id='word_1_95' title='bbox 2637 955 2984 1009; x_wconf 80' lang='lat' dir='ltr'>quanquam</span> <span class='ocrx_word' id='word_1_96' title='bbox 3020 940 3288 996; x_wconf 72' lang='lat' dir='ltr'>224hic</span> <span class='ocrx_word' id='word_1_97' title='bbox 3319 927 3594 1002; x_wconf 74' lang='lat' dir='ltr'>homines</span> <span class='ocrx_word' id='word_1_98' title='bbox 3616 948 3809 1005; x_wconf 89' lang='lat' dir='ltr'>absol-</span> 
     </span>
    </p>
   </div>
   <div class='ocr_carea' id='block_1_14' title="bbox 359 1018 2035 1107">
    <p class='ocr_par' dir='ltr' id='par_1_14' title="bbox 359 1018 2035 1107">
     <span class='ocr_line' id='line_1_14' title="bbox 359 1018 2035 1107; baseline -0.01 -16"><span class='ocrx_word' id='word_1_99' title='bbox 359 1035 602 1096; x_wconf 74' lang='grc' dir='ltr'>τούτους</span> <span class='ocrx_word' id='word_1_100' title='bbox 665 1032 904 1107; x_wconf 63' lang='grc' dir='ltr'>οαρῥεῖψ</span> <span class='ocrx_word' id='word_1_101' title='bbox 988 1026 1142 1085; x_wconf 67' lang='grc' dir='ltr'>οὐδὲν</span> <span class='ocrx_word' id='word_1_102' title='bbox 1222 1026 1325 1102; x_wconf 72' lang='grc' dir='ltr'>γὰρ</span> <span class='ocrx_word' id='word_1_103' title='bbox 1414 1025 1615 1088; x_wconf 79' lang='grc' dir='ltr'>ἐκεῖθεν</span> <span class='ocrx_word' id='word_1_104' title='bbox 1669 1018 2035 1098; x_wconf 71' lang='grc' dir='ltr'>ὠιρελτίσουσι.</span> 
     </span>
    </p>
   </div>
   <div class='ocr_carea' id='block_1_15' title="bbox 2147 1018 3811 1107">
    <p class='ocr_par' dir='ltr' id='par_1_15' title="bbox 2150 1026 3811 1099">
     <span class='ocr_line' id='line_1_15' title="bbox 2150 1026 3811 1099; baseline 0.008 -19"><span class='ocrx_word' id='word_1_105' title='bbox 2150 1026 2360 1093; x_wconf 89' lang='lat' dir='ltr'>verint,</span> <span class='ocrx_word' id='word_1_106' title='bbox 2393 1043 2515 1082; x_wconf 94' lang='lat' dir='ltr'>non</span> <span class='ocrx_word' id='word_1_107' title='bbox 2548 1033 2781 1099; x_wconf 84' lang='lat' dir='ltr'>oportet</span> <span class='ocrx_word' id='word_1_108' title='bbox 2820 1028 2929 1083; x_wconf 88' lang='lat' dir='ltr'>hos</span> <span class='ocrx_word' id='word_1_109' title='bbox 2978 1045 3107 1084; x_wconf 89' lang='lat' dir='ltr'>esse</span> <span class='ocrx_word' id='word_1_110' title='bbox 3156 1046 3435 1088; x_wconf 85' lang='lat' dir='ltr'>securos:</span> <span class='ocrx_word' id='word_1_111' title='bbox 3470 1035 3619 1090; x_wconf 89' lang='lat' dir='ltr'>nihil</span> <span class='ocrx_word' id='word_1_112' title='bbox 3650 1039 3811 1095; x_wconf 91' lang='lat' dir='ltr'>enim</span> 
     </span>
    </p>
   </div>
   <div class='ocr_carea' id='block_1_16' title="bbox 364 1107 2035 1195">
    <p class='ocr_par' dir='ltr' id='par_1_16' title="bbox 364 1107 2035 1195">
     <span class='ocr_line' id='line_1_16' title="bbox 364 1107 2035 1195; baseline -0.011 -15"><span class='ocrx_word' id='word_1_113' title='bbox 364 1122 483 1182; x_wconf 68' lang='grc' dir='ltr'>Κᾶν</span> <span class='ocrx_word' id='word_1_114' title='bbox 535 1120 707 1177; x_wconf 72' lang='grc' dir='ltr'>πάλιν</span> <span class='ocrx_word' id='word_1_115' title='bbox 738 1119 1163 1195; x_wconf 78' lang='grc' dir='ltr'>κατακρίνωσιν,</span> <span class='ocrx_word' id='word_1_116' title='bbox 1218 1116 1283 1171; x_wconf 84' lang='grc' dir='ltr'>οὐ</span> <span class='ocrx_word' id='word_1_117' title='bbox 1335 1116 1448 1191; x_wconf 79' lang='grc' dir='ltr'>χρὴ</span> <span class='ocrx_word' id='word_1_118' title='bbox 1508 1110 1830 1188; x_wconf 72' lang='grc' dir='ltr'>φροντίζειν.</span> <span class='ocrx_word' id='word_1_119' title='bbox 1876 1107 2035 1167; x_wconf 63' lang='grc' dir='ltr'>Ούδέι</span> 
     </span>
    </p>
   </div>
   <div class='ocr_carea' id='block_1_17' title="bbox 2147 1107 3810 1195">
    <p class='ocr_par' dir='ltr' id='par_1_17' title="bbox 2154 1115 3810 1194">
     <span class='ocr_line' id='line_1_17' title="bbox 2154 1115 3810 1194; baseline 0.008 -25"><span class='ocrx_word' id='word_1_120' title='bbox 2154 1115 2296 1171; x_wconf 91' lang='lat' dir='ltr'>inde</span> <span class='ocrx_word' id='word_1_121' title='bbox 2335 1115 2725 1186; x_wconf 85' lang='lat' dir='ltr'>juvabuntur.</span> <span class='ocrx_word' id='word_1_122' title='bbox 2777 1119 3032 1173; x_wconf 84' lang='lat' dir='ltr'>Rursum</span> <span class='ocrx_word' id='word_1_123' title='bbox 3093 1119 3202 1174; x_wconf 87' lang='lat' dir='ltr'>etsi</span> <span class='ocrx_word' id='word_1_124' title='bbox 3263 1122 3810 1194; x_wconf 85' lang='lat' dir='ltr'>condemnaverint,</span> 
     </span>
    </p>
   </div>
   <div class='ocr_carea' id='block_1_18' title="bbox 363 1200 2035 1293">
    <p class='ocr_par' dir='ltr' id='par_1_18' title="bbox 363 1200 2035 1293">
     <span class='ocr_line' id='line_1_18' title="bbox 363 1200 2035 1293; baseline -0.01 -23"><span class='ocrx_word' id='word_1_125' title='bbox 363 1215 476 1293; x_wconf 67' lang='grc' dir='ltr'>γὰρ</span> <span class='ocrx_word' id='word_1_126' title='bbox 537 1211 654 1268; x_wconf 76' lang='grc' dir='ltr'>ἐκεῖ</span> <span class='ocrx_word' id='word_1_127' title='bbox 706 1209 1032 1287; x_wconf 64' lang='grc' dir='ltr'>βλάψουσιν,</span> <span class='ocrx_word' id='word_1_128' title='bbox 1096 1205 1224 1263; x_wconf 83' lang='grc' dir='ltr'>ἀλλ’</span> <span class='ocrx_word' id='word_1_129' title='bbox 1282 1205 1437 1281; x_wconf 83' lang='grc' dir='ltr'>ἀρκεῖ</span> <span class='ocrx_word' id='word_1_130' title='bbox 1492 1204 1580 1259; x_wconf 81' lang='grc' dir='ltr'>καὶ</span> <span class='ocrx_word' id='word_1_131' title='bbox 1624 1201 1699 1264; x_wconf 84' lang='grc' dir='ltr'>εἷς</span> <span class='ocrx_word' id='word_1_132' title='bbox 1729 1200 2035 1275; x_wconf 66' lang='grc' dir='ltr'>κατάκρισιν</span> 
     </span>
    </p>
   </div>
   <div class='ocr_carea' id='block_1_19' title="bbox 2147 1200 3813 1293">
    <p class='ocr_par' dir='ltr' id='par_1_19' title="bbox 2160 1204 3813 1281">
     <span class='ocr_line' id='line_1_19' title="bbox 2160 1204 3813 1281; baseline 0.007 -22"><span class='ocrx_word' id='word_1_133' title='bbox 2160 1221 2283 1260; x_wconf 92' lang='lat' dir='ltr'>non</span> <span class='ocrx_word' id='word_1_134' title='bbox 2313 1204 2636 1262; x_wconf 84' lang='lat' dir='ltr'>admodum</span> <span class='ocrx_word' id='word_1_135' title='bbox 2669 1207 2805 1278; x_wconf 82' lang='lat' dir='ltr'>angi</span> <span class='ocrx_word' id='word_1_136' title='bbox 2866 1213 3137 1279; x_wconf 80' lang='lat' dir='ltr'>oportet:</span> <span class='ocrx_word' id='word_1_137' title='bbox 3173 1209 3221 1263; x_wconf 88' lang='lat' dir='ltr'>si</span> <span class='ocrx_word' id='word_1_138' title='bbox 3255 1211 3498 1281; x_wconf 89' lang='lat' dir='ltr'>quidem</span> <span class='ocrx_word' id='word_1_139' title='bbox 3549 1215 3703 1269; x_wconf 89' lang='lat' dir='ltr'>nihil</span> <span class='ocrx_word' id='word_1_140' title='bbox 3735 1216 3813 1271; x_wconf 89' lang='lat' dir='ltr'>ibi</span> 
     </span>
    </p>
   </div>
   <div class='ocr_carea' id='block_1_20' title="bbox 361 1286 2035 1372">
    <p class='ocr_par' dir='ltr' id='par_1_20' title="bbox 361 1286 2035 1372">
     <span class='ocr_line' id='line_1_20' title="bbox 361 1286 2035 1372; baseline -0.01 -14"><span class='ocrx_word' id='word_1_141' title='bbox 521 1301 602 1363; x_wconf 48' lang='grc' dir='ltr'>εῗς</span> <span class='ocrx_word' id='word_1_142' title='bbox 660 1286 931 1372; x_wconf 70' lang='grc' dir='ltr'>ἀθώωσιν,</span> <span class='ocrx_word' id='word_1_143' title='bbox 985 1300 1021 1368; x_wconf 74' lang='grc' dir='ltr'>ἡ</span> <span class='ocrx_word' id='word_1_144' title='bbox 1077 1301 1186 1351; x_wconf 78' lang='grc' dir='ltr'>τῶν</span> <span class='ocrx_word' id='word_1_145' title='bbox 1243 1294 1459 1350; x_wconf 79' lang='grc' dir='ltr'>οἰκείων</span> <span class='ocrx_word' id='word_1_146' title='bbox 1519 1291 1801 1367; x_wconf 77' lang='grc' dir='ltr'>λογισμῶν</span> <span class='ocrx_word' id='word_1_147' title='bbox 1860 1286 2035 1344; x_wconf 86' lang='grc' dir='ltr'>συναί-</span> 
     </span>
    </p>
   </div>
   <div class='ocr_carea' id='block_1_21' title="bbox 2147 1286 3815 1372">
    <p class='ocr_par' dir='ltr' id='par_1_21' title="bbox 2150 1293 3815 1363">
     <span class='ocr_line' id='line_1_21' title="bbox 2150 1293 3815 1363; baseline 0.007 -14"><span class='ocrx_word' id='word_1_148' title='bbox 2150 1293 2476 1363; x_wconf 88' lang='lat' dir='ltr'>nocebunt,</span> <span class='ocrx_word' id='word_1_149' title='bbox 2510 1295 2615 1350; x_wconf 91' lang='lat' dir='ltr'>sed</span> <span class='ocrx_word' id='word_1_150' title='bbox 2656 1296 2801 1352; x_wconf 80' lang='lat' dir='ltr'>satis</span> <span class='ocrx_word' id='word_1_151' title='bbox 2833 1302 2922 1351; x_wconf 88' lang='lat' dir='ltr'>est</span> <span class='ocrx_word' id='word_1_152' title='bbox 2968 1303 3025 1351; x_wconf 88' lang='lat' dir='ltr'>et</span> <span class='ocrx_word' id='word_1_153' title='bbox 3052 1297 3125 1353; x_wconf 90' lang='lat' dir='ltr'>ad</span> <span class='ocrx_word' id='word_1_154' title='bbox 3157 1298 3722 1359; x_wconf 83' lang='lat' dir='ltr'>condemnationem</span> <span class='ocrx_word' id='word_1_155' title='bbox 3756 1311 3815 1361; x_wconf 91' lang='lat' dir='ltr'>et</span> 
     </span>
    </p>
   </div>
   <div class='ocr_carea' id='block_1_22' title="bbox 363 1378 2035 1464">
    <p class='ocr_par' dir='ltr' id='par_1_22' title="bbox 363 1378 2035 1464">
     <span class='ocr_line' id='line_1_22' title="bbox 363 1378 2035 1464; baseline -0.009 -17"><span class='ocrx_word' id='word_1_156' title='bbox 363 1403 573 1462; x_wconf 78' lang='grc' dir='ltr'>σθησις</span> <span class='ocrx_word' id='word_1_157' title='bbox 602 1389 692 1445; x_wconf 73' lang='grc' dir='ltr'>καί</span> <span class='ocrx_word' id='word_1_158' title='bbox 730 1387 1019 1464; x_wconf 77' lang='grc' dir='ltr'>μαρτυρία.</span> <span class='ocrx_word' id='word_1_159' title='bbox 1079 1386 1227 1442; x_wconf 75' lang='grc' dir='ltr'>Διατί</span> <span class='ocrx_word' id='word_1_160' title='bbox 1280 1383 1338 1439; x_wconf 73' lang='grc' dir='ltr'>δὲ</span> <span class='ocrx_word' id='word_1_161' title='bbox 1376 1383 1564 1439; x_wconf 71' lang='grc' dir='ltr'>εἲπών·</span> <span class='ocrx_word' id='word_1_162' title='bbox 1605 1408 1625 1433; x_wconf 76' lang='grc' dir='ltr'>α</span> <span class='ocrx_word' id='word_1_163' title='bbox 1658 1378 2035 1456; x_wconf 85' lang='grc' dir='ltr'>Κατηγορούν-</span> 
     </span>
    </p>
   </div>
   <div class='ocr_carea' id='block_1_23' title="bbox 2147 1378 3817 1464">
    <p class='ocr_par' dir='ltr' id='par_1_23' title="bbox 2154 1383 3817 1459">
     <span class='ocr_line' id='line_1_23' title="bbox 2154 1383 3817 1459; baseline 0.007 -21"><span class='ocrx_word' id='word_1_164' title='bbox 2154 1383 2228 1438; x_wconf 92' lang='lat' dir='ltr'>ad</span> <span class='ocrx_word' id='word_1_165' title='bbox 2246 1383 2681 1440; x_wconf 86' lang='lat' dir='ltr'>absolutionem</span> <span class='ocrx_word' id='word_1_166' title='bbox 2715 1387 3016 1457; x_wconf 86' lang='lat' dir='ltr'>propriam</span> <span class='ocrx_word' id='word_1_167' title='bbox 3050 1388 3476 1459; x_wconf 84' lang='lat' dir='ltr'>cogitationum</span> <span class='ocrx_word' id='word_1_168' title='bbox 3508 1394 3817 1448; x_wconf 83' lang='lat' dir='ltr'>conscien-</span> 
     </span>
    </p>
   </div>
   <div class='ocr_carea' id='block_1_24' title="bbox 358 1471 2035 1557">
    <p class='ocr_par' dir='ltr' id='par_1_24' title="bbox 358 1474 2035 1557">
     <span class='ocr_line' id='line_1_24' title="bbox 358 1474 2035 1557; baseline -0.009 -17"><span class='ocrx_word' id='word_1_169' title='bbox 358 1506 474 1540; x_wconf 87' lang='grc' dir='ltr'>των</span> <span class='ocrx_word' id='word_1_170' title='bbox 531 1488 641 1537; x_wconf 77' lang='grc' dir='ltr'>τῶν</span> <span class='ocrx_word' id='word_1_171' title='bbox 704 1480 1016 1557; x_wconf 72' lang='grc' dir='ltr'>λογισμῶν,</span> <span class='ocrx_word' id='word_1_172' title='bbox 1052 1503 1081 1531; x_wconf 83' lang='grc'>››</span> <span class='ocrx_word' id='word_1_173' title='bbox 1144 1477 1245 1534; x_wconf 78' lang='grc' dir='ltr'>οὐκ</span> <span class='ocrx_word' id='word_1_174' title='bbox 1302 1476 1440 1533; x_wconf 78' lang='grc' dir='ltr'>εἶπε.</span> <span class='ocrx_word' id='word_1_175' title='bbox 1502 1500 1528 1529; x_wconf 78' lang='grc' dir='ltr'>ι(</span> <span class='ocrx_word' id='word_1_176' title='bbox 1565 1474 2035 1541; x_wconf 78' lang='grc' dir='ltr'>Δικαιούντων;ι</span> 
     </span>
    </p>
   </div>
   <div class='ocr_carea' id='block_1_25' title="bbox 2147 1471 3814 1557">
    <p class='ocr_par' dir='ltr' id='par_1_25' title="bbox 2154 1471 3814 1555">
     <span class='ocr_line' id='line_1_25' title="bbox 2154 1471 3814 1555; baseline 0.007 -29"><span class='ocrx_word' id='word_1_177' title='bbox 2154 1471 2237 1527; x_wconf 89' lang='lat' dir='ltr'>tia</span> <span class='ocrx_word' id='word_1_178' title='bbox 2261 1473 2351 1528; x_wconf 85' lang='lat' dir='ltr'>vel</span> <span class='ocrx_word' id='word_1_179' title='bbox 2384 1474 2812 1529; x_wconf 91' lang='lat' dir='ltr'>testimonium.</span> <span class='ocrx_word' id='word_1_180' title='bbox 2846 1477 3061 1530; x_wconf 90' lang='lat' dir='ltr'>Verum</span> <span class='ocrx_word' id='word_1_181' title='bbox 3097 1494 3233 1532; x_wconf 90' lang='lat' dir='ltr'>cum</span> <span class='ocrx_word' id='word_1_182' title='bbox 3280 1478 3564 1536; x_wconf 87' lang='lat' dir='ltr'>dixisset:</span> <span class='ocrx_word' id='word_1_183' title='bbox 3589 1505 3617 1532; x_wconf 87' lang='grc'>‹‹</span> <span class='ocrx_word' id='word_1_184' title='bbox 3642 1483 3814 1555; x_wconf 88' lang='lat' dir='ltr'>Cogi-</span> 
     </span>
    </p>
   </div>
   <div class='ocr_carea' id='block_1_26' title="bbox 364 1559 2035 1649">
    <p class='ocr_par' dir='ltr' id='par_1_26' title="bbox 364 1559 2035 1649">
     <span class='ocr_line' id='line_1_26' title="bbox 364 1559 2035 1649; baseline -0.01 -19"><span class='ocrx_word' id='word_1_185' title='bbox 364 1574 543 1635; x_wconf 73' lang='grc' dir='ltr'>οῦτως</span> <span class='ocrx_word' id='word_1_186' title='bbox 577 1573 682 1649; x_wconf 70' lang='grc' dir='ltr'>γὰρ</span> <span class='ocrx_word' id='word_1_187' title='bbox 724 1568 785 1625; x_wconf 80' lang='grc' dir='ltr'>ἂν</span> <span class='ocrx_word' id='word_1_188' title='bbox 841 1568 1165 1640; x_wconf 69' lang='grc' dir='ltr'>ἐδηλοῦντο,</span> <span class='ocrx_word' id='word_1_189' title='bbox 1218 1568 1269 1623; x_wconf 72' lang='grc' dir='ltr'>οἱ</span> <span class='ocrx_word' id='word_1_190' title='bbox 1318 1562 1685 1638; x_wconf 77' lang='grc' dir='ltr'>κολαζόμενοί</span> <span class='ocrx_word' id='word_1_191' title='bbox 1715 1583 1773 1619; x_wconf 86' lang='grc' dir='ltr'>τε</span> <span class='ocrx_word' id='word_1_192' title='bbox 1805 1559 1895 1616; x_wconf 81' lang='grc' dir='ltr'>διὰ</span> <span class='ocrx_word' id='word_1_193' title='bbox 1924 1563 2035 1649; x_wconf 64' lang='grc' dir='ltr'>τοῦ1</span> 
     </span>
    </p>
   </div>
   <div class='ocr_carea' id='block_1_27' title="bbox 2147 1559 3809 1649">
    <p class='ocr_par' dir='ltr' id='par_1_27' title="bbox 2156 1562 3809 1639">
     <span class='ocr_line' id='line_1_27' title="bbox 2156 1562 3809 1639; baseline 0.007 -23"><span class='ocrx_word' id='word_1_194' title='bbox 2156 1562 2481 1619; x_wconf 89' lang='lat' dir='ltr'>tationibus</span> <span class='ocrx_word' id='word_1_195' title='bbox 2561 1564 2999 1632; x_wconf 85' lang='lat' dir='ltr'>accusantibus,</span> <span class='ocrx_word' id='word_1_196' title='bbox 3063 1586 3087 1617; x_wconf 73' lang='grc' dir='ltr'>ν</span> <span class='ocrx_word' id='word_1_197' title='bbox 3136 1584 3320 1638; x_wconf 90' lang='lat' dir='ltr'>quare</span> <span class='ocrx_word' id='word_1_198' title='bbox 3374 1586 3495 1625; x_wconf 92' lang='lat' dir='ltr'>non</span> <span class='ocrx_word' id='word_1_199' title='bbox 3557 1571 3809 1639; x_wconf 89' lang='lat' dir='ltr'>addidit,</span> 
     </span>
    </p>
   </div>
   <div class='ocr_carea' id='block_1_28' title="bbox 376 1648 2035 1737">
    <p class='ocr_par' dir='ltr' id='par_1_28' title="bbox 376 1648 2035 1737">
     <span class='ocr_line' id='line_1_28' title="bbox 376 1648 2035 1737; baseline -0.007 -21"><span class='ocrx_word' id='word_1_200' title='bbox 376 1686 407 1716; x_wconf 79' lang='grc' dir='ltr'>ιι</span> <span class='ocrx_word' id='word_1_201' title='bbox 422 1648 923 1737; x_wconf 78' lang='grc' dir='ltr'>Κατηγορούντων,</span> <span class='ocrx_word' id='word_1_202' title='bbox 944 1680 970 1711; x_wconf 71' lang='grc' dir='ltr'>ι</span> <span class='ocrx_word' id='word_1_203' title='bbox 1010 1656 1102 1715; x_wconf 83' lang='grc' dir='ltr'>καὶ</span> <span class='ocrx_word' id='word_1_204' title='bbox 1126 1658 1178 1712; x_wconf 76' lang='grc' dir='ltr'>οἱ</span> <span class='ocrx_word' id='word_1_205' title='bbox 1200 1657 1506 1731; x_wconf 72' lang='grc' dir='ltr'>σωζόμενοι</span> <span class='ocrx_word' id='word_1_206' title='bbox 1535 1652 1624 1709; x_wconf 71' lang='grc' dir='ltr'>διὰ</span> <span class='ocrx_word' id='word_1_207' title='bbox 1645 1648 2035 1721; x_wconf 78' lang='grc' dir='ltr'>τοῦ,Δικαιούν-</span> 
     </span>
    </p>
   </div>
   <div class='ocr_carea' id='block_1_29' title="bbox 2147 1648 3814 1737">
    <p class='ocr_par' dir='ltr' id='par_1_29' title="bbox 2164 1653 3814 1719">
     <span class='ocr_line' id='line_1_29' title="bbox 2164 1653 3814 1719; baseline 0.008 -13"><span class='ocrx_word' id='word_1_208' title='bbox 2164 1674 2188 1706; x_wconf 72' lang='grc' dir='ltr'>α</span> <span class='ocrx_word' id='word_1_209' title='bbox 2217 1653 2691 1711; x_wconf 82' lang='lat' dir='ltr'>Justiﬁcantibus</span> <span class='ocrx_word' id='word_1_210' title='bbox 2713 1654 2740 1710; x_wconf 85' lang='lat'>‘?</span> <span class='ocrx_word' id='word_1_211' title='bbox 2761 1678 2789 1705; x_wconf 83' lang='lat'><em>»</em></span> <span class='ocrx_word' id='word_1_212' title='bbox 2822 1657 2909 1710; x_wconf 90' lang='lat' dir='ltr'>Ita</span> <span class='ocrx_word' id='word_1_213' title='bbox 2967 1656 3124 1712; x_wconf 89' lang='lat' dir='ltr'>enim</span> <span class='ocrx_word' id='word_1_214' title='bbox 3159 1659 3458 1716; x_wconf 82' lang='lat' dir='ltr'>manifesti</span> <span class='ocrx_word' id='word_1_215' title='bbox 3511 1661 3722 1718; x_wconf 80' lang='lat' dir='ltr'>ﬂerent</span> <span class='ocrx_word' id='word_1_216' title='bbox 3753 1669 3814 1719; x_wconf 91' lang='lat' dir='ltr'>et</span> 
     </span>
    </p>
   </div>
   <div class='ocr_carea' id='block_1_30' title="bbox 382 1743 2035 1823">
    <p class='ocr_par' dir='ltr' id='par_1_30' title="bbox 382 1744 2035 1823">
     <span class='ocr_line' id='line_1_30' title="bbox 382 1744 2035 1823; baseline -0.009 -10"><span class='ocrx_word' id='word_1_217' title='bbox 382 1778 513 1813; x_wconf 85' lang='grc' dir='ltr'>των.</span> <span class='ocrx_word' id='word_1_218' title='bbox 563 1759 667 1811; x_wconf 71' lang='grc' dir='ltr'>Νῦν</span> <span class='ocrx_word' id='word_1_219' title='bbox 718 1751 778 1809; x_wconf 73' lang='grc' dir='ltr'>δὲ</span> <span class='ocrx_word' id='word_1_220' title='bbox 829 1752 907 1816; x_wconf 83' lang='grc' dir='ltr'>ὡς</span> <span class='ocrx_word' id='word_1_221' title='bbox 960 1750 1049 1808; x_wconf 76' lang='grc' dir='ltr'>ἐπὶ</span> <span class='ocrx_word' id='word_1_222' title='bbox 1086 1750 1204 1814; x_wconf 74' lang='grc' dir='ltr'>ἑνὸς</span> <span class='ocrx_word' id='word_1_223' title='bbox 1237 1751 1325 1806; x_wconf 76' lang='grc' dir='ltr'>καὶ</span> <span class='ocrx_word' id='word_1_224' title='bbox 1358 1753 1456 1805; x_wconf 83' lang='grc' dir='ltr'>τοῦ</span> <span class='ocrx_word' id='word_1_225' title='bbox 1487 1747 1653 1804; x_wconf 77' lang='grc' dir='ltr'>αὐτοῦ</span> <span class='ocrx_word' id='word_1_226' title='bbox 1683 1744 2035 1823; x_wconf 67' lang='grc' dir='ltr'>προτρέπεται</span> 
     </span>
    </p>
   </div>
   <div class='ocr_carea' id='block_1_31' title="bbox 2147 1743 3813 1823">
    <p class='ocr_par' dir='ltr' id='par_1_31' title="bbox 2158 1743 3813 1818">
     <span class='ocr_line' id='line_1_31' title="bbox 2158 1743 3813 1818; baseline 0.006 -21"><span class='ocrx_word' id='word_1_227' title='bbox 2158 1743 2259 1813; x_wconf 91' lang='lat' dir='ltr'>qui</span> <span class='ocrx_word' id='word_1_228' title='bbox 2285 1744 2621 1816; x_wconf 90' lang='lat' dir='ltr'>puniuntur</span> <span class='ocrx_word' id='word_1_229' title='bbox 2649 1762 2755 1817; x_wconf 87' lang='lat' dir='ltr'>per</span> <span class='ocrx_word' id='word_1_230' title='bbox 2784 1746 2896 1802; x_wconf 91' lang='lat' dir='ltr'>hoc</span> <span class='ocrx_word' id='word_1_231' title='bbox 2929 1746 3088 1818; x_wconf 91' lang='lat' dir='ltr'>quod</span> <span class='ocrx_word' id='word_1_232' title='bbox 3139 1748 3378 1818; x_wconf 85' lang='lat' dir='ltr'>dicitur,</span> <span class='ocrx_word' id='word_1_233' title='bbox 3400 1774 3427 1802; x_wconf 87' lang='lat'><strong>«</strong></span> <span class='ocrx_word' id='word_1_234' title='bbox 3461 1753 3813 1809; x_wconf 86' lang='lat' dir='ltr'>Accusanti-</span> 
     </span>
    </p>
   </div>
   <div class='ocr_carea' id='block_1_32' title="bbox 387 1833 2035 1915">
    <p class='ocr_par' dir='ltr' id='par_1_32' title="bbox 387 1835 2035 1915">
     <span class='ocr_line' id='line_1_32' title="bbox 387 1835 2035 1915; baseline -0.008 -12"><span class='ocrx_word' id='word_1_235' title='bbox 387 1851 530 1903; x_wconf 82' lang='grc' dir='ltr'>νοεῖν</span> <span class='ocrx_word' id='word_1_236' title='bbox 560 1847 594 1914; x_wconf 75' lang='grc' dir='ltr'><strong>ἡ</strong></span> <span class='ocrx_word' id='word_1_237' title='bbox 621 1842 940 1911; x_wconf 78' lang='grc' dir='ltr'>ἀκολουθία,</span> <span class='ocrx_word' id='word_1_238' title='bbox 969 1841 1059 1897; x_wconf 75' lang='grc' dir='ltr'>καὶ</span> <span class='ocrx_word' id='word_1_239' title='bbox 1088 1841 1172 1907; x_wconf 77' lang='grc' dir='ltr'>τὸ,</span> <span class='ocrx_word' id='word_1_240' title='bbox 1210 1867 1237 1894; x_wconf 81' lang='grc'>‹‹</span> <span class='ocrx_word' id='word_1_241' title='bbox 1266 1839 1755 1915; x_wconf 86' lang='grc' dir='ltr'>Κατηγορούντων,</span> <span class='ocrx_word' id='word_1_242' title='bbox 1784 1862 1811 1889; x_wconf 85' lang='grc'><strong>››</strong></span> <span class='ocrx_word' id='word_1_243' title='bbox 1836 1836 1924 1891; x_wconf 76' lang='grc' dir='ltr'>καὶ</span> <span class='ocrx_word' id='word_1_244' title='bbox 1955 1835 2035 1901; x_wconf 77' lang='grc' dir='ltr'>τὸ,</span> 
     </span>
    </p>
   </div>
   <div class='ocr_carea' id='block_1_33' title="bbox 2147 1833 3808 1915">
    <p class='ocr_par' dir='ltr' id='par_1_33' title="bbox 2156 1833 3808 1911">
     <span class='ocr_line' id='line_1_33' title="bbox 2156 1833 3808 1911; baseline 0.006 -23"><span class='ocrx_word' id='word_1_245' title='bbox 2156 1833 2288 1902; x_wconf 89' lang='lat' dir='ltr'>bus,</span> <span class='ocrx_word' id='word_1_246' title='bbox 2310 1855 2338 1885; x_wconf 85' lang='grc'><strong>››</strong></span> <span class='ocrx_word' id='word_1_247' title='bbox 2368 1840 2427 1890; x_wconf 91' lang='lat' dir='ltr'>et</span> <span class='ocrx_word' id='word_1_248' title='bbox 2458 1835 2557 1907; x_wconf 89' lang='lat' dir='ltr'>qui</span> <span class='ocrx_word' id='word_1_249' title='bbox 2593 1835 2733 1891; x_wconf 87' lang='lat' dir='ltr'>salvi</span> <span class='ocrx_word' id='word_1_250' title='bbox 2770 1836 2921 1891; x_wconf 82' lang='lat' dir='ltr'>{lunt</span> <span class='ocrx_word' id='word_1_251' title='bbox 2978 1853 3084 1908; x_wconf 90' lang='lat' dir='ltr'>per</span> <span class='ocrx_word' id='word_1_252' title='bbox 3114 1838 3227 1894; x_wconf 92' lang='lat' dir='ltr'>hoc</span> <span class='ocrx_word' id='word_1_253' title='bbox 3259 1840 3419 1911; x_wconf 89' lang='lat' dir='ltr'>quod</span> <span class='ocrx_word' id='word_1_254' title='bbox 3467 1841 3808 1911; x_wconf 89' lang='lat' dir='ltr'>adderetur,</span> 
     </span>
    </p>
   </div>
   <div class='ocr_carea' id='block_1_34' title="bbox 393 1906 2035 2011">
    <p class='ocr_par' dir='ltr' id='par_1_34' title="bbox 393 1925 2035 2011">
     <span class='ocr_line' id='line_1_34' title="bbox 393 1925 2035 2011; baseline -0.007 -21"><span class='ocrx_word' id='word_1_255' title='bbox 393 1959 419 1990; x_wconf 71' lang='grc' dir='ltr'>ι</span> <span class='ocrx_word' id='word_1_256' title='bbox 450 1932 966 2011; x_wconf 73' lang='grc' dir='ltr'>Ἀπολογουμὲνων.</span> <span class='ocrx_word' id='word_1_257' title='bbox 992 1956 1019 1983; x_wconf 85' lang='grc'><strong>››</strong></span> <span class='ocrx_word' id='word_1_258' title='bbox 1043 1932 1227 2005; x_wconf 71' lang='grc' dir='ltr'>Φαμέι</span> <span class='ocrx_word' id='word_1_259' title='bbox 1255 1930 1367 2003; x_wconf 80' lang='grc' dir='ltr'>οὗν,</span> <span class='ocrx_word' id='word_1_260' title='bbox 1391 1930 1476 1984; x_wconf 78' lang='grc' dir='ltr'>ὅτι</span> <span class='ocrx_word' id='word_1_261' title='bbox 1498 1927 1559 1984; x_wconf 81' lang='grc' dir='ltr'>ού</span> <span class='ocrx_word' id='word_1_262' title='bbox 1586 1925 1668 1984; x_wconf 85' lang='grc' dir='ltr'>δεῖ</span> <span class='ocrx_word' id='word_1_263' title='bbox 1690 1926 1777 1982; x_wconf 70' lang='grc' dir='ltr'>ἐπὶ</span> <span class='ocrx_word' id='word_1_264' title='bbox 1807 1929 1903 1981; x_wconf 89' lang='grc' dir='ltr'>τοῦ</span> <span class='ocrx_word' id='word_1_265' title='bbox 1929 1925 2035 1987; x_wconf 72' lang='grc' dir='ltr'>ἑνὸς</span> 
     </span>
    </p>
   </div>
   <div class='ocr_carea' id='block_1_35' title="bbox 2147 1906 3808 2011">
    <p class='ocr_par' dir='ltr' id='par_1_35' title="bbox 2149 1906 3808 2002">
     <span class='ocr_line' id='line_1_35' title="bbox 2149 1906 3808 2002; baseline 0.007 -25"><span class='ocrx_word' id='word_1_266' title='bbox 2149 1923 2642 1981; x_wconf 83' lang='lat' dir='ltr'>Justiﬁcantibus.</span> <span class='ocrx_word' id='word_1_267' title='bbox 2660 1926 2825 1980; x_wconf 74' lang='lat' dir='ltr'>Nunc</span> <span class='ocrx_word' id='word_1_268' title='bbox 2850 1906 3049 1981; x_wconf 84' lang='lat' dir='ltr'>autem</span> <span class='ocrx_word' id='word_1_269' title='bbox 3074 1929 3241 1999; x_wconf 89' lang='lat' dir='ltr'>quasi</span> <span class='ocrx_word' id='word_1_270' title='bbox 3269 1906 3340 1985; x_wconf 81' lang='lat' dir='ltr'>de</span> <span class='ocrx_word' id='word_1_271' title='bbox 3358 1947 3478 1985; x_wconf 91' lang='lat' dir='ltr'>uno</span> <span class='ocrx_word' id='word_1_272' title='bbox 3504 1906 3808 2002; x_wconf 72' lang='lat' dir='ltr'>eteodem,</span> 
     </span>
    </p>
   </div>
   <div class='ocr_carea' id='block_1_36' title="bbox 377 2016 2039 2097">
    <p class='ocr_par' dir='ltr' id='par_1_36' title="bbox 377 2016 2039 2097">
     <span class='ocr_line' id='line_1_36' title="bbox 377 2016 2039 2097; baseline -0.007 -16"><span class='ocrx_word' id='word_1_273' title='bbox 377 2026 467 2081; x_wconf 76' lang='grc' dir='ltr'>καὶ</span> <span class='ocrx_word' id='word_1_274' title='bbox 496 2030 591 2079; x_wconf 83' lang='grc' dir='ltr'>τοῦ</span> <span class='ocrx_word' id='word_1_275' title='bbox 620 2024 788 2080; x_wconf 75' lang='grc' dir='ltr'>αὐτοῦ</span> <span class='ocrx_word' id='word_1_276' title='bbox 820 2023 1103 2097; x_wconf 71' lang='grc' dir='ltr'>ἀμφότερα</span> <span class='ocrx_word' id='word_1_277' title='bbox 1142 2016 1353 2091; x_wconf 79' lang='grc' dir='ltr'>λαϐεῖν,</span> <span class='ocrx_word' id='word_1_278' title='bbox 1393 2018 1541 2075; x_wconf 82' lang='grc' dir='ltr'>ἀλλᾶ</span> <span class='ocrx_word' id='word_1_279' title='bbox 1585 2036 2039 2093; x_wconf 60' lang='grc' dir='ltr'>κατηγορούντων</span> 
     </span>
    </p>
   </div>
   <div class='ocr_carea' id='block_1_37' title="bbox 371 2106 2038 2191">
    <p class='ocr_par' dir='ltr' id='par_1_37' title="bbox 371 2106 2038 2191">
     <span class='ocr_line' id='line_1_37' title="bbox 371 2106 2038 2191; baseline -0.006 -20"><span class='ocrx_word' id='word_1_280' title='bbox 371 2117 475 2191; x_wconf 75' lang='grc' dir='ltr'>μὲν</span> <span class='ocrx_word' id='word_1_281' title='bbox 506 2121 616 2171; x_wconf 79' lang='grc' dir='ltr'>τῶν</span> <span class='ocrx_word' id='word_1_282' title='bbox 681 2116 972 2189; x_wconf 73' lang='grc' dir='ltr'>λογισμῶν</span> <span class='ocrx_word' id='word_1_283' title='bbox 1023 2112 1105 2191; x_wconf 68' lang='grc' dir='ltr'>ἐφ’</span> <span class='ocrx_word' id='word_1_284' title='bbox 1163 2111 1380 2184; x_wconf 69' lang='grc' dir='ltr'>ἑτέρων,</span> <span class='ocrx_word' id='word_1_285' title='bbox 1438 2109 1563 2180; x_wconf 70' lang='grc' dir='ltr'>ἢτοι</span> <span class='ocrx_word' id='word_1_286' title='bbox 1619 2113 1726 2164; x_wconf 83' lang='grc' dir='ltr'>τῶν</span> <span class='ocrx_word' id='word_1_287' title='bbox 1759 2106 2038 2178; x_wconf 81' lang='grc' dir='ltr'>κολασθη-</span> 
     </span>
    </p>
   </div>
   <div class='ocr_carea' id='block_1_38' title="bbox 368 2197 2039 2280">
    <p class='ocr_par' dir='ltr' id='par_1_38' title="bbox 368 2197 2039 2280">
     <span class='ocr_line' id='line_1_38' title="bbox 368 2197 2039 2280; baseline -0.007 -19"><span class='ocrx_word' id='word_1_288' title='bbox 368 2204 652 2280; x_wconf 74' lang='grc' dir='ltr'>σομένων,</span> <span class='ocrx_word' id='word_1_289' title='bbox 714 2201 1180 2279; x_wconf 67' lang='grc' dir='ltr'>ἀπολογουμένων</span> <span class='ocrx_word' id='word_1_290' title='bbox 1238 2199 1295 2256; x_wconf 73' lang='grc' dir='ltr'>δὲ</span> <span class='ocrx_word' id='word_1_291' title='bbox 1350 2198 1430 2280; x_wconf 76' lang='grc' dir='ltr'>ἐφ’</span> <span class='ocrx_word' id='word_1_292' title='bbox 1476 2200 1695 2274; x_wconf 70' lang='grc' dir='ltr'>ἑτέρων,</span> <span class='ocrx_word' id='word_1_293' title='bbox 1756 2197 1883 2268; x_wconf 74' lang='grc' dir='ltr'>ἢτοι</span> <span class='ocrx_word' id='word_1_294' title='bbox 1930 2199 2039 2250; x_wconf 80' lang='grc' dir='ltr'>τῶν</span> 
     </span>
    </p>
   </div>
   <div class='ocr_carea' id='block_1_39' title="bbox 370 2284 2037 2367">
    <p class='ocr_par' dir='ltr' id='par_1_39' title="bbox 370 2284 2037 2367">
     <span class='ocr_line' id='line_1_39' title="bbox 370 2284 2037 2367; baseline -0.007 -16"><span class='ocrx_word' id='word_1_295' title='bbox 370 2293 809 2367; x_wconf 72' lang='grc' dir='ltr'>σωθησομένων.</span> <span class='ocrx_word' id='word_1_296' title='bbox 870 2291 1023 2347; x_wconf 85' lang='grc' dir='ltr'>Διατί</span> <span class='ocrx_word' id='word_1_297' title='bbox 1079 2289 1135 2346; x_wconf 75' lang='grc' dir='ltr'>δὲ</span> <span class='ocrx_word' id='word_1_298' title='bbox 1192 2290 1292 2347; x_wconf 83' lang='grc' dir='ltr'>οὐκ</span> <span class='ocrx_word' id='word_1_299' title='bbox 1343 2289 1478 2345; x_wconf 74' lang='grc' dir='ltr'>εἶπε·</span> <span class='ocrx_word' id='word_1_300' title='bbox 1540 2288 1642 2346; x_wconf 79' lang='grc' dir='ltr'>Καὶ</span> <span class='ocrx_word' id='word_1_301' title='bbox 1688 2284 2037 2342; x_wconf 74' lang='grc' dir='ltr'>δικαιούντων</span> 
     </span>
    </p>
   </div>
   <div class='ocr_carea' id='block_1_40' title="bbox 363 2371 2042 2458">
    <p class='ocr_par' dir='ltr' id='par_1_40' title="bbox 363 2371 2042 2458">
     <span class='ocr_line' id='line_1_40' title="bbox 363 2371 2042 2458; baseline -0.008 -17"><span class='ocrx_word' id='word_1_302' title='bbox 363 2387 462 2442; x_wconf 72' lang='grc' dir='ltr'>καί</span> <span class='ocrx_word' id='word_1_303' title='bbox 521 2385 1013 2458; x_wconf 79' lang='grc' dir='ltr'>κατακρινόντων;</span> <span class='ocrx_word' id='word_1_304' title='bbox 1071 2382 1195 2439; x_wconf 74' lang='grc' dir='ltr'>’Ότι</span> <span class='ocrx_word' id='word_1_305' title='bbox 1257 2380 1321 2435; x_wconf 79' lang='grc' dir='ltr'>οὐ</span> <span class='ocrx_word' id='word_1_306' title='bbox 1381 2376 1680 2433; x_wconf 86' lang='grc' dir='ltr'>δικαιοῦσιν</span> <span class='ocrx_word' id='word_1_307' title='bbox 1734 2371 2042 2431; x_wconf 74' lang='grc' dir='ltr'>οῦτοιούδὲ</span> 
     </span>
    </p>
   </div>
   <div class='ocr_carea' id='block_1_41' title="bbox 365 2463 2041 2549">
    <p class='ocr_par' dir='ltr' id='par_1_41' title="bbox 365 2463 2041 2549">
     <span class='ocr_line' id='line_1_41' title="bbox 365 2463 2041 2549; baseline -0.008 -17"><span class='ocrx_word' id='word_1_308' title='bbox 365 2480 783 2549; x_wconf 70' lang='grc' dir='ltr'>τιμωροῦνται,</span> <span class='ocrx_word' id='word_1_309' title='bbox 838 2470 984 2528; x_wconf 79' lang='grc' dir='ltr'>ἀλλὰ</span> <span class='ocrx_word' id='word_1_310' title='bbox 1042 2473 1412 2545; x_wconf 82' lang='grc' dir='ltr'>κατηγοροῦσι</span> <span class='ocrx_word' id='word_1_311' title='bbox 1448 2468 1542 2542; x_wconf 70' lang='grc' dir='ltr'>μὲν</span> <span class='ocrx_word' id='word_1_312' title='bbox 1599 2467 1635 2538; x_wconf 73' lang='grc' dir='ltr'>ἢ</span> <span class='ocrx_word' id='word_1_313' title='bbox 1694 2463 2041 2541; x_wconf 83' lang='grc' dir='ltr'>ἀπολογοῦν-</span> 
     </span>
    </p>
   </div>
   <div class='ocr_carea' id='block_1_42' title="bbox 369 2557 2037 2641">
    <p class='ocr_par' dir='ltr' id='par_1_42' title="bbox 369 2557 2037 2641">
     <span class='ocr_line' id='line_1_42' title="bbox 369 2557 2037 2641; baseline -0.007 -18"><span class='ocrx_word' id='word_1_314' title='bbox 369 2590 485 2624; x_wconf 83' lang='grc' dir='ltr'>ται.</span> <span class='ocrx_word' id='word_1_315' title='bbox 540 2569 653 2639; x_wconf 71' lang='grc' dir='ltr'>Τὴν</span> <span class='ocrx_word' id='word_1_316' title='bbox 708 2564 766 2622; x_wconf 70' lang='grc' dir='ltr'>δὲ</span> <span class='ocrx_word' id='word_1_317' title='bbox 820 2565 994 2641; x_wconf 87' lang='grc' dir='ltr'>κρίσιν</span> <span class='ocrx_word' id='word_1_318' title='bbox 1047 2567 1148 2630; x_wconf 77' lang='grc' dir='ltr'>τῆς</span> <span class='ocrx_word' id='word_1_319' title='bbox 1201 2562 1474 2639; x_wconf 74' lang='grc' dir='ltr'>τιμωρίας</span> <span class='ocrx_word' id='word_1_320' title='bbox 1506 2560 1541 2630; x_wconf 76' lang='grc' dir='ltr'>ἦ</span> <span class='ocrx_word' id='word_1_321' title='bbox 1572 2567 1671 2629; x_wconf 80' lang='grc' dir='ltr'>τῆς</span> <span class='ocrx_word' id='word_1_322' title='bbox 1703 2557 2037 2620; x_wconf 69' lang='grc' dir='ltr'>δικαιώσεως</span> 
     </span>
    </p>
   </div>
   <div class='ocr_carea' id='block_1_43' title="bbox 364 2647 2037 2732">
    <p class='ocr_par' dir='ltr' id='par_1_43' title="bbox 364 2647 2037 2732">
     <span class='ocr_line' id='line_1_43' title="bbox 364 2647 2037 2732; baseline -0.008 -18"><span class='ocrx_word' id='word_1_323' title='bbox 364 2659 635 2732; x_wconf 76' lang='grc' dir='ltr'>ὁκριτῆς</span> <span class='ocrx_word' id='word_1_324' title='bbox 687 2656 896 2732; x_wconf 76' lang='grc' dir='ltr'>ἐπάγει.</span> <span class='ocrx_word' id='word_1_325' title='bbox 958 2652 1156 2718; x_wconf 78' lang='grc' dir='ltr'>Καλῶς</span> <span class='ocrx_word' id='word_1_326' title='bbox 1218 2656 1307 2710; x_wconf 67' lang='grc' dir='ltr'>οὖν</span> <span class='ocrx_word' id='word_1_327' title='bbox 1368 2673 1523 2730; x_wconf 76' lang='grc' dir='ltr'>φησι,</span> <span class='ocrx_word' id='word_1_328' title='bbox 1578 2656 1685 2706; x_wconf 79' lang='grc' dir='ltr'>τῶν</span> <span class='ocrx_word' id='word_1_329' title='bbox 1756 2647 2037 2724; x_wconf 75' lang='grc' dir='ltr'>λογισμῶν</span> 
     </span>
    </p>
   </div>
   <div class='ocr_carea' id='block_1_44' title="bbox 361 2734 2038 2824">
    <p class='ocr_par' dir='ltr' id='par_1_44' title="bbox 361 2734 2038 2824">
     <span class='ocr_line' id='line_1_44' title="bbox 361 2734 2038 2824; baseline -0.008 -20"><span class='ocrx_word' id='word_1_330' title='bbox 361 2746 841 2824; x_wconf 82' lang='grc' dir='ltr'>κατηγορούντων</span> <span class='ocrx_word' id='word_1_331' title='bbox 896 2745 931 2815; x_wconf 68' lang='grc' dir='ltr'><strong>ἢ</strong></span> <span class='ocrx_word' id='word_1_332' title='bbox 992 2744 1082 2800; x_wconf 83' lang='grc' dir='ltr'>καὶ</span> <span class='ocrx_word' id='word_1_333' title='bbox 1142 2739 1620 2818; x_wconf 79' lang='grc' dir='ltr'>ἀπολογουμένων.</span> <span class='ocrx_word' id='word_1_334' title='bbox 1674 2736 1845 2795; x_wconf 69' lang='grc' dir='ltr'>Πάλιν</span> <span class='ocrx_word' id='word_1_335' title='bbox 1895 2734 2038 2793; x_wconf 81' lang='grc' dir='ltr'>ἔστιν</span> 
     </span>
    </p>
   </div>
   <div class='ocr_carea' id='block_1_45' title="bbox 369 2826 2038 2908">
    <p class='ocr_par' dir='ltr' id='par_1_45' title="bbox 369 2826 2038 2908">
     <span class='ocr_line' id='line_1_45' title="bbox 369 2826 2038 2908; baseline -0.007 -15"><span class='ocrx_word' id='word_1_336' title='bbox 369 2837 581 2893; x_wconf 76' lang='grc' dir='ltr'>εἰπεῖν·</span> <span class='ocrx_word' id='word_1_337' title='bbox 616 2836 682 2892; x_wconf 75' lang='lat' dir='ltr'>Ei</span> <span class='ocrx_word' id='word_1_338' title='bbox 715 2835 805 2889; x_wconf 74' lang='grc' dir='ltr'>οῦν</span> <span class='ocrx_word' id='word_1_339' title='bbox 834 2854 848 2904; x_wconf 85' lang='grc'><strong>;</strong></span> <span class='ocrx_word' id='word_1_340' title='bbox 882 2839 999 2896; x_wconf 78' lang='grc' dir='ltr'>πῶς</span> <span class='ocrx_word' id='word_1_341' title='bbox 1046 2831 1472 2908; x_wconf 74' lang='grc' dir='ltr'>ἀπολογοῦνται,</span> <span class='ocrx_word' id='word_1_342' title='bbox 1529 2826 1763 2905; x_wconf 84' lang='grc' dir='ltr'>μηδενὸς</span> <span class='ocrx_word' id='word_1_343' title='bbox 1794 2848 2038 2904; x_wconf 69' lang='grc' dir='ltr'>κατηγο-</span> 
     </span>
    </p>
   </div>
   <div class='ocr_carea' id='block_1_46' title="bbox 371 2914 2039 3002">
    <p class='ocr_par' dir='ltr' id='par_1_46' title="bbox 371 2914 2039 3002">
     <span class='ocr_line' id='line_1_46' title="bbox 371 2914 2039 3002; baseline -0.008 -19"><span class='ocrx_word' id='word_1_344' title='bbox 371 2932 650 3002; x_wconf 81' lang='grc' dir='ltr'>ροῦντος;</span> <span class='ocrx_word' id='word_1_345' title='bbox 714 2926 793 2982; x_wconf 86' lang='grc' dir='ltr'>Τὸ</span> <span class='ocrx_word' id='word_1_346' title='bbox 849 2925 973 3001; x_wconf 80' lang='grc' dir='ltr'>γὰρ,</span> <span class='ocrx_word' id='word_1_347' title='bbox 1035 2921 1506 3000; x_wconf 56' lang='grc' dir='ltr'>κατηγορούντων,</span> <span class='ocrx_word' id='word_1_348' title='bbox 1566 2914 2039 2994; x_wconf 66' lang='grc' dir='ltr'>εἴρηται,’ὀτιέπὶ</span> 
     </span>
    </p>
   </div>
   <div class='ocr_carea' id='block_1_47' title="bbox 372 3003 2039 3085">
    <p class='ocr_par' dir='ltr' id='par_1_47' title="bbox 372 3003 2039 3085">
     <span class='ocr_line' id='line_1_47' title="bbox 372 3003 2039 3085; baseline -0.008 -14"><span class='ocrx_word' id='word_1_349' title='bbox 372 3021 481 3071; x_wconf 76' lang='grc' dir='ltr'>τῶν</span> <span class='ocrx_word' id='word_1_350' title='bbox 519 3014 1024 3085; x_wconf 78' lang='grc' dir='ltr'>κολαςθησομὲνων</span> <span class='ocrx_word' id='word_1_351' title='bbox 1070 3009 1153 3068; x_wconf 80' lang='grc' dir='ltr'>δεῖ</span> <span class='ocrx_word' id='word_1_352' title='bbox 1195 3005 1404 3084; x_wconf 76' lang='grc' dir='ltr'>λαϐεῖν,</span> <span class='ocrx_word' id='word_1_353' title='bbox 1453 3013 1516 3065; x_wconf 75' lang='grc' dir='ltr'>τό</span> <span class='ocrx_word' id='word_1_354' title='bbox 1567 3005 1625 3064; x_wconf 69' lang='grc' dir='ltr'>δὲ</span> <span class='ocrx_word' id='word_1_355' title='bbox 1655 3003 2039 3082; x_wconf 83' lang='grc' dir='ltr'>ἀπολογουμὲ-</span> 
     </span>
    </p>
   </div>
   <div class='ocr_carea' id='block_1_48' title="bbox 376 3095 2040 3176">
    <p class='ocr_par' dir='ltr' id='par_1_48' title="bbox 376 3095 2040 3176">
     <span class='ocr_line' id='line_1_48' title="bbox 376 3095 2040 3176; baseline -0.007 -16"><span class='ocrx_word' id='word_1_356' title='bbox 376 3128 497 3172; x_wconf 81' lang='grc' dir='ltr'>νων,</span> <span class='ocrx_word' id='word_1_357' title='bbox 548 3104 786 3160; x_wconf 79' lang='grc' dir='ltr'>ἐπὶτῶν</span> <span class='ocrx_word' id='word_1_358' title='bbox 843 3100 1381 3176; x_wconf 72' lang='grc' dir='ltr'>δικαιωοησομένων,</span> <span class='ocrx_word' id='word_1_359' title='bbox 1438 3102 1529 3156; x_wconf 77' lang='grc' dir='ltr'>καὶ</span> <span class='ocrx_word' id='word_1_360' title='bbox 1588 3097 1773 3160; x_wconf 80' lang='grc' dir='ltr'>καλῶς</span> <span class='ocrx_word' id='word_1_361' title='bbox 1804 3095 2040 3171; x_wconf 63' lang='grc' dir='ltr'>εἴρηται,</span> 
     </span>
    </p>
   </div>
   <div class='ocr_carea' id='block_1_49' title="bbox 375 3188 2036 3271">
    <p class='ocr_par' dir='ltr' id='par_1_49' title="bbox 375 3188 2036 3271">
     <span class='ocr_line' id='line_1_49' title="bbox 375 3188 2036 3271; baseline -0.005 -21"><span class='ocrx_word' id='word_1_362' title='bbox 375 3199 494 3257; x_wconf 71' lang='grc' dir='ltr'>πῶς</span> <span class='ocrx_word' id='word_1_363' title='bbox 551 3192 966 3271; x_wconf 77' lang='grc' dir='ltr'>ἀπολογοῦνται</span> <span class='ocrx_word' id='word_1_364' title='bbox 1029 3190 1259 3265; x_wconf 85' lang='grc' dir='ltr'>μηδενὸς</span> <span class='ocrx_word' id='word_1_365' title='bbox 1316 3193 1791 3267; x_wconf 83' lang='grc' dir='ltr'>κατηγοροῦντος;</span> <span class='ocrx_word' id='word_1_366' title='bbox 1850 3188 2036 3257; x_wconf 87' lang='grc' dir='ltr'>Κατη-</span> 
     </span>
    </p>
   </div>
   <div class='ocr_carea' id='block_1_50' title="bbox 358 3273 2036 3361">
    <p class='ocr_par' dir='ltr' id='par_1_50' title="bbox 358 3273 2036 3361">
     <span class='ocr_line' id='line_1_50' title="bbox 358 3273 2036 3361; baseline -0.007 -21"><span class='ocrx_word' id='word_1_367' title='bbox 358 3290 594 3361; x_wconf 81' lang='grc' dir='ltr'>γοροῦσι</span> <span class='ocrx_word' id='word_1_368' title='bbox 650 3283 743 3337; x_wconf 75' lang='grc' dir='ltr'>καὶ</span> <span class='ocrx_word' id='word_1_369' title='bbox 801 3280 1044 3338; x_wconf 81' lang='grc' dir='ltr'>ἐνταῦθα.</span> <span class='ocrx_word' id='word_1_370' title='bbox 1105 3279 1177 3337; x_wconf 84' lang='grc' dir='ltr'>Ού</span> <span class='ocrx_word' id='word_1_371' title='bbox 1236 3280 1337 3357; x_wconf 84' lang='grc' dir='ltr'>γὰρ</span> <span class='ocrx_word' id='word_1_372' title='bbox 1395 3273 1558 3349; x_wconf 77' lang='grc' dir='ltr'>ἔστιν,</span> <span class='ocrx_word' id='word_1_373' title='bbox 1617 3275 1717 3332; x_wconf 80' lang='grc' dir='ltr'>οὐκ</span> <span class='ocrx_word' id='word_1_374' title='bbox 1771 3274 1911 3331; x_wconf 80' lang='grc' dir='ltr'>ἔστιν</span> <span class='ocrx_word' id='word_1_375' title='bbox 1942 3276 2036 3330; x_wconf 78' lang='grc' dir='ltr'>ἄν-</span> 
     </span>
    </p>
   </div>
   <div class='ocr_carea' id='block_1_51' title="bbox 364 3362 2038 3456">
    <p class='ocr_par' dir='ltr' id='par_1_51' title="bbox 364 3362 2038 3456">
     <span class='ocr_line' id='line_1_51' title="bbox 364 3362 2038 3456; baseline -0.005 -27"><span class='ocrx_word' id='word_1_376' title='bbox 364 3384 591 3448; x_wconf 80' lang='grc' dir='ltr'>θρωπον</span> <span class='ocrx_word' id='word_1_377' title='bbox 650 3370 775 3426; x_wconf 77' lang='grc' dir='ltr'>ἄνευ</span> <span class='ocrx_word' id='word_1_378' title='bbox 857 3371 1125 3445; x_wconf 83' lang='grc' dir='ltr'>ἁμαρτίας</span> <span class='ocrx_word' id='word_1_379' title='bbox 1207 3369 1408 3425; x_wconf 75' lang='grc' dir='ltr'>ἐκεῖθεν</span> <span class='ocrx_word' id='word_1_380' title='bbox 1469 3368 1723 3456; x_wconf 44' lang='grc' dir='ltr'>ὀφδθῆναι.</span> <span class='ocrx_word' id='word_1_381' title='bbox 2002 3365 2038 3433; x_wconf 77' lang='grc' dir='ltr'><strong>ἡ</strong></span> 
     </span>
    </p>
   </div>
   <div class='ocr_carea' id='block_1_52' title="bbox 358 3452 2034 3539">
    <p class='ocr_par' dir='ltr' id='par_1_52' title="bbox 358 3452 2034 3539">
     <span class='ocr_line' id='line_1_52' title="bbox 358 3452 2034 3539; baseline -0.024 7"><span class='ocrx_word' id='word_1_382' title='bbox 358 3464 703 3539; x_wconf 68' lang='grc' dir='ltr'>κ²τ⁷ιτορί²ι</span> <span class='ocrx_word' id='word_1_383' title='bbox 762 3460 879 3516; x_wconf 66' lang='grc' dir='ltr'>ἐπεὶ</span> <span class='ocrx_word' id='word_1_384' title='bbox 940 3460 1039 3516; x_wconf 69' lang='grc' dir='ltr'>οὐκ</span> <span class='ocrx_word' id='word_1_385' title='bbox 1094 3458 1206 3516; x_wconf 80' lang='grc' dir='ltr'>ἔστι</span> <span class='ocrx_word' id='word_1_386' title='bbox 1271 3460 1439 3535; x_wconf 68' lang='grc' dir='ltr'>βάρος</span> <span class='ocrx_word' id='word_1_387' title='bbox 1498 3452 1698 3534; x_wconf 48' lang='grc' dir='ltr'>ἔῇίοντα</span> <span class='ocrx_word' id='word_1_388' title='bbox 1747 3452 2034 3532; x_wconf 77' lang='grc' dir='ltr'>καὶὸγκον</span> 
     </span>
    </p>
   </div>
   <div class='ocr_carea' id='block_1_53' title="bbox 365 3546 2035 3627">
    <p class='ocr_par' dir='ltr' id='par_1_53' title="bbox 365 3546 2035 3627">
     <span class='ocr_line' id='line_1_53' title="bbox 365 3546 2035 3627; baseline -0.005 -19"><span class='ocrx_word' id='word_1_389' title='bbox 365 3555 435 3608; x_wconf 76' lang='grc' dir='ltr'>τὰ</span> <span class='ocrx_word' id='word_1_390' title='bbox 467 3554 869 3627; x_wconf 73' lang='grc' dir='ltr'>ἁμαρτήματα,</span> <span class='ocrx_word' id='word_1_391' title='bbox 903 3550 1003 3606; x_wconf 77' lang='grc' dir='ltr'>οὐκ</span> <span class='ocrx_word' id='word_1_392' title='bbox 1033 3549 1142 3607; x_wconf 78' lang='grc' dir='ltr'>ἔστι</span> <span class='ocrx_word' id='word_1_393' title='bbox 1196 3548 1405 3627; x_wconf 79' lang='grc' dir='ltr'>σφοδρᾶ</span> <span class='ocrx_word' id='word_1_394' title='bbox 1434 3546 1558 3604; x_wconf 79' lang='grc' dir='ltr'>οὐδὲ</span> <span class='ocrx_word' id='word_1_395' title='bbox 1587 3548 2035 3626; x_wconf 71' lang='grc' dir='ltr'>ἀπαραγραπτος,</span> 
     </span>
    </p>
   </div>
   <div class='ocr_carea' id='block_1_54' title="bbox 370 3635 2034 3717">
    <p class='ocr_par' dir='ltr' id='par_1_54' title="bbox 370 3635 2034 3717">
     <span class='ocr_line' id='line_1_54' title="bbox 370 3635 2034 3717; baseline -0.004 -21"><span class='ocrx_word' id='word_1_396' title='bbox 370 3641 522 3697; x_wconf 74' lang='grc' dir='ltr'>ἀλλὰ</span> <span class='ocrx_word' id='word_1_397' title='bbox 582 3639 889 3716; x_wconf 78' lang='grc' dir='ltr'>ἀπολογίαν</span> <span class='ocrx_word' id='word_1_398' title='bbox 942 3641 1239 3717; x_wconf 76' lang='grc' dir='ltr'>προάγουσι</span> <span class='ocrx_word' id='word_1_399' title='bbox 1294 3640 1431 3715; x_wconf 84' lang='grc' dir='ltr'>πρὸς</span> <span class='ocrx_word' id='word_1_400' title='bbox 1463 3638 1630 3709; x_wconf 71' lang='grc' dir='ltr'>αὐτὴν</span> <span class='ocrx_word' id='word_1_401' title='bbox 1660 3638 1711 3693; x_wconf 76' lang='grc' dir='ltr'>οἱ</span> <span class='ocrx_word' id='word_1_402' title='bbox 1742 3635 2034 3714; x_wconf 76' lang='grc' dir='ltr'>λογισμοὶ,</span> 
     </span>
    </p>
   </div>
   <div class='ocr_carea' id='block_1_55' title="bbox 377 3728 2036 3809">
    <p class='ocr_par' dir='ltr' id='par_1_55' title="bbox 377 3728 2036 3809">
     <span class='ocr_line' id='line_1_55' title="bbox 377 3728 2036 3809; baseline -0.002 -27"><span class='ocrx_word' id='word_1_403' title='bbox 377 3730 447 3783; x_wconf 75' lang='grc' dir='ltr'>τί)</span> <span class='ocrx_word' id='word_1_404' title='bbox 478 3729 751 3795; x_wconf 72' lang='grc' dir='ltr'>εἶιόλισθον</span> <span class='ocrx_word' id='word_1_405' title='bbox 805 3733 905 3800; x_wconf 70' lang='grc' dir='ltr'>τῆς</span> <span class='ocrx_word' id='word_1_406' title='bbox 963 3731 1197 3809; x_wconf 75' lang='grc' dir='ltr'>φύσεως,</span> <span class='ocrx_word' id='word_1_407' title='bbox 1254 3731 1315 3785; x_wconf 83' lang='grc' dir='ltr'>τὸ</span> <span class='ocrx_word' id='word_1_408' title='bbox 1373 3728 1611 3800; x_wconf 74' lang='grc' dir='ltr'>ἀσθενὲς,</span> <span class='ocrx_word' id='word_1_409' title='bbox 1643 3729 1743 3796; x_wconf 77' lang='grc' dir='ltr'>τήν</span> <span class='ocrx_word' id='word_1_410' title='bbox 1774 3730 1870 3780; x_wconf 88' lang='grc' dir='ltr'>τοῦ</span> <span class='ocrx_word' id='word_1_411' title='bbox 1902 3728 2036 3780; x_wconf 87' lang='grc' dir='ltr'>Θεοῦ</span> 
     </span>
    </p>
   </div>
   <div class='ocr_carea' id='block_1_56' title="bbox 385 3813 2035 3894">
    <p class='ocr_par' dir='ltr' id='par_1_56' title="bbox 385 3813 2035 3894">
     <span class='ocr_line' id='line_1_56' title="bbox 385 3813 2035 3894; baseline -0.001 -24"><span class='ocrx_word' id='word_1_412' title='bbox 385 3820 811 3894; x_wconf 59' lang='grc' dir='ltr'>φιλανθρωπίαν,</span> <span class='ocrx_word' id='word_1_413' title='bbox 867 3820 958 3875; x_wconf 86' lang='grc' dir='ltr'>τὸν</span> <span class='ocrx_word' id='word_1_414' title='bbox 1011 3813 1186 3875; x_wconf 78' lang='grc' dir='ltr'>ἔλεον.</span> <span class='ocrx_word' id='word_1_415' title='bbox 1236 3820 1339 3877; x_wconf 82' lang='grc' dir='ltr'>Καὶ</span> <span class='ocrx_word' id='word_1_416' title='bbox 1397 3817 1621 3873; x_wconf 86' lang='grc' dir='ltr'>παύεται</span> <span class='ocrx_word' id='word_1_417' title='bbox 1680 3816 1773 3889; x_wconf 77' lang='grc' dir='ltr'>μὲν</span> <span class='ocrx_word' id='word_1_418' title='bbox 1833 3814 2035 3883; x_wconf 79' lang='grc' dir='ltr'>ἐκείνη,</span> 
     </span>
    </p>
   </div>
   <div class='ocr_carea' id='block_1_57' title="bbox 385 3900 2033 3986">
    <p class='ocr_par' dir='ltr' id='par_1_57' title="bbox 385 3900 2033 3986">
     <span class='ocr_line' id='line_1_57' title="bbox 385 3900 2033 3986; baseline -0.002 -26"><span class='ocrx_word' id='word_1_419' title='bbox 385 3911 508 3978; x_wconf 72' lang='grc' dir='ltr'>νικᾷ</span> <span class='ocrx_word' id='word_1_420' title='bbox 563 3904 616 3963; x_wconf 76' lang='grc' dir='ltr'>δὲ</span> <span class='ocrx_word' id='word_1_421' title='bbox 666 3912 700 3979; x_wconf 77' lang='grc' dir='ltr'><strong>ἡ</strong></span> <span class='ocrx_word' id='word_1_422' title='bbox 741 3907 1039 3986; x_wconf 81' lang='grc' dir='ltr'>ἀπολογία.</span> <span class='ocrx_word' id='word_1_423' title='bbox 1093 3908 1233 3966; x_wconf 83' lang='grc' dir='ltr'>Ἀπὸ</span> <span class='ocrx_word' id='word_1_424' title='bbox 1288 3915 1387 3978; x_wconf 76' lang='grc' dir='ltr'>τῆς</span> <span class='ocrx_word' id='word_1_425' title='bbox 1443 3905 1751 3980; x_wconf 82' lang='grc' dir='ltr'>ἀπολογίας</span> <span class='ocrx_word' id='word_1_426' title='bbox 1783 3900 1874 3959; x_wconf 76' lang='grc' dir='ltr'>οῦν</span> <span class='ocrx_word' id='word_1_427' title='bbox 1909 3902 2033 3971; x_wconf 77' lang='grc' dir='ltr'>εἶ’σι,</span> 
     </span>
    </p>
   </div>
   <div class='ocr_carea' id='block_1_58' title="bbox 379 3994 2033 4075">
    <p class='ocr_par' dir='ltr' id='par_1_58' title="bbox 379 3994 2033 4075">
     <span class='ocr_line' id='line_1_58' title="bbox 379 3994 2033 4075; baseline -0.003 -23"><span class='ocrx_word' id='word_1_428' title='bbox 379 3996 479 4052; x_wconf 72' lang='grc' dir='ltr'>κᾶν</span> <span class='ocrx_word' id='word_1_429' title='bbox 530 4002 566 4067; x_wconf 77' lang='grc' dir='ltr'>ἡ</span> <span class='ocrx_word' id='word_1_430' title='bbox 626 3999 931 4073; x_wconf 76' lang='grc' dir='ltr'>κατηγορία</span> <span class='ocrx_word' id='word_1_431' title='bbox 987 4000 1366 4075; x_wconf 64' lang='grc' dir='ltr'>προηγήσατο,</span> <span class='ocrx_word' id='word_1_432' title='bbox 1419 3996 1558 4068; x_wconf 73' lang='grc' dir='ltr'>ἄξιοι</span> <span class='ocrx_word' id='word_1_433' title='bbox 1619 3995 1771 4050; x_wconf 86' lang='grc' dir='ltr'>οὗτοι</span> <span class='ocrx_word' id='word_1_434' title='bbox 1827 3994 2033 4068; x_wconf 83' lang='grc' dir='ltr'>σημαί-</span> 
     </span>
    </p>
   </div>
   <div class='ocr_carea' id='block_1_59' title="bbox 366 4082 2033 4160">
    <p class='ocr_par' dir='ltr' id='par_1_59' title="bbox 366 4082 2033 4160">
     <span class='ocr_line' id='line_1_59' title="bbox 366 4082 2033 4160; baseline -0.001 -21"><span class='ocrx_word' id='word_1_435' title='bbox 366 4098 579 4150; x_wconf 78' lang='grc' dir='ltr'>νεσθαι.</span> <span class='ocrx_word' id='word_1_436' title='bbox 613 4085 840 4158; x_wconf 77' lang='grc' dir='ltr'>Ἐπειδὴ</span> <span class='ocrx_word' id='word_1_437' title='bbox 893 4085 951 4143; x_wconf 71' lang='grc' dir='ltr'>δὲ</span> <span class='ocrx_word' id='word_1_438' title='bbox 1008 4086 1061 4143; x_wconf 78' lang='grc' dir='ltr'>ἐν</span> <span class='ocrx_word' id='word_1_439' title='bbox 1115 4093 1231 4149; x_wconf 85' lang='grc' dir='ltr'>τοῖς</span> <span class='ocrx_word' id='word_1_440' title='bbox 1290 4084 1699 4160; x_wconf 78' lang='grc' dir='ltr'>ἁπολλυμὲνοις</span> <span class='ocrx_word' id='word_1_441' title='bbox 1730 4083 1904 4139; x_wconf 78' lang='grc' dir='ltr'>ἄτοπα</span> <span class='ocrx_word' id='word_1_442' title='bbox 1938 4082 2033 4157; x_wconf 72' lang='grc' dir='ltr'>μὲν</span> 
     </span>
    </p>
   </div>
   <div class='ocr_carea' id='block_1_60' title="bbox 364 4172 2033 4257">
    <p class='ocr_par' dir='ltr' id='par_1_60' title="bbox 364 4172 2033 4257">
     <span class='ocr_line' id='line_1_60' title="bbox 364 4172 2033 4257; baseline -0.003 -26"><span class='ocrx_word' id='word_1_443' title='bbox 364 4176 460 4231; x_wconf 75' lang='grc' dir='ltr'>καὶ</span> <span class='ocrx_word' id='word_1_444' title='bbox 494 4174 720 4252; x_wconf 78' lang='grc' dir='ltr'>χαλεπᾶ</span> <span class='ocrx_word' id='word_1_445' title='bbox 771 4178 835 4231; x_wconf 77' lang='grc' dir='ltr'>τὰ</span> <span class='ocrx_word' id='word_1_446' title='bbox 894 4179 1286 4251; x_wconf 67' lang='grc' dir='ltr'>ἁμαρτήματα,</span> <span class='ocrx_word' id='word_1_447' title='bbox 1346 4173 1554 4257; x_wconf 76' lang='grc' dir='ltr'>σφοδρᾶ</span> <span class='ocrx_word' id='word_1_448' title='bbox 1584 4172 1641 4231; x_wconf 70' lang='grc' dir='ltr'>δὲ</span> <span class='ocrx_word' id='word_1_449' title='bbox 1668 4173 1759 4230; x_wconf 85' lang='grc' dir='ltr'>καὶ</span> <span class='ocrx_word' id='word_1_450' title='bbox 1798 4172 2033 4249; x_wconf 83' lang='grc' dir='ltr'>ἀπαραί-</span> 
     </span>
    </p>
   </div>
   <div class='ocr_carea' id='block_1_61' title="bbox 362 4261 2036 4341">
    <p class='ocr_par' dir='ltr' id='par_1_61' title="bbox 362 4261 2036 4341">
     <span class='ocr_line' id='line_1_61' title="bbox 362 4261 2036 4341; baseline -0.004 -20"><span class='ocrx_word' id='word_1_451' title='bbox 362 4287 536 4336; x_wconf 84' lang='grc' dir='ltr'>τητος</span> <span class='ocrx_word' id='word_1_452' title='bbox 569 4267 604 4334; x_wconf 80' lang='grc' dir='ltr'>ἡ</span> <span class='ocrx_word' id='word_1_453' title='bbox 637 4287 969 4341; x_wconf 87' lang='grc' dir='ltr'>κατηγορια,</span> <span class='ocrx_word' id='word_1_454' title='bbox 1012 4262 1260 4341; x_wconf 72' lang='grc' dir='ltr'>οὐδαμοῦ</span> <span class='ocrx_word' id='word_1_455' title='bbox 1313 4262 1370 4321; x_wconf 80' lang='grc' dir='ltr'>δὲ</span> <span class='ocrx_word' id='word_1_456' title='bbox 1427 4267 1463 4335; x_wconf 75' lang='grc' dir='ltr'><strong>ἡ</strong></span> <span class='ocrx_word' id='word_1_457' title='bbox 1495 4262 1796 4339; x_wconf 74' lang='grc' dir='ltr'>ἀπολογία,</span> <span class='ocrx_word' id='word_1_458' title='bbox 1824 4261 2036 4332; x_wconf 76' lang='grc' dir='ltr'>τίθησιν</span> 
     </span>
    </p>
   </div>
   <div class='ocr_carea' id='block_1_62' title="bbox 356 4351 2036 4430">
    <p class='ocr_par' dir='ltr' id='par_1_62' title="bbox 356 4351 2036 4430">
     <span class='ocr_line' id='line_1_62' title="bbox 356 4351 2036 4430; baseline -0.004 -20"><span class='ocrx_word' id='word_1_459' title='bbox 356 4353 448 4410; x_wconf 69' lang='grc' dir='ltr'>ἐπ’</span> <span class='ocrx_word' id='word_1_460' title='bbox 512 4355 692 4410; x_wconf 73' lang='grc' dir='ltr'>αῦτῶν</span> <span class='ocrx_word' id='word_1_461' title='bbox 754 4354 919 4412; x_wconf 77' lang='grc' dir='ltr'>πάλιν</span> <span class='ocrx_word' id='word_1_462' title='bbox 981 4356 1149 4430; x_wconf 80' lang='grc' dir='ltr'>μόνον</span> <span class='ocrx_word' id='word_1_463' title='bbox 1216 4356 1301 4428; x_wconf 79' lang='grc' dir='ltr'>τὸ,</span> <span class='ocrx_word' id='word_1_464' title='bbox 1377 4354 1849 4430; x_wconf 74' lang='grc' dir='ltr'>κατηγορούντων.</span> <span class='ocrx_word' id='word_1_465' title='bbox 1910 4351 2036 4410; x_wconf 58' lang='lat' dir='ltr'>Elui</span> 
     </span>
    </p>
   </div>
   <div class='ocr_carea' id='block_1_63' title="bbox 360 4441 2036 4523">
    <p class='ocr_par' dir='ltr' id='par_1_63' title="bbox 360 4441 2036 4523">
     <span class='ocr_line' id='line_1_63' title="bbox 360 4441 2036 4523; baseline -0.001 -25"><span class='ocrx_word' id='word_1_466' title='bbox 360 4441 424 4499; x_wconf 63' lang='grc' dir='ltr'>δὲ</span> <span class='ocrx_word' id='word_1_467' title='bbox 486 4445 802 4520; x_wconf 77' lang='grc' dir='ltr'>συγγνωστᾶ</span> <span class='ocrx_word' id='word_1_468' title='bbox 858 4446 974 4520; x_wconf 74' lang='grc' dir='ltr'>μὲν,</span> <span class='ocrx_word' id='word_1_469' title='bbox 1036 4446 1069 4501; x_wconf 79' lang='grc' dir='ltr'>’ἁ</span> <span class='ocrx_word' id='word_1_470' title='bbox 1122 4445 1264 4502; x_wconf 82' lang='grc' dir='ltr'>κατᾶ</span> <span class='ocrx_word' id='word_1_471' title='bbox 1320 4443 1629 4523; x_wconf 72' lang='grc' dir='ltr'>λογισμοὺς</span> <span class='ocrx_word' id='word_1_472' title='bbox 1689 4442 2036 4517; x_wconf 71' lang='grc' dir='ltr'>ἡμάρτομεν,</span> 
     </span>
    </p>
   </div>
   <div class='ocr_carea' id='block_1_64' title="bbox 923 4536 945 4551">
    <p class='ocr_par' dir='ltr' id='par_1_64' title="bbox 923 4536 945 4551">
     <span class='ocr_line' id='line_1_64' title="bbox 923 4536 945 4551; baseline 0 0"><span class='ocrx_word' id='word_1_473' title='bbox 923 4536 945 4551; x_wconf 73' lang='grc' dir='ltr'><em>η</em></span> 
     </span>
    </p>
   </div>
   <div class='ocr_carea' id='block_1_65' title="bbox 358 4530 2031 4612">
    <p class='ocr_par' dir='ltr' id='par_1_65' title="bbox 358 4530 2031 4612">
     <span class='ocr_line' id='line_1_65' title="bbox 358 4530 2031 4612; baseline 0.001 -23"><span class='ocrx_word' id='word_1_474' title='bbox 358 4533 725 4610; x_wconf 77' lang='grc' dir='ltr'>ἆσύγγνωστα</span> <span class='ocrx_word' id='word_1_475' title='bbox 782 4532 863 4606; x_wconf 69' lang='grc' dir='ltr'>δὲ,</span> <span class='ocrx_word' id='word_1_476' title='bbox 923 4536 957 4591; x_wconf 84' lang='grc' dir='ltr'>’ἀ</span> <span class='ocrx_word' id='word_1_477' title='bbox 1020 4534 1188 4612; x_wconf 67' lang='grc' dir='ltr'>μέχρι</span> <span class='ocrx_word' id='word_1_478' title='bbox 1248 4535 1492 4609; x_wconf 67' lang='grc' dir='ltr'>πράξεων</span> <span class='ocrx_word' id='word_1_479' title='bbox 1566 4530 2031 4608; x_wconf 84' lang='grc' dir='ltr'>παρειλκύσαμεν.</span> 
     </span>
    </p>
   </div>
   <div class='ocr_carea' id='block_1_66' title="bbox 2152 2013 3810 2089">
    <p class='ocr_par' dir='ltr' id='par_1_66' title="bbox 2152 2013 3810 2089">
     <span class='ocr_line' id='line_1_66' title="bbox 2152 2013 3810 2089; baseline 0.006 -22"><span class='ocrx_word' id='word_1_480' title='bbox 2152 2013 2495 2067; x_wconf 89' lang='lat' dir='ltr'>consecutio</span> <span class='ocrx_word' id='word_1_481' title='bbox 2536 2014 2831 2069; x_wconf 79' lang='lat' dir='ltr'>sermonis</span> <span class='ocrx_word' id='word_1_482' title='bbox 2894 2015 3225 2089; x_wconf 84' lang='lat' dir='ltr'>intelligere</span> <span class='ocrx_word' id='word_1_483' title='bbox 3281 2035 3390 2074; x_wconf 90' lang='lat' dir='ltr'>nos</span> <span class='ocrx_word' id='word_1_484' title='bbox 3421 2020 3706 2076; x_wconf 89' lang='lat' dir='ltr'>admonet</span> <span class='ocrx_word' id='word_1_485' title='bbox 3751 2029 3810 2077; x_wconf 92' lang='lat' dir='ltr'>et</span> 
     </span>
    </p>
   </div>
   <div class='ocr_carea' id='block_1_67' title="bbox 2150 2103 3804 2167">
    <p class='ocr_par' dir='ltr' id='par_1_67' title="bbox 2150 2103 3804 2167">
     <span class='ocr_line' id='line_1_67' title="bbox 2150 2103 3804 2167; baseline 0.007 -11"><span class='ocrx_word' id='word_1_486' title='bbox 2150 2103 2640 2158; x_wconf 81' lang='lat' dir='ltr'>«Accusantibus</span> <span class='ocrx_word' id='word_1_487' title='bbox 2683 2125 2711 2152; x_wconf 84' lang='lat'><strong>»</strong></span> <span class='ocrx_word' id='word_1_488' title='bbox 2771 2109 2830 2159; x_wconf 93' lang='lat' dir='ltr'>et</span> <span class='ocrx_word' id='word_1_489' title='bbox 2887 2128 2905 2153; x_wconf 79' lang='grc' dir='ltr'>ι</span> <span class='ocrx_word' id='word_1_490' title='bbox 2953 2107 3404 2163; x_wconf 85' lang='lat' dir='ltr'>Excusantibus.</span> <span class='ocrx_word' id='word_1_491' title='bbox 3462 2132 3489 2159; x_wconf 84' lang='grc'><strong>››</strong></span> <span class='ocrx_word' id='word_1_492' title='bbox 3539 2111 3804 2167; x_wconf 88' lang='lat' dir='ltr'>Dicimus</span> 
     </span>
    </p>
   </div>
   <div class='ocr_carea' id='block_1_68' title="bbox 2149 2192 3810 2263">
    <p class='ocr_par' dir='ltr' id='par_1_68' title="bbox 2149 2192 3810 2263">
     <span class='ocr_line' id='line_1_68' title="bbox 2149 2192 3810 2263; baseline 0.007 -18"><span class='ocrx_word' id='word_1_493' title='bbox 2149 2197 2345 2246; x_wconf 91' lang='lat' dir='ltr'>autem</span> <span class='ocrx_word' id='word_1_494' title='bbox 2365 2192 2525 2263; x_wconf 91' lang='lat' dir='ltr'>quod</span> <span class='ocrx_word' id='word_1_495' title='bbox 2556 2208 2676 2247; x_wconf 92' lang='lat' dir='ltr'>non</span> <span class='ocrx_word' id='word_1_496' title='bbox 2709 2198 2978 2263; x_wconf 87' lang='lat' dir='ltr'>oporteat</span> <span class='ocrx_word' id='word_1_497' title='bbox 3007 2194 3080 2249; x_wconf 92' lang='lat' dir='ltr'>de</span> <span class='ocrx_word' id='word_1_498' title='bbox 3110 2211 3228 2250; x_wconf 93' lang='lat' dir='ltr'>uno</span> <span class='ocrx_word' id='word_1_499' title='bbox 3262 2202 3320 2251; x_wconf 90' lang='lat' dir='ltr'>et</span> <span class='ocrx_word' id='word_1_500' title='bbox 3350 2198 3560 2253; x_wconf 92' lang='lat' dir='ltr'>eodem</span> <span class='ocrx_word' id='word_1_501' title='bbox 3590 2204 3810 2257; x_wconf 83' lang='lat' dir='ltr'>utrum.</span> 
     </span>
    </p>
   </div>
   <div class='ocr_carea' id='block_1_69' title="bbox 2149 2281 3806 2358">
    <p class='ocr_par' dir='ltr' id='par_1_69' title="bbox 2149 2281 3806 2358">
     <span class='ocr_line' id='line_1_69' title="bbox 2149 2281 3806 2358; baseline 0.005 -22"><span class='ocrx_word' id='word_1_502' title='bbox 2149 2298 2264 2354; x_wconf 92' lang='lat' dir='ltr'>que</span> <span class='ocrx_word' id='word_1_503' title='bbox 2297 2281 2603 2353; x_wconf 90' lang='lat' dir='ltr'>accipere:</span> <span class='ocrx_word' id='word_1_504' title='bbox 2634 2281 2737 2337; x_wconf 90' lang='lat' dir='ltr'>sed</span> <span class='ocrx_word' id='word_1_505' title='bbox 2760 2284 3181 2339; x_wconf 86' lang='lat' dir='ltr'>accusantibus</span> <span class='ocrx_word' id='word_1_506' title='bbox 3214 2285 3460 2356; x_wconf 89' lang='lat' dir='ltr'>quidem</span> <span class='ocrx_word' id='word_1_507' title='bbox 3485 2288 3557 2343; x_wconf 91' lang='lat' dir='ltr'>de</span> <span class='ocrx_word' id='word_1_508' title='bbox 3578 2289 3806 2358; x_wconf 87' lang='lat' dir='ltr'>alteris,</span> 
     </span>
    </p>
   </div>
   <div class='ocr_carea' id='block_1_70' title="bbox 2149 2369 3810 2450">
    <p class='ocr_par' dir='ltr' id='par_1_70' title="bbox 2149 2369 3810 2450">
     <span class='ocr_line' id='line_1_70' title="bbox 2149 2369 3810 2450; baseline 0.005 -24"><span class='ocrx_word' id='word_1_509' title='bbox 2149 2376 2293 2444; x_wconf 90' lang='lat' dir='ltr'>puta</span> <span class='ocrx_word' id='word_1_510' title='bbox 2323 2369 2642 2442; x_wconf 88' lang='lat' dir='ltr'>puniendis</span> <span class='ocrx_word' id='word_1_511' title='bbox 2676 2389 2690 2437; x_wconf 91' lang='lat'><strong>;</strong></span> <span class='ocrx_word' id='word_1_512' title='bbox 2724 2373 3143 2429; x_wconf 89' lang='lat' dir='ltr'>excusantibus</span> <span class='ocrx_word' id='word_1_513' title='bbox 3166 2391 3306 2430; x_wconf 87' lang='lat' dir='ltr'>vero</span> <span class='ocrx_word' id='word_1_514' title='bbox 3339 2376 3410 2431; x_wconf 92' lang='lat' dir='ltr'>de</span> <span class='ocrx_word' id='word_1_515' title='bbox 3433 2377 3810 2450; x_wconf 82' lang='lat' dir='ltr'>alteris,puta</span> 
     </span>
    </p>
   </div>
   <div class='ocr_carea' id='block_1_71' title="bbox 2149 2461 3811 2539">
    <p class='ocr_par' dir='ltr' id='par_1_71' title="bbox 2149 2461 3811 2539">
     <span class='ocr_line' id='line_1_71' title="bbox 2149 2461 3811 2539; baseline 0.006 -23"><span class='ocrx_word' id='word_1_516' title='bbox 2149 2461 2469 2517; x_wconf 87' lang='lat' dir='ltr'>salvandis.</span> <span class='ocrx_word' id='word_1_517' title='bbox 2503 2461 2617 2518; x_wconf 90' lang='lat' dir='ltr'>Sed</span> <span class='ocrx_word' id='word_1_518' title='bbox 2650 2479 2754 2517; x_wconf 88' lang='lat' dir='ltr'>cur</span> <span class='ocrx_word' id='word_1_519' title='bbox 2778 2480 2898 2518; x_wconf 91' lang='lat' dir='ltr'>non</span> <span class='ocrx_word' id='word_1_520' title='bbox 2931 2463 3099 2531; x_wconf 81' lang='lat' dir='ltr'>dixit,</span> <span class='ocrx_word' id='word_1_521' title='bbox 3133 2467 3203 2520; x_wconf 90' lang='lat' dir='ltr'>Et</span> <span class='ocrx_word' id='word_1_522' title='bbox 3241 2466 3718 2539; x_wconf 83' lang='lat' dir='ltr'>justiﬂcantibus</span> <span class='ocrx_word' id='word_1_523' title='bbox 3751 2477 3811 2525; x_wconf 89' lang='lat' dir='ltr'>et</span> 
     </span>
    </p>
   </div>
   <div class='ocr_carea' id='block_1_72' title="bbox 2149 2550 3806 2629">
    <p class='ocr_par' dir='ltr' id='par_1_72' title="bbox 2149 2550 3806 2629">
     <span class='ocr_line' id='line_1_72' title="bbox 2149 2550 3806 2629; baseline 0.005 -23"><span class='ocrx_word' id='word_1_524' title='bbox 2149 2550 2687 2607; x_wconf 89' lang='lat' dir='ltr'>condemnantibus</span> <span class='ocrx_word' id='word_1_525' title='bbox 2708 2550 2736 2606; x_wconf 88' lang='lat'><strong><em>?</em></strong></span> <span class='ocrx_word' id='word_1_526' title='bbox 2755 2551 2902 2617; x_wconf 87' lang='lat' dir='ltr'>Quia</span> <span class='ocrx_word' id='word_1_527' title='bbox 2915 2551 3040 2607; x_wconf 65' lang='lat' dir='ltr'>huic</span> <span class='ocrx_word' id='word_1_528' title='bbox 3056 2555 3599 2626; x_wconf 80' lang='lat' dir='ltr'>nequejustiﬁcant</span> <span class='ocrx_word' id='word_1_529' title='bbox 3612 2574 3806 2629; x_wconf 90' lang='lat' dir='ltr'>neque</span> 
     </span>
    </p>
   </div>
   <div class='ocr_carea' id='block_1_73' title="bbox 2146 2640 3802 2715">
    <p class='ocr_par' dir='ltr' id='par_1_73' title="bbox 2146 2640 3802 2715">
     <span class='ocr_line' id='line_1_73' title="bbox 2146 2640 3802 2715; baseline 0.005 -20"><span class='ocrx_word' id='word_1_530' title='bbox 2146 2641 2424 2713; x_wconf 87' lang='lat' dir='ltr'>puniunt,</span> <span class='ocrx_word' id='word_1_531' title='bbox 2458 2640 2562 2696; x_wconf 91' lang='lat' dir='ltr'>sed</span> <span class='ocrx_word' id='word_1_532' title='bbox 2609 2648 2894 2697; x_wconf 89' lang='lat' dir='ltr'>accusant</span> <span class='ocrx_word' id='word_1_533' title='bbox 2922 2641 3315 2715; x_wconf 78' lang='lat' dir='ltr'>cogitationes</span> <span class='ocrx_word' id='word_1_534' title='bbox 3365 2646 3455 2701; x_wconf 88' lang='lat' dir='ltr'>vel</span> <span class='ocrx_word' id='word_1_535' title='bbox 3488 2655 3802 2714; x_wconf 85' lang='lat' dir='ltr'>excusant;</span> 
     </span>
    </p>
   </div>
   <div class='ocr_carea' id='block_1_74' title="bbox 2141 2732 3807 2807">
    <p class='ocr_par' dir='ltr' id='par_1_74' title="bbox 2141 2732 3807 2807">
     <span class='ocr_line' id='line_1_74' title="bbox 2141 2732 3807 2807; baseline 0.004 -21"><span class='ocrx_word' id='word_1_536' title='bbox 2141 2732 2440 2804; x_wconf 87' lang='lat' dir='ltr'>judicium</span> <span class='ocrx_word' id='word_1_537' title='bbox 2497 2749 2631 2787; x_wconf 88' lang='lat' dir='ltr'>vero</span> <span class='ocrx_word' id='word_1_538' title='bbox 2681 2732 3010 2804; x_wconf 88' lang='lat' dir='ltr'>punitionis</span> <span class='ocrx_word' id='word_1_539' title='bbox 3062 2734 3151 2789; x_wconf 89' lang='lat' dir='ltr'>vel</span> <span class='ocrx_word' id='word_1_540' title='bbox 3191 2736 3643 2807; x_wconf 86' lang='lat' dir='ltr'>justiﬁcationis</span> <span class='ocrx_word' id='word_1_541' title='bbox 3692 2740 3807 2794; x_wconf 87' lang='lat' dir='ltr'>fert</span> 
     </span>
    </p>
   </div>
   <div class='ocr_carea' id='block_1_75' title="bbox 2140 2821 3805 2895">
    <p class='ocr_par' dir='ltr' id='par_1_75' title="bbox 2140 2821 3805 2895">
     <span class='ocr_line' id='line_1_75' title="bbox 2140 2821 3805 2895; baseline 0.004 -19"><span class='ocrx_word' id='word_1_542' title='bbox 2140 2821 2349 2893; x_wconf 86' lang='lat' dir='ltr'>judex.</span> <span class='ocrx_word' id='word_1_543' title='bbox 2370 2822 2526 2877; x_wconf 89' lang='lat' dir='ltr'>Bene</span> <span class='ocrx_word' id='word_1_544' title='bbox 2553 2838 2689 2895; x_wconf 84' lang='lat' dir='ltr'>ergo</span> <span class='ocrx_word' id='word_1_545' title='bbox 2723 2822 2809 2877; x_wconf 89' lang='lat' dir='ltr'>ait</span> <span class='ocrx_word' id='word_1_546' title='bbox 2838 2839 2852 2877; x_wconf 90' lang='lat'><strong>:</strong></span> <span class='ocrx_word' id='word_1_547' title='bbox 2886 2823 3356 2895; x_wconf 88' lang='lat' dir='ltr'>Cogitationibus</span> <span class='ocrx_word' id='word_1_548' title='bbox 3387 2828 3805 2883; x_wconf 86' lang='lat' dir='ltr'>accusantibus</span> 
     </span>
    </p>
   </div>
   <div class='ocr_carea' id='block_1_76' title="bbox 2147 2910 3807 2989">
    <p class='ocr_par' dir='ltr' id='par_1_76' title="bbox 2147 2910 3807 2989">
     <span class='ocr_line' id='line_1_76' title="bbox 2147 2910 3807 2989; baseline 0.006 -25"><span class='ocrx_word' id='word_1_549' title='bbox 2147 2910 2238 2965; x_wconf 85' lang='lat' dir='ltr'>vel</span> <span class='ocrx_word' id='word_1_550' title='bbox 2270 2911 2451 2966; x_wconf 91' lang='lat' dir='ltr'>etiam</span> <span class='ocrx_word' id='word_1_551' title='bbox 2483 2911 2929 2967; x_wconf 88' lang='lat' dir='ltr'>excusantibus.</span> <span class='ocrx_word' id='word_1_552' title='bbox 2975 2914 3229 2969; x_wconf 82' lang='lat' dir='ltr'>Rursum</span> <span class='ocrx_word' id='word_1_553' title='bbox 3275 2922 3477 2986; x_wconf 78' lang='lat' dir='ltr'>posset</span> <span class='ocrx_word' id='word_1_554' title='bbox 3506 2918 3807 2989; x_wconf 86' lang='lat' dir='ltr'>quispiam</span> 
     </span>
    </p>
   </div>
   <div class='ocr_carea' id='block_1_77' title="bbox 2150 3002 3807 3077">
    <p class='ocr_par' dir='ltr' id='par_1_77' title="bbox 2150 3002 3807 3077">
     <span class='ocr_line' id='line_1_77' title="bbox 2150 3002 3807 3077; baseline 0.005 -20"><span class='ocrx_word' id='word_1_555' title='bbox 2150 3002 2561 3069; x_wconf 90' lang='lat' dir='ltr'>dicere:Quid</span> <span class='ocrx_word' id='word_1_556' title='bbox 2616 3003 2842 3077; x_wconf 81' lang='lat' dir='ltr'>igitur?</span> <span class='ocrx_word' id='word_1_557' title='bbox 2889 3004 3187 3075; x_wconf 90' lang='lat' dir='ltr'>quomodo</span> <span class='ocrx_word' id='word_1_558' title='bbox 3233 3014 3519 3065; x_wconf 85' lang='lat' dir='ltr'>excusant</span> <span class='ocrx_word' id='word_1_559' title='bbox 3566 3012 3807 3066; x_wconf 88' lang='lat' dir='ltr'>nemine</span> 
     </span>
    </p>
   </div>
   <div class='ocr_carea' id='block_1_78' title="bbox 2149 3095 3811 3170">
    <p class='ocr_par' dir='ltr' id='par_1_78' title="bbox 2149 3095 3811 3170">
     <span class='ocr_line' id='line_1_78' title="bbox 2149 3095 3811 3170; baseline 0.004 -19"><span class='ocrx_word' id='word_1_560' title='bbox 2149 3101 2464 3151; x_wconf 90' lang='lat' dir='ltr'>accusante</span> <span class='ocrx_word' id='word_1_561' title='bbox 2485 3095 2512 3151; x_wconf 85' lang='lat'><strong>?</strong></span> <span class='ocrx_word' id='word_1_562' title='bbox 2546 3097 2776 3151; x_wconf 88' lang='lat' dir='ltr'>Dictum</span> <span class='ocrx_word' id='word_1_563' title='bbox 2811 3096 2973 3152; x_wconf 90' lang='lat' dir='ltr'>enim</span> <span class='ocrx_word' id='word_1_564' title='bbox 3003 3101 3559 3170; x_wconf 90' lang='lat' dir='ltr'>est,accusantibus,</span> <span class='ocrx_word' id='word_1_565' title='bbox 3584 3102 3654 3158; x_wconf 89' lang='lat' dir='ltr'>de</span> <span class='ocrx_word' id='word_1_566' title='bbox 3675 3120 3811 3158; x_wconf 89' lang='lat' dir='ltr'>con-</span> 
     </span>
    </p>
   </div>
   <div class='ocr_carea' id='block_1_79' title="bbox 2151 3183 3807 3257">
    <p class='ocr_par' dir='ltr' id='par_1_79' title="bbox 2151 3183 3807 3257">
     <span class='ocr_line' id='line_1_79' title="bbox 2151 3183 3807 3257; baseline 0.004 -17"><span class='ocrx_word' id='word_1_567' title='bbox 2151 3183 2507 3240; x_wconf 90' lang='lat' dir='ltr'>demnandis</span> <span class='ocrx_word' id='word_1_568' title='bbox 2542 3185 2694 3240; x_wconf 90' lang='lat' dir='ltr'>sumi</span> <span class='ocrx_word' id='word_1_569' title='bbox 2728 3191 3038 3257; x_wconf 90' lang='lat' dir='ltr'>oportere;</span> <span class='ocrx_word' id='word_1_570' title='bbox 3074 3188 3515 3257; x_wconf 79' lang='lat' dir='ltr'>excusantibus,</span> <span class='ocrx_word' id='word_1_571' title='bbox 3565 3208 3702 3246; x_wconf 91' lang='lat' dir='ltr'>vero</span> <span class='ocrx_word' id='word_1_572' title='bbox 3734 3191 3807 3247; x_wconf 87' lang='lat' dir='ltr'>de</span> 
     </span>
    </p>
   </div>
   <div class='ocr_carea' id='block_1_80' title="bbox 2151 3273 3807 3349">
    <p class='ocr_par' dir='ltr' id='par_1_80' title="bbox 2151 3273 3807 3349">
     <span class='ocr_line' id='line_1_80' title="bbox 2151 3273 3807 3349; baseline 0.004 -19"><span class='ocrx_word' id='word_1_573' title='bbox 2151 3273 2465 3342; x_wconf 88' lang='lat' dir='ltr'>salvandis,</span> <span class='ocrx_word' id='word_1_574' title='bbox 2499 3279 2558 3329; x_wconf 90' lang='lat' dir='ltr'>et</span> <span class='ocrx_word' id='word_1_575' title='bbox 2585 3273 2735 3329; x_wconf 89' lang='lat' dir='ltr'>bene</span> <span class='ocrx_word' id='word_1_576' title='bbox 2785 3274 3009 3331; x_wconf 89' lang='lat' dir='ltr'>dictum</span> <span class='ocrx_word' id='word_1_577' title='bbox 3041 3280 3150 3344; x_wconf 89' lang='lat' dir='ltr'>est,</span> <span class='ocrx_word' id='word_1_578' title='bbox 3185 3278 3482 3349; x_wconf 90' lang='lat' dir='ltr'>quomodo</span> <span class='ocrx_word' id='word_1_579' title='bbox 3522 3287 3807 3336; x_wconf 78' lang='lat' dir='ltr'>excusant</span> 
     </span>
    </p>
   </div>
   <div class='ocr_carea' id='block_1_81' title="bbox 2149 3363 3805 3426">
    <p class='ocr_par' dir='ltr' id='par_1_81' title="bbox 2149 3363 3805 3426">
     <span class='ocr_line' id='line_1_81' title="bbox 2149 3363 3805 3426; baseline 0.004 -6"><span class='ocrx_word' id='word_1_580' title='bbox 2149 3363 2390 3421; x_wconf 91' lang='lat' dir='ltr'>nemine</span> <span class='ocrx_word' id='word_1_581' title='bbox 2423 3364 2785 3420; x_wconf 85' lang='lat' dir='ltr'>accusante?</span> <span class='ocrx_word' id='word_1_582' title='bbox 2816 3368 3105 3421; x_wconf 81' lang='lat' dir='ltr'>Accusant</span> <span class='ocrx_word' id='word_1_583' title='bbox 3135 3367 3313 3423; x_wconf 90' lang='lat' dir='ltr'>etiam</span> <span class='ocrx_word' id='word_1_584' title='bbox 3343 3368 3459 3424; x_wconf 92' lang='lat' dir='ltr'>hic.</span> <span class='ocrx_word' id='word_1_585' title='bbox 3486 3371 3611 3425; x_wconf 89' lang='lat' dir='ltr'>Non</span> <span class='ocrx_word' id='word_1_586' title='bbox 3642 3372 3805 3426; x_wconf 90' lang='lat' dir='ltr'>enim</span> 
     </span>
    </p>
   </div>
   <div class='ocr_carea' id='block_1_82' title="bbox 2147 3454 3804 3530">
    <p class='ocr_par' dir='ltr' id='par_1_82' title="bbox 2147 3454 3804 3530">
     <span class='ocr_line' id='line_1_82' title="bbox 2147 3454 3804 3530; baseline 0.005 -21"><span class='ocrx_word' id='word_1_587' title='bbox 2147 3460 2362 3527; x_wconf 91' lang='lat' dir='ltr'>potest,</span> <span class='ocrx_word' id='word_1_588' title='bbox 2397 3455 2665 3526; x_wconf 90' lang='lat' dir='ltr'>inquam,</span> <span class='ocrx_word' id='word_1_589' title='bbox 2695 3454 2793 3510; x_wconf 90' lang='lat' dir='ltr'>hic</span> <span class='ocrx_word' id='word_1_590' title='bbox 2819 3455 2999 3511; x_wconf 87' lang='lat' dir='ltr'>homo</span> <span class='ocrx_word' id='word_1_591' title='bbox 3059 3473 3261 3514; x_wconf 88' lang='lat' dir='ltr'>carere</span> <span class='ocrx_word' id='word_1_592' title='bbox 3305 3465 3568 3530; x_wconf 90' lang='lat' dir='ltr'>peccato,</span> <span class='ocrx_word' id='word_1_593' title='bbox 3602 3477 3804 3517; x_wconf 83' lang='lat' dir='ltr'>verum</span> 
     </span>
    </p>
   </div>
   <div class='ocr_carea' id='block_1_83' title="bbox 2145 3545 3806 3623">
    <p class='ocr_par' dir='ltr' id='par_1_83' title="bbox 2145 3545 3806 3623">
     <span class='ocr_line' id='line_1_83' title="bbox 2145 3545 3806 3623; baseline 0.003 -24"><span class='ocrx_word' id='word_1_594' title='bbox 2145 3545 2470 3609; x_wconf 85' lang='lat' dir='ltr'>accusatio,</span> <span class='ocrx_word' id='word_1_595' title='bbox 2504 3562 2640 3601; x_wconf 89' lang='lat' dir='ltr'>cum</span> <span class='ocrx_word' id='word_1_596' title='bbox 2672 3551 2914 3617; x_wconf 90' lang='lat' dir='ltr'>peccata</span> <span class='ocrx_word' id='word_1_597' title='bbox 2947 3547 3145 3619; x_wconf 84' lang='lat' dir='ltr'>gravia</span> <span class='ocrx_word' id='word_1_598' title='bbox 3174 3565 3295 3603; x_wconf 93' lang='lat' dir='ltr'>non</span> <span class='ocrx_word' id='word_1_599' title='bbox 3329 3549 3450 3604; x_wconf 90' lang='lat' dir='ltr'>sint</span> <span class='ocrx_word' id='word_1_600' title='bbox 3477 3555 3579 3605; x_wconf 88' lang='lat' dir='ltr'>aut</span> <span class='ocrx_word' id='word_1_601' title='bbox 3607 3552 3806 3623; x_wconf 80' lang='lat' dir='ltr'>magni</span> 
     </span>
    </p>
   </div>
   <div class='ocr_carea' id='block_1_84' title="bbox 2144 3634 3803 3709">
    <p class='ocr_par' dir='ltr' id='par_1_84' title="bbox 2144 3634 3803 3709">
     <span class='ocr_line' id='line_1_84' title="bbox 2144 3634 3803 3709; baseline 0.005 -21"><span class='ocrx_word' id='word_1_602' title='bbox 2144 3634 2451 3705; x_wconf 88' lang='lat' dir='ltr'>ponderis,</span> <span class='ocrx_word' id='word_1_603' title='bbox 2484 3651 2603 3689; x_wconf 94' lang='lat' dir='ltr'>non</span> <span class='ocrx_word' id='word_1_604' title='bbox 2629 3640 2718 3690; x_wconf 92' lang='lat' dir='ltr'>est</span> <span class='ocrx_word' id='word_1_605' title='bbox 2748 3635 3065 3692; x_wconf 88' lang='lat' dir='ltr'>vehemens</span> <span class='ocrx_word' id='word_1_606' title='bbox 3091 3643 3194 3692; x_wconf 91' lang='lat' dir='ltr'>aut</span> <span class='ocrx_word' id='word_1_607' title='bbox 3214 3637 3499 3709; x_wconf 83' lang='lat' dir='ltr'>legitima,</span> <span class='ocrx_word' id='word_1_608' title='bbox 3525 3640 3631 3695; x_wconf 90' lang='lat' dir='ltr'>sed</span> <span class='ocrx_word' id='word_1_609' title='bbox 3662 3657 3803 3696; x_wconf 85' lang='lat' dir='ltr'>exu-</span> 
     </span>
    </p>
   </div>
   <div class='ocr_carea' id='block_1_85' title="bbox 2145 3723 3803 3800">
    <p class='ocr_par' dir='ltr' id='par_1_85' title="bbox 2145 3723 3803 3800">
     <span class='ocr_line' id='line_1_85' title="bbox 2145 3723 3803 3800; baseline 0.004 -22"><span class='ocrx_word' id='word_1_610' title='bbox 2145 3724 2438 3779; x_wconf 89' lang='lat' dir='ltr'>sationem</span> <span class='ocrx_word' id='word_1_611' title='bbox 2461 3723 2536 3779; x_wconf 91' lang='lat' dir='ltr'>ad</span> <span class='ocrx_word' id='word_1_612' title='bbox 2560 3740 2690 3779; x_wconf 89' lang='lat' dir='ltr'>eam</span> <span class='ocrx_word' id='word_1_613' title='bbox 2722 3724 3049 3795; x_wconf 57' lang='lat' dir='ltr'>praeferunt</span> <span class='ocrx_word' id='word_1_614' title='bbox 3077 3727 3488 3799; x_wconf 87' lang='lat' dir='ltr'>cogitationes,</span> <span class='ocrx_word' id='word_1_615' title='bbox 3522 3735 3666 3800; x_wconf 89' lang='lat' dir='ltr'>puta</span> <span class='ocrx_word' id='word_1_616' title='bbox 3692 3747 3803 3786; x_wconf 88' lang='lat' dir='ltr'>na-</span> 
     </span>
    </p>
   </div>
   <div class='ocr_carea' id='block_1_86' title="bbox 2143 3812 3801 3891">
    <p class='ocr_par' dir='ltr' id='par_1_86' title="bbox 2143 3812 3801 3891">
     <span class='ocr_line' id='line_1_86' title="bbox 2143 3812 3801 3891; baseline 0.005 -24"><span class='ocrx_word' id='word_1_617' title='bbox 2143 3817 2293 3868; x_wconf 71' lang='lat' dir='ltr'>tura:</span> <span class='ocrx_word' id='word_1_618' title='bbox 2307 3812 2708 3869; x_wconf 88' lang='lat' dir='ltr'>lubricitatem</span> <span class='ocrx_word' id='word_1_619' title='bbox 2723 3830 2790 3869; x_wconf 89' lang='lat' dir='ltr'>ac</span> <span class='ocrx_word' id='word_1_620' title='bbox 2804 3814 3237 3879; x_wconf 82' lang='lat' dir='ltr'>infirmitatem,</span> <span class='ocrx_word' id='word_1_621' title='bbox 3259 3817 3360 3871; x_wconf 91' lang='lat' dir='ltr'>Dei</span> <span class='ocrx_word' id='word_1_622' title='bbox 3376 3835 3514 3891; x_wconf 87' lang='lat' dir='ltr'>erga</span> <span class='ocrx_word' id='word_1_623' title='bbox 3526 3820 3801 3877; x_wconf 88' lang='lat' dir='ltr'>homines</span> 
     </span>
    </p>
   </div>
   <div class='ocr_carea' id='block_1_87' title="bbox 2145 3903 3800 3981">
    <p class='ocr_par' dir='ltr' id='par_1_87' title="bbox 2145 3903 3800 3981">
     <span class='ocr_line' id='line_1_87' title="bbox 2145 3903 3800 3981; baseline 0.005 -24"><span class='ocrx_word' id='word_1_624' title='bbox 2145 3918 2411 3958; x_wconf 89' lang='lat' dir='ltr'>amorem</span> <span class='ocrx_word' id='word_1_625' title='bbox 2438 3920 2505 3959; x_wconf 92' lang='lat' dir='ltr'>ac</span> <span class='ocrx_word' id='word_1_626' title='bbox 2549 3903 3023 3959; x_wconf 90' lang='lat' dir='ltr'>misericordiam</span> <span class='ocrx_word' id='word_1_627' title='bbox 3050 3922 3064 3959; x_wconf 89' lang='lat'>:</span> <span class='ocrx_word' id='word_1_628' title='bbox 3098 3911 3157 3961; x_wconf 88' lang='lat' dir='ltr'>et</span> <span class='ocrx_word' id='word_1_629' title='bbox 3187 3906 3291 3961; x_wconf 91' lang='lat' dir='ltr'>illa</span> <span class='ocrx_word' id='word_1_630' title='bbox 3319 3908 3558 3979; x_wconf 91' lang='lat' dir='ltr'>quidem</span> <span class='ocrx_word' id='word_1_631' title='bbox 3585 3916 3800 3981; x_wconf 85' lang='lat' dir='ltr'>cessat,</span> 
     </span>
    </p>
   </div>
   <div class='ocr_carea' id='block_1_88' title="bbox 2146 3993 3800 4071">
    <p class='ocr_par' dir='ltr' id='par_1_88' title="bbox 2146 3993 3800 4071">
     <span class='ocr_line' id='line_1_88' title="bbox 2146 3993 3800 4071; baseline 0.004 -23"><span class='ocrx_word' id='word_1_632' title='bbox 2146 3993 2449 4048; x_wconf 90' lang='lat' dir='ltr'>excusatio</span> <span class='ocrx_word' id='word_1_633' title='bbox 2477 3998 2676 4048; x_wconf 89' lang='lat' dir='ltr'>autem</span> <span class='ocrx_word' id='word_1_634' title='bbox 2707 3993 2912 4048; x_wconf 90' lang='lat' dir='ltr'>vincit.</span> <span class='ocrx_word' id='word_1_635' title='bbox 2953 3994 3101 4049; x_wconf 91' lang='lat' dir='ltr'>Sunt</span> <span class='ocrx_word' id='word_1_636' title='bbox 3148 3995 3329 4067; x_wconf 89' lang='lat' dir='ltr'>igitur</span> <span class='ocrx_word' id='word_1_637' title='bbox 3359 3996 3449 4053; x_wconf 70' lang='lat' dir='ltr'>ha:</span> <span class='ocrx_word' id='word_1_638' title='bbox 3480 3998 3800 4071; x_wconf 85' lang='lat' dir='ltr'>cogitatio-</span> 
     </span>
    </p>
   </div>
   <div class='ocr_carea' id='block_1_89' title="bbox 2142 4082 3803 4155">
    <p class='ocr_par' dir='ltr' id='par_1_89' title="bbox 2142 4082 3803 4155">
     <span class='ocr_line' id='line_1_89' title="bbox 2142 4082 3803 4155; baseline 0.004 -16"><span class='ocrx_word' id='word_1_639' title='bbox 2142 4100 2249 4139; x_wconf 89' lang='lat' dir='ltr'>nes</span> <span class='ocrx_word' id='word_1_640' title='bbox 2276 4082 2486 4139; x_wconf 91' lang='lat' dir='ltr'>merito</span> <span class='ocrx_word' id='word_1_641' title='bbox 2501 4082 2822 4155; x_wconf 65' lang='lat' dir='ltr'>designatae</span> <span class='ocrx_word' id='word_1_642' title='bbox 2841 4082 2913 4139; x_wconf 91' lang='lat' dir='ltr'>ab</span> <span class='ocrx_word' id='word_1_643' title='bbox 2930 4086 3481 4152; x_wconf 82' lang='lat' dir='ltr'>excusatione,licet</span> <span class='ocrx_word' id='word_1_644' title='bbox 3503 4091 3803 4145; x_wconf 87' lang='lat' dir='ltr'>accusatio</span> 
     </span>
    </p>
   </div>
   <div class='ocr_carea' id='block_1_90' title="bbox 2140 4172 3805 4249">
    <p class='ocr_par' dir='ltr' id='par_1_90' title="bbox 2140 4172 3805 4249">
     <span class='ocr_line' id='line_1_90' title="bbox 2140 4172 3805 4249; baseline 0.004 -22"><span class='ocrx_word' id='word_1_645' title='bbox 2140 4172 2534 4243; x_wconf 81' lang='lat' dir='ltr'>praecesserit.</span> <span class='ocrx_word' id='word_1_646' title='bbox 2568 4173 2634 4227; x_wconf 83' lang='lat' dir='ltr'>In</span> <span class='ocrx_word' id='word_1_647' title='bbox 2666 4172 2757 4227; x_wconf 89' lang='lat' dir='ltr'>his</span> <span class='ocrx_word' id='word_1_648' title='bbox 2805 4189 2940 4229; x_wconf 85' lang='lat' dir='ltr'>vero</span> <span class='ocrx_word' id='word_1_649' title='bbox 2972 4174 3072 4245; x_wconf 89' lang='lat' dir='ltr'>qui</span> <span class='ocrx_word' id='word_1_650' title='bbox 3104 4182 3359 4246; x_wconf 91' lang='lat' dir='ltr'>pereunt</span> <span class='ocrx_word' id='word_1_651' title='bbox 3408 4178 3513 4249; x_wconf 91' lang='lat' dir='ltr'>qui</span> <span class='ocrx_word' id='word_1_652' title='bbox 3545 4177 3805 4234; x_wconf 85' lang='lat' dir='ltr'>absurda</span> 
     </span>
    </p>
   </div>
   <div class='ocr_carea' id='block_1_91' title="bbox 2142 4261 3802 4337">
    <p class='ocr_par' dir='ltr' id='par_1_91' title="bbox 2142 4261 3802 4337">
     <span class='ocr_line' id='line_1_91' title="bbox 2142 4261 3802 4337; baseline 0.004 -20"><span class='ocrx_word' id='word_1_653' title='bbox 2142 4268 2283 4317; x_wconf 91' lang='lat' dir='ltr'>sunt</span> <span class='ocrx_word' id='word_1_654' title='bbox 2312 4267 2370 4316; x_wconf 89' lang='lat' dir='ltr'>et</span> <span class='ocrx_word' id='word_1_655' title='bbox 2398 4261 2593 4335; x_wconf 88' lang='lat' dir='ltr'>gravia</span> <span class='ocrx_word' id='word_1_656' title='bbox 2625 4263 3335 4337; x_wconf 87' lang='lat' dir='ltr'>peccata,vehemensque</span> <span class='ocrx_word' id='word_1_657' title='bbox 3362 4270 3420 4322; x_wconf 90' lang='lat' dir='ltr'>et</span> <span class='ocrx_word' id='word_1_658' title='bbox 3441 4267 3802 4324; x_wconf 85' lang='lat' dir='ltr'>inevitabilis</span> 
     </span>
    </p>
   </div>
   <div class='ocr_carea' id='block_1_92' title="bbox 2141 4353 3802 4428">
    <p class='ocr_par' dir='ltr' id='par_1_92' title="bbox 2141 4353 3802 4428">
     <span class='ocr_line' id='line_1_92' title="bbox 2141 4353 3802 4428; baseline 0.002 -18"><span class='ocrx_word' id='word_1_659' title='bbox 2141 4354 2463 4419; x_wconf 88' lang='lat' dir='ltr'>accusatio,</span> <span class='ocrx_word' id='word_1_660' title='bbox 2497 4353 2799 4409; x_wconf 81' lang='lat' dir='ltr'>excusatio</span> <span class='ocrx_word' id='word_1_661' title='bbox 2832 4360 3032 4411; x_wconf 90' lang='lat' dir='ltr'>autem</span> <span class='ocrx_word' id='word_1_662' title='bbox 3070 4373 3471 4428; x_wconf 88' lang='lat' dir='ltr'>nequaquam,</span> <span class='ocrx_word' id='word_1_663' title='bbox 3507 4359 3568 4415; x_wconf 91' lang='lat' dir='ltr'>in</span> <span class='ocrx_word' id='word_1_664' title='bbox 3591 4360 3675 4414; x_wconf 88' lang='lat' dir='ltr'>eis</span> <span class='ocrx_word' id='word_1_665' title='bbox 3707 4376 3802 4414; x_wconf 85' lang='lat' dir='ltr'>so-</span> 
     </span>
    </p>
   </div>
   <div class='ocr_carea' id='block_1_93' title="bbox 2141 4443 3805 4521">
    <p class='ocr_par' dir='ltr' id='par_1_93' title="bbox 2141 4443 3805 4521">
     <span class='ocr_line' id='line_1_93' title="bbox 2141 4443 3805 4521; baseline 0.003 -23"><span class='ocrx_word' id='word_1_666' title='bbox 2141 4443 2267 4499; x_wconf 89' lang='lat' dir='ltr'>lum</span> <span class='ocrx_word' id='word_1_667' title='bbox 2296 4443 2484 4515; x_wconf 89' lang='lat' dir='ltr'>ponit,</span> <span class='ocrx_word' id='word_1_668' title='bbox 2522 4465 2549 4494; x_wconf 83' lang='grc'>‹‹</span> <span class='ocrx_word' id='word_1_669' title='bbox 2582 4445 3032 4502; x_wconf 87' lang='lat' dir='ltr'>Accusantibus.</span> <span class='ocrx_word' id='word_1_670' title='bbox 3076 4470 3095 4494; x_wconf 83' lang='lat'><strong><em>-</em></strong></span> <span class='ocrx_word' id='word_1_671' title='bbox 3132 4447 3428 4503; x_wconf 78' lang='lat' dir='ltr'>Praeterea</span> <span class='ocrx_word' id='word_1_672' title='bbox 3458 4448 3635 4521; x_wconf 88' lang='lat' dir='ltr'>digna</span> <span class='ocrx_word' id='word_1_673' title='bbox 3665 4454 3805 4505; x_wconf 89' lang='lat' dir='ltr'>sunt</span> 
     </span>
    </p>
   </div>
   <div class='ocr_carea' id='block_1_94' title="bbox 2145 4533 3799 4611">
    <p class='ocr_par' dir='ltr' id='par_1_94' title="bbox 2145 4533 3799 4611">
     <span class='ocr_line' id='line_1_94' title="bbox 2145 4533 3799 4611; baseline 0.004 -22"><span class='ocrx_word' id='word_1_674' title='bbox 2145 4533 2667 4600; x_wconf 89' lang='lat' dir='ltr'>condemnatione,</span> <span class='ocrx_word' id='word_1_675' title='bbox 2717 4551 2848 4606; x_wconf 74' lang='lat' dir='ltr'>qum</span> <span class='ocrx_word' id='word_1_676' title='bbox 2908 4536 3368 4607; x_wconf 85' lang='lat' dir='ltr'>cogitationibus</span> <span class='ocrx_word' id='word_1_677' title='bbox 3407 4538 3799 4611; x_wconf 87' lang='lat' dir='ltr'>deliquimus:</span> 
     </span>
    </p>
   </div>
   <div class='ocr_carea' id='block_1_95' title="bbox 356 4613 2035 4702">
    <p class='ocr_par' dir='ltr' id='par_1_95' title="bbox 356 4621 2033 4702">
     <span class='ocr_line' id='line_1_95' title="bbox 356 4621 2033 4702; baseline -0.004 -20"><span class='ocrx_word' id='word_1_678' title='bbox 356 4624 466 4682; x_wconf 77' lang='grc' dir='ltr'>Καὶ</span> <span class='ocrx_word' id='word_1_679' title='bbox 532 4623 702 4678; x_wconf 74' lang='grc' dir='ltr'>πάλιν</span> <span class='ocrx_word' id='word_1_680' title='bbox 759 4625 1081 4702; x_wconf 79' lang='grc' dir='ltr'>συγγνωστᾶ</span> <span class='ocrx_word' id='word_1_681' title='bbox 1142 4626 1260 4700; x_wconf 71' lang='grc' dir='ltr'>μὲν,</span> <span class='ocrx_word' id='word_1_682' title='bbox 1321 4625 1355 4681; x_wconf 78' lang='grc' dir='ltr'>’ὰ</span> <span class='ocrx_word' id='word_1_683' title='bbox 1415 4621 1504 4680; x_wconf 79' lang='grc' dir='ltr'>διὰ</span> <span class='ocrx_word' id='word_1_684' title='bbox 1567 4623 1853 4698; x_wconf 79' lang='grc' dir='ltr'>μετανοίας</span> <span class='ocrx_word' id='word_1_685' title='bbox 1904 4633 2033 4686; x_wconf 85' lang='grc' dir='ltr'>καθ-</span> 
     </span>
    </p>
   </div>
   <div class='ocr_carea' id='block_1_96' title="bbox 2147 4613 3801 4702">
    <p class='ocr_par' dir='ltr' id='par_1_96' title="bbox 2147 4626 3801 4701">
     <span class='ocr_line' id='line_1_96' title="bbox 2147 4626 3801 4701; baseline 0.005 -23"><span class='ocrx_word' id='word_1_686' title='bbox 2147 4640 2351 4682; x_wconf 85' lang='lat' dir='ltr'>verum</span> <span class='ocrx_word' id='word_1_687' title='bbox 2386 4641 2508 4679; x_wconf 90' lang='lat' dir='ltr'>non</span> <span class='ocrx_word' id='word_1_688' title='bbox 2539 4631 2849 4681; x_wconf 84' lang='lat' dir='ltr'>merentur</span> <span class='ocrx_word' id='word_1_689' title='bbox 2872 4626 3105 4682; x_wconf 86' lang='lat' dir='ltr'>veniam</span> <span class='ocrx_word' id='word_1_690' title='bbox 3138 4644 3270 4698; x_wconf 63' lang='lat' dir='ltr'>qua;</span> <span class='ocrx_word' id='word_1_691' title='bbox 3292 4628 3367 4683; x_wconf 92' lang='lat' dir='ltr'>ad</span> <span class='ocrx_word' id='word_1_692' title='bbox 3401 4645 3583 4701; x_wconf 89' lang='lat' dir='ltr'>opera</span> <span class='ocrx_word' id='word_1_693' title='bbox 3609 4646 3801 4701; x_wconf 88' lang='lat' dir='ltr'>usque</span> 
     </span>
    </p>
   </div>
   <div class='ocr_carea' id='block_1_97' title="bbox 357 4709 2030 4791">
    <p class='ocr_par' dir='ltr' id='par_1_97' title="bbox 357 4709 2030 4791">
     <span class='ocr_line' id='line_1_97' title="bbox 357 4709 2030 4791; baseline -0.001 -25"><span class='ocrx_word' id='word_1_694' title='bbox 357 4712 622 4787; x_wconf 74' lang='grc' dir='ltr'>ηρᾶμεθα</span> <span class='ocrx_word' id='word_1_695' title='bbox 678 4713 1030 4791; x_wconf 78' lang='grc' dir='ltr'>ἀσυγγνωστα</span> <span class='ocrx_word' id='word_1_696' title='bbox 1082 4711 1159 4785; x_wconf 71' lang='grc' dir='ltr'>δὲ,</span> <span class='ocrx_word' id='word_1_697' title='bbox 1220 4714 1311 4779; x_wconf 79' lang='grc' dir='ltr'>οἷς</span> <span class='ocrx_word' id='word_1_698' title='bbox 1380 4710 1523 4787; x_wconf 78' lang='grc' dir='ltr'>μηδὶ</span> <span class='ocrx_word' id='word_1_699' title='bbox 1559 4713 1622 4769; x_wconf 86' lang='grc' dir='ltr'>τὸ</span> <span class='ocrx_word' id='word_1_700' title='bbox 1681 4709 1772 4767; x_wconf 73' lang='grc' dir='ltr'>διὰ</span> <span class='ocrx_word' id='word_1_701' title='bbox 1828 4711 2030 4781; x_wconf 82' lang='grc' dir='ltr'>ταύτης</span> 
     </span>
    </p>
   </div>
   <div class='ocr_carea' id='block_1_98' title="bbox 356 4800 1726 4878">
    <p class='ocr_par' dir='ltr' id='par_1_98' title="bbox 356 4800 1726 4878">
     <span class='ocr_line' id='line_1_98' title="bbox 356 4800 1726 4878; baseline 0.004 -24"><span class='ocrx_word' id='word_1_702' title='bbox 356 4800 527 4874; x_wconf 69' lang='grc' dir='ltr'>ἱατνςρ</span> <span class='ocrx_word' id='word_1_703' title='bbox 541 4821 619 4855; x_wconf 88' lang='grc' dir='ltr'>ιον</span> <span class='ocrx_word' id='word_1_704' title='bbox 652 4800 743 4856; x_wconf 77' lang='grc' dir='ltr'>καὶ</span> <span class='ocrx_word' id='word_1_705' title='bbox 776 4803 874 4871; x_wconf 75' lang='grc' dir='ltr'>τήν</span> <span class='ocrx_word' id='word_1_706' title='bbox 905 4804 1194 4877; x_wconf 79' lang='grc' dir='ltr'>θεραπείαν</span> <span class='ocrx_word' id='word_1_707' title='bbox 1226 4802 1726 4878; x_wconf 79' lang='grc' dir='ltr'>προσενηνόχαμεν.</span> 
     </span>
    </p>
   </div>
   <div class='ocr_carea' id='block_1_99' title="bbox 430 4977 2031 5059">
    <p class='ocr_par' dir='ltr' id='par_1_99' title="bbox 430 4977 2031 5059">
     <span class='ocr_line' id='line_1_99' title="bbox 430 4977 2031 5059; baseline 0.002 -25"><span class='ocrx_word' id='word_1_708' title='bbox 430 4978 671 5035; x_wconf 80' lang='grc' dir='ltr'>Δύναται</span> <span class='ocrx_word' id='word_1_709' title='bbox 704 4977 761 5035; x_wconf 76' lang='grc' dir='ltr'>δὲ</span> <span class='ocrx_word' id='word_1_710' title='bbox 789 4981 878 5035; x_wconf 74' lang='grc' dir='ltr'>καὶ</span> <span class='ocrx_word' id='word_1_711' title='bbox 933 4981 1007 5044; x_wconf 82' lang='grc' dir='ltr'>ὡς</span> <span class='ocrx_word' id='word_1_712' title='bbox 1064 4977 1178 5059; x_wconf 80' lang='grc' dir='ltr'>ἔχει</span> <span class='ocrx_word' id='word_1_713' title='bbox 1232 4982 1432 5054; x_wconf 78' lang='grc' dir='ltr'>τάξεως</span> <span class='ocrx_word' id='word_1_714' title='bbox 1466 4984 1500 5052; x_wconf 82' lang='grc' dir='ltr'><strong>ἡ</strong></span> <span class='ocrx_word' id='word_1_715' title='bbox 1535 4980 1699 5052; x_wconf 70' lang='grc' dir='ltr'>λέξις,</span> <span class='ocrx_word' id='word_1_716' title='bbox 1733 4985 1829 5038; x_wconf 87' lang='grc' dir='ltr'>τοῦ</span> <span class='ocrx_word' id='word_1_717' title='bbox 1861 4980 2031 5059; x_wconf 73' lang='grc' dir='ltr'>ῥητοῦ</span> 
     </span>
    </p>
   </div>
   <div class='ocr_carea' id='block_1_100' title="bbox 358 5066 2032 5151">
    <p class='ocr_par' dir='ltr' id='par_1_100' title="bbox 358 5066 2032 5151">
     <span class='ocr_line' id='line_1_100' title="bbox 358 5066 2032 5151; baseline 0.001 -26"><span class='ocrx_word' id='word_1_718' title='bbox 358 5072 395 5141; x_wconf 73' lang='grc' dir='ltr'>ἡ</span> <span class='ocrx_word' id='word_1_719' title='bbox 461 5066 683 5125; x_wconf 73' lang='grc' dir='ltr'>διᾶιοια</span> <span class='ocrx_word' id='word_1_720' title='bbox 735 5068 1183 5151; x_wconf 65' lang='grc' dir='ltr'>παραληςιθῇναι.</span> <span class='ocrx_word' id='word_1_721' title='bbox 1246 5075 1382 5131; x_wconf 81' lang='grc' dir='ltr'>Οἴον</span> <span class='ocrx_word' id='word_1_722' title='bbox 1434 5073 1486 5128; x_wconf 73' lang='grc' dir='ltr'>οἳ</span> <span class='ocrx_word' id='word_1_723' title='bbox 1543 5073 1637 5146; x_wconf 71' lang='grc' dir='ltr'>μὲν</span> <span class='ocrx_word' id='word_1_724' title='bbox 1716 5073 1809 5127; x_wconf 86' lang='grc' dir='ltr'>τὸν</span> <span class='ocrx_word' id='word_1_725' title='bbox 1861 5071 2032 5146; x_wconf 86' lang='grc' dir='ltr'>νόμον</span> 
     </span>
    </p>
   </div>
   <div class='ocr_carea' id='block_1_101' title="bbox 357 5154 2030 5240">
    <p class='ocr_par' dir='ltr' id='par_1_101' title="bbox 357 5154 2030 5240">
     <span class='ocr_line' id='line_1_101' title="bbox 357 5154 2030 5240; baseline 0.001 -25"><span class='ocrx_word' id='word_1_726' title='bbox 357 5154 651 5230; x_wconf 72' lang='grc' dir='ltr'>λαϐόντες,</span> <span class='ocrx_word' id='word_1_727' title='bbox 696 5160 784 5215; x_wconf 73' lang='grc' dir='ltr'>καὶ</span> <span class='ocrx_word' id='word_1_728' title='bbox 837 5162 929 5216; x_wconf 87' lang='grc' dir='ltr'>τὸν</span> <span class='ocrx_word' id='word_1_729' title='bbox 988 5162 1154 5236; x_wconf 84' lang='grc' dir='ltr'>νόμον</span> <span class='ocrx_word' id='word_1_730' title='bbox 1215 5163 1303 5218; x_wconf 72' lang='grc' dir='ltr'>καὶ</span> <span class='ocrx_word' id='word_1_731' title='bbox 1352 5163 1452 5232; x_wconf 68' lang='grc' dir='ltr'>τήν</span> <span class='ocrx_word' id='word_1_732' title='bbox 1500 5159 1800 5233; x_wconf 79' lang='grc' dir='ltr'>συνείδησιν</span> <span class='ocrx_word' id='word_1_733' title='bbox 1831 5159 1912 5240; x_wconf 65' lang='grc' dir='ltr'>ἐφ’</span> <span class='ocrx_word' id='word_1_734' title='bbox 1944 5163 2030 5225; x_wconf 79' lang='grc' dir='ltr'>οἷς</span> 
     </span>
    </p>
   </div>
   <div class='ocr_carea' id='block_1_102' title="bbox 357 5247 2030 5328">
    <p class='ocr_par' dir='ltr' id='par_1_102' title="bbox 357 5247 2030 5328">
     <span class='ocr_line' id='line_1_102' title="bbox 357 5247 2030 5328; baseline 0.002 -24"><span class='ocrx_word' id='word_1_735' title='bbox 357 5249 738 5323; x_wconf 68' lang='grc' dir='ltr'>ἁμαρτάνουσι</span> <span class='ocrx_word' id='word_1_736' title='bbox 770 5255 1199 5327; x_wconf 86' lang='grc' dir='ltr'>κατηγοροῦσαν.</span> <span class='ocrx_word' id='word_1_737' title='bbox 1259 5253 1321 5308; x_wconf 76' lang='grc' dir='ltr'>Οἱ</span> <span class='ocrx_word' id='word_1_738' title='bbox 1376 5247 1434 5306; x_wconf 70' lang='grc' dir='ltr'>δὲ</span> <span class='ocrx_word' id='word_1_739' title='bbox 1496 5252 1570 5325; x_wconf 73' lang='grc' dir='ltr'>μὴ</span> <span class='ocrx_word' id='word_1_740' title='bbox 1605 5249 2030 5328; x_wconf 57' lang='grc' dir='ltr'>παρειληφότες,</span> 
     </span>
    </p>
   </div>
   <div class='ocr_carea' id='block_1_103' title="bbox 359 5338 2033 5419">
    <p class='ocr_par' dir='ltr' id='par_1_103' title="bbox 359 5338 2033 5419">
     <span class='ocr_line' id='line_1_103' title="bbox 359 5338 2033 5419; baseline 0.002 -25"><span class='ocrx_word' id='word_1_741' title='bbox 359 5341 518 5419; x_wconf 71' lang='grc' dir='ltr'>φησί,</span> <span class='ocrx_word' id='word_1_742' title='bbox 549 5342 645 5395; x_wconf 79' lang='grc' dir='ltr'>τὸν</span> <span class='ocrx_word' id='word_1_743' title='bbox 676 5340 870 5412; x_wconf 72' lang='grc' dir='ltr'>νόμον,</span> <span class='ocrx_word' id='word_1_744' title='bbox 911 5342 1236 5415; x_wconf 59' lang='grc' dir='ltr'>πράττοντες</span> <span class='ocrx_word' id='word_1_745' title='bbox 1294 5338 1351 5396; x_wconf 73' lang='grc' dir='ltr'>δὲ</span> <span class='ocrx_word' id='word_1_746' title='bbox 1409 5341 1515 5397; x_wconf 76' lang='grc' dir='ltr'>ἀπὸ</span> <span class='ocrx_word' id='word_1_747' title='bbox 1574 5338 1935 5412; x_wconf 59' lang='grc' dir='ltr'>συνειδήσεως</span> <span class='ocrx_word' id='word_1_748' title='bbox 1966 5341 2033 5397; x_wconf 71' lang='grc' dir='ltr'>τὰ</span> 
     </span>
    </p>
   </div>
   <div class='ocr_carea' id='block_1_104' title="bbox 342 5425 2031 5507">
    <p class='ocr_par' dir='ltr' id='par_1_104' title="bbox 342 5425 2031 5507">
     <span class='ocr_line' id='line_1_104' title="bbox 342 5425 2031 5507; baseline 0.001 -23"><span class='ocrx_word' id='word_1_749' title='bbox 342 5433 443 5484; x_wconf 86' lang='grc' dir='ltr'>τοῦ</span> <span class='ocrx_word' id='word_1_750' title='bbox 471 5429 676 5503; x_wconf 71' lang='grc' dir='ltr'>νῦμου,</span> <span class='ocrx_word' id='word_1_751' title='bbox 707 5429 861 5485; x_wconf 77' lang='grc' dir='ltr'>οὗτοι</span> <span class='ocrx_word' id='word_1_752' title='bbox 917 5432 1016 5498; x_wconf 68' lang='grc' dir='ltr'>τήν</span> <span class='ocrx_word' id='word_1_753' title='bbox 1066 5428 1372 5502; x_wconf 69' lang='grc' dir='ltr'>συνείδησιν</span> <span class='ocrx_word' id='word_1_754' title='bbox 1424 5425 1838 5507; x_wconf 72' lang='grc' dir='ltr'>προϐάλλονται</span> <span class='ocrx_word' id='word_1_755' title='bbox 1892 5432 2031 5507; x_wconf 74' lang='grc' dir='ltr'>μάρ-</span> 
     </span>
    </p>
   </div>
   <div class='ocr_carea' id='block_1_105' title="bbox 343 5520 2029 5599">
    <p class='ocr_par' dir='ltr' id='par_1_105' title="bbox 343 5520 2029 5599">
     <span class='ocr_line' id='line_1_105' title="bbox 343 5520 2029 5599; baseline 0.002 -24"><span class='ocrx_word' id='word_1_756' title='bbox 343 5540 481 5595; x_wconf 86' lang='grc' dir='ltr'>τυρα</span> <span class='ocrx_word' id='word_1_757' title='bbox 543 5529 649 5592; x_wconf 73' lang='grc' dir='ltr'>τῆς</span> <span class='ocrx_word' id='word_1_758' title='bbox 712 5520 1099 5599; x_wconf 81' lang='grc' dir='ltr'>ἆγαθοεργίας.</span> <span class='ocrx_word' id='word_1_759' title='bbox 1158 5523 1275 5577; x_wconf 87' lang='grc' dir='ltr'>Ἵνα</span> <span class='ocrx_word' id='word_1_760' title='bbox 1332 5521 1438 5597; x_wconf 78' lang='grc' dir='ltr'>γὰρ</span> <span class='ocrx_word' id='word_1_761' title='bbox 1500 5523 1575 5594; x_wconf 78' lang='grc' dir='ltr'>μή</span> <span class='ocrx_word' id='word_1_762' title='bbox 1627 5543 1709 5583; x_wconf 81' lang='grc' dir='ltr'>τις</span> <span class='ocrx_word' id='word_1_763' title='bbox 1740 5521 2029 5598; x_wconf 49' lang='lat' dir='ltr'>siit-9.06-</span> 
     </span>
    </p>
   </div>
   <div class='ocr_carea' id='block_1_106' title="bbox 342 5610 2032 5688">
    <p class='ocr_par' dir='ltr' id='par_1_106' title="bbox 342 5610 2032 5688">
     <span class='ocr_line' id='line_1_106' title="bbox 342 5610 2032 5688; baseline -0.001 -20"><span class='ocrx_word' id='word_1_764' title='bbox 342 5615 479 5668; x_wconf 86' lang='grc' dir='ltr'>κοῦν</span> <span class='ocrx_word' id='word_1_765' title='bbox 508 5611 656 5668; x_wconf 80' lang='grc' dir='ltr'>κατᾶ</span> <span class='ocrx_word' id='word_1_766' title='bbox 705 5611 890 5688; x_wconf 85' lang='grc' dir='ltr'>τύχην</span> <span class='ocrx_word' id='word_1_767' title='bbox 950 5610 1252 5684; x_wconf 80' lang='grc' dir='ltr'>πράττουσι</span> <span class='ocrx_word' id='word_1_768' title='bbox 1306 5611 1369 5667; x_wconf 83' lang='grc' dir='ltr'>τὸ</span> <span class='ocrx_word' id='word_1_769' title='bbox 1427 5610 1652 5686; x_wconf 79' lang='grc' dir='ltr'>ἀγαθὸν,</span> <span class='ocrx_word' id='word_1_770' title='bbox 1682 5610 1728 5667; x_wconf 76' lang='grc' dir='ltr'>εἰ</span> <span class='ocrx_word' id='word_1_771' title='bbox 1763 5613 1840 5685; x_wconf 82' lang='grc' dir='ltr'>μή</span> <span class='ocrx_word' id='word_1_772' title='bbox 1872 5633 2032 5687; x_wconf 85' lang='grc' dir='ltr'>νομῳ</span> 
     </span>
    </p>
   </div>
   <div class='ocr_carea' id='block_1_107' title="bbox 336 5697 2035 5783">
    <p class='ocr_par' dir='ltr' id='par_1_107' title="bbox 336 5697 2035 5783">
     <span class='ocr_line' id='line_1_107' title="bbox 336 5697 2035 5783; baseline -0.001 -23"><span class='ocrx_word' id='word_1_773' title='bbox 336 5702 704 5783; x_wconf 73' lang='grc' dir='ltr'>πράττουσιν.</span> <span class='ocrx_word' id='word_1_774' title='bbox 770 5700 1080 5776; x_wconf 82' lang='grc' dir='ltr'>Οὐμενοῦν,</span> <span class='ocrx_word' id='word_1_775' title='bbox 1141 5701 1333 5775; x_wconf 71' lang='grc' dir='ltr'>φησὶν,</span> <span class='ocrx_word' id='word_1_776' title='bbox 1390 5697 1539 5758; x_wconf 80' lang='grc' dir='ltr'>ἀλλᾶ</span> <span class='ocrx_word' id='word_1_777' title='bbox 1601 5701 1737 5779; x_wconf 78' lang='grc' dir='ltr'>μετᾶ</span> <span class='ocrx_word' id='word_1_778' title='bbox 1781 5700 2035 5778; x_wconf 72' lang='grc' dir='ltr'>συνειδή-</span> 
     </span>
    </p>
   </div>
   <div class='ocr_carea' id='block_1_108' title="bbox 2144 4714 3807 4790">
    <p class='ocr_par' dir='ltr' id='par_1_108' title="bbox 2144 4714 3807 4790">
     <span class='ocr_line' id='line_1_108' title="bbox 2144 4714 3807 4790; baseline 0.003 -22"><span class='ocrx_word' id='word_1_779' title='bbox 2144 4714 2646 4786; x_wconf 87' lang='lat' dir='ltr'>protraximus.Et</span> <span class='ocrx_word' id='word_1_780' title='bbox 2658 4730 2895 4770; x_wconf 90' lang='lat' dir='ltr'>rursum</span> <span class='ocrx_word' id='word_1_781' title='bbox 2914 4715 3290 4787; x_wconf 90' lang='lat' dir='ltr'>ignoscibilia</span> <span class='ocrx_word' id='word_1_782' title='bbox 3303 4722 3443 4772; x_wconf 91' lang='lat' dir='ltr'>sunt</span> <span class='ocrx_word' id='word_1_783' title='bbox 3459 4735 3590 4789; x_wconf 67' lang='lat' dir='ltr'>quae</span> <span class='ocrx_word' id='word_1_784' title='bbox 3615 4719 3807 4790; x_wconf 67' lang='lat' dir='ltr'>paeni-</span> 
     </span>
    </p>
   </div>
   <div class='ocr_carea' id='block_1_109' title="bbox 2145 4802 3807 4879">
    <p class='ocr_par' dir='ltr' id='par_1_109' title="bbox 2145 4802 3807 4879">
     <span class='ocr_line' id='line_1_109' title="bbox 2145 4802 3807 4879; baseline 0.003 -21"><span class='ocrx_word' id='word_1_785' title='bbox 2145 4803 2333 4858; x_wconf 89' lang='lat' dir='ltr'>tentia</span> <span class='ocrx_word' id='word_1_786' title='bbox 2365 4802 2718 4865; x_wconf 88' lang='lat' dir='ltr'>delevimus,</span> <span class='ocrx_word' id='word_1_787' title='bbox 2744 4820 2814 4860; x_wconf 94' lang='lat' dir='ltr'>ea</span> <span class='ocrx_word' id='word_1_788' title='bbox 2841 4810 3040 4860; x_wconf 91' lang='lat' dir='ltr'>autem</span> <span class='ocrx_word' id='word_1_789' title='bbox 3072 4805 3463 4862; x_wconf 88' lang='lat' dir='ltr'>condemnari</span> <span class='ocrx_word' id='word_1_790' title='bbox 3496 4814 3807 4879; x_wconf 91' lang='lat' dir='ltr'>nequeunt</span> 
     </span>
    </p>
   </div>
   <div class='ocr_carea' id='block_1_110' title="bbox 2145 4893 3801 4966">
    <p class='ocr_par' dir='ltr' id='par_1_110' title="bbox 2145 4893 3801 4966">
     <span class='ocr_line' id='line_1_110' title="bbox 2145 4893 3801 4966; baseline 0.005 -19"><span class='ocrx_word' id='word_1_791' title='bbox 2145 4893 2361 4964; x_wconf 89' lang='lat' dir='ltr'>quibus</span> <span class='ocrx_word' id='word_1_792' title='bbox 2387 4909 2590 4948; x_wconf 85' lang='lat' dir='ltr'>curam</span> <span class='ocrx_word' id='word_1_793' title='bbox 2622 4909 2690 4948; x_wconf 89' lang='lat' dir='ltr'>ac</span> <span class='ocrx_word' id='word_1_794' title='bbox 2722 4893 2975 4949; x_wconf 90' lang='lat' dir='ltr'>salutem</span> <span class='ocrx_word' id='word_1_795' title='bbox 2998 4912 3105 4966; x_wconf 88' lang='lat' dir='ltr'>per</span> <span class='ocrx_word' id='word_1_796' title='bbox 3128 4894 3281 4951; x_wconf 89' lang='lat' dir='ltr'>hanc</span> <span class='ocrx_word' id='word_1_797' title='bbox 3313 4912 3434 4951; x_wconf 93' lang='lat' dir='ltr'>non</span> <span class='ocrx_word' id='word_1_798' title='bbox 3468 4897 3801 4957; x_wconf 85' lang='lat' dir='ltr'>attulimus.</span> 
     </span>
    </p>
   </div>
   <div class='ocr_carea' id='block_1_111' title="bbox 2216 4983 3804 5060">
    <p class='ocr_par' dir='ltr' id='par_1_111' title="bbox 2216 4983 3804 5060">
     <span class='ocr_line' id='line_1_111' title="bbox 2216 4983 3804 5060; baseline 0.004 -20"><span class='ocrx_word' id='word_1_799' title='bbox 2216 4983 2364 5041; x_wconf 70' lang='lat'><strong>225</strong></span> <span class='ocrx_word' id='word_1_800' title='bbox 2399 4984 2601 5039; x_wconf 87' lang='lat' dir='ltr'>Potest</span> <span class='ocrx_word' id='word_1_801' title='bbox 2657 4999 2893 5055; x_wconf 91' lang='lat' dir='ltr'>quoque</span> <span class='ocrx_word' id='word_1_802' title='bbox 2938 4984 3079 5040; x_wconf 90' lang='lat' dir='ltr'>dicti</span> <span class='ocrx_word' id='word_1_803' title='bbox 3130 5003 3341 5042; x_wconf 89' lang='lat' dir='ltr'>sensus</span> <span class='ocrx_word' id='word_1_804' title='bbox 3399 4988 3611 5060; x_wconf 87' lang='lat' dir='ltr'>accipi,</span> <span class='ocrx_word' id='word_1_805' title='bbox 3643 4990 3804 5046; x_wconf 90' lang='lat' dir='ltr'>velut</span> 
     </span>
    </p>
   </div>
   <div class='ocr_carea' id='block_1_112' title="bbox 2143 5072 3799 5152">
    <p class='ocr_par' dir='ltr' id='par_1_112' title="bbox 2143 5072 3799 5152">
     <span class='ocr_line' id='line_1_112' title="bbox 2143 5072 3799 5152; baseline 0.005 -23"><span class='ocrx_word' id='word_1_806' title='bbox 2143 5073 2323 5129; x_wconf 92' lang='lat' dir='ltr'>habet</span> <span class='ocrx_word' id='word_1_807' title='bbox 2352 5073 2494 5128; x_wconf 92' lang='lat' dir='ltr'>ordo</span> <span class='ocrx_word' id='word_1_808' title='bbox 2519 5072 2870 5135; x_wconf 78' lang='lat' dir='ltr'>dictionum.</span> <span class='ocrx_word' id='word_1_809' title='bbox 2895 5080 3037 5145; x_wconf 91' lang='lat' dir='ltr'>puta</span> <span class='ocrx_word' id='word_1_810' title='bbox 3063 5075 3163 5146; x_wconf 89' lang='lat' dir='ltr'>qui</span> <span class='ocrx_word' id='word_1_811' title='bbox 3195 5076 3385 5149; x_wconf 89' lang='lat' dir='ltr'>legem</span> <span class='ocrx_word' id='word_1_812' title='bbox 3418 5086 3799 5152; x_wconf 90' lang='lat' dir='ltr'>acceperunt,</span> 
     </span>
    </p>
   </div>
   <div class='ocr_carea' id='block_1_113' title="bbox 2144 5162 3803 5241">
    <p class='ocr_par' dir='ltr' id='par_1_113' title="bbox 2144 5162 3803 5241">
     <span class='ocr_line' id='line_1_113' title="bbox 2144 5162 3803 5241; baseline 0.003 -21"><span class='ocrx_word' id='word_1_813' title='bbox 2144 5170 2204 5220; x_wconf 92' lang='lat' dir='ltr'>et</span> <span class='ocrx_word' id='word_1_814' title='bbox 2230 5164 2422 5237; x_wconf 90' lang='lat' dir='ltr'>legem</span> <span class='ocrx_word' id='word_1_815' title='bbox 2452 5162 2695 5229; x_wconf 89' lang='lat' dir='ltr'>habent,</span> <span class='ocrx_word' id='word_1_816' title='bbox 2719 5170 2777 5220; x_wconf 90' lang='lat' dir='ltr'>et</span> <span class='ocrx_word' id='word_1_817' title='bbox 2806 5165 3257 5234; x_wconf 88' lang='lat' dir='ltr'>conscientiam,</span> <span class='ocrx_word' id='word_1_818' title='bbox 3293 5166 3365 5223; x_wconf 92' lang='lat' dir='ltr'>de</span> <span class='ocrx_word' id='word_1_819' title='bbox 3383 5168 3476 5224; x_wconf 88' lang='lat' dir='ltr'>his</span> <span class='ocrx_word' id='word_1_820' title='bbox 3494 5187 3628 5241; x_wconf 65' lang='lat' dir='ltr'>quas</span> <span class='ocrx_word' id='word_1_821' title='bbox 3660 5171 3803 5227; x_wconf 91' lang='lat' dir='ltr'>deli-</span> 
     </span>
    </p>
   </div>
   <div class='ocr_carea' id='block_1_114' title="bbox 2144 5254 3805 5329">
    <p class='ocr_par' dir='ltr' id='par_1_114' title="bbox 2144 5254 3805 5329">
     <span class='ocr_line' id='line_1_114' title="bbox 2144 5254 3805 5329; baseline 0.005 -20"><span class='ocrx_word' id='word_1_822' title='bbox 2144 5259 2422 5326; x_wconf 90' lang='lat' dir='ltr'>querunt,</span> <span class='ocrx_word' id='word_1_823' title='bbox 2451 5258 2868 5308; x_wconf 87' lang='lat' dir='ltr'>accusantem:</span> <span class='ocrx_word' id='word_1_824' title='bbox 2903 5254 3006 5325; x_wconf 92' lang='lat' dir='ltr'>qui</span> <span class='ocrx_word' id='word_1_825' title='bbox 3057 5272 3191 5311; x_wconf 82' lang='lat' dir='ltr'>vero</span> <span class='ocrx_word' id='word_1_826' title='bbox 3241 5255 3433 5329; x_wconf 88' lang='lat' dir='ltr'>legem</span> <span class='ocrx_word' id='word_1_827' title='bbox 3482 5275 3600 5315; x_wconf 94' lang='lat' dir='ltr'>non</span> <span class='ocrx_word' id='word_1_828' title='bbox 3633 5277 3805 5317; x_wconf 84' lang='lat' dir='ltr'>acce-</span> 
     </span>
    </p>
   </div>
   <div class='ocr_carea' id='block_1_115' title="bbox 2143 5342 3803 5420">
    <p class='ocr_par' dir='ltr' id='par_1_115' title="bbox 2143 5342 3803 5420">
     <span class='ocr_line' id='line_1_115' title="bbox 2143 5342 3803 5420; baseline 0.004 -21"><span class='ocrx_word' id='word_1_829' title='bbox 2143 5349 2381 5418; x_wconf 80' lang='lat' dir='ltr'>perunt.</span> <span class='ocrx_word' id='word_1_830' title='bbox 2406 5342 2510 5399; x_wconf 90' lang='lat' dir='ltr'>sed</span> <span class='ocrx_word' id='word_1_831' title='bbox 2543 5359 2613 5398; x_wconf 91' lang='lat' dir='ltr'>ex</span> <span class='ocrx_word' id='word_1_832' title='bbox 2645 5343 3017 5400; x_wconf 84' lang='lat' dir='ltr'>conscientia</span> <span class='ocrx_word' id='word_1_833' title='bbox 3047 5362 3178 5416; x_wconf 79' lang='lat' dir='ltr'>qum</span> <span class='ocrx_word' id='word_1_834' title='bbox 3209 5345 3354 5418; x_wconf 86' lang='lat' dir='ltr'>legis</span> <span class='ocrx_word' id='word_1_835' title='bbox 3386 5354 3527 5404; x_wconf 91' lang='lat' dir='ltr'>sunt</span> <span class='ocrx_word' id='word_1_836' title='bbox 3556 5348 3803 5420; x_wconf 87' lang='lat' dir='ltr'>faciunt,</span> 
     </span>
    </p>
   </div>
   <div class='ocr_carea' id='block_1_116' title="bbox 2142 5432 3807 5513">
    <p class='ocr_par' dir='ltr' id='par_1_116' title="bbox 2142 5432 3807 5513">
     <span class='ocr_line' id='line_1_116' title="bbox 2142 5432 3807 5513; baseline 0.005 -24"><span class='ocrx_word' id='word_1_837' title='bbox 2142 5433 2204 5489; x_wconf 88' lang='lat' dir='ltr'>hi</span> <span class='ocrx_word' id='word_1_838' title='bbox 2228 5432 2658 5489; x_wconf 89' lang='lat' dir='ltr'>conscientiam</span> <span class='ocrx_word' id='word_1_839' title='bbox 2708 5432 2879 5488; x_wconf 65' lang='lat' dir='ltr'>bonat-</span> <span class='ocrx_word' id='word_1_840' title='bbox 2934 5436 3299 5506; x_wconf 88' lang='lat' dir='ltr'>operationis</span> <span class='ocrx_word' id='word_1_841' title='bbox 3340 5444 3552 5495; x_wconf 89' lang='lat' dir='ltr'>testem</span> <span class='ocrx_word' id='word_1_842' title='bbox 3584 5440 3807 5513; x_wconf 84' lang='lat' dir='ltr'>produ-</span> 
     </span>
    </p>
   </div>
   <div class='ocr_carea' id='block_1_117' title="bbox 2144 5521 3804 5600">
    <p class='ocr_par' dir='ltr' id='par_1_117' title="bbox 2144 5521 3804 5600">
     <span class='ocr_line' id='line_1_117' title="bbox 2144 5521 3804 5600; baseline 0.002 -21"><span class='ocrx_word' id='word_1_843' title='bbox 2144 5530 2309 5580; x_wconf 89' lang='lat' dir='ltr'>cunt.</span> <span class='ocrx_word' id='word_1_844' title='bbox 2345 5523 2425 5578; x_wconf 82' lang='lat' dir='ltr'>Ne</span> <span class='ocrx_word' id='word_1_845' title='bbox 2456 5521 2591 5593; x_wconf 87' lang='lat' dir='ltr'>quis</span> <span class='ocrx_word' id='word_1_846' title='bbox 2623 5522 2783 5576; x_wconf 92' lang='lat' dir='ltr'>enim</span> <span class='ocrx_word' id='word_1_847' title='bbox 2818 5522 3010 5580; x_wconf 57' lang='lat' dir='ltr'>dicat:</span> <span class='ocrx_word' id='word_1_848' title='bbox 3041 5525 3189 5581; x_wconf 86' lang='lat' dir='ltr'>Casu</span> <span class='ocrx_word' id='word_1_849' title='bbox 3223 5544 3359 5599; x_wconf 89' lang='lat' dir='ltr'>ergo</span> <span class='ocrx_word' id='word_1_850' title='bbox 3392 5529 3548 5600; x_wconf 91' lang='lat' dir='ltr'>quod</span> <span class='ocrx_word' id='word_1_851' title='bbox 3580 5528 3804 5585; x_wconf 91' lang='lat' dir='ltr'>bonum</span> 
     </span>
    </p>
   </div>
   <div class='ocr_carea' id='block_1_118' title="bbox 2145 5610 3799 5687">
    <p class='ocr_par' dir='ltr' id='par_1_118' title="bbox 2145 5610 3799 5687">
     <span class='ocr_line' id='line_1_118' title="bbox 2145 5610 3799 5687; baseline 0.001 -18"><span class='ocrx_word' id='word_1_852' title='bbox 2145 5618 2237 5669; x_wconf 89' lang='lat' dir='ltr'>est</span> <span class='ocrx_word' id='word_1_853' title='bbox 2267 5617 2470 5686; x_wconf 84' lang='lat' dir='ltr'>agunt,</span> <span class='ocrx_word' id='word_1_854' title='bbox 2499 5610 2548 5667; x_wconf 90' lang='lat' dir='ltr'>si</span> <span class='ocrx_word' id='word_1_855' title='bbox 2582 5628 2701 5667; x_wconf 91' lang='lat' dir='ltr'>non</span> <span class='ocrx_word' id='word_1_856' title='bbox 2735 5610 2862 5685; x_wconf 85' lang='lat' dir='ltr'>lege</span> <span class='ocrx_word' id='word_1_857' title='bbox 2902 5621 3122 5687; x_wconf 89' lang='lat' dir='ltr'>agunt:</span> <span class='ocrx_word' id='word_1_858' title='bbox 3160 5617 3799 5687; x_wconf 81' lang='lat' dir='ltr'>Nequaquam,inquit,</span> 
     </span>
    </p>
   </div>
   <div class='ocr_carea' id='block_1_119' title="bbox 2146 5700 3796 5776">
    <p class='ocr_par' dir='ltr' id='par_1_119' title="bbox 2146 5700 3796 5776">
     <span class='ocr_line' id='line_1_119' title="bbox 2146 5700 3796 5776; baseline 0 -15"><span class='ocrx_word' id='word_1_859' title='bbox 2146 5702 2251 5761; x_wconf 86' lang='lat' dir='ltr'>sed</span> <span class='ocrx_word' id='word_1_860' title='bbox 2281 5701 2431 5759; x_wconf 91' lang='lat' dir='ltr'>duce</span> <span class='ocrx_word' id='word_1_861' title='bbox 2448 5700 2837 5775; x_wconf 87' lang='lat' dir='ltr'>conscientia,</span> <span class='ocrx_word' id='word_1_862' title='bbox 2858 5702 3013 5761; x_wconf 87' lang='lat' dir='ltr'>hanc</span> <span class='ocrx_word' id='word_1_863' title='bbox 3033 5709 3462 5776; x_wconf 81' lang='lat' dir='ltr'>praeceptorem</span> <span class='ocrx_word' id='word_1_864' title='bbox 3482 5719 3550 5760; x_wconf 85' lang='lat' dir='ltr'>ac</span> <span class='ocrx_word' id='word_1_865' title='bbox 3582 5708 3796 5761; x_wconf 71' lang='lat' dir='ltr'>testem</span> 
     </span>
    </p>
   </div>
  </div>
