4112 6464
322 388 435 446 3ὖ9

1442 373 1851 441 (ῈΟΗΜΕΝΠ
1897 367 2206 429 ΤΒῙΓῘΟΑΞ
2251 370 2602 432 EPISCOPI

3624 378 3748 442 360

320 521 634 587 habentes,
667 517 923 588 ideoque
977 514 1202 587 majore
1232 512 1394 587 digni
1457 517 1598 569 sunt
1627 520 1973 565 remunera-

2090 519 2248 573 σεως,
2309 499 2636 561 διδάσκαλον
2693 505 2896 579 ταύτην
2954 509 3045 563 καί
3088 510 3336 585 μάρτυρα
3392 509 3612 586 ἔχοντες
3639 518 3748 582 τῆς

316 610 924 681 tione,majoremque
956 606 1253 662 inducunt
1285 604 1751 661 confutationem
1773 600 1978 656 adver-

317 719 422 758 sus
456 717 555 755 eos
589 698 689 770 qui
721 697 924 753 habita
979 696 1106 769 lege
1140 695 1541 767 deliquerunt.
1586 689 1808 747 Deinde
1839 687 1981 761 quia

320 810 443 847 non
477 808 682 847 omnes
718 790 818 862 qui
848 790 975 862 lege
1009 793 1235 851 carent,
1282 787 1437 842 bene
1486 789 1826 856 operantur,
1860 779 1979 834 imo

318 888 457 937 sunt
486 882 586 953 qui
621 880 801 936 etiam
819 879 1182 950 delinquunt
1211 894 1223 931 :
1257 875 1731 945 ostenditneque
1752 872 1861 925 hos
1884 868 1980 923 fu-

317 978 481 1027 turos
506 971 856 1042 impunitos.
881 971 1226 1039 Quanquam
1241 961 1977 1037 enimlegem,inquit,non

313 1061 575 1117 habeant
631 1066 1037 1123 accusantem,
1086 1056 1485 1112 nihilominus
1539 1059 1739 1108 tamen
1773 1064 1978 1123 pmnas

317 1152 564 1219 dabunt,
599 1150 1056 1224 cogitationibus
1083 1149 1240 1203 inter
1270 1164 1331 1202 se
1365 1137 1978 1206 accusantibus.Quod

317 1249 517 1298 autem
549 1241 804 1307 additur,
839 1241 929 1294 vel
962 1239 1141 1294 etiam
1174 1234 1618 1298 excusantibus,
1646 1250 1713 1288 ex
1738 1235 1972 1287 contra-

320 1334 405 1387 rio
439 1332 617 1387 fidem
664 1330 825 1395 facit,
860 1346 927 1385 ac
958 1328 1003 1382 si
1046 1327 1308 1383 diceret:
1337 1320 1851 1390 Quemadmodum
1874 1335 1977 1375 ex-

315 1422 660 1478 cusantibus
694 1418 1151 1492 cogitationibus
1178 1417 1401 1488 absque
1428 1415 1554 1487 lege
1588 1410 1976 1481 consequitur

321 1512 637 1574 absolutio,
672 1526 978 1582 pcenaeque
1031 1507 1417 1572 immunitas;
1446 1506 1529 1559 ita
1557 1518 1794 1559 rursum
1846 1500 1973 1555 sine

318 1603 446 1675 lege
479 1600 918 1665 accusantibus,
972 1599 1242 1670 sequitur
1283 1593 1722 1652 condemnatio.
1760 1591 1975 1646 Verum

321 1691 557 1764 quando
590 1691 716 1747 haec
769 1690 992 1746 erunt?
1024 1689 1088 1744 1n
1139 1686 1400 1743 secundo
1446 1685 1722 1747 adventu,
1754 1680 1973 1751 inquit.

319 1804 345 1831 ι(
385 1781 628 1846 Quando
666 1778 964 1852 judicabit
1006 1780 1158 1832 Deus
1191 1776 1423 1832 occulta
1454 1774 1786 1829 hominum.
1822 1789 1852 1822 ››
1884 1769 1974 1823 Si-

2083 598 2466 675 ἆγαθοεργίας.
2529 601 2623 657 Διὸ
2678 601 2768 657 καὶ
2830 604 3077 675 μείζονος
3127 606 3272 676 ἄζιοι
3306 603 3616 683 ἀποδοχῆς,
3652 605 3747 663 καὶ

2089 689 2309 765 μείζονα
2338 690 2429 745 τὸν
2480 687 2711 768 ἔλεγχον
2770 694 2906 749 κατᾶ
2962 698 3071 748 τῶν
3127 695 3261 770 μετὰ
3290 716 3465 769 νομου
3498 697 3746 768 ἁμαρτα-

2082 779 2283 835 νόντων
2339 779 2660 855 ἀπάγονται.
2720 782 2858 838 Εἶτα
2915 780 3104 853 ἐπειδή
3162 783 3225 839 ού
3256 783 3450 847 πάντες
3484 784 3534 839 οἱ
3566 784 3746 861 χωρὶς

2082 869 2257 943 νόμου
2289 868 2736 945 ἆγαθοεργοῦσιν,
2771 869 2899 927 ἀλλ’
2939 871 3073 927 εἰσὶν
3103 874 3156 929 οἳ
3186 874 3277 930 καὶ
3311 872 3743 949 πλημμελοῦσι,

2086 954 2353 1014 δείκνυσιν
2420 957 2533 1015 οὐδ’
2600 959 2797 1023 αὐτοὺς
2863 961 3152 1038 ἐσομένους
3207 963 3617 1039 ἀτιμωρήτους.
3668 962 3744 1021 Εἴ

2083 1049 2307 1125 γὰρκαὶ
2361 1053 2436 1123 μή
2494 1051 2663 1126 νόμον
2721 1046 2935 1128 ἔχουσι,
2996 1054 3151 1135 φησὶ,
3184 1055 3275 1111 τὸν
3302 1059 3739 1131 κατηγοροῦντα,

2084 1137 2230 1195 ἀλλὰ
2260 1139 2349 1195 καὶ
2381 1139 2556 1205 οὕτως
2585 1138 2735 1204 δίκας
2769 1143 3040 1223 ὑφέξουσι,
3090 1145 3286 1217 μεταξὺ
3318 1142 3587 1217 ἀλλήλων
3628 1147 3737 1198 τῶν

2084 1228 2366 1307 λογισμῶν
2401 1230 2876 1307 κατηγορούντων.
2916 1236 2991 1291 Τὸ
3042 1232 3119 1305 δὲ,
3153 1236 3187 1305 ἢ
3220 1235 3314 1291 καὶ
3345 1232 3744 1311 ἀπολογουμέ-

2082 1343 2210 1390 νων,
2285 1321 2548 1385 πίστωσίς
2604 1321 2747 1379 ἐστιν
2831 1323 2892 1379 ἐκ
2943 1323 3041 1379 τοῦ
3099 1325 3342 1381 ἐναντίου
3399 1325 3740 1401 ἐπαγομένη.

2081 1411 2291 1466 Ὣσανεὶ
2340 1409 2547 1489 ἔλεγεν,
2599 1412 2684 1468 ὅτι
2738 1414 2937 1487 Ὠσπερ
2988 1414 3444 1493 ἀπολογουμένων
3490 1420 3600 1471 τῶν
3640 1417 3742 1472 λο-

2081 1506 2317 1577 γισμῶν,
2347 1501 2599 1566 ἆοώωσις
2630 1502 2930 1569 ἀκολουθεῖ
2976 1503 3073 1559 τοῦ
3125 1526 3301 1578 νομου
3329 1507 3530 1586 χωρὶς,
3565 1505 3744 1570 οὕτως

2084 1591 2559 1667 κατηγορούντων,
2585 1592 2748 1649 πάλιν
2791 1593 2969 1671 χωρὶς
2998 1599 3095 1650 τοῦ
3127 1594 3323 1668 νόμου,
3355 1598 3389 1667 ἡ
3421 1597 3744 1671 κατάκρισις

2080 1680 2289 1741 ἕπεται.
2324 1684 2463 1740 Πότε
2513 1682 2569 1740 δὲ
2625 1685 2835 1757 “cato-ca;
2899 1687 2986 1744 Ἐν
3039 1689 3108 1761 τῇ
3170 1683 3391 1761 δευτέρᾳ
3445 1686 3741 1762 παρουσίᾳ.

2085 1799 2113 1827 κ
2146 1776 2275 1834 Ὅτε
2328 1782 2504 1852 κρινεῖ
2555 1778 2583 1833 ὁ
2636 1777 2766 1839 Θεὸς
2817 1777 2883 1833 τὰ
2934 1776 3145 1853 κρυπτᾶ
3195 1782 3302 1834 τῶν
3342 1775 3665 1854 ἀνθρώπων.
3712 1800 3743 1830 ι)

323 1871 565 1943 quidem
598 1871 873 1925 homines
905 1868 1223 1925 manifesta
1250 1865 1473 1933 vident,
1535 1865 1689 1919 Deus
1716 1878 1849 1916 vero
1874 1875 1972 1915 oc-

2086 1865 2148 1920 Οἱ
2209 1865 2303 1939 μὲν
2359 1867 2462 1944 γὰρ
2523 1864 2801 1941 ἄνθρωποι
2859 1868 2925 1923 τὰ
2981 1868 3204 1945 φανερὰ,
3263 1868 3292 1923 ὁ
3356 1865 3413 1923 δὲ
3464 1868 3591 1930 Θεὸς
3631 1870 3744 1923 τῶν

322 1962 615 2017 cultorum
649 1966 945 2016 scrutator
964 1965 1073 2016 est.
1109 1982 1135 2009 «
1171 1960 1282 2013 Per
1336 1958 1536 2012 Jesum
1585 1952 1904 2009 Christum.
1942 1967 1968 1999 ι

321 2084 390 2094 -
414 2076 439 2101 υ
475 2053 617 2107 Nam
650 2054 842 2117 Pater,
877 2051 978 2115 ait,
1029 2066 1151 2105 non
1175 2048 1408 2121 judicat
1451 2060 1834 2118 quemquam,
1868 2039 1972 2097 sed

321 2159 497 2198 omne
521 2142 815 2214 judicium
856 2140 1021 2195 dedit
1049 2139 1269 2195 Filio".
1308 2160 1336 2187 ››

388 2234 683 2297 11,-17-20.
744 2233 878 2287 Ecce
934 2239 997 2285 lu
1052 2229 1271 2284 Ju-lmus
1312 2227 1715 2298 cognominaris
1772 2231 1826 2280 et
1881 2235 1975 2278 re-

320 2325 554 2395 quiescis
580 2326 638 2378 in
672 2323 808 2392 lege,
842 2328 891 2377 et
920 2321 1184 2393 gloriaris
1232 2324 1290 2376 in
1322 2322 1449 2386 Deo,
1490 2325 1540 2374 et
1572 2319 1847 2388 cognosris
1876 2332 1971 2372 vo-

322 2415 611 2481 luntatem,
650 2429 712 2467 ac
755 2412 956 2483 probas
1023 2413 1230 2466 eximia
1290 2413 1571 2466 institutus
1622 2425 1724 2479 per
1780 2409 1971 2477 legem,

322 2505 660 2575 conﬁdisque
718 2506 948 2573 teipsum
1004 2502 1193 2558 ducem
1245 2518 1354 2558 esse
1383 2518 1672 2566 caecorum,
1700 2500 1881 2554 lumen
1911 2500 1971 2552 in

323 2595 560 2649 tenebris
589 2595 941 2657 rersantium,
984 2593 1322 2647 erudito-rem
1354 2591 1757 2662 insipientium,
1786 2589 1972 2644 docto-

320 2702 438 2740 rem
455 2686 860 2754 imperitorum,
928 2683 1211 2738 habentem
1250 2685 1489 2751 formam
1534 2681 1866 2750 cognitionis
1908 2694 1972 2733 ac

324 2776 574 2830 veritatis
605 2788 733 2844 qua:
771 2776 830 2828 in
870 2773 985 2842 lege
1014 2778 1111 2828 est.

395 2954 539 3008 Cum
568 2953 814 3008 dixisset
842 2951 992 3007 nihil
1026 2950 1130 3007 Dei
1160 2950 1553 3018 cultori,licet
1582 2949 1970 3021 praeputiatus

320 3046 416 3109 sit,
450 3043 678 3110 deesse,
708 3059 824 3114 quo
857 3042 1056 3097 minus
1086 3041 1279 3097 salvus
1313 3041 1440 3096 fieri
1472 3038 1863 3112 possit,modo
1894 3038 1975 3094 le-

320 3150 453 3207 gem
484 3133 655 3188 factis
689 3132 1017 3203 exprimat:
1052 3131 1224 3203 ponit
1256 3130 1535 3203 deinceps
1568 3145 1636 3184 ea
1662 3128 1722 3184 in
1754 3127 1970 3201 quibus

2085 1960 2337 2032 κρυπτῶν
2395 1955 2537 2012 ἐστιν
2594 1956 2893 2030 ἐξεταστής.
2953 1982 2981 2010 ιι
3025 1957 3124 2013 Διά
3178 1957 3359 2027 Ἰησοῦ
3414 1961 3669 2032 Χριστοῦ.
3712 1979 3744 2009 ι)

2089 2080 2151 2089 -
2186 2070 2214 2099 (ι
2246 2046 2307 2103 Ὁ
2340 2045 2441 2121 γὰρ
2493 2046 2701 2121 Πατῆρ,
2743 2047 2899 2125 φησὶ,
2957 2051 3132 2122 κρινεῖ
3187 2043 3399 2118 οὐδένα,
3460 2043 3609 2101 ἀλλὰ
3634 2046 3740 2117 τὴν

2084 2134 2261 2210 κρίσιν
2292 2140 2464 2190 πᾶσαν
2509 2132 2711 2190 δέδωκε
2741 2141 2820 2208 τῷ
2853 2137 2981 2209 rite.
3015 2160 3042 2190 »

2157 2223 2259 2282 Ἰδὲ
2333 2226 2395 2280 σὺ
2475 2223 2740 2290 Ἰουδαῖος
2812 2224 3148 2302 ἐπονομάζῃ,
3234 2226 3325 2282 καὶ
3427 2226 3747 2302 ἐπαναπαύῃ

2082 2316 2161 2389 τῷ
2235 2315 2412 2389 νόμῳ,
2487 2316 2579 2371 καὶ
2645 2320 2916 2392 καυχᾶσαι
2975 2315 3027 2372 ἐν
3094 2316 3233 2389 Θεῷ,
3300 2316 3389 2372 καὶ
3456 2317 3751 2392 γινώσκεις

2083 2407 2147 2462 τὸ
2214 2405 2453 2480 θέλημα,
2521 2407 2608 2461 καὶ
2675 2402 2992 2480 δοκιμάζεις
3067 2406 3133 2461 τὰ
3200 2402 3547 2484 διαφέροντα,
3614 2427 3749 2462 κατ-

2086 2496 2398 2571 ηχούμενος
2475 2495 2536 2550 ἐκ
2607 2499 2705 2551 τοῦ
2779 2494 2975 2569 νόμου·
3054 2494 3320 2559 πέποιθάς
3392 2516 3451 2550 τε
3517 2494 3747 2551 σεαυτὸν

2087 2582 2286 2661 ὁδηγὸν
2355 2586 2494 2640 εἶναι
2561 2582 2803 2665 τυφλῶν,
2872 2588 2987 2661 φῶς
3044 2588 3151 2639 τῶν
3223 2583 3274 2640 ἐν
3344 2585 3546 2653 σκότει,
3614 2605 3745 2640 παι-

2086 2671 2277 2747 δευτὴν
2382 2671 2648 2756 ἀφρόνων,
2765 2672 3095 2729 διδάσκαλον
3199 2673 3432 2744 νηπίων,
3537 2668 3745 2749 ἔχοντα

2081 2766 2183 2834 τήν
2261 2764 2546 2843 μόρφωσιν
2620 2771 2720 2835 τῆς
2785 2763 3036 2840 γνώσεως
3111 2763 3199 2820 καὶ
3276 2770 3374 2834 τῆς
3477 2760 3740 2835 ἀληθείας

2083 2854 2136 2910 ἐν
2164 2858 2245 2926 τῷ
2273 2855 2452 2929 νόμῳ.

2155 2945 2342 3001 Εἰπὼν
2373 2944 2455 3001 ὅτι
2488 2942 2642 3001 οὐδὲν
2699 2950 2778 3018 τῷ
2833 2940 3077 3001 Θεοσεϐεῖ
3136 2945 3255 3019 μὲν,
3304 2938 3618 3019 ἀκροϐύστῳ
3649 2938 3727 3013 δὲ,

2084 3035 2260 3093 λείπει
2328 3035 2462 3110 πρὸς
2511 3037 2573 3091 τὸ
2623 3036 2888 3105 σωθῆναι,
2947 3034 3034 3090 ἐὰν
3204 3034 3369 3109 μόνον
3426 3037 3523 3090 τοῦ
3563 3031 3734 3104 νόμου

2082 3126 2344 3196 ποιητής,
2375 3125 2560 3194 τίθησι
2610 3122 2807 3179 λοιπὸν
2866 3124 2954 3179 καὶ
3013 3121 3095 3203 ἐφ’
3154 3126 3237 3185 οἷς
3299 3122 3434 3198 μέγα
3485 3119 3745 3200 ἐφρόνουν

3199 2673 3432 2744 νηπίων,

322 3221 760 3278 extollebantur
787 3220 996 3287 Judaei,
1031 3219 1355 3276 ostendens
1386 3219 1544 3291 quod
1575 3218 1743 3274 nulla
1759 3218 1837 3273 sit
1865 3218 1970 3272 ho-

2088 3212 2371 3285 Ἰουδαῖοι,
2431 3212 2640 3275 δεικνὺς
2699 3210 2859 3269 οὐδὲν
2914 3213 3121 3270 τούτων
3181 3213 3387 3289 ὠφελεῖ
3415 3211 3507 3267 τὸν
3544 3212 3619 3280 μὴ
3656 3209 3749 3285 ὀρ-

321 3328 454 3367 rum
487 3311 714 3366 utilitas
746 3325 869 3364 non
900 3314 1057 3365 recte
1090 3309 1328 3377 viventi,
1366 3309 1746 3381 primumque
1778 3307 1974 3378 ipsum

323 3401 493 3472 ponit
523 3399 1163 3469 nomen.Ecce,inquit,
1182 3405 1240 3453 tu
1253 3398 1491 3453 Iudaeus
1514 3395 1976 3469 cognominaris.

321 3491 524 3560 Ipsum
559 3488 857 3558 siquidem
910 3504 1131 3542 nomen
1174 3488 1329 3543 226
1380 3502 1661 3559 magnum
1694 3484 1979 3556 quiddam

325 3593 456 3631 esse
488 3575 822 3642 videbatur,
856 3575 1033 3631 veluti
1066 3592 1227 3631 nunc
1259 3582 1348 3631 est
1376 3592 1596 3631 nomen
1621 3574 1980 3630 Christiano-

322 3681 480 3719 rum.
512 3686 539 3714 ‹‹
574 3664 1044 3733 Cognominaris.
1069 3686 1097 3715 ››
1132 3667 1333 3737 Neque
1384 3664 1534 3720 enim
1585 3679 1649 3719 re
1707 3680 1843 3720 vera
1892 3679 1975 3733 es,

328 3753 445 3808 nisi
477 3753 668 3828 legem
691 3754 1046 3826 compleasu
1082 3756 1152 3809 Et
1180 3754 1508 3826 requiescis
1538 3754 1599 3808 in
1631 3753 1781 3826 lege.
1809 3775 1835 3802 ιι
1850 3754 1977 3808 Non

323 3844 483 3899 enim
514 3844 771 3909 laboras,
807 3843 1023 3916 inquit.
1057 3846 1212 3901 sicut
1239 3844 1327 3900 illi
1360 3845 1462 3916 qui
1514 3850 1654 3900 sunt
1703 3850 1867 3899 extra
1897 3842 1976 3897 le-

310 3950 464 4007 gem,
492 3934 850 4006 inquirendo
880 3935 1019 4006 quid
1055 3935 1129 3990 sit
1160 3937 1481 4006 agendum,
1514 3934 1617 3990 sed
1650 3934 1837 4006 legem
1870 3932 1975 3988 ha-

317 4023 423 4078 bes
454 4025 658 4079 omnia
690 4032 744 4078 te
786 4024 1098 4079 manifeste
1132 4023 1579 4079 docentem.Vel
1628 4024 1741 4078 hoc
1772 4023 1970 4078 modo.

311 4114 558 4168 Multum
604 4114 665 4168 in
698 4114 824 4185 lege
875 4113 1200 4177 extolleris,
1234 4114 1455 4184 illaque
1489 4119 1543 4168 te
1596 4114 1791 4178 effers,
1817 4111 1975 4183 quod

315 4219 496 4274 supra
522 4209 766 4257 caeteros
794 4203 1054 4257 divinam
1087 4203 1387 4274 acceperis
1414 4203 1849 4275 legem.Dicens
1871 4218 1973 4256 auo

313 4296 453 4357 tem,
485 4314 511 4342 «
547 4292 914 4361 Requiescis,
950 4314 977 4340 ››
1011 4292 1309 4363 significat
1332 4291 1491 4363 quod
1524 4308 1644 4346 non
1676 4291 1879 4346 labore
1912 4290 1977 4345 il-

311 4380 509 4436 lorum
540 4381 913 4453 egregiisque
938 4381 1327 4437 facinioribus
1359 4380 1496 4436 data
1524 4380 1620 4448 sit,
1642 4380 1745 4436 sed
1776 4379 1975 4436 divina

315 4468 525 4542 gratia.
558 4491 585 4518 ‹‹
622 4470 692 4523 Et
720 4469 993 4539 gloriaris
1035 4470 1095 4524 in
1150 4470 1289 4525 Deo.
1340 4493 1359 4518 ιι
1392 4473 1472 4525 Ac
1503 4470 1554 4525 si
1598 4469 1761 4525 solus
1794 4486 1975 4542 supra

315 4564 563 4614 caeteros
596 4558 872 4615 homines
904 4559 1157 4615 dilectus
1190 4560 1289 4615 sis.
1337 4560 1578 4615 Videtur
1608 4566 1808 4616 autem
1835 4560 1972 4617 illos

311 4650 547 4722 objecta
587 4667 825 4722 quoque
857 4648 1131 4706 vecordia
1190 4649 1458 4704 irridere.
1495 4670 1514 4696 ι
1540 4651 1610 4704 Ει
1664 4651 1970 4723 cognoscis

313 4740 707 4797 voluntatem.
736 4764 757 4793 ιι
796 4739 976 4812 Atqui
1007 4756 1365 4814 cognoscere
1388 4740 1705 4797 necfacere
1735 4742 1969 4814 gravius

316 4830 553 4885 advehit
583 4831 986 4903 supplicium:
1021 4830 1357 4885 attamenin
1392 4831 1501 4886 hoc
1534 4848 1769 4902 quoque
1785 4831 1978 4887 extol-

309 4920 783 4975 lebantur.Unde
815 4937 936 4975 non
961 4918 1124 4986 dicit,
1146 4920 1456 4989 facis,sed,
1490 4944 1515 4970 ‹‹
1539 4920 1854 4993 Cognoscis
1872 4919 1973 4976 Dei

312 5011 697 5067 voluntatem.
740 5036 758 5059 ι
785 5044 855 5052 -—
881 5035 904 5062 ‹‹
931 5015 1013 5067 Ac
1042 5012 1259 5084 probas
1292 5013 1507 5067 eximia
1537 5013 1846 5068 institutus
1868 5030 1975 5085 per

314 5100 529 5173 legem.
566 5125 587 5152 ι
627 5101 793 5173 Legis
842 5101 1000 5156 enim
1034 5101 1289 5156 eruditio
1336 5102 1499 5156 novit
1527 5108 1727 5157 exacte
1759 5102 1972 5157 docere

317 5192 790 5263 explorationem
815 5209 1019 5247 eorum
1059 5210 1189 5264 qua)
1221 5192 1555 5247 conferunt.
1586 5193 1651 5246 Hi
1685 5209 1818 5247 vero
1835 5209 1971 5248 cum

318 5297 440 5335 non
471 5286 845 5352 praestarent,
878 5282 939 5336 in
970 5282 1080 5336 hoc
1134 5281 1314 5337 etiam
1357 5281 1777 5344 eﬂ‘erebantur,
1813 5282 1971 5353 quod

316 5371 559 5425 utilium
611 5376 861 5426 nossent
914 5371 1404 5441 explorationem.
1448 5392 1474 5420 ‹‹
1510 5371 1965 5444 Conﬁdisque.»

313 5461 439 5514 Non
471 5476 554 5522 es,
585 5461 801 5532 inquit,
826 5461 945 5515 dux
976 5460 1414 5523 cascorum,sed
1437 5462 1519 5516 ita
1549 5460 1621 5516 de
1655 5462 1841 5533 teipso
1872 5479 1969 5518 ar-

312 5548 575 5606 bitraris.
612 5551 810 5606 Cmcos
871 5557 1069 5606 autem
1100 5556 1268 5606 vocat
1298 5567 1421 5619 eos,
1469 5551 1569 5621 qui
1614 5550 1677 5606 in
1703 5552 1965 5608 tenebris

383 5737 404 5773 ⁸
430 5737 568 5797 Luc.
594 5753 666 5805 iv,
686 5738 776 5794 23.

2089 3305 2195 3365 θῶς
2232 3304 2472 3379 βιοῦντα.
2533 3303 2636 3359 Καὶ
2694 3307 2915 3377 πρῶτον
2969 3300 3099 3358 αὐτὸ
3156 3302 3217 3356 τὸ
3278 3298 3456 3373 ὄνομα
3484 3299 3747 3364 τέθεικεν.

2084 3390 2194 3448 Ἴδε
2224 3393 2309 3462 σὺ,
2341 3393 2529 3470 φησὶν,
2562 3389 2850 3455 εἸουδαῖος
2909 3392 3248 3466 ἐπονομάζῃ.
3282 3387 3491 3448 Ἐδόκει
3523 3389 3628 3465 γὰρ
3653 3387 3750 3444 καὶ

2088 3480 2216 3537 αὐτὸ
2247 3481 2310 3536 τὸ
2340 3479 2515 3554 ὄνομα
2547 3480 2685 3557 μέγα
2716 3480 2873 3551 εἶναι,
2924 3481 2998 3543 ὡς
3057 3484 3148 3534 νῦν
3202 3481 3264 3536 τὸ
3320 3484 3427 3536 τῶν
3480 3485 3742 3556 Χριστια-

2084 3578 2215 3630 νῶν.
2296 3594 2323 3629 α
2356 3574 2729 3649 Ἐπονομάζῃ.
2761 3598 2790 3626 ››
2845 3574 2926 3631 Οὐ
2987 3573 3091 3649 γὰρ
3148 3571 3201 3627 εἴ
3246 3571 3385 3627 κατὰ
3458 3568 3747 3656 ἀλήθειαν,

2085 3662 2131 3719 εἰ
2189 3665 2266 3739 μή
2326 3661 2571 3735 πληροῖς
2625 3663 2718 3718 τὸν
2778 3658 2967 3737 νόμον.
3042 3689 3061 3713 ι
3126 3662 3225 3717 Καὶ
3288 3659 3603 3735 ἐπαναπαύῃ
3660 3662 3747 3730 τῷ

2083 3753 2328 3827 νόμῳ.»
2386 3752 2465 3811 Ού
2524 3753 2629 3830 γὰρ
2681 3755 2930 3825 κάμνεις,
2981 3752 3164 3830 φησὶν,
3217 3744 3318 3822 ἔξω
3367 3748 3544 3822 νόμου
3583 3749 3748 3805 πολι-

2083 3848 2392 3920 τευόμενος,
2451 3847 2514 3902 τὸ
2571 3847 2838 3921 πρακτέον
2902 3844 3198 3917 ἐπιζητῶν,
3255 3842 3381 3900 ἀλλ’
3440 3839 3588 3918 ἔχεις
3645 3842 3740 3897 τὸν

2081 3958 2276 4011 νομον,
2343 3941 2529 4014 σαφῶς
2588 3937 2795 3992 ’ἀπαντά
2873 3956 2929 3990 σε
2994 3932 3336 3990 διδάσκοντα.
3405 3933 3473 3990 ἸΙ
3544 3931 3741 3994 οὕτως·

2086 4028 2264 4102 Μέγα,
2326 4025 2514 4101 φησὶν,
2573 4023 2662 4081 ἐπὶ
2714 4028 2795 4097 τῷ
2851 4024 3011 4096 νόμῳ
3071 4028 3305 4098 φρονεῖς,
3362 4021 3454 4076 καὶ
3485 4020 3744 4099 ἐντρυφᾷς

2083 4116 2251 4185 αὐτῷ,
2286 4114 2360 4174 ὡς
2393 4113 2699 4187 ἠξιωμένος
2748 4113 2919 4188 νόμου
2971 4113 3115 4178 θείου
3159 4113 3305 4187 παρὰ
3332 4109 3459 4173 τοὺς
3491 4108 3739 4170 λοιπούς.

2082 4204 2157 4262 Τὸ
2190 4201 2269 4269 δὲ,
2310 4230 2335 4258 ι
2364 4204 2717 4278 Ἐπαναπούῃ
2754 4230 2780 4255 ››
2830 4199 3018 4274 δηλοῖ,
3073 4202 3155 4257 ὅτι
3207 4203 3272 4257 οὗ
3302 4203 3536 4276 καμάτῳ
3568 4199 3745 4255 αὐτῶν

2082 4293 2116 4362 ἢ
2148 4295 2535 4368 κατορθώματι
2569 4289 2756 4364 ἐδόθη,
2807 4291 2959 4349 ἀλλά
3010 4293 3200 4369 χάριτι
3249 4290 3381 4363 θείᾳ.
3415 4315 3443 4343 ι(
3479 4291 3576 4345 Καὶ
3605 4310 3750 4345 καυ-

2083 4389 2249 4459 χᾶσαι
2320 4382 2373 4437 ἐν
2436 4388 2579 4456 Θεῷ.
2648 4383 2737 4446 Ὠς
2802 4382 2967 4456 μόνος
3033 4380 3341 4460 ἀγαπηθεὶς
3403 4379 3550 4456 παρᾶ
3611 4378 3750 4443 τοὺς

2087 4472 2320 4535 λοιποὺς
2378 4474 2723 4549 ἀνθρώπους.
2787 4476 2948 4528 Δοκεῖ
3005 4470 3063 4528 δὲ
3119 4472 3319 4534 αὐτοὺς
3377 4469 3578 4533 καὶεῖς
3612 4469 3751 4524 ἀπό-

2081 4584 2233 4618 νοιαν
2266 4563 2555 4623 σκώπτειν,
2593 4587 2622 4616 ι(
2652 4560 2756 4619 Καὶ
2803 4562 3090 4637 γινώσκεις
3150 4561 3213 4617 τὸ
3272 4558 3512 4633 θέλημα,
3550 4583 3580 4610 ››
3619 4559 3751 4616 Καί-

2080 4675 2166 4709 τοι
2196 4655 2257 4709 τὸ
2286 4655 2571 4729 γινώσκειν
2635 4653 2755 4727 μὲν,
2819 4654 2895 4727 μή
2955 4658 3131 4707 ποιεῖν
3189 4649 3268 4720 δὲ,
3312 4648 3542 4707 πλείονα
3570 4669 3752 4726 παρα-

2090 4744 2337 4814 σκευάζει
2387 4744 2487 4812 τήν
2549 4742 2798 4798 κόλασιν.
2858 4740 3017 4798 Ἀλλ’
3073 4743 3226 4815 ὅμως
3282 4740 3373 4796 καὶ
3431 4738 3518 4796 ἐπὶ
3565 4739 3749 4813 τούτῳ

2088 4833 2224 4909 μέγα
2253 4832 2535 4908 ἐφρόνουν.
2569 4834 2726 4890 Ὅθεν
2763 4833 2827 4887 οὐ
2867 4833 3039 4909 λέγει,
3071 4838 3271 4900 ποιεῖς,
3302 4829 3487 4899 ἀλλὰ;
3521 4854 3549 4883 ‹‹
3580 4829 3750 4888 Γινώ.

2084 4943 2228 4985 σκεις
2260 4922 2322 4977 τὸ
2380 4926 2476 4977 τοῦ
2533 4925 2667 4977 Θεοῦ
2725 4921 2962 4996 θέλημα.
2997 4946 3025 4975 ››
3089 4946 3115 4973 ιι
3145 4921 3250 4979 Καὶ
3309 4918 3625 4994 δοκιμάζεις
3678 4919 3751 4974 τὰ

2085 5009 2402 5090 διαφέροντα
2457 5012 2878 5088 κατηχούμενος
2937 5011 2997 5067 ἐκ
3053 5014 3149 5067 τοῦ
3207 5011 3403 5085 νόμου.
3437 5033 3464 5065 ι
3520 5011 3584 5066 Ἣ
3638 5008 3748 5086 γὰρ

2081 5106 2179 5156 τοῦ
2208 5104 2382 5176 νόμου
2413 5104 2723 5177 κατήχησις
2783 5098 2903 5157 οἶδε
2958 5107 3066 5159 τῶν
3123 5100 3506 5179 συμφερόντων
3540 5091 3746 5176 ἀκριϐῆ

2082 5188 2405 5266 δοκιμασίαν
2447 5187 2740 5261 ἐκδιδάξαι.
2802 5191 2968 5249 Οὗτοι
3029 5188 3087 5246 δὲ
3144 5191 3222 5265 μὴ
3285 5194 3591 5255 ποιοῦντες,
3653 5189 3748 5245 καὶ

2079 5279 2166 5336 ἐπὶ
2224 5286 2302 5355 τῷ
2359 5278 2559 5337 εἴδεναι
2615 5283 2715 5350 τήν
2782 5285 2891 5336 τῶν
2968 5279 3356 5357 συμφερόντων
3416 5276 3749 5351 δοκιμασίαν

2081 5369 2217 5449 μέγα
2282 5371 2561 5450 ἐφρόνουν.
2631 5395 2658 5423 ι(
2723 5369 2993 5435 Πέποιθοὶς
3050 5391 3124 5426 τε.
3190 5394 3216 5422 ι)
3276 5369 3391 5428 Οὐκ
3431 5370 3497 5436 εἶ,
3554 5366 3749 5447 φησὶν,

2077 5458 2277 5538 ὁδηγὸς
2333 5458 2575 5541 τυφλῶν,
2631 5458 2760 5516 ἀλλ’
2827 5461 2971 5516 οὕτω
3037 5459 3161 5535 περὶ
3240 5463 3464 5515 σεαυτοῦ
3523 5456 3746 5541 λογίζῃ,

2074 5536 2332 5628 Τυφλοὺς
2363 5536 2423 5607 δέ
2473 5550 2618 5627 λέγει
2673 5550 2764 5607 καὶ
2823 5550 2876 5607 ἐν
2933 5553 3135 5621 σκότει,
3193 5551 3283 5606 καὶ
3342 5551 3601 5630 ἄφρονας,
3654 5536 3751 5603 καὶ
