4112 6420
292 358 408 419 361

1403 355 1800 416 COMMENT.
1849 356 1938 418 IN
1986 356 2237 418 EPIST.
2286 358 2388 419 AD
2439 360 2620 420 110M.

3614 360 3738 420 362

291 490 554 562 νηπίους,
584 487 717 553 τοὺς
746 486 1288 562 προσκολλωμὲνους
1328 488 1516 550 αὐτοῖς
1555 487 1965 564 προσηλύτους,

2098 497 2434 549 versantur:
2468 498 2526 548 et
2555 493 2908 565 insipientes
2939 511 3007 552 ac
3026 496 3337 569 imperitos
3358 497 3505 555 dicit
3522 497 3742 561 Judaais

297 583 363 637 οἴ
394 578 549 636 οὔπω
580 576 796 650 εἴδησιν
855 577 1013 658 εἷ’-χον
1065 583 1163 634 τοῦ
1219 578 1415 653 νόμου.
1463 578 1688 641 Τούτοις
1728 578 1833 654 γὰρ
1858 583 1979 643 τοῖς

294 671 560 744 ὀνόμασιν
628 668 735 724 ἀπὸ
796 666 1110 736 κενοδοξίας

295 763 560 820 ἐκάλουν.
622 760 721 815 Διὸ
777 759 871 815 καί
927 757 1090 821 αὐτὸς
1149 759 1333 833 ἠρέμα
1386 756 1757 829 ἑπονειδίζων,
1788 760 1978 822 αὐτοῖς

294 855 523 915 τούτοις
555 857 675 913 τοῖς
706 849 984 912 τοιούτοις
1020 850 1284 924 ὀνόμασιν
1338 848 1635 928 ἐχρήσατο.
1677 871 1700 900 ι
1733 851 1978 930 Ἐχοντα

296 944 398 1013 τὴν
465 940 757 1019 μόρφωσιν
828 946 930 1009 τῆς
1008 939 1266 1015 γνώσεως
1314 939 1407 994 καὶ
1454 945 1558 1009 τῆς
1610 937 1891 1009 ἀληθείας.
1945 961 1974 991 ››

302 1034 545 1112 Εύφυῶς
600 1031 719 1086 εἶπε
776 1055 803 1082 ‹‹
837 1031 1134 1107 Μόρφωσιν
1191 1030 1441 1106 γνώσεως
1498 1028 1588 1085 καὶ
1619 1024 1912 1096 εὐσεϐείας,
1946 1051 1975 1081 »

303 1121 498 1193 δηλῶν
531 1122 620 1176 δτι
652 1120 757 1177 οὐκ
785 1118 953 1187 αὐτὴν
1009 1115 1198 1193 ἔχουσι
1255 1119 1354 1187 τήν
1411 1115 1594 1188 ἀληθῆ
1651 1122 1852 1193 γνῶσιν
1884 1119 1975 1174 καὶ

303 1207 606 1279 εὐσεϐείαν,
659 1208 787 1265 ἀλλ’
841 1206 1179 1264 ἐπίπλαστον
1238 1206 1424 1264 εΐκόνα
1476 1208 1619 1276 τινὰ,
1653 1211 1850 1284 σχῆμα
1882 1209 1978 1282 μὶν

297 1298 547 1378 ἔχουσαν
578 1298 869 1370 ἀληθείας,
901 1299 1004 1354 οὐκ
1048 1299 1207 1354 οὖσαν
1248 1295 1322 1353 δὲ.
1377 1297 1571 1360 Καλῶς
1600 1295 1657 1353 δὲ
1684 1303 1859 1354 κεῖται
1888 1299 1974 1367 τὸ,

297 1417 326 1446 κ
361 1394 459 1449 Ἦν
490 1395 577 1463 τῷ
603 1388 781 1463 νόμῳ.
814 1412 843 1442 υ
903 1385 1052 1446 Ἔδει
1104 1387 1211 1464 γὰρ
1264 1388 1367 1457 τὴν
1426 1387 1608 1442 εἰκόνα
1634 1390 1733 1458 τὴν
1766 1386 1974 1459 ἀληθῆ,

298 1479 351 1536 ἐν
413 1484 498 1554 τῷ
564 1475 833 1534 συνειδότι
891 1478 984 1533 καὶ
1053 1477 1106 1531 ἐν
1185 1481 1305 1539 ταῖς
1378 1477 1604 1550 πράξεσι
1660 1478 1977 1546 κεκτῆσθαιο

301 1569 367 1625 σὺ
403 1566 483 1638 δὲ,
518 1568 680 1647 φησὶ,
720 1566 859 1643 μέγα
915 1571 1161 1640 φρονεῖς,
1221 1567 1298 1628 ὡς
1347 1564 1430 1620 ὅτι
1461 1566 1491 1620 6
1521 1564 1694 1639 νόμος
1728 1561 1846 1640 ἔχει
1872 1566 1972 1635 τήν

310 1658 497 1714 εἰκόνα
524 1656 755 1728 ταύτην,
815 1654 947 1712 ἀλλ’
1002 1653 1157 1711 οὐδὲν
1210 1659 1372 1711 τοῦτο
1428 1655 1564 1730 πρὸς
1616 1656 1693 1724 σὶ,
1743 1654 1861 1710 ἐπεὶ
1895 1655 1973 1727 μὴ

316 1748 556 1816 ποιητὴς
583 1748 631 1802 εἰ
659 1750 757 1801 τοῦ
789 1746 987 1819 νόμου.
1020 1778 1088 1789 -
1114 1743 1362 1807 ”Δλλως.
1395 1746 1611 1818 [ΦΩΤ.]
1654 1746 1975 1821 Μορφοῦται

1192 665 1348 722 αὐτοὶ
1401 665 1530 731 τοὺς
1593 667 1977 742 προσηλύτους

2089 582 2464 639 adhaerentes
2495 584 2829 657 proselytos
2857 587 2957 657 qui
2981 587 3127 657 legis
3158 589 3558 661 cognitionem
3588 608 3742 647 non-

2089 672 2230 727 dum
2263 672 2582 729 habebant.
2617 674 2717 730 His
2748 690 3007 746 namque
3038 677 3384 734 nominibus
3424 696 3545 751 prin
3578 680 3745 736 inani

2088 761 2277 834 gloria
2306 763 2639 835 proselytos
2669 762 3071 835 appellabant,
3125 765 3377 839 ideoque
3424 769 3745 840 Apostolus

2091 851 2267 907 tacite
2297 852 2391 907 his
2441 851 2587 924 ipsis
2635 853 3023 925 exprobrans,
3073 854 3416 927 hujusmodi
3464 842 3608 915 usus
3656 863 3747 915 est

2089 941 2466 998 nominibus:
2499 964 2517 989 α
2553 942 2879 998 Habentem
2898 944 3150 999 formam
3182 945 3536 1017 cognitionis
3566 963 3634 1003 ac
3656 963 3747 1003 ve-

2088 1030 2302 1088 ritatis.
2331 1054 2357 1080 ››
2390 1031 2542 1087 Scite
2576 1031 2743 1100 dixit,
2768 1034 3040 1089 Formam
3063 1034 3418 1107 cognitionis
3440 1035 3745 1109 divinique

2090 1122 2307 1192 cultus,
2344 1124 2688 1194 signiﬁcans
2719 1125 2879 1196 quod
2904 1126 3096 1197 ipsam
3126 1142 3323 1182 veram
3345 1127 3746 1196 cognitionem

2090 1211 2477 1284 divinumque
2501 1213 2726 1269 cultum
2742 1230 2863 1269 non
2885 1214 3308 1282 haberent,sed
3332 1215 3589 1272 efﬁctam
3605 1217 3747 1272 ima-

2088 1302 2288 1374 ginem
2311 1302 2915 1373 quamdam,formam
2939 1304 3181 1375 quidem
3204 1303 3526 1360 habentem
3539 1306 3751 1360 verita-

2090 1391 2327 1462 tis,quae
2354 1397 2552 1447 tamen
2579 1408 2700 1447 non
2725 1394 3073 1448 esset.Bene
3094 1398 3294 1449 autem
3316 1392 3520 1449 addit:
3554 1417 3582 1445 ‹‹
3609 1394 3746 1460 Quae

2092 1480 2155 1535 in
2185 1480 2313 1553 lege
2345 1485 2454 1537 est.
2489 1504 2515 1530 n
2550 1481 2853 1553 Siquidem
2888 1483 3152 1555 oportuit
3189 1499 3389 1538 veram
3425 1483 3748 1556 imaginem

2089 1570 2153 1626 in
2186 1570 2553 1627 conscientia
2580 1572 2876 1644 bonisque
2907 1573 3188 1645 operibus
3236 1575 3411 1629 sitam
3463 1590 3632 1629 esse:
3683 1578 3747 1629 tu

2094 1676 2231 1715 vero
2258 1661 2580 1730 extolleris,
2608 1662 2804 1733 inquit
2823 1679 2836 1716 :
2859 1667 3066 1735 utpote
3079 1662 3238 1734 quod
3258 1662 3576 1735 imaginem
3592 1663 3748 1719 hanc

2089 1748 2187 1805 lex
2217 1749 2452 1810 habeat.
2484 1767 2689 1806 verum
2721 1751 2780 1806 id
2806 1751 2959 1806 nihil
2988 1751 3062 1807 ad
3115 1758 3170 1806 te
3218 1752 3320 1822 qui
3367 1752 3513 1825 legis
3555 1753 3748 1808 iactor

320 1838 426 1906 τὴν
486 1834 755 1915 μόρφωσιν
815 1841 917 1905 τῆς
976 1835 1232 1912 γνώσεως
1296 1834 1387 1925 καὶ
1446 1840 1547 1903 τῆς
1605 1832 1659 1888 ἐν
1714 1838 1793 1907 τῷ
1823 1833 1976 1907 νόμῳ

2098 1855 2213 1895 non
2246 1840 2344 1895 sis.
2379 1839 2510 1895 Alio
2539 1840 2719 1897 modo.
2756 1841 3029 1897 Formam
3059 1842 3415 1915 cognitionis
3444 1857 3512 1899 ac
3532 1842 3748 1898 verita-

324 1921 605 1992 ἆληθείας,
632 1924 658 1978 6
688 1920 855 1985 εἰδὼς
912 1922 1072 1977 αὐτὸν
1127 1922 1218 1978 καὶ
1274 1919 1705 1996 πολιτευόμενος
1734 1922 1854 1978 κατ’
1881 1921 1980 1977 αύ-

318 2014 432 2068 τόν.
467 2009 677 2069 Τέθεικε
704 2012 831 2088 γὰρ,
862 2012 927 2067 τὸ
982 2012 1077 2086 μὲν
1136 2037 1165 2065 ‹‹
1202 2011 1487 2086 μόρφωσιν
1518 2010 1795 2086 γνώσεως,
1834 2035 1856 2062 ι
1891 2009 1980 2066 ἐπὶ

312 2106 412 2157 τοῦ
433 2099 657 2170 εἰδέναι,
685 2102 748 2157 τὸ
771 2099 829 2157 δὲ
851 2125 881 2154 ‹‹
909 2101 1189 2179 μόρφωσιν
1209 2101 1497 2175 ἀληθείας,
1521 2127 1546 2152 ιο
1574 2099 1663 2156 ἐπὶ
1692 2105 1791 2156 τοῦ
1811 2099 1981 2173 πράτ-

305 2212 439 2248 τειν.
498 2192 746 2253 Ἐκεῖνος
800 2192 907 2266 γὰρ
967 2189 1147 2261 ἀληθῆ
1210 2192 1309 2260 τήν
1364 2189 1416 2245 ἐν
1475 2194 1553 2262 τῷ
1595 2189 1753 2263 νόμῳ
1780 2193 1979 2264 γνῶσιν

304 2277 575 2349 δεικνύει,
634 2281 664 2334 6
722 2276 813 2335 διὰ
860 2284 970 2335 τῶν
1029 2276 1199 2355 ἔργων
1258 2278 1489 2355 πληρῶν
1549 2277 1743 2350 αὐτὴν,
1773 2276 1980 2341 ἐκεῖνος

302 2371 534 2440 πιστήν.
574 2370 651 2423 Σὺ
684 2366 762 2438 δὲ,
795 2371 956 2447 φησὶ,
1007 2371 1274 2432 πέποιθας
1334 2370 1554 2425 σεαυτὸν
1585 2370 1726 2423 εἶναι
1758 2365 1986 2423 παιδευ-

302 2460 405 2528 τήν
440 2458 537 2514 καὶ
595 2456 802 2535 ὁδηγὸν
851 2460 940 2517 καὶ
1012 2456 1367 2526 διδάσκαλον,
1428 2457 1535 2514 οὐχ
1590 2455 1803 2528 ἁπλῶς,
1853 2455 1983 2512 ἀλλ’

303 2545 514 2628 ἔχοντα
541 2550 649 2619 τήν
686 2549 971 2628 μόρφωσιν
1000 2556 1100 2620 τῆς
1145 2549 1198 2605 ἐν
1260 2553 1341 2622 τῷ
1397 2548 1556 2623 νόμῳ
1585 2548 1862 2624 γνώσεως,
1893 2547 1983 2604 καὶ

302 2647 409 2709 τῆς
472 2639 528 2694 ἐν
587 2643 671 2712 τῷ
726 2640 882 2711 νόμῳ
938 2638 1222 2710 ἀληθείας.
1267 2638 1441 2701 οὕτως
1476 2636 1534 2694 δὲ
1562 2636 1856 2713 πολιτεύῃ,
1906 2637 1981 2701 ὡς

312 2727 460 2803 μηδὲ
516 2726 882 2791 διδασκαλίας
936 2735 1170 2803 νομικῆς
1223 2751 1311 2785 πω
1368 2728 1620 2791 ἀκούσας.
1670 2729 1731 2786 Ὁ
1762 2726 1853 2783 οὖν
1883 2729 1985 2798 τὴν

315 2820 613 2898 μόρφωσιν
674 2820 953 2884 πεποιθὼς
1025 2813 1174 2895 ἔχειν
1246 2821 1349 2884 τῆς
1424 2819 1678 2894 γνώσεως
1734 2818 1826 2872 καὶ
1879 2823 1982 2888 τῆς

309 2907 609 2978 ἀληθείας,
671 2909 701 2962 6
756 2913 865 2964 τῶν
927 2907 1174 2985 ἀφρόνων
1236 2904 1555 2977 παιδευτὴς,
1608 2908 1638 2962 6
1694 2904 1920 2983 ὁδηγὸς,
1954 2907 1983 2961 6

310 2997 651 3062 διδάσκαλος
714 3000 855 3055 εἶναι
912 3000 1213 3065 πεποιθὼς,
1272 3003 1490 3074 πρῶτον
1548 2999 1769 3054 σεαυτὸν
1830 2994 1986 3053 δίδα-

318 3090 432 3159 ξον.
465 3087 711 3158 Διδάξεις
740 3085 820 3160 δὲ,
852 3089 943 3144 ὅτε
973 3087 1063 3143 ἐπὶ
1110 3093 1229 3153 τοῖς
1281 3082 1465 3164 ἔργοις
1522 3085 1712 3160 δείξεις
1744 3084 1981 3158 ἀληθεύ-

315 3199 478 3234 ουσαν
502 3180 606 3247 τήν
636 3175 1017 3236 διδασκαλίαν.

382 3269 444 3325 Ὁ
548 3265 644 3322 οὖν
725 3265 996 3322 διδάσκων
1070 3264 1273 3341 ἕτερον,
1351 3266 1575 3321 σεαυτὸν
1671 3265 1734 3319 ού
1825 3261 1975 3320 διδά-

306 3376 497 3425 σκεις;
580 3356 610 3409 6
685 3354 974 3429 κηρύσσων
1055 3356 1131 3429 μή
1207 3352 1487 3423 κλέπτειν,
1564 3351 1858 3422 κλέπτειςς
1917 3353 1979 3411 Ὁ

310 3443 501 3519 λάγων
589 3446 666 3517 μὴ
749 3444 1029 3520 μοιχεύειν
1110 3442 1430 3520 μοιχεύεις;
1509 3444 1537 3498 ὁ
1615 3439 1979 3517 βδελυσσόμε.

309 3558 411 3599 νος
451 3536 524 3591 τὰ
565 3532 797 3601 εἴδωλα,
878 3533 1225 3612 ίεροσυλεῖς;
1265 3536 1364 3596 ’Ὀς
1430 3532 1485 3588 ἐν
1552 3533 1711 3607 νόμῳ
1768 3538 1982 3612 καυχᾶ-

307 3648 425 3695 σαι,
498 3623 595 3680 διὰ
663 3631 765 3694 τῆς
833 3618 1192 3700 παραϐάσεως
1259 3628 1358 3679 τοῦ
1432 3623 1604 3697 νόμου
1678 3623 1772 3679 τὸν
1849 3622 1983 3678 Θεὸν

309 3715 641 3786 ἀτιμάζεις
700 3716 776 3771 Τὸ
830 3715 933 3789 γὰρ
991 3710 1170 3788 ὄνομα
1215 3717 1314 3768 τοῦ
1367 3716 1502 3769 Θεοῦ
1535 3711 1606 3768 δι’
1638 3712 1777 3786 ὑμᾶς
1812 3710 1985 3787 βλασ-

319 3808 599 3880 φημεῖται
624 3800 670 3855 ὲν
696 3809 813 3865 τοῖς
844 3799 1043 3871 ἔθνεσι,
1074 3804 1254 3867 καθὼς
1281 3802 1603 3879 γέγραπται.

404 3892 541 3948 Εἶτα
568 3891 860 3958 ἀκόλουθον
890 3893 958 3962 ἧν
986 3893 1177 3960 εἰπεῖν,
1229 3892 1313 3948 ὅτι
1368 3893 1419 3947 οἱ
1478 3893 1545 3948 τὰ
1573 3894 1801 3947 τοιαῦτα
1839 3889 1984 3963 παρὰ

327 3985 465 4036 Θεοῦ
494 3976 771 4049 λαϐόντες,
832 3983 924 4038 καὶ
988 3985 1064 4056 μή
1123 3982 1480 4061 φυλάττοντες
1543 3980 1701 4050 αὐτὰ,
1739 3979 1984 4053 μείζονος

316 4066 531 4127 ἔσονται
572 4072 847 4147 τιμωρίας
896 4071 1107 4148 ἔνοχοι,
1160 4071 1273 4145 ὅσῳ
1302 4072 1393 4127 καὶ
1420 4071 1472 4126 ἐν
1506 4068 1704 4148 γνώσει
1737 4071 1772 4139 ἡ
1807 4069 1986 4142 ἁμαρ-

307 4162 421 4221 τία,
457 4158 643 4216 Ἀλλᾶ
670 4163 810 4223 τὲως
862 4161 926 4217 ού
980 4157 1189 4239 σφόδρα
1247 4159 1421 4215 αὐτῶν
1453 4159 1804 4227 καθάπτεται,
1839 4155 1984 4213 ἀλλὰ

309 4251 431 4306 κατ’
494 4249 770 4322 ἐρώτησιν
829 4254 1092 4327 προάγων
1151 4250 1242 4305 τὸν
1305 4248 1497 4324 λόγον,
1543 4252 1706 4303 τοῦτο
1738 4247 1868 4303 αὐτὸ
1899 4246 1985 4302 ἐν-

314 4338 619 4398 δείκνυται.
679 4341 836 4402 Τινές
893 4337 951 4396 δὲ
1022 4337 1234 4413 μᾶλλον
1294 4339 1676 4416 ἀποφαντικῶς
1738 4336 1982 4413 ἀναγνω-

313 4430 473 4486 στέον
536 4429 718 4508 φασίν·
782 4430 843 4487 Ὀ
903 4427 1340 4505 βδελυσσόμενος
1385 4429 1455 4484 τὰ
1512 4425 1988 4500 εἷ’δωλα,ἱεροσυ-

315 4517 439 4583 λεῖς
470 4536 487 4587 ;
516 4519 579 4576 '0
610 4519 706 4590 μὲν
730 4517 902 4593 νόμος
961 4518 1053 4573 καὶ
1109 4518 1177 4573 τὰ
1233 4516 1285 4573 ἐν
1337 4522 1454 4579 τοῖς
1486 4513 1792 4578 εἰδωλείοις
1843 4516 1986 4591 χρή-

2093 1929 2171 1984 tis
2201 1945 2332 2001 quae
2362 1930 2425 1985 in
2456 1929 2585 2004 lege
2619 1933 2711 1985 est
2741 1929 2963 1986 efﬁciat
2990 1930 3062 1995 is,
3097 1930 3199 2002 qui
3240 1931 3431 2002 legem
3480 1931 3643 1986 novit
3688 1936 3750 1986 et

2082 2017 2258 2090 juxta
2283 2035 2413 2074 eam
2446 2023 2852 2075 conversatur.
2886 2020 3157 2074 Formam
3195 2019 3355 2074 enim
3407 2020 3608 2091 posuit
3648 2036 3750 2075 co-

2088 2108 2373 2180 gnitionis
2392 2108 2466 2163 ad
2489 2108 2964 2180 intelligendum,
2988 2107 3241 2163 formam
3265 2113 3462 2164 autem
3482 2108 3747 2164 veritatis

2090 2197 2165 2252 ad
2194 2197 2583 2269 operandum.
2618 2197 2723 2252 Ille
2751 2213 3011 2267 namque
3035 2212 3233 2252 veram
3264 2214 3396 2268 quae
3421 2198 3487 2252 in
3508 2197 3636 2270 lege
3658 2203 3751 2253 est

2091 2287 2493 2358 cognitionem
2518 2286 2802 2352 ostendit,
2827 2286 2928 2357 qui
2960 2286 3152 2358 ipsam
3175 2286 3454 2358 cperibus
3467 2286 3747 2358 complet,

2091 2375 2241 2432 221
2281 2374 2383 2430 ille
2414 2391 2545 2431 eam
2585 2373 2825 2430 fidelem
2858 2374 3143 2430 ostendit.
3178 2375 3323 2429 Tum
3347 2391 3504 2443 vero,
3529 2374 3748 2445 inquit,

2093 2462 2349 2520 confidis
2375 2468 2432 2519 te
2457 2480 2588 2519 esse
2605 2463 2816 2519 ducem
2846 2467 2903 2518 et
2927 2463 3291 2519 eruditorem
3315 2480 3384 2520 ac
3406 2464 3748 2521 doctorem:

2092 2571 2203 2610 nec
2225 2553 2284 2609 id
2311 2553 2533 2626 vulgari
2558 2551 2758 2621 modo,
2786 2552 2891 2612 sed
2914 2553 3236 2608 habentem
3266 2552 3521 2608 formam
3546 2553 3751 2627 cogni—

2092 2644 2294 2711 tionis,
2318 2661 2450 2715 quae
2472 2644 2536 2698 in
2553 2643 2681 2717 lege
2713 2647 2824 2711 est,
2848 2647 2907 2698 et
2926 2642 3190 2698 veritatis
3211 2659 3343 2713 quia
3364 2642 3427 2697 in
3460 2641 3588 2714 lege
3618 2647 3748 2698 est:

2091 2735 2176 2791 ita
2206 2739 2409 2790 tamen
2441 2733 2810 2789 conversaris
2839 2732 3010 2804 quasi
3055 2732 3201 2805 legis
3231 2732 3567 2788 doctrinam
3597 2747 3751 2787 non-

2092 2824 2235 2880 dum
2265 2823 2546 2879 audieris.
2582 2823 2691 2889 Qui
2723 2839 2861 2896 ergo
2894 2823 3146 2878 formam
3179 2828 3235 2878 te
3260 2822 3478 2879 habere
3497 2821 3750 2878 conﬁdis

2092 2913 2449 2983 cognitionis
2481 2929 2549 2968 ac
2580 2911 2873 2968 veritatis:
2905 2913 3011 2983 qui
3038 2917 3094 2967 te
3124 2911 3539 2984 insipientium
3561 2911 3753 2967 erudi-

2093 3007 2283 3058 torem
2307 3008 2367 3058 et
2392 3001 2604 3057 ducem
2627 3018 2695 3057 ac
2720 3001 3023 3057 doctorem
3053 3017 3186 3057 esse
3211 3001 3751 3072 confidis,teipsum

2092 3092 2307 3148 doceas
2338 3092 2598 3164 primum
2620 3108 2632 3145 :
2659 3090 2900 3147 docebis
2919 3096 3118 3147 autem
3134 3091 3373 3162 quando
3394 3090 3751 3162 doctrinam,

2096 3181 2375 3253 operibus
2402 3197 2472 3236 ea
2501 3197 2633 3252 qua)
2664 3180 2813 3235 dicis
2845 3185 3253 3251 praestantem,
3286 3179 3639 3236 bstenderis.

2168 3272 2240 3336 Il,
2271 3271 2463 3326 21-24.
2500 3292 2527 3319 α
2556 3270 2665 3335 Qui
2698 3286 2832 3342 ergo
2865 3269 3051 3324 alium
3083 3269 3281 3336 doces,
3318 3270 3575 3340 teipsum
3626 3284 3749 3324 non

2094 3363 2271 3419 doces
2293 3361 2320 3417 ‘I
2353 3361 2454 3433 qui
2480 3360 2770 3433 pradicas
2800 3377 2921 3416 non
2948 3360 3290 3431 furandum,
3341 3359 3559 3415 iuraris
3585 3360 3614 3415 ?
3643 3360 3748 3432 qui

2096 3452 2245 3508 dicis
2269 3468 2390 3507 non
2408 3450 3219 3517 adulterandum,committis
3232 3450 3593 3507 adulterium
3609 3449 3637 3505 ?
3649 3449 3751 3521 qui

2097 3541 2419 3599 simulacra
2440 3540 3175 3613 exsecrarissacrilegium
3198 3538 3749 3611 committis?quiin

2094 3631 2223 3704 lege
2238 3630 2532 3704 gloriaris,
2567 3647 2675 3702 per
2706 3630 2853 3703 legis
2884 3630 3415 3703 transgressionem
3441 3630 3626 3685 Deum
3658 3629 3754 3684 in-

2094 3721 2353 3775 honoras
2377 3722 2399 3775 P
2420 3722 2646 3775 Nomen
2669 3719 2830 3773 enim
2856 3720 2955 3775 Dei
2978 3725 3221 3791 propter
3239 3736 3339 3776 vos
3362 3718 3753 3790 blasphemiis

2095 3809 2356 3866 afﬁcitur
2384 3809 2546 3864 inter
2572 3813 2801 3879 gentes,
2838 3808 2994 3863 sicut
3017 3808 3307 3879 scriptum
3350 3813 3458 3863 est.
3495 3827 3524 3857 »

2167 3904 2552 3968 Consequens
2583 3895 2803 3950 deinde
2844 3901 2971 3951 erat
3027 3902 3093 3950 ut
3142 3895 3385 3963 diceret,
3440 3894 3600 3967 quod
3647 3895 3750 3967 qui

2098 3986 2304 4043 taliaa
2342 3991 2458 4042 Deo
2494 3985 2867 4057 accepissent
2918 4002 3029 4041 nec
3079 4002 3148 4040 ea
3202 3988 3525 4052 servarent,
3585 3989 3752 4040 tanto

2098 4077 2313 4149 majori
2335 4074 2825 4131 condemnationi
2842 4074 3081 4131 obnoxii
3101 4074 3285 4130 futuri
3300 4079 3751 4146 essent,quanto

2098 4167 2297 4238 majus
2319 4169 2477 4221 esset
2505 4163 3008 4236 peccatum,quod
3033 4180 3066 4219 a
3088 4163 3339 4219 scientia
3367 4161 3755 4235 procederet:

2099 4256 2342 4313 interim
2374 4260 2576 4311 tamen
2607 4271 2709 4309 eos
2739 4270 2859 4309 non
2889 4254 3106 4311 acriter
3151 4253 3445 4327 objurgat,
3488 4252 3593 4310 sed
3622 4269 3756 4310 ser-

2100 4362 2344 4404 monem
2365 4362 2472 4417 per
2494 4345 3025 4417 interrogationem
3053 4344 3411 4416 producens,
3434 4344 3546 4399 hoc
3560 4343 3757 4416 ipsum

2102 4435 2385 4494 ostendit.
2401 4434 2656 4501 Quidam
2682 4451 2817 4489 vero
2841 4434 3204 4490 enuntiative
3223 4433 3422 4506 potius
3437 4430 3754 4506 legendum

2103 4542 2233 4582 esse
2253 4524 2480 4580 dicunt.
2502 4542 2523 4572 ι
2549 4523 2657 4587 Qui
2674 4522 3381 4579 simulacraexsecraris?
3407 4544 3434 4571 ››
3450 4522 3564 4578 Lex
3595 4527 3755 4577 certe

321 4628 471 4680 ματα
531 4603 812 4683 βδελυκτᾶ
870 4608 1015 4686 εἶχε,
1075 4604 1164 4662 διὰ
1216 4605 1280 4662 τὸ
1339 4603 1589 4679 δαίμοσιν
1646 4606 1983 4673 ἀνατεθῆναι.

2098 4629 2306 4670 omnes
2337 4614 2517 4669 etiam
2548 4627 2644 4667 res
2677 4628 2808 4682 quae
2833 4612 2897 4666 in
2930 4611 3231 4667 idolorum
3267 4611 3504 4683 templis
3564 4615 3754 4675 erant,

311 4699 508 4772 Ὑμεῖς
543 4694 623 4763 δὲ,
680 4699 836 4771 φησί,
888 4698 958 4752 τὰ
1017 4695 1110 4771 μὶν
1172 4693 1378 4752 εἴδωλα
1413 4691 1808 4772 βδελύσσεσθαί
1838 4713 1991 4770 φατε,

312 4788 379 4842 τὰ
413 4785 477 4842 δὲ
506 4785 596 4843 ἐπ’
628 4787 815 4849 αὐτοῖς
874 4788 1142 4862 χρήματα
1200 4786 1485 4859 ἁρπάζετε.
1543 4784 1683 4859 ’Ἄρα
1722 4779 1836 4853 οὖν,
1871 4778 1996 4837 οὐδὲ

312 4879 384 4932 τὰ,
448 4873 664 4932 εἴδωλα
718 4878 856 4932 κατὰ
905 4875 1163 4948 ἀληθειαν
1228 4872 1606 4950 βδελύσσεσθε.
1669 4874 1881 4947 [ΦΩΤ.]
1927 4874 1996 4929 Εἰ

317 4967 425 5041 γὰρ
486 4987 574 5031 τις
637 4962 993 5040 βδελύσσεται
1047 4966 1115 5021 τὰ
1187 4961 1414 5033 ε’ἰδωλα,
1478 4961 1553 5025 ὠς
1614 4966 1723 5017 τῶν
1779 4960 1999 5018 οἰκείων

324 5055 463 5120 ἐθῶν
494 5055 592 5112 καὶ
622 5054 882 5128 νομίμων
931 5054 1024 5110 καὶ
1078 5054 1241 5128 ἱερῶν
1303 5046 1540 5126 ἀκριϐής
1585 5050 1780 5129 ιρύλαε,
1813 5045 1997 5107 ἔπειτα

323 5145 388 5200 τὰ
417 5147 599 5201 οἰκεῖα
627 5144 751 5220 ἰερᾶ
795 5141 1069 5214 ἀποωλᾷ,
1122 5140 1298 5211 πόσης
1357 5142 1520 5203 οὗτος
1550 5140 1651 5195 οὐκ
1676 5138 1817 5196 ἔστιν
1846 5139 1993 5211 ἄξιος

325 5236 636 5310 τιμωρίαςς
707 5233 778 5290 δι’
835 5234 910 5289 ὦν
968 5233 1064 5307 μὶν
1124 5237 1505 5310 προσποιεῖται
1566 5228 1993 5308 ἀποστρέφεσθαι

325 5325 393 5380 τὰ
431 5325 667 5396 εἴδωλα,
722 5329 889 5399 τιμᾷν
945 5323 1035 5379 καὶ
1091 5321 1546 5398 περιπτύσσεσθαι
1579 5318 1754 5376 δοκῶι
1782 5321 1882 5391 τήν
1914 5320 1996 5376 οἷ-

322 5417 471 5471 κείαν
531 5414 818 5489 λατρείαν,
872 5413 965 5469 καὶ
1017 5412 1084 5468 τὰ
1140 5412 1265 5487 περί
1324 5410 1491 5478 αὐτὴν
1544 5409 1684 5484 ἱερὰ,
1737 5407 1809 5464 δι’
1835 5410 1909 5466 ὧν
1939 5407 1997 5467 δὲ

324 5506 618 5584 τολμηρὰν
676 5505 770 5561 καὶ
826 5502 1170 5559 κλέπτουσαν
1217 5506 1382 5577 χεῖρα
1432 5497 1724 5576 ἐπαφίησιν
1785 5498 1993 5571 αὐτοῖς,

329 5595 549 5672 μᾶλλον
609 5599 722 5652 τῶν
782 5589 1034 5650 εἰδώλων
1088 5585 1381 5665 ἐξυϐρίζων
1435 5588 1526 5645 καὶ
1584 5587 1662 5651 εἰς
1716 5589 1780 5644 τὸ
1823 5587 1993 5662 μηδὲν

322 5687 641 5764 ⁴ἡγούμενος
692 5683 852 5755 αὐτὰ,
909 5679 1299 5756 παραπλήσιύς
1357 5679 1498 5735 ἐστιν
1559 5677 1717 5742 οὗτος
1753 5678 1829 5741 ὡς
1852 5678 1998 5754 ἄλη..

636 5819 925 5881 ΡΑι-ιιοιι.
973 5811 1083 5872 Gn.
1130 5807 1394 5871 CXVIII.

2105 4701 2500 4759 exsecrandas
2521 4699 2776 4772 dicebat,
2792 4716 2860 4756 eo
2879 4700 3036 4772 quod
3053 4700 3424 4756 daamonibus
3437 4703 3640 4756 essent
3667 4698 3757 4753 dio

2104 4797 2271 4848 catae.
2312 4792 2422 4846 Vos
2451 4794 2672 4858 autem,
2705 4789 2921 4860 inquit,
2955 4789 3273 4845 simulacra
3303 4793 3362 4843 et
3396 4787 3560 4842 idola
3590 4803 3760 4842 exse—

2106 4882 2258 4938 crari
2295 4878 2536 4951 quidem
2569 4896 2670 4933 vos
2702 4878 2923 4946 dicitis,
2957 4884 3016 4933 et
3049 4883 3245 4934 tamen
3270 4877 3563 4949 repositas
3610 4875 3759 4949 ipsis

2104 4970 2417 5027 facultates
2454 4967 2682 5040 rapitis.
2733 4969 2937 5039 Itaque
2986 4984 3183 5039 neque
3239 4984 3373 5023 vere
3440 4966 3763 5022 simulacra

2108 5058 2522 5116 exsecramini.
2552 5059 2694 5113 Nam
2728 5057 2778 5112 si
2804 5056 3102 5129 quispiam
3136 5057 3460 5113 simulacra
3489 5072 3761 5113 exsecre-

2106 5154 2220 5214 tur,
2256 5155 2535 5220 tanquam
2557 5146 2923 5219 propriarum
2941 5146 3445 5202 consuetudinum
3464 5145 3762 5219 legitima-

2103 5254 2358 5308 rumque
2389 5243 2448 5291 et
2479 5251 2783 5292 sacrarum
2817 5240 3056 5290 exactus
3104 5234 3466 5291 observator.
3518 5234 3761 5290 interim

2108 5335 2308 5385 autem
2342 5327 2585 5401 propria
2616 5324 2835 5397 templa
2868 5325 3263 5397 depraedatur,
3287 5343 3403 5398 quo
3429 5325 3525 5381 hic
3546 5325 3762 5398 dignus

2106 5436 2230 5475 non
2253 5424 2342 5473 est
2364 5415 2829 5489 supplicio?Qui
2882 5416 3022 5472 hinc
3082 5433 3144 5472 se
3202 5417 3375 5488 fingit
3430 5415 3763 5471 abominari

2106 5507 2288 5576 idola,
2317 5507 2624 5580 prOprium
2650 5505 2875 5561 cultum
2898 5505 3193 5561 honorare
3215 5506 3373 5562 visus
3397 5511 3456 5561 et
3485 5502 3766 5576 amplecti

2105 5615 2175 5655 ac
2206 5613 2395 5662 sacra,
2432 5613 2565 5667 quae
2597 5596 2758 5651 circa
2788 5594 2961 5650 illum
3005 5595 3349 5652 habentur:
3411 5594 3580 5649 illinc
3628 5607 3764 5646 vero

2108 5687 2488 5746 temerariam
2519 5685 2909 5757 furacemque
2950 5702 3195 5742 manum
3238 5684 3311 5742 ad
3359 5700 3433 5742 ea
3481 5679 3764 5749 extendit,

3398 5812 3476 5871 t2
