4114 6398
432 352 549 413 363

1553 341 1980 406 (ΕΟΗΜΕΝΠ
2026 341 2334 402 TlllCC/E
2379 340 2755 405 EPISCOPI.

3718 343 3869 404 ’364

429 486 561 556 ipsa
597 480 810 553 majori
829 478 1101 535 afﬁciens
1119 477 1341 550 injuria
1361 491 1539 547 quam
1561 475 1723 531 idola
1736 491 1923 546 eaque
1936 474 2082 530 nihil

2196 474 2325 543 θῶς,
2355 476 2434 545 τῷ
2466 472 2676 549 λέγοντι
2711 475 2809 547 μὲν
2838 473 3047 551 ἑτέροις
3081 475 3157 550 μὴ
3206 472 3316 531 δεῖν
3369 471 3646 545 κλέπτειν,
3676 471 3863 549 πράτ-

430 577 673 634 ducens.
713 575 855 628 Vere
885 572 1046 627 enim
1078 572 1174 627 hic
1205 570 1294 626 illi
1321 569 1604 626 assimilis
1625 575 1717 625 est
1736 566 2081 640 quicreteris

430 682 551 722 non
580 663 900 719 furandum
933 662 1098 729 dicit,
1123 662 1250 734 ipse
1280 660 1519 716 interim
1550 677 1683 731 quae
1713 659 1913 715 furum
1944 662 2084 713 sunt

427 758 802 828 perpetrans.
830 756 978 810 Nam
1009 753 1167 808 sicut
1202 751 1305 806 ille
1364 750 1662 806 contraria
1705 747 2082 805 sermonibus

423 840 621 899 facere
648 841 986 898 ostenditur
1014 857 1121 913 per
1151 856 1332 913 opera
1358 857 1370 894 :
1404 839 1556 896 228
1588 839 1672 894 ita
1728 844 1787 894 et
1831 837 1930 893 hic
1979 834 2080 908 qui

431 932 810 1006 sacrilegium
841 935 1164 1004 perpetrat,
1198 929 1500 985 contraria
1527 928 1648 1000 agit
1685 927 1761 994 ei,
1795 925 1955 998 quod
1994 929 2085 980 est

427 1022 590 1078 idola
619 1020 974 1087 abominari,
1003 1036 1112 1092 per
1131 1019 1357 1074 furtum
1388 1016 1869 1091 injuriamquein
1891 1030 2081 1081 sacra,

430 1112 736 1169 daemones
765 1111 990 1179 colens,
1024 1125 1277 1180 quorum
1307 1107 1469 1163 idola
1496 1111 1667 1163 erant
1720 1102 2079 1161 habitacula.

431 1224 459 1253 ‹‹
494 1202 605 1268 Qui
636 1202 699 1258 in
728 1201 858 1272 lege
884 1199 1180 1273 gloriaris.
1212 1219 1241 1248 »
1274 1196 1578 1264 Gloriaris,
1613 1195 1782 1268 quasi
1814 1212 1847 1250 a
1878 1195 1995 1249 Deo
2018 1193 2079 1247 in

429 1292 659 1347 honore
681 1290 919 1349 habitus
937 1294 1181 1361 propter
1200 1288 1413 1361 legem,
1437 1303 1543 1342 cur
1573 1302 1709 1359 ergo
1741 1291 2081 1358 transgres-

439 1382 606 1438 sione
621 1380 810 1451 legem
831 1377 1484 1449 inhonoras,simulque
1502 1377 1757 1433 etDeum
1772 1375 1800 1431 ‘2
1812 1397 1841 1427 «
1856 1376 2082 1430 Nomen

433 1471 596 1526 enim
627 1470 752 1525 Dei.
789 1492 817 1520 .›
849 1473 991 1524 Cum
1021 1469 1182 1524 enim
1214 1483 1385 1541 grave
1418 1471 1575 1523 esset
1622 1465 1782 1537 quod
1829 1464 2080 1530 dixerat,

423 1578 453 1609 α
486 1559 673 1613 Deum
705 1557 1054 1623 inhonoras,
1091 1577 1120 1606 »
1154 1555 1505 1627 prophetam
1536 1554 1599 1608 in
1628 1558 1842 1609 testem
1865 1552 2083 1623 produ-

423 1644 506 1700 cit
531 1643 576 1716 7,
609 1662 676 1701 ac
708 1645 757 1700 si
818 1644 1079 1701 diceret:
1142 1646 1269 1699 Non
1322 1659 1492 1699 meus
1550 1659 1746 1698 sermo
1806 1648 1915 1707 est,
1979 1641 2082 1698 sed

423 1735 613 1790 Isaias.
645 1736 791 1790 Nam
822 1734 924 1805 qui
968 1749 1039 1788 ex
1092 1732 1369 1807 gentibus
1413 1737 1603 1800 erant,
1656 1731 1923 1787 videntes
1982 1748 2083 1787 eos

427 1840 611 1897 prave
659 1824 1018 1891 conversari,
1079 1824 1140 1878 in
1198 1822 1602 1895 blasphemias
1658 1821 2081 1887 efferebantur,

426 1913 724 1969 dicentes:
757 1915 908 1968 Num
940 1913 1219 1985 oportuit,
1253 1918 1320 1967 ut
1344 1913 1451 1968 hos
1474 1914 1630 1967 Deus
1660 1911 1954 1984 diligeret,
1986 1914 2089 1966 aut

434 2001 743 2075 quidpiam
770 2002 855 2058 eis
876 2002 1163 2059 donaret?
1193 2019 1269 2058 an
1301 2018 1377 2058 ne
1407 2002 1515 2057 bos
1546 2007 1605 2056 et
1625 2017 1755 2056 esse
1776 2006 1832 2056 et
1854 2001 2087 2057 futuros

436 2092 628 2149 malos
659 2092 1180 2165 prmcognoverat?
1196 2114 1224 2142 ιι
1252 2092 1414 2147 Inter
1442 2095 1720 2165 gentes.»
1744 2092 1869 2145 Non
1892 2090 2088 2146 solum

428 2199 553 2251 vos,
588 2182 804 2254 inquit,
836 2183 1023 2238 Deum
1054 2180 1450 2250 inhonoratis,
1477 2181 1582 2237 sed
1607 2180 1743 2236 aliis
1764 2196 2002 2252 quoque
2026 2179 2087 2235 id

434 2275 650 2349 agendi
679 2275 1057 2332 occasionem
1087 2274 1386 2347 praebetis.

498 2366 572 2435 Il,
606 2367 697 2420 25.
736 2366 1098 2423 Gircumcisio
1121 2366 1394 2436 siquidem
1407 2365 1711 2436 prodest,si
1734 2366 1903 2436 legem
1923 2367 2089 2433 factis

432 2458 750 2527 exprimas:
785 2456 933 2527 quod
961 2458 1011 2510 si
1041 2457 1177 2525 legis
1206 2461 1570 2526 transgressor
1610 2457 1804 2524 fueris,
1850 2458 2087 2512 circum-

438 2546 571 2601 cisio
603 2552 699 2601 tua
718 2548 1059 2618 prwputium
1087 2548 1243 2614 facta
1277 2551 1373 2600 est.

504 2634 653 2699 Quia
682 2650 966 2707 magnum
996 2633 1283 2705 quiddam
1328 2633 1640 2689 videbatur
1687 2635 2086 2705 circumcisio,

433 2722 510 2780 ad
541 2741 672 2781 eam
706 2725 947 2780 tandem
978 2724 1162 2791 venit,
1197 2728 1256 2779 et
1283 2723 1368 2780 ait
1390 2722 1639 2780 :Verum
1683 2725 2087 2781 circumcisio-

433 2830 573 2868 nem
594 2812 769 2868 dictis
794 2830 1065 2887 magnam
1090 2813 1423 2885 utilemque
1446 2830 1574 2869 rem
1588 2814 1912 2884 quamdam
1934 2831 2084 2871 esse.

433 2902 668 2973 Utique,
710 2902 927 2974 inquit,
961 2903 1202 2958 fateor:
1235 2901 1339 2958 sed
1399 2907 1541 2958 tunc
1601 2903 1838 2974 quando
1896 2903 2088 2976 legem

428 2991 602 3047 factis
652 2992 954 3065 exprimis.
1009 3014 1037 3041 ιι
1096 2992 1264 3058 Quod
1324 2992 1372 3048 si
1412 2998 1836 3066 transgressor.
1867 3016 1896 3045 »
1954 2995 2093 3050 Vult

434 3080 749 3136 ostendere
765 3081 1271 3137 circumcisionem
1284 3098 1413 3138 esse
1428 3082 2090 3156 intellectualem,cujus

441 3177 615 3242 typus
647 3175 738 3225 est
762 3188 833 3227 ea
862 3188 993 3243 quae
1026 3188 1207 3227 sensu
1237 3173 1585 3245 percipitur,
1618 3189 1833 3246 nempe
1880 3175 2086 3246 puriﬁ-

434 3265 632 3316 catum
665 3277 795 3316 esse
824 3263 1108 3317 resecatis
1140 3262 1480 3333 superﬂuis.
1513 3265 1616 3319 Est
1645 3269 1843 3319 autem
1877 3282 2082 3337 super-
2118 3228 2160 3294 C

435 3350 646 3417 ﬂuum,
682 3351 975 3422 quidquid
1005 3352 1283 3423 displicet
1313 3354 1450 3409 Deo.
1486 3354 1841 3425 Hujusmodi
1887 3356 2088 3427 itaque

436 3440 957 3496 circumcisionem
973 3440 1195 3496 habere
1206 3446 1402 3512 potest
1413 3442 1630 3512 aliquis
1645 3444 1822 3499 etiam
1842 3462 2089 3516 corpore

436 3529 829 3584 circumcisus
846 3547 859 3585 :
876 3546 1234 3601 rursumque
1255 3547 1501 3601 corpore
1523 3532 1913 3588 circumcisus
1936 3550 2086 3601 esse,

437 3618 637 3675 animo
652 3634 787 3674 vero
800 3620 1276 3675 incircumcisus.
1299 3622 1668 3693 Praeputium
1688 3628 1887 3679 autem
1903 3624 2090 3680 etcir-

433 3708 1109 3781 cumcisionem,nempe
1123 3725 1304 3765 veram
1316 3710 1487 3766 bona:
1501 3727 1811 3784 pravmque
1823 3716 2091 3770 actiones

433 3798 763 3871 designant.
775 3800 1048 3872 Cumergo
1063 3799 1420 3856 circumcisio
1436 3801 1669 3875 signum
1684 3805 2092 3863 sitexcisionis

428 3890 879 3961 atl'ectuum:qui
893 3906 1015 3946 non
1027 3891 1927 3965 habueritexcisosaﬂ‘ectus,hic
1942 3915 2085 3955 sane

433 3982 824 4051 prmputiatus
841 3987 946 4044 est,
957 3997 1302 4052 quanquam
1318 3984 1556 4053 signum
1576 4001 1822 4057 corpore
1834 3986 2088 4044 ferat.A-

430 4070 617 4141 lioqui
641 4071 799 4125 enim
818 4087 941 4126 non
968 4072 1163 4126 solum
1186 4073 1297 4127 iste
1319 4073 1474 4128 nihil
1491 4074 1629 4130 inde
1643 4076 1737 4147 adj
1749 4079 1975 4132 umenti
1991 4094 2088 4132 ac-

432 4158 790 4229 ciperet,sed
804 4164 862 4213 et
881 4161 1074 4230 majus
1088 4166 1513 4216 nocumentum
1526 4180 1681 4229 ,vera
1693 4165 1954 4235 privatus
1973 4166 2085 4221 cir-

433 4247 1000 4318 cumcisione,cujus
1024 4249 1258 4321 signum
1278 4256 1405 4305 erat
1417 4252 1613 4306 carnis
1629 4253 2088 4323 circumcisio,e-

428 4335 573 4390 tiam
592 4335 947 4407 hancipsam
960 4336 1185 4408 injuria
1201 4336 1676 4411 afﬁciens,atque
1690 4342 1965 4398 inutilem
1982 4344 2084 4399 red

429 4422 879 4496 dens,nihilque
898 4425 1337 4498 significantem
1357 4445 1563 4484 eorum
1587 4430 1661 4485 ad
1686 4448 1816 4502 quae
1836 4432 1972 4488 data
1995 4440 2084 4490 est

426 4517 496 4567 ut
525 4513 759 4586 signum
791 4520 967 4570 esset.
1003 4516 1155 4572 229
1181 4517 1236 4571 Si
1257 4518 1389 4589 quis
1411 4523 1607 4574 autem
1632 4520 1811 4576 habet
1834 4522 2081 4579 allectus

430 4602 680 4674 excisos,
717 4620 1061 4675 quanquam
1093 4622 1267 4661 carne
1298 4624 1419 4663 non
1450 4610 1527 4663 sit
1555 4609 1960 4681 circumcisus,
1988 4612 2078 4667 ni-

424 4693 753 4749 hilominus
786 4699 987 4750 tamen
1018 4712 1154 4751 vera
1183 4702 1449 4753 resectus
1480 4704 1570 4753 est
1599 4700 2078 4770 circumcisione,

424 4798 614 4855 eoque
639 4784 846 4858 magis,
881 4802 997 4856 quo
1030 4786 1232 4841 minus
1263 4792 1395 4861 eget
1424 4789 1717 4857 sensibili,
1750 4808 1883 4863 qua;
1942 4809 2075 4848 me-

419 4873 624 4928 moria)
657 4875 929 4946 signique
960 4876 1150 4948 gratia
1180 4883 1615 4933 assumebatur.
1651 4902 1679 4929 «
1711 4880 2074 4952 Praeputium

414 4958 569 5015 facta
595 4968 704 5016 est.
744 4987 770 5009 υ
803 4964 921 5018 Hoc
954 4970 1045 5019 est
1080 4964 1482 5022 abominanda
1502 4985 1595 5022 res
1620 4969 1791 5039 juxta
1812 4976 2071 5026 mentem

419 5065 642 5104 eorum.
679 5052 912 5107 Etenim
944 5053 1055 5125 ipsi
1086 5056 1508 5127 praeputiatum
1537 5057 2074 5115 ducebantabomi-

416 5138 703 5193 nandum.
740 5140 795 5195 Si
820 5157 956 5214 ergo
1000 5159 1121 5198 non
1179 5147 1498 5201 servaveris
1546 5163 1739 5218 neque
1793 5157 2071 5219 operatus

414 5226 599 5283 fueris
630 5246 761 5299 quas
794 5231 941 5303 legis
973 5238 1131 5301 sunt,
1164 5235 1541 5291 circumcisio
1601 5243 1718 5303 tua,
1769 5254 1900 5307 quas
1953 5241 2068 5296 Deo

415 5322 581 5390 grata
610 5323 756 5387 erat,
789 5319 1194 5378 abominanda
1221 5324 1375 5380 facta
1401 5330 1491 5380 est
1521 5330 1580 5379 et
1625 5327 1869 5397 rejecta.
1903 5330 2068 5394 Quod

415 5406 465 5461 si
485 5409 876 5479 praaputiatus
900 5412 1135 5484 egregia
1154 5413 1300 5486 legis
1320 5431 1501 5486 opera
1514 5415 2067 5491 praestiterit,hujus

410 5497 771 5570 prmputium
785 5500 945 5571 quod
970 5518 1068 5558 res
1091 5502 1492 5562 abominanda
1512 5512 1660 5575 erat,
1692 5507 1811 5564 Deo
1832 5515 2064 5581 gratum

480 5643 501 5679 "
529 5644 644 5701 Isa.
677 5661 773 5718 ιιι,
805 5650 860 5705 5.

2114 1865 2162 1929 Β

2193 581 2341 617 τοντι
2375 559 2433 616 δὲ
2458 562 2526 618 τὰ
2574 567 2684 618 τῶν
2745 564 3119 624 κλεπτόντων.
3180 566 3381 641 Ὠσπερ
3412 564 3512 640 γὰρ
3544 564 3743 627 ἐκεῖνος
3776 562 3864 619 ὲν-

2202 651 2356 708 αντία
2410 659 2528 717 τοῖς
2588 653 2778 730 λόγοις
2839 654 2927 712 διὰ
2984 661 3091 714 τῶν
3146 652 3318 734 ἔργων
3369 658 3623 730 πράττειν
3655 653 3864 713 ἐπιδεί-

2194 761 2406 813 κνυται,
2441 742 2617 803 οὕτως
2647 745 2739 799 καὶ
2766 746 2925 808 οὗτος
2966 744 3179 801 ἐναντία
3221 751 3320 802 τοῦ
3377 744 3763 823 βδελύσσεσθαι
3794 746 3867 802 τὰ

2194 828 2324 886 εἴδω
2359 831 2427 887 λα
2461 830 2533 890 δι’
2596 834 2672 890 ὧν
2730 833 3009 910 ἱεροσυλεῖ
3063 835 3475 912 διαπράττεται,
3534 834 3624 891 διὰ
3650 838 3749 905 τῆς
3781 836 3864 900 εἷς

2191 920 2260 975 τὰ
2290 921 2409 996 ἰερὰ
2440 921 2660 993 κλοπῆς
2690 924 2783 980 καὶ
2815 920 3026 1000 ὕϐρεως
3065 926 3374 1002 θεραπεύων
3403 927 3533 988 τοὺς
3565 924 3862 1001 δαίμονας,

2195 1010 2269 1064 ὧν
2297 1010 2433 1080 ἦσαν
2464 1014 2530 1068 τὰ
2561 1011 2767 1069 εἴδωλα
2818 1014 3132 1089 οἰκητήρια.
3191 1039 3215 1071 ι
3250 1018 3344 1079 '0;
3376 1016 3430 1071 ἐν
3457 1017 3615 1090 νόμῳ
3641 1021 3867 1093 καυχᾶ-

2195 1119 2305 1158 σαι.
2340 1123 2369 1152 ››
2427 1091 2707 1178 Καυχᾶσαι
2767 1104 2843 1167 ὡς
2898 1105 3153 1178 τιμηθεὶς
3210 1106 3359 1181 παρὰ
3415 1110 3515 1162 τοῦ
3571 1110 3705 1162 Θεοῦ
3768 1103 3869 1162 διὰ

2192 1188 2285 1244 τὸν
2333 1189 2528 1265 νόμον.
2587 1193 2651 1250 Τί
2708 1194 2887 1250 τοίνυν
2951 1198 3021 1269 τῇ
3082 1190 3384 1271 παραϐάσει
3443 1194 3728 1270 ἀτιμάζεις
3767 1197 3871 1252 τὸν

2191 1278 2387 1352 νόμον,
2444 1281 2537 1336 καὶ
2597 1285 2979 1356 συνατιμάζεις
3031 1284 3124 1339 τὸν
3175 1286 3347 1355 Θεόν;
3406 1286 3528 1340 «Τὸ
3557 1287 3658 1363 γὰρ
3687 1281 3872 1359 ὄνομα

2191 1372 2289 1424 τοῦ
2320 1374 2474 1429 Θεοῦ.
2509 1396 2531 1426 ι
2602 1369 2827 1443 Ἐπειδή
2902 1373 3040 1449 βαρὺ
3117 1376 3291 1447 εἶπεν,
3359 1374 3442 1431 ὅτι
3513 1399 3540 1428 ‹‹
3575 1375 3684 1433 Τὸν
3729 1376 3871 1433 Θεὸν

2195 1457 2500 1531 ἀτιμάζεις,
2536 1483 2564 1511 ››
2594 1460 2688 1516 τὸν
2745 1464 3040 1540 προφήτην
3094 1465 3323 1541 παράγει
3390 1466 3660 1540 μάρτυρα,
3703 1465 3781 1528 ὡς
3813 1465 3875 1521 εἲ

2194 1548 2367 1632 εἶπεν,
2409 1548 2524 1606 Οὐκ
2573 1549 2705 1623 ἐμὸς
2739 1551 2767 1606 ὁ
2802 1550 2984 1629 λόγος,
3037 1550 3187 1609 ἀλλὰ
3231 1558 3328 1610 τοῦ
3377 1553 3625 1611 Ἡσαΐου.
3658 1555 3720 1608 Οἱ
3752 1554 3865 1632 γάρ

2196 1635 2247 1707 ἐξ
2278 1631 2442 1701 ἐόνῶν
2492 1640 2728 1713 ὁρῶντες
2785 1641 2987 1704 αὐτοὺς
3035 1647 3218 1706 κακῶς
3260 1631 3873 1717 πολιτευομένους,γεῖς

2199 1726 2561 1804 βλασφημίας
2590 1728 2922 1807 ἐξεφέροντο,
2952 1732 3215 1804 Τούτους,
3249 1730 3524 1808 λέγοντες,
3576 1729 3683 1790 ἔδει
3735 1734 3879 1810 ἀγα-

2195 1822 2365 1885 πῆσαι
2391 1819 2484 1872 τὸν
2516 1818 2644 1874 Θεὸν
2672 1817 2708 1890 ἤ
2742 1817 2930 1877 δοῦναί
2985 1843 3039 1877 τι
3098 1824 3287 1887 αὐτοῖς
3314 1843 3329 1893 ;
3381 1824 3480 1879 οὐκ
3504 1820 3625 1898 ᾔδει
3656 1824 3867 1889 κακοὺς

2193 1903 2351 1968 ὄντας
2382 1909 2473 1962 καὶ
2518 1907 2842 1982 ἐσομένους;
2904 1936 2925 1963 ι
2963 1913 3052 1969 Ἐν
3112 1917 3231 1977 τοῖς
3274 1910 3463 1978 ἔθνεσι.
3500 1939 3521 1967 1
3561 1914 3639 1971 Οὐ
3669 1915 3865 1988 μόνον,

2194 1996 2355 2071 φησὶν
2412 1996 2567 2071 ὑμεῖς
2624 1998 2916 2074 ἀτιμάζετε
2952 2000 3043 2057 τὸν
3104 2003 3258 2072 Θεὸν,
3319 2001 3466 2059 ἀλλὰ
3517 2003 3609 2058 καὶ
3659 2002 3865 2067 ἄλλοις

2191 2083 2461 2161 πρόφασιν
2490 2086 2780 2164 παρέχετε.

2276 2376 2556 2451 Περιτομή
2614 2376 2710 2450 μὲν
2768 2378 2869 2454 γάρ
2929 2377 3154 2459 ὠφελεῖ,
3205 2380 3292 2436 ἐὰν
3351 2380 3520 2456 νόμον
3584 2384 3863 2461 πράσσῃς·

2196 2459 2287 2518 ἐὰν
2367 2461 2423 2519 δὲ
2498 2461 2821 2541 παραϐάτης
2893 2470 3064 2543 νόμου
3128 2474 3220 2545 ᾖς,
3297 2474 3332 2543 ἡ
3407 2477 3684 2551 περιτομή
3764 2459 3866 2531 σου

2197 2552 2528 2633 ἀκροϐυστία
2564 2555 2718 2635 γὲγον
2727 2581 2797 2620 εν.

2269 2645 2491 2718 Ἐπειδὴ
2528 2650 2669 2725 μέγα
2698 2671 2751 2705 τι
2782 2649 2959 2707 ἐδόκει
3001 2655 3036 2723 ἡ
3088 2658 3392 2731 περιτομὴ,
3426 2654 3745 2714 τελευταῖον
3771 2659 3865 2715 ἔπ’

2194 2735 2362 2827 αὐτὴν
2393 2735 2553 2812 ἦλθε,
2581 2739 2670 2795 καὶ
2702 2762 2887 2817 φησιν’
2922 2741 3103 2816 ’Δλλ’,
3144 2743 3335 2820 ἐρεῖτε,
3389 2746 3526 2824 μέγα
3570 2748 3660 2804 καὶ
3710 2749 3862 2827 ὠφέ-

2195 2826 2364 2901 λιμόν
2394 2850 2447 2884 τι
2481 2836 2678 2905 χρῆμα
2724 2834 2758 2902 ἡ
2819 2838 3119 2909 περιτομή.
3181 2836 3453 2911 Εἷσκρίνει
3484 2842 3587 2917 γάρ
3617 2843 3693 2911 τῷ
3725 2826 3855 2913 λαῷ

2193 2921 2291 2973 τοῦ
2322 2922 2478 2975 Θεοῦ.
2514 2920 2637 2988 Ναὶ,
2671 2921 2856 2997 φησὶν,
2906 2922 3200 3002 ὀμηλογῶ,
3240 2924 3389 2983 ἀλλὰ
3415 2929 3556 2997 τότε,
3588 2929 3710 2984 ὅταν
3748 2929 3847 2983 νό-

2200 3029 2300 3081 μον
2334 3009 2604 3085 πράσσῃς.
2653 3034 2681 3062 ι(
2716 3012 2838 3068 Ἐὰν
2896 3010 2954 3068 δὲ
3008 3011 3353 3089 παραϐάτης.
3385 3041 3410 3071 ι
3448 3017 3702 3076 Βούλεται
3734 3015 3857 3073 δεῖ-

2196 3098 2280 3169 ξαι
2334 3096 2416 3151 ὅτι
2476 3091 2586 3152 ἔστι
2645 3102 2919 3175 περιτομή
2981 3104 3179 3175 νοητὴ,
3222 3108 3291 3175 ἧς
3331 3104 3505 3172 τύπος
3534 3110 3567 3178 ἡ
3596 3106 3863 3178 αἲσθητῆ,

2198 3187 2527 3261 κεκαοάροαι
2557 3188 2648 3242 καὶ
2703 3191 2770 3244 τὰ
2797 3194 3024 3266 περιττά
3081 3200 3531 3270 περιτετμῆσθαι.
3594 3198 3860 3272 Περιττὸν

2202 3271 2259 3329 δὲ
2289 3281 2391 3329 πᾶν
2426 3275 2551 3331 ὅσον
2611 3277 2677 3333 οὐ
2737 3278 2898 3356 φίλον
2958 3286 3094 3352 Θεῷ.
3155 3285 3250 3341 Ἐκ
3296 3283 3351 3341 δὲ
3379 3287 3600 3358 τούτου,
3627 3271 3741 3344 ἔστι
3774 3309 3865 3353 τις

2204 3360 2535 3438 ἀκρόϐυστος
2567 3368 2662 3439 μὲν
2693 3369 2756 3423 τὸ
2788 3373 2967 3443 σῶμα,
2998 3373 3097 3442 τήν
3141 3370 3199 3430 δὲ
3240 3375 3497 3448 τοιαύτην
3530 3374 3676 3453 ἔχων
3709 3397 3870 3453 περι-

2202 3456 2403 3542 τομήν.
2437 3456 2534 3510 Καὶ
2576 3455 2743 3512 πάλιν
2793 3457 3164 3535 ἐμπερίτομος
3196 3465 3293 3538 μὶν
3323 3467 3385 3521 τὸ
3413 3471 3595 3541 σῶμα,
3626 3462 3869 3542 ἀκρόϐυ·

2203 3562 2331 3632 στος
2362 3541 2546 3632 δὲτὴν
2577 3548 2781 3622 ψυχήν.
2816 3546 3216 3625 Ἀκροϐυστίαν
3243 3550 3300 3609 δὲ
3319 3555 3408 3610 καὶ
3430 3541 3736 3632 περιτομῆν
3759 3559 3868 3627 τὴν

2202 3629 2387 3701 ἀληθῆ
2423 3630 2682 3703 δηλονότι
2711 3639 2765 3690 αὶ
2798 3639 2991 3712 ἀγαθαὶ
3023 3639 3113 3695 καὶ
3163 3644 3401 3718 πονηραὶ
3431 3629 3651 3716 πράξεις
3682 3665 3874 3723 χαρα-

2202 3723 2584 3797 κτηρίζουσιν,
2609 3759 2676 3767 -
2700 3728 2912 3803 [ΦΩΤ.]
2936 3730 3090 3787 Ἐπεὶ
3114 3730 3207 3787 οὖν
3232 3734 3462 3807 σημεῖόν
3487 3734 3668 3807 ἑστινή
3702 3756 3871 3811 περι-

2199 3815 2347 3886 τομή
2399 3816 2588 3870 παθῶν
2636 3814 2895 3892 ἐκκοπῆς,
2949 3819 3002 3875 εἷ’
3042 3843 3124 3885 τις
3175 3825 3278 3879 οὐκ
3318 3825 3637 3883 ἐκκέκοπται
3666 3828 3733 3883 τὰ
3765 3831 3878 3883 πά-

2200 3903 2289 3973 θη,
2326 3900 2583 3973 δηλονότι
2617 3904 2951 3981 ἀκρόϐυστός
3002 3909 3135 3981 ἐστι,
3183 3912 3343 3970 κᾶντὸ
3377 3922 3607 3989 σημεῖον
3636 3915 3723 3972 ἐπὶ
3757 3923 3865 3974 τοῦ

2200 3991 2454 4064 σώματος
2484 3991 2641 4072 φέρῃ.
2672 3995 3002 4054 Τοῦναντίον
3051 4000 3152 4077 γάρ
3202 4004 3264 4057 οὐ
3326 4006 3490 4079 μόνον
3524 4004 3679 4062 οὐδὲν
3710 4006 3869 4086 ὠφε-

2202 4078 2381 4135 λεῖται
2413 4082 2590 4153 οὗτος,
2610 4083 2757 4139 ἀλλὰ
2778 4089 2866 4141 καὶ
2892 4086 3057 4144 πλέον
3087 4089 3409 4167 βλάπτεται,
3444 4078 3785 4170 ψευδόμενός
3800 4118 3869 4154 τε

2197 4169 2333 4223 κατὰ
2360 4177 2460 4240 τῆς
2493 4171 2734 4240 ἀληθοῦς
2766 4185 3094 4253 περιτομῆς,
3133 4183 3199 4249 ἧς
3249 4183 3317 4252 ἧν
3348 4169 3630 4257 σύμϐολον
3653 4188 3688 4256 ἡ
3718 4187 3872 4244 κατὰ

2198 4257 2388 4334 σάρκα,
2443 4263 2531 4316 καὶ
2589 4262 2757 4334 αὐτὴν
2810 4267 3012 4339 ταύτην
3072 4265 3384 4346 ἐνυϐρίζων,
3431 4275 3521 4329 καὶ
3569 4274 3861 4352 ἄχρηστον

2194 4352 2388 4419 ποιῶν,
2422 4351 2512 4405 καὶ
2565 4351 2736 4425 μηδὲν
2789 4357 3178 4430 σημαίνουσαν,
3211 4363 3286 4416 ὧν
3319 4359 3481 4434 ἐδόθη
3516 4370 3745 4439 σημεῖον
3784 4367 3861 4421 εῖ-

2191 4458 2295 4495 ναι.
2330 4438 2396 4495 E7:
2424 4437 2482 4494 δὲ
2510 4462 2592 4504 τις
2623 4442 2944 4502 ἐκκέκοπται
2974 4448 3041 4503 τὰ
3073 4448 3242 4521 πάθη,
3265 4450 3361 4508 κᾶν
3392 4454 3454 4509 τὸ
3486 4460 3713 4529 σημεῖον
3750 4456 3864 4513 οὐκ

2110 4566 2158 4631 D
2189 4525 2549 4586 ἐντετύπωται
2608 4536 2677 4607 τῇ
2754 4536 2933 4609 σαρκὶ,
3013 4537 3170 4594 οὐδὲν
3237 4543 3399 4611 ἦττον
3456 4545 3865 4619 περιτέτμηται

2190 4619 2589 4711 τὴννᾶληθινήν
2650 4629 2983 4701 περιτομὴν,
3046 4630 3091 4686 εἰ
3155 4634 3231 4705 μὴ
3293 4635 3382 4689 καὶ
3444 4634 3685 4710 μᾶλλον,
3736 4639 3862 4711 ὅσῳ

2190 4706 2333 4781 μηδὲ
2365 4706 2576 4782 δεηθεὶς
2634 4721 2738 4783 τῆς
2795 4717 3079 4789 αἰσθητῆς,
3129 4722 3247 4789 ἣτις
3294 4706 3456 4799 χάριν
3492 4706 3862 4802 παρελαμϐάλ

2183 4801 2565 4891 νετο-μνήμης
2616 4802 2707 4857 καὶ
2762 4802 3070 4879 συμϐόλου.
3105 4831 3136 4865 ι(
3179 4807 3540 4887 Ἀκροϐυστία
3569 4801 3780 4891 γέγονε.
3814 4841 3850 4870 ››

2183 4918 2252 4974 _—-
2311 4888 2467 4960 [ΤΟΥ
2504 4893 2754 4965 ΑΥΤΟΥ]
2830 4892 3092 4954 Τουτὲστι
3162 4897 3484 4974 βδελυκτὸν,
3556 4888 3692 4959 κατὰ
3747 4906 3851 4962 τὸν

2182 4972 2398 5031 ἐκείνων
2430 4982 2577 5038 νοῦν.
2615 4978 2922 5038 Βδελυκτὸν
2965 4987 3067 5062 γὰρ
3119 4972 3316 5045 ἐκεῖνοι
3363 4991 3457 5047 τὸν
3504 4988 3849 5070 ἀκρόόυστον

2179 5061 2429 5142 ἔγοῦντο.
2482 5068 2603 5125 Ἐὰν
2648 5071 2765 5142 οὖν,
2816 5075 3072 5152 φησὶν,οὖ
3121 5076 3402 5156 φυλάττῃς
3430 5061 3861 5162 οὐδε-πράττῃς

2177 5155 2245 5249 τά
2298 5159 2396 5210 τοῦ
2444 5157 2650 5249 νόμου,
2685 5162 2718 5230 ἡ
2761 5168 3037 5239 περιτομή
3099 5173 3216 5241 σοῦ,
3274 5170 3406 5246 ὅπερ
3440 5173 3505 5241 ἦν
3539 5172 3860 5249 θεάρεστον,

2175 5241 2698 5336 γέγονελβόεΛυκτὸν
2746 5251 2837 5305 καὶ
2889 5249 3231 5327 ἀπόϐλητον.
3284 5241 3409 5316 Ἐάν
3457 5258 3515 5316 δὲ
3545 5262 3573 5316 ὁ
3604 5241 3860 5336 ὅίκρόϐυζ

2177 5352 2303 5394 στος
2339 5334 2406 5388 τὰ
2463 5332 2810 5411 δικαιώματα
2859 5341 3105 5420 φυλάττῃ
3159 5351 3257 5402 τοῦ
3314 5348 3514 5423 νόμου,
3549 5352 3579 5421 ἡ
3611 5332 3863 5427 ἀκροϐυ-

2172 5421 2293 5513 στία
2347 5422 2539 5513 άύτοῦ,
2593 5424 2725 5503 ὅπερ
2781 5429 2846 5499 ἦν
2903 5429 3225 5507 βδελυκτὸν,
3275 5421 3561 5513 θεάρεστον
3606 5421 3697 5496 καί
3729 5444 3859 5501 θεο-

2173 5511 2331 5590 φιλὲς
2356 5510 2737 5588 λογισθήσεται
2768 5517 2917 5595 αὐτῷ
2945 5527 3026 5597 τῷ
3055 5526 3326 5604 νομοθέτῃ
3357 5510 3449 5586 καὶ
3480 5537 3856 5613 Δημιουργῷ.
