4114 6388
299 425 419 486 365

1413 420 1809 486 GOMMENT.
1859 418 1941 478 IN
1986 417 2241 485 EPIST.
2289 428 2392 489 AD
2439 434 2631 493 ΗΘΜ.

3617 449 3737 510 366

296 558 404 620 Καὶ
462 564 725 616 τοσοῦτον
786 560 1075 635 θεάρεστον
1149 562 1237 617 καὶ
1313 558 1630 631 ἀποδεκτὸν,
1692 559 1814 615 ὅσον
1871 557 1957 614 καὶ

2082 572 2141 622 et
2157 567 2439 625 dilectum
2472 572 2585 644 ipsi
2606 572 2867 631 Creatori
2891 593 2958 634 ac
2989 578 3313 652 legislatori
3338 585 3735 655 reputabitur,

294 653 355 708 σὲ
416 647 487 705 δι’
542 648 711 705 αὐτοῦ
770 646 1094 726 ἐλέγχεσθαι
1150 650 1239 707 καὶ
1296 652 1729 727 κατακρίνεσθαι.
1764 648 1963 705 Σκόπει

293 738 353 796 δὲ
382 745 503 801 πῶς
535 743 719 818 σοιρῶς
750 738 840 795 καὶ
875 737 1116 815 δριμέως
1148 743 1337 821 φησὶν,
1379 764 1407 794 «
1442 742 1565 799 Ἐὰν
1601 742 1693 797 οὖν
1795 739 1962 821 ἆκροξ

293 826 493 885 ϐυστία
548 829 616 885 τὰ
673 826 1021 903 δικαιώματα
1075 820 1173 885 τοῦ
1230 831 1410 905 νόμου
1470 831 1747 909 φυλάσσῃ,
1801 854 1830 883 ››
1872 820 1965 885 καὶ

295 918 400 975 οὐκ
457 919 603 974 εἷπε·
665 918 792 975 Ἐὰν
847 919 940 975 τὸν
993 918 1159 993 νόμον
1216 917 1488 999 φυλάσσῃ.
1546 922 1659 977 Ἵνα
1717 919 1821 997 γὰρ
1885 920 1962 993 μὴ

289 1006 423 1084 εἴπῃ
463 1008 493 1063 ὁ
523 1003 817 1070 Ἰουδαῖος·
879 1008 979 1064 Καὶ
1040 1014 1159 1071 πῶς
1205 1007 1285 1064 ἔνι
1340 1009 1433 1064 τὸν
1491 1003 1828 1083 ἀκρόϐυστον
1862 1029 1965 1086 φυ-

290 1096 518 1153 λάττειν
580 1098 672 1153 τὸν
730 1097 928 1171 νόμον,
985 1098 1135 1170 αὖτῷ
1192 1097 1372 1171 τούτῳ
1432 1094 1843 1173 παραϐαίνοντα
1870 1098 1963 1153 τὸν

282 1190 488 1262 νόμον,
521 1192 605 1261 τῷ
634 1182 970 1261 ἆκρόϐυστον
1002 1187 1138 1244 εἶναι
1165 1208 1180 1258 ;
1206 1186 1295 1243 'lva
1337 1189 1430 1244 οῦν
1489 1187 1621 1262 μηδ’
1676 1189 1727 1243 ἐν
1782 1187 1961 1261 τούτῳ

282 1274 367 1349 δῷ
397 1276 592 1339 αὐτοῖς
625 1271 824 1347 λαϐὴν,
885 1277 995 1354 οὔχ
1048 1277 1225 1341 οὕτως
1278 1277 1467 1358 φησὶν,
1501 1276 1668 1346 ἄλλα,
1703 1302 1732 1331 ‹‹
1761 1279 1843 1335 Τὰ
1874 1274 1960 1332 δι-

277 1369 589 1442 καιώματα
643 1372 741 1423 τοῦ
790 1368 987 1442 νόμου.
1020 1392 1048 1421 ››
1080 1370 1182 1426 Καὶ
1241 1369 1330 1424 ἐπὶ
1384 1370 1477 1443 μὲν
1509 1368 1685 1424 αὐτῶν
1717 1366 1959 1438 ἐκείνων,

278 1458 375 1515 τὸν
408 1460 588 1532 νόμον
621 1459 813 1538 φησὶν,
872 1458 960 1513 ἰπὶ
1020 1455 1079 1514 δὲ
1131 1464 1242 1515 τῶν
1296 1453 1674 1533 ἀκροϐυστων,
1705 1483 1732 1510 ‹‹
1774 1461 1840 1512 τὰ
1866 1454 1958 1512 δι-

276 1550 585 1621 καιώματα
613 1552 715 1602 τοῦ
746 1547 946 1620 νόμου.
984 1571 1012 1599 ››
1038 1548 1118 1605 Οὐ
1150 1549 1343 1619 πάντα,
1372 1548 1529 1627 φησὶ,
1562 1549 1655 1604 τὸν
1682 1549 1850 1622 νόμον
1884 1546 1958 1602 εἴ·

283 1636 600 1705 πον,ἀλλᾶ
657 1636 723 1691 τά
782 1634 1099 1692 δικαιοῦντα
1161 1634 1345 1711 μόνον,
1404 1640 1518 1713 ἅμα
1562 1641 1744 1717 σοφῶς
1780 1638 1959 1711 ὑπεμ-

298 1726 637 1805 ςιαίνων,ὃτι
700 1724 764 1780 οὗ
819 1726 992 1782 πάντα
1050 1725 1117 1782 τά
1172 1725 1225 1781 ἐν
1295 1731 1374 1799 τῷ
1428 1727 1583 1800 νόμῳ
1613 1727 1748 1797 ἦσαν
1782 1724 1960 1782 δικαι-

302 1819 490 1874 οῦντα.
542 1811 718 1870 Ἀλλᾶ
774 1813 844 1869 τὰ
927 1815 1022 1888 μὲν
1099 1812 1448 1891 δικαιώματα
1507 1816 1645 1886 ἦσαν
1701 1816 1790 1871 καὶ
1845 1814 1954 1871 ἐδι-

2078 656 2346 747 adeoque
2368 661 2487 717 Deo
2513 668 2746 736 gratum
2779 670 2837 721 et
2867 674 3197 740 acceptum,
3230 676 3297 726 ut
3326 672 3505 729 etiam
3540 677 3595 729 te
3627 690 3737 747 per

2075 746 2273 818 ipsum
2296 758 2536 808 accuset
2556 770 2624 810 ac
2644 756 3024 815 condemnet.
3061 760 3384 818 Considera
3396 780 3532 836 ergo
3552 746 3732 837 quam

2075 839 2381 911 sapienter
2409 844 2744 917 acriterque
2776 846 2971 904 dicat:
3003 872 3031 899 «
3066 850 3120 905 Si
3151 852 3329 925 igitur
3375 855 3732 926 praeputium

2068 927 2532 999 justiﬁcationes
2552 936 2700 1008 legis
2723 940 3070 1006 servaverit;
3109 964 3129 989 ι
3165 959 3285 997 non
3307 949 3506 999 autem
3537 945 3727 1001 dixit:

2076 1017 2131 1073 Si
2164 1019 2355 1091 legem
2389 1025 2727 1081 servaverit.
2762 1028 3067 1101 Siquidem
3116 1048 3191 1086 ne
3239 1032 3399 1088 dicat
3442 1034 3681 1090 Iudaeus
3715 1051 3729 1090 :

2073 1107 2143 1162 Et
2172 1113 2470 1180 quomodo
2513 1115 2641 1171 ﬁeri
2691 1123 2906 1188 potest,
2969 1125 3036 1175 ut
3091 1123 3485 1193 prasputiatus
3543 1129 3736 1180 servet

2071 1196 2260 1271 legem
2293 1203 2393 1273 qui
2428 1203 2538 1260 hoc
2572 1205 2702 1277 ipso
2754 1207 2901 1280 legis
2963 1214 3368 1283 transgressor
3423 1217 3515 1268 est
3569 1212 3732 1284 quod

2068 1289 2460 1362 praeputiatus
2487 1294 2627 1350 est?
2655 1298 2735 1351 Ne
2776 1314 2912 1371 ergo
2975 1299 3038 1355 in
3094 1299 3205 1355 hoc
3256 1301 3348 1356 vel
3396 1318 3606 1358 ansam
3638 1303 3725 1359 eis

2067 1378 2352 1449 praabeat,
2386 1398 2506 1439 non
2540 1384 2623 1440 ita
2651 1384 2815 1453 dicit,
2840 1388 2944 1443 sed
2969 1410 2996 1437 ‹‹
3022 1390 3488 1446 Justillcationes
3505 1390 3670 1464 legis.
3700 1413 3729 1442 »

2068 1468 2139 1522 Et
2166 1468 2239 1525 de
2269 1470 2416 1542 ipsis
2446 1474 2689 1545 quidem
2720 1476 2938 1531 Iudaeis
2969 1477 3161 1550 legem
3183 1479 3350 1547 dicit,
3385 1480 3458 1535 de
3484 1497 3729 1552 praepu-

2068 1557 2229 1614 tiatis
2259 1577 2395 1617 vero
2424 1579 2438 1617 :
2472 1586 2499 1613 ‹‹
2541 1565 3010 1623 Justiﬁcationes
3041 1568 3208 1642 legis.
3244 1591 3273 1620 »
3306 1571 3434 1625 Non
3465 1586 3726 1638 omnem,

2067 1647 2283 1721 inquit,
2317 1651 2506 1725 legem
2539 1654 2681 1727 dixi,
2715 1655 2819 1712 sed
2850 1674 2919 1713 ea
2949 1663 3179 1714 tantum
3214 1677 3345 1731 qum
3369 1661 3725 1732 justiﬂcant.

2068 1737 2377 1810 Sapienter
2395 1741 2600 1799 itidem
2618 1744 3025 1817 subindicans,
3054 1748 3213 1821 quod
3237 1766 3357 1806 non
3372 1751 3575 1806 omnia
3595 1767 3727 1823 qum

2066 1825 2127 1881 in
2161 1827 2289 1901 lege
2317 1836 2488 1887 erant
2510 1833 2966 1905 justiﬁcabant:
3000 1837 3103 1892 sed
3144 1838 3423 1910 quasdam
3457 1855 3600 1895 sane
3625 1839 3728 1912 ju-

306 1903 522 1971 καίουν,
554 1904 643 1958 ὅσα
692 1903 988 1982 συνεφώνει
1046 1908 1115 1979 τῇ
1169 1904 1382 1980 χάριτι,
1439 1905 1507 1960 τὰ
1563 1903 1641 1978 δὶ,
1670 1902 1823 1961 ἓνεκα
1855 1905 1956 1978 μό-

2070 1916 2455 1977 stificationes
2470 1902 2657 1990 erant,
2660 1923 2979 1998 justosque
2996 1902 3728 2000 reddebant,qumcunque

302 2014 403 2063 νῃς
429 1999 526 2063 τῆς
554 1991 772 2049 ἐκείνων
805 1993 1074 2057 ἀσθενείας
1106 1994 1241 2064 ἦσαν
1272 1990 1557 2068 δεδομένα.
1587 2028 1660 2038 --
1703 1992 1953 2057 ”Αλλως·

296 2082 392 2143 Εἷς
444 2083 652 2153 νοητὴν
706 2076 1094 2157 ἀκροϐυστίαν,
1146 2082 1303 2162 φησὶ,
1363 2083 1801 2162 μεταπεφοίτηκὲ
1859 2103 1956 2139 σου

285 2175 319 2241 ἡ
354 2172 669 2246 περιτομὴ,
701 2168 792 2227 διὰ
839 2171 898 2226 σὲ
948 2172 1040 2227 τὸν
1096 2176 1276 2228 κακῶν
1334 2173 1644 2249 χρώμενον.
1678 2173 1824 2234 Τέως
1852 2171 1954 2248 γὰρ

279 2261 344 2316 οὐ
380 2259 653 2336 βούλεται
685 2265 930 2338 φανερῶς
960 2259 1221 2335 ἀτιμάσαι
1248 2264 1348 2332 τὴν
1377 2263 1703 2340 περιτομήν.

349 2443 480 2501 Ἐὰν
543 2443 640 2498 οὖν
701 2445 737 2512 ἡ
799 2438 1130 2518 ἀκροϐυστία
1182 2444 1249 2499 τὰ
1306 2441 1654 2519 δικαιώματα
1709 2447 1809 2500 τοῦ
1865 2445 1956 2500 νό-

277 2554 387 2607 μου
456 2531 736 2610 φυλάσσῃ,
795 2531 927 2610 οὐχὶ
986 2534 1021 2601 ἡ
1079 2528 1414 2608 ἀκροϐυστία
1495 2533 1662 2590 αὐτοῦ
1729 2534 1805 2598 εἷς
1855 2553 1954 2589 πε-

277 2623 531 2698 ριτομὴν
598 2619 1033 2697 λογισθήσεταις
1093 2623 1197 2680 Καὶ
1284 2627 1464 2699 κρινεῖ
1515 2624 1549 2692 ἡ
1612 2622 1673 2678 ἐκ
1743 2620 1954 2701 φύσεως

283 2707 634 2786 ἀκροϐυστία
662 2711 755 2766 τὸν
787 2710 958 2784 νόμον
986 2710 1240 2782 τελοῦσα,
1272 2711 1330 2767 σὲ
1358 2712 1453 2768 τὸν
1507 2709 1598 2767 διὰ
1626 2713 1956 2789 γράμματος

282 2801 375 2855 καὶ
410 2806 730 2875 περιτομῆς
760 2795 1081 2875 παραϐάτην
1107 2800 1282 2874 νόμου
1310 2821 1324 2871 ;

353 2914 384 2944 ιι
446 2891 581 2947 Ἐὰν
639 2888 732 2946 οῦν
790 2893 825 2959 ἡ
879 2885 1240 2966 ἀκροϐυστία.
1299 2913 1327 2943 ››
1392 2890 1685 2949 Τουτέστιν
1746 2891 1801 2945 οἱ
1857 2895 1958 2961 τήν

286 2974 653 3054 ἀκροϐυστίαν
737 2976 953 3056 ἔχοντες
1038 2978 1260 3037 ἐθνικοί.
1346 3004 1377 3034 ‹‹
1443 2982 1878 3055 Λογισθήσεταις
1928 3003 1957 3033 ››

291 3068 410 3126 Οὔκ
434 3069 602 3139 εἶπεν,
664 3067 751 3124 ὅτι
806 3071 949 3140 Νικᾷ
993 3070 1097 3139 τὴν
1155 3071 1462 3145 περιτομὴν
1509 3070 1666 3143 (τὲως
1714 3071 1817 3145 γὰρ
1863 3068 1957 3124 ἑπ-

293 3159 466 3234 αχθές
493 3161 599 3233 ἦν).
630 3158 763 3215 ἀλλ’
794 3158 881 3215 ὅτι
911 3160 987 3222 εἰς
1023 3161 1332 3235 περιτομὴν
1366 3158 1781 3236 λογισθήσεται,
1814 3159 1961 3235 παρὰ

276 3252 360 3322 τῷ
400 3253 517 3322 Θεῷ
577 3245 862 3320 δηλόνοτι.
922 3271 951 3299 ι(
982 3250 1086 3305 Καὶ
1142 3255 1340 3323 κρινεῖ.
1373 3274 1401 3303 ››
1462 3248 1716 3305 Τουτέστι
1783 3268 1952 3304 κατα-

273 3343 476 3412 κρινεῖ’
538 3337 618 3399 ὡς
677 3336 768 3392 καὶ
825 3333 1063 3413 εἴρηται.
1125 3362 1155 3391 ‹‹
1199 3335 1430 3413 Ἀνδρες
1491 3336 1771 3395 Νινευΐται
1824 3336 1953 3392 ἀνα-

275 3430 601 3498 στήσονται,
663 3426 754 3482 καὶ
810 3431 1054 3503 κρινοῦσι
1110 3429 1210 3496 τὴν
1277 3428 1461 3504 γενεάν
1511 3429 1735 3499 ταύτην.
1799 3451 1828 3479 ››
1884 3427 1957 3482 Ἤ

272 3516 490 3592 ἐλέγξει
525 3537 608 3584 σε,
642 3516 830 3596 φησὶν,
865 3518 894 3571 ὁ
924 3518 988 3572 τὸ
1033 3521 1263 3589 σημεῖον
1319 3518 1416 3591 μὶν
1474 3518 1550 3591 μὴ
1602 3515 1771 3592 ἔχων,
1804 3517 1872 3571 τά
1901 3513 1959 3571 δὲ

277 3610 382 3661 τοῦ
415 3605 655 3679 σημείου
685 3609 1061 3680 κατορθώσας,
1095 3606 1170 3667 ὡς
1220 3607 1296 3679 μὴ
1346 3604 1787 3681 κατορθώσοντα.
1821 3605 1955 3662 Καί-

287 3715 384 3749 τοι
415 3691 566 3759 ὃέον,
595 3692 706 3749 ἐπεὶ
736 3695 828 3749 καὶ
866 3692 1110 3769 ὑπέσχου
1162 3690 1252 3749 διὰ
1307 3698 1405 3749 τοῦ
1457 3694 1711 3768 σημείου,
1744 3692 1960 3768 μᾶλλον

298 3781 525 3837 ἐκείνου
582 3782 641 3836 τὸ
689 3783 1023 3859 κατόρθωμα
1081 3779 1460 3840 ἐπιδεικνύναι.
1495 3808 1524 3836 ι(
1556 3785 1617 3841 Ἰ]
1660 3783 1719 3839 ἐκ
1748 3783 1958 3861 φύσεως

306 3863 653 3943 ἀκροϐυστία.
687 3896 713 3923 υ
772 3875 872 3930 Ἐκ
928 3872 1139 3952 φύσεως
1197 3867 1557 3948 ἀκροϐυστίαν
1606 3870 1758 3949 λέγει
1786 3874 1879 3929 τὸν
1908 3871 1960 3928 ἐν

309 3960 466 4035 σαρκὲ
498 3956 852 4034 ἄκρόϐυστον.
908 3963 1086 4022 Οὗτος
1139 3967 1429 4038 τοιγαροῦν
1479 3960 1712 4037 πληρῶν
1756 3964 1823 4019 τὰ
1850 3962 1958 4019 ἀπὸ

294 4053 395 4104 τοῦ
422 4050 618 4122 νόμου,
648 4056 965 4126 κατακρινεῖ
1021 4070 1080 4106 σε
1133 4051 1225 4106 τὸν
1275 4053 1581 4126 περιτομὴν
1614 4049 1835 4127 ἔχοντα,
1868 4052 1958 4107 καὶ

289 4141 419 4195 ὅσον
447 4142 581 4209 ἧκεν
614 4140 693 4202 εἷς
720 4141 784 4196 τὸ
822 4142 1077 4216 γράμμα,
1133 4141 1225 4195 τὸν
1279 4141 1473 4214 νόμον,
1505 4136 1624 4204 ταῖς
1651 4139 1708 4197 δὲ
1736 4142 1958 4216 πράξεσι

284 4225 700 4306 παραϐαίνοντα
753 4229 942 4286 αὐτόν.
1004 4254 1034 4283 ι(
1064 4230 1169 4289 Τὸν
1234 4230 1407 4305 νόμον
1462 4231 1712 4290 τελοῦσα.
1750 4257 1780 4284 »ι
1834 4236 1956 4290 Κατ’

285 4318 463 4374 ἐκεῖνο
496 4316 788 4390 δηλονότι,
818 4320 932 4374 καθ’
993 4316 1025 4373 ὅ
1079 4318 1146 4375 τὰ
1174 4317 1522 4394 δικαιώματα
1553 4319 1717 4376 αὐτοῦ
1748 4319 1957 4397 φυλάτε

276 4429 385 4466 τει.
422 4409 633 4464 Σκόπει
665 4406 742 4464 δὲ’
776 4414 1002 4484 Πρῶτον
1048 4410 1142 4483 μὲν
1176 4406 1523 4484 δικαιώματα
1551 4411 1731 4485 νόμου
1764 4410 1955 4482 εἰπών,

282 4500 379 4554 καὶ
411 4497 520 4553 οὐκ
546 4497 712 4554 αὐτὸν
738 4499 831 4554 τὸν
883 4498 1075 4572 νόμον,
1128 4503 1220 4554 νῦν
1271 4498 1433 4556 αὐτὸν
1461 4500 1555 4555 τὸν
1579 4501 1748 4573 νόμον
1775 4500 1860 4557 τε)
1877 4507 1955 4556 εῖν

280 4609 479 4666 φησιν,
536 4584 836 4659 ὑποδηλῶν
892 4588 977 4643 ὃτι
1034 4589 1206 4644 ταῦτά
1258 4589 1372 4645 ἐστι
1403 4589 1609 4665 κυρίως
1665 4590 1857 4665 νόμος.
1888 4591 1950 4647 ἹΙ

281 4653 658 4753 ἐξυπεριτομή
689 4653 782 4733 καὶ
821 4680 893 4733 τὰ
940 4681 1188 4748 τοιαῦτα,
1222 4675 1349 4734 οὐδὲ
1379 4653 1783 4753 κυρίωςνόμος.
1881 4680 1951 4734 Σὲ
1985 4653 2030 4719 D

282 4772 376 4822 τὸν
412 4765 509 4822 διὰ
538 4769 869 4842 γράμματος
924 4765 1016 4823 καί
1072 4775 1400 4843 περιτομῆς.
1435 4792 1464 4821 ››
1522 4770 1621 4825 Διὰ
1647 4769 1748 4846 γὰρ
1777 4771 1951 4845 νόμου

280 4859 535 4932 γραπτοῦ
594 4856 687 4911 καὶ
741 4860 1049 4934 περιτομῆς
1112 4858 1439 4933 προαχθεὶς,
1497 4856 1681 4935 ἐγένου
1739 4859 1951 4916 πάντων

285 4942 643 5024 παραϐάτης.

361 5220 438 5277 Οῦ
491 5223 601 5299 γάρ
666 5220 695 5275 ὁ
752 5219 804 5276 ἐν
863 5224 946 5294 τῷ
1002 5224 1237 5301 φανερῷ,
1298 5219 1564 5285 Ἰουδαῖός
1623 5220 1790 5279 ἐστιν’
1833 5221 1960 5279 οὐδὲ

294 5310 329 5377 ἡ
387 5309 438 5365 ἓν
486 5310 573 5385 τῷ
632 5314 876 5389 φανερῶ,
936 5308 990 5365 ἐν
1047 5311 1229 5386 σαρκὶ,
1285 5313 1583 5387 ’περιτομή⁸
1644 5310 1772 5368 ἀλλ’
1824 5314 1852 5368 ὁ
1903 5312 1954 5369 ἐν

287 5403 367 5472 τῷ
426 5405 663 5477 κρυπτῷ
720 5396 1009 5468 Ἰουδαῖος,
1092 5400 1183 5454 καὶ
1265 5401 1542 5476 περιτομή
1599 5399 1849 5476 καρδίας,
1906 5401 1959 5459 ἐν

284 5490 574 5564 πνευματι,
635 5489 699 5545 οὗ
755 5490 1069 5565 γράμματι·
1131 5488 1194 5543 οὗ
1251 5490 1280 5543 ὁ
1334 5486 1556 5553 ἔπαινος
1614 5491 1713 5547 οὐκ
1753 5491 1806 5563 ἐξ
1865 5494 1955 5548 ἆν-

283 5580 541 5657 Θρώπων,
577 5579 710 5636 ἀλλ’
739 5576 803 5635 ἔκ
828 5581 932 5634 τοῦ
962 5583 1117 5634 Θεοῦ.

349 5772 375 5808 ⁸
401 5775 543 5834 Luc.
576 5792 661 5849 xi,
693 5776 787 5830 32.

2062 2008 2339 2066 videlicet
2354 2014 2557 2084 gratias
2575 2015 2907 2073 conformia
2923 2023 3122 2085 erant;
3147 2018 3265 2074 alia
3284 2035 3422 2074 vero
3443 2019 3519 2075 ob
3538 2020 3725 2076 solius

2063 2095 2307 2154 illorum
2339 2100 2771 2159 imbecillitatis
2803 2122 3044 2161 causam
3093 2106 3232 2161 data
3284 2112 3471 2163 erant.
3520 2107 3716 2163 Aliter.

2062 2184 3066 2266 Adintellectuale,ait,praeputium
3090 2199 3485 2251 transmutata
3514 2201 3603 2251 est
3620 2200 3721 2252 tua

2067 2274 2464 2351 circumcisio,
2489 2297 2558 2336 eo
2573 2281 2731 2354 quod
2748 2288 2807 2338 tu
2829 2284 2985 2339 male
2998 2284 3185 2340 utaris
3204 2301 3217 2339 :
3242 2285 3455 2340 nolens
3475 2284 3718 2341 interim

2065 2366 2583 2426 circumcisionem
2616 2372 2932 2429 manifeste
2962 2374 3320 2446 vituperare.

2134 2457 2203 2525 II,
2236 2460 2327 2521 26,
2362 2462 2454 2515 27.
2485 2461 2547 2516 Si
2575 2463 2754 2531 igitur
2769 2466 3112 2534 praeputium
3144 2463 3278 2534 legis
3292 2466 3718 2535 justi/icationes

2062 2549 2387 2616 servaverit,
2419 2566 2492 2604 an
2523 2566 2637 2605 non
2669 2551 2837 2621 hujus
2857 2556 3200 2624 prwputium
3229 2555 3290 2607 in
3343 2554 3719 2609 circumcisio-

2063 2651 2187 2691 nem
2211 2639 2567 2707 reputabitur
2588 2643 2616 2695 ?
2643 2643 2717 2696 Et
2738 2641 3021 2711 judicabit
3045 2642 3107 2697 id
3137 2642 3287 2712 quod
3315 2658 3387 2697 ea:
3411 2648 3617 2698 natura
3644 2648 3722 2698 est

2056 2729 2401 2797 praeputium
2433 2729 2604 2800 legem
2629 2732 2919 2801 perﬁciens
2950 2736 3003 2785 te
3062 2731 3196 2800 legis
3245 2736 3716 2801 transgressorem,

2063 2818 2162 2886 qui
2191 2834 2263 2871 ea:
2293 2818 2477 2874 littera
2509 2835 2563 2875 es
2594 2827 2649 2875 et
2679 2822 3106 2878 circumcisione.

2138 2930 2167 2957 ‹‹
2199 2910 2256 2965 Si
2288 2911 2468 2984 igitur
2493 2914 2871 2985 praeputium,
2908 2937 2929 2965 ι
2966 2914 3079 2969 hoc
3111 2918 3201 2969 est
3232 2915 3454 2969 ethnici
3485 2928 3720 2985 praepu-

2065 2997 2212 3053 tium
2246 2999 2535 3056 habentes
2568 3003 2688 3057 sive
2716 3002 2990 3074 gentiles.
3027 3024 3055 3053 ιι
3088 3002 3522 3075 Reputabitur?
3543 3023 3572 3053 »
3596 3004 3724 3057 Non

2063 3084 2253 3141 dixit:
2286 3089 2539 3161 Superat
2568 3090 3089 3147 circumcisionem
3134 3092 3348 3162 (adhuc
3392 3092 3555 3147 enim
3608 3091 3720 3147 hoc

2062 3192 2234 3248 grave
2266 3176 2521 3246 fuisset),
2555 3180 2658 3235 sed
2689 3179 2847 3250 quod
2879 3181 2941 3234 in
2991 3181 3508 3237 circumcisionem
3539 3195 3720 3251 repu-

1984 3296 2028 3363 C
2070 3264 2311 3335 tabitur,
2346 3283 2561 3339 nempe
2593 3268 2751 3340 apud
2789 3269 2998 3326 Deum.
3036 3293 3063 3321 κ
3096 3270 3168 3325 Et
3190 3269 3507 3342 judicabit.
3543 3288 3569 3319 ν
3603 3269 3725 3325 Hoc

2069 3362 2158 3411 est
2188 3357 2612 3415 condemnabit
2644 3376 2657 3413 :
2690 3360 2845 3416 280
2878 3360 3032 3416 sicut
3080 3361 3260 3416 etiam
3308 3360 3533 3417 dictum
3592 3364 3721 3415 est:

2070 3442 2233 3499 «Viri
2259 3445 2528 3501 Ninivitre
2553 3451 2798 3520 surgent
2818 3448 2880 3503 in
2906 3448 3136 3521 judicio
3156 3454 3215 3504 et
3234 3446 3726 3505 condemnabunt

2066 3534 2512 3605 generationem
2542 3535 2697 3592 hanc
2725 3536 2767 3592 ³.
2802 3559 2831 3586 »
2864 3537 2968 3593 Vel
2999 3543 3228 3611 arguet,
3287 3538 3503 3609 inquit,
3536 3537 3587 3592 is
3617 3536 3720 3608 qui

2068 3622 2303 3694 signum
2335 3624 2485 3680 illud
2516 3642 2638 3681 non
2671 3626 2919 3696 habens,
2954 3644 3024 3684 ea
3052 3644 3185 3698 qua
3202 3634 3358 3683 nota:
3384 3627 3548 3684 illius
3562 3632 3723 3695 sunt,

2068 3713 2299 3785 egregie
2328 3715 2693 3785 praestiterit,
2729 3732 2866 3771 eum
2900 3716 3195 3786 videlicet,
3227 3717 3330 3789 qui
3355 3733 3478 3772 non
3493 3716 3727 3788 praesti-

2067 3801 2156 3855 tit.
2191 3802 2370 3873 Atqui
2402 3804 2685 3875 oportuit,
2744 3820 2879 3860 cum
2937 3820 3045 3877 per
3102 3806 3255 3878 signi
3308 3806 3721 3877 acceptionem

2065 3891 2467 3963 promisisses,
2527 3894 2943 3965 praestantiora
2991 3911 3171 3967 quam
3219 3894 3391 3949 illum
3441 3893 3721 3950 exhibere

2066 3997 2267 4053 Opera.
2300 4003 2328 4032 «
2362 3982 2424 4036 Id
2455 3982 2616 4054 quod
2647 3999 2717 4039 ex
2747 3989 2962 4040 natura
3008 3990 3099 4039 est
3144 3984 3526 4057 praeputium.
3572 4006 3594 4034 ι
3637 3985 3722 4041 Ex

2066 4077 2280 4127 natura
2300 4072 2658 4144 praeputium
2679 4079 2848 4129 vocat
2868 4090 3025 4140 eum,
3061 4075 3162 4146 qui
3184 4075 3244 4129 in
3273 4090 3452 4130 carne
3483 4090 3722 4146 prtepu-

2066 4162 2246 4217 tiatus
2279 4166 2389 4217 est.
2424 4163 2527 4217 Hic
2559 4179 2696 4236 ergo
2729 4164 3038 4237 complens
3069 4182 3139 4221 ea
3165 4182 3298 4236 quae
3356 4164 3504 4238 legis
3558 4169 3719 4236 sunt,

2066 4251 2492 4307 condemnabit
2523 4258 2577 4309 te
2610 4253 2711 4325 qui
2737 4254 3253 4311 circumcisionem
3284 4254 3490 4324 habes,
3513 4254 3634 4309 imo
3664 4259 3723 4309 et

2066 4339 2258 4413 legem
2290 4342 2449 4413 quod
2480 4342 2743 4400 litteram
2775 4350 3021 4416 spectat,
3056 4349 3320 4401 attamen
3352 4344 3542 4417 legem
3572 4360 3718 4415 Ope-

2064 4430 2232 4486 ribus
2264 4432 2715 4505 transgrederis.
2772 4455 2800 4484 ‹‹
2844 4435 3053 4507 Legem
3115 4435 3453 4507 perﬁciens.
3483 4456 3511 4484 »
3564 4434 3722 4499 Quo—

2065 4520 2140 4575 ad
2165 4520 2278 4577 hoc
2309 4521 2587 4577 videlicet
2616 4522 2775 4594 quod
2802 4522 2951 4595 legis
2998 4530 3192 4580 servat
3228 4523 3715 4597 justiﬁcationes.

2064 4610 2390 4667 Considera
2406 4629 2544 4667 vero
2571 4613 2729 4684 quod
2750 4629 2886 4669 cum
2903 4614 3070 4685 prius
3093 4614 3241 4687 legis
3253 4613 3719 4686 justiﬁcationes

2062 4697 2311 4755 dixisset
2340 4707 2398 4756 et
2428 4718 2550 4757 non
2582 4702 2775 4775 legem
2828 4703 3021 4774 ipsam
3070 4704 3155 4759 ait
3197 4719 3335 4758 eum
3384 4703 3674 4774 perlicere
3705 4719 3719 4757 :

2063 4787 2473 4857 subindicans,
2507 4790 2666 4862 quod
2696 4791 2823 4846 haec
2851 4792 3092 4862 proprie
3119 4792 3239 4847 sint
3290 4791 3406 4862 lex,
3462 4792 3723 4847 circum-

2066 4880 2213 4936 cisio
2243 4898 2378 4937 vero
2410 4882 2647 4954 aliaque
2680 4882 3048 4955 hujusmodi,
3080 4882 3426 4956 improprie.
3460 4904 3488 4933 ‹‹
3511 4884 3620 4949 Qui
3651 4900 3724 4941 ex

2066 4969 2267 5027 littera
2291 4988 2354 5027 es
2384 4976 2445 5027 et
2482 4972 2960 5028 circumcisione.
2994 4994 3024 5023 ››
3083 4975 3229 5029 Nam
3275 4990 3383 5047 per
3438 4974 3724 5046 scriptam

2068 5059 2260 5135 legem
2291 5078 2359 5118 ac
2386 5061 2905 5118 circumcisionem
2936 5067 3195 5132 evectus,
3230 5063 3500 5120 omnium
3529 5069 3725 5121 trans-

2067 5166 2306 5223 gressor
2334 5151 2525 5208 factus
2554 5168 2636 5207 es.

2138 5241 2210 5309 II,
2239 5243 2330 5309 28,
2364 5245 2452 5298 29.
2480 5246 2603 5299 Non
2624 5243 2773 5297 enim
2796 5244 2843 5299 is
2866 5259 2990 5298 vere
3008 5244 3233 5299 Iudaeus
3262 5249 3362 5311 est,
3394 5244 3496 5315 qui
3523 5246 3584 5300 in
3604 5261 3728 5301 ma-

2067 5332 2269 5400 nifesto
2294 5332 2519 5387 Iudaeus
2548 5339 2625 5389 est
2646 5349 2665 5387 :
2693 5350 2793 5389 nec
2823 5350 2889 5388 ea
2916 5350 3041 5389 vere
3069 5341 3148 5389 est
3176 5336 3543 5405 circumcisio,
3603 5350 3725 5407 qua

2067 5438 2130 5476 ιη
2158 5425 2453 5493 manifesto
2484 5427 2543 5479 in
2600 5441 2763 5480 carne
2811 5431 2891 5480 est
2936 5426 3282 5482 circumcisio
3308 5444 3328 5483 :
3374 5427 3470 5483 sed
3517 5429 3622 5499 qui
3664 5429 3725 5483 in

2070 5511 2286 5567 occulto
2312 5512 2537 5569 Iudaeus
2566 5520 2665 5583 est,
2695 5515 2741 5569 is
2772 5531 2896 5570 vere
2922 5515 3150 5573 Judazus
3194 5521 3271 5569 est
3293 5533 3311 5570 :
3343 5522 3393 5571 et
3441 5518 3727 5573 circumci-

2065 5604 2148 5659 sio
2178 5602 2357 5658 cordis
2384 5604 2443 5657 in
2470 5605 2694 5674 spiritu,
2726 5620 2838 5659 non
2869 5604 3079 5669 littera,
3109 5621 3175 5659 ea
3202 5620 3333 5659 uera
3385 5606 3726 5663 circumcisio

2067 5696 2167 5761 est,
2210 5691 2368 5760 cujus
2400 5692 2519 5749 laus
2547 5709 2659 5749 non
2696 5709 2767 5750 ea:
2797 5694 3109 5751 hominibus
3137 5699 3238 5762 est,
3268 5692 3366 5747 sed
3393 5709 3466 5749 ea:
3489 5695 3615 5750 Deo.
