4114 6426
436 426 554 485 367

1521 407 1939 471 (ECUMENII
1985 409 2289 471 TRIOCA!
2333 408 2709 473 EPISCOPI.

3666 444 3671 449 -
3739 412 3859 475 368

505 554 797 627 Deinceps
830 552 1042 607 deﬁnit
1060 548 1193 622 quis
1216 562 1348 603 vere
1371 544 1609 601 Judaeus
1633 545 1708 600 sit
1731 550 1790 599 et
1811 544 1942 615 quis
1955 559 2077 598 vere

2273 543 2476 598 Λοιπὸν
2508 542 2676 619 ὁρίζει
2726 540 2808 603 τίς
2841 541 2868 597 ὀ
2898 538 3069 605 ὄντως
3104 538 3390 613 Ἰουδαῖος,
3442 543 3534 598 καὶ
3582 541 3663 607 τίς
3692 543 3721 599 6
3765 541 3823 601 ὅν
3845 578 3871 591 -

430 645 841 720 prmputiatus.
877 644 945 698 Et
964 641 1198 698 ridetur
1229 655 1349 695 non
1380 635 1643 709 abjicere
1664 635 1955 700 Judaeum,
1982 633 2087 689 sed

427 742 931 809 txansgressorem
958 750 971 788 :
1007 731 1335 805 plurimum
1362 733 1562 785 tamen
1594 727 1730 782 illos
1780 726 2085 798 deprimit,

428 826 773 900 signiﬁcans
803 843 904 882 eos
952 824 1146 881 facere
1206 821 1410 878 omnia
1468 818 1544 875 ad
1596 817 2083 874 ostentationem.

437 938 465 972 ι
490 918 629 984 Quas
652 918 715 973 in
732 915 1047 973 manifesto
1066 913 1127 970 in
1149 928 1326 969 carne
1348 914 1438 966 est
1459 908 1854 975 circumcisio,
1892 930 1919 956 »
1942 908 2087 962 Cum

430 1006 546 1063 hoc
575 1006 745 1077 dixit,
794 1006 998 1063 omnia
1025 1001 1358 1076 corporalia
1403 999 1638 1071 abjecit.
1698 1018 1723 1049 ι
1756 998 1823 1052 In
1854 996 2085 1053 occulto

430 1096 690 1154 Iudaeus.
719 1117 740 1147 ι
760 1097 902 1151 Puta
920 1091 1363 1149 intellectualis.
1385 1112 1413 1140 ‹‹
1428 1087 1813 1144 Circumcisio
1830 1086 2085 1142 cordis.»

433 1186 607 1244 Nulla
640 1187 797 1242 enim
829 1183 1154 1241 necessitas
1187 1187 1295 1247 est,
1328 1179 1544 1252 inquit,
1593 1177 1789 1233 carnis
1815 1192 2084 1232 resecare

431 1276 811 1350 prmputium,
838 1274 941 1331 sed
972 1290 1074 1329 cor
1102 1272 1299 1345 ipsum
1331 1287 1365 1327 a
1394 1268 1588 1342 pravis
1615 1264 2081 1340 operationibus.

431 1368 647 1424 Dicens
678 1371 916 1422 autem:
953 1367 1018 1420 ln
1076 1361 1311 1435 spiritu,
1360 1360 1517 1416 viam
1572 1363 1867 1431 praeparat
1922 1356 2081 1412 fidei.

428 1458 573 1513 Nam
606 1455 814 1511 fideles
837 1472 945 1528 per
974 1453 1258 1526 Spiritum
1274 1455 1549 1507 sanctum
1566 1446 2084 1504 circumcisionem

428 1546 652 1603 habent
680 1552 1061 1619 peccatorum
1095 1561 1107 1598 :
1142 1543 1242 1615 qui
1269 1541 1468 1610 corde,
1500 1540 1603 1610 ait,
1635 1544 1937 1595 resecatus
1995 1540 2086 1591 est

427 1636 591 1693 omni
648 1635 1013 1709 impuritate.
1072 1633 1177 1688 Hic
1229 1632 1392 1687 enim
1447 1647 1621 1686 verus
1682 1633 1773 1684 est
1821 1626 2081 1693 Judmus,

427 1726 529 1798 qui
558 1725 751 1797 legem
782 1723 1044 1796 complet
1082 1738 1149 1778 ac
1181 1725 1392 1776 servat.
1427 1741 1455 1771 ι(
1488 1718 1669 1791 Cujus
1699 1717 1829 1772 laus
1859 1732 1981 1772 non
2013 1731 2083 1771 ex

428 1814 777 1872 hominibus
808 1819 918 1882 est,
954 1810 1058 1869 sed
1090 1828 1159 1867 ex
1197 1814 1332 1867 Deo.
1369 1830 1398 1860 ››
1429 1809 1572 1866 2³1
1621 1806 1879 1864 Occultis
1908 1822 2080 1862 nam-

430 1922 545 1978 que
576 1903 1049 1961 circumcisionis
1080 1906 1138 1957 et
1169 1918 1301 1973 qua;
1330 1899 1392 1955 in
1424 1898 1601 1955 corde
1632 1902 1743 1966 est,
1760 1912 1881 1953 non
1904 1896 2081 1951 homo

426 1995 703 2052 laudator
731 1999 840 2064 est,
898 1992 1002 2049 sed
1056 1992 1158 2064 qui
1218 1990 1399 2047 corda
1455 1992 1753 2046 scrutatur
1800 1992 1858 2043 et
1906 2002 2080 2042 renes

426 2086 603 2142 Deus.

1086 2222 1323 2279 CAPUT
1359 2222 1425 2279 ν.

423 2337 502 2393 De
524 2334 912 2393 Israelitan
934 2334 1345 2458 praerogattiva,
1378 2331 1480 2457 ἓ]νί
1500 2328 1921 2402 promissionem
1950 2345 2077 2385 con-

1075 2420 1198 2458 secu
1227 2421 1246 2458 ι
1274 2419 1377 2458 sun
1409 2443 1421 2456 .

1075 2419 1246 2460 secutz
1274 2419 1421 2459 sunt.

493 2531 674 2597 111,1,
706 2532 759 2586 2.
794 2530 922 2594 Qua
981 2528 1156 2598 igitur
1197 2526 1520 2583 excellentia
1576 2533 1654 2582 est
1699 2527 1930 2583 Judaei?
1980 2532 2078 2582 aut

427 2636 551 2691 qua
579 2620 795 2676 utilitas
820 2620 1248 2682 circumcisionis
1276 2620 1303 2671 .9
1337 2617 1517 2674 Multa
1550 2634 1655 2688 per
1708 2634 1917 2674 omnem
1960 2632 2078 2672 mo-

424 2710 577 2766 dum.

500 2797 718 2871 Objicit
747 2798 859 2853 sibi
888 2795 1025 2870 ipsi.
1084 2797 1142 2852 Si
1200 2812 1361 2870 ergo,
1420 2796 1635 2868 inquit,
1686 2796 1861 2869 juxta
1911 2800 2079 2853 tuum

431 2904 792 2956 sermonem,
836 2886 989 2943 nihil
1032 2886 1277 2959 prodest
1326 2886 1421 2942 vel
1473 2885 1743 2942 Judwum
1803 2902 1933 2942 esse
1990 2885 2080 2941 vel

427 2976 799 3044 circumcidi,
825 2976 971 3048 quin
1002 2977 1203 3049 potius
1231 2981 1426 3041 nocet,
1451 2991 1579 3031 cum
1607 2979 2082 3048 transgressores

422 3066 653 3139 majore
690 3066 810 3122 sint
849 3065 1010 3138 digni
1063 3064 1374 3137 supplicio.
1417 3064 1504 3121 Ad
1548 3063 1692 3135 quid
1742 3064 1921 3137 igitur
1970 3081 2080 3120 nos

426 3156 605 3229 elegit
637 3157 810 3223 Deus,
856 3161 958 3212 aut
1016 3172 1123 3211 cur
1172 3171 1284 3210 nos
1342 3154 1688 3210 circumcidi
1741 3153 2081 3226 prtecepit?

420 3246 662 3301 Poterat
690 3246 890 3317 itaque
921 3245 997 3301 ad
1046 3244 1447 3317 objectionem
1506 3243 1705 3300 dicere
1754 3242 1911 3315 quod
1963 3244 2076 3299 cir-

419 3334 706 3390 cumcisio
771 3341 946 3407 typus
985 3340 1115 3391 erat
1168 3336 1351 3409 hujus
1399 3352 1531 3406 quas
1588 3351 1696 3406 per
1751 3334 1930 3390 ﬁdem
1987 3338 2080 3389 est

424 3423 804 3480 circumcisio
830 3424 892 3479 in
925 3424 1136 3496 spiritu
1163 3444 1177 3481 :
1212 3426 1476 3497 itemque
1500 3424 1756 3489 Judmus,
1801 3423 2083 3496 spiritua-

417 3512 494 3567 lis
525 3513 713 3568 Judaai
746 3513 847 3584 qui
880 3514 1065 3569 Deum
1097 3515 1435 3570 confitetur.
1466 3513 1645 3569 Judas
1675 3511 2080 3584 siquidemin-

418 3602 853 3672 terpretatione
914 3606 1306 3671 confessionem
1362 3620 1375 3657 :
1456 3602 1773 3675 significat.
1866 3603 2078 3657 Verum

420 3694 533 3749 hac
564 3694 810 3750 interim
842 3694 1053 3751 relicta
1082 3695 1402 3766 solutione,
1436 3712 1568 3766 quas
1599 3694 1865 3750 nondum
1892 3693 2076 3766 recipi

419 3783 756 3854 poterat,ad
767 3784 946 3841 aliam
964 3785 1141 3842 venit.
1157 3784 1406 3841 Prodest
1418 3784 1579 3840 enim
1595 3783 1932 3840 Judaismus
1957 3801 1970 3838 :
2007 3800 2077 3838 ex

420 3872 534 3929 hoc
558 3874 721 3930 enim
744 3874 899 3931 viam
926 3875 1136 3932 salutis
1158 3875 1516 3945 didicerunt,
1546 3874 1735 3947 legem
1758 3874 1969 3930 ducem
2001 3873 2073 3930 ad

422 3980 492 4019 ea
522 3980 654 4035 quas
684 3964 913 4038 agenda
956 3970 1126 4022 erant
1181 3970 1559 4037 acceperunt.
1622 3963 1789 4029 Quod
1846 3963 1896 4019 si
1950 3980 2072 4019 non

419 4060 750 4122 servarunt,
783 4055 895 4110 sibi
927 4055 1074 4126 ipsis
1110 4055 1516 4128 indignentur.
1572 4056 1715 4110 Nam
1762 4054 1933 4120 mihi,
1978 4052 2070 4108 in~

414 4142 563 4213 quit,
619 4143 693 4198 ad
752 4160 854 4199 eos
912 4144 1014 4215 qui
1072 4161 1195 4200 non
1252 4150 1393 4200 sunt
1476 4142 1829 4217 transgressi
1914 4143 2069 4198 inte—

409 4231 526 4287 rim
580 4249 776 4288 sermo
838 4239 947 4289 est.
1025 4266 1078 4275 —
1124 4235 1255 4291 Alio
1331 4234 1513 4289 modo.
1575 4233 1679 4289 Ubi
1757 4232 2066 4288 Iudaicum

408 4320 807 4391 depressisset
836 4323 1246 4394 supercilium,
1280 4322 1758 4394 ostendissetque
1790 4339 1892 4377 eos
1918 4338 2064 4377 vane

406 4408 479 4463 de
513 4410 967 4466 circumcisione
1000 4427 1067 4466 ac
1099 4411 1248 4484 lege,
1304 4410 1611 4483 Judaaique
1660 4410 2061 4483 appellatione

404 4498 712 4571 gloriari:
787 4516 862 4555 ne
940 4502 1076 4572 quis
1159 4518 1293 4558 eum
1380 4500 1716 4572 suspicetur
1800 4500 1934 4556 odio
1992 4518 2059 4557 ac

404 4587 735 4645 invidentia
766 4589 823 4644 id
853 4605 1047 4663 agere,
1080 4590 1312 4647 subdit:
1351 4612 1375 4643 α
1412 4593 1550 4657 Quae
1581 4591 1933 4647 excellentia
1963 4598 2053 4647 est

2174 4312 2371 4377 αὐτοὺς
2429 4313 2517 4369 ἐπὶ
2574 4319 2642 4389 τῇ
2717 4320 2993 4391 περιτομῇ
3074 4318 3164 4373 καὶ
3232 4322 3312 4391 τῷ
3361 4320 3543 4393 νόμῳ,
3614 4318 3703 4375 καὶ
3765 4325 3842 4397 τῇ

2174 4403 2441 4459 Ἰουδαίου
2488 4407 2838 4481 προσηγορίᾳ
2891 4405 3474 4482 μεγαλαυχουμένους,
3514 4407 3609 4464 ’ἱνα
3644 4412 3720 4483 μή
3757 4432 3849 4474 τις

2173 4490 2427 4571 ὑπολάϐῃ
2487 4494 2719 4571 δυσμείᾳ
2771 4502 2934 4554 τοῦτο
3013 4499 3104 4554 καὶ
3162 4498 3432 4576 ἀπεχθείᾳ
3486 4507 3684 4573 ποιεῖν,
3744 4500 3850 4557 ἐπ-

2201 652 2312 694 τως
2362 627 2715 706 ἀκρόϐυστος.
2772 630 2870 687 Καὶ
2933 629 3083 688 δοκεῖ
3140 632 3234 706 μὲν
3289 632 3365 705 μή
3418 626 3709 688 ἐκϐάλλειν
3766 634 3861 690 τὸν

2204 718 2485 787 Ἰουδαῖον,
2532 719 2679 776 ἀλλὰ
2732 721 2824 776 τὸν
2878 716 3220 797 παραϐάτην·
3253 720 3398 777 πολὺ
3431 719 3488 777 δὲ
3521 717 3865 780 καταϐάλλει

2201 808 2423 879 αὐτοὺς,
2482 811 2767 885 σημαίνων
2848 812 3021 867 πάντα
3104 811 3241 886 πρὸς
3325 808 3582 884 ἐπίδειξιν
3663 812 3869 878 αὐτοὺς

2199 904 2510 963 ποιοῦντας,
2562 900 2758 959 «Οὐδὲ
2814 904 2849 972 ἡ
2908 901 2959 957 ἐν
3013 907 3093 975 τῷ
3150 922 3361 977 φανερῳ
3414 901 3467 957 ἐν
3511 903 3666 977 σαρκὶ
3700 924 3867 979 περι-

2197 991 2368 1062 τομή.
2404 992 2636 1047 »Τοῦτο
2696 990 2862 1046 εἰπὼν
2924 986 3143 1061 ἐξέϐαλε
3199 990 3266 1047 τὰ
3321 993 3609 1065 σωματικά
3662 992 3866 1050 πάντα.

2200 1103 2229 1133 ι(
2260 1081 2350 1133 Ἐν
2383 1085 2462 1152 τῷ
2492 1085 2716 1154 κρυπτῷ
2739 1077 3023 1144 Ἰουδαῖος.
3053 1105 3079 1134 ››
3104 1082 3237 1139 Οἴον
3270 1082 3297 1136 ὁ
3328 1080 3546 1152 νοητός.
3577 1106 3603 1137 α
3636 1082 3739 1139 Καὶ
3762 1104 3872 1139 πε-

2199 1169 2426 1244 ριτομή.
2464 1192 2492 1221 ››
2525 1169 2602 1226 Οὐ
2657 1169 2759 1245 γὰρ
2818 1169 3001 1246 χρεία,
3058 1171 3218 1250 φησὶ,
3274 1171 3375 1240 τὴν
3408 1172 3671 1247 σαρκικῆν
3698 1192 3868 1249 περι-

2197 1256 2410 1331 τέμνειν
2465 1254 2851 1334 ἀκροϐυστίαν,
2901 1257 3049 1316 ἀλλὰ
3104 1261 3204 1329 τὴν
3265 1257 3490 1335 καρδίαν
3533 1259 3729 1317 ἐκτῶν
3761 1283 3871 1318 κα-

2196 1354 2306 1404 κῖυν
2339 1350 2602 1424 πράξεων.
2639 1349 2823 1407 Εἰπὼν
2851 1347 2908 1405 δὲ
2938 1375 2967 1403 ι(
2999 1352 3087 1408 ’Ev
3111 1350 3399 1425 πνεύματι,
3434 1375 3463 1404 ι)
3498 1350 3871 1427 προοδοποιεῖ

2193 1442 2263 1513 τῇ
2295 1438 2493 1497 πίστει.
2548 1441 2616 1498 Οἱ
2668 1439 2772 1517 γὰρ
2830 1440 3018 1496 πιστοὶ
3077 1437 3169 1496 διὰ
3231 1440 3538 1514 ΙΙνεύματος
3570 1442 3728 1520 ἁγίου
3756 1444 3860 1513 τήν

2193 1528 2504 1604 περιτομὴν
2564 1527 2755 1606 ἔχουσι
2812 1533 2921 1584 τῶν
2980 1530 3285 1605 ἁμαρτιῶν.
3344 1530 3406 1588 Ὀ
3451 1532 3552 1601 τὴν
3605 1529 3862 1608 καρδίαν,

2195 1619 2349 1698 φησὶ,
2380 1620 2728 1695 τετμημένος
2784 1622 2891 1678 ἀπὸ
2948 1622 3126 1693 πάσης
3159 1621 3509 1697 ἀκαθαρσίας.
3543 1622 3721 1687 Οὗτος
3750 1625 3859 1701 γὰρ

2195 1708 2474 1781 ὁάληθῶς
2533 1708 2820 1775 Ἰουδαῖος.
2884 1712 2913 1767 6
2972 1712 3063 1767 τὸν
3120 1712 3287 1785 νόμον
3341 1709 3594 1789 πληρῶν.
3661 1735 3685 1765 ι
3720 1715 3861 1772 Οὗὸ

2192 1795 2408 1862 ἔπαινος
2451 1799 2550 1855 οὐκ
2580 1799 2629 1870 ἐξ
2662 1800 2987 1876 ἀνθρώπων,
3040 1799 3170 1857 ἀλλ’
3228 1801 3288 1857 ἐκ
3340 1806 3440 1858 τοῦ
3488 1807 3646 1859 Θεοῦ.
3683 1827 3711 1855 ››
3741 1805 3861 1873 Τῆς

2189 1890 2292 1964 γὰρ
2348 1897 2594 1967 κρυπτῆς
2652 1891 2745 1947 καὶ
2798 1890 2850 1948 ἐν
2908 1889 3108 1966 καρδίᾳ
3162 1895 3490 1968 περιτομῆς,
3551 1891 3649 1949 οὐκ
3706 1890 3859 1950 ἔσται

2189 1977 2474 2051 ἐπαινέτης
2533 1979 2841 2057 ἅνθρωπος,
2907 1978 3037 2037 ἀλλ’
3113 1983 3141 2037 ὁ
3225 1982 3427 2052 έτάζων
3480 1980 3705 2059 καρδίας
3762 1982 3862 2039 καὶ

2187 2068 2418 2148 νεφροὺς
2450 2070 2604 2134 Θεὸς.

2827 2220 3095 2278 ΚΕΦΑΔ.
3136 2220 3211 2277 Δ’.

2188 2325 2320 2403 Περὶ
2397 2326 2677 2403 ὑπεροχῆς
2764 2326 3013 2404 Ἰσραὴλ,
3052 2397 3066 2404 ι
3100 2332 3200 2404 τοῦ
3275 2328 3649 2404 τυγχάνοντος
3749 2336 3865 2402 τῆς

2842 2397 3198 2477 ἐπαγγελίας.

2260 2525 2327 2582 Τί
2380 2522 2473 2579 οὖν
2542 2526 2605 2580 τὸ
2673 2526 2927 2601 περισσὸν
2991 2529 3089 2582 τοῦ
3155 2523 3465 2595 Ἰουδαίου;
3561 2527 3599 2599 ἢ
3664 2527 3748 2592 τίς
3821 2532 3861 2600 ἡ

2188 2612 2429 2692 ὠφέλεια
2478 2620 2582 2685 τῆς
2636 2622 2995 2690 περιτομῆς;
3073 2612 3219 2671 πολὺ
3303 2614 3440 2671 κατά
3495 2617 3670 2672 πάντα
3723 2617 3862 2693 τρό-

2187 2722 2313 2758 πον.

2259 2794 2631 2865 Ἀντιτίθησιν
2666 2795 2862 2867 ἑαυτῷ.
2897 2795 2962 2852 Εἰ
2994 2793 3108 2863 οὖν,
3141 2794 3300 2874 φησὶ,
3333 2796 3471 2851 κατὰ
3494 2797 3589 2852 τὸν
3629 2796 3719 2852 σὸν
3750 2796 3858 2853 λό-

2187 2903 2281 2959 γον
2316 2879 2469 2938 οὐδὲν
2497 2881 2724 2957 ὠφελεῖ,
2759 2880 2883 2940 οὔτε
2924 2885 2987 2940 τὸ
3036 2883 3167 2940 εἶναι
3218 2883 3507 2955 Ἰουδαῖον,
3542 2882 3658 2940 οὔτε
3687 2905 3846 2959 περι-

2188 2969 2498 3041 τέμνεσθαι,
2559 2970 2704 3028 ὰλλὰ
2773 2972 2864 3028 καὶ
2944 2971 3200 3049 βλάπτει,
3260 2975 3336 3039 ὡς
3393 2974 3519 3036 τοὺς
3565 2968 3839 3049 παραϐαίο

2186 3074 2381 3123 νοντας
2451 3063 2699 3136 μείζονος
2760 3064 2898 3118 εἶναι
2953 3062 3227 3139 τιμωρίας
3282 3063 3488 3135 ἀξίους,
3528 3063 3581 3119 τί
3611 3061 3677 3133 δὴ
3708 3083 3846 3119 ποτε

2190 3154 2336 3225 ἡμᾶς
2370 3153 2459 3208 καὶ
2507 3151 2785 3223 ἐξελέξατο
2832 3156 2861 3209 ὁ
2910 3153 3076 3225 Θεός;
3139 3151 3281 3210 διατί
3318 3152 3375 3210 δὲ
3404 3154 3495 3210 καὶ
3527 3152 3853 3230 περιτέμνεο

2190 3242 2310 3296 σθαι
2340 3242 2704 3316 προσέταξεν;
2767 3248 2867 3301 Ἦν
2931 3244 3026 3316 μὲν
3084 3241 3177 3298 οὖν
3238 3243 3374 3319 πρὸς
3430 3245 3532 3313 τήν
3581 3244 3851 3299 ἀντίθεσιν

2190 3329 2384 3398 εἰπεῖν,
2443 3333 2526 3387 ὅτι
2586 3331 2761 3396 τύπος
2816 3333 2883 3402 ἦν
2938 3334 2973 3403 ἡ
3032 3335 3331 3407 περιτομὴ,
3388 3335 3593 3405 ταύτης
3632 3339 3733 3404 τῆς
3763 3330 3861 3389 διὰ

2189 3419 2421 3483 πίστεως
2479 3419 2530 3475 ἐν
2586 3420 2855 3496 πνεύματι
2910 3429 3240 3497 περιτομῆς,
3296 3423 3387 3477 καὶ
3445 3421 3713 3483 Ἰουδαῖος
3754 3426 3857 3478 τοῦ

2186 3507 2389 3580 νοητοῦ
2436 3506 2698 3565 Ἰουδαίου
2744 3510 2841 3565 τού
2888 3509 3400 3588 ἐξομολογουμένου
3450 3516 3590 3584 Θεῷ.
3639 3509 3861 3575 Ἰούδας

2187 3599 2293 3675 γὰρ
2341 3597 2739 3675 ἐξομολόγησις
2798 3599 3177 3675 ἑρμηνεύεται.
3236 3599 3418 3658 Ἀλλᾶ
3467 3602 3673 3673 ταύτην
3704 3603 3854 3668 τέως

2187 3689 2340 3764 ἀφεὶς
2394 3689 2494 3758 τήν
2546 3686 2703 3744 λύσιν
2756 3686 3127 3765 ἀπαράδεκτον
3187 3686 3265 3747 ἔτι
3324 3689 3504 3760 οὖσαν,
3540 3690 3615 3755 είς
3655 3691 3851 3767 ἑτέραν

2184 3778 2374 3851 ἦλθεν,
2409 3779 2493 3836 ὅτι
2524 3778 2729 3857 ὠφελεῖ
2776 3782 2803 3835 6
2855 3779 3222 3856 Ἰουδαῖσμός.
3258 3784 3403 3839 Κατά
3431 3787 3619 3854 τοῦτο,
3651 3783 3849 3862 φησὶν,

2184 3863 2386 3942 ἔμαθον
2444 3866 2568 3924 ὁδὸν
2629 3870 2923 3947 σωτηρίας,
2986 3867 3185 3927 ἔλαϐον
3241 3873 3408 3946 νόμον
3468 3869 3673 3950 ὁδηγὸν
3730 3877 3849 3929 τῶν

2183 3957 2485 4033 πρακτέων.
2538 3957 2601 4015 Εἰ
2663 3957 2720 4014 δὲ
2780 3960 2857 4033 μή
2917 3959 3205 4038 ἐφύλαξαν,
3263 3962 3477 4025 ἑαυτοῖς
3514 3963 3856 4042 μεμφέσθω-

2182 4067 2298 4103 σαν.
2340 4047 2501 4119 Ἐμοὶ
2557 4048 2660 4124 γὰρ
2717 4050 2874 4118 τέως,
2936 4049 3093 4129 φησὶ,
3152 4051 3287 4124 πρὸς
3342 4050 3471 4115 τοὺς
3533 4053 3610 4125 μὴ
3670 4073 3857 4128 παρα-

2179 4129 2459 4197 ϐαίνοντας
2492 4137 2521 4191 ὁ
2552 4135 2741 4212 λόγος.
2774 4172 2843 4181 -
2871 4137 3119 4200 Ἄλλως.
3173 4142 3669 4213 [ΘΕΟΔΩΡΙΤΟΙᾜ
3718 4144 3845 4213 Τήν

2178 4221 2484 4294 Ἰουδαϊκὴν
2542 4226 2898 4289 καταστείλας
2974 4226 3162 4306 ὀφρὺν,
3248 4229 3339 4285 καὶ
3423 4227 3596 4301 δείξας
3657 4229 3843 4304 μάτην

2171 4585 2314 4659 άγει·
2356 4586 2471 4643 (Τί
2498 4590 2562 4643 τὸ
2606 4588 2861 4663 περισσὸν
2921 4593 3021 4644 τοῦ
3079 4587 3368 4663 Ἰουδαίου,
3422 4592 3458 4661 ἢ
3517 4591 3599 4654 τίς
3627 4594 3661 4662 ἡ
3697 4592 3857 4671 ὠφέ-

403 4678 615 4750 Judaei,
637 4686 740 4735 aut
766 4698 899 4753 quae
919 4681 1148 4738 utilitas
1163 4682 1676 4739 circumcisionis?
1707 4682 1763 4737 Si
1797 4683 2061 4754 quidam,

2192 4690 2295 4732 ιεια
2324 4684 2426 4747 τῆς
2481 4681 2892 4750 περιτομῆςςυ
2955 4678 3023 4735 Εἴ
3072 4684 3182 4735 τῶν
3241 4679 3599 4759 ἀλλοφύλων,
3645 4684 3848 4758 φησῖν,

400 4767 619 4840 inquit,
651 4770 918 4843 gentium
949 4771 1417 4846 alienigenarum
1447 4772 1645 4829 divino
1678 4773 1842 4829 cultu
1871 4774 2052 4828 virtu-

2196 4773 2329 4833 θνῶν
2385 4788 2531 4831 τινες
2587 4765 2864 4843 θεοσεϐείᾳ
2917 4771 3009 4826 καὶ
3069 4771 3235 4847 ἀρετῇ
3294 4773 3697 4847 κοσμούμενοι,
3726 4780 3850 4831 τῶν

401 4862 578 4929 teque
611 4862 829 4926 ornati,
860 4862 1058 4918 divina
1086 4861 1367 4918 fruuntur
1423 4863 1738 4929 electione,
1778 4862 1853 4918 ad
1911 4863 2054 4934 quid

2197 4859 2321 4914 είων
2377 4857 2723 4935 ἀναρῥήσεων
2805 4857 3170 4933 ἀπολαύουσι,
3252 4862 3305 4918 τί
3390 4859 3458 4934 δή
3526 4883 3662 4918 ποτε
3716 4868 3838 4920 τῶν

398 4945 579 5017 igitur
605 4948 843 5005 tandem
866 4966 901 5006 a
918 4951 1196 5024 gentibus
1219 4953 1542 5025 segregavit
1574 4953 1725 5007 Deus
1746 4951 2052 5020 Israelem,

2194 4951 2331 5013 ovi'ov
2374 4946 2612 5024 ἐχώρισε
2641 4949 2733 5004 τὸν
2793 4948 3013 5025 Ἰσραήλ
3073 4952 3101 5005 6
3161 4952 3316 5022 Θεὸς,
3358 4953 3447 5007 καί
3478 4954 3577 5023 την
3609 4973 3843 5029 περιτο-

398 5042 502 5090 aut
521 5054 626 5092 cur
637 5039 1154 5098 circumcisionem
1180 5041 1302 5097 illis
1323 5042 1532 5097 dedit?
1551 5058 1691 5097 nam
1712 5039 1773 5094 τὸ
1796 5040 2051 5113 περισσὸν

2192 5036 2273 5105 ιήν
2332 5033 2520 5098 αὐτοῖς
2577 5032 2859 5107 δέδωκεν;
2918 5037 2981 5092 τὸ
3037 5038 3142 5112 γὰρ
3214 5040 3470 5114 περισσὸν
3529 5044 3626 5095 τοῦ
3692 5042 3845 5098 Ἰου-

394 5127 494 5177 τοῦ
523 5122 792 5181 Ἰουδαίου
823 5128 969 5185 dicit
997 5130 1534 5188 circumcisionem.
1569 5130 1791 5186 Deinde
1842 5130 2048 5186 addit:

2196 5121 2339 5192 αίου,
2394 5123 2493 5191 τὴν
2566 5125 2871 5199 περιτομὴν
2937 5124 3111 5202 λέγει.
3180 5129 3317 5185 Εἶτα
3385 5127 3597 5205 ἒπάγεισ
3668 5127 3839 5185 Πολὺ

397 5211 579 5269 Multa
607 5232 713 5286 per
749 5234 991 5274 omnem
1049 5218 1314 5276 modum.
1352 5219 1543 5293 Elegit
1592 5218 1753 5275 enim
1806 5219 2048 5275 illorum

2192 5212 2296 5267 ,ατὰ
2344 5212 2521 5268 πάντα
2598 5213 2826 5288 τρόπον.
2915 5214 3225 5288 ΈξεΑέξατο
3294 5217 3399 5293 γὰρ
3459 5215 3636 5272 αὐτῶν
3691 5217 3837 5282 τοὺς

392 5307 835 5377 progenitores:
866 5309 940 5364 ab
967 5311 1371 5383 Egyptiorum
1402 5310 1683 5366 violentia
1712 5326 1780 5365 ac
1836 5317 2044 5383 poten-

2192 5300 2485 5377 τρογόνους.
2538 5303 2655 5372 Τῆς
2708 5303 3026 5380 Αἰγυπτίων
3083 5304 3432 5379 ἠλευθέρωσε
3482 5304 3827 5371 δυναστείας.

393 5396 520 5459 tatu
550 5394 858 5452 liberavit:
893 5398 1147 5471 inclytos
1186 5417 1293 5473 per
1320 5399 1682 5471 multiplicia
1727 5400 1895 5473 signa
1941 5400 2044 5455 de-

2192 5388 2661 5466 Ιολυθρυλλήτους
2714 5389 2806 5447 διὰ
2854 5394 2950 5457 τὰς
2996 5391 3344 5458 παντοδαπὰς
3376 5396 3836 5471 θαυματουργίας

390 5484 764 5546 monstravit.
796 5486 988 5559 legem
1019 5488 1080 5543 in
1102 5489 1392 5545 auxilium
1415 5488 1599 5558 dedit,
1622 5489 1944 5561 prophetas
1971 5489 2045 5546 ad

2192 5483 2421 5559 πέφηνε.
2480 5482 2670 5553 Νόμον
2749 5478 2948 5539 ἔδωκεν
3029 5483 3107 5548 εἷς
3193 5485 3472 5561 βοήθειαν,
3529 5488 3828 5563 προφήτας

388 5586 489 5627 eos
506 5573 699 5630 misit:
728 5575 881 5631 23'!
910 5576 1207 5648 siquidem
1231 5578 1343 5634 hoc
1378 5577 1694 5651 signiﬁcat,
1727 5578 1908 5635 Multa
1939 5596 2046 5651 per

2192 5569 2458 5627 πέστειλε.
2520 5573 2700 5627 Τοῦτο
2756 5572 2859 5649 γὰρ
2918 5571 3092 5649 λέγει,
3152 5597 3181 5627 α
3233 5572 3385 5630 Πολὺ
3442 5574 3581 5630 κατᾶ
3644 5577 3825 5632 πάντα

385 5677 631 5719 omnem
662 5663 927 5722 modum.
961 5666 1062 5723 His
1089 5671 1291 5723 tamen
1323 5667 1601 5724 omnibus
1628 5667 1867 5724 silentio
1890 5686 2040 5741 prm-

2192 5662 2379 5739 ρόπον.
2416 5683 2445 5713 »
2474 5663 2657 5716 Ταῦτα
2717 5661 2907 5735 μέντοι
2956 5664 3133 5719 πάντα
3193 5665 3448 5740 σιγήσας,
3492 5668 3589 5720 τοῦ
3641 5664 3826 5740 νόμου

380 5752 574 5809 teritis
607 5754 796 5811 solam
818 5756 1020 5829 posuit
1039 5756 1495 5829 legislationem.
1512 5758 1776 5815 Primum
1797 5758 2039 5830 quidem

2192 5754 2251 5822 ἦν
2285 5749 2426 5816 θέσιν
2480 5751 2668 5821 τίθησι
2728 5750 2917 5825 μόνον.
2980 5756 3204 5830 Πρῶτον
3270 5754 3389 5828 μὲν,
3444 5751 3527 5809 ὅτι
3558 5752 3828 5812 ἃπιστεύ-
