4114 6392
330 425 452 488 369
1440 427 1839 489 COMMENT.
1885 427 1973 487 ΙΝ
2021 423 2267 485 EPlS'l‘.
2314 424 2422 485 AD
2464 426 2662 485 ROM.
3646 421 3772 483 370

337 564 518 633 θησαν
547 559 614 615 τὰ
650 560 828 635 Λόγια
850 563 950 615 τοῦ
979 563 1133 629 Θεοῦ,
1166 557 1310 615 πολὺ
1341 559 1479 616 κατᾶ
1507 559 1681 616 πάντα
1704 558 1949 624 συντίθετ

2062 558 2262 632 [quia
2308 557 2652 617 concredita
2697 562 2837 614 sunt
2892 557 3012 614 illis
3065 534 3311 630 eloquia'
3350 554 3474 627 Dei,
3504 555 3764 615 multum

2106 668 2217 724 per
2245 669 2486 708 omnem
2531 649 2774 708 modum
2827 650 3212 706 constituitur
3243 666 3372 705 esse
3391 646 3455 702 τὸ
3484 647 3762 721 περισσὸν,

2108 741 2221 798 hoc
2251 747 2343 798 est
2372 740 2731 801 excellentia
2762 744 2821 795 et
2840 755 2937 794 res
2967 739 3151 793 utilis.

2178 831 2367 899 111,2,
2401 833 2454 887 3.
2491 833 2739 885 Pri-mum
2807 827 3026 900 quidem
3082 830 3217 898 quia
3269 827 3583 882 concredita
3637 830 3765 880 sunt

2099 921 2213 976 illis
2245 922 2465 992 eloquia
2493 922 2608 975 Dei.
2644 919 2789 986 Quid
2816 921 3001 974 enim?
3019 917 3068 973 si.
3097 919 3324 988 quidam
3353 917 3626 971 increduli
3635 919 3760 984 fue-

2097 1012 2288 1064 runt?
2318 1012 2459 1065 Num
2499 1009 2726 1063 illorum
2781 1007 3146 1062 incredulitas
3195 1007 3355 1076 ﬁdem
3413 1006 3512 1059 Dei
3540 1006 3761 1059 irritam

2094 1102 2263 1168 faciet
2290 1103 2318 1154 ?
2342 1099 2492 1155 Absit
2523 1101 2544 1154 Ι

2168 1189 2458 1255 Quoniam
2487 1188 2762 1256 omnino,
2794 1187 3010 1258 inquit,
3053 1185 3268 1241 tradita
3325 1191 3416 1241 est
3472 1185 3591 1240 illis
3639 1184 3755 1241 lex.

2095 1282 2238 1336 Nam
2272 1280 2383 1334 hoc
2414 1280 2544 1335 loco
2575 1279 2795 1334 dicitur
2826 1278 2922 1334 lex
2958 1278 3195 1350 eloquia
3229 1277 3393 1332 Dei.«
3429 1277 3579 1343 Quid
3595 1277 3756 1332 enim

2095 1371 2142 1427 si
2177 1369 2422 1441 quidam
2454 1369 2750 1425 increduli
2782 1368 3026 1424 fuerunt
3053 1367 3081 1423 ?
3114 1391 3134 1417 ι
3174 1368 3395 1424 Deinde
3427 1384 3502 1423 ne
3530 1367 3752 1436 dicant,

2093 1460 2304 1531 Utique
2326 1459 2574 1514 tradidit
2603 1458 2775 1514 nobis
2808 1459 2962 1514 Deus
2992 1458 3318 1531 legem,sed
3349 1475 3479 1530 quas
3497 1463 3587 1514 est
3609 1458 3749 1514 inde

2090 1549 2341 1614 utilitas,
2376 1565 2511 1603 cum
2543 1547 2715 1603 multi
2757 1564 2880 1602 non
2913 1547 3280 1603 crediderint
3310 1546 3445 1602 illi?
3479 1546 3545 1601 Et
3603 1545 3748 1617 quid

2091 1639 2202 1694 hoc
2229 1638 2301 1693 ad
2335 1637 2520 1693 Deum
2554 1637 2771 1708 inquit,
2805 1637 2851 1692 si
2885 1653 2986 1692 vos
3017 1635 3309 1691 increduli
3339 1635 3578 1690 fuistis?
3599 1651 3742 1690 num

326 654 474 708 εἶναι
506 651 568 706 τὸ
602 651 856 722 περισσὸν
888 651 976 704 καὶ
1011 649 1316 728 ὠφέλιμον.

405 837 630 908 Πρῶτον
721 832 817 905 μὶν
909 833 1012 908 γὰρ
1070 833 1152 886 δτι
1245 829 1637 901 ἐπιστευθησαν
1711 831 1779 886 τὰ
1833 832 1998 905 Λόγια

319 927 432 981 τοῦ
489 927 649 981 Θεοῦ.
707 922 774 979 Τί
859 921 988 998 γὰρ,
1055 921 1100 976 εἰ
1160 922 1472 993 ἠπίστησάν
1529 943 1670 986 τινες
1730 940 1744 992 ;
1826 923 1901 994 μή
1957 923 1992 990 ἡ

326 1013 565 1071 ἀπιστία
596 1011 771 1070 αὑτῶν
804 1013 905 1082 τὴν
953 1013 1134 1068 πίστιν
1186 1016 1284 1067 τοῦ
1313 1015 1447 1068 Θεοῦ
1473 1013 1807 1086 καταργήσει
1837 1030 1851 1082 ;
1900 1011 1991 1080 Μὴ

318 1103 547 1180 γένοιτο
581 1104 595 1160 l

397 1194 531 1252 Ὀτι
563 1191 733 1259 ὅλως,
767 1191 952 1270 φησὶν,
991 1190 1429 1266 ἐνεχειρίσθησαν
1461 1191 1554 1246 τὸν
1595 1191 1782 1264 νόμον.
1815 1189 1988 1252 Οῦτος

309 1283 423 1360 γὰρ
454 1283 527 1338 τά
551 1281 728 1357 Λόγια
756 1285 853 1336 τοῦ
884 1283 1038 1336 Θεοῦ.
1079 1305 1106 1334 ι
1160 1279 1230 1336 Τί
1287 1281 1391 1354 γὰρ
1450 1279 1496 1334 εί
1558 1279 1866 1350 ἠπίστησάν
1900 1300 1985 1334 τι-

307 1395 398 1436 νες
429 1392 444 1443 ;
481 1394 509 1426 ι
546 1371 680 1429 Εἶτα
713 1368 796 1425 ἷ¹να
830 1371 905 1444 μή
961 1368 1185 1446 λέγωσι,
1246 1370 1371 1439 Ναὶ,
1414 1369 1602 1448 φησὶν,
1656 1367 1982 1444 ἐνεχείρισεν

311 1463 514 1536 ἡμῖνὸ
547 1461 676 1522 Θεὸς
705 1461 798 1516 τὸν
831 1459 1025 1533 νόμον,
1080 1460 1170 1514 καὶ
1225 1460 1308 1520 τίς
1367 1458 1604 1531 ὠφέλεια
1659 1463 1756 1513 τοῦ
1811 1458 1983 1532 νόμου

305 1552 748 1629 ἐγχειρισθῆναι,
784 1549 947 1605 ὁπότε
989 1548 1196 1604 πολλοὶ
1256 1549 1357 1604 οὐκ
1413 1547 1730 1604 ἐπίστευσαν
1784 1547 1979 1620 αὑτῷ;

315 1643 428 1701 Καὶ
455 1643 534 1711 τί,
566 1641 721 1720 φησὶ,
756 1641 891 1715 πρὸς
920 1641 1010 1694 τὸν
1071 1641 1222 1704 Θεὸν,
1279 1639 1324 1695 εί
1387 1641 1542 1712 ὑμεῖς
1599 1641 1978 1710 ἠπιστήσατες

327 1733 411 1805 μὴ
441 1732 546 1806 γὰρ
576 1731 780 1805 ἀνάγκῃ
840 1733 1010 1784 σῶσαι
1066 1730 1204 1802 ὑμᾶς
1265 1729 1412 1805 εἶχεν
1471 1730 1498 1783 ὂ
1547 1730 1675 1790 Θεὸς
1708 1728 1934 1793 ἄκοντας

2086 1729 2246 1785 enim
2283 1727 2472 1782 salvos
2503 1726 2698 1782 facere
2731 1726 2925 1798 potuit
2965 1744 3065 1782 vos
3116 1728 3268 1782 Deus
3300 1725 3513 1780 invitos
3538 1725 3566 1780 ?
3595 1741 3741 1780 num

332 1823 418 1894 μὴ
451 1821 555 1894 γὰρ
583 1817 785 1891 ἐπειδὴ,
820 1820 978 1895 φησί,
1033 1819 1172 1883 τινὲς
1220 1819 1552 1890 ἠπίστησαν,
1613 1819 1758 1894 παρά
1814 1823 1942 1874 τοῦτ

2085 1819 2246 1874 enim
2280 1817 2420 1889 quia
2450 1816 2634 1887 aliqui
2667 1815 2909 1871 fuerunt
2942 1814 3443 1885 increduli,fldem
3477 1815 3600 1883 Dei,
3624 1815 3738 1871 hoc

317 1912 426 1979 τήν
455 1910 622 1964 πίστιν
650 1913 743 1964 τοῦ
792 1912 950 1978 Θεοῦ,
1004 1909 1250 1963 τουτέστι
1308 1911 1407 1979 τήν
1467 1910 1774 1984 εὐεργεσίαν
1834 1929 1949 1964 κατ-

2073 1915 2163 1966 est
2192 1908 2654 1966 beneﬁcentiam
2686 1906 3149 1980 promissam,ob
3164 1907 3222 1962 id
3253 1907 3483 1963 irritam
3499 1910 3601 1962 aut
3629 1921 3733 1961 va-

322 2002 558 2074 ἦρτησαν
613 1999 701 2053 καὶ
761 1997 1284 2072 ἐματαιοποίησανς
1339 1997 1644 2071 Οὑμενοῦν.
1713 1998 1777 2056 Ei
1858 1999 1962 2075 γὰρ

304 2091 400 2145 καί
451 2087 605 2144 αὐτοὶ
639 2088 740 2144 οὐκ
769 2082 1185 2161 ἠϐουλήθησαν,
1243 2089 1272 2143 ὁ
1333 2087 1515 2161 μέντοι
1571 2088 1699 2150 Θεὸς
1756 2089 1816 2144 τὸ
1865 2089 1962 2144 αὐ-

287 2184 392 2236 τοῦ
425 2178 750 2250 πεποίηκεν.
782 2209 854 2222 -
883 2176 1131 2240 ’¹Αλλως.
1165 2179 1370 2252 [ΦΩΤ.]
1409 2179 1758 2234 Ἀντιπῖπτον
1817 2178 1955 2236 λύει.

284 2268 355 2326 Τί
388 2270 499 2346 γὰρ
540 2267 586 2322 εἰ
647 2265 954 2338 ἠπίστησάν
1004 2288 1142 2328 τινες
1178 2287 1190 2338 ;
1226 2265 1522 2341 ἀπορήσειε
1570 2267 1672 2342 γὰρ
1734 2267 1794 2323 ἄν
1851 2290 1955 2339 τις,

286 2363 376 2416 ὅτι
411 2359 866 2428 ἐνεπιστεῦθησαν
903 2359 998 2432 μὲν
1066 2360 1134 2413 τὰ
1192 2359 1362 2434 Λόγια
1418 2363 1515 2413 τοῦ
1569 2363 1728 2414 Θεοῦ*
1787 2360 1854 2413 τὰ
1900 2357 1956 2414 δὲ

277 2452 458 2526 Λόγια
490 2455 593 2504 τοῦ
628 2453 782 2512 Θεοῦ,
820 2447 1062 2522 μεγάλας
1097 2448 1191 2522 μὶν
1247 2445 1453 2522 δωρεὰς
1499 2449 1590 2503 καὶ
1651 2448 1951 2525 εὐεργεσίας

280 2541 668 2615 ὑπισχνεῖται,
699 2536 828 2594 ἀλλ’
859 2537 914 2593 ἐν
944 2541 1013 2612 τῇ
1042 2543 1149 2593 τῶν
1183 2535 1634 2612 παραδεξαμένων
1663 2539 1837 2594 πίστει
1861 2541 1948 2595 καὶ

281 2628 665 2709 παραφυλακῇ
726 2629 878 2685 αῦται
935 2629 1036 2696 τήν
1094 2627 1386 2682 ὑπόστασιν
1434 2629 1524 2683 καὶ
1583 2629 1682 2697 τὴν
1732 2623 1950 2685 ἔκϐασιν

283 2720 470 2795 εἶχον.
529 2717 766 2774 Πολλῶν
828 2714 885 2772 δὲ
933 2717 1349 2788 ἀπιστησάντων
1429 2715 1516 2772 καί
1573 2713 1953 2793 παραϐεϐηκό-

282 2831 418 2876 των,
481 2805 793 2863 ἀκόλουθον
845 2806 1184 2862 κεκωλῦσθαι
1266 2807 1361 2880 μὶν
1445 2809 1541 2872 τας
1627 2807 1950 2883 ὑποσχέσεις

291 2897 372 2958 εἷς
401 2894 573 2969 πέρας
605 2893 864 2966 ἐξελθεῖν,
901 2894 1074 2964 μάτην
1128 2892 1185 2950 δὲ
1215 2897 1282 2949 τὰ
1339 2895 1509 2971 Λόγια
1537 2898 1635 2950 τοῦ
1665 2900 1800 2950 Θεοῦ
1852 2917 1947 2952 καο

289 2987 716 3054 ταπιστευθῆναι
763 2984 980 3046 τούτοις
1039 2985 1116 3050 εἷς
1147 2981 1316 3058 μηδὲν
1345 2987 1646 3063 χρήσιμον,
1709 2985 1796 3040 καὶ
1847 2987 1946 3055 τήν

301 3076 602 3149 περιτομὴν
643 3073 1059 3150 ἐξελεγχθῆναι,
1093 3075 1201 3150 εἲγε
1258 3077 1294 3144 ἡ
1357 3077 1452 3148 μὲν
1498 3077 1800 3151 περιτομή,
1859 3074 1948 3131 διὰ

292 3165 365 3220 τὰ
390 3165 576 3240 Λόγια,
607 3166 676 3221 τὰ
708 3161 766 3219 δὲ
797 3165 985 3242 Λὸγια,
1022 3163 1110 3220 διὰ
1137 3164 1232 3230 τὰς
1263 3163 1492 3240 δωρεὰς,
1524 3166 1579 3220 αἱ
1619 3161 1676 3220 δὶ
1726 3162 1944 3241 δωρεαὶ,

2071 2018 2213 2059 nam
2245 1999 2623 2058 effecerunt?
2653 2003 3059 2072 Nequaquam.
3095 2001 3240 2055 Nam
3268 2000 3380 2054 etsi
3416 1999 3476 2054 hi
3508 1998 3731 2054 noluis-

2068 2097 2220 2160 sent,
2250 2092 2402 2147 Deus
2425 2095 2625 2146 tamen
2653 2089 2812 2161 quod
2845 2106 3018 2145 suum
3043 2093 3133 2144 est
3161 2089 3476 2144 effecisset.
3501 2119 3566 2128 —
3593 2088 3724 2143 Alio

2065 2181 2254 2238 modo.
2281 2180 2649 2236 Incidentem
2700 2178 2875 2234 solvit
2921 2177 3342 2249 objectionem.
3375 2177 3526 2243 Quid
3557 2177 3717 2232 enim

2066 2271 2114 2326 si
2143 2271 2386 2326 fuerunt
2407 2269 2650 2340 quidam
2682 2266 2973 2323 increduli
3005 2267 3032 2321 ?
3061 2283 3197 2322 nam
3256 2270 3460 2338 posset
3500 2264 3719 2336 aliquis

2064 2360 2335 2417 dubitare
2369 2377 2434 2415 ac
2465 2360 2682 2426 dicere,
2725 2357 2882 2429 quod
2913 2357 3254 2413 concredita
3284 2355 3524 2428 quidem
3581 2360 3721 2410 sunt

2063 2451 2301 2523 eloquia
2330 2451 2473 2506 Dei:
2516 2449 2755 2520 eloquia
2801 2453 2999 2503 autem
3055 2448 3156 2503 Dei
3207 2463 3423 2518 magna
3465 2445 3623 2501 dona
3653 2463 3722 2502 ac

2060 2543 2353 2599 beneficia
2383 2541 2742 2614 promittunt
2776 2557 2788 2594 :
2822 2556 3025 2600 verum
3056 2539 3183 2594 haec
3227 2539 3290 2594 in
3347 2555 3553 2593 eorum
3586 2555 3720 2610 qua

2061 2638 2336 2706 suscepta
2358 2637 2529 2688 erant
2545 2629 2660 2687 fide
2675 2647 2742 2686 ac
2773 2629 3189 2686 observatione
3215 2629 3332 2684 vim
3355 2645 3422 2683 ac
3444 2632 3724 2683 eventum

2061 2723 2361 2780 habebant
2413 2723 2558 2777 Cum
2592 2727 2792 2777 autem
2823 2719 2998 2776 multi
3029 2719 3286 2774 fuissent
3332 2717 3627 2774 increduli
3652 2734 3721 2773 ac

2062 2821 2577 2887 transgressores:
2627 2826 3004 2881 consequens
3063 2824 3200 2880 ergo
3251 2812 3343 2864 est
3389 2807 3720 2879 prohibitas

2059 2905 2242 2960 fuisse
2275 2901 2727 2975 promissiones,
2761 2916 2836 2955 ne
2867 2899 2942 2954 ad
2980 2899 3163 2954 finem
3194 2897 3664 2970 perducerentur
3699 2914 3713 2952 :

2059 2995 2283 3065 Deique
2317 2993 2556 3064 eloquia
2575 3007 2722 3046 vane
2753 2989 2874 3044 illis
2905 2993 2964 3045 et
3015 2987 3185 3043 nulla
3241 2987 3499 3042 utilitate
3529 2986 3714 3042 fuisse

2057 3083 2424 3149 concredita,
2459 3097 2527 3136 ac
2548 3077 2903 3151 reprehendi
2938 3075 3477 3145 circumcisionem,
3511 3075 3560 3131 si
3583 3076 3713 3147 ipsa

2056 3173 2296 3246 quidem
2338 3169 2710 3226 circumcisio
2742 3170 2984 3239 propter
3013 3165 3272 3237 eloquia,
3307 3164 3544 3235 eloquia
3574 3180 3710 3220 vero

286 3249 380 3309 διὰ
435 3261 536 3324 τῆς
594 3253 832 3316 πίστεως
880 3249 1188 3327 ἐλάμϐανον
1265 3255 1453 3327 πέρας,
1509 3255 1608 3324 τήν
1660 3254 1839 3309 πίστιν
1893 3251 1949 3310 δὲ

2062 3269 2306 3337 propter
2337 3259 2510 3325 dona,
2560 3274 2735 3330 porro
2767 3255 2924 3311 dona
2978 3271 3085 3327 per
3141 3255 3322 3309 tinem
3376 3258 3546 3308 erant
3589 3257 3708 3308 ter-

280 3345 558 3415 ἠθέτησαν
623 3345 675 3398 οἱ
733 3338 1199 3417 παραϐεϐηκότες.
1259 3345 1418 3400 Ὠστε
1465 3341 1717 3418 οὐδεμία,
1751 3347 1941 3423 φησὶν,

274 3432 522 3512 ὠφέλεια
569 3440 674 3502 τῆς
734 3440 1064 3508 περιτομῆς.
1128 3435 1348 3505 Ταύτην
1409 3433 1502 3489 οῦν
1577 3432 1939 3509 ἐπιλυόμενος

271 3525 374 3594 τήν
405 3521 645 3597 ἀπορίαν
680 3523 862 3599 φησιν’
914 3548 942 3576 «
995 3523 1063 3580 Τί
1118 3524 1220 3599 γάρ
1279 3523 1324 3579 εἰ
1383 3523 1690 3595 ἠπίστησάν
1748 3546 1939 3597 τινες;

276 3615 356 3687 μή
391 3615 430 3682 ἡ
463 3611 690 3667 ἀπιστία
715 3613 895 3668 αὐτῶν
928 3614 1032 3682 τήν
1091 3613 1268 3668 πίστιν
1328 3618 1426 3668 τοῦ
1477 3618 1612 3669 Θεοῦ
1665 3619 1938 3692 καταργή-

275 3723 363 3757 σει
399 3723 416 3770 ς
452 3702 748 3757 »τουτέστι
805 3703 867 3756 τὸ
926 3703 1117 3756 πιστὸν
1173 3708 1280 3758 τῶν
1345 3704 1692 3778 ὑποσχέσεων
1750 3704 1938 3776 αὑτοῦ,

278 3791 350 3845 τὸ
383 3787 614 3859 ἀληθὲς,
641 3791 694 3845 τὸ
749 3791 1122 3864 ἀμετάθετονς
1175 3793 1268 3862 Μὴ
1327 3797 1560 3870 γένοιτο,
1621 3794 1774 3872 φησὶ,
1854 3793 1942 3850 διὰ

292 3878 400 3946 τήν
429 3876 638 3934 ἐκείνων
665 3879 944 3949 ἀπιστίαν,
977 3881 1013 3950 ἤ
1045 3882 1108 3936 τὸ
1142 3881 1194 3937 ἐν
1229 3887 1348 3944 ταῖς
1380 3882 1741 3963 ὑποσχέσεσιν
1775 3883 1941 3940 αὐτοῦ

295 3968 484 4023 πιστὸν
544 3971 632 4023 καί
681 3968 911 4040 ἀληθὲς,
974 3972 1202 4044 μάταιον
1260 3970 1691 4050 ἀπελεγχθῆναι,
1749 3973 1786 4044 ἤ
1845 3981 1942 4045 τῆς

281 4065 596 4132 περιτομῆς
621 4061 724 4129 τήν
754 4061 1078 4132 νομοθεσίαν
1117 4061 1193 4124 εἷς
1257 4059 1426 4134 μηδὲν
1461 4062 1744 4142 ὠφέλιμον
1803 4085 1942 4144 χρη-

280 4148 531 4222 ματίσαι.
564 4149 677 4217 Τὴν
711 4150 816 4224 γὰρ
847 4149 1025 4205 αἰτίαν
1081 4146 1228 4230 ἔχειν
1292 4153 1394 4207 οὐκ
1447 4151 1648 4223 ἄλλος,
1701 4154 1828 4211 ἀλλ’
1889 4159 1941 4211 o't

274 4231 734 4314 παραϐεϐηκότες
806 4238 906 4293 εἶσὶ
963 4237 1186 4298 δίκαιοι.
1277 4238 1510 4298 Μᾶλλον
1568 4243 1760 4307 οὕτως·
1847 4250 1937 4319 Μὴ

268 4329 489 4402 γένοιτο
581 4327 943 4404 ὑπερισχύσαι
1003 4331 1102 4398 τὴν
1163 4329 1414 4386 ἀπιστίαν
1501 4330 1742 4404 ἐκείνων,
1801 4336 1940 4396 ὣστε

267 4416 336 4472 δι’
366 4416 603 4472 ἐκείνων
633 4419 1068 4494 καταργηθῆναι,
1127 4419 1221 4474 καὶ
1282 4418 1472 4486 ἀτελὲς
1499 4421 1588 4476 καὶ
1646 4422 1938 4485 ἀνέκϐατον

264 4507 533 4586 ὀφθῆναι,
593 4507 655 4560 τὸ
712 4506 764 4562 ἐν
821 4513 940 4571 ταῖς
999 4509 1358 4584 ῦποσχὲσεσιν
1390 4509 1556 4567 αὑτοῦ
1595 4517 1786 4570 πιστὸν
1846 4519 1936 4573 καὶ

266 4595 616 4665 πανάληθες.
696 4595 804 4652 Κᾶν
886 4597 989 4674 γὰρ
1076 4596 1272 4654 ἐκεῖνοι
1351 4600 1684 4672 ἠπίστησαν,
1773 4605 1933 4669 αὐτὸς

267 4685 428 4743 οὐδὲν
475 4681 708 4742 ἔλαττον
761 4688 823 4742 τὸ
880 4687 1072 4744 ἑαυτοῦ
1123 4687 1349 4760 ἐποίησε
1404 4691 1493 4746 καὶ
1549 4692 1644 4756 τὰς
1703 4694 1933 4774 ἐπαγγε-

268 4775 386 4839 λίας
451 4776 828 4852 ἐξεπλήρωσε.
873 4778 1103 4833 Δυνατὸν
1177 4776 1233 4834 δὲ
1262 4780 1444 4836 πίστιν
1496 4787 1631 4838 Θεοῦ
1686 4783 1936 4844 ἐκλαϐεῖν

265 4869 494 4938 καὶτὴν
553 4865 609 4921 ἐν
665 4873 780 4930 τοῖς
846 4870 922 4941 μή
984 4864 1396 4944 παραϐεϐηκόσι
1445 4869 1790 4947 διαμείνασαν
1844 4878 1932 4934 πί-

265 4979 400 5016 στιν.
440 4957 600 5028 Αῧτη
634 4958 737 5033 γάρ
767 4963 901 5014 Θεοῦ
924 4958 1122 5028 πίστις,
1185 4961 1261 5024 ὡς
1319 4962 1395 5024 εἷς
1455 4963 1584 5018 Θεὸν
1638 4965 1792 5036 οὖσα,
1841 4970 1932 5024 καὶ

271 5049 325 5103 ἐκ
354 5053 499 5105 Θεοῦ
531 5049 730 5104 αὐτοῖς
781 5045 1234 5124 διαφυλαχθεῖσα.
1270 5052 1331 5106 Ἠ
1393 5053 1489 5124 μὲν
1545 5055 1650 5130 γὰρ
1707 5055 1934 5115 ἀπιστία

269 5145 360 5207 τῆς
393 5137 724 5218 μοχθηρίας
770 5141 878 5191 τῶν
937 5137 1376 5210 ἀπιστησάντων,
1435 5143 1471 5210 ἡ
1528 5139 1584 5196 δὲ
1632 5143 1812 5208 πίστις
1872 5147 1932 5204 ἐκ

274 5229 399 5284 Θεοῦ
430 5225 723 5302 ὲόράζεται
753 5232 872 5288 τοῖς
904 5226 1094 5298 ἀξίοις.
1129 5228 1189 5284 Ἣ
1253 5229 1343 5283 οῦν
1407 5227 1626 5286 ἐκείνων
1683 5234 1926 5304 ἀπιστία,

267 5319 338 5392 μὴ
368 5319 612 5394 γένοιτο,
646 5317 834 5396 φησὶν,
868 5315 950 5371 ὅτι
985 5316 1168 5388 ἐκνικᾷ
1205 5318 1303 5386 τὴν
1364 5318 1440 5381 εἷς
1500 5321 1630 5376 Θεὸν
1689 5324 1779 5378 καὶ
1839 5321 1928 5380 διὰ

264 5413 392 5465 Θεοῦ
454 5411 835 5484 μεμενηκυῖαν
905 5404 1108 5462 πίστιν.
1149 5412 1310 5462 Ὥστε
1373 5406 1526 5471 τέλος
1580 5407 1786 5484 ἕξουσιν
1871 5416 1926 5469 αἱ

260 5495 606 5577 ἐπαγγελίαι,
668 5494 811 5552 ὥστε
868 5489 1012 5551 ἔστιν
1099 5496 1338 5576 ὠφέλεια
1391 5498 1482 5552 καὶ
1529 5506 1631 5569 τῆς
1703 5522 1921 5579 περιτο.

253 5597 375 5665 μῆς.

312 5772 559 5831 Γινὲσθω
650 5765 712 5827 δέ
795 5767 826 5823 ὁ
917 5762 1048 5828 Θεὸς
1107 5763 1346 5837 ἀληθὴς,
1410 5771 1506 5832 αᾶς
1593 5766 1652 5825 δὶ
1705 5770 1920 5847 ἅνθρω-

2046 3355 2279 3414 minum
2314 3351 2599 3406 sortitura
2631 3365 2644 3402 :
2680 3346 2784 3402 sed
2817 3345 2998 3402 ﬁdem
3029 3344 3330 3416 aspernati
3362 3347 3503 3398 sunt
3519 3349 3712 3399 trans-

2045 3459 2348 3523 gressores
2375 3458 2386 3497 :
2421 3441 2620 3511 itaque
2647 3437 2814 3493 nulla
2835 3441 2926 3492 est
2963 3434 3439 3491 circumcisionis
3457 3433 3705 3491 utilitas.

2047 3539 2208 3593 Hanc
2235 3549 2370 3604 ergo
2393 3529 2829 3586 dubitationem
2860 3525 3301 3588 dissolvens,ait
3327 3541 3339 3579 :
3365 3523 3514 3589 Quid
3546 3524 3708 3579 enim

2047 3627 2096 3683 si
2130 3621 2647 3698 quidamﬂfuerunt
2669 3616 2962 3674 increduli
2979 3616 3166 3671 ?Num
3185 3614 3423 3669 illorum
3439 3612 3710 3669 incredu-

2048 3715 2183 3770 [itas
2211 3711 2387 3768 fidem
2420 3709 2520 3764 Dei
2555 3708 2787 3762 irritam
2817 3704 3042 3760 faciet?
3062 3726 3089 3753 ››
3115 3704 3227 3778 hoc
3250 3709 3340 3758 est
3356 3703 3702 3759 fidelitatem

2049 3799 2516 3876 promissionum
2549 3797 2700 3868 ejus,
2723 3794 3031 3850 veritatem
3064 3791 3706 3847 etimmutabilitatem.

2049 3888 2540 3959 Absit,i:1quit,ut
2568 3900 2676 3957 per
2704 3883 2946 3938 illorum
2970 3880 3473 3948 incredulitatem,
3508 3879 3696 3934 ﬁdeli-

2046 3986 2135 4038 tas
2161 3997 2228 4036 ac
2253 3977 2465 4033 veritas
2493 3991 2625 4046 qua)
2658 3977 2748 4028 est
2765 3972 2826 4027 in
2840 3969 3342 4043 promissionibus
3359 3969 3710 4042 ipsiusvana

2046 4086 2176 4127 esse
2197 4060 2769 4130 convinceretur,vel
2788 4059 3266 4116 circumcisionis
3287 4057 3603 4132 legislatio,
3632 4056 3706 4114 ad

2045 4158 2275 4216 nullam
2303 4155 2625 4212 utilitatem
2659 4151 2910 4217 sancita,
2939 4148 3161 4220 alioqui
3189 4148 3572 4204 enimnullus
3586 4149 3699 4204 cri-

2045 4265 2182 4305 men
2213 4242 2642 4312 haberet,238
2666 4239 2769 4297 sed
2801 4244 3274 4313 transgressores
3297 4238 3445 4310 justi
3479 4242 3700 4296 essent.

2043 4339 2151 4394 Vel
2182 4337 2379 4410 potius
2409 4335 2521 4390 hoc
2542 4331 2916 4388 modo.Absit
2945 4335 3010 4384 ut
3037 4329 3278 4384 illorum
3311 4328 3700 4386 incredulitas

2043 4426 2560 4500 praevaluerit:et
2588 4421 2912 4479 credulitas
2970 4435 3038 4475 ac
3087 4418 3432 4474 omnimoda
3481 4418 3697 4475 veritas

2045 4535 2175 4589 quas
2209 4522 2300 4573 est
2327 4517 2390 4570 in
2422 4515 2550 4585 ejus
2582 4509 3102 4585 promissionibus,
3132 4511 3257 4565 visa
3303 4511 3380 4564 sit
3418 4526 3524 4582 per
3559 4509 3696 4566 illos

2043 4606 2214 4660 irrita
2239 4605 2421 4660 fuisse
2452 4608 2512 4659 et
2540 4602 2907 4674 imperfecta,
2938 4619 3048 4657 nec
3077 4617 3252 4657 suum
3284 4600 3492 4655 sortita
3522 4615 3695 4654 even-

2045 4701 2169 4751 tum
2197 4712 2210 4750 :
2238 4710 2377 4750 nam
2399 4693 2508 4749 etsi
2528 4690 2615 4747 illi
2665 4693 2888 4748 fuerint
2943 4690 3259 4757 increduli,
3318 4690 3444 4760 ipse
3474 4687 3695 4743 nihilo-

2047 4785 2246 4840 minus
2275 4783 2433 4855 quod
2456 4798 2630 4838 suum
2662 4786 2752 4838 est
2770 4781 2928 4845 fecit,
2962 4797 3029 4836 ac
3087 4777 3514 4851 promissiones
3535 4793 3696 4832 com-

2045 4873 2246 4947 plevit.
2280 4876 2482 4929 Potest
2513 4888 2750 4944 quoque
2776 4871 2878 4926 Dei
2908 4870 3054 4926 ﬁdes
3082 4869 3271 4940 accipi
3305 4885 3409 4940 pro
3434 4867 3696 4938 ﬁdequaa

2042 4964 2106 5019 in
2128 4963 2247 5019 illis
2279 4962 2610 5036 permansit
2649 4962 2750 5033 qui
2783 4977 2902 5016 non
2934 4960 3178 5015 fuerunt
3200 4964 3693 5031 transgressores.

2043 5053 2177 5110 Haec
2209 5054 2369 5110 enim
2403 5053 2502 5108 Dei
2536 5051 2684 5106 fides
2714 5055 2895 5121 est,ut
2915 5050 3015 5122 qui
3039 5049 3100 5104 in
3123 5049 3309 5104 Deum
3351 5054 3696 5120 eratetquaa

2040 5159 2075 5198 a
2107 5145 2224 5198 Deo
2256 5144 2377 5198 illis
2409 5147 2640 5198 servata
2664 5146 2810 5197 erat.
2841 5139 3147 5211 Siquidem
3179 5138 3569 5194 incredulitas
3591 5156 3695 5196 ne-

2040 5234 2243 5302 quitize
2275 5240 2364 5288 est
2385 5231 2850 5295 incredulorum,
2873 5229 3019 5285 ﬁdes
3050 5234 3250 5285 autem
3289 5245 3324 5283 a
3356 5229 3469 5285 Deo
3493 5230 3690 5286 ﬁrma-

2037 5330 2136 5380 tur
2164 5323 2223 5378 in
2254 5323 2348 5378 his
2370 5323 2470 5394 qui
2520 5322 2681 5395 digni
2715 5327 2872 5376 sunt.
2933 5320 3102 5375 Absit
3140 5336 3299 5389 ergo,
3360 5319 3576 5392 inquit,
3627 5325 3694 5376 ut

2035 5413 2277 5469 illorum
2309 5411 2699 5468 incredulitas
2743 5411 3005 5467 vinceret
3029 5415 3373 5466 manentem
3410 5411 3470 5466 in
3502 5410 3689 5466 Deum

2033 5508 2093 5560 et
2121 5521 2229 5576 per
2261 5504 2446 5558 Deum
2480 5503 2680 5559 fidem.
2713 5504 2916 5574 Itaque
2949 5503 3133 5558 finem
3155 5519 3224 5558 ac
3260 5501 3686 5575 perfectionem

2032 5592 2340 5649 habebunt
2368 5593 2818 5666 promissiones,
2850 5593 3053 5665 itaque
3101 5592 3330 5648 utilitas
3385 5597 3474 5648 est
3503 5593 3682 5648 etiam

2029 5684 2523 5741 circumcisionis.
3613 5707 3617 5710 ·

2100 5774 2198 5846 ΠΙ,
2229 5776 2282 5830 4.
2315 5773 2404 5832 Sit
2443 5781 2627 5832 autem
2653 5775 2794 5831 Deus
2848 5789 3039 5840 verax,
3079 5787 3256 5829 omnis
3311 5775 3492 5827 autem
3521 5768 3679 5825 homo
