4114 6428
308 409 422 469 371

1433 398 1854 463 OECUMENH
1898 399 2211 461 TRICC/E
2255 405 2644 468 EPISCOPI.

3625 398 3748 459 372

303 543 565 607 mendax,
591 541 732 595 sicut
786 536 1055 608 scriptum
1085 544 1162 594 est
1192 555 1213 594 :
1278 538 1347 594 Ut
1398 536 1726 608 justiﬁcerz's
1773 536 1833 589 in
1863 550 1971 589 ser-

2107 553 2185 596 ῐος
2219 536 2478 611 ψεύστης,
2538 539 2720 602 καθὼς
2777 539 3109 616 γέγραπται.
3169 538 3354 598 Ὅπως
3409 529 3467 587 ἄν
3520 528 3757 587 δικαιω-

305 632 555 686 monibus
586 631 713 698 tuis,
748 634 799 683 et
838 631 1024 685 vincas
1054 645 1177 685 cum
1195 629 1494 700 judicaris.

384 812 564 880 Licet,
598 811 816 883 inquit,
840 811 1135 867 increduli
1183 811 1407 867 fuerint
1434 809 1642 879 Judaei,
1675 825 1796 864 non
1826 824 1965 880 pro-

310 906 517 974 pterea
545 902 771 957 donum
805 902 905 957 Dei
942 902 1174 973 accepit
1227 901 1419 955 ullum
1468 894 1967 972 impedimentum

311 998 415 1047 aut
444 992 810 1046 diminutum
840 997 930 1047 est
964 1008 976 1044 :
1015 990 1120 1046 sed
1150 991 1353 1045 omnia
1380 990 1538 1045 facta
1568 994 1710 1044 sunt
1731 994 1797 1043 ut
1815 1004 1971 1043 com-

309 1080 665 1154 probaretur
695 1082 874 1136 etiam
905 1081 1007 1136 Dei
1027 1081 1240 1136 veritas
1266 1081 1328 1135 in
1353 1080 1447 1135 his
1482 1096 1612 1150 qua?
1643 1078 1757 1151 ipsi
1779 1077 1967 1133 Abra-

310 1170 451 1226 ham
482 1170 1215 1242 promisit,hominumque
1245 1168 1647 1225 mendacium.
1666 1167 1782 1223 Sua
1811 1166 1971 1222 enim

312 1257 753 1328 incredulitate,
773 1258 835 1312 in
869 1259 1054 1313 Deum
1082 1257 1317 1312 mentiti
1351 1262 1511 1322 sunt,
1536 1255 1801 1310 colentes
1833 1253 1975 1309 deos

312 1363 380 1403 ac
438 1347 758 1403 daemones.
822 1347 1021 1403 Aliter.
1073 1346 1161 1402 Sit
1240 1346 1428 1411 vobis,
1516 1345 1735 1417 inquit,
1817 1349 1976 1399 Deus

315 1452 497 1492 verax
548 1441 879 1509 reputetur,
941 1436 1345 1508 intelligatur,
1403 1434 1775 1506 concipiatur
1823 1430 1983 1503 quod

315 1526 470 1584 Deus
501 1544 676 1583 verax
706 1533 817 1597 est,
849 1532 909 1583 et
947 1527 1143 1582 omnis
1190 1529 1369 1583 homo
1405 1525 1660 1581 mendax
1689 1541 1702 1579 :
1737 1521 1897 1594 quod
1930 1521 1981 1577 si

327 1618 410 1674 ita
487 1617 584 1685 sit,
644 1633 989 1689 quanquam
1046 1615 1325 1672 nonnulli
1375 1614 1618 1671 fuerunt
1665 1611 1985 1679 increduli,

325 1708 725 1764 nihilominus
757 1725 888 1779 qua:
919 1709 1076 1764 Deus
1108 1708 1224 1781 ipsi
1254 1707 1553 1763 Abraham
1584 1705 1879 1777 promisit,
1913 1703 1988 1760 ad

323 1797 753 1869 perfectionem
813 1797 1111 1853 deducet:
1171 1796 1471 1869 quomodo
1502 1812 1641 1868 ergo
1687 1790 1994 1850 increduli

2076 629 2177 698 θῇς
2212 627 2262 682 ἐν
2293 635 2412 693 τοῖς
2445 629 2637 710 λόγοις
2669 651 2789 701 σου,
2822 628 2913 685 καὶ
2961 630 3184 704 νικήσῃς
3244 627 3299 683 ἐν
3354 630 3434 700 τῷ
3463 622 3751 700 κρίνεσθαί

2075 735 2163 774 σε.

2156 806 2275 864 Οὐκ
2304 806 2520 880 ἐπειδὴ,
2558 810 2744 887 φησὶν,
2784 808 3088 881 ἠπείθησαν
3145 804 3428 887 Ἰουδαῖοι,
3463 803 3555 861 διὰ
3581 809 3744 861 τοῦτο

2086 892 2415 970 παρεϐλάϐη
2443 920 2496 954 τι
2528 884 2770 974 ὴίδωρεά
2796 902 2894 953 τοῦ
2925 902 3080 966 Θεοῦ,
3188 884 3197 893 ι
3222 896 3546 968 ἠλαττώθηο
3604 893 3760 951 ἀλλὰ

2086 987 2265 1043 πάντα
2295 989 2517 1066 γέγονεν
2546 989 2639 1045 ’ίνα
2671 989 2973 1069 διελεγχθῇ
3003 989 3094 1044 καὶ
3118 992 3216 1046 τοῦ
3248 992 3384 1044 Θεοῦ
3427 987 3490 1042 τὸ
3520 985 3758 1058 ἀληθὲς,

2087 1075 2170 1131 ἐφ’
2230 1079 2316 1142 οῖς
2371 1077 2743 1156 ἐπηγγείλατο
2798 1085 2918 1141 τοῖς
2977 1078 3117 1157 ἀμφὶ
3180 1078 3273 1133 τὸν
3331 1072 3608 1150 ’Δϐραάμ,
3663 1077 3756 1132 καὶ

2086 1171 2195 1222 τῶν
2256 1168 2554 1240 ἀνθρώπων
2611 1170 2675 1225 τὸ
2753 1165 2963 1244 ψευδὲς.
3041 1200 3112 1211 -
3195 1167 3754 1242 [ΟΙΚΟΥΜΕΝΙΟΥ.]

2090 1255 2423 1330 Ἐψεύσαντο
2472 1258 2577 1334 γὰρ
2656 1258 2724 1333 τῇ
2777 1258 3006 1330 ἀπιστίᾳ
3063 1258 3154 1314 τὸν
3241 1257 3398 1325 Θεὸν,
3456 1260 3600 1321 θεοῖς
3652 1253 3765 1311 λα-

2084 1346 2403 1419 τρεύσαντες
2435 1349 2525 1403 καὶ
2578 1347 2851 1422 δαίμοσιν.
2902 1382 2973 1392 -
3026 1346 3275 1411 Ἄλλως.
3332 1349 3544 1423 [ΦΩΤ.]
3607 1344 3762 1401 Γινέ-

2087 1440 2202 1493 σθω
2234 1438 2390 1513 ὑμῖν,
2425 1441 2614 1519 φησὶν,
2667 1440 2694 1495 6
2728 1440 2857 1501 Θεὸς
2917 1438 3157 1509 ἀληθὴς,
3217 1435 3545 1513 λογιζέσθω,
3634 1434 3768 1491 νοεί-

2093 1529 2229 1596 σθω,
2262 1529 2593 1607 φρονείσθω,
2652 1529 2736 1585 ότι
2795 1530 2823 1584 6
2881 1529 3013 1591 Θεὸς
3071 1526 3315 1598 ἀληθὴς,
3364 1527 3454 1582 καὶ
3516 1526 3599 1581 ὅτι
3656 1530 3766 1582 stic

2098 1617 2388 1692 ἄνθρωπος
2412 1616 2671 1692 ψεύστης.
2722 1618 2785 1675 Εἰ
2841 1619 2934 1673 οῦν
2966 1621 3151 1687 τοῦτο,
3185 1615 3232 1672 εἰ
3288 1615 3378 1671 καί
3410 1635 3552 1677 τινες
3604 1617 3769 1685 ἠπεί-

2100 1717 2294 1777 θησαν,
2351 1706 2505 1763 οὐδὲν
2558 1708 2722 1777 ἦττον
2811 1708 2839 1762 6
2910 1705 3039 1770 Θεὸς
3118 1707 3152 1761 ἅ
3237 1702 3615 1781 ἐπηγγείλατο
3685 1706 3769 1775 τῷ

2102 1791 2357 1871 Ἀϐραὰμ
2397 1796 2474 1859 εἷς
2507 1797 2667 1859 τέλος
2715 1794 2845 1868 ἃξει.
2917 1799 3038 1857 Πῶς
3092 1795 3215 1865 οὖν,
3265 1794 3422 1875 φησὶ,
3483 1793 3572 1849 καὶ
3632 1792 3768 1849 ἀπι-

328 1890 542 1943 suntet
570 1886 718 1960 legis
741 1892 1213 1960 transgressores
1234 1886 1395 1953 ‘INae,
1430 1883 1992 1957 inquit,suasipsius

2107 1891 2290 1942 στοῦσι
2320 1887 2410 1942 καὶ
2433 1893 2810 1963 παρανομοῦσι
2847 1906 2861 1955 ;
2895 1885 3025 1954 Ναὶ,
3057 1885 3212 1962 φησί·
3263 1886 3359 1947 τὰς
3422 1885 3527 1959 γὰρ
3561 1883 3767 1945 οἰκείας

334 1976 766 2048 promissiones
798 1975 1171 2044 adducenda,
1204 1975 1347 2031 licet
1386 1975 1475 2030 illi
1519 1980 1993 2046 transgressores

321 2066 550 2121 fuerint
581 2070 640 2121 et
665 2071 1011 2138 peccatores
1024 2065 1355 2138 ,perﬁdiam
1370 2064 1557 2136 magis
1573 2063 1814 2119 illorum
1828 2079 1995 2118 coar-

320 2156 449 2228 guit
478 2172 546 2211 ac
580 2154 1089 2229 ingratitudinem.
1114 2156 1332 2210 Verum
1356 2153 1670 2209 enimvero
1690 2151 1991 2207 excellen-

325 2244 408 2300 tia
437 2261 675 2317 quoque
698 2244 1111 2301 beneﬁcentiae
1139 2259 1207 2300 ac
1223 2242 1488 2299 veritatis
1514 2242 1728 2297 divinae
1740 2241 1993 2313 justitize

328 2334 588 2406 amplius
620 2334 1037 2390 manifestatur
1068 2351 1136 2390 ac
1189 2334 1657 2399 demonstratur,
1693 2337 1751 2387 et
1782 2330 1993 2403 splen-

329 2422 471 2479 dida
510 2425 563 2480 ei
597 2424 827 2480 accedit
852 2441 922 2479 ex
938 2423 1050 2480 hoc
1072 2421 1521 2492 victoria,veluti
1545 2423 1725 2478 etiam
1741 2426 1998 2478 testatur

329 2512 786 2583 David,dicens:
820 2513 1268 2586 Utjustiﬁceris
1319 2513 1383 2567 in
1443 2511 1825 2567 sermonibus
1854 2511 1994 2591 tuis,

334 2608 394 2659 et
422 2603 626 2659 vincas
654 2620 789 2658 cum
810 2603 1104 2675 judicaris
1120 2600 1161 2656 9.
1190 2603 1395 2673 Itaque
1423 2602 1472 2657 si
1505 2618 1576 2657 ex
1599 2601 1996 2673 promissione

334 2693 525 2748 oritur
550 2693 765 2748 veritas
787 2691 1225 2763 promissionis,
1259 2692 1413 2746 hanc
1441 2696 1639 2746 autem
1673 2690 1783 2745 sibi
1814 2688 1994 2744 tradi-

333 2788 457 2838 tam
490 2786 850 2855 acceperunt
877 2781 1063 2837 Judmi
1095 2798 1107 2836 :
1144 2781 1399 2837 multum
1433 2797 1539 2851 per
1568 2795 1810 2835 omnem
1869 2796 1997 2835 mo-

337 2874 479 2928 dum
514 2878 604 2928 est
630 2872 693 2926 τὸ
723 2871 1122 2946 περισσὸνάιοο
1153 2876 1243 2928 est
1273 2870 1629 2927 excellentia
1661 2874 1719 2925 et
1749 2870 1997 2925 circum-

335 2962 479 3019 cisio
492 2961 848 3027 JudaaiJicet
864 2962 1107 3033 quidam
1127 2961 1393 3033 ipsorum
1419 2959 1646 3014 fuerint
1666 2963 1999 3030 transgres-

335 3068 523 3109 sores.
561 3052 716 3108 234
737 3050 1137 3122 Deinde,quid
1169 3065 1328 3122 ergo,
1355 3048 1573 3119 inquit,
1607 3048 1656 3103 si
1691 3062 1760 3101 ex
1789 3052 1997 3102 nostra

336 3142 634 3216 injustitia
652 3144 772 3198 Deo
786 3143 1075 3198 accrescit
1096 3140 1479 3207 victoria,etc.
1492 3159 1517 3191 α
1534 3138 1695 3195 Sicut
1708 3138 1995 3210 scriptum

334 3238 489 3289 est.»
524 3231 777 3289 Adducit
805 3237 864 3287 et
893 3230 1074 3288 David
1095 3229 1357 3302 idipsum
1389 3230 1705 3286 dicentem.
1744 3229 1993 3301 Propter

333 3322 690 3394 hoc,inquit,
712 3322 893 3377 etiam
932 3320 1197 3394 indignis
1227 3324 1471 3392 praestat
1500 3320 1655 3375 Deus
1676 3317 1993 3385 beneﬁcia,

335 3414 403 3466 ut
432 3410 670 3466 bonitas
703 3410 832 3482 ejus
864 3409 1242 3477 ostendatur,
1273 3414 1459 3479 utque
1486 3408 1686 3463 vincat
1734 3406 1834 3461 ubi
1867 3422 2001 3461 cum

338 3499 693 3555 hominibus
724 3500 785 3555 in
808 3499 1109 3572 judicium
1140 3497 1544 3570 congreditur.

410 3590 509 3657 III,
543 3592 596 3656 5,
630 3592 681 3644 6.
706 3590 767 3645 Si
796 3596 978 3644 autem
1034 3589 1316 3659 injustitia
1371 3594 1568 3642 nostra
1602 3586 1707 3641 Dei
1724 3588 2007 3658 justitiam

340 3680 651 3746 constituit,
678 3679 816 3750 quid
879 3678 1117 3733 dicemus
1171 3680 1199 3732 ?
1251 3678 1390 3733 Num
1447 3677 1686 3747 injustus
1717 3677 1856 3732 Deus
1910 3677 2009 3746 qui

340 3769 558 3825 inducit
588 3771 733 3825 iram
759 3771 787 3824 ?
806 3770 1066 3824 Humano
1095 3783 1248 3823 more
1280 3767 1491 3838 loquor.
1524 3767 1731 3823 Absit!

408 3949 676 4020 Objectio.
740 3946 920 4017 Deus,
979 3947 1197 4019 inquit,
1256 3945 1416 4002 bona
1469 3946 1644 4002 nobis
1702 3947 2001 4019 praestitit,

336 4056 447 4096 nos
470 4043 668 4094 autem
703 4038 754 4093 ei
796 4037 1031 4092 mentiti
1059 4053 1267 4093 sumus
1303 4053 1316 4091 :
1350 4041 1676 4107 nostraque
1709 4037 1999 4107 pravitate

330 4133 496 4183 tanto
557 4126 746 4199 magis
793 4125 1137 4181 misericors
1187 4125 1484 4196 apparuit,
1539 4129 1761 4195 quanto
1821 4123 2001 4179 etiam

329 4216 596 4289 indignis
625 4215 785 4270 bona
812 4214 1131 4285 praestitit:
1166 4213 1239 4268 ob
1271 4213 1382 4269 hoc
1417 4230 1554 4285 ergo
1609 4213 1789 4268 etiam
1818 4214 2000 4270 vincit

330 4311 395 4365 in
423 4307 675 4382 judicio.
697 4308 810 4363 Nos
842 4307 1021 4379 igitur
1051 4306 1153 4377 qui
1188 4322 1325 4378 erga
1355 4322 1491 4362 eum
1519 4306 1733 4379 perﬁdi
1751 4305 1998 4374 fuimus,

331 4400 593 4457 victorian
625 4398 1002 4454 occasionem
1031 4396 1349 4453 tribuimus
1377 4414 1389 4452 :
1425 4414 1607 4469 quare
1648 4413 1783 4470 ergo
1828 4399 2002 4470 punit

338 4503 450 4544 nos
473 4503 578 4559 per
607 4503 756 4558 quos
808 4486 1046 4541 vincere
1103 4483 1261 4539 visus
1304 4490 1393 4539 est
1420 4484 1447 4539 ?
1476 4486 1689 4541 Salutio
1731 4485 1994 4556 objectio-

339 4580 445 4633 nis.
480 4578 537 4633 Si
572 4582 636 4632 tu
670 4575 757 4630 illi
791 4592 972 4631 causa
1002 4590 1064 4629 es
1103 4574 1361 4630 victoriae
1394 4580 1451 4631 et
1480 4580 1682 4630 tamen
1710 4577 1887 4647 punit
1917 4581 1993 4642 te,

342 4668 568 4741 injuste
613 4667 767 4740 agit:
800 4665 960 4737 quod
982 4666 1029 4721 si
1061 4665 1320 4737 injustus
1376 4683 1498 4721 non
1549 4671 1639 4721 est
1689 4672 1749 4722 et
1802 4667 1996 4740 punit,
2031 4654 2077 4719 D

346 4759 552 4831 utique
580 4765 641 4813 tu
672 4757 763 4812 illi
794 4774 915 4813 non
946 4773 1008 4811 es
1040 4772 1219 4811 causa
1248 4755 1682 4821 victoriamnam
1704 4757 1821 4814 alio
1851 4775 1998 4829 quo~

345 4865 460 4921 que
490 4848 665 4905 modo
697 4848 751 4903 ei
783 4847 1035 4903 dabatur
1062 4846 1297 4900 vincere
1328 4861 1672 4918 quanquam
1692 4850 1887 4901 tunon
1907 4863 1977 4918 ap

340 4940 643 5012 paruisses
674 4938 866 4993 malus
892 4953 904 4991 :
937 4952 1131 5007 neque
1162 4935 1322 4991 enim
1369 4936 1471 5007 qui
1502 4936 1697 4992 malus
1729 4954 1848 4991 non
1883 4943 1996 5006 est,

340 5029 625 5084 continuo
658 5028 835 5084 etiam
866 5027 1080 5095 dignus
1111 5030 1200 5080 est
1230 5025 1331 5097 qui
1355 5025 1458 5080 Dei
1488 5026 1803 5081 contrahat
1818 5042 1990 5081 amo-

339 5134 483 5173 rem.
522 5118 792 5189 Magnam
823 5122 1022 5173 autem
1054 5133 1125 5171 ex
1170 5116 1262 5171 his
1320 5120 1518 5171 movet
1566 5111 2001 5171 dubitationem

339 5213 518 5279 atque
564 5207 865 5278 sapienter
913 5204 1235 5261 admodum
1290 5222 1358 5261 ac
1415 5205 1744 5277 prudenter
1799 5205 1996 5263 diluit.

345 5296 620 5364 Quidam,
653 5295 868 5367 inquit,
904 5294 1112 5351 dicunt
1145 5312 1158 5350 :
1190 5295 1247 5350 Si
1301 5295 1453 5350 nulli
1483 5301 1851 5367 peccassent,
1900 5312 2012 5351 ne-

348 5402 650 5459 quaquam
683 5386 837 5440 Deus
860 5401 1038 5441 verax
1061 5385 1455 5457 apparuisset,
1477 5402 1857 5458 nequaquam
1908 5387 2012 5459 ju-

359 5482 894 5546 stus,nequaquam
925 5475 1180 5531 vicisset.
1214 5473 1436 5541 Quibus
1466 5491 1577 5530 nos
1606 5474 1875 5532 dicamus
1902 5493 1914 5533 :
1947 5478 2006 5535 Si

355 5571 418 5622 tu
446 5565 560 5638 ipsi
611 5580 789 5622 causa
821 5582 883 5621 es
912 5565 1172 5621 victoriae
1222 5570 1281 5621 et
1309 5564 1575 5621 veritatis
1614 5582 1681 5623 ac
1728 5565 2002 5639 justitias,

411 5746 433 5781 ’
460 5744 615 5801 Psal.
648 5762 703 5802 L.
739 5746 792 5804 6.

2101 1974 2431 2053 ἐπαγγελίας
2481 1977 2644 2032 αὐτοῦ
2693 1976 2933 2052 ἐπάγων,
2993 1975 3210 2031 ἐκείνων
3254 1969 3766 2050 παραϐεϐηκότων,

2099 2065 2189 2121 καὶ
2266 2066 2329 2121 τὸ
2407 2064 2622 2122 ἐκείνων
2679 2064 2931 2143 ἄγνωμον
3007 2063 3099 2120 καὶ
3179 2064 3477 2144 ἀχάριστον
3543 2061 3764 2137 μᾶλλον

2102 2154 2411 2230 ἐλέγχεται.
2472 2154 2549 2213 Οὐ
2605 2157 2710 2228 μὴν
2784 2153 2932 2211 ἀλλά
2989 2154 3078 2210 καὶ
3135 2155 3198 2211 τὸ
3259 2148 3604 2221 ὑπερϐάλλον
3665 2159 3769 2222 τῆς

2106 2242 2413 2320 εὐεργεσίας
2443 2243 2534 2299 καὶ
2596 2243 2854 2314 ἀληθείας
2907 2247 3004 2298 τοῦ
3061 2248 3195 2298 Θεοῦ
3256 2240 3632 2313 δικαιοσύνης,
3678 2241 3769 2297 ἐπὶ

2106 2329 2274 2388 πλέον
2358 2333 2771 2410 ἀπογυμνοῦται
2858 2331 2949 2387 καὶ
3036 2329 3421 2400 ἐπιδείκνυται,
3481 2330 3571 2386 καὶ
3642 2330 3770 2402 νίκη

2106 2421 2255 2494 αὖτῷ
2313 2421 2543 2497 λαμπρὰ
2598 2420 2658 2478 ἐκ
2712 2423 2909 2477 τούτου
2976 2421 3329 2497 περιγίνεται,
3409 2419 3484 2483 ὡς
3568 2421 3662 2476 καὶ
3745 2420 3773 2474 6

2108 2509 2275 2568 Δαυ³ιδ
2312 2518 2574 2588 μαρτυρεῖ
2606 2511 2806 2591 λέγων.
2842 2536 2871 2565 ‹‹
2897 2514 3089 2575 ’Όπως
3124 2511 3186 2567 ἄν
3236 2509 3534 2584 δικαιωθῇς
3565 2509 3619 2565 ἐν
3649 2515 3770 2573 τοῖς

2106 2602 2308 2677 λόγοις
2341 2624 2458 2670 σου,
2489 2602 2580 2657 καὶ
2611 2604 2844 2677 νικήσῃς
2877 2602 2930 2657 ἐν
2960 2606 3041 2674 τῷ
3088 2600 3366 2676 κρίνεσθαί
3398 2621 3476 2658 σε.
3540 2624 3568 2651 ››
3612 2605 3774 2655 Ὠστε

2108 2692 2153 2747 εί
2212 2690 2273 2747 ἐκ
2328 2699 2430 2762 τῆς
2485 2690 2818 2768 ἐπαγγελίας
2866 2693 2929 2747 τὸ
2989 2693 3157 2768 πέρας
3226 2688 3582 2765 ἐπαγγελίας,
3635 2691 3771 2746 ταύ-

2101 2803 2202 2851 την
2234 2779 2290 2836 δὲ
2324 2782 2822 2851 κατεπιστεύθησαν
2853 2783 2904 2838 οἱ
2939 2781 3218 2855 Ἰουδαῖοι,
3251 2779 3396 2837 πολὺ
3426 2781 3563 2836 κατά
3590 2782 3763 2836 πάντα

2102 2873 2164 2926 τὸ
2187 2866 2388 2946 τρόπον
2421 2872 2675 2949 περισσὸν
2709 2876 2807 2927 τοῦ
2866 2869 3153 2942 Ἰουδαίου,
3199 2871 3248 2927 εἴ
3289 2872 3381 2927 καί
3410 2892 3546 2932 τινες
3574 2871 3748 2924 αὐτῶν

2103 2963 2358 3036 γεγόνασι
2408 2956 2737 3036 παραϐάται.
2793 2961 2952 3028 Εἶτα,
2982 2963 3052 3018 Τί
3113 2960 3229 3031 οὖν,
3262 2961 3447 3039 φησὶν,
3481 2960 3526 3015 εἰ
3551 2959 3611 3014 ἐκ
3652 2957 3752 3023 τῆς

2104 3048 2321 3113 ἀδικίας
2396 3054 2557 3123 ἡμῶν
2626 3051 2752 3120 νίκη
2807 3051 3014 3125 γίνεται
3072 3055 3150 3123 τῷ
3212 3055 3387 3124 Sed);
3445 3048 3536 3104 καὶ
3609 3047 3759 3118 ἑξῆς.

2104 3167 2132 3192 u
2171 3141 2362 3206 Καθὼς
2394 3138 2720 3216 γέγραπται.
2769 3162 2792 3193 ι
2823 3139 3061 3216 Παράγει
3094 3141 3182 3195 καὶ
3214 3140 3305 3195 τὸν
3328 3137 3490 3195 Δαυῖδ
3540 3139 3603 3193 τὸ
3635 3136 3768 3192 αὐτὸ

2108 3227 2362 3307 λέγοντα.
2394 3232 2520 3289 ’Ὁτι
2563 3227 2652 3285 διὰ
2706 3233 2893 3303 τοῦτο,
2951 3230 3108 3309 φησὶ,
3167 3229 3258 3285 καὶ
3316 3227 3561 3300 ἀναξίους
3611 3225 3770 3302 εὐερ-

2111 3326 2259 3397 γετεῖ
2289 3322 2316 3376 ὁ
2348 3320 2501 3392 Θεὸς,
2531 3320 2617 3376 ἳνα
2666 3317 2860 3396 δειχθῇ
2921 3318 3085 3375 αὐτοῦ
3140 3319 3203 3374 τὸ
3263 3317 3486 3395 ἀγαθὸν,
3534 3316 3628 3373 καὶ
3681 3314 3777 3373 ’ίνα

2113 3412 2330 3486 νικήσῃ,
2361 3410 2437 3473 εἷς
2470 3409 2644 3484 κρίσιν
2672 3414 2791 3472 τοῖς
2822 3409 3133 3486 ἀνθρώποις
3178 3408 3472 3469 καταστάς.

2185 3595 2250 3651 Ei
2306 3591 2362 3649 δὲ
2419 3595 2454 3662 ἡ
2517 3590 2701 3649 ἀδικία
2756 3594 2918 3665 ἡμῶν
3006 3593 3142 3647 Θεοῦ
3229 3587 3580 3661 δικαιοσύνην
3643 3608 3770 3643 συν-

2116 3686 2317 3756 ίστησι,
2346 3685 2398 3739 τί
2449 3683 2719 3761 ἐροῦμενς
2784 3684 2862 3755 μὴ
2912 3679 3099 3744 ἄδικος
3159 3682 3188 3737 6
3246 3681 3377 3743 Θεὸς
3425 3681 3452 3734 6
3499 3679 3773 3759 ἐπιφέρων

2108 3778 2207 3848 τήν
2292 3776 2464 3853 ὀργήν
2522 3795 2536 3848 ;
2599 3777 2736 3851 (κατ’
2820 3772 3098 3848 ἄνθρωπον
3182 3773 3418 3849 λέγω.)
3509 3773 3603 3841 Μὴ
3686 3768 3771 3847 γέο

2110 3888 2281 3923 νοιτο.

2182 3958 2494 4021 Ἀντίθεσις.
2553 3957 2615 4014 Ὀ
2668 3956 2823 4025 Θεὸς,
2908 3955 3091 4032 φησὶν,
3156 3952 3541 4029 εὐηργέτησεν,
3598 3954 3771 4024 ἡμεῖς

2110 4045 2169 4102 δὲ
2193 4047 2358 4103 αὐτὸν
2389 4046 2751 4119 ἐψευσάμεθα.
2801 4044 2902 4103 Καὶ
2966 4043 3055 4099 διὰ
3101 4044 3200 4113 τὴν
3242 4040 3514 4120 ἡμετέραν
3573 4042 3769 4097 κακίαν

2109 4135 2264 4213 ὤφθη
2304 4133 2517 4209 μᾶλλον
2552 4133 2834 4208 ἐλεήμων,
2869 4136 2981 4207 ὅσῳ
3035 4134 3127 4189 καὶ
3183 4131 3428 4203 ἀναξίους
3462 4133 3764 4206 εὐεργετεῖ.

2108 4226 2206 4280 Διὰ
2238 4229 2399 4280 τοῦτο
2428 4228 2716 4302 τοιγαροῦν
2748 4224 2840 4279 καὶ
2901 4228 3026 4295 νικᾷ
3083 4222 3136 4279 ἐν
3194 4226 3262 4297 τῇ
3319 4222 3516 4297 κρίσει.
3575 4223 3773 4294 Ἡμεῖς

2108 4314 2202 4369 οῦν
2234 4313 2381 4386 αὐτῷ
2425 4311 2930 4389 ἄγνωμονήσαντες,
2979 4314 3079 4383 τὴν
3135 4313 3405 4389 πρόφασιν
3460 4317 3559 4380 τῆς
3614 4309 3778 4381 νίκης

2109 4405 2482 4479 παρέσχομεν.
2518 4402 2666 4457 Διατί
2699 4403 2789 4456 οὖν
2821 4400 3042 4472 κολάζει
3101 4403 3275 4475 ἡμᾶς,
3325 4397 3393 4455 δι’
3452 4399 3546 4463 οὕς
3601 4398 3771 4476 ὤφθη

2108 4496 2269 4547 νικῶν
2306 4512 2318 4561 ;
2353 4492 2539 4554 Λύσις.
2570 4493 2632 4548 Et
2665 4491 2837 4554 αἴτιος
2868 4490 3017 4564 αὐτῷ
3044 4492 3105 4546 σὺ
3157 4498 3260 4561 τῆς
3314 4489 3493 4559 νίκης,
3538 4486 3775 4558 κολάζει

2108 4578 2165 4636 δὲ
2199 4603 2277 4653 σε,
2308 4580 2505 4637 ἀδικεῖ.
2534 4580 2598 4638 Εἰ
2630 4578 2688 4635 δὲ
2729 4578 2920 4643 ἄδικος
2953 4580 3054 4635 οὐκ
3106 4576 3240 4648 ἔστι,
3281 4576 3504 4647 κολάζει
3555 4575 3633 4645 δὲ,
3666 4575 3778 4650 ἄρα

2111 4672 2174 4728 οὐ
2207 4673 2268 4727 σὺ
2300 4671 2448 4741 αὐτῷ
2493 4677 2593 4741 τῆς
2647 4669 2802 4739 νίκης
2844 4668 3041 4731 αἴτιος.
3097 4670 3256 4738 Ἐνῆς
3313 4669 3417 4743 γὰρ
3472 4666 3619 4738 αὐτῷ
3680 4666 3776 4720 καὶ

2111 4760 2300 4822 ἄλλως
2329 4765 2500 4831 νικᾷν,
2533 4761 2629 4815 κᾶν
2664 4758 2726 4813 σὺ
2754 4760 2830 4832 μή
2863 4758 3053 4835 ὤφθης
3093 4758 3278 4821 κακός.
3310 4756 3388 4815 Οὐ
3446 4757 3549 4833 γὰρ
3600 4755 3629 4809 ὁ
3687 4755 3772 4828 μή

2111 4851 2296 4918 κακὸς,
2356 4848 2465 4920 ἤδη
2524 4848 2614 4904 καὶ
2672 4844 2820 4918 ἄξιος
2878 4847 3098 4923 ἀγάπην
3156 4850 3290 4902 Θεοῦ
3347 4846 3775 4909 ἐπισπάσασθαι.

2115 4938 2373 5015 Ἀπορίαν
2410 4936 2466 4993 δὲ
2517 4936 2608 4992 διὰ
2662 4937 2868 4992 τούτων
2906 4935 3149 5013 μεγάλην
3200 4935 3461 5003 ἀνακινεῖ,
3494 4933 3586 4989 καὶ
3644 4932 3778 4989 ἐπι-

2118 5027 2302 5083 λύεται
2335 5026 2457 5084 λίαν
2509 5030 2691 5103 σοφῶς
2743 5025 2835 5080 καὶ
2893 5025 3204 5103 ἐμφρόνως.
3267 5025 3326 5081 El
3363 5025 3440 5096 μὴ
3498 5020 3776 5095 ἥμαρτον,

2113 5119 2298 5197 φησὶν,
2327 5117 2511 5192 ἐροῦσι
2538 5136 2702 5182 τινες,
2763 5115 2862 5169 οὐκ
2916 5116 2976 5169 ἄν
3031 5116 3058 5169 6
3117 5118 3249 5177 Θεὸς
3308 5113 3477 5181 ἐφάνη
3527 5111 3776 5183 ἀληθὴς,

2113 5209 2215 5263 οὐκ
2242 5208 2302 5264 ἂν
2330 5204 2558 5271 δίκαιος,
2611 5206 2715 5260 οὐκ
2762 5203 2823 5259 ἄν
2883 5202 3120 5274 ἐνίκησε.
3154 5205 3300 5279 Πρὸς
3354 5204 3444 5265 οὕς
3495 5202 3773 5277 λέγωμενο

2113 5297 2178 5353 Εἰ
2228 5298 2290 5351 σὺ
2346 5303 2446 5365 τῆς
2496 5295 2649 5365 νίκης
2708 5294 2860 5366 αὐτῷ
2915 5294 3005 5349 καὶ
3075 5300 3173 5363 τῆς
3202 5292 3466 5362 ἀληθείας
3521 5292 3616 5347 καὶ
3673 5294 3781 5361 τῆς

2114 5384 2466 5456 δικαιοσύνης
2525 5382 2722 5455 α’ίτιος,
2781 5387 2900 5446 πῶς
2959 5404 3016 5437 σε
3062 5383 3286 5453 κολάζει
3348 5382 3775 5456 ἁμαρτάνοντας

2112 5482 2229 5538 πῶς
2280 5496 2337 5530 σε
2391 5479 2767 5549 τιμωρεῖται;
2819 5473 2907 5540 Μὴ
2968 5469 3154 5527 ἄδικον
3215 5472 3378 5527 αὐτὸν
3433 5471 3622 5546 ἐρεῖςς
3677 5472 3773 5526 καὶ

2111 5565 2274 5628 ποίας
2333 5562 2683 5632 δικαιοσύνης
2756 5560 2919 5617 αὐτοῦ
3000 5563 3191 5618 σαυτὸν
3277 5559 3459 5638 ἔλεγες
3542 5559 3713 5616 αἶ’τιον
