4114 6384
277 417 398 480 373

1366 413 1788 478 COMMENT.
1838 416 1910 476 ΙΝ
1960 416 2209 478 EPIST.
2259 422 2363 480 AD
2411 420 2602 482 ROM.

3582 423 3704 482 374

273 554 445 608 τοῦτο
469 545 574 625 γάρ
634 548 798 622 οἶμαι
883 545 1092 619 δηλοῦν
1169 548 1360 621 αὐτὸν,
1442 546 1532 604 διὰ
1584 552 1682 605 τοῦ
1739 550 1927 607 εἰπεῖν·

2050 554 2349 625 quomodo
2382 560 2437 611 te
2467 554 2640 627 punit
2667 558 3014 627 peecantem
3034 555 3062 610 ?
3091 554 3389 628 quomodo
3422 560 3476 612 te
3507 557 3700 630 pomis

278 665 312 694 α
346 637 498 697 Ἐπεὶ
528 642 648 701 πῶς
672 643 850 711 κρινεῖ
880 637 909 692 ὁ
958 637 1089 702 Θεὸς
1143 638 1233 693 τὸν
1265 637 1511 713 κόσμον;
1548 661 1577 689 υ
1609 639 1756 695 ’Δντὶ
1812 644 1933 711 τοῦ,

278 735 410 792 Πῶς
431 727 594 784 αὐτὸν
655 725 865 782 δίκαιον
911 723 1096 805 ἔλεγες
1150 728 1239 783 καὶ
1296 729 1489 803 κριτήν
1520 745 1534 798 ;
1569 732 1645 783 Δι’
1702 730 1776 783 ὧν
1832 729 1932 806 γὰρ

279 818 475 876 σαυτὸν
502 815 682 873 αἴτιον
713 811 899 893 ἔλεγες
956 823 1058 888 τῆς
1114 813 1459 887 δικαιοσύνης
1517 817 1703 889 αὐτοῦ,
1743 820 1936 894 κριτὴν

278 907 339 965 ἄν
389 906 710 983 ὡμολόγεις
768 906 861 963 καὶ
922 904 1148 965 δίκαιον.
1207 907 1534 980 Δικαιοσύνη
1590 908 1715 984 γὰρ,
1774 907 1933 972 τέλος

275 997 534 1074 κρίσεως·
582 996 629 1051 εἰ
683 994 773 1051 οὗν
856 995 1040 1070 ἐπάγει
1098 996 1266 1074 ὀργὴν
1340 1001 1458 1060 τοῖς
1540 998 1933 1073 ἁμαρτάνουσι,

273 1094 397 1154 πῶς
452 1085 625 1143 αἴτιοι
680 1093 780 1157 τῆς
841 1083 1192 1159 δικαιοσύνης
1252 1088 1463 1161 αὐτοῦ;
1517 1089 1664 1146 ἀλλὰ
1721 1089 1931 1146 δίκαιον

271 1177 441 1255 ἐρεῖς,
474 1176 691 1256 φησίν;
743 1175 905 1236 Ἀλλ’
944 1176 1044 1233 οὐκ
1099 1173 1249 1254 ἔχεις
1301 1179 1495 1237 εἰπεῖν.
1554 1179 1768 1236 Δίκαιον
1826 1180 1933 1256 γὰρ

271 1266 342 1325 δι’
386 1269 464 1324 ὧν
515 1268 752 1343 ἠπόρεις
803 1266 1263 1346 ἀνωμολόγησας.
1319 1271 1481 1326 Ὥστε
1533 1270 1633 1326 οὐκ
1689 1271 1823 1326 εἰσὶν
1880 1272 1934 1325 οἱ

270 1360 679 1435 ἁμαρτάνοντες
710 1358 836 1413 οὕτε
862 1357 1041 1429 νίκης,
1099 1359 1223 1414 οὒτε
1275 1365 1378 1429 τῆς
1442 1358 1755 1431 Ἀληθείας,
1812 1358 1936 1415 οὕτε

269 1455 369 1520 τῆς
400 1445 755 1513 δικαιοσύνης
794 1446 985 1503 αἴτιοι.
1018 1447 1154 1505 Εῖτσ
1184 1449 1413 1524 προάγει
1463 1449 1555 1505 καὶ
1613 1450 1810 1525 ἑτέρως
1870 1449 1934 1505 τὸ

269 1537 637 1614 ἐπιχείρημα.
706 1538 772 1594 Εἰ
813 1535 901 1592 διὰ
948 1541 1046 1593 τοῦ
1105 1536 1242 1613 ἐμοῦ
1291 1536 1542 1614 ψεύδους,
1592 1539 1667 1601 ὡς
1725 1536 1930 1614 λέγεις,

269 1626 551 1699 δοξάζεται
618 1627 648 1681 6
698 1626 828 1688 Θεὸς
883 1625 1120 1697 ἀληθὴς,
1191 1626 1252 1683 οὐ
1337 1628 1728 1704 κατακρίσεως,
1790 1626 1936 1683 ἀλλά

270 1719 447 1789 τιμῆς
478 1712 774 1770 απολαύειν
808 1712 1023 1788 μᾶλλον
1055 1714 1318 1793 ὤφειλον.
1351 1717 1455 1775 Καὶ
1505 1715 1675 1774 πλέον
1735 1714 1933 1791 ψεύδε-

280 1806 411 1861 σθαι
438 1804 530 1859 καὶ
558 1805 880 1879 ἁμαρτάνειν
940 1798 1049 1860 ἔδει
1110 1827 1199 1880 με,
1238 1803 1330 1862 ’ίνα
1385 1802 1553 1863 πλέον
1586 1804 1874 1878 δοξάζηται
1903 1808 1931 1862 ὁ

287 1893 441 1967 Θεὸς,
473 1893 559 1948 καὶ
584 1892 752 1949 πλέον
784 1893 1070 1964 ἀπήλαυον
1103 1894 1210 1971 ἐγὼ
1240 1900 1347 1951 τῶν
1380 1896 1615 1970 ἀγαθῶν.

2047 643 2324 700 addicit?
2352 661 2497 700 num
2528 644 2699 700 illum
2732 644 2895 700 dices
2925 644 3215 715 injustum
3236 645 3264 701 ?
3291 646 3363 701 Et
3403 647 3575 718 cujus
3598 646 3701 718 ju-

2047 733 2224 788 stitia;
2256 734 2444 805 ipsius
2475 740 2529 789 te
2553 750 2793 790 causam
2824 733 3009 789 fuisse
3054 734 3290 790 dicebas
3310 735 3338 790 ?
3393 737 3537 790 Nam
3589 736 3700 792 hoc

2045 823 2392 894 Apostolum
2413 823 2751 895 signiﬁcare
2780 822 3015 895 opinor,
3034 839 3171 879 cum
3192 823 3276 879 ait
3302 840 3315 878 :
3349 845 3373 874 ιι
3400 827 3543 880 Nam
3558 842 3699 896 quo-

2051 912 2227 967 modo
2249 913 2549 984 judicabit
2577 914 2732 969 Deus
2762 913 3054 968 mundum
3076 913 3103 968 ?
3126 913 3238 968 hoc
3261 917 3369 983 est,
3403 915 3700 985 quomodo

2048 1017 2186 1057 eum
2217 1003 2512 1074 injustum
2542 1002 2772 1059 diceres
2804 1007 2863 1058 et
2882 1002 3152 1074 judicem
3182 1001 3210 1058 ?
3238 1004 3352 1058 hoc
3380 1003 3508 1074 ipso
3540 1005 3701 1060 enim

2048 1091 2209 1163 quod
2241 1093 2496 1165 teipsum
2519 1108 2763 1149 causam
2794 1090 3026 1148 diceres
3048 1092 3303 1164 justitim
3327 1092 3703 1165 ipsius,judi-

2047 1197 2175 1237 cem
2207 1182 2484 1238 fatereris
2505 1199 2574 1238 ac
2597 1183 2872 1254 justum:
2933 1197 3073 1237 nam
3121 1181 3362 1253 justitia
3418 1181 3556 1238 finis
3614 1187 3705 1238 est

2039 1270 2251 1344 judicii
2274 1288 2287 1327 :
2313 1271 2471 1343 quod
2493 1272 2706 1328 siiram
2721 1271 3023 1327 inducitin
3046 1276 3382 1343 peccantes,
3402 1271 3703 1343 quomodo

2047 1359 2139 1415 illi
2167 1377 2348 1417 causa
2380 1366 2519 1416 sunt
2539 1361 2792 1433 justitiae
2819 1360 3053 1431 ipsius?
3082 1364 3170 1416 Au
3201 1377 3339 1433 ergo
3362 1361 3597 1433 justum
3619 1360 3706 1416 di-

2047 1468 2167 1517 ces,
2200 1450 2447 1523 inquit?
2480 1452 2693 1507 Verum
2724 1450 2785 1506 id
2815 1468 2936 1506 non
2966 1455 3135 1523 potes
3157 1450 3356 1506 dicere
3383 1467 3396 1503 :
3429 1467 3570 1506 nam
3595 1467 3704 1523 per

2048 1556 2117 1596 ea
2143 1540 2207 1596 in
2238 1540 2454 1612 quibus
2484 1540 2776 1605 haerebas,
2801 1540 3037 1613 justum
3076 1556 3207 1596 esse
3257 1539 3565 1596 confessus
3614 1557 3700 1604 es,

2047 1632 2171 1686 Non
2204 1634 2345 1685 sunt
2374 1630 2574 1703 itaque
2605 1635 2947 1703 peccatores
2977 1629 3237 1686 victoriae
3295 1634 3398 1685 aut
3442 1629 3707 1686 veritatis

2045 1724 2149 1775 aut
2169 1720 2422 1792 justitia)
2456 1736 2654 1777 causa.
2690 1720 2914 1776 Deinde
2946 1720 3222 1792 producit
3249 1724 3307 1775 et
3363 1720 3479 1775 alio
3524 1719 3702 1777 modo

2045 1814 2484 1881 argumentum.
2511 1809 2568 1865 Si
2592 1825 2700 1881 per
2720 1825 2919 1865 meum
2942 1808 3346 1875 mendacium,
3378 1814 3444 1864 ut
3461 1809 3706 1882 ais,glo-

1964 1878 2010 1942 Β
2041 1899 2310 1954 riﬁcatur
2330 1915 2503 1955 verax
2518 1899 2823 1969 Deus,non
2845 1898 3433 1970 condemnationem,
3449 1898 3554 1955 sed
3574 1898 3700 1972 glo-

283 1986 433 2042 riam
460 1984 723 2058 accipere
756 1985 1103 2056 debueram,
1136 1987 1287 2045 285
1318 1992 1379 2044 et
1401 2005 1497 2045 me
1529 1988 1786 2062 amplius
1814 1988 2055 2044 mentiri
2083 2005 2152 2045 ac
2176 2005 2423 2060 peccare
2457 1988 2741 2061 oportuit,
2793 2005 2911 2061 quo
2958 1988 3217 2060 amplius
3269 1987 3705 2061 glorificaretur

270 2078 450 2141 Deus,
494 2080 554 2131 et
580 2092 686 2148 ego
711 2075 885 2131 bonis
915 2075 1172 2150 amplius
1195 2075 1446 2134 fruerer.

338 2161 522 2222 Ἀλλὰ
608 2165 716 2236 μὴν
773 2160 953 2227 οὐδεὶς
1027 2162 1088 2219 ἅν
1142 2168 1306 2220 τοῦτο
1373 2163 1676 2239 τολμήσειε
1733 2164 1933 2243 λέγειν·

265 2251 450 2323 δῆλον
481 2253 591 2329 γὰρ
623 2253 687 2309 τὸ
721 2251 949 2312 ἄτοπον.
983 2253 1077 2309 Διὸ
1123 2254 1214 2309 καὶ
1272 2251 1327 2309 εἷ’
1375 2274 1518 2319 τινες
1564 2254 1781 2332 λέγουσι
1814 2255 1938 2330 περὶ

263 2346 461 2417 ἡμῶν,
528 2345 615 2398 δτι
674 2348 981 2421 φρονοῦμεν
1040 2343 1114 2406 ὡς
1170 2342 1223 2399 ἐν
1279 2348 1350 2419 τῇ
1401 2346 1590 2420 πράξει
1615 2349 1725 2400 τῶν
1756 2349 1937 2400 κακῶν

262 2430 496 2513 ἔρχεται
529 2435 674 2506 ἡμῖν
702 2432 768 2489 τὰ
819 2433 1016 2509 ἀγαθὰ,
1050 2433 1421 2507 ἀπαραίτητον
1479 2439 1655 2510 κρῖμα
1702 2431 1937 2506 ἕξουσιν,

258 2525 345 2579 ὅτι
426 2523 509 2584 είς
569 2521 910 2593 τηλικαύτην
964 2522 1323 2604 συκοφαντίαν
1392 2526 1540 2597 ἡμᾶς
1598 2521 1937 2600 διασύρουσι.

261 2614 374 2672 Καὶ
430 2612 536 2688 δρα
595 2611 811 2693 σοφίαν.
868 2613 1114 2683 Αὐξῆσαι
1174 2614 1278 2691 γὰρ
1338 2613 1509 2670 θέλων
1565 2614 1628 2669 τὸ
1707 2612 1935 2688 ἄτοπον,

260 2701 393 2760 οὐδὲ
435 2704 571 2764 τοὺς
623 2703 964 2777 ἀποροῦντας
1033 2706 1201 2758 ταῦτα
1284 2706 1445 2759 τοῦτο
1491 2702 1753 2780 λέγοντας
1824 2706 1936 2760 εἶσ-

268 2796 412 2869 ἀγει,
453 2791 589 2848 ἀλλ’
614 2793 831 2867 ἑτέρους
861 2793 1030 2862 τινάς,
1061 2792 1153 2847 καὶ
1187 2790 1545 2871 βλασφημίαν
1592 2792 1724 2849 αὐτὸ
1754 2792 1930 2850 καλεῖ·

262 2886 457 2946 Καθὼς
486 2884 616 2961 γὰρ,
650 2884 807 2961 φησὶ,
845 2882 1344 2961 βλασφημούμεθα.
1380 2886 1442 2940 Εἰ
1475 2886 1569 2940 οὗν
1596 2886 1649 2940 οἱ
1690 2884 1934 2961 λέγοντες

261 2981 428 3033 τοῦτο
483 2975 603 3029 καθ’
657 2976 822 3047 ἡμῶν
897 2973 1266 3049 ἀπαραίτητον
1351 2971 1528 3047 ἕξουσι
1584 2978 1684 3046 τήν
1751 2975 1935 3049 δίκην»

272 3064 475 3137 πολλῷ
508 3061 724 3137 μᾶλλον
786 3061 885 3119 ούκ
941 3061 1415 3139 ἄντολμήσαιμεν
1475 3067 1641 3140 ἡμεῖς
1697 3063 1811 3122 οὐδ’
1851 3068 1927 3129 εἷς

261 3158 395 3211 νοῦν
434 3151 852 3228 παραδέξασθαι,
909 3154 996 3210 ’ὁτι
1052 3152 1105 3209 ἐν
1181 3157 1250 3229 τῇ
1331 3155 1521 3229 πράξει
1579 3158 1686 3211 τῶν
1747 3156 1925 3211 κακῶν

2122 2167 2300 2239 Atqui
2331 2167 2394 2222 id
2423 2184 2599 2224 nemo
2640 2167 2837 2223 dicere
2868 2166 3113 2223 audebit
3145 2184 3158 2222 :
3189 2166 3505 2223 manifeste
3537 2167 3702 2222 enim

2051 2257 2377 2313 absurdum
2409 2263 2519 2313 est.
2554 2256 2690 2313 Ideo
2721 2256 2861 2313 licet
2891 2256 3134 2328 quidam
3164 2256 3237 2311 de
3277 2256 3451 2312 nobis
3482 2256 3703 2324 dicant,

2052 2347 2211 2419 quod
2242 2348 2535 2403 sentimus
2556 2363 2663 2419 per
2692 2346 2990 2402 actionem
3020 2346 3578 2402 malorumventura
3596 2363 3705 2401 no-

2050 2436 2142 2492 bis
2175 2453 2305 2492 esse
2333 2436 2515 2503 bona,
2548 2436 2887 2493 inevitabile
2909 2435 3215 2492 habebunt
3227 2434 3549 2507 judicium,
3568 2435 3711 2507 quia

2050 2525 2125 2581 ad
2157 2530 2381 2581 tantam
2413 2542 2524 2581 nos
2553 2525 2912 2598 pertrahunt
2941 2524 3415 2596 sycophantiam.
3462 2525 3535 2579 Et
3575 2524 3706 2581 vide

2048 2615 2283 2671 consilii
2313 2614 2694 2687 prudentiam
2720 2631 2732 2669 :
2756 2631 2897 2671 nam
2919 2615 3006 2669 rei
3036 2613 3472 2670 absurditatem
3487 2631 3704 2687 augere

2046 2707 2273 2776 volens,
2304 2723 2425 2763 non
2462 2706 2625 2779 ipsos
2656 2706 2759 2778 qui
2785 2705 3135 2763 haasitarent
3160 2704 3395 2763 inducit
3424 2706 3551 2763 haec
3610 2705 3698 2763 di-

2048 2803 2273 2865 centes,
2307 2795 2411 2852 sed
2442 2796 2591 2852 alios
2622 2795 2937 2868 quosdam,
2968 2800 3027 2851 et
3078 2794 3515 2868 blasphemiam
3548 2796 3699 2852 illud

2044 2886 2326 2959 appellat.
2375 2886 2557 2954 Sicut,
2616 2885 2837 2957 inquit,
2882 2884 3276 2957 blasphemiis
3315 2886 3579 2958 jactatur
3625 2885 3698 2942 de

2044 2976 2238 3033 nobis.
2267 2974 2433 3041 Quod
2465 2974 2514 3030 si
2545 2974 2814 3030 dicentes
2859 2975 2973 3031 hoc
3029 2973 3103 3029 de
3159 2974 3333 3030 nobis
3390 2973 3698 3031 habebunt

2038 3064 2384 3121 inevitabile
2405 3063 2705 3137 judicium
2731 3080 2743 3119 :
2776 3080 2973 3135 neque
3003 3080 3115 3119 nos
3145 3062 3503 3120 auderemus
3534 3080 3610 3119 ne
3630 3064 3695 3121 in

2037 3162 2301 3214 mentem
2333 3153 2574 3225 quidem
2606 3153 2929 3225 suscipere,
2962 3151 3120 3225 quod
3137 3168 3243 3225 per
3273 3151 3566 3208 malorum
3599 3169 3694 3210 ac-

255 3242 710 3319 παραγίνεταιτά
751 3242 947 3317 ἀγαθά.
984 3243 1045 3299 Εἰ
1103 3240 1160 3299 δὲ
1220 3243 1298 3316 μή
1329 3247 1513 3311 τοῦτο,
1546 3241 1660 3299 οὐδ’
1692 3242 1775 3300 ὅτι
1832 3242 1919 3300 ἐπὶ

2041 3247 2259 3301 tionem
2291 3242 2612 3300 adveniant
2639 3242 2845 3299 bona:
2899 3240 3060 3314 quod
3110 3242 3156 3296 si
3202 3257 3325 3296 non
3378 3240 3690 3312 audemus,

255 3333 431 3391 πλέον
462 3334 796 3410 ἁμαρτάνειν
826 3330 930 3400 δεῖ,
957 3330 1054 3388 ἵνα
1083 3331 1275 3388 πλεῖον
1328 3330 1559 3406 δοξασθῇ
1591 3334 1620 3389 6
1677 3334 1830 3397 Θεός.
1863 3335 1927 3393 Ei

255 3421 319 3479 δί
353 3419 503 3497 μηδὲ
536 3425 722 3489 τοῦτο,
759 3417 932 3488 δῆλον
965 3420 1040 3481 ὡς
1073 3416 1202 3475 οὐδὲ
1229 3421 1292 3476 τὸ
1329 3418 1533 3495 λέγειν,
1565 3420 1649 3476 ’ότι
1710 3419 1809 3477 Διά
1831 3418 1927 3476 τοῦ

254 3513 399 3589 ἐμοῦ
431 3514 750 3590 ψεύσματος
783 3509 1065 3584 δοξάζεται
1097 3512 1127 3566 6
1166 3510 1297 3574 Θεὸς
1350 3509 1590 3583 ἀληθής.
1621 3512 1737 3570 Οὔκ
1793 3508 1929 3588 ἂρα-

254 3601 444 3667 αἴτιος
474 3608 596 3675 Θεῷ
641 3599 767 3657 οὕτε
822 3608 924 3671 τῆς
970 3597 1235 3671 ἀληθείας
1292 3599 1480 3670 αὐτοῦ,
1537 3599 1661 3657 οὕτε
1711 3602 1811 3673 τῆς
1842 3597 1928 3656 δι-

259 3687 746 3761 καιοσύνης,οῦτε
793 3697 893 3760 τῆς
955 3689 1113 3761 νίκης
1170 3690 1360 3748 αὐτοῦ.
1429 3714 1455 3745 ι
1503 3692 1596 3762 Μὴ
1656 3688 1843 3755 ἄδικος
1897 3693 1926 3747 6

270 3780 414 3842 Θιός
447 3798 465 3848 ;
500 3805 524 3834 ι
561 3780 621 3835 El
650 3777 719 3847 δὲ,
752 3780 942 3853 φησὶν,
976 3778 1037 3834 ἐκ
1080 3785 1181 3849 τῆς
1220 3781 1380 3853 ἡμῶν
1436 3777 1647 3842 ἀδικίας
1711 3777 1925 3854 μᾶλλον

276 3867 549 3925 δείκνυται
579 3871 610 3938 ἠ
642 3868 871 3940 ἀλήθεια
901 3868 993 3924 καὶ
1026 3871 1060 3939 ἡ
1094 3866 1410 3941 δικαιοσύνη
1469 3873 1568 3925 τοῦ
1626 3873 1784 3941 Θεοῦ,
1840 3869 1923 3925 ὅτι

277 3955 345 4029 δὴ
380 3955 504 4014 οὔτε
558 3961 592 4028 ἡ
650 3961 809 4031 ἡμῶν
871 3955 1056 4014 ἀδικία
1111 3956 1381 4015 ἐκώλυσεν
1418 3958 1578 4015 αὐτὸν
1632 3960 1701 4014 τά
1744 3954 1926 4014 δίκαια

265 4055 523 4118 ποιῆσαι,
572 4048 849 4103 τουτέστιν
914 4047 992 4110 εἷς
1048 4046 1209 4110 τέλος
1266 4048 1487 4126 ἀγαγεῖν
1572 4048 1638 4104 τὰ
1686 4049 1927 4124 ὑποσχε-

263 4139 429 4195 θέντα
464 4143 549 4211 τῷ
602 4133 881 4215 Ἀϐραὰμ,
965 4137 1057 4193 καὶ
1109 4136 1209 4192 οὐκ
1267 4135 1326 4192 ἃν
1404 4134 1594 4199 ἄλλως
1676 4132 1831 4218 ὤφθη
1895 4139 1923 4193 ὁ

262 4230 397 4291 Θεὸς
456 4226 669 4289 δίκαιος
723 4229 811 4283 καὶ
869 4227 1111 4299 ἀληθὴς,
1166 4227 1211 4283 εἰ
1274 4229 1350 4301 μή
1408 4230 1574 4301 ἡμεῖς
1624 4228 1921 4305 γεγόναμεν

256 4316 473 4377 ἄδικοι.
530 4319 597 4375 El
652 4314 813 4374 τοῦτὸ
873 4317 1043 4386 ἐστιν,
1104 4313 1208 4393 ἄρα
1261 4315 1467 4383 ἀδίκως
1507 4317 1731 4389 κολάζει
1794 4317 1923 4381 τοὺς

254 4409 478 4471 αἰτίους
531 4407 680 4481 αὖτῷ
736 4408 999 4480 ἀληθείας
1055 4406 1403 4484 γενομὲνους.
1460 4407 1525 4465 EI
1583 4404 1641 4463 δὲ
1674 4408 1749 4481 μή
1801 4406 1922 4462 ἀδί-

250 4520 373 4562 κως
436 4495 692 4568 κολάζει,
778 4499 881 4573 ἄρα
967 4496 1081 4573 οὐχ
1163 4497 1328 4571 ἡμεῖς
1400 4498 1568 4553 αὐτοῦ
1623 4499 1722 4566 τῆς
1781 4495 1925 4567 ἀλη-

2033 3351 2231 3406 neque
2263 3333 2345 3402 id,
2377 3349 2595 3405 nempe
2628 3331 2790 3403 quod
2816 3331 3075 3403 amplius
3121 3346 3373 3404 peccaee
3423 3335 3694 3402 oporteat

2032 3431 2099 3482 ut
2126 3425 2316 3498 magis
2347 3423 2713 3497 gloriﬁcetur
2745 3423 2898 3478 Deus
2931 3439 2946 3488 ;
2980 3422 3029 3476 si
3059 3426 3261 3477 autem
3304 3437 3500 3492 neque
3551 3421 3685 3491 hoc,

2032 3514 2419 3571 manifestum
2446 3516 2537 3567 est
2558 3511 2717 3584 quod
2742 3527 2855 3567 nec
2885 3509 3083 3567 dicere
3107 3509 3265 3581 quod
3286 3525 3418 3565 meo
3442 3510 3687 3568 menda-

2032 3605 2123 3661 cio
2145 3603 2514 3678 gloriﬁcetur
2543 3604 2698 3658 Deus
2729 3618 2922 3659 verax.
2956 3603 3161 3674 Itaque
3194 3600 3314 3657 Deo
3357 3618 3537 3658 causa
3565 3619 3690 3659 non

2034 3711 2166 3750 sum
2187 3693 2278 3748 vel
2294 3692 2555 3748 veritatis
2572 3691 2762 3763 ipsius
2783 3691 2874 3747 vel
2879 3690 2902 3763 j
2912 3691 3131 3747 ustitiaa
3148 3690 3242 3745 vel
3260 3689 3517 3746 victorias
3533 3692 3684 3762 ejus.

2036 3807 2065 3836 «
2092 3786 2242 3839 Num
2273 3782 2533 3854 injustus
2565 3781 2763 3836 Deus?
2784 3800 2811 3833 ι
2837 3780 3004 3846 Quod
3026 3779 3076 3835 si
3099 3796 3172 3835 ex
3202 3784 3427 3849 nostra,
3462 3780 3685 3852 inquit.

2032 3873 2330 3947 injustitia
2361 3872 2471 3928 Dei
2502 3871 2721 3927 veritas
2752 3875 2928 3942 atque
2951 3870 3191 3943 justitia
3211 3871 3397 3944 magis
3419 3871 3681 3927 ostendi-

2031 3969 2149 4032 tur,
2181 3960 2323 4033 quia
2350 3976 2547 4031 neque
2578 3964 2784 4014 nostra
2812 3961 2969 4013 certe
3010 3957 3308 4029 injustitia
3363 3974 3499 4014 eum
3545 3975 3687 4030 pro-

2030 4052 2245 4121 hibuit,
2276 4068 2353 4107 ne
2385 4068 2458 4107 ea
2487 4067 2619 4123 quae
2642 4050 2809 4123 justa
2845 4054 2985 4105 sunt
3028 4052 3247 4122 ageret,
3300 4049 3411 4105 hoc
3475 4054 3566 4105 est
3609 4048 3686 4106 ad

2030 4140 2463 4214 perfectionem
2485 4143 2544 4194 et
2564 4138 2746 4195 finem
2771 4136 3091 4194 deduceret
3110 4154 3243 4209 quas
3278 4138 3529 4195 Abrahm
3545 4154 3681 4211 pro-

2028 4232 2214 4288 missa
2232 4235 2429 4299 erant;
2450 4246 2562 4285 nec
2584 4227 2700 4284 alio
2724 4227 2900 4284 modo
2917 4226 3457 4300 apparuissetDeus
3479 4229 3682 4302 justus

2031 4328 2091 4378 et
2114 4337 2314 4389 verax,
2348 4320 2466 4376 nisi
2498 4336 2607 4375 nos
2637 4317 2778 4375 facti
2806 4316 3129 4374 fuissemus
3159 4318 3370 4391 injusti
3398 4336 3410 4373 :
3472 4318 3522 4373 si
3570 4319 3685 4376 hoc

2029 4412 2112 4467 ita
2138 4416 2246 4480 est,
2269 4427 2407 4483 ergo
2435 4410 2658 4483 injuste
2692 4425 2791 4464 eos
2812 4408 2988 4480 punit
3003 4408 3102 4479 qui
3124 4407 3469 4464 fueruntilli
3502 4425 3684 4464 causa

2027 4501 2327 4557 veritatis:
2360 4500 2520 4572 quod
2551 4500 2599 4555 si
2631 4516 2753 4555 non
2784 4498 3007 4571 injuste
3037 4498 3228 4571 punit,
3264 4498 3444 4571 igitur
3462 4516 3572 4555 nos
3593 4500 3682 4556 illi

250 4591 409 4654 θείας
442 4590 639 4648 αἴτιοι.
673 4613 703 4641 «
748 4589 895 4646 Κατὰ
951 4587 1238 4666 ἄνθρωπον
1272 4588 1441 4665 λέγω.
1479 4613 1507 4642 ι)
1541 4585 1761 4658 Ἐπειδή
1820 4588 1921 4665 γὰρ

2041 4607 2152 4645 non
2176 4606 2384 4645 sumus
2409 4604 2588 4645 causa
2606 4588 2889 4671 veritatis.
2906 4609 2933 4637 ιι
2954 4587 3221 4643 Humano
3235 4587 3684 4659 moreloquor.»

249 4678 632 4758 ἀνθρωπίνοις
687 4676 984 4756 λογισμοῖς
1037 4678 1314 4755 ἐχρήσατο
1398 4679 1498 4735 οὑκ
1552 4677 1681 4734 ὄντα
1738 4675 1921 4733 ἃδικον

252 4766 477 4831 δεικνὺς
538 4767 632 4822 τὸν
691 4767 843 4837 Θεὸν,
922 4766 1129 4844 ἐπάγειο
1192 4768 1336 4825 Κατά
1402 4765 1687 4841 ἄνθρωπον
1749 4764 1921 4843 λέγω,

248 4861 419 4940 φησί,
450 4856 587 4919 τοὺς
619 4855 925 4934 λογισμοὺς
954 4858 1199 4925 τούτους,
1246 4856 1363 4913 ἐπεὶ
1418 4857 1510 4913 καὶ
1570 4855 1757 4927 ἃλλοι,
1813 4880 1921 4937 φη-

249 4949 364 5016 σὶν,
401 4946 509 5003 εἶσὶ
548 4944 810 5022 λογισμοὶ
842 4946 1131 5023 θειότεροι.
1162 4949 1251 5011 Ὠς
1292 4947 1337 5003 εἰ
1396 4948 1571 5020 εἶπεν,
1635 4946 1777 5005 Κατά
1827 4948 1918 5003 ἀν-

255 5037 539 5111 θρώπινον
570 5034 839 5111 λογισμὸν
871 5036 1228 5110 λαλήσωμεψ
1257 5033 1486 5099 ’Ἁδικός
1519 5035 1661 5092 ἐστιν
1691 5038 1720 5092 6
1750 5038 1917 5106 Θεός;

258 5131 349 5198 Μή
379 5129 599 5204 γένοιτο
638 5131 652 5185 l
686 5133 812 5190 [Ιῶς
861 5125 953 5183 οὗν
1004 5129 1173 5202 ὀργὴν
1231 5125 1417 5201 ἰπάγει
1452 5143 1467 5197 ;
1499 5128 1569 5184 Ἦ
1629 5124 1800 5197 δῆλον
1834 5126 1918 5183 ὅτι

261 5216 372 5293 οὔχ
397 5220 565 5293 ἡμεῖς
595 5216 750 5290 αὖτῷ
786 5224 886 5287 τῆς
942 5215 1201 5287 ἀληθείας
1258 5215 1349 5272 καὶ
1408 5222 1508 5287 τῆς
1568 5214 1918 5289 δικαιοσύνης

257 5305 442 5377 αἴτιοι,
476 5306 607 5364 ἀλλ’
639 5307 803 5363 αὐτὸς
834 5308 1030 5379 ἑαυτῷ.

325 5400 475 5457 Ἐπεὶ
505 5405 631 5462 πῶς
663 5404 844 5476 κρινεῖ
901 5399 931 5454 6
987 5398 1117 5460 Θεὸς
1177 5399 1270 5453 τὸν
1342 5396 1601 5472 κόσμον;
1650 5398 1694 5454 εἰ
1744 5398 1847 5476 γάρ
1878 5402 1913 5469 ἡ

250 5486 480 5562 ἀλήθεια
559 5492 667 5546 τοῦ
725 5491 862 5543 Θεοῦ
920 5485 972 5542 ἐν
1029 5490 1109 5559 τῷ
1187 5486 1306 5560 ἐμῷ
1372 5486 1643 5561 ψεύσματι
1695 5484 1917 5561 ἐπερίσ-

244 5599 423 5638 σευσεν
512 5579 599 5642 εἷς
688 5576 793 5645 τὴν
849 5572 1006 5646 δόξαν
1082 5575 1272 5645 αὐτοῦ,
1340 5574 1391 5629 τί
1474 5572 1555 5631 ἔτι
1608 5574 1760 5649 κάγὼ
1835 5577 1911 5639 ὡς

2034 4681 2180 4746 Quia
2200 4679 2361 4734 enim
2382 4678 2663 4735 humanis
2693 4664 3255 4733 ratiocinationibus
3276 4693 3419 4732 usus
3452 4682 3580 4733 erat
3608 4679 3683 4733 ad

2033 4763 2472 4821 ostendendum
2503 4765 2688 4819 Deum
2723 4779 2845 4818 non
2877 4778 3007 4818 esse
3028 4761 3678 4835 injustum,subjungit,

2033 4858 2302 4913 Humano
2332 4871 2498 4911 more
2530 4854 2761 4926 loquor,
2788 4853 3004 4925 inquit,
3027 4853 3134 4908 has
3155 4853 3679 4910 ratiocinationes:

2030 4964 2171 5004 nam
2194 4947 2324 5005 alim
2346 4962 2584 5019 quoque
2608 4950 2748 5001 sunt
2768 4944 2955 5017 magis
2979 4943 3304 4999 divinaa.Ac
3326 4944 3636 5001 sidixisset
3663 4965 3680 5001 :

2031 5040 2301 5095 Humana
2330 5037 2560 5093 ratione
2609 5036 2964 5107 loquamur;
3020 5034 3281 5107 injustus
3330 5040 3421 5090 est
3476 5035 3684 5092 Deus?

2030 5126 2230 5186 Absit!
2264 5126 2570 5194 Quomodo
2599 5142 2736 5197 ergo
2766 5124 2916 5180 iram
2949 5123 3226 5179 inducit?
3258 5127 3396 5193 Aut,
3428 5126 3682 5181 manife-

2030 5225 2187 5275 stum
2217 5224 2307 5275 est
2336 5217 2495 5290 quod
2527 5235 2637 5274 nos
2667 5217 2757 5272 illi
2789 5233 2971 5273 causa
2999 5232 3121 5272 non
3152 5232 3359 5272 sumus
3420 5217 3685 5276 veritatis

2026 5325 2096 5365 ac
2117 5308 2392 5382 justitim,
2427 5308 2532 5365 sed
2560 5308 2689 5381 ipse
2720 5306 2831 5362 sibi
2859 5306 2992 5378 ipsi.

2100 5399 2195 5469 ΙΙΙ,
2236 5399 2358 5454 6-8.
2389 5399 2525 5453 Nam
2555 5395 2828 5468 quomodo
2850 5394 3144 5467 judicabit
3192 5395 3330 5451 Deus
3374 5395 3688 5453 mundum?

2024 5489 2241 5545 Etenim
2269 5491 2317 5545 si
2346 5490 2549 5544 veritas
2579 5488 2675 5543 Dei
2709 5503 2816 5558 per
2842 5503 3021 5542 meum
3048 5485 3393 5542 mendacium
3422 5487 3686 5542 excelluz’t

2022 5583 2082 5636 in
2104 5578 2343 5650 gloriam
2369 5581 2563 5650 ipsius,
2595 5595 2694 5634 cur
2723 5584 2774 5633 et
2804 5594 2900 5649 ego
2930 5577 3113 5634 adhuc
3144 5584 3407 5648 tanquam
3422 5583 3683 5647 peccator

235 5671 577 5755 ἆμαρτωλὸς
660 5667 932 5742 κρίνομαι
985 5683 1001 5735 ;
1058 5665 1146 5755 καὶ
1233 5666 1310 5739 μὴ
1371 5665 1578 5755 (καθὼς
1614 5753 1621 5755 ᾇ
1660 5664 1914 5746 βλασφη..

2041 5670 2283 5725 'udicor?
2320 5671 2393 5724 Et
2422 5687 2553 5739 non,
2586 5671 2729 5725 sicut
2762 5666 3113 5739 blasphemiis
3141 5669 3323 5736 fertur
3353 5664 3420 5720 de
3443 5665 3678 5729 nobis,et

223 5753 499 5851 μοόμεοα,
570 5757 676 5820 καὶ
739 5756 926 5820 καθὼς
992 5754 1117 5835 φασί
1172 5775 1310 5818 τινες
1358 5756 1511 5831 ἡμᾶς
1567 5753 1767 5833 λέγειν)
1824 5756 1909 5814 δτι

2041 5763 2153 5818 icut
2180 5762 2339 5817 aiunt
2361 5761 2590 5833 quidam
2620 5774 2717 5815 nos
2747 5758 2902 5815 286
2954 5760 3154 5827 dicere,
3202 5757 3349 5827 quod
3391 5759 3684 5828 faciamus
