4114 6386
384 437 504 499 3⁵75

1474 431 1891 494 CECUMENll
1935 429 2244 491 TBICC/E
2290 430 2667 493 EPISCOPI.

3693 425 3818 487 376

386 570 554 638 mala,
584 577 647 626 ut
688 572 914 625 veniant
975 568 1169 624 bona?
1224 583 1454 641 quorum
1502 567 1786 638 judicium
1841 567 2047 635 iustum

2168 563 2485 639 Ποίήσωμεν
2507 564 2574 622 τὰ
2602 565 2761 636 κακά,
2801 563 2895 622 ’ίνα
2925 561 3058 641 ἔλθῃ
3087 565 3157 621 τὰ
3183 562 3359 643 ἀγαθά
3385 582 3398 633 ;
3430 563 3503 618 ὧν
3542 561 3606 618 τὸ
3632 566 3810 637 κρῖμα

392 667 491 717 est.

458 841 516 897 Si
549 839 726 910 Deus,
758 839 978 912 inquit,
1010 843 1168 895 esset
1190 838 1862 911 injustus,nequaquam
1877 835 2045 909 judi-

393 936 557 987 caret
585 929 918 986 mundum:
953 928 1151 1001 ipsum
1183 929 1343 983 enim
1372 928 1648 1000 judicare
1706 927 2053 981 manifestat

394 1020 554 1093 quod
568 1019 771 1092 justus
797 1019 892 1085 sit,
927 1024 1143 1074 natura
1174 1019 1333 1074 enim
1366 1018 1434 1073 ad
1450 1015 1844 1090 judicandum
1871 1015 2054 1088 exigit

389 1108 914 1181 utjustusjudicet
942 1110 1220 1181 injustas.
1246 1130 1273 1158 «
1298 1107 1530 1163 Etenim
1553 1108 1601 1161 si
1624 1107 1841 1162 veritas
1865 1107 1989 1175 Dei,
2020 1128 2048 1155 ››

393 1206 505 1256 etc.
537 1199 702 1255 Idem
733 1215 971 1254 rursum
1003 1199 1163 1254 dicit.
1200 1199 1256 1253 Si
1289 1198 1449 1253 enim
1478 1214 1585 1269 per
1639 1198 1772 1264 hoc,
1822 1198 2042 1268 inquit,

396 1289 678 1345 excelluit
712 1288 1324 1360 veritas,justitiaque
1355 1303 1422 1342 ac
1468 1286 1711 1341 victoria
1751 1287 1873 1354 Dei,
1908 1287 2051 1358 quia

394 1395 500 1453 ego
530 1378 735 1450 inique
765 1378 877 1449 egi,
913 1394 1017 1451 ego
1050 1377 1138 1433 illi
1170 1377 1456 1433 mentitus
1492 1392 1645 1443 sum,
1672 1376 1799 1431 sine
1822 1376 2053 1433 ratione

387 1468 626 1540 judicor
653 1486 665 1521 ;
699 1483 794 1522 me
820 1467 1117 1539 siquidem
1149 1465 1539 1522 retributione
1570 1465 1767 1537 potius
1798 1466 2047 1539 dignum

395 1557 601 1614 haberi
633 1556 915 1629 oportuit,
942 1561 1007 1611 ut
1043 1557 1145 1628 qui
1205 1556 1293 1611 iili
1338 1556 1597 1612 victoria:
1657 1573 1723 1611 ac
1784 1556 2052 1612 veritatis

393 1650 591 1722 potius
621 1665 801 1705 causa
828 1648 1097 1704 fuissem.
1134 1649 1308 1719 Atqui
1343 1665 1505 1704 nunc
1537 1665 1642 1720 ego
1689 1664 1870 1703 causa
1921 1664 2043 1704 non

399 1757 552 1807 sum,
580 1740 801 1795 idcirco
826 1744 883 1795 et
904 1756 1009 1811 ego
1030 1738 1288 1811 judicor.
1341 1762 1369 1789 «
1406 1741 1467 1794 in
1499 1738 1749 1811 gloriam
1781 1739 1990 1810 ipsius.
2029 1760 2057 1789 ››

403 1829 475 1887 Ut
503 1830 870 1903 glorificetur
898 1846 1005 1901 per
1024 1829 1330 1885 victoriam
1362 1833 1420 1884 et
1433 1828 1731 1900 justitiam
1756 1842 1823 1883 ac
1845 1828 2060 1884 verita-

404 1924 548 1977 tem.
571 1942 598 1970 ‹‹
618 1920 733 1975 Cur
758 1924 818 1973 et
839 1934 943 1992 ego
970 1924 1255 1990 tanquam
1281 1922 1557 1990 peccator
1576 1917 1855 1989 judicor?
1876 1940 1904 1968 ››
1924 1918 2058 1988 Cur,

2168 1919 2499 1995 ἁμαρτωλὸς
2559 1921 2814 1995 κρίνομαι

406 2009 623 2080 inquit,
656 2014 940 2080 tanquam
982 2014 1321 2080 peccatores
1368 2008 1735 2081 judicamur,
1788 2007 1889 2078 qui
1940 2008 2059 2063 Deo

411 2115 591 2155 causa
610 2098 870 2153 victorias
888 2098 1025 2153 facti
1048 2098 1295 2153 sumus?
1317 2103 1374 2153 et
1403 2114 1525 2153 non
1558 2096 1643 2164 ﬁt,
1678 2097 2061 2168 quemadmo-

411 2187 553 2244 dum
584 2188 770 2260 aliqui
801 2205 910 2243 nos
936 2188 1307 2243 arbitrantur
1334 2187 1579 2243 dicere?
1613 2187 1812 2258 Itaque
1849 2186 2067 2260 suggil-

410 2282 587 2339 lando
618 2284 803 2353 aiunt,
838 2283 997 2354 quod
1022 2282 1313 2338 faciamus
1342 2282 1521 2350 mala,
1564 2287 1631 2337 ut
1682 2282 1783 2337 ubi
1837 2299 1909 2338 ex
1956 2282 2068 2339 hoc

410 2376 888 2432 Deusvictoriam
912 2380 1124 2429 nactus
1141 2374 1340 2444 fuerit,
1366 2373 1657 2446 rependat
1681 2372 1854 2428 nobis
1885 2373 2064 2439 bona,

414 2468 481 2519 ut
510 2463 612 2534 qui
641 2462 903 2518 victoria:
935 2478 1114 2517 causa
1146 2462 1233 2517 illi
1267 2463 1558 2518 fuerimus
1583 2479 1690 2533 per
1719 2462 1878 2517 mala
1932 2478 2063 2533 quae

412 2552 905 2625 perpetravimus.
939 2551 1062 2606 Alio
1090 2552 1270 2606 modo.
1302 2552 1372 2606 Et
1400 2567 1474 2606 ne
1506 2551 1679 2618 illud,
1710 2551 1928 2622 inquit,
1960 2552 2065 2607 flat

414 2640 573 2715 quod
605 2641 803 2696 dicere
827 2640 1260 2707 existimamur,
1282 2640 1439 2712 quod
1463 2656 1532 2695 ex
1553 2640 2066 2711 nostrainjustitia

411 2730 572 2787 Deus
602 2746 712 2785 nos
742 2730 1035 2785 beneficio
1068 2729 1310 2796 afﬁciet,
1341 2734 1406 2784 ut
1439 2729 1538 2801 qui
1569 2729 1828 2785 victorias
1888 2746 2068 2785 causa

412 2819 503 2875 illi
534 2817 843 2875 fuerimus.
880 2824 962 2874 Ne
988 2820 1099 2873 hoc
1120 2824 1320 2875 autem
1353 2818 1475 2875 flat.
1501 2817 1832 2883 Quidnam?
1854 2818 2064 2874 Venire

412 2908 592 2975 bona,
624 2923 855 2980 nosque
886 2924 921 2963 a
950 2909 1066 2963 Deo
1100 2907 1257 2963 affici
1286 2907 1604 2974 beneflcio,
1638 2912 1922 2979 tanquam
1976 2907 2065 2962 illi

409 2999 697 3055 fuerimus
716 2998 977 3055 victorias
999 3004 1293 3053 auctores.
1313 3000 1479 3053 Nunc
1502 2997 1662 3053 enim
1679 2998 2063 3054 contrarium.

406 3092 625 3163 inquit,
655 3089 888 3155 accidit,
933 3105 1073 3145 nam
1106 3087 1285 3144 etiam
1308 3087 1678 3160 judicamur.
1739 3108 1763 3138 a
1799 3088 2064 3153 Quorum

397 3182 690 3257 judicium
720 3183 952 3255 justum
985 3186 1093 3237 est.
1130 3202 1158 3229 »
1193 3180 1520 3235 Audierant
1564 3179 1746 3236 Graeci
1780 3179 2067 3236 Christia-

2159 649 2369 712 ἔνδικόν
2401 655 2535 714 ἐστι.

2230 836 2293 894 El
2323 836 2409 907 ἦν,
2444 836 2631 912 φησὶν,
2665 835 2872 906 ἄδικος,
2933 836 3031 893 ούκ
3076 838 3135 892 ἄν
3191 831 3369 912 ἔκρινε
3422 835 3512 891 τὸν
3569 832 3808 909 κόσμον.

2160 927 2299 985 Αὐτὸ
2330 928 2433 1005 γάρ
2464 929 2526 983 τὸ
2566 928 2761 1005 κρίνειν
2821 925 3010 1000 δηλοῖ,
3063 927 3150 983 ὅτι
3200 924 3406 992 δίκαιός
3464 924 3596 981 ἐστι·
3659 927 3820 1003 φύσις

2158 1018 2260 1093 γάρ
2294 1016 2431 1089 αὕτη
2483 1022 2580 1072 τοῦ
2631 1019 2858 1094 κρίνειν,
2908 1019 2971 1073 τὸ
3022 1017 3113 1072 τὸν
3168 1014 3377 1075 δίκαιον
3431 1016 3630 1091 κρίνειν
3688 1015 3819 1080 τοὺς

2160 1104 2405 1168 ἀδίκους.
2443 1130 2470 1159 ιι
2505 1106 2569 1164 Εἰ
2624 1108 2725 1183 γὰρ
2782 1109 2817 1176 ἡ
2852 1106 3089 1178 ἀλήθεια
3150 1110 3241 1161 εοῦ
3302 1110 3457 1176 Θεοῦ,
3513 1128 3535 1158 ι
3608 1106 3699 1161 καὶ
3755 1106 3827 1161 τὰ

2162 1197 2306 1266 ἑξῆς.
2338 1197 2417 1253 Τὸ
2450 1197 2583 1252 αὐτὸ
2615 1195 2782 1252 πάλιν
2816 1194 2989 1272 λέγει.
3027 1196 3089 1253 El
3122 1196 3226 1273 γὰρ
3274 1193 3365 1250 διὰ
3410 1199 3594 1264 τοῦτο,
3638 1196 3825 1273 φησὶν,

2164 1290 2539 1363 ἐπερίσσευσεν
2572 1292 2606 1360 ἡ
2638 1289 2873 1360 ἀλήθεια
2901 1291 2993 1346 καὶ
3028 1293 3063 1360 ἠ
3109 1287 3427 1360 δικαιοσύνη
3455 1290 3544 1344 καὶ
3600 1291 3637 1359 ἡ
3695 1288 3824 1359 νίκη

2166 1384 2263 1436 τοῦ
2296 1385 2452 1452 Θεοῦ,
2485 1379 2672 1451 ἐπειδὴ
2734 1380 2844 1457 ἐγὼ
2902 1378 3163 1452 ἠδίκησα,
3215 1379 3305 1435 καὶ
3362 1379 3673 1457 ἐψευσάμην
3727 1380 3826 1436 αύ-

2162 1471 2285 1544 τὸν,
2342 1469 2566 1547 ἀλόγως
2620 1471 2899 1547 κρίνομαι.
2963 1469 3113 1526 Ἔδει
3165 1473 3269 1548 γάρ
3334 1491 3399 1544 με
3448 1470 3539 1525 καὶ
3579 1464 3833 1544 ἀμοιὸῶν

2165 1562 2486 1632 ἀξιωθῆναι,
2520 1562 2594 1625 ὡς
2627 1560 2801 1617 αἴτιον
2851 1559 2999 1635 αύτῷ
3027 1568 3126 1631 τῆς
3172 1560 3331 1631 νίκης
3388 1560 3479 1615 καὶ
3539 1558 3831 1631 ἀληθείας.

2167 1649 2346 1707 Ἀλλᾶ
2375 1655 2465 1705 νῦν
2497 1650 2597 1706 ούκ
2625 1650 2735 1729 ἐγὼ
2784 1649 2985 1721 αἶ’τιος,
3039 1654 3332 1725 τοιγαροῦν
3392 1649 3485 1705 καὶ
3542 1650 3830 1726 κρίνομαι.

2171 1740 2324 1805 «Et;
2352 1742 2450 1810 τήν
2501 1738 2656 1813 δόξαν
2715 1739 2906 1800 α·ῗιτοῦ.
2969 1763 2998 1793 ›)
3057 1747 3171 1795 *ινα
3228 1737 3518 1814 δοξάζηται
3552 1739 3639 1795 ἐπὶ
3697 1739 3824 1816 νίκῃ

2164 1831 2254 1884 καὶ
2313 1827 2630 1905 δικαιοσύνῃ
2695 1830 2786 1885 καὶ
2845 1828 3098 1901 ἀληθείᾳ.
3167 1851 3189 1880 ι
3247 1829 3315 1886 Τί
3378 1822 3456 1884 ἔτι
3510 1829 3666 1905 κάγὼ
3748 1830 3825 1893 ὡς

2868 1940 2883 1991 ;
2936 1944 2963 1973 ››
3021 1921 3083 1973 Τί
3131 1919 3447 1994 κρινόμεθα,
3504 1940 3693 1995 φησιν,
3752 1919 3831 1982 ὡς

2173 2008 2519 2081 ἁμαρτωλοὶ,
2552 2010 2603 2065 οἳ
2642 2008 2997 2080 αἵτιοινίκης
3051 2013 3169 2081 Θεῷ
3223 2007 3556 2085 γενόμενοι;
3616 2008 3708 2063 καὶ
3747 2011 3828 2083 μὴ

2169 2099 2369 2175 γίνεται
2401 2101 2584 2165 καθώς
2617 2118 2758 2163 τινες
2814 2102 2966 2174 ἡμᾶς
3012 2098 3302 2173 νομίζουσι
3327 2096 3505 2175 λέγειν
3548 2118 3561 2168 ;
3592 2101 3832 2175 Τοιγαρ-

2173 2193 2267 2243 οῦν
2298 2189 2389 2244 καὶ
2419 2187 2809 2263 κωμῳδοῦσιν,
2854 2189 2938 2244 δτι
2994 2190 3322 2261 Ποιήσωμεν
3380 2188 3443 2243 τὸ
3500 2189 3690 2256 κακὸν,
3739 2186 3834 2243 ’ίνα

2174 2278 2233 2331 ἐκ
2260 2279 2455 2333 τούτου
2485 2280 2715 2349 νικήσας
2769 2280 2797 2333 ὁ
2856 2278 3007 2343 Θεὸς,
3064 2276 3366 2352 ἀμείψηται
3420 2279 3568 2351 ἡμᾶς
3618 2276 3835 2354 εὐεργε-

2173 2369 2339 2438 σίαις,
2372 2369 2447 2430 ὡς
2474 2367 2682 2433 αἰτίους
2709 2370 2868 2439 νίκης
2900 2366 3046 2440 αύτῷ
3097 2367 3449 2444 γενομὲνους,
3509 2365 3559 2440 ἐξ
3593 2368 3667 2421 ὧν
3730 2387 3836 2423 κα·-

2170 2461 2281 2521 κῶς
2311 2456 2636 2533 ἐπράξαμεν.
2668 2492 2739 2503 -—-
2767 2456 3011 2521 Ἄλλως.
3070 2458 3176 2515 Καὶ
3238 2459 3313 2530 μὴ
3354 2458 3579 2534 γένηται
3633 2455 3832 2527 ἐκεῖνο,

2172 2548 2357 2625 φησὶν,
2392 2548 2523 2623 ὅπερ
2558 2546 2735 2623 λέγειν
2790 2546 3151 2621 νομιζόμεθα,
3212 2544 3297 2602 ὅτι
3345 2545 3404 2602 ἐκ
3460 2553 3560 2615 τῆς
3618 2544 3835 2611 ἀδικίας

2169 2638 2330 2708 ἡμῶν
2392 2637 2662 2712 εὐεργετεῖ
2719 2639 2868 2707 ἡμᾶς
2941 2637 2969 2691 δ
3050 2635 3203 2704 Θεὸς,
3270 2634 3345 2697 ὡς
3402 2634 3608 2697 αἰτίους
3682 2635 3831 2709 αύτῷ

2168 2725 2344 2795 νίκης.
2380 2727 2468 2794 Μή
2502 2724 2720 2801 γένηται
2778 2722 2836 2780 δὲ
2896 2724 3087 2781 ἐκεῖνο.
3127 2729 3290 2780 Ποῖον
3323 2744 3338 2793 ς
3397 2725 3473 2780 Τὸ
3504 2721 3681 2780 ἐλθεῖν
3761 2726 3829 2780 τὰ

2169 2815 2362 2889 ἀγαθὰ,
2421 2816 2511 2870 καὶ
2567 2815 2630 2870 τὸ
2719 2814 3115 2889 εύεργετεῖσθαι
3194 2814 3342 2890 παρὰ
3395 2819 3477 2885 τῷ
3559 2818 3687 2885 Θεῷ,
3744 2815 3823 2875 ὡς

2170 2902 2382 2965 αἲτίους
2424 2904 2572 2975 αὐτῷ
2602 2904 2785 2975 νίκης.
2828 2908 2939 2961 Νῦν
3002 2904 3129 2981 γὰρ,
3162 2904 3318 2983 φησὶ,
3352 2903 3416 2958 τὸ
3448 2902 3699 2973 ἐναντίον,
3722 2902 3817 2957 καὶ

2170 2995 2588 3067 τιμωρούμεθα.
2623 3019 2650 3046 (ι
2686 2996 2782 3049 Ὧν
2812 2994 2874 3049 τὸ
2906 3001 3079 3071 κρῖμα
3136 2990 3347 3050 ἔνδικόν
3403 2992 3535 3050 ἐστι.
3573 3018 3594 3044 ι
3623 2993 3824 3050 Ἤκου-

2173 3102 2267 3136 σαν
2309 3078 2583 3152 Ἓλληνες
2642 3089 2753 3137 τῶν
2815 3086 3155 3157 Χριστιανῶν
3217 3080 3509 3158 λεγόντων,
3573 3110 3594 3135 ι
3651 3083 3833 3138 Ὃπου

2172 3169 2495 3227 ἐπλεόνασεν
2524 3173 2559 3241 ἡ
2602 3171 2861 3248 ἁμαρτία,
2925 3171 3436 3247 ὑπερεπερίσσευσεν
3485 3174 3520 3241 ἡ
3576 3173 3761 3248 χάρις.
3801 3196 3831 3224 ›ι

406 3290 517 3329 nos
547 3272 814 3328 dicentes
844 3288 856 3326 :
894 3294 921 3321 ‹‹
955 3270 1063 3326 Ubi
1096 3269 1364 3325 abundat
1392 3269 1697 3335 delictum,
1736 3268 1817 3323 ibi
1876 3270 2058 3342 magis

2176 3260 2281 3319 Καὶ
2329 3261 2484 3316 αὐτοὶ
2542 3261 2636 3334 μὲν
2684 3266 2851 3316 ταῦτα
2899 3257 3107 3338 ἔλεγον,
3166 3263 3252 3317 ’ὁτι
3302 3260 3607 3325 πλεονάσας
3658 3262 3687 3317 ό
3735 3261 3837 3317 κό-

408 3360 752 3418 exuberavit
779 3361 969 3432 gratia
995 3358 1060 3415 ¹⁰.
1096 3383 1116 3411 ι
1157 3363 1226 3413 Et
1273 3358 1386 3430 ipsi
1440 3358 1681 3429 quidem
1741 3358 1854 3413 hoc
1902 3357 2064 3414 dice-

405 3451 571 3518 bant,
607 3449 767 3522 quod
799 3449 1016 3521 plenus
1050 3446 1285 3503 delictis
1315 3446 1575 3502 mundus
1608 3447 1823 3502 Filium
1854 3447 1958 3502 Dei
1990 3447 2064 3503 ad

405 3539 659 3595 salutem
690 3538 1102 3610 pertraxisset,
1141 3542 1198 3591 et
1241 3553 1311 3591 ex
1337 3536 1449 3591 hoc
1507 3535 1828 3591 abundavit
1851 3536 1913 3591 in
1953 3553 2064 3592 nos

403 3627 611 3701 gratia.
648 3628 764 3700 Ipsi
796 3632 993 3682 autem
1027 3624 1183 3697 quod
1216 3625 1441 3680 dictum
1477 3629 1566 3679 est
1614 3624 2059 3697 detorquentes,

403 3716 646 3773 aiebant
672 3716 1043 3771 Christianos
1073 3714 1272 3769 dicere
1303 3714 1461 3785 quod
1492 3730 1739 3786 peccare
1770 3720 2058 3786 oporteat,

401 3809 470 3859 ut
494 3803 760 3859 abundet
788 3804 995 3875 gratia.
1027 3803 1311 3869 Quorum,
1333 3803 1549 3874 inquit,
1580 3807 1723 3875 puta
1754 3802 1865 3858 hoc
1889 3809 2059 3875 pacto

399 3892 793 3965 blasphemiis
809 3909 920 3948 nos
942 3892 1922 3965 impetentium.judiciumjustum
1938 3898 2057 3948 est:

403 3997 471 4037 eo
505 3982 663 4053 quod
702 3981 854 4035 bene
912 3981 1070 4036 dicta
1125 3980 1281 4035 male
1339 3980 1803 4051 interpretantes
1860 3980 2061 4035 detor-

404 4077 647 4142 queant.
683 4101 748 4112 --
780 4070 931 4137 Quid
963 4087 1100 4143 ergo
1123 4070 1151 4125 ‘I
1178 4086 1285 4141 per
1314 4069 1529 4141 legem,
1565 4070 1779 4139 inquit,
1823 4085 1891 4124 ac
1944 4072 2061 4124 cir—

400 4159 833 4215 cumcisionem
867 4158 1016 4213 nihil
1050 4158 1437 4229 percipimus,
1463 4174 1644 4229 supra
1668 4158 1901 4229 reliqua
1927 4175 2057 4229 quae

400 4247 712 4304 habemus.
744 4246 894 4312 Quid
922 4248 1083 4302 enim
1143 4246 1508 4318 percipimus
1554 4246 1861 4318 amplius?
1914 4249 2057 4302 Nam

403 4341 583 4393 antea
613 4335 864 4392 redditis
891 4336 1085 4391 causis
1118 4334 1492 4390 ostendimus
1520 4334 1755 4390 Iudaeos
1787 4352 1854 4390 ac
1899 4336 2058 4392 Gras-

409 4443 533 4491 cos,
567 4432 702 4493 etc.,
735 4441 842 4497 per
872 4424 1165 4480 defectum
1198 4424 1422 4479 dictum
1455 4430 1564 4479 est.
1597 4425 1658 4479 Ei
1696 4425 1857 4480 cnim
1899 4426 2058 4496 quod

406 4515 662 4582 dixerat,
694 4515 845 4580 Quid
877 4532 1013 4587 ergo
1044 4514 1408 4585 percipimus
1441 4514 1745 4586 amplius?
1773 4532 2055 4571 consecu-

2177 3371 2317 3422 σμος
2350 3350 2786 3426 ἁμαρτημάτων,
2845 3350 3006 3406 αὐτὸν
3062 3351 3153 3406 τὸν
3212 3352 3336 3406 Υἱὸν
3388 3355 3486 3406 τοῦ
3542 3354 3677 3406 Θεοῦ
3736 3349 3837 3407 ἐπ·

2172 3440 2440 3494 εσπάσατο
2498 3439 2573 3502 είς
2632 3440 2928 3517 σωτηρίαν.
2970 3440 3074 3498 Καὶ
3130 3437 3188 3496 ἐκ
3244 3439 3440 3495 τούτου
3496 3439 3825 3497 ἐπλεόνασεν

2170 3528 2246 3590 εἷς
2280 3531 2429 3601 ἡμᾶς
2457 3531 2492 3599 ἡ
2527 3530 2712 3605 χάρις.
2772 3529 2939 3587 Αύτοὶ
2999 3527 3056 3585 δὲ
3115 3528 3454 3606 διασύροντες
3490 3530 3553 3586 τὸ
3603 3528 3839 3608 εἰρημέ-

2166 3639 2279 3687 νον,
2312 3612 2541 3692 ἔφασκον
2568 3618 2696 3681 τοῦς
2752 3618 3107 3694 Χριστιανοὺς
3161 3618 3362 3695 λέγειν,
3413 3616 3522 3675 δεῖν
3583 3619 3833 3694 ἁμαρτᾶ-

2166 3729 2297 3779 νειν,
2354 3706 2446 3762 ἵνα
2497 3707 2772 3784 πλεονάσῃ
2835 3711 2870 3779 ἡ
2929 3708 3114 3784 χάρις.
3166 3709 3289 3776 Ὠν,
3350 3708 3506 3790 φησὶ,
3566 3706 3832 3781 δηλονότι

2164 3804 2274 3854 τῶν
2306 3798 2482 3859 οὓτως
2514 3796 2992 3878 βλασφημούντων
3043 3801 3216 3872 ἡμᾶς,
3272 3799 3335 3854 τὸ
3389 3805 3563 3874 κρῖμα
3618 3797 3831 3855 ἐνδικόν

2164 3887 2331 3958 ἐστιν,
2417 3889 2499 3943 ’ὁτι
2558 3888 2648 3944 τὰ·
2707 3886 2894 3951 καλῶς
2955 3888 3216 3964 είρημένα
3302 3895 3485 3953 κακῶς
3547 3900 3833 3964 μεθερμη-

2166 3978 2404 4039 νεύοντες
2454 3974 2818 4051 διασύρουσιν.
2919 4011 2983 4020 --
3040 3980 3332 4053 [ΣΕΥΗΡ.Ἰ
3389 3979 3453 4036 Τί
3514 3980 3656 4049 οὗνς
3742 3982 3837 4037 διὰ

2166 4070 2263 4121 τοῦ
2292 4067 2488 4140 νόμου,
2530 4067 2686 4144 φησὶ,
2734 4068 2825 4123 καὶ
2884 4074 2984 4137 τῆς
3046 4075 3353 4141 περιτομῆς
3392 4065 3546 4123 οὐδὲν
3580 4089 3835 4145 προκατ-

2168 4153 2369 4229 ἐχομεν
2403 4155 2569 4210 πλέον
2601 4156 2673 4209 ὧν
2706 4153 2931 4230 ἔχομεν.
2966 4155 3033 4213 Τί
3065 4157 3157 4211 οὗν
3190 4159 3498 4231 κατὲχομεν
3527 4159 3786 4231 περισσόν
3816 4178 3833 4229 ;

2167 4243 2613 4316 προῃτιασάμεθα
2701 4244 2802 4321 γὰρ
2860 4241 3155 4308 Ἰουδαίους
3210 4266 3269 4300 τε
3338 4245 3429 4300 καὶ
3516 4245 3829 4318 Ἕλληνας,

2168 4332 2258 4387 καὶ
2288 4334 2355 4387 τὰ
2385 4333 2530 4405 ἑξῆς.
2568 4330 2847 4396 Ἐλλιπῶς
2881 4333 3117 4409 εἴρηται.
3150 4339 3242 4408 Τῷ
3283 4337 3410 4412 γὰρ,
3443 4336 3507 4391 Τί
3539 4336 3631 4390 οὖν
3689 4357 3830 4392 κατ-

2170 4422 2371 4497 ἑχομεν
2403 4425 2659 4499 περισσόν
2699 4422 3050 4491 ςᾶκόλουθον
3114 4426 3179 4495 ἧν
3239 4423 3548 4501 ἐπαγαγεῖν,
3607 4427 3707 4495 τήν
3770 4425 3835 4483 ἐκ

2166 4513 2400 4574 πίστεως
2428 4510 2801 4585 δικαιοσύνην,
2827 4514 2960 4589 ὅπερ
3002 4513 3056 4569 ἐν
3083 4519 3201 4576 τοῖς
3251 4516 3374 4588 ἑξῆς
3405 4517 3613 4591 προϊὼν
3647 4514 3830 4593 λέγει.
3880 4586 3897 4597 ν

405 4604 587 4660 tivum
622 4609 748 4659 erat
778 4609 843 4659 ut
872 4603 1231 4659 adderetur:
1290 4604 1588 4659 Justitiam
1619 4620 1750 4676 quae
1798 4622 1868 4659 ex
1918 4605 2055 4674 ﬁde,

2168 4627 2194 4653 ‹‹
2231 4600 2588 4670 Δικαιοσύνην
2624 4607 2780 4673 Θεοῦ,
2834 4600 2923 4657 διὰ
2978 4602 3213 4667 πίστεως
3270 4604 3452 4676 Ἰησόῦ
3513 4610 3771 4677 Χριστοῦ.
3804 4630 3826 4658 ι

402 4695 561 4768 quod
589 4696 651 4750 in
685 4695 1066 4767 sequentium
1116 4711 1433 4767 progressu
1478 4694 1659 4750 dicit:
1707 4696 1856 4751 281
1896 4719 1921 4745 α
1953 4697 2055 4752 Ju-

405 4786 630 4841 stitiam
662 4786 764 4840 Dei
796 4801 904 4857 per
942 4784 1124 4840 fidem
1178 4774 1314 4839 Iesu
1373 4784 1607 4840 Christi.
1647 4808 1674 4834 υ
1734 4785 1883 4850 Quid
1942 4803 2053 4841 nos

402 4891 563 4947 ergo,
596 4875 814 4945 inquit,
845 4874 1106 4946 amplius
1132 4874 1495 4946 percipimus
1517 4874 1545 4929 ‘I
1574 4874 1872 4929 Justitiam
1922 4890 2053 4945 quas

397 4970 488 5019 est
513 4979 583 5018 ex
606 4964 740 5018 ﬁde.
768 4966 912 5019 Nam
946 4969 1121 5019 antea
1150 4963 1400 5018 redditis
1431 4964 1627 5018 causis
1659 4962 2051 5018 ostendimus.

397 5050 702 5117 Quomodo
733 5058 932 5107 autem
987 5058 1164 5109 antea
1212 5052 1461 5107 redditis
1507 5052 1700 5107 causis
1749 5050 2058 5107 ostendit?

402 5142 633 5196 Graecos
649 5141 889 5213 quidem
916 5141 1324 5215 redarguendo
1347 5141 1505 5212 quod
1529 5141 1933 5213 cognitionem
1952 5157 2056 5197 na-

404 5229 659 5285 turalem
683 5231 1248 5301 corrupissent,cum
1268 5232 1407 5286 aitzu
1427 5232 1580 5285 Deus
1594 5231 1755 5286 enim
1779 5230 1924 5301 ipsis
1940 5246 2061 5285 ma-

397 5318 753 5387 nifestavit,»
770 5325 879 5374 etza
905 5321 1045 5375 Cum
1064 5321 1245 5375 Deum
1271 5320 1739 5393 cognovissent,»
1762 5335 1882 5375 non
1906 5320 2061 5375 sicut

398 5409 583 5465 Deum
615 5408 1099 5481 gloriﬁcaverunt
1132 5414 1233 5464 aut
1261 5411 1480 5483 gratias
1512 5416 1783 5482 egerunt.
1825 5409 2059 5465 Iudaeos

396 5515 533 5553 vero
555 5499 703 5570 legis
732 5503 1223 5569 transgressores,
1258 5516 1391 5555 cum
1415 5499 1600 5555 dicit:
1638 5523 1663 5550 «ι
1697 5500 1805 5565 Qui
1836 5499 1897 5554 in
1930 5499 2058 5571 lege

400 5587 707 5662 gloriaris,
743 5610 771 5637 »
803 5595 863 5643 et
891 5587 1214 5644 ostendens
1246 5590 1405 5660 quod
1436 5587 1594 5660 apud
1640 5587 1777 5644 illos
1816 5588 2057 5660 quidem

467 5758 514 5798 ¹⁰
543 5762 711 5817 Rom.
742 5776 799 5828 v,
831 5762 921 5815 20.

2160 4691 2227 4748 Τί
2284 4692 2374 4746 οὗν
2434 4691 2766 4766 κατέχομεν,
2822 4691 2972 4772 φησὶ,
3026 4693 3280 4767 περισσὸν
3342 4696 3506 4767 ἡμεῖς
3544 4695 3698 4764 ;Τήν
3760 4693 3827 4751 ἐκ

2161 4780 2396 4842 πίστεως
2431 4778 2801 4850 δικαιοσύνην.
2849 4781 3303 4856 Προῃτιασάμεθα
3359 4784 3465 4858 γᾶρ
3522 4781 3834 4847 Ἰουδαίους

2161 4891 2218 4924 τε
2248 4871 2337 4924 καὶ
2367 4867 2666 4940 Έλληνας.
2727 4872 2856 4934 Πῶς
2910 4867 2966 4925 δὲ
3020 4873 3395 4946 προῃτιάσατο
3430 4891 3443 4941 ;
3477 4872 3528 4928 ἐν
3569 4876 3648 4945 τῷ
3685 4872 3834 4929 ’Έλ-

2166 4957 2337 5029 ληνας
2401 4958 2497 5032 μὶν
2549 4957 2862 5033 ἀπελέγξαι,
2950 4958 3364 5037 διαφθείραντας
3419 4962 3519 5030 τὴν
3586 4963 3828 5038 φυσικὴν

2165 5053 2388 5123 γνῶσιν,
2440 5046 2493 5102 ἐν
2554 5048 2633 5109 οἷς
2692 5044 2816 5125 ἔφη’
2878 5073 2905 5101 ‹‹
2959 5049 3021 5105 Ὀ
3052 5049 3183 5112 Θεὸς
3252 5050 3356 5125 γὰρ
3412 5050 3599 5114 αὐτοῖς
3627 5049 3831 5126 ἐφεινὲ-

2167 5156 2327 5212 ρωσε,
2364 5160 2392 5189 ››
2426 5139 2551 5206 Καὶ,
2588 5160 2616 5187 α
2646 5138 2773 5195 ’Ὀτι
2824 5132 3039 5212 γνόντες
3096 5138 3187 5193 τὸν
3243 5140 3396 5210 Θεὸν,
3454 5139 3561 5196 οὐχ
3590 5140 3665 5204 ὡς
3694 5140 3832 5195 Θεὸν

2166 5223 2418 5298 ἐδόξασαν
2477 5228 2512 5297 ἢ
2559 5226 2981 5302 εὐχαρίστησαν.
3017 5250 3037 5279 ι
3098 5226 3397 5291 Ἰουδαίους
3448 5226 3526 5297 δὲ,
3582 5224 3830 5303 παραϐε-

2168 5311 2406 5385 ϐηκότας
2432 5316 2522 5372 τὸν
2554 5317 2751 5389 νόμον,
2783 5313 2853 5371 δι’
2884 5319 2959 5372 ὧν
2989 5337 3172 5396 φησιν·
3208 5342 3237 5370 ι(
3267 5320 3363 5382 ’ος
3395 5316 3446 5374 ἐν
3479 5320 3634 5392 νόμῳ
3687 5339 3834 5375 και)-

2167 5411 2354 5481 χᾶσαι.
2390 5429 2419 5457 »
2450 5407 2555 5463 Καὶ
2587 5404 2760 5476 δείξας
2806 5404 2887 5462 ὅτι
2946 5408 3074 5482 παρ’
3129 5410 3215 5470 οἷς
3278 5408 3373 5482 μὲν
3405 5410 3440 5478 ἡ
3474 5409 3630 5487 φύσις
3660 5410 3832 5480 ἦσθε-

2168 5516 2321 5565 νησε,
2353 5496 2479 5570 παρ’
2510 5497 2592 5556 οἷς
2623 5491 2679 5549 δὲ
2709 5494 2799 5549 καὶ
2830 5497 2865 5565 ἠ
2911 5495 3071 5570 φύσις
3128 5497 3219 5551 καὶ
3277 5498 3304 5552 ὁ
3331 5497 3525 5572 νόμος,
3580 5496 3833 5554 ἀκολού-

2171 5586 2280 5649 θως
2308 5585 2406 5653 τὴν
2440 5584 2500 5640 ἐκ
2528 5589 2625 5639 τοῦ
2656 5582 3000 5661 Εὐαγγελίου
3040 5586 3203 5662 χάριν
3262 5585 3487 5661 εἰσάγει,
3520 5587 3610 5643 καί
3670 5607 3829 5664 φησι·
