4114 6410
351 430 478 493 3ἾἹ

1455 431 1860 495 ΟΟΝΜΕΝΤ.
1908 430 1994 491 1Ν
2040 427 2293 490 EPIST.
2340 429 2443 489 AD
2493 428 2680 490 ROM.

3665 432 3785 495 378

349 562 418 620 Τί
450 557 653 639 ἔχομεν
683 562 847 636 ἡμεῖς
880 561 937 618 ἐν
970 563 1070 634 τῆς
1126 564 1362 640 χάριτος
1418 564 1673 640 περισσὸν
1726 561 1817 619 καὶ
1874 559 2016 632 ἐξαί-

2131 561 2425 618 intirmior
2451 562 2566 619 fuit
2595 568 2828 630 natura,
2862 563 3021 635 apud
3046 564 3159 620 hoc
3215 567 3414 621 autem
3471 570 3529 622 et
3575 567 3673 623 lex
3730 574 3790 625 et

355 674 519 730 ρετον
549 671 565 723 ;
595 652 708 723 Τὴν
737 650 920 707 πίστιν
959 653 1059 724 τήν
1109 649 1197 708 διὰ
1254 654 1437 725 Ἰησοῦ
1494 655 1753 731 Χριστοῦ,
1814 648 2022 708 δικαιο-

354 743 530 815 σύνης
562 743 726 797 οὖσαν
758 740 1190 817 ἀπιργαστικήν.

1001 1016 1256 1072 ΚΕΦΑΛ.
1305 1014 1383 1071 E‘.

349 1125 494 1198 Περί
544 1119 908 1198 χάριτος-δι’
970 1123 1038 1198 ᾗς
1097 1121 1372 1198 ἄνθρωποι
1436 1122 1623 1198 μόνονΔ
1664 1121 2027 1198 δικαιοῦνται,

552 1192 701 1270 ’κατὰ
754 1194 909 1270 γένος
968 1192 1447 1270 διακεκριμένως(
1487 1193 1637 1270 ἀλλᾶ
1692 1195 1828 1250 κατὰ
1893 1197 2029 1250 Θεοῦ

431 1264 588 1323 δόσιν
622 1261 888 1339 ἰσοτίμως
921 1268 1059 1322 κατά
1085 1261 1177 1322 τὸν
1210 1261 1462 1342 ’Ἀϐραάμ
1488 1265 1677 1324 τόπον.

428 1372 501 1431 Τί
559 1375 656 1429 οὗν
708 1392 723 1443 ;
784 1372 1192 1449 προεχόμεθας
1252 1374 1330 1431 Οὐ
1396 1375 1630 1437 πάντως·
1690 1373 2030 1449 προῃτιασά-

353 1473 497 1537 μεθα
548 1463 655 1540 γὰρ
718 1458 1020 1523 Ἰουδαίους
1078 1484 1136 1518 τε
1193 1462 1283 1517 καὶ
1341 1460 1623 1532 Ἕλληνας
1676 1461 1879 1525 πάντας
1940 1462 2026 1542 ὑφ,

353 1553 638 1628 ἁμαρτίαν
699 1551 861 1618 εἶναι,
927 1552 1112 1614 καθὼς
1172 1548 1490 1628 γέγραπται,
1550 1551 1632 1607 ὅτι
1718 1551 1828 1607 Οὐκ
1914 1550 2027 1607 ἔστι

359 1640 584 1703 δίκαιος
683 1637 809 1696 οὐδὲ
911 1640 1013 1704 εἷς·

369 1731 513 1788 ’ἐστιν
582 1732 610 1786 ὁ
683 1730 927 1801 ἐκζητῶν
1004 1731 1096 1785 τὸν
1191 1731 1345 1786 Θεόν.
1441 1732 1645 1793 Πάντες
1737 1729 2027 1800 ἐξέκλιναν,

377 1824 495 1896 ἅμα
546 1820 948 1897 ἠχρειώθησαν·
1012 1821 1111 1876 οὐκ
1198 1820 1311 1876 ἔστι
1394 1825 1568 1877 ποιῶν
1655 1820 2029 1897 χρηστότητα,

384 1909 482 1966 οὐκ
527 1908 659 1965 ἔστιν
726 1908 836 1972 ἓως
894 1910 1036 1973 ἑνός.
1095 1908 1282 1984 Τάφος
1336 1909 1677 1989 ἀνεῳγμένος
1737 1911 1765 1966 ὁ
1825 1909 2029 1988 λάρυγξ

376 2000 572 2054 αὐτῶν*
674 2003 797 2062 ταῖς
887 2000 1168 2075 γλώσσαις
1256 1999 1432 2055 αὐτῶν
1519 1997 1859 2055 ἐδολιοῦσαν.
1946 2000 2029 2061 ὶὸς

359 2086 611 2144 ἀσπίδων
686 2089 791 2144 ὑπὸ
856 2088 924 2144 τὰ
1006 2087 1175 2168 χείλη
1269 2089 1463 2145 αὐτῶν.
1536 2091 1635 2145 Ὧν
1707 2090 1771 2145 τὸ
1854 2087 2029 2163 στόμα

352 2179 493 2256 ἀρᾶς
562 2178 659 2233 καὶ
723 2177 950 2253 πικρίας
1017 2177 1195 2255 γέμειτ
1267 2177 1407 2250 ὀξεῖς
1481 2180 1534 2233 οἱ
1617 2176 1783 2241 πόδες
1847 2176 2025 2233 αὐτῶν

353 2267 554 2344 ἐκχέαι
609 2271 770 2341 αἷμα.
825 2268 1152 2343 Σόντριμμα
1236 2268 1327 2323 καὶ
1384 2268 1735 2343 ταλαιπωρία
1801 2266 1853 2322 ἐν
1907 2273 2027 2330 ταῖς

344 2356 507 2420 ὁδοῖς
569 2357 770 2414 αὐτῶν.
831 2355 931 2412 Καὶ
990 2353 1114 2412 ὁδὸν
1172 2356 1403 2432 εΐρήνης
1462 2356 1561 2413 οὐκ
1600 2352 1866 2425 ἔγνωσαν,
1926 2356 2026 2412 οὐκ

341 2442 464 2504 ἔστι
531 2442 709 2525 φόϐος
765 2449 899 2503 Θεοῦ
958 2445 1210 2502 ἀπέναντι
1267 2451 1373 2502 τῶν
1431 2445 1734 2528 ὀφθαλμῶν
1819 2447 2021 2507 αὐτῶν,

415 2536 488 2595 Τί
556 2536 653 2592 οὗν
713 2535 1117 2612 προεχόμεθα;
1174 2536 1250 2592 Τὸ
1334 2536 1545 2612 χωρίον
1600 2540 1762 2591 τοῦτο
1824 2533 2024 2599 διττῶς

350 2627 582 2684 δύναται
652 2626 1084 2703 ἀναγνωσθῆναι,
1151 2624 1241 2681 καὶ
1338 2623 1433 2681 δύο
1498 2626 1585 2680 καὶ
1652 2626 1751 2687 τὰς
1816 2624 2021 2688 ἐννοίας

351 2718 538 2797 ἒχειν,
568 2717 715 2772 Μίαν
749 2716 869 2787 μὶν,
900 2715 974 2777 ὠς
1002 2715 1107 2771 ἀπὸ
1152 2720 1261 2771 τῶν
1325 2713 1603 2772 Ἰουδαίων
1662 2715 2020 2790 προτεινόμε-

353 2828 475 2877 νον,
508 2803 696 2879 ἑτέραν
727 2801 807 2875 δὶ,
857 2805 933 2866 ὡς
986 2803 1095 2859 ἀπὸ
1148 2808 1257 2860 τῶν
1320 2803 1372 2859 ἐν
1429 2799 1760 2881 ἀκροϐυστίᾳ
1816 2808 2022 2860 πιστῶν

346 2890 843 2971 προϐαλλόμενον.
902 2894 969 2952 Ei
1032 2893 1125 2968 μέν
1183 2895 1291 2970 γὰρ
1348 2893 1686 2973 ἀναγνῶμεν,
1756 2916 1778 2945 ι
1812 2895 1879 2952 Τί
1931 2894 2022 2948 οὗν

351 2986 720 3061 προεχόμεθα
745 3005 760 3054 ;
791 3009 819 3034 ι»
850 2984 967 3058 ’ἅμα
997 2983 1331 3060 συνείροντες
1377 2988 1457 3056 τῷ
1487 2983 1885 3061 έρωτηματικῷ
1919 3004 2021 3056 μο-

365 3076 469 3150 ρίῳ
495 3075 594 3144 τὸς
631 3098 663 3127 (ι
697 3074 1082 3150 Προεχόμεθα,
1124 3097 1154 3127 ››
1191 3074 1267 3136 ὡς
1298 3073 1404 3130 ἀπὸ
1432 3079 1542 3129 τῶν
1588 3071 1866 3130 Ἰουδαίων
1920 3071 2023 3142 δη-

362 3162 553 3219 λοῦται
581 3162 1029 3237 προτεινόμενον,
1060 3161 1150 3218 καὶ
1181 3160 1385 3217 ἔννοιαν
1418 3159 1542 3238 ἔχοι
1588 3161 1650 3218 ἄν
1695 3163 1919 3233 ταύτηνο
1951 3162 2020 3219 Τί

352 3251 478 3324 οὖν,
537 3253 699 3333 ιρησί,
750 3252 1084 3328 προέχομεν,
1142 3252 1235 3308 καὶ
1287 3252 1344 3307 τί
1427 3248 1817 3327 ἐκερδήσαμεν,
1874 3270 2015 3324 προ-

2131 659 2362 710 natura.
2383 653 2764 709 Consecutive
2782 654 3030 727 gratiam
3062 671 3193 726 qum
3225 660 3316 710 est
3350 672 3419 711 ex
3467 657 3782 731 Evangelia

2130 742 2380 812 inducit,
2417 747 2475 799 et
2503 744 2616 799 ait:
2651 743 2801 809 Quid
2830 759 2941 798 nos
2974 760 3042 798 ex
3080 745 3269 817 gratia
3325 744 3612 802 habemus
3660 764 3788 804 am-

2130 833 2289 906 plius
2322 838 2381 890 et
2409 833 2759 891 excellens?
2816 833 3021 890 Fidem
3079 852 3213 906 quas
3269 852 3376 907 per
3429 837 3632 893 Jesum
3681 838 3791 911 ju-

2130 920 2306 977 stitim
2339 923 2637 994 operatrix
2668 928 2776 979 est.

2787 1012 3017 1067 CAPUT
3055 1010 3123 1067 V.

2138 1120 2210 1173 De
2236 1122 2426 1189 gratia
2472 1136 2585 1190 qua
2638 1119 2753 1175 sola
2811 1120 3056 1175 homines
3104 1121 3512 1191 justi/icantur,
3570 1122 3786 1180 nullum

2204 1191 2559 1247 discernenda
2587 1207 2779 1261 genus,
2819 1191 2914 1246 sed
2963 1193 3061 1245 Dei
3117 1191 3265 1245 dona
3308 1192 3486 1262 juxta
3540 1194 3781 1251 Abrahae

2204 1269 2398 1333 typum
2436 1264 2728 1333 aequaliter
2753 1264 3119 1317 honorantur.

2207 1369 2353 1437 Quid
2380 1373 2554 1441 igitar
2574 1374 2603 1426 ?
2620 1372 2993 1441 pracellimus
3014 1374 3042 1426 ?
3071 1372 3234 1426 Nullo
3262 1371 3445 1426 Modo.
3507 1374 3647 1428 Nam
3691 1390 3796 1430 an-

2136 1464 2223 1515 tea
2256 1461 2492 1516 redditis
2521 1463 2698 1517 causis
2729 1461 3066 1516 ostendimus
3112 1467 3163 1516 et
3207 1461 3424 1517 Iudaeos
3475 1468 3529 1517 et
3575 1464 3794 1520 Gracos

2135 1552 2365 1605 omnino
2389 1551 2487 1605 sub
2507 1557 2732 1622 peccato
2763 1567 2892 1621 esse,
2924 1553 3064 1605 sicut
3091 1554 3358 1622 scriptum
3401 1559 3480 1607 est
3505 1569 3523 1607 :
3568 1555 3683 1609 Non
3715 1561 3795 1609 est

1117 1639 1216 1697 οὐκ
1316 1635 1458 1695 ἔστιν
1532 1642 1560 1695 ὁ
1636 1642 1853 1707 συνιὼν,
1932 1639 2018 1695 οῦν

2131 1640 2333 1711 justus,
2367 1656 2436 1695 ne
2465 1656 2608 1695 unus
2636 1639 2877 1711 quidem,
2913 1656 3022 1695 non
3054 1646 3129 1696 est
3158 1640 3261 1711 qui
3279 1641 3695 1712 intelligat,non
3715 1648 3795 1697 est

2134 1732 2234 1801 qui
2263 1732 2526 1800 exquirat
2556 1731 2721 1785 Deum
2746 1748 2768 1795 ;
2789 1746 2974 1785 omnes
2994 1730 3431 1798 declinaverunt,
3462 1733 3629 1787 simul
3657 1734 3793 1787 inu-

2137 1819 2259 1874 tiles
2288 1819 2433 1889 facti
2468 1826 2615 1890 sunt,
2648 1836 2756 1874 non
2783 1828 2862 1875 est
2892 1823 2990 1889 qui
3018 1819 3199 1889 faciat
3230 1821 3551 1888 bonitatem,
3584 1838 3692 1876 non
3713 1827 3793 1877 est

2139 1909 2395 1979 usquead
2421 1925 2608 1964 unum.
2658 1909 2983 1980 Sepulcrum
3037 1915 3290 1979 apertum
3338 1916 3535 1980 guttur
3584 1927 3794 1977 eorum,

2144 1998 2350 2067 linguis
2377 2000 2489 2053 suis
2518 1997 2701 2054 dolose
2748 1999 3005 2069 agebant,
3063 2015 3329 2054 venenum
3384 2000 3640 2070 aspidum
3697 2002 3795 2056 sub

2139 2087 2301 2142 labiis
2338 2103 2543 2142 eorum.
2580 2089 2821 2152 Quorum
2852 2103 2910 2143 os
2938 2089 3312 2143 exsecratione
3331 2094 3385 2143 et
3419 2090 3794 2145 amaritudine

2125 2176 2357 2246 plenum
2388 2182 2484 2242 est,
2515 2176 2720 2231 veloces
2740 2176 2910 2246 pedes
2939 2192 3125 2231 eorum
3154 2176 3229 2231 ad
3254 2177 3644 2247 effundendum
3665 2194 3789 2233 san-

2131 2264 2400 2335 guinemi.
2435 2265 2706 2320 Contritio
2737 2273 2789 2320 et
2818 2267 3042 2321 miseria
3070 2268 3128 2320 in
3158 2268 3261 2321 viis
3281 2267 3664 2321 eorum.Viam
3679 2284 3785 2337 pa-

2129 2356 2205 2410 cis
2235 2371 2345 2409 non
2373 2362 2767 2425 cognoverunt,
2799 2371 2909 2410 non
2941 2362 3020 2411 est
3050 2357 3215 2411 timor
3242 2358 3343 2411 Dei
3384 2372 3567 2411 coram
3609 2357 3781 2414 oculis

2130 2460 2315 2499 eorum
2327 2488 2336 2500 ι

2200 2534 2355 2591 238
2388 2532 2451 2589 Τί
2483 2532 2576 2587 οὖν
2600 2528 2994 2609 προεχόμεθα;
3032 2534 3359 2607 Dupliciter
3413 2535 3529 2608 legi
3583 2542 3779 2607 potest

2127 2624 2254 2680 l1th
2266 2624 2559 2696 particula
2572 2640 2640 2680 ac
2651 2624 2951 2698 duplicem
2972 2624 3191 2680 habere
3213 2625 3785 2683 sententiam.Unam

2127 2714 2369 2785 quidem
2400 2719 2468 2769 ut
2496 2731 2530 2770 ει
2560 2714 2779 2770 Iudaeis
2810 2714 3041 2786 prolata
3074 2715 3170 2778 sit,
3204 2715 3453 2771 alteram
3486 2733 3623 2771 vero
3654 2722 3722 2773 ut
3750 2734 3787 2773 a

2126 2803 2495 2875 praeputiatis
2528 2803 2805 2860 fidelibus
2836 2804 2899 2858 in
2932 2804 3193 2860 medium
3217 2804 3518 2861 efferatur.
3551 2806 3783 2862 Etenim

2127 2892 2176 2948 si
2209 2891 2495 2965 legamus.
2538 2893 2689 2958 Quid
2721 2909 2857 2966 ergo
2890 2893 3312 2964 praecellimus,
3346 2894 3527 2949 simul
3558 2911 3780 2951 conne-

2126 2985 2352 3037 ctentes
2365 2985 2503 3037 ante
2515 2982 2996 3055 interrogativam
3008 2982 3363 3054 particulam
3382 2982 3617 3039 verbum
3628 2985 3780 3039 Prae~

2126 3070 2421 3141 cellimus,
2456 3075 2591 3126 tanc
2632 3071 2799 3142 quasi
2833 3087 2867 3125 a
2894 3071 3114 3127 Judaais
3142 3072 3436 3143 prolatum
3463 3072 3771 3145 signiﬁca-

2125 3163 2223 3214 tur
2251 3177 2264 3215 :
2300 3166 2359 3216 et
2388 3161 2541 3216 hanc
2570 3165 2766 3232 potest
2794 3160 3016 3216 habere
3068 3160 3527 3232 intelligentiam
3561 3178 3575 3214 :
3624 3161 3775 3227 Quid

2125 3265 2284 3321 ergo,
2320 3249 2423 3307 ait.
2456 3249 2856 3321 praecellimus
2883 3254 2942 3305 et
2971 3249 3115 3321 quid
3154 3249 3583 3317 lucrifecimus,
3616 3250 3777 3322 quod

346 3324 633 3419 κριθέντες
658 3347 768 3397 τῶν
800 3324 1200 3417 ἄκροϐγύστωνς
1258 3341 1400 3417 Πρὸς
1459 3324 1551 3404 οὓς
1607 3324 1705 3408 τὸ,
1746 3340 1824 3399 Οὐ
1880 3339 2015 3395 πάν-

2131 3339 2499 3411 praeputiatis
2531 3355 2739 3395 sumus
2789 3338 3143 3410 praepositi?
3185 3338 3402 3409 quibus
3452 3340 3626 3394 datur
3671 3339 3779 3395 illa

345 3454 486 3503 τως,
521 3430 817 3507 ἀπόκρισις
874 3427 1220 3486 ἀποδίδοται·
1279 3430 1574 3498 τουτέστιν,
1627 3430 1742 3488 Οὐκ
1789 3430 1850 3486 ἐκ
1894 3450 2020 3485 παν-

346 3523 445 3585 τὸς
476 3523 696 3598 τρόπου
725 3517 919 3597 κέρδος
951 3523 1088 3594 ἡμιν
1119 3525 1303 3580 τοῦτο.
1336 3522 1424 3591 Mi}
1472 3518 1737 3598 φυλάξασι
1794 3520 1893 3596 γὰρ
1951 3519 2018 3575 τὰ

350 3611 810 3687 ἐμπιστευθέντα,
900 3608 1025 3666 οὐδὲ
1110 3608 1207 3684 μία
1290 3607 1542 3688 διαφορὰ,
1627 3607 1752 3665 οὐδὲ
1798 3607 2014 3685 κέρδος,

356 3698 627 3756 ἀλλὰκαὶ
655 3703 690 3771 ἡ
721 3700 971 3774 τιμωρία
1015 3700 1232 3774 μὲίζων.
1288 3699 1479 3763 Οὕτως
1540 3701 1633 3775 μὲν
1685 3705 1731 3755 εί
1778 3697 1830 3754 ἐν
1892 3719 2015 3753 συν-

369 3790 529 3860 επείᾳ
558 3791 638 3860 τὸ,
665 3792 723 3846 Τί
755 3789 873 3859 οὖν,
936 3790 1071 3866 μετᾶ
1107 3795 1203 3845 τοῦ
1253 3789 1608 3871 προεχόμεθά
1652 3811 1735 3852 τις
1785 3789 2013 3863 ἀναγνῷ.

372 3876 438 3933 Εἰ
502 3873 559 3932 δὲ
608 3879 741 3934 κατὰ
799 3876 1097 3949 διαστολὴν
1146 3877 1314 3958 ἄμφω
1369 3884 1543 3934 ποιῶν
1604 3877 2013 3954 ἐρωτηματικὰ,

367 3967 571 4034 καὶτὸ,
602 3968 655 4022 τί
712 3967 832 4039 οῦν,
887 3968 979 4023 καὶ
1034 3968 1097 4024 τὸ
1153 3970 1526 4045 προεχόμεθα·
1586 3969 1677 4023 καὶ
1735 3968 1841 4023 ἀπὸ
1904 3970 2012 4022 τῶν

356 4051 714 4134 ἆκροϐύστων
743 4058 950 4113 πιστῶν
1013 4058 1099 4128 εἲη
1159 4057 1220 4114 ἄν
1282 4055 1739 4134 διαπορούμενον.
1789 4054 2012 4126 Ἐπειδή

351 4148 460 4224 γὰρ
492 4148 871 4222 προεῖτενδτι
928 4145 1074 4202 πολὺ
1132 4147 1194 4202 τὸ
1258 4148 1512 4225 περισσὸν
1568 4152 1667 4203 τοῦ
1724 4144 2012 4216 Ἰουδαίου,

349 4235 550 4312 ἐπάγει
581 4232 976 4310 ὁᾶκρόϐυστος
1028 4234 1303 4311 διαπορῶν
1362 4237 1451 4291 καὶ
1501 4233 1699 4310 λέγων·
1750 4238 1817 4294 Τί
1876 4237 2011 4306 οὗν;

346 4326 765 4401 Προεκρίθησαν
796 4325 1018 4395 ἐκεῖνοι,
1050 4321 1383 4401 προέλαϐον,
1442 4328 1606 4401 ἡμεῖς
1651 4324 2011 4403 προελήφθη-

350 4438 474 4492 μεν,
507 4415 904 4491 προεχόμεθα;
938 4420 1045 4471 ποῦ
1078 4418 1112 4486 ἡ
1141 4420 1240 4471 τοῦ
1271 4420 1405 4472 Θεοῦ
1470 4413 1785 4487 δικαιοσύνη
1825 4434 1839 4484 ;
1875 4414 2012 4490 πρὸς

348 4504 449 4567 οὓς
481 4506 512 4560 ὁ
545 4507 690 4568 θεῖος
720 4503 940 4567 Παῦλός
999 4526 1155 4584 φησι,
1215 4506 1309 4576 Μή
1348 4504 1598 4580 γένοιτοί
1661 4506 1741 4563 Οὐ
1797 4503 2012 4566 πάντως

346 4595 488 4674 γὰρ,
524 4595 681 4672 φησί.
742 4595 837 4663 Μὴ
892 4596 1332 4671 κατορθώσαντες
1392 4596 1507 4670 μέν,
1570 4593 1812 4650 ὗπαίτιοί
1852 4593 2009 4662 εἰσιν,

2125 3429 2473 3500 responsio:
2508 3428 2681 3484 Nullo
2713 3428 2912 3495 modo,
2944 3428 3058 3484 hoc
3108 3432 3219 3496 est,
3267 3428 3327 3483 id
3380 3428 3547 3485 nullo
3596 3427 3773 3484 modo

2124 3517 2300 3574 nobis
2333 3517 2506 3574 cedet
2536 3518 2722 3586 lucro,
2759 3518 2860 3589 qui
2893 3535 3015 3574 non
3049 3518 3409 3575 servavimus
3438 3536 3570 3590 quae
3601 3516 3777 3573 nobis

2125 3610 2447 3667 commissa
2484 3615 2692 3666 erant:
2725 3627 2920 3682 neque
2968 3610 3094 3666 ulla
3144 3610 3499 3668 excellentia
3542 3615 3643 3667 aut
3690 3610 3777 3666 lu-

2125 3716 2312 3764 crum,
2348 3700 2491 3772 quin
2523 3699 2720 3772 potius
2750 3701 2945 3755 acrior
2968 3717 3161 3772 pmna.
3195 3702 3283 3756 Ita
3312 3701 3550 3772 quidem
3575 3699 3777 3756 decla-

2123 3795 2290 3845 ratur
2319 3790 2368 3844 si
2402 3790 2535 3861 quis
2565 3790 2627 3845 in
2659 3790 3085 3861 consequentia
3114 3790 3290 3864 legat,
3324 3790 3473 3856 Quid
3501 3805 3660 3861 ergo,
3694 3788 3773 3843 si-

2123 3880 2412 3935 muleum
2465 3877 2820 3957 προεχόμεθα
2870 3881 2956 3949 (ut
3011 3879 3309 3947 signiﬁcet
3356 3878 3776 3950 praecedimus).

2124 3968 2181 4024 Si
2214 3985 2351 4024 vero
2380 3985 2486 4040 per
2506 3968 3300 4039 distinctionem,utrumque
3326 3967 3775 4023 faciatiuterro-

2123 4060 2401 4133 gativum,
2435 4064 2494 4115 et
2521 4057 2582 4113 τὸ
2617 4056 2710 4112 οὖν
2733 4064 2792 4115 et
2818 4056 3171 4132 προεχόμεθα
3197 4075 3210 4126 ;
3246 4063 3304 4113 et
3341 4076 3376 4114 a
3404 4056 3776 4131 praeputiatis

2124 4149 2400 4205 ﬁdelibus
2430 4149 2491 4204 in
2523 4150 2914 4220 quaestionem
2942 4150 3243 4205 aﬁ‘eratur.
3277 4149 3427 4215 Quia
3448 4148 3605 4202 enim
3632 4163 3778 4219 prae-

2123 4239 2272 4295 dixit
2300 4238 2551 4295 multam
2580 4255 2708 4294 esse
2739 4239 2922 4295 Judaei
2983 4238 3420 4302 excellentiam,
3471 4236 3779 4311 subjungit

2123 4327 2452 4384 dubitando
2482 4328 2870 4400 praeputiatus
2897 4333 2956 4384 et
2984 4327 3098 4383 ait:
3140 4326 3291 4393 Quid
3349 4342 3487 4400 ergo
3510 4325 3537 4380 ?
3591 4328 3772 4383 Ante-

2122 4418 2298 4490 positi
2332 4423 2471 4474 sunt
2500 4418 2586 4473 illi
2618 4434 2687 4474 ac
2715 4424 3164 4490 prmverterunt,
3198 4434 3309 4473 nos
3364 4433 3500 4472 vero
3547 4434 3775 4488 praeoc-

2124 4507 2324 4580 cupati
2356 4524 2561 4563 sumus
2591 4513 2651 4563 et
2688 4508 3001 4580 superati?
3031 4510 3199 4574 (Nam
3239 4508 3321 4563 ita
3349 4506 3581 4579 passive
3612 4508 3779 4578 capi-

2124 4604 2221 4655 tur
2244 4600 2639 4674 προεχόμεθαι,
2667 4601 2768 4656 ubi
2802 4607 2892 4656 est
2922 4601 3022 4656 Dei
3049 4599 3331 4672 justitia?
3370 4601 3596 4666 Quibus
3627 4600 3778 4655 divi-

349 4682 547 4758 ὥσπερ
606 4684 698 4739 καὶ
757 4685 915 4757 ὑμεῖς
970 4685 1048 4758 μὴ
1107 4687 1570 4760 κατορθώσαντες,
1637 4684 2016 4759 κατορθωσάν-

2131 4706 2235 4744 nus
2261 4689 2500 4757 Paulus,
2536 4690 2705 4745 Absit
2733 4689 2745 4745 l
2779 4691 2996 4760 inquit,
3028 4689 3196 4746 nullo
3226 4688 3423 4744 modo.
3466 4689 3559 4744 Illi
3593 4690 3641 4744 si
3658 4688 3774 4742 vir-

348 4796 465 4830 των
501 4771 562 4828 δὶ
590 4775 883 4848 ἑκατέρων,
934 4771 1028 4845 ἴση
1061 4776 1096 4842 ἡ
1136 4773 1402 4849 σωτηρία,
1458 4774 1597 4830 ὥστε
1649 4774 1714 4828 οὖ
1773 4774 2015 4852 προέχε-

349 4865 471 4920 σθε.
506 4896 576 4905 -
606 4860 855 4926 Ἀλλως.
890 4862 1177 4940 Μάχεσθαι
1228 4860 1380 4920 δοκεῖ
1430 4865 1496 4918 τὸ
1526 4886 1551 4916 σ
1604 4862 1674 4920 Τί
1730 4863 1825 4918 οὗν
1874 4882 2015 4934 προ-

350 4952 686 5029 εχόμεθα,››
716 4952 808 5007 καὶ
840 4953 983 5023 ἑξῆς,
1028 4953 1163 5029 πρὸς
1222 4954 1285 5008 τὸ
1343 4952 1658 5029 εἴρημένον,
1717 4952 1801 5008 ὅτι
1860 4949 2014 5006 Πολὺ

346 5045 492 5100 κατᾶ
520 5043 698 5098 πάντα
725 5040 929 5118 τρόπον
978 5042 1042 5098 τὸ
1099 5045 1352 5120 περισσὸν
1410 5046 1518 5098 τῶν
1562 5040 1864 5115 Ἰουδαίων,
1922 5044 2011 5098 καὶ

345 5136 385 5204 ἡ
417 5131 666 5211 ὠφέλεια
693 5138 798 5201 τῆς
832 5139 1160 5208 περιτομῆς.
1196 5134 1353 5210 Λέγει
1413 5132 1515 5209 γὰρ
1574 5132 1686 5187 ἐκεῖ
1736 5132 1831 5206 μὶν
1875 5153 2015 5207 προ-

344 5222 651 5298 κεκρίσθαι,
738 5220 829 5276 καὶ
896 5218 1070 5276 πλέον
1171 5222 1300 5285 τοὺς
1399 5220 1818 5297 περιτετμένους
1904 5223 2012 5276 τῶν

345 5307 705 5387 ἇκροϐόστων
762 5306 935 5386 ἔχειν,
996 5311 1224 5375 ἐνταῦθα
1281 5308 1339 5366 δέ
1396 5310 1548 5367 οὐδὲν
1598 5313 1882 5391 προέχειν.
1941 5314 2012 5369 ’Ἠ

344 5402 451 5458 οὔκ
518 5396 636 5457 ἔστι
696 5398 1071 5476 μαχόμενον;
1131 5402 1279 5457 Ἐκεῖ
1329 5401 1423 5474 μὲν
1484 5401 1587 5479 γὰρ
1635 5400 1803 5456 πλέον
1863 5394 2011 5477 ἔχειν

345 5493 531 5571 φησὶν,
602 5492 714 5547 ἀπὸ
769 5498 874 5560 τῆς
961 5491 1375 5569 φιῖανθρωπίας
1427 5492 1518 5546 καὶ
1603 5489 1863 5562 ἀληθείας
1917 5496 2012 5547 τοῦ

349 5586 507 5653 Θεοῦ,
540 5582 625 5638 ὅτι
650 5581 723 5636 τὰ
756 5578 934 5654 Λόγια
979 5579 1414 5651 κατεπίστευσεν,
1474 5579 1556 5635 ὅτι
1611 5580 1706 5642 τὰς
1765 5579 2012 5656 ὑποσχέ-

348 5692 460 5734 σεις
503 5670 832 5749 ἐπλήρωσε,
889 5669 967 5743 μὴ
1025 5666 1296 5734 κωλυθεὶς
1356 5669 1463 5724 ὑπὸ
1514 5672 1624 5725 τῶν
1680 5668 2014 5741 ἀπιστησάν-

348 5782 480 5819 των.
540 5762 818 5824 Ἐνταῦθα
900 5754 959 5813 δὶ
1027 5755 1163 5814 αὐτὰ
1219 5758 1339 5814 καθ’
1395 5758 1561 5814 δαυτᾶ
1622 5759 1690 5816 τὰ
1744 5758 2013 5834 πρόσωπα

2122 4783 2278 4834 tutes
2306 4778 2548 4849 quidem
2566 4778 2842 4851 bonaque
2873 4795 3055 4851 opera
3075 4778 3399 4851 negligant,
3423 4778 3615 4851 poenis
3637 4781 3779 4833 sunt

2123 4868 2385 4935 obnoxii,
2420 4868 2574 4924 sicut
2603 4874 2663 4924 et
2691 4885 2792 4923 vos
2824 4885 2959 4924 cum
2991 4868 3148 4923 bona
3164 4867 3542 4941 negligeretis
3572 4883 3774 4939 opera,

2123 4957 2391 5028 utrisque
2415 4962 2610 5013 autem
2635 4957 2786 5013 bene
2808 4957 3193 5029 operantibus
3214 4956 3463 5028 mqualis
3484 4962 3574 5011 est
3589 4956 3773 5013 salus:

2124 5066 2245 5105 non
2277 5049 2457 5122 igitur
2486 5047 2862 5104 excedimini.
2893 5080 2966 5088 —
2998 5049 3201 5104 Aliter.
3243 5049 3515 5120 Pugnare
3545 5046 3779 5102 videtur

2125 5160 2154 5190 ‹‹
2187 5138 2336 5204 Quid
2360 5138 2538 5210 igitur
2555 5136 2584 5192 ?
2609 5137 3025 5209 praecellimus,
3050 5160 3077 5187 ››
3100 5136 3279 5208 idque
3302 5135 3459 5207 quod
3481 5136 3773 5209 sequitur,

2123 5245 2257 5283 cum
2291 5244 2359 5283 eo
2392 5227 2551 5299 quod
2570 5226 2794 5281 dictum
2814 5231 2931 5282 est:
2954 5225 3135 5281 Multa
3156 5243 3512 5297 peromnem
3531 5225 3775 5283 modum

2125 5323 2215 5374 est
2245 5319 2598 5375 excellentia
2626 5318 2835 5384 Judtei,
2887 5336 2956 5374 ac
3006 5317 3481 5374 circumcisionis
3525 5316 3771 5373 utilitas.

2124 5410 2269 5464 Nam
2299 5408 2380 5463 ibi
2413 5408 2557 5464 dicit
2583 5425 2685 5464 eos
2712 5409 3080 5479 antepositos
3112 5424 3243 5464 esse
3293 5412 3353 5463 et
3397 5406 3627 5479 aliquid
3669 5407 3774 5463 ha—

2123 5498 2261 5553 bere
2315 5497 2682 5553 excellentiae
2713 5497 3098 5553 circumcisos
3130 5513 3313 5568 supra
3340 5496 3729 5569 praaputiatos
3755 5511 3770 5550 :

2125 5587 2219 5642 hic
2248 5592 2447 5642 autem
2478 5586 2629 5641 nihil
2659 5587 3022 5658 praecellere.
3059 5588 3175 5642 Aut
3203 5586 3471 5641 fortassis
3492 5583 3660 5640 nulla
3681 5586 3773 5638 est

2121 5677 2535 5751 repugnantia.
2569 5677 2711 5733 Nam
2746 5676 2828 5732 ibi
2859 5675 3087 5748 aliquid
3112 5674 3480 5731 excellentius
3502 5672 3648 5727 dicit
3668 5686 3769 5727 eos

2120 5767 2342 5824 habere
2362 5766 2437 5822 ob
2456 5766 2559 5824 Dei
2583 5765 2862 5823 videlicet
2888 5764 3315 5837 benignitatem
3342 5779 3411 5819 ac
3438 5760 3767 5834 veritatem,
