4114 6448
281 389 400 450 379

1426 387 1843 452 CECUMENII
1886 392 2197 454 TRICO/E
2238 396 2621 461 EPISCOPI.

3592 400 3710 466 380

288 526 390 599 qui
412 525 532 583 illis
554 525 791 597 eloquia
818 524 1315 599 concredidit,qui
1334 527 1939 600 promissionescom-

2054 529 2319 605 συγκρίνει
2371 538 2481 589 τῶν
2560 530 2909 610 ἀκροϐύστων
2966 535 3058 592 καὶ
3139 541 3248 593 τῶν
3297 557 3707 613 περιτετμημε-

284 617 487 690 plevit,
514 616 680 671 nullo
712 621 954 687 accepto
981 616 1414 689 impedimento
1438 616 1903 689 perincredulos
1932 634 1945 672 :

286 707 384 761 hic
415 712 614 761 autem
643 706 802 778 ipsas
835 706 1067 763 confert
1097 725 1204 779 per
1235 725 1296 762 se
1318 725 1605 780 personas
1629 709 1946 765 circumci—

286 812 488 851 sorum
519 812 587 851 ac
620 796 1113 868 praaputiatorum
1141 814 1154 852 ε
1191 802 1247 853 et
1280 797 1426 853 dicit
1451 798 1596 871 ipsis
1621 797 1772 853 nihil
1795 798 1948 853 alte-

292 906 392 944 ros
423 888 629 945 alteris
660 889 1005 961 prmcellere
1063 890 1367 961 Siquidem
1399 892 1500 963 qui
1541 892 1815 947 virtutem
1845 909 1947 947 co-

281 979 414 1034 lunt
437 979 849 1050 cujuscunque
895 980 1015 1034 sint
1047 980 1297 1048 ordinis,
1338 980 1633 1037 beneﬁcio
1666 981 1947 1036 similiter

283 1067 604 1125 fruuntur:
640 1086 998 1141 rursumque
1027 1075 1518 1142 transgressores,
1556 1071 1673 1126 sive
1727 1087 1798 1126 ex
1831 1071 1945 1126 cir-

286 1158 568 1214 cumcisis
601 1158 741 1224 sint,
776 1158 895 1214 sive
956 1160 1347 1231 praeputiatis,
1403 1159 1783 1216 consimilem
1832 1159 1945 1215 sibi

289 1247 437 1321 ipsis
466 1264 702 1320 pcenam
736 1248 1163 1304 conciliabant.

360 1339 513 1396 239
540 1340 666 1393 Non
690 1338 890 1410 itaque
910 1338 1372 1411 pugnant.Nihil
1395 1338 1796 1411 praecellimus
1821 1354 1834 1393 :
1863 1344 1943 1405 et,

286 1429 468 1485 Multa
485 1433 573 1483 est
590 1428 1166 1499 excellentialudaei,
1190 1445 1257 1484 ac
1282 1428 1758 1484 circumcisionis
1779 1427 1942 1483 utili-

281 1519 583 1590 taetjuxta
606 1516 791 1572 alium
825 1519 983 1573 enim
1018 1517 1257 1573 modum
1282 1518 1360 1573 ibi
1388 1518 1612 1573 dictum
1641 1522 1751 1586 est,
1779 1517 1950 1589 juxta

278 1607 565 1664 aliumhic
579 1608 944 1679 comparatio
959 1608 1175 1663 tradita
1196 1609 1448 1665 est.Cum
1460 1624 1597 1678 ergo
1613 1608 1671 1663 in
1687 1606 1951 1679 superio-

275 1700 441 1755 ribus
454 1696 1371 1765 dixissetExcellentiaJudmi,ac
1387 1695 1942 1753 docuissetJudaauru

278 1787 497 1843 habere
526 1785 964 1853 excellentiam,
997 1786 1070 1841 ob
1103 1786 1504 1841 concreditam
1534 1785 1749 1857 legem,
1785 1801 1950 1841 nunc

278 1875 543 1932 ostendit
564 1876 726 1947 ipsos
751 1874 980 1931 nullam
1003 1873 1222 1973 habere
1248 1872 1941 1945 excellentiam,quodil-
1974 1908 2020 1973 Β

276 1970 397 2024 lam
410 1984 530 2022 non
547 1965 1079 2036 servaverintzquin
1094 1963 1294 2036 potius
1307 1968 1470 2020 tanto
1486 1963 1797 2019 inferiores
1811 1980 1941 2019 esse

275 2064 496 2131 quanto
528 2058 701 2130 pejus
732 2061 821 2112 est
853 2073 923 2111 ex
957 2055 1209 2111 scientia
1237 2071 1310 2126 pe
1350 2071 1507 2110 care.
1541 2052 1690 2120 Quid
1753 2070 1890 2127 ergo
1915 2053 1943 2108 ‘l

278 2150 592 2213 habemus,
626 2146 843 2219 inquit,
877 2162 987 2202 nos
1017 2145 1202 2202 Judaei
1244 2144 1471 2216 aliquid
1524 2143 1940 2200 excellentiae?

274 2237 457 2307 Nihil,
490 2238 706 2309 inquit.
743 2238 857 2291 Cur
888 2235 947 2290 id
971 2234 1212 2291 tandem
1239 2233 1425 2300 ?Quia
1453 2250 1661 2289 omnes
1678 2232 1787 2290 sub
1802 2249 1939 2305 pec-

284 2335 414 2385 cato
444 2344 681 2383 eramus
717 2332 835 2382 tam
865 2326 1051 2381 Judaai
1084 2341 1264 2396 quam
1296 2324 1503 2380 Graeci.
1545 2345 1573 2373 «
1609 2325 1679 2378 Et
1707 2323 1939 2379 Judmos

282 2423 341 2474 et
371 2420 604 2474 Graecos
635 2416 881 2472 omnino
916 2415 1022 2472 sub
1055 2420 1298 2486 peccato
1349 2430 1498 2469 esse.
1539 2435 1566 2462 »
1629 2412 1790 2468 Nihil
1840 2429 1941 2466 er-

286 2526 357 2582 go
388 2508 589 2564 Judan
626 2512 715 2561 est
744 2505 1138 2570 excellentiae,
1171 2504 1388 2577 inquit,
1445 2521 1516 2559 ex
1574 2504 1723 2577 lege,
1757 2519 1937 2575 quam

281 2616 406 2656 non
440 2598 723 2655 servavit:
758 2613 954 2669 neque
985 2597 1359 2670 praaputiato,
1391 2595 1611 2667 quippe
1644 2595 1743 2666 qui
1796 2610 1936 2667 pec-

287 2689 457 2745 cavit.
491 2688 699 2744 Nullus
732 2704 868 2760 ergo
901 2686 1202 2744 excelsum
1228 2685 1557 2757 quidquam
1587 2683 1769 2739 hobet
1819 2700 1942 2755 pra:

285 2780 493 2837 altero.
530 2778 835 2850 Siquidem
866 2777 1118 2833 redditis
1148 2776 1345 2833 causis
1393 2775 1786 2837 ostendimus,
1836 2774 1942 2829 hoc

284 2869 986 2938 estconvicimus,omnes
1001 2884 1129 2922 esse
1144 2872 1384 2939 peccato
1401 2863 1942 2921 obnoxios.Deinde

288 2977 363 3015 ne
395 2959 456 3016 id
486 2976 702 3016 novum
735 2974 864 3014 esse
890 2957 1178 3026 videatur,
1212 2955 1395 3011 David
1424 2971 1492 3011 ac
1514 2955 1727 3010 Isaiam
1756 2959 1942 3009 testes

293 3048 553 3104 adducit.
590 3048 858 3103 «Simul.
894 3073 919 3097 υ
949 3047 1092 3104 Cum
1152 3063 1220 3101 eo
1270 3044 1545 3100 videlicet
1593 3042 1692 3115 qui
1745 3047 1836 3098 est
1881 3042 1941 3097 in

282 3138 599 3212 praeputio.
636 3161 662 3189 ‹‹
698 3138 945 3194 Inutiles
970 3136 1110 3192 facti
1137 3139 1292 3192 sunt.
1320 3155 1347 3184 ››
1376 3133 1655 3189 Protinus
1677 3136 1796 3189 uta
1824 3133 1939 3187 Deo

280 3228 748 3294 declinaverunt,
773 3227 1017 3283 inutiles
1034 3230 1093 3282 et
1108 3226 1200 3298 abj
1212 3224 1324 3280 εοιὶ
1344 3223 1483 3280 facti
1507 3227 1705 3279 sunt.«
1727 3221 1933 3294 Sepul-

278 3336 465 3385 crum,
490 3340 519 3369 ››
545 3319 799 3374 etc.Haac
817 3313 1711 3373 obtrectatoribusconveniunt.
1741 3334 1770 3362 ι(
1787 3314 1932 3367 Con-

278 3408 439 3464 tritio
465 3412 522 3463 et
543 3406 790 3462 miseria
812 3407 875 3461 in
899 3406 1006 3460 viis
1032 3421 1262 3460 eorum.
1282 3425 1309 3452 ›ι
1334 3405 1478 3457 Nam
1495 3402 1615 3457 vias
1629 3416 1940 3456 conversa-

281 3498 507 3552 tionem
522 3495 736 3550 dicitet
757 3492 1375 3561 vitam;contritionem
1386 3496 1571 3547 auten
1588 3495 1647 3544 et
1660 3489 1940 3546 miseriam

280 3583 712 3657 peccata.Nihil
724 3583 887 3638 enim
904 3582 1049 3638 adeo
1065 3586 1311 3637 mentem
1332 3595 1668 3652 corpusque
1683 3577 1939 3634 conterit

286 3678 346 3729 et
376 3673 653 3729 exhaurit
682 3689 749 3728 ac
780 3676 1113 3744 peccatum.
1148 3693 1175 3722 ι(
1205 3670 1370 3726 Viam
1397 3669 1560 3741 pacis
1584 3685 1705 3724 non
1728 3684 1940 3740 cogno-

279 3769 512 3821 verunt.
548 3786 575 3815 ››
613 3764 776 3819 Viam
806 3763 969 3835 pacis
1000 3762 1144 3817 dicit
1179 3762 1388 3817 utilem
1414 3760 1645 3816 vivendi
1672 3759 1934 3814 modum.

353 3856 451 3924 IlI,
487 3858 574 3921 19,
610 3858 701 3909 20.
760 3855 973 3909 Scimus
1024 3858 1207 3908 autem
1261 3852 1413 3922 quod
1459 3865 1801 3921 quacunque
1849 3849 1939 3904 lea:

286 3946 443 4012 dicit,
479 3946 565 4001 his
593 3947 695 4016 qui
715 3947 775 4001 in
806 3944 922 4014 lege
950 3949 1079 4001 sunt
1109 3943 1357 4014 loquitur
1384 3958 1398 4002 :
1432 3949 1494 3997 ut
1524 3958 1681 3998 omne
1727 3956 1784 3996 os
1832 3941 1937 3995 ob-

286 4042 522 4104 turetur,
554 4043 605 4090 et
637 4034 907 4091 obnoxius
934 4038 1033 4103 flat
1061 4039 1206 4090 totus
1234 4032 1471 4088 mundus
1500 4032 1629 4103 Deo,
1684 4047 1746 4085 eo
1792 4030 1942 4101 quod

284 4143 353 4181 ex
383 4125 637 4196 operibus
687 4125 820 4194 legis
877 4139 987 4178 non
1029 4122 1433 4193 justificabilur
1489 4123 1661 4178 omnis
1705 4135 1833 4175 caro
1878 4117 1939 4173 in

285 4220 581 4285 conspectu
613 4215 750 4284 ejus.

359 4306 438 4358 Ne
472 4303 673 4357 dicant
702 4300 888 4356 Judaei
915 4317 928 4354 :
958 4303 1029 4355 Et
1059 4299 1202 4371 quid
1232 4300 1360 4354 haec
1391 4298 1465 4354 ad
1505 4315 1615 4353 nos
1634 4297 1662 4353 ?
1682 4297 1940 4354 Omnino

288 4393 452 4449 enim
482 4392 554 4446 de
586 4391 761 4446 nobis
791 4390 949 4444 dicta
981 4406 1101 4445 non
1134 4394 1292 4444 sunt.
1330 4387 1564 4459 Utique,
1590 4388 1807 4458 inquit,
1840 4403 1940 4441 vos

290 4486 561 4554 tangunt.
587 4481 805 4536 Omnes
826 4496 1083 4550 namque
1107 4479 1219 4535 hoc
1242 4478 1464 4534 scimus
1486 4478 1644 4548 quod
1667 4493 1942 4548 quaecun-

291 4588 406 4643 que
432 4570 578 4625 dicit
606 4570 701 4626 lex
730 4573 921 4639 (vocat
951 4574 1151 4625 autem
1182 4569 1396 4642 legem,
1428 4584 1604 4623 omne
1637 4569 1814 4623 Vetus
1844 4566 1941 4621 In-

2052 639 2181 691 νων,
2224 621 2315 675 καὶ
2375 619 2521 698 λέγει
2579 624 2763 686 αὐτοῖς
2822 622 2991 700 μηδὲν
3051 626 3266 701 ἑτέρους
3323 625 3517 698 ἑτέρων
3572 648 3708 702 προ-

2055 704 2228 783 έχειν.
2261 710 2328 767 Οἳ
2357 733 2408 767 τι
2461 714 2567 788 γὰρ
2613 716 2998 789 κατορθοῦντες
3043 718 3143 786 τήν
3173 716 3368 792 ἀρετὴν
3419 716 3614 779 ὁποίας
3646 714 3706 773 ἄν

2053 795 2167 868 εἷ’-η’
2222 800 2535 874 συντάξεως,
2596 803 2807 876 ὁμοίως
2864 811 2963 874 τῆς
3029 803 3328 881 εὐεργεσίας
3397 805 3706 862 ἀπολαύου-

2056 908 2161 944 σιν.
2195 888 2263 946 Oi
2292 911 2351 944 τε
2380 891 2546 946 πάλιν
2605 889 3051 969 παραϐαίνοντες,
3113 895 3208 952 κᾶν
3269 917 3327 951 τε
3380 900 3490 952 τῶν
3549 897 3705 972 ἀκρο-

2055 972 2266 1034 ϐύστων
2301 982 2431 1049 εἶεν,
2466 981 2561 1037 κᾶν
2600 1005 2660 1039 τε
2712 989 2820 1040 τῶν
2880 985 3292 1063 έμπεριτόμων,
3349 988 3449 1056 τήν
3508 989 3703 1062 ὁμοίαν

2050 1069 2325 1145 τιμωρίαν
2352 1070 2565 1135 ἑαυτοῖς
2597 1071 3009 1131 έπισπᾶσονται·

2127 1340 2285 1395 Ὥστε
2315 1341 2377 1397 οὗ
2410 1343 2643 1423 μάχεται
2699 1347 2783 1409 τὸ.
2835 1344 2986 1403 οὐδὲν
3040 1348 3417 1424 προεχόμεθα,
3470 1350 3561 1404 καὶ
3621 1348 3706 1418 τὸ,

2052 1428 2198 1484 πολὺ
2228 1431 2290 1485 τὸ
2331 1436 2588 1508 περισσὸν
2642 1439 2739 1491 τοῦ
2798 1434 3064 1493 Ἰουδαίου
3122 1438 3213 1493 καὶ
3244 1440 3279 1508 ἡ
3312 1436 3550 1516 ὠφέλεια
3607 1445 3709 1508 τῆς

2052 1528 2384 1595 περιτομῆς.
2420 1524 2550 1580 Κατ’
2582 1521 2755 1581 ἄλλον
2796 1527 2901 1604 γὰρ
2933 1527 3135 1603 ορόπον
3166 1526 3278 1582 ἐκεῖ
3325 1526 3562 1603 εἷ’ρηται,
3614 1527 3707 1582 καὶ

2052 1611 2170 1665 κατ’
2200 1609 2371 1666 ἃλλον
2400 1617 2490 1668 νῦν
2511 1616 2545 1683 ἡ
2574 1615 2852 1691 σύγκρισις
2883 1616 3279 1693 παρείληπται.
3324 1619 3477 1674 Ἀνω
3533 1617 3700 1673 εῖπὼν

2053 1699 2115 1754 τὸ
2147 1701 2401 1775 περισσὸν
2434 1702 2531 1757 τοῦ
2566 1703 2857 1777 Ἰουδαίου,
2888 1707 2978 1761 καὶ
3034 1704 3253 1777 διδάξας
3301 1701 3449 1786 ἔχειν
3497 1728 3549 1762 τι
3604 1727 3703 1762 πε-

2054 1791 2236 1864 ρισσὸν
2265 1792 2355 1846 τὸν
2387 1790 2652 1849 Ἰουδαῖον
2686 1793 2776 1850 διὰ
2801 1796 2864 1851 τὸ
2909 1796 3320 1872 ἐγχειρισθῆναι
3372 1798 3465 1853 τὸν
3513 1797 3708 1870 νόμον,

2054 1881 2145 1932 νῦν
2200 1876 2437 1935 δείδιδυσι
2498 1879 2667 1955 μηδὲν
2727 1880 2874 1958 ἔχειν
2924 1885 3201 1959 περισσὸν,
3265 1886 3340 1949 ὡς
3396 1886 3472 1958 μή
3530 1883 3710 1962 φυλά-

2055 1966 2217 2039 ξαντα
2256 1970 2444 2029 αὐτόν.
2478 1972 2571 2040 Μὴ
2604 1970 2686 2027 ὅτι
2718 1973 2806 2028 καὶ
2839 1967 3089 2045 ἔλαττον,
3121 1974 3246 2030 ὅσον
3277 1974 3339 2030 τὸ
3398 1973 3452 2030 έν
3506 1976 3709 2051 γνώσει

2050 2058 2376 2133 ἁμαρτάνειν
2408 2060 2620 2135 χεῖρον.
2654 2061 2720 2119 Τί
2751 2062 2884 2133 οὗν;
2918 2058 3141 2139 ἔχομεν,
3201 2065 3383 2140 φησὶν,
3436 2065 3602 2137 ἡμεῖς
3649 2064 3709 2118 οἱ

2051 2144 2309 2204 Ἰουδαῖοι
2340 2147 2508 2205 πλέον
2539 2170 2592 2205 τι
2621 2170 2635 2221 ;
2668 2149 2856 2224 Οὐδὶν,
2911 2154 3066 2233 φησί.
3123 2152 3191 2210 Τί
3236 2150 3302 2224 δή
3349 2172 3519 2223 ποτε;
3578 2154 3703 2212 ’Ότι

2048 2236 2240 2300 πάντες
2275 2237 2379 2292 ὑπὸ
2409 2237 2676 2314 ἁμαρτίαν
2709 2237 2890 2313 ἐσμὲν,
2940 2238 3197 2297 Ἰουδαῖοί
3245 2261 3305 2296 τε
3349 2240 3440 2296 καὶ
3486 2240 3702 2313 Ἕλλη·

2045 2347 2151 2389 νει..
2186 2350 2215 2380 ιι
2248 2324 2553 2389 Ἰουδαίους
2578 2349 2637 2383 τε
2665 2329 2754 2384 καὶ
2787 2328 3090 2401 Ἕλληνας,
3140 2330 3353 2393 πάντως
3405 2331 3489 2409 ὑφ’
3520 2331 3703 2404 ἁμαρ-

2045 2418 2164 2471 τίαν
2196 2416 2354 2472 εἶναι.
2391 2443 2419 2470 ››
2453 2416 2617 2475 Οὐδὲν
2648 2417 2760 2490 οὖν,
2793 2419 2949 2500 φησὶ,
2998 2424 3078 2492 τῷ
3119 2417 3370 2493 Ἰουδαίῳ
3424 2419 3598 2476 πλέον
3644 2419 3706 2476 έκ

2046 2511 2142 2563 τοῦ
2173 2505 2366 2580 νόμου·
2424 2508 2522 2564 οὐκ
2577 2507 2806 2585 ἐφύλαξε
2860 2508 2982 2587 γάρ·
3045 2507 3173 2565 οὐδὲ
3226 2513 3305 2581 τῷ
3354 2503 3699 2585 ἆκροϐύστῳ·

2047 2597 2262 2673 ἥμαρτε
2289 2599 2413 2676 γάρ.
2447 2596 2645 2662 Οὐδεὶς
2675 2599 2766 2653 οὗν
2821 2592 2937 2675 ἔχει
2983 2597 3151 2654 πλέον
3200 2603 3297 2655 τοῦ
3356 2598 3555 2658 ἄλλοι).
3600 2601 3702 2654 Καὶ

2047 2685 2147 2761 γὰρ
2179 2687 2381 2747 πάντας
2411 2686 2773 2762 ᾐτιασάμεθα,
2821 2686 3095 2743 τουτέστιν
3155 2687 3484 2766 ἠλέγξαμεν,
3541 2684 3701 2751 ὄντας

2050 2775 2138 2852 ὑφ’
2170 2777 2458 2849 ἁμαρτίαν.
2493 2776 2627 2832 Εἶτα
2663 2777 2754 2832 ἳνα
2789 2779 2865 2849 μή
2910 2775 3038 2853 δόξῃ
3100 2777 3334 2857 ἐπαχθὲς
3394 2780 3556 2846 εἶναι,
3604 2780 3694 2834 τὸν

2049 2858 2217 2919 Δαὸἱδ
2247 2864 2338 2919 καὶ
2369 2865 2584 2920 Ἠσαίαν
2607 2871 2754 2942 φέρει
2800 2865 3094 2942 μάρτυρας.
3162 2888 3184 2916 ι
3215 2869 3387 2941 Ἅμα.
3424 2890 3452 2918 ››
3510 2871 3598 2940 Τῷ
3640 2868 3692 2922 ἐν

2051 2949 2382 3030 ἀκροϐυστίᾳ
2439 2952 2717 3026 δηλονότι.
2784 2981 2810 3009 ι(
2848 2957 3290 3031 Ἠχρειώοησαν,
3334 2982 3360 3009 η
3417 2958 3564 3030 Ἂμα
3614 2959 3690 3027 τῷ

2048 3041 2295 3099 ἐκκλῖναι
2323 3044 2429 3100 ἀπὸ
2480 3049 2634 3115 Θεοῦ,
2680 3045 2898 3120 ἀχρεῖοι
2955 3045 3044 3101 καὶ
3101 3045 3499 3122 ἀπερριμμένοι
3558 3046 3701 3123 γεγέ-

2044 3157 2254 3206 νηνται.
2294 3158 2319 3191 ι
2351 3136 2555 3215 Τάφος,
2588 3159 2613 3191 η
2648 3136 2737 3191 καὶ
2768 3136 2834 3191 τὰ
2865 3138 3008 3207 ἑξῆς⁸
3061 3140 3244 3195 Ταῦτα
3295 3143 3414 3200 τοῖς
3462 3136 3703 3193 καταλα-

2046 3222 2206 3279 λοῦσι
2246 3225 2460 3301 πρέπει.
2499 3249 2528 3278 ‹‹
2559 3224 2881 3301 Σύντριμμα
2927 3227 3015 3281 καὶ
3077 3226 3427 3302 ταλαιπωρία
3482 3226 3533 3280 έν
3581 3231 3707 3290 ταῖς

2044 3311 2198 3379 ὁδοῖς
2222 3315 2422 3372 αὐτῶν.
2461 3341 2484 3371 ι
2523 3315 2715 3377 Ὁδοὺς
2772 3317 2870 3383 τήν
2930 3314 3212 3372 πολιτείαν
3268 3317 3401 3394 φησὶ
3453 3317 3541 3372 καὶ
3597 3318 3699 3385 τὴν

2046 3406 2214 3474 ζωήν
2244 3404 2552 3479 σύντριμμα
2585 3403 2642 3460 δὲ
2672 3406 2759 3459 καὶ
2811 3403 3216 3482 ταλαιπωρίαν,
3269 3406 3365 3468 τὰς
3408 3404 3696 3481 ἁμαρτίας.

2043 3490 2209 3551 Οὐδὲν
2233 3494 2338 3569 γὰρ
2371 3495 2546 3557 οὕτως
2580 3490 2843 3571 ἐπιτρίϐει
2875 3497 2963 3551 καὶ
2998 3494 3247 3566 ἐξίτηλον
3307 3500 3458 3551 ποιεῖ
3503 3498 3695 3571 ψυχὴν

2043 3582 2134 3639 καὶ
2167 3589 2352 3657 σῶμα,
2386 3584 2461 3646 ὡς
2494 3584 2752 3660 ἁμαρτία.
2815 3608 2835 3636 ι
2872 3583 3029 3643 Ὀδὸν
3088 3585 3306 3661 εἰρήνης
3366 3586 3470 3642 οὐκ
3522 3579 3698 3662 ἔγνω-

2047 3694 2165 3729 σαν.
2201 3697 2230 3725 »
2261 3674 2373 3744 Τὴν
2403 3675 2654 3749 χρηστήν
2690 3672 2836 3752 λέγει
2860 3673 3163 3731 πολιτείαν.

2116 3850 2358 3926 Οἴδαμεν
2407 3849 2464 3907 δὲ
2502 3852 2586 3906 ’ὁτι
2639 3852 2739 3908 ὅσα
2798 3854 2826 3907 ὁ
2880 3854 3052 3926 νόμος
3114 3852 3284 3928 λέγει,
3337 3858 3454 3915 τοῖς
3507 3852 3559 3907 έν
3616 3858 3701 3925 τῷ

2044 3943 2203 4016 νόμῳ
2243 3939 2424 3997 λαλεῖ⁶
2479 3939 2573 3996 ’ἱνα
2624 3945 2727 3997 πᾶν
2793 3942 2970 4015 στόμα
3028 3946 3231 4021 φραγῇ,
3291 3941 3386 3997 καὶ
3437 3939 3702 4007 ὑπόδικος

2044 4031 2266 4107 γένηται
2325 4036 2429 4092 πᾶς
2487 4031 2515 4084 ὁ
2581 4030 2787 4103 κόσμος
2853 4035 2933 4103 τῷ
3014 4035 3152 4104 Θεῷ.
3214 4031 3362 4088 Διότι
3416 4030 3467 4101 ἐξ
3524 4025 3699 4108 ἔργων

2045 4123 2218 4195 νόμου
2276 4119 2338 4175 οὐ
2416 4116 2837 4192 δίκαιωθήσεται
2907 4125 3050 4176 πᾶσα
3134 4120 3261 4195 σὰρξ
3318 4119 3549 4177 ἐνώπιον
3601 4119 3702 4176 αὐ-

2044 4229 2164 4266 του.

2117 4300 2231 4356 Ἳνα
2256 4300 2332 4372 μὴ
2367 4299 2595 4376 λέγωσιν
2626 4296 2902 4370 Ἰουδαῖοι,
2931 4299 3034 4358 Καὶ
3063 4300 3117 4355 τί
3145 4301 3281 4376 πρὸς
3312 4302 3461 4375 ἡμᾶς
3489 4305 3697 4370 ταῦτας

2048 4390 2128 4447 Οὐ
2160 4388 2373 4451 πάντως
2414 4390 2518 4467 γὰρ
2542 4391 2666 4464 περὶ
2701 4390 2862 4463 ἡμῶν
2892 4388 3123 4465 εἶ’ρηται.
3185 4390 3312 4460 Ναὶ,
3362 4390 3518 4465 φησὶ,
3560 4389 3700 4465 πρὸς

2050 4480 2210 4554 ὑμᾶς.
2246 4483 2447 4542 Πάντες
2475 4480 2576 4555 γὰρ
2606 4484 2768 4535 τοῦτο
2826 4478 3005 4553 ἴσμεν,
3058 4480 3143 4534 ’ὁτι
3187 4478 3286 4535 ὅσα
3319 4481 3347 4535 ὁ
3385 4479 3555 4553 νόμος
3602 4477 3695 4536 λέ-

2048 4592 2128 4646 γει
2160 4572 2347 4646 (νόὴον
2377 4569 2435 4627 δὲ
2466 4569 2615 4645 λέγει
2648 4577 2821 4626 πᾶσαν
2843 4571 2940 4639 τὴν
2993 4568 3282 4646 Παλαιὰν),
3341 4577 3459 4633 τοῖς
3514 4570 3565 4625 έν
3613 4574 3695 4643 τῷ

291 4667 715 4730 strumentum)
748 4663 840 4719 his
872 4662 1061 4734 quiin
1104 4662 1234 4735 lege
1284 4666 1423 4718 sunt
1464 4660 1749 4733 loquitur.
1799 4661 1937 4727 Quae

2052 4656 2199 4734 νόμῳ
2229 4658 2409 4717 λαλεῖ.
2446 4659 2582 4715 Ποία
2609 4660 2711 4737 γὰρ
2743 4659 2831 4730 ἧν,
2890 4659 3078 4737 φησὶν,
3136 4659 3341 4737 ἀνάγκη
3403 4665 3482 4734 τῷ
3528 4657 3694 4716 Δαυῖδ

287 4759 413 4811 erat
444 4754 603 4810 enim
636 4753 986 4819 necessitas,
1020 4752 1233 4823 inquit,
1265 4756 1332 4808 ut
1353 4751 1532 4807 David
1563 4756 1795 4808 exteros
1843 4767 1935 4805 ar-

284 4850 488 4917 gueret
510 4849 699 4900 etnon
724 4861 863 4900 suos
880 4841 908 4898 ‘l
934 4847 1036 4899 aut
1058 4847 1126 4897 ut
1156 4842 1360 4911 Isaias,
1385 4842 1486 4913 qui
1508 4841 1583 4896 ad
1598 4841 1935 4897 Iudaeorum

284 4935 717 4991 correctionem
739 4934 995 4990 emissus
1009 4932 1314 4999 erat,alios
1339 4931 1652 5002 carperet?
1670 4953 1697 4981 ‹‹
1714 4932 1815 4986 His
1836 4930 1938 5002 qui

288 5027 352 5080 in
410 5024 537 5095 lege
588 5028 729 5078 sunt
782 5023 1067 5093 loquitur.
1112 5043 1141 5071 »
1198 5023 1377 5076 Caute
1433 5020 1757 5077 admodum
1827 5021 1937 5075 hoc

293 5114 449 5171 240
482 5113 699 5185 posuit.
728 5113 927 5182 Neque
960 5112 1122 5166 enim
1153 5110 1337 5166 dixit:
1374 5112 1452 5164 De
1501 5110 1593 5164 his
1643 5111 1745 5180 qui
1799 5113 1939 5165 sunt

288 5204 353 5258 in
384 5201 535 5275 lege,
569 5200 693 5268 sed,
731 5222 758 5250 ‹‹
791 5201 892 5255 His
923 5200 1024 5272 qui
1057 5203 1197 5255 sunt
1226 5200 1289 5254 in
1322 5199 1518 5271 lege.»
1542 5197 1723 5254 Multa
1744 5197 1934 5270 siqui-

288 5292 424 5347 dem
457 5296 515 5346 et
542 5290 615 5346 de
650 5289 991 5362 Babyloniis
1031 5288 1197 5358 dicit,
1237 5287 1551 5360 Persisque
1575 5286 1836 5343 etMedis
1867 5304 1936 5343 ac

284 5381 588 5454 Egyptiis,
630 5378 882 5450 aliisque
914 5379 1188 5450 plurimis
1244 5378 1610 5435 nationibus.
1663 5382 1935 5433 Attamen

287 5472 468 5527 etiam
501 5487 632 5542 quas
664 5470 736 5525 de
762 5469 856 5525 his
883 5473 1055 5525 erant
1083 5469 1380 5535 vaticinia,
1412 5466 1631 5523 Judaais
1651 5467 1938 5524 aﬂ‘erebat

289 5561 389 5636 qui
424 5561 484 5616 in
515 5561 643 5633 lege
677 5566 866 5630 erant,
900 5560 1011 5615 hoc
1043 5566 1133 5615 est
1162 5559 1271 5615 sub
1302 5559 1451 5633 lege.
1486 5582 1511 5612 «
1546 5561 1618 5616 Ut
1660 5576 1837 5616 omne
1870 5576 1936 5615 os

288 5652 617 5710 obturetur.
652 5673 681 5701 ››
712 5648 985 5707 Ostendit
1021 5649 1336 5722 magniﬁce
1384 5650 1699 5721 loquentes
1750 5648 1821 5705 de
1870 5665 1934 5706 se

289 5741 543 5800 Iudaeos.
577 5741 660 5799 Ob
692 5741 805 5798 hoc
826 5755 962 5814 ergo
987 5739 1389 5814 arguebantur
1415 5755 1452 5796 θ.
1470 5740 1797 5813 prophetis,
1816 5756 1934 5814 quo

2046 4750 2243 4827 ἐτέρων
2275 4755 2606 4825 κατηγορτῖν
2638 4748 2728 4804 καὶ
2756 4749 2889 4824 οὐχὶ
2914 4754 3023 4806 τῶν
3056 4747 3291 4820 οἰκείων,
3347 4750 3441 4806 καὶ
3487 4749 3696 4815 ἄλλους

2045 4838 2318 4915 ἐλέγχειν,
2349 4839 2439 4893 τὸν
2500 4839 2576 4903 εἰς
2639 4836 2929 4914 διόρθωσιν
2984 4836 3262 4895 Ἰουδαίων
3319 4838 3694 4895 ἀποσταλέντα

2043 4926 2267 4985 Ἠσαίαν
2300 4951 2314 4995 ;
2349 4952 2378 4981 ‹‹
2408 4931 2544 4991 Τοῖς
2572 4927 2624 4983 έν
2652 4932 2731 5000 τῷ
2759 4929 2918 5001 νόμῳ
2950 4925 3129 4983 λαλεῖ.
3167 4952 3195 4980 ››
3235 4929 3343 4985 Σὺν
3381 4926 3570 5003 πολλῇ
3602 4930 3689 4985 καὶ

2044 5022 2207 5073 τοῦτο
2235 5019 2469 5081 τέθεικεν
2502 5012 2768 5092 ἀκριϐείᾳ.
2827 5016 2904 5075 Οὔ
2941 5016 3044 5093 γὰρ
3085 5017 3229 5086 ὸῖπε,
3292 5019 3423 5094 Περὶ
3477 5024 3585 5074 τῶν
3636 5018 3690 5074 έν

2045 5107 2223 5180 νόμῳ,
2255 5105 2421 5173 ἀλλὰ,
2453 5131 2481 5159 (ι
2511 5109 2639 5169 Τοῖς
2672 5104 2723 5161 ἐν
2752 5106 2925 5179 νόμῳ.
2960 5130 2989 5159 ›)
3025 5104 3220 5163 Πολλὰ
3277 5106 3381 5184 γὰρ
3428 5106 3520 5163 καὶ
3567 5108 3693 5183 περί

2047 5194 2415 5255 Βαϐυλωνίων
2450 5195 2618 5273 λέγει,
2660 5200 2878 5272 Περσῶν
2926 5216 2987 5252 τε
3041 5196 3131 5253 καὶ
3193 5195 3396 5268 Μήδων
3443 5197 3533 5252 καὶ
3593 5198 3692 5253 Al-

2046 5287 2311 5365 γυπτίων,
2352 5285 2441 5341 καὶ
2496 5286 2692 5359 ἑτέρων
2752 5284 3023 5341 πλείστων
3082 5285 3269 5343 ἐθνῶν.
3325 5285 3485 5342 Ἀλλ’
3540 5287 3695 5360 ’ὀμως

2045 5374 2348 5438 Ἰουδαίδυς
2394 5375 2486 5431 καὶ
2543 5375 2637 5437 τὰς
2695 5376 2817 5448 περὶ
2873 5375 3080 5430 τούτων
3135 5375 3472 5451 προρῥήσεις
3524 5396 3693 5452 προσ-

2046 5467 2230 5545 έφερεν
2257 5471 2374 5527 τοῖς
2409 5464 2461 5520 ἐν
2493 5470 2573 5538 τῷ
2628 5466 2803 5538 νόμῷ,
2860 5465 3108 5521 τουτέστι
3162 5470 3280 5526 τοῖς
3341 5464 3446 5520 ὑπὸ
3501 5466 3692 5539 νόμον.

2049 5581 2076 5608 ‹‹
2107 5559 2226 5615 Ἵνα
2252 5560 2355 5610 πᾶν
2403 5554 2580 5628 στόμα
2636 5557 2841 5631 φραγῇ.
2874 5578 2904 5607 ›)
2965 5554 3207 5610 Δείκνυσι
3266 5552 3693 5631 μεγαλοῤῥήμο-

2042 5666 2133 5709 νας
2164 5643 2290 5708 τοὺς
2321 5642 2635 5707 Ἰουδαίους.
2672 5645 2770 5700 Διὰ
2817 5647 2977 5701 τοῦτο
3030 5647 3316 5721 τοιγαροῦν
3374 5642 3689 5723 ἠλέγχοντο

2046 5736 2151 5794 ὑπὸ
2180 5739 2288 5792 τῶν
2321 5733 2770 5816 ὦροφητῶν,⁶ίνα
2815 5739 2922 5793 τῶν
2987 5732 3496 5813 μεγαλορῥημόνων
3546 5736 3685 5793 ἄπο.
