4114 6396
310 382 426 444 381

1388 373 1798 438 ΕΟΜΜΕΝΤ.
1842 374 1931 438 IN
1978 374 2228 438 EPIST.
2272 380 2379 440 AD
2427 379 2616 443 ΒΟΜ.

3614 384 3735 445 382

311 516 500 593 φραγῇ
527 511 595 567 τὰ
646 510 917 585 στόματα.
978 534 1009 563 ιι
1041 509 1141 567 Καὶ
1205 504 1467 572 ὑπόδικος
1520 507 1743 585 γένηται
1800 511 1907 568 πᾶς
1938 507 1968 562 ὁ

2080 508 2342 569 inaniter
2370 529 2501 570 sese
2551 514 2909 587 jactantium
2968 516 3392 574 obturarentur
3451 533 3573 574 ora.
3603 539 3633 568 «
3668 521 3739 573 Et

311 606 525 680 κόσμος
551 624 631 676 τῳ
661 606 801 674 Θεῷ.
836 625 867 653 ››
897 601 1160 658 Τοιοῦτόν
1209 620 1262 655 τι
1317 597 1626 655 αἱνίττεταν
1655 598 1756 653 Διᾶ
1780 601 1971 667 τοῦτο,

317 696 512 777 φησὶν,
544 694 599 749 οἱ
626 698 909 769 προφῆται
940 688 1257 764 διήλεγξαι,
1288 688 1379 744 καὶ
1410 685 1615 760 ἓδειξαν
1646 687 1774 750 τοὺς
1833 688 1973 743 Ἰου-

316 775 507 848 δαίους
539 784 656 852 είκῆ
693 779 1336 861 μεγαλοῤῥημονοῦντας,
1373 778 1590 853 μᾶλλον
1623 776 1680 834 δὲ
1719 775 1849 834 ὅλον
1877 778 1970 833 τὸν

310 877 526 951 κόσμον
560 872 854 930 ὑπεύθυνον
904 870 1218 947 ἁμαρτίαις,
1248 870 1339 925 ἳνα
1392 866 1844 943 προδοποιήσωσι
1900 871 1969 942 τῇ

312 967 522 1036 πίστει,
553 963 647 1020 καὶ
686 963 1049 1040 γινώσκοντες
1107 962 1159 1016 οἱ
1215 958 1494 1036 ἄνθρωποι
1550 960 1636 1015 ὅτι
1694 957 1818 1015 οὕτε
1864 957 1971 1013 ἁπὸ

310 1058 488 1129 νόμου
518 1052 614 1109 καὶ
643 1058 974 1125 περιτομῆς,
1008 1051 1132 1107 οὒτε
1178 1049 1285 1105 ἀπὸ
1336 1043 1700 1123 ἀκροϐυστίας
1751 1045 1828 1103 ἔνι
1860 1068 1971 1101 σω-

310 1151 496 1217 θῆναι,
560 1144 804 1220 εὐχερῶς
854 1148 934 1217 τῷ
963 1143 1186 1215 Χριστῷ
1215 1138 1584 1216 προσέλθωσι,
1650 1143 1728 1211 τῷ
1780 1140 1970 1214 ’χάριτι

308 1235 551 1305 σώζοντι
582 1234 647 1290 τὸ
678 1232 832 1310 γένος
863 1235 971 1287 τῶν
1001 1231 1321 1306 ἀνθρώπων.
1357 1230 1462 1287 Καὶ
1515 1226 1796 1298 ὑπόδικος,
1834 1229 1971 1284 ὑπό-

304 1346 478 1404 χρεος
516 1323 597 1386 εἷς
625 1323 689 1379 τὸ
717 1326 1000 1378 πιστεῦσαι
1039 1325 1261 1396 Χριστῷ
1290 1324 1370 1393 τῷ
1404 1324 1540 1392 Θεῷ.
1588 1319 1655 1376 Εἰ
1704 1319 1809 1394 γὰρ
1855 1324 1971 1380 τοῖς

305 1416 413 1472 ὑπό
441 1415 621 1489 νόμον
661 1410 878 1489 εἷ’ρηται
911 1412 1000 1467 ὑπ’
1029 1411 1206 1467 αὐτῶν
1232 1415 1340 1465 τῶν
1385 1415 1708 1489 προφητῶν,
1740 1406 1824 1464 ὅτι
1873 1407 1974 1464 οὐκ

304 1501 732 1582 ὀρθοποδοῦσιν,
764 1500 912 1558 ἀλλὰ
941 1500 1135 1578 πόῤῥω
1164 1506 1265 1569 τῆς
1297 1499 1466 1575 ὀρθῆς
1526 1496 1812 1571 βαδίζουσι
1869 1520 1975 1554 πο-

305 1594 543 1663 λιτείας,
573 1592 642 1648 τὰ
674 1589 733 1648 δὲ
779 1590 900 1662 ἔθνη
958 1588 1160 1662 πολλῷ
1217 1587 1432 1662 μᾶλλον
1496 1587 1731 1664 ὑπάρχει
1788 1587 1840 1642 ἐν
1870 1589 1975 1643 ἀπ-

313 1682 487 1755 ωλείᾳ
513 1683 606 1738 καὶ
640 1680 846 1756 πλάνῃ,
870 1678 935 1751 δη
947 1679 1252 1742 λονότιπᾶς
1271 1679 1299 1733 ὁ
1328 1679 1536 1752 κόσμος
1567 1677 1841 1757 ὑπόχρεος
1862 1676 1975 1732 ἐστι

321 1776 595 1828 πιστεῦσαι
638 1772 862 1845 Χριστῷ
918 1774 998 1842 τῷ
1027 1774 1143 1842 Θεῷ
1200 1773 1279 1842 τῷ
1331 1767 1480 1841 μόνῳ
1537 1765 1818 1842 δυναμένῳ
1878 1765 1972 1842 ῥύ-

2079 599 2369 659 obnoxius
2400 603 2504 660 ﬁat
2534 609 2692 661 totus
2724 607 2983 661 mundus
3022 609 3159 662 Deo.
3196 628 3222 657 ιι
3254 607 3391 664 'l‘ale
3424 606 3735 679 quidpiam

2080 690 2809 767 subindicatzPropterea
2837 697 3162 768 prophetaa,
3224 697 3440 768 inquit,
3499 696 3736 753 Judaaos

2078 780 2529 854 redarguerunt,
2563 784 2820 858 illosque
2853 787 3250 843 ostenderunt
3289 787 3549 843 inaniter
3604 802 3735 843 sese

2071 869 2323 942 jactare,
2353 872 2474 929 imo
2507 879 2698 931 totum
2746 876 3036 932 mundum
3082 893 3251 932 reum
3283 893 3411 933 esse
3442 882 3682 949 peccato
3718 893 3733 932 :

2080 976 2196 1030 quo
2228 960 2367 1017 fidei
2388 963 2538 1018 viam
2555 969 3004 1037 praestruerent,
3030 972 3085 1022 et
3107 973 3530 1037 cognoscentes
3552 966 3741 1022 homi-

2079 1064 2187 1104 nes
2200 1050 2360 1121 quod
2381 1068 2577 1124 neque
2597 1055 3067 1112 circumcisionis
3081 1057 3231 1130 lege,
3247 1073 3443 1127 neque
3462 1073 3497 1112 a
3511 1072 3740 1131 praepu-

2078 1143 2161 1197 tio
2193 1143 2404 1199 salvari
2432 1144 2693 1212 daretur,
2720 1145 2794 1200 ad
2816 1146 3114 1201 Christum
3143 1145 3318 1201 facile
3360 1145 3732 1214 accederent,

2080 1232 2181 1303 qui
2212 1250 2319 1304 per
2348 1234 2601 1306 gratiam
2631 1233 2773 1289 facit
2801 1235 3027 1291 salvum
3058 1251 3249 1308 genus
3279 1229 3634 1291 humanum.
3668 1237 3737 1291 Et

2081 1322 2394 1393 obnoxius,
2429 1323 2489 1378 id
2537 1328 2628 1379 est
2676 1324 2911 1379 debitor
2961 1324 3036 1379 ad
3086 1325 3452 1381 credendum
3503 1324 3737 1380 Christo

2085 1413 2220 1468 Deo.
2254 1412 2312 1467 Si
2342 1412 2502 1468 enim
2538 1412 2629 1468 his
2661 1414 2762 1484 qui
2794 1413 2902 1468 sub
2934 1413 3062 1486 lege
3111 1418 3302 1482 erant,
3333 1430 3369 1468 a
3423 1415 3733 1486 prophetis

2081 1502 2303 1558 dictum
2337 1509 2428 1559 est
2458 1505 2521 1572 “,
2547 1504 2707 1575 quod
2737 1520 2859 1560 non
2879 1510 3040 1560 recto
3064 1505 3215 1577 pede
3238 1503 3607 1573 incederent,
3632 1505 3736 1561 sed

2082 1594 2258 1666 Ionge
2293 1610 2327 1649 a
2357 1599 2520 1650 recta
2563 1594 3010 1651 conversatione
3069 1595 3497 1668 graderentur:
3530 1604 3737 1668 gentes

2082 1688 2281 1739 autem
2311 1683 2501 1739 multo
2524 1684 2710 1757 magis
2742 1685 2805 1740 in
2837 1684 3172 1755 perditione
3204 1689 3344 1740 sunt
3373 1702 3442 1740 ac
3482 1701 3682 1741 errore
3719 1700 3733 1739 :

2082 1773 2275 1828 omnis
2302 1773 2479 1845 plane
2504 1773 2763 1829 mundus
2785 1774 3079 1829 obnoxius
3105 1779 3215 1843 est,
3246 1779 3313 1828 ut
3343 1775 3404 1829 in
3434 1774 3732 1830 Christum

333 1865 521 1917 σασθαι
547 1861 630 1916 καὶ
672 1857 972 1921 Ἰουδαίους
1021 1859 1114 1915 καὶ
1169 1856 1452 1930 ’Έλληνας
1508 1858 1600 1913 καὶ
1656 1857 1829 1912 πάντα
1882 1856 1968 1912 τὸν

2082 1864 2269 1918 Deum
2299 1862 2523 1933 credat,
2557 1863 2659 1935 qui
2690 1863 2853 1920 solus
2884 1869 2944 1918 et
2968 1862 3204 1920 Judasos
3234 1868 3294 1919 et
3323 1865 3554 1919 Grrecos
3579 1862 3730 1918 libe-

328 1952 527 2024 κόσμον
556 1947 650 2006 διὰ
676 1957 779 2021 τῆς
828 1948 1032 2010 οἰκείας
1064 1948 1296 2028 χάριτος
1326 1946 1388 2003 ἐκ
1412 1951 1522 2003 τῶν
1558 1947 1971 2023 ἁμαρτημάτων

318 2041 488 2097 αὐτῶν
520 2040 615 2096 καὶ
646 2046 749 2110 τῆς
784 2043 995 2113 μακρᾶς
1025 2036 1244 2107 πλάνης
1282 2036 1373 2093 καὶ
1433 2034 1712 2097 ἀπωλείας
1772 2034 1971 2093 αὐτῶν.

307 2130 445 2187 Εἶτα
478 2128 652 2187 πάλιν
686 2129 868 2204 ὥσπερ
899 2127 1218 2183 ἁντιπίπτον
1248 2126 1390 2184 λύει.
1445 2127 1561 2182 Ἵνα
1615 2124 1719 2203 γὰρ
1782 2126 1856 2198 μή
1888 2145 1971 2185 τις

305 2221 462 2292 εῗπη,
494 2219 567 2277 Τί
599 2216 694 2275 οὖν
721 2237 736 2288 ;
768 2222 796 2273 ὁ
824 2218 996 2292 νόμος
1053 2213 1205 2272 οὐδὲν
1270 2214 1553 2289 ὠφέλησεν
1592 2234 1605 2284 ;
1666 2213 1854 2293 ἐπάγει
1883 2215 1970 2284 τὸ,

303 2336 331 2362 ιι
392 2309 554 2367 Διότι
619 2308 673 2380 ἐξ
722 2307 899 2384 ἔργων
985 2308 1159 2380 νόμου
1219 2307 1284 2362 οὐ
1346 2303 1770 2375 δικαιωθήσεται
1827 2307 1973 2359 πᾶσα

300 2403 454 2475 σάρξ.
493 2424 525 2452 ››
556 2400 649 2460 Ὠς
704 2398 751 2454 εἲ
779 2396 989 2475 ἔλεγεν,
1049 2395 1134 2452 ὅτι
1195 2419 1223 2449 ι(
1257 2393 1473 2476 Ὠφέλει
1530 2393 1589 2450 ἃν
1652 2392 1783 2455 ἴσως
1814 2394 1843 2448 ὁ
1873 2398 1966 2449 νό-

300 2512 430 2565 μος,
462 2489 513 2544 εἷ
546 2486 814 2569 ἐφύλαξαν
874 2488 934 2542 οἱ
983 2484 1386 2565 παρειληφότες
1443 2484 1511 2541 τὰ
1568 2485 1968 2561 προστάγματα

298 2581 499 2650 αὐτοῦ,
535 2574 728 2647 ἐπειδὴ
762 2574 819 2632 δὲ
850 2576 951 2632 οὐκ
992 2575 1280 2657 ἐφύλαξαν,
1342 2576 1403 2631 ἐκ
1458 2572 1822 2651 περιστάσεως
1876 2575 1967 2629 καὶ

300 2664 570 2742 ἔϐλαψεν,
604 2667 668 2723 ού
700 2669 769 2740 τῇ
801 2668 993 2722 ἑαυτοῦ
1019 2664 1196 2745 φύσει,
1237 2664 1387 2721 ἀλλὰ
1416 2669 1484 2740 τῇ
1532 2670 1643 2720 τῶν
1678 2666 1754 2738 μὴ
1788 2662 1969 2744 φυλα-

300 2759 511 2829 ξάντων
563 2758 788 2833 γνώμῃ.
862 2778 888 2811 ι
920 2754 1067 2813 Διότι
1127 2755 1176 2828 ἐξ
1231 2750 1425 2833 ἔργων.
1463 2779 1490 2805 υ
1547 2755 1681 2812 Εἶτα
1735 2752 1832 2809 ’ίνα
1889 2754 1964 2827 μή

297 2849 412 2905 πάλ
426 2870 473 2903 ιν
507 2847 1024 2918 ἁνακιοπαθήσῶσιν
1055 2841 1316 2902 Ἰουδαῖοι
1365 2844 1966 2921 συγκαταριθμούμενοι

298 2939 461 2993 παντὶ
492 2937 580 3009 τῷ
636 2937 832 3011 κόσμῳ
880 2935 957 2998 εἰς
983 2936 1048 2990 τὸ
1080 2932 1331 2991 ὑπόδικοι
1365 2937 1521 3006 εἶναι,
1553 2932 1720 2990 πάλιν
1752 2934 1818 2989 τὰ
1847 2935 1964 2989 κατ’

305 3026 499 3089 αὐτοὺς
526 3024 788 3098 ἐξετάζει.
818 3050 847 3079 ‹‹
882 3030 1036 3081 Πᾶσα
1064 3024 1212 3100 σάρξ.
1250 3051 1271 3079 ι
1336 3022 1479 3084 Οὐδὲ
1508 3026 1615 3101 γὰρ
1672 3022 1964 3099 ἐπλήρωσε

306 3117 374 3171 τά
402 3117 453 3172 ἐν
480 3121 555 3190 τῷ
573 3118 761 3192 νόμῳ.
1798 3110 1813 3119 ’

364 3207 465 3264 Διὰ
547 3207 655 3310 γὰρ
742 3206 921 3310 νόμου
1006 3203 1302 3310 έπίγνωσις
1360 3205 1649 3310 ἁμαρτίας.
1712 3203 1847 3260 Νυνὶ
1898 3200 2029 3310 sec

283 3296 468 3373 χωρὶς
522 3295 701 3369 νόμου
785 3291 1103 3363 δικαιοσύνη
1159 3298 1294 3350 Θεοῦ
1352 3293 1749 3373 πεφανέρωται,
1815 3312 1956 3370 μαρ-

277 3384 601 3461 τυρουμένη
644 3384 751 3440 ὑπὸ
795 3387 893 3439 τοῦ
921 3381 1095 3457 νόμου
1125 3382 1217 3438 καὶ
1268 3387 1377 3439 τῶν
1419 3388 1744 3463 προφητῶν.

356 3565 460 3621 Καὶ
490 3563 547 3621 τί
576 3563 731 3640 λέγω
777 3562 865 3620 ὅτι
918 3559 1074 3619 οὐδὲν
1105 3562 1405 3639 ὠφελεῖσθε
1464 3560 1725 3620 Ἰουδαῖοι
1774 3564 1829 3619 ἐν
1860 3569 1958 3620 τοῦ

290 3657 501 3729 νόμου,
559 3652 635 3717 είς
692 3653 757 3708 τὸ
817 3654 894 3727 μὴ
954 3652 1200 3732 γενέσθαι
1258 3650 1372 3727 ἅμα
1415 3658 1496 3727 τῷ
1552 3654 1714 3710 παντὶ
1766 3654 1961 3729 κόσμῳ

305 3740 573 3799 ὑπόδικοι
603 3763 621 3814 ;
648 3746 921 3818 Μενοῦνγε
951 3741 1209 3812 ἐξετάζων
1266 3763 1371 3812 τις,
1421 3743 1643 3817 εὑρήσει
1695 3743 1784 3798 καὶ
1821 3742 1961 3819 βλα-

312 3828 515 3894 ϐέντας
544 3833 673 3905 ὑμᾶς
705 3833 809 3889 ὑπὸ
869 3836 967 3889 τοῦ
996 3833 1197 3909 νόμου,
1231 3832 1293 3888 ού
1321 3834 1468 3909 παρὰ
1516 3835 1617 3901 τὴν
1667 3832 1834 3889 αὐτοῦ
1861 3834 1963 3907 φύ-

312 3942 417 3991 σιν,
449 3920 593 3977 ἀλλὰ
618 3922 766 3995 παρὰ
790 3924 895 3992 τήν
922 3924 1086 3997 ἡμῶν
1114 3924 1330 3979 κακίαν.
1363 3928 1489 3985 Πῶς
1525 3941 1539 3993 ;
1562 3923 1688 3980 ’Ότι
1716 3922 1779 3977 τὸ
1811 3926 1960 3996 γνῶ-

303 4032 385 4066 ναι
420 4013 523 4082 τήν
583 4012 876 4088 ὁρματίαν,
935 4007 1026 4066 διὰ
1068 4017 1168 4066 τοῦ
1225 4012 1399 4087 νόμου
1445 4005 1620 4088 ἔχετε·
1681 4012 1743 4067 τὸ
1803 4009 1860 4067 δὲ
1907 4009 1960 4066 ἐν

298 4100 502 4181 γνώσει
553 4097 912 4176 ἁμαρτάδειν,
944 4099 1335 4181 χαλεπώτερον
1392 4106 1488 4157 τοῦ
1543 4099 1594 4157 ἔν
1651 4100 1862 4177 ἀγνοίᾳ.
1896 4133 1962 4143 -

296 4190 512 4249 ’Λλλο.
571 4193 1059 4267 [ΓΕΝΝΑΔΙΟΥ.]
1114 4191 1179 4249 Εἰ
1223 4195 1405 4264 τοῦτο,
1461 4191 1646 4271 φησὶν,
1705 4192 1733 4247 ὁ
1791 4191 1964 4266 νόμος

298 4278 723 4351 ἐλυσιτέλησεν,
780 4278 1071 4357 ἐγνώρισεν
1118 4283 1256 4354 ἡμῖν
1312 4283 1411 4350 τὴν
1464 4279 1729 4356 ἁμαρτίαν
1792 4280 1965 4352 ούτῷ

296 4370 680 4445 ἀπαγορεῦσαι
738 4371 899 4443 μόνον
955 4371 1056 4440 τήν
1110 4374 1300 4447 πρᾶξιν
1351 4374 1459 4426 τῶν
1514 4371 1758 4440 ἀτόπων,
1816 4366 1964 4425 ἀλλὰ

294 4460 391 4516 καὶ
421 4465 510 4531 τῷ
562 4461 972 4535 παρακούοντας
1030 4461 1218 4531 αὐτοῦ,
1271 4462 1654 4537 τιμωρεῖσθαι.
1714 4461 1808 4530 Mi)
1842 4458 1966 4515 ἐπι-

296 4548 618 4625 φερομένης
645 4550 750 4624 γὰρ
781 4548 1065 4613 κολάσεως
1094 4556 1210 4613 τοῖς
1260 4551 1685 4625 ἁμαρτάνουσιν,
1746 4548 1846 4605 οὐκ
1902 4548 1963 4604 ἂν

295 4638 678 4716 ἐγνωρίσαμεν
708 4640 895 4710 αὐτήν.
930 4641 1028 4696 Διὰ
1054 4642 1261 4697 τούτων
1319 4640 1494 4696 τοίνυν
1550 4640 1767 4696 πάντων
1806 4639 1966 4715 ἀκρι-

296 4725 417 4791 ϐῶς
476 4730 751 4801 συστήσας
814 4731 902 4809 ὑφ’
951 4730 1219 4807 ἁμαρτίαν
1274 4732 1475 4793 πάντας
1534 4728 1715 4801 ὄντας,
1776 4730 1964 4808 ἐπάγει

296 4817 505 4874 λοιπὸν
542 4816 754 4881 δεικνὺς
781 4824 879 4874 τοῦ
909 4819 1113 4876 οἰκείου
1148 4818 1319 4897 λόγου
1350 4822 1413 4878 τὸ
1453 4820 1727 4896 περιττόν.
1775 4844 1801 4871 ι(
1830 4819 1964 4875 Νυνὶ

296 4906 385 4968 δέ.
430 4933 460 4959 υ
491 4904 799 4979 Ἐπιδείξας
844 4908 1041 4972 αὐτοὺς
1076 4907 1245 4984 μηδὲν
1301 4907 1695 4985 ὠφελημένους
1754 4908 1814 4966 ἐκ
1867 4912 1965 4965 τοῦ

297 4994 503 5071 νόμου,
558 4997 655 5053 καὶ
734 4997 811 5062 εἰς
872 4999 1165 5073 ἐπιθυμίαν
1220 5000 1447 5079 ἀγαγὼν
1505 4998 1738 5073 μεθόδου
1793 5003 1964 5053 σῶσαι

303 5088 640 5165 δυναμένης,
672 5090 938 5166 εὐκαίρως
969 5090 1047 5156 εἰς
1084 5094 1182 5163 τήν
1243 5092 1422 5148 πίστιν
1482 5088 1764 5148 εἰσϐάλλει
1822 5095 1967 5167 Χρι-

301 5184 417 5238 τοῦ.
474 5205 505 5233 ιι
538 5180 873 5250 Δικαιοσύνη
935 5185 1093 5237 Θεοῦ.
1129 5203 1155 5235 ι
1209 5181 1273 5239 Εἰ
1335 5183 1471 5256 μετὰ
1523 5182 1720 5256 νόμου,
1781 5180 1965 5258 φησὶν,

302 5271 649 5347 ἡμάρτομεν,
681 5274 803 5333 πῶς
836 5268 897 5326 ἂν
935 5270 1258 5345 σωθείημεν,
1293 5270 1438 5328 εἷ’ποι
1476 5294 1579 5344 τις,
1642 5273 1818 5348 χωρὶς
1874 5270 1969 5327 νό-

299 5382 408 5434 μου
437 5381 452 5431 ;
484 5363 592 5419 Λιὰ
633 5367 740 5430 τῆς
788 5358 851 5416 ἐκ
888 5364 1023 5416 Θεοῦ
1053 5358 1420 5435 δικαιοσύνης,
1453 5362 1608 5441 φησὶ,
1664 5368 1764 5433 τῆς
1821 5360 1968 5434 παρὰ

296 5456 431 5507 Θεοῦ
462 5449 789 5528 διδομένης.
816 5451 1000 5508 Ὅπου
1022 5446 1079 5505 δὲ
1110 5451 1238 5515 Θεὸς
1268 5448 1480 5521 δίδωσι,
1517 5453 1593 5526 μὴ
1624 5446 1966 5531 ἀμφίϐαλλε,

298 5538 566 5619 ἄνθρωπε.
603 5545 675 5601 Ἠ
710 5539 1038 5610 δικαιοσύνη
1070 5543 1225 5611 Θεοῦ,
1286 5543 1320 5611 ἡ
1345 5541 1453 5598 ἁπὸ
1492 5546 1629 5598 Θεοῦ
1687 5539 1968 5604 δικαίωσις

362 5719 404 5757 η
426 5719 501 5795 Π²
533 5719 684 5791 Reg.
719 5727 886 5784 mu,
922 5712 1014 5765 2i.

2081 1969 2215 2008 rare
2237 1957 2450 2023 potest,
2502 1957 2812 2026 totumque
2865 1953 3157 2008 mundum
3188 1969 3295 2009 sua
3322 1953 3512 2026 gratia
3532 1969 3567 2008 a
3596 1969 3737 2024 pec-

2080 2042 2227 2097 catis
2248 2042 2545 2116 longoque
2568 2059 2767 2098 errore
2788 2058 2855 2097 ac
2871 2042 3207 2114 perditione
3222 2042 3484 2097 illorum.
3510 2040 3731 2097 Deinde
3761 2074 3765 2083 ν

2079 2148 2318 2187 rursum
2350 2132 2521 2202 quasi
2555 2131 2955 2201 objectionem
2986 2130 3178 2186 solvit.
3241 2133 3321 2185 Ne
3379 2132 3513 2203 quis
3571 2132 3733 2186 enim

2080 2220 2274 2276 dicat:
2304 2221 2456 2286 Quid
2488 2238 2623 2294 ergo
2649 2222 2676 2276 ‘2
2706 2222 2858 2276 nihil
2914 2221 3137 2294 profuit
3178 2222 3276 2278 lex
3296 2220 3324 2276 ‘2
3382 2222 3689 2295 subjungit
3717 2238 3729 2275 :

2079 2334 2107 2361 ‹‹
2142 2314 2221 2366 Eo
2254 2310 2415 2382 quod
2468 2327 2539 2367 ex
2596 2313 2874 2384 operibus
2927 2312 3073 2385 legis
3127 2330 3248 2367 non
3297 2312 3730 2385 justiﬁcabitur

2079 2423 2106 2451 α
2142 2402 2338 2457 omnis
2370 2417 2526 2457 caro.
2564 2423 2592 2451 ››
2625 2408 2704 2458 Ac
2730 2402 2779 2457 si
2814 2402 3070 2459 diceret:
3104 2402 3432 2458 Profuisset
3460 2402 3729 2457 fortassis

2075 2492 2191 2559 lex,
2225 2493 2274 2548 si
2307 2509 2433 2548 eam
2466 2497 2819 2563 servassent,
2848 2494 2951 2565 qui
2982 2494 3111 2565 ejus
3140 2498 3439 2565 praecepta
3459 2508 3734 2564 suscepe-

2074 2588 2247 2638 rant:
2282 2599 2484 2638 verum
2515 2599 2651 2638 cum
2691 2590 2814 2638 non
2849 2584 3230 2649 servaverint,
3265 2599 3335 2639 ex
3395 2582 3739 2638 assistentia

2075 2673 2253 2728 etiam
2285 2673 2507 2742 nocuit,
2541 2689 2663 2729 non
2704 2673 2796 2728 sui
2854 2677 3087 2741 natura,
3118 2672 3223 2729 sed
3255 2688 3460 2728 eorum
3528 2672 3728 2728 animo

2074 2763 2175 2834 qui
2216 2779 2338 2818 non
2370 2769 2768 2818 servaverunt.
2805 2785 2833 2812 ‹‹
2885 2765 2967 2818 Eo
3018 2763 3177 2835 quod
3239 2780 3310 2818 ex
3366 2762 3666 2834 operibus,
3700 2783 3730 2813 »

2072 2852 2296 2909 Deinde
2326 2868 2403 2908 ne
2433 2870 2671 2909 rursum
2703 2853 2945 2926 indigne
2969 2853 3167 2908 ferant
3194 2852 3403 2919 Judaai,
3439 2853 3599 2924 quod
3620 2851 3727 2908 toti

2072 2942 2294 2997 mundo
2326 2947 2837 2998 connumerentur
2867 2942 2928 2998 in
2973 2958 3042 2998 eo
3075 2942 3235 3014 quod
3276 2942 3397 2998 sint
3433 2942 3677 2998 obnoxii
3712 2958 3726 2999 :

2070 3032 2291 3087 iterum
2325 3048 2393 3088 ea
2414 3049 2547 3104 quae
2574 3033 2854 3088 adversus
2884 3032 3020 3088 illos
3051 3037 3193 3088 sunt
3221 3032 3497 3103 exquirit.
3532 3055 3560 3083 ‹‹
3594 3048 3727 3100 οω-

2070 3121 2165 3176 nis
2188 3137 2344 3177 caro.
2381 3142 2409 3169 ››
2438 3123 2638 3193 Neque
2670 3121 2831 3177 enim
2857 3116 3125 3194 implevit
3154 3138 3285 3192 quae
3317 3121 3380 3176 in
3402 3120 3528 3194 lege
3562 3125 3722 3177 sunt.

2140 3210 2239 3278 III,
2270 3213 2361 3279 20,
2393 3214 2535 3278 21,‹‹
2570 3213 2715 3267 Nam
2762 3228 2869 3282 per
2927 3211 3120 3283 legem
3178 3212 3414 3284 cognito
3472 3210 3724 3283 peccati.

2071 3322 2098 3349 ‹‹
2127 3302 2293 3356 Nunc
2322 3304 2522 3356 autem
2554 3300 2683 3356 sine
2712 3300 2840 3373 lege
2863 3300 3102 3373 justitia
3131 3301 3235 3356 Dei
3267 3300 3582 3356 manifesta
3613 3305 3723 3369 est,

2073 3409 2099 3441 ιι
2133 3389 2275 3446 dum
2305 3390 2728 3462 comprobatur
2757 3390 3099 3446 testimonio
3130 3390 3278 3464 legis
3337 3407 3405 3447 ac
3464 3391 3724 3463 prophe-

2072 3503 2101 3531 «
2138 3485 2353 3537 tarum.
2389 3502 2418 3531 ››

2143 3571 2288 3628 241
2330 3573 2400 3626 Ει
2420 3570 2565 3643 quid
2596 3571 2727 3628 dico
2760 3572 2920 3644 quod
2982 3588 3083 3629 vos
3138 3571 3324 3628 Judaei
3358 3571 3509 3628 nihil
3540 3572 3729 3645 adjuti

2073 3661 2204 3716 sitis
2232 3677 2300 3716 ex
2330 3660 2457 3734 lege
2481 3677 2599 3732 quo
2627 3662 2828 3717 minus
2854 3663 3065 3718 essetis
3089 3663 3267 3718 simul
3294 3680 3428 3718 cum
3452 3663 3728 3719 universo

2073 3749 2296 3805 mundo
2319 3749 2607 3805 obnoxii?
2623 3750 2898 3815 Quinimo
2922 3751 2970 3805 si
2988 3752 3124 3822 quis
3148 3751 3491 3825 diligentius
3509 3756 3729 3807 scrute-

2075 3842 2190 3904 tur,
2222 3837 2486 3892 inveniet
2515 3839 2694 3893 etiam
2727 3838 3153 3895 detrimentum
3184 3856 3286 3896 vos
3311 3857 3383 3896 ex
3411 3840 3539 3911 lege
3562 3856 3728 3896 acce-

2071 3926 2267 3998 pisse:
2300 3943 2423 3981 non
2452 3932 2697 3999 propter
2732 3928 2862 3999 ejus
2894 3933 3188 3995 naturam,
3224 3929 3329 3985 sed
3364 3929 3438 3984 ob
3470 3933 3726 3985 vestram

2073 4016 2385 4072 malitiam.
2408 4018 2675 4082 Quonam
2689 4023 2860 4090 pacto
2878 4017 3059 4074 ‘INam
3081 4019 3308 4091 peccati
3329 4018 3729 4092 cognitionem

2072 4123 2180 4179 per
2207 4106 2399 4179 legem
2421 4107 2652 4164 habetis
2679 4126 2692 4164 :
2724 4124 2973 4180 peccare
3000 4115 3199 4164 autem
3222 4126 3292 4165 ex
3324 4109 3574 4166 scientia
3593 4125 3728 4181 gra-

2074 4197 2200 4253 vius
2224 4203 2513 4270 estquam
2545 4199 3205 4272 ignorantia—Aliter.
3238 4199 3325 4255 Ad
3344 4199 3471 4267 hoc,
3506 4199 3726 4271 inquit,

2076 4287 2170 4344 lex
2198 4288 2600 4361 profuitquod
2630 4295 2939 4361 peccatum
2960 4289 3136 4345 nobis
3165 4294 3375 4345 notum
3405 4289 3575 4345 fecit:
3599 4306 3722 4345 non

2076 4394 2147 4433 ex
2178 4394 2247 4433 eo
2270 4382 2500 4434 tantum
2528 4379 2690 4450 quod
2718 4379 2997 4436 illicitum
3029 4397 3177 4452 Opus
3237 4380 3571 4452 prohibeat,
3624 4379 3730 4435 sed

2077 4469 2257 4523 etiam
2284 4468 2443 4539 quod
2475 4468 2588 4524 sibi
2619 4469 3033 4526 inobedientes
3090 4470 3436 4526 ulciscatur.
3495 4469 3729 4525 Etenim

2076 4559 2193 4614 nisi
2224 4559 2586 4631 supplicium
2618 4561 2954 4630 inﬂixisset,
2988 4577 3367 4633 nequaquam
3398 4562 3598 4633 ipsum
3630 4578 3728 4616 co-

2073 4650 2503 4721 gnovissemus.
2535 4652 2858 4722 Postquam
2890 4668 3025 4724 ergo
3053 4668 3123 4706 ex
3154 4652 3247 4707 his
3277 4651 3556 4707 omnibus
3587 4667 3731 4705 con-

2076 4739 2271 4794 stituit
2300 4740 2607 4795 universos
2657 4741 2766 4796 sub
2808 4746 3071 4812 peccato,
3097 4740 3299 4796 subdit
3328 4739 3608 4813 deinceps
3634 4754 3728 4793 os-

2077 4828 2329 4884 tendens
2380 4845 2499 4884 suae
2558 4829 3002 4900 praedicationis
3033 4829 3469 4885 excellentiam.
3503 4851 3530 4878 «
3565 4830 3731 4884 Nunc

2075 4924 2295 4974 autem.
2321 4939 2348 4969 »
2386 4919 2490 4974 Ubi
2525 4935 2624 4974 eos
2654 4920 3019 4975 ostendisset
3058 4920 3211 4976 nihil
3242 4937 3311 4976 ex
3334 4919 3462 4992 lege
3493 4918 3731 4992 adjutos

2078 5026 2206 5064 esse
2226 5009 2366 5064 etad
2383 5009 2929 5082 concupiscentiam
2946 5010 3214 5067 duxisset
3234 5008 3583 5067 methodum
3598 5027 3731 5082 quea

2078 5099 2302 5155 salvare
2324 5104 2584 5171 poterat:
2635 5106 2965 5171 Opportune
2992 5100 3208 5156 Christi
3240 5099 3419 5156 fidem
3462 5099 3734 5172 aggredi-

2080 5193 2193 5245 tur.
2228 5210 2256 5240 ‹‹
2288 5190 2524 5245 Justitia
2555 5190 2675 5246 Dei.
2712 5211 2740 5240 ››
2774 5190 2828 5246 Si
2856 5189 3077 5259 habita,
3112 5190 3327 5264 inquit,
3362 5191 3491 5264 lege
3519 5207 3733 5263 pecca-

2076 5277 2289 5344 vimus,
2317 5296 2433 5349 quo
2457 5295 2593 5351 ergo
2614 5278 2810 5346 modo,
2835 5279 2993 5336 dicat
3013 5281 3336 5352 quispiam,
3363 5281 3587 5353 absque
3601 5280 3729 5354 lege

2079 5366 2296 5423 salvari
2328 5384 2638 5438 possemus
2660 5368 2688 5423 ?
2715 5370 2828 5424 Per
2845 5368 3143 5441 justitiam
3175 5370 3298 5441 Dei,
3344 5371 3561 5442 inquit,
3597 5386 3729 5443 quas

2078 5455 2354 5512 videlicet
2384 5458 2562 5513 datur
2589 5474 2623 5513 a
2656 5459 2792 5513 Deo.
2832 5458 2937 5514 Ubi
2969 5464 3169 5515 autem
3228 5462 3382 5516 Deus
3428 5461 3596 5516 illam
3622 5460 3730 5515 tri-

2079 5544 2240 5616 buat,
2275 5562 2352 5603 ne
2374 5546 2709 5621 ambigas,o
2727 5547 2924 5606 homo.
2946 5551 3063 5608 Aut
3074 5548 3310 5622 justitia
3323 5550 3529 5607 Deiest
3548 5546 3732 5623 justi-
