4114 6428
324 407 440 472 383

1463 395 1894 462 (ECUMENII
1939 393 2243 456 'I‘RICCIE
2288 398 2669 460 EPISCOPI.

3635 399 3753 462 384

331 545 527 602 ﬁcatio
551 547 608 600 et
627 540 1054 597 absolutio.seu
1068 536 1341 593 liberatio
1361 553 1394 592 a
1410 535 1688 608 peccatis,
1710 547 1744 588 a
1764 530 1966 604 quibus

2095 528 2185 582 καὶ
2240 530 2488 592 ἀθώωσις
2545 534 2633 587 καὶ
2695 531 2994 611 ἀπαλλαγή
3056 536 3164 590 τῶν
3223 533 3530 608 ἁμαρτιῶν,
3581 531 3660 588 ὧν
3719 535 3748 590 ὁ

330 652 448 690 non
462 632 657 705 potuit
672 631 767 686 lex
783 629 1056 684 liberare.
1079 652 1106 678 «
1128 628 1504 683 Manifestata
1517 630 1625 680 est.
1646 647 1672 672 ›ι
1687 623 1852 689 Quod
1866 637 1992 675 ma.

326 724 661 787 nifestatur,
696 720 942 791 planum
990 724 1080 774 est
1129 717 1289 790 quod
1346 722 1521 771 antea
1563 714 1759 779 fuerit,
1795 729 1987 784 quan-

324 828 501 885 quam
519 809 1198 881 occultaretur.Fugiens
1223 809 1422 878 itaque
1449 805 1895 860 innovationem
1929 807 1986 857 et

323 918 398 958 ne
431 917 641 955 recens
683 898 982 953 videretur
1015 898 1142 969 ejus
1174 895 1540 968 prmdicatio,
1574 894 1720 948 dixit
1748 910 1759 946 :
1802 913 1827 941 «
1862 893 1980 946 Ma-

320 991 607 1048 nifestata
631 995 720 1044 est
749 1007 762 1055 ;
798 1011 825 1039 »
855 1005 965 1043 nec
996 987 1052 1041 id
1086 986 1262 1040 modo
1294 985 1540 1056 vulgari,
1573 999 1776 1037 verum
1805 982 1983 1036 etiam

320 1083 487 1155 prius
521 1086 700 1136 nacta
731 1086 840 1144 est,
885 1079 1293 1132 testimonium
1327 1093 1360 1130 a
1389 1075 1514 1146 lege
1565 1079 1624 1128 et
1653 1071 1978 1144 prophetis.

397 1173 490 1238 IlI,
521 1174 590 1224 22
620 1173 710 1226 24.
747 1193 773 1219 ‹‹
810 1168 1052 1224 Justitia
1113 1173 1309 1221 autem
1343 1165 1444 1219 Dei
1478 1180 1584 1235 per
1618 1164 1795 1218 ﬁdem
1845 1163 1981 1216 Jesu

325 1284 345 1309 ι
379 1261 594 1316 Christi
630 1261 691 1314 in
753 1274 966 1313 omnes
999 1263 1057 1311 et
1087 1273 1266 1328 super
1295 1271 1502 1309 omnes
1557 1253 1656 1324 qui
1707 1251 1978 1307 credunt.

324 1372 352 1400 «
380 1351 506 1404 Non
529 1349 689 1403 enim
710 1353 798 1402 est
819 1345 1146 1404 distinctio,
1171 1361 1309 1399 nam
1334 1360 1542 1398 omnes
1567 1345 1977 1414 peccaverunt,

327 1461 355 1488 ‹‹
394 1443 450 1492 et
482 1437 844 1509 posteriores
873 1439 1011 1489 sunt
1040 1433 1223 1506 gloria
1255 1433 1357 1486 Dei
1393 1449 1406 1487 :
1447 1431 1746 1504 gratisque
1797 1429 1978 1500 justi-

329 1550 349 1577 σι
387 1529 642 1582 ﬁcantur
670 1542 777 1597 per
804 1525 1055 1597 gratiam
1082 1523 1290 1594 ipsius.
1330 1545 1349 1569 η

391 1616 628 1672 Justitia
652 1615 753 1670 Dei
781 1631 882 1686 per
902 1613 1147 1668 ﬁdemw
1181 1613 1462 1676 Quaenam
1486 1610 1744 1682 justitia,
1764 1608 1979 1664 dixerit

322 1707 878 1778 quispiam,autquo
890 1704 1048 1757 ntodo
1066 1718 1101 1756 a
1113 1702 1229 1756 Deo
1244 1701 1380 1756 data
1392 1701 1650 1755 ?Deinde
1671 1716 1745 1753 ne
1759 1716 1976 1753 novum

321 1797 548 1869 aliquid
571 1796 776 1852 audire
800 1796 912 1849 sibi
934 1794 1264 1860 videantur,
1291 1793 1336 1846 si
1358 1792 1600 1846 omnino
1616 1791 1824 1845 salvari
1843 1808 1974 1862 pos-

2092 618 2259 692 νόμος
2294 621 2393 676 οὐκ
2448 622 2668 701 ἴσχυσεν
2701 621 3034 696 ἀπαλλάξαι.
3097 648 3124 675 ‹‹
3157 625 3555 702 Πεφανὲρωται.
3593 648 3622 674 ››
3679 625 3751 680 Τὸ

2093 710 2492 785 φανερούμενον
2545 709 2716 782 δῆλον
2772 713 2846 776 ὡς
2875 713 2941 781 ἦν
2975 713 3092 786 μὲν,
3156 711 3449 788 ἐκρύπτετο
3508 710 3584 772 δέ.
3633 715 3747 784 Τῆν

2094 799 2184 852 ούν
2215 799 2567 874 καινοτομίαν
2626 802 2861 881 φεύγων,
2917 801 3008 856 καὶ
3063 802 3126 858 τὸ
3188 801 3368 858 δοκεῖν
3436 802 3748 881 πρόσφατον

2091 885 2231 942 εἶδαι
2289 891 2351 944 τὸ
2411 893 2675 968 κήρυγμα
2709 936 2722 961 ,
2780 892 2936 963 εἶπε,
3001 917 3029 946 ‹‹
3088 892 3492 970 Πεφανέρωται.
3533 917 3561 945 ››
3624 894 3749 973 Οὐχ

2091 977 2301 1048 ἁπλῶς,
2356 980 2505 1036 ἀλλὰ
2555 981 2647 1037 καὶ
2705 985 3260 1058 προμαρτυρηθεῖσαν
3337 984 3440 1038 ὑπὸ
3500 985 3748 1046 Μωσέως

2091 1071 2271 1144 (οὗτος
2305 1073 2409 1148 γὰρ
2444 1074 2471 1128 ὁ
2499 1069 2708 1148 νόμος),
2742 1075 2832 1129 καὶ
2863 1079 2970 1130 τῶν
3000 1080 3324 1154 προφητῶν.

2162 1163 2486 1234 Δικαιοσύνη
2577 1161 2634 1218 δὲ
2686 1169 2822 1219 Θεοῦ
2881 1163 2969 1219 διὰ
3053 1165 3290 1227 πίστεως
3377 1167 3558 1236 Ἰησοῦ
3609 1173 3750 1242 Χρι-

2087 1257 2216 1308 στοῦ
2279 1253 2355 1316 εἷς
2433 1256 2632 1318 πάντας
2719 1257 2809 1312 καὶ
2883 1257 2969 1312 ἐπὶ
3032 1257 3233 1322 πάντας
3287 1257 3414 1321 τοὺς
3466 1258 3750 1315 πιστεύον-

2086 1342 2304 1405 τας.ού
2355 1345 2476 1419 γὰρ·
2517 1344 2627 1401 ἐστι
2701 1343 2989 1417 διαστολή,
3057 1348 3254 1408 πάντες
3315 1349 3418 1425 γὰρ
3475 1347 3750 1424 ἥμαρτον,

2085 1433 2175 1486 καὶ
2209 1433 2555 1507 ὑστεροῦνται
2612 1442 2712 1504 τῆς
2773 1433 2936 1507 δόξης
2997 1441 3093 1492 τοῦ
3151 1441 3306 1492 Θεοῦ·
3369 1435 3752 1512 δικαιούμενοι

2089 1518 2292 1595 δωρεὰν
2314 1525 2381 1595 τῇ
2413 1523 2584 1579 αὐτοῦ
2615 1525 2826 1598 χάριτι.

2091 1634 2112 1660 ι
2148 1611 2468 1682 Δικαιοσύνη
2521 1611 2577 1668 δὲ
2633 1619 2766 1668 Θεοῦ
2826 1613 2913 1669 διὰ
2966 1613 3282 1675 πίστεων.»
3343 1617 3479 1672 Ποία
3538 1614 3748 1672 δικαιο-

2087 1700 2240 1769 σύνη,
2274 1699 2416 1756 εἶ’ποι
2448 1723 2552 1770 τις,
2589 1705 2622 1772 ἢ
2649 1710 2765 1764 πῶς
2823 1701 3084 1776 διδομένη
3123 1706 3226 1760 ὑπὸ
3281 1710 3413 1761 Θεοῦ
3450 1726 3464 1774 ;
3521 1707 3618 1762 Διὰ
3647 1707 3744 1760 πί-

2088 1809 2276 1857 στεως,
2309 1792 2492 1868 φησὶν,
2523 1793 2704 1862 Ἰησοῦ
2749 1795 3008 1868 Χριστοῦ.
3072 1796 3209 1851 Εἶτα
3250 1793 3339 1849 ’ἱνα
3402 1798 3477 1869 μὴ
3539 1793 3740 1869 δόξωσι

324 1888 444 1942 sint
460 1887 608 1941 nihil
630 1885 1076 1940 contribuentes
1091 1881 1522 1952 ostendit-quod
1540 1881 1719 1936 etiam
1733 1881 1966 1936 credere

2085 1879 2228 1949 ξένον
2260 1901 2313 1934 τι
2339 1881 2577 1951 ἀκούειν,
2608 1881 2652 1937 εί
2686 1881 2832 1944 ὅλως
2862 1880 2938 1938 ἔνι
2995 1885 3261 1954 σώζεσθαι
3317 1882 3486 1958 μηδὲν
3539 1886 3738 1948 αὐτοὺς

324 1976 400 2030 sit
423 1975 823 2041 contribuere,
860 1975 1054 2045 ipsum
1089 1973 1246 2028 enim
1270 1971 1512 2027 credere
1545 1970 1770 2043 indiget
1793 1970 1976 2026 animi

322 2067 694 2123 fortitudine.
727 2067 861 2121 Ideo
912 2065 1032 2123 ait:
1070 2086 1092 2115 (ι
1120 2067 1232 2119 Per
1260 2063 1460 2129 ﬁdem,
1495 2085 1520 2110 η
1553 2062 1876 2118 ostendens
1907 2079 1977 2118 ex

321 2158 432 2211 hoc
457 2173 565 2210 nos
590 2171 824 2226 quoque
848 2153 1075 2225 aliquid
1103 2153 1392 2208 conferre.
1420 2175 1444 2202 ‹‹
1463 2154 1528 2208 In
1559 2158 1976 2218 omnes,etsu-

320 2262 668 2318 peromnes.
697 2269 716 2292 η
741 2247 806 2298 In
831 2261 1060 2304 omnes,
1087 2243 1302 2314 inquit,
1323 2243 1576 2307 Judmos,
1602 2242 1702 2312 qui
1725 2241 1977 2297 credunt

321 2336 475 2392 24‘!
509 2341 572 2390 ut
604 2335 702 2407 qui
737 2334 894 2406 apud
928 2351 988 2388 se
1023 2340 1081 2388 et
1111 2349 1176 2387 ex
1212 2333 1357 2404 ipsis
1419 2331 1710 2386 haberent
1765 2332 1974 2386 salutis

317 2425 780 2495 causam,ipsum
798 2439 1010 2494 nempe
1025 2423 1541 2492 Christum.Super
1553 2438 1760 2476 omnes
1773 2427 1970 2476 autem

317 2515 587 2570 ethnicos
616 2512 778 2579 dicit,
813 2513 911 2584 qui
945 2528 979 2567 a
1006 2511 1224 2566 Judaeis
1251 2509 1635 2575 crediderint,
1662 2516 1719 2564 et
1736 2516 1974 2567 extenta

315 2605 393 2659 sit
423 2619 603 2674 super
633 2619 733 2656 eos
765 2602 971 2674 gratia.
1009 2602 1221 2654 Verum
1255 2605 1312 2654 et
1342 2600 1470 2666 hos,
1504 2600 1717 2671 inquit,
1754 2605 1811 2654 et
1837 2600 1970 2654 illos

313 2693 669 2764 fecitgratia:
691 2691 1154 2762 participes,non
1172 2688 1696 2761 quoscunque,sed
1721 2689 1971 2744 creden-

313 2789 423 2838 tes.
458 2783 786 2848 Etiterum,
823 2781 963 2851 quia
996 2780 1206 2834 merito
1249 2779 1586 2834 communis
1616 2784 1706 2833 est
1758 2779 1965 2851 gratia,

315 2889 447 2944 quae
476 2875 567 2926 est
588 2888 724 2943 erga
754 2886 982 2925 omnes.
1026 2892 1053 2918 «
1089 2871 1214 2924 Non
1264 2869 1424 2923 enim
1456 2873 1545 2924 est
1576 2868 1899 2924 distinctio.
1938 2890 1965 2917 ››

313 2965 569 3019 Rursum
599 2960 834 3017 Judaeos
857 2959 1119 3016 ostendit
1149 2959 1300 3014 nihil
1327 2958 1695 3014 excellentius
1744 2959 1963 3014 habere

310 3070 433 3126 pra;
464 3050 760 3121 gentibus.
826 3075 853 3100 ‹‹
885 3052 1027 3106 Nam
1085 3065 1292 3105 omnes
1352 3053 1830 3120 peccaverunt.»
1883 3050 1961 3103 Ne

309 3141 476 3205 mihi,
506 3139 721 3212 inquit,
748 3140 912 3196 dicas
939 3159 950 3194 :
979 3143 1096 3213 Ego
1126 3139 1364 3195 Judaeus
1388 3156 1539 3204 sum,
1567 3139 1667 3210 qui
1703 3154 1960 3210 superne

306 3235 491 3289 Deum
516 3234 780 3306 cognovi,
801 3234 896 3288 hic
909 3239 1108 3288 autem
1132 3239 1445 3288 extraneus
1461 3237 1551 3287 est
1570 3237 1629 3286 et
1644 3231 1953 3286 barbarus.

302 3321 570 3378 Profecto
597 3324 645 3377 si
675 3339 882 3377 omnes
913 3328 1330 3394 peccaverunt,
1367 3322 1589 3376 habent
1609 3338 1846 3392 quoque
1897 3321 1956 3375 id

306 3429 536 3482 omnes,
571 3413 842 3468 utsimili
881 3414 1160 3484 aequitate
1218 3412 1362 3467 salvi
1420 3413 1584 3467 ﬁant.
1619 3413 1743 3465 Non
1798 3412 1958 3464 enim

309 3509 394 3557 est
420 3503 780 3567 differentia,
814 3503 932 3556 sive
963 3502 1298 3557 descrimen
1357 3500 1543 3560 Judaei
1601 3517 1668 3555 ac
1698 3499 1958 3572 gentilis,

305 3592 544 3662 utrique
586 3591 862 3645 similiter
919 3595 1327 3662 peccaverunt.
1388 3613 1415 3640 ι(
1475 3592 1545 3644 Et
1600 3589 1961 3662 posteriores

312 3687 454 3737 sunt
481 3681 669 3754 gloria
722 3683 906 3749 Dei,»
968 3687 1077 3737 etc.
1113 3681 1417 3754 Siquidem
1469 3698 1542 3735 ne
1596 3686 1679 3749 tu,
1741 3680 1954 3752 inquit,

306 3773 455 3827 mihi
478 3773 677 3828 dicas:
709 3773 891 3828 Graeci
925 3773 1158 3845 gravius
1209 3776 1620 3843 peccaverunt.
1657 3773 1864 3825 Nonne
1894 3776 1958 3825 tu

306 3863 494 3936 gloria
523 3879 590 3918 ac
618 3862 1016 3918 beneﬁcentia
1048 3863 1148 3917 Dei
1181 3862 1474 3933 posterior
1495 3878 1558 3916 es
1579 3860 1606 3915 ?
1635 3861 1956 3933 gratisque,

308 3953 420 4008 hoc
453 3957 560 4018 est,
595 3953 816 4023 absque
854 3953 971 4007 tuis
1001 3952 1180 4006 rectis
1227 3950 1527 4022 operibus,
1562 3949 1856 4005 salvaris?
1894 3967 1960 4006 ac

308 4060 546 4098 rursum
580 4043 662 4097 ita
691 4048 756 4098 ut
787 4043 935 4097 nihil
989 4041 1260 4097 conferas
1291 4040 1454 4096 aliud
1484 4045 1701 4112 praeter
1729 4039 1908 4095 ﬁdem
1936 4041 1963 4095 ?

311 4135 575 4202 Cumque
600 4132 970 4204 justiﬁceris,
993 4131 1174 4202 gratis
1194 4130 1546 4201 justiﬁcaris
1573 4146 1584 4182 :
1611 4145 1677 4183 ac
1705 4133 1839 4199 post
1860 4129 1960 4183 Dei

309 4221 558 4294 gloriam
593 4238 656 4274 ac
689 4219 1144 4275 beneﬁcentiam
1191 4218 1422 4273 accedis
1451 4218 1479 4272 ‘I
1541 4240 1561 4267 (ι
1597 4217 1962 4272 Posteriores

311 4315 452 4366 sunt
480 4309 668 4377 gloria
700 4309 824 4376 Dei,
849 4330 876 4355 ιι
900 4307 1280 4379 postmodum
1310 4307 1573 4374 fuerunt,
1595 4323 1718 4361 non
1751 4323 1964 4378 praeve-

308 4404 528 4456 nerunt
560 4398 634 4453 ad
655 4397 1110 4470 gloriﬁcandum
1143 4399 1348 4452 Deum.
1375 4395 1732 4451 Exciderant
1755 4412 1962 4451 omnes

307 4491 380 4547 ab
413 4489 767 4544 honorando
793 4489 1008 4543 Deum:
1041 4487 1226 4544 Judaei
1251 4487 1493 4558 quidem
1525 4492 1961 4558 praeceptorum

302 4581 451 4652 legis
483 4585 954 4651 transgressores
983 4577 1121 4634 facti
1148 4595 1160 4645 ;
1223 4576 1446 4631 ethnici
1503 4593 1636 4632 vero
1670 4576 1830 4632 idola
1859 4594 1960 4632 co-

2087 1974 2603 2049 συνεισενεγκόντας,
2691 1971 2954 2030 δείκνυσιν
3036 1975 3118 2031 ὅτι
3195 1976 3399 2032 καὶτὸ
3455 1982 3741 2034 πιστεῦσαι

2086 2069 2498 2139 συνεισενεγκείν
2531 2061 2698 2121 ἔστιν.
2733 2061 3014 2140 Ἀνδρείας
3069 2065 3171 2142 γὰρ
3231 2063 3402 2122 δεῖται
3460 2071 3646 2142 ψυχῆς
3679 2068 3744 2122 τὸ

2082 2156 2384 2208 πιστεῦσαι.
2421 2153 2513 2206 Διό
2573 2174 2726 2230 φησι.
2791 2178 2818 2204 ‹‹
2852 2153 2950 2210 Διὰ
2998 2153 3253 2224 πίστεως,
3289 2178 3317 2206 ››
3379 2153 3590 2215 δεικνὺς
3650 2155 3746 2210 καὶ

2081 2241 2228 2311 ἡμᾶς
2268 2239 2328 2294 ἐκ
2389 2240 2585 2296 τούτου
2640 2242 3098 2316 συνεισφέροντας.
3162 2269 3188 2294 ‹‹
3226 2242 3320 2308 Ε’ίς
3378 2245 3582 2304 πάντας
3643 2243 3736 2299 καὶ

2081 2327 2165 2384 ἐπὶ
2227 2331 2450 2386 πάντας.
2488 2353 2515 2381 ››
2575 2366 2642 2374 -
2700 2335 3180 2406 [ΓΕΝΝΑΔΙΟΥ.]
3233 2335 3326 2396 Εἰς
3383 2332 3582 2397 πάντας
3643 2335 3739 2407 μὶν

2077 2417 2204 2481 τοὺς
2265 2417 2547 2492 Ἰουδαίοις,
2643 2422 2829 2502 φησὶν,
2890 2423 2965 2484 ὡς
3023 2420 3233 2478 οἷ’κοθεν
3285 2423 3374 2478 καὶ
3433 2423 3482 2494 ἐξ
3554 2423 3735 2480 αὐτῶν

2078 2506 2382 2582 ἐσχηκότας
2413 2513 2513 2574 τῆς
2543 2511 2815 2587 σωτηρίας
2843 2512 2938 2566 τὸν
2997 2509 3191 2584 α’δτιον,
3243 2513 3413 2587 ἤγουν
3470 2513 3561 2568 τὸν
3598 2517 3736 2588 Χρι-

2077 2598 2218 2653 στόν.
2254 2600 2377 2655 Ἐπὶ
2409 2601 2609 2662 πάντας
2660 2598 2736 2672 δὲ,
2787 2603 2915 2663 τοὺς
2970 2603 3208 2665 ἐθνικοὺς
3267 2601 3434 2679 λέγει,
3495 2603 3569 2666 ὡς
3623 2604 3732 2660 ἀπὸ

2073 2691 2179 2741 τῶν
2210 2685 2484 2744 Ἰουδαίων
2534 2692 2933 2746 πιστευσάντων
2993 2693 3081 2746 καὶ
3142 2691 3228 2748 ἐπὶ
3288 2693 3516 2755 τούτους
3576 2692 3736 2749 ἐκτα-

2075 2775 2257 2846 θείσης
2286 2785 2385 2847 τῆς
2419 2779 2669 2856 χάριτος.
2728 2781 2918 2854 Ὃμως
2980 2781 3165 2855 μέντοι
3223 2782 3311 2836 καὶ
3370 2783 3578 2838 τούτων
3627 2785 3728 2838 κά-

2071 2865 2263 2920 κείνων
2302 2870 2668 2946 μετασχήσειν
2695 2876 2797 2939 τῆς
2831 2871 3059 2944 χάριτος
3107 2867 3321 2950 ἔφησεν,
3355 2871 3466 2947 ούχ
3518 2871 3721 2941 ἁπλῶς,

2070 2953 2217 3010 ἀλλὰ
2245 2957 2372 3019 τοὺς
2401 2958 2771 3020 πιστεύοντας.
2813 2960 2912 3014 Καὶ
2947 2959 3112 3015 πάλιν
3141 2960 3224 3015 ὅτι
3285 2962 3442 3030 κοινὴ
3502 2959 3718 3025 δικαίως

2069 3046 2104 3113 ἡ
2138 3046 2302 3123 χάρις
2361 3047 2500 3102 κατᾶ
2551 3049 2783 3106 πάντων.
2849 3073 2875 3100 ‹‹
2910 3048 2986 3106 Οὐ
3047 3051 3150 3127 γάρ
3210 3049 3320 3105 ἐστι
3381 3047 3727 3120 διαστολή.»

2068 3134 2240 3190 Πάλιν
2271 3133 2505 3192 δείκνυσι
2561 3135 2730 3210 μηδὲν
2763 3136 3062 3202 Ἰουδαίους
3123 3133 3350 3215 ἔχοντας
3407 3139 3572 3196 πλέον
3620 3145 3730 3196 τῶν

2070 3223 2119 3293 ἐξ
2153 3221 2337 3283 ἐθνῶν.
2387 3251 2407 3276 ι
2450 3225 2650 3288 Πάντες
2709 3228 2814 3304 γὰρ
2870 3225 3141 3302 ἥμαρτον,
3180 3253 3206 3279 ››
3244 3230 3335 3297 Μή
3391 3230 3496 3304 γάρ
3530 3249 3625 3304 μοι
3658 3228 3734 3284 εἴ·

2067 3337 2199 3390 πῃς,
2228 3316 2410 3394 φησὶν,
2465 3318 2613 3394 Ἐγὼ
2667 3319 2761 3390 μὲν
2825 3316 3087 3380 Ἰουδαῖός
3145 3320 3262 3393 εἰμι
3315 3319 3513 3384 ἄνωθεν
3568 3317 3732 3382 εἰδὼς

2063 3409 2213 3474 Θεὸν,
2267 3406 2426 3469 οὗτος
2457 3405 2514 3464 δὲ
2543 3409 2687 3477 ξένος
2743 3410 2834 3464 καὶ
2898 3405 3200 3485 βάρϐαρος.
3233 3410 3421 3473 ’Όλως
3455 3412 3498 3467 εἰ
3532 3412 3725 3475 πάντες

2062 3497 2334 3571 ἥμαρτον,
2366 3490 2557 3575 ἔχουσι
2588 3497 2677 3552 καὶ
2732 3499 2794 3553 τὸ
2849 3500 3049 3561 πάντες
3107 3501 3396 3575 ὁμοτίμως
3451 3503 3727 3571 σωθῆνηιπ

2065 3584 2141 3644 Οὐ
2172 3586 2276 3660 γὰρ
2299 3583 2410 3640 ἐστι
2449 3583 2736 3657 διαστολὴ,
2769 3586 2940 3666 ἤγουν
2978 3590 3272 3664 χωριφμὸς
3335 3587 3599 3648 Ἰουδαίου
3629 3593 3726 3647 καὶ

2065 3675 2276 3738 ὲθνικοῦ
2309 3718 2324 3747 ,
2376 3675 2585 3748 ὁμοίως
2655 3677 2954 3756 ἀμφότεροι
3011 3680 3260 3753 ἥμαρτον
3297 3723 3308 3735 .
3364 3703 3390 3730 ‹‹
3427 3681 3527 3736 Καὶ
3563 3681 3722 3736 ὕστε-

2066 3769 2282 3840 ροῦνται
2313 3773 2412 3836 τῆς
2442 3765 2602 3838 δόξης
2635 3773 2732 3824 τοῦ
2791 3775 2949 3842 Θεοῦ,
2985 3793 3012 3819 η
3043 3769 3133 3825 καὶ
3165 3771 3230 3824 τὰ
3287 3770 3433 3841 ἒξῆτ.
3494 3773 3581 3841 Μὴ
3615 3772 3723 3847 γάρ

2070 3879 2164 3932 μοι
2197 3856 2377 3932 εῗπῃς,
2409 3861 2596 3935 φησὶν,
2637 3858 2720 3914 ὅτι
2771 3857 3042 3930 Ἕλληνες
3074 3858 3241 3915 τι-λὲον
3298 3862 3568 3934 ἥμαρτον.
3626 3863 3722 3931 Μὴ

2068 3947 2130 4002 σύ
2161 3946 2392 4002 κατόπιν
2424 3945 2522 4001 οὐκ
2552 3949 2602 4001 εἴ
2627 3954 2728 4016 τῆς
2764 3945 2925 4018 δόξης
2985 3949 3071 4003 καὶ
3103 3954 3203 4018 τῆς
3259 3948 3569 4026 εὐεργεσίας
3625 3954 3727 4005 τοῦ

2068 4040 2207 4092 Θεοῦ
2241 4055 2254 4106 ;
2287 4037 2377 4090 καὶ
2411 4034 2639 4113 δωρεὰν,
2691 4037 2988 4106 τουτέστὶν,
3044 4037 3167 4093 ἄνευ
3221 4043 3298 4093 σῶ
3356 4039 3728 4116 κατορθωμά-

2067 4146 2196 4193 των,
2228 4126 2377 4200 σώζῃ
2413 4148 2426 4197 ;
2460 4126 2550 4181 καὶ
2609 4124 2774 4182 πάλιν
2807 4126 2880 4188 ὡς
2917 4123 3085 4199 μηδὲν
3139 4126 3323 4203 ἓτερον
3385 4130 3723 4205 συνεισενεγ-

2069 4214 2181 4284 καὶ,
2236 4213 2382 4285 πλὴν
2439 4216 2720 4286 πίστεως;
2783 4215 3169 4288 Δικαιούμενος
3232 4214 3309 4286 δὲ,
3376 4215 3580 4293 δωρεὰν
3640 4217 3725 4274 δι-

2067 4309 2338 4373 καιοῦσαι,
2388 4308 2474 4361 καί
2527 4306 2753 4362 κατόπιν
2811 4305 3031 4384 ἕργεσαι
3088 4312 3185 4362 τοῦ
3243 4312 3377 4363 Θεοῦ
3436 4306 3596 4380 δόξης
3629 4311 3724 4365 καὶ

2069 4393 2392 4471 εὐεργεσίας.
2455 4421 2483 4446 ‹‹
2544 4400 2894 4472 Υστεροῦνται
2952 4399 3052 4461 τῆς
3113 4393 3272 4467 δόξης
3336 4403 3434 4452 τοῦ
3497 4403 3650 4454 Θεοῦ.
3689 4421 3716 4453 ι

2069 4485 2309 4540 Κατόπιν
2366 4483 2609 4559 ἐγένοντο
2646 4529 2658 4553 ,
2719 4484 2818 4539 οὐκ
2873 4477 3105 4558 ἔφθασαν
3174 4490 3271 4539 τοῦ
3328 4483 3572 4556 δοξάζειν
3627 4489 3720 4542 τὸν

2069 4573 2220 4630 Θεόν.
2271 4575 2715 4630 Ἐκπεπτώκασιν
2777 4569 3006 4636 ἅπαντες
3063 4579 3161 4630 τοῦ
3218 4581 3382 4649 τιμᾷν
3437 4577 3618 4633 αὐτόν.
3652 4581 3722 4637 Οἱ

308 4671 518 4727 lentes.
548 4669 684 4724 Ideo
716 4684 924 4724 omnes
951 4667 1052 4739 qui
1085 4667 1146 4722 in
1165 4669 1350 4724 Deum
1377 4666 1760 4722 crediderunt
1781 4668 1962 4740 gratis

2077 4665 2167 4738 μὲν
2199 4662 2480 4737 Ἰουδαῖοι,
2514 4660 2820 4740 παραϐάται
2866 4665 3149 4742 γενόμενοι
3206 4669 3313 4721 τῶν
3367 4663 3456 4721 διὰ
3484 4671 3583 4722 τοῦ
3633 4668 3724 4724 νό-

297 4758 727 4832 justiﬁcantur,
753 4759 950 4829 ipsum
982 4757 1223 4813 credere
1271 4761 1498 4812 tantum
1557 4757 1955 4812 conferentes.

306 4849 610 4915 Quomodo
631 4865 768 4904 vero
791 4849 1196 4919 justiﬁcamur
1218 4847 1246 4902 ?
1283 4847 1594 4919 Redempti
1625 4864 1658 4902 a
1697 4847 1958 4918 peccatis

304 4940 546 5003 nostris,
580 4941 692 4993 Per
714 4955 892 5008 quem
924 4942 1123 4993 autem
1147 4937 1552 5008 justiﬁcamur
1572 4937 1599 4991 ?
1618 4938 1730 4991 Per
1757 4938 1956 4991 Jesum

304 5027 623 5082 Christum.
659 5027 963 5091 Quomodo
986 5027 1086 5081 ille
1113 5026 1674 5097 redemit?Proprio
1708 5025 1954 5097 sangui-

303 5132 399 5172 ne.
432 5115 535 5169 Vel
562 5116 672 5170 hoc
705 5115 900 5170 modo.
936 5117 1090 5171 Deus
1126 5115 1574 5186 illosjustiﬁcat
1602 5113 1950 5169 credentes:

303 5221 443 5261 nam
493 5205 811 5276 adoptione
872 5204 1077 5278 dignos
1135 5205 1317 5270 ducit,
1371 5205 1580 5275 suique
1629 5205 1792 5277 regni
1855 5203 1952 5258 de-

305 5300 599 5350 monstrat
628 5295 915 5362 hueredes,
955 5312 989 5350 a
1033 5312 1148 5367 quo
1207 5294 1590 5350 manifestum
1649 5300 1739 5348 est
1795 5295 1954 5365 quod

301 5385 810 5448 aberraveramus,
867 5401 1072 5440 omnes
1131 5384 1408 5439 similiter
1464 5384 1824 5455 posteriores
1854 5402 1954 5441 su-

299 5493 456 5546 mus,
486 5475 619 5530 ideo
642 5474 823 5546 gratis
855 5475 967 5529 ista
996 5473 1169 5529 nobis
1201 5474 1425 5530 tribuit.

372 5655 468 5724 III,
493 5656 681 5710 24-26.
722 5672 741 5700 α
768 5655 879 5708 Per
907 5651 1381 5724 redemptionem
1412 5668 1544 5724 quea
1575 5655 1665 5707 est
1694 5651 1755 5707 in
1786 5652 1948 5709 Chri~

302 5769 328 5797 «
361 5751 448 5802 sto
469 5747 626 5818 Jesu,
653 5761 830 5818 quem
853 5743 1162 5817 proposuit
1192 5743 1347 5798 Deus
1375 5741 1824 5815 propitiatorem
1847 5760 1953 5817 per

2073 4775 2178 4827 μου
2207 4754 2468 4822 ἐντολῶν,
2511 4755 2561 4809 οἳ
2595 4752 2652 4808 δε
2707 4753 2934 4823 ἐθνικοὶ,
2996 4751 3252 4817 εἰδώλοις
3307 4753 3719 4831 λατρεύσαντες.

2069 4844 2164 4897 Διὸ
2211 4845 2402 4905 πάντες
2487 4842 2868 4904 πιστεύσαντες
2927 4843 3002 4906 εἰς
3064 4845 3325 4918 Χριστὸν,
3382 4842 3589 4921 δωρεὰν
3645 4845 3724 4902 δι-

2067 4937 2396 5002 καιοῦνται,
2456 4933 2518 4988 τὸ
2578 4933 2845 4988 πιστεύειν
2889 4934 3052 5007 μόνον
3110 4934 3532 5008 συνεισάγοντες.
3594 4941 3722 4999 Πῶς

2068 5023 2125 5080 δὲ
2155 5021 2507 5096 δικαιούμεθα
2529 5043 2542 5092 ;
2568 5021 3074 5096 Ἀπολυτρούμενοι
3104 5025 3199 5084 τὰς
3234 5024 3498 5099 ἁμαρτίας
3528 5027 3718 5098 ἡμῶν.

2067 5116 2164 5171 Διὰ
2192 5114 2333 5176 τίνος
2385 5111 2442 5168 δὲ
2497 5113 3000 5189 ἀπολυτρούμεθα;
3063 5116 3160 5170 Διὰ
3220 5117 3400 5187 Ἰησοῦ
3459 5117 3719 5192 Χριστοῦ.

2066 5201 2188 5266 Πῶς
2223 5202 2549 5280 λυτροῦντος
2585 5202 2792 5258 ἐκείνου
2829 5223 2842 5274 ;
2874 5204 2966 5275 Τῷ
2999 5201 3126 5276 ῗδίῳ
3164 5202 3382 5279 α’ίματι.
3416 5207 3485 5263 Ἥ
3520 5206 3717 5271 οὕτως·

2064 5292 2196 5354 Θεὸς
2253 5293 2448 5356 αὐτοὺς
2530 5290 2738 5362 δοξάζει
2821 5293 3175 5354 πιστεύοντας
3210 5336 3222 5350 .
3281 5295 3555 5357 Υἱοθεσίας
3612 5297 3718 5372 γὰρ

2063 5383 2225 5453 ἀξιοῖ,
2252 5384 2341 5437 καὶ
2373 5381 2754 5458 κληρονόμους
2785 5389 2884 5453 τῆς
2936 5383 3107 5438 αύτοῦ
3141 5381 3422 5457 βασιλείας
3473 5385 3718 5460 ἀποφαί-

2061 5493 2161 5529 νει.
2225 5475 2323 5535 Ἠς
2402 5470 2616 5541 δῆλον,
2675 5472 2758 5528 ὅτι
2811 5472 3210 5547 ἐξημάρτομεν,
3271 5473 3465 5536 πάντες
3510 5475 3720 5549 ὁμοίως

2064 5564 2449 5640 ὑστερούμεθα.
2483 5565 2577 5622 Διὸ
2609 5562 2813 5636 δωρεὰν
2845 5566 2995 5637 ἡμᾶς
3024 5563 3232 5620 τούτων
3267 5565 3428 5634 ἀξιοῖ.

2136 5655 2233 5711 Διὰ
2314 5661 2415 5724 τῆς
2471 5653 2906 5730 ἀπολυτρώσεως
2958 5656 3056 5724 τῆς
3117 5653 3169 5709 ἐν
3228 5655 3447 5730 Χριστῷ
3511 5657 3712 5729 Ἰησοῦ,

2066 5745 2124 5802 ὃν
2182 5743 2443 5821 προέθετο
2502 5745 2530 5799 ὁ
2585 5744 2712 5807 Θεὸς
2773 5742 3093 5820 ἱλαστήριον
3154 5740 3243 5799 διὰ
3319 5751 3422 5816 τῆς
3478 5741 3712 5809 πίστεως
