4114 6384
348 379 468 441 385

1414 369 1829 433 ΟΟΜΜΕΝΤ.
1881 366 1968 428 ΙΝ
2013 364 2267 427 EPIST.
2317 365 2420 425 AD
2457 364 2654 426 ΗΘΜ.

3652 370 3773 432 306

349 510 402 568 δν
456 513 533 583 τῷ
584 506 752 563 αὐτοῦ
808 501 1031 579 α’ίματι,
1088 501 1164 567 είς
1218 498 1442 577 ἔνδειξιν
1498 508 1599 573 τῆς
1652 499 2003 572 δικαιοσύνης

2137 499 2382 567 itidem,
2415 515 2521 571 per
2578 499 2928 572 sanguinem
2987 502 3196 574 ipsius,
3238 502 3314 558 ad
3362 506 3771 563 ostensionem

350 600 552 668 αὐτοῦ,
611 594 702 652 διὰ
757 598 857 667 τήν
916 594 1140 672 πάρεσιν
1198 598 1307 649 τῶν
1359 592 1774 669 προγεγονότων
1832 590 2013 665 ἀμαρ-

350 690 584 764 τημάτω
713 686 766 741 ἐν
839 689 912 761 τῇ
975 685 1154 759 ἀνοχῇ
1200 687 1299 738 τοῦ
1352 687 1508 752 Θεοῦ,
1566 682 1703 757 πρὸς
1790 674 2013 751 ἔνδειξιν

344 786 450 849 τῆς
508 774 861 846 δικαιοσύνης
921 772 1108 843 αὐτοῦ,
1164 771 1218 828 ἐν
1280 775 1363 845 τῷ
1414 777 1505 827 νῦν
1559 774 1754 846 καιρῶ·
1815 769 1893 832 εἷς
1947 768 2011 823 τὸ

353 869 494 924 εἷται
524 866 689 923 αὐτὸν
730 862 967 932 δίκαιον,
1024 863 1115 918 καὶ
1177 859 1493 918 δικαιοῦντα
1548 861 1639 916 τὸν
1671 858 1732 916 ἐκ
1779 856 2013 922 πίστεως

354 958 567 1027 Ἰησοῦ.

424 1046 554 1107 Udi:
615 1042 677 1100 δὲ
734 1040 1090 1115 δικαιοῦται;
1158 1040 1249 1098 διὰ
1302 1048 1405 1112 τῆς
1464 1041 1706 1120 ἀφέσεως
1753 1044 1860 1094 τῶν
1916 1058 2014 1093 πα-

349 1136 746 1212 ραπτωμάτων
781 1179 798 1203 ,
864 1133 932 1203 ἦς
988 1132 1336 1210 τυγχάνομεν
1408 1130 1461 1187 ἐν
1519 1134 1746 1205 Χριστῷ
1805 1131 2012 1200 Ἰησοῦ,

347 1225 629 1295 τουτέστι,
663 1220 755 1279 διά
780 1225 965 1294 Ἰησοῦ
993 1223 1252 1297 Χριστοῦ,
1304 1244 1333 1274 ιι
1366 1221 1462 1279 Ὃν
1521 1219 1782 1296 προέθετο
1812 1218 1843 1275 ὃ
1888 1218 2017 1281 Θεὸς

345 1312 699 1388 ἱλαττήριον.
738 1337 768 1365 ι»
820 1309 1061 1370 Εὐδοκία
1114 1310 1217 1389 γὰρ
1291 1315 1394 1366 τοῦ
1462 1307 1695 1383 Πατρὸς,
1750 1304 2018 1381 ὲξίλασμα

348 1405 654 1481 γεγένηται
716 1408 827 1458 τῶν
879 1404 1160 1477 ἡψετὲρων
1202 1402 1505 1476 ἁμαρτιῶν.
1568 1397 1908 1474 Ἱλαστήριον
1960 1393 2019 1452 δὲ

346 1492 598 1550 παλαιὸν
631 1491 855 1571 ἐλέγετο
883 1492 947 1548 τὸ
977 1496 1145 1566 πῶμα
1170 1494 1269 1558 τῆς
1298 1485 1561 1546 κιϐωτοῦ.
1622 1486 1810 1548 Οὕτως
1860 1486 1950 1542 καὶ
1981 1487 2016 1556 ἡ

347 1587 453 1639 τοῦ
484 1582 696 1658 Κυρίου
723 1583 851 1657 σὰρξ
894 1584 930 1651 ἡ
979 1580 1461 1656 περικαλύπτουσα
1513 1579 1613 1648 τήν
1660 1579 1852 1632 ἑαυτοῦ
1900 1573 2017 1631 θεό-

353 1694 496 1744 τητα
525 1671 855 1746 ἱλαστήριον
905 1672 1097 1747 γέγονε
1145 1674 1254 1725 τῶν
1314 1666 1599 1743 ἡμετέρων
1652 1668 1910 1741 ἀνομιῶν.
1947 1665 2020 1723 Τὸ

365 1760 447 1831 δὶ,
476 1762 768 1838 Προὲθετο,
808 1757 979 1831 δηλοῖ
1005 1757 1242 1815 παλαιὰν
1296 1758 1395 1827 τήν
1453 1756 1578 1833 περὶ
1634 1755 1833 1812 τούτου
1888 1755 2023 1830 βου-

372 1848 505 1921 λήν.
537 1852 677 1908 ιιἘν
705 1854 787 1922 τῷ
845 1849 1015 1905 αὐτοῦ
1072 1845 1287 1923 α’ίματι.
1323 1873 1346 1903 ι
1409 1847 1467 1901 Ὀ
1528 1846 1622 1921 μὲν
1670 1845 1771 1921 γὰρ
1832 1844 2019 1919 Πατὴρ
2053 1870 2100 1936 Β

375 1939 643 2012 προέθετο,
697 1942 726 1996 ὁ
782 1937 839 1996 δὶ
899 1940 1023 2002 Υἱὸς
1070 1939 1133 1994 τὸ
1192 1940 1331 2014 αἷμα
1381 1936 1591 2013 ἐξέχεεν
1651 1936 1783 2012 ὑπὲρ
1835 1938 2018 2009 ἡμῶν·

364 2032 524 2102 κοινή
559 2028 655 2085 οῦν
714 2032 750 2101 ἡ
804 2028 971 2107 χάρις
1022 2036 1125 2100 τῆς
1178 2028 1332 2106 ἁγίας
1390 2024 1647 2104 Τριαδος·
1711 2026 2023 2101 συνήργησε

356 2119 462 2196 γάρ
492 2120 682 2175 καίτὸ
706 2120 963 2194 πανάγιον
1021 2118 1265 2192 Πνεῦμα.
1301 2140 1330 2169 ‹‹
1362 2115 1460 2181 Εἰς
1513 2112 1736 2186 ἔνδειξιν
1791 2120 1894 2184 τῆς
1940 2110 2022 2168 δι-

352 2211 658 2280 καιοσύνης
690 2210 875 2265 αὐτοῦ.
911 2232 939 2262 ››
999 2211 1203 2284 ’Ὠσπερ
1260 2204 1506 2280 ἔνδειξις,
1553 2204 1829 2261 τουτέστιν
1885 2201 2019 2259 ἀπό⁸

355 2296 550 2373 δειξις,
603 2296 895 2360 πλουσίου,
959 2297 1022 2353 τὸ
1081 2296 1170 2353 καὶ
1228 2295 1445 2372 ἑτέρους
1502 2292 1839 2364 πλουτίζειν,
1872 2293 2022 2348 οὕτω

352 2389 449 2445 καὶ
482 2387 513 2443 ὅ
544 2389 779 2463 Χριστὸς
805 2385 1135 2457 ἐνδείξασθαι
1170 2383 1514 2461 βουλόμενος
1544 2384 1643 2454 τὴν
1678 2380 2024 2451 δικαιοσύνην

354 2477 552 2546 αὐτοῦ,
587 2477 679 2532 καὶ
708 2474 833 2539 τοὺς
860 2476 1178 2552 ἀνθρώπους
1206 2472 1538 2531 ἐδικαίωσεν.
1572 2498 1598 2526 ιι
1627 2472 1723 2528 Διά
1752 2472 1849 2542 τὴν
1884 2471 2023 2545 πάρ-

361 2588 477 2624 εσιν
509 2572 624 2623 τῶν
654 2566 1069 2641 προγεγονότων
1100 2564 1512 2639 ἁμαρτημάτων
1538 2561 1589 2618 ἐν
1617 2565 1686 2636 τῇ
1719 2562 1895 2640 ἀνοχῇ
1925 2563 2022 2615 τοῦ

354 2661 519 2714 Θεοῦ.
558 2682 583 2711 ι
622 2652 930 2725 Ἀπόδειξις
954 2652 1012 2711 δὲ
1030 2660 1130 2724 τῆς
1161 2651 1511 2724 δικαιοσύνης
1562 2652 1729 2708 αὐτοῦ
1788 2649 2025 2724 μάλιστα

358 2750 594 2825 γέγονεν
629 2790 645 2817 ,
696 2744 778 2801 δτι
836 2744 1199 2821 παρειμένους
1230 2788 1244 2815 ,
1295 2743 1544 2798 τουτέστι
1590 2739 2024 2818 νενεκρωμένους

353 2843 483 2895 ταῖς
541 2834 835 2912 ἁμαρτίαις
917 2832 1044 2897 τοὺς
1121 2832 1445 2911 ἀνθρώπους
1493 2828 1828 2887 ἐδικαίωσεν.
1890 2831 2027 2888 Εἶτα

358 2924 621 2983 ἐπιτείνει
650 2929 761 2980 τῶν
795 2924 1096 2998 ἀνθρώπων
1126 2923 1189 2978 τὸ
1220 2921 1493 2999 ἔγκλημα,
1525 2924 1603 2993 τῷ
1632 2919 1725 2983 τάς
1755 2918 2025 2996 ἁμαρτίας

365 3014 606 3089 γενέσθαι
638 3013 693 3069 ἐν
719 3017 791 3088 τῇ
820 3012 997 3088 ἀνοχῇ
1028 3016 1126 3067 τοῦ
1174 3012 1328 3069 Θεοῦ.
1388 3014 1514 3066 Ὅτε
1542 3011 1669 3086 γὰρ,
1696 3008 1885 3081 φησὶν,
1917 3003 2028 3064 ἔδει

375 3109 722 3177 μετανοῆσαι,
756 3098 1011 3171 δοθείσης
1044 3101 1274 3177 ἀνοχῆς,
1329 3100 1455 3157 τότε
1506 3097 1721 3173 μᾶλλον
1775 3099 2028 3175 ἡμάρτο-

363 3214 483 3268 μεν.
516 3193 650 3255 Τοῦς
686 3192 783 3247 οῦν
841 3190 1206 3267 ἀσύγγνωστα
1270 3189 1619 3257 πταίσαντας,
1668 3191 1762 3242 νῦν
1816 3183 1906 3242 διά
1933 3186 2024 3243 πί-

356 3303 533 3345 στεως
565 3286 752 3351 σώζει.
806 3281 909 3338 Καὶ
962 3279 1138 3344 οὕτως
1167 3279 1506 3355 παρείθημεν
1558 3281 1680 3339 ταῖς
1736 3275 2028 3351 ἁμαρτίαις

350 3373 446 3428 καὶ
479 3368 937 3448 παραλελύμεθα.
982 3371 1194 3446 [ΦΩΤ.]
1235 3369 1366 3425 Εἶτα
1424 3364 1543 3422 δὲον
1591 3372 1696 3437 τῆς
1751 3365 2031 3441 παρέσεως

351 3463 737 3534 ἀπαιτηθῆναι
797 3458 971 3530 δίκας,
1029 3459 1237 3537 ἀνοχῆς
1283 3459 1374 3515 καὶ
1437 3457 1849 3539 φιλανθρωπίας
1906 3455 2028 3513 ἐτύ-

351 3572 559 3630 χομεν.
596 3549 774 3609 Ἀλλά
802 3549 1023 3620 καὶτῆς
1080 3549 1292 3629 ἀνοχῆς
1347 3546 1630 3624 τυχόντες,
1681 3543 1801 3602 δὲον
1865 3567 2027 3620 μετα-

350 3649 506 3698 νοεῖν
530 3642 623 3697 καί
681 3641 749 3696 τά
781 3641 1055 3716 φθάσαντα
1108 3637 1471 3711 ἐξιλεοῦσθαι,
1530 3635 1610 3693 ἔτι
1663 3641 1785 3698 τοῖς
1844 3636 2029 3698 αὐτοῖς

367 3727 854 3805 ἰγκαλινδούμεθα.
888 3728 953 3787 Τί
986 3728 1077 3784 οὗν
1112 3725 1216 3784 ἔδει
1248 3728 1373 3783 τότε
1402 3726 1492 3782 καὶ
1520 3726 1613 3783 τὸν
1654 3723 1776 3781 λίαν
1833 3722 2028 3799 φιλάν-

377 3829 597 3895 θρωπον
623 3821 811 3897 κριτὴν
839 3819 1073 3895 πρᾶξαις
1126 3820 1351 3881 Πάντως
1405 3815 1640 3872 κολάσαι
1698 3815 1789 3871 καὶ
1847 3835 2026 3888 τιμω⁹

374 3913 654 3986 ρήσασθαι,
726 3910 861 3986 ὗπὶρ
922 3911 997 3965 ὧν
1055 3930 1116 3964 τε
1166 3907 1217 3983 ἐξ
1277 3909 1458 3987 ἀρχῆς
1510 3907 1831 3982 ἡμάρτομεν
1870 3951 1885 3975 ,
1936 3904 2029 3960 καὶ

368 4000 503 4074 ὑπὲρ
537 4001 613 4055 ὧν
674 4000 885 4078 ἀνοχῆς
946 3998 1215 4075 τυχόντες
1274 3998 1338 4053 οὐ
1401 3993 1880 4070 μετεμελήθημεν,
1937 3994 2029 4049 καὶ

364 4091 504 4166 ὑπὲρ
530 4091 607 4146 ὢν
641 4089 705 4145 ού
741 4089 906 4164 μόνον
950 4089 1015 4144 οὗ
1060 4086 1543 4163 μετεμελήθημεν,
1605 4083 1751 4140 ἀλλά
1805 4084 1895 4140 καὶ
1925 4090 2025 4155 τήν

359 4180 557 4237 κακίαν
616 4177 990 4253 ἐπετείναμεν.
1051 4178 1108 4231 Ὀ
1159 4175 1219 4232 δὶ
1269 4175 1322 4231 τί
1376 4180 1569 4244 ποιεῖς
1629 4174 1768 4231 Τότε
1826 4172 2027 4247 λύτρον

357 4267 554 4324 ἑαυτὸν
588 4262 809 4321 δίδωσιν
847 4265 979 4340 ὑπὲρ
1010 4266 1198 4337 ἡμῶν,
1244 4263 1337 4318 καὶ
1396 4261 1458 4318 ού
1524 4261 1689 4335 μόνον
1746 4260 2027 4338 ἐξαρπάζει

357 4365 466 4428 τῆς
496 4354 792 4431 τιμωρίας,
824 4351 973 4409 ἀλλά
1017 4353 1109 4408 καὶ
1142 4350 1349 4408 δικαιοῖ
1366 4351 1456 4406 καὶ
1489 4350 1670 4421 σώζει,
1702 4350 1794 4406 καὶ
1819 4348 2030 4427 κληρο-

356 4449 574 4523 νόμους
604 4446 770 4500 αὐτοῦ
799 4448 1035 4500 ποιεῖται
1096 4448 1196 4513 τῆς
1250 4440 1551 4518 βασιλείας.
1609 4441 1822 4503 Ὄντως
1865 4440 2028 4520 χάρις

368 4539 575 4613 μέτρον
636 4534 736 4589 οὐκ
790 4531 1017 4610 ἔχουσα,
1070 4527 1238 4596 ὅντως
1290 4533 1453 4587 τοῦτο
1537 4527 1714 4604 δωρεά
1747 4572 1761 4599 ,
1822 4526 2030 4605 δωρεᾶς

365 4626 592 4695 ἀπάσης
640 4628 848 4679 νικῶσα
919 4624 1020 4692 τὴν
1098 4619 1349 4695 δύναμιν.

368 4716 602 4788 ἀληθῶς
659 4714 867 4793 ἀφάτου
925 4711 1318 4783 δικαιοσύνης,
1373 4711 1465 4766 καὶ
1522 4709 1872 4780 δικαιοσύνης
1932 4710 2035 4765 οὐκ

360 4805 737 4883 ἀνθρωπίνης,
796 4801 945 4859 ἀλλὰ
1001 4803 1146 4864 θείας
1204 4801 1294 4857 καὶ
1354 4799 1489 4874 ὑπὲρ
1568 4796 1877 4875 ἄνθρωπον.
1940 4799 2033 4853 Διὸ

360 4895 459 4950 καὶ
490 4894 656 4955 αὐτὸς
698 4892 887 4962 εἰπὼν,
948 4918 974 4944 ιι
1008 4892 1105 4954 El;
1162 4885 1387 4960 ἔνδειξιν
1434 4894 1536 4958 τῆς
1597 4884 1973 4959 δικαιοσύνης,
2007 4911 2035 4939 ››

364 4984 481 5060 οὐχ
503 4981 723 5054 ἁπλῶς,
755 4982 922 5053 ἀλλὰ,
958 5006 985 5035 ιι
1021 4981 1223 5051 Αὐτοῦ,
1255 5004 1283 5033 ››
1320 4978 1480 5057 φησὶ,
1535 4978 1836 5047 τουτέστιν,
1873 4977 2036 5033 αὐτοῦ

369 5075 538 5151 μόνον
574 5076 608 5146 ἡ
639 5073 871 5145 τοιαύτη
903 5073 994 5130 καὶ
1047 5072 1287 5143 τοσαύτη
1340 5066 1678 5139 δικαιοσύνη.
1731 5068 1818 5123 Ἐν
1851 5068 1898 5141 ᾧ
1929 5069 2035 5145 γὰρ

364 5161 476 5220 ἔδει
506 5168 686 5240 καιρῶ
717 5161 1086 5235 κολασθῆναι,
1134 5161 1258 5217 τότε
1286 5159 1491 5231 ἠξίωσε
1544 5163 1644 5228 τῆς
1703 5156 2035 5234 εὐεργεσίας.

370 5280 400 5308 ιι
436 5254 581 5329 Πρὸς
612 5248 835 5324 ἔνδειξιν
867 5258 967 5323 τῆς
1017 5249 1367 5320 δικαιοσύνης
1426 5246 1614 5305 αὐτοῦ.
1655 5247 2036 5319 [ΟΙΚΟΥΜΕ-

365 5343 586 5412 ΝΙΟΥ]
643 5378 713 5387 -—
772 5344 877 5402 Τὸν
959 5343 1063 5419 γὰρ
1129 5341 1466 5416 νεκρωθὲντα
1542 5342 1661 5400 ταῖς
1750 5336 2039 5412 ἁμαρτίαις

361 5440 460 5491 νῦν
519 5434 811 5505 σώζεσθαι,
867 5434 959 5487 ὅτε
1014 5433 1204 5507 καιρὸς
1256 5427 1529 5505 τιμωρίας
1602 5427 1860 5501 ὑπάρχει,
1911 5426 2042 5484 ἀλλ’

369 5527 434 5584 οὗ
465 5526 833 5596 δικαιώσεως,
893 5525 1058 5580 τούτο
1106 5519 1381 5596 ἀπόδειξις
1430 5526 1529 5591 τῆς
1590 5519 1896 5597 εὐεργεσίας
1950 5520 2041 5579 καὶ

359 5641 465 5691 της
521 5616 883 5687 δικαιοσύνης
971 5615 1164 5671 αὐτοῦ.
1222 5611 1373 5670 Ἔδει
1437 5611 1541 5689 γὰρ
1598 5609 1695 5673 τὰς
1760 5630 1896 5687 προς
1946 5611 2040 5667 τὸν

362 5705 620 5789 Ἀϐραάμ
686 5705 1065 5783 πληρωθῆναι
1130 5701 1482 5779 ὑποσχέσεις,
1540 5699 1627 5774 τὸ,
1687 5724 1715 5752 ‹‹
1750 5700 1846 5755 Καὶ
1881 5700 2040 5757 εύλου

2122 611 2151 641 ιι
2176 590 2426 664 justitia)
2486 606 2645 645 suae:
2704 606 2811 662 per
2868 591 3284 649 remissionem
3332 594 3771 665 praeteritorum

2125 701 2153 730 «
2183 691 2585 752 peccatorum,
2620 696 2755 735 cum
2786 681 2938 736 Deus
2972 681 3254 738 toleraret
3286 700 3298 737 :
3328 684 3403 739 ad
3450 686 3776 741 ostenden-

2123 790 2153 820 ιι
2184 769 2321 825 dam
2344 768 2644 841 justitiam
2677 786 2866 839 suam,
2900 770 2963 826 in
3002 772 3282 843 praesenti
3324 774 3477 829 243
3508 779 3778 846 tempore

2123 878 2155 911 ιι
2184 858 2298 915 hoc
2328 863 2394 914 ut
2422 859 2549 931 ipse
2576 859 2652 914 sit
2672 859 2894 931 justus,
2929 859 3025 931 etj
3045 860 3353 918 ustiﬁcans
3394 878 3529 919 eum
3557 864 3658 934 qui
3690 868 3782 919 est

2124 973 2152 1000 ιι
2185 965 2255 1004 ex
2287 948 2403 1004 fide
2431 949 2591 1004 Jesu.
2628 969 2658 998 »

2194 1037 2499 1103 Quomodo
2525 1045 2727 1095 autem
2752 1040 3170 1113 justiﬁcatur‘?
3206 1045 3317 1098 Per
3360 1043 3778 1099 remissionem

2122 1134 2504 1198 peccatorum
2526 1146 2706 1200 quam
2736 1131 3115 1203 assequimur
3136 1133 3198 1187 in
3224 1132 3455 1188 Christo
3486 1133 3513 1187 ,Ι
3521 1149 3645 1197 esu,
3666 1134 3779 1188 hoc

2126 1222 2238 1282 est,
2270 1234 2374 1289 per
2402 1218 2702 1275 Christum
2732 1220 2953 1276 Jesum.
3004 1243 3032 1272 ιι
3067 1223 3253 1287 Quem
3284 1221 3598 1293 proposuit
3628 1222 3781 1277 Deus

2124 1307 2576 1380 propitiatorem
2624 1332 2653 1359 »
2713 1310 2903 1366 Patris
2935 1310 3096 1366 enim
3128 1311 3472 1384 prapitialio
3503 1311 3661 1367 facta
3690 1315 3786 1367 est

2127 1402 2474 1454 nostrorum
2500 1398 2842 1471 propitiatio
2873 1406 3273 1472 peccatorum.
3299 1401 3787 1473 Propitiatorium

2127 1503 2265 1543 vero
2296 1487 2606 1545 dicebatur
2634 1491 2778 1546 olim
2798 1507 2950 1546 arcaa
2981 1492 3326 1563 operculum
3359 1508 3373 1546 :
3422 1492 3506 1548 ita
3548 1507 3786 1563 quoque

2131 1577 2370 1633 Domini
2401 1594 2538 1634 caro
2565 1596 2697 1650 qum
2718 1579 2882 1635 illius
2910 1580 3282 1637 divinitatem
3302 1580 3556 1647 velabat,
3581 1581 3781 1653 propi-

2130 1667 2432 1723 tiatorium
2452 1667 2566 1724 fuit
2591 1674 2933 1725 nostrarum
2964 1669 3368 1742 iniquitatum.
3397 1670 3563 1737 Quod
3584 1674 3786 1726 autem

2133 1756 2315 1814 dicit:
2340 1759 2675 1831 Proposuit,
2702 1760 3018 1832 antiquum
3051 1760 3125 1816 de
3153 1777 3222 1817 ea
3251 1778 3316 1817 re
3351 1761 3672 1819 consilium
3704 1761 3786 1816 si-

2130 1846 2393 1919 gniﬁcat.
2420 1869 2447 1899 ιι
2482 1849 2596 1903 Per
2616 1850 2970 1923 sanguinem
2990 1850 3199 1922 ipsius.
3233 1873 3262 1901 »
3294 1850 3467 1906 Pater
3491 1849 3790 1922 siquidem

2130 1937 2459 2009 proposuit,
2514 1938 2700 1995 Filius
2730 1956 2866 1995 vero
2897 1941 3249 2013 sanguinem
3279 1958 3386 2012 pro
3435 1939 3610 1996 nobis
3643 1940 3789 1995 effu-

2129 2025 2219 2081 dit
2249 2042 2263 2080 :
2290 2027 2491 2098 itaque
2522 2029 2858 2085 communis
2883 2034 2973 2085 est
2994 2034 3214 2085 sancta:
3235 2030 3541 2084 Trinitatis
3570 2029 3787 2102 gratia;

2130 2131 2270 2171 nam
2300 2117 2716 2174 sanctissimus
2747 2135 2987 2189 quoque
3028 2119 3461 2191 cooperabatur
3514 2118 3786 2189 Spiritus.

2130 2226 2159 2255 ιι
2193 2206 2303 2260 Per
2319 2206 2723 2262 ostensionem
2755 2208 3007 2279 justitim
3036 2225 3178 2263 sum.
3214 2230 3242 2257 ››
3273 2205 3788 2273 Quemadmodum

2131 2292 2328 2349 divitis
2359 2294 2625 2350 ostensio
2652 2296 2771 2350 sive
2795 2295 3224 2351 demonstratio
3256 2303 3348 2351 est
3376 2296 3527 2351 alios
3549 2310 3789 2367 quoque

2132 2382 2343 2449 ditare,
2371 2384 2456 2439 ita
2489 2389 2547 2439 et
2575 2384 2844 2441 Christus
2877 2403 3046 2442 suam
3076 2386 3396 2442 ostendere
3429 2385 3637 2441 volens
3660 2385 3795 2457 jus-

2134 2474 2630 2540 titiam,homines
2653 2476 3279 2548 quoquejustiﬁcavit.
3298 2499 3325 2526 ι‹
3356 2476 3461 2531 Per
3490 2474 3796 2531 remissio-

2132 2579 2273 2618 nem
2304 2565 2742 2636 prmteritorum
2786 2572 3188 2638 peccatorum,
3223 2583 3358 2622 cum
3393 2567 3548 2622 Deus
3576 2564 3797 2621 tolera-

2131 2658 2243 2709 ret.
2281 2674 2303 2705 ι
2328 2654 2579 2710 Justitiaa
2609 2655 2773 2711 illius
2804 2654 3238 2712 demonstratio
3270 2656 3333 2711 in
3390 2655 3504 2712 hoc
3534 2654 3791 2711 maxime

2131 2741 2289 2798 facta
2313 2749 2424 2812 est,
2458 2744 2617 2816 quod
2675 2745 3021 2816 dissolutos,
3073 2746 3186 2801 hoc
3245 2750 3335 2801 est
3378 2745 3640 2817 peccatis
3671 2743 3795 2799 suis

2133 2831 2489 2890 immortuos
2513 2834 2643 2906 jam
2674 2835 2949 2891 homines
2965 2836 3337 2906 ,iustificavit.
3363 2834 3585 2891 Deinde
3602 2832 3797 2889 homi-

2136 2938 2280 2978 num
2328 2928 2505 2996 auget
2561 2924 2811 2991 crimen,
2870 2924 3030 2996 quod
3078 2933 3322 2997 peccata
3380 2924 3625 2990 fuerint,
3657 2937 3795 2978 cum

2136 3013 2291 3067 Deus
2327 3012 2627 3069 toleraret.
2672 3015 2817 3069 Nam
2884 3013 3123 3085 quando
3180 3013 3477 3085 respicere
3536 3011 3802 3083 oportuit

2140 3100 2278 3157 data
2309 3100 2687 3172 toleratione,
2713 3108 2854 3159 tunc
2876 3103 3065 3176 magis
3088 3102 3501 3175 peccabamus.
3522 3103 3635 3156 Eos
3658 3116 3797 3173 ergo

2140 3207 2304 3246 nunc
2334 3191 2526 3247 salvos
2555 3191 2717 3260 facit,
2751 3193 2851 3263 qui
2894 3192 3041 3264 lapsi
3077 3197 3248 3248 erant
3293 3192 3356 3246 in
3388 3191 3483 3259 iis,
3517 3207 3648 3262 qum
3700 3206 3804 3254 ve_

2140 3284 2303 3340 niam
2329 3301 2451 3340 non
2478 3285 2881 3351 merebantur,
2907 3291 2965 3340 et
2986 3285 3067 3341 ita
3086 3285 3339 3341 remissa
3368 3289 3507 3339 sunt
3530 3282 3701 3338 nobis
3725 3298 3795 3338 ac

2140 3372 2337 3429 soluta
2367 3379 2630 3445 peccata.
2664 3375 2959 3429 Prmterea
2989 3391 3125 3429 cum
3156 3373 3536 3447 negligentia:
3589 3387 3800 3443 pmnas

2139 3462 2502 3535 oportuisset
2531 3469 2829 3536 expetere,
2860 3463 3241 3520 tolerantiam
3271 3480 3339 3519 ac
3366 3462 3796 3535 benignitatem

2138 3552 2395 3608 assecuti
2428 3569 2634 3608 sumus
2668 3570 2681 3607 :
2713 3569 2849 3609 cum
2864 3571 2998 3609 vero
3019 3571 3128 3610 nos
3146 3552 3526 3609 tolerantiam
3547 3551 3799 3623 adeptos

2138 3642 2504 3713 oportuisset
2532 3643 2842 3714 pmnitere,
2875 3660 2943 3700 ac
2974 3644 3045 3699 de
3078 3642 3557 3715 praecedentibus
3612 3642 3797 3697 Deum

2137 3729 2402 3801 placare,
2439 3731 2665 3787 eisdem
2699 3732 2959 3803 amplius
2992 3732 3458 3788 involvebamur.
3484 3729 3634 3796 Quid
3668 3745 3804 3801 ergo

2140 3823 2283 3874 tunc
2309 3818 2579 3890 judicem
2611 3836 2954 3891 quanquam
2984 3820 3331 3894 benignum,
3378 3826 3437 3875 et
3466 3820 3797 3875 humanum

2138 3927 2316 3985 agere
2347 3912 2652 3983 oportuit?
2690 3913 2903 3985 Utique
2934 3914 3147 3985 punire
3177 3929 3245 3968 ac
3276 3928 3480 3984 pmnas
3512 3926 3748 3967 sumere
3784 3926 3796 3964 :

2136 4007 2195 4057 et
2226 4007 2543 4074 propterea
2573 4002 2732 4073 quod
2763 4002 2834 4058 ab
2866 4002 3041 4059 initio
3077 4002 3544 4075 deliqueramus,
3579 4006 3637 4056 et
3661 3999 3803 4072 quia

2136 4092 2518 4154 tolerantiam
2538 4093 2700 4148 nacti
2723 4109 2843 4149 non
2866 4093 3249 4165 resipuimus,
3284 4097 3343 4147 et
3368 4091 3528 4164 quod
3558 4107 3679 4146 non
3710 4105 3805 4145 so-

2134 4181 2259 4236 lum
2282 4198 2404 4237 non
2428 4181 2934 4254 desipuimus,sed
2953 4188 3011 4238 et
3026 4181 3567 4255 malitiamlonguis
3589 4186 3797 4252 poten-

2136 4270 2355 4328 dimus.
2392 4271 2497 4328 llle
2516 4289 2652 4328 vero
2681 4272 2825 4345 quid
2843 4273 2871 4328 Ἰ
2892 4274 3054 4329 Tunc
3075 4274 3340 4345 seipsum
3369 4270 3802 4342 redemptionis

2134 4361 2396 4431 pretium
2413 4379 2518 4434 pro
2537 4363 2712 4419 nobis
2737 4363 2947 4418 tradit:
2975 4380 3085 4420 nec
3116 4363 3305 4419 solum
3331 4379 3366 4418 a
3386 4362 3578 4434 poenis
3603 4359 3804 4430 eripit,

2135 4450 2241 4506 sed
2274 4452 2647 4523 etjustiflcat
2676 4458 2735 4508 et
2763 4453 2966 4522 salvat,
3001 4454 3213 4525 suique
3244 4452 3412 4525 regni
3442 4451 3586 4507 facit
3614 4449 3805 4504 hmre.

2139 4538 2265 4595 des.
2281 4540 2325 4596 Ο
2342 4557 2473 4596 vere
2491 4541 2681 4613 gratia
2702 4558 2833 4612 quas
2857 4558 3203 4597 mensuram
3229 4558 3351 4597 non
3400 4539 3581 4597 habet
3605 4556 3618 4593 :
3671 4554 3805 4594 vere

1438 4623 1617 4676 Τοῦτο
1681 4614 1899 4691 ἔνδειξις
1958 4621 2025 4682 ὡς

2145 4628 2257 4685 hoc
2283 4629 2507 4685 donum
2532 4636 2622 4686 est
2642 4629 2801 4702 quod
2822 4631 3019 4687 omnis
3047 4631 3189 4687 doni
3220 4632 3336 4685 vim
3377 4634 3657 4701 superat:
3694 4628 3806 4682 hoc

2144 4734 2277 4773 vere
2304 4718 2736 4775 domonstratio
2766 4726 2856 4775 est
2880 4719 3201 4776 ineﬂ'abilis
3225 4718 3496 4791 justitim,
3532 4723 3592 4772 et
3612 4716 3806 4788 justi-

2145 4810 2243 4864 tizn
2276 4825 2395 4864 non
2426 4809 2724 4879 humanae,
2749 4811 2851 4866 sed
2899 4811 3112 4866 divinas
3141 4815 3200 4866 et
3230 4825 3408 4881 super
3465 4806 3802 4862 hominem.

2148 4900 2303 4956 244
2332 4900 2469 4955 Ideo
2491 4901 2671 4956 etiam
2726 4917 2862 4956 cum
2920 4901 3168 4956 dixisset
3225 4898 3593 4971 Apostolus:
3654 4919 3682 4947 ‹‹
3717 4894 3806 4951 Ad

2146 4990 2550 5045 ostentionem
2574 4990 2847 5061 justitiaa,
2880 5011 2905 5042 ι
2936 5007 3056 5046 non
3091 4989 3446 5061 simpliciter
3475 4987 3559 5043 ibi
3589 4986 3805 5041 substi-

2149 5080 2238 5146 tit,
2275 5079 2379 5135 sed
2410 5102 2438 5130 «
2467 5080 2621 5146 Sum,
2644 5103 2672 5131 n
2706 5080 2924 5152 inquit,
2954 5081 3066 5136 hoc
3097 5085 3207 5147 est,
3239 5078 3427 5152 ipsius
3472 5078 3667 5133 solum
3713 5082 3805 5132 est

2149 5168 2286 5225 talis
2319 5174 2599 5241 tantaque
2609 5168 2867 5242 justitia,
2898 5174 3038 5225 tunc
3069 5169 3229 5225 enim
3256 5186 3391 5224 cum
3412 5167 3620 5225 ulcisci
3654 5172 3805 5221 tem—

2150 5276 2260 5331 pus
2280 5265 2426 5327 erat,
2459 5260 2640 5315 etiam
2682 5259 2975 5316 beneficio
3006 5260 3222 5316 atl‘ecit.
3252 5284 3272 5308 ι
3335 5259 3425 5315 Ad
3482 5255 3804 5315 ostenden-

2150 5349 2288 5404 dam
2311 5349 2611 5420 justitiam
2635 5367 2826 5406 suam.
2857 5373 2885 5401 »
2909 5352 3053 5405 Nam
3076 5367 3212 5406 eum
3234 5350 3335 5422 qui
3363 5349 3622 5421 peccatis
3652 5364 3808 5402 mor-

2154 5443 2292 5494 tuus
2324 5445 2471 5496 erat.
2504 5456 2664 5495 nunc
2696 5440 2931 5505 salvari,
2964 5458 3100 5496 cum
3135 5446 3370 5512 tempus
3401 5444 3560 5495 esset
3588 5436 3811 5509 suppli-

2151 5528 2249 5596 cii,
2290 5533 2489 5584 etnon
2511 5530 2987 5602 justiﬁcationis,
3011 5531 3121 5586 hoc
3142 5530 3554 5586 beneﬁcentia:
3573 5527 3812 5582 demon-

2151 5618 2358 5674 stratio
2391 5623 2482 5674 est
2510 5635 2581 5674 ac
2601 5619 2855 5691 justitim
2887 5620 3073 5691 ipsius
3128 5617 3622 5691 Oportebatcnim
3654 5630 3811 5669 com-

2152 5707 2303 5780 pleri
2336 5724 2435 5764 eas
2466 5726 2599 5781 quin
2626 5709 2702 5765 ad
2734 5709 3037 5766 Abraham
3066 5709 3234 5765 facta:
3265 5713 3436 5766 erant
3462 5702 3811 5777 promissio-
