4114 6426
350 395 464 455 387

1473 388 1899 453 (ECUMENII
1942 388 2252 450 TRICC/E
2301 390 2672 452 EPISCOPI.

3657 394 3773 455 388

352 548 497 586 nes:
538 534 679 600 puta
707 525 889 581 illud:
922 547 951 574 «
979 526 1049 579 Et
1076 524 1139 580 in
1171 525 1401 580 semine
1425 530 1524 581 tuo
1572 524 2003 580 benedicentur

2118 523 2454 597 γηθήσονται
2495 523 2547 579 ἐν
2603 529 2685 598 τῷ
2737 522 3007 600 σπέρματί
3063 544 3161 580 σου
3208 523 3383 581 πάντα
3427 523 3495 580 τὰ
3551 522 3703 598 ἔθνη.
3736 551 3767 582 »

352 636 559 675 omnes
589 621 794 690 gentes
828 615 891 669 ¹².
918 636 938 663 ι
972 614 1038 669 Id
1069 614 1454 687 ergojustitia
1472 620 1579 684 est,
1601 615 1673 669 de
1706 613 2003 669 salvandis

349 709 527 763 etiam
558 706 823 779 indignis
877 706 1185 762 veritatem
1219 710 1520 776 praestare.
1554 727 1582 754 ‹‹
1628 705 1694 759 In
1728 703 2007 775 praasenti

347 804 634 869 tempore.
671 817 696 846 ν
734 797 877 851 Cum
912 796 1163 851 dixisset
1196 812 1209 849 :
1245 816 1265 842 ι
1301 794 1386 849 Ad
1418 793 1852 850 ostendendam
1902 792 2007 864 jua

350 887 576 942 stitiam
600 902 768 941 suam
795 908 822 934 »
846 886 1174 955 subjunxit,
1206 907 1232 933 «
1260 886 1326 939 In
1349 883 1628 955 praesenti
1663 888 1948 954 tempore.
1977 902 2004 930 »

352 976 658 1048 Siquidem
691 976 794 1031 Dei
819 975 1058 1047 justitia
1083 992 1214 1046 qua)
1255 975 1316 1029 in
1346 974 1628 1046 przesenti
1682 977 1810 1028 erat
1856 976 2007 1026 tem-

349 1083 515 1138 pore,
549 1082 664 1137 quo
694 1065 970 1120 videlicet
998 1069 1263 1120 nostram
1293 1062 1770 1135 redemptionem
1799 1078 2006 1133 opera-

351 1160 448 1211 tus
480 1160 589 1223 est,
622 1155 801 1227 plena
825 1154 1212 1227 benignitate,
1241 1153 1421 1225 plena
1452 1153 1629 1222 dono,
1672 1152 1853 1224 plena
1882 1156 2010 1207 erat

356 1251 414 1301 et
444 1246 665 1318 gratia;
698 1245 953 1315 ideoque
984 1244 1222 1300 dicebat
1254 1260 1268 1298 :
1293 1246 1463 1299 «Non
1478 1242 1607 1298 veni
1636 1247 1702 1296 ut
1730 1241 2009 1296 condem-

354 1351 495 1390 nem
527 1334 840 1401 mundum,
867 1334 971 1390 sed
996 1339 1061 1389 ut
1084 1335 1310 1389 salvum
1334 1334 1548 1389 faciam
1572 1330 1864 1387 mundum
1890 1330 1952 1385 ¹³.
1977 1352 2005 1381 ››

352 1425 571 1481 Futura
602 1442 736 1480 vero
759 1423 997 1497 justitia
1022 1424 1159 1479 talis
1190 1423 1447 1495 amplius
1478 1439 1599 1478 non
1631 1421 1765 1485 erit,
1785 1418 1890 1476 sed
1912 1436 2009 1474 re-

352 1514 598 1569 tributio
629 1516 921 1586 cujusque
949 1514 1063 1569 erit
1091 1513 1163 1569 de
1188 1514 1280 1568 his
1309 1529 1439 1585 quae
1455 1512 1598 1578 ehit,
1625 1510 1804 1566 veluti
1827 1508 2007 1565 etiam

352 1603 451 1659 hic
479 1620 720 1659 rursum
750 1603 895 1659 dicit
929 1620 941 1657 :
974 1604 1288 1660 Revelatur
1345 1601 1506 1657 enim
1552 1600 1641 1655 ira
1669 1600 1796 1666 Dei,
1826 1618 1852 1649 ι
1891 1602 2004 1653 etc.

352 1697 467 1748 Aut
513 1694 597 1748 ita
654 1691 1071 1764 accipiendum
1105 1696 1214 1760 est,
1274 1689 1544 1747 Ostentio
1601 1689 1664 1744 in
1723 1687 2007 1760 praesenti

347 1790 618 1856 tempore
639 1783 796 1839 facta
815 1787 923 1849 est,
949 1782 1137 1854 ipsius
1159 1780 1433 1836 videlicet
1455 1778 1748 1845 toleratio,
1782 1777 2006 1832 donum

349 1873 658 1946 gratiaque
680 1873 894 1928 futura,
920 1871 1192 1944 justitize.
1218 1872 1484 1937 Quonam
1518 1874 1718 1925 autem
1771 1865 1947 1921 modo
1977 1864 2003 1919 ‘2

2115 1872 2428 1941 καιοσύνης.
2462 1878 2585 1936 Πῶς
2616 1874 2706 1929 καὶ
2763 1874 2881 1929 τίνα
2937 1874 3139 1951 τρόπον
3173 1897 3188 1943 ς

355 1968 499 2023 Nam
533 1967 604 2031 si,
638 1981 772 2021 cum
825 1965 972 2021 adeo
1022 1964 1381 2037 longanimis
1436 1962 1638 2030 fuerit,
1678 1977 1745 2016 ac
1777 1963 2008 2015 tantam

350 2057 675 2113 contulerit
702 2055 974 2129 gratiam,
1007 2058 1290 2125 tantoque
1321 2068 1568 2109 munere
1628 2051 1904 2123 dignatus
1934 2048 2013 2103 sit

351 2163 471 2202 non
499 2151 806 2201 convertat
836 2161 958 2213 eos,
994 2160 1190 2215 neque
1214 2143 1496 2200 meliores
1530 2142 1775 2197 aﬂ‘ectos
1794 2136 2014 2193 habeat

350 2237 410 2290 in
441 2236 639 2291 futuro
672 2252 807 2291 cum
837 2235 1029 2290 multa
1049 2234 1287 2306 justitia
1335 2231 1568 2288 inducit
1626 2227 2008 2301 supplicium.

347 2350 373 2375 ‹‹
402 2328 471 2380 Et
494 2326 839 2398 justiﬁcans
888 2340 1023 2380 eum
1057 2324 1159 2395 qui
1194 2329 1284 2378 est
1314 2339 1384 2377 ex
1436 2320 1553 2377 fide
1611 2321 1766 2376 Jesu.
1805 2340 1832 2368 »
1862 2319 2011 2371 Ecce

357 2415 757 2470 ostentionem
782 2414 1054 2486 justitiaa,
1090 2419 1235 2485 puta
1265 2411 1422 2484 quod
1446 2428 1567 2466 non
1593 2410 1785 2465 solum
1810 2408 2012 2481 justus

352 2505 431 2559 sit
464 2505 639 2570 Deus,
668 2504 772 2560 sed
804 2503 1222 2576 etjustit'icans
1256 2518 1414 2566 eum,
1471 2501 1570 2572 qui
1632 2504 1723 2555 est
1767 2514 1837 2553 ex
1895 2495 2013 2551 ﬁde

350 2594 510 2661 Iesu,
554 2610 770 2665 nempe
794 2593 1102 2665 proprium
1139 2592 1241 2647 Dei
1272 2589 1561 2663 populum
1593 2590 1889 2644 eﬂ‘ectum.

425 2685 522 2750 III,
554 2686 753 2739 2n-3I.
792 2684 895 2739 Ubi
924 2690 1002 2738 est
1033 2684 1209 2753 igitur
1266 2681 1534 2750 gloriatio
1563 2682 1591 2733 ?
1646 2677 1885 2734 Exclusa
1913 2679 2010 2732 est.

357 2773 464 2828 Per
488 2788 654 2842 quam
687 2772 858 2843 legem
888 2774 916 2826 ?
946 2771 1213 2842 operum?
1234 2771 1374 2838 Non,
1405 2768 1500 2824 sed
1522 2784 1628 2838 per
1661 2766 1832 2837 legem
1856 2764 2009 2835 ﬁdei.

349 2861 715 2920 Arbitramur
773 2860 951 2930 igitur
1014 2859 1325 2931 justi/icari
1390 2859 1662 2912 hominem
1696 2873 1801 2927 per
1853 2855 2014 2924 ﬁdem

352 2953 555 3023 absque
584 2952 838 3024 operibus
870 2951 1026 3021 legis.
1089 2953 1180 3006 Αη
1225 2948 1545 3003 Iudaeorum
1574 2949 1714 3002 Deus
1746 2951 1961 3000 tantum
1986 2947 2014 2998 ?

350 3059 425 3099 an
462 3059 575 3097 non
605 3049 657 3097 et
684 3043 932 3111 gentium
962 3040 989 3095 ?
1031 3042 1187 3094 Certe
1217 3044 1267 3093 et
1324 3041 1573 3109 gentium
1608 3053 1621 3091 :
1665 3036 2014 3108 quandoqui-

349 3132 469 3187 dem
500 3149 642 3188 unus
673 3138 750 3187 est
772 3133 933 3200 Deus,
965 3131 1063 3201 qui
1081 3129 1413 3201 justiﬁcabit
1453 3129 1921 3183 circumcisionem
1942 3140 2014 3180 ea:

345 3222 472 3291 ﬁde,
504 3228 555 3277 et
577 3222 920 3292 praeputium
970 3236 1074 3290 per
1102 3220 1286 3289 ﬁdem,
1315 3220 1511 3288 Legem
1559 3219 1737 3287 igitur
1783 3215 2007 3271 irritam

346 3314 591 3381 faczmus
615 3328 721 3381 per
749 3311 913 3379 ﬁdem
941 3312 969 3364 ?
1000 3309 1149 3364 Absit
1177 3311 1198 3364 Ι
1235 3308 1332 3365 sed
1373 3309 1542 3378 legem
1575 3305 1909 3361 stabilimus.

425 3491 576 3549 245
610 3491 712 3546 His
739 3492 920 3563 igitur
969 3491 1053 3545 ita
1104 3490 1296 3555 factis,
1360 3489 1646 3558 Patreque
1703 3487 2011 3559 proprium

348 3581 613 3636 salvante
638 3580 948 3651 populum,
977 3580 1079 3650 qui
1111 3596 1181 3635 ex
1207 3579 1321 3634 ﬁde
1368 3579 1505 3634 Jesu
1564 3582 1692 3632 est:
1724 3576 1824 3631 ubi
1875 3591 2009 3649 ergo

346 3674 435 3725 est
459 3669 805 3725 Judasorum
835 3668 1137 3741 gloriatio!
1162 3666 1435 3723 Ostendit
1455 3683 1554 3722 eos
1575 3682 1722 3721 vane
1742 3665 2007 3738 gloriari.

344 3760 594 3817 Exclusa
625 3764 735 3829 est,
767 3776 887 3815 non
921 3759 1088 3828 dixit,
1111 3756 1848 3830 Disparuit,sed,Exclusa
1878 3759 2005 3810 est:

342 3850 664 3906 ostendens
696 3849 854 3921 quod
888 3850 1068 3905 etiam
1093 3854 1314 3904 sortem
1349 3864 1517 3903 suam
1563 3845 1865 3919 quondam
1902 3844 2006 3901 ha-

339 3940 487 4010 buit,
520 3957 683 3996 nunc
712 3956 848 3995 vero
908 3940 1055 3996 ﬁdes
1110 3939 1215 3995 illa
1261 3938 1530 3993 exclusit.
1572 3938 1754 3992 Porro
1813 3934 2005 4007 legem

341 4046 612 4101 Operum,
645 4046 753 4101 per
780 4029 1179 4101 periphrasim
1238 4027 1560 4099 loquendo,
1595 4025 1741 4081 dicit
1787 4039 2002 4096 opera:

347 4120 677 4190 eodemque
698 4118 875 4173 modo
900 4118 1092 4190 legem
1109 4117 1269 4183 ﬁdei,
1300 4116 1361 4171 id
1380 4121 1469 4171 est
1491 4115 1690 4171 fidem.
1712 4115 1811 4168 Ait
1834 4130 2001 4185 ergo:

341 4210 468 4262 Non
492 4223 599 4279 per
622 4223 804 4278 opera
824 4223 956 4277 quae
986 4206 1238 4261 fecimus
1258 4205 1596 4260 Iudaeorum
1615 4202 1887 4274 gloriatio
1911 4220 2006 4257 ex-

335 4296 502 4350 clusa
525 4299 635 4362 est,
670 4295 773 4350 sed
806 4312 912 4365 per
939 4294 1141 4362 ﬁdem,
1176 4298 1462 4365 tanquam
1493 4292 1751 4347 diceret:
1788 4292 1993 4346 Omnis

335 4385 442 4439 illa
484 4384 763 4457 gloriatio
827 4399 1078 4456 quasque
1127 4382 1405 4437 videntur
1452 4382 1837 4453 praerogative
1894 4398 2002 4452 per

2112 614 2289 669 Τοῦτο
2345 612 2436 669 οῦν
2495 612 2838 688 δικαιοσύνη,
2887 617 2950 671 τὸ
3007 614 3306 686 ἀληθεῦσαι
3361 616 3449 671 καὶ
3510 615 3599 671 ἐπὶ
3646 623 3766 682 τοῖς

2111 703 2345 776 ἀναξίοις
2372 710 2470 762 τοῦ
2499 706 2781 776 σώζεσθαι.
2817 733 2843 759 ‹‹
2878 708 2966 764 Ἐν
2990 711 3071 780 τῷ
3106 711 3194 761 νῦν
3255 711 3450 780 καιρῷ.
3487 731 3515 759 ››
3548 708 3767 783 [ΦΩΤ.]

2113 828 2180 837 —
2213 818 2239 846 ιι
2276 795 2418 869 Πρὸς
2450 793 2670 870 ἔνδειξιν
2698 799 2797 867 τῆς
2854 794 3207 866 δικαιοσύνης
3268 796 3454 864 αὐτοῦ,
3490 820 3518 849 ››
3576 797 3769 865 εἰπὼν,

2112 884 2407 959 ἐπήγαγεν,
2442 909 2470 937 α
2503 886 2593 943 Ἐν
2650 888 2730 959 τῷ
2785 886 2878 941 νῦν
2945 890 3141 962 καιρῷ.
3179 908 3204 940 υ
3257 886 3320 943 Ἦ
3352 886 3457 963 γὰρ
3488 884 3541 941 ἐν
3572 889 3651 959 τῷ
3679 890 3774 941 νῦν

2110 978 2285 1048 καιρῷ
2343 971 2659 1045 δικαιοσύνη
2736 979 2834 1030 τοῦ
2886 979 3062 1047 ξΘεοῦ,
3118 975 3395 1031 τουτέστιν
3447 974 3499 1030 ἐν
3559 974 3605 1048 ᾧ
3662 977 3766 1046 τήν

2111 1062 2495 1140 ἀπολύτρωσιν
2525 1066 2689 1139 ἡμῶν
2746 1064 3057 1143 εῗργάσατο,
3122 1064 3348 1137 πλήρης
3380 1068 3449 1136 ἧν
3481 1079 3772 1147 φιλανθρω

2111 1152 2259 1225 πίας,
2291 1154 2514 1229 πλήρης
2545 1152 2774 1228 δωρεᾶς,
2813 1153 3036 1227 πλήρης
3092 1157 3343 1231 χάριτος.
3380 1158 3473 1211 Διὸ
3504 1155 3594 1211 καὶ
3642 1154 3773 1212 ἔλε-

2110 1263 2218 1319 γεν·
2260 1267 2286 1298 ι
2315 1243 2424 1299 Ούκ
2454 1242 2626 1314 ἦλθον
2654 1249 2837 1319 κρῖναι
2865 1243 2958 1299 τὸν
3018 1245 3250 1319 κόσμον,
3312 1245 3441 1301 ἀλλ’
3493 1243 3584 1301 ἳνα
3615 1246 3773 1320 σωθῇ

2113 1334 2141 1387 ὀ
2193 1334 2490 1408 κόσμος.»
2548 1334 2613 1390 Ἦ
2682 1331 2739 1388 δὲ
2799 1331 3077 1408 μέλλουσα
3132 1331 3479 1405 δικαιοσύνη,
3535 1333 3634 1390 ούκ
3690 1333 3776 1390 ἔτι

2113 1422 2344 1496 ὁμοίως,
2376 1421 2507 1478 ἀλλ’
2537 1421 2898 1485 ἀνταπόδοσίς
2947 1423 3089 1479 ἐστιν
3145 1425 3353 1497 ἑκάστῳ
3410 1429 3518 1480 τῶν
3557 1419 3775 1500 βεϐιω-

2117 1512 2311 1586 μένων,
2344 1514 2420 1576 ὡς
2449 1513 2538 1569 καὶ
2599 1514 2758 1576 οὗτος
2817 1512 2985 1569 πάλιν
3042 1513 3232 1594 φησὶν,
3291 1539 3319 1565 ‹‹
3354 1513 3777 1572 Ἀποκαλύπτε-

2110 1623 2198 1657 ται
2248 1603 2351 1680 γὰρ
2410 1604 2550 1679 ὁργή
2606 1607 2761 1671 Θεοῦ,
2798 1627 2827 1655 ››
2882 1604 2973 1659 καὶ
3031 1604 3175 1677 ἑξῆς.
3237 1606 3305 1661 Ἥ
3363 1604 3537 1667 οὕτως
3593 1602 3778 1675 ἐκλη-

2114 1695 2296 1749 πτὲον’
2348 1691 2613 1767 Ἔνδειξις
2649 1693 2861 1771 γέγονεν
2901 1694 2953 1750 ἐν
3014 1700 3092 1769 τῷ
3149 1695 3238 1750 νῦν
3287 1700 3485 1770 καιρῷ,
3519 1698 3553 1764 ἡ
3584 1694 3771 1770 ἀνοχὴ

2117 1783 2285 1839 αὐτοῦ
2322 1784 2412 1839 καὶ
2443 1786 2477 1854 ἡ
2511 1781 2708 1860 δωρεὰ,
2763 1784 2852 1840 καὶ
2884 1787 2920 1856 ἡ
2954 1784 3116 1861 χάρις
3170 1791 3269 1855 τῆς
3331 1784 3649 1859 μελλούσης
3680 1782 3779 1840 διο

3252 1874 3314 1932 Εἰ
3368 1875 3471 1952 γὰρ
3510 1878 3780 1930 τοσοῦτον

2123 1964 2552 2038 μακροθυμήσας
2585 2005 2601 2029 ,
2660 1966 2920 2018 τοσοῦτον
3009 1964 3379 2040 χαρισάμενος
3414 2008 3428 2033 ,
3505 1962 3786 2034 τοσαύτης

2119 2048 2325 2125 δωρεᾶς
2371 2050 2605 2124 ἀξιώσας
2664 2050 2764 2106 οὐκ
2821 2050 3141 2126 ἐπέστρεψεν
3201 2048 3315 2107 οὐδ’
3373 2050 3503 2131 ἔσχε
3538 2051 3788 2128 βελτιω-

2118 2138 2324 2208 θέντας,
2381 2143 2516 2214 μετὰ
2555 2139 2777 2211 πολλῆς
2835 2138 2937 2215 ἄρα
3007 2138 3358 2213 δικαιοσύνης
3418 2141 3618 2205 ἐκεῖθεν
3674 2140 3785 2197 ἐπ-

2119 2229 2233 2304 άγει
2261 2229 2354 2292 τὰς
2383 2228 2674 2304 τιμωρίας.
2710 2254 2737 2282 ‹‹
2771 2229 2877 2285 Καὶ
2910 2231 3228 2286 δικαιοῦντα
3281 2231 3374 2287 τὸν
3424 2230 3484 2286 ἐκ
3533 2251 3779 2294 πιστεως

2118 2318 2352 2389 Ἰησοῦν.
2392 2316 2588 2375 »Ἰδοὺ
2620 2321 2654 2388 ἡ
2687 2315 2909 2388 ἔνδειξις
2965 2322 3066 2386 τῆς
3134 2317 3511 2392 δικαιοσύνης,
3566 2320 3631 2375 τὸ
3693 2321 3779 2395 μὴ

2123 2407 2282 2481 μόνον
2316 2409 2455 2463 εἶναι
2485 2405 2696 2463 δίκαιον
2725 2409 2816 2464 τὸν
2855 2415 3005 2477 Θεὸν,
3058 2408 3207 2465 ἀλλά
3231 2409 3322 2465 καὶ
3381 2410 3467 2479 τὸ,
3525 2408 3778 2465 δικαιοῦν

2116 2496 2208 2552 τὸν
2243 2493 2333 2551 διὰ
2361 2496 2597 2561 πίστεως
2636 2501 2734 2552 τοῦ
2788 2498 2975 2569 Ἰησοῦ
3033 2498 3231 2554 οἰκεῖον
3266 2503 3400 2556 Θεοῦ
3433 2499 3565 2556 λαὸν
3620 2498 3785 2575 γινόο

2122 2608 2217 2660 μεν
2227 2608 2283 2642 ον
2291 2630 2305 2643 .

2190 2681 2307 2731 Ποῦ
2364 2676 2456 2733 οῦν
2515 2679 2550 2749 ὴ
2609 2679 2930 2755 καύχησις;
3022 2678 3396 2750 Ἐεεκλείσθη.
3454 2679 3553 2736 Διά
3603 2680 3774 2737 ποίου

2118 2766 2341 2840 νόμου;
2400 2771 2509 2822 τῶν
2565 2766 2782 2845 ἕργωνς
2843 2768 2987 2844 Ούχὶ
3022 2814 3036 2840 ,
3094 2768 3244 2826 ἀλλά
3297 2768 3388 2825 διά
3444 2769 3618 2843 νόμου
3676 2769 3770 2825 πί-

2120 2876 2289 2919 στεως
2325 2899 2338 2915 .
2397 2857 2743 2932 Λογιζόμεθα
2797 2856 2889 2913 οῦν
2926 2904 2939 2929 ,
2999 2858 3174 2915 πίστει
3263 2856 3597 2915 δικαιοῦσθαι
3669 2856 3761 2912 ἄν·

2119 2948 2355 3020 θρωπον,
2418 2946 2597 3026 χωρὶς
2654 2942 2829 3024 ἔργων
2885 2949 3084 3022 νόμου.
3132 2948 3201 3004 Ἥ
3262 2946 3540 3006 Ἰουδαίων
3577 2947 3761 3010 ὁΘεὸς

2122 3035 2288 3108 μόνον
2323 3035 2496 3111 ;ούχί
2530 3033 2706 3092 δὲκαὶ
2763 3036 2972 3106 ἐθνῶν;
3026 3038 3127 3094 Ναὶ
3184 3038 3275 3093 καὶ
3334 3037 3526 3094 ἐθνῶν.
3584 3034 3771 3093 Ἐπεί-

2118 3145 2218 3201 περ
2278 3126 2352 3188 εἷς
2410 3126 2439 3180 6
2497 3127 2650 3195 Θεὸς,
2709 3127 2768 3189 ὅς
2828 3124 3108 3183 δικαιώσει
3173 3128 3480 3203 περιτομὴν
3562 3126 3621 3181 ἐκ
3675 3125 3774 3181 πί·-

2121 3235 2309 3283 στεως,
2368 3215 2458 3270 καὶ
2516 3210 2875 3288 ἀκροϐυστίαν
2936 3213 3025 3271 διὰ
3082 3223 3182 3287 τῆς
3240 3218 3477 3279 πίστεως
3512 3260 3524 3273 .
3583 3217 3773 3289 Νόμον

2039 3274 2081 3341 C
2120 3303 2213 3358 οὗν
2273 3308 2644 3381 καταργοῦμεν
2699 3302 2788 3361 διὰ
2841 3312 2942 3377 τῆς
2998 3306 3281 3379 πίστεως;
3336 3307 3426 3376 Μὴ
3504 3274 3766 3382 γένοιτοί

2117 3390 2265 3448 ἀλλὰ
2292 3394 2466 3466 νόμον
2507 3394 2766 3469 ἱστῶμεν.

2187 3484 2406 3539 Τούτων
2460 3483 2641 3540 τοίνυν
2701 3484 2842 3540 οὕτω
2898 3486 3299 3562 γεγενημὲνων,
3354 3485 3445 3543 καὶ
3496 3489 3595 3541 τοῦ
3655 3490 3776 3541 [Ια-

2116 3575 2245 3649 τρὸς
2293 3575 2548 3644 σόζοντος
2607 3574 2699 3630 τὸν
2779 3575 2839 3631 ἐκ
2890 3577 3123 3638 πίστεως
3183 3578 3367 3647 Ἰησοῦ
3417 3575 3778 3641 οἶκειωθὲντα

2117 3662 2272 3734 λαὸν,
2305 3669 2410 3719 ποῦ
2440 3663 2639 3721 λοιπὸν
2693 3669 2802 3721 τῶν
2850 3663 3126 3722 Ἰουδαίων
3182 3669 3218 3737 ἡ
3269 3666 3594 3745 καύχησις;
3652 3665 3777 3720 Δεί-

2112 3774 2297 3810 κνυσιν
2338 3753 2536 3815 αὐτοὺς
2586 3754 2704 3824 εἰκῆ
2756 3754 3170 3831 καυχωμένους.
3233 3753 3603 3826 Ἐξεκλείσθηο
3663 3755 3783 3810 οὐκ

2112 3842 2255 3899 εἶπεν
2290 3891 2305 3915 ,
2356 3842 2655 3924 Ἠφανίσθη
2689 3889 2706 3913 ,
2762 3842 2911 3915 ἀλλ’,
2966 3841 3352 3919 Ἐξεκλείσθη·
3417 3842 3625 3906 δεικνὺς
3685 3842 3783 3899 ὅτι

2109 3933 2199 3988 καὶ
2266 3935 2453 4011 χώραν
2516 3934 2634 3990 εἶχε
2689 3955 2844 3994 ποτε.
2898 3936 3008 3992 Νῦν
3091 3934 3273 4009 μέντοι
3322 3936 3358 4005 ἡ
3436 3935 3616 3996 πίστις
3672 3934 3783 3989 ἀπ-

2111 4022 2350 4079 ἐκλεισεν
2399 4024 2590 4095 αὐτήν.
2649 4025 2838 4099 Νόμου
2896 4022 3091 4102 ἔργων,
3139 4032 3247 4082 τῶν
3307 4020 3481 4102 ἔργων
3537 4047 3784 4102 περιφα-

2109 4120 2331 4176 στικῶς.
2365 4114 2468 4171 Καὶ
2513 4116 2689 4189 νόμου
2741 4116 2999 4187 πίστεως,
3048 4123 3149 4187 τῆς
3208 4115 3444 4178 πίστεως
3495 4136 3779 4194 περιφρα-

2108 4207 2305 4265 στικῶς
2363 4205 2540 4273 Φησὶν
2579 4204 2690 4258 οῦνσ
2753 4205 2834 4261 Οὐ
2890 4202 2962 4259 δι’
3023 4199 3198 4284 ἔργων
3258 4206 3332 4260 ὧν
3391 4203 3693 4279 ἐπράξαμεν
3731 4209 3775 4278 ἡ

2109 4288 2384 4347 Ἰουδαίων
2442 4292 2718 4371 καύχησις
2760 4292 3092 4364 ἐξεκλείσθη,
3153 4292 3302 4351 ἀλλά
3359 4291 3450 4350 διά
3505 4294 3781 4365 πίστεως,

2106 4381 2178 4443 ὡς
2212 4382 2381 4437 εἶπεν·
2417 4388 2567 4437 Πᾶσα
2606 4382 2783 4453 ἐκείνη
2816 4385 2851 4453 ἡ
2901 4383 3194 4459 καύχησις,
3226 4385 3317 4438 καὶ
3377 4385 3445 4439 τά
3504 4380 3784 4440 δοκοῦντα

337 4474 517 4529 fidem
542 4472 800 4529 exclusae
832 4478 971 4528 sunt
997 4472 1222 4544 absque
1254 4477 1597 4527 nostrorum
1644 4471 2000 4527 necessitate

2115 4473 2518 4548 προτερήματα,
2551 4468 2639 4526 διὰ
2667 4478 2768 4542 τῆς
2808 4472 3045 4536 πίστεως
3099 4472 3457 4545 ἀπεκλείσθη,
3520 4472 3581 4528 ού
3641 4470 3782 4545 δεη-

337 4580 606 4635 Operum.
642 4586 669 4615 «
704 4563 1081 4619 Arbitramur
1104 4563 1285 4634 igitur
1315 4579 1423 4634 per
1455 4562 1633 4617 fidem
1676 4561 1998 4634 justiﬁcari

2115 4560 2301 4615 ἱέντων
2356 4562 2518 4632 ἡμῶν
2577 4558 2771 4636 ἔργων.
2823 4586 2850 4613 ‹‹
2911 4561 3267 4639 Λογιζὸμεθα
3324 4563 3417 4617 οὗν
3472 4561 3651 4616 πίστει
3696 4559 3787 4617 δι-

335 4653 664 4723 hominem,
697 4675 725 4704 »
760 4658 872 4709 etc.
905 4655 1107 4725 Itaque
1138 4653 1413 4719 dicimus,
1469 4652 1684 4722 inquit,
1744 4668 1813 4706 ex
1873 4651 1988 4706 fide

2115 4653 2393 4713 καιοῦσθαι
2426 4646 2735 4724 ἄνθρωπον,
2767 4674 2794 4703 »
2838 4650 2928 4705 καὶ
2985 4651 3052 4707 τὰ
3108 4652 3249 4722 ἑξῆς.
3311 4656 3610 4725 Τοιγαροῦν
3667 4650 3781 4708 λέ-

326 4743 649 4814 justiﬁcari
680 4744 988 4799 hominem
1022 4743 1150 4799 sine
1180 4742 1326 4815 legis
1375 4741 1808 4797 observatione.
1849 4763 1876 4791 «
1903 4743 1993 4795 An

2115 4760 2319 4815 γομεν,
2378 4740 2564 4817 φησὶν,
2627 4738 2687 4795 ἐκ
2740 4740 2974 4803 πίστεως
3048 4738 3391 4798 δικαιοῦσθαι
3457 4741 3776 4819 ἄνθρωπον,

332 4834 671 4890 Iudaeorum
704 4836 859 4890 Deus
890 4839 1123 4889 tantum
1149 4832 1177 4889 ?
1198 4856 1222 4883 η
1254 4835 1397 4887 Nam
1425 4832 1474 4887 si
1507 4831 1665 4887 solos
1697 4848 1796 4887 eos
1811 4830 1995 4902 justi-

332 4923 572 4978 ﬁcasset
601 4925 700 4995 qui
744 4941 815 4979 ex
846 4925 975 4995 lege
1004 4922 1389 4989 accedebant,
1423 4928 1527 4977 aut
1556 4922 1657 4992 qui
1716 4937 1846 4976 sese
1877 4919 1993 4993 legi

336 5010 717 5082 adaptabant,
753 5018 812 5067 et
834 5031 955 5069 non
976 5030 1215 5068 omnem
1239 5013 1339 5083 qui
1372 5011 1643 5067 crederet
1662 5010 1990 5077 hominem,

335 5099 582 5155 alterius
613 5100 901 5157 duntaxat
930 5103 1115 5173 partis
1153 5102 1305 5157 Deus
1338 5106 1526 5156 esset:
1588 5100 1692 5156 sed
1745 5115 1904 5154 nunc
1936 5103 1996 5153 et

341 5190 681 5247 Iudaeorum
716 5198 867 5249 Deus
896 5200 986 5249 est
1008 5201 1068 5250 et
1096 5195 1385 5266 gentium,
1412 5192 1898 5265 quandoquidem
1923 5209 1995 5247 ex

336 5281 607 5352 utrisque
639 5283 952 5339 credentes
984 5285 1177 5340 salvos
1206 5283 1368 5340 facit.
1423 5306 1451 5333 ‹‹
1479 5283 1587 5348 Qui
1635 5282 1996 5353 justiﬁcabit

335 5371 857 5428 circumcisionem
890 5391 959 5428 ex
992 5374 1129 5438 ﬁde,
1167 5396 1187 5425 υ
1225 5379 1337 5430 etc.
1372 5374 1442 5427 Et
1488 5372 1582 5427 his
1633 5371 1734 5443 qui
1764 5388 1834 5427 ex
1865 5372 1992 5444 lege

336 5466 498 5526 sunt,
526 5467 583 5516 et
607 5462 699 5517 his
730 5463 829 5534 qui
864 5464 1263 5536 extralegem,
1296 5463 1412 5518 fide
1444 5479 1595 5534 opus
1615 5466 1724 5530 est,
1754 5468 1819 5517 ut
1844 5462 1990 5518 salvi

333 5550 502 5606 ﬁant.
536 5574 563 5601 ‹‹
599 5553 811 5625 Legem
829 5553 1009 5627 igitur
1062 5552 1294 5609 irritam
1344 5551 1643 5609 facimus?
1682 5574 1702 5601 ι
1770 5552 1993 5608 Turba-

405 5729 453 5768 ¹²
473 5730 617 5788 Gen.
650 5747 790 5802 xm,
826 5732 915 5786 I8.
994 5729 1044 5767 ¹³
1072 5732 1237 5788 Joan.
1268 5748 1366 5802 xu,
1399 5734 1489 5789 27.

2104 4830 2283 4908 χωρὶς
2313 4835 2413 4898 τῆς
2444 4827 2503 4885 ἐκ
2531 4829 2704 4902 νόμου
2752 4832 3218 4905 παρατημήσεως.
3271 4857 3299 4885 (ι
3358 4835 3429 4888 "[I
3488 4828 3777 4888 Ἰουδαίων

2105 4920 2133 4972 6
2165 4918 2295 4981 Θεὸς
2331 4914 2494 4991 μόνον
2531 4937 2544 4989 ;
2596 4943 2633 4972 ιν
2672 4920 2732 4976 Εἰ
2760 4920 2863 4996 γὰρ
2920 4920 3115 4995 μόνους
3142 4923 3269 4988 τοὺς
3327 4922 3386 4978 ἐκ
3436 4926 3533 4978 τοῦ
3589 4922 3772 4996 νόμου

2104 5007 2481 5082 ὁρμωμένους,
2516 5006 2551 5078 ἢ
2581 5012 2661 5080 τῷ
2707 5009 2861 5082 νόμῳ
2919 5015 3276 5085 στοιχοῦντας
3344 5009 3611 5079 ἐδικαίου,
3666 5011 3766 5065 καὶ

2104 5096 2236 5171 ούχὶ
2266 5096 2438 5151 πάντα
2468 5094 2748 5172 ἄνθρωπον
2789 5099 2882 5154 τὸν
2945 5100 3288 5172 πιστεύοντα,
3347 5100 3661 5175 μονομερῆς
3694 5094 3764 5155 ἃν

2100 5185 2170 5256 ἧν
2207 5188 2234 5241 6
2266 5187 2415 5250 Θεός.
2452 5185 2608 5243 Ἀλλ’
2640 5184 2760 5242 ἰδοὺ
2789 5189 2879 5242 καὶ
2911 5187 3190 5244 Ἰουδαίων
3223 5191 3311 5246 καὶ
3340 5190 3506 5255 ἐθνῶν
3541 5191 3570 5245 6
3602 5188 3763 5261 Θεὸς,

2103 5273 2294 5345 ἐπειδὴ
2356 5275 2516 5345 σώζει
2575 5274 2918 5356 ἀμφοτέρους
2975 5278 3385 5343 πιστεύσαντας·
3451 5306 3472 5331 ι
3518 5280 3613 5343 ’³ος
3678 5275 3769 5332 δι-

2100 5366 2327 5420 καιώσει
2357 5367 2663 5441 περιτομὴν
2712 5366 2773 5422 ἐκ
2827 5369 3084 5440 πίστεως,
3142 5369 3233 5425 καὶ
3274 5364 3632 5445 ἀκροϐυστίαν
3669 5364 3765 5423 διὰ

2100 5461 2202 5523 τῆς
2229 5454 2488 5525 πίστεως,
2521 5477 2548 5506 η
2577 5455 2665 5510 καὶ
2697 5456 2765 5511 τὰ
2795 5455 2939 5527 ἑξῆς.
2973 5459 3080 5514 Καὶ
3136 5458 3187 5513 οἱ
3242 5460 3348 5514 ἀπὸ
3404 5463 3506 5515 τοῦ
3563 5459 3768 5531 νόμου,

2100 5545 2191 5600 καὶ
2238 5545 2294 5599 οἱ
2356 5543 2509 5607 ἐκτὸς
2566 5548 2663 5600 τοῦ
2720 5546 2917 5620 νόμου,
2976 5547 3208 5611 πίστεως
3263 5546 3477 5605 δέονται
3535 5548 3672 5624 πρὸς
3700 5547 3769 5603 τὸ
