4114 6394
354 365 495 428 ’389

1449 370 1864 434 COMMENT.
1914 370 1991 430 lN
2034 370 2283 432 EPIST.
2335 377 2435 434 AD
2486 376 2672 438 ROM.

3676 397 3803 458 390

366 503 637 572 σωθῆναι.
699 523 729 554 ιι
783 501 976 575 Νόμον
1047 504 1136 557 οὗν
1207 509 1588 583 καταργοῦμεν
1654 501 1744 559 διὰ
1798 510 1900 571 τῆς
1946 502 2028 557 πί-

2144 506 2367 599 bantur
2395 511 2603 581 Judaei,
2638 518 2807 585 quasi
2839 518 2932 574 lex
2964 538 3070 592 per
3093 523 3272 580 ﬁdem
3304 527 3684 599 adjiceretur.
3715 532 3808 589 Di-

367 611 579 662 στεως;
619 617 642 644 ι
673 588 1008 667 Ἐθορὺϐουν
1038 592 1315 668 Ἰουδαῖοι,
1366 597 1441 659 ὡς
1493 592 1911 669 ἐκϐαλλομένου
1940 597 2038 650 τοῦ

363 680 543 753 νόμου
595 679 686 737 διά
734 688 835 751 τῆς
890 680 1148 747 πίστεως.
1197 683 1353 761 Λέγει
1413 685 1508 740 οὗν
1551 683 1635 740 ὅτι
1669 684 1733 738 οὐ
1772 683 1933 757 μόνον
1975 681 2037 737 οὑ

363 776 641 846 καταργεῖ
668 773 702 841 ἡ
736 770 922 835 πίστις
978 772 1072 827 τὸν
1130 773 1320 846 νόμον,
1376 773 1523 830 ἀλλὰ
1568 772 1659 828 καὶ
1680 771 1869 843 ’ίστησί
1896 792 2035 842 πως,

363 862 457 916 δτι
489 862 518 915 6
551 860 723 935 νόμος
764 866 934 916 σῶσαι
990 862 1355 938 βουλόμενος,
1410 863 1509 920 οὐκ
1561 862 1765 943 ίσχὺει,
1798 865 1833 932 ἡ
1868 861 1925 917 δὲ
1952 861 2038 917 πίο

358 971 481 1012 στις
513 951 700 1021 σώζει.
752 952 858 1008 Τὸν
910 950 1005 1007 οὖν
1055 952 1257 1009 σκοπὸν
1302 958 1400 1009 τοῦ
1449 953 1618 1027 νόμον
1670 952 1960 1023 πληροῦσα
1997 954 2032 1021 ἡ

356 1038 571 1110 πίστις,
619 1037 839 1111 ’ίστησιν
885 1039 1070 1100 αὐτόν.
1122 1041 1331 1113 Εἰπὼν,
1381 1043 1665 1116 Ὶστῶμεν,
1714 1037 1883 1111 ἔδειξε
1939 1061 2037 1095 σα-

354 1128 693 1202 λευόμενον.
742 1162 814 1171 -
850 1127 1099 1193 ’Ἀλλως.
1148 1133 1348 1207 Ἔργον
1397 1131 1465 1201 ἧν
1519 1135 1617 1186 τοῦ
1666 1129 1863 1204 νόμου,
1896 1127 2036 1184 ὥστε

352 1216 577 1275 δίκαιον
635 1224 865 1289 ποιῆσαι
937 1219 1033 1275 τὸν
1108 1218 1416 1295 ἄνθρωπον,
1476 1219 1606 1276 ἀλλ’
1662 1218 1763 1274 οὐκ
1818 1218 2033 1294 ἴσχυσε.

348 1308 565 1370 Πάντες
618 1307 747 1384 γὰρ,
800 1306 984 1386 φησὶν,
1041 1306 1311 1384 ἥμαρτον,
1360 1310 1395 1377 ἡ
1445 1329 1626 1371 πιστις
1681 1304 1739 1362 δὲ
1771 1305 2032 1378 ἐλθοῦσα,

348 1402 522 1453 τοῦτο
570 1397 945 1469 κατώρθωσεν
1003 1399 1144 1472 ὁμοῦ
1187 1397 1291 1476 γάρ
1339 1419 1423 1461 τις
1479 1395 1759 1454 ἐπιστευσε
1800 1395 1890 1452 καὶ
1921 1393 2033 1451 ἐδι-

346 1488 598 1557 καιώθη.
634 1487 852 1545 Οὐκοῦν
880 1482 1074 1557 ἔστησε
1103 1491 1202 1543 τοῦ
1239 1488 1418 1561 νόμου
1463 1487 1527 1543 τὸ
1575 1484 1819 1560 θέλημα.
1854 1487 2031 1543 Ἀνω-

353 1580 445 1633 θεν
512 1578 544 1633 ὁ
610 1577 786 1651 νόμος
839 1575 931 1631 καὶ
987 1577 1041 1631 οἱ
1097 1581 1381 1655 προφῆται
1446 1577 1573 1654 περὶ
1640 1583 1743 1647 τῆς
1797 1575 2033 1641 πίστεως

353 1664 785 1741 προεθὲσπισαν.
831 1699 905 1708 —
960 1667 1466 1741 [ΘΕΟΔΩΡΙΤΟΥ.]
1519 1665 1821 1742 Δεχόμενοι
1852 1663 2032 1720 τοίνυν

361 1757 462 1825 τὴν
491 1753 704 1824 πίστιν,
743 1748 1070 1829 βεϐαιοῦμεν
1092 1755 1184 1810 τὸν
1215 1753 1410 1829 νόμον.

442 1845 509 1899 Ti
536 1842 624 1899 οὖν
660 1842 889 1920 ἐροῦμεν
915 1838 1170 1919 Ἀϐραάμ
1187 1844 1283 1900 τὸν
1308 1842 1516 1921 πατέρα
1547 1846 1708 1919 ἡμῶν
1742 1842 2029 1920 εὑρηκέναι

374 1932 507 1988 κατά
537 1932 709 2008 σάρκα
738 1950 752 2001 ;

437 2024 592 2099 Μέγα
650 2020 911 2101 ὄφρόνουν
963 2021 1048 2078 ἐπὶ
1109 2026 1189 2096 τῷ
1244 2018 1499 2098 Ἀϐραάμ
1542 2022 1595 2078 οἱ
1626 2019 1909 2094 Ἰουδαῖοι,
1941 2021 2033 2078 καὶ

357 2114 442 2169 ἆεὶ
470 2116 781 2191 προέφερον
833 2113 919 2169 ὅτι
976 2108 1233 2189 Ἀϐραὰμ
1286 2115 1652 2189 περιετμήθη.
1690 2115 1906 2176 Σκοπὸς
1939 2111 2033 2168 οὖν

352 2202 511 2274 αὐτῷ
573 2199 766 2274 δεῖξαι,
819 2203 904 2258 ὅτι
955 2203 1046 2258 καὶ
1095 2202 1255 2264 αὐτὸς
1314 2199 1566 2278 Ἀϐραάμ
1621 2202 1722 2258 οὑκ
1751 2202 1802 2273 ἐξ
1833 2197 2034 2280 ἔργων,

360 2290 496 2348 ἀλλ’
550 2291 611 2347 ἐκ
660 2291 893 2354 πίστεως
944 2288 1272 2367 ὲῗιβαιώθη,
1324 2292 1417 2347 καί
1473 2310 1627 2367 φησι·
1661 2316 1689 2345 ‹‹
1728 2290 1793 2347 Τί
1819 2290 1911 2346 οὖν
1945 2289 2036 2346 λέ-

357 2402 542 2461 γομεν
602 2376 857 2456 Ἀϐραὰμ
913 2382 1006 2436 τὸν
1063 2382 1200 2436 κατά
1260 2379 1429 2457 σάρκα
1487 2382 1693 2457 πατέρα
1751 2383 1915 2456 ἡμῶν
1943 2380 2034 2436 εὑ-

355 2469 692 2548 ρηκέναις»
742 2471 833 2526 καὶ
888 2470 1038 2533 τίνος
1089 2470 1253 2526 αὐτὸν
1314 2468 1765 2546 ἐπιτετυχηκέναι
1829 2468 2036 2526 δικαιο-

354 2561 707 2633 σύνηςςτῆς
737 2557 810 2614 δι’
857 2555 1051 2636 ἔργων,
1104 2558 1141 2629 ἢ
1183 2562 1285 2626 τῆς
1333 2557 1424 2615 διὰ
1474 2560 1750 2632 πίστεως;
1792 2559 1895 2617 Kal
1931 2557 2035 2614 δεί-

350 2670 575 2721 κνυσιν,
652 2649 735 2705 δτι
801 2655 903 2718 τῆς
970 2645 1060 2704 διὰ
1122 2648 1378 2711 πίστεως.
1445 2650 1605 2706 Ὃθεν
1666 2648 1759 2704 καὶ
1816 2647 2032 2725 εὕρημα

353 2740 537 2810 a’sﬁv
578 2737 762 2797 καλεῖ.
822 2738 973 2795 Ἐπεὶ
1032 2741 1108 2812 μή
1170 2737 1221 2809 ἐξ
1274 2736 1451 2816 ἔργων
1508 2737 1679 2807 αὐτὴν
1738 2735 2033 2811 ἐκτήσατο,

351 2828 489 2884 ἀλλ’
548 2827 608 2884 ἐκ
667 2827 925 2899 πίστεως,
979 2824 1104 2898 ἥτις
1160 2826 1352 2902 χάριτι
1405 2830 1540 2883 Θεοῦ
1596 2828 1919 2908 παρέχεται.
1961 2860 2032 2870 -

350 2918 828 2994 [ΓΕΝΝΑΔΙΟΥ.]
860 2918 991 2974 Καθ’
1033 2913 1339 2993 ὑπερϐατόν
1370 2915 1512 2973 ἐστιν
1545 2918 1581 2988 ἡ
1615 2918 1796 2992 ῥῆσις,
1825 2916 2031 2974 οὑτωσί

356 3030 479 3072 πως
535 3005 786 3083 κειμένη⁸
848 3008 918 3066 Τί
976 3008 1067 3064 οῦν
1151 3009 1381 3085 ἐροῦμεν
1445 3004 1703 3084 Ἀϐραὰμ
1748 3011 1844 3065 τὸν
1894 3010 2033 3065 κατᾶ

368 3099 542 3171 σάρκα
568 3096 775 3172 πατέρα
826 3098 988 3172 ἡμῶν
1051 3095 1373 3173 εὑρηκέναι;
1436 3096 1805 3173 Ἀνὲλθωμεν,
1841 3099 2029 3176 φησὶν,

363 3188 455 3245 ἐπὶ
487 3191 574 3245 τὸν
606 3190 864 3266 ἀρχηγὸν
909 3195 1007 3245 τοῦ
1064 3190 1202 3246 κατὰ
1260 3193 1433 3267 σάρκα
1490 3191 1682 3266 γὲνους
1735 3192 1920 3264 ἡμῶν,
1971 3190 2030 3246 6'v

353 3279 418 3335 ἐκ
464 3263 906 3344 πάντων-ἐθνῶν
962 3263 1341 3353 ἐκλεξάμενος⁷
1378 3280 1406 3334 6
1464 3263 1613 3348 Θεὸς,
1665 3263 1937 3353 εὑλόγησέ
1964 3301 2024 3336 τε
2054 3263 2097 3330 C

352 3371 446 3426 καὶ
478 3369 559 3432 εἷς
589 3368 724 3434 τοὺς
769 3367 821 3442 ἐξ
881 3367 1048 3424 αὑτοῦ
1095 3365 1163 3424 δι’
1196 3369 1362 3425 αὑτοῦ
1390 3371 1458 3425 τὰ
1508 3371 1606 3438 τῆς
1639 3368 1894 3445 εὐλογίας
1931 3370 2003 3426 ὑπ

350 3461 554 3536 ἐσχετο
588 3459 1000 3535 παραπέμψειν.
1036 3457 1213 3529 Δῆλον
1248 3458 1352 3536 γάρ
1399 3457 1483 3514 ὅτι
1531 3457 1682 3521 ὅπως
1714 3455 1773 3514 ἄν
1806 3452 1929 3535 ἔχοι
1961 3461 2030 3515 τὰ

342 3550 468 3605 κατ’
500 3547 691 3619 αὑτὸν,
719 3546 897 3611 οὕτως
930 3550 1132 3624 σχήσει
1182 3549 1271 3604 καὶ
1328 3548 1394 3604 τὰ
1444 3551 1782 3625 ἡμέτερα.-
1815 3551 2029 3624 [ΦΩΤ.]

345 3640 458 3707 Τὸ,
520 3658 542 3687 α
576 3638 727 3695 Κατᾶ
779 3638 973 3713 σάρκα,
1027 3662 1048 3689 ι
1111 3636 1168 3693 ἐν
1229 3632 1520 3712 ὑπερϐατῷ
1582 3644 1780 3695 κεῖται.
1842 3639 1907 3696 ἸΙ
1967 3635 2031 3693 δὲ

353 3727 501 3781 κατᾶ
555 3728 727 3805 φύσιν,
786 3726 938 3784 ἀλλᾶ
998 3728 1075 3802 μὴ
1151 3729 1292 3783 κατὰ
1349 3735 1545 3804 σχῆμα
1613 3728 1876 3802 ἑρμηνεία
1931 3733 2028 3784 τοῦ

362 3814 558 3890 λόγου·
604 3817 670 3874 Τί
713 3816 815 3873 οὖν
880 3818 1112 3894 ἐροῦμεν
1165 3813 1420 3893 ’Λϐραᾶμ
1467 3819 1749 3894 εὑρηκέναι
1776 3819 1867 3874 τὸν
1893 3819 2032 3873 κατὰ

365 3908 539 3984 σάρκα
591 3911 749 3984 ἡμῶν
802 3908 1067 3985 πατέρα;
1126 3911 1264 3987 πρὸς
1322 3907 1615 3974 Ἰουδαίους
1645 3908 1702 3966 δὲ
1758 3911 1786 3966 6
1837 3910 2026 3990 λόγος.

356 3999 516 4069 Οἴον,
551 3998 665 4055 ἐπεί
723 4022 880 4080 φησι,
938 3999 1017 4057 Τὸ
1075 4004 1178 4055 πᾶν
1241 4000 1371 4075 ὑμῖν
1402 4007 1502 4071 τῆς
1532 3998 1910 4078 ,σεμνολογίας
1937 4000 2028 4056 καὶ

355 4086 744 4164 μεγαλαυχίας
776 4088 828 4144 ἐν
863 4093 944 4161 τῷ
994 4088 1133 4144 κατᾶ
1181 4090 1354 4166 σάρκα
1382 4090 1545 4165 πατρὶ
1580 4091 1740 4164 ἡμῶν
1774 4085 2030 4165 Ἀϐραάμ

351 4176 493 4249 ἐστι,
524 4180 895 4253 σκοπήσωμεν
952 4178 1007 4234 τί
1065 4176 1126 4234 ἅν
1185 4178 1434 4253 εἲποιμεν
1489 4177 1690 4235 ἐκεῖνον
1719 4181 2026 4256 εὑρηκέναι.

350 4270 461 4325 Καὶ
497 4290 667 4347 φησιν
724 4269 885 4333 αὐτὸς
926 4270 1158 4347 προϊὼν,
1214 4270 1298 4325 ὅτι
1358 4271 1449 4325 καὶ
1507 4267 1855 4341 δικαιοσύνην
1884 4271 2024 4348 εὗρε.

348 4361 536 4416 Τοῦτο
565 4357 816 4435 γὰρέστι
844 4361 931 4430 τὸ,
995 4385 1022 4412 ‹‹
1056 4360 1153 4415 Καὶ
1212 4358 1475 4437 ἐΛογίσΘη
1534 4360 1684 4433 αὐτῷ
1715 4359 1791 4422 είς
1824 4356 2028 4416 δικαιο-

348 4448 547 4521 σύνην,
585 4472 614 4501 ››
646 4449 951 4523 τουτέστιν,
1008 4450 1092 4504 δτι
1143 4446 1465 4520 ἐδικαιώθη.
1497 4449 1572 4504 Τὸ
1609 4448 1713 4525 γὰρ
1747 4451 1920 4523 εὑρεῖν
1950 4447 2026 4506 δι’

347 4537 684 4609 καιοσὺνην,
740 4536 1104 4610 δικαιωθῆναί
1152 4538 1313 4594 ἐστιν.
1370 4539 1540 4615 Εὗρεν
1594 4539 1687 4594 οὗν
1748 4535 2024 4594 δικαιοσύ-

2156 598 2235 652 cit
2264 615 2402 673 ergo
2435 603 2593 673 quod
2624 621 2746 660 non
2795 609 2990 665 solum
3030 611 3261 670 irritam
3291 598 3413 673 non
3444 619 3586 675 facit
3615 621 3807 696 legem

2156 688 2302 745 ﬁdes
2331 707 2343 745 :
2389 693 2725 783 quinetiam
2778 700 3214 769 quodammodo
3246 706 3505 765 stabilit:
3540 688 3808 783 quiavlex

2153 794 2288 835 cum
2322 780 2547 838 salvare
2578 786 2780 857 cupiat
2805 805 2925 844 non
2948 796 3163 862 potest,
3188 794 3336 851 ﬁdes
3362 780 3803 860 autem—salvat:

2151 885 2285 923 cum
2319 886 2454 944 ergo
2485 871 2631 947 legis
2663 893 2906 948 scotrum
2934 879 3081 936 ﬁdes
3110 882 3376 955 impleat,
3394 889 3605 945 merito
3629 891 3804 947 stabi-

2148 956 2258 1048 lire
2280 959 2448 1016 illam
2475 962 2711 1021 dicitur.
2737 967 2951 1024 Dicens
2973 976 3193 1041 autem,
3219 974 3584 1048 Stabilimus,
3611 986 3805 1037 osten-

2151 1045 2237 1138 dit
2263 1048 2428 1105 illam
2455 1053 2855 1112 vacillantem.
2880 1058 3004 1114 Atio
3025 1061 3205 1119 modo.
3233 1064 3398 1132 Legis
3420 1045 3718 1138 opus-erat
3742 1076 3809 1126 ut

2139 1135 2373 1207 justum
2391 1140 2614 1198 faceret
2628 1143 2954 1203 hominem:
2968 1165 3172 1206 verum
3186 1152 3298 1208 hoc
3312 1170 3434 1210 non
3448 1135 3807 1228 potuit,nam

2146 1227 2387 1296 Omnes,
2423 1231 2641 1304 inquit,
2673 1247 3102 1307 peccaverunt:
3135 1259 3271 1298 cum
3322 1227 3523 1302 autem
3554 1249 3812 1305 venisset

2143 1315 2316 1382 ﬁdes,
2338 1317 2400 1374 id
2426 1323 2892 1382 correxit:simul
2913 1344 2981 1383 ac
3002 1329 3164 1386 enim
3193 1332 3494 1406 quispiam
3531 1337 3806 1409 credidit,

2146 1405 2700 1480 etiamjustiﬁcatus
2733 1420 2840 1472 est.
2871 1416 3166 1474 Stabilivit
3194 1405 3393 1494 itaque
3420 1424 3568 1497 legis
3598 1405 3805 1483 volun;

2141 1499 2346 1552 tatem.
2382 1498 2799 1571 Superioribus
2839 1508 3210 1579 temporibus
3258 1511 3352 1567 lex
3398 1530 3467 1569 ac
3494 1517 3803 1589 praphetas

2142 1585 2214 1641 de
2248 1587 2363 1642 ﬁde
2394 1590 2697 1678 vaticinati
2749 1600 2907 1651 sunt.
2941 1628 3011 1638 --
3042 1598 3245 1656 Fidem
3296 1618 3433 1675 ergo
3467 1585 3809 1678 suscipien-

2141 1677 2231 1729 tes
2263 1677 2692 1736 conﬁrmamus
2722 1682 2937 1756 legem.

2210 1855 2303 1925 IV,
2338 1859 2390 1913 1.
2423 1861 2569 1924 Quid
2589 1878 2716 1933 ergo
2735 1863 2970 1921 dicimus
3000 1867 3287 1925 Abraham
3308 1877 3530 1942 patrem
3559 1879 3806 1930 nostrum

2149 1951 2422 2006 invenisse
2450 1954 2748 2020 semiudum
2780 1973 2998 2013 carnem
3021 1960 3049 2013 ?

2221 2038 2375 2094 246
2432 2042 2918 2101 Intumescebant
2972 2048 3157 2104 Judaei
3217 2049 3469 2107 Abrahm
3537 2054 3804 2122 nomine,

2150 2143 2504 2201 semperque
2554 2135 2939 2204 proferebant
2990 2139 3150 2209 quod
3208 2141 3598 2198 circumcisus
3653 2149 3811 2201 esset

2148 2215 2469 2275 Abraham.
2500 2221 2603 2276 Hic
2635 2240 2772 2295 ergo
2805 2243 3019 2297 scopus
3041 2234 3133 2283 est
3152 2231 3433 2300 Apostolo
3467 2233 3807 2302 ostendere,

2146 2305 2344 2376 ipsum
2376 2326 2615 2382 quoque
2649 2314 2944 2370 Abraham
2978 2332 3099 2372 non
3148 2334 3218 2372 ex
3267 2319 3566 2390 operibus,
3601 2321 3705 2376 sed
3737 2338 3809 2378 ex

2146 2394 2262 2451 ﬁde
2285 2397 2685 2469 justiﬁcatum
2722 2420 2873 2473 esse,
2904 2410 2962 2460 et
2992 2406 3111 2461 ait:
3145 2431 3172 2457 ‹‹
3203 2408 3347 2473 Quid
3386 2425 3520 2483 ergo
3551 2410 3809 2468 dicimus

2144 2485 2439 2543 Abraham
2461 2496 2689 2561 patrem
2713 2498 2985 2550 nostrum
3018 2496 3349 2553 secundum
3377 2515 3618 2555 carnem
3643 2500 3808 2555 inve-

2145 2577 2305 2632 nisse
2323 2577 2382 2632 ?n
2402 2596 2649 2650 quamve
2665 2590 2972 2640 assecutus
2987 2586 3235 2658 estjusti
3248 2587 3387 2643 tiam
3407 2588 3434 2644 ?
3447 2606 3659 2646 eamne
3675 2607 3807 2663 quas

2147 2671 2238 2721 est
2267 2683 2374 2738 per
2404 2685 2603 2741 opera,
2629 2688 2706 2727 an
2730 2690 2860 2744 quas
2884 2691 2991 2745 per
3014 2673 3234 2730 ﬁdem?
3265 2681 3324 2730 et
3353 2677 3616 2733 ostendit
3646 2679 3806 2750 quod

2143 2772 2275 2812 eam
2310 2775 2441 2829 qua:
2474 2778 2580 2832 per
2612 2761 2829 2819 ﬁdem:
2862 2764 3021 2820 unde
3055 2772 3113 2822 et
3140 2766 3305 2822 illam
3347 2773 3516 2824 vocat
3555 2786 3681 2825 rem
3713 2769 3810 2824 in-

2142 2851 2399 2919 ventam,
2426 2850 2568 2921 quia
2598 2869 2719 2908 non
2749 2871 2820 2909 ex
2851 2855 3132 2926 Operibus
3165 2874 3295 2912 eam
3322 2862 3536 2914 nactus
3569 2864 3677 2927 est,
3700 2859 3805 2915 sed

2143 2953 2213 2992 ex
2244 2937 2360 2994 ﬁde
2391 2956 2523 3011 quae
2557 2942 2655 2997 Dei
2689 2944 2879 3015 gratia
2908 2945 3230 3001 confertur.
3267 2977 3333 2987 ——
3364 2948 3476 3002 Per
3504 2948 3804 3020 hyperba-

2144 3031 2245 3082 ton
2277 3033 2367 3083 est
2394 3028 2638 3098 locutio,
2698 3037 2765 3087 ut
2822 3032 2902 3089 ita
2958 3040 3253 3106 ponatur:
3288 3035 3439 3100 Quid
3472 3053 3608 3109 ergo
3639 3037 3804 3093 dice-

2140 3132 2274 3171 mus
2295 3116 2615 3187 Abraham,
2637 3121 2737 3192 qui
2762 3122 3091 3178 secundum
3114 3140 3356 3180 carnem
3384 3130 3475 3180 est
3496 3131 3665 3196 pater
3688 3143 3802 3183 no-

2142 3209 2281 3271 ster,
2315 3205 2614 3263 invenisse
2637 3211 2666 3263 ?
2690 3210 3121 3277 Ascendamus,
3154 3211 3372 3282 inquit,
3404 3212 3477 3268 ad
3508 3213 3800 3286 originem

2135 3294 2374 3366 generis
2398 3297 2585 3351 nostri
2607 3298 2935 3354 secundum
2958 3316 3221 3367 carnem,
3255 3307 3314 3355 et
3342 3318 3481 3356 eum
3514 3318 3692 3372 quem
3727 3319 3799 3358 ex

2138 3384 2417 3441 omnibus
2447 3386 2724 3459 gentibus
2764 3388 3021 3445 electum
3065 3390 3373 3446 benedixit
3425 3392 3615 3447 Deus:
3649 3397 3708 3447 et
3737 3392 3800 3448 in

2139 3488 2241 3527 eos
2272 3473 2374 3546 qui
2414 3473 2487 3529 ab
2534 3492 2600 3530 eo
2653 3475 3108 3547 descenderent,
3169 3497 3300 3551 qum
3359 3478 3800 3536 benedictionis

2142 3568 2313 3619 erant
2341 3581 2448 3637 per
2478 3582 2615 3621 eum
2649 3583 2710 3622 se
2740 3567 3064 3623 missurum
3101 3585 3230 3625 esse
3272 3569 3569 3641 promisit.
3606 3570 3799 3626 Mani-

2139 3653 2358 3709 festum
2390 3660 2481 3711 est
2526 3656 2687 3712 enim
2720 3659 2899 3728 quod,
2937 3659 3113 3715 sicuti
3149 3676 3285 3715 eum
3318 3659 3420 3714 illo
3456 3665 3658 3715 actum
3690 3665 3799 3729 est,

2138 3742 2221 3797 ita
2239 3747 2297 3797 et
2314 3743 2626 3800 nobiscum
2646 3751 2944 3815 agetur.—
2964 3747 3264 3804 Particula
3282 3747 3444 3815 illa,¢
3464 3748 3801 3803 Secundum

2138 3847 2402 3898 carnem,
2438 3855 2466 3883 »
2494 3850 2600 3904 per
2628 3834 3001 3905 hyperbaton
3052 3837 3316 3908 ponitur.
3351 3836 3631 3891 Ordinate
3662 3853 3799 3892 vero

2140 3926 2198 3975 et
2247 3937 2368 3976 non
2409 3921 2583 3993 juxta
2631 3925 2874 3980 schema
2901 3924 3013 3980 erit
3042 3926 3169 3981 haec
3226 3925 3639 3996 interpretatio
3675 3941 3799 3980 ser-

2138 4011 2369 4067 monis:
2403 4013 2553 4079 Quid
2610 4032 2746 4089 ergo
2799 4015 3068 4072 dicemus
3116 4015 3417 4072 Abraham
3476 4016 3799 4083 invenisse,

2139 4103 2240 4175 qui
2273 4104 2601 4161 secundum
2633 4123 2875 4162 carnem
2908 4113 3078 4179 pater
3106 4112 3311 4163 noster
3335 4107 3468 4162 est?
3513 4108 3693 4162 Porro
3726 4107 3801 4162 ad

2136 4192 2370 4249 Judazos
2403 4211 2599 4250 sermo
2632 4201 2741 4263 est,
2777 4213 2843 4252 ac
2876 4197 2924 4252 si
2952 4197 3146 4253 dicat:
3193 4197 3338 4252 Cum
3369 4197 3558 4252 nostri
3593 4212 3802 4268 super-

2138 4281 2259 4336 cilii
2281 4298 2350 4338 ac
2368 4283 2670 4356 jactantiae
2694 4301 2928 4341 summa
2950 4286 3028 4341 sit
3047 4286 3108 4340 in
3131 4285 3451 4353 Abraham,
3470 4285 3611 4356 quia
3628 4289 3801 4356 pater

2137 4376 2341 4427 noster
2368 4378 2459 4428 est
2487 4375 2816 4431 secundum
2846 4392 3109 4442 carnem,
3142 4374 3588 4431 consideremus
3621 4374 3796 4446 quid-

2137 4476 2277 4516 nam
2308 4460 2506 4517 dicere
2545 4463 2844 4534 possimus
2888 4464 3059 4519 illum
3106 4463 3424 4520 invenisse.
3458 4465 3530 4517 Et
3557 4462 3641 4517 ait
3669 4462 3797 4533 ipse

2136 4549 2198 4604 in
2230 4550 2616 4621 sequentibus
2671 4552 2831 4624 quod
2890 4553 3071 4610 etiam
3119 4553 3419 4625 justitiam
3481 4551 3794 4607 invenerit.

345 4650 476 4698 νην,
542 4625 693 4683 ἀλλὰ
737 4632 857 4691 πῶς
911 4629 1098 4702 εὑρεν;
1160 4628 1244 4702 Ἐξ
1300 4622 1501 4705 ἔργων,
1559 4627 1595 4698 ἤ
1656 4626 1717 4683 ἐκ
1752 4627 2025 4697 πίστεως;

2143 4636 2257 4692 Ηοε
2289 4638 2450 4693 enim
2485 4643 2574 4693 est
2603 4622 2761 4710 quod
2792 4640 2910 4696 ait:
2954 4662 2981 4691 ‹‹
3011 4642 3081 4696 Ει
3122 4622 3481 4712 imputatum
3515 4642 3603 4693 est
3633 4639 3685 4691 ei
3722 4637 3797 4692 ad

348 4717 464 4774 Καὶ
499 4713 771 4773 δείκνυσιν
800 4718 886 4773 ὃτι
946 4715 1005 4773 ἐκ
1061 4717 1318 4789 πίστεως,
1391 4718 1639 4793 μάρτυρα
1667 4718 1769 4786 τήν
1802 4719 2024 4793 Γραωὴν

350 4807 657 4880 παριστάς.
734 4808 1048 4865 Ἐπίστευσε
1120 4807 1247 4883 γὰρ,
1335 4807 1524 4887 φησὶν,
1614 4801 1868 4883 Ἀϐραὰμ
1945 4813 2024 4881 τῷ

350 4900 497 4968 Θεῷ,
558 4896 653 4951 καὶ
711 4895 972 4972 ἐλογίσθη
1034 4895 1182 4968 αὑτῴ
1235 4895 1310 4958 εἷς
1370 4893 1737 4966 δικαιοσύνην.
1792 4895 1858 4951 Τί
1908 4895 2021 4968 οὖν,

348 4986 551 5065 φησὶν,
616 4985 717 5041 οὑκ
776 4987 929 5066 εἶχεν
978 4985 1113 5063 ἔργα
1169 4985 1198 5040 6
1254 4980 1551 5060 Ἀϐραάμ;
1611 4983 1726 5043 Οὐκ
1782 4983 2022 5042 ἔδικαίου

348 5080 524 5132 ταῦτα
583 5075 789 5146 αὐτόν;
850 5078 939 5147 Μὴ
994 5075 1245 5154 γὲνοιτοί
1305 5076 1482 5151 Ἔργα
1544 5075 1638 5149 μὲν
1690 5076 1793 5152 γὰρ
1844 5077 2020 5156 εἶχεν,

348 5162 489 5221 ὥστε
533 5167 671 5241 πρὸς
698 5165 828 5229 τοὺς
880 5163 1454 5239 συμπολιτευομένους
1505 5165 1655 5238 αὑτῷ
1702 5164 2022 5240 ἀνθρώπους

347 5276 694 5330 κρινομενον,
762 5254 1119 5325 δικαιωθῆναι
1199 5255 1286 5312 καὶ
1362 5261 1724 5331 προκριθῆναι
1778 5254 2016 5314 ἐκείνων.

344 5347 417 5403 Τὸ
478 5343 542 5401 δὲ
598 5347 742 5423 πρὸς
791 5346 886 5401 τὸν
946 5347 1074 5402 Θεὸν
1138 5344 1505 5417 δικαιωθῆναι
1565 5344 1625 5400 ἐκ
1678 5349 1787 5400 τῶν
1844 5343 2018 5423 ἔργων

342 5438 517 5494 αὑτοῦ
575 5435 720 5493 ὥστε
775 5435 927 5507 ἄξιον
979 5438 1072 5493 καὶ
1116 5436 1422 5492 ἰσοστάσιον
1491 5436 1678 5492 ἑαυτὸν
1740 5444 2019 5512 παραστῆ-

339 5549 429 5585 σαι
513 5529 612 5598 τῆς
685 5526 891 5584 ἐκεῖθεν
951 5528 1341 5604 παρεχομένης
1394 5525 1704 5603 εὐεργεσίας
1759 5526 1851 5581 καὶ
1911 5525 2019 5585 δω-

337 5624 492 5697 ρεᾶς,
552 5616 839 5683 παντελῶς
923 5615 1271 5676 ἀπελείπετο.
1350 5614 1563 5674 Οὐκοῦν
1643 5612 1804 5672 οὑδὶν
1871 5615 2019 5683 ὅλως

335 5704 459 5788 ἔχει
496 5707 794 5785 καύχημα,
827 5706 956 5777 ἢτοι
1002 5708 1331 5784 προτίρημα
1377 5706 1469 5762 καὶ
1516 5704 1849 5783 κατόρθωμα
1882 5709 2020 5785 πρὸς

2128 4724 2446 4797 justitiam.
2473 4750 2500 4777 ››
2523 4727 2635 4782 hoc
2659 4733 2766 4795 est,
2793 4729 3326 4801 quodjustiﬁcatus
3349 4732 3457 4782 est.
3489 4724 3799 4796 Siquidem

2134 4812 2433 4868 invenisse
2465 4814 2585 4868 sive
2616 4822 2858 4870 nactum
2892 4832 3023 4871 esse
3046 4815 3369 4887 justitiam,
3394 4811 3797 4883 estjustiﬁca-

2135 4906 2260 4957 tum
2293 4919 2441 4960 esse.
2475 4904 2707 4959 Invenit
2736 4921 2873 4977 ergo
2926 4910 2985 4960 et
3013 4909 3222 4960 nactus
3252 4908 3344 4959 est
3365 4900 3686 4976 justitiam.
3720 4903 3799 4956 At

2134 4993 2433 5065 quomodo
2464 4998 2673 5050 nactus
2703 4994 2839 5050 est?
2869 5011 2941 5050 ex
2970 4994 3271 5067 Operibus,
3307 5010 3383 5049 an
3417 5010 3488 5049 ex
3519 4991 3635 5047 ﬁde
3658 4990 3687 5047 7
3724 4992 3795 5046 Et

2133 5084 2393 5139 ostendit
2419 5084 2575 5157 quod
2608 5101 2679 5139 ex
2705 5085 2841 5156 ﬁde,
2869 5102 3004 5140 cum
3032 5085 3396 5157 Scripturam
3425 5080 3703 5156 producit
3728 5081 3791 5136 in

2134 5177 2365 5228 testem.
2402 5175 2545 5231 Nam
2578 5174 2692 5230 ait:
2727 5198 2755 5225 «
2780 5174 3043 5231 Credidit
3076 5174 3376 5230 Abraham
3408 5175 3548 5241 Deo,
3577 5176 3636 5226 et
3667 5171 3790 5227 im-

2132 5268 2403 5335 putatum
2435 5268 2526 5319 est
2555 5264 2608 5320 ei
2651 5264 2725 5319 ad
2748 5264 3067 5337 justitiam.
3113 5286 3141 5313 ››
3195 5263 3344 5329 Quid
3378 5279 3540 5335 ergo,
3572 5259 3795 5332 inquit,

2132 5369 2254 5408 non
2279 5352 2488 5408 habuit
2509 5353 2809 5409 Abraham
2828 5369 3010 5426 opera
3029 5353 3057 5409 ‘2
3078 5369 3199 5409 non
3220 5353 3347 5408 hinc
3369 5352 3540 5407 illum
3564 5349 3799 5423 justiﬁ-

2130 5443 2387 5499 carunt?
2416 5442 2622 5499 Absit!
2668 5444 2858 5516 Opera
2891 5443 3189 5515 siquidem
3219 5442 3449 5508 habuit,
3481 5445 3546 5496 ut
3577 5439 3626 5495 si
3659 5453 3795 5496 cum

2129 5531 2473 5589 hominibus
2494 5533 2595 5604 qui
2618 5533 2798 5589 simul
2820 5551 2956 5589 cum
2982 5551 3051 5590 eo
3072 5532 3465 5589 versabantur
3489 5529 3702 5585 fuisset
3723 5528 3787 5583 in

2122 5622 2350 5695 judicio
2381 5623 2765 5692 constitutus,
2790 5622 2965 5681 facile
2984 5623 3354 5696 justiﬁcatus
3385 5620 3619 5685 fuisset,
3641 5616 3794 5671 illis-

2131 5729 2245 5785 que
2276 5714 2669 5785 autepositus,
2691 5732 2895 5771 verum
2917 5720 2983 5770 ut
3000 5730 3200 5771 coram
3233 5714 3350 5767 Deo
3383 5728 3452 5765 ex
3482 5707 3610 5763 suis
3640 5720 3795 5775 ope-
