  <div class='ocr_page' id='page_1' title='image "/cluster/home/n/w/nwhite01/storage/ocr_20150623/118:no.1/coo.31924054870229/205.png"; bbox 0 0 4114 6398; ppageno 0'>
   <div class='ocr_carea' id='block_1_1' title="bbox 353 326 471 386">
    <p class='ocr_par' dir='ltr' id='par_1_1' title="bbox 353 326 471 386">
     <span class='ocr_line' id='line_1_1' title="bbox 353 326 471 386; baseline -0.008 0"><span class='ocrx_word' id='word_1_1' title='bbox 353 326 471 386; x_wconf 78' lang='lat'>391</span> 
     </span>
    </p>
   </div>
   <div class='ocr_carea' id='block_1_2' title="bbox 1484 318 2638 387">
    <p class='ocr_par' dir='ltr' id='par_1_2' title="bbox 1484 318 2638 387">
     <span class='ocr_line' id='line_1_2' title="bbox 1484 318 2638 387; baseline -0.004 0"><span class='ocrx_word' id='word_1_2' title='bbox 1484 323 1730 387; x_wconf 77' lang='lat' dir='ltr'>CECUM</span> <span class='ocrx_word' id='word_1_3' title='bbox 1744 322 1865 383; x_wconf 73' lang='lat' dir='ltr'>EN!</span> <span class='ocrx_word' id='word_1_4' title='bbox 1910 318 2221 382; x_wconf 60' lang='lat' dir='ltr'>’l‘RlCCIE</span> <span class='ocrx_word' id='word_1_5' title='bbox 2267 320 2638 384; x_wconf 84' lang='lat' dir='ltr'>EPISCOPI.</span> 
     </span>
    </p>
   </div>
   <div class='ocr_carea' id='block_1_3' title="bbox 3661 326 3782 386">
    <p class='ocr_par' dir='ltr' id='par_1_3' title="bbox 3661 326 3782 386">
     <span class='ocr_line' id='line_1_3' title="bbox 3661 326 3782 386; baseline 0.008 -1"><span class='ocrx_word' id='word_1_6' title='bbox 3661 326 3782 386; x_wconf 69' lang='lat'>392</span> 
     </span>
    </p>
   </div>
   <div class='ocr_carea' id='block_1_4' title="bbox 362 452 2012 531">
    <p class='ocr_par' dir='ltr' id='par_1_4' title="bbox 362 456 2011 530">
     <span class='ocr_line' id='line_1_4' title="bbox 362 456 2011 530; baseline -0.004 -15"><span class='ocrx_word' id='word_1_7' title='bbox 362 460 528 515; x_wconf 90' lang='lat' dir='ltr'>ribus</span> <span class='ocrx_word' id='word_1_8' title='bbox 538 458 1282 530; x_wconf 85' lang='lat' dir='ltr'>justiﬁcaretur,tanquam</span> <span class='ocrx_word' id='word_1_9' title='bbox 1304 457 1517 530; x_wconf 88' lang='lat' dir='ltr'>dignus</span> <span class='ocrx_word' id='word_1_10' title='bbox 1536 464 1595 513; x_wconf 89' lang='lat' dir='ltr'>et</span> <span class='ocrx_word' id='word_1_11' title='bbox 1614 456 1862 528; x_wconf 66' lang='lat' dir='ltr'>aequalis</span> <span class='ocrx_word' id='word_1_12' title='bbox 1881 470 2011 509; x_wconf 88' lang='lat' dir='ltr'>sese</span> 
     </span>
    </p>
   </div>
   <div class='ocr_carea' id='block_1_5' title="bbox 2125 452 3785 531">
    <p class='ocr_par' dir='ltr' id='par_1_5' title="bbox 2125 452 3785 531">
     <span class='ocr_line' id='line_1_5' title="bbox 2125 452 3785 531; baseline 0.004 -26"><span class='ocrx_word' id='word_1_13' title='bbox 2125 452 2216 505; x_wconf 89' lang='grc' dir='ltr'>τὸν</span> <span class='ocrx_word' id='word_1_14' title='bbox 2249 453 2400 524; x_wconf 84' lang='grc' dir='ltr'>Θεὸν,</span> <span class='ocrx_word' id='word_1_15' title='bbox 2447 453 2523 516; x_wconf 84' lang='grc' dir='ltr'>εἰς</span> <span class='ocrx_word' id='word_1_16' title='bbox 2578 453 2641 509; x_wconf 88' lang='grc' dir='ltr'>τὸ</span> <span class='ocrx_word' id='word_1_17' title='bbox 2698 453 2993 526; x_wconf 75' lang='grc' dir='ltr'>ἀξιωθῆναι</span> <span class='ocrx_word' id='word_1_18' title='bbox 3050 461 3151 526; x_wconf 88' lang='grc' dir='ltr'>τῆς</span> <span class='ocrx_word' id='word_1_19' title='bbox 3208 454 3513 531; x_wconf 77' lang='grc' dir='ltr'>εὐεργεσίας</span> <span class='ocrx_word' id='word_1_20' title='bbox 3542 454 3633 511; x_wconf 83' lang='grc' dir='ltr'>καὶ</span> <span class='ocrx_word' id='word_1_21' title='bbox 3667 452 3785 511; x_wconf 90' lang='grc' dir='ltr'>δω-</span> 
     </span>
    </p>
   </div>
   <div class='ocr_carea' id='block_1_6' title="bbox 360 545 2015 622">
    <p class='ocr_par' dir='ltr' id='par_1_6' title="bbox 360 545 2015 622">
     <span class='ocr_line' id='line_1_6' title="bbox 360 545 2015 622; baseline -0.003 -18"><span class='ocrx_word' id='word_1_22' title='bbox 360 550 631 622; x_wconf 76' lang='lat' dir='ltr'>praebens</span> <span class='ocrx_word' id='word_1_23' title='bbox 663 545 967 618; x_wconf 81' lang='lat' dir='ltr'>dignitatis</span> <span class='ocrx_word' id='word_1_24' title='bbox 997 562 1133 600; x_wconf 89' lang='lat' dir='ltr'>cum</span> <span class='ocrx_word' id='word_1_25' title='bbox 1176 563 1245 601; x_wconf 90' lang='lat' dir='ltr'>ea</span> <span class='ocrx_word' id='word_1_26' title='bbox 1304 564 1435 618; x_wconf 73' lang='lat' dir='ltr'>quaa</span> <span class='ocrx_word' id='word_1_27' title='bbox 1467 547 1604 602; x_wconf 91' lang='lat' dir='ltr'>inde</span> <span class='ocrx_word' id='word_1_28' title='bbox 1638 545 2015 619; x_wconf 75' lang='lat' dir='ltr'>pra-bebatur</span> 
     </span>
    </p>
   </div>
   <div class='ocr_carea' id='block_1_7' title="bbox 359 634 2012 708">
    <p class='ocr_par' dir='ltr' id='par_1_7' title="bbox 359 634 2012 708">
     <span class='ocr_line' id='line_1_7' title="bbox 359 634 2012 708; baseline -0.002 -15"><span class='ocrx_word' id='word_1_29' title='bbox 359 636 754 693; x_wconf 82' lang='lat' dir='ltr'>beneﬁcentia</span> <span class='ocrx_word' id='word_1_30' title='bbox 783 651 849 690; x_wconf 91' lang='lat' dir='ltr'>ac</span> <span class='ocrx_word' id='word_1_31' title='bbox 881 634 1057 690; x_wconf 89' lang='lat' dir='ltr'>domo</span> <span class='ocrx_word' id='word_1_32' title='bbox 1083 652 1093 690; x_wconf 95' lang='lat'><strong>:</strong></span> <span class='ocrx_word' id='word_1_33' title='bbox 1127 652 1508 708; x_wconf 80' lang='lat' dir='ltr'>nequaquam</span> <span class='ocrx_word' id='word_1_34' title='bbox 1546 636 1758 692; x_wconf 78' lang='lat' dir='ltr'>fuisset</span> <span class='ocrx_word' id='word_1_35' title='bbox 1787 635 1891 690; x_wconf 89' lang='lat' dir='ltr'>illa</span> <span class='ocrx_word' id='word_1_36' title='bbox 1920 651 2012 690; x_wconf 88' lang='lat' dir='ltr'>as-</span> 
     </span>
    </p>
   </div>
   <div class='ocr_carea' id='block_1_8' title="bbox 360 724 2015 798">
    <p class='ocr_par' dir='ltr' id='par_1_8' title="bbox 360 724 2015 798">
     <span class='ocr_line' id='line_1_8' title="bbox 360 724 2015 798; baseline -0.003 -15"><span class='ocrx_word' id='word_1_37' title='bbox 360 732 616 783; x_wconf 82' lang='lat' dir='ltr'>secutus.</span> <span class='ocrx_word' id='word_1_38' title='bbox 688 724 891 796; x_wconf 87' lang='lat' dir='ltr'>Itaque</span> <span class='ocrx_word' id='word_1_39' title='bbox 950 724 1105 779; x_wconf 85' lang='lat' dir='ltr'>nihil</span> <span class='ocrx_word' id='word_1_40' title='bbox 1162 726 1408 781; x_wconf 86' lang='lat' dir='ltr'>omnino</span> <span class='ocrx_word' id='word_1_41' title='bbox 1462 726 1642 781; x_wconf 82' lang='lat' dir='ltr'>habet</span> <span class='ocrx_word' id='word_1_42' title='bbox 1719 724 2015 798; x_wconf 73' lang='lat' dir='ltr'>gloriatio,</span> 
     </span>
    </p>
   </div>
   <div class='ocr_carea' id='block_1_9' title="bbox 360 815 2016 887">
    <p class='ocr_par' dir='ltr' id='par_1_9' title="bbox 360 815 2016 887">
     <span class='ocr_line' id='line_1_9' title="bbox 360 815 2016 887; baseline -0.002 -15"><span class='ocrx_word' id='word_1_43' title='bbox 360 817 509 872; x_wconf 73' lang='lat'>247</span> <span class='ocrx_word' id='word_1_44' title='bbox 546 819 648 870; x_wconf 90' lang='lat' dir='ltr'>aut</span> <span class='ocrx_word' id='word_1_45' title='bbox 678 815 1066 887; x_wconf 79' lang='lat' dir='ltr'>praerogativa</span> <span class='ocrx_word' id='word_1_46' title='bbox 1107 820 1455 887; x_wconf 88' lang='lat' dir='ltr'>rectumque</span> <span class='ocrx_word' id='word_1_47' title='bbox 1487 832 1635 887; x_wconf 91' lang='lat' dir='ltr'>opus</span> <span class='ocrx_word' id='word_1_48' title='bbox 1667 830 1866 870; x_wconf 88' lang='lat' dir='ltr'>coram</span> <span class='ocrx_word' id='word_1_49' title='bbox 1900 815 2016 868; x_wconf 92' lang='lat' dir='ltr'>Deo</span> 
     </span>
    </p>
   </div>
   <div class='ocr_carea' id='block_1_10' title="bbox 359 904 2019 977">
    <p class='ocr_par' dir='ltr' id='par_1_10' title="bbox 359 904 2019 977">
     <span class='ocr_line' id='line_1_10' title="bbox 359 904 2019 977; baseline -0.002 -16"><span class='ocrx_word' id='word_1_50' title='bbox 359 905 435 961; x_wconf 90' lang='lat' dir='ltr'>ad</span> <span class='ocrx_word' id='word_1_51' title='bbox 461 906 572 960; x_wconf 91' lang='lat' dir='ltr'>hoc</span> <span class='ocrx_word' id='word_1_52' title='bbox 604 909 670 959; x_wconf 88' lang='lat' dir='ltr'>ut</span> <span class='ocrx_word' id='word_1_53' title='bbox 694 904 940 977; x_wconf 83' lang='lat' dir='ltr'>dignum</span> <span class='ocrx_word' id='word_1_54' title='bbox 974 904 1249 960; x_wconf 82' lang='lat' dir='ltr'>redderet</span> <span class='ocrx_word' id='word_1_55' title='bbox 1278 905 1551 961; x_wconf 83' lang='lat' dir='ltr'>beneficii</span> <span class='ocrx_word' id='word_1_56' title='bbox 1585 904 1901 960; x_wconf 86' lang='lat' dir='ltr'>collatione</span> <span class='ocrx_word' id='word_1_57' title='bbox 1951 919 2019 958; x_wconf 92' lang='lat' dir='ltr'>ac</span> 
     </span>
    </p>
   </div>
   <div class='ocr_carea' id='block_1_11' title="bbox 362 994 2023 1066">
    <p class='ocr_par' dir='ltr' id='par_1_11' title="bbox 362 994 2023 1066">
     <span class='ocr_line' id='line_1_11' title="bbox 362 994 2023 1066; baseline -0.004 -15"><span class='ocrx_word' id='word_1_58' title='bbox 362 995 539 1051; x_wconf 90' lang='lat' dir='ltr'>dono.</span> <span class='ocrx_word' id='word_1_59' title='bbox 565 994 716 1061; x_wconf 84' lang='lat' dir='ltr'>Quid</span> <span class='ocrx_word' id='word_1_60' title='bbox 743 996 900 1051; x_wconf 91' lang='lat' dir='ltr'>enim</span> <span class='ocrx_word' id='word_1_61' title='bbox 929 995 977 1049; x_wconf 89' lang='lat' dir='ltr'>si</span> <span class='ocrx_word' id='word_1_62' title='bbox 1002 995 1137 1066; x_wconf 90' lang='lat' dir='ltr'>quis</span> <span class='ocrx_word' id='word_1_63' title='bbox 1159 995 1328 1050; x_wconf 92' lang='lat' dir='ltr'>illum</span> <span class='ocrx_word' id='word_1_64' title='bbox 1357 995 1766 1051; x_wconf 89' lang='lat' dir='ltr'>demonstrare</span> <span class='ocrx_word' id='word_1_65' title='bbox 1798 994 2023 1049; x_wconf 87' lang='lat' dir='ltr'>nitatur</span> 
     </span>
    </p>
   </div>
   <div class='ocr_carea' id='block_1_12' title="bbox 360 1084 2020 1158">
    <p class='ocr_par' dir='ltr' id='par_1_12' title="bbox 360 1084 2020 1158">
     <span class='ocr_line' id='line_1_12' title="bbox 360 1084 2020 1158; baseline -0.002 -18"><span class='ocrx_word' id='word_1_66' title='bbox 360 1102 470 1158; x_wconf 91' lang='lat' dir='ltr'>per</span> <span class='ocrx_word' id='word_1_67' title='bbox 499 1101 682 1156; x_wconf 82' lang='lat' dir='ltr'>opera</span> <span class='ocrx_word' id='word_1_68' title='bbox 729 1084 973 1157; x_wconf 85' lang='lat' dir='ltr'>dignum</span> <span class='ocrx_word' id='word_1_69' title='bbox 1008 1084 1214 1154; x_wconf 87' lang='lat' dir='ltr'>fuisse,</span> <span class='ocrx_word' id='word_1_70' title='bbox 1257 1091 1322 1140; x_wconf 88' lang='lat' dir='ltr'>ut</span> <span class='ocrx_word' id='word_1_71' title='bbox 1368 1090 1505 1157; x_wconf 88' lang='lat' dir='ltr'>post</span> <span class='ocrx_word' id='word_1_72' title='bbox 1534 1090 1758 1140; x_wconf 82' lang='lat' dir='ltr'>tantam</span> <span class='ocrx_word' id='word_1_73' title='bbox 1792 1088 2020 1139; x_wconf 75' lang='lat' dir='ltr'>naturae</span> 
     </span>
    </p>
   </div>
   <div class='ocr_carea' id='block_1_13' title="bbox 363 1171 2022 1245">
    <p class='ocr_par' dir='ltr' id='par_1_13' title="bbox 363 1171 2022 1245">
     <span class='ocr_line' id='line_1_13' title="bbox 363 1171 2022 1245; baseline -0.002 -14"><span class='ocrx_word' id='word_1_74' title='bbox 363 1174 886 1231; x_wconf 81' lang='lat' dir='ltr'>mortificationem</span> <span class='ocrx_word' id='word_1_75' title='bbox 920 1174 1026 1229; x_wconf 83' lang='lat' dir='ltr'>ﬁlii</span> <span class='ocrx_word' id='word_1_76' title='bbox 1059 1181 1228 1245; x_wconf 90' lang='lat' dir='ltr'>pater</span> <span class='ocrx_word' id='word_1_77' title='bbox 1257 1175 1690 1242; x_wconf 87' lang='lat' dir='ltr'>ostenderetur,</span> <span class='ocrx_word' id='word_1_78' title='bbox 1712 1191 1779 1228; x_wconf 90' lang='lat' dir='ltr'>ac</span> <span class='ocrx_word' id='word_1_79' title='bbox 1799 1171 2022 1227; x_wconf 83' lang='lat' dir='ltr'>ventris</span> 
     </span>
    </p>
   </div>
   <div class='ocr_carea' id='block_1_14' title="bbox 361 1264 2024 1338">
    <p class='ocr_par' dir='ltr' id='par_1_14' title="bbox 361 1264 2024 1338">
     <span class='ocr_line' id='line_1_14' title="bbox 361 1264 2024 1338; baseline -0.003 -18"><span class='ocrx_word' id='word_1_80' title='bbox 361 1281 606 1338; x_wconf 84' lang='lat' dir='ltr'>germen</span> <span class='ocrx_word' id='word_1_81' title='bbox 639 1264 1004 1319; x_wconf 90' lang='lat' dir='ltr'>exoriretur:</span> <span class='ocrx_word' id='word_1_82' title='bbox 1039 1268 1104 1318; x_wconf 91' lang='lat' dir='ltr'>ut</span> <span class='ocrx_word' id='word_1_83' title='bbox 1129 1280 1333 1319; x_wconf 88' lang='lat' dir='ltr'>semen</span> <span class='ocrx_word' id='word_1_84' title='bbox 1370 1264 1500 1335; x_wconf 87' lang='lat' dir='ltr'>ejus</span> <span class='ocrx_word' id='word_1_85' title='bbox 1523 1270 1807 1335; x_wconf 85' lang='lat' dir='ltr'>tanquam</span> <span class='ocrx_word' id='word_1_86' title='bbox 1840 1278 2024 1318; x_wconf 87' lang='lat' dir='ltr'>arena</span> 
     </span>
    </p>
   </div>
   <div class='ocr_carea' id='block_1_15' title="bbox 361 1351 2023 1425">
    <p class='ocr_par' dir='ltr' id='par_1_15' title="bbox 361 1351 2023 1425">
     <span class='ocr_line' id='line_1_15' title="bbox 361 1351 2023 1425; baseline -0.002 -16"><span class='ocrx_word' id='word_1_87' title='bbox 361 1355 544 1410; x_wconf 89' lang='lat' dir='ltr'>maris</span> <span class='ocrx_word' id='word_1_88' title='bbox 575 1352 1076 1425; x_wconf 88' lang='lat' dir='ltr'>multiplicaretur</span> <span class='ocrx_word' id='word_1_89' title='bbox 1103 1370 1115 1407; x_wconf 94' lang='lat'><strong>:</strong></span> <span class='ocrx_word' id='word_1_90' title='bbox 1149 1359 1439 1425; x_wconf 62' lang='lat' dir='ltr'>praeterea</span> <span class='ocrx_word' id='word_1_91' title='bbox 1463 1359 1529 1409; x_wconf 90' lang='lat' dir='ltr'>ut</span> <span class='ocrx_word' id='word_1_92' title='bbox 1550 1353 1612 1408; x_wconf 89' lang='lat' dir='ltr'>in</span> <span class='ocrx_word' id='word_1_93' title='bbox 1644 1352 1871 1408; x_wconf 89' lang='lat' dir='ltr'>semine</span> <span class='ocrx_word' id='word_1_94' title='bbox 1894 1351 2023 1423; x_wconf 84' lang='lat' dir='ltr'>ejus</span> 
     </span>
    </p>
   </div>
   <div class='ocr_carea' id='block_1_16' title="bbox 365 1441 2022 1516">
    <p class='ocr_par' dir='ltr' id='par_1_16' title="bbox 365 1441 2022 1516">
     <span class='ocr_line' id='line_1_16' title="bbox 365 1441 2022 1516; baseline -0.002 -16"><span class='ocrx_word' id='word_1_95' title='bbox 365 1460 575 1500; x_wconf 90' lang='lat' dir='ltr'>omnes</span> <span class='ocrx_word' id='word_1_96' title='bbox 606 1448 812 1516; x_wconf 85' lang='lat' dir='ltr'>gentes</span> <span class='ocrx_word' id='word_1_97' title='bbox 843 1442 1381 1498; x_wconf 88' lang='lat' dir='ltr'>benedicerentur:</span> <span class='ocrx_word' id='word_1_98' title='bbox 1416 1443 1490 1498; x_wconf 90' lang='lat' dir='ltr'>ad</span> <span class='ocrx_word' id='word_1_99' title='bbox 1518 1443 1645 1498; x_wconf 84' lang='lat' dir='ltr'>haec</span> <span class='ocrx_word' id='word_1_100' title='bbox 1667 1448 1733 1497; x_wconf 90' lang='lat' dir='ltr'>ut</span> <span class='ocrx_word' id='word_1_101' title='bbox 1754 1441 2022 1498; x_wconf 88' lang='lat' dir='ltr'>Christus</span> 
     </span>
    </p>
   </div>
   <div class='ocr_carea' id='block_1_17' title="bbox 365 1530 2021 1605">
    <p class='ocr_par' dir='ltr' id='par_1_17' title="bbox 365 1530 2021 1605">
     <span class='ocr_line' id='line_1_17' title="bbox 365 1530 2021 1605; baseline -0.001 -17"><span class='ocrx_word' id='word_1_102' title='bbox 365 1534 492 1605; x_wconf 90' lang='lat' dir='ltr'>ipse</span> <span class='ocrx_word' id='word_1_103' title='bbox 525 1533 859 1588; x_wconf 89' lang='lat' dir='ltr'>communis</span> <span class='ocrx_word' id='word_1_104' title='bbox 892 1533 1156 1588; x_wconf 84' lang='lat' dir='ltr'>Salvator</span> <span class='ocrx_word' id='word_1_105' title='bbox 1213 1533 1351 1589; x_wconf 91' lang='lat' dir='ltr'>inde</span> <span class='ocrx_word' id='word_1_106' title='bbox 1406 1532 1798 1605; x_wconf 82' lang='lat' dir='ltr'>procederet?</span> <span class='ocrx_word' id='word_1_107' title='bbox 1846 1530 2021 1586; x_wconf 88' lang='lat' dir='ltr'>Vides</span> 
     </span>
    </p>
   </div>
   <div class='ocr_carea' id='block_1_18' title="bbox 356 1616 2018 1695">
    <p class='ocr_par' dir='ltr' id='par_1_18' title="bbox 356 1616 2018 1695">
     <span class='ocr_line' id='line_1_18' title="bbox 356 1616 2018 1695; baseline 0 -18"><span class='ocrx_word' id='word_1_108' title='bbox 356 1616 522 1695; x_wconf 91' lang='lat' dir='ltr'>quod</span> <span class='ocrx_word' id='word_1_109' title='bbox 553 1622 708 1677; x_wconf 90' lang='lat' dir='ltr'>nihil</span> <span class='ocrx_word' id='word_1_110' title='bbox 740 1621 984 1679; x_wconf 89' lang='lat' dir='ltr'>omnino</span> <span class='ocrx_word' id='word_1_111' title='bbox 1016 1621 1254 1688; x_wconf 89' lang='lat' dir='ltr'>habeat,</span> <span class='ocrx_word' id='word_1_112' title='bbox 1312 1638 1388 1677; x_wconf 89' lang='lat' dir='ltr'>ne</span> <span class='ocrx_word' id='word_1_113' title='bbox 1444 1621 1754 1695; x_wconf 80' lang='lat' dir='ltr'>vestigium</span> <span class='ocrx_word' id='word_1_114' title='bbox 1776 1619 2018 1692; x_wconf 88' lang='lat' dir='ltr'>quidem</span> 
     </span>
    </p>
   </div>
   <div class='ocr_carea' id='block_1_19' title="bbox 360 1710 2016 1784">
    <p class='ocr_par' dir='ltr' id='par_1_19' title="bbox 360 1710 2016 1784">
     <span class='ocr_line' id='line_1_19' title="bbox 360 1710 2016 1784; baseline -0.002 -18"><span class='ocrx_word' id='word_1_115' title='bbox 360 1728 608 1784; x_wconf 89' lang='lat' dir='ltr'>operum</span> <span class='ocrx_word' id='word_1_116' title='bbox 631 1712 705 1768; x_wconf 87' lang='lat' dir='ltr'>ad</span> <span class='ocrx_word' id='word_1_117' title='bbox 726 1710 1073 1784; x_wconf 90' lang='lat' dir='ltr'>hujusmodi</span> <span class='ocrx_word' id='word_1_118' title='bbox 1097 1711 1392 1766; x_wconf 82' lang='lat' dir='ltr'>beneﬁcia</span> <span class='ocrx_word' id='word_1_119' title='bbox 1415 1729 1547 1783; x_wconf 67' lang='lat' dir='ltr'>quae</span> <span class='ocrx_word' id='word_1_120' title='bbox 1564 1728 1599 1767; x_wconf 92' lang='lat' dir='ltr'>a</span> <span class='ocrx_word' id='word_1_121' title='bbox 1620 1712 1738 1766; x_wconf 90' lang='lat' dir='ltr'>Deo</span> <span class='ocrx_word' id='word_1_122' title='bbox 1768 1710 2016 1781; x_wconf 88' lang='lat' dir='ltr'>recepit.</span> 
     </span>
    </p>
   </div>
   <div class='ocr_carea' id='block_1_20' title="bbox 2116 542 3771 622">
    <p class='ocr_par' dir='ltr' id='par_1_20' title="bbox 2116 542 3771 622">
     <span class='ocr_line' id='line_1_20' title="bbox 2116 542 3771 622; baseline 0.004 -27"><span class='ocrx_word' id='word_1_123' title='bbox 2116 546 2262 615; x_wconf 85' lang='grc' dir='ltr'>ρεᾶς.</span> <span class='ocrx_word' id='word_1_124' title='bbox 2296 544 2357 600; x_wconf 91' lang='grc' dir='ltr'>Τί</span> <span class='ocrx_word' id='word_1_125' title='bbox 2387 543 2488 619; x_wconf 88' lang='grc' dir='ltr'>γὰρ</span> <span class='ocrx_word' id='word_1_126' title='bbox 2516 543 2580 600; x_wconf 68' lang='grc' dir='ltr'>ἄν</span> <span class='ocrx_word' id='word_1_127' title='bbox 2608 565 2692 607; x_wconf 90' lang='grc' dir='ltr'>τις</span> <span class='ocrx_word' id='word_1_128' title='bbox 2751 545 2839 601; x_wconf 79' lang='grc' dir='ltr'>καὶ</span> <span class='ocrx_word' id='word_1_129' title='bbox 2900 542 2969 601; x_wconf 87' lang='grc' dir='ltr'>δι’</span> <span class='ocrx_word' id='word_1_130' title='bbox 3002 543 3198 622; x_wconf 68' lang='grc' dir='ltr'>ιιὲργων</span> <span class='ocrx_word' id='word_1_131' title='bbox 3253 543 3565 616; x_wconf 77' lang='grc' dir='ltr'>ἐπιδείξειεν</span> <span class='ocrx_word' id='word_1_132' title='bbox 3598 545 3771 618; x_wconf 80' lang='grc' dir='ltr'>ἄξιον,</span> 
     </span>
    </p>
   </div>
   <div class='ocr_carea' id='block_1_21' title="bbox 2116 632 3773 713">
    <p class='ocr_par' dir='ltr' id='par_1_21' title="bbox 2116 632 3773 713">
     <span class='ocr_line' id='line_1_21' title="bbox 2116 632 3773 713; baseline 0.004 -29"><span class='ocrx_word' id='word_1_133' title='bbox 2116 635 2213 685; x_wconf 86' lang='grc' dir='ltr'>τοῦ</span> <span class='ocrx_word' id='word_1_134' title='bbox 2271 633 2404 705; x_wconf 87' lang='grc' dir='ltr'>μετὰ</span> <span class='ocrx_word' id='word_1_135' title='bbox 2457 633 2798 704; x_wconf 76' lang='grc' dir='ltr'>τηλικαύτην</span> <span class='ocrx_word' id='word_1_136' title='bbox 2854 635 3065 713; x_wconf 72' lang='grc' dir='ltr'>φύσεως</span> <span class='ocrx_word' id='word_1_137' title='bbox 3123 635 3401 711; x_wconf 73' lang='grc' dir='ltr'>νέκρωσιν,</span> <span class='ocrx_word' id='word_1_138' title='bbox 3443 632 3638 697; x_wconf 86' lang='grc' dir='ltr'>παιδὸς</span> <span class='ocrx_word' id='word_1_139' title='bbox 3667 656 3773 690; x_wconf 86' lang='grc' dir='ltr'>πα-</span> 
     </span>
    </p>
   </div>
   <div class='ocr_carea' id='block_1_22' title="bbox 2118 721 3789 804">
    <p class='ocr_par' dir='ltr' id='par_1_22' title="bbox 2118 721 3789 804">
     <span class='ocr_line' id='line_1_22' title="bbox 2118 721 3789 804; baseline 0.001 -26"><span class='ocrx_word' id='word_1_140' title='bbox 2118 723 2246 797; x_wconf 80' lang='grc' dir='ltr'>τέρα</span> <span class='ocrx_word' id='word_1_141' title='bbox 2278 723 2509 797; x_wconf 76' lang='grc' dir='ltr'>ὀφθῆναι</span> <span class='ocrx_word' id='word_1_142' title='bbox 2538 746 2552 796; x_wconf 85' lang='lat'><strong>;</strong></span> <span class='ocrx_word' id='word_1_143' title='bbox 2586 723 2676 779; x_wconf 82' lang='grc' dir='ltr'>καὶ</span> <span class='ocrx_word' id='word_1_144' title='bbox 2734 721 2971 799; x_wconf 85' lang='grc' dir='ltr'>βλαστὸν</span> <span class='ocrx_word' id='word_1_145' title='bbox 3029 723 3249 789; x_wconf 83' lang='grc' dir='ltr'>κοιλίας</span> <span class='ocrx_word' id='word_1_146' title='bbox 3292 725 3539 804; x_wconf 75' lang='grc' dir='ltr'>ἐκφῦναι,</span> <span class='ocrx_word' id='word_1_147' title='bbox 3570 725 3660 781; x_wconf 76' lang='grc' dir='ltr'>καὶ</span> <span class='ocrx_word' id='word_1_148' title='bbox 3688 729 3789 781; x_wconf 89' lang='grc' dir='ltr'>τοῦ</span> 
     </span>
    </p>
   </div>
   <div class='ocr_carea' id='block_1_23' title="bbox 2121 810 3779 890">
    <p class='ocr_par' dir='ltr' id='par_1_23' title="bbox 2121 810 3779 890">
     <span class='ocr_line' id='line_1_23' title="bbox 2121 810 3779 890; baseline 0.002 -22"><span class='ocrx_word' id='word_1_149' title='bbox 2121 810 2495 884; x_wconf 76' lang='grc' dir='ltr'>πληθυνθῆναι</span> <span class='ocrx_word' id='word_1_150' title='bbox 2553 814 2615 870; x_wconf 87' lang='grc' dir='ltr'>τὸ</span> <span class='ocrx_word' id='word_1_151' title='bbox 2674 814 2890 890; x_wconf 76' lang='grc' dir='ltr'>σπέρμα</span> <span class='ocrx_word' id='word_1_152' title='bbox 2945 816 3114 871; x_wconf 80' lang='grc' dir='ltr'>αὐτοῦ</span> <span class='ocrx_word' id='word_1_153' title='bbox 3168 815 3243 880; x_wconf 81' lang='grc' dir='ltr'>ὡς</span> <span class='ocrx_word' id='word_1_154' title='bbox 3299 816 3398 885; x_wconf 72' lang='grc' dir='ltr'>τὴν</span> <span class='ocrx_word' id='word_1_155' title='bbox 3457 814 3644 890; x_wconf 78' lang='grc' dir='ltr'>ἄμμον</span> <span class='ocrx_word' id='word_1_156' title='bbox 3676 822 3779 885; x_wconf 83' lang='grc' dir='ltr'>τῆς</span> 
     </span>
    </p>
   </div>
   <div class='ocr_carea' id='block_1_24' title="bbox 2121 898 3780 983">
    <p class='ocr_par' dir='ltr' id='par_1_24' title="bbox 2121 898 3780 983">
     <span class='ocr_line' id='line_1_24' title="bbox 2121 898 3780 983; baseline 0.002 -27"><span class='ocrx_word' id='word_1_157' title='bbox 2121 900 2420 973; x_wconf 77' lang='grc' dir='ltr'>θαλάσσης,</span> <span class='ocrx_word' id='word_1_158' title='bbox 2478 903 2570 958; x_wconf 84' lang='grc' dir='ltr'>καὶ</span> <span class='ocrx_word' id='word_1_159' title='bbox 2627 908 2726 959; x_wconf 84' lang='grc' dir='ltr'>τοῦ</span> <span class='ocrx_word' id='word_1_160' title='bbox 2799 901 3226 983; x_wconf 78' lang='grc' dir='ltr'>ἐνευλογηθῆναι</span> <span class='ocrx_word' id='word_1_161' title='bbox 3284 904 3350 960; x_wconf 84' lang='grc' dir='ltr'>τὰ</span> <span class='ocrx_word' id='word_1_162' title='bbox 3402 898 3523 975; x_wconf 79' lang='grc' dir='ltr'>ἔθνη</span> <span class='ocrx_word' id='word_1_163' title='bbox 3585 902 3638 960; x_wconf 91' lang='grc' dir='ltr'>ἐν</span> <span class='ocrx_word' id='word_1_164' title='bbox 3697 908 3780 977; x_wconf 79' lang='grc' dir='ltr'>τῷ</span> 
     </span>
    </p>
   </div>
   <div class='ocr_carea' id='block_1_25' title="bbox 2124 993 3783 1071">
    <p class='ocr_par' dir='ltr' id='par_1_25' title="bbox 2124 993 3783 1071">
     <span class='ocr_line' id='line_1_25' title="bbox 2124 993 3783 1071; baseline 0 -24"><span class='ocrx_word' id='word_1_165' title='bbox 2124 994 2395 1068; x_wconf 79' lang='grc' dir='ltr'>σπέρματι</span> <span class='ocrx_word' id='word_1_166' title='bbox 2450 993 2635 1063; x_wconf 81' lang='grc' dir='ltr'>αὐτοῦ,</span> <span class='ocrx_word' id='word_1_167' title='bbox 2690 995 2778 1051; x_wconf 76' lang='grc' dir='ltr'>καὶ</span> <span class='ocrx_word' id='word_1_168' title='bbox 2837 997 2936 1051; x_wconf 89' lang='grc' dir='ltr'>τοῦ</span> <span class='ocrx_word' id='word_1_169' title='bbox 2989 996 3222 1071; x_wconf 85' lang='grc' dir='ltr'>Χριστὸν</span> <span class='ocrx_word' id='word_1_170' title='bbox 3270 994 3470 1059; x_wconf 83' lang='grc' dir='ltr'>ἐκεῖθεν</span> <span class='ocrx_word' id='word_1_171' title='bbox 3522 994 3613 1051; x_wconf 90' lang='grc' dir='ltr'>τὸν</span> <span class='ocrx_word' id='word_1_172' title='bbox 3661 1014 3783 1048; x_wconf 83' lang='grc' dir='ltr'>κοι-</span> 
     </span>
    </p>
   </div>
   <div class='ocr_carea' id='block_1_26' title="bbox 2120 1083 3788 1163">
    <p class='ocr_par' dir='ltr' id='par_1_26' title="bbox 2120 1083 3788 1163">
     <span class='ocr_line' id='line_1_26' title="bbox 2120 1083 3788 1163; baseline 0.002 -26"><span class='ocrx_word' id='word_1_173' title='bbox 2120 1084 2208 1138; x_wconf 85' lang='grc' dir='ltr'>νὸν</span> <span class='ocrx_word' id='word_1_174' title='bbox 2242 1090 2475 1160; x_wconf 79' lang='grc' dir='ltr'>Σωτῆρα</span> <span class='ocrx_word' id='word_1_175' title='bbox 2529 1084 2857 1160; x_wconf 81' lang='grc' dir='ltr'>προελθεῖν;</span> <span class='ocrx_word' id='word_1_176' title='bbox 2914 1087 3098 1163; x_wconf 82' lang='grc' dir='ltr'>Ὁρᾷς,</span> <span class='ocrx_word' id='word_1_177' title='bbox 3157 1085 3240 1143; x_wconf 84' lang='grc' dir='ltr'>ὅτι</span> <span class='ocrx_word' id='word_1_178' title='bbox 3301 1083 3456 1142; x_wconf 70' lang='grc' dir='ltr'>οὐδὲν</span> <span class='ocrx_word' id='word_1_179' title='bbox 3484 1085 3634 1147; x_wconf 79' lang='grc' dir='ltr'>ὅλως</span> <span class='ocrx_word' id='word_1_180' title='bbox 3666 1083 3788 1161; x_wconf 85' lang='grc' dir='ltr'>ἔχει</span> 
     </span>
    </p>
   </div>
   <div class='ocr_carea' id='block_1_27' title="bbox 2124 1171 3789 1253">
    <p class='ocr_par' dir='ltr' id='par_1_27' title="bbox 2124 1171 3789 1253">
     <span class='ocr_line' id='line_1_27' title="bbox 2124 1171 3789 1253; baseline 0 -23"><span class='ocrx_word' id='word_1_181' title='bbox 2124 1171 2238 1230; x_wconf 77' lang='grc' dir='ltr'>οὐδ’</span> <span class='ocrx_word' id='word_1_182' title='bbox 2273 1173 2432 1252; x_wconf 84' lang='grc' dir='ltr'>ἷ¹χνος</span> <span class='ocrx_word' id='word_1_183' title='bbox 2465 1171 2664 1253; x_wconf 81' lang='grc' dir='ltr'>ἔργων,</span> <span class='ocrx_word' id='word_1_184' title='bbox 2697 1178 2835 1252; x_wconf 89' lang='grc' dir='ltr'>πρὸς</span> <span class='ocrx_word' id='word_1_185' title='bbox 2891 1179 2986 1241; x_wconf 85' lang='grc' dir='ltr'>τὰς</span> <span class='ocrx_word' id='word_1_186' title='bbox 3042 1176 3383 1248; x_wconf 75' lang='grc' dir='ltr'>τηλικαύτας</span> <span class='ocrx_word' id='word_1_187' title='bbox 3417 1176 3477 1232; x_wconf 85' lang='grc' dir='ltr'>ἐκ</span> <span class='ocrx_word' id='word_1_188' title='bbox 3507 1180 3641 1232; x_wconf 89' lang='grc' dir='ltr'>Θεοῦ</span> <span class='ocrx_word' id='word_1_189' title='bbox 3673 1173 3789 1231; x_wconf 84' lang='grc' dir='ltr'>δω-</span> 
     </span>
    </p>
   </div>
   <div class='ocr_carea' id='block_1_28' title="bbox 2123 1263 3784 1341">
    <p class='ocr_par' dir='ltr' id='par_1_28' title="bbox 2123 1263 3784 1341">
     <span class='ocr_line' id='line_1_28' title="bbox 2123 1263 3784 1341; baseline 0.002 -21"><span class='ocrx_word' id='word_1_190' title='bbox 2123 1266 2247 1341; x_wconf 79' lang='grc' dir='ltr'>ρεάς</span> <span class='ocrx_word' id='word_1_191' title='bbox 2274 1285 2288 1334; x_wconf 89' lang='lat'><strong>;</strong></span> <span class='ocrx_word' id='word_1_192' title='bbox 2321 1264 2480 1321; x_wconf 78' lang='grc' dir='ltr'>πόθεν</span> <span class='ocrx_word' id='word_1_193' title='bbox 2515 1263 2607 1320; x_wconf 74' lang='grc' dir='ltr'>οῦν</span> <span class='ocrx_word' id='word_1_194' title='bbox 2639 1267 2850 1339; x_wconf 79' lang='grc' dir='ltr'>ἠξιώθη</span> <span class='ocrx_word' id='word_1_195' title='bbox 2883 1267 3091 1323; x_wconf 89' lang='grc' dir='ltr'>τούτων</span> <span class='ocrx_word' id='word_1_196' title='bbox 3119 1287 3133 1338; x_wconf 90' lang='grc'>;</span> <span class='ocrx_word' id='word_1_197' title='bbox 3187 1270 3285 1324; x_wconf 87' lang='grc' dir='ltr'>Ἐκ</span> <span class='ocrx_word' id='word_1_198' title='bbox 3319 1268 3492 1341; x_wconf 86' lang='grc' dir='ltr'>μόνης</span> <span class='ocrx_word' id='word_1_199' title='bbox 3523 1267 3784 1326; x_wconf 86' lang='grc' dir='ltr'>πίστεως.</span> 
     </span>
    </p>
   </div>
   <div class='ocr_carea' id='block_1_29' title="bbox 2125 1351 3788 1437">
    <p class='ocr_par' dir='ltr' id='par_1_29' title="bbox 2125 1351 3788 1437">
     <span class='ocr_line' id='line_1_29' title="bbox 2125 1351 3788 1437; baseline 0.001 -29"><span class='ocrx_word' id='word_1_200' title='bbox 2125 1354 2506 1411; x_wconf 84' lang='grc' dir='ltr'>«Ἐπίστευσε</span> <span class='ocrx_word' id='word_1_201' title='bbox 2561 1356 2688 1432; x_wconf 86' lang='grc' dir='ltr'>γὰρ,</span> <span class='ocrx_word' id='word_1_202' title='bbox 2748 1356 2913 1436; x_wconf 69' lang='grc' dir='ltr'>φησὶν</span> <span class='ocrx_word' id='word_1_203' title='bbox 2977 1359 3013 1427; x_wconf 79' lang='grc' dir='ltr'>ἡ</span> <span class='ocrx_word' id='word_1_204' title='bbox 3102 1363 3312 1437; x_wconf 74' lang='grc' dir='ltr'>Γραφή,</span> <span class='ocrx_word' id='word_1_205' title='bbox 3401 1351 3657 1433; x_wconf 81' lang='grc' dir='ltr'>Ἀϐραὰμ</span> <span class='ocrx_word' id='word_1_206' title='bbox 3705 1359 3788 1428; x_wconf 82' lang='grc' dir='ltr'>τῷ</span> 
     </span>
    </p>
   </div>
   <div class='ocr_carea' id='block_1_30' title="bbox 2125 1442 3781 1521">
    <p class='ocr_par' dir='ltr' id='par_1_30' title="bbox 2125 1442 3781 1521">
     <span class='ocr_line' id='line_1_30' title="bbox 2125 1442 3781 1521; baseline 0.001 -23"><span class='ocrx_word' id='word_1_207' title='bbox 2125 1448 2264 1517; x_wconf 80' lang='grc' dir='ltr'>Θεῷ,</span> <span class='ocrx_word' id='word_1_208' title='bbox 2323 1443 2415 1499; x_wconf 77' lang='grc' dir='ltr'>καὶ</span> <span class='ocrx_word' id='word_1_209' title='bbox 2469 1442 2732 1521; x_wconf 73' lang='grc' dir='ltr'>ἐλογίσθη</span> <span class='ocrx_word' id='word_1_210' title='bbox 2793 1446 2942 1518; x_wconf 81' lang='grc' dir='ltr'>αὐτῷ</span> <span class='ocrx_word' id='word_1_211' title='bbox 2986 1444 3064 1508; x_wconf 83' lang='grc' dir='ltr'>εἷς</span> <span class='ocrx_word' id='word_1_212' title='bbox 3114 1443 3477 1516; x_wconf 85' lang='grc' dir='ltr'>δικαιοσύνην.</span> <span class='ocrx_word' id='word_1_213' title='bbox 3534 1468 3561 1496; x_wconf 90' lang='grc'><strong>››</strong></span> <span class='ocrx_word' id='word_1_214' title='bbox 3620 1445 3781 1503; x_wconf 81' lang='grc' dir='ltr'>Ἐπί-</span> 
     </span>
    </p>
   </div>
   <div class='ocr_carea' id='block_1_31' title="bbox 2125 1531 3778 1610">
    <p class='ocr_par' dir='ltr' id='par_1_31' title="bbox 2125 1531 3778 1610">
     <span class='ocr_line' id='line_1_31' title="bbox 2125 1531 3778 1610; baseline 0.001 -22"><span class='ocrx_word' id='word_1_215' title='bbox 2125 1554 2333 1593; x_wconf 88' lang='grc' dir='ltr'>στευσε.</span> <span class='ocrx_word' id='word_1_216' title='bbox 2383 1532 2473 1589; x_wconf 81' lang='grc' dir='ltr'>καὶ</span> <span class='ocrx_word' id='word_1_217' title='bbox 2528 1531 2824 1606; x_wconf 83' lang='grc' dir='ltr'>ἐδικαιώθη</span> <span class='ocrx_word' id='word_1_218' title='bbox 2900 1535 3046 1610; x_wconf 86' lang='grc' dir='ltr'>παρὰ</span> <span class='ocrx_word' id='word_1_219' title='bbox 3116 1538 3272 1603; x_wconf 89' lang='grc' dir='ltr'>Θεοῦ,</span> <span class='ocrx_word' id='word_1_220' title='bbox 3340 1536 3618 1591; x_wconf 75' lang='grc' dir='ltr'>τοσούτων</span> <span class='ocrx_word' id='word_1_221' title='bbox 3683 1534 3778 1590; x_wconf 81' lang='grc' dir='ltr'>καὶ</span> 
     </span>
    </p>
   </div>
   <div class='ocr_carea' id='block_1_32' title="bbox 2122 1613 3784 1694">
    <p class='ocr_par' dir='ltr' id='par_1_32' title="bbox 2122 1613 3784 1694">
     <span class='ocr_line' id='line_1_32' title="bbox 2122 1613 3784 1694; baseline 0 -24"><span class='ocrx_word' id='word_1_222' title='bbox 2122 1613 2471 1686; x_wconf 73' lang='grc' dir='ltr'>τηλικούτων</span> <span class='ocrx_word' id='word_1_223' title='bbox 2529 1620 2741 1694; x_wconf 84' lang='grc' dir='ltr'>τυχεῖν.</span> <span class='ocrx_word' id='word_1_224' title='bbox 2802 1617 2868 1672; x_wconf 84' lang='grc' dir='ltr'><strong><em>Ὠ</em></strong></span> <span class='ocrx_word' id='word_1_225' title='bbox 2924 1617 3182 1684; x_wconf 88' lang='grc' dir='ltr'>πίστεως,</span> <span class='ocrx_word' id='word_1_226' title='bbox 3238 1622 3414 1672; x_wconf 74' lang='grc' dir='ltr'>πᾶσαν</span> <span class='ocrx_word' id='word_1_227' title='bbox 3465 1616 3655 1691; x_wconf 78' lang='grc' dir='ltr'>πρᾶξιν</span> <span class='ocrx_word' id='word_1_228' title='bbox 3682 1616 3784 1685; x_wconf 77' lang='grc' dir='ltr'>τήν</span> 
     </span>
    </p>
   </div>
   <div class='ocr_carea' id='block_1_33' title="bbox 2125 1702 3792 1781">
    <p class='ocr_par' dir='ltr' id='par_1_33' title="bbox 2125 1702 3792 1781">
     <span class='ocr_line' id='line_1_33' title="bbox 2125 1702 3792 1781; baseline 0.001 -21"><span class='ocrx_word' id='word_1_229' title='bbox 2125 1704 2178 1760; x_wconf 73' lang='grc' dir='ltr'>ἐν</span> <span class='ocrx_word' id='word_1_230' title='bbox 2236 1704 2389 1780; x_wconf 85' lang='grc' dir='ltr'>νόμῳ</span> <span class='ocrx_word' id='word_1_231' title='bbox 2474 1702 2722 1779; x_wconf 66' lang='grc' dir='ltr'>δευτέραν</span> <span class='ocrx_word' id='word_1_232' title='bbox 2797 1708 3116 1777; x_wconf 79' lang='grc' dir='ltr'>ποιούσηςί</span> <span class='ocrx_word' id='word_1_233' title='bbox 3206 1707 3452 1778; x_wconf 82' lang='grc' dir='ltr'>Ἐκείνην</span> <span class='ocrx_word' id='word_1_234' title='bbox 3532 1704 3792 1781; x_wconf 81' lang='grc' dir='ltr'>πράττων</span> 
     </span>
    </p>
   </div>
   <div class='ocr_carea' id='block_1_34' title="bbox 359 1790 2012 1878">
    <p class='ocr_par' dir='ltr' id='par_1_34' title="bbox 359 1798 2012 1875">
     <span class='ocr_line' id='line_1_34' title="bbox 359 1798 2012 1875; baseline -0.002 -19"><span class='ocrx_word' id='word_1_235' title='bbox 359 1801 526 1856; x_wconf 90' lang='lat' dir='ltr'>Unde</span> <span class='ocrx_word' id='word_1_236' title='bbox 559 1818 694 1875; x_wconf 88' lang='lat' dir='ltr'>ergo</span> <span class='ocrx_word' id='word_1_237' title='bbox 726 1801 818 1857; x_wconf 87' lang='lat' dir='ltr'>his</span> <span class='ocrx_word' id='word_1_238' title='bbox 844 1801 1059 1874; x_wconf 87' lang='lat' dir='ltr'>dignus</span> <span class='ocrx_word' id='word_1_239' title='bbox 1116 1800 1353 1856; x_wconf 90' lang='lat' dir='ltr'>habitus</span> <span class='ocrx_word' id='word_1_240' title='bbox 1415 1800 1552 1855; x_wconf 84' lang='lat' dir='ltr'>est?</span> <span class='ocrx_word' id='word_1_241' title='bbox 1609 1801 1691 1856; x_wconf 83' lang='lat' dir='ltr'>Ex</span> <span class='ocrx_word' id='word_1_242' title='bbox 1721 1798 1849 1856; x_wconf 86' lang='lat' dir='ltr'>sola</span> <span class='ocrx_word' id='word_1_243' title='bbox 1878 1798 2012 1854; x_wconf 81' lang='lat' dir='ltr'>ﬁde.</span> 
     </span>
    </p>
   </div>
   <div class='ocr_carea' id='block_1_35' title="bbox 2125 1790 3793 1878">
    <p class='ocr_par' dir='ltr' id='par_1_35' title="bbox 2126 1790 3793 1873">
     <span class='ocr_line' id='line_1_35' title="bbox 2126 1790 3793 1873; baseline -0.001 -23"><span class='ocrx_word' id='word_1_244' title='bbox 2126 1790 2406 1870; x_wconf 86' lang='grc' dir='ltr'>Ἀϐραὰμ,</span> <span class='ocrx_word' id='word_1_245' title='bbox 2438 1794 2559 1871; x_wconf 80' lang='grc' dir='ltr'>εῖχέ</span> <span class='ocrx_word' id='word_1_246' title='bbox 2613 1817 2664 1851; x_wconf 88' lang='grc' dir='ltr'>τι</span> <span class='ocrx_word' id='word_1_247' title='bbox 2729 1797 2922 1873; x_wconf 88' lang='grc' dir='ltr'>μικρὸν</span> <span class='ocrx_word' id='word_1_248' title='bbox 2969 1796 3263 1873; x_wconf 85' lang='grc' dir='ltr'>καύχημα,</span> <span class='ocrx_word' id='word_1_249' title='bbox 3312 1794 3460 1851; x_wconf 82' lang='grc' dir='ltr'>ἀλλὰ</span> <span class='ocrx_word' id='word_1_250' title='bbox 3491 1794 3631 1870; x_wconf 75' lang='grc' dir='ltr'>πρὸς</span> <span class='ocrx_word' id='word_1_251' title='bbox 3661 1795 3793 1856; x_wconf 85' lang='grc' dir='ltr'>τοὺς</span> 
     </span>
    </p>
   </div>
   <div class='ocr_carea' id='block_1_36' title="bbox 357 1890 2019 1961">
    <p class='ocr_par' dir='ltr' id='par_1_36' title="bbox 357 1890 2019 1961">
     <span class='ocr_line' id='line_1_36' title="bbox 357 1890 2019 1961; baseline 0.001 -20"><span class='ocrx_word' id='word_1_252' title='bbox 357 1912 385 1941; x_wconf 87' lang='grc'>‹‹</span> <span class='ocrx_word' id='word_1_253' title='bbox 419 1890 682 1946; x_wconf 85' lang='lat' dir='ltr'>Credidit</span> <span class='ocrx_word' id='word_1_254' title='bbox 713 1891 872 1946; x_wconf 88' lang='lat' dir='ltr'>enim</span> <span class='ocrx_word' id='word_1_255' title='bbox 923 1890 1220 1946; x_wconf 84' lang='lat' dir='ltr'>Abraham</span> <span class='ocrx_word' id='word_1_256' title='bbox 1281 1892 1421 1959; x_wconf 90' lang='lat' dir='ltr'>Deo,</span> <span class='ocrx_word' id='word_1_257' title='bbox 1472 1890 1555 1945; x_wconf 89' lang='lat' dir='ltr'>ait</span> <span class='ocrx_word' id='word_1_258' title='bbox 1604 1890 1927 1961; x_wconf 83' lang='lat' dir='ltr'>Scriptura,</span> <span class='ocrx_word' id='word_1_259' title='bbox 1960 1894 2019 1944; x_wconf 91' lang='lat' dir='ltr'>et</span> 
     </span>
    </p>
   </div>
   <div class='ocr_carea' id='block_1_37' title="bbox 354 1978 2016 2053">
    <p class='ocr_par' dir='ltr' id='par_1_37' title="bbox 354 1978 2016 2053">
     <span class='ocr_line' id='line_1_37' title="bbox 354 1978 2016 2053; baseline 0 -19"><span class='ocrx_word' id='word_1_260' title='bbox 354 1980 713 2052; x_wconf 87' lang='lat' dir='ltr'>imputatum</span> <span class='ocrx_word' id='word_1_261' title='bbox 746 1986 835 2037; x_wconf 90' lang='lat' dir='ltr'>est</span> <span class='ocrx_word' id='word_1_262' title='bbox 866 1981 918 2036; x_wconf 93' lang='lat' dir='ltr'>ei</span> <span class='ocrx_word' id='word_1_263' title='bbox 947 1981 1021 2036; x_wconf 91' lang='lat' dir='ltr'>ad</span> <span class='ocrx_word' id='word_1_264' title='bbox 1044 1980 1362 2053; x_wconf 85' lang='lat' dir='ltr'>justitiam.</span> <span class='ocrx_word' id='word_1_265' title='bbox 1390 2002 1417 2030; x_wconf 83' lang='lat'>»</span> <span class='ocrx_word' id='word_1_266' title='bbox 1452 1979 1738 2047; x_wconf 86' lang='lat' dir='ltr'>Credidit,</span> <span class='ocrx_word' id='word_1_267' title='bbox 1761 1984 1819 2034; x_wconf 88' lang='lat' dir='ltr'>et</span> <span class='ocrx_word' id='word_1_268' title='bbox 1839 1996 1874 2034; x_wconf 92' lang='lat' dir='ltr'>a</span> <span class='ocrx_word' id='word_1_269' title='bbox 1897 1978 2016 2034; x_wconf 90' lang='lat' dir='ltr'>Deo</span> 
     </span>
    </p>
   </div>
   <div class='ocr_carea' id='block_1_38' title="bbox 343 2067 2016 2140">
    <p class='ocr_par' dir='ltr' id='par_1_38' title="bbox 343 2067 2016 2140">
     <span class='ocr_line' id='line_1_38' title="bbox 343 2067 2016 2140; baseline 0 -17"><span class='ocrx_word' id='word_1_270' title='bbox 343 2067 712 2140; x_wconf 86' lang='lat' dir='ltr'>justificatus</span> <span class='ocrx_word' id='word_1_271' title='bbox 744 2075 852 2139; x_wconf 88' lang='lat' dir='ltr'>est,</span> <span class='ocrx_word' id='word_1_272' title='bbox 878 2075 946 2125; x_wconf 88' lang='lat' dir='ltr'>ut</span> <span class='ocrx_word' id='word_1_273' title='bbox 984 2074 1148 2125; x_wconf 89' lang='lat' dir='ltr'>tanta</span> <span class='ocrx_word' id='word_1_274' title='bbox 1178 2086 1245 2125; x_wconf 92' lang='lat' dir='ltr'>ac</span> <span class='ocrx_word' id='word_1_275' title='bbox 1277 2069 1420 2124; x_wconf 90' lang='lat' dir='ltr'>talia</span> <span class='ocrx_word' id='word_1_276' title='bbox 1451 2075 1937 2140; x_wconf 87' lang='lat' dir='ltr'>consequeretur.</span> <span class='ocrx_word' id='word_1_277' title='bbox 1973 2069 2016 2123; x_wconf 92' lang='grc' dir='ltr'><strong>Ο</strong></span> 
     </span>
    </p>
   </div>
   <div class='ocr_carea' id='block_1_39' title="bbox 350 2155 2014 2228">
    <p class='ocr_par' dir='ltr' id='par_1_39' title="bbox 350 2155 2014 2228">
     <span class='ocr_line' id='line_1_39' title="bbox 350 2155 2014 2228; baseline -0.001 -18"><span class='ocrx_word' id='word_1_278' title='bbox 350 2155 552 2224; x_wconf 84' lang='lat' dir='ltr'>ﬁdem,</span> <span class='ocrx_word' id='word_1_279' title='bbox 587 2173 719 2228; x_wconf 65' lang='lat' dir='ltr'>quae</span> <span class='ocrx_word' id='word_1_280' title='bbox 750 2172 928 2212; x_wconf 91' lang='lat' dir='ltr'>omne</span> <span class='ocrx_word' id='word_1_281' title='bbox 960 2156 1107 2225; x_wconf 82' lang='lat' dir='ltr'>legis</span> <span class='ocrx_word' id='word_1_282' title='bbox 1134 2173 1282 2228; x_wconf 91' lang='lat' dir='ltr'>opus</span> <span class='ocrx_word' id='word_1_283' title='bbox 1312 2161 1449 2228; x_wconf 90' lang='lat' dir='ltr'>post</span> <span class='ocrx_word' id='word_1_284' title='bbox 1478 2174 1539 2212; x_wconf 90' lang='lat' dir='ltr'>se</span> <span class='ocrx_word' id='word_1_285' title='bbox 1574 2156 1882 2227; x_wconf 88' lang='lat' dir='ltr'>relinquit,</span> <span class='ocrx_word' id='word_1_286' title='bbox 1917 2172 2014 2210; x_wconf 84' lang='lat' dir='ltr'>eo-</span> 
     </span>
    </p>
   </div>
   <div class='ocr_carea' id='block_1_40' title="bbox 349 2244 2013 2318">
    <p class='ocr_par' dir='ltr' id='par_1_40' title="bbox 349 2244 2013 2318">
     <span class='ocr_line' id='line_1_40' title="bbox 349 2244 2013 2318; baseline 0.001 -19"><span class='ocrx_word' id='word_1_287' title='bbox 349 2262 463 2317; x_wconf 88' lang='lat' dir='ltr'>que</span> <span class='ocrx_word' id='word_1_288' title='bbox 495 2246 659 2317; x_wconf 91' lang='lat' dir='ltr'>prior</span> <span class='ocrx_word' id='word_1_289' title='bbox 715 2246 838 2301; x_wconf 87' lang='lat' dir='ltr'>est!</span> <span class='ocrx_word' id='word_1_290' title='bbox 903 2247 1049 2301; x_wconf 90' lang='lat' dir='ltr'>Cum</span> <span class='ocrx_word' id='word_1_291' title='bbox 1107 2244 1258 2300; x_wconf 90' lang='lat' dir='ltr'>illud</span> <span class='ocrx_word' id='word_1_292' title='bbox 1318 2252 1665 2318; x_wconf 66' lang='lat' dir='ltr'>operaretur</span> <span class='ocrx_word' id='word_1_293' title='bbox 1695 2246 2013 2314; x_wconf 84' lang='lat' dir='ltr'>Abraham,</span> 
     </span>
    </p>
   </div>
   <div class='ocr_carea' id='block_1_41' title="bbox 349 2334 2013 2407">
    <p class='ocr_par' dir='ltr' id='par_1_41' title="bbox 349 2334 2013 2407">
     <span class='ocr_line' id='line_1_41' title="bbox 349 2334 2013 2407; baseline -0.001 -17"><span class='ocrx_word' id='word_1_294' title='bbox 349 2334 596 2405; x_wconf 91' lang='lat' dir='ltr'>paulum</span> <span class='ocrx_word' id='word_1_295' title='bbox 629 2334 913 2405; x_wconf 88' lang='lat' dir='ltr'>quiddam</span> <span class='ocrx_word' id='word_1_296' title='bbox 946 2334 1164 2390; x_wconf 89' lang='lat' dir='ltr'>habere</span> <span class='ocrx_word' id='word_1_297' title='bbox 1194 2334 2013 2407; x_wconf 89' lang='lat' dir='ltr'>potuitgloriationis,verum</span> 
     </span>
    </p>
   </div>
   <div class='ocr_carea' id='block_1_42' title="bbox 350 2421 2015 2496">
    <p class='ocr_par' dir='ltr' id='par_1_42' title="bbox 350 2421 2015 2496">
     <span class='ocr_line' id='line_1_42' title="bbox 350 2421 2015 2496; baseline 0.001 -20"><span class='ocrx_word' id='word_1_298' title='bbox 350 2421 412 2476; x_wconf 92' lang='lat' dir='ltr'>id</span> <span class='ocrx_word' id='word_1_299' title='bbox 445 2422 603 2493; x_wconf 89' lang='lat' dir='ltr'>apud</span> <span class='ocrx_word' id='word_1_300' title='bbox 634 2438 735 2477; x_wconf 89' lang='lat' dir='ltr'>eos</span> <span class='ocrx_word' id='word_1_301' title='bbox 768 2423 869 2493; x_wconf 93' lang='lat' dir='ltr'>qui</span> <span class='ocrx_word' id='word_1_302' title='bbox 900 2439 1020 2477; x_wconf 85' lang='lat' dir='ltr'>una</span> <span class='ocrx_word' id='word_1_303' title='bbox 1061 2438 1196 2477; x_wconf 90' lang='lat' dir='ltr'>cum</span> <span class='ocrx_word' id='word_1_304' title='bbox 1228 2440 1297 2478; x_wconf 90' lang='lat' dir='ltr'>eo</span> <span class='ocrx_word' id='word_1_305' title='bbox 1339 2422 1448 2478; x_wconf 88' lang='lat' dir='ltr'>sub</span> <span class='ocrx_word' id='word_1_306' title='bbox 1481 2422 1609 2496; x_wconf 86' lang='lat' dir='ltr'>lege</span> <span class='ocrx_word' id='word_1_307' title='bbox 1641 2430 1831 2479; x_wconf 90' lang='lat' dir='ltr'>erant.</span> <span class='ocrx_word' id='word_1_308' title='bbox 1866 2424 2015 2479; x_wconf 91' lang='lat' dir='ltr'>Pro-</span> 
     </span>
    </p>
   </div>
   <div class='ocr_carea' id='block_1_43' title="bbox 351 2509 2009 2584">
    <p class='ocr_par' dir='ltr' id='par_1_43' title="bbox 351 2509 2009 2584">
     <span class='ocr_line' id='line_1_43' title="bbox 351 2509 2009 2584; baseline 0.002 -20"><span class='ocrx_word' id='word_1_309' title='bbox 351 2509 529 2566; x_wconf 88' lang='lat' dir='ltr'>ducta</span> <span class='ocrx_word' id='word_1_310' title='bbox 559 2527 696 2566; x_wconf 81' lang='lat' dir='ltr'>vero</span> <span class='ocrx_word' id='word_1_311' title='bbox 731 2511 867 2579; x_wconf 79' lang='lat' dir='ltr'>ﬁde,</span> <span class='ocrx_word' id='word_1_312' title='bbox 902 2518 1147 2583; x_wconf 88' lang='lat' dir='ltr'>repente</span> <span class='ocrx_word' id='word_1_313' title='bbox 1176 2517 1346 2584; x_wconf 89' lang='lat' dir='ltr'>pater</span> <span class='ocrx_word' id='word_1_314' title='bbox 1376 2513 1647 2567; x_wconf 90' lang='lat' dir='ltr'>omnium</span> <span class='ocrx_word' id='word_1_315' title='bbox 1677 2512 1868 2568; x_wconf 86' lang='lat' dir='ltr'>factus</span> <span class='ocrx_word' id='word_1_316' title='bbox 1900 2519 2009 2579; x_wconf 88' lang='lat' dir='ltr'>est,</span> 
     </span>
    </p>
   </div>
   <div class='ocr_carea' id='block_1_44' title="bbox 336 2598 2006 2671">
    <p class='ocr_par' dir='ltr' id='par_1_44' title="bbox 336 2598 2006 2671">
     <span class='ocr_line' id='line_1_44' title="bbox 336 2598 2006 2671; baseline 0.001 -18"><span class='ocrx_word' id='word_1_317' title='bbox 336 2598 657 2671; x_wconf 89' lang='lat' dir='ltr'>justusque</span> <span class='ocrx_word' id='word_1_318' title='bbox 680 2599 1046 2671; x_wconf 89' lang='lat' dir='ltr'>habitus,qui</span> <span class='ocrx_word' id='word_1_319' title='bbox 1061 2601 1473 2656; x_wconf 86' lang='lat' dir='ltr'>omnibusillis</span> <span class='ocrx_word' id='word_1_320' title='bbox 1491 2600 1665 2657; x_wconf 90' lang='lat' dir='ltr'>bonis</span> <span class='ocrx_word' id='word_1_321' title='bbox 1686 2601 2006 2658; x_wconf 89' lang='lat' dir='ltr'>frueretur.</span> 
     </span>
    </p>
   </div>
   <div class='ocr_carea' id='block_1_45' title="bbox 348 2688 2017 2763">
    <p class='ocr_par' dir='ltr' id='par_1_45' title="bbox 348 2688 2017 2763">
     <span class='ocr_line' id='line_1_45' title="bbox 348 2688 2017 2763; baseline 0.001 -19"><span class='ocrx_word' id='word_1_322' title='bbox 348 2688 525 2754; x_wconf 86' lang='lat' dir='ltr'>Quasi</span> <span class='ocrx_word' id='word_1_323' title='bbox 549 2695 748 2745; x_wconf 89' lang='lat' dir='ltr'>autem</span> <span class='ocrx_word' id='word_1_324' title='bbox 769 2689 829 2744; x_wconf 90' lang='lat' dir='ltr'>in</span> <span class='ocrx_word' id='word_1_325' title='bbox 844 2690 1001 2745; x_wconf 85' lang='lat' dir='ltr'>coro]</span> <span class='ocrx_word' id='word_1_326' title='bbox 1015 2690 1146 2745; x_wconf 90' lang='lat' dir='ltr'>larii</span> <span class='ocrx_word' id='word_1_327' title='bbox 1172 2690 1464 2761; x_wconf 89' lang='lat' dir='ltr'>particula</span> <span class='ocrx_word' id='word_1_328' title='bbox 1484 2696 1724 2763; x_wconf 88' lang='lat' dir='ltr'>sumpta</span> <span class='ocrx_word' id='word_1_329' title='bbox 1741 2696 1832 2746; x_wconf 84' lang='lat' dir='ltr'>est</span> <span class='ocrx_word' id='word_1_330' title='bbox 1846 2691 2017 2746; x_wconf 80' lang='lat' dir='ltr'>haesi-</span> 
     </span>
    </p>
   </div>
   <div class='ocr_carea' id='block_1_46' title="bbox 348 2776 2011 2850">
    <p class='ocr_par' dir='ltr' id='par_1_46' title="bbox 348 2776 2011 2850">
     <span class='ocr_line' id='line_1_46' title="bbox 348 2776 2011 2850; baseline 0.002 -18"><span class='ocrx_word' id='word_1_331' title='bbox 348 2776 494 2832; x_wconf 86' lang='lat' dir='ltr'>tatio</span> <span class='ocrx_word' id='word_1_332' title='bbox 517 2794 530 2831; x_wconf 91' lang='lat'><strong>:</strong></span> <span class='ocrx_word' id='word_1_333' title='bbox 556 2782 614 2834; x_wconf 91' lang='lat' dir='ltr'>et</span> <span class='ocrx_word' id='word_1_334' title='bbox 632 2778 848 2833; x_wconf 90' lang='lat' dir='ltr'>solutio</span> <span class='ocrx_word' id='word_1_335' title='bbox 866 2783 1031 2850; x_wconf 87' lang='lat' dir='ltr'>patet</span> <span class='ocrx_word' id='word_1_336' title='bbox 1051 2795 1121 2833; x_wconf 84' lang='lat' dir='ltr'>ex</span> <span class='ocrx_word' id='word_1_337' title='bbox 1143 2778 1237 2833; x_wconf 90' lang='lat' dir='ltr'>his</span> <span class='ocrx_word' id='word_1_338' title='bbox 1262 2796 1391 2850; x_wconf 66' lang='lat' dir='ltr'>qua:</span> <span class='ocrx_word' id='word_1_339' title='bbox 1416 2778 1571 2834; x_wconf 89' lang='lat' dir='ltr'>dicta</span> <span class='ocrx_word' id='word_1_340' title='bbox 1595 2780 2011 2846; x_wconf 80' lang='lat' dir='ltr'>sunt..Quomo—</span> 
     </span>
    </p>
   </div>
   <div class='ocr_carea' id='block_1_47' title="bbox 350 2864 2012 2939">
    <p class='ocr_par' dir='ltr' id='par_1_47' title="bbox 350 2864 2012 2939">
     <span class='ocr_line' id='line_1_47' title="bbox 350 2864 2012 2939; baseline 0.002 -19"><span class='ocrx_word' id='word_1_341' title='bbox 350 2864 424 2921; x_wconf 91' lang='lat' dir='ltr'>do</span> <span class='ocrx_word' id='word_1_342' title='bbox 439 2866 534 2921; x_wconf 90' lang='lat' dir='ltr'>hic</span> <span class='ocrx_word' id='word_1_343' title='bbox 548 2866 791 2939; x_wconf 89' lang='lat' dir='ltr'>quidem</span> <span class='ocrx_word' id='word_1_344' title='bbox 806 2884 877 2923; x_wconf 81' lang='lat' dir='ltr'>ex</span> <span class='ocrx_word' id='word_1_345' title='bbox 890 2867 1005 2923; x_wconf 85' lang='lat' dir='ltr'>fide</span> <span class='ocrx_word' id='word_1_346' title='bbox 1020 2868 1128 2939; x_wconf 90' lang='lat' dir='ltr'>aitj</span> <span class='ocrx_word' id='word_1_347' title='bbox 1140 2868 1503 2923; x_wconf 81' lang='lat' dir='ltr'>usliﬁcatum</span> <span class='ocrx_word' id='word_1_348' title='bbox 1520 2868 1700 2924; x_wconf 85' lang='lat' dir='ltr'>fuisse</span> <span class='ocrx_word' id='word_1_349' title='bbox 1715 2868 2012 2925; x_wconf 86' lang='lat' dir='ltr'>Abraham</span> 
     </span>
    </p>
   </div>
   <div class='ocr_carea' id='block_1_48' title="bbox 348 2953 2011 3029">
    <p class='ocr_par' dir='ltr' id='par_1_48' title="bbox 348 2953 2011 3029">
     <span class='ocr_line' id='line_1_48' title="bbox 348 2953 2011 3029; baseline 0.003 -20"><span class='ocrx_word' id='word_1_350' title='bbox 348 2953 518 3011; x_wconf 86' lang='lat' dir='ltr'>divus</span> <span class='ocrx_word' id='word_1_351' title='bbox 543 2961 743 3011; x_wconf 90' lang='lat' dir='ltr'>autem</span> <span class='ocrx_word' id='word_1_352' title='bbox 774 2955 1026 3012; x_wconf 83' lang='lat' dir='ltr'>Jacobus</span> <span class='ocrx_word' id='word_1_353' title='bbox 1086 2973 1156 3012; x_wconf 80' lang='lat' dir='ltr'>ex</span> <span class='ocrx_word' id='word_1_354' title='bbox 1210 2956 1512 3029; x_wconf 89' lang='lat' dir='ltr'>operibus,</span> <span class='ocrx_word' id='word_1_355' title='bbox 1544 2958 1788 3014; x_wconf 90' lang='lat' dir='ltr'>dicens:</span> <span class='ocrx_word' id='word_1_356' title='bbox 1817 2957 2011 3014; x_wconf 87' lang='lat' dir='ltr'>Abra-</span> 
     </span>
    </p>
   </div>
   <div class='ocr_carea' id='block_1_49' title="bbox 349 3043 2015 3119">
    <p class='ocr_par' dir='ltr' id='par_1_49' title="bbox 349 3043 2015 3119">
     <span class='ocr_line' id='line_1_49' title="bbox 349 3043 2015 3119; baseline 0 -17"><span class='ocrx_word' id='word_1_357' title='bbox 349 3043 488 3102; x_wconf 87' lang='lat' dir='ltr'>ham</span> <span class='ocrx_word' id='word_1_358' title='bbox 509 3050 678 3117; x_wconf 89' lang='lat' dir='ltr'>pater</span> <span class='ocrx_word' id='word_1_359' title='bbox 698 3051 904 3102; x_wconf 89' lang='lat' dir='ltr'>noster</span> <span class='ocrx_word' id='word_1_360' title='bbox 924 3063 1125 3103; x_wconf 89' lang='lat' dir='ltr'>nonne</span> <span class='ocrx_word' id='word_1_361' title='bbox 1144 3064 1211 3103; x_wconf 83' lang='lat' dir='ltr'>ex</span> <span class='ocrx_word' id='word_1_362' title='bbox 1237 3046 1516 3119; x_wconf 90' lang='lat' dir='ltr'>operibus</span> <span class='ocrx_word' id='word_1_363' title='bbox 1532 3047 1898 3118; x_wconf 82' lang='lat' dir='ltr'>justificatus</span> <span class='ocrx_word' id='word_1_364' title='bbox 1923 3053 2015 3103; x_wconf 87' lang='lat' dir='ltr'>est</span> 
     </span>
    </p>
   </div>
   <div class='ocr_carea' id='block_1_50' title="bbox 344 3133 2002 3194">
    <p class='ocr_par' dir='ltr' id='par_1_50' title="bbox 344 3133 2002 3194">
     <span class='ocr_line' id='line_1_50' title="bbox 344 3133 2002 3194; baseline 0.004 -6"><span class='ocrx_word' id='word_1_365' title='bbox 344 3133 543 3189; x_wconf 90' lang='lat' dir='ltr'>oblato</span> <span class='ocrx_word' id='word_1_366' title='bbox 603 3137 767 3192; x_wconf 86' lang='lat' dir='ltr'>Isaac</span> <span class='ocrx_word' id='word_1_367' title='bbox 822 3136 1000 3193; x_wconf 85' lang='lat' dir='ltr'>ﬁlio?</span> <span class='ocrx_word' id='word_1_368' title='bbox 1059 3143 1169 3192; x_wconf 87' lang='lat' dir='ltr'>etc.</span> <span class='ocrx_word' id='word_1_369' title='bbox 1231 3160 1257 3186; x_wconf 82' lang='grc' dir='ltr'>α</span> <span class='ocrx_word' id='word_1_370' title='bbox 1295 3137 1631 3192; x_wconf 88' lang='lat' dir='ltr'>Secundum</span> <span class='ocrx_word' id='word_1_371' title='bbox 1675 3154 1937 3194; x_wconf 90' lang='lat' dir='ltr'>carnem.</span> <span class='ocrx_word' id='word_1_372' title='bbox 1974 3159 2002 3188; x_wconf 89' lang='grc'><strong>››</strong></span> 
     </span>
    </p>
   </div>
   <div class='ocr_carea' id='block_1_51' title="bbox 344 3220 2002 3293">
    <p class='ocr_par' dir='ltr' id='par_1_51' title="bbox 344 3220 2002 3293">
     <span class='ocr_line' id='line_1_51' title="bbox 344 3220 2002 3293; baseline 0.004 -18"><span class='ocrx_word' id='word_1_373' title='bbox 344 3220 500 3277; x_wconf 88' lang='lat' dir='ltr'>Bene</span> <span class='ocrx_word' id='word_1_374' title='bbox 526 3222 744 3278; x_wconf 67' lang='lat' dir='ltr'>Iudaeis</span> <span class='ocrx_word' id='word_1_375' title='bbox 776 3223 1012 3293; x_wconf 86' lang='lat' dir='ltr'>dicitur,</span> <span class='ocrx_word' id='word_1_376' title='bbox 1067 3247 1094 3274; x_wconf 83' lang='lat'>«</span> <span class='ocrx_word' id='word_1_377' title='bbox 1132 3223 1467 3281; x_wconf 85' lang='lat' dir='ltr'>Secundum</span> <span class='ocrx_word' id='word_1_378' title='bbox 1500 3241 1764 3281; x_wconf 90' lang='lat' dir='ltr'>carnem.</span> <span class='ocrx_word' id='word_1_379' title='bbox 1801 3248 1829 3276; x_wconf 85' lang='grc'><strong>››</strong></span> <span class='ocrx_word' id='word_1_380' title='bbox 1858 3227 2002 3281; x_wconf 84' lang='lat' dir='ltr'>Nam</span> 
     </span>
    </p>
   </div>
   <div class='ocr_carea' id='block_1_52' title="bbox 342 3310 2004 3384">
    <p class='ocr_par' dir='ltr' id='par_1_52' title="bbox 342 3310 2004 3384">
     <span class='ocr_line' id='line_1_52' title="bbox 342 3310 2004 3384; baseline 0.005 -22"><span class='ocrx_word' id='word_1_381' title='bbox 342 3310 673 3366; x_wconf 89' lang='lat' dir='ltr'>secundum</span> <span class='ocrx_word' id='word_1_382' title='bbox 708 3311 883 3369; x_wconf 79' lang='lat' dir='ltr'>fidem</span> <span class='ocrx_word' id='word_1_383' title='bbox 935 3329 1004 3368; x_wconf 89' lang='lat' dir='ltr'>ac</span> <span class='ocrx_word' id='word_1_384' title='bbox 1058 3313 1519 3384; x_wconf 89' lang='lat' dir='ltr'>promissionem</span> <span class='ocrx_word' id='word_1_385' title='bbox 1552 3331 1662 3368; x_wconf 88' lang='lat' dir='ltr'>nos</span> <span class='ocrx_word' id='word_1_386' title='bbox 1690 3314 2004 3370; x_wconf 89' lang='lat' dir='ltr'>credentes</span> 
     </span>
    </p>
   </div>
   <div class='ocr_carea' id='block_1_53' title="bbox 343 3400 2005 3475">
    <p class='ocr_par' dir='ltr' id='par_1_53' title="bbox 343 3400 2005 3475">
     <span class='ocr_line' id='line_1_53' title="bbox 343 3400 2005 3475; baseline 0.004 -23"><span class='ocrx_word' id='word_1_387' title='bbox 343 3414 550 3455; x_wconf 91' lang='lat' dir='ltr'>sumus</span> <span class='ocrx_word' id='word_1_388' title='bbox 584 3400 691 3455; x_wconf 83' lang='lat' dir='ltr'>filii</span> <span class='ocrx_word' id='word_1_389' title='bbox 724 3400 1224 3473; x_wconf 82' lang='lat' dir='ltr'>Abraham,juxta</span> <span class='ocrx_word' id='word_1_390' title='bbox 1256 3401 1315 3456; x_wconf 93' lang='lat' dir='ltr'>id</span> <span class='ocrx_word' id='word_1_391' title='bbox 1348 3402 1506 3472; x_wconf 92' lang='lat' dir='ltr'>quod</span> <span class='ocrx_word' id='word_1_392' title='bbox 1533 3402 1713 3457; x_wconf 83' lang='lat' dir='ltr'>habet</span> <span class='ocrx_word' id='word_1_393' title='bbox 1740 3404 2005 3475; x_wconf 88' lang='lat' dir='ltr'>Scriptu-</span> 
     </span>
    </p>
   </div>
   <div class='ocr_carea' id='block_1_54' title="bbox 2131 1880 3790 1959">
    <p class='ocr_par' dir='ltr' id='par_1_54' title="bbox 2131 1880 3790 1959">
     <span class='ocr_line' id='line_1_54' title="bbox 2131 1880 3790 1959; baseline 0 -21"><span class='ocrx_word' id='word_1_394' title='bbox 2131 1883 2235 1938; x_wconf 88' lang='grc' dir='ltr'>ὑπὸ</span> <span class='ocrx_word' id='word_1_395' title='bbox 2268 1882 2360 1939; x_wconf 82' lang='grc' dir='ltr'>τὸν</span> <span class='ocrx_word' id='word_1_396' title='bbox 2390 1885 2539 1956; x_wconf 79' lang='grc' dir='ltr'>αὐτῷ</span> <span class='ocrx_word' id='word_1_397' title='bbox 2591 1881 2886 1946; x_wconf 70' lang='grc' dir='ltr'>τελοῦντας</span> <span class='ocrx_word' id='word_1_398' title='bbox 2941 1884 3132 1959; x_wconf 85' lang='grc' dir='ltr'>νόμον.</span> <span class='ocrx_word' id='word_1_399' title='bbox 3192 1887 3302 1956; x_wconf 73' lang='grc' dir='ltr'>Τὴν</span> <span class='ocrx_word' id='word_1_400' title='bbox 3352 1883 3534 1941; x_wconf 87' lang='grc' dir='ltr'>πίστιν</span> <span class='ocrx_word' id='word_1_401' title='bbox 3566 1880 3623 1939; x_wconf 72' lang='grc' dir='ltr'>δὲ</span> <span class='ocrx_word' id='word_1_402' title='bbox 3650 1904 3790 1958; x_wconf 87' lang='grc' dir='ltr'>προ-</span> 
     </span>
    </p>
   </div>
   <div class='ocr_carea' id='block_1_55' title="bbox 2126 1967 3791 2051">
    <p class='ocr_par' dir='ltr' id='par_1_55' title="bbox 2126 1967 3791 2051">
     <span class='ocr_line' id='line_1_55' title="bbox 2126 1967 3791 2051; baseline 0.001 -24"><span class='ocrx_word' id='word_1_403' title='bbox 2126 1967 2492 2048; x_wconf 62' lang='grc' dir='ltr'>ϐαλλόμενος,</span> <span class='ocrx_word' id='word_1_404' title='bbox 2530 1974 2726 2049; x_wconf 82' lang='grc' dir='ltr'>ἀθρόον</span> <span class='ocrx_word' id='word_1_405' title='bbox 2784 1977 2967 2051; x_wconf 70' lang='grc' dir='ltr'>πατὴρ</span> <span class='ocrx_word' id='word_1_406' title='bbox 3022 1972 3232 2050; x_wconf 75' lang='grc' dir='ltr'>ἐγένετο</span> <span class='ocrx_word' id='word_1_407' title='bbox 3288 1975 3526 2043; x_wconf 86' lang='grc' dir='ltr'>πάντων,</span> <span class='ocrx_word' id='word_1_408' title='bbox 3558 1972 3649 2028; x_wconf 80' lang='grc' dir='ltr'>καὶ</span> <span class='ocrx_word' id='word_1_409' title='bbox 3679 1978 3791 2028; x_wconf 80' lang='grc' dir='ltr'>τῶν</span> 
     </span>
    </p>
   </div>
   <div class='ocr_carea' id='block_1_56' title="bbox 2129 2060 3789 2141">
    <p class='ocr_par' dir='ltr' id='par_1_56' title="bbox 2129 2060 3789 2141">
     <span class='ocr_line' id='line_1_56' title="bbox 2129 2060 3789 2141; baseline 0 -25"><span class='ocrx_word' id='word_1_410' title='bbox 2129 2062 2340 2136; x_wconf 87' lang='grc' dir='ltr'>μυρίων</span> <span class='ocrx_word' id='word_1_411' title='bbox 2403 2060 2619 2119; x_wconf 79' lang='grc' dir='ltr'>ἐκείνων</span> <span class='ocrx_word' id='word_1_412' title='bbox 2674 2063 2894 2141; x_wconf 80' lang='grc' dir='ltr'>ἀγαθῶν</span> <span class='ocrx_word' id='word_1_413' title='bbox 2960 2060 3257 2135; x_wconf 80' lang='grc' dir='ltr'>ἐδικαιώθη</span> <span class='ocrx_word' id='word_1_414' title='bbox 3315 2060 3633 2119; x_wconf 83' lang='grc' dir='ltr'>ἀπολαύειν.</span> <span class='ocrx_word' id='word_1_415' title='bbox 3692 2061 3789 2122; x_wconf 82' lang='grc' dir='ltr'>Ὠς</span> 
     </span>
    </p>
   </div>
   <div class='ocr_carea' id='block_1_57' title="bbox 2124 2148 3790 2227">
    <p class='ocr_par' dir='ltr' id='par_1_57' title="bbox 2124 2148 3790 2227">
     <span class='ocr_line' id='line_1_57' title="bbox 2124 2148 3790 2227; baseline 0 -22"><span class='ocrx_word' id='word_1_416' title='bbox 2124 2148 2177 2205; x_wconf 90' lang='grc' dir='ltr'>ἐν</span> <span class='ocrx_word' id='word_1_417' title='bbox 2237 2150 2579 2227; x_wconf 83' lang='grc' dir='ltr'>πορίσματος</span> <span class='ocrx_word' id='word_1_418' title='bbox 2633 2150 2691 2207; x_wconf 71' lang='grc' dir='ltr'>δέ</span> <span class='ocrx_word' id='word_1_419' title='bbox 2747 2152 2916 2227; x_wconf 72' lang='grc' dir='ltr'>ποίρᾳ</span> <span class='ocrx_word' id='word_1_420' title='bbox 2973 2151 3232 2225; x_wconf 72' lang='grc' dir='ltr'>εἴληπται</span> <span class='ocrx_word' id='word_1_421' title='bbox 3276 2153 3367 2209; x_wconf 82' lang='grc' dir='ltr'>καὶ</span> <span class='ocrx_word' id='word_1_422' title='bbox 3410 2150 3564 2214; x_wconf 82' lang='grc' dir='ltr'>λύσις</span> <span class='ocrx_word' id='word_1_423' title='bbox 3592 2151 3790 2207; x_wconf 80' lang='grc' dir='ltr'>ἐκτῶν</span> 
     </span>
    </p>
   </div>
   <div class='ocr_carea' id='block_1_58' title="bbox 2124 2239 3791 2318">
    <p class='ocr_par' dir='ltr' id='par_1_58' title="bbox 2124 2239 3791 2318">
     <span class='ocr_line' id='line_1_58' title="bbox 2124 2239 3791 2318; baseline 0.001 -24"><span class='ocrx_word' id='word_1_424' title='bbox 2124 2240 2447 2316; x_wconf 70' lang='grc' dir='ltr'>εἰρημένων.</span> <span class='ocrx_word' id='word_1_425' title='bbox 2485 2247 2607 2303; x_wconf 80' lang='grc' dir='ltr'>Πῶς</span> <span class='ocrx_word' id='word_1_426' title='bbox 2637 2243 2797 2306; x_wconf 70' lang='grc' dir='ltr'>οὗτος</span> <span class='ocrx_word' id='word_1_427' title='bbox 2847 2244 2940 2317; x_wconf 76' lang='grc' dir='ltr'>μὲν</span> <span class='ocrx_word' id='word_1_428' title='bbox 2997 2242 3060 2299; x_wconf 83' lang='grc' dir='ltr'>ἐκ</span> <span class='ocrx_word' id='word_1_429' title='bbox 3113 2242 3348 2308; x_wconf 88' lang='grc' dir='ltr'>πίστεως</span> <span class='ocrx_word' id='word_1_430' title='bbox 3377 2241 3523 2318; x_wconf 76' lang='grc' dir='ltr'>λέγει</span> <span class='ocrx_word' id='word_1_431' title='bbox 3556 2239 3791 2297; x_wconf 86' lang='grc' dir='ltr'>δικαιω-</span> 
     </span>
    </p>
   </div>
   <div class='ocr_carea' id='block_1_59' title="bbox 2125 2327 3789 2412">
    <p class='ocr_par' dir='ltr' id='par_1_59' title="bbox 2125 2327 3789 2412">
     <span class='ocr_line' id='line_1_59' title="bbox 2125 2327 3789 2412; baseline 0.004 -28"><span class='ocrx_word' id='word_1_432' title='bbox 2125 2333 2282 2400; x_wconf 75' lang='grc' dir='ltr'>θῆναι</span> <span class='ocrx_word' id='word_1_433' title='bbox 2313 2331 2404 2387; x_wconf 90' lang='grc' dir='ltr'>τὸν</span> <span class='ocrx_word' id='word_1_434' title='bbox 2462 2327 2734 2408; x_wconf 77' lang='grc' dir='ltr'>Ἀϐραὰμ,</span> <span class='ocrx_word' id='word_1_435' title='bbox 2794 2335 2822 2389; x_wconf 91' lang='lat'>6</span> <span class='ocrx_word' id='word_1_436' title='bbox 2882 2331 2938 2389; x_wconf 79' lang='grc' dir='ltr'>δὲ</span> <span class='ocrx_word' id='word_1_437' title='bbox 2996 2334 3140 2395; x_wconf 88' lang='grc' dir='ltr'>θεῖος</span> <span class='ocrx_word' id='word_1_438' title='bbox 3192 2329 3531 2405; x_wconf 80' lang='grc' dir='ltr'>Ἰάκωϐοςέξ</span> <span class='ocrx_word' id='word_1_439' title='bbox 3563 2332 3789 2412; x_wconf 81' lang='grc' dir='ltr'>ἔργων;</span> 
     </span>
    </p>
   </div>
   <div class='ocr_carea' id='block_1_60' title="bbox 2124 2416 3790 2500">
    <p class='ocr_par' dir='ltr' id='par_1_60' title="bbox 2124 2416 3790 2500">
     <span class='ocr_line' id='line_1_60' title="bbox 2124 2416 3790 2500; baseline 0.003 -25"><span class='ocrx_word' id='word_1_440' title='bbox 2124 2416 2322 2495; x_wconf 79' lang='grc' dir='ltr'>λὲγων,</span> <span class='ocrx_word' id='word_1_441' title='bbox 2376 2416 2629 2497; x_wconf 85' lang='grc' dir='ltr'>Ἀϐραὰμ</span> <span class='ocrx_word' id='word_1_442' title='bbox 2676 2423 2704 2477; x_wconf 87' lang='lat'>6</span> <span class='ocrx_word' id='word_1_443' title='bbox 2758 2425 2940 2498; x_wconf 74' lang='grc' dir='ltr'>πατὴρ</span> <span class='ocrx_word' id='word_1_444' title='bbox 3006 2425 3167 2496; x_wconf 80' lang='grc' dir='ltr'>ἡμῶν</span> <span class='ocrx_word' id='word_1_445' title='bbox 3226 2422 3327 2478; x_wconf 78' lang='grc' dir='ltr'>οὐκ</span> <span class='ocrx_word' id='word_1_446' title='bbox 3375 2421 3425 2497; x_wconf 80' lang='grc' dir='ltr'>ἐξ</span> <span class='ocrx_word' id='word_1_447' title='bbox 3471 2419 3641 2500; x_wconf 82' lang='grc' dir='ltr'>ἔργων</span> <span class='ocrx_word' id='word_1_448' title='bbox 3671 2422 3790 2480; x_wconf 83' lang='grc' dir='ltr'>ἐδι-</span> 
     </span>
    </p>
   </div>
   <div class='ocr_carea' id='block_1_61' title="bbox 2121 2510 3784 2587">
    <p class='ocr_par' dir='ltr' id='par_1_61' title="bbox 2121 2510 3784 2587">
     <span class='ocr_line' id='line_1_61' title="bbox 2121 2510 3784 2587; baseline 0.004 -24"><span class='ocrx_word' id='word_1_449' title='bbox 2121 2511 2358 2581; x_wconf 85' lang='grc' dir='ltr'>καιώθη,</span> <span class='ocrx_word' id='word_1_450' title='bbox 2391 2510 2674 2587; x_wconf 69' lang='grc' dir='ltr'>ἀνενέγκας</span> <span class='ocrx_word' id='word_1_451' title='bbox 2708 2513 2892 2568; x_wconf 84' lang='grc' dir='ltr'>Ἰσαὰκ</span> <span class='ocrx_word' id='word_1_452' title='bbox 2919 2512 3014 2568; x_wconf 89' lang='grc' dir='ltr'>τὸν</span> <span class='ocrx_word' id='word_1_453' title='bbox 3047 2512 3163 2567; x_wconf 73' lang='grc' dir='ltr'>υἱὸν</span> <span class='ocrx_word' id='word_1_454' title='bbox 3196 2513 3386 2582; x_wconf 81' lang='grc' dir='ltr'>αὐτοῦ,</span> <span class='ocrx_word' id='word_1_455' title='bbox 3415 2512 3507 2568; x_wconf 82' lang='grc' dir='ltr'>καὶ</span> <span class='ocrx_word' id='word_1_456' title='bbox 3535 2513 3602 2568; x_wconf 88' lang='grc' dir='ltr'>τὰ</span> <span class='ocrx_word' id='word_1_457' title='bbox 3632 2514 3784 2585; x_wconf 76' lang='grc' dir='ltr'>ἑξῆς,</span> 
     </span>
    </p>
   </div>
   <div class='ocr_carea' id='block_1_62' title="bbox 2128 2598 3785 2675">
    <p class='ocr_par' dir='ltr' id='par_1_62' title="bbox 2128 2598 3785 2675">
     <span class='ocr_line' id='line_1_62' title="bbox 2128 2598 3785 2675; baseline 0.002 -19"><span class='ocrx_word' id='word_1_458' title='bbox 2128 2624 2148 2650; x_wconf 74' lang='grc' dir='ltr'>ι</span> <span class='ocrx_word' id='word_1_459' title='bbox 2188 2599 2337 2656; x_wconf 84' lang='grc' dir='ltr'>Κατὰ</span> <span class='ocrx_word' id='word_1_460' title='bbox 2366 2601 2557 2675; x_wconf 84' lang='grc' dir='ltr'>σάρκα.</span> <span class='ocrx_word' id='word_1_461' title='bbox 2594 2625 2624 2653; x_wconf 84' lang='grc'>››</span> <span class='ocrx_word' id='word_1_462' title='bbox 2675 2598 2872 2663; x_wconf 79' lang='grc' dir='ltr'>Καλῶς</span> <span class='ocrx_word' id='word_1_463' title='bbox 2919 2602 3057 2672; x_wconf 76' lang='grc' dir='ltr'>πρὸς</span> <span class='ocrx_word' id='word_1_464' title='bbox 3109 2598 3408 2665; x_wconf 83' lang='grc' dir='ltr'>Ἰουδαίους</span> <span class='ocrx_word' id='word_1_465' title='bbox 3447 2602 3533 2671; x_wconf 85' lang='grc' dir='ltr'>τὸ,</span> <span class='ocrx_word' id='word_1_466' title='bbox 3571 2627 3599 2654; x_wconf 77' lang='grc' dir='ltr'>κ</span> <span class='ocrx_word' id='word_1_467' title='bbox 3631 2605 3785 2661; x_wconf 85' lang='grc' dir='ltr'>Κατὰ</span> 
     </span>
    </p>
   </div>
   <div class='ocr_carea' id='block_1_63' title="bbox 2122 2688 3788 2768">
    <p class='ocr_par' dir='ltr' id='par_1_63' title="bbox 2122 2688 3788 2768">
     <span class='ocr_line' id='line_1_63' title="bbox 2122 2688 3788 2768; baseline 0.004 -26"><span class='ocrx_word' id='word_1_468' title='bbox 2122 2688 2315 2763; x_wconf 83' lang='grc' dir='ltr'>σάρκα.</span> <span class='ocrx_word' id='word_1_469' title='bbox 2356 2715 2376 2742; x_wconf 75' lang='grc' dir='ltr'>ι</span> <span class='ocrx_word' id='word_1_470' title='bbox 2414 2690 2563 2746; x_wconf 85' lang='grc' dir='ltr'>Κατὰ</span> <span class='ocrx_word' id='word_1_471' title='bbox 2608 2691 2792 2746; x_wconf 90' lang='grc' dir='ltr'>πίστιν</span> <span class='ocrx_word' id='word_1_472' title='bbox 2847 2692 2950 2768; x_wconf 83' lang='grc' dir='ltr'>γὰρ</span> <span class='ocrx_word' id='word_1_473' title='bbox 3008 2691 3100 2746; x_wconf 85' lang='grc' dir='ltr'>καὶ</span> <span class='ocrx_word' id='word_1_474' title='bbox 3158 2689 3488 2768; x_wconf 85' lang='grc' dir='ltr'>ἐπαγγελίαν</span> <span class='ocrx_word' id='word_1_475' title='bbox 3527 2693 3693 2767; x_wconf 75' lang='grc' dir='ltr'>ἡμεῖς</span> <span class='ocrx_word' id='word_1_476' title='bbox 3728 2695 3788 2748; x_wconf 76' lang='grc' dir='ltr'>οἱ</span> 
     </span>
    </p>
   </div>
   <div class='ocr_carea' id='block_1_64' title="bbox 2122 2775 3780 2860">
    <p class='ocr_par' dir='ltr' id='par_1_64' title="bbox 2122 2775 3780 2860">
     <span class='ocr_line' id='line_1_64' title="bbox 2122 2775 3780 2860; baseline 0.003 -28"><span class='ocrx_word' id='word_1_477' title='bbox 2122 2778 2310 2833; x_wconf 77' lang='grc' dir='ltr'>πιστοὶ</span> <span class='ocrx_word' id='word_1_478' title='bbox 2367 2776 2524 2834; x_wconf 80' lang='grc' dir='ltr'>τέκνα</span> <span class='ocrx_word' id='word_1_479' title='bbox 2571 2778 2730 2853; x_wconf 78' lang='grc' dir='ltr'>ἐσμὶν</span> <span class='ocrx_word' id='word_1_480' title='bbox 2784 2779 2881 2835; x_wconf 81' lang='grc' dir='ltr'>τοῦ</span> <span class='ocrx_word' id='word_1_481' title='bbox 2938 2775 3215 2856; x_wconf 82' lang='grc' dir='ltr'>Ἀϐραὰμ,</span> <span class='ocrx_word' id='word_1_482' title='bbox 3273 2781 3455 2847; x_wconf 86' lang='grc' dir='ltr'>καθὼς</span> <span class='ocrx_word' id='word_1_483' title='bbox 3506 2783 3540 2851; x_wconf 79' lang='grc' dir='ltr'>ἡ</span> <span class='ocrx_word' id='word_1_484' title='bbox 3590 2785 3780 2860; x_wconf 73' lang='grc' dir='ltr'>Γραφή</span> 
     </span>
    </p>
   </div>
   <div class='ocr_carea' id='block_1_65' title="bbox 2124 2868 3891 2945">
    <p class='ocr_par' dir='ltr' id='par_1_65' title="bbox 2124 2868 3891 2945">
     <span class='ocr_line' id='line_1_65' title="bbox 2124 2868 3891 2945; baseline 0.001 -24"><span class='ocrx_word' id='word_1_485' title='bbox 2124 2885 2277 2945; x_wconf 69' lang='grc' dir='ltr'>φησι·</span> <span class='ocrx_word' id='word_1_486' title='bbox 2308 2892 2336 2920; x_wconf 89' lang='grc'>‹‹</span> <span class='ocrx_word' id='word_1_487' title='bbox 2362 2868 2439 2925; x_wconf 85' lang='grc' dir='ltr'>Ού</span> <span class='ocrx_word' id='word_1_488' title='bbox 2472 2868 2537 2924; x_wconf 74' lang='grc' dir='ltr'>τὰ</span> <span class='ocrx_word' id='word_1_489' title='bbox 2564 2868 2725 2925; x_wconf 77' lang='grc' dir='ltr'>τέκνα</span> <span class='ocrx_word' id='word_1_490' title='bbox 2754 2873 2854 2936; x_wconf 79' lang='grc' dir='ltr'>τῆς</span> <span class='ocrx_word' id='word_1_491' title='bbox 2888 2872 3106 2945; x_wconf 90' lang='grc' dir='ltr'>σαρκὸς,</span> <span class='ocrx_word' id='word_1_492' title='bbox 3131 2875 3299 2926; x_wconf 84' lang='grc' dir='ltr'>ταῦτα</span> <span class='ocrx_word' id='word_1_493' title='bbox 3319 2871 3479 2927; x_wconf 82' lang='grc' dir='ltr'>τέκνα</span> <span class='ocrx_word' id='word_1_494' title='bbox 3501 2875 3593 2928; x_wconf 89' lang='grc' dir='ltr'>τοῦ</span> <span class='ocrx_word' id='word_1_495' title='bbox 3613 2874 3768 2941; x_wconf 86' lang='grc' dir='ltr'>Θεοῦ,</span> <span class='ocrx_word' id='word_1_496' title='bbox 3869 2900 3891 2923; x_wconf 70' lang='grc' dir='ltr'>ι</span> 
     </span>
    </p>
   </div>
   <div class='ocr_carea' id='block_1_66' title="bbox 2120 2954 3769 3038">
    <p class='ocr_par' dir='ltr' id='par_1_66' title="bbox 2120 2954 3769 3038">
     <span class='ocr_line' id='line_1_66' title="bbox 2120 2954 3769 3038; baseline 0.002 -27"><span class='ocrx_word' id='word_1_497' title='bbox 2120 2954 2271 3012; x_wconf 82' lang='grc' dir='ltr'>ἀλλὰ</span> <span class='ocrx_word' id='word_1_498' title='bbox 2341 2959 2407 3012; x_wconf 86' lang='grc' dir='ltr'>τὰ</span> <span class='ocrx_word' id='word_1_499' title='bbox 2481 2956 2637 3014; x_wconf 75' lang='grc' dir='ltr'>τέκνα</span> <span class='ocrx_word' id='word_1_500' title='bbox 2710 2965 2812 3030; x_wconf 83' lang='grc' dir='ltr'>τῆς</span> <span class='ocrx_word' id='word_1_501' title='bbox 2896 2958 3249 3036; x_wconf 83' lang='grc' dir='ltr'>ἐπαγγελίας,</span> <span class='ocrx_word' id='word_1_502' title='bbox 3329 2958 3599 3038; x_wconf 87' lang='grc' dir='ltr'>λογίζεται</span> <span class='ocrx_word' id='word_1_503' title='bbox 3692 2960 3769 3021; x_wconf 73' lang='grc' dir='ltr'>είς</span> 
     </span>
    </p>
   </div>
   <div class='ocr_carea' id='block_1_67' title="bbox 2119 3047 3777 3127">
    <p class='ocr_par' dir='ltr' id='par_1_67' title="bbox 2119 3047 3777 3127">
     <span class='ocr_line' id='line_1_67' title="bbox 2119 3047 3777 3127; baseline 0.002 -26"><span class='ocrx_word' id='word_1_504' title='bbox 2119 3047 2356 3120; x_wconf 76' lang='grc' dir='ltr'>σπέρμα.</span> <span class='ocrx_word' id='word_1_505' title='bbox 2394 3072 2421 3099; x_wconf 88' lang='grc'><strong>››</strong></span> <span class='ocrx_word' id='word_1_506' title='bbox 2482 3079 2547 3093; x_wconf 86' lang='lat'><strong>--</strong></span> <span class='ocrx_word' id='word_1_507' title='bbox 2611 3050 2951 3124; x_wconf 84' lang='grc' dir='ltr'>[ΘΕΟΔΩΡ.]</span> <span class='ocrx_word' id='word_1_508' title='bbox 3008 3050 3196 3119; x_wconf 84' lang='grc' dir='ltr'>Ποίαν,</span> <span class='ocrx_word' id='word_1_509' title='bbox 3230 3049 3385 3127; x_wconf 77' lang='grc' dir='ltr'>φησὶ,</span> <span class='ocrx_word' id='word_1_510' title='bbox 3430 3050 3534 3125; x_wconf 82' lang='grc' dir='ltr'>πρὸ</span> <span class='ocrx_word' id='word_1_511' title='bbox 3561 3053 3657 3105; x_wconf 87' lang='grc' dir='ltr'>τοῦ</span> <span class='ocrx_word' id='word_1_512' title='bbox 3684 3070 3777 3105; x_wconf 89' lang='grc' dir='ltr'>πι-</span> 
     </span>
    </p>
   </div>
   <div class='ocr_carea' id='block_1_68' title="bbox 2119 3134 3785 3214">
    <p class='ocr_par' dir='ltr' id='par_1_68' title="bbox 2119 3134 3785 3214">
     <span class='ocr_line' id='line_1_68' title="bbox 2119 3134 3785 3214; baseline 0.003 -24"><span class='ocrx_word' id='word_1_513' title='bbox 2119 3140 2332 3192; x_wconf 78' lang='grc' dir='ltr'>στεῦσαι</span> <span class='ocrx_word' id='word_1_514' title='bbox 2395 3142 2513 3211; x_wconf 87' lang='grc' dir='ltr'>Θεῷ</span> <span class='ocrx_word' id='word_1_515' title='bbox 2568 3139 2660 3194; x_wconf 91' lang='grc' dir='ltr'>τὸν</span> <span class='ocrx_word' id='word_1_516' title='bbox 2748 3134 3002 3214; x_wconf 82' lang='grc' dir='ltr'>Ἀϐραὰμ</span> <span class='ocrx_word' id='word_1_517' title='bbox 3084 3137 3432 3211; x_wconf 87' lang='grc' dir='ltr'>δικαιοσύνην</span> <span class='ocrx_word' id='word_1_518' title='bbox 3487 3139 3654 3196; x_wconf 83' lang='grc' dir='ltr'>αὐτοῦ</span> <span class='ocrx_word' id='word_1_519' title='bbox 3711 3137 3785 3195; x_wconf 85' lang='grc' dir='ltr'>δι’</span> 
     </span>
    </p>
   </div>
   <div class='ocr_carea' id='block_1_69' title="bbox 2117 3222 3784 3306">
    <p class='ocr_par' dir='ltr' id='par_1_69' title="bbox 2117 3222 3784 3306">
     <span class='ocr_line' id='line_1_69' title="bbox 2117 3222 3784 3306; baseline 0.002 -26"><span class='ocrx_word' id='word_1_520' title='bbox 2117 3222 2294 3302; x_wconf 78' lang='grc' dir='ltr'>ἔργων</span> <span class='ocrx_word' id='word_1_521' title='bbox 2326 3227 2685 3302; x_wconf 74' lang='grc' dir='ltr'>γεγενημένην</span> <span class='ocrx_word' id='word_1_522' title='bbox 2746 3229 3057 3303; x_wconf 78' lang='grc' dir='ltr'>ἠκούσαμεν</span> <span class='ocrx_word' id='word_1_523' title='bbox 3087 3249 3101 3299; x_wconf 85' lang='grc'><strong>;</strong></span> <span class='ocrx_word' id='word_1_524' title='bbox 3151 3232 3291 3285; x_wconf 84' lang='grc' dir='ltr'>κατὰ</span> <span class='ocrx_word' id='word_1_525' title='bbox 3322 3231 3493 3305; x_wconf 81' lang='grc' dir='ltr'>σάρκα</span> <span class='ocrx_word' id='word_1_526' title='bbox 3522 3230 3650 3306; x_wconf 81' lang='grc' dir='ltr'>γὰρ,</span> <span class='ocrx_word' id='word_1_527' title='bbox 3680 3230 3784 3299; x_wconf 72' lang='grc' dir='ltr'>τὴν</span> 
     </span>
    </p>
   </div>
   <div class='ocr_carea' id='block_1_70' title="bbox 2114 3312 3745 3398">
    <p class='ocr_par' dir='ltr' id='par_1_70' title="bbox 2114 3312 3745 3398">
     <span class='ocr_line' id='line_1_70' title="bbox 2114 3312 3745 3398; baseline 0.004 -28"><span class='ocrx_word' id='word_1_528' title='bbox 2114 3314 2167 3371; x_wconf 93' lang='grc' dir='ltr'>ἐν</span> <span class='ocrx_word' id='word_1_529' title='bbox 2198 3312 2380 3394; x_wconf 70' lang='grc' dir='ltr'>ἔργοις</span> <span class='ocrx_word' id='word_1_530' title='bbox 2412 3316 2586 3394; x_wconf 66' lang='grc' dir='ltr'>λέγει,</span> <span class='ocrx_word' id='word_1_531' title='bbox 2618 3316 2805 3390; x_wconf 74' lang='grc' dir='ltr'>ἐπειδὴ</span> <span class='ocrx_word' id='word_1_532' title='bbox 2859 3317 2948 3375; x_wconf 84' lang='grc' dir='ltr'>διὰ</span> <span class='ocrx_word' id='word_1_533' title='bbox 2997 3327 3097 3390; x_wconf 80' lang='grc' dir='ltr'>τῆς</span> <span class='ocrx_word' id='word_1_534' title='bbox 3129 3321 3324 3398; x_wconf 88' lang='grc' dir='ltr'>σαρκὸς</span> <span class='ocrx_word' id='word_1_535' title='bbox 3357 3318 3684 3395; x_wconf 86' lang='grc' dir='ltr'>ἐκτελοῦμεν</span> <span class='ocrx_word' id='word_1_536' title='bbox 3712 3342 3745 3377; x_wconf 90' lang='grc' dir='ltr'>τ</span> 
     </span>
    </p>
   </div>
   <div class='ocr_carea' id='block_1_71' title="bbox 2115 3402 2263 3480">
    <p class='ocr_par' dir='ltr' id='par_1_71' title="bbox 2115 3402 2263 3480">
     <span class='ocr_line' id='line_1_71' title="bbox 2115 3402 2263 3480; baseline 0.02 -21"><span class='ocrx_word' id='word_1_537' title='bbox 2115 3402 2263 3480; x_wconf 79' lang='grc' dir='ltr'>ἔργα.</span> 
     </span>
    </p>
   </div>
   <div class='ocr_carea' id='block_1_72' title="bbox 351 3489 3780 3572">
    <p class='ocr_par' dir='ltr' id='par_1_72' title="bbox 351 3489 3780 3572">
     <span class='ocr_line' id='line_1_72' title="bbox 351 3489 3780 3572; baseline 0.005 -31"><span class='ocrx_word' id='word_1_538' title='bbox 351 3504 457 3542; x_wconf 90' lang='lat' dir='ltr'>ra:</span> <span class='ocrx_word' id='word_1_539' title='bbox 494 3510 521 3539; x_wconf 85' lang='lat'><strong>«</strong></span> <span class='ocrx_word' id='word_1_540' title='bbox 563 3490 689 3544; x_wconf 89' lang='lat' dir='ltr'>Non</span> <span class='ocrx_word' id='word_1_541' title='bbox 723 3489 821 3561; x_wconf 91' lang='lat' dir='ltr'>qui</span> <span class='ocrx_word' id='word_1_542' title='bbox 856 3490 962 3544; x_wconf 82' lang='lat' dir='ltr'>ﬂlii</span> <span class='ocrx_word' id='word_1_543' title='bbox 996 3491 1191 3546; x_wconf 89' lang='lat' dir='ltr'>carnis</span> <span class='ocrx_word' id='word_1_544' title='bbox 1222 3491 1283 3545; x_wconf 90' lang='lat' dir='ltr'>hi</span> <span class='ocrx_word' id='word_1_545' title='bbox 1317 3496 1456 3545; x_wconf 89' lang='lat' dir='ltr'>sunt</span> <span class='ocrx_word' id='word_1_546' title='bbox 1486 3491 1591 3546; x_wconf 81' lang='lat' dir='ltr'>ﬁlii</span> <span class='ocrx_word' id='word_1_547' title='bbox 1637 3492 1759 3559; x_wconf 87' lang='lat' dir='ltr'>Dei,</span> <span class='ocrx_word' id='word_1_548' title='bbox 1808 3493 1911 3547; x_wconf 91' lang='lat' dir='ltr'>sed</span> <span class='ocrx_word' id='word_1_549' title='bbox 1964 3495 2073 3549; x_wconf 86' lang='lat' dir='ltr'>ﬁlii</span> <span class='ocrx_word' id='word_1_550' title='bbox 2130 3497 2547 3568; x_wconf 88' lang='lat' dir='ltr'>promissionis</span> <span class='ocrx_word' id='word_1_551' title='bbox 2602 3499 3044 3572; x_wconf 86' lang='lat' dir='ltr'>reputabuntur</span> <span class='ocrx_word' id='word_1_552' title='bbox 3091 3501 3152 3556; x_wconf 92' lang='lat' dir='ltr'>in</span> <span class='ocrx_word' id='word_1_553' title='bbox 3203 3516 3407 3557; x_wconf 88' lang='lat' dir='ltr'>semen</span> <span class='ocrx_word' id='word_1_554' title='bbox 3440 3500 3505 3556; x_wconf 77' lang='grc'>¹⁸.</span> <span class='ocrx_word' id='word_1_555' title='bbox 3537 3523 3568 3554; x_wconf 83' lang='grc'><strong>››</strong></span> <span class='ocrx_word' id='word_1_556' title='bbox 3617 3503 3780 3568; x_wconf 85' lang='lat' dir='ltr'>Qua-</span> 
     </span>
    </p>
   </div>
   <div class='ocr_carea' id='block_1_73' title="bbox 342 3576 3776 3662">
    <p class='ocr_par' dir='ltr' id='par_1_73' title="bbox 342 3576 3776 3662">
     <span class='ocr_line' id='line_1_73' title="bbox 342 3576 3776 3662; baseline 0.005 -31"><span class='ocrx_word' id='word_1_557' title='bbox 342 3576 489 3645; x_wconf 90' lang='lat' dir='ltr'>lem,</span> <span class='ocrx_word' id='word_1_558' title='bbox 523 3578 738 3650; x_wconf 88' lang='lat' dir='ltr'>inquit,</span> <span class='ocrx_word' id='word_1_559' title='bbox 769 3580 1117 3651; x_wconf 88' lang='lat' dir='ltr'>priusquam</span> <span class='ocrx_word' id='word_1_560' title='bbox 1177 3581 1295 3636; x_wconf 90' lang='lat' dir='ltr'>Deo</span> <span class='ocrx_word' id='word_1_561' title='bbox 1348 3580 1619 3636; x_wconf 89' lang='lat' dir='ltr'>crederet</span> <span class='ocrx_word' id='word_1_562' title='bbox 1674 3581 1991 3651; x_wconf 88' lang='lat' dir='ltr'>Abraham,</span> <span class='ocrx_word' id='word_1_563' title='bbox 2043 3586 2343 3657; x_wconf 87' lang='lat' dir='ltr'>justitiam</span> <span class='ocrx_word' id='word_1_564' title='bbox 2400 3590 2529 3660; x_wconf 84' lang='lat' dir='ltr'>ejus</span> <span class='ocrx_word' id='word_1_565' title='bbox 2589 3607 2696 3662; x_wconf 90' lang='lat' dir='ltr'>per</span> <span class='ocrx_word' id='word_1_566' title='bbox 2752 3606 2933 3662; x_wconf 89' lang='lat' dir='ltr'>opera</span> <span class='ocrx_word' id='word_1_567' title='bbox 2982 3589 3202 3646; x_wconf 84' lang='lat' dir='ltr'>factam</span> <span class='ocrx_word' id='word_1_568' title='bbox 3234 3590 3589 3647; x_wconf 88' lang='lat' dir='ltr'>audivimus.</span> <span class='ocrx_word' id='word_1_569' title='bbox 3626 3592 3776 3647; x_wconf 86' lang='lat' dir='ltr'>Nam</span> 
     </span>
    </p>
   </div>
   <div class='ocr_carea' id='block_1_74' title="bbox 348 3667 3577 3752">
    <p class='ocr_par' dir='ltr' id='par_1_74' title="bbox 348 3667 3577 3752">
     <span class='ocr_line' id='line_1_74' title="bbox 348 3667 3577 3752; baseline 0.005 -31"><span class='ocrx_word' id='word_1_570' title='bbox 348 3667 678 3724; x_wconf 91' lang='lat' dir='ltr'>secundum</span> <span class='ocrx_word' id='word_1_571' title='bbox 712 3684 951 3724; x_wconf 87' lang='lat' dir='ltr'>carnem</span> <span class='ocrx_word' id='word_1_572' title='bbox 983 3669 1129 3724; x_wconf 89' lang='lat' dir='ltr'>dicit</span> <span class='ocrx_word' id='word_1_573' title='bbox 1159 3686 1289 3725; x_wconf 91' lang='lat' dir='ltr'>eam</span> <span class='ocrx_word' id='word_1_574' title='bbox 1322 3687 1453 3741; x_wconf 65' lang='lat' dir='ltr'>qua:</span> <span class='ocrx_word' id='word_1_575' title='bbox 1484 3671 1546 3725; x_wconf 91' lang='lat' dir='ltr'>in</span> <span class='ocrx_word' id='word_1_576' title='bbox 1579 3671 1860 3742; x_wconf 90' lang='lat' dir='ltr'>operibus</span> <span class='ocrx_word' id='word_1_577' title='bbox 1888 3679 2035 3741; x_wconf 84' lang='lat' dir='ltr'>erat,</span> <span class='ocrx_word' id='word_1_578' title='bbox 2069 3677 2553 3750; x_wconf 90' lang='lat' dir='ltr'>quandoquidem</span> <span class='ocrx_word' id='word_1_579' title='bbox 2587 3696 2695 3750; x_wconf 88' lang='lat' dir='ltr'>per</span> <span class='ocrx_word' id='word_1_580' title='bbox 2723 3696 2965 3736; x_wconf 90' lang='lat' dir='ltr'>carnem</span> <span class='ocrx_word' id='word_1_581' title='bbox 2997 3680 3341 3752; x_wconf 81' lang='lat' dir='ltr'>perﬁcimus</span> <span class='ocrx_word' id='word_1_582' title='bbox 3373 3696 3577 3752; x_wconf 86' lang='lat' dir='ltr'>opera.</span> 
     </span>
    </p>
   </div>
   <div class='ocr_carea' id='block_1_75' title="bbox 414 3757 2026 3832">
    <p class='ocr_par' dir='ltr' id='par_1_75' title="bbox 414 3757 2026 3832">
     <span class='ocr_line' id='line_1_75' title="bbox 414 3757 2026 3832; baseline 0.006 -23"><span class='ocrx_word' id='word_1_583' title='bbox 414 3757 509 3823; x_wconf 83' lang='lat' dir='ltr'>IV,</span> <span class='ocrx_word' id='word_1_584' title='bbox 532 3758 687 3811; x_wconf 77' lang='lat'>2-8.«</span> <span class='ocrx_word' id='word_1_585' title='bbox 710 3759 852 3813; x_wconf 84' lang='lat' dir='ltr'>Nam</span> <span class='ocrx_word' id='word_1_586' title='bbox 874 3758 920 3811; x_wconf 91' lang='lat' dir='ltr'>si</span> <span class='ocrx_word' id='word_1_587' title='bbox 943 3757 1243 3814; x_wconf 90' lang='lat' dir='ltr'>Abraham</span> <span class='ocrx_word' id='word_1_588' title='bbox 1265 3776 1334 3814; x_wconf 88' lang='lat' dir='ltr'>ex</span> <span class='ocrx_word' id='word_1_589' title='bbox 1355 3759 1636 3831; x_wconf 86' lang='lat' dir='ltr'>operibus</span> <span class='ocrx_word' id='word_1_590' title='bbox 1653 3761 2026 3832; x_wconf 81' lang='lat' dir='ltr'>justiﬁcatus</span> 
     </span>
    </p>
   </div>
   <div class='ocr_carea' id='block_1_76' title="bbox 2212 3761 3798 3844">
    <p class='ocr_par' dir='ltr' id='par_1_76' title="bbox 2212 3761 3798 3844">
     <span class='ocr_line' id='line_1_76' title="bbox 2212 3761 3798 3844; baseline 0 -22"><span class='ocrx_word' id='word_1_591' title='bbox 2212 3764 2273 3822; x_wconf 72' lang='grc' dir='ltr'>1ὖῖ</span> <span class='ocrx_word' id='word_1_592' title='bbox 2330 3766 2434 3842; x_wconf 86' lang='grc' dir='ltr'>γὰρ</span> <span class='ocrx_word' id='word_1_593' title='bbox 2493 3761 2746 3841; x_wconf 78' lang='grc' dir='ltr'>Ἀϐραὰμ</span> <span class='ocrx_word' id='word_1_594' title='bbox 2800 3766 2849 3838; x_wconf 79' lang='grc' dir='ltr'>ἐξ</span> <span class='ocrx_word' id='word_1_595' title='bbox 2910 3766 3084 3844; x_wconf 85' lang='grc' dir='ltr'>ἐργων</span> <span class='ocrx_word' id='word_1_596' title='bbox 3145 3764 3464 3841; x_wconf 81' lang='grc' dir='ltr'>ἐδικαιώθη,</span> <span class='ocrx_word' id='word_1_597' title='bbox 3509 3761 3628 3843; x_wconf 79' lang='grc' dir='ltr'>ἔχει</span> <span class='ocrx_word' id='word_1_598' title='bbox 3660 3767 3798 3822; x_wconf 84' lang='grc' dir='ltr'>καύ-</span> 
     </span>
    </p>
   </div>
   <div class='ocr_carea' id='block_1_77' title="bbox 343 3845 2012 3936">
    <p class='ocr_par' dir='ltr' id='par_1_77' title="bbox 343 3845 2012 3921">
     <span class='ocr_line' id='line_1_77' title="bbox 343 3845 2012 3921; baseline 0.007 -25"><span class='ocrx_word' id='word_1_599' title='bbox 343 3868 370 3896; x_wconf 84' lang='grc'><strong><em>‹‹</em></strong></span> <span class='ocrx_word' id='word_1_600' title='bbox 399 3851 507 3913; x_wconf 90' lang='lat' dir='ltr'>est,</span> <span class='ocrx_word' id='word_1_601' title='bbox 524 3845 702 3902; x_wconf 88' lang='lat' dir='ltr'>habet</span> <span class='ocrx_word' id='word_1_602' title='bbox 722 3847 880 3917; x_wconf 89' lang='lat' dir='ltr'>quod</span> <span class='ocrx_word' id='word_1_603' title='bbox 902 3847 1208 3919; x_wconf 80' lang='lat' dir='ltr'>glorietur,</span> <span class='ocrx_word' id='word_1_604' title='bbox 1227 3855 1285 3903; x_wconf 89' lang='lat' dir='ltr'>at</span> <span class='ocrx_word' id='word_1_605' title='bbox 1305 3866 1423 3904; x_wconf 88' lang='lat' dir='ltr'>non</span> <span class='ocrx_word' id='word_1_606' title='bbox 1444 3849 1603 3921; x_wconf 91' lang='lat' dir='ltr'>apud</span> <span class='ocrx_word' id='word_1_607' title='bbox 1628 3851 1710 3905; x_wconf 90' lang='lat' dir='ltr'>De</span> <span class='ocrx_word' id='word_1_608' title='bbox 1735 3867 1857 3906; x_wconf 90' lang='lat' dir='ltr'>um.</span> <span class='ocrx_word' id='word_1_609' title='bbox 1877 3852 2012 3917; x_wconf 80' lang='lat' dir='ltr'>Quic</span> 
     </span>
    </p>
   </div>
   <div class='ocr_carea' id='block_1_78' title="bbox 2125 3845 3794 3936">
    <p class='ocr_par' dir='ltr' id='par_1_78' title="bbox 2136 3854 3794 3936">
     <span class='ocr_line' id='line_1_78' title="bbox 2136 3854 3794 3936; baseline 0.005 -28"><span class='ocrx_word' id='word_1_610' title='bbox 2136 3873 2321 3929; x_wconf 82' lang='grc' dir='ltr'>χημα,</span> <span class='ocrx_word' id='word_1_611' title='bbox 2378 3854 2508 3911; x_wconf 83' lang='grc' dir='ltr'>ἀλλ’</span> <span class='ocrx_word' id='word_1_612' title='bbox 2568 3857 2630 3911; x_wconf 85' lang='grc' dir='ltr'>ού</span> <span class='ocrx_word' id='word_1_613' title='bbox 2684 3857 2821 3932; x_wconf 86' lang='grc' dir='ltr'>πρὸς</span> <span class='ocrx_word' id='word_1_614' title='bbox 2879 3859 2969 3913; x_wconf 87' lang='grc' dir='ltr'>τὸν</span> <span class='ocrx_word' id='word_1_615' title='bbox 3021 3858 3169 3913; x_wconf 87' lang='grc' dir='ltr'>Θεὸν.</span> <span class='ocrx_word' id='word_1_616' title='bbox 3231 3857 3300 3915; x_wconf 85' lang='grc' dir='ltr'>Τί</span> <span class='ocrx_word' id='word_1_617' title='bbox 3355 3857 3461 3934; x_wconf 84' lang='grc' dir='ltr'>γὰρ</span> <span class='ocrx_word' id='word_1_618' title='bbox 3510 3860 3545 3926; x_wconf 82' lang='grc' dir='ltr'>ἡ</span> <span class='ocrx_word' id='word_1_619' title='bbox 3602 3858 3794 3936; x_wconf 77' lang='grc' dir='ltr'>Γραφὴ</span> 
     </span>
    </p>
   </div>
   <div class='ocr_carea' id='block_1_79' title="bbox 343 3936 2003 4009">
    <p class='ocr_par' dir='ltr' id='par_1_79' title="bbox 343 3936 2003 4009">
     <span class='ocr_line' id='line_1_79' title="bbox 343 3936 2003 4009; baseline 0.006 -23"><span class='ocrx_word' id='word_1_620' title='bbox 343 3958 372 3985; x_wconf 87' lang='grc'>‹‹</span> <span class='ocrx_word' id='word_1_621' title='bbox 399 3936 559 3991; x_wconf 85' lang='lat' dir='ltr'>enim</span> <span class='ocrx_word' id='word_1_622' title='bbox 576 3936 1035 4009; x_wconf 85' lang='lat' dir='ltr'>dicitScriptura</span> <span class='ocrx_word' id='word_1_623' title='bbox 1048 3938 1651 3995; x_wconf 81' lang='lat' dir='ltr'>?CrediditAbraham</span> <span class='ocrx_word' id='word_1_624' title='bbox 1674 3941 1819 4008; x_wconf 91' lang='lat' dir='ltr'>Deo,</span> <span class='ocrx_word' id='word_1_625' title='bbox 1840 3947 1897 3995; x_wconf 89' lang='lat' dir='ltr'>et</span> <span class='ocrx_word' id='word_1_626' title='bbox 1922 3942 2003 3996; x_wconf 90' lang='lat' dir='ltr'>im</span> 
     </span>
    </p>
   </div>
   <div class='ocr_carea' id='block_1_80' title="bbox 345 4027 2001 4101">
    <p class='ocr_par' dir='ltr' id='par_1_80' title="bbox 345 4027 2001 4101">
     <span class='ocr_line' id='line_1_80' title="bbox 345 4027 2001 4101; baseline 0.005 -25"><span class='ocrx_word' id='word_1_627' title='bbox 345 4048 373 4076; x_wconf 87' lang='grc'><em>‹‹</em></span> <span class='ocrx_word' id='word_1_628' title='bbox 398 4031 671 4097; x_wconf 89' lang='lat' dir='ltr'>putatum</span> <span class='ocrx_word' id='word_1_629' title='bbox 695 4031 785 4082; x_wconf 89' lang='lat' dir='ltr'>est</span> <span class='ocrx_word' id='word_1_630' title='bbox 805 4027 891 4081; x_wconf 88' lang='lat' dir='ltr'>illi</span> <span class='ocrx_word' id='word_1_631' title='bbox 910 4027 984 4082; x_wconf 92' lang='lat' dir='ltr'>ad</span> <span class='ocrx_word' id='word_1_632' title='bbox 1000 4028 1401 4098; x_wconf 89' lang='lat' dir='ltr'>justitiam.Ei</span> <span class='ocrx_word' id='word_1_633' title='bbox 1420 4045 1556 4083; x_wconf 91' lang='lat' dir='ltr'>vero</span> <span class='ocrx_word' id='word_1_634' title='bbox 1575 4030 1676 4099; x_wconf 92' lang='lat' dir='ltr'>qui</span> <span class='ocrx_word' id='word_1_635' title='bbox 1700 4035 2001 4101; x_wconf 88' lang='lat' dir='ltr'>operatur,</span> 
     </span>
    </p>
   </div>
   <div class='ocr_carea' id='block_1_81' title="bbox 344 4115 2012 4190">
    <p class='ocr_par' dir='ltr' id='par_1_81' title="bbox 344 4115 2012 4190">
     <span class='ocr_line' id='line_1_81' title="bbox 344 4115 2012 4190; baseline 0.007 -26"><span class='ocrx_word' id='word_1_636' title='bbox 344 4136 365 4164; x_wconf 75' lang='grc' dir='ltr'>ι</span> <span class='ocrx_word' id='word_1_637' title='bbox 397 4131 628 4170; x_wconf 89' lang='lat' dir='ltr'>merces</span> <span class='ocrx_word' id='word_1_638' title='bbox 643 4131 765 4170; x_wconf 91' lang='lat' dir='ltr'>non</span> <span class='ocrx_word' id='word_1_639' title='bbox 788 4115 1117 4187; x_wconf 90' lang='lat' dir='ltr'>imputatur</span> <span class='ocrx_word' id='word_1_640' title='bbox 1136 4116 1469 4172; x_wconf 87' lang='lat' dir='ltr'>secundum</span> <span class='ocrx_word' id='word_1_641' title='bbox 1493 4118 1769 4190; x_wconf 84' lang='lat' dir='ltr'>gratiam,</span> <span class='ocrx_word' id='word_1_642' title='bbox 1789 4118 1894 4174; x_wconf 90' lang='lat' dir='ltr'>sed</span> <span class='ocrx_word' id='word_1_643' title='bbox 1916 4136 2012 4175; x_wconf 91' lang='lat' dir='ltr'>se—</span> 
     </span>
    </p>
   </div>
   <div class='ocr_carea' id='block_1_82' title="bbox 340 4202 2015 4277">
    <p class='ocr_par' dir='ltr' id='par_1_82' title="bbox 340 4202 2015 4277">
     <span class='ocr_line' id='line_1_82' title="bbox 340 4202 2015 4277; baseline 0.005 -23"><span class='ocrx_word' id='word_1_644' title='bbox 340 4225 368 4253; x_wconf 88' lang='grc'>‹‹</span> <span class='ocrx_word' id='word_1_645' title='bbox 396 4203 659 4258; x_wconf 89' lang='lat' dir='ltr'>cundum</span> <span class='ocrx_word' id='word_1_646' title='bbox 684 4202 970 4260; x_wconf 90' lang='lat' dir='ltr'>debitum.</span> <span class='ocrx_word' id='word_1_647' title='bbox 992 4206 1055 4259; x_wconf 88' lang='lat' dir='ltr'>Ei</span> <span class='ocrx_word' id='word_1_648' title='bbox 1081 4212 1279 4260; x_wconf 88' lang='lat' dir='ltr'>autem</span> <span class='ocrx_word' id='word_1_649' title='bbox 1301 4206 1399 4275; x_wconf 91' lang='lat' dir='ltr'>qui</span> <span class='ocrx_word' id='word_1_650' title='bbox 1429 4223 1551 4261; x_wconf 92' lang='lat' dir='ltr'>non</span> <span class='ocrx_word' id='word_1_651' title='bbox 1576 4212 1879 4277; x_wconf 89' lang='lat' dir='ltr'>operatur,</span> <span class='ocrx_word' id='word_1_652' title='bbox 1910 4208 2015 4264; x_wconf 89' lang='lat' dir='ltr'>sed</span> 
     </span>
    </p>
   </div>
   <div class='ocr_carea' id='block_1_83' title="bbox 341 4291 2020 4368">
    <p class='ocr_par' dir='ltr' id='par_1_83' title="bbox 341 4291 2020 4368">
     <span class='ocr_line' id='line_1_83' title="bbox 341 4291 2020 4368; baseline 0.002 -25"><span class='ocrx_word' id='word_1_653' title='bbox 341 4314 369 4343; x_wconf 85' lang='lat'><strong>«</strong></span> <span class='ocrx_word' id='word_1_654' title='bbox 397 4291 656 4346; x_wconf 89' lang='lat' dir='ltr'>creditin</span> <span class='ocrx_word' id='word_1_655' title='bbox 671 4308 805 4346; x_wconf 91' lang='lat' dir='ltr'>eum</span> <span class='ocrx_word' id='word_1_656' title='bbox 828 4292 1232 4364; x_wconf 85' lang='lat' dir='ltr'>quijustificat</span> <span class='ocrx_word' id='word_1_657' title='bbox 1248 4294 1674 4365; x_wconf 82' lang='lat' dir='ltr'>impium,ﬁdes</span> <span class='ocrx_word' id='word_1_658' title='bbox 1690 4296 1816 4368; x_wconf 83' lang='lat' dir='ltr'>ejus</span> <span class='ocrx_word' id='word_1_659' title='bbox 1831 4297 2020 4368; x_wconf 89' lang='lat' dir='ltr'>impu-</span> 
     </span>
    </p>
   </div>
   <div class='ocr_carea' id='block_1_84' title="bbox 342 4380 2014 4453">
    <p class='ocr_par' dir='ltr' id='par_1_84' title="bbox 342 4380 2014 4453">
     <span class='ocr_line' id='line_1_84' title="bbox 342 4380 2014 4453; baseline 0.007 -24"><span class='ocrx_word' id='word_1_660' title='bbox 342 4386 556 4436; x_wconf 86' lang='lat' dir='ltr'>«tatur</span> <span class='ocrx_word' id='word_1_661' title='bbox 583 4380 993 4453; x_wconf 90' lang='lat' dir='ltr'>adjustitiam.</span> <span class='ocrx_word' id='word_1_662' title='bbox 1020 4382 1174 4438; x_wconf 73' lang='lat'>248</span> <span class='ocrx_word' id='word_1_663' title='bbox 1206 4382 1717 4447; x_wconf 87' lang='lat' dir='ltr'>Quemadmodum</span> <span class='ocrx_word' id='word_1_664' title='bbox 1747 4390 1804 4441; x_wconf 87' lang='lat' dir='ltr'>et</span> <span class='ocrx_word' id='word_1_665' title='bbox 1832 4385 2014 4440; x_wconf 89' lang='lat' dir='ltr'>David</span> 
     </span>
    </p>
   </div>
   <div class='ocr_carea' id='block_1_85' title="bbox 345 4468 2016 4547">
    <p class='ocr_par' dir='ltr' id='par_1_85' title="bbox 345 4468 2016 4547">
     <span class='ocr_line' id='line_1_85' title="bbox 345 4468 2016 4547; baseline 0.005 -25"><span class='ocrx_word' id='word_1_666' title='bbox 345 4490 369 4522; x_wconf 78' lang='grc' dir='ltr'>α</span> <span class='ocrx_word' id='word_1_667' title='bbox 395 4468 898 4525; x_wconf 70' lang='lat' dir='ltr'>beatiﬁcationem</span> <span class='ocrx_word' id='word_1_668' title='bbox 931 4471 1192 4526; x_wconf 88' lang='lat' dir='ltr'>hominis</span> <span class='ocrx_word' id='word_1_669' title='bbox 1227 4472 1389 4541; x_wconf 88' lang='lat' dir='ltr'>dicit,</span> <span class='ocrx_word' id='word_1_670' title='bbox 1426 4474 1517 4528; x_wconf 91' lang='lat' dir='ltr'>cui</span> <span class='ocrx_word' id='word_1_671' title='bbox 1570 4476 1725 4529; x_wconf 62' lang='lat' dir='ltr'>Deus</span> <span class='ocrx_word' id='word_1_672' title='bbox 1757 4476 2016 4547; x_wconf 89' lang='lat' dir='ltr'>imputat</span> 
     </span>
    </p>
   </div>
   <div class='ocr_carea' id='block_1_86' title="bbox 350 4561 2015 4635">
    <p class='ocr_par' dir='ltr' id='par_1_86' title="bbox 350 4561 2015 4635">
     <span class='ocr_line' id='line_1_86' title="bbox 350 4561 2015 4635; baseline 0.006 -22"><span class='ocrx_word' id='word_1_673' title='bbox 350 4561 689 4634; x_wconf 72' lang='lat' dir='ltr'>«justitiam</span> <span class='ocrx_word' id='word_1_674' title='bbox 706 4563 1175 4634; x_wconf 79' lang='lat' dir='ltr'>operibuszBeati</span> <span class='ocrx_word' id='word_1_675' title='bbox 1196 4581 1450 4635; x_wconf 92' lang='lat' dir='ltr'>quorum</span> <span class='ocrx_word' id='word_1_676' title='bbox 1467 4566 1731 4622; x_wconf 63' lang='lat' dir='ltr'>remissae</span> <span class='ocrx_word' id='word_1_677' title='bbox 1748 4575 1889 4623; x_wconf 90' lang='lat' dir='ltr'>sunt</span> <span class='ocrx_word' id='word_1_678' title='bbox 1903 4569 2015 4623; x_wconf 91' lang='lat' dir='ltr'>ini-</span> 
     </span>
    </p>
   </div>
   <div class='ocr_carea' id='block_1_87' title="bbox 351 4652 2010 4727">
    <p class='ocr_par' dir='ltr' id='par_1_87' title="bbox 351 4652 2010 4727">
     <span class='ocr_line' id='line_1_87' title="bbox 351 4652 2010 4727; baseline 0.007 -24"><span class='ocrx_word' id='word_1_679' title='bbox 351 4674 372 4703; x_wconf 73' lang='grc' dir='ltr'>ι</span> <span class='ocrx_word' id='word_1_680' title='bbox 400 4652 676 4725; x_wconf 90' lang='lat' dir='ltr'>quitates,</span> <span class='ocrx_word' id='word_1_681' title='bbox 706 4659 763 4709; x_wconf 91' lang='lat' dir='ltr'>et</span> <span class='ocrx_word' id='word_1_682' title='bbox 784 4671 1036 4725; x_wconf 90' lang='lat' dir='ltr'>quorum</span> <span class='ocrx_word' id='word_1_683' title='bbox 1061 4660 1215 4711; x_wconf 88' lang='lat' dir='ltr'>tecta</span> <span class='ocrx_word' id='word_1_684' title='bbox 1239 4661 1380 4711; x_wconf 92' lang='lat' dir='ltr'>sunt</span> <span class='ocrx_word' id='word_1_685' title='bbox 1402 4663 1661 4727; x_wconf 91' lang='lat' dir='ltr'>peccata.</span> <span class='ocrx_word' id='word_1_686' title='bbox 1688 4659 1902 4715; x_wconf 90' lang='lat' dir='ltr'>Beatus</span> <span class='ocrx_word' id='word_1_687' title='bbox 1925 4660 2010 4714; x_wconf 90' lang='lat' dir='ltr'>vir</span> 
     </span>
    </p>
   </div>
   <div class='ocr_carea' id='block_1_88' title="bbox 345 4737 1805 4811">
    <p class='ocr_par' dir='ltr' id='par_1_88' title="bbox 345 4737 1805 4811">
     <span class='ocr_line' id='line_1_88' title="bbox 345 4737 1805 4811; baseline 0.002 -24"><span class='ocrx_word' id='word_1_688' title='bbox 345 4760 373 4788; x_wconf 80' lang='grc' dir='ltr'>ι(</span> <span class='ocrx_word' id='word_1_689' title='bbox 409 4737 503 4792; x_wconf 92' lang='lat' dir='ltr'>cui</span> <span class='ocrx_word' id='word_1_690' title='bbox 535 4753 656 4794; x_wconf 90' lang='lat' dir='ltr'>non</span> <span class='ocrx_word' id='word_1_691' title='bbox 686 4737 1067 4808; x_wconf 90' lang='lat' dir='ltr'>imputaverit</span> <span class='ocrx_word' id='word_1_692' title='bbox 1094 4739 1380 4793; x_wconf 84' lang='lat' dir='ltr'>Dominus</span> <span class='ocrx_word' id='word_1_693' title='bbox 1411 4746 1740 4811; x_wconf 88' lang='lat' dir='ltr'>peccatum.</span> <span class='ocrx_word' id='word_1_694' title='bbox 1776 4762 1805 4791; x_wconf 84' lang='lat'>»</span> 
     </span>
    </p>
   </div>
   <div class='ocr_carea' id='block_1_89' title="bbox 417 4922 2007 4996">
    <p class='ocr_par' dir='ltr' id='par_1_89' title="bbox 417 4922 2007 4996">
     <span class='ocr_line' id='line_1_89' title="bbox 417 4922 2007 4996; baseline 0.003 -21"><span class='ocrx_word' id='word_1_695' title='bbox 417 4943 445 4971; x_wconf 88' lang='lat'>«</span> <span class='ocrx_word' id='word_1_696' title='bbox 478 4922 623 4976; x_wconf 84' lang='lat' dir='ltr'>Nam</span> <span class='ocrx_word' id='word_1_697' title='bbox 655 4923 703 4977; x_wconf 86' lang='lat' dir='ltr'>si</span> <span class='ocrx_word' id='word_1_698' title='bbox 746 4922 1065 4979; x_wconf 85' lang='lat' dir='ltr'>Abraham.</span> <span class='ocrx_word' id='word_1_699' title='bbox 1110 4945 1137 4973; x_wconf 69' lang='grc' dir='ltr'>»ι</span> <span class='ocrx_word' id='word_1_700' title='bbox 1203 4925 1327 4978; x_wconf 92' lang='lat' dir='ltr'>Duo</span> <span class='ocrx_word' id='word_1_701' title='bbox 1389 4925 1669 4989; x_wconf 85' lang='lat' dir='ltr'>ostendit,</span> <span class='ocrx_word' id='word_1_702' title='bbox 1733 4930 1791 4980; x_wconf 90' lang='lat' dir='ltr'>et</span> <span class='ocrx_word' id='word_1_703' title='bbox 1848 4924 2007 4996; x_wconf 91' lang='lat' dir='ltr'>quod</span> 
     </span>
    </p>
   </div>
   <div class='ocr_carea' id='block_1_90' title="bbox 345 5012 2011 5087">
    <p class='ocr_par' dir='ltr' id='par_1_90' title="bbox 345 5012 2011 5087">
     <span class='ocr_line' id='line_1_90' title="bbox 345 5012 2011 5087; baseline 0.002 -19"><span class='ocrx_word' id='word_1_704' title='bbox 345 5012 645 5068; x_wconf 78' lang='lat' dir='ltr'>Abraham</span> <span class='ocrx_word' id='word_1_705' title='bbox 678 5029 747 5067; x_wconf 83' lang='lat' dir='ltr'>ex</span> <span class='ocrx_word' id='word_1_706' title='bbox 781 5013 894 5069; x_wconf 81' lang='lat' dir='ltr'>fide</span> <span class='ocrx_word' id='word_1_707' title='bbox 916 5015 1281 5086; x_wconf 79' lang='lat' dir='ltr'>justiﬂcatus</span> <span class='ocrx_word' id='word_1_708' title='bbox 1309 5015 1403 5079; x_wconf 88' lang='lat' dir='ltr'>sit,</span> <span class='ocrx_word' id='word_1_709' title='bbox 1430 5020 1490 5069; x_wconf 90' lang='lat' dir='ltr'>et</span> <span class='ocrx_word' id='word_1_710' title='bbox 1519 5015 1677 5086; x_wconf 92' lang='lat' dir='ltr'>quod</span> <span class='ocrx_word' id='word_1_711' title='bbox 1709 5016 1903 5087; x_wconf 88' lang='lat' dir='ltr'>major</span> <span class='ocrx_word' id='word_1_712' title='bbox 1933 5016 2011 5071; x_wconf 87' lang='lat' dir='ltr'>sit</span> 
     </span>
    </p>
   </div>
   <div class='ocr_carea' id='block_1_91' title="bbox 334 5100 2006 5177">
    <p class='ocr_par' dir='ltr' id='par_1_91' title="bbox 334 5100 2006 5177">
     <span class='ocr_line' id='line_1_91' title="bbox 334 5100 2006 5177; baseline 0.004 -23"><span class='ocrx_word' id='word_1_713' title='bbox 334 5100 595 5176; x_wconf 84' lang='lat' dir='ltr'>justitia,</span> <span class='ocrx_word' id='word_1_714' title='bbox 630 5119 762 5172; x_wconf 67' lang='lat' dir='ltr'>quas</span> <span class='ocrx_word' id='word_1_715' title='bbox 791 5120 893 5174; x_wconf 90' lang='lat' dir='ltr'>per</span> <span class='ocrx_word' id='word_1_716' title='bbox 923 5103 1103 5159; x_wconf 86' lang='lat' dir='ltr'>ﬁdem</span> <span class='ocrx_word' id='word_1_717' title='bbox 1136 5110 1243 5159; x_wconf 90' lang='lat' dir='ltr'>est.</span> <span class='ocrx_word' id='word_1_718' title='bbox 1271 5104 1366 5158; x_wconf 89' lang='lat' dir='ltr'>Ait</span> <span class='ocrx_word' id='word_1_719' title='bbox 1408 5120 1545 5177; x_wconf 88' lang='lat' dir='ltr'>ergo</span> <span class='ocrx_word' id='word_1_720' title='bbox 1573 5121 1585 5158; x_wconf 90' lang='lat'>:</span> <span class='ocrx_word' id='word_1_721' title='bbox 1620 5104 1677 5158; x_wconf 90' lang='lat' dir='ltr'>Si</span> <span class='ocrx_word' id='word_1_722' title='bbox 1711 5121 1778 5159; x_wconf 84' lang='lat' dir='ltr'>ex</span> <span class='ocrx_word' id='word_1_723' title='bbox 1810 5104 2006 5177; x_wconf 88' lang='lat' dir='ltr'>operi-</span> 
     </span>
    </p>
   </div>
   <div class='ocr_carea' id='block_1_92' title="bbox 345 5189 2006 5266">
    <p class='ocr_par' dir='ltr' id='par_1_92' title="bbox 345 5189 2006 5266">
     <span class='ocr_line' id='line_1_92' title="bbox 345 5189 2006 5266; baseline 0.002 -23"><span class='ocrx_word' id='word_1_724' title='bbox 345 5189 458 5244; x_wconf 88' lang='lat' dir='ltr'>bus</span> <span class='ocrx_word' id='word_1_725' title='bbox 480 5190 778 5261; x_wconf 87' lang='lat' dir='ltr'>rectisque</span> <span class='ocrx_word' id='word_1_726' title='bbox 800 5192 1516 5263; x_wconf 83' lang='lat' dir='ltr'>actionibusjustiﬁcatus</span> <span class='ocrx_word' id='word_1_727' title='bbox 1539 5200 1648 5260; x_wconf 91' lang='lat' dir='ltr'>est,</span> <span class='ocrx_word' id='word_1_728' title='bbox 1676 5193 1856 5249; x_wconf 90' lang='lat' dir='ltr'>habet</span> <span class='ocrx_word' id='word_1_729' title='bbox 1877 5193 2006 5266; x_wconf 91' lang='lat' dir='ltr'>qui-</span> 
     </span>
    </p>
   </div>
   <div class='ocr_carea' id='block_1_93' title="bbox 349 5279 2006 5355">
    <p class='ocr_par' dir='ltr' id='par_1_93' title="bbox 349 5279 2006 5355">
     <span class='ocr_line' id='line_1_93' title="bbox 349 5279 2006 5355; baseline 0.002 -20"><span class='ocrx_word' id='word_1_730' title='bbox 349 5280 483 5335; x_wconf 88' lang='lat' dir='ltr'>dem</span> <span class='ocrx_word' id='word_1_731' title='bbox 517 5279 673 5351; x_wconf 90' lang='lat' dir='ltr'>quod</span> <span class='ocrx_word' id='word_1_732' title='bbox 706 5281 1027 5353; x_wconf 85' lang='lat' dir='ltr'>glorietur:</span> <span class='ocrx_word' id='word_1_733' title='bbox 1074 5288 1135 5338; x_wconf 89' lang='lat' dir='ltr'>at</span> <span class='ocrx_word' id='word_1_734' title='bbox 1184 5300 1305 5338; x_wconf 90' lang='lat' dir='ltr'>non</span> <span class='ocrx_word' id='word_1_735' title='bbox 1359 5283 1516 5355; x_wconf 89' lang='lat' dir='ltr'>apud</span> <span class='ocrx_word' id='word_1_736' title='bbox 1568 5284 1777 5352; x_wconf 89' lang='lat' dir='ltr'>Deum,</span> <span class='ocrx_word' id='word_1_737' title='bbox 1809 5284 1911 5340; x_wconf 90' lang='lat' dir='ltr'>sed</span> <span class='ocrx_word' id='word_1_738' title='bbox 1944 5285 2006 5339; x_wconf 91' lang='lat' dir='ltr'>in</span> 
     </span>
    </p>
   </div>
   <div class='ocr_carea' id='block_1_94' title="bbox 350 5369 2005 5443">
    <p class='ocr_par' dir='ltr' id='par_1_94' title="bbox 350 5369 2005 5443">
     <span class='ocr_line' id='line_1_94' title="bbox 350 5369 2005 5443; baseline 0.003 -19"><span class='ocrx_word' id='word_1_739' title='bbox 350 5369 569 5440; x_wconf 90' lang='lat' dir='ltr'>seipso,</span> <span class='ocrx_word' id='word_1_740' title='bbox 603 5374 668 5423; x_wconf 93' lang='lat' dir='ltr'>ut</span> <span class='ocrx_word' id='word_1_741' title='bbox 697 5370 797 5441; x_wconf 90' lang='lat' dir='ltr'>qui</span> <span class='ocrx_word' id='word_1_742' title='bbox 826 5371 979 5426; x_wconf 89' lang='lat' dir='ltr'>bene</span> <span class='ocrx_word' id='word_1_743' title='bbox 1011 5378 1288 5443; x_wconf 88' lang='lat' dir='ltr'>operatus</span> <span class='ocrx_word' id='word_1_744' title='bbox 1321 5372 1434 5427; x_wconf 89' lang='lat' dir='ltr'>sit:</span> <span class='ocrx_word' id='word_1_745' title='bbox 1486 5372 1585 5443; x_wconf 90' lang='lat' dir='ltr'>qui</span> <span class='ocrx_word' id='word_1_746' title='bbox 1618 5389 1753 5428; x_wconf 89' lang='lat' dir='ltr'>vero</span> <span class='ocrx_word' id='word_1_747' title='bbox 1788 5391 1857 5428; x_wconf 86' lang='lat' dir='ltr'>ex</span> <span class='ocrx_word' id='word_1_748' title='bbox 1888 5373 2005 5430; x_wconf 84' lang='lat' dir='ltr'>fide</span> 
     </span>
    </p>
   </div>
   <div class='ocr_carea' id='block_1_95' title="bbox 339 5458 2004 5537">
    <p class='ocr_par' dir='ltr' id='par_1_95' title="bbox 339 5458 2004 5537">
     <span class='ocr_line' id='line_1_95' title="bbox 339 5458 2004 5537; baseline 0.004 -25"><span class='ocrx_word' id='word_1_749' title='bbox 339 5458 707 5530; x_wconf 82' lang='lat' dir='ltr'>justiﬁcatus</span> <span class='ocrx_word' id='word_1_750' title='bbox 739 5464 847 5529; x_wconf 86' lang='lat' dir='ltr'>est,</span> <span class='ocrx_word' id='word_1_751' title='bbox 874 5459 1012 5530; x_wconf 90' lang='lat' dir='ltr'>quia</span> <span class='ocrx_word' id='word_1_752' title='bbox 1040 5476 1161 5515; x_wconf 89' lang='lat' dir='ltr'>non</span> <span class='ocrx_word' id='word_1_753' title='bbox 1186 5467 1381 5533; x_wconf 88' lang='lat' dir='ltr'>potest</span> <span class='ocrx_word' id='word_1_754' title='bbox 1409 5461 1565 5534; x_wconf 89' lang='lat' dir='ltr'>apud</span> <span class='ocrx_word' id='word_1_755' title='bbox 1592 5463 1854 5535; x_wconf 90' lang='lat' dir='ltr'>seipsum</span> <span class='ocrx_word' id='word_1_756' title='bbox 1881 5463 2004 5537; x_wconf 85' lang='lat' dir='ltr'>glo-</span> 
     </span>
    </p>
   </div>
   <div class='ocr_carea' id='block_1_96' title="bbox 345 5547 2003 5625">
    <p class='ocr_par' dir='ltr' id='par_1_96' title="bbox 345 5547 2003 5625">
     <span class='ocr_line' id='line_1_96' title="bbox 345 5547 2003 5625; baseline 0.006 -23"><span class='ocrx_word' id='word_1_757' title='bbox 345 5547 511 5617; x_wconf 86' lang='lat' dir='ltr'>riari,</span> <span class='ocrx_word' id='word_1_758' title='bbox 545 5548 781 5605; x_wconf 87' lang='lat' dir='ltr'>nullum</span> <span class='ocrx_word' id='word_1_759' title='bbox 814 5548 974 5604; x_wconf 91' lang='lat' dir='ltr'>enim</span> <span class='ocrx_word' id='word_1_760' title='bbox 1005 5565 1155 5620; x_wconf 90' lang='lat' dir='ltr'>opus</span> <span class='ocrx_word' id='word_1_761' title='bbox 1185 5557 1464 5623; x_wconf 88' lang='lat' dir='ltr'>operatus</span> <span class='ocrx_word' id='word_1_762' title='bbox 1492 5556 1599 5624; x_wconf 87' lang='lat' dir='ltr'>est,</span> <span class='ocrx_word' id='word_1_763' title='bbox 1633 5553 1789 5625; x_wconf 90' lang='lat' dir='ltr'>apud</span> <span class='ocrx_word' id='word_1_764' title='bbox 1818 5554 2003 5612; x_wconf 90' lang='lat' dir='ltr'>Deum</span> 
     </span>
    </p>
   </div>
   <div class='ocr_carea' id='block_1_97' title="bbox 424 5673 928 5743">
    <p class='ocr_par' dir='ltr' id='par_1_97' title="bbox 424 5673 928 5743">
     <span class='ocr_line' id='line_1_97' title="bbox 424 5673 928 5743; baseline -0.01 -9"><span class='ocrx_word' id='word_1_765' title='bbox 424 5673 472 5711; x_wconf 79' lang='grc'>¹⁴</span> <span class='ocrx_word' id='word_1_766' title='bbox 505 5677 673 5733; x_wconf 86' lang='lat' dir='ltr'>Rom.</span> <span class='ocrx_word' id='word_1_767' title='bbox 709 5693 789 5743; x_wconf 75' lang='lat' dir='ltr'>xx,</span> <span class='ocrx_word' id='word_1_768' title='bbox 811 5692 928 5731; x_wconf 79' lang='lat' dir='ltr'>vui.</span> 
     </span>
    </p>
   </div>
   <div class='ocr_carea' id='block_1_98' title="bbox 2135 3941 3792 4022">
    <p class='ocr_par' dir='ltr' id='par_1_98' title="bbox 2135 3941 3792 4022">
     <span class='ocr_line' id='line_1_98' title="bbox 2135 3941 3792 4022; baseline 0.002 -24"><span class='ocrx_word' id='word_1_769' title='bbox 2135 3941 2331 4019; x_wconf 75' lang='grc' dir='ltr'>λέγεις</span> <span class='ocrx_word' id='word_1_770' title='bbox 2391 3945 2703 4002; x_wconf 81' lang='grc' dir='ltr'>Ἐπίστευσε</span> <span class='ocrx_word' id='word_1_771' title='bbox 2762 3943 2820 4001; x_wconf 73' lang='grc' dir='ltr'>δὲ</span> <span class='ocrx_word' id='word_1_772' title='bbox 2872 3942 3125 4022; x_wconf 83' lang='grc' dir='ltr'>’Δϐραὰμ</span> <span class='ocrx_word' id='word_1_773' title='bbox 3179 3951 3258 4019; x_wconf 79' lang='grc' dir='ltr'>τῷ</span> <span class='ocrx_word' id='word_1_774' title='bbox 3316 3951 3452 4019; x_wconf 80' lang='grc' dir='ltr'>Θεῷ,</span> <span class='ocrx_word' id='word_1_775' title='bbox 3512 3946 3602 4002; x_wconf 80' lang='grc' dir='ltr'>καὶ</span> <span class='ocrx_word' id='word_1_776' title='bbox 3659 3945 3792 4002; x_wconf 82' lang='grc' dir='ltr'>ἐλο-</span> 
     </span>
    </p>
   </div>
   <div class='ocr_carea' id='block_1_99' title="bbox 2131 4031 3790 4112">
    <p class='ocr_par' dir='ltr' id='par_1_99' title="bbox 2131 4031 3790 4112">
     <span class='ocr_line' id='line_1_99' title="bbox 2131 4031 3790 4112; baseline 0.004 -27"><span class='ocrx_word' id='word_1_777' title='bbox 2131 4031 2293 4106; x_wconf 89' lang='grc' dir='ltr'>γίσθη</span> <span class='ocrx_word' id='word_1_778' title='bbox 2370 4032 2519 4105; x_wconf 80' lang='grc' dir='ltr'>αὐτῷ</span> <span class='ocrx_word' id='word_1_779' title='bbox 2594 4034 2671 4096; x_wconf 88' lang='grc' dir='ltr'>εἰς</span> <span class='ocrx_word' id='word_1_780' title='bbox 2732 4032 3097 4107; x_wconf 83' lang='grc' dir='ltr'>δικαιοσύνην.</span> <span class='ocrx_word' id='word_1_781' title='bbox 3167 4039 3253 4106; x_wconf 81' lang='grc' dir='ltr'>Τῷ</span> <span class='ocrx_word' id='word_1_782' title='bbox 3311 4032 3369 4091; x_wconf 79' lang='grc' dir='ltr'>δέ</span> <span class='ocrx_word' id='word_1_783' title='bbox 3443 4033 3790 4112; x_wconf 81' lang='grc' dir='ltr'>ἐργαζομένῳ</span> 
     </span>
    </p>
   </div>
   <div class='ocr_carea' id='block_1_100' title="bbox 2133 4120 3790 4203">
    <p class='ocr_par' dir='ltr' id='par_1_100' title="bbox 2133 4120 3790 4203">
     <span class='ocr_line' id='line_1_100' title="bbox 2133 4120 3790 4203; baseline 0.005 -30"><span class='ocrx_word' id='word_1_784' title='bbox 2133 4120 2160 4173; x_wconf 88' lang='lat'>6</span> <span class='ocrx_word' id='word_1_785' title='bbox 2214 4123 2406 4194; x_wconf 83' lang='grc' dir='ltr'>μισθὸς</span> <span class='ocrx_word' id='word_1_786' title='bbox 2460 4123 2522 4178; x_wconf 81' lang='grc' dir='ltr'>ού</span> <span class='ocrx_word' id='word_1_787' title='bbox 2584 4122 2865 4198; x_wconf 89' lang='grc' dir='ltr'>λογίζεται</span> <span class='ocrx_word' id='word_1_788' title='bbox 2920 4125 3058 4181; x_wconf 74' lang='grc' dir='ltr'>κατὰ.</span> <span class='ocrx_word' id='word_1_789' title='bbox 3115 4128 3298 4203; x_wconf 86' lang='grc' dir='ltr'>χάριν,</span> <span class='ocrx_word' id='word_1_790' title='bbox 3356 4124 3505 4182; x_wconf 83' lang='grc' dir='ltr'>ἀλλὰ</span> <span class='ocrx_word' id='word_1_791' title='bbox 3559 4126 3697 4181; x_wconf 86' lang='grc' dir='ltr'>κατὰ</span> <span class='ocrx_word' id='word_1_792' title='bbox 3727 4127 3790 4182; x_wconf 90' lang='grc' dir='ltr'>τὸ</span> 
     </span>
    </p>
   </div>
   <div class='ocr_carea' id='block_1_101' title="bbox 2131 4208 3790 4291">
    <p class='ocr_par' dir='ltr' id='par_1_101' title="bbox 2131 4208 3790 4291">
     <span class='ocr_line' id='line_1_101' title="bbox 2131 4208 3790 4291; baseline 0.005 -29"><span class='ocrx_word' id='word_1_793' title='bbox 2131 4208 2431 4287; x_wconf 73' lang='grc' dir='ltr'>ὀφείλημα.</span> <span class='ocrx_word' id='word_1_794' title='bbox 2485 4215 2572 4285; x_wconf 81' lang='grc' dir='ltr'>Τῷ</span> <span class='ocrx_word' id='word_1_795' title='bbox 2648 4210 2705 4269; x_wconf 77' lang='grc' dir='ltr'>δὲ</span> <span class='ocrx_word' id='word_1_796' title='bbox 2784 4217 2893 4288; x_wconf 78' lang='grc' dir='ltr'>μὴ.</span> <span class='ocrx_word' id='word_1_797' title='bbox 2938 4214 3301 4291; x_wconf 78' lang='grc' dir='ltr'>ἐργαζομένῳ,</span> <span class='ocrx_word' id='word_1_798' title='bbox 3365 4215 3670 4271; x_wconf 85' lang='grc' dir='ltr'>πιστεύοντι</span> <span class='ocrx_word' id='word_1_799' title='bbox 3730 4213 3790 4271; x_wconf 66' lang='grc' dir='ltr'>δὲ</span> 
     </span>
    </p>
   </div>
   <div class='ocr_carea' id='block_1_102' title="bbox 2128 4296 3791 4382">
    <p class='ocr_par' dir='ltr' id='par_1_102' title="bbox 2128 4296 3791 4382">
     <span class='ocr_line' id='line_1_102' title="bbox 2128 4296 3791 4382; baseline 0.004 -29"><span class='ocrx_word' id='word_1_800' title='bbox 2128 4296 2214 4354; x_wconf 77' lang='grc' dir='ltr'>ἐπὶ</span> <span class='ocrx_word' id='word_1_801' title='bbox 2284 4300 2374 4355; x_wconf 87' lang='grc' dir='ltr'>τὸν</span> <span class='ocrx_word' id='word_1_802' title='bbox 2444 4299 2760 4373; x_wconf 83' lang='grc' dir='ltr'>δικαιοῦντα</span> <span class='ocrx_word' id='word_1_803' title='bbox 2821 4305 2912 4359; x_wconf 88' lang='grc' dir='ltr'>τὸν</span> <span class='ocrx_word' id='word_1_804' title='bbox 2979 4299 3175 4375; x_wconf 79' lang='grc' dir='ltr'>ἀσεϐῆ,</span> <span class='ocrx_word' id='word_1_805' title='bbox 3243 4303 3521 4382; x_wconf 85' lang='grc' dir='ltr'>λογίζεται</span> <span class='ocrx_word' id='word_1_806' title='bbox 3587 4307 3622 4375; x_wconf 75' lang='grc' dir='ltr'>ἡ</span> <span class='ocrx_word' id='word_1_807' title='bbox 3688 4307 3791 4360; x_wconf 86' lang='grc' dir='ltr'>πί·-</span> 
     </span>
    </p>
   </div>
   <div class='ocr_carea' id='block_1_103' title="bbox 2127 4389 3789 4472">
    <p class='ocr_par' dir='ltr' id='par_1_103' title="bbox 2127 4389 3789 4472">
     <span class='ocr_line' id='line_1_103' title="bbox 2127 4389 3789 4472; baseline 0.005 -30"><span class='ocrx_word' id='word_1_808' title='bbox 2127 4410 2241 4452; x_wconf 87' lang='grc' dir='ltr'>στις</span> <span class='ocrx_word' id='word_1_809' title='bbox 2310 4390 2475 4447; x_wconf 75' lang='grc' dir='ltr'>αὐτοῦ</span> <span class='ocrx_word' id='word_1_810' title='bbox 2547 4392 2622 4455; x_wconf 80' lang='grc' dir='ltr'>εἰς</span> <span class='ocrx_word' id='word_1_811' title='bbox 2689 4389 3058 4464; x_wconf 88' lang='grc' dir='ltr'>δικαιοσύνην.</span> <span class='ocrx_word' id='word_1_812' title='bbox 3142 4394 3395 4472; x_wconf 87' lang='grc' dir='ltr'>Καθάπερ</span> <span class='ocrx_word' id='word_1_813' title='bbox 3461 4396 3551 4451; x_wconf 84' lang='grc' dir='ltr'>καὶ</span> <span class='ocrx_word' id='word_1_814' title='bbox 3623 4392 3789 4450; x_wconf 85' lang='grc' dir='ltr'>Δαυῑδ</span> 
     </span>
    </p>
   </div>
   <div class='ocr_carea' id='block_1_104' title="bbox 2125 4477 3788 4561">
    <p class='ocr_par' dir='ltr' id='par_1_104' title="bbox 2125 4477 3788 4561">
     <span class='ocr_line' id='line_1_104' title="bbox 2125 4477 3788 4561; baseline 0.004 -26"><span class='ocrx_word' id='word_1_815' title='bbox 2125 4477 2275 4556; x_wconf 76' lang='grc' dir='ltr'>λέγει</span> <span class='ocrx_word' id='word_1_816' title='bbox 2342 4480 2433 4537; x_wconf 84' lang='grc' dir='ltr'>τὸν</span> <span class='ocrx_word' id='word_1_817' title='bbox 2508 4484 2855 4561; x_wconf 84' lang='grc' dir='ltr'>μακαρισμὸν</span> <span class='ocrx_word' id='word_1_818' title='bbox 2924 4488 3021 4540; x_wconf 89' lang='grc' dir='ltr'>τοῦ</span> <span class='ocrx_word' id='word_1_819' title='bbox 3086 4484 3399 4561; x_wconf 86' lang='grc' dir='ltr'>ἀνθρώπου,</span> <span class='ocrx_word' id='word_1_820' title='bbox 3452 4487 3497 4559; x_wconf 82' lang='grc' dir='ltr'>ᾧ</span> <span class='ocrx_word' id='word_1_821' title='bbox 3566 4487 3593 4542; x_wconf 89' lang='lat'>6</span> <span class='ocrx_word' id='word_1_822' title='bbox 3658 4486 3788 4550; x_wconf 89' lang='grc' dir='ltr'>Θεὸς</span> 
     </span>
    </p>
   </div>
   <div class='ocr_carea' id='block_1_105' title="bbox 2124 4567 3788 4653">
    <p class='ocr_par' dir='ltr' id='par_1_105' title="bbox 2124 4567 3788 4653">
     <span class='ocr_line' id='line_1_105' title="bbox 2124 4567 3788 4653; baseline 0.003 -28"><span class='ocrx_word' id='word_1_823' title='bbox 2124 4567 2404 4647; x_wconf 88' lang='grc' dir='ltr'>λογίζεται</span> <span class='ocrx_word' id='word_1_824' title='bbox 2485 4569 2836 4644; x_wconf 86' lang='grc' dir='ltr'>δικαιοσύνην</span> <span class='ocrx_word' id='word_1_825' title='bbox 2942 4574 3120 4651; x_wconf 80' lang='grc' dir='ltr'>χωρὶς</span> <span class='ocrx_word' id='word_1_826' title='bbox 3217 4570 3417 4653; x_wconf 76' lang='grc' dir='ltr'>ἔργων,</span> <span class='ocrx_word' id='word_1_827' title='bbox 3511 4575 3788 4652; x_wconf 83' lang='grc' dir='ltr'>Μακάριοι</span> 
     </span>
    </p>
   </div>
   <div class='ocr_carea' id='block_1_106' title="bbox 2122 4660 3789 4745">
    <p class='ocr_par' dir='ltr' id='par_1_106' title="bbox 2122 4660 3789 4745">
     <span class='ocr_line' id='line_1_106' title="bbox 2122 4660 3789 4745; baseline 0.002 -30"><span class='ocrx_word' id='word_1_828' title='bbox 2122 4660 2194 4715; x_wconf 83' lang='grc' dir='ltr'>ὧν</span> <span class='ocrx_word' id='word_1_829' title='bbox 2271 4660 2548 4739; x_wconf 75' lang='grc' dir='ltr'>ἀφέθησαν</span> <span class='ocrx_word' id='word_1_830' title='bbox 2623 4664 2680 4717; x_wconf 75' lang='grc' dir='ltr'>αἱ</span> <span class='ocrx_word' id='word_1_831' title='bbox 2753 4663 2997 4737; x_wconf 83' lang='grc' dir='ltr'>ἀνομίαι,</span> <span class='ocrx_word' id='word_1_832' title='bbox 3098 4664 3189 4720; x_wconf 80' lang='grc' dir='ltr'>καὶ</span> <span class='ocrx_word' id='word_1_833' title='bbox 3256 4665 3329 4719; x_wconf 85' lang='grc' dir='ltr'>ὧν</span> <span class='ocrx_word' id='word_1_834' title='bbox 3399 4664 3789 4745; x_wconf 78' lang='grc' dir='ltr'>ἐπεκαλύφθη-</span> 
     </span>
    </p>
   </div>
   <div class='ocr_carea' id='block_1_107' title="bbox 2121 4750 3790 4832">
    <p class='ocr_par' dir='ltr' id='par_1_107' title="bbox 2121 4750 3790 4832">
     <span class='ocr_line' id='line_1_107' title="bbox 2121 4750 3790 4832; baseline 0.004 -28"><span class='ocrx_word' id='word_1_835' title='bbox 2121 4771 2216 4805; x_wconf 83' lang='grc' dir='ltr'>σαν</span> <span class='ocrx_word' id='word_1_836' title='bbox 2272 4752 2326 4805; x_wconf 73' lang='grc' dir='ltr'>αἱ</span> <span class='ocrx_word' id='word_1_837' title='bbox 2387 4750 2672 4826; x_wconf 80' lang='grc' dir='ltr'>ἁμαρτίαι.</span> <span class='ocrx_word' id='word_1_838' title='bbox 2731 4753 3009 4829; x_wconf 85' lang='grc' dir='ltr'>Μακάριος</span> <span class='ocrx_word' id='word_1_839' title='bbox 3069 4755 3201 4829; x_wconf 76' lang='grc' dir='ltr'>ἀνὴρ</span> <span class='ocrx_word' id='word_1_840' title='bbox 3259 4755 3306 4826; x_wconf 84' lang='grc' dir='ltr'>ᾧ</span> <span class='ocrx_word' id='word_1_841' title='bbox 3365 4755 3428 4811; x_wconf 81' lang='grc' dir='ltr'>οὐ</span> <span class='ocrx_word' id='word_1_842' title='bbox 3487 4758 3564 4831; x_wconf 77' lang='grc' dir='ltr'>μὴ</span> <span class='ocrx_word' id='word_1_843' title='bbox 3623 4756 3790 4832; x_wconf 66' lang='grc' dir='ltr'>λογίο</span> 
     </span>
    </p>
   </div>
   <div class='ocr_carea' id='block_1_108' title="bbox 2118 4840 2833 4917">
    <p class='ocr_par' dir='ltr' id='par_1_108' title="bbox 2118 4840 2833 4917">
     <span class='ocr_line' id='line_1_108' title="bbox 2118 4840 2833 4917; baseline 0.004 -22"><span class='ocrx_word' id='word_1_844' title='bbox 2118 4861 2281 4908; x_wconf 80' lang='grc' dir='ltr'>σηται</span> <span class='ocrx_word' id='word_1_845' title='bbox 2314 4840 2516 4913; x_wconf 86' lang='grc' dir='ltr'>Κύριος</span> <span class='ocrx_word' id='word_1_846' title='bbox 2544 4842 2833 4917; x_wconf 80' lang='grc' dir='ltr'>ἁμαρτίαν.</span> 
     </span>
    </p>
   </div>
   <div class='ocr_carea' id='block_1_109' title="bbox 2191 4926 3791 5007">
    <p class='ocr_par' dir='ltr' id='par_1_109' title="bbox 2191 4926 3791 5007">
     <span class='ocr_line' id='line_1_109' title="bbox 2191 4926 3791 5007; baseline 0.004 -26"><span class='ocrx_word' id='word_1_847' title='bbox 2191 4954 2219 4981; x_wconf 93' lang='grc'>‹‹</span> <span class='ocrx_word' id='word_1_848' title='bbox 2258 4928 2323 4985; x_wconf 81' lang='lat' dir='ltr'>El</span> <span class='ocrx_word' id='word_1_849' title='bbox 2379 4929 2482 5006; x_wconf 84' lang='grc' dir='ltr'>γὰρ</span> <span class='ocrx_word' id='word_1_850' title='bbox 2542 4926 2818 5007; x_wconf 83' lang='grc' dir='ltr'>Ἀϐραὰμ.</span> <span class='ocrx_word' id='word_1_851' title='bbox 2854 4955 2881 4984; x_wconf 75' lang='lat' dir='ltr'>n</span> <span class='ocrx_word' id='word_1_852' title='bbox 2941 4931 3046 4987; x_wconf 90' lang='grc' dir='ltr'>Δύο</span> <span class='ocrx_word' id='word_1_853' title='bbox 3105 4930 3395 5002; x_wconf 89' lang='grc' dir='ltr'>δείκνυσιν,</span> <span class='ocrx_word' id='word_1_854' title='bbox 3456 4932 3543 4990; x_wconf 80' lang='grc' dir='ltr'>ὅτι</span> <span class='ocrx_word' id='word_1_855' title='bbox 3604 4954 3665 4988; x_wconf 85' lang='grc' dir='ltr'>τε</span> <span class='ocrx_word' id='word_1_856' title='bbox 3727 4931 3791 4987; x_wconf 84' lang='grc' dir='ltr'>ἐκ</span> 
     </span>
    </p>
   </div>
   <div class='ocr_carea' id='block_1_110' title="bbox 2114 5014 3789 5097">
    <p class='ocr_par' dir='ltr' id='par_1_110' title="bbox 2114 5014 3789 5097">
     <span class='ocr_line' id='line_1_110' title="bbox 2114 5014 3789 5097; baseline 0.002 -24"><span class='ocrx_word' id='word_1_857' title='bbox 2114 5018 2351 5079; x_wconf 86' lang='grc' dir='ltr'>πίστεως</span> <span class='ocrx_word' id='word_1_858' title='bbox 2407 5014 2661 5094; x_wconf 80' lang='grc' dir='ltr'>’Λϐραὰμ</span> <span class='ocrx_word' id='word_1_859' title='bbox 2714 5017 3036 5091; x_wconf 85' lang='grc' dir='ltr'>ἐδικαιώθη,</span> <span class='ocrx_word' id='word_1_860' title='bbox 3094 5022 3184 5076; x_wconf 87' lang='grc' dir='ltr'>καὶ</span> <span class='ocrx_word' id='word_1_861' title='bbox 3242 5023 3329 5077; x_wconf 80' lang='grc' dir='ltr'>ὅτι</span> <span class='ocrx_word' id='word_1_862' title='bbox 3393 5022 3660 5097; x_wconf 80' lang='grc' dir='ltr'>μείζωνὴ</span> <span class='ocrx_word' id='word_1_863' title='bbox 3694 5018 3789 5076; x_wconf 88' lang='grc' dir='ltr'>διὰ</span> 
     </span>
    </p>
   </div>
   <div class='ocr_carea' id='block_1_111' title="bbox 2115 5106 3789 5191">
    <p class='ocr_par' dir='ltr' id='par_1_111' title="bbox 2115 5106 3789 5191">
     <span class='ocr_line' id='line_1_111' title="bbox 2115 5106 3789 5191; baseline 0.002 -30"><span class='ocrx_word' id='word_1_864' title='bbox 2115 5106 2349 5170; x_wconf 84' lang='grc' dir='ltr'>πίστεως</span> <span class='ocrx_word' id='word_1_865' title='bbox 2410 5106 2749 5181; x_wconf 84' lang='grc' dir='ltr'>δικαιοσύνη.</span> <span class='ocrx_word' id='word_1_866' title='bbox 2811 5110 2910 5167; x_wconf 89' lang='grc' dir='ltr'>Καί</span> <span class='ocrx_word' id='word_1_867' title='bbox 2972 5131 3157 5191; x_wconf 74' lang='grc' dir='ltr'>φησιν·</span> <span class='ocrx_word' id='word_1_868' title='bbox 3219 5110 3285 5168; x_wconf 87' lang='grc' dir='ltr'>Εἰ</span> <span class='ocrx_word' id='word_1_869' title='bbox 3352 5110 3403 5182; x_wconf 82' lang='grc' dir='ltr'>ἐξ</span> <span class='ocrx_word' id='word_1_870' title='bbox 3462 5106 3639 5188; x_wconf 79' lang='grc' dir='ltr'>ἔργων</span> <span class='ocrx_word' id='word_1_871' title='bbox 3694 5111 3789 5166; x_wconf 81' lang='grc' dir='ltr'>καὶ</span> 
     </span>
    </p>
   </div>
   <div class='ocr_carea' id='block_1_112' title="bbox 2114 5192 3787 5277">
    <p class='ocr_par' dir='ltr' id='par_1_112' title="bbox 2114 5192 3787 5277">
     <span class='ocr_line' id='line_1_112' title="bbox 2114 5192 3787 5277; baseline 0.002 -27"><span class='ocrx_word' id='word_1_872' title='bbox 2114 5197 2560 5271; x_wconf 83' lang='grc' dir='ltr'>κατορθωμάτων</span> <span class='ocrx_word' id='word_1_873' title='bbox 2621 5192 2877 5273; x_wconf 83' lang='grc' dir='ltr'>Ἀϐραὰμ</span> <span class='ocrx_word' id='word_1_874' title='bbox 2945 5198 3269 5269; x_wconf 82' lang='grc' dir='ltr'>ἐδικαιώθη,</span> <span class='ocrx_word' id='word_1_875' title='bbox 3331 5195 3451 5277; x_wconf 77' lang='grc' dir='ltr'>ἔχει</span> <span class='ocrx_word' id='word_1_876' title='bbox 3506 5201 3602 5274; x_wconf 75' lang='grc' dir='ltr'>μὲν</span> <span class='ocrx_word' id='word_1_877' title='bbox 3653 5199 3787 5254; x_wconf 89' lang='grc' dir='ltr'>καύ-</span> 
     </span>
    </p>
   </div>
   <div class='ocr_carea' id='block_1_113' title="bbox 2115 5284 3786 5366">
    <p class='ocr_par' dir='ltr' id='par_1_113' title="bbox 2115 5284 3786 5366">
     <span class='ocr_line' id='line_1_113' title="bbox 2115 5284 3786 5366; baseline 0.001 -26"><span class='ocrx_word' id='word_1_878' title='bbox 2115 5303 2301 5358; x_wconf 85' lang='grc' dir='ltr'>χημα,</span> <span class='ocrx_word' id='word_1_879' title='bbox 2360 5286 2489 5340; x_wconf 82' lang='grc' dir='ltr'>ἀΑΑ⁹</span> <span class='ocrx_word' id='word_1_880' title='bbox 2546 5286 2609 5341; x_wconf 82' lang='grc' dir='ltr'>οὐ</span> <span class='ocrx_word' id='word_1_881' title='bbox 2668 5288 2806 5361; x_wconf 85' lang='grc' dir='ltr'>πρὸς</span> <span class='ocrx_word' id='word_1_882' title='bbox 2854 5288 2950 5342; x_wconf 88' lang='grc' dir='ltr'>τὸν</span> <span class='ocrx_word' id='word_1_883' title='bbox 3005 5288 3159 5358; x_wconf 88' lang='grc' dir='ltr'>Θεὸν,</span> <span class='ocrx_word' id='word_1_884' title='bbox 3212 5284 3344 5342; x_wconf 83' lang='grc' dir='ltr'>ἀλλ’</span> <span class='ocrx_word' id='word_1_885' title='bbox 3389 5285 3469 5366; x_wconf 74' lang='grc' dir='ltr'>ἐφ’</span> <span class='ocrx_word' id='word_1_886' title='bbox 3502 5288 3678 5359; x_wconf 76' lang='grc' dir='ltr'>ἑαυτῷ</span> <span class='ocrx_word' id='word_1_887' title='bbox 3708 5286 3786 5349; x_wconf 84' lang='grc' dir='ltr'>ὡς</span> 
     </span>
    </p>
   </div>
   <div class='ocr_carea' id='block_1_114' title="bbox 2114 5372 3790 5450">
    <p class='ocr_par' dir='ltr' id='par_1_114' title="bbox 2114 5372 3790 5450">
     <span class='ocr_line' id='line_1_114' title="bbox 2114 5372 3790 5450; baseline 0.002 -24"><span class='ocrx_word' id='word_1_888' title='bbox 2114 5373 2528 5448; x_wconf 85' lang='grc' dir='ltr'>κατωρθωκὸτι.</span> <span class='ocrx_word' id='word_1_889' title='bbox 2592 5375 2653 5433; x_wconf 74' lang='grc' dir='ltr'><strong>Ὀ</strong></span> <span class='ocrx_word' id='word_1_890' title='bbox 2720 5372 2778 5430; x_wconf 74' lang='grc' dir='ltr'>δὲ</span> <span class='ocrx_word' id='word_1_891' title='bbox 2847 5375 2905 5431; x_wconf 84' lang='grc' dir='ltr'>ἐκ</span> <span class='ocrx_word' id='word_1_892' title='bbox 2963 5374 3198 5437; x_wconf 84' lang='grc' dir='ltr'>πίστεως</span> <span class='ocrx_word' id='word_1_893' title='bbox 3268 5375 3465 5439; x_wconf 81' lang='grc' dir='ltr'>σωθεὶς</span> <span class='ocrx_word' id='word_1_894' title='bbox 3540 5374 3658 5429; x_wconf 81' lang='grc' dir='ltr'>ἐπεὶ</span> <span class='ocrx_word' id='word_1_895' title='bbox 3708 5375 3790 5450; x_wconf 74' lang='grc' dir='ltr'>μὴ</span> 
     </span>
    </p>
   </div>
   <div class='ocr_carea' id='block_1_115' title="bbox 2112 5450 3793 5541">
    <p class='ocr_par' dir='ltr' id='par_1_115' title="bbox 2112 5450 3793 5541">
     <span class='ocr_line' id='line_1_115' title="bbox 2112 5450 3793 5541; baseline 0.002 -25"><span class='ocrx_word' id='word_1_896' title='bbox 2112 5450 2234 5538; x_wconf 73' lang='grc' dir='ltr'>ἕχει</span> <span class='ocrx_word' id='word_1_897' title='bbox 2281 5461 2358 5526; x_wconf 83' lang='grc' dir='ltr'>εἷς</span> <span class='ocrx_word' id='word_1_898' title='bbox 2414 5464 2603 5519; x_wconf 71' lang='grc' dir='ltr'>ἑαυτὸν</span> <span class='ocrx_word' id='word_1_899' title='bbox 2655 5466 3057 5541; x_wconf 73' lang='grc' dir='ltr'>καυχήσασθαι,</span> <span class='ocrx_word' id='word_1_900' title='bbox 3117 5462 3272 5522; x_wconf 76' lang='grc' dir='ltr'>οὐδὲν</span> <span class='ocrx_word' id='word_1_901' title='bbox 3301 5465 3406 5541; x_wconf 85' lang='grc' dir='ltr'>γὰρ</span> <span class='ocrx_word' id='word_1_902' title='bbox 3439 5458 3793 5541; x_wconf 76' lang='grc' dir='ltr'>ἔργονέπρα-</span> 
     </span>
    </p>
   </div>
   <div class='ocr_carea' id='block_1_116' title="bbox 2117 5550 3792 5632">
    <p class='ocr_par' dir='ltr' id='par_1_116' title="bbox 2117 5550 3792 5632">
     <span class='ocr_line' id='line_1_116' title="bbox 2117 5550 3792 5632; baseline 0.001 -24"><span class='ocrx_word' id='word_1_903' title='bbox 2117 5552 2222 5625; x_wconf 83' lang='grc' dir='ltr'>ξεν,</span> <span class='ocrx_word' id='word_1_904' title='bbox 2273 5552 2350 5617; x_wconf 79' lang='grc' dir='ltr'>είς</span> <span class='ocrx_word' id='word_1_905' title='bbox 2401 5552 2494 5609; x_wconf 89' lang='grc' dir='ltr'>τὸν</span> <span class='ocrx_word' id='word_1_906' title='bbox 2550 5555 2680 5610; x_wconf 87' lang='grc' dir='ltr'>Θεὸν</span> <span class='ocrx_word' id='word_1_907' title='bbox 2741 5559 3035 5632; x_wconf 81' lang='grc' dir='ltr'>καυχᾶται.</span> <span class='ocrx_word' id='word_1_908' title='bbox 3098 5556 3305 5625; x_wconf 78' lang='grc' dir='ltr'>Μεῖζον</span> <span class='ocrx_word' id='word_1_909' title='bbox 3360 5550 3418 5610; x_wconf 61' lang='grc' dir='ltr'>δὲ</span> <span class='ocrx_word' id='word_1_910' title='bbox 3463 5555 3527 5610; x_wconf 89' lang='grc' dir='ltr'>τὸ</span> <span class='ocrx_word' id='word_1_911' title='bbox 3554 5555 3632 5617; x_wconf 76' lang='grc' dir='ltr'>εἰς</span> <span class='ocrx_word' id='word_1_912' title='bbox 3662 5555 3792 5612; x_wconf 88' lang='grc' dir='ltr'>Θεὸν</span> 
     </span>
    </p>
   </div>
  </div>
