  <div class='ocr_page' id='page_1' title='image "/cluster/home/n/w/nwhite01/storage/ocr_20150623/118:no.1/coo.31924054870229/206.png"; bbox 0 0 4114 6380; ppageno 0'>
   <div class='ocr_carea' id='block_1_1' title="bbox 312 318 432 380">
    <p class='ocr_par' dir='ltr' id='par_1_1' title="bbox 312 318 432 380">
     <span class='ocr_line' id='line_1_1' title="bbox 312 318 432 380; baseline -0.008 0"><span class='ocrx_word' id='word_1_1' title='bbox 312 318 432 380; x_wconf 76' lang='lat'>393</span> 
     </span>
    </p>
   </div>
   <div class='ocr_carea' id='block_1_2' title="bbox 1441 316 2674 395">
    <p class='ocr_par' dir='ltr' id='par_1_2' title="bbox 1441 316 2674 395">
     <span class='ocr_line' id='line_1_2' title="bbox 1441 316 2674 395; baseline 0.011 -15"><span class='ocrx_word' id='word_1_2' title='bbox 1441 316 1849 382; x_wconf 60' lang='lat' dir='ltr'>COMMENT.</span> <span class='ocrx_word' id='word_1_3' title='bbox 1896 319 1977 382; x_wconf 83' lang='lat' dir='ltr'>IN</span> <span class='ocrx_word' id='word_1_4' title='bbox 2020 322 2273 387; x_wconf 78' lang='lat' dir='ltr'>EPIST.</span> <span class='ocrx_word' id='word_1_5' title='bbox 2319 329 2427 392; x_wconf 82' lang='lat' dir='ltr'>AD</span> <span class='ocrx_word' id='word_1_6' title='bbox 2472 333 2674 395; x_wconf 87' lang='lat' dir='ltr'>ROM.</span> 
     </span>
    </p>
   </div>
   <div class='ocr_carea' id='block_1_3' title="bbox 3634 342 3751 402">
    <p class='ocr_par' dir='ltr' id='par_1_3' title="bbox 3634 342 3751 402">
     <span class='ocr_line' id='line_1_3' title="bbox 3634 342 3751 402; baseline 0.009 -1"><span class='ocrx_word' id='word_1_7' title='bbox 3634 342 3751 402; x_wconf 65' lang='grc' dir='ltr'>τινι</span> 
     </span>
    </p>
   </div>
   <div class='ocr_carea' id='block_1_4' title="bbox 307 451 1962 549">
    <p class='ocr_par' dir='ltr' id='par_1_4' title="bbox 307 451 1962 549">
     <span class='ocr_line' id='line_1_4' title="bbox 307 451 1962 549; baseline 0.002 -41"><span class='ocrx_word' id='word_1_8' title='bbox 307 458 651 549; x_wconf 71' lang='grc' dir='ltr'>καυχᾶσθαιὲ</span> <span class='ocrx_word' id='word_1_9' title='bbox 682 454 828 529; x_wconf 73' lang='grc' dir='ltr'>ἢπερ</span> <span class='ocrx_word' id='word_1_10' title='bbox 886 452 962 514; x_wconf 74' lang='grc' dir='ltr'>εἷς</span> <span class='ocrx_word' id='word_1_11' title='bbox 1014 451 1224 510; x_wconf 74' lang='grc' dir='ltr'>ἑαυτόν.</span> <span class='ocrx_word' id='word_1_12' title='bbox 1285 452 1368 510; x_wconf 79' lang='grc' dir='ltr'>Τὰ</span> <span class='ocrx_word' id='word_1_13' title='bbox 1419 453 1524 549; x_wconf 42' lang='grc' dir='ltr'>-μὶν</span> <span class='ocrx_word' id='word_1_14' title='bbox 1572 454 1675 529; x_wconf 77' lang='grc' dir='ltr'>γὰρ</span> <span class='ocrx_word' id='word_1_15' title='bbox 1700 455 1962 531; x_wconf 74' lang='grc' dir='ltr'>κατορθώε</span> 
     </span>
    </p>
   </div>
   <div class='ocr_carea' id='block_1_5' title="bbox 2076 451 3744 549">
    <p class='ocr_par' dir='ltr' id='par_1_5' title="bbox 2096 461 3744 549">
     <span class='ocr_line' id='line_1_5' title="bbox 2096 461 3744 549; baseline 0.008 -30"><span class='ocrx_word' id='word_1_16' title='bbox 2096 461 2401 536; x_wconf 77' lang='lat' dir='ltr'>gloriatur.</span> <span class='ocrx_word' id='word_1_17' title='bbox 2438 468 2625 542; x_wconf 82' lang='lat' dir='ltr'>Majas</span> <span class='ocrx_word' id='word_1_18' title='bbox 2668 474 2759 527; x_wconf 86' lang='lat' dir='ltr'>est</span> <span class='ocrx_word' id='word_1_19' title='bbox 2786 475 2984 528; x_wconf 89' lang='lat' dir='ltr'>autem</span> <span class='ocrx_word' id='word_1_20' title='bbox 3043 472 3202 545; x_wconf 88' lang='lat' dir='ltr'>apud</span> <span class='ocrx_word' id='word_1_21' title='bbox 3253 473 3439 531; x_wconf 90' lang='lat' dir='ltr'>Deum</span> <span class='ocrx_word' id='word_1_22' title='bbox 3476 474 3744 549; x_wconf 84' lang='lat' dir='ltr'>gloriari,</span> 
     </span>
    </p>
   </div>
   <div class='ocr_carea' id='block_1_6' title="bbox 309 539 1985 622">
    <p class='ocr_par' dir='ltr' id='par_1_6' title="bbox 309 539 1985 622">
     <span class='ocr_line' id='line_1_6' title="bbox 309 539 1985 622; baseline -0.006 -22"><span class='ocrx_word' id='word_1_23' title='bbox 309 565 456 617; x_wconf 85' lang='grc' dir='ltr'>ματα</span> <span class='ocrx_word' id='word_1_24' title='bbox 511 539 801 605; x_wconf 73' lang='grc' dir='ltr'>πολλάκις</span> <span class='ocrx_word' id='word_1_25' title='bbox 854 542 944 598; x_wconf 79' lang='grc' dir='ltr'>καὶ</span> <span class='ocrx_word' id='word_1_26' title='bbox 1018 542 1327 622; x_wconf 74' lang='grc' dir='ltr'>ἀφανίζεται</span> <span class='ocrx_word' id='word_1_27' title='bbox 1415 540 1624 619; x_wconf 74' lang='grc' dir='ltr'>ἑτέραις</span> <span class='ocrx_word' id='word_1_28' title='bbox 1709 545 1985 620; x_wconf 80' lang='grc' dir='ltr'>πλημμε..</span> 
     </span>
    </p>
   </div>
   <div class='ocr_carea' id='block_1_7' title="bbox 311 630 1983 709">
    <p class='ocr_par' dir='ltr' id='par_1_7' title="bbox 311 630 1983 709">
     <span class='ocr_line' id='line_1_7' title="bbox 311 630 1983 709; baseline 0 -19"><span class='ocrx_word' id='word_1_29' title='bbox 311 633 509 693; x_wconf 76' lang='grc' dir='ltr'>λείαις.</span> <span class='ocrx_word' id='word_1_30' title='bbox 541 634 603 689; x_wconf 82' lang='grc' dir='ltr'><strong>Ἦ</strong></span> <span class='ocrx_word' id='word_1_31' title='bbox 640 630 700 689; x_wconf 71' lang='grc' dir='ltr'>δὲ</span> <span class='ocrx_word' id='word_1_32' title='bbox 755 632 832 694; x_wconf 76' lang='grc' dir='ltr'>εἷς</span> <span class='ocrx_word' id='word_1_33' title='bbox 863 633 990 688; x_wconf 75' lang='grc' dir='ltr'>θεὸν</span> <span class='ocrx_word' id='word_1_34' title='bbox 1041 631 1346 707; x_wconf 80' lang='grc' dir='ltr'>καύχησις,</span> <span class='ocrx_word' id='word_1_35' title='bbox 1403 634 1668 708; x_wconf 78' lang='grc' dir='ltr'>ἄτρεπτος</span> <span class='ocrx_word' id='word_1_36' title='bbox 1716 632 1983 709; x_wconf 62' lang='grc' dir='ltr'>διαμένει⁸</span> 
     </span>
    </p>
   </div>
   <div class='ocr_carea' id='block_1_8' title="bbox 319 719 1982 801">
    <p class='ocr_par' dir='ltr' id='par_1_8' title="bbox 319 719 1982 801">
     <span class='ocr_line' id='line_1_8' title="bbox 319 719 1982 801; baseline 0 -22"><span class='ocrx_word' id='word_1_37' title='bbox 319 747 349 779; x_wconf 81' lang='grc' dir='ltr'>ι</span> <span class='ocrx_word' id='word_1_38' title='bbox 379 724 443 780; x_wconf 81' lang='grc' dir='ltr'>Τί</span> <span class='ocrx_word' id='word_1_39' title='bbox 472 724 579 797; x_wconf 72' lang='grc' dir='ltr'>γὰρ</span> <span class='ocrx_word' id='word_1_40' title='bbox 621 725 658 792; x_wconf 79' lang='grc' dir='ltr'><strong>ἡ</strong></span> <span class='ocrx_word' id='word_1_41' title='bbox 692 723 881 801; x_wconf 80' lang='grc' dir='ltr'>Γραφή</span> <span class='ocrx_word' id='word_1_42' title='bbox 915 719 1063 796; x_wconf 76' lang='grc' dir='ltr'>λέγει</span> <span class='ocrx_word' id='word_1_43' title='bbox 1108 739 1122 790; x_wconf 88' lang='grc'>;</span> <span class='ocrx_word' id='word_1_44' title='bbox 1154 743 1184 776; x_wconf 74' lang='grc' dir='ltr'>υ</span> <span class='ocrx_word' id='word_1_45' title='bbox 1226 722 1389 797; x_wconf 74' lang='grc' dir='ltr'>Φέρει</span> <span class='ocrx_word' id='word_1_46' title='bbox 1441 724 1541 790; x_wconf 67' lang='grc' dir='ltr'>τὴν</span> <span class='ocrx_word' id='word_1_47' title='bbox 1599 722 1803 780; x_wconf 79' lang='grc' dir='ltr'>Γένεσιν</span> <span class='ocrx_word' id='word_1_48' title='bbox 1840 746 1982 801; x_wconf 83' lang='grc' dir='ltr'>μαρ-</span> 
     </span>
    </p>
   </div>
   <div class='ocr_carea' id='block_1_9' title="bbox 309 806 1983 889">
    <p class='ocr_par' dir='ltr' id='par_1_9' title="bbox 309 806 1983 889">
     <span class='ocr_line' id='line_1_9' title="bbox 309 806 1983 889; baseline -0.001 -20"><span class='ocrx_word' id='word_1_49' title='bbox 309 818 605 889; x_wconf 80' lang='grc' dir='ltr'>τυροῦσαν,</span> <span class='ocrx_word' id='word_1_50' title='bbox 630 812 717 868; x_wconf 76' lang='grc' dir='ltr'>ὃτι</span> <span class='ocrx_word' id='word_1_51' title='bbox 751 806 1013 887; x_wconf 67' lang='grc' dir='ltr'>’Δϐραᾶμ</span> <span class='ocrx_word' id='word_1_52' title='bbox 1051 811 1111 867; x_wconf 78' lang='grc' dir='ltr'>ἐκ</span> <span class='ocrx_word' id='word_1_53' title='bbox 1165 810 1403 879; x_wconf 84' lang='grc' dir='ltr'>πίστεως</span> <span class='ocrx_word' id='word_1_54' title='bbox 1460 809 1781 886; x_wconf 80' lang='grc' dir='ltr'>ἐδικαιώθη.</span> <span class='ocrx_word' id='word_1_55' title='bbox 1812 840 1839 867; x_wconf 83' lang='grc'><em>‹‹</em></span> <span class='ocrx_word' id='word_1_56' title='bbox 1888 818 1983 889; x_wconf 83' lang='grc' dir='ltr'>Τῷ</span> 
     </span>
    </p>
   </div>
   <div class='ocr_carea' id='block_1_10' title="bbox 309 901 1982 978">
    <p class='ocr_par' dir='ltr' id='par_1_10' title="bbox 309 901 1982 978">
     <span class='ocr_line' id='line_1_10' title="bbox 309 901 1982 978; baseline 0.001 -18"><span class='ocrx_word' id='word_1_57' title='bbox 309 901 372 961; x_wconf 78' lang='grc' dir='ltr'>δὶ</span> <span class='ocrx_word' id='word_1_58' title='bbox 401 902 778 978; x_wconf 71' lang='grc' dir='ltr'>ἐργαζομένῳ,</span> <span class='ocrx_word' id='word_1_59' title='bbox 815 926 835 953; x_wconf 75' lang='grc' dir='ltr'><strong>ο</strong></span> <span class='ocrx_word' id='word_1_60' title='bbox 874 902 965 958; x_wconf 86' lang='grc' dir='ltr'>καὶ</span> <span class='ocrx_word' id='word_1_61' title='bbox 994 902 1061 958; x_wconf 68' lang='grc' dir='ltr'>τὰ</span> <span class='ocrx_word' id='word_1_62' title='bbox 1091 903 1239 972; x_wconf 74' lang='grc' dir='ltr'>ἑξῆς.</span> <span class='ocrx_word' id='word_1_63' title='bbox 1299 902 1541 959; x_wconf 73' lang='grc' dir='ltr'>Δείκνύσι</span> <span class='ocrx_word' id='word_1_64' title='bbox 1602 904 1826 977; x_wconf 84' lang='grc' dir='ltr'>μείζονα</span> <span class='ocrx_word' id='word_1_65' title='bbox 1883 907 1982 975; x_wconf 74' lang='grc' dir='ltr'>τήν</span> 
     </span>
    </p>
   </div>
   <div class='ocr_carea' id='block_1_11' title="bbox 304 988 1976 1068">
    <p class='ocr_par' dir='ltr' id='par_1_11' title="bbox 304 988 1976 1068">
     <span class='ocr_line' id='line_1_11' title="bbox 304 988 1976 1068; baseline 0.002 -20"><span class='ocrx_word' id='word_1_66' title='bbox 304 991 453 1050; x_wconf 80' lang='grc' dir='ltr'>κατᾶ</span> <span class='ocrx_word' id='word_1_67' title='bbox 481 995 650 1068; x_wconf 73' lang='grc' dir='ltr'>χάριν</span> <span class='ocrx_word' id='word_1_68' title='bbox 681 988 1036 1063; x_wconf 76' lang='grc' dir='ltr'>δικαιοσύνην</span> <span class='ocrx_word' id='word_1_69' title='bbox 1075 992 1141 1062; x_wconf 71' lang='grc' dir='ltr'>ἢν</span> <span class='ocrx_word' id='word_1_70' title='bbox 1189 993 1225 1061; x_wconf 80' lang='grc' dir='ltr'><strong>ἡ</strong></span> <span class='ocrx_word' id='word_1_71' title='bbox 1280 991 1462 1054; x_wconf 80' lang='grc' dir='ltr'>πίστις</span> <span class='ocrx_word' id='word_1_72' title='bbox 1492 994 1748 1068; x_wconf 82' lang='grc' dir='ltr'>παρέχει,</span> <span class='ocrx_word' id='word_1_73' title='bbox 1781 992 1976 1057; x_wconf 81' lang='grc' dir='ltr'>οὓτως.</span> 
     </span>
    </p>
   </div>
   <div class='ocr_carea' id='block_1_12' title="bbox 303 1080 1980 1162">
    <p class='ocr_par' dir='ltr' id='par_1_12' title="bbox 303 1080 1980 1162">
     <span class='ocr_line' id='line_1_12' title="bbox 303 1080 1980 1162; baseline -0.001 -23"><span class='ocrx_word' id='word_1_74' title='bbox 303 1088 402 1156; x_wconf 81' lang='grc' dir='ltr'>Τῷ</span> <span class='ocrx_word' id='word_1_75' title='bbox 425 1083 526 1157; x_wconf 76' lang='grc' dir='ltr'>μὶν</span> <span class='ocrx_word' id='word_1_76' title='bbox 550 1081 658 1159; x_wconf 72' lang='grc' dir='ltr'>γαρ</span> <span class='ocrx_word' id='word_1_77' title='bbox 688 1082 1068 1155; x_wconf 83' lang='grc' dir='ltr'>κατορθοῦντι,</span> <span class='ocrx_word' id='word_1_78' title='bbox 1122 1080 1280 1158; x_wconf 66' lang='grc' dir='ltr'>φησὶ,</span> <span class='ocrx_word' id='word_1_79' title='bbox 1339 1081 1479 1137; x_wconf 81' lang='grc' dir='ltr'>κατᾶ</span> <span class='ocrx_word' id='word_1_80' title='bbox 1533 1080 1761 1162; x_wconf 68' lang='grc' dir='ltr'>ὀφειλὴν</span> <span class='ocrx_word' id='word_1_81' title='bbox 1817 1086 1852 1153; x_wconf 79' lang='grc' dir='ltr'><strong>ἡ</strong></span> <span class='ocrx_word' id='word_1_82' title='bbox 1886 1085 1980 1138; x_wconf 81' lang='grc' dir='ltr'>ἀν-</span> 
     </span>
    </p>
   </div>
   <div class='ocr_carea' id='block_1_13' title="bbox 304 1167 1977 1246">
    <p class='ocr_par' dir='ltr' id='par_1_13' title="bbox 304 1167 1977 1246">
     <span class='ocr_line' id='line_1_13' title="bbox 304 1167 1977 1246; baseline 0 -18"><span class='ocrx_word' id='word_1_83' title='bbox 304 1171 562 1245; x_wconf 87' lang='grc' dir='ltr'>τιμισθία</span> <span class='ocrx_word' id='word_1_84' title='bbox 590 1170 1025 1246; x_wconf 77' lang='grc' dir='ltr'>κεχρεώστηται.</span> <span class='ocrx_word' id='word_1_85' title='bbox 1060 1193 1090 1223; x_wconf 92' lang='grc'><strong>‹‹</strong></span> <span class='ocrx_word' id='word_1_86' title='bbox 1120 1170 1184 1226; x_wconf 82' lang='grc' dir='ltr'>Τί</span> <span class='ocrx_word' id='word_1_87' title='bbox 1213 1167 1270 1226; x_wconf 77' lang='grc' dir='ltr'><strong>δέ</strong></span> <span class='ocrx_word' id='word_1_88' title='bbox 1304 1189 1318 1240; x_wconf 88' lang='grc'><strong>;</strong></span> <span class='ocrx_word' id='word_1_89' title='bbox 1345 1195 1372 1222; x_wconf 85' lang='grc'><strong>››</strong></span> <span class='ocrx_word' id='word_1_90' title='bbox 1400 1171 1627 1227; x_wconf 83' lang='grc' dir='ltr'>Δύναται</span> <span class='ocrx_word' id='word_1_91' title='bbox 1654 1172 1745 1227; x_wconf 84' lang='grc' dir='ltr'>καὶ</span> <span class='ocrx_word' id='word_1_92' title='bbox 1778 1173 1805 1228; x_wconf 99' lang='lat'>6</span> <span class='ocrx_word' id='word_1_93' title='bbox 1836 1173 1977 1229; x_wconf 74' lang='grc' dir='ltr'>πάνυ</span> 
     </span>
    </p>
   </div>
   <div class='ocr_carea' id='block_1_14' title="bbox 305 1256 1977 1339">
    <p class='ocr_par' dir='ltr' id='par_1_14' title="bbox 305 1256 1977 1339">
     <span class='ocr_line' id='line_1_14' title="bbox 305 1256 1977 1339; baseline 0 -22"><span class='ocrx_word' id='word_1_94' title='bbox 305 1260 561 1333; x_wconf 68' lang='grc' dir='ltr'>ἐνάρετος</span> <span class='ocrx_word' id='word_1_95' title='bbox 596 1262 965 1335; x_wconf 83' lang='grc' dir='ltr'>κατορθῶσαι,</span> <span class='ocrx_word' id='word_1_96' title='bbox 997 1258 1088 1314; x_wconf 85' lang='grc' dir='ltr'>καὶ</span> <span class='ocrx_word' id='word_1_97' title='bbox 1126 1258 1433 1339; x_wconf 68' lang='grc' dir='ltr'>ὠφειλέτην</span> <span class='ocrx_word' id='word_1_98' title='bbox 1465 1256 1613 1335; x_wconf 78' lang='grc' dir='ltr'>ἔχειν</span> <span class='ocrx_word' id='word_1_99' title='bbox 1659 1260 1789 1317; x_wconf 83' lang='grc' dir='ltr'>Θεόν</span> <span class='ocrx_word' id='word_1_100' title='bbox 1817 1280 1831 1331; x_wconf 88' lang='grc'><strong>;</strong></span> <span class='ocrx_word' id='word_1_101' title='bbox 1867 1262 1895 1316; x_wconf 87' lang='grc' dir='ltr'><strong>ὁ</strong></span> <span class='ocrx_word' id='word_1_102' title='bbox 1919 1257 1977 1317; x_wconf 70' lang='grc' dir='ltr'>δὲ</span> 
     </span>
    </p>
   </div>
   <div class='ocr_carea' id='block_1_15' title="bbox 303 1346 1972 1425">
    <p class='ocr_par' dir='ltr' id='par_1_15' title="bbox 303 1346 1972 1425">
     <span class='ocr_line' id='line_1_15' title="bbox 303 1346 1972 1425; baseline 0.001 -19"><span class='ocrx_word' id='word_1_103' title='bbox 303 1370 368 1425; x_wconf 78' lang='grc' dir='ltr'>γε</span> <span class='ocrx_word' id='word_1_104' title='bbox 400 1349 466 1406; x_wconf 75' lang='grc' dir='ltr'>ἐκ</span> <span class='ocrx_word' id='word_1_105' title='bbox 504 1348 742 1411; x_wconf 83' lang='grc' dir='ltr'>πίστεως</span> <span class='ocrx_word' id='word_1_106' title='bbox 783 1346 1185 1423; x_wconf 77' lang='grc' dir='ltr'>δικαιούμενος,</span> <span class='ocrx_word' id='word_1_107' title='bbox 1244 1348 1381 1405; x_wconf 79' lang='grc' dir='ltr'>κατᾶ</span> <span class='ocrx_word' id='word_1_108' title='bbox 1438 1349 1601 1425; x_wconf 80' lang='grc' dir='ltr'>χάριν</span> <span class='ocrx_word' id='word_1_109' title='bbox 1644 1346 1972 1408; x_wconf 71' lang='grc' dir='ltr'>δικαιοῦται.</span> 
     </span>
    </p>
   </div>
   <div class='ocr_carea' id='block_1_16' title="bbox 306 1435 1972 1516">
    <p class='ocr_par' dir='ltr' id='par_1_16' title="bbox 306 1435 1972 1516">
     <span class='ocr_line' id='line_1_16' title="bbox 306 1435 1972 1516; baseline 0.001 -21"><span class='ocrx_word' id='word_1_110' title='bbox 306 1441 482 1498; x_wconf 73' lang='grc' dir='ltr'>’Ἔνθα</span> <span class='ocrx_word' id='word_1_111' title='bbox 512 1437 573 1495; x_wconf 62' lang='grc' dir='ltr'>δὲ</span> <span class='ocrx_word' id='word_1_112' title='bbox 602 1439 733 1501; x_wconf 79' lang='grc' dir='ltr'>Θεὸς</span> <span class='ocrx_word' id='word_1_113' title='bbox 762 1438 1074 1514; x_wconf 83' lang='grc' dir='ltr'>χαρίζεται,</span> <span class='ocrx_word' id='word_1_114' title='bbox 1132 1435 1349 1500; x_wconf 75' lang='grc' dir='ltr'>πάντως</span> <span class='ocrx_word' id='word_1_115' title='bbox 1412 1436 1631 1516; x_wconf 77' lang='grc' dir='ltr'>μεγάλα</span> <span class='ocrx_word' id='word_1_116' title='bbox 1670 1440 1972 1516; x_wconf 80' lang='grc' dir='ltr'>χαρίζεται.</span> 
     </span>
    </p>
   </div>
   <div class='ocr_carea' id='block_1_17' title="bbox 306 1525 1976 1608">
    <p class='ocr_par' dir='ltr' id='par_1_17' title="bbox 306 1525 1976 1608">
     <span class='ocr_line' id='line_1_17' title="bbox 306 1525 1976 1608; baseline -0.002 -21"><span class='ocrx_word' id='word_1_117' title='bbox 306 1529 379 1588; x_wconf 81' lang='grc' dir='ltr'>Τί</span> <span class='ocrx_word' id='word_1_118' title='bbox 405 1530 513 1606; x_wconf 71' lang='grc' dir='ltr'>γὰρ</span> <span class='ocrx_word' id='word_1_119' title='bbox 546 1529 835 1605; x_wconf 81' lang='grc' dir='ltr'>χαρίζεται</span> <span class='ocrx_word' id='word_1_120' title='bbox 871 1546 886 1597; x_wconf 82' lang='grc'>;</span> <span class='ocrx_word' id='word_1_121' title='bbox 919 1527 1187 1584; x_wconf 70' lang='grc' dir='ltr'>υἱοθεσίαν</span> <span class='ocrx_word' id='word_1_122' title='bbox 1215 1525 1473 1604; x_wconf 75' lang='grc' dir='ltr'>παρέχει,</span> <span class='ocrx_word' id='word_1_123' title='bbox 1522 1526 1793 1608; x_wconf 74' lang='grc' dir='ltr'>ἀδελφοὺς</span> <span class='ocrx_word' id='word_1_124' title='bbox 1825 1535 1976 1585; x_wconf 87' lang='grc' dir='ltr'>ποιεῖ</span> 
     </span>
    </p>
   </div>
   <div class='ocr_carea' id='block_1_18' title="bbox 304 1616 1968 1695">
    <p class='ocr_par' dir='ltr' id='par_1_18' title="bbox 304 1616 1968 1695">
     <span class='ocr_line' id='line_1_18' title="bbox 304 1616 1968 1695; baseline -0.001 -18"><span class='ocrx_word' id='word_1_125' title='bbox 304 1622 574 1695; x_wconf 84' lang='grc' dir='ltr'>Χριστοῦ,</span> <span class='ocrx_word' id='word_1_126' title='bbox 600 1616 996 1693; x_wconf 82' lang='grc' dir='ltr'>κληρονόμους</span> <span class='ocrx_word' id='word_1_127' title='bbox 1027 1616 1686 1695; x_wconf 83' lang='grc' dir='ltr'>Θεοῦ,συγκληρονόμους</span> <span class='ocrx_word' id='word_1_128' title='bbox 1711 1623 1968 1695; x_wconf 77' lang='grc' dir='ltr'>Χριστοῦ.</span> 
     </span>
    </p>
   </div>
   <div class='ocr_carea' id='block_1_19' title="bbox 304 1707 1974 1784">
    <p class='ocr_par' dir='ltr' id='par_1_19' title="bbox 304 1707 1974 1784">
     <span class='ocr_line' id='line_1_19' title="bbox 304 1707 1974 1784; baseline -0.002 -17"><span class='ocrx_word' id='word_1_129' title='bbox 304 1711 506 1767; x_wconf 77' lang='grc' dir='ltr'>Ἀτινα</span> <span class='ocrx_word' id='word_1_130' title='bbox 529 1707 664 1765; x_wconf 77' lang='grc' dir='ltr'>πότε</span> <span class='ocrx_word' id='word_1_131' title='bbox 710 1709 772 1763; x_wconf 77' lang='grc' dir='ltr'>ἄν</span> <span class='ocrx_word' id='word_1_132' title='bbox 825 1708 964 1782; x_wconf 73' lang='grc' dir='ltr'>ἡμῖν</span> <span class='ocrx_word' id='word_1_133' title='bbox 993 1709 1238 1784; x_wconf 71' lang='grc' dir='ltr'>παρέσχε</span> <span class='ocrx_word' id='word_1_134' title='bbox 1290 1708 1360 1763; x_wconf 76' lang='grc' dir='ltr'>τὰ</span> <span class='ocrx_word' id='word_1_135' title='bbox 1414 1710 1813 1783; x_wconf 69' lang='grc' dir='ltr'>κατορθώματα</span> <span class='ocrx_word' id='word_1_136' title='bbox 1855 1731 1974 1779; x_wconf 87' lang='lat'>;—</span> 
     </span>
    </p>
   </div>
   <div class='ocr_carea' id='block_1_20' title="bbox 307 1794 1969 1873">
    <p class='ocr_par' dir='ltr' id='par_1_20' title="bbox 307 1794 1969 1873">
     <span class='ocr_line' id='line_1_20' title="bbox 307 1794 1969 1873; baseline 0.002 -21"><span class='ocrx_word' id='word_1_137' title='bbox 307 1798 527 1873; x_wconf 51' lang='lat'>[4’01]</span> <span class='ocrx_word' id='word_1_138' title='bbox 560 1796 662 1854; x_wconf 84' lang='grc' dir='ltr'>Καὶ</span> <span class='ocrx_word' id='word_1_139' title='bbox 695 1797 896 1859; x_wconf 74' lang='grc' dir='ltr'>οὕτως’</span> <span class='ocrx_word' id='word_1_140' title='bbox 945 1799 1040 1870; x_wconf 83' lang='grc' dir='ltr'>Τῷ</span> <span class='ocrx_word' id='word_1_141' title='bbox 1098 1794 1157 1852; x_wconf 74' lang='grc' dir='ltr'>δὲ</span> <span class='ocrx_word' id='word_1_142' title='bbox 1218 1798 1294 1871; x_wconf 81' lang='grc' dir='ltr'>μὴ</span> <span class='ocrx_word' id='word_1_143' title='bbox 1357 1798 1647 1873; x_wconf 74' lang='grc' dir='ltr'>θαρροῦντι</span> <span class='ocrx_word' id='word_1_144' title='bbox 1710 1798 1806 1871; x_wconf 80' lang='grc' dir='ltr'>μὲν</span> <span class='ocrx_word' id='word_1_145' title='bbox 1862 1797 1969 1855; x_wconf 85' lang='grc' dir='ltr'>ἀπὸ</span> 
     </span>
    </p>
   </div>
   <div class='ocr_carea' id='block_1_21' title="bbox 306 1885 1965 1966">
    <p class='ocr_par' dir='ltr' id='par_1_21' title="bbox 306 1885 1965 1966">
     <span class='ocr_line' id='line_1_21' title="bbox 306 1885 1965 1966; baseline -0.002 -21"><span class='ocrx_word' id='word_1_146' title='bbox 306 1893 424 1945; x_wconf 85' lang='grc' dir='ltr'>τῶν</span> <span class='ocrx_word' id='word_1_147' title='bbox 475 1887 660 1962; x_wconf 78' lang='grc' dir='ltr'>ἔργων,</span> <span class='ocrx_word' id='word_1_148' title='bbox 702 1886 986 1963; x_wconf 77' lang='grc' dir='ltr'>προσιόντι</span> <span class='ocrx_word' id='word_1_149' title='bbox 1045 1885 1104 1944; x_wconf 68' lang='grc' dir='ltr'>δὲ</span> <span class='ocrx_word' id='word_1_150' title='bbox 1159 1887 1221 1944; x_wconf 84' lang='grc' dir='ltr'>ἐκ</span> <span class='ocrx_word' id='word_1_151' title='bbox 1269 1887 1526 1958; x_wconf 85' lang='grc' dir='ltr'>πίστεως,</span> <span class='ocrx_word' id='word_1_152' title='bbox 1592 1885 1875 1966; x_wconf 78' lang='grc' dir='ltr'>λογίζεται</span> <span class='ocrx_word' id='word_1_153' title='bbox 1929 1890 1965 1959; x_wconf 81' lang='grc' dir='ltr'>ἡ</span> 
     </span>
    </p>
   </div>
   <div class='ocr_carea' id='block_1_22' title="bbox 303 1976 1969 2052">
    <p class='ocr_par' dir='ltr' id='par_1_22' title="bbox 303 1976 1969 2052">
     <span class='ocr_line' id='line_1_22' title="bbox 303 1976 1969 2052; baseline -0.002 -16"><span class='ocrx_word' id='word_1_154' title='bbox 303 1979 494 2041; x_wconf 80' lang='grc' dir='ltr'>πίστις</span> <span class='ocrx_word' id='word_1_155' title='bbox 522 1980 681 2035; x_wconf 68' lang='grc' dir='ltr'>αὐτοῦ</span> <span class='ocrx_word' id='word_1_156' title='bbox 707 1980 786 2043; x_wconf 75' lang='grc' dir='ltr'>είς</span> <span class='ocrx_word' id='word_1_157' title='bbox 819 1978 1191 2052; x_wconf 69' lang='grc' dir='ltr'>δικαιοσύνην,</span> <span class='ocrx_word' id='word_1_158' title='bbox 1234 1981 1326 2037; x_wconf 82' lang='grc' dir='ltr'>καὶ</span> <span class='ocrx_word' id='word_1_159' title='bbox 1387 1977 1692 2036; x_wconf 78' lang='grc' dir='ltr'>δικαιοῦται</span> <span class='ocrx_word' id='word_1_160' title='bbox 1752 1976 1821 2034; x_wconf 89' lang='grc' dir='ltr'>δι’</span> <span class='ocrx_word' id='word_1_161' title='bbox 1872 1978 1969 2034; x_wconf 80' lang='grc' dir='ltr'>αύ-</span> 
     </span>
    </p>
   </div>
   <div class='ocr_carea' id='block_1_23' title="bbox 289 2068 1969 2147">
    <p class='ocr_par' dir='ltr' id='par_1_23' title="bbox 289 2068 1969 2147">
     <span class='ocr_line' id='line_1_23' title="bbox 289 2068 1969 2147; baseline -0.001 -20"><span class='ocrx_word' id='word_1_162' title='bbox 289 2073 415 2140; x_wconf 69' lang='grc' dir='ltr'>τῆς.</span> <span class='ocrx_word' id='word_1_163' title='bbox 456 2092 480 2122; x_wconf 77' lang='grc' dir='ltr'>σ</span> <span class='ocrx_word' id='word_1_164' title='bbox 515 2071 867 2147; x_wconf 73' lang='grc' dir='ltr'>Δογίζεταιὴ</span> <span class='ocrx_word' id='word_1_165' title='bbox 901 2071 1103 2134; x_wconf 82' lang='grc' dir='ltr'>πίστις.</span> <span class='ocrx_word' id='word_1_166' title='bbox 1147 2097 1167 2122; x_wconf 79' lang='grc' dir='ltr'>ι</span> <span class='ocrx_word' id='word_1_167' title='bbox 1210 2072 1304 2141; x_wconf 82' lang='grc' dir='ltr'>Μή</span> <span class='ocrx_word' id='word_1_168' title='bbox 1337 2068 1395 2128; x_wconf 72' lang='grc' dir='ltr'>δὲ</span> <span class='ocrx_word' id='word_1_169' title='bbox 1425 2073 1525 2141; x_wconf 80' lang='grc' dir='ltr'>τήν</span> <span class='ocrx_word' id='word_1_170' title='bbox 1574 2071 1759 2126; x_wconf 86' lang='grc' dir='ltr'>πίστιν</span> <span class='ocrx_word' id='word_1_171' title='bbox 1805 2070 1969 2143; x_wconf 88' lang='grc' dir='ltr'>νομί-</span> 
     </span>
    </p>
   </div>
   <div class='ocr_carea' id='block_1_24' title="bbox 289 2152 1965 2237">
    <p class='ocr_par' dir='ltr' id='par_1_24' title="bbox 289 2152 1965 2237">
     <span class='ocr_line' id='line_1_24' title="bbox 289 2152 1965 2237; baseline -0.007 -20"><span class='ocrx_word' id='word_1_172' title='bbox 289 2181 397 2235; x_wconf 80' lang='grc' dir='ltr'>σῃς</span> <span class='ocrx_word' id='word_1_173' title='bbox 433 2158 680 2235; x_wconf 65' lang='grc' dir='ltr'>εὐχερῶς</span> <span class='ocrx_word' id='word_1_174' title='bbox 724 2158 1117 2237; x_wconf 81' lang='grc' dir='ltr'>παραγίνεσθαί</span> <span class='ocrx_word' id='word_1_175' title='bbox 1167 2152 1299 2218; x_wconf 78' lang='grc' dir='ltr'>τινι.</span> <span class='ocrx_word' id='word_1_176' title='bbox 1362 2157 1643 2237; x_wconf 79' lang='grc' dir='ltr'>Ἀνδρείας</span> <span class='ocrx_word' id='word_1_177' title='bbox 1698 2161 1799 2237; x_wconf 78' lang='grc' dir='ltr'>γὰρ</span> <span class='ocrx_word' id='word_1_178' title='bbox 1857 2157 1965 2215; x_wconf 77' lang='grc' dir='ltr'>δεῖ.</span> 
     </span>
    </p>
   </div>
   <div class='ocr_carea' id='block_1_25' title="bbox 292 2246 1963 2326">
    <p class='ocr_par' dir='ltr' id='par_1_25' title="bbox 292 2246 1963 2326">
     <span class='ocr_line' id='line_1_25' title="bbox 292 2246 1963 2326; baseline 0 -23"><span class='ocrx_word' id='word_1_179' title='bbox 292 2270 412 2315; x_wconf 83' lang='grc' dir='ltr'>ται,</span> <span class='ocrx_word' id='word_1_180' title='bbox 446 2251 536 2305; x_wconf 78' lang='grc' dir='ltr'>καὶ</span> <span class='ocrx_word' id='word_1_181' title='bbox 573 2246 1005 2326; x_wconf 73' lang='grc' dir='ltr'>διεγηγερμένης</span> <span class='ocrx_word' id='word_1_182' title='bbox 1045 2252 1252 2326; x_wconf 81' lang='grc' dir='ltr'>ψυχῆς.</span> <span class='ocrx_word' id='word_1_183' title='bbox 1294 2272 1317 2302; x_wconf 77' lang='grc' dir='ltr'>ι</span> <span class='ocrx_word' id='word_1_184' title='bbox 1371 2250 1467 2312; x_wconf 77' lang='grc' dir='ltr'>Εἰς</span> <span class='ocrx_word' id='word_1_185' title='bbox 1527 2248 1899 2321; x_wconf 84' lang='grc' dir='ltr'>δικαιοσύνην.</span> <span class='ocrx_word' id='word_1_186' title='bbox 1936 2270 1963 2303; x_wconf 71' lang='grc' dir='ltr'><strong><em>ι</em></strong></span> 
     </span>
    </p>
   </div>
   <div class='ocr_carea' id='block_1_26' title="bbox 292 2337 1966 2415">
    <p class='ocr_par' dir='ltr' id='par_1_26' title="bbox 292 2337 1966 2415">
     <span class='ocr_line' id='line_1_26' title="bbox 292 2337 1966 2415; baseline -0.001 -19"><span class='ocrx_word' id='word_1_187' title='bbox 292 2340 466 2414; x_wconf 79' lang='grc' dir='ltr'>Ὁρᾷς</span> <span class='ocrx_word' id='word_1_188' title='bbox 497 2339 585 2395; x_wconf 84' lang='grc' dir='ltr'>’ὁτι</span> <span class='ocrx_word' id='word_1_189' title='bbox 614 2343 695 2411; x_wconf 81' lang='grc' dir='ltr'>τῷ</span> <span class='ocrx_word' id='word_1_190' title='bbox 754 2342 849 2412; x_wconf 71' lang='grc' dir='ltr'>μὶν</span> <span class='ocrx_word' id='word_1_191' title='bbox 909 2338 1263 2415; x_wconf 67' lang='grc' dir='ltr'>ἐργαζομένῳ</span> <span class='ocrx_word' id='word_1_192' title='bbox 1315 2340 1510 2415; x_wconf 80' lang='grc' dir='ltr'>μισθὸς</span> <span class='ocrx_word' id='word_1_193' title='bbox 1564 2340 1701 2396; x_wconf 81' lang='grc' dir='ltr'>κατᾶ</span> <span class='ocrx_word' id='word_1_194' title='bbox 1743 2341 1810 2396; x_wconf 73' lang='grc' dir='ltr'>τα</span> <span class='ocrx_word' id='word_1_195' title='bbox 1838 2337 1966 2414; x_wconf 86' lang='grc' dir='ltr'>ἔργα</span> 
     </span>
    </p>
   </div>
   <div class='ocr_carea' id='block_1_27' title="bbox 290 2426 1968 2507">
    <p class='ocr_par' dir='ltr' id='par_1_27' title="bbox 290 2426 1968 2507">
     <span class='ocr_line' id='line_1_27' title="bbox 290 2426 1968 2507; baseline -0.001 -22"><span class='ocrx_word' id='word_1_196' title='bbox 290 2428 616 2507; x_wconf 84' lang='grc' dir='ltr'>λογίζεται,</span> <span class='ocrx_word' id='word_1_197' title='bbox 646 2433 727 2502; x_wconf 80' lang='grc' dir='ltr'>τῷ</span> <span class='ocrx_word' id='word_1_198' title='bbox 762 2427 820 2483; x_wconf 77' lang='grc' dir='ltr'>δὲ</span> <span class='ocrx_word' id='word_1_199' title='bbox 857 2433 1038 2502; x_wconf 84' lang='grc' dir='ltr'>πιστῷ</span> <span class='ocrx_word' id='word_1_200' title='bbox 1068 2426 1382 2501; x_wconf 70' lang='grc' dir='ltr'>δικαιοσύνη</span> <span class='ocrx_word' id='word_1_201' title='bbox 1419 2450 1435 2502; x_wconf 87' lang='grc'>;</span> <span class='ocrx_word' id='word_1_202' title='bbox 1465 2430 1691 2505; x_wconf 80' lang='grc' dir='ltr'>Μυρίων</span> <span class='ocrx_word' id='word_1_203' title='bbox 1754 2426 1813 2484; x_wconf 68' lang='grc' dir='ltr'>δὲ</span> <span class='ocrx_word' id='word_1_204' title='bbox 1878 2449 1968 2502; x_wconf 86' lang='grc' dir='ltr'>μι-</span> 
     </span>
    </p>
   </div>
   <div class='ocr_carea' id='block_1_28' title="bbox 290 2515 1961 2594">
    <p class='ocr_par' dir='ltr' id='par_1_28' title="bbox 290 2515 1961 2594">
     <span class='ocr_line' id='line_1_28' title="bbox 290 2515 1961 2594; baseline -0.002 -19"><span class='ocrx_word' id='word_1_205' title='bbox 290 2522 438 2575; x_wconf 84' lang='grc' dir='ltr'>σθῶν</span> <span class='ocrx_word' id='word_1_206' title='bbox 474 2518 592 2575; x_wconf 66' lang='grc' dir='ltr'>ἐστι</span> <span class='ocrx_word' id='word_1_207' title='bbox 624 2519 940 2594; x_wconf 81' lang='grc' dir='ltr'>περιεκτικὴ</span> <span class='ocrx_word' id='word_1_208' title='bbox 990 2518 1025 2589; x_wconf 81' lang='grc' dir='ltr'>ἠ</span> <span class='ocrx_word' id='word_1_209' title='bbox 1088 2515 1425 2592; x_wconf 85' lang='grc' dir='ltr'>δικαιοσύνη,</span> <span class='ocrx_word' id='word_1_210' title='bbox 1460 2541 1493 2573; x_wconf 74' lang='grc' dir='ltr'>α</span> <span class='ocrx_word' id='word_1_211' title='bbox 1551 2520 1805 2593; x_wconf 79' lang='grc' dir='ltr'>Καθαπερ</span> <span class='ocrx_word' id='word_1_212' title='bbox 1872 2515 1961 2572; x_wconf 71' lang='grc' dir='ltr'>καὶ</span> 
     </span>
    </p>
   </div>
   <div class='ocr_carea' id='block_1_29' title="bbox 285 2605 1962 2683">
    <p class='ocr_par' dir='ltr' id='par_1_29' title="bbox 285 2605 1962 2683">
     <span class='ocr_line' id='line_1_29' title="bbox 285 2605 1962 2683; baseline -0.002 -17"><span class='ocrx_word' id='word_1_213' title='bbox 285 2605 480 2666; x_wconf 80' lang='grc' dir='ltr'>Δαυίδ.</span> <span class='ocrx_word' id='word_1_214' title='bbox 517 2633 547 2661; x_wconf 75' lang='grc' dir='ltr'>ιι</span> <span class='ocrx_word' id='word_1_215' title='bbox 584 2608 682 2665; x_wconf 78' lang='grc' dir='ltr'>Καὶ</span> <span class='ocrx_word' id='word_1_216' title='bbox 718 2610 746 2663; x_wconf 91' lang='lat'>6</span> <span class='ocrx_word' id='word_1_217' title='bbox 778 2606 943 2665; x_wconf 76' lang='grc' dir='ltr'>Δαυῖδ</span> <span class='ocrx_word' id='word_1_218' title='bbox 973 2607 1044 2683; x_wconf 76' lang='grc' dir='ltr'>τῇ</span> <span class='ocrx_word' id='word_1_219' title='bbox 1095 2607 1156 2664; x_wconf 72' lang='grc' dir='ltr'>ἐκ</span> <span class='ocrx_word' id='word_1_220' title='bbox 1208 2610 1450 2671; x_wconf 85' lang='grc' dir='ltr'>πίστεως</span> <span class='ocrx_word' id='word_1_221' title='bbox 1500 2605 1815 2683; x_wconf 73' lang='grc' dir='ltr'>δικαιοσύνῃ</span> <span class='ocrx_word' id='word_1_222' title='bbox 1850 2610 1962 2682; x_wconf 77' lang='grc' dir='ltr'>ψη·-</span> 
     </span>
    </p>
   </div>
   <div class='ocr_carea' id='block_1_30' title="bbox 293 2689 1963 2776">
    <p class='ocr_par' dir='ltr' id='par_1_30' title="bbox 293 2689 1963 2776">
     <span class='ocr_line' id='line_1_30' title="bbox 293 2689 1963 2776; baseline 0.003 -26"><span class='ocrx_word' id='word_1_223' title='bbox 293 2698 514 2776; x_wconf 69' lang='grc' dir='ltr'>φέζεται</span> <span class='ocrx_word' id='word_1_224' title='bbox 572 2698 667 2752; x_wconf 78' lang='grc' dir='ltr'>τὸν</span> <span class='ocrx_word' id='word_1_225' title='bbox 724 2696 991 2774; x_wconf 82' lang='grc' dir='ltr'>ἆγιασμὸν</span> <span class='ocrx_word' id='word_1_226' title='bbox 1051 2697 1227 2772; x_wconf 74' lang='grc' dir='ltr'>χωρὶς</span> <span class='ocrx_word' id='word_1_227' title='bbox 1285 2689 1533 2774; x_wconf 79' lang='grc' dir='ltr'>ἔργων.ι</span> <span class='ocrx_word' id='word_1_228' title='bbox 1595 2696 1894 2772; x_wconf 76' lang='grc' dir='ltr'>Μακάριοι.</span> <span class='ocrx_word' id='word_1_229' title='bbox 1934 2727 1963 2755; x_wconf 85' lang='grc'>››</span> 
     </span>
    </p>
   </div>
   <div class='ocr_carea' id='block_1_31' title="bbox 284 2782 1961 2864">
    <p class='ocr_par' dir='ltr' id='par_1_31' title="bbox 284 2782 1961 2864">
     <span class='ocr_line' id='line_1_31' title="bbox 284 2782 1961 2864; baseline -0.002 -21"><span class='ocrx_word' id='word_1_230' title='bbox 284 2785 660 2862; x_wconf 66' lang='grc' dir='ltr'>Μακαρισμός</span> <span class='ocrx_word' id='word_1_231' title='bbox 693 2783 836 2841; x_wconf 71' lang='grc' dir='ltr'>ἐστιν</span> <span class='ocrx_word' id='word_1_232' title='bbox 863 2788 899 2856; x_wconf 77' lang='grc' dir='ltr'><strong>ἡ</strong></span> <span class='ocrx_word' id='word_1_233' title='bbox 926 2788 1138 2864; x_wconf 79' lang='grc' dir='ltr'>κορυφή</span> <span class='ocrx_word' id='word_1_234' title='bbox 1196 2790 1305 2842; x_wconf 91' lang='grc' dir='ltr'>τῶν</span> <span class='ocrx_word' id='word_1_235' title='bbox 1362 2787 1601 2864; x_wconf 83' lang='grc' dir='ltr'>ἀγαθῶν.</span> <span class='ocrx_word' id='word_1_236' title='bbox 1646 2791 1808 2842; x_wconf 79' lang='grc' dir='ltr'>Δοκεῖ</span> <span class='ocrx_word' id='word_1_237' title='bbox 1866 2782 1961 2861; x_wconf 77' lang='grc' dir='ltr'>μὲν</span> 
     </span>
    </p>
   </div>
   <div class='ocr_carea' id='block_1_32' title="bbox 287 2874 1327 2953">
    <p class='ocr_par' dir='ltr' id='par_1_32' title="bbox 287 2874 1327 2953">
     <span class='ocr_line' id='line_1_32' title="bbox 287 2874 1327 2953; baseline 0 -21"><span class='ocrx_word' id='word_1_238' title='bbox 287 2898 412 2940; x_wconf 87' lang='grc' dir='ltr'>πως</span> <span class='ocrx_word' id='word_1_239' title='bbox 443 2874 762 2938; x_wconf 70' lang='grc' dir='ltr'>ἀλλόκοτος</span> <span class='ocrx_word' id='word_1_240' title='bbox 792 2875 932 2934; x_wconf 70' lang='grc' dir='ltr'>εἶναι</span> <span class='ocrx_word' id='word_1_241' title='bbox 964 2878 999 2947; x_wconf 77' lang='grc' dir='ltr'><strong>ἡ</strong></span> <span class='ocrx_word' id='word_1_242' title='bbox 1036 2875 1327 2953; x_wconf 81' lang='grc' dir='ltr'>μαρτυρία.</span> 
     </span>
    </p>
   </div>
   <div class='ocr_carea' id='block_1_33' title="bbox 378 3140 1967 3222">
    <p class='ocr_par' dir='ltr' id='par_1_33' title="bbox 378 3140 1967 3222">
     <span class='ocr_line' id='line_1_33' title="bbox 378 3140 1967 3222; baseline -0.003 -21"><span class='ocrx_word' id='word_1_243' title='bbox 378 3142 457 3201; x_wconf 73' lang='grc'>03</span> <span class='ocrx_word' id='word_1_244' title='bbox 487 3143 583 3220; x_wconf 71' lang='grc' dir='ltr'>γεὶρ</span> <span class='ocrx_word' id='word_1_245' title='bbox 611 3141 728 3222; x_wconf 75' lang='grc' dir='ltr'>ἔχει</span> <span class='ocrx_word' id='word_1_246' title='bbox 756 3143 843 3214; x_wconf 68' lang='grc' dir='ltr'>τὲ,</span> <span class='ocrx_word' id='word_1_247' title='bbox 904 3143 1182 3215; x_wconf 60' lang='grc' dir='ltr'>Μακάριος</span> <span class='ocrx_word' id='word_1_248' title='bbox 1239 3145 1285 3217; x_wconf 81' lang='grc' dir='ltr'>ᾧ</span> <span class='ocrx_word' id='word_1_249' title='bbox 1341 3146 1375 3214; x_wconf 81' lang='grc' dir='ltr'><strong>ἡ</strong></span> <span class='ocrx_word' id='word_1_250' title='bbox 1410 3144 1593 3207; x_wconf 79' lang='grc' dir='ltr'>πίστις</span> <span class='ocrx_word' id='word_1_251' title='bbox 1644 3142 1720 3206; x_wconf 78' lang='grc' dir='ltr'>εἰς</span> <span class='ocrx_word' id='word_1_252' title='bbox 1754 3140 1967 3198; x_wconf 85' lang='grc' dir='ltr'>δικαιο-</span> 
     </span>
    </p>
   </div>
   <div class='ocr_carea' id='block_1_34' title="bbox 2096 556 3747 638">
    <p class='ocr_par' dir='ltr' id='par_1_34' title="bbox 2096 556 3747 638">
     <span class='ocr_line' id='line_1_34' title="bbox 2096 556 3747 638; baseline 0.008 -30"><span class='ocrx_word' id='word_1_253' title='bbox 2096 569 2277 623; x_wconf 86' lang='lat' dir='ltr'>quam</span> <span class='ocrx_word' id='word_1_254' title='bbox 2308 556 2467 628; x_wconf 87' lang='lat' dir='ltr'>apud</span> <span class='ocrx_word' id='word_1_255' title='bbox 2498 558 2951 632; x_wconf 89' lang='lat' dir='ltr'>seipsum.Bona</span> <span class='ocrx_word' id='word_1_256' title='bbox 2979 578 3238 635; x_wconf 81' lang='lat' dir='ltr'>namque</span> <span class='ocrx_word' id='word_1_257' title='bbox 3265 580 3447 636; x_wconf 84' lang='lat' dir='ltr'>opera</span> <span class='ocrx_word' id='word_1_258' title='bbox 3463 564 3747 638; x_wconf 77' lang='lat' dir='ltr'>frequen-</span> 
     </span>
    </p>
   </div>
   <div class='ocr_carea' id='block_1_35' title="bbox 2094 645 3742 726">
    <p class='ocr_par' dir='ltr' id='par_1_35' title="bbox 2094 645 3742 726">
     <span class='ocr_line' id='line_1_35' title="bbox 2094 645 3742 726; baseline 0.009 -30"><span class='ocrx_word' id='word_1_259' title='bbox 2094 646 2185 697; x_wconf 88' lang='lat' dir='ltr'>ter</span> <span class='ocrx_word' id='word_1_260' title='bbox 2214 645 2391 701; x_wconf 88' lang='lat' dir='ltr'>etiam</span> <span class='ocrx_word' id='word_1_261' title='bbox 2416 647 2550 702; x_wconf 88' lang='lat' dir='ltr'>aliis</span> <span class='ocrx_word' id='word_1_262' title='bbox 2581 648 2975 707; x_wconf 77' lang='lat' dir='ltr'>obscurantur</span> <span class='ocrx_word' id='word_1_263' title='bbox 3001 652 3235 709; x_wconf 72' lang='lat' dir='ltr'>delictis</span> <span class='ocrx_word' id='word_1_264' title='bbox 3260 671 3273 709; x_wconf 88' lang='lat'><strong>:</strong></span> <span class='ocrx_word' id='word_1_265' title='bbox 3301 654 3575 726; x_wconf 80' lang='lat' dir='ltr'>gloriatio</span> <span class='ocrx_word' id='word_1_266' title='bbox 3609 670 3742 711; x_wconf 90' lang='lat' dir='ltr'>vero</span> 
     </span>
    </p>
   </div>
   <div class='ocr_carea' id='block_1_36' title="bbox 2094 735 3746 816">
    <p class='ocr_par' dir='ltr' id='par_1_36' title="bbox 2094 735 3746 816">
     <span class='ocr_line' id='line_1_36' title="bbox 2094 735 3746 816; baseline 0.008 -29"><span class='ocrx_word' id='word_1_267' title='bbox 2094 748 2225 802; x_wconf 74' lang='lat' dir='ltr'>qum</span> <span class='ocrx_word' id='word_1_268' title='bbox 2255 735 2414 807; x_wconf 90' lang='lat' dir='ltr'>apud</span> <span class='ocrx_word' id='word_1_269' title='bbox 2448 739 2630 795; x_wconf 90' lang='lat' dir='ltr'>Deum</span> <span class='ocrx_word' id='word_1_270' title='bbox 2662 745 2772 808; x_wconf 86' lang='lat' dir='ltr'>est,</span> <span class='ocrx_word' id='word_1_271' title='bbox 2823 758 3060 812; x_wconf 81' lang='lat' dir='ltr'>semper</span> <span class='ocrx_word' id='word_1_272' title='bbox 3089 741 3478 799; x_wconf 77' lang='lat' dir='ltr'>immutabilis</span> <span class='ocrx_word' id='word_1_273' title='bbox 3518 761 3746 816; x_wconf 87' lang='lat' dir='ltr'>perma-</span> 
     </span>
    </p>
   </div>
   <div class='ocr_carea' id='block_1_37' title="bbox 2093 827 3742 903">
    <p class='ocr_par' dir='ltr' id='par_1_37' title="bbox 2093 827 3742 903">
     <span class='ocr_line' id='line_1_37' title="bbox 2093 827 3742 903; baseline 0.007 -27"><span class='ocrx_word' id='word_1_274' title='bbox 2093 828 2215 878; x_wconf 86' lang='lat' dir='ltr'>net.</span> <span class='ocrx_word' id='word_1_275' title='bbox 2249 848 2276 873; x_wconf 89' lang='grc'>‹‹</span> <span class='ocrx_word' id='word_1_276' title='bbox 2320 827 2469 891; x_wconf 89' lang='lat' dir='ltr'>Quid</span> <span class='ocrx_word' id='word_1_277' title='bbox 2500 830 2661 885; x_wconf 88' lang='lat' dir='ltr'>enim</span> <span class='ocrx_word' id='word_1_278' title='bbox 2693 830 2838 886; x_wconf 88' lang='lat' dir='ltr'>dicit</span> <span class='ocrx_word' id='word_1_279' title='bbox 2867 831 3257 903; x_wconf 85' lang='lat' dir='ltr'>Scriptura?»</span> <span class='ocrx_word' id='word_1_280' title='bbox 3280 834 3742 891; x_wconf 81' lang='lat' dir='ltr'>Genesimaﬂ&#39;ert</span> 
     </span>
    </p>
   </div>
   <div class='ocr_carea' id='block_1_38' title="bbox 2092 918 3741 992">
    <p class='ocr_par' dir='ltr' id='par_1_38' title="bbox 2092 918 3741 992">
     <span class='ocr_line' id='line_1_38' title="bbox 2092 918 3741 992; baseline 0.008 -25"><span class='ocrx_word' id='word_1_281' title='bbox 2092 928 2224 983; x_wconf 65' lang='lat' dir='ltr'>quas</span> <span class='ocrx_word' id='word_1_282' title='bbox 2258 919 2510 972; x_wconf 79' lang='lat' dir='ltr'>testatur</span> <span class='ocrx_word' id='word_1_283' title='bbox 2539 918 2838 975; x_wconf 79' lang='lat' dir='ltr'>Abraham</span> <span class='ocrx_word' id='word_1_284' title='bbox 2892 937 2963 975; x_wconf 80' lang='lat' dir='ltr'>ex</span> <span class='ocrx_word' id='word_1_285' title='bbox 3022 920 3137 976; x_wconf 81' lang='lat' dir='ltr'>{ide</span> <span class='ocrx_word' id='word_1_286' title='bbox 3162 921 3560 992; x_wconf 80' lang='lat' dir='ltr'>justiticatum</span> <span class='ocrx_word' id='word_1_287' title='bbox 3591 940 3741 980; x_wconf 88' lang='lat' dir='ltr'>esse.</span> 
     </span>
    </p>
   </div>
   <div class='ocr_carea' id='block_1_39' title="bbox 2098 1002 3742 1083">
    <p class='ocr_par' dir='ltr' id='par_1_39' title="bbox 2098 1002 3742 1083">
     <span class='ocr_line' id='line_1_39' title="bbox 2098 1002 3742 1083; baseline 0.008 -27"><span class='ocrx_word' id='word_1_288' title='bbox 2098 1002 2209 1057; x_wconf 75' lang='grc' dir='ltr'>«Εἰ</span> <span class='ocrx_word' id='word_1_289' title='bbox 2240 1020 2376 1060; x_wconf 86' lang='lat' dir='ltr'>vero</span> <span class='ocrx_word' id='word_1_290' title='bbox 2410 1006 2511 1078; x_wconf 87' lang='lat' dir='ltr'>qui</span> <span class='ocrx_word' id='word_1_291' title='bbox 2559 1016 2859 1080; x_wconf 88' lang='lat' dir='ltr'>operatur,</span> <span class='ocrx_word' id='word_1_292' title='bbox 2901 1032 2929 1060; x_wconf 71' lang='grc' dir='ltr'>ι)</span> <span class='ocrx_word' id='word_1_293' title='bbox 2986 1015 3098 1065; x_wconf 90' lang='lat' dir='ltr'>etc.</span> <span class='ocrx_word' id='word_1_294' title='bbox 3144 1011 3423 1083; x_wconf 83' lang='lat' dir='ltr'>Majorem</span> <span class='ocrx_word' id='word_1_295' title='bbox 3481 1013 3742 1069; x_wconf 87' lang='lat' dir='ltr'>ostendit</span> 
     </span>
    </p>
   </div>
   <div class='ocr_carea' id='block_1_40' title="bbox 2081 1090 3745 1173">
    <p class='ocr_par' dir='ltr' id='par_1_40' title="bbox 2081 1090 3745 1173">
     <span class='ocr_line' id='line_1_40' title="bbox 2081 1090 3745 1173; baseline 0.008 -27"><span class='ocrx_word' id='word_1_296' title='bbox 2081 1090 2379 1163; x_wconf 85' lang='lat' dir='ltr'>justitiam</span> <span class='ocrx_word' id='word_1_297' title='bbox 2413 1113 2546 1167; x_wconf 74' lang='lat' dir='ltr'>quas</span> <span class='ocrx_word' id='word_1_298' title='bbox 2579 1104 2669 1153; x_wconf 90' lang='lat' dir='ltr'>est</span> <span class='ocrx_word' id='word_1_299' title='bbox 2688 1099 3017 1155; x_wconf 90' lang='lat' dir='ltr'>secundum</span> <span class='ocrx_word' id='word_1_300' title='bbox 3047 1100 3295 1173; x_wconf 77' lang='lat' dir='ltr'>gratiam</span> <span class='ocrx_word' id='word_1_301' title='bbox 3324 1118 3572 1171; x_wconf 83' lang='lat' dir='ltr'>quamve</span> <span class='ocrx_word' id='word_1_302' title='bbox 3596 1102 3745 1159; x_wconf 84' lang='lat' dir='ltr'>fides</span> 
     </span>
    </p>
   </div>
   <div class='ocr_carea' id='block_1_41' title="bbox 2089 1183 3745 1262">
    <p class='ocr_par' dir='ltr' id='par_1_41' title="bbox 2089 1183 3745 1262">
     <span class='ocr_line' id='line_1_41' title="bbox 2089 1183 3745 1262; baseline 0.005 -24"><span class='ocrx_word' id='word_1_303' title='bbox 2089 1183 2332 1252; x_wconf 61' lang='lat' dir='ltr'>praebet.</span> <span class='ocrx_word' id='word_1_304' title='bbox 2364 1185 2477 1241; x_wconf 93' lang='lat' dir='ltr'>hoc</span> <span class='ocrx_word' id='word_1_305' title='bbox 2504 1187 2854 1245; x_wconf 78' lang='lat' dir='ltr'>modo.l\&#39;am</span> <span class='ocrx_word' id='word_1_306' title='bbox 2886 1195 3067 1253; x_wconf 89' lang='lat' dir='ltr'>recte,</span> <span class='ocrx_word' id='word_1_307' title='bbox 3101 1189 3316 1261; x_wconf 87' lang='lat' dir='ltr'>inquit,</span> <span class='ocrx_word' id='word_1_308' title='bbox 3347 1191 3618 1262; x_wconf 90' lang='lat' dir='ltr'>operanti</span> <span class='ocrx_word' id='word_1_309' title='bbox 3649 1190 3745 1247; x_wconf 88' lang='lat' dir='ltr'>de-</span> 
     </span>
    </p>
   </div>
   <div class='ocr_carea' id='block_1_42' title="bbox 2087 1271 3743 1347">
    <p class='ocr_par' dir='ltr' id='par_1_42' title="bbox 2087 1271 3743 1347">
     <span class='ocr_line' id='line_1_42' title="bbox 2087 1271 3743 1347; baseline 0.005 -20"><span class='ocrx_word' id='word_1_310' title='bbox 2087 1271 2262 1329; x_wconf 88' lang='lat' dir='ltr'>betur</span> <span class='ocrx_word' id='word_1_311' title='bbox 2286 1276 2579 1332; x_wconf 88' lang='lat' dir='ltr'>mercedis</span> <span class='ocrx_word' id='word_1_312' title='bbox 2619 1277 2929 1333; x_wconf 90' lang='lat' dir='ltr'>retributio</span> <span class='ocrx_word' id='word_1_313' title='bbox 2983 1296 3054 1335; x_wconf 79' lang='lat' dir='ltr'>ex</span> <span class='ocrx_word' id='word_1_314' title='bbox 3111 1279 3331 1336; x_wconf 90' lang='lat' dir='ltr'>debito.</span> <span class='ocrx_word' id='word_1_315' title='bbox 3367 1302 3393 1330; x_wconf 77' lang='grc' dir='ltr'>α</span> <span class='ocrx_word' id='word_1_316' title='bbox 3429 1281 3580 1347; x_wconf 90' lang='lat' dir='ltr'>Quid</span> <span class='ocrx_word' id='word_1_317' title='bbox 3637 1298 3743 1336; x_wconf 89' lang='lat' dir='ltr'>au-</span> 
     </span>
    </p>
   </div>
   <div class='ocr_carea' id='block_1_43' title="bbox 2089 1364 3740 1442">
    <p class='ocr_par' dir='ltr' id='par_1_43' title="bbox 2089 1364 3740 1442">
     <span class='ocr_line' id='line_1_43' title="bbox 2089 1364 3740 1442; baseline 0.004 -23"><span class='ocrx_word' id='word_1_318' title='bbox 2089 1368 2205 1420; x_wconf 88' lang='lat' dir='ltr'>tem</span> <span class='ocrx_word' id='word_1_319' title='bbox 2237 1364 2265 1421; x_wconf 78' lang='lat' dir='ltr'>‘I</span> <span class='ocrx_word' id='word_1_320' title='bbox 2293 1387 2322 1415; x_wconf 75' lang='grc' dir='ltr'><em>η</em></span> <span class='ocrx_word' id='word_1_321' title='bbox 2353 1368 2443 1422; x_wconf 84' lang='lat' dir='ltr'>An</span> <span class='ocrx_word' id='word_1_322' title='bbox 2471 1372 2666 1438; x_wconf 87' lang='lat' dir='ltr'>potest</span> <span class='ocrx_word' id='word_1_323' title='bbox 2694 1367 2796 1440; x_wconf 88' lang='lat' dir='ltr'>qui</span> <span class='ocrx_word' id='word_1_324' title='bbox 2826 1369 3005 1425; x_wconf 90' lang='lat' dir='ltr'>etiam</span> <span class='ocrx_word' id='word_1_325' title='bbox 3034 1368 3353 1425; x_wconf 86' lang='lat' dir='ltr'>admodum</span> <span class='ocrx_word' id='word_1_326' title='bbox 3379 1370 3599 1442; x_wconf 89' lang='lat' dir='ltr'>probus</span> <span class='ocrx_word' id='word_1_327' title='bbox 3631 1375 3740 1439; x_wconf 88' lang='lat' dir='ltr'>est,</span> 
     </span>
    </p>
   </div>
   <div class='ocr_carea' id='block_1_44' title="bbox 2085 1455 3741 1532">
    <p class='ocr_par' dir='ltr' id='par_1_44' title="bbox 2085 1455 3741 1532">
     <span class='ocr_line' id='line_1_44' title="bbox 2085 1455 3741 1532; baseline 0.004 -23"><span class='ocrx_word' id='word_1_328' title='bbox 2085 1455 2372 1526; x_wconf 76' lang='lat' dir='ltr'>prmclara</span> <span class='ocrx_word' id='word_1_329' title='bbox 2391 1455 2585 1514; x_wconf 87' lang='lat' dir='ltr'>facere</span> <span class='ocrx_word' id='word_1_330' title='bbox 2603 1459 3118 1532; x_wconf 88' lang='lat' dir='ltr'>opera,Deumque</span> <span class='ocrx_word' id='word_1_331' title='bbox 3138 1459 3357 1516; x_wconf 89' lang='lat' dir='ltr'>habere</span> <span class='ocrx_word' id='word_1_332' title='bbox 3379 1459 3741 1516; x_wconf 80' lang='lat' dir='ltr'>debitorem?</span> 
     </span>
    </p>
   </div>
   <div class='ocr_carea' id='block_1_45' title="bbox 2086 1546 3736 1623">
    <p class='ocr_par' dir='ltr' id='par_1_45' title="bbox 2086 1546 3736 1623">
     <span class='ocr_line' id='line_1_45' title="bbox 2086 1546 3736 1623; baseline 0.004 -23"><span class='ocrx_word' id='word_1_333' title='bbox 2086 1547 2231 1601; x_wconf 84' lang='lat' dir='ltr'>Nam</span> <span class='ocrx_word' id='word_1_334' title='bbox 2261 1546 2363 1618; x_wconf 89' lang='lat' dir='ltr'>qui</span> <span class='ocrx_word' id='word_1_335' title='bbox 2395 1564 2467 1604; x_wconf 82' lang='lat' dir='ltr'>ex</span> <span class='ocrx_word' id='word_1_336' title='bbox 2527 1547 2641 1604; x_wconf 77' lang='lat' dir='ltr'>fide</span> <span class='ocrx_word' id='word_1_337' title='bbox 2682 1549 3069 1621; x_wconf 83' lang='lat' dir='ltr'>justiﬁcatur,</span> <span class='ocrx_word' id='word_1_338' title='bbox 3123 1549 3452 1606; x_wconf 85' lang='lat' dir='ltr'>secundum</span> <span class='ocrx_word' id='word_1_339' title='bbox 3482 1550 3736 1623; x_wconf 75' lang='lat' dir='ltr'>gratiam</span> 
     </span>
    </p>
   </div>
   <div class='ocr_carea' id='block_1_46' title="bbox 2080 1634 3737 1712">
    <p class='ocr_par' dir='ltr' id='par_1_46' title="bbox 2080 1634 3737 1712">
     <span class='ocr_line' id='line_1_46' title="bbox 2080 1634 3737 1712; baseline 0.003 -23"><span class='ocrx_word' id='word_1_340' title='bbox 2080 1634 2461 1703; x_wconf 81' lang='lat' dir='ltr'>justiticatur.</span> <span class='ocrx_word' id='word_1_341' title='bbox 2497 1637 2602 1694; x_wconf 90' lang='lat' dir='ltr'>Ubi</span> <span class='ocrx_word' id='word_1_342' title='bbox 2634 1644 2833 1694; x_wconf 90' lang='lat' dir='ltr'>autem</span> <span class='ocrx_word' id='word_1_343' title='bbox 2865 1639 3019 1696; x_wconf 83' lang='lat' dir='ltr'>Deus</span> <span class='ocrx_word' id='word_1_344' title='bbox 3041 1655 3294 1696; x_wconf 88' lang='lat' dir='ltr'>munera</span> <span class='ocrx_word' id='word_1_345' title='bbox 3322 1639 3737 1712; x_wconf 80' lang='lat' dir='ltr'>largitur,om-</span> 
     </span>
    </p>
   </div>
   <div class='ocr_carea' id='block_1_47' title="bbox 2084 1724 3737 1802">
    <p class='ocr_par' dir='ltr' id='par_1_47' title="bbox 2084 1724 3737 1802">
     <span class='ocr_line' id='line_1_47' title="bbox 2084 1724 3737 1802; baseline 0.003 -24"><span class='ocrx_word' id='word_1_346' title='bbox 2084 1724 2229 1780; x_wconf 91' lang='lat' dir='ltr'>nino</span> <span class='ocrx_word' id='word_1_347' title='bbox 2252 1742 2468 1796; x_wconf 81' lang='lat' dir='ltr'>magna</span> <span class='ocrx_word' id='word_1_348' title='bbox 2505 1726 2787 1800; x_wconf 81' lang='lat' dir='ltr'>largitur:</span> <span class='ocrx_word' id='word_1_349' title='bbox 2821 1727 3035 1799; x_wconf 89' lang='lat' dir='ltr'>ecquid</span> <span class='ocrx_word' id='word_1_350' title='bbox 3068 1728 3228 1784; x_wconf 89' lang='lat' dir='ltr'>enim</span> <span class='ocrx_word' id='word_1_351' title='bbox 3260 1728 3555 1802; x_wconf 81' lang='lat' dir='ltr'>largitur?</span> <span class='ocrx_word' id='word_1_352' title='bbox 3578 1728 3737 1785; x_wconf 81' lang='lat' dir='ltr'>ﬁlio-</span> 
     </span>
    </p>
   </div>
   <div class='ocr_carea' id='block_1_48' title="bbox 2001 1816 3734 1914">
    <p class='ocr_par' dir='ltr' id='par_1_48' title="bbox 2001 1816 3734 1914">
     <span class='ocr_line' id='line_1_48' title="bbox 2001 1816 3734 1914; baseline 0.002 -46"><span class='ocrx_word' id='word_1_353' title='bbox 2001 1849 2047 1914; x_wconf 80' lang='lat' dir='ltr'><strong>B</strong></span> <span class='ocrx_word' id='word_1_354' title='bbox 2084 1830 2219 1869; x_wconf 88' lang='lat' dir='ltr'>rum</span> <span class='ocrx_word' id='word_1_355' title='bbox 2268 1820 2515 1887; x_wconf 66' lang='lat' dir='ltr'>praestat</span> <span class='ocrx_word' id='word_1_356' title='bbox 2568 1816 2972 1888; x_wconf 84' lang='lat' dir='ltr'>adoptionem,</span> <span class='ocrx_word' id='word_1_357' title='bbox 3029 1817 3246 1873; x_wconf 85' lang='lat' dir='ltr'>Christi</span> <span class='ocrx_word' id='word_1_358' title='bbox 3294 1817 3509 1875; x_wconf 85' lang='lat' dir='ltr'>fratres</span> <span class='ocrx_word' id='word_1_359' title='bbox 3531 1818 3734 1887; x_wconf 81' lang='lat' dir='ltr'>efﬁcit,</span> 
     </span>
    </p>
   </div>
   <div class='ocr_carea' id='block_1_49' title="bbox 2079 1903 3733 1979">
    <p class='ocr_par' dir='ltr' id='par_1_49' title="bbox 2079 1903 3733 1979">
     <span class='ocr_line' id='line_1_49' title="bbox 2079 1903 3733 1979; baseline 0.002 -21"><span class='ocrx_word' id='word_1_360' title='bbox 2079 1903 2348 1959; x_wconf 76' lang='lat' dir='ltr'>hmredes</span> <span class='ocrx_word' id='word_1_361' title='bbox 2367 1904 2842 1971; x_wconf 73' lang='lat' dir='ltr'>Dei,coha2redes</span> <span class='ocrx_word' id='word_1_362' title='bbox 2862 1906 3100 1962; x_wconf 87' lang='lat' dir='ltr'>Christi.</span> <span class='ocrx_word' id='word_1_363' title='bbox 3123 1908 3406 1973; x_wconf 67' lang='lat' dir='ltr'>Quaenam</span> <span class='ocrx_word' id='word_1_364' title='bbox 3423 1907 3564 1963; x_wconf 89' lang='lat' dir='ltr'>talia</span> <span class='ocrx_word' id='word_1_365' title='bbox 3582 1925 3733 1979; x_wconf 76' lang='lat' dir='ltr'>prm-</span> 
     </span>
    </p>
   </div>
   <div class='ocr_carea' id='block_1_50' title="bbox 2075 1994 3736 2069">
    <p class='ocr_par' dir='ltr' id='par_1_50' title="bbox 2075 1994 3736 2069">
     <span class='ocr_line' id='line_1_50' title="bbox 2075 1994 3736 2069; baseline 0.002 -20"><span class='ocrx_word' id='word_1_366' title='bbox 2075 1994 2356 2050; x_wconf 91' lang='lat' dir='ltr'>stiterunt</span> <span class='ocrx_word' id='word_1_367' title='bbox 2377 2012 2642 2067; x_wconf 85' lang='lat' dir='ltr'>unquam</span> <span class='ocrx_word' id='word_1_368' title='bbox 2656 1995 2829 2052; x_wconf 85' lang='lat' dir='ltr'>nobis</span> <span class='ocrx_word' id='word_1_369' title='bbox 2845 1996 3199 2069; x_wconf 87' lang='lat' dir='ltr'>bonaopera</span> <span class='ocrx_word' id='word_1_370' title='bbox 3218 1996 3324 2053; x_wconf 88' lang='lat'>?—-</span> <span class='ocrx_word' id='word_1_371' title='bbox 3355 1999 3651 2053; x_wconf 81' lang='lat' dir='ltr'>Praeterea</span> <span class='ocrx_word' id='word_1_372' title='bbox 3676 2002 3736 2053; x_wconf 89' lang='lat' dir='ltr'>et</span> 
     </span>
    </p>
   </div>
   <div class='ocr_carea' id='block_1_51' title="bbox 2072 2079 3726 2155">
    <p class='ocr_par' dir='ltr' id='par_1_51' title="bbox 2072 2079 3726 2155">
     <span class='ocr_line' id='line_1_51' title="bbox 2072 2079 3726 2155; baseline 0.002 -19"><span class='ocrx_word' id='word_1_373' title='bbox 2072 2079 2185 2137; x_wconf 89' lang='lat' dir='ltr'>hoc</span> <span class='ocrx_word' id='word_1_374' title='bbox 2210 2082 2383 2138; x_wconf 90' lang='lat' dir='ltr'>modo</span> <span class='ocrx_word' id='word_1_375' title='bbox 2409 2099 2423 2138; x_wconf 89' lang='lat'><strong>:</strong></span> <span class='ocrx_word' id='word_1_376' title='bbox 2456 2083 2520 2138; x_wconf 88' lang='lat' dir='ltr'>Ei</span> <span class='ocrx_word' id='word_1_377' title='bbox 2551 2083 2653 2154; x_wconf 88' lang='lat' dir='ltr'>qui</span> <span class='ocrx_word' id='word_1_378' title='bbox 2685 2083 2758 2140; x_wconf 87' lang='lat' dir='ltr'>ab</span> <span class='ocrx_word' id='word_1_379' title='bbox 2781 2084 3060 2155; x_wconf 89' lang='lat' dir='ltr'>operibus</span> <span class='ocrx_word' id='word_1_380' title='bbox 3084 2085 3363 2140; x_wconf 80' lang='lat' dir='ltr'>fiduciam</span> <span class='ocrx_word' id='word_1_381' title='bbox 3386 2102 3507 2141; x_wconf 91' lang='lat' dir='ltr'>non</span> <span class='ocrx_word' id='word_1_382' title='bbox 3526 2084 3726 2152; x_wconf 87' lang='lat' dir='ltr'>habet,</span> 
     </span>
    </p>
   </div>
   <div class='ocr_carea' id='block_1_52' title="bbox 2073 2170 3730 2244">
    <p class='ocr_par' dir='ltr' id='par_1_52' title="bbox 2073 2170 3730 2244">
     <span class='ocr_line' id='line_1_52' title="bbox 2073 2170 3730 2244; baseline 0.001 -18"><span class='ocrx_word' id='word_1_383' title='bbox 2073 2170 2178 2226; x_wconf 90' lang='lat' dir='ltr'>sed</span> <span class='ocrx_word' id='word_1_384' title='bbox 2207 2187 2279 2226; x_wconf 75' lang='lat' dir='ltr'>ex</span> <span class='ocrx_word' id='word_1_385' title='bbox 2305 2171 2421 2226; x_wconf 81' lang='lat' dir='ltr'>{ide</span> <span class='ocrx_word' id='word_1_386' title='bbox 2446 2171 2695 2241; x_wconf 88' lang='lat' dir='ltr'>accedit,</span> <span class='ocrx_word' id='word_1_387' title='bbox 2729 2172 3059 2244; x_wconf 85' lang='lat' dir='ltr'>imputatur</span> <span class='ocrx_word' id='word_1_388' title='bbox 3107 2172 3253 2229; x_wconf 84' lang='lat' dir='ltr'>ﬁdes</span> <span class='ocrx_word' id='word_1_389' title='bbox 3287 2190 3395 2230; x_wconf 88' lang='lat' dir='ltr'>sua</span> <span class='ocrx_word' id='word_1_390' title='bbox 3450 2173 3527 2230; x_wconf 88' lang='lat' dir='ltr'>ad</span> <span class='ocrx_word' id='word_1_391' title='bbox 3551 2173 3730 2244; x_wconf 84' lang='lat' dir='ltr'>justi-</span> 
     </span>
    </p>
   </div>
   <div class='ocr_carea' id='block_1_53' title="bbox 2073 2260 3729 2335">
    <p class='ocr_par' dir='ltr' id='par_1_53' title="bbox 2073 2260 3729 2335">
     <span class='ocr_line' id='line_1_53' title="bbox 2073 2260 3729 2335; baseline 0 -20"><span class='ocrx_word' id='word_1_392' title='bbox 2073 2260 2238 2326; x_wconf 89' lang='lat' dir='ltr'>tiam,</span> <span class='ocrx_word' id='word_1_393' title='bbox 2272 2265 2330 2315; x_wconf 88' lang='lat' dir='ltr'>et</span> <span class='ocrx_word' id='word_1_394' title='bbox 2350 2277 2457 2333; x_wconf 90' lang='lat' dir='ltr'>per</span> <span class='ocrx_word' id='word_1_395' title='bbox 2477 2260 2641 2317; x_wconf 88' lang='lat' dir='ltr'>illam</span> <span class='ocrx_word' id='word_1_396' title='bbox 2665 2262 3051 2334; x_wconf 83' lang='lat' dir='ltr'>justiﬁcatur.</span> <span class='ocrx_word' id='word_1_397' title='bbox 3076 2284 3105 2313; x_wconf 85' lang='lat'><strong>«</strong></span> <span class='ocrx_word' id='word_1_398' title='bbox 3138 2262 3311 2319; x_wconf 88' lang='lat' dir='ltr'>Fides</span> <span class='ocrx_word' id='word_1_399' title='bbox 3341 2263 3729 2335; x_wconf 85' lang='lat' dir='ltr'>imputatur.»</span> 
     </span>
    </p>
   </div>
   <div class='ocr_carea' id='block_1_54' title="bbox 2072 2351 3728 2425">
    <p class='ocr_par' dir='ltr' id='par_1_54' title="bbox 2072 2351 3728 2425">
     <span class='ocr_line' id='line_1_54' title="bbox 2072 2351 3728 2425; baseline 0.002 -20"><span class='ocrx_word' id='word_1_400' title='bbox 2072 2351 2273 2421; x_wconf 86' lang='lat' dir='ltr'>Neque</span> <span class='ocrx_word' id='word_1_401' title='bbox 2305 2351 2484 2407; x_wconf 78' lang='lat' dir='ltr'>ﬁdem</span> <span class='ocrx_word' id='word_1_402' title='bbox 2516 2359 2687 2424; x_wconf 87' lang='lat' dir='ltr'>putes</span> <span class='ocrx_word' id='word_1_403' title='bbox 2704 2353 2985 2424; x_wconf 89' lang='lat' dir='ltr'>cuiquam</span> <span class='ocrx_word' id='word_1_404' title='bbox 3014 2352 3186 2409; x_wconf 88' lang='lat' dir='ltr'>facile</span> <span class='ocrx_word' id='word_1_405' title='bbox 3210 2353 3728 2425; x_wconf 80' lang='lat' dir='ltr'>contingere.Nam</span> 
     </span>
    </p>
   </div>
   <div class='ocr_carea' id='block_1_55' title="bbox 2069 2439 3728 2515">
    <p class='ocr_par' dir='ltr' id='par_1_55' title="bbox 2069 2439 3728 2515">
     <span class='ocr_line' id='line_1_55' title="bbox 2069 2439 3728 2515; baseline 0.002 -21"><span class='ocrx_word' id='word_1_406' title='bbox 2069 2439 2420 2497; x_wconf 81' lang='lat' dir='ltr'>fortitudine</span> <span class='ocrx_word' id='word_1_407' title='bbox 2452 2458 2603 2514; x_wconf 83' lang='lat' dir='ltr'>Opus</span> <span class='ocrx_word' id='word_1_408' title='bbox 2634 2445 2725 2497; x_wconf 88' lang='lat' dir='ltr'>est</span> <span class='ocrx_word' id='word_1_409' title='bbox 2752 2447 3070 2514; x_wconf 89' lang='lat' dir='ltr'>erectoque</span> <span class='ocrx_word' id='word_1_410' title='bbox 3128 2442 3348 2498; x_wconf 90' lang='lat' dir='ltr'>animo.</span> <span class='ocrx_word' id='word_1_411' title='bbox 3379 2464 3408 2494; x_wconf 84' lang='lat'><strong>«</strong></span> <span class='ocrx_word' id='word_1_412' title='bbox 3434 2442 3520 2497; x_wconf 87' lang='lat' dir='ltr'>Ad</span> <span class='ocrx_word' id='word_1_413' title='bbox 3545 2442 3728 2515; x_wconf 80' lang='lat' dir='ltr'>justi-</span> 
     </span>
    </p>
   </div>
   <div class='ocr_carea' id='block_1_56' title="bbox 2072 2530 3727 2604">
    <p class='ocr_par' dir='ltr' id='par_1_56' title="bbox 2072 2530 3727 2604">
     <span class='ocr_line' id='line_1_56' title="bbox 2072 2530 3727 2604; baseline 0.001 -19"><span class='ocrx_word' id='word_1_414' title='bbox 2072 2530 2236 2586; x_wconf 90' lang='lat' dir='ltr'>tiam.</span> <span class='ocrx_word' id='word_1_415' title='bbox 2270 2552 2299 2581; x_wconf 71' lang='grc' dir='ltr'>η</span> <span class='ocrx_word' id='word_1_416' title='bbox 2360 2531 2533 2587; x_wconf 89' lang='lat' dir='ltr'>Vides</span> <span class='ocrx_word' id='word_1_417' title='bbox 2582 2531 2741 2603; x_wconf 92' lang='lat' dir='ltr'>quod</span> <span class='ocrx_word' id='word_1_418' title='bbox 2795 2532 3065 2604; x_wconf 80' lang='lat' dir='ltr'>aperanti</span> <span class='ocrx_word' id='word_1_419' title='bbox 3113 2548 3342 2588; x_wconf 90' lang='lat' dir='ltr'>merces</span> <span class='ocrx_word' id='word_1_420' title='bbox 3399 2530 3727 2588; x_wconf 89' lang='lat' dir='ltr'>secundum</span> 
     </span>
    </p>
   </div>
   <div class='ocr_carea' id='block_1_57' title="bbox 2071 2620 3729 2694">
    <p class='ocr_par' dir='ltr' id='par_1_57' title="bbox 2071 2620 3729 2694">
     <span class='ocr_line' id='line_1_57' title="bbox 2071 2620 3729 2694; baseline 0.001 -19"><span class='ocrx_word' id='word_1_421' title='bbox 2071 2637 2253 2693; x_wconf 87' lang='lat' dir='ltr'>opera</span> <span class='ocrx_word' id='word_1_422' title='bbox 2282 2621 2630 2693; x_wconf 88' lang='lat' dir='ltr'>imputetur,</span> <span class='ocrx_word' id='word_1_423' title='bbox 2659 2620 2925 2678; x_wconf 90' lang='lat' dir='ltr'>credenti</span> <span class='ocrx_word' id='word_1_424' title='bbox 2956 2638 3091 2677; x_wconf 89' lang='lat' dir='ltr'>vero</span> <span class='ocrx_word' id='word_1_425' title='bbox 3134 2622 3373 2694; x_wconf 87' lang='lat' dir='ltr'>justitia</span> <span class='ocrx_word' id='word_1_426' title='bbox 3398 2622 3427 2677; x_wconf 89' lang='lat'>?</span> <span class='ocrx_word' id='word_1_427' title='bbox 3456 2624 3530 2677; x_wconf 84' lang='lat' dir='ltr'>At</span> <span class='ocrx_word' id='word_1_428' title='bbox 3552 2620 3729 2694; x_wconf 85' lang='lat' dir='ltr'>justi-</span> 
     </span>
    </p>
   </div>
   <div class='ocr_carea' id='block_1_58' title="bbox 2072 2708 3727 2778">
    <p class='ocr_par' dir='ltr' id='par_1_58' title="bbox 2072 2708 3727 2778">
     <span class='ocr_line' id='line_1_58' title="bbox 2072 2708 3727 2778; baseline 0.002 -13"><span class='ocrx_word' id='word_1_429' title='bbox 2072 2708 2155 2766; x_wconf 88' lang='lat' dir='ltr'>tia</span> <span class='ocrx_word' id='word_1_430' title='bbox 2183 2709 2531 2768; x_wconf 86' lang='lat' dir='ltr'>innumeras</span> <span class='ocrx_word' id='word_1_431' title='bbox 2562 2712 2833 2768; x_wconf 86' lang='lat' dir='ltr'>continet</span> <span class='ocrx_word' id='word_1_432' title='bbox 2888 2712 3214 2768; x_wconf 88' lang='lat' dir='ltr'>mercedes.</span> <span class='ocrx_word' id='word_1_433' title='bbox 3249 2734 3278 2763; x_wconf 83' lang='lat'><strong>«</strong></span> <span class='ocrx_word' id='word_1_434' title='bbox 3324 2710 3727 2778; x_wconf 86' lang='lat' dir='ltr'>Quemadmo-</span> 
     </span>
    </p>
   </div>
   <div class='ocr_carea' id='block_1_59' title="bbox 2073 2798 3730 2873">
    <p class='ocr_par' dir='ltr' id='par_1_59' title="bbox 2073 2798 3730 2873">
     <span class='ocr_line' id='line_1_59' title="bbox 2073 2798 3730 2873; baseline 0.003 -19"><span class='ocrx_word' id='word_1_435' title='bbox 2073 2798 2214 2855; x_wconf 88' lang='lat' dir='ltr'>dum</span> <span class='ocrx_word' id='word_1_436' title='bbox 2246 2805 2307 2856; x_wconf 90' lang='lat' dir='ltr'>et</span> <span class='ocrx_word' id='word_1_437' title='bbox 2336 2800 2537 2857; x_wconf 85' lang='lat' dir='ltr'>David.</span> <span class='ocrx_word' id='word_1_438' title='bbox 2570 2826 2598 2851; x_wconf 77' lang='grc' dir='ltr'><em>η</em></span> <span class='ocrx_word' id='word_1_439' title='bbox 2632 2802 2824 2858; x_wconf 90' lang='lat' dir='ltr'>Etiam</span> <span class='ocrx_word' id='word_1_440' title='bbox 2855 2801 3035 2857; x_wconf 87' lang='lat' dir='ltr'>David</span> <span class='ocrx_word' id='word_1_441' title='bbox 3066 2801 3319 2873; x_wconf 73' lang='lat' dir='ltr'>justitite</span> <span class='ocrx_word' id='word_1_442' title='bbox 3350 2818 3483 2873; x_wconf 76' lang='lat' dir='ltr'>qum</span> <span class='ocrx_word' id='word_1_443' title='bbox 3510 2819 3580 2858; x_wconf 83' lang='lat' dir='ltr'>ex</span> <span class='ocrx_word' id='word_1_444' title='bbox 3612 2801 3730 2859; x_wconf 84' lang='lat' dir='ltr'>ﬁde</span> 
     </span>
    </p>
   </div>
   <div class='ocr_carea' id='block_1_60' title="bbox 2072 2890 3726 2963">
    <p class='ocr_par' dir='ltr' id='par_1_60' title="bbox 2072 2890 3726 2963">
     <span class='ocr_line' id='line_1_60' title="bbox 2072 2890 3726 2963; baseline 0.001 -18"><span class='ocrx_word' id='word_1_445' title='bbox 2072 2894 2159 2945; x_wconf 88' lang='lat' dir='ltr'>est</span> <span class='ocrx_word' id='word_1_446' title='bbox 2220 2890 2753 2946; x_wconf 81' lang='lat' dir='ltr'>sanctilicationem</span> <span class='ocrx_word' id='word_1_447' title='bbox 2814 2890 3040 2962; x_wconf 87' lang='lat' dir='ltr'>absque</span> <span class='ocrx_word' id='word_1_448' title='bbox 3089 2890 3368 2963; x_wconf 90' lang='lat' dir='ltr'>operibus</span> <span class='ocrx_word' id='word_1_449' title='bbox 3438 2890 3726 2947; x_wconf 82' lang='lat' dir='ltr'>decernit.</span> 
     </span>
    </p>
   </div>
   <div class='ocr_carea' id='block_1_61' title="bbox 2073 2979 3729 3061">
    <p class='ocr_par' dir='ltr' id='par_1_61' title="bbox 2073 2979 3729 3061">
     <span class='ocr_line' id='line_1_61' title="bbox 2073 2979 3729 3061; baseline 0.005 -34"><span class='ocrx_word' id='word_1_450' title='bbox 2073 2999 2102 3027; x_wconf 83' lang='lat'><strong>«</strong></span> <span class='ocrx_word' id='word_1_451' title='bbox 2136 2979 2320 3061; x_wconf 81' lang='lat' dir='ltr'>Beati.</span> <span class='ocrx_word' id='word_1_452' title='bbox 2354 3001 2382 3030; x_wconf 82' lang='grc'>››</span> <span class='ocrx_word' id='word_1_453' title='bbox 2418 2979 2781 3035; x_wconf 79' lang='lat' dir='ltr'>Beatiflcatio</span> <span class='ocrx_word' id='word_1_454' title='bbox 2811 2995 2960 3051; x_wconf 83' lang='lat' dir='ltr'>apex</span> <span class='ocrx_word' id='word_1_455' title='bbox 2994 2983 3084 3034; x_wconf 89' lang='lat' dir='ltr'>est</span> <span class='ocrx_word' id='word_1_456' title='bbox 3134 2979 3448 3035; x_wconf 89' lang='lat' dir='ltr'>bonorum.</span> <span class='ocrx_word' id='word_1_457' title='bbox 3487 2980 3729 3037; x_wconf 87' lang='lat' dir='ltr'>Videtur</span> 
     </span>
    </p>
   </div>
   <div class='ocr_carea' id='block_1_62' title="bbox 2073 3065 3653 3137">
    <p class='ocr_par' dir='ltr' id='par_1_62' title="bbox 2073 3065 3653 3137">
     <span class='ocr_line' id='line_1_62' title="bbox 2073 3065 3653 3137; baseline 0.002 -19"><span class='ocrx_word' id='word_1_458' title='bbox 2073 3065 2316 3135; x_wconf 86' lang='lat' dir='ltr'>quidem</span> <span class='ocrx_word' id='word_1_459' title='bbox 2347 3066 2609 3121; x_wconf 88' lang='lat' dir='ltr'>alienum</span> <span class='ocrx_word' id='word_1_460' title='bbox 2644 3065 3083 3137; x_wconf 89' lang='lat' dir='ltr'>quodammodo</span> <span class='ocrx_word' id='word_1_461' title='bbox 3118 3066 3549 3121; x_wconf 89' lang='lat' dir='ltr'>testimonium.</span> <span class='ocrx_word' id='word_1_462' title='bbox 3584 3097 3653 3108; x_wconf 91' lang='lat'>-—</span> 
     </span>
    </p>
   </div>
   <div class='ocr_carea' id='block_1_63' title="bbox 2145 3155 3723 3226">
    <p class='ocr_par' dir='ltr' id='par_1_63' title="bbox 2145 3155 3723 3226">
     <span class='ocr_line' id='line_1_63' title="bbox 2145 3155 3723 3226; baseline 0.001 -16"><span class='ocrx_word' id='word_1_463' title='bbox 2145 3155 2296 3210; x_wconf 71' lang='lat'>249</span> <span class='ocrx_word' id='word_1_464' title='bbox 2320 3156 2519 3226; x_wconf 84' lang='lat' dir='ltr'>Neque</span> <span class='ocrx_word' id='word_1_465' title='bbox 2552 3156 2713 3211; x_wconf 91' lang='lat' dir='ltr'>enim</span> <span class='ocrx_word' id='word_1_466' title='bbox 2762 3155 2985 3210; x_wconf 90' lang='lat' dir='ltr'>habet:</span> <span class='ocrx_word' id='word_1_467' title='bbox 3020 3155 3234 3210; x_wconf 89' lang='lat' dir='ltr'>Beatus</span> <span class='ocrx_word' id='word_1_468' title='bbox 3293 3156 3387 3210; x_wconf 91' lang='lat' dir='ltr'>cui</span> <span class='ocrx_word' id='word_1_469' title='bbox 3446 3155 3595 3211; x_wconf 79' lang='lat' dir='ltr'>fides</span> <span class='ocrx_word' id='word_1_470' title='bbox 3648 3155 3723 3211; x_wconf 87' lang='lat' dir='ltr'>ad</span> 
     </span>
    </p>
   </div>
   <div class='ocr_carea' id='block_1_64' title="bbox 288 3215 1962 3317">
    <p class='ocr_par' dir='ltr' id='par_1_64' title="bbox 288 3215 1951 3311">
     <span class='ocr_line' id='line_1_64' title="bbox 288 3215 1951 3311; baseline -0.001 -23"><span class='ocrx_word' id='word_1_471' title='bbox 288 3234 459 3305; x_wconf 81' lang='grc' dir='ltr'>σύνην</span> <span class='ocrx_word' id='word_1_472' title='bbox 492 3215 680 3310; x_wconf 44' lang='lat' dir='ltr'>in}.ng</span> <span class='ocrx_word' id='word_1_473' title='bbox 699 3230 875 3309; x_wconf 83' lang='grc' dir='ltr'>ἔργων</span> <span class='ocrx_word' id='word_1_474' title='bbox 909 3232 1211 3308; x_wconf 83' lang='grc' dir='ltr'>λογίζεται,</span> <span class='ocrx_word' id='word_1_475' title='bbox 1244 3215 1391 3303; x_wconf 73' lang='grc' dir='ltr'>πλὴν</span> <span class='ocrx_word' id='word_1_476' title='bbox 1442 3230 1649 3311; x_wconf 64' lang='grc' dir='ltr'>σφόδρα</span> <span class='ocrx_word' id='word_1_477' title='bbox 1679 3231 1791 3288; x_wconf 77' lang='grc' dir='ltr'>ἐστῖ</span> <span class='ocrx_word' id='word_1_478' title='bbox 1821 3253 1951 3287; x_wconf 84' lang='grc' dir='ltr'>κατ-</span> 
     </span>
    </p>
   </div>
   <div class='ocr_carea' id='block_1_65' title="bbox 2076 3215 3727 3317">
    <p class='ocr_par' dir='ltr' id='par_1_65' title="bbox 2076 3215 3727 3316">
     <span class='ocr_line' id='line_1_65' title="bbox 2076 3215 3727 3316; baseline 0.001 -18"><span class='ocrx_word' id='word_1_479' title='bbox 2076 3244 2355 3311; x_wconf 79' lang='lat' dir='ltr'>iustitiam</span> <span class='ocrx_word' id='word_1_480' title='bbox 2386 3215 2612 3316; x_wconf 77' lang='lat' dir='ltr'>absque</span> <span class='ocrx_word' id='word_1_481' title='bbox 2643 3243 2921 3316; x_wconf 89' lang='lat' dir='ltr'>operibus</span> <span class='ocrx_word' id='word_1_482' title='bbox 2952 3244 3303 3316; x_wconf 88' lang='lat' dir='ltr'>imputatur,</span> <span class='ocrx_word' id='word_1_483' title='bbox 3335 3250 3598 3300; x_wconf 85' lang='lat' dir='ltr'>attamen</span> <span class='ocrx_word' id='word_1_484' title='bbox 3635 3250 3727 3300; x_wconf 91' lang='lat' dir='ltr'>est</span> 
     </span>
    </p>
   </div>
   <div class='ocr_carea' id='block_1_66' title="bbox 283 3321 1955 3401">
    <p class='ocr_par' dir='ltr' id='par_1_66' title="bbox 283 3321 1955 3401">
     <span class='ocr_line' id='line_1_66' title="bbox 283 3321 1955 3401; baseline -0.001 -24"><span class='ocrx_word' id='word_1_485' title='bbox 283 3321 572 3393; x_wconf 73' lang='grc' dir='ltr'>ἀλληλος.</span> <span class='ocrx_word' id='word_1_486' title='bbox 626 3323 687 3381; x_wconf 71' lang='lat' dir='ltr'>Ei</span> <span class='ocrx_word' id='word_1_487' title='bbox 739 3322 843 3401; x_wconf 74' lang='grc' dir='ltr'>γὰρ</span> <span class='ocrx_word' id='word_1_488' title='bbox 901 3323 1190 3400; x_wconf 69' lang='grc' dir='ltr'>μακάριος,</span> <span class='ocrx_word' id='word_1_489' title='bbox 1253 3323 1299 3395; x_wconf 82' lang='grc' dir='ltr'>ᾧ</span> <span class='ocrx_word' id='word_1_490' title='bbox 1359 3322 1414 3377; x_wconf 75' lang='grc' dir='ltr'>αἱ</span> <span class='ocrx_word' id='word_1_491' title='bbox 1473 3321 1735 3397; x_wconf 79' lang='grc' dir='ltr'>ἁμαρτίαι</span> <span class='ocrx_word' id='word_1_492' title='bbox 1814 3321 1955 3377; x_wconf 79' lang='grc' dir='ltr'>κατᾶ</span> 
     </span>
    </p>
   </div>
   <div class='ocr_carea' id='block_1_67' title="bbox 283 3408 1952 3491">
    <p class='ocr_par' dir='ltr' id='par_1_67' title="bbox 283 3408 1952 3491">
     <span class='ocr_line' id='line_1_67' title="bbox 283 3408 1952 3491; baseline -0.001 -24"><span class='ocrx_word' id='word_1_493' title='bbox 283 3412 454 3489; x_wconf 69' lang='grc' dir='ltr'>χάριν</span> <span class='ocrx_word' id='word_1_494' title='bbox 487 3412 791 3491; x_wconf 59' lang='grc' dir='ltr'>ἀφέθησαν,</span> <span class='ocrx_word' id='word_1_495' title='bbox 851 3413 1319 3489; x_wconf 67' lang='grc' dir='ltr'>τρισμακάριστος</span> <span class='ocrx_word' id='word_1_496' title='bbox 1378 3408 1660 3483; x_wconf 88' lang='grc' dir='ltr'>δηλονότι,</span> <span class='ocrx_word' id='word_1_497' title='bbox 1722 3412 1781 3466; x_wconf 78' lang='grc' dir='ltr'>’ὸν</span> <span class='ocrx_word' id='word_1_498' title='bbox 1831 3409 1952 3466; x_wconf 81' lang='grc' dir='ltr'>ἐδι-</span> 
     </span>
    </p>
   </div>
   <div class='ocr_carea' id='block_1_68' title="bbox 280 3499 1951 3578">
    <p class='ocr_par' dir='ltr' id='par_1_68' title="bbox 280 3499 1951 3578">
     <span class='ocr_line' id='line_1_68' title="bbox 280 3499 1951 3578; baseline -0.001 -21"><span class='ocrx_word' id='word_1_499' title='bbox 280 3504 494 3558; x_wconf 78' lang='grc' dir='ltr'>καίωσε</span> <span class='ocrx_word' id='word_1_500' title='bbox 522 3505 663 3559; x_wconf 76' lang='grc' dir='ltr'>κατὰ</span> <span class='ocrx_word' id='word_1_501' title='bbox 693 3503 854 3578; x_wconf 75' lang='grc' dir='ltr'>χάριν</span> <span class='ocrx_word' id='word_1_502' title='bbox 895 3503 924 3557; x_wconf 89' lang='lat'>6</span> <span class='ocrx_word' id='word_1_503' title='bbox 955 3501 1106 3565; x_wconf 82' lang='grc' dir='ltr'>Θεός.</span> <span class='ocrx_word' id='word_1_504' title='bbox 1139 3501 1232 3557; x_wconf 75' lang='grc' dir='ltr'>Διὸ</span> <span class='ocrx_word' id='word_1_505' title='bbox 1284 3499 1643 3573; x_wconf 77' lang='grc' dir='ltr'>κατάλληλος</span> <span class='ocrx_word' id='word_1_506' title='bbox 1705 3501 1826 3557; x_wconf 80' lang='grc' dir='ltr'>λίαν</span> <span class='ocrx_word' id='word_1_507' title='bbox 1860 3500 1951 3556; x_wconf 81' lang='grc' dir='ltr'>καὶ</span> 
     </span>
    </p>
   </div>
   <div class='ocr_carea' id='block_1_69' title="bbox 279 3590 1950 3671">
    <p class='ocr_par' dir='ltr' id='par_1_69' title="bbox 279 3590 1950 3671">
     <span class='ocr_line' id='line_1_69' title="bbox 279 3590 1950 3671; baseline -0.002 -20"><span class='ocrx_word' id='word_1_508' title='bbox 279 3597 680 3671; x_wconf 78' lang='grc' dir='ltr'>ἁρμόζουσαή</span> <span class='ocrx_word' id='word_1_509' title='bbox 748 3593 1007 3671; x_wconf 78' lang='grc' dir='ltr'>ψαλμική</span> <span class='ocrx_word' id='word_1_510' title='bbox 1071 3603 1297 3671; x_wconf 74' lang='grc' dir='ltr'>χρῆσις.</span> <span class='ocrx_word' id='word_1_511' title='bbox 1359 3595 1457 3650; x_wconf 83' lang='grc' dir='ltr'>Καὶ</span> <span class='ocrx_word' id='word_1_512' title='bbox 1505 3594 1608 3670; x_wconf 74' lang='grc' dir='ltr'>γὰρ</span> <span class='ocrx_word' id='word_1_513' title='bbox 1668 3598 1813 3650; x_wconf 79' lang='grc' dir='ltr'>πᾶσα</span> <span class='ocrx_word' id='word_1_514' title='bbox 1870 3590 1950 3648; x_wconf 88' lang='grc' dir='ltr'>δι-</span> 
     </span>
    </p>
   </div>
   <div class='ocr_carea' id='block_1_70' title="bbox 286 3686 1950 3765">
    <p class='ocr_par' dir='ltr' id='par_1_70' title="bbox 286 3686 1950 3765">
     <span class='ocr_line' id='line_1_70' title="bbox 286 3686 1950 3765; baseline -0.001 -22"><span class='ocrx_word' id='word_1_515' title='bbox 286 3688 522 3750; x_wconf 76' lang='grc' dir='ltr'>καίωσις</span> <span class='ocrx_word' id='word_1_516' title='bbox 553 3687 657 3744; x_wconf 77' lang='grc' dir='ltr'>ἀπὸ</span> <span class='ocrx_word' id='word_1_517' title='bbox 705 3692 860 3760; x_wconf 85' lang='grc' dir='ltr'>Θεοῦ,</span> <span class='ocrx_word' id='word_1_518' title='bbox 917 3691 952 3760; x_wconf 77' lang='grc' dir='ltr'><strong>ἢ</strong></span> <span class='ocrx_word' id='word_1_519' title='bbox 1006 3686 1065 3744; x_wconf 79' lang='grc' dir='ltr'>ἐκ</span> <span class='ocrx_word' id='word_1_520' title='bbox 1121 3692 1218 3743; x_wconf 86' lang='grc' dir='ltr'>τοῦ</span> <span class='ocrx_word' id='word_1_521' title='bbox 1257 3688 1516 3765; x_wconf 57' lang='grc' dir='ltr'>ἀφεθῆναι</span> <span class='ocrx_word' id='word_1_522' title='bbox 1595 3687 1802 3762; x_wconf 86' lang='grc' dir='ltr'>γίνεται</span> <span class='ocrx_word' id='word_1_523' title='bbox 1855 3686 1950 3749; x_wconf 72' lang='grc' dir='ltr'>τὰς</span> 
     </span>
    </p>
   </div>
   <div class='ocr_carea' id='block_1_71' title="bbox 294 3774 1949 3857">
    <p class='ocr_par' dir='ltr' id='par_1_71' title="bbox 294 3774 1949 3857">
     <span class='ocr_line' id='line_1_71' title="bbox 294 3774 1949 3857; baseline -0.001 -25"><span class='ocrx_word' id='word_1_524' title='bbox 294 3776 534 3852; x_wconf 81' lang='grc' dir='ltr'>ἀνομίας</span> <span class='ocrx_word' id='word_1_525' title='bbox 563 3779 647 3833; x_wconf 81' lang='grc' dir='ltr'>καὶ</span> <span class='ocrx_word' id='word_1_526' title='bbox 678 3778 965 3855; x_wconf 79' lang='grc' dir='ltr'>ἁμαρτίας,</span> <span class='ocrx_word' id='word_1_527' title='bbox 1089 3777 1149 3834; x_wconf 68' lang='grc' dir='ltr'>ἐκ</span> <span class='ocrx_word' id='word_1_528' title='bbox 1211 3778 1309 3834; x_wconf 67' lang='grc' dir='ltr'>τοῧ</span> <span class='ocrx_word' id='word_1_529' title='bbox 1341 3774 1800 3857; x_wconf 76' lang='grc' dir='ltr'>ἐπικαλυφθῆναι,</span> <span class='ocrx_word' id='word_1_530' title='bbox 1833 3779 1949 3832; x_wconf 84' lang='grc' dir='ltr'>οἷον</span> 
     </span>
    </p>
   </div>
   <div class='ocr_carea' id='block_1_72' title="bbox 293 3862 1951 3944">
    <p class='ocr_par' dir='ltr' id='par_1_72' title="bbox 293 3862 1951 3944">
     <span class='ocr_line' id='line_1_72' title="bbox 293 3862 1951 3944; baseline -0.001 -23"><span class='ocrx_word' id='word_1_531' title='bbox 293 3862 387 3921; x_wconf 74' lang='grc' dir='ltr'>διά</span> <span class='ocrx_word' id='word_1_532' title='bbox 431 3887 593 3921; x_wconf 89' lang='grc' dir='ltr'>τινων</span> <span class='ocrx_word' id='word_1_533' title='bbox 649 3870 1090 3944; x_wconf 72' lang='grc' dir='ltr'>κατορθωμάτων</span> <span class='ocrx_word' id='word_1_534' title='bbox 1147 3864 1500 3939; x_wconf 78' lang='grc' dir='ltr'>ἐκνικηθῆναι</span> <span class='ocrx_word' id='word_1_535' title='bbox 1553 3865 1642 3920; x_wconf 78' lang='grc' dir='ltr'>καὶ</span> <span class='ocrx_word' id='word_1_536' title='bbox 1704 3886 1951 3921; x_wconf 85' lang='grc' dir='ltr'>καταπο-</span> 
     </span>
    </p>
   </div>
   <div class='ocr_carea' id='block_1_73' title="bbox 285 3954 1951 4032">
    <p class='ocr_par' dir='ltr' id='par_1_73' title="bbox 285 3954 1951 4032">
     <span class='ocr_line' id='line_1_73' title="bbox 285 3954 1951 4032; baseline 0.001 -23"><span class='ocrx_word' id='word_1_537' title='bbox 285 3963 473 4025; x_wconf 74' lang='grc' dir='ltr'>θῆναι.</span> <span class='ocrx_word' id='word_1_538' title='bbox 508 3959 576 4014; x_wconf 88' lang='grc' dir='ltr'><strong><em>Ἥ</em></strong></span> <span class='ocrx_word' id='word_1_539' title='bbox 608 3957 667 4013; x_wconf 75' lang='grc' dir='ltr'>ἐκ</span> <span class='ocrx_word' id='word_1_540' title='bbox 693 3962 789 4013; x_wconf 85' lang='grc' dir='ltr'>τοῦ</span> <span class='ocrx_word' id='word_1_541' title='bbox 850 3959 926 4031; x_wconf 76' lang='grc' dir='ltr'>μὴ</span> <span class='ocrx_word' id='word_1_542' title='bbox 990 3954 1310 4032; x_wconf 82' lang='grc' dir='ltr'>λογίσασθαι</span> <span class='ocrx_word' id='word_1_543' title='bbox 1364 3956 1455 4012; x_wconf 85' lang='grc' dir='ltr'>τὸν</span> <span class='ocrx_word' id='word_1_544' title='bbox 1513 3956 1642 4012; x_wconf 83' lang='grc' dir='ltr'>Θεὸν</span> <span class='ocrx_word' id='word_1_545' title='bbox 1694 3956 1755 4011; x_wconf 86' lang='grc' dir='ltr'>τὸ</span> <span class='ocrx_word' id='word_1_546' title='bbox 1813 3976 1951 4031; x_wconf 77' lang='grc' dir='ltr'>πρα-</span> 
     </span>
    </p>
   </div>
   <div class='ocr_carea' id='block_1_74' title="bbox 281 4044 1953 4123">
    <p class='ocr_par' dir='ltr' id='par_1_74' title="bbox 281 4044 1953 4123">
     <span class='ocr_line' id='line_1_74' title="bbox 281 4044 1953 4123; baseline 0 -22"><span class='ocrx_word' id='word_1_547' title='bbox 281 4046 418 4111; x_wconf 69' lang='grc' dir='ltr'>χθὲν</span> <span class='ocrx_word' id='word_1_548' title='bbox 447 4046 528 4107; x_wconf 72' lang='grc' dir='ltr'>εἷς</span> <span class='ocrx_word' id='word_1_549' title='bbox 562 4047 850 4123; x_wconf 70' lang='grc' dir='ltr'>ἁμαρτίαν.</span> <span class='ocrx_word' id='word_1_550' title='bbox 915 4048 1017 4104; x_wconf 78' lang='grc' dir='ltr'>Καὶ</span> <span class='ocrx_word' id='word_1_551' title='bbox 1070 4044 1159 4102; x_wconf 76' lang='grc' dir='ltr'>διὰ</span> <span class='ocrx_word' id='word_1_552' title='bbox 1213 4050 1322 4102; x_wconf 84' lang='grc' dir='ltr'>τῶν</span> <span class='ocrx_word' id='word_1_553' title='bbox 1356 4051 1523 4120; x_wconf 80' lang='grc' dir='ltr'>τριῶν</span> <span class='ocrx_word' id='word_1_554' title='bbox 1570 4046 1778 4102; x_wconf 87' lang='grc' dir='ltr'>τούτων</span> <span class='ocrx_word' id='word_1_555' title='bbox 1830 4045 1953 4122; x_wconf 77' lang='grc' dir='ltr'>φιλ-</span> 
     </span>
    </p>
   </div>
   <div class='ocr_carea' id='block_1_75' title="bbox 284 4136 1951 4212">
    <p class='ocr_par' dir='ltr' id='par_1_75' title="bbox 284 4136 1951 4212">
     <span class='ocr_line' id='line_1_75' title="bbox 284 4136 1951 4212; baseline 0.002 -23"><span class='ocrx_word' id='word_1_556' title='bbox 284 4136 596 4212; x_wconf 80' lang='grc' dir='ltr'>ανθρώπων</span> <span class='ocrx_word' id='word_1_557' title='bbox 651 4138 892 4211; x_wconf 87' lang='grc' dir='ltr'>τρόπων,</span> <span class='ocrx_word' id='word_1_558' title='bbox 952 4136 1230 4210; x_wconf 80' lang='grc' dir='ltr'>λογίζεται</span> <span class='ocrx_word' id='word_1_559' title='bbox 1291 4137 1319 4191; x_wconf 92' lang='lat'>6</span> <span class='ocrx_word' id='word_1_560' title='bbox 1370 4136 1500 4199; x_wconf 72' lang='grc' dir='ltr'>Θεὸς</span> <span class='ocrx_word' id='word_1_561' title='bbox 1553 4140 1633 4208; x_wconf 81' lang='grc' dir='ltr'>τῷ</span> <span class='ocrx_word' id='word_1_562' title='bbox 1683 4136 1951 4212; x_wconf 83' lang='grc' dir='ltr'>ἀνθρώπῳ</span> 
     </span>
    </p>
   </div>
   <div class='ocr_carea' id='block_1_76' title="bbox 287 4224 1953 4300">
    <p class='ocr_par' dir='ltr' id='par_1_76' title="bbox 287 4224 1953 4300">
     <span class='ocr_line' id='line_1_76' title="bbox 287 4224 1953 4300; baseline -0.001 -17"><span class='ocrx_word' id='word_1_563' title='bbox 287 4229 390 4297; x_wconf 70' lang='grc' dir='ltr'>τήν</span> <span class='ocrx_word' id='word_1_564' title='bbox 443 4226 819 4300; x_wconf 70' lang='grc' dir='ltr'>δικαιοσύνην,</span> <span class='ocrx_word' id='word_1_565' title='bbox 864 4228 939 4290; x_wconf 86' lang='grc' dir='ltr'>ὡς</span> <span class='ocrx_word' id='word_1_566' title='bbox 992 4229 1311 4300; x_wconf 84' lang='grc' dir='ltr'>συμπαθῶν,</span> <span class='ocrx_word' id='word_1_567' title='bbox 1366 4226 1442 4288; x_wconf 83' lang='grc' dir='ltr'>ὡς</span> <span class='ocrx_word' id='word_1_568' title='bbox 1498 4224 1822 4298; x_wconf 79' lang='grc' dir='ltr'>οἰκονομῶν,</span> <span class='ocrx_word' id='word_1_569' title='bbox 1878 4228 1953 4292; x_wconf 85' lang='grc' dir='ltr'>ὡς</span> 
     </span>
    </p>
   </div>
   <div class='ocr_carea' id='block_1_77' title="bbox 291 4315 1951 4396">
    <p class='ocr_par' dir='ltr' id='par_1_77' title="bbox 291 4315 1951 4396">
     <span class='ocr_line' id='line_1_77' title="bbox 291 4315 1951 4396; baseline -0.001 -24"><span class='ocrx_word' id='word_1_570' title='bbox 291 4316 794 4396; x_wconf 67' lang='grc' dir='ltr'>φιλοτιμούμενος.</span> <span class='ocrx_word' id='word_1_571' title='bbox 827 4318 890 4373; x_wconf 80' lang='grc' dir='ltr'><strong>Ἠ</strong></span> <span class='ocrx_word' id='word_1_572' title='bbox 951 4316 1048 4389; x_wconf 68' lang='grc' dir='ltr'>μὲν</span> <span class='ocrx_word' id='word_1_573' title='bbox 1101 4316 1202 4392; x_wconf 74' lang='grc' dir='ltr'>γὰρ</span> <span class='ocrx_word' id='word_1_574' title='bbox 1244 4317 1451 4394; x_wconf 66' lang='grc' dir='ltr'>ἄφεσις,</span> <span class='ocrx_word' id='word_1_575' title='bbox 1510 4315 1869 4386; x_wconf 85' lang='grc' dir='ltr'>συμπαθείας,</span> <span class='ocrx_word' id='word_1_576' title='bbox 1915 4319 1951 4387; x_wconf 78' lang='grc' dir='ltr'><strong>ἡ</strong></span> 
     </span>
    </p>
   </div>
   <div class='ocr_carea' id='block_1_78' title="bbox 286 4399 1951 4481">
    <p class='ocr_par' dir='ltr' id='par_1_78' title="bbox 286 4399 1951 4481">
     <span class='ocr_line' id='line_1_78' title="bbox 286 4399 1951 4481; baseline -0.002 -18"><span class='ocrx_word' id='word_1_577' title='bbox 286 4403 348 4463; x_wconf 76' lang='grc' dir='ltr'>δὲ</span> <span class='ocrx_word' id='word_1_578' title='bbox 380 4404 1112 4481; x_wconf 70' lang='grc' dir='ltr'>ἑπικέλυψις,οἲκονομίας,</span> <span class='ocrx_word' id='word_1_579' title='bbox 1152 4405 1216 4460; x_wconf 89' lang='grc' dir='ltr'>τὸ</span> <span class='ocrx_word' id='word_1_580' title='bbox 1270 4399 1327 4458; x_wconf 80' lang='grc' dir='ltr'>δὲ</span> <span class='ocrx_word' id='word_1_581' title='bbox 1378 4403 1455 4475; x_wconf 79' lang='grc' dir='ltr'>μὴ</span> <span class='ocrx_word' id='word_1_582' title='bbox 1498 4401 1816 4480; x_wconf 81' lang='grc' dir='ltr'>λογίσασθαι</span> <span class='ocrx_word' id='word_1_583' title='bbox 1875 4405 1951 4468; x_wconf 86' lang='grc' dir='ltr'>εἰς</span> 
     </span>
    </p>
   </div>
   <div class='ocr_carea' id='block_1_79' title="bbox 284 4491 1951 4573">
    <p class='ocr_par' dir='ltr' id='par_1_79' title="bbox 284 4491 1951 4573">
     <span class='ocr_line' id='line_1_79' title="bbox 284 4491 1951 4573; baseline -0.002 -22"><span class='ocrx_word' id='word_1_584' title='bbox 284 4493 966 4573; x_wconf 48' lang='grc' dir='ltr'>ἀμαρτίανμῳλοτιμίας.</span> <span class='ocrx_word' id='word_1_585' title='bbox 1009 4493 1165 4556; x_wconf 85' lang='grc' dir='ltr'>Τίνες</span> <span class='ocrx_word' id='word_1_586' title='bbox 1218 4492 1310 4548; x_wconf 83' lang='grc' dir='ltr'>οῦν</span> <span class='ocrx_word' id='word_1_587' title='bbox 1364 4491 1638 4562; x_wconf 76' lang='grc' dir='ltr'>ἀξιοῦνται</span> <span class='ocrx_word' id='word_1_588' title='bbox 1690 4496 1951 4564; x_wconf 84' lang='grc' dir='ltr'>τούτων;</span> 
     </span>
    </p>
   </div>
   <div class='ocr_carea' id='block_1_80' title="bbox 2063 3332 3724 3406">
    <p class='ocr_par' dir='ltr' id='par_1_80' title="bbox 2063 3332 3724 3406">
     <span class='ocr_line' id='line_1_80' title="bbox 2063 3332 3724 3406; baseline 0.001 -17"><span class='ocrx_word' id='word_1_589' title='bbox 2063 3333 2387 3390; x_wconf 88' lang='lat' dir='ltr'>admodum</span> <span class='ocrx_word' id='word_1_590' title='bbox 2419 3335 2801 3390; x_wconf 87' lang='lat' dir='ltr'>conveniens.</span> <span class='ocrx_word' id='word_1_591' title='bbox 2838 3336 2983 3389; x_wconf 85' lang='lat' dir='ltr'>Nam</span> <span class='ocrx_word' id='word_1_592' title='bbox 3011 3333 3060 3389; x_wconf 91' lang='lat' dir='ltr'>si</span> <span class='ocrx_word' id='word_1_593' title='bbox 3108 3332 3318 3389; x_wconf 87' lang='lat' dir='ltr'>beatus</span> <span class='ocrx_word' id='word_1_594' title='bbox 3340 3334 3553 3401; x_wconf 87' lang='lat' dir='ltr'>est,cui</span> <span class='ocrx_word' id='word_1_595' title='bbox 3584 3350 3724 3406; x_wconf 90' lang='lat' dir='ltr'>pec-</span> 
     </span>
    </p>
   </div>
   <div class='ocr_carea' id='block_1_81' title="bbox 2062 3422 3717 3499">
    <p class='ocr_par' dir='ltr' id='par_1_81' title="bbox 2062 3422 3717 3499">
     <span class='ocr_line' id='line_1_81' title="bbox 2062 3422 3717 3499; baseline 0.001 -20"><span class='ocrx_word' id='word_1_596' title='bbox 2062 3430 2195 3479; x_wconf 88' lang='lat' dir='ltr'>cata</span> <span class='ocrx_word' id='word_1_597' title='bbox 2224 3424 2551 3479; x_wconf 83' lang='lat' dir='ltr'>secundum</span> <span class='ocrx_word' id='word_1_598' title='bbox 2583 3424 2833 3499; x_wconf 87' lang='lat' dir='ltr'>gratiam</span> <span class='ocrx_word' id='word_1_599' title='bbox 2855 3422 3109 3479; x_wconf 88' lang='lat' dir='ltr'>remissa</span> <span class='ocrx_word' id='word_1_600' title='bbox 3138 3428 3279 3479; x_wconf 90' lang='lat' dir='ltr'>sunt</span> <span class='ocrx_word' id='word_1_601' title='bbox 3304 3440 3317 3478; x_wconf 86' lang='lat'><strong>:</strong></span> <span class='ocrx_word' id='word_1_602' title='bbox 3353 3429 3559 3497; x_wconf 91' lang='lat' dir='ltr'>terque</span> <span class='ocrx_word' id='word_1_603' title='bbox 3577 3441 3717 3496; x_wconf 84' lang='lat' dir='ltr'>qua-</span> 
     </span>
    </p>
   </div>
   <div class='ocr_carea' id='block_1_82' title="bbox 2063 3513 3723 3587">
    <p class='ocr_par' dir='ltr' id='par_1_82' title="bbox 2063 3513 3723 3587">
     <span class='ocr_line' id='line_1_82' title="bbox 2063 3513 3723 3587; baseline 0.001 -18"><span class='ocrx_word' id='word_1_604' title='bbox 2063 3520 2272 3587; x_wconf 91' lang='lat' dir='ltr'>terque</span> <span class='ocrx_word' id='word_1_605' title='bbox 2294 3520 2454 3571; x_wconf 91' lang='lat' dir='ltr'>certe</span> <span class='ocrx_word' id='word_1_606' title='bbox 2472 3514 2680 3571; x_wconf 90' lang='lat' dir='ltr'>beatus</span> <span class='ocrx_word' id='word_1_607' title='bbox 2712 3519 2821 3583; x_wconf 85' lang='lat' dir='ltr'>est,</span> <span class='ocrx_word' id='word_1_608' title='bbox 2855 3530 3033 3587; x_wconf 89' lang='lat' dir='ltr'>quem</span> <span class='ocrx_word' id='word_1_609' title='bbox 3061 3513 3215 3569; x_wconf 90' lang='lat' dir='ltr'>Deus</span> <span class='ocrx_word' id='word_1_610' title='bbox 3246 3514 3574 3571; x_wconf 88' lang='lat' dir='ltr'>secundum</span> <span class='ocrx_word' id='word_1_611' title='bbox 3596 3530 3723 3587; x_wconf 83' lang='lat' dir='ltr'>gra-</span> 
     </span>
    </p>
   </div>
   <div class='ocr_carea' id='block_1_83' title="bbox 2066 3603 3724 3677">
    <p class='ocr_par' dir='ltr' id='par_1_83' title="bbox 2066 3603 3724 3677">
     <span class='ocr_line' id='line_1_83' title="bbox 2066 3603 3724 3677; baseline 0.002 -20"><span class='ocrx_word' id='word_1_612' title='bbox 2066 3604 2204 3659; x_wconf 87' lang='lat' dir='ltr'>tiam</span> <span class='ocrx_word' id='word_1_613' title='bbox 2218 3605 2571 3677; x_wconf 83' lang='lat' dir='ltr'>justiﬂcavit</span> <span class='ocrx_word' id='word_1_614' title='bbox 2593 3621 2605 3659; x_wconf 93' lang='lat'>:</span> <span class='ocrx_word' id='word_1_615' title='bbox 2631 3604 2763 3659; x_wconf 92' lang='lat' dir='ltr'>ideo</span> <span class='ocrx_word' id='word_1_616' title='bbox 2782 3609 2920 3677; x_wconf 87' lang='lat' dir='ltr'>apta</span> <span class='ocrx_word' id='word_1_617' title='bbox 2936 3603 3256 3659; x_wconf 89' lang='lat' dir='ltr'>admodum</span> <span class='ocrx_word' id='word_1_618' title='bbox 3278 3622 3345 3659; x_wconf 89' lang='lat' dir='ltr'>ac</span> <span class='ocrx_word' id='word_1_619' title='bbox 3364 3604 3724 3661; x_wconf 85' lang='lat' dir='ltr'>conveniens</span> 
     </span>
    </p>
   </div>
   <div class='ocr_carea' id='block_1_84' title="bbox 2062 3693 3721 3765">
    <p class='ocr_par' dir='ltr' id='par_1_84' title="bbox 2062 3693 3721 3765">
     <span class='ocr_line' id='line_1_84' title="bbox 2062 3693 3721 3765; baseline 0.001 -17"><span class='ocrx_word' id='word_1_620' title='bbox 2062 3698 2153 3748; x_wconf 89' lang='lat' dir='ltr'>est</span> <span class='ocrx_word' id='word_1_621' title='bbox 2168 3693 2383 3765; x_wconf 90' lang='lat' dir='ltr'>psalmi</span> <span class='ocrx_word' id='word_1_622' title='bbox 2407 3693 3130 3750; x_wconf 89' lang='lat' dir='ltr'>accommodatio.Etenim</span> <span class='ocrx_word' id='word_1_623' title='bbox 3146 3693 3346 3749; x_wconf 90' lang='lat' dir='ltr'>omnis</span> <span class='ocrx_word' id='word_1_624' title='bbox 3362 3693 3721 3750; x_wconf 79' lang='lat' dir='ltr'>beatiﬁcatio</span> 
     </span>
    </p>
   </div>
   <div class='ocr_carea' id='block_1_85' title="bbox 2063 3782 3713 3856">
    <p class='ocr_par' dir='ltr' id='par_1_85' title="bbox 2063 3782 3713 3856">
     <span class='ocr_line' id='line_1_85' title="bbox 2063 3782 3713 3856; baseline 0.001 -18"><span class='ocrx_word' id='word_1_625' title='bbox 2063 3798 2096 3838; x_wconf 89' lang='lat' dir='ltr'>a</span> <span class='ocrx_word' id='word_1_626' title='bbox 2130 3784 2244 3837; x_wconf 89' lang='lat' dir='ltr'>Deo</span> <span class='ocrx_word' id='word_1_627' title='bbox 2268 3788 2375 3849; x_wconf 90' lang='lat' dir='ltr'>est,</span> <span class='ocrx_word' id='word_1_628' title='bbox 2419 3782 2509 3839; x_wconf 89' lang='lat' dir='ltr'>vel</span> <span class='ocrx_word' id='word_1_629' title='bbox 2542 3799 2609 3838; x_wconf 95' lang='lat' dir='ltr'>eo</span> <span class='ocrx_word' id='word_1_630' title='bbox 2632 3782 2792 3856; x_wconf 90' lang='lat' dir='ltr'>quod</span> <span class='ocrx_word' id='word_1_631' title='bbox 2816 3783 3083 3838; x_wconf 74' lang='lat' dir='ltr'>remissa)</span> <span class='ocrx_word' id='word_1_632' title='bbox 3104 3784 3225 3837; x_wconf 91' lang='lat' dir='ltr'>sint</span> <span class='ocrx_word' id='word_1_633' title='bbox 3266 3784 3614 3854; x_wconf 87' lang='lat' dir='ltr'>iniquitates</span> <span class='ocrx_word' id='word_1_634' title='bbox 3644 3799 3713 3839; x_wconf 90' lang='lat' dir='ltr'>ac</span> 
     </span>
    </p>
   </div>
   <div class='ocr_carea' id='block_1_86' title="bbox 2060 3870 3719 3944">
    <p class='ocr_par' dir='ltr' id='par_1_86' title="bbox 2060 3870 3719 3944">
     <span class='ocr_line' id='line_1_86' title="bbox 2060 3870 3719 3944; baseline 0.001 -18"><span class='ocrx_word' id='word_1_635' title='bbox 2060 3878 2325 3944; x_wconf 90' lang='lat' dir='ltr'>peccata,</span> <span class='ocrx_word' id='word_1_636' title='bbox 2371 3888 2475 3927; x_wconf 89' lang='lat' dir='ltr'>seu</span> <span class='ocrx_word' id='word_1_637' title='bbox 2508 3870 2743 3927; x_wconf 87' lang='lat' dir='ltr'>obtecta</span> <span class='ocrx_word' id='word_1_638' title='bbox 2773 3872 2893 3927; x_wconf 89' lang='lat' dir='ltr'>sint</span> <span class='ocrx_word' id='word_1_639' title='bbox 2922 3888 2990 3927; x_wconf 89' lang='lat' dir='ltr'>ac</span> <span class='ocrx_word' id='word_1_640' title='bbox 3022 3871 3071 3926; x_wconf 90' lang='lat' dir='ltr'>si</span> <span class='ocrx_word' id='word_1_641' title='bbox 3118 3887 3225 3943; x_wconf 88' lang='lat' dir='ltr'>per</span> <span class='ocrx_word' id='word_1_642' title='bbox 3254 3872 3528 3943; x_wconf 68' lang='lat' dir='ltr'>quaedam</span> <span class='ocrx_word' id='word_1_643' title='bbox 3558 3871 3719 3928; x_wconf 87' lang='lat' dir='ltr'>bona</span> 
     </span>
    </p>
   </div>
   <div class='ocr_carea' id='block_1_87' title="bbox 2062 3959 3721 4033">
    <p class='ocr_par' dir='ltr' id='par_1_87' title="bbox 2062 3959 3721 4033">
     <span class='ocr_line' id='line_1_87' title="bbox 2062 3959 3721 4033; baseline 0.001 -18"><span class='ocrx_word' id='word_1_644' title='bbox 2062 3978 2243 4033; x_wconf 90' lang='lat' dir='ltr'>opera</span> <span class='ocrx_word' id='word_1_645' title='bbox 2263 3960 2492 4016; x_wconf 86' lang='lat' dir='ltr'>devicta</span> <span class='ocrx_word' id='word_1_646' title='bbox 2513 3961 2636 4015; x_wconf 87' lang='lat' dir='ltr'>sint</span> <span class='ocrx_word' id='word_1_647' title='bbox 2660 3959 2749 4015; x_wconf 90' lang='lat' dir='ltr'>vel</span> <span class='ocrx_word' id='word_1_648' title='bbox 2779 3959 3191 4032; x_wconf 86' lang='lat' dir='ltr'>absorpta.Vel</span> <span class='ocrx_word' id='word_1_649' title='bbox 3220 3977 3291 4016; x_wconf 79' lang='lat' dir='ltr'>ex</span> <span class='ocrx_word' id='word_1_650' title='bbox 3322 3977 3392 4016; x_wconf 90' lang='lat' dir='ltr'>eo</span> <span class='ocrx_word' id='word_1_651' title='bbox 3423 3960 3580 4032; x_wconf 90' lang='lat' dir='ltr'>quod</span> <span class='ocrx_word' id='word_1_652' title='bbox 3599 3978 3721 4017; x_wconf 86' lang='lat' dir='ltr'>non</span> 
     </span>
    </p>
   </div>
   <div class='ocr_carea' id='block_1_88' title="bbox 2061 4051 3718 4123">
    <p class='ocr_par' dir='ltr' id='par_1_88' title="bbox 2061 4051 3718 4123">
     <span class='ocr_line' id='line_1_88' title="bbox 2061 4051 3718 4123; baseline 0.002 -18"><span class='ocrx_word' id='word_1_653' title='bbox 2061 4051 2317 4123; x_wconf 87' lang='lat' dir='ltr'>imputat</span> <span class='ocrx_word' id='word_1_654' title='bbox 2348 4053 2498 4106; x_wconf 90' lang='lat' dir='ltr'>Deus</span> <span class='ocrx_word' id='word_1_655' title='bbox 2531 4057 2729 4107; x_wconf 89' lang='lat' dir='ltr'>actum</span> <span class='ocrx_word' id='word_1_656' title='bbox 2760 4051 2831 4105; x_wconf 80' lang='lat' dir='ltr'>ad</span> <span class='ocrx_word' id='word_1_657' title='bbox 2864 4056 3208 4123; x_wconf 86' lang='lat' dir='ltr'>peccatum:</span> <span class='ocrx_word' id='word_1_658' title='bbox 3235 4056 3293 4106; x_wconf 90' lang='lat' dir='ltr'>et</span> <span class='ocrx_word' id='word_1_659' title='bbox 3322 4068 3429 4122; x_wconf 91' lang='lat' dir='ltr'>per</span> <span class='ocrx_word' id='word_1_660' title='bbox 3458 4052 3566 4105; x_wconf 90' lang='lat' dir='ltr'>hos</span> <span class='ocrx_word' id='word_1_661' title='bbox 3601 4057 3718 4108; x_wconf 89' lang='lat' dir='ltr'>tres</span> 
     </span>
    </p>
   </div>
   <div class='ocr_carea' id='block_1_89' title="bbox 2061 4140 3718 4214">
    <p class='ocr_par' dir='ltr' id='par_1_89' title="bbox 2061 4140 3718 4214">
     <span class='ocr_line' id='line_1_89' title="bbox 2061 4140 3718 4214; baseline 0 -19"><span class='ocrx_word' id='word_1_662' title='bbox 2061 4140 2350 4214; x_wconf 85' lang='lat' dir='ltr'>benignos</span> <span class='ocrx_word' id='word_1_663' title='bbox 2399 4140 2607 4196; x_wconf 73' lang='lat' dir='ltr'>modos</span> <span class='ocrx_word' id='word_1_664' title='bbox 2639 4142 2892 4213; x_wconf 87' lang='lat' dir='ltr'>imputat</span> <span class='ocrx_word' id='word_1_665' title='bbox 2923 4142 3076 4195; x_wconf 90' lang='lat' dir='ltr'>Deus</span> <span class='ocrx_word' id='word_1_666' title='bbox 3118 4141 3347 4196; x_wconf 90' lang='lat' dir='ltr'>homini</span> <span class='ocrx_word' id='word_1_667' title='bbox 3397 4142 3718 4213; x_wconf 86' lang='lat' dir='ltr'>justitiam,</span> 
     </span>
    </p>
   </div>
   <div class='ocr_carea' id='block_1_90' title="bbox 2064 4229 3716 4304">
    <p class='ocr_par' dir='ltr' id='par_1_90' title="bbox 2064 4229 3716 4304">
     <span class='ocr_line' id='line_1_90' title="bbox 2064 4229 3716 4304; baseline -0.001 -18"><span class='ocrx_word' id='word_1_668' title='bbox 2064 4230 2233 4302; x_wconf 89' lang='lat' dir='ltr'>quasi</span> <span class='ocrx_word' id='word_1_669' title='bbox 2260 4231 2650 4302; x_wconf 89' lang='lat' dir='ltr'>compatiens,</span> <span class='ocrx_word' id='word_1_670' title='bbox 2677 4230 2845 4302; x_wconf 79' lang='lat' dir='ltr'>quasi</span> <span class='ocrx_word' id='word_1_671' title='bbox 2879 4230 3279 4302; x_wconf 87' lang='lat' dir='ltr'>dispensative</span> <span class='ocrx_word' id='word_1_672' title='bbox 3310 4247 3512 4304; x_wconf 87' lang='lat' dir='ltr'>agens,</span> <span class='ocrx_word' id='word_1_673' title='bbox 3546 4229 3716 4302; x_wconf 89' lang='lat' dir='ltr'>quasi</span> 
     </span>
    </p>
   </div>
   <div class='ocr_carea' id='block_1_91' title="bbox 2061 4319 3721 4393">
    <p class='ocr_par' dir='ltr' id='par_1_91' title="bbox 2061 4319 3721 4393">
     <span class='ocr_line' id='line_1_91' title="bbox 2061 4319 3721 4393; baseline -0.001 -17"><span class='ocrx_word' id='word_1_674' title='bbox 2061 4321 2344 4376; x_wconf 82' lang='lat' dir='ltr'>muniﬁce</span> <span class='ocrx_word' id='word_1_675' title='bbox 2376 4319 2969 4393; x_wconf 81' lang='lat' dir='ltr'>largiens.Siquidem</span> <span class='ocrx_word' id='word_1_676' title='bbox 2994 4319 3266 4375; x_wconf 84' lang='lat' dir='ltr'>remissio</span> <span class='ocrx_word' id='word_1_677' title='bbox 3291 4319 3721 4392; x_wconf 86' lang='lat' dir='ltr'>compassionis</span> 
     </span>
    </p>
   </div>
   <div class='ocr_carea' id='block_1_92' title="bbox 2064 4408 3718 4483">
    <p class='ocr_par' dir='ltr' id='par_1_92' title="bbox 2064 4408 3718 4483">
     <span class='ocr_line' id='line_1_92' title="bbox 2064 4408 3718 4483; baseline -0.001 -18"><span class='ocrx_word' id='word_1_678' title='bbox 2064 4416 2172 4478; x_wconf 90' lang='lat' dir='ltr'>est,</span> <span class='ocrx_word' id='word_1_679' title='bbox 2205 4409 2462 4465; x_wconf 90' lang='lat' dir='ltr'>obtectio</span> <span class='ocrx_word' id='word_1_680' title='bbox 2490 4409 2978 4483; x_wconf 86' lang='lat' dir='ltr'>dispensationis,</span> <span class='ocrx_word' id='word_1_681' title='bbox 3040 4425 3161 4464; x_wconf 89' lang='lat' dir='ltr'>non</span> <span class='ocrx_word' id='word_1_682' title='bbox 3191 4408 3487 4481; x_wconf 89' lang='lat' dir='ltr'>imputare</span> <span class='ocrx_word' id='word_1_683' title='bbox 3519 4414 3718 4465; x_wconf 87' lang='lat' dir='ltr'>autem</span> 
     </span>
    </p>
   </div>
   <div class='ocr_carea' id='block_1_93' title="bbox 2064 4498 3722 4573">
    <p class='ocr_par' dir='ltr' id='par_1_93' title="bbox 2064 4498 3722 4573">
     <span class='ocr_line' id='line_1_93' title="bbox 2064 4498 3722 4573; baseline -0.001 -18"><span class='ocrx_word' id='word_1_684' title='bbox 2064 4506 2373 4571; x_wconf 91' lang='lat' dir='ltr'>peccatum</span> <span class='ocrx_word' id='word_1_685' title='bbox 2408 4499 2920 4565; x_wconf 82' lang='lat' dir='ltr'>liberalitatis.Qui</span> <span class='ocrx_word' id='word_1_686' title='bbox 2936 4515 3072 4571; x_wconf 84' lang='lat' dir='ltr'>ergo</span> <span class='ocrx_word' id='word_1_687' title='bbox 3085 4499 3179 4554; x_wconf 86' lang='lat' dir='ltr'>his</span> <span class='ocrx_word' id='word_1_688' title='bbox 3200 4499 3364 4573; x_wconf 85' lang='lat' dir='ltr'>digni</span> <span class='ocrx_word' id='word_1_689' title='bbox 3383 4498 3722 4556; x_wconf 75' lang='lat' dir='ltr'>habentur?</span> 
     </span>
    </p>
   </div>
   <div class='ocr_carea' id='block_1_94' title="bbox 282 4580 1962 4661">
    <p class='ocr_par' dir='ltr' id='par_1_94' title="bbox 282 4580 1942 4659">
     <span class='ocr_line' id='line_1_94' title="bbox 282 4580 1942 4659; baseline 0.005 -29"><span class='ocrx_word' id='word_1_690' title='bbox 282 4587 338 4641; x_wconf 66' lang='grc' dir='ltr'>οἱ</span> <span class='ocrx_word' id='word_1_691' title='bbox 371 4584 709 4655; x_wconf 67' lang='grc' dir='ltr'>πιστοῖ,καὶ</span> <span class='ocrx_word' id='word_1_692' title='bbox 742 4582 833 4640; x_wconf 71' lang='grc' dir='ltr'>διὰ</span> <span class='ocrx_word' id='word_1_693' title='bbox 887 4592 988 4654; x_wconf 81' lang='grc' dir='ltr'>τῆς</span> <span class='ocrx_word' id='word_1_694' title='bbox 1043 4583 1297 4646; x_wconf 82' lang='grc' dir='ltr'>πίστεώς.</span> <span class='ocrx_word' id='word_1_695' title='bbox 1356 4583 1451 4637; x_wconf 84' lang='grc' dir='ltr'>Διὸ</span> <span class='ocrx_word' id='word_1_696' title='bbox 1507 4580 1598 4639; x_wconf 75' lang='grc' dir='ltr'>καὶ</span> <span class='ocrx_word' id='word_1_697' title='bbox 1660 4582 1942 4659; x_wconf 78' lang='grc' dir='ltr'>μακαρίζει</span> 
     </span>
    </p>
   </div>
   <div class='ocr_carea' id='block_1_95' title="bbox 2076 4580 3709 4661">
    <p class='ocr_par' dir='ltr' id='par_1_95' title="bbox 2076 4588 3709 4661">
     <span class='ocr_line' id='line_1_95' title="bbox 2076 4588 3709 4661; baseline 0.001 -19"><span class='ocrx_word' id='word_1_698' title='bbox 2076 4588 2491 4661; x_wconf 62' lang='lat' dir='ltr'>iideles,idque</span> <span class='ocrx_word' id='word_1_699' title='bbox 2524 4588 2984 4660; x_wconf 79' lang='lat' dir='ltr'>perlidedeeo</span> <span class='ocrx_word' id='word_1_700' title='bbox 3008 4605 3245 4659; x_wconf 87' lang='lat' dir='ltr'>quoque</span> <span class='ocrx_word' id='word_1_701' title='bbox 3268 4588 3473 4645; x_wconf 89' lang='lat' dir='ltr'>beatos</span> <span class='ocrx_word' id='word_1_702' title='bbox 3493 4589 3709 4661; x_wconf 74' lang='lat' dir='ltr'>prwdi-</span> 
     </span>
    </p>
   </div>
   <div class='ocr_carea' id='block_1_96' title="bbox 283 4668 1949 4749">
    <p class='ocr_par' dir='ltr' id='par_1_96' title="bbox 283 4668 1949 4749">
     <span class='ocr_line' id='line_1_96' title="bbox 283 4668 1949 4749; baseline -0.001 -20"><span class='ocrx_word' id='word_1_703' title='bbox 283 4676 495 4736; x_wconf 77' lang='grc' dir='ltr'>αὐτοὺς</span> <span class='ocrx_word' id='word_1_704' title='bbox 515 4675 609 4731; x_wconf 80' lang='grc' dir='ltr'>καί</span> <span class='ocrx_word' id='word_1_705' title='bbox 640 4675 669 4731; x_wconf 87' lang='grc' dir='ltr'>ὁ</span> <span class='ocrx_word' id='word_1_706' title='bbox 701 4676 994 4749; x_wconf 75' lang='grc' dir='ltr'>προφήτης</span> <span class='ocrx_word' id='word_1_707' title='bbox 1042 4670 1229 4729; x_wconf 82' lang='grc' dir='ltr'>Δαυίδ.</span> <span class='ocrx_word' id='word_1_708' title='bbox 1284 4673 1416 4734; x_wconf 88' lang='grc' dir='ltr'>Τοῖς</span> <span class='ocrx_word' id='word_1_709' title='bbox 1476 4668 1524 4725; x_wconf 84' lang='grc' dir='ltr'>δ’</span> <span class='ocrx_word' id='word_1_710' title='bbox 1569 4677 1620 4726; x_wconf 80' lang='grc' dir='ltr'>ἐν</span> <span class='ocrx_word' id='word_1_711' title='bbox 1651 4671 1805 4746; x_wconf 84' lang='grc' dir='ltr'>νόμῳ</span> <span class='ocrx_word' id='word_1_712' title='bbox 1860 4672 1949 4727; x_wconf 83' lang='grc' dir='ltr'>καὶ</span> 
     </span>
    </p>
   </div>
   <div class='ocr_carea' id='block_1_97' title="bbox 282 4759 1951 4838">
    <p class='ocr_par' dir='ltr' id='par_1_97' title="bbox 282 4759 1951 4838">
     <span class='ocr_line' id='line_1_97' title="bbox 282 4759 1951 4838; baseline -0.002 -17"><span class='ocrx_word' id='word_1_713' title='bbox 282 4763 339 4837; x_wconf 77' lang='grc' dir='ltr'>ἐξ</span> <span class='ocrx_word' id='word_1_714' title='bbox 382 4762 562 4838; x_wconf 79' lang='grc' dir='ltr'>ἔργων</span> <span class='ocrx_word' id='word_1_715' title='bbox 624 4768 849 4835; x_wconf 83' lang='grc' dir='ltr'>ζητοῦσι</span> <span class='ocrx_word' id='word_1_716' title='bbox 908 4760 1289 4833; x_wconf 78' lang='grc' dir='ltr'>δικαιωθῆναι,</span> <span class='ocrx_word' id='word_1_717' title='bbox 1336 4759 1567 4834; x_wconf 75' lang='grc' dir='ltr'>οὐδεμία</span> <span class='ocrx_word' id='word_1_718' title='bbox 1622 4766 1731 4816; x_wconf 89' lang='grc' dir='ltr'>τῶν</span> <span class='ocrx_word' id='word_1_719' title='bbox 1786 4766 1951 4838; x_wconf 83' lang='grc' dir='ltr'>τριῶν</span> 
     </span>
    </p>
   </div>
   <div class='ocr_carea' id='block_1_98' title="bbox 281 4848 1953 4928">
    <p class='ocr_par' dir='ltr' id='par_1_98' title="bbox 281 4848 1953 4928">
     <span class='ocr_line' id='line_1_98' title="bbox 281 4848 1953 4928; baseline -0.001 -18"><span class='ocrx_word' id='word_1_720' title='bbox 281 4853 578 4916; x_wconf 81' lang='grc' dir='ltr'>δικαίωσις</span> <span class='ocrx_word' id='word_1_721' title='bbox 607 4852 814 4913; x_wconf 71' lang='grc' dir='ltr'>ἕπεται.</span> <span class='ocrx_word' id='word_1_722' title='bbox 850 4856 983 4915; x_wconf 87' lang='grc' dir='ltr'>Τοῖς</span> <span class='ocrx_word' id='word_1_723' title='bbox 1015 4850 1072 4908; x_wconf 70' lang='grc' dir='ltr'>δὲ</span> <span class='ocrx_word' id='word_1_724' title='bbox 1126 4852 1185 4907; x_wconf 74' lang='grc' dir='ltr'>ἐκ</span> <span class='ocrx_word' id='word_1_725' title='bbox 1239 4849 1494 4921; x_wconf 79' lang='grc' dir='ltr'>πίστεως,</span> <span class='ocrx_word' id='word_1_726' title='bbox 1529 4848 1619 4907; x_wconf 70' lang='grc' dir='ltr'>δια</span> <span class='ocrx_word' id='word_1_727' title='bbox 1646 4857 1754 4907; x_wconf 88' lang='grc' dir='ltr'>τῶν</span> <span class='ocrx_word' id='word_1_728' title='bbox 1786 4857 1953 4928; x_wconf 86' lang='grc' dir='ltr'>τριῶν</span> 
     </span>
    </p>
   </div>
   <div class='ocr_carea' id='block_1_99' title="bbox 282 4938 1953 5020">
    <p class='ocr_par' dir='ltr' id='par_1_99' title="bbox 282 4938 1953 5020">
     <span class='ocr_line' id='line_1_99' title="bbox 282 4938 1953 5020; baseline -0.002 -20"><span class='ocrx_word' id='word_1_729' title='bbox 282 4945 501 5001; x_wconf 68' lang='grc' dir='ltr'>τούτων</span> <span class='ocrx_word' id='word_1_730' title='bbox 534 4944 754 5020; x_wconf 83' lang='grc' dir='ltr'>τρόπων</span> <span class='ocrx_word' id='word_1_731' title='bbox 788 4945 823 5014; x_wconf 74' lang='grc' dir='ltr'><strong>ἡ</strong></span> <span class='ocrx_word' id='word_1_732' title='bbox 879 4940 1191 5012; x_wconf 80' lang='grc' dir='ltr'>δικαιοσύνη</span> <span class='ocrx_word' id='word_1_733' title='bbox 1254 4938 1556 5018; x_wconf 80' lang='grc' dir='ltr'>λογίζεται.</span> <span class='ocrx_word' id='word_1_734' title='bbox 1619 4944 1953 5019; x_wconf 70' lang='grc' dir='ltr'>Προσφόρως</span> 
     </span>
    </p>
   </div>
   <div class='ocr_carea' id='block_1_100' title="bbox 290 5033 1952 5112">
    <p class='ocr_par' dir='ltr' id='par_1_100' title="bbox 290 5033 1952 5112">
     <span class='ocr_line' id='line_1_100' title="bbox 290 5033 1952 5112; baseline -0.001 -20"><span class='ocrx_word' id='word_1_735' title='bbox 290 5037 394 5111; x_wconf 74' lang='grc' dir='ltr'>ἂρα</span> <span class='ocrx_word' id='word_1_736' title='bbox 415 5039 519 5105; x_wconf 77' lang='grc' dir='ltr'>τήν</span> <span class='ocrx_word' id='word_1_737' title='bbox 564 5035 858 5106; x_wconf 77' lang='grc' dir='ltr'>Δαυϊόικήν</span> <span class='ocrx_word' id='word_1_738' title='bbox 896 5034 1263 5112; x_wconf 49' lang='grc' dir='ltr'>μαρτυρίαπῃὸ</span> <span class='ocrx_word' id='word_1_739' title='bbox 1298 5034 1585 5098; x_wconf 68' lang='grc' dir='ltr'>θεσπέσιος</span> <span class='ocrx_word' id='word_1_740' title='bbox 1618 5033 1834 5096; x_wconf 79' lang='grc' dir='ltr'>Παῦλος</span> <span class='ocrx_word' id='word_1_741' title='bbox 1883 5040 1952 5112; x_wconf 73' lang='grc' dir='ltr'>τῇ</span> 
     </span>
    </p>
   </div>
   <div class='ocr_carea' id='block_1_101' title="bbox 293 5122 1048 5204">
    <p class='ocr_par' dir='ltr' id='par_1_101' title="bbox 293 5122 1048 5204">
     <span class='ocr_line' id='line_1_101' title="bbox 293 5122 1048 5204; baseline 0.003 -23"><span class='ocrx_word' id='word_1_742' title='bbox 293 5127 409 5199; x_wconf 73' lang='grc' dir='ltr'>ἰδία</span> <span class='ocrx_word' id='word_1_743' title='bbox 439 5131 661 5204; x_wconf 76' lang='grc' dir='ltr'>ἥρμοσε</span> <span class='ocrx_word' id='word_1_744' title='bbox 700 5122 1048 5197; x_wconf 74' lang='grc' dir='ltr'>διδασκαλίᾳ.</span> 
     </span>
    </p>
   </div>
   <div class='ocr_carea' id='block_1_102' title="bbox 361 5212 1952 5294">
    <p class='ocr_par' dir='ltr' id='par_1_102' title="bbox 361 5212 1952 5294">
     <span class='ocr_line' id='line_1_102' title="bbox 361 5212 1952 5294; baseline 0 -21"><span class='ocrx_word' id='word_1_745' title='bbox 361 5224 422 5277; x_wconf 88' lang='lat'><strong>&#39;0</strong></span> <span class='ocrx_word' id='word_1_746' title='bbox 480 5218 828 5294; x_wconf 84' lang='grc' dir='ltr'>μακαρισμὸς</span> <span class='ocrx_word' id='word_1_747' title='bbox 885 5216 977 5273; x_wconf 69' lang='grc' dir='ltr'>οὖν</span> <span class='ocrx_word' id='word_1_748' title='bbox 1055 5216 1235 5285; x_wconf 71' lang='grc' dir='ltr'>οὗτος,</span> <span class='ocrx_word' id='word_1_749' title='bbox 1295 5212 1382 5269; x_wconf 79' lang='grc' dir='ltr'>ἐπὶ</span> <span class='ocrx_word' id='word_1_750' title='bbox 1458 5214 1558 5284; x_wconf 78' lang='grc' dir='ltr'>τήν</span> <span class='ocrx_word' id='word_1_751' title='bbox 1625 5219 1952 5291; x_wconf 76' lang='grc' dir='ltr'>περιτομήν,</span> 
     </span>
    </p>
   </div>
   <div class='ocr_carea' id='block_1_103' title="bbox 285 5299 1955 5381">
    <p class='ocr_par' dir='ltr' id='par_1_103' title="bbox 285 5299 1955 5381">
     <span class='ocr_line' id='line_1_103' title="bbox 285 5299 1955 5381; baseline -0.001 -18"><span class='ocrx_word' id='word_1_752' title='bbox 285 5307 323 5380; x_wconf 78' lang='grc' dir='ltr'><strong><em>ἦ</em></strong></span> <span class='ocrx_word' id='word_1_753' title='bbox 379 5308 472 5366; x_wconf 80' lang='grc' dir='ltr'>καὶ</span> <span class='ocrx_word' id='word_1_754' title='bbox 533 5308 625 5365; x_wconf 74' lang='grc' dir='ltr'>ἐπὶ</span> <span class='ocrx_word' id='word_1_755' title='bbox 710 5329 809 5364; x_wconf 80' lang='grc' dir='ltr'>τιν</span> <span class='ocrx_word' id='word_1_756' title='bbox 901 5300 1263 5381; x_wconf 77' lang='grc' dir='ltr'>ἀκροϐυστίαν</span> <span class='ocrx_word' id='word_1_757' title='bbox 1318 5326 1333 5374; x_wconf 86' lang='lat'><strong>;</strong></span> <span class='ocrx_word' id='word_1_758' title='bbox 1396 5299 1631 5380; x_wconf 68' lang='grc' dir='ltr'>λὲγομεν</span> <span class='ocrx_word' id='word_1_759' title='bbox 1705 5308 1811 5381; x_wconf 73' lang='grc' dir='ltr'>γὰρ</span> <span class='ocrx_word' id='word_1_760' title='bbox 1870 5308 1955 5364; x_wconf 82' lang='grc' dir='ltr'>ὅτι</span> 
     </span>
    </p>
   </div>
   <div class='ocr_carea' id='block_1_104' title="bbox 274 5390 1952 5476">
    <p class='ocr_par' dir='ltr' id='par_1_104' title="bbox 274 5390 1952 5476">
     <span class='ocr_line' id='line_1_104' title="bbox 274 5390 1952 5476; baseline -0.002 -21"><span class='ocrx_word' id='word_1_761' title='bbox 274 5398 549 5476; x_wconf 77' lang='grc' dir='ltr'>ἐλογίσθη</span> <span class='ocrx_word' id='word_1_762' title='bbox 619 5402 700 5470; x_wconf 78' lang='grc' dir='ltr'>τῷ</span> <span class='ocrx_word' id='word_1_763' title='bbox 755 5390 1013 5471; x_wconf 75' lang='grc' dir='ltr'>Ἀϐρααμ</span> <span class='ocrx_word' id='word_1_764' title='bbox 1067 5396 1103 5465; x_wconf 79' lang='grc' dir='ltr'><strong>ἡ</strong></span> <span class='ocrx_word' id='word_1_765' title='bbox 1192 5393 1377 5454; x_wconf 88' lang='grc' dir='ltr'>πίστις</span> <span class='ocrx_word' id='word_1_766' title='bbox 1437 5390 1514 5454; x_wconf 79' lang='grc' dir='ltr'>εἷς</span> <span class='ocrx_word' id='word_1_767' title='bbox 1579 5390 1952 5468; x_wconf 83' lang='grc' dir='ltr'>δικαιοσύνην.</span> 
     </span>
    </p>
   </div>
   <div class='ocr_carea' id='block_1_105' title="bbox 271 5478 1954 5565">
    <p class='ocr_par' dir='ltr' id='par_1_105' title="bbox 271 5478 1954 5565">
     <span class='ocr_line' id='line_1_105' title="bbox 271 5478 1954 5565; baseline -0.008 -19"><span class='ocrx_word' id='word_1_768' title='bbox 271 5493 408 5551; x_wconf 80' lang='grc' dir='ltr'>Πῶς</span> <span class='ocrx_word' id='word_1_769' title='bbox 442 5487 538 5544; x_wconf 74' lang='grc' dir='ltr'>οὖν</span> <span class='ocrx_word' id='word_1_770' title='bbox 578 5485 894 5565; x_wconf 56' lang='grc' dir='ltr'>ὲλογίσθτη</span> <span class='ocrx_word' id='word_1_771' title='bbox 959 5484 1013 5539; x_wconf 75' lang='grc' dir='ltr'>ἐν</span> <span class='ocrx_word' id='word_1_772' title='bbox 1064 5485 1345 5557; x_wconf 85' lang='grc' dir='ltr'>περιτομῇ</span> <span class='ocrx_word' id='word_1_773' title='bbox 1400 5478 1535 5565; x_wconf 79' lang='grc' dir='ltr'>ὄντι,</span> <span class='ocrx_word' id='word_1_774' title='bbox 1585 5480 1620 5552; x_wconf 76' lang='grc' dir='ltr'><strong>ἥ</strong></span> <span class='ocrx_word' id='word_1_775' title='bbox 1675 5482 1727 5537; x_wconf 78' lang='grc' dir='ltr'>ἐν</span> <span class='ocrx_word' id='word_1_776' title='bbox 1791 5486 1954 5564; x_wconf 82' lang='grc' dir='ltr'>ἀκρο.</span> 
     </span>
    </p>
   </div>
   <div class='ocr_carea' id='block_1_106' title="bbox 273 5563 1699 5652">
    <p class='ocr_par' dir='ltr' id='par_1_106' title="bbox 273 5563 1699 5652">
     <span class='ocr_line' id='line_1_106' title="bbox 273 5563 1699 5652; baseline -0.002 -19"><span class='ocrx_word' id='word_1_777' title='bbox 273 5572 478 5649; x_wconf 61' lang='lat' dir='ltr'>Gesti;</span> <span class='ocrx_word' id='word_1_778' title='bbox 512 5597 528 5647; x_wconf 90' lang='lat'><strong>;</strong></span> <span class='ocrx_word' id='word_1_779' title='bbox 562 5574 662 5633; x_wconf 78' lang='grc' dir='ltr'>οὐκ</span> <span class='ocrx_word' id='word_1_780' title='bbox 689 5563 742 5631; x_wconf 70' lang='grc' dir='ltr'>ἓν</span> <span class='ocrx_word' id='word_1_781' title='bbox 767 5576 1071 5652; x_wconf 78' lang='grc' dir='ltr'>περιτομῇ,</span> <span class='ocrx_word' id='word_1_782' title='bbox 1100 5570 1228 5628; x_wconf 83' lang='grc' dir='ltr'>ἀλλ’</span> <span class='ocrx_word' id='word_1_783' title='bbox 1259 5570 1311 5626; x_wconf 86' lang='grc' dir='ltr'>ἐν</span> <span class='ocrx_word' id='word_1_784' title='bbox 1348 5563 1699 5646; x_wconf 78' lang='grc' dir='ltr'>ἀκροϐυστίᾳ.</span> 
     </span>
    </p>
   </div>
   <div class='ocr_carea' id='block_1_107' title="bbox 286 5658 1955 5747">
    <p class='ocr_par' dir='ltr' id='par_1_107' title="bbox 286 5658 1955 5747">
     <span class='ocr_line' id='line_1_107' title="bbox 286 5658 1955 5747; baseline 0.016 -14"><span class='ocrx_word' id='word_1_785' title='bbox 286 5722 295 5733; x_wconf 93' lang='grc'>.</span> <span class='ocrx_word' id='word_1_786' title='bbox 346 5664 710 5747; x_wconf 69' lang='grc' dir='ltr'>εετέφησιν-</span> <span class='ocrx_word' id='word_1_787' title='bbox 742 5667 918 5728; x_wconf 73' lang='grc' dir='ltr'>Οὗτος</span> <span class='ocrx_word' id='word_1_788' title='bbox 965 5664 995 5721; x_wconf 77' lang='grc' dir='ltr'>δ</span> <span class='ocrx_word' id='word_1_789' title='bbox 1040 5666 1123 5737; x_wconf 70' lang='grc' dir='ltr'>τῷ</span> <span class='ocrx_word' id='word_1_790' title='bbox 1179 5658 1347 5718; x_wconf 72' lang='grc' dir='ltr'>Δαυῖό</span> <span class='ocrx_word' id='word_1_791' title='bbox 1400 5658 1693 5739; x_wconf 66' lang='grc' dir='ltr'>εἰρημένος</span> <span class='ocrx_word' id='word_1_792' title='bbox 1725 5685 1955 5745; x_wconf 72' lang='grc' dir='ltr'>μακαρι-</span> 
     </span>
    </p>
   </div>
   <div class='ocr_carea' id='block_1_108' title="bbox 484 5754 1230 5851">
    <p class='ocr_par' dir='ltr' id='par_1_108' title="bbox 484 5754 1230 5851">
     <span class='ocr_line' id='line_1_108' title="bbox 484 5754 1230 5851; baseline -0.008 -2"><span class='ocrx_word' id='word_1_793' title='bbox 484 5790 754 5851; x_wconf 72' lang='grc' dir='ltr'>ΡΑτιιοι..</span> <span class='ocrx_word' id='word_1_794' title='bbox 798 5754 941 5848; x_wconf 34' lang='lat' dir='ltr'>Gaz.</span> <span class='ocrx_word' id='word_1_795' title='bbox 964 5782 1230 5845; x_wconf 84' lang='lat' dir='ltr'>CXVIII.</span> 
     </span>
    </p>
   </div>
   <div class='ocr_carea' id='block_1_109' title="bbox 2060 4677 3716 4750">
    <p class='ocr_par' dir='ltr' id='par_1_109' title="bbox 2060 4677 3716 4750">
     <span class='ocr_line' id='line_1_109' title="bbox 2060 4677 3716 4750; baseline 0 -17"><span class='ocrx_word' id='word_1_796' title='bbox 2060 4684 2156 4733; x_wconf 89' lang='lat' dir='ltr'>cat</span> <span class='ocrx_word' id='word_1_797' title='bbox 2187 4695 2286 4734; x_wconf 92' lang='lat' dir='ltr'>eos</span> <span class='ocrx_word' id='word_1_798' title='bbox 2308 4678 2598 4749; x_wconf 80' lang='lat' dir='ltr'>prapheta</span> <span class='ocrx_word' id='word_1_799' title='bbox 2628 4678 2821 4733; x_wconf 78' lang='lat' dir='ltr'>David.</span> <span class='ocrx_word' id='word_1_800' title='bbox 2850 4680 2958 4733; x_wconf 84' lang='lat' dir='ltr'>Eos</span> <span class='ocrx_word' id='word_1_801' title='bbox 2990 4694 3125 4733; x_wconf 86' lang='lat' dir='ltr'>vero</span> <span class='ocrx_word' id='word_1_802' title='bbox 3150 4678 3249 4749; x_wconf 88' lang='lat' dir='ltr'>qui</span> <span class='ocrx_word' id='word_1_803' title='bbox 3282 4677 3343 4732; x_wconf 89' lang='lat' dir='ltr'>in</span> <span class='ocrx_word' id='word_1_804' title='bbox 3375 4678 3524 4750; x_wconf 87' lang='lat' dir='ltr'>lege.</span> <span class='ocrx_word' id='word_1_805' title='bbox 3556 4684 3616 4733; x_wconf 90' lang='lat' dir='ltr'>et</span> <span class='ocrx_word' id='word_1_806' title='bbox 3644 4693 3716 4733; x_wconf 86' lang='lat' dir='ltr'>ex</span> 
     </span>
    </p>
   </div>
   <div class='ocr_carea' id='block_1_110' title="bbox 2061 4767 3711 4840">
    <p class='ocr_par' dir='ltr' id='par_1_110' title="bbox 2061 4767 3711 4840">
     <span class='ocr_line' id='line_1_110' title="bbox 2061 4767 3711 4840; baseline -0.001 -18"><span class='ocrx_word' id='word_1_807' title='bbox 2061 4767 2339 4840; x_wconf 85' lang='lat' dir='ltr'>operibus</span> <span class='ocrx_word' id='word_1_808' title='bbox 2369 4773 2649 4838; x_wconf 83' lang='lat' dir='ltr'>quaerunt</span> <span class='ocrx_word' id='word_1_809' title='bbox 2670 4768 3012 4839; x_wconf 79' lang='lat' dir='ltr'>justiﬁcari,</span> <span class='ocrx_word' id='word_1_810' title='bbox 3030 4784 3103 4822; x_wconf 88' lang='lat' dir='ltr'>ne</span> <span class='ocrx_word' id='word_1_811' title='bbox 3122 4783 3241 4821; x_wconf 89' lang='lat' dir='ltr'>una</span> <span class='ocrx_word' id='word_1_812' title='bbox 3264 4767 3507 4837; x_wconf 89' lang='lat' dir='ltr'>quidem</span> <span class='ocrx_word' id='word_1_813' title='bbox 3529 4767 3711 4821; x_wconf 88' lang='lat' dir='ltr'>trium</span> 
     </span>
    </p>
   </div>
   <div class='ocr_carea' id='block_1_111' title="bbox 2053 4855 3713 4934">
    <p class='ocr_par' dir='ltr' id='par_1_111' title="bbox 2053 4855 3713 4934">
     <span class='ocr_line' id='line_1_111' title="bbox 2053 4855 3713 4934; baseline -0.002 -20"><span class='ocrx_word' id='word_1_814' title='bbox 2053 4858 2555 4934; x_wconf 81' lang='lat' dir='ltr'>justiﬁcalionum</span> <span class='ocrx_word' id='word_1_815' title='bbox 2580 4857 2888 4927; x_wconf 88' lang='lat' dir='ltr'>sequitur:</span> <span class='ocrx_word' id='word_1_816' title='bbox 2922 4855 3033 4923; x_wconf 83' lang='lat' dir='ltr'>sed</span> <span class='ocrx_word' id='word_1_817' title='bbox 3057 4857 3150 4911; x_wconf 90' lang='lat' dir='ltr'>his</span> <span class='ocrx_word' id='word_1_818' title='bbox 3172 4856 3270 4927; x_wconf 90' lang='lat' dir='ltr'>qui</span> <span class='ocrx_word' id='word_1_819' title='bbox 3306 4873 3377 4911; x_wconf 81' lang='lat' dir='ltr'>ex</span> <span class='ocrx_word' id='word_1_820' title='bbox 3408 4856 3713 4929; x_wconf 81' lang='lat' dir='ltr'>fidejusti-</span> 
     </span>
    </p>
   </div>
   <div class='ocr_carea' id='block_1_112' title="bbox 2064 4945 3713 5020">
    <p class='ocr_par' dir='ltr' id='par_1_112' title="bbox 2064 4945 3713 5020">
     <span class='ocr_line' id='line_1_112' title="bbox 2064 4945 3713 5020; baseline -0.003 -14"><span class='ocrx_word' id='word_1_821' title='bbox 2064 4948 2228 5006; x_wconf 79' lang='lat' dir='ltr'>ﬁcari</span> <span class='ocrx_word' id='word_1_822' title='bbox 2259 4952 2491 5020; x_wconf 89' lang='lat' dir='ltr'>petunt,</span> <span class='ocrx_word' id='word_1_823' title='bbox 2525 4963 2630 5019; x_wconf 91' lang='lat' dir='ltr'>per</span> <span class='ocrx_word' id='word_1_824' title='bbox 2668 4947 2775 5000; x_wconf 83' lang='lat' dir='ltr'>hos</span> <span class='ocrx_word' id='word_1_825' title='bbox 2800 4953 2919 5000; x_wconf 88' lang='lat' dir='ltr'>tres</span> <span class='ocrx_word' id='word_1_826' title='bbox 2950 4945 3157 5001; x_wconf 80' lang='lat' dir='ltr'>modos</span> <span class='ocrx_word' id='word_1_827' title='bbox 3180 4946 3509 5018; x_wconf 87' lang='lat' dir='ltr'>imputatur</span> <span class='ocrx_word' id='word_1_828' title='bbox 3533 4946 3713 5018; x_wconf 80' lang='lat' dir='ltr'>justi-</span> 
     </span>
    </p>
   </div>
   <div class='ocr_carea' id='block_1_113' title="bbox 2066 5035 3709 5109">
    <p class='ocr_par' dir='ltr' id='par_1_113' title="bbox 2066 5035 3709 5109">
     <span class='ocr_line' id='line_1_113' title="bbox 2066 5035 3709 5109; baseline -0.002 -14"><span class='ocrx_word' id='word_1_829' title='bbox 2066 5041 2165 5096; x_wconf 90' lang='lat' dir='ltr'>tia.</span> <span class='ocrx_word' id='word_1_830' title='bbox 2200 5039 2375 5093; x_wconf 87' lang='lat' dir='ltr'>Divus</span> <span class='ocrx_word' id='word_1_831' title='bbox 2404 5039 2606 5109; x_wconf 87' lang='lat' dir='ltr'>itaque</span> <span class='ocrx_word' id='word_1_832' title='bbox 2638 5036 2858 5091; x_wconf 87' lang='lat' dir='ltr'>Paulus</span> <span class='ocrx_word' id='word_1_833' title='bbox 2905 5035 3250 5091; x_wconf 89' lang='lat' dir='ltr'>Davidicum</span> <span class='ocrx_word' id='word_1_834' title='bbox 3300 5037 3709 5092; x_wconf 88' lang='lat' dir='ltr'>testimonium</span> 
     </span>
    </p>
   </div>
   <div class='ocr_carea' id='block_1_114' title="bbox 2066 5124 3579 5198">
    <p class='ocr_par' dir='ltr' id='par_1_114' title="bbox 2066 5124 3579 5198">
     <span class='ocr_line' id='line_1_114' title="bbox 2066 5124 3579 5198; baseline -0.003 -13"><span class='ocrx_word' id='word_1_835' title='bbox 2066 5128 2490 5185; x_wconf 88' lang='lat' dir='ltr'>convenienler</span> <span class='ocrx_word' id='word_1_836' title='bbox 2513 5126 2734 5198; x_wconf 90' lang='lat' dir='ltr'>aptavit</span> <span class='ocrx_word' id='word_1_837' title='bbox 2763 5141 2884 5180; x_wconf 67' lang='lat' dir='ltr'>suas</span> <span class='ocrx_word' id='word_1_838' title='bbox 2917 5124 3226 5182; x_wconf 78' lang='lat' dir='ltr'>doctrinm.</span> <span class='ocrx_word' id='word_1_839' title='bbox 3574 5141 3579 5144; x_wconf 73' lang='lat'><em>&#39;</em></span> 
     </span>
    </p>
   </div>
   <div class='ocr_carea' id='block_1_115' title="bbox 2134 5216 3721 5286">
    <p class='ocr_par' dir='ltr' id='par_1_115' title="bbox 2134 5216 3721 5286">
     <span class='ocr_line' id='line_1_115' title="bbox 2134 5216 3721 5286; baseline -0.001 -13"><span class='ocrx_word' id='word_1_840' title='bbox 2134 5219 2228 5284; x_wconf 84' lang='lat' dir='ltr'>IV,</span> <span class='ocrx_word' id='word_1_841' title='bbox 2259 5222 2312 5285; x_wconf 89' lang='lat'>9,</span> <span class='ocrx_word' id='word_1_842' title='bbox 2342 5219 2433 5272; x_wconf 79' lang='grc'>10.</span> <span class='ocrx_word' id='word_1_843' title='bbox 2467 5218 2591 5272; x_wconf 66' lang='lat' dir='ltr'>Haec</span> <span class='ocrx_word' id='word_1_844' title='bbox 2622 5231 2749 5286; x_wconf 82' lang='lat' dir='ltr'>ergo</span> <span class='ocrx_word' id='word_1_845' title='bbox 2792 5216 3127 5284; x_wconf 84' lang='lat' dir='ltr'>beati/icatio</span> <span class='ocrx_word' id='word_1_846' title='bbox 3156 5218 3309 5271; x_wconf 82' lang='lat' dir='ltr'>venit</span> <span class='ocrx_word' id='word_1_847' title='bbox 3340 5219 3397 5271; x_wconf 82' lang='lat' dir='ltr'>in</span> <span class='ocrx_word' id='word_1_848' title='bbox 3428 5220 3721 5274; x_wconf 83' lang='lat' dir='ltr'>circumci-</span> 
     </span>
    </p>
   </div>
   <div class='ocr_carea' id='block_1_116' title="bbox 2062 5304 3719 5379">
    <p class='ocr_par' dir='ltr' id='par_1_116' title="bbox 2062 5304 3719 5379">
     <span class='ocr_line' id='line_1_116' title="bbox 2062 5304 3719 5379; baseline 0 -16"><span class='ocrx_word' id='word_1_849' title='bbox 2062 5311 2267 5364; x_wconf 85' lang='lat' dir='ltr'>sionem</span> <span class='ocrx_word' id='word_1_850' title='bbox 2297 5324 2370 5362; x_wconf 84' lang='lat' dir='ltr'>an</span> <span class='ocrx_word' id='word_1_851' title='bbox 2428 5313 2481 5361; x_wconf 86' lang='lat' dir='ltr'>et</span> <span class='ocrx_word' id='word_1_852' title='bbox 2536 5309 2596 5360; x_wconf 88' lang='lat' dir='ltr'>in</span> <span class='ocrx_word' id='word_1_853' title='bbox 2638 5304 3041 5377; x_wconf 62' lang='lat' dir='ltr'>praeputium?</span> <span class='ocrx_word' id='word_1_854' title='bbox 3102 5306 3339 5363; x_wconf 81' lang='lat' dir='ltr'>Dicimus</span> <span class='ocrx_word' id='word_1_855' title='bbox 3396 5311 3542 5363; x_wconf 83' lang='lat' dir='ltr'>enim</span> <span class='ocrx_word' id='word_1_856' title='bbox 3566 5309 3719 5379; x_wconf 84' lang='lat' dir='ltr'>quod</span> 
     </span>
    </p>
   </div>
   <div class='ocr_carea' id='block_1_117' title="bbox 2064 5394 3718 5468">
    <p class='ocr_par' dir='ltr' id='par_1_117' title="bbox 2064 5394 3718 5468">
     <span class='ocr_line' id='line_1_117' title="bbox 2064 5394 3718 5468; baseline -0.001 -16"><span class='ocrx_word' id='word_1_857' title='bbox 2064 5397 2295 5453; x_wconf 72' lang='lat' dir='ltr'>Abrahae</span> <span class='ocrx_word' id='word_1_858' title='bbox 2326 5399 2603 5467; x_wconf 78' lang='lat' dir='ltr'>imputata</span> <span class='ocrx_word' id='word_1_859' title='bbox 2631 5401 2709 5451; x_wconf 85' lang='lat' dir='ltr'>est</span> <span class='ocrx_word' id='word_1_860' title='bbox 2762 5396 2896 5463; x_wconf 83' lang='lat' dir='ltr'>ﬁdes</span> <span class='ocrx_word' id='word_1_861' title='bbox 2946 5394 3020 5449; x_wconf 83' lang='lat' dir='ltr'>ad</span> <span class='ocrx_word' id='word_1_862' title='bbox 3065 5396 3356 5466; x_wconf 82' lang='lat' dir='ltr'>justitiam</span> <span class='ocrx_word' id='word_1_863' title='bbox 3385 5414 3404 5452; x_wconf 89' lang='lat'><strong><em>:</em></strong></span> <span class='ocrx_word' id='word_1_864' title='bbox 3446 5397 3718 5468; x_wconf 85' lang='lat' dir='ltr'>quomodo</span> 
     </span>
    </p>
   </div>
   <div class='ocr_carea' id='block_1_118' title="bbox 2065 5486 3719 5559">
    <p class='ocr_par' dir='ltr' id='par_1_118' title="bbox 2065 5486 3719 5559">
     <span class='ocr_line' id='line_1_118' title="bbox 2065 5486 3719 5559; baseline -0.001 -16"><span class='ocrx_word' id='word_1_865' title='bbox 2065 5504 2194 5558; x_wconf 86' lang='lat' dir='ltr'>ergo</span> <span class='ocrx_word' id='word_1_866' title='bbox 2218 5490 2497 5559; x_wconf 84' lang='lat' dir='ltr'>imputata</span> <span class='ocrx_word' id='word_1_867' title='bbox 2527 5491 2606 5542; x_wconf 89' lang='lat' dir='ltr'>est</span> <span class='ocrx_word' id='word_1_868' title='bbox 2644 5489 2673 5541; x_wconf 68' lang='grc' dir='ltr'><em>Ρ</em></span> <span class='ocrx_word' id='word_1_869' title='bbox 2712 5486 2845 5541; x_wconf 86' lang='lat' dir='ltr'>Cum</span> <span class='ocrx_word' id='word_1_870' title='bbox 2875 5492 3009 5541; x_wconf 85' lang='lat' dir='ltr'>esset</span> <span class='ocrx_word' id='word_1_871' title='bbox 3040 5486 3098 5541; x_wconf 82' lang='lat' dir='ltr'>in</span> <span class='ocrx_word' id='word_1_872' title='bbox 3130 5490 3545 5544; x_wconf 83' lang='lat' dir='ltr'>circumcisione</span> <span class='ocrx_word' id='word_1_873' title='bbox 3564 5504 3635 5543; x_wconf 86' lang='lat' dir='ltr'>an</span> <span class='ocrx_word' id='word_1_874' title='bbox 3662 5490 3719 5542; x_wconf 81' lang='lat' dir='ltr'>in</span> 
     </span>
    </p>
   </div>
   <div class='ocr_carea' id='block_1_119' title="bbox 2059 5576 3646 5652">
    <p class='ocr_par' dir='ltr' id='par_1_119' title="bbox 2059 5576 3646 5652">
     <span class='ocr_line' id='line_1_119' title="bbox 2059 5576 3646 5652; baseline -0.003 -18"><span class='ocrx_word' id='word_1_875' title='bbox 2059 5583 2356 5652; x_wconf 67' lang='lat' dir='ltr'>praeputio</span> <span class='ocrx_word' id='word_1_876' title='bbox 2385 5581 2413 5634; x_wconf 68' lang='grc' dir='ltr'>Ρ</span> <span class='ocrx_word' id='word_1_877' title='bbox 2442 5580 2562 5635; x_wconf 75' lang='lat' dir='ltr'>Non</span> <span class='ocrx_word' id='word_1_878' title='bbox 2592 5576 2651 5631; x_wconf 87' lang='lat' dir='ltr'>in</span> <span class='ocrx_word' id='word_1_879' title='bbox 2681 5577 3118 5645; x_wconf 62' lang='lat' dir='ltr'>circumcisione,</span> <span class='ocrx_word' id='word_1_880' title='bbox 3151 5577 3240 5633; x_wconf 82' lang='lat' dir='ltr'>sed</span> <span class='ocrx_word' id='word_1_881' title='bbox 3265 5580 3322 5631; x_wconf 80' lang='lat' dir='ltr'>in</span> <span class='ocrx_word' id='word_1_882' title='bbox 3345 5580 3646 5650; x_wconf 69' lang='lat' dir='ltr'>praeputio.</span> 
     </span>
    </p>
   </div>
   <div class='ocr_carea' id='block_1_120' title="bbox 2137 5665 3719 5738">
    <p class='ocr_par' dir='ltr' id='par_1_120' title="bbox 2137 5665 3719 5738">
     <span class='ocr_line' id='line_1_120' title="bbox 2137 5665 3719 5738; baseline -0.006 -11"><span class='ocrx_word' id='word_1_883' title='bbox 2137 5668 2362 5727; x_wconf 89' lang='lat' dir='ltr'>Deinde</span> <span class='ocrx_word' id='word_1_884' title='bbox 2396 5668 2517 5724; x_wconf 88' lang='lat' dir='ltr'>ait:</span> <span class='ocrx_word' id='word_1_885' title='bbox 2551 5666 2686 5723; x_wconf 84' lang='lat' dir='ltr'>Haec</span> <span class='ocrx_word' id='word_1_886' title='bbox 2712 5665 3071 5724; x_wconf 82' lang='lat' dir='ltr'>beatiﬁcatio</span> <span class='ocrx_word' id='word_1_887' title='bbox 3102 5683 3233 5738; x_wconf 80' lang='lat' dir='ltr'>quae</span> <span class='ocrx_word' id='word_1_888' title='bbox 3283 5683 3318 5722; x_wconf 82' lang='grc' dir='ltr'>ιι</span> <span class='ocrx_word' id='word_1_889' title='bbox 3347 5665 3529 5723; x_wconf 89' lang='lat' dir='ltr'>David</span> <span class='ocrx_word' id='word_1_890' title='bbox 3559 5665 3719 5720; x_wconf 84' lang='lat' dir='ltr'>dicta</span> 
     </span>
    </p>
   </div>
   <div class='ocr_carea' id='block_1_121' title="bbox 3438 5783 3510 5840">
    <p class='ocr_par' dir='ltr' id='par_1_121' title="bbox 3438 5783 3510 5840">
     <span class='ocr_line' id='line_1_121' title="bbox 3438 5783 3510 5840; baseline 0.014 -1"><span class='ocrx_word' id='word_1_891' title='bbox 3438 5783 3510 5840; x_wconf 80' lang='lat' dir='ltr'>i3</span> 
     </span>
    </p>
   </div>
  </div>
