4114 6398
400 335 517 396 395

1520 325 1934 394 (ECUMENH
1975 327 2286 391 TRICCE
2330 327 2684 394 EPISCOPI

3702 341 3823 404 390

400 482 510 542 est,
542 473 700 528 venit
725 472 786 525 in
822 471 1340 526 circumcisionem
1377 486 1449 524 an
1502 469 1678 525 etiam
1707 469 1765 522 in
1818 482 2023 539 prmpu

2170 467 2326 552 σμὸς,
2359 465 2447 521 ἐπὶ
2494 469 2596 536 τήν
2628 470 2934 542 περιτομὴν
2991 469 3182 542 ἧλθεν,
3214 468 3251 540 ἤ
3282 471 3372 526 καὶ
3403 471 3491 528 ἐπὶ
3518 474 3620 543 τὴν
3651 475 3822 552 ἀκρο-

401 566 546 618 tium
571 563 597 616 ‘l
619 561 920 633 magisque
944 561 1206 616 ostendit
1236 561 1394 632 quod
1427 562 1484 616 in
1502 561 1859 632 prmputium
1878 575 2055 613 vene-

401 653 480 706 rit
510 668 578 706 ac
610 651 805 705 locum
840 650 1133 714 habuerit,
1178 667 1246 705 eo
1280 650 1436 720 quod
1482 649 1774 705 Abraham
1825 664 1959 702 cum
1992 648 2055 702 in

405 740 697 811 przrputio
731 745 904 804 esset,
947 739 1141 794 salvus
1190 740 1379 794 factus
1438 739 1514 793 sit
1565 745 1624 793 et
1666 737 2050 808 justiﬁcatus.

406 856 424 878 -
463 831 768 895 Quomodo
799 846 934 902 ergo
965 831 1256 901 imputata
1287 829 1421 884 est?
1442 828 1707 883 nl)einde
1739 827 2054 883 confirmat

410 919 563 990 quod
598 920 658 973 in
692 919 1047 991 praeputium
1069 919 1253 991 magis
1285 918 1478 973 locum
1504 917 1798 984 habuerit,
1833 921 1892 972 et
1919 921 2004 970 ait
2035 931 2048 969 :

396 1032 422 1059 ιι
459 1008 708 1063 Abrahae
729 1009 1019 1080 imputata
1051 1015 1140 1063 est
1161 1008 1398 1080 justitia
1419 1025 1525 1079 per
1555 1007 1753 1062 fidem.
1781 1028 1808 1056 »
1841 1005 2048 1061 Videa-

400 1114 535 1152 mus
570 1097 770 1167 itaque
802 1103 1001 1151 utrum
1053 1097 1301 1152 Abrahae
1333 1115 1467 1152 cum
1493 1098 1619 1166 jam
1665 1095 2052 1152 circumcisus

399 1191 574 1252 esset,
636 1187 1230 1258 hujusmodijustitia
1261 1187 1551 1258 imputata
1581 1185 1676 1253 sit,
1733 1201 1807 1240 an
1857 1183 2052 1239 adhuc

397 1277 772 1347 praeputiato.
805 1277 875 1330 Et
902 1276 1310 1341 manifestum,
1361 1275 1575 1346 inquit,
1609 1275 1767 1345 quod
1817 1290 2048 1346 praepu-

401 1364 746 1419 tiato.Vides
780 1381 914 1438 ergo
948 1365 1104 1435 quod
1135 1365 1325 1437 magis
1357 1365 1417 1418 in
1446 1364 1802 1436 praeputium
1834 1362 2052 1418 habeat

395 1453 589 1508 locum
617 1453 644 1507 ?
667 1477 692 1503 «
724 1454 836 1509 Sed
867 1455 1176 1525 przeputio.
1214 1476 1242 1504 η
1279 1453 1334 1508 Si
1367 1470 1504 1524 ergo
1562 1470 1697 1508 cum
1749 1457 1906 1508 esset
1988 1452 2049 1506 in

392 1543 683 1614 prmputio
709 1543 1072 1612 justiticatus
1105 1549 1214 1609 est,
1268 1544 1424 1600 250
1482 1549 1640 1599 certe
1688 1542 2046 1598 beatificatio

397 1649 527 1701 qua:
559 1648 594 1686 a
625 1631 804 1687 David
839 1631 995 1687 dicta
1017 1633 1328 1704 est,magis
1361 1632 1555 1688 locum
1589 1631 1768 1686 habet
1797 1631 1857 1684 in
1904 1647 2046 1701 pras-

399 1721 633 1791 putium
665 1737 841 1790 quam
875 1721 935 1775 in
970 1721 1507 1776 circumcisionem.
1543 1719 1930 1776 Circumcisio
1970 1718 2044 1772 ob

2167 548 2388 610 ϐυστίαν
2425 577 2439 624 ς
2473 557 2561 610 καὶ
2597 557 2809 629 μᾶλλον
2837 555 3120 628 δείκνυσιν,
3181 559 3270 616 ἐπὶ
3322 563 3424 630 τὴν
3457 548 3816 636 ἀκροϐυστίαν

2165 645 2324 700 αὐτὸν
2357 644 2667 717 ἐληλυθότα
2706 649 2796 702 καὶ
2860 651 3046 724 χώραν
3078 645 3298 725 ἔχοντα,
3329 658 3411 724 τῷ
3438 653 3530 708 τὸν
3564 650 3820 730 Ἀϐραὰμ

2165 735 2216 791 ἐν
2307 733 2646 812 ἀκροϐυστίᾳ
2729 736 2882 808 ὅντα,
2959 749 3200 811 σωθῆναι
3263 745 3352 798 καὶ
3437 742 3815 816 δικαιωθῆναι.

2166 849 2190 879 ε
2229 830 2351 887 Ηῶς
2412 826 2503 881 οὖν
2557 827 2811 902 ἐλογίσθη
2851 848 2864 897 ;
2904 855 2930 880 υ
2980 832 3110 887 Εῗτα
3167 836 3551 904 κατασκευάζει
3608 837 3670 891 τὸ
3729 837 3818 894 ἐπὶ

2158 914 2261 982 τήν
2339 909 2702 989 ἀκροϐυστίαν
2775 915 2993 989 μᾶλλον
3042 913 3190 991 ἔχειν
3249 920 3461 994 χώραν,
3521 921 3608 976 καί
3661 944 3818 994 φησι·

2162 1027 2190 1054 ‹‹
2223 1007 2311 1074 Τῷ
2370 999 2618 1078 Ἀϐραὰμ
2674 1003 2937 1080 ἐλογίσθη
2992 1005 3307 1080 δικαιοσύνη
3366 1008 3457 1064 διὰ
3496 1011 3752 1075 πίστειυς.
3789 1036 3817 1066 υ

2160 1091 2394 1167 Ἴδωμεν
2423 1101 2713 1171 τοιγαροῦν
2745 1098 3102 1174 ἐμπεριτόμῳ
3160 1095 3274 1154 ὄντι
3332 1105 3410 1174 τῷ
3468 1099 3724 1178 Ἀϐρααμ
3781 1106 3816 1173 ἡ

2159 1185 2384 1255 τοιαύτη
2447 1184 2703 1261 ἐλογίσθη
2780 1185 3120 1259 δικαιοσύνη,
3189 1189 3224 1258 ἤ
3303 1186 3645 1265 ἀκροϐύστῳ.
3713 1195 3818 1250 Καὶ

2161 1271 2352 1345 δῆλον,
2389 1275 2576 1351 φησέν,
2627 1276 2700 1337 ὡς
2729 1273 3072 1353 ἀκροϐύστῳ.
3133 1279 3292 1353 Ὁρᾷς
3324 1279 3415 1334 οὖν
3470 1281 3552 1335 ’ὁτι
3599 1281 3815 1355 μᾶλλον

2159 1363 2246 1418 ἐπί
2278 1367 2376 1434 τήν
2410 1361 2770 1436 ἀκροϐυστίαν
2824 1368 3010 1442 χώραν
3069 1366 3188 1444 ἔχει
3223 1387 3236 1435 ;
3277 1391 3299 1416 α
3337 1367 3496 1426 Ἀλλ’
3541 1370 3594 1425 ἐν
3650 1371 3817 1447 ἀκροο

2159 1447 2371 1525 ϐυστίᾳ.
2405 1477 2432 1505 ››
2469 1453 2536 1510 Εἰ·
2567 1454 2660 1510 οὗν
2696 1455 2746 1510 ἐν
2803 1452 3135 1530 ἀκροϐυστίᾳ
3195 1455 3268 1511 ὢν
3330 1456 3650 1531 ἐδικαιώθη,
3713 1460 3819 1534 ἂρα

2163 1541 2537 1616 μᾶλλονὸτῷ
2587 1541 2749 1600 Δαυῒδ
2810 1545 3102 1621 εἰρημένος
3163 1551 3532 1621 μακαρισμὸς,
3569 1547 3656 1603 ἐπὶ
3711 1551 3813 1619 τὴν

2158 1628 2516 1708 ἀκροϐυστίαν
2550 1636 2740 1710 χώραν
2801 1633 2942 1710 ἔχει,
2998 1634 3035 1705 ἤ
3091 1635 3179 1691 ἐπὶ
3226 1639 3327 1708 τὴν
3357 1641 3687 1712 περιτομήν.
3747 1640 3816 1697 Ἡ

2155 1725 2431 1796 περιτομὴ
2466 1722 2626 1794 ἐδόθη
2689 1722 2776 1779 διὰ
2831 1730 2978 1800 τρεῖς
3034 1725 3234 1785 ταύτας
3292 1725 3492 1795 αἰτίας,
3535 1725 3675 1783 ὥστε
3707 1749 3812 1800 ση-

394 1810 501 1864 bas
530 1816 647 1863 tres
670 1825 878 1865 causas
909 1809 1048 1865 data
1069 1816 1178 1874 est,
1211 1817 1277 1864 ut
1308 1809 1446 1864 ﬁdei
1496 1810 1730 1880 signum
1776 1813 1952 1874 esset,
1982 1818 2028 1862 ιν

2160 1817 2311 1882 μεῖον
2371 1813 2504 1866 εῗναι
2553 1812 2811 1884 πίστεως,
2870 1815 2956 1869 καὶ
3040 1818 3137 1869 τοῦ
3192 1810 3562 1890 Ἀϐραμιαίου
3619 1816 3812 1892 γένους

395 1902 645 1957 Abrahaa
677 1919 865 1975 genus
896 1903 1327 1970 manifestaret,
1353 1903 1715 1974 demumque
1773 1908 1838 1956 ut
1891 1907 2048 1956 esset

392 1997 535 2045 nota
564 2007 632 2046 ac
661 1992 992 2046 involutum
1047 1992 1334 2047 indicium
1393 2010 1557 2064 purae
1615 1999 1675 2046 et
1703 1996 2043 2063 temperatas

393 2080 879 2135 conversationis.
918 2081 1058 2136 Data
1090 2081 1267 2136 etiam
1328 2088 1417 2136 est
1476 2097 1597 2136 non
1630 2088 1694 2136 ut
1744 2081 2041 2151 justitiam

387 2171 866 2241 operaretur.sed
898 2179 964 2227 ut
993 2173 1254 2245 sigillum
1279 2173 1765 2246 essetacsignum
1789 2171 2040 2244 justitim

387 2275 519 2328 quas
554 2266 643 2316 est
671 2275 778 2331 per
809 2259 1011 2316 ﬁdem.

452 2394 546 2461 IV,
607 2397 692 2462 11,
756 2398 840 2449 12.
900 2400 977 2450 Et
1031 2399 1252 2465 signum
1317 2401 1530 2468 accepit
1587 2400 2033 2468 circumcisionis,

379 2484 725 2552 signaculum
741 2486 981 2555 justitia:
1011 2485 1142 2553 ﬁdei
1180 2502 1302 2557 quae
1361 2490 1549 2554 fuerat
1596 2489 1654 2541 in
1705 2490 1985 2557 praeputio
2017 2506 2036 2544 .'

378 2579 440 2626 ut
480 2579 610 2626 esset
637 2575 755 2642 ipse
778 2579 943 2643 pater
973 2577 1216 2628 omnium
1269 2575 1606 2630 credentium
1652 2592 1756 2645 per
1795 2591 2032 2646 purpu-

381 2664 539 2726 tium,
573 2668 634 2716 ut
665 2665 970 2733 imputetur
997 2671 1049 2718 et
1079 2663 1192 2718 illis
1211 2664 1441 2734 justitia
1480 2682 1498 2718 .·
1530 2672 1581 2718 et
1604 2671 1772 2735 pater
1801 2667 2030 2720 circum-

377 2753 622 2816 cisionis,
654 2752 738 2806 his
769 2756 868 2821 qui
892 2768 1000 2807 non
1022 2753 1198 2807 solum
1223 2770 1292 2808 ea:
1322 2755 1732 2808 circumcisione
1759 2761 1908 2816 sunt,
1939 2755 2033 2809 sed

379 2842 547 2895 etiam
577 2839 662 2895 his
691 2844 790 2913 qui
821 2842 1083 2896 incedunt
1110 2859 1213 2913 per
1243 2841 1475 2913 vestigia
1501 2842 1636 2912 ﬁdei
1675 2859 1796 2915 qua
1825 2846 1938 2913 fuit
1971 2846 2028 2898 in

366 2932 651 3001 praeputio
675 2933 860 3002 patris
887 2935 1062 2988 nostri
1093 2932 1396 2989 Abraham.

445 3182 851 3254 Objectionem
881 3183 1053 3238 solvit
1084 3201 1214 3256 quas
1247 3199 1376 3240 sese
1425 3185 1638 3240 olTerre
1694 3184 2021 3241 videbatur.

378 3274 564 3328 Tanta
595 3289 690 3328 res
722 3280 812 3328 est
836 3273 1235 3340 circumcisio,
1267 3273 1425 3328 dicet
1458 3274 1779 3346 quispiam,
1810 3281 1875 3330 ut
1905 3277 2034 3335 sine

375 3361 483 3416 hac
510 3378 629 3416 non
647 3363 954 3434 contingat
974 3363 1293 3434 justiﬂcari
1317 3379 1330 3416 :
1351 3379 1486 3420 nam
1510 3363 2030 3434 etipsiAbraham,

380 3451 503 3520 qui,
539 3456 604 3504 ut
634 3449 743 3515 ais,
768 3451 829 3504 in
862 3452 1152 3522 praeputio
1174 3453 1283 3506 fuit
1309 3451 1695 3521 justiﬁcatus.
1731 3469 1878 3524 opus
1907 3464 2034 3512 erat

373 3539 849 3594 circumcisione.
884 3541 1144 3596 Etdicit:
1175 3543 1301 3596 Non
1325 3540 1397 3596 ob
1430 3541 1593 3596 aliud
1643 3542 2032 3602 circumcisus

375 3634 487 3691 ρει,
522 3645 698 3699 quam
735 3635 799 3684 ut
825 3630 1344 3686 circumcisionem
1370 3629 1627 3685 deferret
1672 3631 1733 3686 in
1794 3633 2028 3706 signum

370 3733 440 3771 ac
463 3718 1036 3775 demonstrationem
1093 3721 1366 3792 justitiaa,
1427 3738 1558 3792 qum
1619 3721 1678 3776 in
1737 3726 2026 3795 praeputio

369 3809 738 3881 contigerat:
770 3809 927 3881 quod
960 3811 1007 3865 si
1040 3810 1208 3866 illam
1240 3810 1544 3883 signorum
1575 3817 1679 3866 aut
1735 3813 2025 3886 signaculi

380 3913 559 3952 causa
589 3898 835 3970 accepit,
862 3898 984 3954 haec
1017 3898 1090 3954 ad
1113 3899 1411 3971 justitiam
1444 3899 1594 3954 nihil
1627 3901 1895 3956 contulit.
1921 3901 2026 3957 sed

370 3985 481 4042 hoc
505 3987 678 4042 modo
692 3988 1254 4059 solumjustiticatus
1275 4005 1402 4044 esse
1422 3988 1891 4061 signiﬁcabatur:
1912 3991 2024 4048 hoc

373 4081 462 4130 est
485 4077 666 4146 quod,
698 4093 830 4132 cum
852 4077 913 4131 in
939 4077 1226 4148 praeputio
1246 4084 1423 4136 esset.
1448 4078 1745 4147 justitiam
1766 4081 2022 4151 accepis-

367 4171 477 4220 set.
511 4165 808 4232 —Quare,
841 4165 1058 4236 inquit,
1112 4167 1373 4237 primum
1407 4167 1762 4237 imputatum
1796 4175 1884 4223 est
1932 4169 2019 4224 illi

361 4253 435 4308 ad
463 4254 782 4323 justitiam.
816 4260 876 4308 et
924 4256 1005 4308 ita
1036 4255 1416 4325 postmodum
1467 4256 1853 4312 circumcisus
1877 4259 2020 4314 est?

363 4343 625 4398 Primum
663 4344 902 4414 quidem
933 4351 1000 4402 ut
1029 4345 1109 4398 ita
1139 4344 1369 4401 virtutis
1393 4344 1627 4417 signum
1651 4355 2015 4416 censeretur,

364 4439 421 4485 et
453 4449 574 4486 non
605 4434 782 4489 veluti
816 4434 945 4504 ipsa
975 4435 1176 4498 virtus,
1211 4441 1312 4490 aut
1340 4442 1566 4490 rectum
1598 4434 1827 4490 virtutis
1845 4453 2012 4507 opus.

361 4520 601 4590 Signum
629 4538 887 4593 namque
946 4523 1422 4578 circumcisionis
1471 4529 1561 4578 est
1617 4524 2012 4596 signaculum,

2158 1895 2484 1970 δηλοτικὴν,
2517 1902 2606 1956 καὶ
2640 1898 2920 1976 σύμϐολον
2962 1904 3050 1958 καὶ
3111 1894 3342 1981 αἶ’νιγμα
3398 1905 3682 1967 πολιτείας
3713 1928 3814 1961 κα-

2156 1990 2321 2063 θαρᾶς
2374 1992 2463 2045 καὶ
2525 1993 2827 2069 σώφρονος.
2912 1997 3066 2048 Ὼστε
3137 1992 3245 2068 οὐχ
3329 1995 3404 2056 ὡς
3465 1992 3815 2066 δικαιοσύνης

2154 2080 2417 2147 ποιητικὴ
2462 2076 2826 2150 ἐδόθη,ἀλλά
2874 2081 3105 2162 σφραγὶς
3159 2081 3248 2136 καὶ
3308 2087 3537 2156 σημεῖον
3596 2090 3697 2153 τῆς
3754 2082 3816 2138 ἐκ

2152 2164 2385 2230 πίστεως
2420 2165 2788 2241 δικαιοσύνης.

2232 2408 2329 2462 Καὶ
2415 2416 2644 2483 σημεῖον
2731 2407 2896 2465 ἔλαϐε
2952 2419 3282 2487 περιτομῆς,
3371 2410 3642 2490 σφραγῖδα
3707 2417 3812 2479 τῆς

2150 2491 2504 2569 δικαιοσύνης
2585 2507 2685 2568 τῆς
2732 2499 2965 2565 πίστεως
3038 2509 3138 2571 τῆς
3206 2503 3258 2558 ἐν
3327 2508 3396 2578 τῇ
3450 2499 3808 2578 ἀκροϐυστίᾳ·

2163 2583 2238 2648 εἷς
2264 2587 2326 2641 τὸ
2355 2589 2491 2642 εἶναι
2525 2589 2684 2644 αὐτὸν
2742 2590 2945 2664 πατέρα
2999 2593 3214 2647 πάντων
3269 2597 3376 2647 τῶν
3436 2595 3807 2649 πιστευόντων

2149 2671 2220 2729 δι’
2253 2673 2636 2749 ἀκροϐυστίας,
2686 2681 2762 2741 είς
2803 2681 2865 2736 τὸ
2926 2681 3249 2759 λογισθῆναι
3313 2683 3404 2738 καὶ
3463 2683 3651 2745 αὐτοῖς
3703 2685 3805 2752 τήν

2149 2760 2516 2838 δικαιοσύνην·
2544 2771 2634 2823 καὶ
2665 2771 2871 2841 πατέρα
2899 2779 3231 2846 περιτομῆς,
3285 2778 3401 2834 τοῖς
3451 2773 3557 2828 οὐκ
3619 2772 3678 2828 ἐκ
3708 2793 3806 2827 πε·-

2148 2865 2382 2929 ριτομῆς
2420 2859 2606 2932 μόνον,
2632 2857 2780 2914 ἀλλά
2836 2862 2928 2916 καὶ
2979 2869 3096 2924 τοῖς
3157 2867 3443 2939 στοιχοῦσι
3473 2869 3587 2925 τοῖς
3619 2863 3793 2941 ἴχνεσι

2143 2948 2243 3010 τῆς
2299 2943 2352 3001 ἐν
2396 2952 2464 3022 τῇ
2519 2945 2851 3026 ἀκροϐυστίᾳ
2913 2952 3147 3015 πίστεώς
3222 2957 3321 3010 τοῦ
3377 2953 3577 3027 πατρὸς
3630 2955 3790 3024 ἡμῶν

2142 3030 2412 3112 Ἀϐραὰμ..
2961 3033 2977 3042 ’

2215 3179 2484 3230 Δοκοῦσαν
2517 3175 2780 3233 ἀντίθεσιν
2841 3179 2981 3237 λύει.
3035 3182 3332 3248 Τοσοῦτον,
3366 3179 3521 3254 φησὶ,
3582 3177 3793 3254 μεγάλη

2141 3263 2176 3330 ἡ
2203 3265 2498 3336 περιτομὴ,
2533 3267 2623 3320 καὶ
2654 3267 2854 3338 ταύτης
2889 3267 3066 3342 χωρές
3125 3267 3225 3324 ούκ
3283 3263 3358 3324 ἔνι
3408 3265 3796 3338 δικαιωθῆναι,

2138 3351 2222 3406 δτι
2270 3354 2358 3407 καὶ
2420 3354 2578 3416 αὐτὸς
2624 3352 2882 3430 Ἀϐρααμ
2939 3359 2966 3411 ὁ
3016 3356 3067 3412 ἐν
3125 3353 3460 3433 ἀκροϐυστίᾳ
3507 3359 3646 3413 κατά
3701 3359 3797 3414 τὸν

2137 3441 2227 3496 σὸν
2261 3439 2424 3518 λόγον
2459 3440 2786 3508 δικαιωθεῖς,
2821 3454 3128 3520 περιτομῆς
3162 3446 3381 3519 ἐδεήθη.
3445 3447 3548 3504 Καί
3603 3467 3791 3526 φησιν’

2135 3530 2212 3588 Ού
2247 3528 2334 3586 διά
2363 3554 2416 3588 τι
2445 3529 2626 3609 ἕτερον
2678 3539 3046 3609 περιετμήθη,
3080 3533 3116 3607 ἤ
3179 3535 3266 3592 διὰ
3294 3538 3356 3593 τὸ
3415 3544 3644 3611 σημεῖον
3702 3538 3794 3594 καὶ

2135 3620 2407 3692 ἀπόδειξιν
2490 3621 2834 3701 ἐπιφέρεσθαι
2892 3629 2990 3694 τήν
3074 3628 3403 3702 περιτομὴν,
3466 3633 3566 3698 τῆς
3620 3628 3670 3682 ἐν
3721 3633 3792 3703 τῇ

2134 3705 2463 3786 ἀκροϐυστίᾳ
2497 3713 2806 3788 ὑπαρξάσης
2831 3715 2977 3788 αύτῷ
3020 3713 3387 3788 δικαιοσύνης.
3449 3718 3514 3775 Εἰ
3574 3715 3631 3773 δὲ
3687 3739 3795 3790 ση-

2137 3801 2304 3874 μείων
2363 3798 2538 3857 ἕνεκεν
2599 3803 2688 3857 καὶ
2749 3803 3044 3882 σφραγῖδος
3128 3801 3319 3861 ἔλαϐεν
3379 3807 3570 3879 αὐτὴν,
3629 3805 3788 3863 οὐδὲν

2131 3888 2266 3962 αὕτη
2301 3892 2437 3962 πρὸς
2471 3892 2571 3959 τὴν
2605 3889 2954 3966 δικαιοσύνην
3007 3897 3361 3960 συνετέλεσεν,
3413 3895 3560 3951 ἀλλά
3616 3900 3789 3972 μόνον

2129 3979 2191 4032 τὸ
2220 3977 2457 4035 τοιῶσδε
2515 3978 2900 4047 δεδικαιῶσθαι
2960 3984 3241 4058 ἐσήμαινε,
3284 3986 3558 4044 τουτέστιν
3591 3986 3675 4043 ὅτι
3734 3986 3789 4042 ἐν

2127 4069 2196 4140 τῇ
2254 4062 2584 4142 ἀκροϐυστίᾳ
2643 4067 2741 4138 ὢν,
2799 4073 3009 4144 ἠξιώθη
3081 4081 3180 4143 τῆς
3261 4072 3631 4147 δικαιοσύνης.
3715 4108 3787 4121 —

2129 4155 2341 4230 [ΦΩΤ]
2375 4160 2469 4213 Διά
2488 4157 2563 4228 τί,
2596 4160 2750 4234 φησὶ,
2782 4167 2999 4236 πρῶτον
3043 4161 3301 4240 ἐλογίσθη
3359 4165 3505 4236 αὐτῷ
3563 4164 3641 4229 εἷς
3700 4165 3784 4221 δι-

2126 4243 2435 4314 καιοσύνην,
2468 4246 2558 4300 καὶ
2591 4247 2736 4303 οὕτω
2763 4253 3106 4323 περιετμῆθη
3144 4269 3158 4320 ;
3223 4257 3444 4327 Πρῶτον
3504 4254 3624 4326 μὲν,
3684 4251 3784 4308 ’ίνα

2126 4332 2198 4393 ὡς
2233 4339 2458 4407 σημεῖον
2486 4341 2724 4410 νομισθῇ
2759 4339 2953 4414 ἀρετῆς
2984 4343 3017 4410 ἡ
3073 4345 3371 4416 περιτομή,
3421 4344 3507 4397 καὶ
3541 4343 3648 4422 οὐχ
3708 4343 3786 4407 ὡς

2124 4421 2391 4498 αύταρετή
2424 4425 2512 4478 καὶ
2545 4428 2896 4501 κατόρθωμα.
2931 4429 3009 4486 Τὸ
3049 4431 3152 4508 γὰρ
3203 4438 3433 4507 σημεῖον
3478 4438 3577 4503 τῆς
3612 4421 3784 4508 περι-

2120 4518 2318 4585 τομῆς,
2351 4514 2506 4589 φησὶ,
2540 4515 2772 4590 σφραγίς
2802 4515 2966 4583 ἐστιν,
3001 4519 3119 4574 οἷον
3155 4522 3383 4592 σημεῖόν
3415 4542 3473 4577 τε
3529 4522 3619 4576 καὶ
3674 4543 3781 4576 πα-

355 4610 574 4680 ἱιιιμιίι,
609 4617 890 4684 tanquam
923 4612 1160 4685 signum
1194 4618 1249 4667 et
1291 4595 1694 4686 comprobatio
1737 4615 2012 4686 justitiae,

2143 4605 2400 4671 >ἀστασις,
2449 4610 2550 4673 τῆς
2607 4603 2661 4659 ἐν
2718 4605 2788 4681 τῇ
2847 4605 3176 4683 ἀκροϐυστίᾳ
3233 4609 3323 4666 διὰ
3387 4611 3623 4674 πίστεως
3683 4611 3779 4667 καὶ

355 4716 486 4771 quae
519 4717 625 4772 per
654 4702 832 4758 ﬁdem
865 4703 926 4758 in
958 4703 1247 4775 praeputio
1274 4702 1432 4760 facta
1462 4709 1571 4759 est.
1607 4703 1875 4761 Secundo
1915 4721 2015 4764 au-

351 4805 495 4852 tem,
526 4797 594 4847 ut
622 4798 681 4847 et
711 4793 1200 4863 praeputiatorum
1234 4799 1292 4847 et
1338 4793 1825 4851 circumcisorum
1857 4811 2011 4852 com-

356 4881 558 4935 munis
593 4889 759 4951 pater
779 4889 1203 4956 agnosceretur
1232 4900 1298 4938 ac
1321 4883 1754 4953 divulgaretur:
1777 4902 2007 4957 praepu-

357 4967 636 5025 tiatorum
671 4972 935 5042 quidem,
969 4978 1033 5028 ut
1063 4973 1164 5042 qui
1197 4973 1258 5027 in
1318 4975 1608 5044 prmputio
1655 4973 2010 5032 credidisset

353 5057 801 5126 acjustilicalus
857 5061 1113 5116 fuisset:
1175 5062 1661 5118 circumcisorum
1712 5079 1850 5117 vero
1885 5072 2008 5120 tan-

352 5162 527 5214 quam
562 5153 620 5200 et
665 5149 790 5218 ipse
822 5150 1211 5205 circumcisus
1271 5159 1582 5222 postquam
1631 5151 2004 5209 credidisset.

352 5233 555 5287 Merito
589 5253 724 5307 ergo
771 5245 1120 5292 cunctorum
1175 5246 1342 5310 pater
1399 5247 1705 5311 reputatus
1753 5247 1862 5306 est,
1900 5243 1999 5312 qui

349 5321 628 5378 videlicet
674 5326 850 5381 ﬁdem
909 5328 1334 5398 suscepissent,
1397 5331 1518 5384 sive
1601 5329 2002 5386 incircumcisi

346 5418 565 5474 essent,
602 5415 718 5467 sive
750 5415 1105 5470 circumcisi.
1167 5419 1332 5482 Quod
1415 5419 1463 5472 si
1513 5417 1692 5472 fidem
1726 5436 1844 5472 non
1908 5420 2005 5475 ha-

341 5496 743 5574 beant,neque
763 5504 1176 5576 cognationem
1195 5507 1266 5562 ad
1288 5507 1457 5562 illum
1477 5507 1717 5570 habent,
1749 5508 2000 5578 quicun-

343 5604 457 5659 que
482 5589 620 5656 sint,
653 5609 848 5665 neque
879 5593 1147 5651 hazredes
1204 5614 1345 5653 sane
1379 5604 1553 5654 erunt
1582 5598 1997 5669 promissionis

340 5694 472 5750 quas
505 5679 580 5738 ad
608 5681 781 5741 illum
813 5684 969 5741 facta
999 5690 1090 5741 est
1121 5702 1138 5754 ;
1171 5688 1318 5746 251
1356 5687 1818 5762 consanguineis
1837 5690 1997 5750 enim

2125 4689 2490 4764 δικαιοσύνης.
2551 4694 2805 4770 Δεύτερον
2862 4696 3060 4768 δὶ,⁹ίνα
3106 4701 3196 4756 καὶ
3254 4705 3364 4757 τῶν
3393 4697 3775 4774 ἀκροϐύστων,

2121 4783 2206 4837 καὶ
2267 4787 2376 4838 τῶν
2438 4782 2826 4858 ἐμπεριτόμων
2890 4789 3070 4851 κοινὸς
3128 4789 3432 4864 ἐπιγνωσθῇ
3506 4791 3596 4846 καὶ
3651 4791 3780 4846 ἀνα-

2119 4874 2374 4948 κηευχθῇ
2431 4875 2632 4948 πατήρ*
2684 4879 2791 4928 τῶν
2852 4877 2946 4948 μὲν
3021 4873 3394 4953 ἀκροϐύστων,
3457 4880 3530 4942 ὡς
3594 4879 3646 4935 ἐν
3703 4885 3774 4954 τῇ

2120 4957 2451 5036 ἀκροϐυστία
2506 4963 2594 5017 καὶ
2652 4967 2938 5029 πιστεύσας
2994 4967 3084 5022 καὶ
3145 4967 3473 5032 δικαιωθείς·
3532 4974 3639 5025 τῶν
3721 4967 3772 5027 δ’

2118 5051 2524 5126 ἐμπεριτὸμων,
2585 5052 2658 5111 ὡς
2717 5057 2808 5110 καὶ
2861 5057 3024 5119 αὐτὸς
3093 5061 3453 5133 περιτμηθεὶς
3516 5061 3649 5134 μετά
3707 5061 3772 5116 τὸ

2117 5146 2423 5198 πιστεῦσαι.
2463 5143 2682 5196 Πάντων
2719 5145 2810 5198 οὗν
2835 5145 3059 5208 εἰκότως
3115 5145 3176 5202 ἄν
3220 5147 3504 5224 λογισθείη
3564 5152 3775 5224 πατήρ,

2115 5236 2220 5285 τῶν
2254 5233 2352 5300 τήν
2405 5231 2584 5286 πίστιν
2640 5229 2899 5304 δηλονότι
2960 5235 3438 5311 παραδεξαμένων,
3468 5238 3573 5294 εἶ’τε
3643 5239 3770 5292 ἀπεο

2116 5320 2398 5394 ρίτμητοι,
2433 5321 2541 5375 εἷ’τε
2577 5323 3034 5398 περιτετμημένοι
3085 5327 3214 5384 εἶεν.
3273 5333 3374 5386 "Av
3436 5326 3492 5382 δὲ
3537 5329 3637 5396 τήν
3690 5349 3781 5382 πι-

2115 5431 2227 5465 στιν
2265 5411 2342 5484 μὴ
2376 5407 2602 5489 ἔχωσιν,
2661 5410 2784 5468 οὐδὲ
2841 5416 2940 5482 τήν
3005 5415 3143 5487 πρὸς
3194 5415 3397 5471 ἐκεῖνον
3457 5419 3773 5490 συγγένειαν

2112 5500 2354 5572 ἔκδυσιν,
2390 5498 2586 5555 οἷ’τινες
2626 5499 2684 5556 ἄν
2739 5505 2866 5573 εΤεν,
2917 5501 3042 5560 οὐδὲ
3099 5505 3449 5582 κληρονόμοι
3510 5506 3614 5581 ἂρα
3671 5510 3772 5571 τῆς

2110 5591 2247 5666 πρὸς
2309 5588 2512 5644 ἐκεῖνον
2565 5591 2911 5669 ἐπαγγελίας.
2968 5597 3102 5657 Τοῖς
3169 5596 3270 5671 γὰρ
3333 5597 3605 5674 συγγενέσι
3667 5594 3771 5670 (τῷ

2107 5684 2212 5759 γὰρ
2263 5681 2535 5754 σπέρματι
2593 5680 2806 5757 αὐτοῦ),
2858 5684 2916 5740 αἱ
2976 5683 3298 5766 ὑποσχέσεις
3350 5685 3442 5742 καὶ
3498 5683 3765 5764 εὐλογίαι.
