4114 6390
300 411 410 472 391

1422 403 1824 469 COMMENT.
1877 402 1951 463 ΙΝ
2001 396 2248 463 EPIST.
2295 401 2399 462 AD
2445 399 2630 462 BOM.

3611 399 3732 460 398

299 568 331 599 ιι
359 542 650 626 Σφραγῖδα
681 550 788 616 τῆς
822 541 1170 616 δικαιοσύνης
1215 549 1318 614 τῆς
1375 539 1632 603 πίστεως.
1673 565 1693 589 ι
1755 542 1856 606 τῆς
1906 534 1967 592 ἔκ

2093 539 2322 608 [nempe
2354 533 2568 591 semini
2600 533 2748 607 ejus)
2782 533 2933 590 datas
2987 537 3126 592 sunt
3180 531 3610 606 promissione:
3667 548 3736 590 ac

302 634 537 698 πίστεως
572 637 913 713 ὑπαρξάσης,
955 664 974 686 ι
1012 638 1087 699 εἷς
1117 636 1179 692 τὸ
1213 636 1345 692 εῖναι
1379 633 1540 690 αὐτὸν
1571 632 1798 707 πατέρα.
1844 654 1872 683 ››

390 817 484 873 Διὶ
513 816 569 871 τί
602 813 658 872 δὲ
693 816 842 878 ὅλως
876 815 1072 888 έόἑηθη
1131 816 1324 886 αὐτῆς,
1383 814 1431 870 εἰ
1491 809 1658 887 μηδὲν
1708 807 1975 866 συνετέλει

313 904 371 962 ἐν
409 910 479 980 τῇ
538 903 906 982 δικαιοσύνης-,ς
969 911 1190 980 Πρῶτον
1252 905 1344 978 μὲν
1397 903 1580 966 καθὼς
1633 899 1742 956 ἅνω
1801 896 1976 975 λέγει⁹

312 997 391 1058 είς
421 998 486 1051 τὸ
519 996 658 1050 εἶναι
707 997 879 1066 αυτὴν
941 1001 1195 1070 σημεῖονο
1255 990 1440 1050 ἔπειτα
1496 993 1585 1046 ’ἱνα
1641 992 1824 1049 κοινὸς
1885 986 1972 1065 γέ-

309 1108 476 1156 νηται
508 1088 690 1157 πατῆρ
719 1091 827 1140 τῶν
861 1106 920 1140 τε
971 1083 1022 1139 ἐν
1086 1086 1382 1159 περιτομῇ,
1441 1087 1550 1136 τῶν
1597 1101 1652 1134 τε
1709 1077 1762 1133 ἐν
1817 1077 1977 1152 ἀκρο-

311 1169 531 1244 ϐυστία.
587 1199 615 1226 ‹‹
651 1174 870 1228 Πάντων
923 1178 1032 1228 τῶν
1091 1171 1543 1228 πιστευόντων.»
1603 1166 1722 1241 Οὐχ
1783 1165 1975 1226 ἁπλῶς

306 1268 423 1318 τῶν
455 1260 802 1333 οῐωνδήποτε
831 1263 1060 1337 πατέρα.
1105 1259 1256 1317 ἀλλὰ
1307 1265 1416 1314 τῶν
1473 1257 1838 1313 πιστευόντων
1899 1253 1974 1314 εἷς

306 1350 406 1407 τὸν
433 1351 692 1422 Χριστόν.
761 1375 787 1400 ‹‹
824 1351 901 1404 Δι’
959 1336 1338 1424 ἀκροϐυστίας.
1377 1371 1404 1397 ››
1462 1351 1577 1400 Τῶν
1635 1345 1685 1399 ἐν
1740 1336 1973 1418 ἀκροϐυ-

310 1440 438 1512 στίᾳ
473 1439 643 1495 ὄντων
689 1439 782 1494 καὶ
841 1439 1226 1494 πιστευόντων.
1283 1437 1379 1498 Εἲς
1433 1437 1516 1504 τὸ,
1581 1458 1608 1488 ι(
1639 1434 1976 1511 Λογισθῆναι

308 1530 407 1586 καὶ
434 1530 632 1591 αὐτοῖς
661 1529 764 1598 τὴν
797 1525 1162 1598 δικαιοσύνην.
1201 1551 1228 1578 ››
1280 1527 1376 1582 Διά
1427 1524 1660 1588 πίστεως
1717 1519 1972 1593 δηλονότι

312 1618 500 1700 χωρὶς
583 1613 777 1693 ἔργων.
846 1641 872 1667 ››
931 1618 1034 1674 Καὶ
1093 1617 1296 1691 πατέρα
1370 1620 1696 1691 περιτομῆς.
1761 1635 1786 1662 ››
1849 1611 1975 1689 Οὐχ

315 1706 536 1774 ἁπλῶς,
571 1707 728 1786 φησὶ,
761 1709 945 1781 πατὴρ
973 1710 1080 1761 τῶν
1139 1704 1590 1780 ἐμπεριτμήτων,
1648 1706 1832 1774 (τοῦτο
1869 1701 1974 1774 γὰρ

316 1794 492 1865 δηλοῖ
520 1799 582 1852 τὸ
611 1802 966 1872 περιτομῆς)
1004 1793 1150 1851 ἀλλὰ
1207 1795 1388 1870 πατὴρ
1439 1793 1656 1849 ἐκείνων
1709 1794 1816 1846 τῶν
1876 1788 1974 1860 ἒμ-

2085 628 2554 686 benedictiones.
2591 650 2619 679 «
2644 628 3025 702 Signaculum
3046 628 3298 699 justitiaa
3341 627 3501 694 ﬁdei,
3540 650 3567 677 »
3598 643 3731 700 qua

2089 737 2159 777 ex
2190 721 2306 777 ﬁde
2329 722 2674 794 contigerat.
2711 744 2739 770 «
2772 727 2840 776 ut
2870 726 3025 776 esset
3058 720 3183 792 ipse
3215 726 3400 792 pater.
3439 742 3465 768 »

2161 809 2246 864 Ad
2279 809 2421 880 quid
2447 810 2691 865 omnino
2723 809 3062 864 necessaria
3091 808 3203 864 fuit
3235 807 3738 877 illicircumcisio,

2089 898 2137 953 si
2169 898 2318 953 nihil
2351 897 2694 953 conferebat
2723 898 2795 953 ad
2819 895 3164 969 justitiam?
3188 897 3449 950 Primum
3473 897 3735 966 quidem,

2086 990 2268 1046 veluti
2302 989 2358 1045 in
2396 990 2804 1062 superioribus
2835 990 3002 1046 dixit.
3038 997 3104 1044 ut
3134 987 3237 1043 illa
3267 988 3500 1060 signum
3533 995 3687 1044 esset
3722 1007 3735 1043 :

2086 1081 2306 1138 deinde
2336 1088 2402 1138 ut
2435 1082 2770 1138 communis
2801 1087 2970 1154 pater
3000 1082 3189 1149 ﬁeret,
3210 1087 3330 1135 tam
3371 1079 3464 1135 his
3521 1082 3620 1151 qui
3677 1082 3739 1135 in

2086 1171 2540 1227 circumcisione
2568 1178 2789 1234 essent,
2824 1187 3001 1243 quam
3038 1171 3159 1225 illis
3191 1170 3290 1241 qui
3325 1170 3386 1224 in
3425 1170 3738 1242 pra‘putio.

2090 1286 2117 1314 ιι
2154 1265 2429 1321 Omnium
2465 1263 2856 1320 credentium.
2895 1286 2922 1313 »
2953 1265 3080 1318 Non
3114 1264 3382 1317 omnium
3407 1267 3578 1334 pater
3607 1264 3745 1318 sim-

2085 1353 2345 1424 pliciter,
2373 1353 2476 1409 sed
2509 1353 2881 1409 credentium
2914 1353 2973 1407 in
3017 1352 3336 1408 Christum.
3373 1375 3397 1398 α
3435 1352 3547 1406 Per
3592 1367 3742 1422 pras-

2085 1442 2337 1514 putium.
2366 1465 2393 1493 »
2412 1447 2629 1498 Eorum
2653 1443 2752 1515 qui
2786 1459 2920 1499 cum
2950 1442 3068 1497 sint
3099 1442 3159 1496 in
3191 1441 3500 1513 praeputio,
3529 1439 3743 1496 nihilo-

2087 1531 2286 1587 minus
2314 1531 2581 1588 credunt.
2636 1551 2657 1580 ε
2696 1533 2765 1587 Ut
2820 1531 3147 1603 imputetur
3177 1536 3236 1585 et
3264 1529 3385 1584 illis
3434 1530 3738 1601 justitia.»

2086 1621 2198 1676 Per
2235 1621 2411 1677 fidem
2447 1621 2722 1677 videlicet
2754 1622 2881 1676 sine
2922 1619 3221 1692 operibus.
3279 1642 3307 1668 ‹‹
3341 1621 3408 1673 Et
3441 1625 3608 1690 pater
3635 1619 3747 1674 cir-

2086 1709 2491 1767 cumcisionis.
2525 1736 2542 1758 -
2570 1712 2696 1766 Non
2728 1717 2897 1782 pater
2917 1708 3475 1781 quomodocumque
3495 1708 3745 1764 circum-

2086 1800 2536 1872 cisorum,(nam
2560 1801 2671 1856 hoc
2697 1799 2995 1872 significat
3016 1799 3194 1855 dictio
3210 1797 3742 1867 Circumcisioniszl

316 1885 694 1961 περιτμήτων,
726 1890 838 1940 τῶν
903 1887 977 1960 μή
1043 1884 1208 1958 μόνον
1267 1880 1772 1958 περιτετμημένων,
1828 1875 1976 1934 ἀλλᾶ

2093 1889 2188 1944 sed
2224 1895 2390 1960 pater
2421 1889 2662 1946 illorum
2696 1889 3208 1952 circumcisorum,
3235 1888 3336 1958 qui
3359 1903 3478 1942 non
3513 1892 3743 1943 tantum

326 1977 420 2031 καὶ
451 1976 581 2031 κατᾶ
609 1976 676 2031 τὰ
703 1974 832 2050 ἴχνη
867 1974 1061 2043 αὐτοῦ,
1118 1975 1218 2040 τήν
1276 1971 1459 2029 πίστιν
1508 1974 1749 2046 Χριστοῦ
1805 1969 1978 2024 εἰσοι-

314 2065 644 2137 κιζομένων.
681 2067 912 2120 Ἐκεῖνοι
944 2060 1002 2118 δὲ
1027 2062 1167 2119 κατᾶ
1193 2063 1262 2117 τὰ
1292 2060 1426 2141 ἴχνη
1481 2059 1572 2116 καὶ
1618 2059 1754 2115 κατὰ
1807 2058 1983 2132 μίμη-

317 2176 404 2211 σιν
433 2159 532 2210 τοῦ
564 2150 816 2230 Ἀϐραὰμ
843 2153 1188 2210 πιστεύουσιν
1221 2152 1298 2215 εἷς
1332 2153 1584 2227 Χριστὸν,
1646 2151 1698 2204 οἱ
1756 2145 1976 2204 ἆδιστάο

319 2267 472 2308 κτως
500 2243 592 2299 καὶ
645 2244 822 2319 χωρῗς
877 2241 1216 2322 φιλονεικίας
1277 2241 1368 2295 καὶ
1423 2237 1750 2312 ἐνδοιασμοῦ
1807 2257 1979 2312 προσ-

320 2334 626 2410 ερχόμενοι
691 2337 770 2406 τῷ
827 2334 1064 2406 Χριστῷ.
1125 2356 1153 2383 ‹‹
1211 2333 1342 2393 Τοῖς
1400 2328 1499 2385 οὐκ
1554 2327 1614 2384 ἐκ
1667 2333 1976 2402 περιτομῆς

322 2425 493 2500 μόνον
553 2448 573 2473 ι
610 2424 811 2497 Ὠσπερ
843 2423 950 2500 γαρ
998 2421 1049 2476 οἱ
1076 2419 1129 2476 ἐν
1169 2414 1522 2494 ἀκροϐυστίᾳ,
1557 2417 1619 2474 οὗ
1680 2415 1770 2472 διὰ
1813 2421 1978 2472 τοῦτο

318 2514 489 2590 μόνον
552 2518 741 2588 σχοῖεν
796 2511 856 2567 ἃν
913 2512 1008 2568 τὸν
1063 2505 1320 2586 Ἀϐραὰμ
1373 2505 1596 2586 πατέρα,
1671 2505 1760 2563 διὰ
1805 2507 1868 2562 τὸ
1926 2503 1980 2561 ἐν

314 2598 661 2679 ἀκροϐυστίᾳ
703 2601 865 2658 αὑτὸν
917 2598 1346 2665 πεπιστευκέναι,
1381 2598 1430 2655 ε²’
1465 2601 1541 2671 μή
1593 2597 1681 2653 καὶ
1730 2597 1829 2667 τὴν
1885 2593 1976 2652 πίι

314 2715 435 2750 στιν
483 2696 846 2768 μιμήσαιντο·
881 2692 1056 2753 οὕτως
1111 2688 1238 2746 οὐδὲ
1282 2691 1335 2746 οἱ
1389 2690 1440 2745 ἐν
1495 2691 1770 2765 περιτομῇ
1828 2689 1974 2762 σχή-

312 2804 498 2844 σουσι.
533 2782 596 2837 οὐ
629 2779 719 2837 διὰ
765 2781 827 2836 τὸ
879 2781 1038 2855 μόνον
1095 2785 1502 2854 περιτμηθῆναι
1559 2778 1650 2832 τὸν
1703 2770 1974 2849 Ἀϐραὰμ,

312 2874 407 2930 ἐὰν
445 2873 525 2946 μή
557 2871 649 2927 καὶ
674 2872 774 2940 τὴν
804 2869 986 2926 πίστιν
1023 2869 1188 2926 αὐτοῦ
1223 2871 1592 2942 μιμησωνται.
1653 2865 1831 2936 Δῆλον
1882 2863 1975 2920 οὖν

312 2963 391 3023 ὼς
447 2961 540 3016 καὶ
611 2960 958 3016 ἐκπεσοῦνται
1013 2965 1112 3027 τῆς
1167 2959 1303 3033 πρὸς
1361 2951 1616 3029 Ἀϐραὰμ
1669 2953 1973 3032 συγγενείας

362 3053 382 3090 ς
416 3053 430 3072 Ὦ
595 3056 619 3067 ο
733 3048 777 3068 ’⁸
924 3050 938 3070 \
1175 3048 1190 3069 Ι
1477 3046 1492 3068 ἳ
1633 3045 1646 3062 λ
1783 3045 1797 3063 ‘
1923 3048 1946 3060 ν

325 3073 388 3106 o.
439 3048 693 3118 ιουδαιοι,
727 3071 816 3104 εαν
871 3071 946 3122 μη
1005 3069 1356 3105 πιστευσωσι.
1417 3071 1444 3098 ‹‹
1495 3043 1656 3103 Αλλα
1709 3065 1800 3100 και
1857 3064 1973 3106 τοις

334 3144 635 3214 στοιχοῦσι,
665 3165 690 3190 ››
729 3141 863 3201 Τοῖς
895 3138 1261 3212 πειθομένοις,
1291 3134 1769 3209 τοῖςέμμένουσιν.
1791 3159 1819 3184 α
1841 3134 1974 3192 Τοῖς

317 3228 506 3304 ’ἴχνεσι
552 3235 651 3298 τῆς
709 3227 1027 3288 πίστεως.»
1091 3228 1175 3299 Τῇ
1240 3226 1492 3298 μιμήσει,
1549 3225 1618 3293 τῇ
1683 3219 1970 3293 ὁμοιώσει,

2090 1978 2390 2034 cirumcisi
2424 1984 2586 2044 sunt,
2621 1994 2821 2033 verum
2863 1979 3041 2033 etiam
3066 1978 3239 2049 juxta
3282 1976 3448 2032 illius
3501 1976 3746 2048 vestigia

2091 2067 2153 2122 in
2184 2066 2302 2122 fide
2334 2067 2551 2123 Christi
2573 2072 2818 2122 manent
2857 2083 2868 2120 :
2902 2066 2990 2121 illi
3023 2071 3221 2122 autem
3272 2066 3447 2138 juxta
3502 2064 3746 2137 vestigia

2090 2171 2158 2212 ac
2187 2155 2582 2212 imitationem
2614 2155 2862 2211 Abrahae
2894 2154 3147 2211 credunt
3202 2156 3262 2210 in
3295 2155 3615 2222 Christum,
3639 2154 3741 2225 qui

2089 2247 2313 2320 absque
2342 2248 2468 2305 ulla
2510 2248 2883 2304 vacillatione
2934 2253 2993 2303 et
3043 2247 3424 2302 contentione
3482 2247 3542 2300 in
3573 2245 3741 2300 nullo

2089 2337 2436 2394 haesitantes
2467 2338 2762 2394 accedunt
2799 2337 2872 2392 ad
2905 2337 3224 2392 Christum.
3282 2359 3308 2387 α
3347 2337 3446 2390 His
3478 2335 3579 2407 qui
3622 2350 3741 2390 non

2089 2426 2283 2483 solum
2317 2443 2386 2482 ex
2417 2426 2870 2482 circumcisione
2901 2431 3061 2482 sunt.
3099 2449 3124 2474 υ
3158 2425 3322 2480 Sicut
3352 2425 3510 2479 enim
3535 2409 3634 2495 qui
3679 2424 3743 2479 in

2086 2517 2378 2589 praeputio
2410 2523 2568 2573 sunt.
2602 2532 2725 2570 non
2757 2531 2826 2571 ex
2860 2516 2970 2570 hoc
3017 2514 3208 2572 solum
3259 2519 3510 2586 possunt
3562 2511 3744 2568 Abra-

2088 2608 2224 2663 ham
2244 2607 2465 2664 habere
2489 2613 2738 2679 patrem.
2775 2606 2932 2679 quod
2965 2607 3065 2661 ille
3097 2607 3158 2661 in
3198 2606 3488 2678 praaputio
3547 2603 3741 2660 credi-

2088 2699 2292 2757 disset.
2317 2700 2432 2754 nisi
2457 2700 2632 2755 etiam
2659 2698 2841 2754 fidem
2865 2698 3202 2763 imitentur;
3237 2698 3318 2752 ita
3342 2712 3538 2767 neque
3557 2696 3616 2750 hi
3641 2696 3742 2768 qui

2087 2791 2148 2847 in
2169 2791 2623 2848 circumcisione
2643 2791 2881 2853 fuerint,
2908 2795 3136 2862 patrem
3157 2789 3327 2846 illum
3348 2788 3651 2844 habebunt
3669 2787 3742 2843 ob

2085 2882 2199 2938 hoc
2221 2883 2412 2939 solum
2442 2883 2598 2954 quod
2631 2882 3018 2938 circumcisus
3049 2882 3125 2936 sit
3158 2879 3471 2944 Abraham,
3520 2879 3636 2934 nisi
3671 2879 3742 2934 fi-

2086 2971 2218 3027 dem
2255 2988 2489 3043 quoque
2521 2971 3030 3027 illiusimitentur.
3063 2969 3436 3025 Manifestum
3460 2985 3598 3042 ergo
3625 2973 3734 3036 est,

2087 3059 2245 3130 quod
2267 3061 2445 3115 etiam
2464 3077 2498 3115 a
2515 3060 2865 3132 cognatione
2885 3059 3132 3113 Abrahaa
3157 3057 3623 3113 excidentJudaei
3647 3058 3737 3110 ni-

2088 3149 2136 3202 si
2167 3148 2550 3204 crediderint.
2587 3170 2614 3198 «
2639 3147 2750 3203 Sed
2784 3149 2961 3203 etiam
2985 3147 3060 3201 iis
3092 3147 3192 3218 qui
3216 3146 3518 3202 incedunt.
3551 3167 3578 3193 ››
3612 3145 3731 3200 Hoc

2091 3243 2179 3292 est
2203 3236 2638 3302 obedientibus,
2673 3235 3208 3309 perseverantibus.
3237 3257 3260 3287 α
3288 3237 3399 3291 Per
3416 3235 3661 3306 vestigia
3681 3233 3744 3289 ﬂ-

346 3287 389 3304 ν.
608 3287 648 3298 --
932 3287 939 3288 κ
1153 3287 1175 3299 .-
1240 3287 1250 3298 .
1308 3287 1318 3298 .
1373 3287 1382 3293 .
1482 3287 1488 3291 .
1596 3287 1603 3293 .
1722 3287 1730 3293 .

308 3318 476 3393 Ἴχνη
511 3316 750 3391 λέγεται,
791 3316 856 3371 τὰ
911 3319 1018 3371 τῶν
1078 3312 1522 3391 προοδευσάντων
1574 3304 1830 3383 σύμϐολα
1886 3299 1975 3362 καἱ

2093 3325 2206 3381 dei.
2248 3349 2266 3373 ο
2303 3327 2348 3380 ll
2381 3331 2487 3392 est,
2514 3287 2935 3389 imiiartionem,
2972 3324 3448 3380 similitudinem.
3482 3287 3740 3396 Veztigia

308 3413 521 3480 σημεῖα
551 3410 661 3462 τῶν
690 3402 895 3464 ποδῶν.
943 3403 1094 3460 Ἐπεὶ
1154 3403 1244 3458 οὖν
1301 3403 1452 3457 οὗτοι
1516 3398 1973 3475 μεταγενέστεροι,

310 3497 536 3558 οἰκείως
595 3496 686 3550 καὶ
767 3491 1048 3568 ἁρμοδίως
1108 3493 1263 3571 φησὶ,
1347 3497 1464 3553 τοῖς
1531 3489 1826 3564 ἐμμένουσι
1883 3487 1973 3543 καὶ

310 3585 759 3643 ἐπακολουθοῦσι
790 3589 906 3647 τοῖς
936 3583 1172 3659 ἲχνεσιν,
1210 3583 1335 3652 ἤτοι
1395 3584 1788 3656 πορευομένοις
1838 3578 1977 3633 κατὰ

312 3677 389 3731 ei
417 3675 626 3731 ἑκείνου
652 3673 936 3752 ἴγνη,γαὶ
987 3675 1085 3741 τήν
1143 3673 1351 3728 ἐκείνου
1411 3668 1558 3736 ὁδὸν,
1617 3671 1739 3740 ἣτις
1798 3667 1975 3747 χωρῖς

322 3771 640 3839 περιτομῆς
668 3765 934 3840 ὑπῆρχεν.
992 3768 1158 3830 «Τῆς
1213 3761 1265 3816 ἐν
1325 3754 1676 3834 ἀκροϐυστίᾳ.
1715 3781 1741 3809 n
1802 3756 1975 3813 Πέλιν

331 3853 783 3926 ὑπομνησκειὸτι
840 3852 895 3908 ἐν
951 3846 1283 3928 ὰκροϐυστίᾳ
1341 3847 1638 3920 ἐπίστευσε,
1679 3847 1770 3901 καὶ
1823 3847 1974 3902 ὓστερ

323 3964 428 4020 ρον
457 3945 720 4019 περιετμή
730 3963 821 4012 υη.

396 4122 476 4180 Οὖ
506 4122 613 4198 γὰρ
645 4120 736 4177 διὰ
793 4123 968 4193 νόμου
1019 4124 1054 4190 ἡ
1115 4116 1414 4194 ἐπαγγελία
1472 4122 1552 4189 τῷ
1609 4110 1886 4191 Ἀϐραὰμ,
1939 4114 1974 4184 ἢ

321 4217 410 4283 τῷ
469 4212 747 4289 σπέρματι
804 4212 991 4277 αὐτοῦ,
1075 4210 1138 4265 τὸ
1193 4207 1548 4284 κληρονόμον
1615 4205 1778 4262 αὐτὸν
1837 4205 1978 4259 εἶναι

313 4306 420 4358 τοῦ
476 4303 716 4374 κόσμου,
775 4299 920 4358 ἀλλὰ
977 4299 1066 4354 διὰ
1146 4297 1494 4367 δικαιοσύνης
1574 4295 1830 4357 πίστεως.
1916 4294 1976 4351 Εἰ

308 4393 422 4468 γὰρ
479 4393 536 4446 οἱ
589 4390 651 4446 ἐκ
707 4390 905 4464 νόμου,
988 4389 1354 4462 κληρονόμοι,
1441 4387 1731 4442 κεκένωται
1792 4387 1826 4454 ἡ
1885 4383 1980 4440 πί-

315 4502 463 4552 στις,
525 4481 617 4536 καὶ
673 4483 1015 4556 κατήργηται
1069 4482 1107 4550 ἡ
1165 4475 1478 4553 ἐπαγγελία.
1565 4477 1626 4533 Ὁ
1709 4477 1815 4550 γὰρ
1892 4474 1979 4529 νό-

323 4593 436 4646 μος
486 4571 661 4648 ὀργὴν
721 4570 1122 4646 κατεργάζεται⁹
1181 4567 1244 4623 οὗ
1303 4569 1408 4645 γάρ
1465 4565 1565 4622 οὐκ
1618 4560 1732 4620 ἔστι
1787 4560 1979 4636 νὸμος,

323 4660 463 4718 οὐδὲ
493 4655 820 4736 παράϐασις.

401 4749 719 4822 Θαυμάσιον
747 4749 777 4805 ὅ
805 4746 971 4825 λέγει.
1003 4749 1213 4816 Οὒτως,
1241 4746 1429 4824 φησὶν,
1451 4747 1488 4815 ἡ
1509 4744 1784 4820 περιτομὴ
1804 4743 1980 4820 χωρὶς

318 4839 573 4902 πίστεως
631 4840 734 4894 οὐκ
787 4839 969 4919 ίσχὺει
1023 4835 1298 4905 δικαιῶσι,
1337 4833 1463 4892 οὐδὲ
1519 4837 1844 4911 προπάτορσί
1898 4857 1984 4892 σοι

316 4935 500 4996 ποιεῖ,
534 4930 580 4984 ὦ
623 4927 868 4999 ἰουδαῖε,
924 4929 1018 4984 τὸν
1071 4921 1349 5000 Ἀϐρααμ,
1409 4923 1549 4982 ὥστε
1602 4923 1729 4981 οὐδε
1759 4927 1788 4981 ὁ
1817 4925 1988 5000 νόμος

321 5021 488 5101 l9’q’;
553 5021 696 5094 μέγα
749 5025 988 5100 φρονεῖς,
1047 5015 1359 5075 συνετέλεσέ
1385 5036 1438 5071 τι
1473 5017 1552 5076 εἰς
1606 5016 1705 5078 τὰς
1755 5017 1984 5092 ἐπαγγε-

326 5109 457 5174 λίας
497 5114 579 5184 τῷ
641 5104 910 5185 Ἀϐραὰμ,
969 5107 1116 5165 ἀλλᾶ
1178 5108 1316 5182 μόνη
1376 5109 1411 5176 ἡ
1471 5106 1665 5171 πίστις.
1727 5103 1992 5183 Ἀκροϐύ-

333 5221 446 5274 στῳ
475 5202 577 5277 γὰρ
611 5199 690 5256 ἔτι
745 5199 884 5268 ὄντι,
942 5201 1030 5255 καὶ
1091 5201 1199 5274 πρὸ
1253 5203 1350 5254 τοῦ
1405 5198 1579 5272 νόμου
1636 5195 1894 5269 ἐδόθησαν
1936 5199 1990 5253 αὶ

327 5291 653 5369 ἐπαγγελίαι
687 5292 1058 5348 πιστεύσαντι.
1114 5289 1178 5347 Εἰ
1237 5288 1330 5344 οὖν
1387 5288 1550 5352 αὐτὸς
1601 5289 1630 5343 ὁ
1689 5288 1860 5361 νόμος
1917 5288 1993 5352 εἷς

323 5385 427 5446 τὰς
485 5379 820 5458 ἐπαγγελίας
881 5377 1034 5436 οὐδὲν
1120 5380 1479 5446 συνετέλεσεν,
1541 5377 1725 5451 σχολῇ
1776 5382 1902 5450 γοῦν
1955 5381 1989 5448 ἡ

319 5475 607 5548 περιτομὴ
671 5474 810 5547 πρὸς
865 5468 1215 5540 δικαιοσύνην
1277 5466 1566 5542 ἐξαρκέσει.
1599 5471 1990 5526 —I‘ENNAA.

327 5587 358 5616 α
393 5565 467 5622 Ἰό
496 5563 860 5637 κληρονόμον
894 5560 1058 5616 αὐτὸν
1092 5559 1231 5614 εἶναι
1285 5563 1381 5614 τοῦ
1423 5558 1655 5630 κόσμου,
1694 5583 1720 5609 η
1769 5559 1993 5637 Κληρο.

323 5654 537 5729 νόμους
567 5659 670 5711 τοῦ
702 5653 922 5727 κόσμου
951 5651 1080 5711 τοὺς
1112 5647 1352 5712 δικαίους
1411 5645 1619 5702 ἔσεσθαί
1675 5669 1861 5726 φησιν,
1911 5650 1995 5707 ὅτι

321 5748 426 5802 τῶν
458 5739 678 5804 ἄσεϐῶν
711 5741 773 5799 εκ
817 5741 990 5816 μέσου
1043 5739 1373 5814 γενομένων,
1429 5737 1521 5792 καὶ
1577 5734 1995 5813 παραδοθέντων

2083 3412 2364 3470 dicuntur
2395 3413 2893 3484 eorumquiprius
2913 3413 3026 3468 iter
3074 3411 3344 3467 fecerunt
3391 3409 3614 3465 indicia
3670 3425 3738 3464 ac

2082 3502 2250 3575 signa
2275 3502 2516 3574 pedum.
2551 3502 2698 3567 Quia
2728 3518 2863 3574 ergo
2906 3501 2965 3556 hi
3000 3502 3218 3573 posteri
3283 3506 3440 3564 sunt,
3501 3499 3738 3572 proprie

2083 3609 2150 3648 ac
2182 3598 2338 3664 apte.
2373 3592 2486 3659 his,
2516 3592 2731 3663 inquit,
2764 3592 2864 3662 qui
2899 3591 3230 3646 immanent
3262 3589 3524 3662 vestigiis
3555 3604 3743 3661 eaque

2083 3681 2504 3751 insequuntur,
2530 3681 2648 3735 sive
2671 3680 3162 3751 ambulantjuxta
3194 3679 3358 3736 illius
3379 3678 3648 3751 vestigia,
3676 3694 3744 3733 ac

2080 3770 2236 3825 viam
2262 3770 2447 3841 ipsius
2481 3786 2610 3840 quas
2645 3769 2772 3824 sine
2821 3769 3276 3824 circumcisione
3335 3773 3481 3824 erat.
3537 3790 3563 3817 «
3598 3767 3738 3832 Quae

2079 3859 2192 3916 fuit
2232 3859 2292 3913 in
2351 3858 2659 3930 praeputio.
2700 3880 2725 3905 »
2786 3859 3042 3914 Rursum
3109 3855 3415 3912 memorias
3477 3855 3740 3928 suggerit

2083 3947 2240 4021 quod
2290 3949 2352 4003 in
2383 3947 2672 4019 praeputio
2718 3945 3055 4012 crediderit,
3092 3951 3148 4000 et
3179 3944 3559 4018 postmodum
3614 3945 3734 4000 cir-

2082 4039 2381 4096 cumcisus
2414 4039 2510 4093 sit.

2153 4131 2246 4190 IV,
2279 4130 2366 4193 23,
2401 4131 2490 4182 24.
2529 4130 2644 4182 Νοη
2676 4129 2820 4182 enim
2845 4144 2947 4198 per
2977 4128 3150 4197 legem
3197 4129 3350 4196 facta
3403 4132 3480 4180 est
3506 4127 3738 4196 promis-

2081 4220 2160 4274 sio
2191 4217 2451 4282 Abrahz,
2480 4223 2578 4271 aut
2606 4218 2800 4271 semini
2829 4218 2964 4287 ejus,
2998 4215 3179 4286 ipsum
3224 4214 3488 4269 heredem
3540 4214 3743 4269 mundi

2081 4309 2226 4375 fore,
2258 4307 2352 4361 sed
2373 4323 2477 4376 per
2508 4305 2792 4377 justitiam
2838 4304 2985 4374 ﬁdei.
3020 4305 3080 4360 Si
3111 4306 3252 4360 enim
3285 4305 3328 4357 ii
3357 4306 3456 4374 qui
3513 4320 3582 4358 ea:
3629 4304 3743 4372 lege

2081 4405 2230 4463 sunt,
2263 4397 2507 4453 hmredes
2534 4403 2680 4461 sunt,
2712 4396 2900 4452 inanis
2927 4399 3080 4466 facta
3100 4402 3179 4451 est
3209 4395 3362 4465 ﬁdes,
3389 4397 3559 4449 irrita
3586 4396 3740 4463 facta

2084 4495 2162 4544 est
2184 4488 2502 4559 promissio.
2535 4489 2672 4543 Nam
2703 4487 2794 4543 lea:
2823 4489 2965 4541 iram
2985 4493 3265 4557 operatur.
3323 4486 3476 4542 25‘!
3525 4485 3585 4542 Si
3616 4486 3744 4556 qui-

2087 4579 2208 4633 dem
2230 4577 2326 4631 ubi
2352 4592 2462 4631 non
2491 4583 2569 4632 est
2603 4577 2712 4645 (ex,
2741 4576 2819 4630 ibi.
2851 4591 2950 4632 nec
2978 4577 3335 4645 transgressio
3364 4581 3460 4630 est.

2162 4753 2593 4810 Admirandum
2625 4759 2714 4809 est
2741 4753 2899 4824 quod
2933 4751 3096 4809 dicit.
3146 4752 3329 4818 Adeo,
3381 4751 3595 4824 inquit,
3628 4751 3749 4807 cir-

2095 4843 2381 4900 cumcisio
2414 4843 2546 4898 sine
2575 4842 2691 4898 fide
2713 4842 3045 4913 justiﬁcare
3068 4841 3296 4912 nequit,
3326 4856 3520 4912 neque
3546 4855 3751 4913 proge-

2097 4935 2351 4990 nitorem
2373 4933 2480 4988 tibi
2505 4933 2644 4988 facit
2669 4931 2988 4990 Abraham.
3015 4949 3046 4987 o
3067 4931 3288 4998 Iudaee,
3321 4937 3386 4987 ut
3419 4948 3530 4988 nec
3562 4932 3656 4986 lex
3689 4930 3752 4984 in

2100 5040 2216 5098 qua
2246 5023 2549 5079 extolleris
2580 5022 2904 5094 quidquam
2943 5021 3192 5076 Abrahae
3227 5022 3297 5076 ad
3328 5022 3754 5094 promissiones

2099 5113 2442 5176 contulerit,
2475 5112 2578 5167 sed
2605 5111 2732 5167 sola
2766 5111 2931 5165 ﬁdes.
2967 5112 3109 5166 Nam
3137 5127 3270 5168 cum
3304 5111 3496 5167 adhuc
3517 5127 3756 5183 praepu-

2099 5203 2280 5260 tiatus
2312 5208 2552 5267 esset,et
2574 5207 2710 5256 ante
2735 5201 2923 5272 legem
2946 5200 3210 5255 credenti
3248 5201 3398 5256 datze
3446 5207 3587 5257 sunt
3616 5217 3759 5272 pro-

2101 5295 2441 5351 missiones.
2479 5292 2533 5346 Si
2566 5307 2704 5361 ergo
2734 5290 2823 5345 lex
2853 5290 2981 5360 ipsa
3011 5290 3159 5344 nihil
3192 5289 3265 5345 ad
3323 5291 3757 5361 promissiones

2103 5384 2376 5442 contulit.
2412 5382 2584 5451 longe
2618 5396 2754 5452 ergo
2789 5380 2987 5434 minus
3036 5380 3410 5435 circumcisio
3469 5381 3542 5436 ad
3568 5381 3758 5451 justi-

2104 5476 2245 5531 tiam
2273 5472 2548 5528 sut‘ficiet.
2585 5495 2610 5519 ‹‹
2649 5469 2953 5524 Hmredem
2991 5470 3196 5525 mundi
3230 5470 3374 5524 fore.
3410 5494 3436 5520 ››
3486 5469 3760 5524 ΗευΓθάεε

2106 5563 2312 5620 mundi
2347 5562 2470 5616 fore
2504 5561 2586 5615 ait
2608 5559 2993 5630 justos:quia
3023 5559 3222 5631 impiis
3239 5559 3312 5613 de
3338 5558 3531 5614 medio
3566 5557 3764 5612 subla-

2104 5654 2203 5721 tis,
2237 5669 2304 5710 ac
2336 5652 2398 5706 in
2429 5651 2523 5707 die
2549 5648 2760 5722 judicii
2794 5648 3084 5721 supplicio
3118 5649 3376 5714 traditis,
3414 5647 3761 5702 universum

2106 5743 2390 5815 deinceps
2412 5737 2704 5798 mundum
2731 5736 3038 5796 habebunt
3084 5736 3234 5808 justi
3285 5735 3631 5793 innovatum
3664 5747 3768 5790 eo-
