4114 6394
408 387 486 447 39
1516 378 1932 444 (EQUMENH
1976 377 2288 443 TRICCE
2328 383 2708 451 EPISCOPI.

3728 392 3853 456 400

402 536 657 593 rumque
710 524 889 575 erunt
917 518 1182 575 coelestia
1223 517 1661 589 terrestriaque-
1678 516 1855 572 bona.
1888 536 1917 565 «
1951 514 2064 571 Sed

2178 516 2401 576 κολάσει
2450 520 2505 577 ἐν
2562 526 2631 597 τῇ
2690 529 2794 592 τῆς
2848 522 3081 600 κρίσεως
3146 523 3355 599 ἠμὲρᾳ,
3410 523 3515 581 τὸν
3567 524 3852 599 σύμπαντα

405 608 810 683 perjustitiam
839 608 1002 665 fidei.
1030 608 1084 663 Si
1103 608 1264 665 enim
1289 609 1328 663 ii
1352 608 1454 680 qui
1481 625 1547 663 ex
1574 608 1701 680 lege
1719 611 1880 673 sunt,
1902 627 1927 654 ››
1950 611 2061 661 etc.

406 703 550 757 Nam
566 700 664 771 qui
681 700 792 773 legi
817 701 1300 771 hairettanquam
1320 700 1541 755 salvum
1557 697 1798 754 facienti
1814 696 2067 752 salutem

411 798 540 859 quae
560 805 665 861 per
683 789 859 845 fidem
877 795 965 845 est
987 789 1251 862 negligit.
1285 812 1311 838 ‹‹
1336 787 1610 843 Hmredes
1634 810 1659 836 ››
1684 792 1901 847 autem,
1926 792 2070 858 puta

409 878 576 952 regni
601 879 904 935 cmlorum.
930 879 1059 935 Alio
1089 880 1267 934 modo.
1292 879 1435 933 Cum
1456 877 1620 950 prius
1641 877 1889 931 dixisset
1910 873 2068 946 quod

412 969 714 1025 Abraham
738 970 878 1025 dum
895 970 1284 1041 prmputialus
1306 974 1463 1024 esset
1485 967 1758 1034 credidit,
1775 964 2069 1037 acjustiﬁ-

412 1064 581 1114 catus
595 1064 775 1127 est,ut
790 1058 1053 1114 fidelium
1070 1067 1238 1130 pater
1250 1057 1571 1113 haberetur
1585 1057 1686 1129 qui
1703 1057 1763 1111 in
1777 1054 2066 1128 praeputio

413 1155 615 1205 essent
638 1165 651 1203 :
676 1148 827 1204 etob
851 1149 911 1204 id
934 1153 1140 1220 postea
1180 1147 1568 1203 circumcisus
1605 1151 1716 1210 est,
1764 1150 1832 1200 ut
1861 1159 2065 1200 eorum

411 1238 588 1294 etiam
607 1243 774 1310 pater
793 1236 1298 1309 reputaretur,qui
1316 1237 1376 1291 in
1394 1234 1847 1291 circumcisione
1866 1231 2066 1288 crede-

407 1333 568 1383 rent:
595 1344 848 1399 cumque
873 1328 1049 1383 etiam
1068 1325 1413 1382 adduxisset
1432 1342 1499 1381 ac
1522 1323 1886 1380 ostendisset
1906 1319 2064 1393 quod

405 1416 592 1490 magis
642 1422 951 1489 reputetur
1006 1421 1175 1489 pater
1233 1431 1465 1485 eorum,
1508 1413 1607 1485 qui
1668 1413 1727 1468 in
1772 1413 2063 1485 praeputio

402 1506 807 1575 crediderunt,
860 1523 929 1562 eo
972 1504 1132 1577 quod
1187 1510 1244 1561 et
1276 1510 1413 1560 ante
1446 1502 1963 1560 circumcisionem
2009 1514 2069 1557 et

404 1596 743 1671 antelegem
760 1597 951 1669 ipsam
967 1612 1098 1668 quae
1115 1594 1628 1652 circumcisionem
1652 1610 1888 1665 quoque
1911 1609 2067 1649 com-

409 1687 713 1759 plectitur,
740 1688 865 1759 ipse
889 1692 945 1742 et
975 1684 1233 1742 credidit
1280 1690 1337 1740 et
1377 1683 1526 1740 ﬁdes
1561 1683 1690 1755 ejus
1726 1687 2063 1755 computata

415 1785 506 1834 est
535 1778 943 1849 adjustitiam,
985 1777 1134 1841 haec,
1194 1776 1461 1847 inquam,
1523 1790 1658 1830 cum
1706 1772 1973 1837 dixisset,
2009 1776 2067 1827 et

416 1867 491 1923 ob
523 1868 726 1923 oculos
756 1865 1105 1938 possuisset,
1130 1880 1293 1919 nunc
1325 1863 1440 1918 alio
1473 1877 1708 1933 quoque
1740 1860 1917 1916 modo
1950 1860 2063 1916 idi-

412 1975 585 2031 psum
614 1957 877 2013 ostendit
906 1973 972 2012 ac
997 1954 1139 2010 dicit
1165 1971 1178 2009 :
1206 1954 1583 2025 Supponatur
1612 1970 1733 2008 non
1765 1953 1847 2008 ita
1869 1969 1931 2009 se
1963 1953 2070 2008 ba-

411 2049 574 2115 bere,
608 2052 673 2102 ut
702 2046 981 2111 diximus,
1016 2044 1118 2099 sed
1153 2043 1311 2098 solos
1343 2059 1444 2098 eos
1497 2043 1598 2113 qui
1633 2059 1702 2097 ex
1735 2042 1863 2115 lege
1908 2048 2067 2110 sunt,

409 2136 679 2193 hazredes
702 2152 831 2191 esse
858 2132 1346 2207 promissionum,
1386 2149 1517 2203 quae
1540 2130 1615 2187 ad
1638 2130 1935 2187 Abraham
1961 2132 2074 2187 fac-

410 2232 482 2282 ta:
507 2233 647 2281 sunt
676 2243 687 2281 :
724 2224 925 2295 itaque
950 2240 1097 2279 vana
1118 2222 1258 2277 fuit
1286 2222 1432 2277 fides
1476 2222 1588 2293 ipsi
1641 2221 1914 2289 Abrahaa,
1946 2221 2073 2292 ipse

410 2317 573 2372 enim
608 2321 666 2370 et
695 2320 833 2371 ante
867 2313 1081 2386 legem,
1115 2318 1173 2367 et
1204 2312 1332 2367 sine
1379 2311 1506 2383 lege
1566 2310 1838 2367 credidit.
1873 2311 2074 2367 Inanis

412 2404 613 2474 itaque
636 2402 793 2457 facta
824 2406 914 2455 est
951 2400 1121 2467 ﬁdes,
1154 2399 1267 2454 hoc
1298 2404 1411 2467 est,
1470 2398 1624 2453 nihil
1682 2405 1790 2469 est,
1826 2416 1893 2455 ac
1952 2405 2075 2455 tota

414 2494 544 2565 ejus
575 2491 660 2547 vis
691 2491 1007 2547 obscurata
1028 2494 1157 2544 est:
1193 2487 1297 2544 sed
1343 2494 1401 2543 et
1430 2487 1862 2559 promissiones
1888 2488 2071 2543 irritae

408 2582 578 2638 factm
606 2587 767 2647 sunt,
800 2586 1087 2651 tanquam
1118 2577 1363 2632 inutiles
1394 2594 1462 2633 ac
1493 2577 1877 2649 imperfecta}.
1925 2579 2070 2633 Nam

413 2671 463 2728 si
496 2671 643 2727 ﬁdes
673 2675 915 2744 propter
945 2684 1123 2740 quam
1156 2672 1281 2723 erat
1312 2666 1651 2738 promissio,
1686 2666 1886 2722 inanis
1916 2666 2073 2723 facta

418 2767 509 2817 est
567 2760 744 2816 etiam
803 2756 1256 2830 promissiones,
1317 2772 1449 2827 qua:
1498 2755 1773 2811 videlicet
1828 2762 2072 2827 propter

414 2850 595 2907 fidem
627 2848 796 2904 factae
827 2852 1017 2912 erant,
1050 2862 1171 2900 una
1211 2844 1590 2901 defluxerunt
1619 2850 1678 2899 et
1707 2861 1869 2900 vana)
1901 2845 2069 2900 facta:

414 2945 572 2997 sunt.
595 2937 745 3005 Quid
769 2953 905 3008 ergo
938 2934 1473 3006 haereditariojure
1498 2932 1802 2989 habebunt
1833 2935 1932 3005 qui
1966 2951 2073 3006 per

408 3030 601 3103 legem
632 3026 944 3091 accedunt,
980 3026 1029 3081 si
1065 3024 1180 3081 fide
1214 3024 1376 3079 inani
1411 3023 1664 3094 reddita,
1699 3024 1878 3079 simul
1933 3041 2069 3079 cum

409 3120 526 3176 fide
560 3117 751 3175 effluit
778 3114 1095 3190 promissio
1121 3113 1148 3168 ?
1183 3115 1355 3170 Vides
1389 3111 1548 3185 quod
1580 3129 1647 3169 eo
1692 3113 1821 3186 ipso
1855 3131 1971 3186 quo
2007 3130 2069 3170 se

384 3209 738 3279 .dicuntper
764 3206 954 3280 legem
986 3204 1255 3260 hairedes
1290 3204 1465 3271 effici,
1498 3219 1606 3275 per
1633 3204 1745 3260 hoc
1800 3204 2062 3260 ostendi-

406 3307 507 3355 tur
535 3297 695 3370 quod
727 3296 894 3352 nullo
917 3293 1095 3351 modo
1131 3293 1401 3350 hmredes
1434 3294 1580 3350 fiant
1608 3293 1636 3348 ?

444 3390 596 3446 253
628 3389 708 3441 Ita
725 3401 860 3458 ergo
885 3383 1109 3455 duplici
1134 3381 1307 3437 modo
1343 3382 1615 3453 probavit
1639 3382 2071 3440 beatitudinem

409 3479 483 3536 ad
502 3475 859 3551 praeputium
880 3473 1070 3545 magis
1095 3472 1284 3543 aptari
1311 3488 1416 3544 per
1439 3471 1835 3543 ﬁdem,quam
1861 3472 1934 3528 ad
1958 3474 2071 3528 cir-

413 3565 843 3625 cumcisionem
869 3580 881 3619 :
908 3562 1098 3634 primo
1123 3560 1297 3616 modo
1317 3567 1475 3615 recte
1504 3561 1899 3633 procedendo,
1925 3570 1982 3617 et
2005 3579 2073 3619 ex

420 3657 514 3713 his
546 3671 678 3727 quas
708 3670 879 3710 cerea
912 3651 1209 3707 Abraham
1239 3657 1371 3705 acta
1403 3655 1559 3705 sunt.
1583 3650 1852 3707 Secundo
1872 3658 2071 3708 autem

417 3763 549 3803 cum
576 3745 696 3801 illis
727 3739 1315 3812 consentiens.idque
1339 3739 1496 3811 quod
1519 3739 1592 3795 ab
1615 3740 1967 3796 adversariis
1983 3742 2075 3798 di-

415 3836 660 3893 cebatur
686 3848 1175 3906 prmsupponens,
1200 3846 1270 3885 ac
1302 3829 1624 3885 ostendens
1656 3830 1797 3901 quid
1829 3831 2070 3887 absurdi

418 3932 704 3997 sequatur
733 3923 807 3980 ad
841 3921 1314 3993 suppositionem
1347 3919 1605 3975 illorum.
1641 3920 1820 3975 Ponit
1871 3927 2071 3976 autem

415 4023 472 4071 et
505 4015 741 4072 tertiam
775 4012 1186 4085 probationem
1220 4026 1290 4064 ex
1339 4008 1469 4079 ipsa
1498 4007 1627 4080 lege
1661 4016 1980 4080 sumptam,
2014 4016 2071 4065 et

410 4108 493 4163 ait
520 4124 532 4162 :
571 4106 684 4161 Lex
723 4120 841 4174 qua
861 4100 1159 4156 fulcimini
1190 4116 1312 4154 non
1338 4098 1647 4153 observata
1678 4098 1827 4153 iram
1860 4116 2068 4170 opera-

410 4201 542 4251 tur:
582 4193 777 4248 ethoc
818 4190 974 4246 dicto
1034 4189 1093 4243 id
1154 4187 1311 4258 quod
1363 4192 1490 4241 erat
1520 4203 1896 4258 consequens
1930 4195 2067 4244 tan-

408 4301 587 4357 quam
618 4280 1000 4337 manifestum
1034 4276 1314 4347 reliquit:
1352 4276 1407 4331 Si
1439 4275 1533 4330 lex
1579 4292 1700 4330 non
1760 4275 2071 4333 observata

406 4376 555 4430 iram
587 4377 887 4444 operatur,
924 4385 1022 4424 vos
1054 4373 1251 4423 autem
1306 4365 1669 4436 praivaricati
1704 4367 1866 4429 estis,
1904 4373 1961 4421 et
1988 4368 2069 4423 ita

406 4468 528 4520 non
562 4461 755 4516 solum
783 4456 1247 4532 promissionum
1274 4454 1551 4526 indignos
1578 4472 1677 4509 vos
1701 4454 2062 4525 reddidistis,

407 4554 510 4612 sed
542 4559 599 4608 et
630 4548 963 4625 puniemini
991 4564 1002 4602 :
1030 4546 1088 4603 id
1116 4546 1273 4601 enim
1296 4560 1531 4616 semper
1556 4546 2063 4602 comminatur-lex

2179 605 2376 665 λοιπὸν
2407 612 2616 685 κόσμον
2653 611 2865 684 ἕξουσιν
2901 616 2954 669 οἱ
3007 612 3212 671 δίκαιοι
3270 612 3710 680 ἀνακαινισοὲντα
3758 616 3846 673 καὶ

2180 698 2354 755 αὐτων
2383 699 2530 758 ἔσται
2561 703 2626 758 τὰ
2654 702 2877 779 οὐράνια
2927 705 3096 780 ἀγαθᾶ
3142 705 3233 760 καὶ
3281 704 3347 760 τά
3397 703 3628 781 ἐπίγεια.
3664 730 3691 758 (ι
3726 709 3843 777 Τῆς

2178 789 2432 859 πίστεως,
2468 794 2658 871 φησίν.
2705 794 2893 869 Είγάρ
2930 796 2981 849 οἱ
3011 794 3070 851 ἐκ
3110 796 3305 868 νόμου.
3343 819 3370 845 ιν
3428 794 3517 850 καὶ
3574 796 3643 850 τά
3698 796 3841 868 ἑξῆς

2176 879 2238 937 Ὁ
2264 882 2366 954 γὰρ
2402 880 2676 961 ἐχόμενος
2716 888 2814 939 τοῦ
2871 885 3044 957 νόμου
3099 886 3173 949 ὡς
3232 886 3528 954 σώζοντος,
3588 886 3843 958 ἀτιμάζει

2176 970 2275 1037 τήν
2305 968 2394 1025 διὰ
2426 971 2662 1032 πίστεως
2693 977 2990 1047 σωτηρίαν.
3016 996 3047 1029 ιι
3071 974 3429 1050 Κληρονὸμοι
3463 1000 3481 1025 ι
3514 972 3846 1044 δὲρῖενμτῆς

2176 1063 2285 1114 τῶν
2319 1058 2562 1135 οὐρανῶν
2600 1061 2904 1136 βασιλείας.
2966 1096 3034 1107 -
3086 1063 3330 1125 Ἀλλως.
3384 1065 3593 1138 [ΦΩΤ]
3654 1064 3842 1121 Εἰπὼν

2176 1149 2439 1225 πρότερον
2472 1150 2556 1206 ὅτι
2588 1149 2677 1207 διὰ
2706 1157 2868 1208 τοῦτο
2899 1149 3237 1225 ἀκρὸϐυστος
3291 1152 3365 1208 ὣν
3417 1148 3670 1226 Ἀϐρααμ
3718 1151 3839 1208 ἐπί-

2177 1258 2362 1293 στευσε
2417 1238 2506 1294 καὶ
2564 1237 2886 1313 ἐδικαιώθη,
2937 1241 3030 1297 ἳνα
3083 1244 3269 1317 πατὴρ
3328 1241 3565 1320 λογισθῇ
3614 1247 3725 1297 τῶν
3780 1242 3848 1298 ἐκ

2176 1323 2504 1403 ἀκροϐυστίᾳ
2562 1334 2792 1401 πιστῶν,
2851 1330 2941 1387 καὶ
3023 1327 3114 1387 διὰ
3194 1334 3357 1387 τοῦτο
3442 1327 3613 1387 πάλιν
3682 1350 3845 1407 περι-

2177 1419 2415 1492 ετμήθη,
2442 1416 2536 1474 ’ίνα
2563 1419 2652 1475 καὶ
2682 1424 2789 1475 τῶν
2822 1419 2873 1475 ἰν
2922 1424 3199 1497 περιτομῇ
3259 1424 3465 1476 πιστῶν
3521 1422 3711 1496 πατήρ
3758 1442 3847 1477 νο⁶

2180 1509 2370 1582 μισθῇ,
2422 1508 2513 1565 καὶ
2552 1509 2845 1588 ἐπαγαγὼν
2904 1511 2996 1566 καὶ
3049 1508 3361 1581 ἀποδείξας,
3420 1510 3504 1566 ’ὁτι
3540 1511 3637 1566 καὶ
3700 1510 3843 1584 μᾶλ-

2180 1611 2275 1651 Λον
2307 1594 2581 1673 λογίζεται
2608 1602 2793 1675 πατὴρ
2822 1604 2930 1656 τῶν
2964 1599 3017 1654 ἐν
3052 1594 3385 1676 ἀκροϐυστίᾳ
3433 1605 3667 1669 πιστῶν,
3723 1599 3838 1673 ὅσῳ

2176 1688 2265 1742 καὶ
2299 1689 2407 1764 πρὸ
2434 1696 2537 1758 τῆς
2567 1696 2875 1764 περιτομῆς
2906 1690 2997 1746 καὶ
3026 1690 3133 1765 πρὸ
3164 1689 3333 1747 αὐτοῦ
3363 1694 3460 1745 τοῦ
3517 1690 3692 1760 νόμου
3737 1686 3837 1746 τοῖ’)

2179 1779 2267 1832 καὶ
2299 1779 2401 1847 τήν
2431 1781 2739 1854 περιτομὴν
2789 1779 3162 1855 περιέχοντος,
3210 1780 3371 1843 αὐτὸς
3419 1780 3510 1836 καὶ
3557 1778 3836 1836 ἐπίστευσε

2102 1894 2148 1960 Β
2179 1867 2270 1923 καὶ
2302 1870 2336 1937 ἡ
2365 1867 2545 1931 πίστις
2578 1868 2745 1925 αὐτοῦ
2776 1868 3032 1947 ἐλογίσθη
3094 1868 3171 1932 εἷς
3232 1867 3605 1940 δικαιοσύνην·
3666 1873 3840 1927 ταῦτα

2187 1956 2355 2012 εἰπὼν
2389 1957 2477 2013 καὶ
2509 1961 2880 2033 παραστήσας,
2913 1964 3005 2014 νῦν
3038 1960 3127 2015 καὶ
3157 1957 3323 2033 ἑτέρῳ
3351 1959 3542 2034 τρόπῳ
3590 1958 3654 2012 τὸ
3705 1957 3838 2013 αὐτὸ

2142 2042 2410 2102 ’δείκνυσι
2441 2048 2533 2103 καί
2574 2070 2754 2124 φησιν·
2806 2049 3137 2113 Ὑποκείσθω
3186 2049 3262 2121 μή
3314 2048 3487 2110 οὕτως
3538 2042 3712 2122 ἔχειν,
3759 2046 3835 2110 ὡς

2175 2129 2405 2215 ἔφημεν,
2433 2134 2581 2193 ἀλλά
2610 2137 2737 2198 τοὺς
2768 2136 2831 2192 ἐκ
2878 2137 3050 2211 νόμου
3115 2137 3313 2209 μόνους
3369 2138 3507 2193 εἶναι
3564 2134 3835 2209 κληρονό-

2180 2246 2316 2299 μους
2372 2230 2480 2282 τῶν
2537 2228 2673 2300 πρὸς
2731 2222 2983 2301 Ἀϐρααμ
3066 2225 3411 2306 ἐπαγγελῶν·
3499 2225 3697 2281 οὐκοῦν
3751 2225 3834 2288 εἷς

2179 2317 2354 2388 μάτην
2393 2317 2613 2394 γέγονεν
2669 2318 2705 2386 ἡ
2763 2316 2945 2381 πίστις
3004 2321 3084 2390 τῷ
3141 2311 3417 2391 Ἀϐρααμ.
3472 2316 3644 2376 Αὐτὸς
3703 2314 3834 2392 γὰρ,

2175 2407 2282 2481 πρὸ
2312 2410 2409 2461 τοῦ
2439 2408 2615 2481 νόμου
2645 2405 2736 2463 καὶ
2788 2407 2965 2484 χωρίς
2997 2412 3097 2463 τοῦ
3155 2407 3331 2481 νόμου
3375 2405 3670 2462 ἐπίστευσε.
3732 2408 3836 2462 Κε-

2177 2496 2405 2552 κὲνωται
2454 2497 2560 2572 ἀρά
2616 2500 2650 2568 ἡ
2709 2498 2911 2567 πίστις,
2971 2496 3272 2568 τουτέστιν,
3334 2494 3488 2553 οὐδὲν
3546 2493 3683 2566 ἐστι,
3740 2495 3836 2550 καὶ

2176 2585 2347 2651 αὐτῆς
2378 2586 2442 2641 τὸ
2505 2585 2638 2642 ὅλον
2698 2586 3006 2666 ieiunatur
3068 2585 3214 2644 ἀλλά
3270 2584 3361 2642 καί
3417 2586 3472 2641 αἱ
3520 2582 3840 2661 ἐπαγγελίαι

2178 2676 2631 2750 κατηργήθησαν,
2663 2675 2774 2732 οἷον
2803 2674 3076 2756 ἃχρηστοι
3109 2676 3200 2732 καὶ
3254 2674 3533 2732 ἀτέλεστοι
3577 2676 3834 2750 γεγένην-

2176 2786 2287 2821 ται.
2320 2766 2390 2822 Εί
2420 2767 2520 2841 γὰρ
2550 2768 2585 2835 ἡ
2619 2767 2824 2835 πίστις,
2859 2762 2934 2821 δι’
2959 2766 3025 2836 ἢν
3058 2768 3094 2835 ἡ
3119 2763 3445 2843 ἐπαγγελία,
3467 2769 3831 2839 καταργεῖται,

2180 2851 2442 2925 δηλονότι
2472 2856 2526 2909 αἱ
2560 2854 2648 2911 ἐπὶ
2676 2858 2746 2928 τῇ
2777 2854 2955 2911 πίστει
2988 2855 3346 2933 ἐργαζόμεναι
3389 2851 3823 2929 συναπεῤῥύησαν

2179 2944 2270 2999 καὶ
2300 2945 2553 3019 γεγένααι
2584 2942 2838 3022 φροῦδοι.
2861 2946 2921 2999 Τί
2953 2946 3042 3000 οὖν
3077 2945 3129 3002 οἱ
3175 2942 3267 3000 διὰ
3323 2945 3499 3018 νόμου
3551 2941 3815 3015 κληρονο-

2179 3036 2437 3107 μήσουσι,
2468 3036 2569 3104 τῆς
2606 3035 2700 3107 μὶν
2752 3034 2983 3097 πίστεως
3039 3036 3393 3105 κενωθείσης,
3453 3030 3826 3108 συνεκρυείσης

2178 3120 2234 3178 δὲ
2264 3126 2333 3197 τῇ
2364 3122 2539 3178 πίστει
2568 3124 2669 3193 τῆς
2720 3120 3086 3200 ἐπαγγελίας;
3148 3123 3307 3198 ὐρᾷς
3364 3123 3439 3187 ὡς
3482 3119 3553 3178 δι’
3611 3122 3685 3176 ὧν
3744 3117 3831 3176 λὲ-

2176 3233 2332 3289 γουσι
2364 3209 2453 3267 διὰ
2480 3211 2651 3286 νόμου
2695 3211 3087 3289 κληρονομεῖν,
3149 3209 3238 3268 διὰ
3292 3211 3505 3268 τούτων
3564 3208 3837 3267 δείκνυται

2186 3299 2450 3376 μηδόλως
2478 3300 2845 3379 κληρονομεῖν
2872 3322 2887 3372 ;

2251 3391 2440 3453 υῦτως
2472 3392 2653 3447 τοίνυν
2686 3389 2861 3467 διχῶς
2888 3392 2984 3454 τὰς
3028 3389 3324 3462 αποδείεεις
3371 3390 3694 3462 ἐποιήσατο,
3746 3391 3832 3446 δτι

2183 3481 2584 3557 ὑμακαρισμὸς
2639 3480 2727 3536 ἐπὶ
2778 3484 2878 3550 τὴν
2963 3479 3051 3537 διά
3133 3481 3366 3537 πίστεως
3469 3474 3830 3556 ἀκροϐυστίαν

2187 3568 2401 3643 μᾶλλον
2433 3570 2684 3644 ἁρμόζει,
2715 3571 2750 3641 ἤ
2784 3570 2871 3627 ἐπὶ
2921 3572 3020 3641 τήν
3076 3572 3403 3648 περιτομήνο
3454 3572 3555 3641 τὴν
3604 3570 3835 3645 πρώτην

2187 3654 2389 3728 μὲνέπ⁹
2420 3657 2626 3719 εὐθείας
2656 3657 3001 3734 προαγαγὼν,
3033 3657 3124 3713 καὶ
3184 3657 3236 3728 ἐξ
3294 3656 3469 3711 αὑτῶν
3527 3660 3637 3712 τῶν
3700 3654 3841 3710 κατά

2180 3741 2275 3795 τὸν
2334 3734 2587 3814 Ἀϐρααμ
2646 3740 3024 3816 πραχθέντων
3080 3742 3179 3810 τήν
3266 3737 3515 3815 δευνὲραν
3592 3737 3649 3794 δέ
3706 3760 3838 3793 σον⁸

2183 3826 2405 3904 δραμὼν
2467 3828 2689 3895 ἐκείνοις
2739 3830 2828 3886 καὶ
2892 3832 3112 3895 ὑποθεὶς
3166 3831 3230 3885 τὸ
3306 3830 3453 3906 παρὰ
3531 3833 3639 3884 τῶν
3692 3826 3841 3883 ἔνανο

2178 3917 2309 3974 τίων
2344 3918 2661 3994 λεγόμενον,
2719 3920 2810 3975 καὶ
2861 3917 3036 3991 δείξας
3094 3922 3211 3975 οἷον
3269 3921 3471 3975 ἄτοπον
3523 3916 3709 3974 ἕπεται
3766 3921 3841 3991 τῇ

2183 4008 2428 4063 ὑποθέσει
2462 4009 2656 4066 αὑτῶν.
2691 4010 2884 4080 Τίοησι
2917 4007 2974 4065 δὲ
3003 4009 3093 4065 καὶ
3125 4010 3312 4085 τρίτην
3365 4006 3640 4078 ἀπόδειξιν
3691 4006 3841 4079 λαμ.-

2180 4091 2487 4170 ϐανομένην
2521 4099 2572 4167 ἒξ
2604 4098 2899 4153 αὐτοῦτοῦ
2929 4098 3125 4171 νόμου,
3164 4098 3254 4153 καί
3312 4119 3496 4177 φησιν·
3529 4098 3590 4155 Ὁ
3639 4096 3839 4169 νόμος,

2179 4186 2258 4267 ἐφ’
2292 4186 2336 4258 ᾧ
2368 4185 2720 4263 ἐπερείὸεσθε,
2780 4184 3137 4261 παραϐαθεῖς,
3200 4188 3373 4264 ὀργήν
3421 4186 3836 4262 κατεργάζεται.

2179 4279 2360 4333 Τοῦτο
2393 4277 2582 4345 εἰπὼν,
2620 4280 2684 4334 τὸ
2715 4278 3013 4335 ἀκόλουθον
3055 4279 3130 4343 ὡς
3183 4276 3353 4349 δῆλον
3408 4274 3718 4334 κατέλιπεν.
3772 4274 3841 4330 Εἴ

2178 4364 2268 4420 οὗν
2304 4366 2529 4440 ὁνὸμος
2591 4368 2762 4445 ὀργὴν
2820 4368 3201 4444 κατεργάζεται
3257 4362 3611 4444 παραϐαθεῖς,
3674 4366 3839 4438 ὑμεῖς

2178 4452 2235 4510 δὲ
2290 4451 2730 4531 παραϐεϐηκατε,
2804 4458 2866 4513 οὑ
2928 4458 3089 4531 μόνον
3152 4457 3497 4535 ἐπαγγελιῶν
3560 4455 3660 4512 οὐκ
3716 4452 3841 4511 ἐστὲ

2175 4543 2338 4618 ἄξιοι,
2370 4545 2517 4602 ἀλλά
2545 4547 2637 4601 καὶ
2664 4550 3141 4623 τιμωρηθήσεσθε·
3174 4553 3338 4604 τοῦτο
3368 4547 3471 4621 γὰρ
3521 4549 3657 4619 ἡμῖν
3717 4542 3841 4599 δια.-

406 4641 981 4717 transgressoribus:
1008 4636 1307 4709 quomodo
1334 4652 1467 4708 ergo
1490 4634 1905 4692 salvabimini?
1928 4654 2067 4708 quo-

2178 4636 2369 4697 παντὸς
2400 4636 2427 4690 ὁ
2466 4636 2633 4709 νόμος
2692 4632 3135 4712 παραϐεϐηκόσιν
3186 4636 3605 4693 ἐπανατείνεταιο
3660 4635 3832 4691 πόθεν

405 4735 582 4793 modo
613 4730 1074 4804 complebantur
1091 4726 1252 4782 vobis
1267 4725 1737 4797 promissiones?
1759 4728 1901 4783 Cum
1926 4744 2062 4801 ergo

407 4834 468 4883 et
495 4828 622 4884 haec
640 4830 699 4881 et
716 4823 834 4879 alia
855 4822 1012 4877 dicta
1035 4819 1175 4884 sint,
1202 4834 1268 4872 ac
1299 4816 1774 4872 demonstratum
1798 4817 1875 4872 sit
1905 4818 2064 4888 quod

409 4934 480 4972 ex
510 4916 636 4988 lege
661 4925 1047 4984 nequaquam
1080 4907 1269 4979 possit
1297 4905 1502 4961 haberi
1535 4905 1695 4961 salus
1720 4922 1733 4963 :
1765 4906 2064 4978 reliquum

410 5011 500 5059 est
528 5003 601 5058 ad
632 5001 881 5073 gratiam
906 4996 1242 5068 confugere.
1270 5012 1401 5065 qua:
1433 5010 1539 5065 per
1558 4992 1734 5048 fidem
1753 5001 2067 5064 praestatur

409 5091 706 5163 siquidem
741 5106 845 5160 per
875 5089 1027 5143 hanc
1076 5084 1507 5157 promissiones
1559 5082 1974 5153 perﬁciuntur,
2010 5091 2068 5141 et

410 5181 704 5237 Abraham
725 5178 994 5233 omnium
1022 5181 1189 5246 pater
1211 5172 1487 5228 efficitur.
1519 5177 1721 5243 Itaque
1746 5172 1934 5243 ipsius
1962 5175 2065 5231 Da-

406 5271 505 5325 \id
544 5267 903 5324 beatificatio
950 5281 1085 5321 cum
1118 5263 1194 5318 sit
1249 5261 1584 5317 communis
1616 5259 1689 5315 ad
1722 5278 1929 5318 omnes
1962 5266 2060 5335 qui

406 5381 441 5432 p
468 5380 512 5414 er
544 5359 720 5413 fidem
740 5356 1062 5419 salvantur,
1099 5369 1219 5407 non
1243 5351 1464 5417 minus,
1487 5349 1632 5420 quin
1658 5351 1843 5423 magis
1867 5355 2063 5424 potius

406 5450 479 5507 ad
507 5448 710 5505 fideles
770 5451 1029 5517 aptatur,
1087 5442 1188 5513 qui
1252 5440 1311 5495 in
1369 5440 1662 5511 prmputio
1723 5450 2060 5499 venerunt:

360 5566 371 5575 -
410 5547 631 5612 quanto
656 5537 835 5591 etiam
866 5533 1033 5605 prius
1066 5533 1128 5586 in
1157 5530 1457 5586 Abraham
1492 5529 1800 5585 veritatem
1833 5531 2060 5603 habuit,

362 5678 367 5681 _
409 5646 548 5685 cum
578 5624 827 5683 essetin
859 5621 1171 5695 praeputio.
1209 5642 1236 5670 α
1267 5618 1440 5676 Irrita
1484 5616 1641 5673 facta
1696 5626 1784 5674 est
1840 5624 2062 5693 promi.

356 5754 367 5759 -
411 5721 521 5776 δίο,
554 5740 583 5771 ῃ
616 5718 920 5788 Tanquam
952 5716 1154 5773 essent
1207 5707 1489 5776 inutiles,
1514 5707 1696 5765 irritae
1725 5709 1896 5768 facta:
1923 5719 2064 5773 sunt

2176 4723 2268 4780 οὖν
2320 4726 2677 4796 σωθήσεσθε;
2733 4727 2893 4791 πόθεν
2959 4728 3086 4799 ὑμῖν
3149 4728 3204 4782 αἱ
3260 4723 3584 4802 ἐπαγγελίαι
3638 4743 3651 4794 ;
3706 4724 3833 4780 ἐπεὶ

2176 4813 2266 4867 οὗν
2299 4813 2364 4868 τέ
2394 4836 2452 4869 τε
2508 4812 2653 4870 ἄλλα
2711 4813 2943 4889 εἴρηται,
3001 4814 3091 4870 καὶ
3151 4812 3417 4870 δέδεικται
3474 4814 3559 4868 ὃτι
3618 4812 3710 4866 καὶ
3770 4810 3841 4885 ἐκ

2172 4908 2270 4958 τοὺ
2322 4905 2496 4977 νόμον.)
2550 4904 2650 4959 οὐκ
2718 4899 2861 4960 ἔστιν
2920 4904 3067 4967 ὅλως
3127 4903 3507 4974 δικαιωθῆναι,
3585 4901 3839 4958 λείπετει

2173 5000 2497 5070 καταφυγεῖν
2558 4993 2645 5049 ἐπὶ
2702 4996 2801 5063 τῆν
2864 4992 2953 5050 διὰ
3020 4994 3252 5059 πίστεως
3312 4998 3496 5069 χάριν.
3556 4992 3655 5048 Διά
3704 4992 3846 5046 ταῦ-

2172 5104 2271 5153 της
2304 5082 2406 5159 γὰρ
2458 5084 2513 5138 αἱ
2572 5082 2894 5157 ἐπαγγελίαι
2953 5088 3331 5158 περατοῦνται,
3389 5083 3479 5137 καὶ
3540 5081 3568 5136 ὁ
3625 5075 3842 5156 Ἀϐρα-

2177 5173 2255 5245 αμ
2306 5175 2523 5228 παντων
2576 5173 2775 5248 γίνεται
2834 5175 3039 5247 πατήρ·
3099 5173 3440 5229 Ὠστεὸτοῦ
3497 5167 3660 5226 Δαυίδ
3726 5192 3843 5245 μοι-

2172 5264 2439 5335 καρισμὸς
2494 5264 2681 5325 κοινὸς
2747 5262 3011 5337 ὑπάρχων
3087 5263 3175 5317 ἐπὶ
3258 5266 3365 5317 τῶν
3428 5259 3518 5316 διὰ
3591 5258 3843 5321 πίστεως

2175 5352 2495 5425 σωζομένων
2554 5353 2791 5421 πάντων,
2855 5352 2963 5427 οὑχ
3018 5352 3207 5421 ἧττον,
3258 5350 3405 5407 ἀλλᾶ
3455 5350 3548 5405 καὶ
3611 5347 3842 5422 μᾶλλόν

2172 5439 2313 5496 ἐστιν
2363 5440 2450 5496 ἐπὶ
2499 5446 2607 5497 τῶν
2662 5440 2713 5497 ἐν
2769 5437 3102 5516 ἀκροϐυστίᾳ
3184 5446 3390 5496 πιστῶν
3478 5435 3848 5518 ἒφαρμὸζων,

2173 5532 2286 5604 ὅσῳ
2341 5531 2431 5587 καὶ
2491 5538 2707 5608 πρῶτον
2761 5530 2850 5589 ἐπὶ
2904 5537 3001 5589 τοῦ
3070 5530 3120 5587 ἐν
3181 5527 3517 5607 ἀκροϐυστίᾳ
3580 5525 3852 5606 Ἀϐραὰμ

2171 5620 2341 5699 ἐφάνη
2374 5619 2686 5691 ἀληθεύων.
2730 5645 2759 5674 ι(
2810 5623 3169 5699 Κατήργηται
3219 5623 3254 5691 ἡ
3308 5619 3627 5696 ἐπαγγελία.
3660 5644 3690 5673 ››
3744 5620 3849 5682 Ὡς

2173 5710 2233 5767 οὐ
2292 5708 2582 5788 χρειώδεις
2642 5710 2820 5784 οὖσαι,
2909 5714 3283 5789 κατήργηνται
3340 5712 3394 5768 αἱ
3449 5708 3850 5787 ἐπαγγελείαι,
