4114 6382
318 363 439 425 401

1429 358 1846 422 COMMENT.
1893 358 1981 420 IN
2026 356 2282 421 EPIST.
2339 360 2440 422 AD
2486 363 2682 429 ROM.

3650 373 3770 436 403

321 493 606 555 τουτέστιν
636 495 911 569 ἄπρακτοι
939 493 1218 572 γεγόνασι.
1272 497 1399 559 Πῶς
1433 514 1449 565 ;
1479 491 1531 550 el
1583 492 1684 570 γὰρ
1717 494 1752 564 ἦ
1810 490 1989 555 πίστις

2109 494 2539 567 promissiones
2565 514 2578 553 :
2612 498 2726 556 hoc
2756 504 2845 557 est
2868 500 3208 560 inefﬁcaces
3228 503 3766 574 fueruntQuonam

322 590 680 662 καταργεῖται
714 583 785 641 δι’
819 582 891 656 ἤν
954 586 1009 640 αἱ
1065 583 1416 661 ἕπαγγελίαι,
1477 580 1739 655 δηλονότι
1791 602 1998 657 συγκα-

325 680 656 753 ταργοῦνται
689 676 745 732 αἱ
778 672 1119 753 ἐπαγγελίαι.
1154 674 1221 732 El
1263 672 1321 731 δὲ
1359 675 1516 730 αὗται
1555 674 1998 751 καταργηθῶσιν,

324 764 456 824 οῦδὲ
487 767 516 823 6
549 760 809 841 Ἀϐραὰμ
835 767 1018 842 πατήρ
1038 764 1211 827 τινός.

405 947 508 1003 Διά
536 949 699 1002 τοῦτο
737 945 798 1001 ἐκ
852 948 1111 1010 πίστεως,
1145 940 1240 999 ’ἕνα
1294 943 1433 999 κατὰ
1488 943 1676 1018 χάριν,
1772 942 1852 1004 εἰς
1933 942 1996 997 τὸ

324 1038 475 1095 εἶναι
527 1030 749 1112 βεϐαίαν
851 1035 949 1103 τὴν
1054 1031 1386 1109 ἐπαγγελίαν
1438 1033 1594 1087 παντὶ
1672 1036 1752 1106 τῷ
1830 1032 1995 1107 σπέρ-

324 1148 491 1203 patr
572 1126 638 1182 οὐ
712 1129 794 1197 τῷ
872 1125 930 1180 ἐκ
1002 1128 1098 1180 τοῦ
1170 1122 1348 1196 νόμου
1376 1122 1561 1195 μόνον,
1593 1121 1742 1178 ἀλλᾶ
1769 1121 1860 1177 καὶ
1916 1125 1998 1194 τῷ

323 1217 394 1274 lx
469 1215 709 1279 πίστεως
788 1211 1057 1291 Ἀϐραὰμ,
1134 1213 1194 1276 ’ὸς
1296 1210 1409 1267 ἔστι
1508 1211 1688 1286 πατὴρ
1782 1210 1998 1267 πάντων

316 1309 520 1380 ἡμῶν,
594 1306 778 1369 καθὼς
850 1305 1169 1383 γέγραπται,
1275 1303 1361 1359 ὅτι
1454 1304 1669 1377 Πατέρα
1769 1299 1998 1358 πολλῶν

319 1395 501 1452 ἆθνῶν
579 1394 797 1460 τέθεικά
871 1414 947 1450 σε·
1023 1393 1304 1449 κατέναντι
1382 1388 1444 1448 οὗ
1504 1389 1804 1460 ἐπίστευσε,
1837 1394 1995 1462 Θεοῦ,

314 1490 420 1543 τοῦ
445 1489 855 1556 ζωοποιοῦντος
886 1482 1014 1547 τοὺς
1040 1481 1288 1559 νεκροὺς,
1331 1480 1421 1537 καὶ
1484 1477 1782 1544 καλοῦντος
1813 1480 1879 1536 τὰ
1917 1479 1994 1554 μὴ

317 1577 459 1634 ὄντα
490 1576 568 1639 ὡς
603 1570 754 1632 ὄντα.

400 1668 509 1725 Καὶ
536 1665 735 1734 οὕτως,
765 1665 960 1745 φησὶν,
1006 1663 1067 1719 οὐ
1128 1660 1220 1719 διὰ
1273 1666 1371 1719 τοῦ
1422 1663 1595 1737 νόμου
1652 1656 1994 1739 βεϐαιοῦνται

322 1757 385 1813 αἱ
439 1752 798 1835 ἐπαγγελίαι,
858 1752 945 1810 ὅτι
999 1751 1202 1829 τρόπον
1266 1752 1389 1808 τινα
1442 1750 1532 1807 καὶ
1580 1748 1993 1826 ὶμποδίζονται.

2107 586 2283 641 modo
2311 586 2338 642 ?
2359 589 2504 643 Nam
2530 589 2579 644 si
2613 589 2761 645 fides
2818 598 3063 664 propter
3092 611 3269 665 quam
3300 603 3471 652 erant
3508 601 3768 670 promis-

2109 675 2329 745 siones,
2393 677 2562 734 irrita
2619 679 2910 746 redditur,
2973 699 3344 755 consequens
3385 693 3494 754 est,
3526 693 3592 743 ut
3645 706 3767 746 una

2109 767 2545 836 promissiones
2567 786 2806 843 quoque
2830 770 3012 827 irrita:
3043 773 3405 830 reddantur:
3431 778 3648 847 quodsi
3674 779 3763 835 ha:

2108 854 2257 912 ﬂant
2286 857 2490 926 irrita),
2526 876 2721 932 neque
2753 860 3051 918 Abraham
3084 864 3438 936 cujusquam
3457 872 3624 938 pater
3653 874 3763 926 est.

2179 1036 2272 1101 IV,
2308 1039 2394 1093 l6.
2432 1038 2513 1092 17.
2552 1039 2759 1098 Idcirco
2787 1058 2856 1099 ea:
2882 1041 2990 1113 ﬁde
3042 1048 3138 1106 est,
3172 1049 3233 1098 ut
3288 1045 3585 1101 secundum
3638 1065 3770 1117 gra-

2107 1126 2265 1193 tiam,
2296 1132 2359 1182 ut
2398 1129 2561 1196 ﬁrma
2607 1129 2683 1185 sit
2730 1133 3023 1203 promissio
3079 1130 3233 1187 omni
3287 1135 3530 1189 semini:
3564 1151 3674 1192 non
3721 1140 3772 1193 ci

2106 1219 2323 1269 tantum
2352 1216 2503 1287 quod
2531 1233 2600 1273 ea:
2633 1219 2748 1291 lege
2779 1227 2874 1286 est,
2907 1236 3095 1276 verum
3123 1222 3292 1277 etiam
3317 1221 3371 1277 ei
3398 1224 3547 1294 quod
3576 1242 3645 1281 ea:
3662 1226 3773 1295 ﬁde

2107 1303 2417 1373 Abraham,
2477 1308 2577 1377 qui
2628 1314 2706 1365 est
2770 1316 2935 1381 pater
2991 1308 3241 1366 omnium
3296 1318 3566 1377 nostrum,
3632 1317 3774 1371 sicut

2104 1395 2374 1467 scriptum
2404 1401 2485 1452 est
2516 1414 2529 1453 :
2567 1402 2788 1456 Patrem
2843 1399 3151 1456 multarum
3182 1404 3429 1470 gentium
3455 1405 3618 1474 posui
3663 1412 3713 1461 te
3748 1422 3773 1470 ;

2105 1498 2294 1539 coram
2324 1486 2431 1541 Dco
2478 1488 2569 1541 cui
2616 1489 2875 1557 credidit,
2935 1489 3037 1561 qui
3087 1489 3337 1560 viviﬁcat
3394 1498 3660 1562 mortuos,
3703 1511 3769 1552 ac

2105 1579 2265 1629 vocat
2294 1590 2362 1629 ea
2388 1592 2511 1648 quae
2539 1593 2649 1632 non
2678 1585 2806 1633 sunt
2832 1581 2977 1635 sicut
3008 1596 3073 1635 ea
3101 1595 3222 1650 quae
3255 1588 3404 1638 sunt.

2176 1664 2247 1718 Et
2276 1663 2379 1735 ita,
2412 1665 2629 1737 inquit,
2661 1684 2781 1723 non
2815 1668 3131 1725 firmantur
3157 1685 3264 1741 per
3293 1670 3483 1743 legem
3510 1674 3767 1744 promis-

2106 1752 2328 1820 siones,
2365 1753 2470 1810 sed
2501 1755 2942 1827 quodammodo
2976 1758 3156 1814 etiam
3187 1758 3614 1831 impediuntur.
3641 1763 3765 1828 Quo

330 1852 466 1909 Πῶς
502 1867 520 1919 ;
549 1847 636 1901 δτι
668 1845 698 1902 6
728 1842 901 1917 νόμος
961 1843 1132 1918 ὀργήν
1189 1842 1595 1941 κατεργάζεται,
1660 1838 1989 1941 παραϐα-οεξς

2105 1848 2278 1915 pacto
2311 1843 2338 1899 ?
2358 1843 2505 1900 Nam
2537 1844 2631 1902 lex
2662 1848 2812 1904 iram
2836 1854 3266 1920 operatur,non
3294 1856 3522 1908 servata
3549 1851 3766 1909 videli-

332 1935 621 2008 δηλονότι.
654 1931 853 1999 Οὐδεὶς
878 1932 980 2009 γὰρ
1012 1932 1177 1990 αὐτὸν
1210 1930 1407 2009 ἴσχυσε
1462 1930 1779 2007 πληρῶσαι.
1833 1933 1999 1989 Ἒνθα

339 2025 403 2085 Si
433 2027 599 2102 ὀργὴ,
626 2029 745 2090 πῶς
773 2023 1123 2101 κληρονομία
1158 2042 1173 2093 ;
1205 2027 1322 2087 πῶς
1376 2021 1793 2099 κληρονομήσει
1825 2022 1853 2077 6
1885 2023 1997 2099 ὡρ-

318 2118 593 2193 γισμένος
626 2162 640 2186 ,
674 2120 790 2180 πῶς
821 2114 1041 2186 ἥξουσιν
1075 2113 1129 2168 αἱ
1156 2110 1478 2188 ἐπαγγελίαι
1512 2131 1526 2182 ;
1557 2113 1617 2168 Ἦ
1678 2109 1735 2168 δὲ
1789 2110 1995 2183 πίστις,

328 2206 498 2287 ῳησὶ,
528 2206 630 2274 τήν
661 2205 824 2287 χάριν
855 2203 1051 2279 εἰσάγει
1084 2207 1181 2259 τοῦ
1212 2206 1367 2263 Θεοῦ.
1403 2202 1640 2277 Χάριτος
1687 2199 1745 2257 δὲ
1801 2199 1993 2272 οὔσης,

328 2272 599 2369 έρλοιται
800 2272 1140 2370 πληροῦνται
1195 2293 1253 2347 αἱ
1309 2272 1652 2371 ἐπαγγελίαι.
1706 2316 1732 2343 te
1784 2292 1880 2353 Εἲς
1934 2292 1996 2346 τὸ

321 2389 475 2445 εἶναι
540 2382 764 2464 βεϐαίαν
808 2386 908 2456 τήν
964 2382 1314 2460 ἐπαγγελίαν.
1362 2408 1392 2438 ››
1451 2386 1618 2448 Ἔνθα
1675 2384 1778 2458 γαρ
1831 2382 1995 2459 χάρις

300 2483 497 2549 θεοῦ,
531 2478 637 2533 οὐκ
666 2472 746 2531 ἔτι
776 2468 1080 2551 ἀμφίϐολοι
1113 2474 1166 2529 αἱ
1197 2470 1534 2550 ἐπαγγελίαι,
1564 2471 1714 2529 ἄλλα
1752 2468 1991 2547 βέϐαιοι.

323 2567 469 2632 Θεὸς
498 2565 627 2642 γὰρ,
658 2564 845 2645 φησὶν,
878 2564 907 2618 6
964 2559 1189 2619 δικαιῶν
1247 2563 1461 2639 χάριτι,
1515 2561 1597 2625 τίς
1651 2563 1680 2617 6
1735 2564 1997 2638 κατακρί-

316 2679 436 2712 νων
468 2676 484 2726 ;
521 2680 549 2708 (ι
586 2655 757 2712 Παντι
784 2658 864 2725 τῷ
888 2652 1180 2729 σπέρματι.
1228 2675 1256 2705 »ι
1315 2652 1386 2708 Τὸ
1445 2646 1771 2728 ὑπερϐατὸν,
1832 2653 1997 2708 Παντὶ

326 2748 413 2821 τῷ
440 2746 719 2822 σπέρματι
748 2737 1022 2818 Ἀϐραάμ.
1051 2766 1079 2796 ι(
1122 2741 1200 2799 Οὔ
1247 2746 1328 2814 τῷ
1386 2740 1447 2797 ἐκ
1509 2745 1606 2797 τοῦ
1658 2742 1832 2815 νόμου
1895 2742 1996 2817 μό-

329 2858 511 2895 νον.»
546 2837 643 2893 Ἐκ
690 2837 798 2890 -τοῦ
825 2832 1003 2909 νόμου
1058 2827 1229 2909 λέγει,
1285 2830 1415 2894 τοὺς
1472 2830 1524 2903 ἐξ
1583 2829 1863 2889 Ἰουδαίων
1922 2830 1998 2896 εἷς

334 2927 440 2995 τήν
498 2924 681 2980 πίστιν
740 2919 1023 2984 ἐλθόντας.
1081 2945 1103 2973 ι
1155 2919 1366 2997 Πατέρα
1437 2918 1665 2977 πολλῶν
1725 2919 1907 2977 ἐθνῶν.
1967 2944 1995 2973 ››

300 3012 483 3078 -τοῦς
509 3014 690 3091 Ἃωρὲς
720 3013 900 3087 νόμου
928 3011 1157 3073 πιστοὺς
1177 3011 1525 3087 γενομένους.
1556 3012 1698 3086 Ὅρα
1755 3007 1814 3066 δὲ
1877 3013 1995 3074 πῶς

345 3101 545 3159 λοιπὸν
574 3103 826 3160 συνάπτει
856 3101 984 3164 τοὺς
1023 3097 1119 3157 δύο
1172 3098 1365 3170 λαοὺς,
1421 3099 1513 3155 καὶ
1570 3100 1786 3156 πάντων
1846 3105 1996 3155 ποιεῖ

330 3193 542 3270 πατέρα
590 3192 682 3249 τὸν
757 3185 1039 3267 Ἀϐρααμ.
1100 3214 1128 3243 ι(
1183 3191 1479 3248 Κατέναντι
1554 3187 1616 3245 οὗ
1690 3186 1993 3263 ἐπίστευσε,

322 3288 489 3342 Θεοῦ,
525 3308 555 3337 υ
585 3279 1114 3355 Τουτέστιν,ὣσπερ
1157 3280 1186 3335 6
1243 3280 1372 3344 Θεὸς
1426 3278 1527 3334 οὐκ
1576 3273 1688 3335 ἔστι
1749 3279 1992 3356 μερικὸς,

326 3374 484 3433 ἀλλᾶ
511 3376 733 3431 πάντων
791 3372 945 3437 Θεὸς,
1006 3371 1181 3434 οὓτως
1238 3373 1330 3427 καὶ
1379 3371 1408 3427 6
1468 3365 1720 3446 Ἀϐραὰμ
1772 3373 1990 3426 πάντων

323 3468 540 3540 πατήρ.
576 3498 653 3511 -—
681 3463 893 3540 [ΦΩἸ”.]
928 3463 1236 3519 Κατέναντι.
1270 3462 1561 3530 Ἐναντίον,
1621 3460 1878 3533 ἐνώπιον,
1913 3460 1994 3524 εἰς

313 3555 627 3632 πρόςωπον
678 3558 831 3610 Θεοῦ.
891 3551 986 3616 Εἷς
1049 3552 1345 3625 πρόσωπον
1395 3552 1501 3627 γὰρ
1554 3551 1694 3609 Οεοῦ
1755 3548 1989 3624 ε’ρηται,

321 3647 450 3702 οἷον
487 3646 564 3707 ὡς
595 3643 657 3700 ἐκ
684 3645 987 3719 προσώπου
1016 3647 1173 3706 Θεοῦ,
1204 3643 1289 3709 τὸ,
1323 3666 1351 3694 ‹‹
1388 3641 1597 3715 Πατέρα
1638 3638 1869 3698 πολλῶν
1902 3641 1990 3706 ξος

330 3739 450 3791 νῶν
485 3734 694 3790 τέθεικα
722 3755 800 3791 σε.
839 3758 862 3786 ι
897 3731 1130 3801 Ἐπειδὴ
1162 3733 1269 3808 γὰρ
1297 3731 1436 3801 εἶπεν
1483 3756 1503 3782 ⁸
1569 3731 1762 3794 Καθὼς
1801 3730 1987 3809 γέγρα-

336 3844 496 3883 πται.
528 3845 555 3876 ε
593 3825 664 3895 μή
695 3823 974 3896 προσθεὶς,
1011 3827 1117 3880 ποῦ
1146 3823 1466 3899 γέγραπται,
1516 3820 1552 3892 ἢ
1603 3825 1742 3890 πῶς,
1776 3820 1988 3895 ἐπήγα-

332 3934 427 3993 γεν
461 3912 648 3987 (ἐῖκαί
703 3908 967 3989 ὑπερϐὰς)
1021 3913 1109 3979 τὸ,
1167 3909 1441 3968 κατέναντι
1500 3915 1655 3981 Θεοῦ,
1713 3910 1778 3966 τὸ
1834 3909 1987 3983 ἀξιό-

323 4024 520 4062 πιστον
550 4005 640 4059 καὶ
673 3998 893 4080 βέϐαιον
931 4007 1048 4071 τοῦ,
1108 4002 1429 4078 γέγραπται,
1486 4005 1783 4076 παριστῶν,
1821 4024 1849 4052 ι(
1882 4006 1985 4056 Κα-

315 4094 431 4158 θὼς
484 4093 811 4170 γέγραπται,
869 4091 1025 4170 φησὶ,
1095 4091 1434 4146 κατενώπιον
1518 4094 1675 4159 Θεοῦ,
1735 4115 1755 4141 ι
1833 4111 1989 4145 τουτ-

313 4182 594 4252 έστιν,εἷς
638 4181 935 4258 πρόσωπον
998 4185 1155 4247 Θεοῦ,
1210 4178 1303 4236 καὶ
1358 4177 1419 4235 ἐκ
1469 4179 1771 4255 προσώπου
1827 4178 1984 4238 Θεοῦ.

310 4270 664 4343 Ἀξιόπιατός
723 4269 859 4335 ἐστι,
912 4271 1101 4353 φησὶν,
1188 4272 1223 4339 ἡ
1278 4270 1490 4350 Γραφὴ.
1567 4269 1995 4344 ἀμετάπτωτος,⁵

314 4358 543 4441 βεϐαία,
592 4362 723 4425 Θεός
760 4360 902 4417 ἐστιν
961 4359 1014 4415 ἐν
1072 4360 1209 4433 αὐτῇ
1270 4359 1460 4427 εἰπὼν,
1518 4360 1796 4434 «Πατέρα
1842 4359 1986 4416 πολ-

315 4456 438 4513 λῶν
473 4456 644 4511 ἐθνῶν
691 4453 906 4509 τέθεικα
962 4472 1039 4507 σε.
1077 4474 1106 4504 δ)
1166 4450 1246 4509 Τὸ
1303 4453 1436 4525 γοῦν
1494 4447 1686 4523 ἐφεξῆς
1739 4456 1844 4519 τῆς
1890 4454 1987 4506 τοῦ

311 4549 495 4625 λόγου
529 4548 911 4624 συμφρασεως·
977 4542 1167 4606 Καθὼς
1222 4542 1522 4618 γέγραπται
1583 4537 1866 4598 κατέναντι
1922 4540 1985 4597 οῦ

2106 1938 2200 1988 cet
2232 1948 2245 1989 :
2280 1934 2486 1990 nullus
2519 1936 2680 1992 enim
2710 1938 2905 2010 potuit
2932 1938 3100 1994 illam
3134 1940 3289 1998 254
3317 1942 3637 2014 complere.
3664 1943 3770 2001 Ubi

2104 2029 2306 2081 autem
2339 2032 2429 2082 est
2456 2026 2868 2099 ira,quomodo
2903 2030 3769 2105 erithaareditariapossessio?

2106 2132 2221 2186 quo
2253 2121 2423 2187 pacto
2458 2117 2864 2174 hacreditatem
2895 2119 3150 2190 accipiet
3180 2122 3279 2192 qui
3315 2122 3423 2178 sub
3458 2123 3546 2178 ira
3575 2124 3771 2179 conti-

2105 2209 2283 2259 netur
2300 2203 2327 2259 ?
2346 2206 2641 2276 quomodo
2656 2208 2896 2263 venient
2910 2210 3556 2280 promissiones?Fides
3568 2219 3767 2269 autem

2106 2296 2205 2352 Dei
2228 2296 2479 2369 gratiam
2504 2297 2731 2354 inducit
2756 2317 2769 2366 ;
2796 2316 2970 2370 porro
2994 2301 3184 2373 gratia
3210 2309 3500 2373 prmsente
3524 2304 3770 2361 veniunt

2106 2394 2165 2443 et
2216 2388 2596 2461 complentur
2652 2391 3097 2463 promissiones.
3142 2416 3168 2444 ‹‹
3207 2395 3276 2449 Ut
3317 2394 3489 2451 firma
3520 2396 3596 2453 sit
3626 2414 3766 2468 pro-

2106 2477 2333 2534 missio.
2368 2502 2396 2529 »
2421 2479 2528 2534 Ubi
2563 2480 2724 2536 enim
2755 2482 2945 2554 gratia
2977 2482 3078 2538 Dei
3112 2489 3221 2546 est,
3266 2484 3394 2555 jam
3448 2502 3569 2542 non
3623 2491 3763 2542 sunt

2106 2567 2301 2624 dubiae
2335 2569 2786 2641 promissiones,
2821 2572 2925 2628 sed
2957 2572 3165 2628 ﬁrmas.
3203 2574 3357 2629 Deus
3388 2580 3495 2639 est,
3545 2576 3762 2648 inquit,

2106 2658 2208 2730 qui
2242 2675 2349 2730 per
2367 2660 2949 2732 gratiamjustiﬁcat,
2982 2663 3084 2733 qui
3112 2669 3203 2719 est
3233 2664 3334 2720 ille
3366 2666 3466 2737 qui
3489 2665 3768 2722 condem-

2107 2747 2253 2803 nat?
2284 2771 2310 2798 «
2344 2748 2518 2804 Omni
2552 2751 2790 2806 semini.
2827 2776 2847 2803 ι
2888 2752 3267 2825 Hyperbaton
3290 2755 3766 2829 est,etjungitur

2106 2854 2242 2895 cum
2275 2837 2539 2895 dictione
2571 2840 2870 2897 Abraham
2903 2858 2916 2899 :
2952 2843 3124 2899 Omni
3172 2845 3389 2900 semini
3445 2845 3763 2902 Abraham.

2110 2949 2132 2979 ιι
2168 2928 2296 2983 Non
2327 2927 2382 2984 ei
2417 2933 2647 2984 tantum
2680 2929 2838 3001 quod
2870 2947 2939 2986 ex
2971 2930 3099 3003 lege
3127 2937 3234 2988 est.
3275 2955 3296 2982 ο
3334 2933 3417 2989 Ex
3446 2934 3573 3005 lege
3623 2934 3771 2990 dicit

2106 3032 2208 3074 eos
2235 3017 2337 3088 qui
2370 3034 2443 3074 ex
2495 3018 2715 3074 Judaeis
2764 3018 2840 3074 ad
2885 3018 3067 3075 {idem
3098 3027 3408 3077 venerunt.
3471 3044 3497 3072 «
3530 3025 3769 3081 Patrem

2107 3106 2432 3163 multarum
2485 3108 2775 3179 gentium.
2808 3131 2838 3159 ››
2888 3109 3027 3175 Quas
3060 3110 3188 3165 sine
3236 3110 3364 3180 lege
3394 3110 3563 3167 factm
3623 3117 3764 3168 sunt

2110 3195 2339 3252 ﬁdeles.
2376 3194 2517 3251 Vide
2557 3202 2758 3252 autem
2791 3214 2907 3269 quo
2939 3203 3109 3270 pacto
3138 3198 3421 3272 deinceps
3446 3203 3594 3255 duos
3616 3217 3767 3257 con-

2100 3285 2302 3358 jungit
2332 3284 3003 3358 populos,omniumque
3034 3293 3261 3359 patrem
3283 3287 3425 3345 facit
3444 3288 3762 3347 Abraham.

2107 3397 2134 3425 ι(
2157 3376 2366 3431 Coram
2400 3375 2515 3430 Deo
2543 3376 2638 3431 cui
2668 3375 2940 3432 credidit.
2974 3399 3001 3425 ››
3034 3378 3152 3433 Hoc
3197 3383 3323 3434 est:
3362 3379 3761 3444 Quemadmo-

2102 3463 2247 3521 dum
2280 3465 2433 3521 Deus
2465 3481 2586 3521 non
2619 3470 2709 3521 est
2738 3465 3252 3537 particularis,sed
3273 3467 3540 3525 omnium
3582 3469 3758 3539 Deus,

2100 3553 2183 3609 ita
2214 3559 2272 3608 et
2309 3553 2610 3610 Abraham
2669 3554 2940 3611 omnium
2999 3561 3187 3627 pater.
3249 3553 3542 3610 Κατέναντι
3598 3563 3758 3626 ante,

2099 3658 2330 3708 coram,
2382 3641 2445 3699 in
2500 3649 2822 3714 conspectu
2893 3643 3015 3699 Dei.
3095 3646 3239 3700 Nam
3298 3644 3361 3701 in
3432 3652 3754 3718 conspectu

2099 3730 2219 3785 Dei.
2250 3731 2369 3788 sive
2402 3748 2472 3787 ex
2502 3748 2757 3804 persona
2812 3732 2915 3788 Dei
2972 3733 3195 3789 dictum
3229 3738 3320 3790 est
3350 3751 3363 3788 :
3428 3757 3455 3785 «
3514 3737 3751 3792 Patrem

2099 3820 2425 3876 multarum
2487 3821 2755 3894 gentium
2806 3822 2976 3893 posui
3039 3827 3116 3877 te.
3170 3845 3198 3871 ››
3248 3822 3555 3895 Siquidem
3616 3840 3753 3882 cum

2100 3910 2352 3968 dixerit:
2386 3931 2414 3960 ‹‹
2449 3910 2612 3966 Sicut
2639 3911 2925 3983 scriptum
2958 3916 3067 3977 est,
3109 3934 3136 3961 »
3164 3928 3287 3967 non
3347 3911 3596 3977 addens,
3650 3913 3752 3969 ubi

2101 4000 2387 4072 scriptum
2419 4004 2636 4064 est,aut
2667 4017 2783 4072 quo
2824 4000 3021 4067 modo,
3047 3999 3356 4075 subjungit
3385 4002 3752 4074 (quanquam

2099 4106 2208 4162 per
2260 4089 2650 4163 hyperbaton)
2705 4087 2985 4144 κατέναντι
3030 4092 3186 4155 Θεοῦ,
3236 4090 3299 4146 id
3381 4096 3490 4153 est.
3550 4108 3752 4149 coram

2097 4180 2237 4248 Deo,
2268 4179 2678 4252 probationem
2737 4184 2795 4235 et
2840 4180 3357 4238 confirmationem
3412 4182 3543 4253 ejus
3594 4182 3753 4254 quod

2097 4270 2322 4327 dictum
2356 4276 2445 4326 est
2475 4269 2590 4326 fide
2648 4269 2889 4342 dignam
2947 4269 3269 4327 adducens.
3305 4294 3334 4323 ‹‹
3388 4272 3552 4328 Sicut
3605 4272 3751 4329 scri-

2096 4366 2265 4434 ptum
2289 4366 2399 4428 est,
2435 4382 2462 4410 ››
2494 4360 2711 4432 inquit,
2743 4383 2771 4410 ‹‹
2835 4362 3045 4416 Coram
3099 4361 3238 4428 Deo,
3302 4383 3329 4411 η
3381 4361 3493 4418 hoc
3554 4366 3644 4418 est
3688 4362 3749 4417 in

2097 4456 2422 4523 conspectu
2483 4450 2602 4517 Dei,
2655 4455 2807 4506 etex
2864 4466 3122 4523 persona
3171 4452 3318 4507 Dei:
3352 4451 3489 4508 Fide
3548 4452 3746 4526 digna,

2096 4541 2315 4613 inquit,
2348 4544 2439 4596 est
2468 4540 2792 4611 Scriptura,
2825 4539 3178 4605 immobilis,
3213 4541 3424 4609 ﬁrma;
3460 4542 3614 4597 Deus
3661 4546 3752 4600 est

310 4639 607 4694 ἐπίστευσε
630 4638 784 4705 Θεοῦ,
845 4633 931 4690 ὅτι
977 4628 1182 4701 πατέρα
1238 4627 1465 4686 πολλῶν
1521 4628 1705 4699 ἐθνῶν,
1760 4630 1854 4685 καὶ
1910 4630 1979 4686 τὰ

2103 4632 2187 4703 ιιιί
2219 4631 2283 4688 in
2316 4646 2387 4687 ea
2414 4629 2648 4685 locutus
2671 4633 2780 4685 est.
2814 4650 2844 4679 «
2878 4631 3113 4685 Patrem
3139 4630 3463 4687 multarum
3480 4632 3748 4704 gentium

309 4729 470 4799 ἑξῆς.
530 4729 738 4799 Ὠσπερ
790 4724 919 4799 γὰρ,
973 4720 1135 4801 φησὶ,
1199 4718 1415 4774 πάντων
1471 4718 1580 4775 ἐστὶ
1649 4720 1889 4791 ποιητὴς
1947 4721 1976 4775 ὁ

311 4820 477 4882 Θεὸς,
521 4815 615 4871 καὶ
670 4814 888 4871 πάντων
918 4811 1048 4872 Θεός
1076 4830 1135 4865 τε
1182 4810 1270 4865 καὶ
1314 4806 1596 4884 κηδεμὼν,
1659 4809 1834 4874 οὕτως
1885 4810 1977 4865 καὶ

312 4909 411 4966 τὸν
472 4898 733 4979 Ἀϐρααμ
788 4903 1005 4958 πάντων
1064 4900 1270 4972 πατέρα
1318 4898 1793 4974 κεχειροτόνηκεν,
1880 4897 1980 4955 οὐκ

311 4994 603 5056 Ἰουδαίων
655 4993 839 5066 μόνον,
906 4988 1054 5048 ἀλλὰ
1104 4990 1193 5044 καὶ
1244 4988 1462 5044 πάντων
1527 4992 1638 5044 τῶν
1697 4988 1974 5044 πιστευόνσ

312 5108 446 5143 των,
476 5117 549 5129 -
578 5081 829 5145 Ἀλλως.
864 5080 1010 5137 ’Λντὶ
1048 5083 1172 5149 τοῦ,
1226 5076 1456 5134 ἐνώπιον
1513 5078 1604 5133 καὶ
1660 5079 1767 5155 πρὸ
1806 5097 1979 5153 προσ-

317 5178 475 5233 ώπου
505 5173 570 5231 οῦ
603 5171 882 5229 ἐπίστευσε
938 5173 1094 5227 Θεοῦ.
1153 5193 1180 5221 ‹‹
1241 5172 1347 5223 Τοῦ
1408 5172 1809 5237 ζωοποιοῦντος
1850 5170 1977 5233 τοὺς

313 5266 562 5344 νεκρούς,
626 5288 656 5316 η
710 5264 814 5319 Τὸν
850 5261 946 5334 μὶν
1015 5264 1117 5327 τῆς
1177 5257 1518 5321 ἀναστάσεως
1577 5254 1980 5315 καταϐάλλεται

312 5358 509 5435 λόγον,
570 5353 723 5424 πλὴν
783 5348 1115 5429 προσφόροις
1170 5347 1262 5402 καὶ
1321 5346 1397 5411 εἷς
1473 5347 1536 5404 τὸ
1593 5349 1976 5423 προκείμενον.

308 5434 883 5526 Ἐπίστευσαρησὶν,
918 5434 1174 5514 Ἀϐραὰμ
1200 5441 1282 5509 τῷ
1336 5442 1477 5511 Θεῷ,
1533 5436 1619 5526 ὃτι
1677 5438 1768 5494 καὶ
1850 5440 1979 5504 τοὺς

310 5537 541 5606 νεκροὺς
607 5524 873 5606 ζωοποεῖ,
955 5526 1044 5584 διὰ
1096 5526 1259 5583 τοῦτο
1311 5526 1402 5582 καὶ
1461 5528 1524 5582 τὸ
1573 5524 1758 5585 δοῦναι
1815 5530 1977 5586 αὐτὸν

312 5596 537 5708 σπέρμα
564 5596 929 5705 γεγηρακότι.
958 5619 1022 5675 '0
1050 5617 1182 5708 γὲιρΔ
1209 5615 1336 5708 τοὺς
1387 5616 1607 5708 νεκροὺς
1669 5623 1978 5691 ζωοποιῶν,

307 5703 492 5782 καί
557 5703 641 5796 μὴ
674 5713 806 5772 ὄντα
835 5709 1066 5778 οὐσιῶν,
1092 5703 1294 5781 πολλῷ
1328 5704 1542 5781 μᾶλλον
1585 5705 1870 5781 δυνήσεοαι
1900 5715 1981 5784 τῷ

2090 4722 2260 4797 posui
2303 4726 2378 4777 te.
2412 4742 2441 4771 »
2465 4720 2619 4776 Ordo
2652 4720 2852 4791 itaque
2874 4719 3279 4776 conclusionis
3298 4720 3595 4777 sermonis
3620 4725 3745 4776 est:

2089 4812 2252 4869 Sicut
2278 4810 2566 4881 scriptum
2591 4814 2683 4864 est
2710 4824 2910 4864 coram
2946 4809 3087 4876 Deo,
3139 4807 3234 4864 cui
3267 4807 3540 4874 credidit,
3585 4810 3748 4881 quod

2090 4907 2319 4976 patrem
2371 4898 2695 4955 multarum
2753 4898 3039 4971 gentium,
3083 4903 3195 4955 etc.
3228 4898 3745 4964 Quemadmodum

2091 4989 2495 5059 enim,inquit,
2511 4989 2665 5043 Deus
2681 4986 2954 5043 omnium
2971 4987 3279 5048 factorest.
3295 4987 3566 5045 omnium
3589 4991 3745 5047 Deus

2090 5081 2479 5151 omniumque
2492 5076 2964 5153 gubernatorﬁta
2985 5076 3183 5149 ipsum
3195 5094 3432 5149 quoque
3446 5078 3744 5137 Abraham

2090 5180 2320 5247 patrem
2341 5170 2611 5226 omnium
2633 5166 3089 5233 constituit;non
3119 5165 3459 5226 Judzeorum
3488 5174 3746 5240 tantum,

2087 5279 2291 5319 verum
2324 5260 2503 5316 etiam
2530 5258 2803 5314 omnium
2822 5256 3425 5315 oredentium.—Alio
3439 5261 3748 5319 modo.Hoc

2091 5360 2408 5420 est,coram
2435 5352 2786 5419 Deo,etante
2808 5353 3193 5420 conspectum
3216 5349 3319 5405 Dei
3340 5351 3435 5407 cui
3469 5352 3743 5409 credidit.

2092 5465 2121 5494 «
2153 5442 2263 5510 Qui
2325 5441 2578 5497 vivificat
2619 5444 2907 5496 mortuos.
2940 5460 2965 5490 ιι
3002 5440 3307 5496 Sermonis
3354 5441 3427 5499 de
3476 5459 3744 5500 resurre-

2066 5534 2287 5590 rctione
2307 5530 2698 5588 fundamenta
2722 5529 2874 5602 jacit
2905 5546 2918 5584 :
2953 5534 3093 5602 apte
3124 5535 3321 5587 tamen
3353 5536 3412 5588 et
3434 5532 3509 5589 ad
3530 5549 3742 5605 prapo-

2092 5622 2293 5678 situm.
2327 5618 2607 5685 Credidit,
2642 5618 2855 5690 inquit.
2890 5617 3190 5673 Abraham
3223 5618 3340 5675 Deo
3367 5618 3527 5689 quod
3559 5619 3737 5676 etiam

2090 5716 2359 5769 mortuos
2384 5709 2515 5765 vita)
2536 5707 2767 5779 reddat,
2799 5707 3323 5795 ideoque.daturus
3355 5712 3513 5764 esset
3535 5712 3596 5763 et
3627 5708 3739 5779 ipsi
