4114 6392
353 369 472 433 403

1469 358 1890 427 CECUMENII
1937 355 2245 420 TRICCA!
2286 360 2669 423 EPISCUPI.

3658 366 3785 428 404

358 519 564 562 semen
597 516 730 557 cum
755 499 883 571 jam
915 498 1230 553 senuisset.
1291 499 1435 553 Nam
1487 497 1586 569 qui
1633 495 1823 549 vivere
1865 490 2008 547 facit

2138 491 2512 565 νενεκρωμὲνῳ
2554 489 2646 548 διὰ
2697 494 2762 550 τὸ
2819 515 2996 571 γηρας
3049 495 3266 569 σώματι
3323 494 3510 553 δοῦναι
3569 498 3790 574 σπέρμα

357 600 624 651 mortuos
657 606 725 644 ac
757 605 826 644 ea
857 605 988 659 quas
1021 605 1139 642 non
1165 588 1387 643 habent
1416 593 1482 641 ut
1512 587 1651 651 sint,
1673 582 1860 638 multo
1885 597 2005 634 ma-

356 685 443 756 gis
478 680 694 752 poterit
723 679 958 749 corpori
993 684 1300 733 senectute
1319 681 1586 732 emortuo
1609 670 2015 745 generativum

359 772 499 826 dare
521 768 904 824 semen.255
932 790 957 815 ‹‹
989 779 1071 821 Ac
1094 773 1260 821 vocat
1291 782 1357 820 ea
1373 782 1502 836 quae
1522 779 1641 818 non
1657 760 2015 817 sunt.aBene

358 860 477 916 ait:
515 881 542 906 (ι
571 857 750 910 Vocat
782 871 851 910 ea
878 871 1008 924 quae
1041 871 1159 909 non
1189 855 1509 924 sunt,sicut
1528 868 1598 906 ea
1628 866 1758 923 quas
1792 853 1948 903 sunt.
1981 867 2009 896 »

362 949 549 1006 Verbo
583 948 742 1003 enim
776 962 845 1001 ea
876 962 1006 1016 quas
1041 963 1162 1001 non
1189 945 1682 1010 sunt,simulcum
1710 939 2012 996 vocatione

355 1038 599 1096 adducit
629 1043 694 1090 ut
724 1036 880 1091 sint:
918 1035 1000 1090 ita
1029 1042 1094 1090 ut
1125 1036 1412 1107 possibile
1444 1036 1521 1090 sit
1576 1031 1732 1105 apud
1792 1031 2010 1101 ipsum,

2121 580 2420 655 ζωογόνον.
2457 606 2484 633 τι
2519 583 2622 638 Καὶ
2679 581 2982 646 καλοῦντος
3037 586 3107 640 τὰ
3167 587 3243 659 μή
3285 585 3434 643 ὅντα.
3500 612 3528 638 n
3586 587 3785 652 Καλῶς

2127 689 2282 745 φησι,
2324 696 2342 720 ι
2381 671 2483 727 Καὶ
2515 670 2816 734 καλοῦντος
2849 675 2916 728 τα
2949 676 3024 747 μὴ
3055 669 3183 729 ὅντα
3242 677 3318 738 ὡς
3367 673 3512 732 ὄντα.
3547 701 3574 728 ››
3621 679 3781 752 Λόγῳ

2123 759 2226 833 γάρ
2255 759 2322 814 τά
2355 761 2430 831 μὴ
2464 757 2593 816 ὄντα
2624 761 2700 826 εἷς
2729 763 2792 817 τὸ
2824 764 2958 818 εἶναι
2988 764 3076 818 καὶ
3111 766 3223 838 ἅμα
3268 771 3347 836 τῷ
3395 765 3617 823 καλέσαι
3645 789 3783 844 παρ-

2124 846 2260 920 άγει,
2295 847 2432 902 ὥστε
2464 851 2599 903 εἶναι
2633 851 2758 923 παρ’
2791 850 2939 923 αότῷ
2971 851 3194 908 δυνατὸν
3236 855 3325 908 καὶ
3358 854 3508 930 ῥᾷον,
3568 857 3658 911 γαὶ
3711 857 3778 913 τὰ

2127 937 2202 1006 μὴ
2233 932 2356 991 ὄντα
2388 938 2462 1000 ὡς
2497 935 2647 1008 ὅντα,
2683 940 2772 994 καὶ
2804 936 3045 1012 ἔμπαλιν
3100 943 3146 998 εἰ
3207 944 3534 1019 βουληθείη,
3589 947 3680 1002 καὶ
3709 949 3780 1003 τά

2123 1024 2280 1087 ’ὄντας
2311 1026 2385 1089 ὡς
2418 1030 2495 1102 μὴ
2526 1024 2654 1083 ὄντα
2685 1028 2874 1085 καλεῖν

361 1135 421 1184 et
477 1143 546 1183 ea
589 1142 720 1198 quas
781 1141 902 1179 non
958 1132 1098 1179 sunt
1142 1132 1209 1181 ut
1262 1141 1331 1180 ea
1389 1142 1515 1196 quae
1567 1128 1726 1186 sunt,
1761 1131 2120 1187 rursumque
2174 1117 2224 1171 si
2283 1117 2630 1176 volueritea
2662 1138 2794 1193 quis
2837 1127 2997 1190 sunt,
3028 1129 3097 1179 ut
3152 1140 3220 1180 ea
3271 1142 3402 1197 quas
3457 1142 3581 1184 non
3639 1133 3788 1187 sunt

359 1233 593 1274 vocare.

429 1306 524 1372 IV,
558 1305 749 1359 18-23.
791 1305 897 1370 Qui
919 1310 1126 1374 praeter
1157 1320 1305 1374 spem
1360 1304 1458 1360 sub
1501 1318 1594 1374 spe
1642 1300 1898 1366 credidit,
1952 1302 2015 1350 ut

361 1398 478 1468 ipse
496 1401 658 1465 pater
685 1397 837 1464 ﬁeret
868 1395 1170 1448 multa-rum
1223 1395 1492 1464 gentium,
1545 1393 1722 1463 juxta
1750 1391 1810 1446 id
1866 1390 2016 1462 quod

359 1486 566 1541 dictum
592 1489 708 1538 est:
739 1483 830 1538 Sic
862 1484 967 1537 erit
996 1498 1180 1537 semen
1211 1489 1386 1537 tuum.
1423 1485 1504 1538 Ac
1552 1498 1661 1536 non
1707 1484 2016 1551 inﬁrmatus

361 1574 490 1643 ﬁde,
523 1572 674 1627 haud
700 1571 1069 1628 consideravit
1100 1587 1298 1642 corpus
1329 1587 1487 1628 suum
1533 1573 1657 1642 jam
1689 1577 2013 1638 emortuum,

363 1680 488 1720 cum
534 1670 746 1718 centum
779 1665 900 1731 fere
955 1669 1116 1718 natus
1161 1667 1292 1718 esset
1350 1677 1542 1727 annos,
1591 1669 1644 1716 et
1710 1668 2017 1716 emortuam

361 1754 649 1808 matricem
681 1751 830 1806 Sara:
863 1768 876 1818 ;
908 1752 1003 1807 sed
1056 1752 1130 1806 ad
1151 1753 1568 1822 promissionem
1599 1751 1694 1805 Dei
1748 1766 1858 1806 non
1915 1749 2019 1805 hae-

366 1845 560 1899 sitavit
588 1841 977 1897 incredulitate
1007 1858 1025 1895 :
1077 1841 1170 1896 sed
1227 1841 1518 1896 roboratus
1574 1847 1652 1895 est
1699 1841 1825 1910 ﬁde,
1881 1839 2017 1896 dans

2192 1295 2286 1356 ’ος
2345 1297 2474 1371 παρ’
2533 1295 2732 1354 ἐλπίδα
2787 1298 2870 1355 ἐπ’
2928 1298 3114 1358 ἐλπίδι
3195 1300 3526 1374 ἐπίστευσεν,
3588 1305 3666 1369 εἷς
3717 1305 3782 1362 τὸ

2122 1383 2361 1456 γενέσθαι
2422 1387 2584 1442 αὐτὸν
2651 1390 2856 1462 πατέρα
2936 1389 3167 1447 πολλῶν
3259 1391 3449 1463 ἐθνῶν,
3529 1395 3667 1451 κατά
3719 1396 3784 1452 τὸ

2123 1471 2432 1548 εἰρημένονο
2493 1475 2681 1540 Οὕτως
2738 1477 2888 1534 ’ἐσται
2957 1481 3021 1535 τὸ
3085 1485 3302 1557 σπέρμα
3361 1505 3478 1541 σου.
3538 1485 3644 1541 Καὶ
3704 1487 3782 1559 μὴ

2125 1564 2418 1634 ἀσθενήσας
2502 1571 2571 1640 τῇ
2649 1569 2850 1637 πίστει,
2928 1571 2990 1625 οὐ
3075 1572 3365 1642 κατενόησε
3445 1575 3508 1629 τὸ
3592 1575 3788 1632 ἐαυτοῦ

2385 1651 2491 1725 ἤδη
2623 1659 3016 1732 νενεκρωμένον
3049 1703 3062 1726 ,
3167 1661 3550 1733 ἐκατονταὲτης
3677 1686 3785 1721 που

2127 1741 2434 1829 ὑπάρχων,
2493 1744 2580 1798 καὶ
2635 1746 2734 1814 τῆν
2794 1744 3052 1821 νέκρωσιν
3112 1754 3211 1819 τῆς
3273 1753 3484 1825 μήτρας
3545 1752 3779 1829 Σάρραςο

2125 1829 2202 1894 είς
2262 1828 2319 1885 δὲ
2373 1834 2474 1902 τήν
2532 1833 2859 1910 ἐπαγγελίαν
2916 1841 3015 1892 τοῦ
3071 1842 3229 1905 Θεοῦ,
3287 1838 3349 1894 οὗ
3409 1828 3669 1914 διεκρίθη
3715 1845 3790 1915 τῇ

2125 1657 2202 1707 σῶ
2211 1673 2284 1724 μα

362 1933 602 2001 gloriam
628 1933 736 1986 Deo
763 1949 775 1999 ;
811 1939 861 1987 et
900 1930 1104 1986 certior
1130 1934 1316 2000 factus
1345 1937 1443 1998 est,
1481 1931 1630 2001 quod
1659 1946 1780 2002 quae
1802 1932 2014 2002 promi-

2138 1919 2372 1992 ἀπιστίᾳ,
2426 1921 2552 1978 ἀλλ’
2609 1921 2992 1997 ἐνεδυναμώθη
3049 1931 3120 2002 τῇ
3179 1927 3378 1997 πίστει,
3438 1928 3566 1995 δοὺς
3625 1929 3786 2006 δόξαν

366 2029 512 2079 serat
531 2030 720 2092 potens
742 2025 814 2078 sit
853 2029 906 2077 et
953 2028 1242 2092 prestare.
1297 2021 1425 2076 Ideo
1477 2023 1644 2076 etiam
1694 2024 2029 2092 imputatum.

367 2119 445 2167 est
474 2113 562 2166 illi
579 2112 654 2166 ad
671 2114 978 2181 justitiam.

455 2309 476 2338 ι
510 2289 616 2354 Qui
641 2296 859 2362 praeter
909 2306 1096 2362 spem.
1157 2310 1184 2339 »
1220 2291 1338 2346 Hoc
1397 2295 1487 2345 est
1534 2290 2033 2362 promissionibus

382 2380 658 2445 credidit,
687 2397 817 2451 quae
849 2379 1403 2451 compleclehantur
1432 2397 1528 2435 res
1558 2381 1880 2438 admodum
1905 2399 2034 2438 cre-

378 2470 509 2525 ditu
537 2468 834 2535 difﬁciles,
869 2469 916 2523 si
952 2469 1279 2524 humanam
1312 2474 1543 2540 spectes
1583 2471 2032 2543 cogitationem.

373 2564 594 2614 Contra
623 2575 810 2628 spem,
846 2558 1060 2628 inquit,
1094 2558 1440 2623 humanam,
1475 2560 1602 2616 sola
1623 2577 1726 2631 spe
1756 2563 1816 2616 in
1849 2563 2034 2618 Deum

377 2647 710 2702 roboratus.
741 2677 808 2688 --
832 2646 947 2701 Sub
981 2663 1104 2717 spe,
1129 2647 1230 2714 ait,
1259 2647 1318 2701 in
1352 2649 1556 2710 Deum,
1610 2657 1825 2721 praeter
1868 2669 2033 2724 spem

375 2733 630 2808 propriae
653 2739 881 2789 natura:
911 2733 1018 2789 sub
1034 2751 1136 2804 spe
1169 2735 1450 2806 potentiae
1469 2737 1598 2806 ejus
1622 2739 1719 2808 qui
1749 2740 2036 2809 promise-

377 2829 486 2880 rat.
520 2846 548 2872 ‹‹
583 2823 898 2880 Multarum
917 2823 1201 2896 gentium.
1223 2846 1250 2872 »
1265 2825 1403 2889 Quae
1419 2825 2034 2886 videlicetsecundum

376 2915 554 2970 ﬁdem
582 2919 862 2968 essentac
893 2913 1526 2984 promissionem.Quis
1551 2921 1642 2972 est
1661 2923 1857 2973 autem
1876 2919 2036 2976 ﬁlius

379 3006 508 3075 ejus
567 3020 672 3074 per
734 3003 911 3058 ﬁdem
968 3020 1035 3058 ac
1085 3004 1545 3074 promissionem
1600 3006 1830 3064 datus?
1875 3010 2036 3066 Isaac

378 3098 537 3149 certe
592 3092 655 3145 ¹⁴.
714 3094 856 3147 Nam
915 3092 1128 3147 Ismael
1192 3093 1516 3150 secundum
1577 3113 1819 3152 carnem
1876 3099 2035 3155 ﬁlius

378 3200 508 3254 ejus
534 3188 678 3237 erat.
714 3187 847 3237 «Ac
907 3200 1026 3238 non
1088 3183 1424 3239 inﬁrmatus
1458 3185 1592 3240 ﬁde.
1630 3208 1658 3236 ››
1691 3189 1871 3244 Multa
1903 3190 2036 3260 qui-

375 3273 510 3328 dem
534 3273 772 3328 inﬁrma
803 3280 991 3337 erant,
1022 3278 1081 3328 et
1110 3290 1240 3343 quas
1283 3273 1461 3329 ﬁdem
1495 3275 1658 3332 illius
1689 3278 2028 3338 imbecilem
2064 3297 2106 3360 ς

380 3362 728 3417 efﬁcerent:
763 3379 967 3418 verum
1002 3363 1076 3417 ad
1110 3362 1261 3416 nihil
1293 3363 1504 3419 horum
1560 3366 1897 3424 inﬁrmatus
1947 3380 2036 3429 est

379 3469 705 3524 generosus
732 3453 1266 3507 animus.Primum
1290 3453 1448 3522 quod
1468 3454 1542 3508 ad
1563 3456 1797 3512 nullum
1831 3460 2038 3531 hujus-

378 3541 541 3596 modi
575 3542 914 3611 exemplum
947 3547 1179 3612 poterat
1208 3543 1526 3612 respicere,
1563 3545 1665 3599 sed
1703 3547 1811 3617 ipsi
1847 3551 2038 3619 primo

383 3630 661 3702 gignendi
695 3646 829 3699 spes
862 3635 1075 3700 praeter
1107 3647 1272 3700 spem
1304 3631 1443 3686 data
1463 3640 1575 3688 est.
1601 3634 1864 3692 Alterum
1880 3641 2039 3708 quod

384 3741 599 3795 corpus
632 3740 805 3779 suum
838 3728 1140 3778 senectute
1166 3728 1292 3778 erat
1343 3731 1701 3782 emortuum.
1753 3730 2034 3792 Tertium.

382 3813 541 3884 quod
575 3813 755 3867 simul
787 3813 966 3867 etiam
1000 3812 1156 3867 Saraa
1187 3813 1401 3868 matrix
1434 3821 1590 3870 esset
1613 3824 1903 3887 emortua,
1928 3837 2037 3877 nec

378 3903 501 3957 ullo
538 3902 712 3957 modo
745 3901 974 3972 prolem
989 3901 1141 3956 ferre
1156 3910 1409 3972 posset.«
1431 3905 1574 3958 Cum
1599 3913 1836 3963 centum
1854 3909 2034 3965 fere.»

378 3993 534 4046 Bene
565 3992 649 4046 ait
692 4008 703 4045 :
742 4015 764 4040 ει
799 3993 981 4046 Natus
1012 4007 1201 4045 annos
1251 3990 1376 4046 fere
1439 4000 1718 4062 centum;
1755 4018 1782 4046 ››
1837 4014 2034 4069 neque

375 4080 537 4135 enim
569 4086 810 4134 centum
835 4085 962 4134 erat
989 4080 1416 4146 annorum,sed
1459 4086 1782 4155 nonaginta
1797 4102 2030 4143 novem.

381 4190 409 4218 ‹‹
439 4167 549 4222 Sed
579 4168 651 4222 ad
679 4166 1137 4238 promissionem
1172 4169 1297 4222 Dei.
1364 4191 1391 4218 »
1432 4172 1578 4225 Nam
1636 4189 1883 4243 cperum
1929 4176 2030 4230 de-

375 4256 729 4311 monstratio
761 4272 881 4309 non
915 4261 1060 4319 erat,
1096 4256 1200 4310 sed
1245 4257 1404 4312 nuda
1460 4259 1654 4314 verba.
1691 4282 1718 4309 «
1753 4264 1878 4316 Non
1911 4262 2030 4318 hib-

375 4344 572 4398 sitavit
620 4343 1053 4397 incredulitate.
1094 4365 1121 4391 ››
1173 4345 1298 4398 Non
1331 4345 1414 4399 ait
1465 4349 1637 4401 :Non
1698 4349 1808 4405 fuit
1839 4351 2031 4408 incre-

377 4433 738 4494 dulus,256
763 4431 864 4487 sed
885 4454 913 4482 ‹‹
950 4435 1072 4486 Non
1104 4434 1415 4503 haesitavit,
1452 4457 1479 4484 ››
1505 4436 1616 4491 hoc
1631 4445 1740 4503 est,
1770 4456 1890 4495 non
1924 4458 2028 4497 va-

376 4522 616 4590 cillavit,
643 4539 763 4577 non
796 4521 1102 4576 dubitavit.
1144 4545 1169 4572 ‹‹
1196 4524 1305 4578 Sed
1339 4524 1650 4582 roboratus
1699 4535 1789 4583 est
1837 4531 2026 4586 ﬁde.»

375 4612 966 4679 Dicens,Boboratus
988 4620 1097 4680 est,
1149 4613 1408 4668 ostendit
1455 4616 1642 4670 multo
1701 4618 1903 4676 labore
1960 4637 2029 4676 ac
2060 4655 2102 4717 Β

375 4702 587 4759 virtute
613 4702 798 4758 animi
825 4701 1004 4757 ﬁdem
1045 4702 1241 4772 dirigi.
1275 4726 1303 4752 ‹‹
1334 4705 1488 4759 Dans
1519 4705 1768 4776 gloriam
1831 4711 1970 4767 Deo,
1996 4735 2023 4759 ››

373 4795 638 4858 Quonam
673 4798 840 4861 pacto
873 4791 1185 4847 roboratus
1216 4793 1344 4847 est?
1371 4794 2021 4870 Dans,inquit,gloriam

372 4883 512 4946 Deo,
537 4883 648 4936 hoc
680 4889 915 4944 est,non
941 4880 1172 4935 curiose
1203 4887 1500 4937 scrutatus
1519 4887 1816 4953 quomodo
1832 4890 2023 4957 possi-

369 4969 487 5024 bile
520 4975 675 5024 esset
702 4970 810 5023 hoc
842 4970 992 5036 ﬁeri,
1026 4987 1287 5040 quonam
1319 4979 1489 5042 pacto
1551 4974 1608 5028 id
1643 4977 1770 5030 fieri
1802 4978 2029 5034 contin-

375 5065 565 5130 geret,
597 5059 895 5127 quomodo
919 5058 979 5112 id
1012 5060 1231 5130 suscipi
1255 5067 1492 5130 posset:
1530 5065 1633 5118 sed
1666 5066 1868 5121 statim
1896 5084 2026 5122 cre-

372 5146 556 5207 didit,
616 5147 922 5216 Deumque
981 5148 1339 5204 collaudavit
1405 5157 1689 5222 tanquam
1747 5155 2024 5212 beneﬁcii

374 5243 785 5296 auctorem.ac
819 5236 866 5290 si
891 5237 1018 5306 jam
1051 5238 1314 5294 dedisset
1353 5241 1512 5310 quod
1543 5249 1671 5297 erat
1699 5244 2024 5314 pollicitus.

380 5349 406 5373 ιι
447 5325 510 5377 Et
556 5324 774 5378 certior
822 5324 1011 5380 factus
1072 5333 1179 5381 est.
1233 5351 1261 5377 »
1321 5331 1446 5384 Non
1520 5329 1686 5398 dixit,
1741 5335 2007 5390 Credidit

371 5413 476 5469 sed
537 5413 749 5484 majori
811 5413 1100 5484 emphasi,
1157 5418 1385 5474 Certior
1429 5420 1618 5476 factus
1673 5395 1782 5477 est.
1829 5445 1854 5473 α
1890 5395 2026 5480 Ideo

364 5505 544 5561 etiam
577 5503 934 5575 imputatum
983 5512 1073 5560 est
1130 5506 1216 5562 illi
1279 5509 1350 5564 ad
1401 5511 1719 5581 justitiam.
1764 5535 1792 5564 »
1858 5514 2027 5572 Vides

370 5592 530 5667 quod
559 5607 594 5649 ο.
615 5591 1108 5666 ﬁdejustiﬁcatus
1135 5601 1225 5652 est
1253 5596 1281 5652 ?

445 5722 490 5759 "
521 5721 708 5780 Galat.
744 5737 817 5791 iv,
851 5723 919 5777 2!
949 5737 1118 5795 seqq.

2136 2013 2217 2098 τῷ
2272 2015 2410 2082 Θεῷ⁶
2487 2013 2575 2066 καὶ
2633 2016 3087 2090 πληροιρορηθεὶς
3145 2015 3230 2074 ὅτι
3314 2019 3345 2074 ὅ
3428 2019 3790 2098 ἐπήγγελται,

2139 2095 2360 2184 δυνατός
2393 2098 2506 2155 ἐστι
2535 2101 2624 2156 καὶ
2655 2109 2903 2173 ποιῆσαι.
2939 2105 3034 2162 Διὸ
3063 2105 3153 2161 καὶ
3184 2105 3446 2183 ἐλογίσθη
3505 2095 3654 2184 αῦτῷ
3707 2111 3788 2175 ιῗς

2138 2183 2511 2257 δικαιοσύνην.

2212 2277 2363 2352 [ΤΟΥ
2391 2278 2658 2354 ΑΥΤΟΥ.]
2691 2302 2720 2332 α
2759 2282 2858 2344 ’⁸ος
2917 2285 3046 2357 παρ’
3102 2281 3319 2346 ἐλπίδα.
3381 2310 3409 2339 ››
3467 2289 3618 2344 Ἀντὶ
3670 2294 3793 2363 τοῦ,

2140 2367 2491 2442 ἐπαγγελίαις
2522 2367 2822 2442 ἐπίστευσε,
2855 2375 3000 2428 πολὺ
3029 2375 3090 2430 τὸ
3123 2374 3447 2433 ἀνέλπιστον
3505 2379 3794 2456 ἐχούσαις,

2139 2457 2645 2548 ητάγάνθρώπινον
2680 2458 2968 2537 λογισμόν.
3030 2465 3160 2541 Παρ’
3219 2463 3416 2522 ἐλπίδα
3453 2469 3576 2545 γάρ,
3636 2473 3798 2548 φησὶ,

2137 2549 2239 2616 τήν
2270 2547 2642 2621 ἀνθρωπίνην,
2704 2551 2843 2625 μόνῃ
2899 2550 3176 2625 ἐδρασθεῖς
3233 2560 3300 2629 τῇ
3361 2556 3450 2612 ἐπὶ
3506 2547 3657 2615 Θεὸν
3695 2559 3795 2616 kx-

2141 2633 2281 2691 πίδι.
2332 2669 2400 2679 -
2459 2638 2969 2716 [ΣΕΙἮΡΙΑΝΟΥ.]
3029 2643 3146 2700 Ἐπ’
3204 2643 3387 2700 ἐλπίδι
3443 2648 3571 2723 γὰρ,
3630 2651 3791 2724 φησὶ,

2137 2729 2206 2798 τῇ
2238 2729 2334 2812 τοῦ
2365 2731 2518 2795 Θεοῦ,
2577 2728 2706 2801 παρ’
2754 2726 2951 2785 ἐλπίδα
3003 2739 3104 2802 τῆς
3160 2733 3364 2796 οἰκείας
3421 2736 3652 2812 φύσεως,
3704 2739 3791 2794 ἐπ’

2142 2811 2326 2869 ἐλπίδι
2355 2835 2454 2884 της
2487 2820 2582 2870 τοῦ
2614 2817 3082 2892 ἐπαγγειλαμένου
3115 2811 3443 2895 δυνάμεως(
3471 2849 3500 2878 α
3559 2825 3789 2882 Πολλῶν

2142 2905 2330 2968 ἐθνῶν,
2367 2929 2395 2955 ››
2428 2909 2546 2962 Τῶν
2576 2907 2712 2960 κατά
2747 2906 2921 2962 πίστιν
2953 2910 3043 2963 καὶ
3076 2910 3431 2988 ἐπαγγελίαν.
3465 2914 3560 2976 Τίς
3605 2912 3660 2969 δὲ
3689 2914 3784 2970 αὖε

2139 2997 2240 3047 τοῦ
2271 2994 2387 3056 υἱὸς
2421 2991 2510 3048 διὰ
2539 2997 2772 3058 πίστεως
2829 2998 2921 3051 καὶ
2979 2999 3299 3073 ἐπαγγελίας
3332 2999 3512 3066 δοθείς
3543 3024 3558 3073 ;
3590 3000 3792 3072 δηλον-

2141 3084 2224 3138 ότι
2285 3084 2482 3143 ἰσαάκη
2541 3087 2602 3141 Ὀ
2658 3085 2763 3160 γάρ
2811 3087 3066 3159 Ἰσμαὴλ,
3127 3091 3264 3146 κατά
3350 3092 3520 3166 σάρκα
3577 3093 3644 3162 ἦν
3701 3092 3794 3149 αὖ·

2139 3177 2254 3228 τοῦ.
2290 3199 2315 3224 ‹‹
2355 3173 2449 3230 Καὶ
2487 3175 2562 3246 μή
2594 3174 2893 3244 ἀσθενήσας
2923 3181 2990 3251 τῇ
3023 3179 3224 3239 πίστει.
3261 3206 3286 3233 η
3342 3180 3534 3238 Πολλά
3597 3184 3692 3254 μέν
3722 3183 3789 3254 ἧν

2142 3263 2209 3318 τα
2246 3263 2464 3333 ἀσθενῆ,
2525 3263 2614 3318 καὶ
2675 3263 2948 3338 ἀδύναμον
3009 3266 3174 3324 αὐτοῦ
3231 3271 3329 3337 τήν
3388 3272 3567 3327 πίστιν
3629 3294 3801 3349 παρα·

2148 3352 2474 3422 σκευάζοντα
2502 3355 2770 3427 γενέσθαι,
2803 3352 2929 3411 ἀλλ’
2960 3355 3086 3412 οὐδὲ
3117 3359 3250 3434 πρὸς
3306 3355 3361 3414 ἓν
3419 3361 3714 3433 ἠσθένησεν
3763 3365 3800 3434 ἠ

2146 3442 2364 3517 γενναία
2402 3443 2580 3515 ψυχή.
2641 3447 2863 3516 Πρῶτον
2922 3444 3007 3500 ὅτι
3061 3447 3198 3520 πρὸς
3256 3446 3383 3504 οὐδὲ
3439 3447 3489 3505 ἔν
3545 3457 3804 3509 τοιοῦτον

2146 3526 2493 3604 παράδειγμα
2524 3527 2654 3586 ἰδεῖν
2685 3531 2938 3602 ἠδύνατο,
2972 3534 3117 3590 ἀλλά
3159 3539 3365 3613 πρώτῳ
3422 3541 3574 3612 αὐτῷ
3605 3543 3639 3610 ἡ
3698 3548 3802 3612 τῆς

2144 3622 2266 3694 παρ’
2302 3617 2499 3676 ἐλπίδα
2535 3617 2890 3685 παιδοποιίας
2951 3620 3166 3681 δέδοται
3227 3627 3543 3703 ἐπαγγελία.
3605 3631 3801 3686 Arhe-

2144 3731 2261 3783 ρον,
2313 3711 2373 3766 τὸ
2403 3713 2760 3783 νενεκρῶσθαι
2803 3713 2966 3768 αὐτοῦ
3027 3715 3104 3786 τῷ
3153 3717 3299 3790 γήρᾳ
3329 3717 3390 3772 τὸ
3448 3723 3630 3793 σῶμα.
3664 3719 3806 3792 Τρί-

2139 3825 2256 3874 τον,
2313 3804 2375 3858 τὸ
2433 3806 2889 3876 συννενεκρῶσθαι
2943 3805 3042 3872 τήν
3129 3809 3338 3882 μήτραν
3406 3810 3643 3886 Σάῥρας,
3703 3811 3800 3866 καὶ

2140 3891 2417 3954 ἀδυνάτως
2476 3889 2622 3966 ἔχειν
2683 3895 2819 3966 πρὸς
2877 3893 3246 3956 παιδοποιίαν.
3283 3920 3308 3952 ι
3367 3899 3799 3972 Ἑκατονταέτης

2140 4003 2266 4038 που.
2302 4005 2329 4034 n
2366 3980 2575 4050 Καλῶς,
2606 3983 2688 4050 τὸ,
2749 4006 2778 4034 ‹‹
2840 3983 3265 4056 Ἐκατονταὲτης
3321 4009 3426 4042 που
3487 4013 3508 4039 ι
3573 3990 3634 4043 οὐ
3690 3991 3801 4066 γάρ

2139 4071 2204 4140 ἦν
2239 4071 2641 4140 ἐκατυνταέτης,
2727 4070 2854 4127 ἀλλ’
2927 4074 3449 4144 ἐννενηκονταεννέα.
3489 4100 3511 4127 ι
3573 4077 3668 4141 Ei:
3731 4077 3794 4135 δὶ

2137 4161 2234 4228 τήν
2268 4157 2596 4230 ἐπαγγελίαν
2636 4164 2733 4214 τοῦ
2765 4163 2918 4218 Θεοῦ.
2954 4186 2981 4213 ι)
3014 4163 3091 4218 0'5
3122 4165 3222 4238 γάρ
3271 4164 3338 4234 ἦν
3367 4160 3539 4240 ἔργων
3573 4165 3793 4224 ἀπόδειο

2136 4249 2238 4318 εις,
2273 4245 2417 4302 ἀλλά
2446 4247 2582 4321 ψιλά
2612 4248 2851 4324 ῥήματα.
2886 4276 2913 4302 (ι
2947 4250 3024 4307 Uti
3055 4249 3300 4325 διεκρίθη
3359 4258 3426 4325 τῇ
3478 4255 3721 4326 ἀπιστία.
3759 4283 3784 4313 ι

2138 4338 2256 4394 Οὐκ
2293 4337 2460 4391 εἶπεν’
2523 4337 2643 4394 Οὐκ
2697 4337 3020 4409 ἠπίστησεν,
3099 4340 3248 4406 ἀλλ’,
3326 4343 3459 4398 «ού
3537 4342 3784 4420 διεκρίθη

2137 4431 2203 4496 τῇ
2235 4426 2477 4497 ἀπιστίᾳ,
2510 4451 2535 4480 ι
2569 4429 2865 4497 τουτέστιν,
2925 4426 3052 4485 οὐδὲ
3110 4429 3406 4488 ἐνεδοίασεν
3467 4432 3590 4489 οὐδέ
3641 4437 3793 4512 ἀμφ-

2135 4511 2346 4573 έϐαλεν.
2427 4541 2454 4568 ι(
2491 4515 2648 4574 Ἀλλ’
2687 4515 3074 4593 ἐνεδυναμώθη
3133 4525 3201 4595 τῇ
3263 4522 3463 4582 πίστει,
3524 4546 3550 4578 ο
3603 4511 3793 4582 Εἰπὼν

2137 4603 2578 4679 Ἐνεδυναμώθη,
2611 4605 2847 4662 δείκνυσι
2905 4606 3106 4681 πολλῴ
3136 4613 3369 4685 καμάτῳ
3415 4613 3506 4668 καὶ
3565 4611 3796 4689 δυνάμει

2134 4699 2322 4773 ψυχῆς
2356 4696 2796 4768 κατορθουμένην
2829 4697 2928 4766 τήν
2963 4697 3160 4755 πίστιν.
3215 4727 3235 4751 ι
3300 4701 3435 4766 Δοὺς
3492 4699 3647 4773 δόξαν
3705 4709 3793 4778 τῷ

2137 4789 2270 4853 Θεῷ,
2306 4807 2332 4832 ››
2386 4787 2506 4843 Πῶς
2565 4781 2994 4857 ἐνεδυναμώθης
3058 4787 3190 4848 Δοὺς
3253 4785 3432 4859 δόξαν,
3492 4791 3649 4870 φησὶ,
3707 4794 3790 4866 τῷ

2136 4877 2274 4941 Θεῷ,
2333 4871 2628 4942 τουτέστιν,
2682 4874 2745 4928 οὐ
2822 4878 3317 4953 περιεργασάμενος
3375 4885 3492 4942 πῶς
3549 4881 3796 4957 ἐγχωρεῖ

2136 4965 2295 5015 τοῦτο
2320 4959 2582 5034 γενέσθαι,
2662 4967 2778 5024 πῶς
2852 4958 2930 5018 ἔνι
3006 4962 3248 5035 δυνατὸν,
3323 4973 3440 5031 πῶς
3489 4966 3794 5046 ἐνδέχεται,

2135 5048 2261 5106 ἀλλ’
2309 5049 2460 5113 εὐθὺς
2519 5050 2806 5114 πιστεύσας
2864 5052 2954 5107 καὶ
3007 5051 3314 5130 εὐλογήσας
3375 5058 3451 5119 ὡς
3502 5057 3795 5135 εὐεργέτην

2134 5141 2224 5194 τὸν
2254 5139 2407 5207 Θεὸν,
2459 5137 2532 5200 ὠς
2593 5137 2700 5210 ἤδη
2761 5137 3038 5196 δεδωκότα
3091 5143 3154 5199 τὸ
3211 5144 3561 5222 ἐπαγγελθέν.
3600 5171 3629 5200 ι(
3684 5149 3800 5207 Καὶ

2136 5228 2606 5310 πληροφορηθείς.
2666 5255 2694 5282 ››
2752 5231 2868 5290 Οὐκ
2915 5233 3034 5288 εἶπε
3120 5236 3442 5305 ΙῙιστεύσας,
3492 5236 3618 5293 ἀλλ’
3694 5242 3797 5313 ἐμ-

2138 5321 2526 5395 φατικώτερον,
2555 5343 2584 5376 (ι
2615 5320 3084 5402 πληροφορηθείς.
3122 5349 3150 5378 ››
3181 5351 3206 5378 α
3248 5328 3340 5381 Διὸ
3399 5328 3489 5382 καὶ
3521 5328 3790 5405 ἐλογίσθη

2136 5409 2283 5482 αὐτῷ
2329 5410 2403 5472 εἰς
2465 5409 2833 5483 δικαιοσύνην.
2886 5439 2914 5466 »ι
2975 5415 3135 5490 Ὁρᾷς
3195 5414 3276 5472 ὅτι
3363 5418 3470 5473 ἀπὸ
3549 5419 3792 5487 πίστεως

2139 5499 2431 5569 ἐδικαιώθη
2462 5521 2477 5568 ;
