4114 6402
294 425 412 490 405

297 654 452 725 αὖτῲ
485 699 499 721 ,
552 650 710 708 ἀλλὰ
782 654 875 707 καὶ
930 650 1000 706 δι’
1057 654 1204 724 ἡμᾶς
1262 653 1345 715 οἷς
1401 652 1596 726 μέλλει
1659 652 1970 730 λογίζεσθαι

301 749 422 806 τοῖς
477 742 830 798 πιστεῦουσιν
919 741 1004 797 ἐπὶ
1089 742 1184 798 τὸν
1261 741 1515 818 ὲγείρατα
1592 743 1804 812 Ἰησοῦν
1876 745 1966 797 τὸν

306 837 510 909 Κῦριον
571 835 736 905 ἡμῶν
803 831 864 886 ἐκ
919 836 1168 907 νεκρῶν,
1228 832 1286 895 ὃς
1371 827 1645 908 πορεδόθη
1739 829 1828 887 δ.α
1900 833 1968 887 τὰ

300 923 727 996 παραπτώματα
785 924 973 996 ἡμῶν,
1029 921 1120 976 καὶ
1179 921 1388 996 ἠγέρθη
1451 919 1540 978 διὰ
1579 925 1678 992 τήν
1739 919 1963 978 δικαίω-

299 1034 386 1068 σιν
419 1016 453 1081 ἡ
465 1017 605 1085 μῶν.

376 1101 514 1158 Εἶτα
563 1098 653 1154 ἳνα
705 1100 782 1173 μὴ
835 1096 1070 1173 λέγωσιν
1104 1101 1158 1155 οἱ
1215 1099 1503 1175 ἀκροαταὶ,
1561 1099 1664 1157 Καὶ
1718 1100 1773 1156 τὶ
1825 1101 1965 1174 πρὸς

296 1193 456 1264 ἡμᾶς
489 1211 503 1261 ;
535 1190 742 1252 ἐκεῖνος
792 1190 896 1266 γαρ
943 1184 1261 1261 ἐδικαιώθη·
1319 1188 1530 1267 ἐπάγει,
1563 1191 1648 1247 ’ὁτι
1678 1195 1848 1246 ταῦτα
1899 1192 1964 1247 οὗ

296 1281 471 1360 χάριν
507 1278 680 1353 μόνου
718 1283 816 1333 τοῦ
846 1279 1191 1355 πατριάρχου
1222 1278 1548 1357 γέγραπται,
1582 1277 1730 1335 ἀλλὰ
1757 1278 1848 1333 καὶ
1895 1275 1965 1334 δι’

298 1372 479 1442 ἡμᾶς,
508 1370 602 1424 ἳνα
632 1365 984 1443 παράδειγμα
1030 1369 1124 1422 τὸν
1185 1365 1437 1443 Ἀϐραάμ
1495 1362 1746 1442 ἔχοντες,
1777 1368 1962 1423 πιστοὶ

295 1480 358 1516 τε
388 1459 603 1532 ὁμοίως
660 1457 961 1532 γινώμεθα,
1018 1458 1110 1512 καὶ
1164 1458 1435 1532 ὁμοίωςὴ
1467 1457 1651 1522 πίστις
1698 1459 1835 1529 ἡμῖν
1885 1456 1963 1519 εἲς

299 1546 660 1616 δικαιοσύνην
693 1545 1008 1623 λογίζηται.
1043 1571 1071 1599 ‹‹
1105 1547 1211 1604 Επὶ
1241 1547 1334 1602 τὸν
1362 1546 1640 1623 ἐγείραντα
1671 1549 1904 1616 Ἰησοῦν.
1931 1569 1960 1598 ι)

306 1638 542 1715 Εὐφυῶς
590 1631 866 1692 εἰσέϐαλεν
924 1636 999 1698 εἰς
1053 1637 1147 1692 τὸν
1202 1636 1326 1709 περὶ
1381 1641 1480 1691 τοῦ
1512 1636 1713 1712 Κυρίου
1771 1635 1958 1712 λόγον,

297 1726 393 1782 καί
426 1747 606 1804 φησιν*
640 1726 719 1783 Oti
779 1724 869 1780 διά
925 1727 1020 1788 τὰς
1081 1723 1287 1787 οἰκείας
1350 1724 1617 1799 ἁμαρτίας
1675 1724 1957 1794 ἀπέθανεν,

299 1813 424 1870 ἰπεὶ
455 1811 580 1870 οὖδὶ
632 1813 991 1883 ἀνασταθῆναι
1049 1813 1213 1869 αὐτὸν
1269 1809 1376 1869 ἔδει
1427 1811 1611 1890 ὥσπερ
1670 1811 1796 1869 οὐδὲ
1850 1813 1958 1889 πρὸ

303 1904 509 1960 τούτου
540 1924 637 1973 τις,
670 1901 820 1959 ἀλλὰ
851 1900 940 1958 διά
968 1903 1063 1965 τάς
1092 1905 1254 1973 ἡμῶν
1314 1903 1602 1977 ἁμαρτίας,
1631 1900 1726 1958 ’ίνα
1777 1902 1828 1972 ἒξ
1860 1903 1953 1958 αὖ·

300 1998 416 2050 τῶν
447 1995 592 2066 ἡμᾶς
619 1990 926 2065 ἀπαλλάξῃ.
962 2015 990 2044 ‹‹
1025 1991 1128 2048 Καὶ
1159 1990 1366 2068 ἠγέρθη
1403 1989 1492 2046 διὰ
1528 1993 1626 2061 τήν
1669 1990 1950 2047 δικαίωσιν

292 2084 483 2155 ἡμῶν.
520 2105 542 2133 ι
577 2082 708 2149 Ἵνα,
741 2080 898 2158 φησὶ,
958 2077 1226 2156 δικαιώσῃ
1285 2083 1454 2153 ἡμᾶς,
1513 2080 1602 2135 καὶ
1661 2078 1950 2156 ἀπαλλάξῃ

289 2173 582 2246 ἁμαρτιῶν
645 2170 725 2229 Οὐ
757 2169 861 2247 γὰρ
886 2166 976 2224 διὰ
1003 2174 1175 2225 τοῦτο
1208 2167 1631 2242 οἰκειωσάμενος
1661 2170 1756 2231 τὰς
1789 2171 1954 2245 ἡμῶν

291 2261 610 2338 ἁμαρτίας,
670 2256 830 2330 δίκην
886 2259 1116 2324 θανάτου
1175 2255 1403 2316 δέδωκεν
1466 2260 1600 2336 ὑπὲρ
1653 2258 1955 2332 ἡμῶν,⁹ίνα

290 2353 447 2426 ἡμᾶς
491 2349 818 2414 ὑπευθύνους
873 2348 962 2404 καὶ
1020 2351 1303 2428 χρεώστας
1360 2343 1464 2425 ἔχῃ
1529 2349 1779 2417 θανάτου,
1828 2349 1956 2406 ἆΑλ⁹

285 2441 382 2496 ἵνα
418 2438 691 2514 δικαιώσῃ
727 2441 895 2512 ἡμᾶς,
940 2439 1166 2510 ζωώσας
1198 2439 1419 2514 νεκροὺς
1451 2439 1609 2503 ὄντας
1667 2444 1734 2514 τῇ
1767 2442 1952 2516 ἀμαρ-

288 2530 431 2603 τῖᾳ,
516 2529 607 2585 καὶ
665 2527 878 2585 τέλεΰν”
911 2529 1226 2592 ἀνευθύνους
1285 2529 1419 2605 ἀφῇ⁹
1479 2527 1660 2605 ὥσπερ
1715 2529 1806 2584 καὶ
1861 2531 1952 2584 τὸν

292 2615 558 2696 Ἀϐραὰμ
590 2618 678 2674 καὶ
712 2621 812 2688 τήν
862 2625 962 2688 τῆς
996 2618 1205 2696 Σάρρας
1264 2620 1476 2692 μήτραν
1533 2617 1612 2692 τῷ
1668 2621 1814 2697 γήρᾳ
1863 2619 1954 2676 καὶ

288 2714 362 2784 τῇ
448 2709 763 2785 στειρότητι
819 2707 1186 2784 νεκρωθέντας
1271 2709 1557 2779 ἀνεζώωσε
1635 2712 1704 2782 τῇ
1767 2730 1951 2765 τεκνο-

292 2802 476 2877 γονίᾳ.

950 2889 1310 2957 ΚΕΦΑΑ.ς.

651 2977 788 3052 Περὶ
812 2982 914 3048 τῆς
947 2975 1311 3050 ἀποκειμένης
1342 2973 1589 3038 ἐλπίδος.

377 3069 752 3133 Δικαιωθέντες
833 3067 928 3122 οὗν
1008 3065 1068 3123 in
1143 3066 1377 3129 πίστεως
1433 3067 1658 3141 εῗρήνην
1726 3060 1948 3144 ἔχωμεν

296 3158 439 3233 πρὸς
487 3158 612 3214 Θεὸν
668 3156 758 3214 διὰ
812 3161 912 3213 τοῦ
971 3156 1170 3231 Κυρίου
1227 3159 1390 3229 ἡμῶν
1445 3158 1624 3228 Ἰησοῦ
1686 3161 1948 3232 Χριστοῦ’

1399 430 1816 493 COMMENT.
1861 431 1939 492 ΙΝ
1986 435 2237 496 EPIS'I‘.
2285 439 2390 500 AD
2435 439 2626 500 ROM.

371 561 485 620 Οὔκ
541 560 759 639 ἔγράςρη
851 558 910 618 δὲ
981 558 1057 618 δι’
1112 561 1276 618 αὐτὸν
1348 563 1514 638 μόνον
1571 562 1657 619 ὅτι
1707 562 1968 640 ἐλογίσθη
2002 572 2047 635 Α

3621 438 3738 498 406

2155 568 2243 638 IV,
2278 574 2460 635 23-25.
2494 574 2611 629 Non
2639 579 2823 630 autem
2860 576 3124 645 scriptum
3175 580 3254 630 est
3299 579 3532 645 propter
3576 573 3737 630 illum

2075 661 2252 716 solum
2305 665 2456 732 quod
2483 663 2820 734 imputatum
2875 667 2946 720 sit
2978 666 3104 735 ipsi.
3138 664 3232 719 sed
3289 667 3454 719 etiam
3503 671 3740 734 propter

2074 766 2171 805 nos
2198 753 2399 822 quibus
2448 755 2821 824 imputabitur
2872 755 3216 808 credentibus
3246 753 3304 808 in
3334 771 3454 808 eum
3486 756 3584 826 qui
3610 770 3725 809 sus-

2074 841 2270 894 citavit
2297 843 2479 896 Jesum
2515 844 2801 897 Dominum
2829 848 3076 897 nostrum
3107 859 3142 895 α
3171 843 3398 896 mortuis
3433 859 3447 895 :
3487 845 3584 912 qui
3615 850 3727 896 tra-

2074 930 2225 985 ditus
2243 932 2356 1000 fuit
2385 939 2616 1002 propter
2642 937 2870 1002 peccata
2897 937 3108 998 nostra,
3139 937 3191 984 et
3221 933 3525 985 resurrexit
3544 949 3720 1002 prop-

2073 1035 2172 1074 eer
2189 1021 2646 1090 justiﬁeationem
2677 1028 2946 1075 nostram.

2151 1110 2232 1164 Ne
2265 1108 2468 1164 dicant
2498 1109 2836 1166 auditores:
2868 1109 2936 1165 Et
2963 1107 3109 1181 quid
3139 1108 3214 1164 ad
3241 1123 3351 1163 nos
3375 1108 3404 1162 ‘2
3431 1107 3538 1163 Ille
3567 1108 3728 1164 enim

2062 1197 2428 1269 justiﬂcatus
2460 1203 2569 1267 est,
2597 1215 2719 1254 non
2749 1215 2857 1254 nos
2881 1213 2894 1253 :
2930 1197 3238 1269 subjungit
3266 1195 3426 1268 quod
3447 1196 3574 1252 hmo
3603 1213 3723 1252 non

2072 1286 2261 1343 solius
2292 1287 2646 1360 patriarchas
2689 1288 2879 1360 gratia
2936 1288 3158 1358 scripta
3216 1291 3374 1352 sunt,
3409 1286 3513 1342 sed
3545 1287 3726 1343 etiam

2070 1381 2312 1449 propter
2329 1383 2550 1444 nos,ut,
2574 1377 2826 1434 Abrahae
2849 1377 3189 1449 exemplum
3207 1375 3516 1443 habentes,
3542 1377 3725 1432 simili

2071 1466 2247 1522 modo
2290 1466 2498 1523 fideles
2537 1467 2893 1533 efﬁciamur,
2926 1472 2984 1522 et
3032 1466 3309 1522 similiter
3341 1464 3490 1521 fides
3549 1466 3728 1521 nobis

2069 1556 2396 1628 imputetur
2437 1557 2511 1612 ad
2560 1557 2882 1628 justitiam.
2919 1577 2947 1606 «
2975 1558 3041 1611 In
3073 1572 3209 1610 eum
3271 1555 3373 1626 qui
3424 1555 3728 1612 suscitavit

2066 1647 2287 1701 Jesum.
2324 1668 2350 1693 n
2386 1647 2736 1702 Sermonem
2785 1646 2858 1702 de
2909 1646 3162 1701 Domino
3221 1651 3355 1717 apte
3415 1660 3723 1717 aggressus

2068 1743 2175 1801 est,
2211 1741 2269 1791 et
2297 1735 2411 1791 ait:
2455 1737 2580 1792 Non
2609 1741 2851 1808 propter
2884 1751 2991 1790 sua
3022 1740 3266 1807 peccata
3296 1740 3566 1790 mortuus
3597 1738 3720 1800 est;

2065 1841 2204 1880 nam
2245 1826 2357 1881 hoc
2417 1825 2592 1880 modo
2651 1842 2772 1880 non
2814 1824 3118 1880 debuisset
3169 1839 3502 1897 resurgere.
3539 1821 3716 1878 sicuti

2065 1928 2260 1984 neque
2283 1913 2579 1985 quispiam
2597 1919 2734 1968 ante
2751 1913 2942 1974 illum.
2966 1912 3070 1968 sed
3086 1919 3327 1984 propter
3348 1915 3553 1966 nostra
3577 1925 3717 1982 pec-

2062 2009 2213 2070 cata,
2247 2010 2313 2058 ut
2340 2020 2448 2058 nos
2470 2003 2543 2059 ab
2575 2003 2660 2058 eis
2693 2003 2994 2066 liberaret,
3028 2003 3174 2058 251
3234 2025 3254 2050 ι
3291 2003 3362 2056 Et
3390 1999 3716 2056 resurrexit

2063 2091 2823 2164 propterjustiﬁcationem
2860 2097 3146 2147 nostram.
3211 2091 3284 2145 Ut
3327 2106 3460 2154 nos,
3492 2088 3710 2159 inquit,

2057 2181 2437 2252 justiﬂcaret,
2489 2187 2602 2236 eta
2632 2181 2892 2252 peccatis
2950 2179 3252 2235 liberaret.
3308 2180 3508 2249 Neque
3551 2177 3714 2232 enim

2063 2269 2284 2326 idcirco
2306 2276 2510 2325 nostra
2540 2276 2783 2342 peccata
2805 2270 2917 2324 sibi
2953 2269 3196 2342 propria
3225 2267 3385 2334 fecit,
3408 2283 3476 2321 ac
3508 2265 3716 2320 mortis

2065 2376 2299 2433 pmnam
2333 2376 2438 2432 pro
2465 2359 2637 2413 nobis
2662 2359 2788 2414 luit.
2811 2375 2928 2430 quo
2947 2375 3080 2413 reos
3101 2375 3170 2413 ac
3191 2356 3400 2412 mortis
3419 2355 3718 2410 debitores

2063 2467 2185 2505 non
2211 2449 2489 2507 haberet:
2515 2449 2619 2504 sed
2643 2455 2705 2503 ut
2722 2447 3216 2520 eosjustiﬂca’ret,
3242 2447 3460 2501 donata
3478 2445 3596 2499 vita
3620 2443 3713 2498 his

2065 2540 2166 2612 qui
2197 2540 2259 2595 in
2290 2539 2546 2612 peccatis
2600 2538 2819 2594 mortui
2869 2544 3057 2600 erant.
3119 2543 3176 2592 et
3230 2536 3490 2608 perfecte
3550 2538 3719 2589 reatu

2064 2629 2284 2686 liberos
2315 2629 2681 2684 dimitteret:
2716 2627 3219 2699 quemadmodum
3243 2633 3303 2681 et
3331 2623 3627 2680 Abraham
3651 2639 3720 2678 ac

2063 2719 2219 2776 Sarae
2251 2719 2562 2774 matricem
2594 2723 2900 2773 senectute
2932 2733 3000 2772 ac
3032 2716 3345 2772 sterilitate
3363 2716 3493 2785 jam
3523 2728 3718 2770 emor-

2062 2814 2196 2864 tuos
2229 2808 2358 2865 vitae
2389 2808 2672 2872 restituit,
2706 2807 3088 2878 ﬁliorumque
3120 2803 3546 2878 procreatioui.

2701 2897 2934 2952 CAPUT
2973 2896 3070 2950 VI.

2631 2986 2707 3040 De
2744 2986 2984 3055 reposita
3026 3000 3138 3056 spe.

2136 3077 2199 3143 V,
2237 3081 2286 3139 1.
2318 3080 2371 3131 2.
2404 3077 2702 3147 Justiﬁcati
2755 3090 2885 3145 ergo
2915 3090 2985 3129 ea:
3012 3075 3146 3144 fide,
3171 3088 3365 3144 pacem
3417 3071 3713 3127 habeamus

2061 3184 2194 3238 erga
2227 3169 2395 3222 Deum
2433 3183 2538 3238 per
2569 3168 2856 3221 Dominum
2902 3171 3149 3220 nostrum
3198 3166 3382 3220 Jesum
3414 3163 3709 3230 Christum,

289 3246 367 3304 δι’
424 3247 491 3303 οὗ
545 3247 634 3303 καὶ
689 3250 792 3317 τήν
845 3248 1215 3325 προσαγωγὴν
1270 3245 1586 3322 ἐσχήκαμεν
1639 3251 1706 3320 τῇ
1766 3247 1946 3302 πίστει

2069 3272 2159 3327 per
2186 3270 2350 3326 quem
2371 3262 2422 3310 et
2452 3270 2723 3310 accessum
2761 3254 3049 3309 habuimus
3080 3269 3186 3323 per
3239 3252 3403 3320 ﬁdem
3450 3252 3509 3304 in
3567 3251 3706 3304 hanc

281 3337 364 3402 εἰς
392 3338 496 3406 τήν
521 3337 686 3413 χάριν
717 3337 941 3407 ταύτην,
973 3334 1025 3390 ἐν
1053 3335 1089 3411 ᾖ
1119 3337 1445 3409 ἑστήκαμεν,
1477 3335 1566 3390 καὶ
1609 3337 1947 3412 καυχώμεθα

2069 3325 2320 3416 gratiam,
2383 3348 2445 3400 in
2493 3361 2606 3416 qua
2660 3347 2924 3408 stetimus,
2986 3349 3038 3398 et
3095 3343 3398 3413 gloriemur
3447 3340 3512 3396 ob
3563 3355 3715 3410 spem

282 3428 370 3485 ἐπ’
396 3424 587 3484 ἐΛπίδι
619 3433 720 3497 τῆς
752 3425 912 3496 δόξης
943 3429 1040 3480 τοῦ
1081 3429 1236 3482 Θεοῦ.

359 3520 490 3578 Ηῶς
523 3513 572 3572 δ’
603 3515 666 3572 ἄν
695 3537 778 3580 τις
807 3514 1077 3591 εἰρηνεῦοι
1108 3516 1247 3590 πρὸς
1313 3515 1407 3571 τὸν
1465 3515 1594 3571 Θεόν
1628 3535 1643 3586 ;
1702 3515 1947 3571 ἀκολου-

287 3611 402 3674 θῶν
437 3612 561 3669 ταῖς
594 3604 846 3670 ἐντολαῖς
886 3605 1082 3674 αὐτοῦ,
1136 3603 1211 3668 ὡς
1244 3605 1273 3660 ’ὀ
1301 3625 1362 3680 γε
1391 3605 1739 3680 ἁμαρτάνων,
1773 3605 1949 3662 πολε-

297 3701 398 3769 μεῖ
429 3702 569 3766 Θεῷ.
595 3696 697 3754 Καὶ
740 3695 934 3759 οὔτι-ις·
999 3695 1238 3751 Δείκνυσι
1295 3695 1422 3758 τοὺς
1465 3693 1762 3758 Ἰουδαίους
1823 3717 1952 3751 στα-

300 3785 599 3854 σιάζοντας
630 3785 757 3860 πρὸς
781 3785 986 3852 πίστιν,
1043 3785 1132 3840 καὶ
1190 3785 1266 3857 μὴ
1315 3782 1799 3859 παραδεχομένους
1854 3787 1949 3841 τὸν

301 3874 510 3949 Κύριον
529 3876 684 3946 ἡμῶν
712 3879 923 3946 Ἰησοῦν
982 3875 1238 3948 Χριστὸν,
1270 3875 1360 3929 καὶ
1418 3877 1552 3951 πρὸς
1601 3875 1764 3931 αὐτὸν
1823 3895 1950 3930 στα-

300 3965 506 4034 σιάζειν
536 3964 630 4018 τὸν
657 3964 866 4039 Πατέρα
892 3964 987 4018 τὸν
1043 3961 1322 4039 ἐγείραντα
1382 3964 1545 4019 αὐτὸν
1605 3963 1664 4020 έκ
1718 3969 1947 4038 νεκρῶν.

295 4054 408 4110 Ἰνα
440 4057 569 4127 γάρ,
603 4054 759 4130 φησὶ,
792 4052 1174 4123 δικαιωθῶμεν
1207 4056 1394 4126 ἡμεῖς,
1426 4050 1516 4109 διὰ
1555 4058 1717 4110 τοῦτο
1774 4055 1865 4109 καὶ
1896 4053 1948 4110 ἰν

284 4147 504 4216 νεκροῖς
538 4141 794 4217 ἐλογίσθη
831 4141 925 4196 καί
983 4140 1208 4211 ἀνέστην
1239 4140 1298 4196 ἐκ
1325 4146 1433 4196 τῶν
1486 4145 1706 4216 νεκρῶν.
1768 4143 1948 4216 Ὑμεῖς

286 4227 348 4286 δί
380 4231 445 4287 οὗ
477 4228 905 4305 προσδεκόμενοι
955 4230 1140 4300 αὐτὸν,
1171 4231 1261 4285 καὶ
1290 4235 1370 4302 τῷ
1429 4229 1598 4307 Πατρὶ
1655 4232 1950 4306 πολεμεῖτε

282 4326 371 4393 τῷ
397 4320 765 4391 ἀναστήσαντι
798 4319 982 4377 αὐτόν.
1014 4319 1174 4377 ἈλΛ’
1216 4321 1268 4375 οἰ
1326 4317 1726 4390 δικαιωθέντες,
1760 4321 1947 4396 φησὶν,

283 4411 521 4488 εἰρήνην
608 4405 825 4486 ἔχωμεν
907 4410 1044 4484 πρὸς
1115 4411 1210 4466 τὸν
1271 4409 1500 4484 Πατέρα,
1559 4407 1952 4484 καταλύσωμεν

281 4498 523 4562 τελείως
555 4499 652 4554 τὸν
686 4499 823 4574 πρὸς
852 4497 1016 4555 αὐτὸν
1046 4496 1318 4572 πόλεμον.
1344 4499 1469 4559 Πῶς
1496 4495 1552 4552 δὲ
1582 4496 1908 4554 καταλύεται
1933 4518 1948 4566 ς

279 4587 379 4646 διά
408 4588 629 4652 τελείας
659 4589 746 4644 καὶ
794 4586 1118 4644 ἅδιστάκτου
1175 4585 1412 4650 πίστεως
1444 4593 1544 4658 τῆς
1578 4586 1654 4649 εἰς
1711 4589 1804 4642 τὸν
1839 4589 1950 4645 Κύ-

2059 3434 2251 3506 gloriae
2280 3436 2404 3490 Dei.

2130 3524 2434 3590 Quomodo
2465 3529 2666 3580 autem
2698 3523 2917 3580 habere
2947 3523 3167 3595 poterit
3191 3521 3489 3594 quispiam
3511 3535 3715 3592 pacem

2059 3630 2198 3686 erga
2235 3614 2418 3670 Deum
2439 3613 2466 3668 ?
2498 3613 2547 3668 si
2581 3620 2867 3685 sequatur
2896 3619 3192 3685 prmoepta
3220 3615 3350 3681 ejus
3384 3627 3399 3666 :
3432 3608 3714 3681 quemad-

2057 3704 2304 3760 modum
2335 3719 2477 3760 sane
2503 3703 2554 3757 is
2583 3703 2683 3774 qui
2712 3708 2934 3774 peccat,
2996 3703 3114 3757 Deo
3157 3715 3418 3772 pugnare
3475 3699 3715 3754 dicitur.

2059 3794 2179 3848 Hoc
2211 3798 2496 3863 praeterea
2513 3791 2690 3846 modo
2715 3809 2728 3846 :
2762 3790 3034 3847 Ostendit
3053 3791 3288 3846 Iudaeos
3310 3789 3412 3861 qui
3436 3788 3716 3843 seditiose

2058 3881 2448 3937 movebantur
2476 3880 2762 3936 adversus
2794 3879 2993 3939 fidem.
3029 3895 3141 3934 nec
3198 3877 3569 3949 recipiebant
3603 3881 3713 3930 Uo-

2059 3972 2289 4027 minum
2322 3975 2594 4025 nostrum
2625 3971 2826 4026 Jesum
2843 3970 3161 4032 Christum,
3183 3967 3536 4040 ergaipsum
3569 3983 3716 4036 quo-

2058 4077 2174 4132 que
2199 4063 2435 4116 Patrem
2466 4059 2746 4115 seditiose
2769 4075 2941 4131 agere
2973 4058 3073 4129 qui
3098 4057 3269 4111 illum
3292 4073 3327 4111 a
3349 4055 3599 4110 mortuis
3621 4072 3713 4110 su-

2059 4151 2312 4207 scitavit.
2352 4151 2498 4205 Nam
2527 4156 2592 4204 ut
2623 4166 2754 4212 nos.
2788 4149 3002 4220 inquit,
3030 4147 3454 4220 justiﬂcemur,
3487 4145 3708 4201 idcirco

2059 4239 2217 4295 inter
2247 4243 2513 4294 mortuos
2544 4243 2852 4309 reputatus
2871 4243 3040 4292 estet
3070 4236 3327 4293 surrexit
3355 4251 3390 4290 a
3420 4235 3707 4290 mortuis:

2060 4347 2160 4384 vos
2191 4334 2389 4384 autem
2408 4329 2456 4383 si
2490 4345 2627 4383 eum
2654 4345 2776 4384 non
2812 4327 3134 4399 suscipitis,
3167 4326 3450 4382 adversus
3481 4327 3717 4380 Patrem

2059 4438 2294 4494 quoque
2327 4421 2553 4476 bellum
2585 4421 2812 4489 geritis,
2849 4421 2950 4490 qui
2972 4434 3109 4474 eum
3143 4417 3466 4474 suscitavit.
3500 4417 3716 4472 Verum

2051 4511 2390 4583 justiﬁcati,
2424 4509 2642 4581 inquit,
2674 4525 2881 4581 pacem
2931 4507 3258 4563 habeamus
3289 4522 3426 4579 erga
3459 4507 3714 4561 Patrem.

2059 4599 2285 4655 bellum
2308 4598 2467 4669 quod
2498 4598 2782 4654 adversus
2812 4597 2982 4652 illum
3014 4603 3124 4662 est,
3148 4595 3406 4667 perfecte
3438 4593 3717 4650 dissolva-

280 4699 403 4755 ριον
438 4683 606 4752 ἡμῶν
667 4681 877 4749 Ἰησοῦν
934 4676 1189 4754 Χριστόν·
1248 4677 1409 4739 αὑτὸς
1467 4677 1568 4752 γάρ
1626 4675 1825 4733 ἐστινὸ
1857 4675 1946 4732 καὶ

2069 4705 2204 4744 nus.
2241 4689 2365 4752 Quo
2401 4692 2600 4742 autem
2629 4685 2804 4742 modo
2829 4685 3216 4741 dissolvitur?
3245 4683 3507 4756 perfecta
3534 4683 3716 4738 indu-

279 4769 583 4846 προσάγων
615 4770 762 4840 ἡμᾶς
798 4769 944 4840 αὐτῷ
990 4771 1071 4838 τῷ
1114 4765 1304 4841 Πατρί.
1367 4790 1396 4817 ‹‹
1432 4765 1530 4822 Διὰ
1583 4770 1686 4821 τοῦ
1743 4766 1948 4840 Κυρίου

278 4861 476 4932 ἡμῶν.
512 4880 542 4910 ››
576 4856 640 4915 Εἰ
677 4857 778 4932 γὰρ
833 4854 900 4912 δι’
959 4857 1131 4912 αὑτοῦ
1189 4859 1296 4912 τῶν
1351 4856 1761 4932 προγεγονότων
1822 4854 1946 4912 ἐλυ·

279 4947 582 5024 τρώθημεν
646 4948 950 5023 ἁμαρτιῶν,
1009 4942 1081 5000 δι’
1137 4944 1301 4999 αὖτοῦ
1355 4941 1521 5000 πάλιν
1571 4944 1663 5000 καὶ
1721 4952 1821 5014 τῆς
1870 4944 1946 5008 εἰς

284 5037 450 5094 αὐτὸν
485 5035 721 5098 πίστεως
755 5041 1021 5110 μενοῦμεν
1063 5036 1139 5108 μὴ
1200 5034 1622 5109 ἁμαρτάνοντες.
1687 5035 1783 5090 Καὶ
1843 5035 1949 5112 γὰρ

286 5127 518 5207 εὗχιρὶς
581 5125 795 5198 μᾶλλον
853 5123 1107 5206 φυλάξαι,
1139 5123 1504 5194 ἢκτήσασθαι
1557 5123 1624 5178 τὰ
1679 5123 1849 5198 ἀγαθᾶ
1877 5129 1946 5199 τῇ

283 5215 456 5271 αὐτοῦ
489 5215 761 5293 συνεργίᾳ.
797 5237 828 5268 ‹‹
849 5216 927 5272 Δι’
959 5213 1023 5269 οὗ
1051 5213 1142 5268 καὶ
1180 5215 1281 5284 τήν
1340 5214 1707 5290 προσαγωγὴν
1767 5213 1946 5290 ἐσχή-

280 5325 481 5379 καμεν.
517 5327 546 5358 »ι
608 5308 689 5362 Δι’
770 5303 939 5360 αὐτοῦ
999 5304 1106 5380 γάρ
1164 5302 1567 5377 προσήχθημεν
1613 5306 1693 5375 τῷ
1751 5302 1944 5378 Πατρί.

278 5418 314 5449 α
352 5396 416 5452 Εἰ
448 5394 544 5449 οὗν
592 5395 803 5466 μακρὰν
837 5392 1013 5461 ὄντες,
1047 5392 1208 5467 ἐγγὺς
1265 5393 1568 5466 γεγόναμεν
1626 5395 1704 5464 τῷ
1737 5393 1950 5464 θανάτῳ

273 5485 448 5542 αἰντοῦ
488 5531 504 5557 ,
568 5483 772 5556 πολλῷ
830 5479 1048 5556 μᾶλλον
1108 5480 1272 5559 ἔγγὺς
1327 5481 1497 5546 ὄντες,
1566 5478 1951 5555 εἰρηνεόσομεν

279 5573 423 5651 πρὸς
455 5574 626 5632 αὐτὸν
657 5574 852 5656 χάριτι
912 5570 1099 5627 αὐτοῦ.
1163 5592 1192 5624 (ι
1253 5572 1332 5644 Τῇ
1388 5568 1589 5627 πίστει.
1623 5592 1655 5624 ››
1709 5570 1830 5636 Θεὶς
1883 5571 1951 5627 τὰ

355 5730 400 5772 ³⁸
423 5731 639 5810 lphos.
668 5749 735 5806 ιι,
771 5729 864 5788 18.

2058 4777 2364 4847 bitataque
2397 4775 2513 4831 [ide
2537 4791 2669 4846 quae
2697 4782 2787 4830 est
2806 4775 2868 4830 in
2893 4774 3210 4830 Dominum
3232 4779 3501 4830 nostrum
3515 4772 3716 4828 Iesum

2059 4865 2357 4922 Christum
2383 4883 2396 4920 :
2431 4865 2557 4936 ipse
2591 4865 2750 4920 enim
2782 4870 2874 4920 est
2901 4864 3003 4935 qui
3035 4880 3145 4918 nos
3175 4862 3252 4918 ad
3275 4863 3502 4917 Patrem
3525 4859 3716 4916 addu-

2058 4956 2156 5012 cit.
2192 4977 2220 5005 ‹‹
2253 4957 2364 5010 Per
2411 4955 2731 5010 Dominum
2762 4960 3056 5009 nostrum.
3103 4977 3122 5001 -
3159 4954 3305 5008 Nam
3337 4953 3384 5006 si
3416 4968 3523 5023 per
3575 4966 3712 5007 eum

2059 5064 2093 5102 a
2120 5043 2437 5116 praeteritis
2461 5043 2828 5099 redimamur
2848 5043 3127 5114 peccatis,
3155 5057 3394 5098 rursum
3417 5057 3524 5112 per
3544 5040 3716 5097 illum

2061 5135 2120 5188 in
2141 5132 2254 5188 fide
2276 5150 2406 5205 quia
2422 5133 2483 5187 in
2507 5149 2639 5188 eum
2668 5139 2757 5188 est
2777 5133 2908 5188 sine
2926 5137 3166 5204 peccato
3182 5130 3718 5204 perseverabimus.

2062 5223 2316 5278 Facilius
2332 5239 2590 5293 namque
2605 5221 2862 5278 estbona
2877 5237 3248 5286 conservare,
3268 5237 3450 5292 quam
3475 5220 3720 5293 proprio

2063 5319 2252 5366 marte
2284 5317 2388 5366 aut
2416 5311 2835 5384 cooperatione
2894 5318 3100 5366 nostra
3155 5311 3484 5383 acquirere.
3540 5331 3569 5360 «
3602 5311 3715 5365 Per

2063 5415 2241 5471 quem
2274 5406 2333 5454 et
2362 5417 2668 5456 accessum
2702 5399 3040 5456 habuimus.
3070 5421 3097 5448 ››
3129 5422 3158 5449 ‹‹
3185 5401 3297 5454 Per
3325 5401 3523 5472 ipsum
3557 5399 3722 5454 enim

2062 5489 2135 5545 ad
2171 5491 2405 5545 Patrem
2441 5489 2636 5546 educti
2671 5506 2878 5546 sumus
2910 5490 2974 5545 η.
3011 5512 3038 5541 ››
3063 5489 3118 5545 Si
3143 5505 3278 5557 ergo
3302 5506 3438 5546 cum
3466 5488 3722 5562 elongati

2061 5592 2463 5649 essemus,per
2485 5582 2739 5634 mortem
2757 5577 2944 5650 ipsms
2968 5577 3288 5650 propinqui
3313 5576 3454 5633 facti
3488 5590 3716 5640 sumus,
