4114 6388
382 431 500 490 40⁸7

1502 413 1931 480 (ECUMENII
1975 411 2279 474 TIllCCIE
2324 410 2696 474 EPISCOPI.

3687 411 3808 473 408

382 562 559 633 longe
582 555 837 628 amplius
854 554 983 626 jam
1014 552 1152 609 facti
1176 551 1519 624 propinqui,
1550 565 1757 621 pacem
1802 546 1875 603 ad
1907 561 2041 601 eum

2178 546 2254 599 τοῦ
2302 549 2564 621 Χριστοῦ,
2620 544 2711 601 καὶ
2757 544 2823 601 τὰ
2881 547 3044 619 ἡμῶν
3107 543 3311 615 τίθησι.
3372 544 3515 619 Πρὸς
3551 545 3656 621 γὰρ
3705 545 3805 608 τὰς

388 650 740 707 habebimus
760 646 949 719 gratia
979 646 1167 717 ipsius
1188 644 1253 701 1⁷.
1290 665 1318 693 ‹‹
1341 648 1454 699 Per
1477 642 1677 698 fidem.
1715 662 1742 688 »
1793 638 1901 694 Ubi
1934 654 2039 709 po-

390 741 509 796 suit
552 755 621 793 ea
653 754 784 808 qua;
841 735 1058 790 Christi
1107 739 1266 800 sunt,
1326 732 1497 805 ponit
1552 731 1731 786 etiam
1790 744 1861 783 ea
1913 743 2044 797 quas

390 837 596 886 nostra
628 831 787 882 sunt.
818 824 1122 895 Siquidem
1156 822 1229 878 ad
1279 820 1609 876 inelTabilia
1639 817 1854 874 Christi
1889 815 2048 871 dona

390 937 503 977 nos
534 924 751 991 prmter
780 916 957 971 fidem
978 914 1125 969 nihil
1160 912 1548 969 contulimus.
1595 933 1615 959 ι
1644 910 1709 963 In
1741 908 1895 963 hanc
1915 922 2048 979 gra-

389 1012 623 1065 tiam.»
658 1010 806 1062 Puta
860 1004 1019 1077 quod
1076 1004 1176 1059 Dei
1234 1002 1637 1074 cognitionem
1685 997 2044 1070 accepimus,

392 1097 553 1173 quod
584 1096 657 1152 ad
686 1096 885 1167 ipsum
915 1092 1173 1159 adducti,
1210 1091 1367 1163 quod
1412 1089 1669 1162 peccatis
1700 1087 1957 1151 liberati,
1993 1091 2051 1141 et

394 1201 764 1262 quaecunque
797 1183 1045 1255 largitur
1067 1181 1384 1253 baptisma.
1421 1178 1574 1236 258
1633 1177 1800 1243 Quod
1853 1182 2052 1233 autem

395 1278 683 1350 sequitur,
717 1296 744 1323 ‹‹
782 1274 1083 1336 Stetimus,
1116 1290 1142 1321 ιι
1182 1270 1702 1327 conﬁrmationem
1734 1266 2049 1339 significat.

400 1390 429 1419 ‹‹
452 1369 518 1422 In
554 1367 707 1421 hanc
726 1363 999 1437 gratiam.
1033 1380 1057 1413 ι
1084 1360 1555 1417 Demonstrative
1587 1358 1820 1413 locutus
1851 1361 1942 1410 est
1962 1370 2054 1411 eo-

401 1472 535 1513 rum
565 1452 1035 1528 magnitudinem
1090 1466 1159 1506 ac
1207 1447 1658 1506 multitudinem
1711 1444 2055 1518 significans

402 1562 535 1618 quae
567 1543 629 1599 in
659 1543 847 1617 gratia
877 1541 1281 1596 continentur.
1310 1540 1442 1610 Ipse
1465 1535 1760 1609 siquidem
1781 1550 2056 1590 accessus

398 1651 497 1691 res
528 1639 587 1689 et
617 1647 829 1704 magna
861 1646 928 1686 ac
959 1627 1330 1696 admiranda,
1356 1632 1414 1682 et
1440 1632 1577 1682 ante
1607 1624 1762 1680 hanc
1782 1626 2054 1695 peccato-

405 1741 541 1781 rum
556 1721 829 1779 remissio
845 1736 911 1776 ac
926 1724 1060 1791 post
1081 1718 1211 1789 ipsa
1232 1716 1397 1788 regni
1416 1714 1698 1772 caelorum
1716 1710 2054 1784 promissio.

406 1814 493 1870 0b
524 1828 701 1884 quam
737 1809 1053 1877 actionem,
1086 1806 1161 1863 ob
1188 1806 1346 1878 quod
1380 1810 1606 1861 rectum
1664 1819 1814 1875 opus
1869 1801 2060 1874 gratia

2155 631 2395 711 ἆφάτους
2427 632 2633 712 δωρεὰς
2663 640 2761 692 τοῦ
2817 637 3073 712 Χριστοῦ,
3106 638 3271 710 ἡμεῖς
3329 632 3481 690 οὐδὲν
3540 633 3688 703 πλὴν
3715 636 3808 692 πί-

2164 744 2332 786 στεως
2362 725 2687 799 ἠνέγκαμεν.
2730 749 2753 779 α
2788 726 2882 789 Εἰς
2928 727 3028 795 τὴν
3085 726 3249 802 χάριν
3307 724 3531 795 ταύτην.
3577 748 3605 775 »
3636 727 3810 782 Τουτ-

2156 811 2266 867 έστι
2307 813 2369 868 τὸ
2425 816 2821 885 καταξιωθῆναι
2881 821 2982 884 τῆς
3035 819 3132 870 τοῦ
3187 818 3321 870 Θεοῦ
3381 813 3655 889 γνώσεως·
3715 814 3801 883 τὸ,

2158 907 2538 978 προσαχθῆναι
2572 904 2737 977 αὐτῷ·
2786 905 2870 973 τὸ,
2928 908 3207 982 ἁμαρτιῶν
3266 904 3678 979 ἀπαλλαγῆναι,
3708 905 3803 960 καὶ

2158 992 2255 1046 ὅσα
2284 994 2347 1047 τὸ
2382 992 2662 1069 βάπτισμα
2695 994 2999 1071 χαρίζεται.
3050 997 3127 1052 Τὸ
3184 993 3261 1063 δὲ,
3325 1020 3354 1047 ‹‹
3383 997 3745 1069 Ἐστήκαμεν,
3779 1018 3810 1049 »

2163 1077 2495 1157 βεϐαιότητα
2535 1081 2722 1155 δηλοῖ.
2756 1119 2823 1128 -
2854 1087 3064 1162 [ΦΩΤ.]
3097 1108 3127 1137 α
3159 1085 3256 1149 Εἷς
3295 1085 3396 1153 τήν
3456 1087 3621 1161 χάριν
3677 1085 3811 1141 ταύ-

2162 1172 2282 1239 τὴν.
2318 1196 2347 1224 ››
2380 1179 2676 1238 Δεικτικῶς
2707 1175 2847 1239 εἷπε,
2901 1175 2964 1230 τὸ
3028 1176 3256 1253 μέγεθος
3311 1180 3422 1230 τῶν
3481 1174 3818 1252 ἐμπεριεχο-

2169 1262 2348 1333 μένων
2381 1266 2450 1336 τῇ
2483 1264 2671 1339 χάριτι
2696 1264 2786 1319 καὶ
2817 1263 2882 1319 τὸ
2911 1263 3126 1335 πλῆθος
3155 1262 3365 1334 δηλῶν.
3407 1266 3505 1320 Καὶ
3543 1265 3648 1341 γὰρ
3676 1265 3815 1335 αὖ»τή

2162 1354 2198 1422 ἡ
2240 1372 2578 1432 προσαγωγη
2616 1375 2755 1433 μεγα
2807 1356 2899 1410 καὶ
2956 1356 3277 1428 θαυμάσιον,
3311 1356 3401 1411 καὶ
3458 1357 3563 1432 πρὸ
3619 1355 3818 1411 τούτου

2163 1444 2199 1512 ἡ
2239 1447 2348 1497 τῶν
2382 1445 2662 1521 ἁμαρτιῶν
2692 1443 2900 1525 ἄφεσις,
2930 1445 3019 1499 καὶ
3056 1445 3191 1519 μετὰ
3236 1450 3404 1502 ταῦτα
3460 1448 3496 1516 ἡ
3553 1449 3662 1501 τῶν
3721 1444 3815 1500 οὗ·

2166 1538 2342 1607 ρανῶν
2375 1532 2763 1610 ἐπηγγελμένη
2798 1533 3073 1610 βασιλεία.
3110 1534 3234 1591 Ἐπὶ
3291 1534 3423 1606 ποίᾳ
3480 1537 3690 1609 πράξει,
3724 1534 3817 1590 ἐπὶ

2165 1643 2314 1690 ποιῳ
2341 1626 2734 1702 κατοφθώματι
2767 1624 2901 1697 αὕτη
2960 1627 2995 1696 ἡ
3027 1626 3192 1702 χάρις
3224 1623 3385 1697 ἐδόθη
3413 1644 3427 1695 ;
3496 1623 3585 1681 ἐπὶ
3642 1624 3828 1680 πίστει

2171 1713 2334 1788 μόνῃο
2401 1714 2572 1788 μᾶνον
2612 1713 2714 1789 γὰρ
2781 1713 3194 1792 ἐπιστεύσαμεν,
3254 1715 3342 1771 καὶ
3386 1713 3474 1770 διὰ
3503 1718 3599 1770 τοῦ
3631 1715 3830 1792 βαπτί-

2171 1823 2379 1877 σματος
2410 1803 2582 1859 πάντα
2623 1807 2760 1877 ἡμῖν
2809 1807 2844 1875 ἡ
2903 1805 3066 1881 χάρις
3136 1804 3453 1881 ἐχαρίσατο.
3496 1806 3565 1863 ’Ἡ
3627 1804 3827 1869 οὕτως·

405 1904 536 1961 hac
565 1902 703 1957 data
757 1899 903 1955 est?
968 1898 1043 1953 ob
1076 1897 1265 1952 solam
1318 1895 1546 1952 fidem:
1604 1897 1834 1948 tantum
1898 1890 2056 1946 enim

2178 1894 2373 1968 [Ὠσπερ
2403 1891 2479 1954 εἷς
2511 1895 2612 1961 τήν
2643 1893 2805 1969 χάριν
2846 1894 3049 1965 ταύτην
3083 1893 3134 1949 ἐν
3165 1897 3203 1964 ἧ
3233 1895 3557 1967 ἑστήκαμεν,
3592 1896 3830 1970 καυχώ-

407 1991 728 2057 credimus,
763 1993 821 2043 et
850 1987 1053 2043 omnia
1082 1986 1255 2041 nobis
1306 2000 1413 2057 per
1466 1982 1828 2055 baptismum
1880 1980 2061 2053 gratis

408 2080 627 2137 donata
659 2083 816 2134 sunt.
852 2077 953 2131 Vel
1015 2076 1125 2132 hoc
1176 2074 1351 2130 modo
1388 2092 1400 2128 :
1435 2070 1945 2139 Quemadmodum
2001 2070 2062 2124 in

408 2170 598 2244 gratia
630 2167 740 2222 bac
769 2166 830 2221 in
855 2182 972 2237 qua
994 2164 1269 2219 stetimus
1292 2163 1622 2236 gloriamur
1653 2160 1726 2215 ob
1751 2175 1917 2231 spem
1938 2157 2065 2231 glo—

409 2258 515 2314 ria:
550 2257 670 2326 Dei,
706 2256 788 2311 ita
816 2270 1053 2310 rursum
1087 2253 1414 2326 gloriemur
1457 2252 1519 2307 in
1554 2248 2064 2315 tribulationibus,

412 2348 669 2403 scientes
700 2344 859 2417 quod
890 2360 996 2417 per
1026 2343 1160 2398 illas
1192 2348 1249 2399 et
1280 2359 1386 2414 per
1433 2340 1781 2413 patientiam
1819 2354 1887 2394 ac
1919 2353 2065 2409 pro-

410 2436 715 2493 bationem
774 2434 847 2490 ad
905 2434 1095 2505 ipsam
1154 2430 1534 2487 ascendimus
1592 2446 1725 2501 quae
1774 2444 1897 2483 non
1952 2443 2068 2497 pu-

413 2524 650 2582 defacit.
688 2545 716 2575 «
746 2522 829 2581 Ob
864 2538 1029 2594 spem
1051 2521 1253 2594 glorias
1284 2520 1409 2576 Dei.
1437 2540 1465 2569 »
1498 2518 1602 2573 Vel
1640 2533 1757 2589 qua
1778 2514 2070 2588 Deusglo-

414 2615 704 2682 rillcatur,
736 2612 825 2667 vel
860 2627 976 2683 qua
1009 2626 1117 2666 nos
1149 2610 1304 2665 Deus
1332 2607 1663 2681 gloriﬁcat;
1705 2622 1813 2661 nos
1871 2608 2069 2660 autem

414 2704 709 2777 glorificat
738 2699 1125 2757 inenarrabili
1166 2696 1234 2755 ac
1266 2698 1561 2754 immensa
1591 2695 1799 2769 gloria,
1837 2694 2071 2749 donans

415 2809 542 2867 qua:
566 2793 871 2867 pollicitus
894 2796 985 2848 est
1017 2807 1029 2845 :
1059 2789 1378 2861 adoptione
1430 2803 1497 2844 ac
1555 2802 1735 2860 regno
1785 2783 2072 2841 ccelorum

412 2885 621 2957 dignos
654 2882 876 2939 ducens
912 2898 927 2949 ;
981 2885 1040 2936 et
1069 2879 1435 2952 gloriﬁcatur
1490 2877 1667 2932 etiam
1700 2875 1848 2947 ipse,
1883 2889 2071 2945 quan-

416 2989 594 3045 quam
622 2988 742 3028 non
767 2971 938 3043 juxta
968 2985 1133 3025 suam
1169 2968 1540 3041 dignitatem,
1567 2971 1626 3020 at
1656 2969 1945 3036 quantum
1972 2979 2071 3018 an-

412 3063 561 3137 gelis
592 3067 651 3117 et
679 3058 1024 3116 hominibus
1052 3056 1336 3129 possibile
1356 3061 1447 3111 est
1475 3071 1487 3109 :
1521 3053 1623 3126 qui
1657 3060 1881 3109 tantam
1915 3051 2073 3108 circa

2175 1982 2310 2054 μεθα
2344 1978 2634 2037 ἐπ’ἐλπίδι
2679 1989 2781 2052 τῆς
2844 1979 3004 2053 δόξης
3063 1988 3165 2039 τοῦ
3221 1989 3376 2055 Θεοῦ,
3430 1982 3605 2046 οὕτως
3660 1983 3834 2041 πάλιν

2172 2070 2510 2145 καυχώμεθα
2537 2070 2626 2126 καὶ
2658 2070 2709 2126 ἐν
2756 2078 2873 2133 ταῖς
2904 2071 3173 2148 θλίψεσιν,
3206 2069 3410 2135 εἰδότες
3470 2072 3555 2129 ὅτι
3615 2070 3686 2129 δι’
3717 2075 3829 2130 αὖ-

2173 2165 2283 2215 τῶν
2314 2159 2404 2214 καὶ
2433 2157 2522 2214 διᾶ
2558 2167 2658 2230 τῆς
2691 2161 2975 2234 ὑπομονῆς
3003 2162 3091 2216 καὶ
3126 2160 3385 2235 δοκσμῆς,
3419 2162 3494 2226 εἷς
3524 2163 3623 2231 τήν
3656 2163 3835 2234 αὐτὴν

2175 2247 2606 2324 ἆκαταίσχυντον
2662 2248 3103 2326 ἐπανατρέχομεν
3156 2249 3371 2308 ἐλπίδα.
3415 2275 3442 2307 ιι
3492 2254 3612 2309 Ἐπ’
3644 2250 3835 2310 ἐλπίδι

2176 2344 2278 2407 τῆς
2310 2334 2471 2411 δόξης
2502 2343 2601 2394 τοῦ
2634 2342 2788 2395 Θεοῦ.
2823 2362 2853 2392 ››
2883 2340 2950 2396 Ἤ
2985 2339 3070 2395 ὅτι
3103 2337 3377 2411 δοξάζεται
3413 2342 3441 2395 ὁ
3480 2340 3637 2411 Θεὸς,
3668 2341 3703 2410 ἢ
3748 2340 3838 2397 ὅτι

2178 2423 2389 2497 δοξάζει
2421 2430 2569 2501 ἡμᾶς
2608 2429 2637 2484 ὁ
2687 2428 2836 2502 Θεὸς,
2868 2430 2959 2485 καὶ
3019 2427 3228 2502 δοξάζει
3268 2433 3417 2504 ἡμᾶς
3473 2430 3697 2507 ἀρῥήτω
3744 2431 3841 2487 καὶ

2181 2516 2441 2597 ὑπεσφυεῖ
2489 2514 2636 2592 δόξῃ,
2722 2515 3069 2593 δωρούμενος
3137 2519 3170 2575 ἃ
3222 2519 3607 2596 ἐπηγγείλατο,
3667 2522 3849 2577 υἱοθε-

2181 2606 2296 2667 σίας
2327 2608 2416 2662 καὶ
2453 2607 2735 2683 βασιλείας
2787 2608 3029 2685 οὐρανῶν
3064 2609 3250 2681 ἀξιῶν.
3288 2609 3390 2667 Καὶ
3423 2607 3701 2681 δοξάζεται
3749 2612 3845 2667 καὶ

2180 2694 2370 2767 αὐτὸς,
2404 2694 2449 2749 εί
2479 2695 2571 2750 καὶ
2606 2696 2681 2768 μὴ
2723 2698 2839 2752 κατ’
2892 2697 3064 2768 ἀξίαν,
3106 2697 3231 2755 ἀλλ’
3291 2699 3418 2754 ὅσον
3473 2697 3620 2755 ἐστὶν
3673 2698 3840 2774 ἀγγέ-

2182 2779 2302 2846 λοις
2354 2784 2445 2839 καὶ
2496 2784 2805 2860 ἀνθρώποις
2864 2784 3084 2843 δυνατὸν
3120 2829 3134 2854 ,
3192 2788 3460 2851 τοσαύτην
3511 2787 3831 2865 φιλοτιμίαν

2180 2874 2302 2948 περὶ
2335 2873 2397 2928 τὸ
2439 2872 2776 2950 ἀνθρώπινον
2811 2873 3253 2949 ἐπιδεικνύμενος
3310 2874 3490 2953 γένος,
3519 2876 3604 2932 καὶ
3658 2880 3825 2932 ταῦτα

2179 2961 2449 3037 περαίνων
2479 2965 2569 3019 καὶ
2600 2963 2676 3026 εἷς
2708 2961 2869 3040 ἔργον
2910 2964 3077 3040 ἄγων,
3111 2967 3145 3023 ἃ
3179 2968 3351 3040 μόνης
3412 2967 3523 3024 ἐστὶ
3574 2972 3669 3036 τῆς
3726 2965 3822 3021 αὖ·

2182 3056 2278 3108 τοῦ
2309 3053 2588 3125 θειότητος
2618 3054 2708 3109 καὶ
2740 3054 3154 3135 φιλανθρωπίας
3186 3054 3506 3115 ἐνδεικτικά.

411 3162 741 3217 humanum
775 3175 960 3231 genus
982 3155 1321 3213 exhibuerit
1350 3153 1771 3211 liberalitatem
1807 3168 1820 3218 ;
1852 3156 1911 3206 et
1943 3151 2067 3207 haec
2096 3152 2411 3224 perﬁciens
2443 3171 2510 3211 ac
2542 3155 2601 3210 in
2634 3171 2782 3228 opus
2840 3155 3163 3223 deducens,
3200 3174 3331 3230 qua:
3377 3158 3562 3214 solius
3618 3155 3833 3211 divini-

409 3252 551 3307 tatis
581 3247 743 3303 illius
783 3253 843 3303 et
870 3245 1249 3318 benignitatis
1278 3260 1417 3316 erga
1444 3242 1888 3298 homines‘sunt
1915 3239 2399 3300 demonstrativa.

494 3341 557 3408 V,
591 3341 709 3392 3-5.
741 3342 852 3391 Non
900 3336 1071 3391 solum
1103 3340 1325 3389 autem:
1384 3334 1477 3389 sed
1528 3333 1845 3402 gloriamur
1897 3332 1956 3384 in
1987 3331 2066 3399 af-

2254 3329 2331 3387 Οὐ
2383 3330 2548 3402 μόνον
2609 3329 2667 3387 δέ
2700 3350 2713 3366 °

423 3426 801 3502 ﬂictionibns:
834 3424 1063 3480 scientes
1081 3423 1228 3495 quod
1255 3423 1491 3492 afﬂictio
1511 3422 1849 3491 patientiam
1873 3434 2075 3488 opera—

426 3524 536 3581 tur,
554 3516 834 3586 patientia
864 3519 1048 3568 autem
1063 3509 1734 3583 probationemprobatio
1763 3524 1891 3563 vero
1906 3524 2073 3577 spem,

420 3621 539 3677 spes
567 3611 751 3660 autem
776 3619 887 3658 non
934 3603 1233 3673 pudefacit
1258 3618 1271 3656 :
1324 3601 1460 3671 quia
1488 3597 1734 3654 charitas
1764 3599 1865 3652 Dei
1902 3598 2078 3667 effusa

422 3705 499 3754 est
525 3698 581 3751 in
613 3694 872 3751 cordibus
901 3695 1101 3748 nostris
1122 3707 1228 3763 per
1263 3691 1535 3761 Spiritum
1564 3695 1814 3745 sanctum
1843 3689 1942 3758 qui
1970 3687 2074 3743 da-

420 3795 508 3843 tus
528 3793 604 3842 est
630 3783 807 3841 nobis.

491 3879 617 3933 Non
651 3875 868 3939 solum,
903 3872 1120 3943 inquit,
1156 3869 1230 3926 ob
1264 3868 1401 3926 data
1431 3868 1749 3940 futuraque
1780 3868 1939 3924 bona
1958 3866 2077 3941 glo-

417 3968 682 4023 riamur:
716 3979 921 4020 verum
952 3962 1133 4018 etiam
1164 3960 1226 4016 in
1256 3960 1350 4016 his
1384 3976 1515 4030 quas
1546 3959 1846 4015 contraria
1872 3958 2076 4013 viden-

416 4066 537 4126 tur,
569 4061 713 4128 puta
740 4050 1189 4109 afflictionibus.
1224 4052 1410 4115 Quam
1442 4049 1683 4105 demum
1707 4049 1782 4103 ob
1815 4048 1887 4104 ob
1937 4064 2073 4103 cau-

418 4162 547 4202 sam
577 4144 605 4199 ‘I
629 4144 776 4209 Quia
806 4142 878 4197 ad
909 4140 1260 4212 patientiam
1293 4155 1401 4193 nos
1460 4143 1759 4194 exercent.
1792 4137 1956 4204 Quod
1988 4142 2080 4193 est

420 4242 621 4291 autem
656 4249 726 4288 ex
758 4230 1047 4304 patientia
1078 4229 1308 4285 lucrum
1335 4228 1362 4284 ?
1391 4228 1698 4297 Probatos,
1722 4227 1937 4299 inquit,
1969 4243 2077 4282 nos

418 4324 635 4381 reddit.
672 4324 740 4377 Et
771 4337 901 4392 qua:
934 4318 1108 4375 nobis
1141 4318 1282 4374 inde
1312 4318 1542 4373 utilitas
1595 4323 1661 4374 ut
1721 4319 1907 4372 simus
1939 4333 2076 4389 pro-

420 4414 542 4470 bati
564 4413 593 4468 ?
625 4413 800 4484 Spem
831 4409 1003 4465 nobis
1051 4409 1388 4465 futurorum
1421 4408 1714 4464 bonorum
1773 4408 2074 4463 conciliat.

419 4504 528 4571 Qui
558 4508 758 4558 autem
790 4502 917 4555 ιιωο
957 4502 1160 4572 sperat
1211 4513 1591 4569 nequaquam
1622 4496 1911 4568 pudetieri
1970 4514 2076 4569 po-

418 4592 576 4649 terit.
607 4591 753 4647 Nam
781 4588 881 4660 qui
922 4588 985 4643 in
1018 4587 1326 4643 hominem
1381 4590 1600 4656 sperat,
1643 4584 1913 4641 fortassis
1973 4602 2077 4658 spe

2769 3332 2917 3391 ἆλλᾶ
2967 3336 3307 3412 καυχώμεθα
3364 3332 3417 3391 ἐν
3468 3338 3588 3398 ταῖς
3650 3332 3844 3409 θλίψε-

2596 3421 2680 3477 ὅτι
2738 3424 2772 3493 ἡ
2836 3422 3024 3500 θλίψις
3085 3426 3369 3499 ὑπομονήν
3424 3424 3839 3500 κατεργάζεται,

2182 3511 2217 3578 ἡ
2251 3505 2308 3563 δὲ
2340 3509 2619 3582 ὑπομονὴ,
2681 3510 2916 3586 δοκιμὴν
2963 3516 2998 3584 ἡ
3054 3512 3110 3570 δὶ
3160 3513 3390 3587 δοκιμὴ,
3445 3512 3665 3571 ἐλπιδα’
3709 3516 3745 3584 ἡ
3781 3510 3844 3569 δὲ

2182 3597 2363 3667 ἐλπὶς,
2397 3599 2457 3655 οὐ
2496 3603 2846 3677 κατασχύνει,
2880 3603 2965 3659 ὅτι
2996 3606 3030 3675 ἡ
3070 3605 3249 3681 ἀγάπη
3281 3608 3378 3659 τοῦ
3415 3608 3551 3660 Θεοῦ
3604 3602 3842 3684 ἐκκέχυ-

2179 3710 2267 3743 ται
2300 3688 2350 3744 ἐν
2382 3696 2499 3753 ταῖς
2529 3688 2783 3768 παρδίαις
2841 3696 3024 3768 ἡμῶν,
3059 3691 3148 3750 διὰ
3203 3695 3519 3769 Πνεῦματος
3547 3694 3704 3772 ἁγίου
3738 3698 3841 3751 τοῦ

2183 3774 2431 3842 δοθέντος
2510 3787 2618 3853 μῖν.
3158 3796 3177 3808 ⁵

2252 3869 2330 3927 Οὐ
2366 3869 2529 3944 μόνον
2556 3869 2631 3941 δὲ,
2666 3872 2851 3953 φησὶν,
2884 3872 2972 3929 ἐπὶ
3019 3878 3137 3937 τοῖς
3169 3871 3371 3930 δοθεῖσι
3408 3873 3641 3938 καὶτοῖς
3700 3872 3839 3947 μέλ-

2183 3957 2373 4015 λουσιν
2412 3960 2631 4036 ἀγαθοῖς
2676 3963 3034 4037 καυχώμεθα,
3076 3962 3222 4019 alia:
3276 3965 3367 4019 καὶ
3424 3964 3477 4020 ἐν
3535 3969 3652 4027 τοῖς
3684 3962 3841 4018 ἐναν·

2179 4046 2321 4112 τίοις
2351 4050 2485 4103 εἶναι
2515 4046 2791 4122 δοκοῦσιν,
2822 4051 2939 4106 οἷον
2998 4057 3120 4115 ταῖς
3179 4051 3420 4125 θλίψεσι.
3452 4051 3515 4111 Τί
3551 4050 3616 4124 δή
3651 4073 3786 4108 ποτε
3821 4072 3838 4123 ;

2182 4138 2264 4193 δτι
2296 4138 2433 4211 πρὸς
2463 4138 2743 4213 ὑπομονὴν
2773 4139 2923 4213 ἡμᾶς
2952 4140 3257 4219 ἀλείφουσι.
3290 4142 3357 4200 Τί
3388 4139 3445 4197 δέ
3481 4149 3583 4212 τῆς
3618 4143 3839 4216 ὑπομοο

2180 4233 2277 4297 νῆς
2299 4228 2363 4283 τὸ
2384 4225 2575 4304 κέρδος
2610 4249 2624 4300 ;
2659 4229 2950 4304 Δοκίμους,
2985 4232 3141 4306 φησὶ,
3174 4237 3341 4287 ποιεῖ.
3377 4232 3445 4289 Ti
3481 4230 3539 4287 δὲ
3567 4235 3663 4289 τοῦ
3684 4230 3847 4308 γενέ-

2183 4319 2301 4372 σθαι
2336 4314 2623 4391 δοκίμους,
2673 4320 2736 4375 τὸ
2796 4318 3043 4397 ὅφελος;
3105 4319 3337 4378 Ἐλπίδα
3394 4324 3532 4396 ἡμῖν
3591 4322 3849 4397 προξενεῖ

2179 4411 2290 4461 τῶν
2336 4407 2655 4480 μελλόντων
2709 4409 2947 4485 ἀγαθῶν.
3008 4411 3069 4468 Ὀ
3127 4407 3185 4466 δέ
3232 4432 3292 4485 γε
3346 4416 3513 4467 ταῦτα
3570 4410 3848 4482 ἐλπίζων,

2183 4496 2284 4552 οὐκ
2313 4494 2371 4551 ἂν
2431 4499 2844 4574 καταιχυνθείη.
2895 4501 2957 4557 Ὀ
2991 4500 3086 4574 μὶν
3118 4500 3220 4575 γαρ
3250 4499 3331 4557 ἐπ’
3392 4500 3673 4574 ἄνθρωπον
3735 4500 3845 4558 ἐλ-

2182 4587 2381 4660 πίζων,
2440 4586 2573 4650 ἴσως
2631 4589 2721 4643 καὶ
2778 4589 3034 4663 ψευσθείη
3092 4597 3193 4660 τῆς
3261 4588 3504 4660 ἐλπίδος,
3563 4588 3680 4647 ὁδὶ
3748 4589 3846 4647 ἐπὶ

2184 3439 2287 3474 σιν·
2332 3417 2535 3483 εἰδότες

414 4680 689 4739 frustrari
720 4678 937 4753 poterit
970 4694 982 4732 :
1008 4678 1107 4749 qui
1131 4682 1329 4748 autem
1354 4675 1415 4730 iu
1438 4675 1645 4743 Deum,
1670 4691 2066 4747 nequaquam.

2183 4678 2337 4749 Θεὸν,
2379 4677 2479 4734 οὐκ
2510 4676 2615 4739 ἔτι.
2655 4680 2834 4750 Πλὴν,
2884 4682 2948 4736 οὗ
2983 4682 3169 4754 μόνον’
3224 4681 3409 4761 φησὶν,
3439 4681 3491 4737 ἐν
3524 4684 3608 4744 οἷς
3665 4683 3844 4753 ἑστή-

416 4776 863 4832 Verumtamen,
896 4767 1110 4839 inquit,
1140 4782 1263 4820 non
1293 4766 1354 4819 in
1387 4764 1459 4820 iis
1491 4765 1634 4820 solis
1660 4764 1832 4820 bonis
1854 4765 2073 4836 quibus

419 4862 714 4927 stetimus,
750 4857 855 4914 sed
885 4856 945 4911 in
978 4856 1069 4911 his
1101 4855 1277 4911 etiam
1312 4871 1443 4926 qua)
1477 4860 1916 4926 exspectantur,
1948 4861 2075 4910 tan-

421 4966 600 5021 quam
632 4949 696 5002 in
728 4945 1122 5018 prmsentibus
1152 4944 1471 5017 gloriamur
1502 4959 1515 5011 ;
1549 4944 1661 4999 hoc
1710 4944 1872 4998 enim
1905 4960 2077 4999 exac—

425 5046 497 5093 ιω
539 5037 676 5092 fidei
708 5041 815 5091 est.
848 5034 1103 5089 Pulchre
1133 5040 1335 5090 autem
1389 5032 1616 5087 dixerat
1670 5032 1895 5106 glorim.
1930 5035 2077 5089 Cum

425 5128 583 5184 enim
616 5125 891 5182 accidunt
925 5139 993 5178 ea
1021 5139 1152 5195 quae
1194 5122 1649 5194 promittuntur,
1678 5127 1860 5195 agunt
1915 5128 1981 5179 ut
2027 5124 2077 5178 is

421 5217 788 5291 glorificetur
818 5214 919 5286 qui
953 5229 1023 5268 ea
1060 5212 1354 5285 promisnt.

494 5307 647 5364 259
664 5328 690 5354 ‹‹
709 5304 819 5361 Sed
834 5305 1159 5377 gloriamur
1172 5304 1234 5358 in
1249 5303 1724 5359 afflictionibus:
1749 5304 1912 5361 Unde
1934 5306 1968 5360 tl
1981 5311 2002 5360 t
2015 5310 2081 5361 ut

420 5399 483 5454 in
498 5395 926 5453 afflictionibus
948 5394 1313 5467 gloriemur?
1330 5394 1478 5459 Quia
1492 5395 1875 5450 vehementer
1893 5397 2077 5453 Deum

424 5484 993 5555 amamus.Quisque
1026 5483 1185 5538 enim
1217 5489 1450 5539 amator
1478 5482 1716 5556 gaudet,
1766 5500 1835 5541 ac
1863 5485 2077 5558 gloria-

422 5585 540 5648 tur,
573 5592 708 5634 cum
740 5592 847 5647 pro
879 5590 947 5631 eo
979 5588 1157 5647 quem
1188 5578 1369 5641 amat,
1404 5574 1644 5646 patitur.
1680 5575 1896 5632 Verum
1918 5576 2076 5634 unde

495 5733 539 5773 ⁸⁷
566 5732 713 5791 Ibid.
751 5733 836 5788 13.

2183 4788 2354 4840 καμεν
2387 4767 2634 4845 ἀγαθοῖς,
2676 4766 2825 4825 ἀλλὰ
2877 4771 2967 4825 καὶ
3036 4769 3090 4825 ἐν
3151 4776 3272 4833 τοῖς
3329 4768 3848 4846 προσδοκωμένοις,

2186 4854 2263 4918 ώς
2312 4851 2423 4925 ἤδη
2487 4860 2718 4928 παροῦσι
2775 4857 3130 4936 καυχώμεθα.
3201 4861 3377 4914 Τοῦτο
3436 4858 3539 4935 γὰρ
3601 4856 3849 4921 πίστεως

2186 4940 2466 5020 ἀκριϐοῦς.
2520 4943 2713 5008 Καλῶς
2769 4942 2827 5000 δὲ
2880 4944 3041 5017 δόξης
3102 4947 3269 5003 εἶπεν.
3324 4946 3677 5002 Ἐκϐαινοντα
3735 4949 3853 5024 γὰρ

2185 5035 2253 5090 τὰ
2310 5031 2764 5112 ἐπαγγελλόμενα
2800 5079 2813 5106 ,
2874 5032 3188 5110 δοξαζεσθαι
3240 5037 3332 5092 τὸν
3374 5034 3855 5114 ἐπαγγειλάμενον

2188 5145 2355 5182 ποειι.

2261 5308 2473 5382 [ΦΩΤ.]
2506 5330 2534 5359 κ
2592 5303 2772 5362 Ἀ).λᾶ
2826 5305 3163 5381 καυχώμεθα
3224 5305 3277 5362 ἐν
3335 5312 3459 5371 ταῖς
3512 5306 3783 5383 θλίψεσιν.
3825 5331 3861 5361 ››

2191 5397 2359 5455 Ηόθεν
2404 5396 2744 5471 καυχώμεθα
2800 5395 2851 5450 ἐν
2919 5400 3040 5458 ταῖς
3090 5394 3387 5475 φλίψεσινς
3449 5398 3572 5455 ’Ότι
3635 5396 3858 5473 ἐρῶμεν

2190 5484 2397 5565 σφόδρα
2452 5489 2550 5543 τοῦ
2609 5490 2765 5541 Θεοῦ.
2830 5484 3101 5559 Ἐραστής
3150 5486 3256 5562 γὰρ
3315 5486 3455 5548 ἅπας
3515 5488 3700 5565 χαίρει
3755 5488 3860 5545 καὶ

2190 5576 2527 5652 σεμνύνεναι,
2554 5575 2714 5647 ἡνίκα
2739 5573 2942 5651 πάσχει
2976 5575 3109 5652 ὑπερ
3180 5574 3242 5630 οὗ
3283 5573 3397 5653 ἐρᾷ.
3459 5575 3636 5634 Ἀλλά
3673 5577 3849 5644 πόθεν
