4114 6378
439 357 564 418 409

1557 355 1964 419 COMMENT.
2012 350 2100 413 IN
2145 347 2397 411 EPIST.
2444 347 2550 408 AD
2593 351 2780 414 ROM.

3748 361 3868 422 MO

437 493 469 547 6
502 493 645 553 θεῖος
677 484 818 564 ἔρως
849 488 1054 553 ἐκεῖνος
1098 490 1412 571 ἐκκέχυται,
1471 488 1562 545 καὶ
1623 487 1758 559 ὅλην
1818 484 2081 558 ἔμπεριεί-

2211 482 2445 542 diviuus
2475 484 2572 541 hic
2611 502 2782 543 amor
2810 489 3033 546 effusus
3063 495 3173 558 est,
3207 495 3518 565 totumque
3576 493 3637 550 in
3671 512 3731 552 se
3763 512 3866 553 cor

442 580 591 662 ληφε
621 583 717 649 τήν
748 584 912 654 ἡμῶν
944 579 1166 654 καρδίαν
1199 600 1212 650 ;
1258 582 1354 637 Ἐκ
1390 584 1487 635 τοῦ
1526 577 1792 657 παναγίου
1850 575 2098 648 Πνεύμα-

444 693 542 734 τος
577 675 672 726 τού
705 669 956 733 δοθέντος
987 671 1140 744 ἡμῖν·
1207 668 1347 724 ὥστε
1397 668 1528 724 ’ὀλον
1586 675 1687 738 τῆς
1735 666 1936 722 ἄνωθεν
1993 664 2098 743 χά-

441 783 619 837 ριτος.
655 759 832 818 Ἀλλά
861 760 950 814 καὶ
984 765 1372 835 χρεωστοῦμεν
1407 760 1667 834 ὑπερερᾷν
1703 757 1888 818 αὐτοῦ,
1919 753 2015 810 κᾶν
2046 774 2100 808 τι

437 851 557 908 δέοι
591 855 796 916 παθεῖν,
835 853 911 924 μὴ
947 851 1266 931 ἀφίστασθαι
1310 853 1407 904 τοῦ
1463 849 1600 924 πρὸς
1659 847 1817 902 αὐτὸν
1871 843 2096 920 ἔρωτοςι

438 953 592 997 Διατι
622 961 636 1010 ;
668 943 792 998 ’Ὁτι
825 940 990 1002 αὐτὸς
1036 943 1195 1012 ἡμῶν
1251 940 1462 1008 ἠράσθη
1522 941 1762 1012 πρῶτος
1829 933 1919 989 καὶ
1978 933 2100 989 τότε

434 1033 606 1103 ἡμῶν
671 1030 886 1106 ἐχθρῶν
944 1030 1034 1085 καὶ
1093 1028 1382 1102 πολεμίων
1471 1026 1854 1102 ὑπαρχόντων.
1938 1021 2098 1084 Εἶδες

441 1116 814 1195 ὑπερϐολήν;
879 1117 1018 1182 εἶδες
1076 1119 1244 1175 πόσον
1309 1118 1372 1174 τὸ
1423 1117 1587 1194 χρέος
1639 1135 1652 1185 ;
1714 1115 1950 1190 Πρόσθες
2009 1113 2099 1168 καὶ

435 1213 504 1267 τὸ
533 1211 612 1268 ἔτι
649 1216 861 1286 μεῖζον,
895 1209 994 1265 οὐκ
1023 1211 1236 1281 ἡοάσθη
1275 1209 1461 1282 μόνον,
1494 1205 1638 1262 ἁλλά
1668 1206 1756 1262 καὶ
1813 1203 2096 1276 ἠτιμάσθη

437 1302 578 1377 ὑπὲρ
613 1304 798 1374 ἡμῶν,
830 1300 921 1356 καὶ
964 1298 1293 1374 ἐρῥαπίσθη,
1352 1300 1441 1353 καί
1495 1296 1835 1370 ἐσταυρώθη,
1893 1295 1984 1349 καὶ
2043 1292 2095 1347 ἐν

435 1397 657 1466 νεκροῖς
690 1390 977 1467 ἐλογίσθη,
1008 1391 1099 1444 καὶ
1133 1386 1221 1444 διὰ
1250 1388 1460 1444 τούτων
1507 1387 1778 1456 ἀπάντων,
1836 1385 1927 1440 τὸν
1973 1383 2098 1456 περὶ

438 1485 592 1554 ἡμᾶς
622 1483 793 1537 αὐτοῦ
824 1483 1156 1554 παρέστησεν
1192 1478 1390 1553 ἔρωτα.
1450 1478 1516 1532 Ὠ
1561 1473 1767 1552 ἔρωτος
1825 1471 2098 1551 ἀγγέλους

433 1569 910 1642 καταπλήξαντος,
944 1569 1262 1644 ἀνθρώπους
1323 1567 1400 1629 εἰς
1460 1566 1722 1639 ούρανους
1778 1565 2096 1638 ἀνυψώσανο

436 1683 555 1730 τος,
609 1659 699 1716 καὶ
760 1657 1056 1732 διαιμόνων
1114 1654 1402 1734 τυραννίδα
1454 1654 1938 1732 καταργήσαντοςί
2001 1650 2099 1716 Τίς

439 1751 675 1827 ἐραστὴν
711 1754 961 1806 τοιοῦτον
996 1748 1062 1804 οὐ
1095 1745 1288 1827 pilai;
1328 1745 1543 1822 μᾶλλον
1574 1743 1630 1800 δὲ
1660 1746 1743 1806 τίς
1797 1766 1852 1800 τι
1890 1743 2094 1816 πράξας

2210 579 2479 630 nostrum
2511 577 3063 651 circumassumpsit
3085 581 3112 634 ’ἲ
3142 583 3221 636 Ex
3254 582 3476 654 Spiritu
3508 589 3711 640 sancto
3761 587 3861 658 qui

2213 663 2385 720 datus
2413 673 2504 721 est
2524 667 2727 734 nobis;
2764 675 2950 724 totum
2988 671 3186 742 itaque
3221 689 3490 744 superna?
3521 675 3725 746 gratia:
3753 683 3860 731 est.

2211 755 2322 810 Sed
2354 762 2412 811 et
2440 756 2740 813 debitores
2771 776 2976 815 sumus
3007 766 3072 814 ut
3101 776 3236 816 eum
3268 779 3446 835 supra
3467 771 3680 821 caetera
3700 783 3866 821 anie-

2211 862 2365 912 mus,
2401 852 2459 902 et
2491 848 2538 902 si
2571 848 2898 921 quidquam
2930 851 3049 921 pati
3083 857 3371 924 oporteat,
3406 854 3476 909 ab
3504 871 3705 910 amore
3729 857 3860 928 ejus

2211 953 2591 1009 nequaquam
2624 938 3021 995 discedamus.
3058 942 3497 1006 Quamobrem?
3548 946 3694 1010 Quia
3735 947 3860 1018 ipse

2210 1027 2376 1098 prior
2404 1044 2513 1083 nos
2543 1045 2744 1084 amore
2775 1040 3128 1102 prosecutus
3160 1037 3270 1094 est,
3305 1032 3482 1103 idque
3535 1040 3676 1090 tunc
3724 1053 3860 1092 cum

2210 1119 2440 1174 inimici
2471 1136 2540 1175 ac
2569 1120 2771 1176 hostes
2802 1137 3089 1179 essemus.
3127 1121 3336 1179 Viden’
3366 1124 3587 1180 amoris
3626 1128 3858 1200 magni-

2210 1209 2536 1266 tudinem?
2567 1211 2771 1268 Viden’
2823 1218 3111 1283 quantum
3167 1217 3641 1273 contraxerimus
3699 1217 3862 1273 debi-

2209 1299 2587 1356 tum?Adde
2619 1302 2777 1373 quod
2826 1304 3005 1358 etiam
3055 1305 3251 1375 majus
3313 1310 3420 1360 est.
3486 1307 3612 1362 Non
3669 1307 3860 1363 solum

2209 1407 2410 1448 amore
2443 1393 2630 1448 nostri
2663 1398 2870 1466 captus
2903 1402 3012 1462 est,
3050 1412 3252 1453 verum
3302 1398 3479 1452 etiam
3530 1414 3636 1469 pro
3686 1398 3858 1454 nobis

2209 1481 2596 1553 ignominiam
2629 1499 2860 1556 passus.
2892 1485 3081 1557 alapis
3103 1503 3292 1541 caesus
3314 1503 3381 1542 ac
3403 1488 3720 1545 cruciﬁxus
3744 1494 3855 1556 est,

2208 1571 2482 1643 interque
2511 1578 2778 1628 mortuos
2809 1579 3116 1646 reputatus
3142 1592 3154 1628 :
3189 1581 3246 1630 et
3278 1576 3368 1630 his
3391 1576 3670 1632 omnibus
3691 1593 3855 1632 amo-

2205 1678 2354 1722 rem,
2410 1677 2587 1734 quem
2647 1678 2784 1731 erga
2840 1679 2949 1719 nos
3007 1664 3282 1729 habebat,
3333 1665 3776 1722 demonstravit.
3811 1667 3854 1723 Ο

2207 1768 2495 1816 amorem,
2528 1754 2629 1825 qui
2660 1759 2718 1808 et
2747 1754 2988 1827 angelos
3028 1754 3090 1809 in
3159 1761 3462 1827 stuporem
3520 1755 3854 1812 adduxerit.

447 1842 596 1911 eam
655 1844 752 1896 τοῦ
813 1837 1153 1911 τηλικούτου
1237 1835 1439 1913 ἔρωτος
1524 1833 1846 1903 ἐπιτελέσΈι,
1995 1829 2081 1888 χῶ

2207 1849 2267 1900 et
2296 1843 2599 1900 hominem
2633 1843 2695 1898 in
2727 1845 2906 1900 caelos
2939 1844 3348 1910 sublevaverit,
3385 1844 3722 1900 dmmonum
3762 1851 3856 1917 ty-

449 1931 628 2007 βραχὺ
657 1934 787 2006 γοῦν
815 1935 912 1985 τοῦ
945 1929 1142 2004 χρέους
1172 1927 1457 1995 ἀποτίσεις
1517 1924 1626 1984 Κάν
1684 1925 1787 2002 γὰρ
1840 1923 2094 1997 μυριάκις

435 2020 728 2089 ἀποθάνοι,
763 2018 824 2074 οὐ
860 2020 996 2092 μέγα
1019 2017 1347 2093 εἲσήνεγκεν.
1408 2016 1564 2090 ’Υπὲρ
1622 2015 1726 2090 γὰρ
1785 2013 2090 2088 εὐεργέτου,

434 2111 572 2186 ὑπὲρ
606 2110 855 2184 ἐραστοῦ,
883 2107 1012 2166 ἀλλ’
1044 2109 1150 2189 ούχ
1203 2109 1338 2183 ὑπὲρ
1396 2106 1607 2182 ἐχθρῶν
1659 2105 1748 2160 καὶ
1801 2101 2088 2176 πολεμίων

430 2203 511 2264 ὡς
544 2202 747 2262 ἐκεῖνος
795 2195 1008 2266 ἔπαθεν,
1067 2200 1158 2254 καὶ
1217 2201 1378 2274 ἡμῶν
1435 2196 1662 2258 ἕκαστος
1717 2197 1938 2269 πάσχει.
1997 2194 2090 2248 Διὸ

425 2293 597 2362 ἡνίκα
627 2291 933 2366 πάσχομεν,
960 2290 1176 2366 χαίρειν
1218 2287 1512 2368 ὀφείλομεν
1566 2286 1656 2342 καὶ
1716 2283 2086 2358 σεμνύνεσθαι,

425 2383 518 2437 ’ὁτι
551 2380 651 2436 κᾶν
687 2381 868 2458 βραχὺ
919 2385 1073 2458 γοῦν,
1140 2381 1270 2456 ὑπὲρ
1323 2377 1660 2448 τηλικούτου
1718 2376 1943 2451 ἐραστοῦ
1997 2374 2088 2430 καὶ

423 2476 599 2547 ἡμεῖς
633 2474 822 2527 παθεῖν
849 2493 904 2526 τι
955 2471 1396 2544 κατηξιώθημεν.
1460 2495 1486 2521 «ς
1522 2465 1739 2530 Εἶδότες
1781 2468 1865 2522 δτι
1896 2469 1930 2536 ἡ
1965 2464 2088 2530 θλί-

421 2567 523 2640 ψις
585 2562 867 2634 ὑπομονῆν
928 2561 1336 2638 κατεργάζεται.
1382 2583 1407 2611 η
1467 2563 1590 2623 Πῶς
1643 2555 1978 2632 καυχώμεθα
2035 2553 2085 2610 ἐν

418 2660 546 2716 ταῖς
581 2653 841 2727 Glitium;
877 2650 1092 2720 Καλῶς,
1126 2653 1310 2729 φησίν.
1343 2651 1410 2708 Αἱ
1462 2650 1566 2726 γάρ
1619 2649 1832 2724 θλίψεις
1881 2646 2090 2726 γυμνά-

423 2751 582 2816 ζουσι
618 2745 756 2818 πρὸς
788 2744 1091 2816 ὑπομονήν.
1123 2740 1306 2798 Ἀλλά
1334 2741 1386 2796 τί
1422 2741 1484 2795 τὸ
1529 2737 1722 2814 κέρδος
1783 2745 1884 2808 τῆς
1942 2739 2086 2794 ὑπο-

429 2842 653 2909 μονῆς;
701 2833 872 2909 Μέγα,
933 2832 1086 2911 φησί.
1149 2833 1562 2907 Δοκιμωτέρους
1619 2831 1720 2907 γάρ
1779 2830 2084 2910 ἐργάζεται,

425 2923 617 2994 ὥσπερ
649 2923 739 2978 καὶ
771 2924 862 2978 τὸν
894 2923 1098 3003 χρυσὸν
1131 2924 1164 2992 ἡ
1198 2921 1422 2998 χωνεία.
1458 2921 1524 2978 Τί
1556 2917 1612 2976 δὲ
1659 2923 1864 2996 γίνεται
1898 2920 1958 2976 ἐκ
1988 2925 2084 2976 τοῦ

434 3012 845 3088 δοκιμωτέρους
903 3013 1174 3092 ὀφθῆναις
1235 3009 1384 3066 Πολὺ
1439 3008 1662 3092 ὄφελος·
1696 3014 1730 3080 ἡ
1763 3011 1866 3086 γὰρ
1927 3009 2084 3072 ἐλπὶς

436 3105 599 3173 ἡμῶν
650 3102 881 3158 ἐντεῦθεν
943 3097 1266 3178 βεϐαιοτέρα
1335 3101 1423 3155 καὶ
1503 3099 1874 3180 ἀσφαλεστέρα
1951 3110 2082 3163 καθ-

2205 1934 2517 1990 rannidem
2543 1935 2773 1990 irritam
2805 1934 3014 1990 fecerit
3043 1935 3055 1988 ί
3086 1935 3225 2000 Quis
3260 1935 3598 2003 huiusmodi
3623 1941 3850 1992 amato-

2203 2042 2328 2080 rem
2363 2041 2482 2080 non
2513 2023 2782 2080 amabit?
2812 2025 2932 2079 imo
2961 2025 3159 2096 potius
3182 2026 3339 2096 quod
3370 2027 3670 2098 eritopus.
3692 2027 3852 2098 quod

2203 2115 2500 2186 quispiam
2533 2114 2634 2170 tali
2687 2114 2931 2185 dignum
2995 2131 3199 2169 amore
3255 2115 3544 2187 perficiet,
3605 2122 3708 2171 aut
3758 2115 3849 2170 vel

2199 2205 2510 2277 paululum
2545 2205 2722 2259 etiam
2755 2203 2934 2259 debiti
2956 2204 3240 2274 rependet
3263 2205 3290 2258 ?
3322 2207 3464 2258 Nam
3497 2205 3606 2259 etsi
3632 2205 3850 2260 millies

2201 2293 2510 2357 moriatur,
2545 2309 2665 2347 non
2693 2293 3212 2365 magnumaliquid
3243 2292 3849 2364 attulerit.Siquidem

2198 2401 2306 2456 pro
2338 2383 2737 2440 benefactore.
2771 2399 2877 2454 pro
2911 2383 3122 2449 amico,
3157 2382 3333 2437 etiam
3381 2389 3651 2438 nostrum
3685 2383 3850 2454 quis-

2201 2491 2316 2547 que
2347 2472 2647 2530 interdum
2679 2473 2904 2545 patitur
2937 2489 2950 2527 :
2984 2478 3043 2527 at
3072 2489 3194 2528 non
3225 2489 3332 2544 pro
3354 2471 3616 2527 inimicis
3643 2489 3712 2528 ac
3742 2474 3845 2528 ho-

2201 2564 2412 2626 stibus.
2441 2563 2595 2618 sicut
2622 2563 2724 2618 ille
2778 2575 2986 2635 passus
3018 2568 3127 2618 est.
3183 2563 3328 2618 Cum
3371 2579 3505 2636 ergo
3565 2562 3847 2633 patimur,

2197 2655 2455 2728 gaudere
2487 2653 2773 2710 debemus
2805 2669 2870 2708 ac
2900 2652 3170 2726 gloriari:
3207 2652 3364 2723 quod
3394 2652 3482 2706 vel
3529 2651 3847 2711 minimum

2199 2744 2481 2818 quiddam
2512 2759 2619 2815 pro
2653 2742 2752 2798 tali
2787 2749 3051 2798 amatore
3083 2748 3141 2796 et
3169 2759 3278 2797 nos
3309 2742 3431 2814 pati
3487 2758 3845 2800 mereamur.

2199 2858 2228 2885 ‹‹
2260 2835 2524 2890 Scientes
2559 2833 2718 2905 quod
2775 2832 3019 2888 afﬂictio
3079 2833 3427 2903 patientiam
3489 2839 3786 2904 cperatur.
3817 2853 3846 2880 »δ

2196 2926 2461 2992 Quonam
2487 2924 2662 2979 modo
2684 2923 3082 2994 gloriamurin
3107 2921 3569 2977 afflictionibus?
3592 2923 3846 2994 Optime,

2196 3014 2429 3086 inquit;
2463 3013 2818 3068 afﬂictiones
2851 3013 3009 3067 enim
3037 3011 3110 3066 ad
3142 3011 3490 3082 patientiam
3546 3017 3844 3068 exercent.

2199 3105 2410 3159 Verum
2437 3102 2647 3173 ecquid
2671 3101 2820 3156 lucri
2849 3118 2918 3157 ex
2940 3100 3264 3172 patientia?
3295 3102 3589 3172 Magnum.
3622 3101 3737 3156 ait:
3767 3101 3845 3156 si-

434 3192 660 3248 ίσταται.
695 3193 790 3248 Ἐκ
818 3188 876 3246 δὲ
903 3191 1127 3260 ταύτης,
1166 3191 1219 3245 τί
1256 3209 1270 3259 ;
1331 3189 1410 3246 Τὸ
1467 3193 1569 3245 πᾶν
1627 3187 1864 3257 ἀνύεται,
1923 3187 2076 3266 φησί.

2195 3193 2436 3265 quidem
2467 3192 2836 3264 probatiores
2849 3191 3062 3256 reddit,
3089 3190 3267 3245 veluti
3292 3190 3500 3245 fornax
3522 3190 3716 3261 ipsum
3740 3206 3845 3248 au-

424 3287 595 3338 Ποῖον
630 3304 644 3352 ;
674 3282 1038 3361 Τυγχάνομεν
1068 3279 1142 3334 ὧν
1199 3277 1514 3354 ἐλπίζομεν.
1569 3283 1631 3334 'Il
1689 3277 1792 3353 γάρ
1851 3276 2010 3340 ἐλπὶς
2039 3279 2074 3350 ἠ

416 3369 624 3453 βεϐαία
647 3372 738 3428 καὶ
771 3369 860 3427 δια
928 3368 1168 3444 δοκιμῆς
1214 3370 1443 3449 ἀχθεῖσα
1497 3369 1588 3424 καὶ
1648 3368 1931 3441 ὑπομονῆς
1986 3367 2076 3423 καὶ

413 3464 690 3539 θλίψεως,
723 3459 986 3517 οὐδεποτε
1015 3460 1394 3540 καταισχύνει.
1426 3458 1534 3516 Καὶ
1587 3457 1689 3531 ὅρα
1746 3462 1863 3521 πῶς
1913 3458 2080 3515 εἰπὼν

412 3552 683 3628 ἀνωτέρω
715 3551 798 3607 ὅτι
829 3550 1167 3625 καυχώμεθα
1225 3549 1312 3604 ἐπ’
1359 3547 1563 3616 ἐλπίδι,
1625 3547 1790 3603 πάλιν
1845 3549 1935 3604 καὶ
1993 3548 2080 3604 έν-

419 3646 596 3700 ταῦθα
651 3641 727 3702 εἷς
784 3637 983 3696 ἐλπίδα
1039 3637 1322 3710 κατέληξε.
1386 3639 1483 3693 Καὶ
1535 3637 1637 3714 γὰρ
1695 3638 1802 3693 ἀπὸ
1853 3637 2078 3701 ἐλπίδος

429 3730 515 3788 δεῖ
569 3729 850 3806 ἂρχεσθαι,
904 3727 992 3784 καὶ
1053 3727 1263 3801 ὁμοίως
1316 3727 1394 3791 είς
1467 3724 1664 3782 ἐλπίδα
1720 3725 2077 3804 καταλήγειν,

427 3820 587 3880 Ἀλλ’
615 3824 646 3891 ἡ
681 3824 776 3897 μὲν
809 3819 1137 3898 ἀρχομένων
1167 3817 1349 3890 ἐλπὶς,
1379 3819 1530 3874 οῧπω
1563 3817 1732 3890 δῆλον
1753 3820 1904 3882 ὅπως
1934 3816 2074 3900 ἔχει,

424 3916 597 3986 μήπω
637 3911 876 3990 θλίψεων
905 3911 996 3968 καὶ
1030 3916 1347 3986 πειρασμῶν
1399 3907 1847 3988 προσϐαλόντων.
1902 3913 1968 3970 Ἠ
2019 3910 2078 3967 δὲ

417 4000 512 4058 δια
541 4003 754 4059 τούτων
784 3999 1069 4074 ὁδεύσασα,
1105 4001 1196 4056 καὶ
1247 3997 1658 4076 δοκιμασθεῖσα,
1709 4001 1799 4055 καὶ
1853 4007 2077 4081 φανεῖσα

409 4090 760 4161 ἆδίστακτος,
792 4089 882 4146 καί
918 4093 994 4164 μή
1033 4088 1394 4165 σαλευομένη,
1425 4090 1562 4162 αὓτη
1614 4091 1700 4146 καὶ
1755 4090 1817 4146 τὸ
1864 4089 2073 4146 τέλειον

407 4179 558 4260 ἔχει,
590 4182 681 4238 καὶ
711 4186 818 4236 τῶν
845 4177 1206 4237 ἐλπισθέντων
1267 4178 1318 4234 ἐν
1375 4177 1674 4237 ἀπολαύσει
1736 4179 2076 4257 παρασκευά-

406 4280 510 4351 ξει.
563 4274 831 4333 ’Ἠλπισεν
888 4276 916 4330 6
972 4269 1224 4350 Ἀϐραὰμ
1279 4273 1414 4346 μετά
1469 4280 1641 4350 γῆρας
1699 4273 1789 4330 καὶ
1847 4275 2075 4351 στείρω-

407 4391 500 4424 σιν
536 4369 775 4441 μήτρας,
807 4365 891 4421 ’ὁτι
941 4359 1088 4420 ἔσται
1143 4365 1282 4420 κατά
1338 4366 1437 4435 τήν
1484 4362 1810 4443 ἐπαγγελίαν
1866 4367 2071 4439 πατήρ.

406 4458 571 4532 Μέγα
606 4457 724 4533 μὲν,
758 4453 886 4512 ἀλλ’
917 4454 1026 4530 οὐχ
1053 4455 1171 4511 οἷον
1223 4455 1356 4528 μετὰ
1414 4457 1513 4526 τήν
1575 4452 1835 4530 δοκιμήν.
1892 4455 2074 4511 Ἐπεί-

406 4569 576 4622 ρασεν
607 4546 768 4603 αὐτὸν
799 4547 827 4602 6
859 4545 990 4607 Θεὸς
1047 4544 1137 4600 καὶ
1195 4545 1492 4620 έχώνευσεν
1551 4545 1624 4607 ὡς
1675 4543 1898 4615 ἀληθῶς
1951 4567 2070 4625 χω.

405 4639 561 4694 νείαν
584 4638 814 4717 φρικτὴν
857 4635 948 4689 καὶ
1008 4627 1268 4708 φοϐερὰν,
1327 4638 1435 4710 πῦρ
1478 4639 1596 4696 τοῖς
1657 4633 1906 4709 ἐγκάτοις
1968 4635 2070 4712 ὑφ-

403 4729 580 4802 άψας,
613 4726 704 4782 ὅτε
733 4726 927 4803 ρφάξαι
958 4719 1250 4800 προσέταξε
1277 4725 1368 4780 τὸν
1430 4724 1566 4778 υἱόν·
1619 4721 1811 4795 ἔδειξεν
1867 4722 2067 4786 ἐκεῖνος

400 4816 499 4872 καὶ
533 4815 624 4870 διὰ
651 4814 882 4880 τούτων,
917 4811 1212 4868 ἀσάλευτον
1241 4812 1328 4866 καὶ
1363 4813 1636 4887 σταθηράν
1695 4815 1794 4884 τήν
1847 4809 2064 4868 ἐλπίδα.

397 4905 652 4983 Ἐδραμε
681 4907 782 4980 γᾶρ
816 4903 1010 4978 σφάξαι
1041 4903 1132 4959 τὸν
1158 4903 1294 4971 υἱὸν,
1339 4903 1430 4958 καὶ
1485 4902 1584 4959 ούκ
1636 4899 1874 4975 ἐδίσταξε
1921 4901 2069 4980 λογι-

403 4999 666 5073 σάμενος,
704 4999 825 5059 Πῶς
854 4993 948 5049 οὗν
996 4987 1192 5068 ἔσομαι
1246 4994 1467 5067 πατήρς
1525 4995 1704 5050 Τοῦτο
1763 4991 2064 5068 ύπερμεγέ-

401 5102 510 5160 θης
549 5088 622 5150 ὡς
652 5083 878 5156 ἀληθῶς
910 5083 1088 5154 ἐλπὶς,
1122 5079 1207 5138 διὸ
1236 5083 1325 5140 καὶ
1357 5085 1621 5160 τυγχάνει
1679 5085 1754 5138 ὧν
1809 5084 2064 5154 ἤλπισεν,

397 5203 428 5232 (ι
462 5180 527 5237 Ἠ
566 5176 622 5234 δὶ
653 5174 860 5250 δοκιμὴ
893 5171 1114 5234 ἐλπίδα.
1145 5194 1174 5229 ι
1210 5175 1354 5250 ’Ἄρα
1380 5194 1443 5249 γε
1501 5175 1551 5229 οἳ
1594 5178 1748 5246 κακῷ
1797 5171 2062 5230 συνειδότι

396 5268 806 5342 πληττόμενοι,
841 5261 968 5322 οὐδὲ
1026 5262 1339 5333 ἐλπίζουσιν
1397 5261 1670 5319 ἀντίδοσιν
1721 5263 1928 5339 ἀγαθοῦ
1970 5263 2062 5319 καὶ

392 5363 591 5416 κακοῦ.
615 5359 684 5413 Ὅ
715 5355 820 5430 γὰρ
857 5352 1115 5430 βούλεται
1143 5352 1389 5418 ἕκαστος.
1448 5357 1612 5409 τοῦτο
1672 5353 1763 5408 καὶ
1820 5353 2060 5428 νομίζει.

394 5474 426 5503 ι(
457 5450 582 5508 ’Ὁτι
615 5449 650 5516 ἡ
682 5431 870 5519 ἀγάπη
904 5447 999 5499 τοῦ
1030 5447 1186 5500 Θεοῦ.
1222 5466 1250 5494 ››
1284 5443 1388 5501 Καὶ
1416 5443 1578 5507 πόθεν
1609 5440 1805 5514 δῆλον,
1870 5443 2061 5517 φησὶν,

393 5539 478 5595 δτι
513 5538 624 5594 ἐκεῖ
651 5533 821 5591 δώσει
853 5535 989 5606 ἡμῖν
1019 5531 1191 5607 ἀγαθὰ
1225 5533 1253 5588 6
1284 5531 1416 5595 Θεός
1451 5560 1465 5600 ς
1499 5533 1666 5589 Πόθεν
1699 5552 1714 5604 ;
1768 5531 1818 5605 ἐξ
1861 5533 1933 5588 ὧν
1979 5531 2062 5590 ἐν-

369 5615 562 5708 ,ταῦθα
596 5623 829 5706 δέδωκε.
860 5621 927 5680 Τί
959 5617 1017 5704 δὲ
1044 5619 1252 5693 ἔδωκε;
1288 5613 1365 5680 Τὸ
1399 5627 1640 5699 Πνεῦμα,
1695 5624 1880 5705 φησὶν,
1923 5623 2057 5699 ὅπερ

393 5701 456 5778 εἰ
485 5720 666 5798 μόνης
695 5701 917 5792 ἃγᾶπης
947 5702 1082 5769 Θεοῦ
1137 5711 1176 5788 ᾔ
1225 5711 1502 5789 ἠγάπησεν
1560 5701 1718 5789 ἡμᾶς
1764 5713 2058 5796 ἐπιφοίτη-

2191 3300 2344 3339 rum.
2376 3282 2526 3348 Quid
2557 3287 2755 3338 autem
2787 3281 3212 3352 consequimur
3239 3297 3310 3335 ex
3341 3296 3409 3335 eo
3441 3280 3599 3350 quod
3630 3279 3842 3352 proba-

2190 3373 2370 3428 tiores
2394 3371 2700 3427 videamur
2717 3371 2744 3426 ?
2775 3373 3045 3444 Magnum
3068 3371 3245 3443 plane
3269 3369 3680 3436 commodum;
3705 3386 3839 3442 spes

2191 3463 2411 3519 etenim
2439 3468 2644 3518 nostra
2677 3462 2902 3517 ﬁrmior
2935 3477 3003 3515 ac
3035 3459 3307 3516 stabilior
3353 3459 3641 3516 redditur.
3693 3459 3842 3525 Quid

2188 3559 2389 3608 autem
2420 3569 2490 3608 ex
2523 3552 2631 3608 hac
2652 3552 2679 3607 ?
2709 3553 2897 3608 Omne
2927 3552 3232 3622 negotium
3277 3549 3604 3623 perﬁcitur.
3660 3551 3842 3615 Quale

2187 3644 2426 3700 tandem
2449 3645 2478 3698 ?
2507 3645 2646 3709 Quae
2680 3659 2990 3716 speramus
3019 3642 3414 3713 assequimur.
3443 3642 3643 3698 Firma
3673 3659 3844 3698 nam-

2187 3751 2302 3804 que
2331 3750 2488 3805 spes,
2521 3751 2590 3790 ac
2621 3750 2728 3805 per
2746 3733 3154 3802 afflictionem,
3178 3733 3526 3804 patientiam
3547 3738 3605 3787 et
3635 3735 3844 3806 proha-

2189 3824 2412 3879 tionem
2445 3823 2718 3889 adducta,
2745 3839 3053 3893 nunquam
3083 3823 3403 3894 pudefocit.
3433 3824 3499 3877 Et
3528 3823 3679 3894 vide,
3702 3841 3837 3881 cum

2188 3915 2463 3987 superius
2493 3913 2759 3980 dixisset,
2788 3911 2946 3984 quod
2979 3912 3054 3967 ob
3105 3929 3271 3984 spem
3321 3911 3667 3985 gloriamur,
3719 3933 3836 3987 quo

2187 4005 2363 4061 modo
2397 4010 2456 4059 et
2492 4003 2588 4059 hic
2618 4019 2855 4058 rursum
2888 4002 2948 4057 in
2993 4019 3158 4074 spem
3211 4003 3636 4060 terminaverit.
3692 4007 3837 4061 Nam

2189 4101 2440 4167 etaspe
2474 4094 2756 4150 inchoare
2806 4097 3058 4165 oportet.
3116 4097 3175 4147 et
3229 4093 3506 4148 similiter
3562 4095 3623 4150 in
3683 4096 3836 4152 260

2187 4204 2351 4260 Spr‘m
2382 4187 2675 4243 desinere.
2715 4188 2924 4242 Verum
2961 4203 3095 4259 spes
3128 4185 3368 4257 quidem
3422 4187 3839 4260 incipientium

2186 4276 2457 4349 npndum
2489 4276 2870 4331 manifestum
2904 4281 2994 4330 est
3023 4275 3320 4347 quomodo
3353 4292 3414 4330 se
3437 4275 3670 4336 habeat.
3702 4294 3836 4333 cum

2185 4365 2450 4422 nondum
2483 4372 2806 4422 occurrunt
2857 4365 3214 4421 afflictiones
3270 4372 3372 4422 aut
3431 4368 3830 4423 tentationes:

2185 4473 2316 4529 quas
2345 4472 2476 4511 vers
2517 4473 2624 4528 per
2652 4457 2760 4511 has
2817 4457 3107 4521 transivit,
3170 4456 3535 4528 probataque
3593 4464 3705 4526 est,
3762 4475 3830 4514 ac

2183 4546 2562 4602 manifestata
2582 4546 2738 4618 quod
2763 4545 2989 4602 nullam
3010 4546 3228 4602 habeat
3243 4546 3830 4619 ambiguitatem,nec

2179 4634 2468 4691 ﬂuctuat:
2510 4636 2636 4690 haec
2669 4641 2726 4690 et
2765 4635 3191 4708 perfectionem
3251 4635 3447 4701 habet,
3497 4642 3558 4691 et
3608 4652 3737 4692 eam
3769 4637 3829 4692 in

2178 4723 2461 4780 fruitione
2493 4742 2698 4781 eorum
2730 4742 2862 4796 quas
2894 4732 3212 4797 sperantur
3266 4726 3522 4796 reponit.
3567 4726 3831 4797 Speravit

2178 4814 2471 4870 Abraham
2489 4821 2621 4886 post
2645 4820 3034 4883 senectutem,
3050 4832 3116 4870 ac
3151 4815 3412 4870 matricis
3427 4815 3825 4884 sterilitatem,

2178 4895 2334 4978 quad
2357 4907 2529 4978 juxta
2556 4906 3013 4978 promissionem
3045 4907 3277 4963 futurus
3304 4912 3462 4963 esset
3490 4912 3676 4979 pater.
3707 4910 3826 4966 Ma-

2174 5013 2356 5070 gnum
2388 4997 2630 5068 quidem
2664 4997 2998 5065 hoc,atnon
3032 4997 3205 5069 quale
3228 5003 3362 5070 post
3390 4999 3820 5070 probationem.

2174 5089 2440 5144 Tentavit
2465 5087 2637 5143 illum
2663 5088 2816 5144 Deus
2840 5094 2898 5143 et
2917 5087 3356 5160 quodammodo
3381 5090 3821 5156 conﬂavit.vere

2175 5177 2474 5234 horrenda
2502 5178 2757 5250 quadam
2789 5194 2857 5234 ac
2887 5177 3138 5234 terribili
3168 5178 3407 5235 fornace
3439 5197 3452 5235 :
3502 5181 3637 5254 igne
3667 5182 3820 5238 inte-

2173 5269 2298 5325 rius
2324 5284 2594 5336 accenso,
2629 5269 2868 5340 quando
2902 5269 3093 5325 tilium
3135 5269 3342 5341 jussus
3389 5277 3482 5327 est
3520 5273 3819 5344 jugulare.

2173 5358 2444 5414 Ostendit
2471 5359 2571 5414 ille
2594 5375 2700 5432 per
2731 5359 2857 5416 haec
2888 5361 3307 5416 inconcussam
3333 5361 3728 5436 stabilemque
3753 5364 3820 5420 fi-

2175 5447 2332 5504 dem.
2365 5449 2632 5506 Cucurrit
2662 5449 2821 5505 enim
2860 5456 2926 5505 ut
2964 5450 3155 5506 tilium
3179 5451 3522 5524 jugularet:
3556 5470 3668 5509 nec
3725 5471 3822 5510 va-

2173 5539 2414 5595 cillabat
2443 5539 2601 5594 intra
2629 5557 2691 5596 se
2724 5541 2988 5614 cogitans
3023 5559 3035 5596 :
3096 5541 3401 5607 Quomodo
3461 5558 3596 5614 ergo
3653 5549 3822 5615 pater

2173 5630 2322 5686 ero?
2355 5628 2416 5685 td
2441 5645 2583 5686 sane
2613 5629 2869 5687 maxime
2903 5636 2992 5688 est
3047 5631 3226 5688 ﬁdei:
3272 5630 3406 5686 ideo
3455 5633 3633 5686 etiam
3661 5639 3814 5703 qum

2173 5719 2451 5792 sperabat
2477 5725 2567 5776 est
2605 5728 2928 5779 assecutus.
2966 5745 2993 5772 «
3032 5721 3308 5778 Probatio
3367 5739 3501 5779 vero
3559 5733 3810 5794 spem.»
