4114 6450
268 381 381 440 Ml

1352 366 1768 432 GCUMENII
1814 367 2116 430 TRICOE
2162 367 2530 432 EPISCOPI.

3554 369 3676 436 412

257 511 426 566 Certe
458 508 557 579 qui
588 522 768 578 prava
795 501 1182 559 stimulantur
1210 501 1598 567 conscientia,
1646 518 1721 556 ue
1771 517 1903 573 spe-

2043 519 2105 555 rsv
2173 502 2326 574 ἡμῖν.
2389 500 2466 558 Ού
2525 503 2630 580 γάρ
2707 505 2872 574 ἡμεῖς
2961 501 3196 565 οἰκείους
3254 502 3677 578 κατορθώμασιν

256 607 393 656 rant
422 597 662 669 quidem
712 595 852 649 boni
909 609 975 648 ac
1031 591 1170 647 mali
1232 592 1710 648 retributionem.
1768 592 1913 645 Nam

260 690 512 761 quisque
543 684 700 756 quod
747 682 928 754 cupit,
996 683 1105 736 hoc
1164 683 1344 736 etiam
1403 681 1516 736 sibi
1575 680 1913 753 persuadet.

258 802 285 829 ‹‹
320 779 466 844 Quia
495 776 753 831 charitas
779 773 901 828 Dei.
929 793 956 820 ››
981 775 1050 826 Et
1078 772 1260 834 unde,
1291 772 1507 842 inquit.
1536 772 1916 827 manifestum

257 875 342 924 est
377 866 534 938 quod
575 866 725 920 Deus
757 863 838 917 ibi
873 861 1121 917 daturus
1153 861 1231 915 sit
1265 860 1434 916 nobis
1469 861 1625 915 bona
1646 860 1673 914 ?
1704 858 1918 916 Unde?

257 959 338 1012 Ex
370 958 461 1012 his
493 972 624 1026 quze
655 954 754 1008 hic
785 951 967 1007 dedit.
992 951 1142 1017 Quid
1165 957 1362 1006 autem
1389 950 1917 1022 dedit?Spiritum,

259 1047 360 1110 ait,
395 1045 493 1116 qui
529 1061 599 1099 ex
631 1041 758 1098 sola
789 1042 889 1096 Dei
925 1040 1245 1095 dilectione
1277 1057 1394 1110 qua
1423 1056 1534 1095 nos
1584 1039 1814 1100 dilexit,
1851 1040 1913 1094 in

258 1152 368 1191 nos
400 1130 767 1204 supervenit;
789 1145 983 1200 neque
1003 1129 1164 1184 enim
1187 1145 1296 1184 nos
1320 1127 1759 1200 propriisbonis
1775 1145 1914 1200 ope-

2025 588 2443 662 ἐπεσπασάμεθα
2483 591 2582 662 τὴν
2616 595 2810 666 >χάριν
2865 595 2962 646 τοῦ
3027 597 3362 662 Ιινευματος.
3437 619 3456 641 ι
3494 595 3677 648 Ἐκγέ-

2027 699 2212 756 χυται.
2253 703 2280 728 ››
2317 677 2521 739 Κολῶς
2561 677 2618 736 ’ὀὶ
2647 682 2747 750 τήν
2802 679 3020 758 ἀγάπην
3070 685 3166 735 τοῦ
3217 685 3374 750 Θεοῦ,
3477 681 3616 737 ἐστιν
3647 682 3681 753 ἡ

2029 766 2180 826 δόσις
2271 774 2371 822 τοῦ
2463 770 2800 843 ΙΙνεύματος,
2906 771 3047 826 εἶπεν
3145 770 3492 846 ἐκκεχύσθαε,
3571 771 3686 827 οἷον

2032 855 2281 930 δαψιλῶς
2343 855 2607 914 δεδόσθαι.
2684 883 2712 911 (ί
2783 861 2868 914 Ἐν
2937 866 3057 922 ταῖς
3124 858 3372 932 καρδίαις
3440 864 3686 932 ἡμῶν.»

2029 950 2220 1016 Νοητή
2300 949 2402 1026 γὰρ
2472 952 2506 1019 ἡ
2576 948 2847 1016 ἐνοίκησις
2937 955 3036 1005 τοῦ
3131 956 3512 1024 προσκυνητοῦ
3595 952 3688 1008 καὶ

2027 1037 2315 1112 τρισαγίου
2392 1038 2728 1112 υνεύματος,
2803 1040 2895 1094 καὶ
2987 1045 3061 1112 νῷ
3122 1039 3270 1114 μόνῳ
3339 1040 3429 1096 καὶ
3483 1039 3683 1118 καρδίᾳ

2032 1125 2248 1196 ληπτή.

2906 771 3047 826 εἶπεν

257 1225 426 1281 ribus
456 1221 708 1294 Spiritus
739 1219 987 1292 gratiam
1017 1217 1388 1273 attraximus.
1422 1242 1449 1267 α
1485 1218 1685 1273 Effusa
1714 1223 1822 1272 est.
1862 1239 1886 1264 »ι
1931 1217 2181 1274 Pulchre
2241 1205 2451 1275 autem.
2489 1219 2574 1276 ait
2617 1220 2720 1276 Dei
2779 1219 3184 1284 dilectionem,
3236 1237 3370 1292 quae
3427 1222 3680 1295 Spiritus

255 1314 480 1370 donum
513 1316 622 1376 est,
655 1309 905 1365 effusam
936 1325 1085 1375 esse,
1117 1308 1231 1364 hoc
1257 1314 1346 1363 est
1393 1307 1636 1381 largiter
1691 1306 1991 1364 donatam.
2030 1330 2051 1357 ι
2088 1309 2153 1362 In
2213 1309 2491 1366 cordibus
2541 1312 2783 1366 nostris.
2816 1332 2846 1360 ι)
2901 1311 3324 1368 lntellectualis
3379 1312 3540 1367 enim
3586 1315 3677 1367 est

257 1401 543 1462 adorandi
610 1399 1090 1470 sanctissimique
1155 1398 1408 1470 Spiritus
1473 1397 1848 1465 inbabitatio,
1943 1414 2193 1469 qumque
2283 1399 2409 1454 sola
2501 1406 2700 1455 mente
2793 1416 2861 1456 ac
2948 1400 3126 1457 corde
3214 1401 3670 1474 comprehendi-

333 1512 380 1549 ι’.

333 1512 380 1549 r.

263 1501 400 1645 ων,
435 1586 487 1643 6,
518 1583 572 1635 ’7.
605 1580 849 1635 Christus
904 1579 1070 1644 enim,
1127 1595 1250 1634 cum
1303 1578 1483 1633 adhuc
1541 1593 1769 1634 essemus
1827 1580 1914 1632 in-

262 1671 409 1739 ﬁrmi
436 1669 737 1724 secundum
767 1675 999 1738 tempus,
1029 1682 1132 1736 pro
1163 1666 1351 1736 impiis
1368 1674 1612 1722 mortuus
1641 1674 1738 1722 est.
1773 1669 1908 1722 Nam

264 1763 360 1814 via:
385 1775 492 1829 pro
513 1760 666 1829 justo
697 1759 820 1828 quis
854 1758 1093 1812 moritur
1117 1773 1138 1819 ;
1165 1772 1268 1825 pro
1300 1755 1439 1811 bono
1485 1755 1762 1828 siquidem
1792 1759 1915 1825 for-

264 1851 409 1904 sitan
437 1847 642 1918 aliquis
671 1846 839 1902 audet
877 1847 1046 1900 ctiam
1075 1847 1236 1900 mori.

339 1938 484 1994 Cum
518 1935 877 1992 sanctissimi
911 1934 1164 2006 Spiritus
1197 1933 1418 1991 donum
1451 1934 1700 1991 dixisset
1724 1940 1921 1991 trans-

265 2028 419 2083 ferre
451 2043 561 2082 nos
591 2027 655 2082 in
688 2025 894 2093 Deum,
930 2025 1042 2080 tria
1098 2023 1268 2096 ponit
1321 2041 1453 2096 quas
1503 2025 1921 2081 excellentiam

271 2115 593 2172 ostendant
619 2116 841 2171 amoris
873 2115 974 2169 Dei
1006 2130 1144 2186 erga
1175 2131 1306 2179 nos,
1340 2113 1638 2186 simulque
1670 2114 1925 2186 probent

272 2209 401 2280 ejus
431 2207 493 2261 in
523 2209 826 2278 posterum
878 2202 1314 2276 providentiam
1369 2219 1437 2259 ac
1495 2202 1924 2276 benignitatem

273 2313 409 2365 erga
429 2295 722 2351 homines.
755 2294 886 2349 Haec
909 2298 1107 2349 autem
1134 2292 1246 2348 tria
1269 2309 1338 2348 ex
1363 2309 1431 2348 eo
1455 2293 1581 2348 solo
1596 2292 1754 2364 quod
1784 2292 1890 2350 sub
1907 2324 1924 2333 -

266 2385 541 2459 jungitur
569 2383 841 2448 assumit,
873 2382 1151 2438 videlicet
1179 2382 1250 2437 ab
1284 2381 1405 2438 illis
1428 2383 1585 2438 circa
1605 2399 1739 2453 qua:
1769 2382 1928 2438 facta

274 2482 364 2532 est
393 2474 612 2530 amoris
640 2474 1092 2530 demonstratio.
1125 2475 1271 2528 Nam
1305 2480 1443 2527 sunt
1473 2489 1709 2530 rursum
1736 2472 1928 2529 etalia

273 2581 340 2621 ex
373 2581 440 2620 eo
474 2569 710 2634 sumpta
735 2563 834 2634 qui
865 2562 1092 2627 dilexit,
1127 2562 1344 2632 quibus
1377 2563 1556 2618 etiam
1586 2562 1925 2618 dilectionis

278 2653 630 2710 excellentia
660 2653 806 2708 26]
845 2650 1143 2722 profertur
1181 2667 1249 2706 ac
1306 2651 1687 2708 constituitur
1720 2667 1732 2705 :
1785 2657 1930 2724 puta

274 2743 622 2817 virginalem
654 2740 1020 2796 inhabitasse
1048 2747 1304 2807 uterum,
1343 2747 1401 2797 et
1426 2757 1668 2796 carnem
1728 2757 1798 2796 ex
1856 2757 1927 2797 ea

279 2832 629 2905 sumpsisse,
662 2830 1064 2904 legistatorem
1110 2829 1288 2885 etiam
1343 2828 1692 2888 obsecutum
1739 2829 1924 2887 fuisse

274 2922 422 2995 legis
450 2921 784 2993 praeceptis.

345 3010 568 3067 Deinde
600 3009 993 3066 contumelias
1023 3024 1281 3081 quoque,
1314 3008 1589 3081 injurias,
1623 3013 1681 3066 et
1719 3009 1924 3082 alapas

273 3103 656 3161 sustinuisse:
682 3101 958 3173 quodque
973 3101 1242 3158 omnium
1255 3107 1435 3173 caput
1455 3106 1744 3170 est,cruce
1769 3117 1924 3158 mor-

277 3199 394 3249 tem
429 3193 772 3265 oppetiisse.
807 3193 939 3264 Ipse
971 3207 1105 3245 vero
1135 3191 1452 3263 Apostolus
1483 3191 1575 3246 his
1607 3207 1737 3262 quas
1770 3208 1839 3246 ex
1861 3208 1928 3246 eo

273 3283 427 3343 sumi
457 3287 736 3355 poterant
765 3281 865 3353 qui
898 3280 1204 3336 dilexerat.
1233 3280 1292 3334 in
1327 3295 1623 3337 summam
1647 3280 1924 3345 redactis,

274 3375 521 3444 solaque
544 3371 780 3426 interim
809 3376 996 3425 morte
1028 3369 1517 3434 relata,distinxit
1537 3369 1659 3435 illa,
1690 3386 1822 3441 qua)
1853 3369 1926 3426 ab

272 3465 365 3519 his
389 3466 625 3532 sumpta
647 3465 817 3516 erant
837 3459 936 3532 qui
962 3459 1142 3514 amati
1161 3464 1319 3514 sunt.
1353 3458 1458 3514 Hic
1481 3465 1678 3515 autem
1711 3459 1923 3530 hujus-

2103 1578 2223 1633 Ἔτι
2284 1577 2384 1651 γὰρ
2459 1577 2710 1650 Χριστὸς,
2779 1574 2949 1633 ὄντων
3019 1580 3178 1652 ἡμῶν
3246 1578 3484 1643 ἀσθενῶν
3547 1579 3685 1635 κατὰ

2033 1665 2242 1737 καιρὸν,
2305 1666 2438 1742 ὑπὲρ
2505 1661 2716 1721 ἀσεϐῶν
2776 1666 3025 1722 ἀπέθανε·
3099 1665 3264 1742 μόλις
3361 1667 3464 1745 γὰρ
3553 1669 3684 1744 ὑπὲρ

2035 1751 2248 1809 δικαίου
2313 1776 2396 1814 τις
2463 1755 2830 1811 ἀποθανεῖται.
2899 1757 3056 1831 Ὑπὲρ
3124 1757 3229 1834 γὰρ
3294 1760 3393 1812 τοῦ
3457 1756 3685 1833 ἀγαθοῦ,

2033 1845 2184 1918 τάχα
2213 1863 2294 1905 τις
2325 1843 2414 1900 καὶ
2445 1842 2630 1916 τολμᾷ
2658 1845 2965 1909 ἀποθανεῖν.

2106 1934 2320 2009 [ΦΩΤ]
2355 1933 2538 1990 Εἰπὼν
2565 1939 2662 1990 τοῦ
2698 1935 2960 2009 παναγίου
3019 1935 3332 2009 Ηνεύματος
3385 1937 3485 2005 τὴν
3537 1931 3691 1992 δόσιν

2037 2017 2382 2094 μεταϐαίνειν
2415 2023 2491 2085 είς
2515 2023 2606 2078 τὸν
2639 2025 2786 2090 Θεὸν,
2814 2025 2938 2100 τρία
2984 2025 3165 2095 τίθησι
3223 2027 3322 2096 τὴν
3370 2019 3686 2100 ὑπερϐολὴν

2037 2109 2314 2168 δεικνύντα
2345 2115 2444 2177 τῆς
2475 2112 2694 2186 ἀγάπης
2730 2117 2827 2168 τοῦ
2853 2117 3010 2183 Θεοῦ,
3061 2114 3150 2170 καὶ
3201 2116 3315 2189 ἅμα
3353 2119 3692 2171 συνιστῶντα

2036 2201 2122 2254 καὶ
2159 2202 2258 2270 τὴν
2301 2200 2376 2263 εἰς
2401 2203 2462 2255 τὸ
2493 2199 2678 2256 ἔπειτα
2708 2200 2872 2257 αὐτοῦ
2920 2202 3181 2275 πρόνοιαν
3237 2204 3328 2258 καὶ
3384 2203 3693 2280 φιλανθρω-

2035 2289 2181 2344 πίαν.
2215 2291 2406 2346 Ταῦτα
2442 2287 2499 2346 δὶ
2528 2290 2591 2345 τὰ
2621 2291 2767 2366 τρία,
2821 2290 2929 2347 ἀπὸ
2990 2289 3156 2365 μόνου
3210 2287 3543 2365 λαμϐάνεται
3590 2297 3690 2349 τοῦ

2041 2377 2427 2448 ὑποκειμένου,
2463 2379 2590 2449 ἢτοι
2631 2379 2680 2450 ἐξ
2741 2379 2978 2446 ἐκείνων,
3039 2381 3166 2455 περὶ
3225 2382 3257 2437 ἃ
3307 2387 3409 2452 τῆς
3476 2383 3697 2454 ἀγάπης

2034 2463 2330 2537 ἀπόδειξις.
2401 2469 2551 2525 Ἐπεὶ
2615 2469 2705 2523 καὶ
2772 2465 2918 2525 ἀλλα
2980 2467 3147 2524 πάλιν
3211 2469 3261 2540 ἐξ
3355 2471 3523 2528 αύτοῦ
3595 2477 3696 2528 τοῦ

2036 2557 2447 2631 ἀγαπήσαντος,
2483 2555 2552 2612 δι’
2602 2558 2676 2613 ὧν
2734 2557 2900 2614 πάλιν
2931 2561 2965 2628 ἡ
3001 2555 3282 2635 ὑπερϐολὴ
3329 2568 3429 2628 τῆς
3477 2561 3700 2639 ἀγαπή-

2039 2666 2175 2707 σεως
2207 2645 2520 2702 συνίσταται
2550 2647 2640 2701 καὶ
2698 2649 3044 2722 παρίσταται·
3090 2649 3206 2704 οἷον
3265 2649 3397 2705 αὐτὸ
3444 2650 3507 2706 τὸ
3551 2673 3698 2727 παρ-

2036 2736 2252 2805 θενικὴν
2315 2734 2598 2800 ἐνοικῆσαι
2660 2738 2896 2812 μήτραν,
2936 2737 3026 2792 καὶ
3085 2740 3430 2816 σαρκωθῆναι
3490 2739 3540 2814 ἐξ
3593 2740 3697 2794 αύ-

2033 2832 2157 2896 τῆς⁴
2215 2826 2656 2901 ὑπηρετήσασθαί
2722 2848 2781 2882 τε
2837 2833 2956 2891 ταῖς
3013 2830 3149 2884 κατὰ.
3197 2829 3382 2905 νόμων
3444 2828 3685 2892 ἐντολαῖς

2031 2915 2122 2970 τὸν
2156 2917 2478 2989 νομοθέτην.

2105 3007 2241 3063 Εἶτα
2299 3007 2689 3080 ἀτιμασθῆναι,
2749 3004 3089 3083 ὑϐρισθῆναι,
3174 3010 3520 3087 βαπισθῆναι,
3595 3009 3687 3067 καὶ

2035 3099 2118 3172 (τὸ
2148 3095 2468 3177 κεφάλαιον)
2531 3095 2620 3152 διὰ
2659 3103 2897 3172 σταυροῦ
2955 3102 3354 3171 θανατωθῆναι.
3415 3099 3588 3164 Αὐτὸς
3631 3097 3690 3156 δὲ

2032 3186 2098 3240 τὰ
2149 3185 2242 3258 μὲν
2313 3185 2373 3240 ἐκ
2439 3189 2537 3240 τοῦ
2604 3186 2986 3260 ἀγαπήσαντος
3046 3187 3693 3266 συγκεφαλαιωσάμενος,

2032 3275 2122 3330 καὶ
2152 3275 2243 3330 τὸν
2277 3275 2499 3330 θάνατον
2538 3276 2704 3347 μόνον
2737 3277 2874 3337 τὲως
2906 3275 3095 3347 εἰπὼν,
3157 3279 3222 3333 τὰ
3261 3279 3367 3334 ἀπὸ
3417 3283 3524 3333 τῶν
3557 3278 3697 3354 ἀγα-

2032 3365 2314 3434 πηθέντων
2398 3361 2594 3431 διεῖλε,
2681 3363 3047 3434 συντελούσης
3103 3366 3252 3440 αύτῷ
3323 3367 3543 3424 ἐνταῦθα
3593 3374 3699 3438 τῆς

2038 3453 2300 3524 τοιαύτης
2333 3454 2783 3530 μεταχειρίσεως,
2817 3455 2892 3516 εἷς
2922 3456 2984 3510 τὸ
3011 3455 3096 3513 ὅτι
3155 3456 3231 3512 ἔτι
3283 3458 3374 3514 καὶ
3427 3451 3505 3514 ἔτι
3555 3478 3697 3533 προ-

274 3551 433 3609 modi
451 3549 721 3606 tractatio
739 3549 800 3604 in
816 3549 924 3603 hoc
936 3546 1227 3603 commoda
1243 3553 1373 3602 estA
1385 3547 1926 3619 postolo.utosten-

2044 3545 2322 3611 νοήσεται,
2381 3543 2474 3597 καὶ
2527 3543 2872 3619 ὑπερασπιεῖ,
2931 3545 3022 3600 καὶ
3102 3545 3321 3621 ῥύσεται
3404 3545 3465 3602 ἐκ
3519 3547 3700 3617 πάσης

275 3642 377 3696 dat
405 3638 560 3710 quod
595 3638 773 3693 etiam
810 3637 1055 3709 posthac
1088 3636 1275 3709 magis
1301 3653 1368 3692 ac
1388 3637 1574 3708 magis
1599 3637 1774 3692 nobis
1791 3654 1922 3708 pro

269 3729 510 3794 videbit,
535 3742 763 3798 nosque
787 3726 1066 3788 tuebitur,
1095 3733 1151 3780 et
1183 3725 1255 3781 ab
1288 3726 1452 3780 omni
1485 3726 1573 3781 ira
1604 3725 1881 3781 liberabit
1908 3743 1921 3780 :

274 3825 402 3875 tum
428 3817 501 3873 ab
525 3833 594 3872 ea
615 3832 748 3888 quae
772 3831 1038 3888 praesens
1062 3821 1172 3881 est,
1193 3814 1292 3870 ubi
1322 3815 1381 3870 id
1401 3815 1676 3887 expedire
1695 3815 1927 3885 viderit,

279 3915 407 3965 tum
436 3925 470 3963 a
498 3908 719 3974 futura,
753 3923 885 3978 quae
917 3922 1050 3961 vere
1079 3911 1344 3961 extrema
1373 3905 1464 3960 ira
1494 3909 1601 3960 est.
1635 3905 1768 3960 Tria
1793 3923 1930 3961 vero

276 4015 407 4072 qua:
433 3997 600 4069 ponit
621 4002 761 4052 sunt
782 3996 907 4051 haac
927 3994 1191 4064 :lnﬁrmi,
1225 3995 1684 4066 inquit,eramus
1714 3995 1930 4049 inﬁrmi

273 4105 412 4144 vero
445 4103 566 4142 non
594 4091 826 4146 natura.
861 4084 966 4140 sed
989 4084 1228 4155 propria
1253 4089 1450 4138 mente
1473 4100 1542 4139 ac
1565 4084 1930 4155 operatione.

276 4179 484 4248 Itaque
517 4174 742 4229 infirmi
773 4189 1034 4240 eramus,
1069 4172 1376 4243 multoque
1407 4172 1582 4228 nobis
1632 4188 1780 4243 opus
1809 4178 1936 4228 erat

276 4265 520 4324 auxilio.
556 4263 664 4317 Sed
698 4268 757 4317 et
785 4262 952 4331 impii
1009 4277 1279 4317 eramus:
1329 4261 1500 4316 illum
1551 4261 1652 4332 qui
1705 4261 1934 4317 laturus

275 4361 404 4411 erat
427 4353 713 4410 auxilium
740 4350 1198 4423 repellebamus,
1223 4350 1358 4406 aliis
1375 4351 1613 4422 quidem
1639 4351 1933 4407 adoratio-

277 4459 417 4500 nem
451 4441 871 4502 attribuentes,
905 4441 1101 4512 ipsum
1141 4456 1276 4495 vero
1310 4439 1548 4512 injuriis
1582 4440 1934 4509 afficientes,

283 4533 501 4605 quibus
533 4529 762 4587 inimici
791 4546 860 4586 ac
891 4529 1094 4585 hostes
1123 4536 1325 4600 appett
1346 4530 1560 4585 solent.
1597 4530 1806 4586 Omnia
1827 4530 1936 4604 igi-

279 4628 379 4678 tur
409 4627 615 4676 nostra
647 4620 823 4691 plena
851 4625 1022 4674 erant
1042 4619 1263 4690 inopia.
1290 4621 1432 4674 Nam
1458 4619 1528 4683 si,
1554 4635 1689 4677 cum
1714 4619 1934 4676 infirmi

280 4727 550 4769 essemus
582 4717 641 4766 et
670 4710 1048 4781 impotentes,
1087 4714 1146 4763 ut
1179 4708 1251 4764 ab
1284 4709 1633 4781 aegritudine
1664 4726 1936 4784 surgere-

290 4818 439 4868 mus,
477 4800 663 4855 multo
695 4799 1015 4872 egebamus
1045 4798 1268 4870 auxilip
1296 4815 1308 4851 :
1343 4799 1755 4854 auxiliatorem
1798 4815 1934 4854 vero

2040 3631 2240 3709 ὀργῆς,
2269 3638 2370 3700 τῆς
2401 3652 2459 3685 τε
2516 3631 2799 3707 παρούσης
2863 3632 2952 3688 ὅτε
3010 3638 3170 3691 τοῦτο
3232 3637 3508 3711 συμφέρον
3564 3633 3701 3706 οἶδε,

2035 3722 2254 3790 καὶτῆς
2311 3719 2627 3796 μελλούσης
2686 3722 2808 3792 ἣτις
2869 3721 3013 3778 ἐστὶν
3065 3724 3139 3786 ὡς
3207 3723 3430 3794 ἀληθῶς
3490 3724 3697 3802 ἐσχάτη

2039 3811 2196 3885 ὀργή.
2228 3811 2298 3867 "A
2335 3808 2392 3866 δὲ
2429 3809 2614 3881 τίθησι
2645 3813 2768 3887 τρία
2799 3815 2969 3869 ταῦτά
3003 3812 3163 3869 ἐστιν,
3221 3815 3492 3878 Ἀσθενεῖς
3531 3816 3699 3888 ἦμεν,

2037 3900 2219 3979 φησὶν,
2265 3899 2502 3962 ἀσθενεῖς
2537 3898 2618 3965 δὶ,
2671 3902 2773 3956 οὐκ
2830 3901 2893 3958 ἐκ
2948 3901 3181 3979 φύσεως,
3222 3901 3350 3959 ἀλλ’
3379 3903 3428 3974 ἐξ
3492 3902 3699 3966 οἰκείας

2039 3991 2270 4067 γνώμης
2299 3989 2391 4044 καὶ
2417 3989 2682 4064 πράξεως.
2737 3991 3003 4053 Ἀσθενεῖς
3059 3989 3152 4046 οὖν
3206 3993 3366 4064 ἦμεν,
3420 3993 3508 4047 καὶ
3552 3991 3699 4048 πολ-

2043 4079 2145 4146 λῆς
2201 4078 2454 4154 βοηθείας
2512 4077 2844 4153 ἐχρῄζομεν.
2904 4078 3084 4138 Ἀλλά
3122 4081 3211 4135 καὶ
3258 4075 3468 4144 ἀσεϐεῖς
3534 4083 3696 4155 ἦμεν,

2041 4167 2202 4223 αὐτὸν
2232 4167 2326 4221 τὸν
2361 4165 2642 4236 μέλλοντα
2679 4170 2896 4243 βοηθεῖν
2930 4169 3314 4246 ἀπωθούμξθα,
3357 4171 3561 4244 ἑτέροις
3603 4173 3700 4247 μὶν

2039 4256 2103 4311 τὸ
2151 4251 2310 4318 σέϐας
2367 4257 2796 4332 προσάπτοντες,
2856 4259 3000 4332 αύτῷ
3040 4257 3117 4328 δὲ,
3177 4258 3398 4336 ἐχθροῖς
3453 4258 3546 4316 ἴσα
3606 4261 3699 4315 καὶ

2043 4345 2363 4420 πολεμίοις,
2393 4343 2777 4420 ἐνυϐρίζοντες.
2825 4349 3032 4404 Οὐκοῦν
3095 4347 3272 4425 ἄπορα
3325 4351 3495 4406 πάντα
3546 4349 3700 4427 εἷχο·

2049 4458 2142 4510 μεν
2195 4436 2261 4492 τὰ
2314 4435 2577 4513 ἡμέτερα.
2642 4435 2706 4494 Εἴ
2762 4438 2865 4516 γὰρ
2925 4437 3081 4492 αὐτοὶ
3143 4439 3236 4512 μὶν
3292 4440 3549 4510 ἀσθενεῖς,
3604 4439 3700 4495 καὶ

2043 4524 2300 4581 ἀδύνατοι
2331 4526 2618 4596 ἀναστῆναι
2648 4531 2746 4583 τοῦ
2775 4530 3119 4600 νοσήματος,
3178 4526 3401 4598 πολλῆς
3458 4525 3514 4584 δὲ
3557 4529 3700 4604 βοη-

2045 4618 2190 4684 θείας
2226 4616 2500 4690 δεόμενοι,
2531 4619 2621 4674 τὸν
2659 4620 2862 4694 βοηθὸν
2908 4615 3281 4696 ἐνυϐρίσαντες
3337 4619 3700 4696 ἀπωσάμεθα,

2042 4716 2160 4773 πῶς
2201 4710 2300 4767 οὐκ
2359 4712 2437 4772 εἷς
2495 4705 2730 4787 ἔσχατον
2786 4713 3018 4787 ἀπορίας
3072 4714 3140 4769 τὰ
3196 4715 3476 4790 ἡμετερα;
3537 4714 3698 4782 Εἶτα,

2044 4799 2190 4856 ἀλλά
2220 4798 2568 4875 ἁμαρτωλοί,
2610 4801 2767 4872 οησὶ,
2820 4801 2912 4858 καὶ
2972 4803 2999 4857 ὁ
3054 4803 3197 4878 βίος,
3258 4805 3412 4882 φησὶ,
3478 4801 3695 4876 μᾶλλον

279 4891 462 4944 illatis
493 4888 731 4960 injuriis
791 4888 1226 4959 repuleramus,
1276 4903 1431 4942 anne
1488 4888 1561 4942 ad
1608 4895 1926 4943 extremam

2045 4887 2326 4945 καθεῖλκεν
2366 4891 2452 4944 ἐπὶ
2480 4890 2542 4944 τὸ
2581 4892 2805 4963 πτῶμα,
2860 4891 2950 4946 καὶ
2992 4892 3295 4967 ἀνενεγκεῖν
3360 4892 3424 4947 ού
3453 4893 3698 4969 συνεχώ-

279 4977 680 5048 indigentiam
712 4983 917 5032 nostra
945 4976 1186 5032 redacta
1215 4976 1430 5032 erant?
1475 4981 1759 5032 Praeterea
1803 4993 1932 5047 pec-

280 5075 511 5132 catores,
541 5065 755 5134 inquit.
788 5081 1047 5130 eramus,
1082 5072 1142 5120 et
1171 5066 1287 5120 vita
1333 5066 1520 5138 magis
1572 5065 1646 5122 ad
1703 5065 1935 5136 lapsum

285 5154 693 5216 trahebat,nec
708 5153 1071 5209 revalescere
1089 5155 1598 5225 permittebat.His
1627 5155 1710 5210 ita
1741 5173 1802 5210 se
1833 5155 1937 5211 ha-

282 5243 584 5302 bentibus.
618 5258 873 5313 cumque
906 5244 1102 5297 omnis
1133 5242 1467 5315 desperatio
1509 5243 1762 5306 adesset,
1800 5250 1940 5302 tunc

284 5335 477 5390 bonus
505 5331 605 5386 ille
641 5331 950 5386 hominum
982 5339 1213 5387 amator
1246 5333 1346 5388 Dei
1381 5333 1584 5398 Filius,
1619 5340 1678 5388 et
1706 5350 1816 5390 nos
1847 5334 1939 5390 di-

284 5423 430 5478 lexit
459 5425 516 5474 et
553 5419 816 5475 animam
846 5437 950 5492 pro
983 5419 1156 5474 nobis
1178 5420 1392 5492 posuit.
1427 5420 1592 5486 Quod
1615 5422 1662 5476 si
1686 5429 1827 5479 tunc
1849 5423 1938 5479 in-

287 5509 554 5568 numeris
582 5508 758 5565 malis
797 5509 1107 5577 obnoxios,
1137 5511 1358 5582 quique
1392 5510 1453 5565 in
1483 5528 1726 5567 omnem
1749 5512 1940 5584 turpi-

285 5599 556 5659 tudinem
585 5615 655 5656 ιο
685 5598 1009 5657 foeditatem
1040 5600 1465 5670 incideramus,
1498 5601 1679 5659 etiam
1736 5601 1943 5660 dilexit

286 5705 418 5763 nos,
452 5693 511 5747 et
538 5688 609 5747 ab
640 5686 990 5748 infirmitate
1022 5690 1208 5748 erexit
1237 5707 1306 5748 ac
1326 5689 1645 5761 roboravit,
1672 5707 1776 5750 suo
1799 5707 1941 5751 san-

2051 4999 2151 5054 ρει.
2185 4975 2374 5040 Οὕτως
2406 4975 2461 5034 δὲ
2495 4977 2760 5060 ἐχόντων,
2793 4981 2883 5035 καῖ
2931 4979 3108 5049 πάσης
3170 4981 3527 5061 ὑπαρχούσης
3561 4982 3699 5036 ἀπο-

2049 5067 2320 5147 γνώσει-ς.
2371 5069 2495 5125 τότε
2551 5068 2712 5132 αὐτὸς
2769 5070 2798 5124 ὁ
2856 5069 3076 5144 ἀγαθὸς,
3139 5071 3166 5126 ὁ
3225 5067 3639 5148 φιλάνθρωπος,
3673 5071 3702 5126 ὁ

2048 5163 2145 5213 τοῦ
2176 5161 2315 5217 Οεοῦ
2350 5163 2503 5222 Παῖς,
2535 5159 2622 5213 καῖ
2679 5161 2950 5234 ἠγάπησε.
3011 5161 3098 5214 καὶ
3150 5162 3250 5228 τήν
3304 5163 3490 5236 ψυχὴν
3534 5161 3704 5216 αὐτοῦ

2053 5247 2186 5323 ὑπὲρ
2218 5248 2377 5319 ἡμῶν
2412 5246 2664 5313 τέθεικεν.
2703 5247 2762 5304 Εἰ
2791 5246 2848 5304 δὶ
2889 5249 3013 5305 τότε
3073 5250 3292 5323 μυρίοις
3343 5249 3707 5326 ἐνεχομένους

2051 5342 2265 5399 κακοῖς,
2317 5337 2404 5392 καὶ
2467 5337 2543 5399 εἷς
2602 5337 2849 5406 παντελῆ
2904 5338 3304 5414 ἀσχημοσύνην
3341 5339 3430 5394 καὶ
3471 5337 3708 5420 α’σχρό-

2051 5447 2188 5496 τητα
2218 5427 2648 5498 κατηντηκότας,
2681 5427 2774 5484 καὶ
2829 5429 3106 5508 ἠγάπησε,
3151 5428 3243 5484 καὶ
3287 5434 3388 5497 τῆς
3434 5427 3709 5492 ἀσθενείας

2050 5514 2325 5586 ἀνέστησε,
2391 5516 2481 5571 καὶ
2550 5515 2880 5592 ἐδυνάμωσε·
2947 5517 3010 5572 τὸ
3077 5517 3244 5574 αύτοῖ
3311 5515 3510 5591 λύτρον
3570 5519 3705 5596 ὑπὲρ

2051 5607 2212 5678 ἡμῶν
2247 5601 2502 5671 δεδωκὼς
2529 5606 2692 5678 αἷμα,
2748 5605 2949 5679 πολλῷ
2999 5603 3216 5680 μᾶλλον
3271 5605 3702 5682 οἰκειωσάμενος

2049 5694 2142 5750 καὶ
2173 5691 2491 5765 δικαιώσας,
2525 5694 2615 5751 καὶ
2645 5695 3010 5773 προστήσεται
3057 5695 3148 5754 καὶ
3204 5693 3562 5773 ἀντιλήψεται
3611 5695 3706 5756 καὶ
