4114 6398
352 366 476 430 413

1466 352 1868 417 COMMENT.
1917 352 1996 413 IN
2039 351 2289 413 EPIST.
2337 352 2440 413 AD
2484 349 2678 414 ROM.

3664 349 3785 410 414

359 497 712 570 ὗπερασπιεῖ,
766 491 857 549 δτε
912 493 1054 566 μήτε
1094 487 1257 566 χρεία
1313 490 1488 544 θανεῖν
1522 485 1705 556 αὐτὸν,
1741 488 1882 560 μήτε
1911 484 2014 540 06'-

2159 489 2309 560 ;uine
2335 505 2442 560 pro
2473 486 2646 543 nobis
2685 487 2748 542 in
2803 486 3276 557 redemptionem
3312 482 3563 538 tradita:
3595 481 3784 538 multo

366 611 481 652 τως
529 590 605 652 ὡς
661 586 925 662 πρότερον
988 583 1063 645 εἷς
1119 580 1425 658 ἆρῥωστίαν
1480 580 1572 637 καὶ
1627 577 2026 655 ἀσχημοσλλτμ

371 677 821 754 κατηνέχθημεν·
883 672 1032 730 ἀλλὰ
1089 673 1163 747 μή
1225 670 1270 726 δ’
1335 670 1493 726 αὐτὸν
1555 669 1910 742 ἀπεωσάμεθα,
1962 665 2026 720 τὸ

370 764 533 832 σέϐας
562 753 767 840 ἑτέροις
798 764 1162 839 περιθέμενοι.
1225 760 1302 817 06
1358 762 1470 839 χρή
1532 763 1824 836 τοιγαροῦν
1859 755 1910 811 ἰν
1945 753 2024 810 δι-

367 860 604 934 σταγμῷ
647 855 748 924 τὴν
799 849 997 906 ἐλπίδα
1041 855 1152 906 τῶν
1203 848 1629 924 ἑπηγγελμένων
1677 846 1851 921 ἔχειν,
1883 842 2030 900 ἀλλᾶ

369 933 614 1018 βεϐαίαν.
646 943 738 999 καὶ
772 943 846 1007 ὡς
880 939 1161 1015 παρόντων
1207 943 1315 994 τῶν
1367 939 1583 1016 ἀγαθῶν
1617 934 1761 992 οὕτω
1792 933 2028 1014 χαίρειν,

361 1035 458 1093 καὶ
491 1031 734 1105 δοξάζειν
785 1033 878 1086 τὸν
930 1026 1400 1107 ἐπαγγειλάμενον
1436 1026 1526 1082 καὶ
1569 1026 1864 1102 παρέξοντα
1892 1024 2030 1079 πάν-

363 1145 499 1190 τως,
535 1122 740 1197 Κύριον
768 1123 930 1196 ἡμῶν
987 1120 1078 1175 καὶ
1138 1118 1290 1175 Θεόν.
1347 1117 1424 1177 O6
1459 1117 1563 1195 γὰρ
1600 1116 1763 1189 μόνον
1793 1113 1901 1168 ἀπὸ
1929 1118 2032 1183 τῆς

362 1216 542 1290 ὀργῆς
599 1211 766 1268 σώσει
823 1211 993 1283 ἡμᾶς,
1053 1206 1201 1265 ἀλλὰ
1257 1207 1349 1264 καὶ
1406 1213 1506 1276 τῆς
1564 1205 1817 1281 οὐρανίου
1866 1199 2028 1274 δόξης

363 1303 609 1378 ἀξιώσει.
649 1324 671 1351 ι
704 1303 910 1355 Ὄντων
961 1301 1121 1371 ἡμῶν
1183 1298 1438 1365 ἀσθενῶν,
1472 1321 1499 1349 ›ι
1554 1295 1645 1351 καὶ
1675 1297 1740 1350 τὰ
1771 1295 1915 1364 ὲξῆςζ
1948 1290 2032 1349 Τὰ

368 1395 651 1468 μέλλοντα
678 1391 1093 1465 πιστωσάμενος
1154 1388 1215 1445 ἰκ
1257 1395 1358 1458 τῆς
1417 1391 1516 1444 106
1565 1387 1726 1464 ἁγίου
1781 1383 2034 1455 Πνεύμα-

363 1506 462 1545 τος
495 1480 721 1559 δωρεᾶς,
755 1485 844 1535 νῦν
874 1479 966 1536 καὶ
1017 1479 1078 1534 ἐκ
1122 1482 1220 1536 τοῦ
1280 1476 1510 1534 θανάτου
1546 1481 1644 1531 τοῦ
1673 1477 1912 1550 Χριστοῦ
1942 1492 2035 1528 πι-

367 1578 616 1631 στοῦται.
670 1570 734 1628 Εἴ
790 1570 914 1645 γὰρ,
948 1569 1132 1647 φησὶν,
1199 1567 1332 1643 ὑπὲρ
1390 1564 1586 1642 ἀνδρὸς
1646 1564 1893 1639 ἐναρέτου
1935 1560 2035 1616 οὐκ

369 1665 432 1718 ἂν
465 1685 550 1725 τις
580 1659 766 1718 ’ἕλοιτο
797 1660 1108 1729 ἀποθανεῖν,
1144 1656 1334 1714 σκόπει
1377 1677 1472 1731 μοι
1502 1660 1598 1712 τοῦ
1629 1657 1903 1712 Δεσπότου
1932 1653 2033 1722 τὴν

376 1752 712 1830 ἆγαθότητα.
744 1750 829 1805 ’ὁτι
860 1747 953 1805 τὸν
983 1747 1106 1804 Υἱὸν
1149 1747 1282 1822 ὑπὲρ
1314 1740 1525 1802 ἀσεϐῶν
1555 1741 1724 1800 ἔδωκε
1753 1746 1823 1817 τῇ
1855 1741 2036 1816 ἁμαρ-

366 1829 484 1914 τία·
519 1866 546 1892 «ι
579 1839 729 1897 Κατὰ
761 1839 948 1913 καιρόν
994 1861 1024 1890 ››
1077 1869 1145 1880 —
1200 1837 1526 1910 [UlKOl‘M.]
1586 1833 1840 1891 Τουτέστι
1898 1829 2036 1886 κατὰ

366 1931 562 2006 καιρὸν
596 1926 872 2001 εὔκαιρον,
903 1927 994 1983 καὶ
1043 1928 1221 2003 προσή
1272 1944 1435 1982 κοντα
1483 1923 1574 1980 καὶ
1626 1919 2038 1998 προωρισμὲνον

377 2021 571 2098 καιρὸν
600 2019 692 2077 καὶ
727 2019 948 2096 χρὸνον.

443 2291 750 2364 Συνίστησι
807 2287 866 2348 δὶ
919 2289 1020 2357 τήν
1079 2289 1275 2344 ἑαυτοῦ
1334 2285 1548 2360 ἀγάπην
1625 2281 1702 2344 εἷς
1784 2281 1935 2353 ἡμᾶς
2014 2280 2043 2333 6

378 2387 540 2455 Θεὸς,
601 2383 686 2438 ὅτι
769 2378 850 2437 ἳτι
934 2373 1284 2453 ἁμαρτωλῶν
1341 2371 1506 2430 ὅντων
1574 2375 1756 2444 ἡμῶν,
1812 2369 2047 2445 Χριστὸς

379 2478 522 2549 ὗπὶρ
581 2476 744 2546 ἡμῶν
801 2471 1047 2527 ἀπέθανε.
1131 2463 1341 2538 Πολλῷ
1393 2462 1484 2520 οὖν
1546 2459 1765 2538 μᾶλλον
1823 2457 2044 2516 δικαιω-

367 2567 560 2626 θέντες
619 2561 710 2616 νῦν
772 2561 822 2616 ἐν
898 2564 979 2631 τῷ
1053 2557 1267 2630 αἳματι,
1325 2555 1688 2626 σωθησόμεθα
1745 2551 1814 2607 δι’
1874 2551 2048 2608 αὐτοῦ

371 2656 484 2712 ἀπὸ
544 2660 644 2722 τῆς
705 2652 899 2728 ὀργῆς.
957 2647 1024 2706 Ei
1079 2649 1187 2722 γάρ
1243 2643 1436 2725 ἐχθροὶ
1493 2641 1646 2703 ὄντες
1675 2637 2046 2714 κατηλλάγη-

386 2766 486 2818 μεν
541 2743 623 2814 τῷ
678 2744 815 2811 Θεῷ,
868 2735 957 2793 διὰ
1021 2740 1118 2792 τοῦ
1187 2736 1418 2799 θανάτου
1483 2736 1581 2788 τοῦ
1655 2732 1786 2787 Υἱοῦ
1860 2728 2047 2797 αὐτοῦ,

383 2815 593 2904 πολλῷ
699 2827 913 2904 μᾶλλον
1011 2819 1443 2899 καταλλαγέντες
1549 2820 1912 2896 σωθησόμεθα
1995 2815 2047 2872 ἓν

380 2927 454 2998 τῇ
517 2924 639 2995 ζωῇ
699 2919 890 2975 αὑτοῦ.
950 2916 1028 2974 O6
1091 2914 1256 2989 μόνον
1313 2911 1371 2968 ὃὶ
1423 2911 1572 2968 ἀλλᾶ
1629 2911 1720 2967 καὶ
1753 2907 2052 2984 καυχώμε-

386 3034 472 3068 νοι
529 3011 580 3067 ὲν
635 3014 718 3082 τῷ
774 3012 913 3078 Θεῷ,
971 3003 1062 3062 διὰ
1109 3008 1206 3060 τοῦ
1261 3003 1462 3078 Κυρίου
1519 3004 1678 3075 ἡμῶν
1713 3002 2054 3074 17,006sz-

399 3105 551 3161 στοῦ.
582 3098 648 3155 δι’
679 3097 743 3156 o6
775 3101 863 3154 νῦν
895 3098 996 3166 τήν
1025 3092 1380 3167 καταλλαγὴν
1434 3087 1727 3163 ἐλάϐομεν.

472 3187 753 3256 Συνίστησι
786 3185 865 3250 ὃὶ.
908 3185 1025 3242 ἀντὶ
1070 3188 1188 3253 106,
1223 3177 1459 3260 βεϐαιοῖ,
1493 3179 1750 3237 δείκνυσι.
1786 3205 1811 3232 «
1845 3175 2052 3246 Ηολλῷ

392 3278 494 3335 οὖν
541 3252 752 3353 μᾶλλον
805 3252 1198 3339 δικαιωθέντεξ.
1224 3252 1262 3325 ἰ)
1319 3272 1384 3330 Εἰ
1442 3271 1547 3346 γὰρ
1585 3269 1730 3336 τότε,
1760 3268 1948 3349 φησὶν,
1982 3266 2045 3322 o6
2078 3252 2120 3316 C

384 3367 677 3443 περιεῖδεν,
733 3367 823 3424 ὅτε
873 3365 968 3422 καὶ
1024 3361 1346 3438 ὁμαρτωλοὶ
1402 3362 1563 3433 ἦμεν,
1623 3359 1715 3414 καί
1769 3358 1936 3433 χρεία
1981 3357 2048 3424 ἦν

382 3459 525 3535 πρὸς
583 3459 647 3514 τὸ
707 3461 882 3512 σῶσαι
936 3453 1028 3509 καὶ
1079 3456 1177 3508 τοῦ
1229 3452 1458 3508 θανάτου
1512 3453 1614 3506 τοῦ
1668 3451 1802 3504 Υἳοῦ
1859 3443 2050 3514 αὐτοῦ,

380 3549 546 3622 πόσῳ
581 3545 802 3621 μᾶλλον
832 3549 922 3599 νῦν
955 3544 1018 3600 06
1050 3540 1310 3618 περιῖδοι,
1342 3538 1492 3597 ἀλλὰ
1539 3540 1723 3597 σώσει.
1755 3537 1846 3594 ὅτε
1876 3539 2056 3611 ἀμαρ-

381 3637 563 3695 τωλοί
620 3638 781 3708 ἰσμεν
847 3632 1229 3696 δικαιωθέντες
1281 3634 1361 3703 τῷ
1421 3627 1611 3700 α’ίματι
1659 3630 1756 3684 106
1787 3629 2052 3701 Χριστοῦ,

393 3726 526 3783 οὒτε
551 3724 630 3782 ἔτι
662 3723 825 3801 χρεία
857 3724 1236 3790 Μνατωθῆναι
1284 3721 1377 3775 τὸν
1437 3720 1559 3774 Υὶὸν
1615 3718 1825 3783 αὖτοῦ;
1859 3738 1888 3766 ‹‹
1921 3714 2055 3770 Ἀπὸ

399 3823 504 3881 τῆς
533 3815 715 3891 ὀργῆς,
751 3841 770 3864 ι
814 3817 926 3883 Τῆς
965 3809 1283 3884 μελλούσης
1311 3806 1614 3868 κολάσεως.
1660 3829 1682 3858 ι
1715 3807 1805 3861 Ἐν
1837 3807 1904 3874 τῇ
1937 3803 2054 3874 ζωῇ

398 3907 592 3962 αὐτοῦ.
627 3925 651 3956 ε
683 3904 796 3959 Οὐκ
844 3898 922 3957 ἔτι
973 3902 1093 3977 γὰρ.
1149 3897 1307 3978 φησί,
1357 3897 1539 3977 χρεία,
1572 3896 1646 3956 ὡς
1675 3895 1738 3950 τὸ
1768 3893 2055 3966 πρότερον,

395 3993 582 4052 δοῦναι
615 3994 709 4050 τὸν
765 3992 890 4048 Υἱὸν
948 3991 1024 4052 εἰς
1088 3991 1338 4053 θάνατον,
1396 3986 1546 4042 ἀλλὰ
1606 3989 1808 4054 ζῶντος
1838 3978 1986 4037 ἔσται
2019 3982 2054 4049 ἡ

392 4083 646 4158 σωτηρία
699 4079 870 4140 Οὐδὲν
913 4079 1026 4148 οὗν,
1076 4078 1233 4155 φησί,
1289 4074 1571 4151 δυσχερές.
1607 4100 1632 4127 α
1665 4073 1743 4132 06
1779 4072 1944 4143 μόνον
1978 4067 2058 4131 δὶ.

390 4172 546 4231 ἀλλὰ
573 4172 666 4227 καὶ
693 4173 1050 4246 καυχώμενοι
1081 4168 1134 4222 ἐν
1170 4171 1250 4238 τῷ
1303 4170 1440 4238 Θεῷ.
1479 4189 1500 4218 ι
1535 4166 1650 4222 *Ινα
1685 4163 1760 4237 μὴ
1796 4160 2061 4237 ἐρυθριῶ-

400 4287 499 4339 μεν
554 4264 647 4320 καὶ
705 4261 1093 4334 ἆδημονῶμεν.
1153 4257 1237 4314 δτι
1290 4259 1552 4312 τοσοῦτον
1610 4253 1906 4330 γεγόναμεν
1946 4250 2060 4305 60:-

395 4351 515 4418 ϐεἷς
563 4354 640 4415 ὡς
699 4352 887 4429 χρείαν
947 4350 1191 4428 γενέσθαι
1245 4347 1337 4402 καὶ
1389 4350 1488 4402 106
1544 4343 1775 4399 θανάτου
1804 4345 1900 4396 τοῦ
1931 4340 2061 4396 Υἱοῦ

393 4449 538 4525 πρὸς
567 4446 632 4502 16
658 4451 900 4512 σωθῆναι
955 4445 1130 4514 ἡμᾶς,
1179 4439 1386 4515 ἐπάγει·
1437 4435 1516 4495 U6
1569 4435 1736 4508 μόνον
1769 4432 2062 4502 86600531)-

401 4559 526 4616 μεν,
559 4534 746 4610 φησὶν,
778 4533 926 4590 ἀλλὰ
979 4533 1072 4588 καὶ
1129 4530 1436 4605 καυχᾶσθαι
1477 4525 1808 4616 όφείλομεν.
1852 4525 2062 4598 Τοιγαο

2131 579 2320 652 magis
2351 593 2486 634 cum
2517 593 2626 632 nos
2647 576 2759 632 sibi
2787 576 3078 642 asciverit,
3101 591 3169 630 ac
3189 573 3625 644 justificaverit,
3658 578 3786 628 tue-

2131 667 2306 729 bitur,
2345 665 2624 722 defendet
2643 682 2711 722 ac
2734 670 3032 736 proteget:
3056 680 3191 719 cum
3215 679 3410 733 neque
3432 662 3510 716 sit
3539 677 3785 716 necesse

2133 764 2199 813 ut
2227 758 2352 830 ipse
2379 758 2702 812 moriatur:
2755 771 2951 826 neque
3009 754 3156 809 adeo
3213 761 3280 807 ut
3327 753 3491 823 prius
3522 751 3584 805 in
3616 750 3790 805 infir-

2133 851 2402 906 mitatem
2433 866 2502 906 ac
2552 847 2986 920 impudentiam
3044 843 3497 899 devenerimus:
3543 841 3646 897 sed
3678 857 3788 896 nec

2133 940 2305 996 illum
2335 938 2746 1011 repulerimus,
2782 936 3128 992 exhibentes
3176 933 3310 989 aliis
3355 931 3786 986 adorationem.

2135 1035 2340 1102 Itaque
2370 1045 2492 1084 non
2521 1033 2757 1100 oportet
2804 1027 2866 1081 in
2915 1024 3192 1096 ambiguo
3247 1037 3414 1094 spem
3458 1020 3676 1075 habere
3717 1018 3792 1074 de

2133 1119 2463 1194 promissis,
2500 1118 2604 1173 sed
2636 1118 2870 1172 ﬁrmam
2902 1130 3091 1187 spem,
3125 1118 3184 1169 et
3212 1111 3392 1168 veluti
3425 1109 3498 1166 de
3528 1125 3796 1181 praesen-

2135 1210 2295 1266 tibus
2326 1209 2501 1264 bonis
2541 1208 2624 1263 ita
2667 1205 2948 1280 gaudere,
2999 1219 3068 1260 ac
3118 1203 3289 1258 illum
3323 1199 3657 1272 gloriﬁcare
3689 1198 3793 1270 qui

2137 1297 2660 1374 promisit,quique
2675 1297 2922 1351 omnino
2942 1289 3562 1366 praestabit,Dominus
3581 1303 3798 1360 nempe

2137 1407 2206 1447 ac
2232 1391 2386 1445 Deus
2412 1393 2635 1444 noster.
2682 1386 2835 1442 202
2876 1387 3002 1439 Non
3053 1383 3246 1440 solum
3276 1380 3437 1435 enim
3467 1395 3578 1434 nos
3609 1377 3682 1432 ab
3712 1377 3802 1432 ira

2139 1478 2416 1542 servabit,
2475 1477 2580 1532 sed
2632 1480 2691 1531 et
2747 1475 2973 1530 caelesti
3037 1471 3226 1546 gloria
3282 1469 3494 1542 dignos
3535 1467 3798 1523 habebit.

2140 1594 2167 1623 «
2201 1571 2346 1627 Cum
2379 1569 2574 1625 adhuc
2601 1584 2869 1624 essemus
2895 1565 3142 1620 infirmi.
3172 1584 3198 1610 »
3225 1567 3338 1617 etc.
3369 1563 3693 1632 Postquam
3733 1557 3811 1614 ﬁ—

2142 1658 2277 1716 dem
2307 1658 2379 1712 de
2409 1656 2625 1712 futuris
2657 1671 2726 1710 ex
2757 1653 3011 1726 Spiritus
3039 1651 3229 1706 sancti
3264 1649 3421 1704 dono
3453 1647 3805 1703 corrobora-

2141 1747 2410 1815 vit,nunc
2433 1745 2611 1800 etiam
2636 1743 2814 1798 etiam
2840 1758 2909 1796 ex
2929 1740 3142 1795 Christi
3165 1738 3442 1810 passione
3465 1734 3802 1792 conﬁrmat.

2144 1837 2287 1893 Nam
2324 1836 2371 1890 si
2407 1851 2510 1906 pro
2543 1833 2719 1889 bono.
2745 1831 2964 1903 inquit,
2988 1830 3111 1884 viro
3135 1828 3338 1884 nullus
3361 1826 3513 1882 mori
3538 1825 3805 1898 eligeret,

2143 1925 2459 1985 considera
2482 1924 2631 1980 mihi
2657 1921 2888 1978 Domini
2911 1920 3238 1976 bonitatem
3264 1933 3278 1971 :
3305 1933 3414 1990 pro
3438 1915 3638 1988 impiis
3661 1912 3817 1969 enim

2145 2017 2361 2074 Filium
2382 2019 2624 2087 peccato
2650 2011 2832 2066 dedit.
2860 2032 2888 2060 ‹‹
2912 2007 3252 2064 Secundum
3277 2013 3570 2077 tempus.»
3597 2034 3660 2044 —
3685 2001 3807 2058 Hoc

2146 2110 2240 2162 est
2267 2111 2602 2177 opportuna
2631 2117 2699 2156 ac
2730 2096 3110 2156 convenieuti
3158 2094 3446 2169 temporis
3495 2092 3808 2150 occasione

2149 2194 2520 2264 deﬁnitaque
2551 2197 2836 2262 tempore.

2221 2284 2288 2352 V,
2319 2285 2471 2339 8-H.
2504 2305 2529 2331 «
2551 2281 2818 2336 Illustrat
2837 2282 3040 2334 autem
3064 2290 3232 2331 suam
3258 2288 3396 2344 erga
3417 2288 3530 2327 nos
3552 2269 3812 2327 charita-

2150 2399 2178 2426 «
2215 2379 2335 2430 tem
2362 2374 2538 2436 Deus,
2564 2369 2721 2442 quod
2750 2385 2886 2424 cum
2917 2367 3112 2422 adhuc
3143 2370 3485 2438 peccatores
3519 2376 3808 2428 essemus,

2157 2490 2176 2516 ι
2204 2465 2473 2522 Christus
2495 2480 2602 2536 pro
2621 2461 2794 2517 nobis
2819 2465 3088 2515 mortuus
3107 2463 3231 2512 est:
3252 2455 3439 2511 multo
3462 2452 3649 2526 magis
3673 2467 3808 2525 ergo

2153 2581 2181 2609 ‹‹
2207 2554 2522 2629 justiﬁcati
2554 2570 2660 2619 per
2687 2551 2818 2622 ejus
2854 2548 3205 2622 sanguinem
3242 2545 3386 2602 salvi
3436 2543 3661 2599 erimus
3707 2557 3813 2614 per

2154 2669 2183 2698 ‹‹
2213 2663 2349 2703 eum
2381 2644 2454 2701 ab
2486 2645 2592 2699 ira.
2630 2642 2686 2697 Si
2718 2641 2879 2696 enim
2903 2655 3037 2695 cum
3061 2635 3290 2692 inimici
3313 2649 3580 2690 essemus
3606 2646 3812 2688 recou-

2160 2762 2180 2787 ιι
2216 2736 2400 2792 ciliati
2430 2749 2636 2790 sumus
2669 2731 2786 2787 Deo
2810 2746 2917 2802 per
2936 2734 3190 2784 mortem
3219 2726 3349 2783 Filii
3382 2725 3593 2796 ipsius,
3623 2721 3813 2777 multo

2156 2850 2186 2879 ‹‹
2213 2826 2401 2900 magis
2431 2820 2802 2880 reconciliati
2837 2818 2981 2876 salvi
3014 2818 3239 2873 erimus
3263 2816 3326 2871 in
3355 2815 3474 2870 vita
3505 2813 3656 2883 ejus.
3689 2812 3816 2866 Non

2156 2942 2184 2970 «
2221 2918 2415 2975 solum
2446 2921 2644 2970 autem
2675 2911 2808 2978 hoc,
2861 2908 2965 2966 sed
3014 2913 3074 2965 et
3114 2907 3440 2981 gloriamur
3471 2903 3532 2958 in
3565 2902 3682 2958 Deo
3709 2915 3817 2974 per

2163 3029 2183 3054 ι
2216 3005 2532 3061 Dominum
2577 3007 2847 3057 nostrum
2895 2998 3095 3054 Jesum
3143 2995 3464 3058 Christum,
3496 3007 3604 3066 per
3633 3004 3813 3062 quem

2157 3120 2184 3146 ‹‹
2218 3111 2380 3152 nunc
2411 3091 2960 3148 reconciliationem
2993 3085 3352 3157 accepimus.
3389 3103 3418 3132 »

2229 3188 2482 3243 Illustrat
2538 3188 2758 3247 autem,
2811 3180 2923 3235 hoc
2971 3181 3078 3242 est,
3127 3174 3465 3239 confirmat,
3526 3168 3809 3226 ostendit.

2159 3300 2188 3328 ‹‹
2221 3276 2400 3332 Multo
2434 3274 2620 3346 magis
2651 3287 2789 3341 ergo
2815 3267 3148 3341 justiﬂcati.
3188 3289 3207 3312 ι
3263 3265 3408 3320 Nam
3444 3261 3492 3316 si
3522 3265 3682 3324 tunc,
3715 3259 3814 3314 in-

2161 3367 2308 3440 quit,
2343 3381 2464 3420 non
2495 3360 2767 3434 despexit
2805 3375 2939 3415 cum
2986 3363 3041 3413 et
3090 3359 3432 3428 peccatores
3464 3365 3722 3414 eramus,
3757 3352 3816 3405 et

2162 3472 2311 3530 opus
2351 3459 2479 3510 erat
2505 3459 2574 3507 ut
2597 3449 2822 3524 proprii
2855 3449 3033 3503 etiam
3083 3451 3274 3501 morte
3324 3442 3455 3499 Filii
3485 3440 3678 3496 salvos
3706 3455 3818 3495 nos

2160 3529 2403 3606 faceret.
2438 3549 2662 3615 quanto
2691 3540 2880 3608 magis
2911 3553 3070 3593 nunc
3101 3549 3482 3606 nequaquam
3508 3529 3817 3602 despiciet,

2163 3636 2268 3692 sed
2303 3635 2495 3691 salvos
2514 3633 2710 3694 faciet.
2739 3629 2979 3703 quando
3001 3643 3197 3699 neque
3222 3631 3568 3697 peccatores
3589 3637 3818 3688 sumus,

2163 3724 2380 3780 Christi
2415 3718 3056 3796 sanguinejustiflcati,
3086 3732 3281 3786 neque
3301 3715 3429 3784 jam
3463 3727 3708 3766 necesse
3733 3713 3824 3764 est

2165 3814 2377 3870 Filium
2411 3827 2584 3867 suum
2623 3809 2797 3867 morti
2853 3806 3059 3863 tradi?
3107 3827 3135 3854 ιι
3167 3804 3250 3859 Ab
3301 3804 3406 3858 ira.
3448 3823 3474 3848 ιι
3523 3803 3565 3855 Α
3621 3799 3821 3855 futuro

2167 3902 2480 3975 supplicio.
2547 3919 2568 3948 ι
2622 3901 2683 3954 In
2725 3898 2844 3953 vita
2890 3898 3040 3966 ejus.
3078 3917 3105 3944 ››
3139 3896 3337 3963 Neque
3369 3890 3530 3946 enim
3553 3889 3680 3961 jam
3713 3903 3825 3942 ne-

2167 4009 2332 4052 cesse
2363 3997 2472 4058 est,
2506 3991 2723 4062 inquit,
2773 3993 2839 4044 ut
2885 3986 3070 4059 prius,
3105 3983 3318 4039 Filium
3364 3995 3538 4036 suum
3570 3979 3630 4032 in
3666 3993 3822 4033 mor-

2167 4091 2288 4141 tem
2322 4081 2573 4143 tradere,
2610 4078 2713 4135 sed
2745 4092 2814 4134 eo
2866 4077 3094 4130 vivente
3144 4073 3304 4128 salus
3359 4069 3489 4126 erit.
3522 4068 3679 4124 Nihil
3710 4068 3827 4122 ita-

2169 4189 2285 4246 que
2312 4169 2702 4234 dil'ilcultatis,
2736 4165 2951 4238 inquit,
2983 4163 3163 4219 habet
3215 4175 3375 4215 nunc
3407 4163 3612 4213 nostra
3641 4155 3826 4210 salus.

2170 4289 2196 4312 α
2235 4265 2359 4320 Non
2381 4262 2573 4318 solum
2599 4265 2799 4316 autem
2823 4257 2955 4323 hoc,
2981 4253 3086 4310 sed
3111 4258 3170 4308 et
3192 4250 3520 4324 gloriamus
3541 4247 3602 4302 in
3626 4248 3764 4302 Deo.
3801 4269 3822 4296 ι

2170 4355 2252 4412 Ne
2283 4353 2499 4409 rubore
2530 4348 2965 4413 suifundamur,
3017 4356 3388 4412 mmroreque
3440 4337 3834 4395 confloiamur

2173 4445 2332 4519 quod
2355 4441 2501 4500 adeo
2526 4441 2692 4514 impii
2718 4439 3029 4501 fuerimus,
3046 4442 3115 4492 ut
3136 4450 3288 4506 opus
3313 4431 3492 4486 fuerit
3511 4429 3583 4486 ad
3607 4428 3833 4483 salvan-

2175 4517 2316 4590 dum
2333 4550 2442 4589 nos
2460 4533 2639 4589 etiam
2657 4535 2848 4586 morte
2862 4527 2991 4584 Filii
3007 4521 3474 4594 Dei,subjungit:
3499 4520 3623 4575 Non
3648 4517 3834 4574 solum

403 4632 536 4703 ροῦν
567 4625 658 4681 καὶ
687 4623 1048 4703 καυχώμεθα,
1081 4620 1166 4677 ὅτι
1199 4619 1346 4680 ὅλως
1384 4613 1616 4680 ἀπέθανε
1665 4613 1894 4689 Χριστὸς
1928 4611 2047 4685 ὗπὶε

2172 4625 2390 4697 inquit,
2443 4622 2585 4678 salvi
2644 4620 2784 4676 facti
2839 4634 3067 4681 sumus,
3105 4614 3209 4670 sed
3267 4618 3325 4668 et
3375 4609 3616 4685 gloriari
3649 4606 3834 4663 debe-

401 4700 571 4792 ἦμῶν
601 4713 774 4773 ὄντων
799 4700 1038 4770 ἆσεϐὦν.
1073 4714 1253 4769 T0610
1294 4709 1396 4787 γὰρ
1427 4710 1528 4778 τήν
1563 4707 1692 4782 ἄγαν
1723 4708 1821 4760 τοῦ
1855 4700 2064 4777 ΙΙατρὸς

397 4788 618 4883 ἀγάπην
655 4803 842 4874 δηλοῖ,
871 4802 957 4859 ὅτι
1005 4801 1095 4858 καὶ
1140 4799 1276 4874 ὗπὶρ
1323 4792 1531 4854 ἀσεϐῶν
1564 4796 1657 4850 τὸν
1687 4793 1810 4850 Υἱὸν
1840 4788 2062 4847 δέδωκε.

401 4880 547 4958 Τοὺς
579 4892 639 4951 δέ
666 4890 1066 4972 ἁγαπωμὲνους
1127 4890 1232 4946 ὑπὸ
1289 4891 1447 4953 Θεοῦ,
1507 4885 1605 4941 οὐκ
1635 4880 2065 4959 ἒγκαλΰπτεσθαι

401 4985 533 5046 οὐδὲ
585 4969 906 5058 ἀδημονεῖν.
957 4979 1108 5038 ἀλλὰ
1158 4976 1494 5054 ἀγάλλεσθαι
1535 4975 1627 5030 καὶ
1673 4969 2066 5058 καυχᾶσθαιᾼίν

403 5083 527 5149 Θεῷ
554 5053 852 5151 προσῆκει.
913 5096 942 5124 ε(
993 5073 1080 5128 Δι’
1125 5053 1214 5125 οὗγ
1239 5072 1328 5124 νῦν
1354 5069 1454 5137 τὴν
1485 5062 1843 5140 καταλλαγὴν
1877 5053 2070 5116 ἔλαϐο-

408 5187 524 5240 μεν.
561 5149 736 5233 »τήν
767 5164 888 5218 οἷον
942 5159 1214 5216 οἰκείωσιν
1267 5157 1356 5213 καὶ
1415 5154 1478 5211 16
1535 5149 1896 5229 διαλλαγῆναι
1929 5149 2065 5222 ἡμῖν

405 5257 764 5332 ὀργιζόμενον
793 5252 902 5328 πρὸ
933 5251 1129 5310 τούτου
1156 5249 1248 5306 τὸν
1283 5246 1438 5306 Θεόν.

2179 4732 2349 4772 mus:
2384 4715 2584 4785 itaque
2614 4711 2942 4784 gloriamur
2973 4706 3150 4762 etiam
3201 4702 3360 4776 quod
3391 4701 3639 4758 omnino
3669 4711 3832 4754 mor-

2177 4813 2315 4861 tuus
2344 4803 2526 4859 fuerit
2548 4801 2818 4856 Christus
2875 4814 2982 4870 pro
3035 4794 3212 4851 nobis
3269 4807 3403 4847 cum
3464 4788 3632 4860 impii
3674 4802 3835 4842 esse-

2177 4897 2485 4951 mus.Nam
2505 4891 2565 4947 id
2586 4890 2778 4946 Patris
2800 4905 2938 4961 erga
2954 4904 3062 4942 nos
3079 4898 3343 4942 amorem
3367 4885 3570 4953 aperte
3595 4876 3841 4935 manife-

2179 4991 2315 5046 stat.
2342 4981 2501 5056 quod
2518 4982 2697 5037 etiam
2720 4995 2827 5052 pro
2851 4977 3053 5049 impiis
3079 4974 3293 5030 Filium
3317 4968 3837 5027 tradiderit.Porro

2178 5091 2281 5132 eos
2295 5074 2445 5146 quia
2459 5073 2575 5128 Deo
2590 5075 2871 5128 amantur
2882 5083 3002 5122 non
3017 5059 3534 5134 convenitpudore
3548 5056 3834 5122 suffundi,

2177 5179 2373 5235 neque
2414 5177 2664 5217 mmrore
2695 5156 2875 5222 afﬁci,
2910 5154 3055 5211 268
3089 5152 3191 5208 sed
3224 5155 3483 5206 exaltare
3524 5153 3585 5202 et
3613 5147 3675 5202 in
3717 5146 3836 5201 Deo

2177 5252 2436 5327 gloriari.
2464 5273 2492 5300 ‹‹
2514 5253 2626 5306 Per
2646 5263 2823 5320 quem
2847 5244 3185 5316 accepimus
3206 5236 3782 5296 reconciliationem.
3804 5253 3830 5285 ι

2181 5325 2303 5401 Hoc
2329 5347 2419 5398 est
2443 5339 2936 5399 familiaritatem,
2959 5341 3017 5390 et
3038 5333 3195 5406 quod
3216 5330 3390 5387 nobis
3416 5325 3840 5384 reconciliatus

2181 5434 2261 5491 sit
2284 5433 2440 5489 Deus
2470 5431 2572 5503 qui
2603 5435 2744 5485 ante
2774 5427 2953 5498 hujus
2982 5429 3238 5482 mortem
3270 5418 3444 5477 nobis
3473 5418 3662 5474 iratus
3691 5418 3837 5472 erat.
