4114 6440
286 357 403 419 415

922 481 1154 542 CAPUT
1191 481 1311 539 VII.

290 597 565 666 Quomodo
596 611 693 651 nos
720 592 1106 650 introduxerit
1143 592 1218 647 ad
1257 590 1491 666 salutem
1513 589 1944 666 JesysACﬁristus

355 674 545 740 factus
575 669 732 723 homo
754 682 865 738 pro
905 666 1187 734 terrigena
1232 664 1406 719 Adam
1437 665 1538 733 qui
1564 662 1632 717 ab
1662 661 1826 716 initio
1855 675 1942 715 ce-

356 743 588 798 οἰόθι-αι.

353 851 424 917 V,
458 851 547 916 12,
581 849 667 903 13.
704 867 733 899 «
765 847 1087 918 Propterea
1114 842 1271 899 sicut
1288 857 1396 913 per
1414 856 1604 897 unum
1634 838 1943 895 hominem

285 962 314 991 κ
346 942 658 1012 peccatum
689 936 751 990 in
781 933 1073 991 mundum
1102 932 1388 997 introivit,
1412 947 1482 987 ac
1502 947 1611 1003 per
1630 935 1942 1003 peccatum

287 1050 316 1080 α
351 1044 532 1094 mors,
559 1031 620 1082 et
640 1026 725 1082 sic
746 1024 808 1080 in
827 1039 1036 1081 omnes
1056 1023 1333 1079 homines
1365 1038 1526 1078 mors
1554 1019 1939 1093 pertransiit:

288 1141 317 1171 «
351 1118 415 1174 in
448 1133 565 1190 quo
589 1130 799 1172 omnes
820 1117 1233 1188 peccaverunt.
1259 1114 1405 1169 Nam
1426 1126 1615 1182 usque
1645 1109 1720 1166 ad
1751 1109 1944 1183 legem

299 1228 323 1258 α
355 1212 667 1282 peccatum
697 1210 825 1261 erat
850 1205 914 1259 in
944 1202 1192 1260 mundo.

364 1298 510 1354 Cum
541 1296 605 1352 in
632 1292 1041 1367 superioribus
1070 1290 1484 1363 multipliciter
1501 1289 1860 1362 probaverit,
1889 1294 1950 1345 et

290 1388 543 1461 Spiritus
573 1383 893 1457 przesentia
935 1388 994 1439 et
1039 1382 1170 1439 Filii
1202 1386 1394 1437 morte
1424 1397 1534 1436 nos
1567 1395 1697 1437 esse
1717 1379 1947 1452 justiti-

292 1482 478 1543 catos,
511 1473 670 1530 idem
702 1473 883 1530 etiam
913 1488 1074 1530 nunc
1123 1487 1195 1527 ex
1241 1486 1309 1527 eo
1358 1469 1518 1542 quod
1549 1469 1766 1525 rationi
1800 1485 1946 1525 con-

290 1572 642 1623 sentaneum
673 1580 742 1620 ac
773 1577 1149 1634 consequens
1181 1566 1291 1629 est,
1319 1560 1655 1616 conﬁrmat.
1685 1561 1829 1615 Nam
1861 1575 1950 1614 ra-

290 1653 603 1721 tionabile,
626 1652 843 1726 inquit,
867 1657 1013 1719 erat,
1039 1668 1141 1707 eos
1163 1650 1265 1722 qui
1288 1667 1394 1723 per
1421 1665 1609 1705 unum
1640 1648 1949 1704 hominem

294 1750 638 1820 peccatores
669 1759 738 1799 ac
768 1740 1053 1798 mortales
1073 1740 1212 1797 facti
1241 1744 1431 1809 erant,
1461 1737 1950 1811 quandoquidem

1403 345 1830 412 (ICUMENII
1871 344 2181 410 TRICGE
2223 334 2613 411 EPISCOPI.‘

1969 480 2022 548 Δ

3585 344 3706 406 4'16

2698 478 2956 537 ΚΕΦΑΛ.
2989 478 3062 537 Ζδ.
3704 482 3709 485 ’

2050 587 2185 663 Περῖ
2245 586 2554 664 εἷξσαγωγῆς
2609 592 2706 645 τοῦ
2764 588 2915 664 πρὸς-
2950 584 3226 663 σωτηρίαν
3254 584 3710 664 ’ἡμῶν-ἀνθρώ-

2120 656 2233 715 σίποῦ
2265 656 2746 739 Ἰησῖορᾋριστοῦ,
2803 656 2921 716 ἆντὶ
2977 664 3077 716 τοῦ
3108 656 3394 721 ’πεσόντος
3439 656 3491 732 ἐξ
3523 656 3710 739 ἀρχῆς

2123 730 2389 810 γηγενοῦς
2413 730 2614 805 Ἀδάμ.

2123 844 2222 899 Διὰ
2277 847 2439 899 τοῦτο
2500 843 2681 917 ὥσπερ
2744 839 2815 898 δι’
2871 843 2991 904 ἑνὸς
3049 841 3341 917 ἀνθρώπου
3391 843 3427 911 ἡ
3472 840 3711 915 ἁμαρτία

2054 930 2132 993 εἷς
2186 933 2277 987 τὸν
2333 933 2540 1006 κόσμον
2598 932 2839 1003 εἰσῆλθε,
2895 931 2987 987 καὶ
3046 928 3136 985 διὰ
3186 936 3290 1000 τῆς
3350 928 3619 1005 ἁμαρτίας
3681 931 3710 985 ὁ

2053 1022 2303 1092 Θάνατος,
2356 1022 2447 1077 καὶ
2495 1018 2672 1084 οὕτως
2748 1021 2825 1085 εἰς
2894 1022 3098 1085 πάντας
3154 1018 3475 1095 ἀνθρώπους
3531 1020 3559 1074 ὁ
3615 1020 3712 1084 θά-

2051 1131 2214 1169 νατος
2271 1108 2515 1180 διῆλθεν·
2576 1109 2658 1190 ἐφ’
2710 1112 2758 1184 ᾦ
2809 1108 3006 1173 πάντες
3062 1108 3332 1184 ἥμαρτον.
3392 1110 3566 1185 Ἀχρι
3604 1109 3711 1185 γὰρ

2052 1201 2228 1275 νόμου
2258 1201 2499 1275 ἁμαρτία
2528 1200 2582 1255 ἐν
2614 1202 2832 1273 κόσμῳ.

2126 1294 2539 1357 Κατασκευάσας
2567 1290 2681 1349 ἅνω
2710 1290 3024 1368 πολλαχῶς
3052 1293 3115 1349 τὸ
3145 1289 3531 1355 δεδικαιῶσθαι
3560 1292 3714 1364 ἡμᾶς

2054 1387 2124 1458 τῇ
2170 1405 2230 1439 τε
2283 1383 2541 1457 μετουσίᾳ
2585 1388 2688 1439 τοὶ
2734 1383 3070 1456 Πνεῦμα-τος,
3122 1382 3212 1440 καί
3263 1387 3345 1456 τῷ
3373 1380 3587 1455 θανάτῳ
3614 1385 3715 1437 τοῦ

2056 1474 2207 1541 Υἱοῦ,
2261 1477 2354 1528 νῦν
2412 1472 2503 1529 καὶ
2560 1471 2619 1528 ἐκ
2668 1470 2766 1529 τοῦ
2823 1471 3059 1549 εὐλόγου
3119 1472 3249 1528 αὐτὸ
3303 1472 3713 1541 κατασκευάζει.

2056 1565 2204 1632 "Ott,
2265 1563 2422 1640 φησὶ,
2479 1562 2571 1619 καὶ
2625 1560 2853 1638 εὔλογον
2909 1563 3002 1633 ἦν,
3044 1561 3173 1625 τοὺς
3206 1559 3397 1617 δι’ἓνα
3425 1560 3715 1637 ἄνθρωπον

2057 1649 2424 1727 ἁμαρτωλοὺς
2463 1650 2554 1708 καὶ
2604 1650 2833 1721 θνητοὺς
2881 1650 3232 1726 γινομένους,
3279 1650 3395 1707 ἐπεὶ
3426 1648 3714 1722 ἑζηλώσα-

2063 1763 2157 1817 μεν
2190 1742 2356 1799 αὐτοῦ
2385 1743 2486 1811 τὴν
2512 1743 2820 1818 παρακοήν,
2854 1738 2944 1797 διὰ
2999 1741 3092 1798 τὸν
3146 1738 3237 1798 ἕνα
3282 1742 3589 1816 ἄνθρωπον,
3621 1741 3716 1796 τὸν

292 1836 456 1894 illius
488 1832 750 1890 aemulati
782 1831 1089 1887 fueramus
1108 1828 1603 1895 inobedientiam,
1624 1843 1734 1899 per
1761 1842 1950 1883 unum

2073 1832 2264 1908 Κύριον
2296 1829 2539 1903 δηλαδὴ,
2599 1834 2835 1901 σωθῆναι
2896 1829 3276 1894 ὃικαιωθὲντας
3322 1831 3412 1886 καὶ
3443 1831 3719 1885 ἀπαθανα-

290 1924 621 1991 hominem,
654 1921 974 1979 Dominum
1006 1919 1303 1987 videlicet,
1336 1917 1529 1975 salvos
1558 1916 1709 1982 fieri,
1735 1916 1953 1989 justiﬁ-

293 2021 456 2073 catos
487 2030 555 2070 ac
605 2011 977 2068 immortales
1031 2010 1295 2066 effectos.
1331 2037 1397 2049 --
1429 2008 1709 2075 Omnino,
1741 2006 1961 2078 inquit,

299 2120 336 2163 θ,
363 2105 483 2161 Deo
515 2100 898 2167 salvabimur,
924 2098 1246 2155 dummodo
1278 2096 1489 2153 saltem
1523 2096 1636 2170 ipsi
1667 2096 1958 2152 velimus:

304 2194 475 2267 cujus
496 2191 674 2265 paulo
697 2196 874 2246 antea
895 2190 1047 2245 datae
1071 2194 1212 2243 sunt
1232 2187 1534 2244 evidentes
1556 2186 1957 2258 probationes.

298 2283 416 2341 Sed
473 2288 533 2339 et
590 2284 924 2354 propterea,
983 2279 1201 2350 inquit,
1259 2277 1664 2343 salvabimur;
1719 2282 1964 2349 propter

301 2372 491 2446 quid?
521 2373 669 2439 Quia
697 2371 810 2428 hoc
840 2375 899 2427 et
926 2369 1210 2442 possibile
1237 2374 1348 2437 est,
1373 2374 1433 2424 et
1459 2366 1675 2422 rationi
1706 2382 1962 2422 consen-

301 2469 545 2520 taneum
579 2466 671 2517 est
694 2477 763 2517 ac
787 2475 1185 2532 consequens.
1220 2456 1334 2515 Sed
1383 2456 1541 2513 unde
1584 2457 1712 2512 hinc
1763 2455 1958 2511 mani-

305 2552 460 2610 festa
512 2550 705 2607 (ient?
759 2552 806 2607 Α
865 2548 1184 2614 contrario,
1235 2546 1452 2620 inquit.
1511 2545 1819 2618 Siquidem
1858 2561 1965 2618 per

308 2658 498 2699 unum
529 2640 836 2699 hominem
859 2645 917 2695 et
936 2643 1246 2712 peccatum
1267 2638 1329 2692 in
1354 2636 1642 2693 mundum
1676 2635 1960 2703 introivit,

310 2739 371 2791 et
396 2751 557 2790 mors
581 2734 713 2806 ipsa
738 2749 751 2788 :
788 2733 837 2787 si
867 2747 1006 2805 ergo
1035 2730 1262 2788 atrocia
1289 2730 1417 2786 haec
1446 2728 1601 2786 facta
1635 2732 1795 2795 sunt,
1825 2742 1965 2801 pos-

309 2824 481 2880 sibile
513 2823 693 2879 etiam
726 2828 817 2881 est
852 2837 921 2878 ac
969 2829 1366 2891 consequens,
1397 2824 1467 2875 ut
1493 2834 1601 2891 per
1628 2833 1813 2873 unum
1847 2816 1963 2872 ho-

300 2914 532 2972 minem
557 2913 874 2970 Dominum
896 2918 1165 2968 nostrum
1183 2911 1384 2966 Iesum
1397 2909 1698 2965 Christum
1720 2911 1969 2979 pereant

306 3004 487 3062 etiam
519 3020 649 3075 quae
680 3002 1021 3058 introducta
1048 3006 1221 3058 erant
1251 3016 1407 3057 saeva
1436 2998 1613 3056 mala.
1648 3015 1718 3055 ac
1748 2997 1967 3054 dentur

307 3094 482 3153 nobis
512 3093 782 3149 meliora.
833 3091 1151 3164 Apestolus
1208 3096 1407 3146 autem
1465 3088 1747 3161 operibus
1778 3087 1966 3143 Adam

305 3184 626 3258 propositis
655 3182 901 3254 reliquit
928 3198 999 3237 ea
1027 3198 1159 3252 qua:
1188 3180 1330 3236 fecit
1358 3179 1647 3246 Christus,
1670 3176 1869 3233 dando
1898 3176 1959 3232 id

307 3292 377 3332 ex
402 3275 701 3331 contrario
748 3271 1245 3345 intelligendum:
1288 3269 1468 3327 simul
1513 3275 1571 3324 et
1600 3270 1712 3325 ista
1740 3267 1957 3340 prmdi-

305 3361 962 3434 cendo,etillaintelligi
977 3360 1216 3416 hicesse
1230 3357 1967 3431 possibiliarelinquendo:

310 3452 469 3509 264
505 3451 723 3507 idcirco
754 3447 1177 3522 prmordinavit
1221 3449 1415 3504 solum
1456 3446 1802 3520 parabolam
1834 3462 1968 3519 qum

307 3540 684 3599 intellectum
719 3539 892 3594 illum
913 3538 1304 3612 pertraheret.
1329 3537 1586 3594 Omnino
1609 3536 1767 3592 enim
1792 3535 1852 3591 id
1876 3552 1966 3591 re-

310 3629 516 3704 quirit,
549 3635 616 3685 ut
643 3628 879 3685 dicatur
903 3645 917 3684 :
949 3626 1462 3695 Quemadmodum
1486 3628 1617 3691 hoc,
1643 3628 1724 3682 ita
1755 3631 1814 3682 et
1832 3642 1968 3682 con-

313 3735 593 3792 sequens,
629 3718 688 3774 id
721 3724 829 3779 est.
863 3718 948 3774 sic
980 3722 1040 3772 et
1078 3716 1227 3773 illud
1257 3733 1270 3772 :
1322 3716 1425 3772 sed
1473 3716 1653 3773 veluti
1685 3715 1966 3783 diximus,

313 3826 383 3867 eo
411 3808 570 3880 quod
597 3807 986 3879 consequitur
1007 3822 1114 3879 per
1135 3805 1478 3879 parabolam
1500 3812 1760 3869 ostenso,
1785 3805 1969 3861 mani-

310 3898 460 3956 feste
491 3898 642 3955 illud
664 3908 793 3953 'non
822 3897 1042 3971 posuit,
1069 3896 1174 3953 sed
1204 3913 1312 3953 nos
1341 3897 1502 3969 ipsos
1532 3896 1606 3952 ad
1637 3895 1971 3969 intelligen-

314 3988 454 4045 dum
486 3987 722 4044 direxit.
750 4008 780 4037 «
802 3987 870 4042 In
895 4002 1013 4058 quo
1035 4001 1245 4042 omnes
1266 3992 1680 4058 peccaverunt.
1704 4006 1733 4035 »
1756 3986 1822 4039 In
1849 4000 1968 4055 quo

313 4077 523 4145 Adam,
553 4076 647 4132 vel
702 4092 811 4148 per
862 4091 1043 4146 quem
1102 4075 1334 4131 Adam:
1384 4082 1507 4140 aut,
1559 4073 1700 4146 quia
1728 4079 1972 4146 propter

312 4167 514 4239 ipsum
539 4165 719 4221 etiam
751 4169 811 4220 et
838 4164 962 4220 alii.
996 4194 1065 4205 -
1092 4186 1120 4213 «ι
1159 4169 1223 4219 In
1254 4180 1391 4235 quo.
1428 4186 1456 4213 »
1484 4165 1550 4219 In
1590 4163 1741 4235 ipso,
1774 4160 1972 4232 inquit

314 4254 504 4312 Adam
536 4253 717 4308 simul
746 4252 1054 4314 morimur,
1082 4251 1222 4323 quia
1243 4252 1304 4307 in
1333 4252 1464 4324 ipso
1496 4250 1675 4307 simul
1706 4250 1970 4323 peccavi—

315 4360 469 4402 mus.
504 4344 574 4398 Et
600 4341 843 4414 quidem
874 4340 976 4396 ille
1022 4341 1315 4414 originem
1368 4340 1569 4397 dedit:
1629 4356 1740 4396 nos
1771 4345 1971 4397 autem

317 4437 556 4504 sumpta
585 4431 726 4487 inde
754 4431 1066 4487 occasione
1097 4431 1323 4487 malum
1367 4448 1486 4487 non
1531 4429 1971 4504 prohibuimus,

318 4523 423 4583 sed
453 4522 651 4595 potius
683 4522 982 4595 cooperati
1014 4538 1242 4590 sumus,
1278 4528 1461 4595 utque
1495 4522 1570 4577 ad
1610 4523 1804 4594 majus
1835 4537 1970 4593 pro~

2060 1922 2356 1986 τισθὲντας.
2391 1955 2460 1965 -—-
2510 1925 2721 1998 [ΦΩΤ.]
2783 1923 3182 1995 Σωθησόμεθα,
3243 1921 3430 2002 φησῖν,
3489 1921 3592 1976 ὑπὸ
3620 1924 3720 1975 τοῦ

2063 2018 2196 2070 Θεοῦ
2248 2033 2489 2081 παντως,
2545 2012 2634 2068 ἐάν
2691 2033 2792 2087 περ
2848 2012 3003 2068 αὐτοὶ
3082 2011 3243 2086 μόνον
3301 2012 3569 2086 θέλωμεν·
3629 2010 3722 2068 καὶ

2064 2101 2307 2178 εἶ’ρηνται
2342 2103 2437 2175 μὶν
2471 2107 2651 2177 μικρῷ
2682 2103 2911 2178 πρόσθεν
2966 2103 3023 2157 αἱ
3074 2099 3394 2172 ἂποδείξεις.
3424 2100 3602 2157 Ἀλλᾶ
3630 2100 3724 2156 καὶ

2067 2191 2157 2248 διὰ
2184 2196 2368 2261 τοῦτο,
2432 2192 2588 2270 φησὶ,
2646 2192 3031 2264 σωθησόμεθα.
3089 2192 3187 2247 Διὰ
3238 2196 3435 2261 ποῖον;
3467 2192 3594 2249 ’Ότι
3631 2190 3726 2246 καὶ

2067 2280 2287 2339 δυνατὸν
2342 2286 2503 2337 τοῦτο
2561 2283 2656 2337 καὶ
2714 2281 2942 2356 εὔλογον
3000 2281 3091 2337 καὶ
3158 2278 3481 2336 ἀκόλουθον.
3526 2278 3725 2346 ’Πόθεν

2066 2377 2237 2429 ταῦτα
2293 2369 2507 2442 δῆλον;
2562 2370 2622 2427 ἐκ
2676 2375 2775 2427 τοῦ
2834 2370 3120 2439 ἐναντίου,¹
3159 2371 3315 2450 φησί.
3375 2371 3479 2428 Καὶ
3508 2372 3610 2448 γὰρ
3653 2369 3728 2426 δι’

2070 2462 2190 2525 ἑνὸς
2219 2462 2511 2538 ἀνθρώπου
2568 2462 2659 2518 καὶ
2718 2463 2754 2532 ή
2813 2462 3052 2538 ἁμαρτία
3100 2458 3352 2531 εἷο-ἦλθεν
3386 2461 3462 2523 εἰς
3490 2461 3583 2516 τὸν
3612 2459 3720 2516 κό-

2070 2573 2233 2626 σμον,
2262 2551 2355 2607 καὶ
2385 2550 2546 2614 αὐτὸς
2576 2552 2604 2606 ὁ
2635 2549 2883 2612 θάνατος.
2942 2550 3001 2607 Εἰ
3053 2549 3144 2607 οὖν
3188 2549 3258 2606 δι’
3290 2550 3406 2613 ἑνὸς
3437 2550 3734 2626 ἀνθρώπου

2067 2645 2238 2697 ταῦτα
2264 2640 2480 2716 γέγονεν
2512 2642 2650 2714 ἡμῖν
2707 2641 2775 2696 τὰ
2822 2640 3065 2715 χαλεπὰ,
3099 2638 3324 2697 δυνατὸν
3367 2640 3457 2696 καὶ
3491 2640 3732 2697 ἀκολου-

2072 2733 2164 2788 θον
2193 2728 2266 2787 δι’
2296 2731 2411 2795 ἑνὸς
2441 2730 2731 2804 ἀνθρώπου
2789 2734 2886 2787 τοῦ
2944 2730 3147 2809 Κυρίου
3178 2733 3341 2805 ἡμῶν
3375 2734 3560 2802 Ἰησοῦ
3591 2732 3726 2807 Χρι-

2070 2821 2222 2891 στοῦ,
2280 2820 2369 2875 καὶ
2426 2821 2493 2877 τὰ
2575 2822 3010 2896 παρεισαχθέντα
3074 2820 3426 2897 ἀναιρεθῆναι
3485 2819 3718 2897 χαλεπὰ,

2069 2911 2161 2967 καὶ
2215 2912 2284 2968 τὰ
2338 2911 2547 2985 ἀμείνω
2604 2909 2918 2988 δωρηθῆναι
2976 2913 3134 2985 ἡμῖν.
3192 2911 3370 2974 Αὐτὸς
3418 2909 3477 2967 δὲ
3515 2911 3577 2968 τὰ
3619 2916 3716 2966 τοῦ

2071 2998 2255 3075 Ἀδὰμ
2298 3000 2579 3075 παραθεὶς,
2634 3000 2924 3057 κατέλιπεν
2972 3003 3106 3078 ἅπερ
3156 2996 3377 3077 ἔπραξεν
3410 3002 3439 3059 ὁ
3469 3001 3721 3077 Χριστὸς,

2073 3089 2257 3154 διδοὺς
2288 3095 2451 3147 τοῦτο
2483 3090 2544 3146 ἐκ
2570 3095 2667 3147 τοῦ
2724 3089 2966 3147 ἐναντίου
3024 3090 3241 3162 ἐννοεῖν,
3272 3091 3361 3147 καὶ
3392 3086 3507 3166 ἅμα
3536 3111 3724 3167 προει-

2075 3185 2259 3260 ρηκὼς
2309 3182 2464 3247 αὐτὰ,
2522 3181 2613 3237 καὶ
2673 3179 2898 3238 δυνατὸν
2954 3185 3226 3247 κάνταῦθα
3282 3181 3461 3239 ἐκεῖνα
3502 3203 3730 3239 συνεπι-

2070 3279 2234 3331 νοιῖν·
2268 3270 2353 3329 διὸ
2387 3273 2548 3347 μόνον
2581 3272 2682 3341 τήν
2715 3267 3038 3348 παραϐολὴν
3095 3272 3366 3346 προτάξας
3397 3273 3471 3336 ὡς
3500 3270 3732 3351 ἐφελκυ-

2071 3364 2255 3418 στικὸν
2312 3362 2521 3418 ἐκείνου
2576 3365 2674 3417 τοῦ
2712 3364 3012 3435 νοήματος.
3074 3362 3322 3420 Ἀπαιτεῖ
3373 3362 3477 3439 γὰρ
3516 3362 3734 3425 πάντως

2071 3451 2133 3511 τὸ
2167 3451 2358 3517 εἰπεῖν,
2394 3456 2600 3527 ’Ὠσπερ
2628 3448 2773 3520 τόδε,
2806 3451 2898 3508 καὶ
2942 3453 3006 3508 τὸ
3054 3450 3377 3523 ἀκόλουθον,
3410 3454 3548 3523 οἷον,
3583 3450 3732 3510 οὕτω

2069 3541 2162 3599 καὶ
2197 3539 2341 3597 τόδε.
2394 3539 2549 3597 Ἀλλ’
2607 3541 2684 3603 ὡς
2741 3536 2948 3619 ἔφημεν
3011 3540 3111 3597 διὰ
3153 3549 3255 3611 τῆς
3312 3536 3641 3613 παραϐολῆς
3668 3543 3733 3597 τὸ

2072 3629 2376 3687 ἀκόλουθον
2434 3628 2826 3703 ἐνδειξάμενος,
2886 3632 3070 3709 ῥητῶς
3134 3632 3197 3689 οῦ
3252 3632 3542 3708 παρέθετο,
3602 3630 3730 3691 ἀλλ’

2072 3718 2273 3781 αὐτοὺς
2329 3719 2477 3790 ἡμᾶς
2555 3725 2886 3776 ουνεπινοεῖν
2970 3718 3365 3795 προετρέψατο,
3428 3744 3457 3774 ιι
3512 3727 3629 3799 Ἐφ’

2071 3811 2264 3872 πάντες
2319 3809 2593 3881 ἥμαρτον.
2656 3833 2685 3860 »ι
2743 3810 2861 3891 Ἐφ’
2915 3809 2963 3884 ᾧ
3021 3808 3221 3883 Ἀδὰμ,
3252 3809 3289 3881 ἢ
3322 3808 3394 3866 δι’
3436 3809 3728 3885 δνἈὸάμο

2071 3899 2107 3969 ἢ
2137 3898 2222 3953 ’ὁτι
2255 3896 2337 3954 in"
2380 3899 2529 3970 αὖτῷ
2575 3897 2667 3954 καὶ
2715 3900 2768 3954 ol
2817 3897 3003 3957 ἄλλοι.
3040 3932 3108 3944 --
3137 3902 3345 3977 [ΦΩΤ.]
3382 3926 3413 3954 ‹‹
3449 3900 3568 3978 Ἐφ’
3701 3922 3727 3955 ι

2073 3986 2195 4042 Ἐπὶ
2262 3985 2464 4060 tuitui.
2555 3987 2710 4066 φησὶ,
2802 3990 3315 4063 συναποθνήσκομεν
3381 3994 3461 4063 τῷ
3525 3988 3733 4065 Ἀδὰμ,

2074 4075 2157 4156 ἐφ’
2185 4074 2232 4150 ᾧ
2261 4077 2351 4132 καὶ
2383 4077 2860 4153 συναμαρτάνομεν
2942 4078 3040 4135 Kal
3085 4080 3186 4149 τήν
3240 4079 3337 4154 μὶν
3376 4078 3556 4156 ἀρχὴν
3589 4078 3734 4135 ἐκεῖ·

2073 4186 2165 4227 νος
2197 4166 2484 4242 παρεσχεν,
2518 4168 2684 4243 ἡμεῖς
2745 4164 2791 4222 δ’
2847 4164 3049 4233 ἐκεῖθεν
3103 4171 3202 4241 τήν
3237 4170 3495 4246 ἀφορμὴν
3525 4164 3735 4227 λαϐόν-

2071 4274 2183 4319 τες,
2240 4256 2344 4313 οὐκ
2393 4255 2744 4331 ἐκωλοοσσμεν
2793 4258 2857 4313 τὸ
2911 4259 3100 4329 κακὸν,
3149 4256 3298 4316 ἀλλὰ
3346 4260 3435 4314 καὶ
3468 4261 3739 4336 συνεργή-

2074 4364 2262 4420 σαμεν,
2320 4346 2411 4401 καὶ
2466 4345 2557 4402 ἐπὶ
2617 4348 2751 4423 μέγα
2808 4353 3067 4429 χωρῆσαι
3122 4347 3614 4426 παρεσκευάσαμεν.
3666 4384 3735 4394 -

2075 4436 2410 4512 [0.κυΥΜ.]
2463 4438 2583 4493 Ἵνα
2638 4438 2743 4515 γὰρ
2802 4439 2880 4514 μὴ
2939 4460 3026 4501 τις
3084 4437 3296 4496 ἀδικίαν
3347 4439 3617 4518 ἐγκαλέσῃ
3648 4445 3736 4514 τῷ

2075 4528 2217 4597 Θεῷ,
2243 4523 2328 4580 ὅτι
2356 4529 2456 4582 τοῦ
2487 4523 2670 4601 Ἀδὰμ
2716 4527 3063 4598 πταίσαντος,
3096 4532 3260 4605 ἡμεῖς
3289 4530 3733 4602 ἀποθνήσκομεν,

317 4613 559 4671 cederet
587 4612 1019 4685 apparavimus.
1051 4643 1121 4654 —
1151 4615 1232 4669 Ne
1280 4613 1415 4687 quis
1459 4613 1620 4669 enim
1660 4611 1962 4684 injustitia

2082 4612 2291 4688 ἐπίγευ
2373 4637 2403 4667 a
2436 4615 2555 4695 Ἐφ’
2608 4614 2805 4679 πᾶντες
2891 4616 3165 4695 ⁴εμαρτον·
3202 4640 3231 4670 η
3314 4619 3444 4676 ὡσεὶ
3525 4611 3735 4692 ἔλεγεν·

317 4706 504 4763 Deum
534 4710 794 4772 accuset,
819 4704 999 4776 quod,
1024 4720 1160 4760 cum
1183 4703 1370 4770 Adam
1392 4703 1735 4776 deliquerit,
1763 4718 1973 4759 omnes

318 4798 668 4862 moriamur,
723 4795 1067 4870 subjungit:
1110 4816 1138 4847 «
1174 4796 1241 4852 In
1292 4813 1408 4868 quo
1439 4811 1651 4853 omnes
1693 4809 1970 4867 peccave-

316 4891 457 4941 runt
477 4903 491 4951 ;
516 4908 545 4936 ν
562 4902 631 4942 ac
653 4885 701 4943 si
729 4885 974 4955 diceret,
998 4885 1129 4958 Ipse
1154 4885 1397 4946 quidem
1424 4885 1787 4958 principium
1810 4883 1976 4940 dedit

317 4979 377 5030 et
402 4990 663 5041 causam,
698 4976 858 5047 quod
896 4992 1105 5031 omnes
1154 4974 1229 5031 ad
1279 4975 1469 5048 ipsius
1515 4973 1973 5030 similitudinem

316 5065 781 5136 peccaverimus.
814 5087 843 5117 ιι
876 5066 1022 5123 Nam
1077 5081 1269 5138 usque
1329 5064 1405 5121 ad
1442 5065 1634 5137 legem
1665 5069 1975 5137 peccatum

319 5159 448 5211 erat
478 5154 539 5211 in
570 5154 817 5211 mundo.
837 5173 862 5205 ι
896 5155 1220 5213 Ostendere
1249 5156 1375 5212 vult
1402 5154 1562 5227 quod
1592 5170 1713 5209 non
1745 5160 1976 5210 tantum

318 5248 564 5319 propter
592 5249 899 5317 peccatum
924 5250 1196 5303 nostrum
1228 5247 1536 5313 morimur,
1563 5249 1853 5317 quantum
1871 5260 1978 5317 per

2079 4702 2259 4768 Αὐτὸς
2321 4704 2415 4778 μὶν
2459 4705 2562 4775 τὴν
2619 4705 2800 4781 ἀρχὴν
2854 4707 3097 4784 παρέσχε
3147 4707 3238 4763 καὶ
3282 4709 3385 4777 τήν
3416 4708 3616 4769 αἰτίαν.
3648 4707 3739 4765 ὅτι

2080 4789 2277 4851 πάντες
2306 4789 2629 4867 ἡμάρτομεν
2657 4793 2795 4849 κατὰ
2831 4793 2932 4864 τήν
2986 4792 3252 4866 ὁμοίωσιν
3282 4792 3472 4854 αὐτοῦ.
3506 4817 3536 4847 «
3565 4794 3738 4872 Ἄχρι

2079 4883 2183 4958 γὰρ
2213 4883 2389 4956 νόμου
2420 4884 2660 4958 ἁμαρτία
2705 4885 2772 4957 ἦν
2824 4886 2876 4941 ἐν
2925 4889 3140 4960 κόσμῳ.
3176 4911 3205 4940 ιι
3255 4884 3412 4945 Θέλει
3453 4885 3620 4960 δεῖξαι
3652 4887 3742 4947 ὅτι

2082 4972 2147 5027 οὐ
2177 4976 2437 5030 τοσοῦτον
2478 4971 2570 5031 διὰ
2597 4974 2695 5040 τὰς
2742 4976 3012 5051 ἁμαρτίας
3071 4979 3232 5049 ἡμῶν
3293 4976 3741 5050 ἀποθνήσκομεν,

2083 5061 2210 5119 ὅσον
2240 5058 2331 5120 διὰ
2357 5063 2449 5119 τὸν
2481 5057 2678 5137 Ἀδὰμ,
2738 5065 2928 5141 χώραν
2983 5062 3261 5124 δεδωκότα
3302 5067 3384 5140 τῷ
3428 5067 3642 5139 θανάτῳ
3681 5066 3746 5123 ἐκ.

2082 5156 2184 5221 τῆς
2214 5154 2519 5226 παρακοῆς,
2578 5153 2671 5209 καὶ
2728 5172 2913 5231 φησιν·
2972 5158 3072 5210 Ἦν
3135 5156 3231 5231 μὲν
3286 5160 3406 5220 τοῖς
3436 5154 3745 5231 ἀνθρώποις

2085 5240 2176 5296 καὶ
2205 5241 2312 5316 πρὸ
2367 5244 2465 5297 τοῦ
2521 5240 2696 5315 νόμου
2750 5245 2786 5314 ἡ
2843 5244 3107 5321 ἁμαρτία,
3145 5245 3297 5317 πλὴν
3328 5244 3429 5301 οὐκ
3456 5243 3745 5324 ὶλογίζετο

319 5334 531 5396 Adam.
564 5333 667 5408 qui
698 5351 768 5392 ex
798 5334 1205 5393 inobedientia
1250 5336 1429 5393 morti
1473 5336 1672 5393 locum
1703 5334 1888 5401 dedit,
1920 5342 1962 5391 et

2087 5329 2274 5395 αὐτοῖς
2306 5328 2397 5387 διὰ
2426 5332 2488 5389 τὸ
2523 5332 2601 5406 μή
2633 5332 2775 5388 εἶναι
2823 5333 2996 5407 νόμον
3055 5336 3146 5391 τὸν
3206 5332 3613 5411 ἀπαγορεύοντα
3640 5338 3742 5405 τὴν

323 5424 408 5481 ait
431 5440 446 5482 :
478 5424 618 5480 Erat
648 5423 889 5496 quidem
911 5430 970 5482 et
992 5431 1132 5482 ante
1161 5426 1354 5500 legem
1383 5426 1446 5483 in
1466 5424 1812 5482 hominibus
1829 5440 1977 5497 pec-

325 5518 524 5570 catum
551 5531 564 5569 :
592 5530 796 5572 verum
825 5532 946 5571 non
976 5516 1385 5588 imputabatur
1406 5517 1491 5573 eis
1514 5532 1648 5573 cum
1670 5531 1791 5572 non
1823 5519 1981 5573 esset

2086 5421 2385 5498 ἁμαρτίαν*
2442 5423 2518 5496 μή
2575 5420 2947 5502 λογιζομένης
3004 5425 3095 5481 οὗν
3136 5431 3238 5496 τῆς
3288 5425 3582 5501 ἁμαρτίας,
3638 5425 3743 5481 ἁπ-

2088 5510 2347 5583 έθνησκον
2377 5511 2430 5568 οἳ
2459 5509 2756 5587 ἄνθρωποι.
2788 5511 2858 5571 Τί
2890 5509 2958 5583 δὴ
2989 5531 3160 5585 non;
3192 5519 3330 5590 ’Ἀρα
3360 5515 3425 5571 οὐ
3456 5511 3742 5592 πρόδηλον

323 5603 420 5662 lex
452 5620 583 5678 quae
632 5610 945 5679 peccatum
996 5605 1311 5679 prohibet:
1370 5623 1492 5665 non
1551 5607 1840 5681 imputate
1873 5623 1962 5665 ειυς

2089 5601 2175 5658 ὅτι
2223 5596 2314 5657 διὰ
2368 5602 2471 5673 τήν
2521 5604 2621 5658 τοῦ
2673 5600 2858 5679 ’Δόὰμ
2913 5602 3226 5682 κατάκρισιν
3253 5621 3269 5676 ;
3299 5605 3494 5664 -Καὶ
3524 5602 3740 5669 ἄλλως.

323 5698 445 5750 tem
474 5700 718 5767 peccato
751 5695 1163 5755 moriebantur
1185 5697 1480 5756 homines.
1510 5696 1662 5765 Quid
1692 5713 1830 5771 ergo
1847 5697 1876 5753 7
1902 5714 1980 5757 an

2089 5691 2303 5769 [ΦΩΤ.]
2334 5689 2535 5748 Εἰπὼν.
2570 5715 2599 5746 ιι
2633 5690 2750 5771 Ἐφ’
2802 5691 2848 5768 ᾧ
2904 5692 3103 5760 πάντες
3148 5694 3417 5773 ἥμαρτον,
3448 5718 3480 5750 π
3534 5691 3627 5751 ’ίνα
3657 5696 3741 5771 μή
