4114 6416
374 439 495 499 M7

1405 509 1412 517 ,
1486 433 1899 497 COMMENT.
1945 436 2024 496 ιιι
2069 435 2319 497 EPIST.
2368 439 2473 497 AD
2517 436 2709 499 non.

3681 449 3800 507 418

361 589 448 630 τις
480 566 633 643 εἶ’πῃ.
670 566 773 624 Καὶ
807 571 922 630 πῶς
960 568 1026 633 ἦν
1064 568 1324 643 ἁμαρτεῖν
1355 567 1527 639 νόμου
1564 567 1640 639 μή
1673 562 1828 628 ὄντος
1860 584 1873 634 ;
1907 563 2025 623 Αῦο

2156 583 2263 622 non
2297 567 2694 623 manifestum
2717 574 2807 623 est
2837 569 2995 640 quod
3025 571 3083 627 id
3112 569 3214 627 flat
3236 568 3478 645 propter
3499 574 3640 630 Adae
3663 571 3803 631 con-

360 660 459 722 τὸς
491 659 597 734 γὰρ
629 659 691 712 σὺ
726 657 976 732 ἀνωτέρω
1026 655 1182 737 ἔφης,
1215 660 1336 714 Ὅτι
1399 655 1460 711 οῦ
1519 656 1620 712 οὐκ
1673 655 1786 712 ἔστι
1825 655 2024 730 νόμος,

360 746 496 803 οῦδὲ
563 743 886 823 παράϐασις.
947 742 1311 823 ῐῐαραϐἀσεως
1368 745 1425 802 δὲ
1485 749 1562 819 μή
1624 747 1792 816 οὔσης
1827 789 1841 814 ,
1903 742 2029 799 οῦδὶ

364 840 610 912 ἁμαρτία
669 834 948 908 δηλονότι.
1009 843 1131 900 [Ιῶς
1192 839 1285 892 οὖν
1350 835 1571 907 διῆλθεν
1625 837 1654 891 6
1695 835 1920 897 θάνατος
1955 833 2030 896 εἷς

362 928 603 992 πάντας,
643 925 725 1003 ἐφ’
757 925 802 999 ᾧ
835 928 1024 990 πάντες
1081 930 1332 1002 ἥμαρτον
1370 947 1384 996 ;
1445 928 1563 983 Ἰνα
1620 925 1712 980 οῦν
1774 926 1849 997 μὴ
1883 927 1920 998 ᾖ
1949 944 2031 985 τις

377 1016 559 1094 λέγων
597 1020 782 1086 τοῦτο,
816 1012 1112 1092 προλαϐὼν
1144 1017 1263 1072 λύει
1303 1018 1402 1085 τήν
1438 1015 1688 1090 ἀπορίαν,
1721 1016 1810 1068 καὶ
1842 1014 2032 1093 φησῖν,

370 1106 461 1162 ὅτι
500 1107 566 1175 ἦν
601 1105 691 1159 καὶ
720 1107 827 1180 πρὸ
856 1110 954 1161 τοῦ
1011 1107 1208 1180 νόμου.
1276 1106 1602 1180 Ἐπράττετο
1663 1105 1790 1180 γάρ,
1847 1104 1936 1156 καὶ
1969 1101 2032 1157 τὸ

369 1197 750 1270 πραττόμενον
789 1237 803 1262 ,
872 1194 971 1250 οῦκ
1026 1188 1139 1250 ἔστι
1202 1197 1278 1269 μὴ
1337 1193 1580 1270 γενέσθαι
1616 1239 1630 1252 .
1689 1198 1786 1248 Ἠν
1848 1192 1938 1246 οῦν
1995 1193 2031 1260 ἡ

371 1284 639 1362 ἁμαρτία,
674 1284 800 1340 ἀλλ’
831 1284 940 1363 οὐχ
999 1284 1170 1347 οὕτως
1228 1291 1389 1340 πᾶσιν
1452 1283 1753 1358 ἐλογίζετο,
1786 1279 1902 1336 οὐδ’
1935 1279 2033 1342 ἐἷς

372 1379 508 1432 ὅσον
540 1381 717 1451 χωρεῖ
771 1375 1044 1450 τιμωρίας
1099 1381 1208 1430 τῶν
1281 1375 1741 1451 ἁμαρτανομένων
1810 1370 2032 1428 ἕκαστον

370 1465 720 1542 ἐγνωρίζετο.
779 1469 885 1520 Τοῦ
941 1462 998 1520 δε
1063 1466 1240 1538 νόμου
1295 1464 1551 1536 τάξαντος
1607 1463 1698 1519 καὶ
1757 1462 2034 1538 ὁρίσαντος

365 1558 468 1618 τάς
496 1557 795 1630 τιμωρίας,
827 1555 916 1610 καὶ
967 1553 1055 1611 δια
1111 1562 1211 1625 τῆς
1258 1553 1622 1626 ποινηλασίας
1677 1550 2036 1626 έκδηλὸτερον

370 1645 537 1708 αὐτὰς
566 1649 1034 1716 καταστήσαντος,
1091 1645 1184 1700 καὶ
1242 1645 1311 1700 τά
1371 1645 1566 1720 μεγέθη
1625 1648 1734 1698 τῶν
1792 1643 2037 1717 ἁμαρτη-

376 1737 566 1808 μάτων
627 1735 1051 1814 ἐμφανίσαντος,
1115 1734 1329 1810 μᾶλλον
1393 1734 1482 1791 καὶ
1553 1740 1715 1789 πᾶσιν
1785 1732 2036 1808 ἐγένοντο

367 1827 676 1902 γνώριμοι,
707 1827 799 1882 καὶ
834 1831 1040 1898 συνετῷ
1069 1826 1159 1881 καὶ
1192 1825 1456 1898 ἀσυνέτῳ,
1489 1824 1580 1879 καὶ
1607 1823 1712 1898 νέῳ
1759 1823 1848 1878 καὶ
1905 1842 2037 1896 πρε-

375 1911 447 1972 σϐ
462 1918 580 1993 ὅττι,
611 1938 700 1972 και
730 1937 948 1992 γυναικι
976 1915 1065 1970 καὶ
1099 1911 1275 1991 ἀνδρί.

2141 656 2810 713 demnationem?1tem
2841 666 2894 713 et
2942 662 3055 715 alio
3111 664 3287 718 modo.
3351 668 3494 718 Cum
3554 665 3803 722 dixisset

2143 747 2256 801 «In
2287 763 2403 818 quo
2437 763 2644 803 omnes
2673 756 3084 819 peccaverunt,
3116 771 3139 801 ι
3175 768 3248 806 ne
3281 754 3412 824 quis
3441 754 3666 809 diceret
3695 772 3706 808 :
3733 757 3804 810 Et

2144 853 2260 907 quo
2284 837 2457 892 modo
2474 838 2759 909 possibile
2785 845 3168 910 eratpeccare
3186 858 3318 896 cum
3345 859 3464 898 non
3493 851 3650 900 esset
3676 845 3806 900 lex?

2145 927 2288 980 Nam
2314 931 2373 980 tu
2402 927 2527 997 ipse
2551 929 2612 982 in
2643 928 3052 999 superioribus
3105 931 3345 986 dixisti:
3383 933 3484 988 Ubi
3540 952 3661 990 non
3716 943 3808 991 est

2144 1015 2262 1082 lex,
2295 1015 2377 1070 ibi
2410 1033 2521 1072 nec
2553 1020 2932 1090 trangressio.
2967 1020 3133 1085 Quod
3157 1021 3205 1075 si
3234 1037 3354 1076 non
3389 1027 3804 1096 transgressio,

2144 1104 2390 1175 planum
2423 1113 2514 1161 est
2542 1109 2700 1177 quod
2725 1124 2834 1163 nec
2866 1116 3175 1179 peccatum
3203 1111 3329 1165 erit.
3366 1113 3670 1176 Quomodo
3703 1133 3802 1170 er-

2145 1210 2216 1265 go
2248 1211 2408 1250 mors
2439 1195 2502 1250 in
2533 1213 2745 1251 omnes
2776 1200 3144 1269 pertransiit,
3177 1197 3258 1276 ἐφ’
3289 1199 3357 1271 ᾦ,
3413 1204 3549 1273 (hoc
3598 1211 3706 1268 est,
3741 1205 3802 1259 in

2146 1301 2214 1340 eo
2246 1287 2405 1357 quod
2435 1289 2528 1342 vel
2561 1289 2719 1360 quia)
2768 1307 2977 1346 omnes
3030 1296 3479 1364 peccaverunt?
3537 1299 3616 1352 Ne
3669 1298 3804 1369 quis

2146 1393 2283 1449 ergo
2316 1377 2426 1433 hoc
2457 1379 2635 1445 dicat,
2667 1382 3042 1452 praeveniens
3094 1383 3268 1438 solvit
3328 1386 3802 1459 ambiguitatem,

2146 1471 2204 1520 et
2224 1466 2309 1520 ait
2334 1467 2491 1537 quod
2522 1468 2698 1524 etiam
2732 1477 2871 1526 ante
2901 1471 3093 1544 legem
3128 1479 3257 1528 erat
3284 1483 3594 1546 peccatum
3628 1493 3639 1532 :
3667 1491 3808 1532 nam

2126 1555 2624 1626 perpetrabatur.
2687 1560 2846 1630 quod
2921 1568 3120 1617 autem
3181 1565 3636 1636 perpetrabatur
3687 1583 3810 1621 non

2144 1650 2341 1716 potest
2391 1663 2512 1702 non
2546 1648 2748 1715 fuisse,
2784 1651 2921 1705 Erat
2969 1668 3106 1723 ergo
3155 1661 3487 1724 peccatum,
3551 1655 3654 1710 sed
3687 1673 3808 1710 non

2126 1750 2270 1790 non
2315 1737 2462 1792 adeo
2494 1739 2773 1795 omnibus
2821 1741 3246 1813 imputabatur.
3308 1745 3516 1800 Nullus
3564 1753 3809 1802 noverat

2148 1831 2437 1896 quantum
2463 1829 2739 1901 supplicii
2789 1830 2916 1886 luat
2965 1833 3562 1906 quisque'peccator.
3623 1838 3805 1892 Porro

2068 1897 2114 1962 Β
2147 1912 2274 1980 lege
2298 1897 2635 1984 ordinante,
2665 1897 3000 1990 pmnasque—
3020 1897 3370 1990 detiniexite,
3421 1941 3489 1980 ac
3547 1941 3654 1996 per
3683 1942 3809 1998 pcn-

375 2027 592 2068 narum
626 2009 1024 2081 frequentiem
1055 2007 1189 2063 illas
1220 2007 1602 2063 manifestius
1633 2005 2056 2069 constituente,
2088 2009 2148 2058 et
2177 2005 2618 2078 magnitudines
2676 2016 3053 2078 peccatorum
3113 2011 3473 2081 declarante,
3529 2015 3808 2071 omnibus

373 2101 564 2170 magis
595 2107 738 2155 nota
766 2099 1006 2163 fiebant,
1039 2105 1155 2154 tam
1189 2097 1467 2170 prudenti
1497 2114 1673 2168 quam
1706 2093 2070 2168 imprudenti
2094 2093 2298 2164 juveni
2332 2111 2400 2150 ac
2433 2097 2581 2163 seni,
2614 2098 2850 2153 mulieri
2883 2115 2948 2154 ac
2981 2101 3122 2156 viro.

449 2188 550 2245 Διά
577 2191 740 2242 τοῦτο
771 2185 863 2242 οῦν
892 2188 999 2262 πρὸ
1028 2191 1125 2242 τοῦ
1145 2189 1317 2260 νόμου
1348 2185 1457 2262 οὐχ
1486 2185 1696 2260 ὁμοίως
1747 2183 2034 2262 ἐλογίζετο

373 2282 409 2349 ἡ
445 2277 703 2353 ἁμαρτία,
747 2278 832 2333 ’ὁτι
891 2297 949 2332 τε
1015 2277 1126 2352 οὐχ
1183 2277 1384 2352 ὥριστο
1423 2277 1459 2345 ἡ
1499 2274 1760 2351 τιμωρία,
1819 2275 1909 2329 καὶ
1952 2273 2038 2329 ὅτι

376 2365 512 2423 οὐδὲ
541 2367 606 2422 τὸ
640 2365 870 2442 μέγεθος
901 2366 1080 2421 αὐτῶν
1120 2361 1368 2442 ἀκριϐῶς
1433 2365 1775 2440 ἐγινώσκετο,
1831 2363 1919 2418 καὶ
1953 2361 2038 2417 ὅτι

380 2453 516 2511 οὐδέ
545 2455 684 2509 κατά
712 2451 885 2509 πῦδας
918 2453 1212 2524 ἠκολούθει
1254 2459 1372 2516 τοῖς
1421 2452 1854 2527 πλημμελοῦσιν
1886 2454 1920 2522 ἡ
1953 2473 2038 2508 τι·

374 2544 586 2621 μωρία.
649 2543 797 2600 Ἐπεὶ
857 2544 941 2598 ὅτι
998 2544 1064 2614 ἦν
1126 2547 1161 2612 ἡ
1221 2542 1480 2618 ἁμαρτία,
1527 2545 1616 2598 καὶ
1679 2541 1784 2612 ὅτι,
1843 2542 1889 2597 εἰ
1945 2562 2036 2596 και

375 2634 519 2709 μετά
552 2633 773 2707 πολλῇς
803 2632 1010 2712 ἀνοχῆς
1049 2632 1142 2688 καὶ
1183 2632 1586 2709 μακροθυμίας,
1629 2631 1782 2705 ὅμως
1840 2630 2034 2705 ἐπιμε-

371 2726 586 2780 νόντων
621 2722 795 2778 αὐτῶν
826 2723 917 2777 καὶ
948 2722 1183 2786 ἀνιάτως
1214 2721 1479 2800 ἐχόντων,
1511 2724 1566 2776 αἱ
1597 2727 1705 2777 τῶν
1741 2719 1906 2776 δικῶν
1960 2720 2036 2783 εἷς

357 2811 602 2890 ’πράξεις
633 2810 899 2889 ἐγίνοντο,
944 2817 1206 2887 μαρτυρεῖ
1266 2815 1450 2889 σαφῶς
1508 2809 1576 2866 τά
1622 2831 1681 2866 τε
1711 2807 2036 2882 Σοδομιτῶν

376 2915 555 2972 παθη,
604 2902 694 2957 καὶ
756 2922 817 2976 γε
871 2900 1067 2956 τούτου
1122 2901 1184 2956 τὸ
1245 2901 1426 2955 κοινὸν
1483 2899 1742 2973 ναυάγιον
1797 2899 1826 2954 6
1882 2918 2041 2953 κατα-

381 2993 654 3065 κλυσμὸς,
711 2992 802 3046 καὶ
852 2993 1060 3046 τοιαῦθ’
1105 2988 1281 3066 ἕτερα,
1316 2995 1414 3047 ἸΙν
1474 2991 1564 3046 οῦν
1597 2992 1632 3059 ἡ
1667 2991 1906 3064 άμαρτία
1933 2988 2040 3064 πρὸ

390 3086 489 3135 τοῦ
515 3084 706 3154 νομου,
737 3081 828 3136 καὶ
861 3079 1163 3156 ἐλογίζετο,
1222 3080 1349 3136 ἀλλ’
1410 3079 1520 3155 οὐχ
1569 3079 1742 3141 οὕτως
1775 3079 1849 3140 ὡς
1908 3077 2041 3151 μετά

393 3169 490 3224 τὸν
523 3170 703 3242 νόμον.
731 3173 895 3225 Ὥστε
934 3168 1102 3244 ἄμφω
1131 3167 1317 3232 καλῶς
1375 3167 1539 3244 ἔχειν,
1575 3167 1664 3223 καὶ
1713 3168 1775 3222 τὸ
1807 3163 2035 3236 Διῆλθεν

393 3269 475 3320 εἰς
505 3259 698 3322 πάντας
737 3261 1060 3331 ἀνθρώπους
1094 3261 1122 3315 6
1156 3261 1400 3323 Θάνατος,
1434 3257 1514 3336 ἐφ’
1564 3257 1610 3330 ᾧ
1641 3257 1834 3320 πάντες
1864 3255 2042 3330 ἥμαρ-

386 3371 506 3414 τον,
538 3350 624 3403 καὶ
658 3351 740 3416 τὸ,
774 3349 852 3407 Οῦ
885 3351 992 3426 γάρ
1023 3352 1123 3405 οὐκ
1152 3348 1264 3405 ἔστι
1303 3352 1498 3421 νυμος,
1532 3345 1658 3402 οὖδέ
1713 3341 2037 3421 παράϐασις.

2221 2185 2370 2242 265
2405 2187 2724 2258 Propterea
2778 2205 2914 2256 ergo
2969 2196 3107 2246 ante
3161 2191 3352 2264 legem
3411 2209 3534 2247 non
3595 2192 3802 2248 eodem

2149 2274 2326 2328 modo
2359 2275 2762 2346 imputabatur
2792 2288 3118 2350 peccatum.
3155 2299 3222 2336 eo
3255 2283 3412 2353 quod
3470 2300 3591 2338 non
3646 2290 3806 2338 esset

2149 2362 2398 2420 definita
2420 2382 2612 2436 poma,
2640 2373 2696 2422 et
2727 2367 2888 2438 quod
2921 2370 3267 2443 magnitudo
3299 2388 3507 2427 eorum
3531 2389 3651 2427 non
3676 2388 3807 2427 exa-

2151 2459 2242 2508 cte
2273 2463 2752 2527 cognosceretur,
2786 2465 2844 2513 et
2875 2460 2975 2530 qui
3009 2467 3326 2530 peccantes
3359 2479 3481 2517 non
3513 2462 3806 2533 sequeba-

2149 2549 2245 2599 tur
2275 2561 2304 2600 e
2339 2547 2580 2619 vestigio
2613 2564 2803 2618 pazna.
2844 2551 3056 2604 Verum
3089 2551 3248 2622 quod
3275 2559 3430 2607 esset
3463 2559 3806 2624 peccatum,

2149 2639 2208 2688 et
2237 2635 2416 2705 quod,
2453 2635 2590 2692 licet
2621 2655 2754 2693 cum
2777 2655 2988 2712 magna
3011 2640 3328 2697 tolerantia
3357 2647 3415 2697 et
3449 2640 3802 2714 longanimi-

2149 2729 2289 2788 tate,
2325 2725 2373 2780 si
2406 2731 2606 2781 tamen
2639 2727 2963 2784 manebant
2993 2729 3054 2784 in
3086 2731 3344 2802 peccatis
3375 2737 3666 2802 erantque
3709 2729 3805 2784 in-

2151 2815 2466 2879 curabiles,
2500 2833 2688 2888 pinnas
2736 2819 2959 2874 fuerint
2991 2826 3207 2875 secutaa
3255 2837 3464 2892 pravas
3506 2821 3806 2886 actiones,

2150 2910 2352 2974 aperte
2387 2911 2636 2961 testatur
2665 2907 2973 2963 calamitas
3018 2909 3457 2965 Sodomitarum
3481 2908 3545 2975 ιτ,
3579 2915 3638 2966 et
3667 2915 3810 2964 ante

2152 2991 2303 3048 hanc
2337 2994 2671 3050 universale
2693 2995 3068 3070 naufragium
3103 2997 3222 3052 sive
3245 2998 3535 3053 diluvium
3563 2997 3626 3059 ‘8.
3669 2998 3812 3054 alia-

2153 3097 2266 3152 que
2295 3083 2657 3154 hujusmodi.
2688 3086 2824 3140 Erat
2855 3086 3054 3156 itaque
3098 3093 3407 3157 peccatum
3440 3093 3579 3142 ante
3610 3087 3802 3158 legem

2152 3175 2210 3224 et
2240 3169 2665 3241 imputabatur.
2692 3172 2792 3227 sed
2825 3190 2947 3228 non
2971 3175 3052 3229 ita
3073 3181 3136 3229 ut
3166 3181 3298 3247 post
3329 3175 3538 3246 legem.
3575 3175 3806 3230 Utrum-

2153 3276 2267 3330 que
2298 3277 2435 3333 ergo
2468 3260 2619 3316 bene
2651 3279 2712 3317 se
2744 3262 2944 3327 habet.
3005 3281 3072 3320 ac
3129 3281 3332 3320 verum
3363 3271 3489 3319 est:
3551 3270 3610 3318 et
3639 3263 3799 3333 quod

2153 3350 2498 3420 pertransiit
2529 3352 2589 3406 in
2622 3369 2832 3408 omnes
2864 3353 3139 3408 homines
3171 3371 3352 3418 mors,
3385 3352 3465 3430 ἐφ’
3487 3352 3532 3424 ᾧ
3566 3354 3699 3422 (hoc
3721 3359 3816 3406 est

382 3439 756 3513 Λέλυταιγάρ
808 3440 872 3494 τὸ
927 3435 1119 3494 δοκοῦν
1179 3437 1542 3510 ἀντιπίπτειν,
1575 3434 1664 3492 διὰ
1717 3441 1817 3492 τοῦ
1874 3435 2042 3491 εἰπεῖν

2156 3439 2216 3493 in
2249 3455 2317 3494 eo
2351 3441 2508 3511 quod
2542 3441 2632 3496 vel
2664 3443 2826 3513 quia)
2860 3460 3070 3498 omnes
3111 3448 3526 3515 peccaverunt,
3560 3448 3617 3497 et
3647 3442 3809 3513 quod

379 3532 476 3586 τὸν
510 3526 791 3586 Θεσπέσιον
856 3533 1094 3598 Παῦλον,
1132 3554 1153 3580 ι
1191 3536 1363 3607 ’Ἄχρι
1416 3528 1518 3603 γάρ
1575 3526 1746 3598 νόμου
1804 3525 2043 3602 ἁμαρτία

381 3622 455 3690 ἦν
481 3619 534 3675 ἐν
562 3620 778 3694 κόσμῳ,
809 3647 832 3675 ι
884 3619 974 3674 καὶ
1019 3619 1163 3692 ἑξῆς.
1197 3620 1352 3675 Εἶτα
1395 3643 1422 3671 (ι
1454 3616 1614 3674 Ἀλλ’
1644 3612 1987 3672 ἐϐασίλευσεν
2017 3616 2045 3670 ὁ

391 3713 646 3778 θάνατος,
683 3738 703 3764 ι
737 3710 1014 3768 τουτέστιν
1068 3709 1144 3772 εἰς
1203 3707 1429 3783 ἔννομον
1489 3707 1729 3782 ἐξουσίαν
1781 3705 2043 3782 ἐλογίσθη

392 3801 568 3858 αὐτοῦ
596 3805 630 3873 ἡ
668 3803 932 3878 τυραννὶς,
954 3800 1034 3875 τῷ
1072 3822 1131 3856 τε
1159 3802 1347 3876 χρόνῳ
1387 3797 1781 3872 σεμνυνομένη,
1811 3798 1902 3853 καὶ
1930 3802 2047 3859 τοῖς

392 3898 562 3966 ἡμῶν
594 3895 948 3968 ἁμαρτήμασι
979 3890 1376 3965 κρατυνομένη,
1404 3916 1430 3941 ‹‹
1466 3891 1570 3944 ἀπὸ
1605 3887 1801 3960 Ἀδὰμ,
1831 3912 1859 3940 ››
1891 3887 2048 3964 φησὶ,

388 3990 494 4041 τοῦ
526 3987 663 4040 κατά
691 3978 996 4055 παράϐασιν
1029 3981 1259 4051 ἐντολῆς
1317 3977 1822 4052 νενομοθετημένης
1871 3980 2047 4052 ἀμαρο

388 4080 702 4146 τήσαντος,
763 4074 901 4131 ’Δπὸ
961 4068 1138 4144 Ἀδὰμ
1201 4071 1294 4126 οῦν
1345 4071 1373 4124 6
1431 4070 1656 4131 Manto:
1713 4064 2049 4138 ἐϐασίλευσε,

389 4164 668 4233 ¹τουτέστι,
707 4165 822 4218 κατ’
880 4160 1121 4235 ἐξουσίαν
1189 4157 1408 4228 πολλὴν
1472 4157 1755 4234 ἐκράτησε,
1814 4158 1904 4214 καὶ
1961 4157 2052 4213 ἐπὶ

391 4255 528 4318 τοῦς
563 4258 640 4326 μή
677 4253 869 4325 ἐπὶτῷ
926 4253 1244 4325 ὁμοιώματι
1302 4254 1401 4304 τοῦ
1458 4245 1640 4322 ’Δδάμ
1706 4250 2050 4323 ἁμαρτήσαν-

389 4367 512 4408 τας.
541 4346 720 4420 Μέχρι
738 4343 885 4406 τίνος
911 4363 924 4412 ;
950 4368 976 4394 ‹‹
1004 4342 1187 4417 Μέχρι
1213 4344 1310 4396 τοῦ
1337 4337 1596 4403 Μωσέως.
1620 4363 1645 4388 η
1675 4339 1743 4396 Οἱ
1766 4339 1870 4415 γάρ
1901 4358 2054 4410 μεταο

392 4438 452 4507 εὖ
487 4431 668 4506 Ἀδάμ
705 4432 794 4488 καὶ
853 4432 1120 4499 Μωσέως,
1165 4429 1412 4502 ἥμαρτον
1449 4427 1568 4500 μὲν,
1601 4426 1730 4482 ἀλλ’
1790 4425 1919 4500 οὐχὶ
1965 4425 2053 4482 ἐπὶ

389 4530 476 4597 τῷ
512 4523 828 4598 ὁμοιώματι
897 4529 997 4590 τῆς
1053 4523 1151 4574 τοῦ
1203 4515 1384 4591 Ἀδὰμ
1441 4513 1908 4592 παραϐάσεως.”0
1961 4516 2057 4588 μὲν

391 4617 508 4691 γὰρ
571 4613 882 4689 ὡρισμένην
966 4610 1056 4666 καὶ
1124 4610 1584 4682 νομοθετηθεῖσαν
1635 4604 1864 4674 ἐντολὴν
1921 4603 2055 4661 Θεοῦ

392 4698 576 4776 παρεϐ
590 4727 616 4770 τ,
647 4700 736 4756 καὶ
765 4703 1031 4774 ἥμαρτεν.
1066 4698 1126 4752 Οἱ
1175 4696 1231 4752 δὲ
1260 4697 1590 4770 ἡμάρτανον,
1623 4695 1715 4750 τὸν
1767 4691 2058 4748 αὐτοδίδα-

391 4817 527 4851 κτον
560 4796 659 4858 τῆς
690 4793 899 4853 φύσεως
931 4790 1099 4868 λόγον
1133 4784 1522 4863 ένυϐρίζοντες,
1558 4786 1620 4840 οὐ
1659 4787 1766 4860 μήν
1797 4784 1885 4840 καῖ
1917 4789 2056 4840 τοῦ·

389 4907 492 4942 τον
555 4881 877 4956 εἶσαχθεντα
935 4878 1118 4954 ῥητῶς
1174 4871 1632 4952 παραϐαίνοντες.
1696 4875 1794 4932 Καὶ
1852 4875 1903 4929 οἱ
1962 4875 2056 4947 μὲν

397 4976 573 5049 μέχρι
609 4973 881 5038 Μωσέως,
911 4969 1230 5044 ἡμάρτάνον
1265 4966 1461 5028 οὕτως.
1499 4965 1638 5022 Ἀπὸ
1697 4962 1754 5020 δὲ
1811 4964 2055 5027 Μωσέως

397 5065 570 5140 μέχρι
602 5070 702 5131 τῆς
747 5059 1042 5134 παρουσίας
1097 5061 1353 5133 Χριστοῦ,
1402 5055 1540 5110 κατά
1595 5055 1903 5127 ὁμοιότητα
1955 5061 2056 5123 τῆς

396 5159 497 5210 τοῦ
537 5149 720 5224 Ἀδάμ
764 5144 1124 5224 παραϐάσεως
1179 5147 1518 5221 ἡμάρτανον.
1576 5144 1797 5216 Νόμους
1828 5143 1929 5220 γὰρ
1959 5145 2059 5218 ῥη-

399 5245 550 5312 τοὺς,
608 5243 698 5297 καὶ
760 5239 964 5312 νόμους
1022 5237 1080 5292 ἐκ
1139 5240 1271 5292 Θεοῦ
1329 5233 1420 5289 διά
1479 5233 1720 5296 Μωσέως
1781 5229 2056 5303 δοθέντας,

402 5328 823 5408 παραϐαίνοντες
855 5327 1187 5402 ἡμάρτανον.
1223 5351 1251 5377 (ι
1287 5319 1639 5380 Ἐϐασίλευσε
1670 5321 1726 5378 δὲ
1755 5324 1782 5378 ὁ
1809 5323 2058 5391 Θάνατος,

395 5416 947 5490 εἰπὼν,ἀπὸἈδάμ
1003 5417 1169 5490 μέχρι
1224 5410 1467 5476 Μωσέως
1523 5412 1616 5467 καὶ
1674 5410 1763 5467 ἐπὶ
1818 5413 1946 5474 τοὺς
1982 5415 2056 5486 μὴ

390 5517 476 5584 τῷ
515 5507 844 5585 ὁμοιώματι
902 5511 1003 5573 τῆς
1061 5497 1418 5578 παραϐάσεως
1479 5497 1657 5572 Ἀδὰμ
1713 5501 2060 5574 ἁμαρτήσαν-

390 5625 512 5672 τας,
537 5627 565 5658 ι
604 5601 703 5657 οὐκ
736 5598 916 5674 ἐξάγει
948 5594 1075 5658 τοὺς
1108 5595 1159 5666 ἐξ
1191 5592 1391 5650 ἐκείνου
1423 5591 1586 5667 μέχρι
1612 5596 1850 5666 Χριστοῦ
1879 5593 2063 5666 ἡμαρ-

467 5791 507 5828 n
549 5791 698 5847 Gen,
729 5802 830 5852 xx,
865 5786 890 5836 ί
927 5796 1096 5851 seqq.
1177 5780 1218 5817 “
1245 5781 1385 5836 Gen.
1419 5794 1492 5845 vr,
1531 5779 1554 5830 1
1591 5792 1759 5849 seqq,

2157 3528 2260 3584 ubi
2291 3548 2412 3586 non
2445 3540 2532 3588 est
2563 3533 2676 3601 lex,
2711 3534 2790 3588 ibi
2823 3551 2932 3590 nec
2979 3535 3370 3607 transgressio
3399 3550 3411 3588 :
3447 3541 3507 3589 et
3553 3534 3816 3588 solutum

2161 3626 2252 3674 est
2276 3621 2435 3692 quod
2466 3622 2764 3678 adversari
2793 3624 3126 3688 videbatur,
3159 3642 3266 3696 per
3297 3623 3456 3696 quod
3483 3622 3700 3679 dixerit
3737 3623 3821 3677 di-

2159 3709 2333 3764 vinus
2367 3712 2602 3767 Paulus.
2629 3736 2656 3763 ‹‹
2683 3715 2827 3770 Nam
2846 3730 3035 3785 usque
3057 3714 3127 3769 ad
3154 3715 3342 3786 legem
3367 3719 3677 3785 peccatum
3697 3718 3825 3768 erat

2163 3798 2224 3852 in
2257 3799 2501 3869 mundo,
2539 3823 2566 3849 u
2598 3809 2708 3856 etc.
2743 3805 3038 3858 Prmterea
3062 3820 3074 3858 :
3099 3826 3123 3852 ‹‹
3149 3802 3264 3856 Sed
3286 3803 3552 3873 regnavit
3582 3818 3766 3869 mors,
3793 3825 3821 3850 »

2163 3888 2274 3944 hoc
2305 3895 2414 3956 est,
2451 3889 2511 3944 in
2543 3907 2776 3961 (equam
2802 3899 2859 3946 et
2880 3893 3108 3961 justam
3144 3897 3498 3960 potestatem
3535 3892 3828 3962 imputata

2163 3984 2253 4032 est
2283 3979 2410 4049 ejus
2445 3981 2730 4050 tyrannis,
2774 3986 2834 4035 et
2863 3981 3252 4036 diuturnitate
3284 3980 3545 4053 glorians
3578 3986 3636 4034 et
3682 3997 3827 4034 nos-

2165 4069 2270 4122 tris
2293 4069 2549 4140 peccatis
2572 4069 2753 4124 robur
2773 4071 3136 4142 concipiens,
3158 4093 3186 4119 «
3210 4069 3296 4124 Ab
3321 4069 3531 4135 Adam,
3560 4092 3586 4117 η
3606 4070 3824 4140 inquit,

2165 4159 2266 4230 qui
2298 4165 2644 4230 peccaverat
2674 4160 3146 4233 transgressione
3175 4160 3455 4232 praecepti
3488 4176 3594 4231 per
3622 4159 3818 4231 begem

2165 4247 2278 4303 sibi
2297 4249 2581 4320 impositi.
2610 4249 2686 4305 Ab
2701 4250 2887 4305 Adam
2905 4250 3081 4322 igitur
3093 4267 3253 4305 mors
3272 4250 3557 4322 regnavit,
3577 4249 3813 4314 hocest,

2165 4339 2356 4394 multa
2377 4346 2666 4411 potestate
2686 4340 3084 4412 principatum
3105 4340 3299 4396 tenuit
3318 4341 3500 4395 etiam
3517 4356 3696 4411 super
3713 4356 3820 4394 eos

2167 4429 2266 4498 qui
2292 4446 2410 4485 non
2427 4430 2500 4484 ad
2523 4430 2983 4486 similitudinem
3009 4430 3196 4486 Adam
3219 4430 3611 4500 deliquerant.
3637 4430 3827 4494 Quan-

2167 4519 2346 4574 diu?«
2367 4520 2561 4591 Usque
2575 4519 2650 4576 ad
2663 4523 2883 4576 Mosen.
2903 4543 2930 4568 ››
2951 4522 3094 4576 Nam
3110 4520 3382 4591 quiinler
3394 4519 3574 4574 Adam
3586 4518 3800 4574 fuerun

2167 4616 2227 4662 et
2247 4610 2466 4674 Mosen,
2483 4607 3152 4679 peccaveruntquidem,
3177 4614 3238 4663 at
3258 4625 3379 4663 non
3397 4608 3469 4662 ad
3485 4607 3825 4663 similitudi-

2167 4714 2305 4753 nem
2337 4698 2824 4770 transgressionis
2855 4698 3062 4753 Adam.
3083 4696 3388 4768 Siquidem
3408 4697 3722 4751 definitum
3749 4713 3817 4750 ac

2092 4825 2134 4889 D
2168 4787 2294 4858 lege
2319 4787 2578 4858 positum
2602 4787 2704 4842 Dei
2727 4793 3089 4858 praeceptum
3113 4793 3517 4858 transgressus
3539 4791 3628 4840 est
3650 4792 3708 4840 et
3731 4785 3828 4838 de-

2170 4877 2341 4947 liquit
2374 4893 2386 4931 :
2421 4875 2508 4930 illi
2541 4892 2674 4930 vero
2707 4883 3096 4948 peccaverunt
3127 4875 3287 4947 quod
3328 4881 3556 4931 natura:
3589 4891 3825 4930 sermo-

2169 4983 2328 5036 nem,
2362 4965 2463 5036 qui
2495 4965 2662 5020 nullo
2695 4971 3126 5037 praeceptorum
3153 4982 3266 5020 usu
3297 4964 3719 5026 instillabatur.
3742 4965 3828 5019 in-

2160 5056 2326 5128 juria
2355 5055 2663 5110 affecerint
2695 5071 2708 5109 :
2744 5070 2937 5125 neque
2973 5061 3168 5110 tamen
3197 5054 3286 5110 vel
3318 5054 3477 5109 hunc
3508 5054 3823 5110 manifeste

2168 5143 2478 5199 inductum
2533 5143 3054 5216 transgredientes.
3117 5147 3184 5196 Et
3238 5142 3483 5213 quidem
3523 5143 3597 5198 ad
3630 5144 3825 5197 Mosen

2169 5253 2357 5306 usque
2390 5237 2472 5290 ita
2495 5236 2841 5307 peccabant.
2867 5252 2902 5290 a
2932 5237 3086 5290 Mose
3115 5251 3250 5290 vero
3278 5253 3467 5306 usque
3499 5236 3572 5291 ad
3603 5236 3828 5290 Christi

2171 5325 2510 5390 adventum,
2543 5325 2618 5381 ad
2643 5324 3096 5380 similitudinem
3120 5326 3611 5397 transgressionis
3643 5325 3830 5380 Adam

2171 5415 2668 5486 peccabant.Nam
2688 5415 2847 5487 leges
2869 5414 3196 5482 ordinatas,
3221 5421 3280 5470 et
3298 5431 3332 5470 ει
3355 5415 3474 5470 Deo
3495 5431 3602 5486 per
3626 5415 3829 5469 Mosen

2173 5505 2363 5569 datas,
2381 5504 2869 5577 transgrediendo
2893 5503 3574 5575 delinquebant.Dicens
3592 5510 3788 5558 autem
3822 5519 3834 5554 :

2177 5617 2206 5645 ιι
2237 5595 2524 5668 Regnavit
2555 5611 2716 5651 mors
2746 5593 2818 5650 ab
2849 5593 3040 5651 Adam
3071 5611 3258 5666 usque
3302 5593 3376 5649 ad
3417 5595 3618 5648 Mosen
3650 5593 3827 5646 etiam
