4114 6406
320 421 438 478 419

1426 414 1842 478 (ΕΟΠΜΕΝΠ
1886 412 2194 476 ΊἫΙΟΟιΕ
2236 414 2614 477 EPISCOPI.

3615 416 3739 477 420

317 553 380 608 in
413 569 512 608 eos
546 549 644 622 qui
677 565 796 605 non
839 548 914 605 ad
963 547 1421 606 similitudinem
1476 547 1968 621 transgressionis

2086 545 2341 616 τηκότας.
2376 550 2500 609 Πῶς
2531 545 2631 621 γὰρ
2672 545 2733 601 ἃν
2794 545 2977 625 ἐξῆγε,
3030 545 3159 609 τοὺς
3221 544 3436 618 μᾶλλον
3496 545 3746 614 ἐοικότας

318 641 506 698 Adam
529 639 932 710 deliquerunt,
969 660 997 688 »
1058 656 1179 695 non
1239 657 1339 695 eos
1400 641 1606 695 eximit
1659 638 1760 711 qui
1801 639 1873 694 ab
1906 653 1974 694 eo

319 736 584 799 tempore
608 729 681 782 ad
705 729 1006 786 Christum
1026 746 1212 800 usque
1236 735 1641 802 peccaverant.
1667 731 1811 783 Nam
1835 744 1975 799 quo-

316 818 491 873 modo
522 818 655 871 illos
687 818 992 885 eximeret,
1022 835 1156 874 cum
1217 820 1338 875 suis
1400 818 1976 891 transgressionibus

319 906 640 962 similiores
669 905 807 960 facti
833 907 955 961 sint
973 913 1212 977 peccato
1228 907 1415 978 ipsius
1443 907 1628 962 Adam
1646 907 1673 962 ‘2
1693 908 1820 961 Non
1837 922 1974 978 ergo

319 997 480 1066 ipsos
515 995 720 1051 eximit
748 1012 780 1050 a
815 1012 992 1068 regno
1025 1013 1093 1051 ac
1127 995 1360 1051 domino
1417 997 1646 1055 mortis.
1681 997 1836 1052 268
1870 995 1974 1050 sed

319 1100 427 1157 per
454 1084 566 1139 hoc
590 1084 748 1155 quod
781 1085 882 1141 ait.
909 1107 936 1133 ‹‹
964 1085 1220 1140 etiamin
1254 1101 1354 1140 eos
1377 1087 1475 1157 qui
1508 1101 1628 1140 non
1659 1085 1732 1140 ad
1761 1083 1974 1140 simili-

319 1172 588 1228 tudinem
607 1173 787 1227 Adam
803 1173 1188 1244 deliquerunt
1219 1199 1239 1224 ι
1261 1174 1593 1243 adjectione
1607 1173 1976 1242 conjunctio-

321 1263 417 1317 nis
448 1261 562 1328 καὶ,
591 1262 649 1316 id
675 1268 784 1326 est,
814 1265 1004 1329 etiam,
1038 1262 1174 1318 illos
1196 1263 1572 1335 potissimum
1601 1263 1971 1335 signiﬁcavit.

323 1354 408 1405 Ac
442 1351 490 1406 si
523 1351 808 1406 dixisset:
843 1353 968 1406 Non
1001 1353 1062 1406 in
1122 1353 1280 1408 solos
1337 1370 1439 1408 eos
1495 1353 1761 1425 regnavit
1792 1369 1972 1418 mors,

325 1441 426 1511 qui
459 1441 530 1496 ad
564 1441 1021 1497 similitudinem
1073 1442 1258 1498 Adam
1316 1443 1714 1514 deliquerant,
1773 1459 1974 1498 verum

322 1531 500 1588 etiam
532 1531 592 1586 in
625 1548 748 1592 eos.
771 1532 870 1603 qui
891 1548 1008 1586 non
1036 1531 1110 1587 ad
1133 1533 1588 1588 similitudinem
1612 1533 1742 1603 ejus
1765 1547 1976 1604 pecca-

319 1626 552 1676 verant.
583 1621 826 1677 Authoc
861 1621 1036 1676 modo
1068 1621 1387 1677 dicendum
1409 1627 1517 1690 est,
1541 1627 1607 1676 ut
1638 1638 1742 1692 per
1767 1623 1977 1693 hyper-

319 1709 499 1766 baton
523 1709 928 1783 intelligamus
958 1710 1117 1782 quod
1146 1710 1372 1766 dictum
1405 1716 1514 1772 est,
1545 1732 1573 1760 «
1603 1713 1668 1764 In
1701 1709 1980 1765 similitu-

318 1798 555 1854 dinem:
603 1820 626 1848 ιι
663 1806 721 1853 et
743 1799 915 1871 juxta
944 1799 1103 1855 hunc
1133 1806 1367 1872 tropum
1401 1798 1788 1871 explanemus
1817 1797 1976 1869 quod

319 1888 547 1944 dictum
581 1894 689 1954 est,
725 1911 753 1939 ι(
789 1889 1070 1961 Regnavit
1098 1905 1258 1944 mors
1288 1889 1360 1945 ab
1393 1889 1580 1944 Adam
1613 1888 1673 1943 in
1705 1887 1978 1944 similitu-

316 1975 517 2031 dinem
542 1978 1031 2050 transgressionis
1050 1978 1235 2033 Adam
1259 1994 1446 2049 usque
1468 1977 1542 2033 ad
1564 1976 1972 2041 Mosen,etiam

316 2065 378 2119 in
413 2083 513 2121 eos
546 2067 646 2133 qni
679 2083 797 2121 non
832 2073 1245 2139 peccaverunt.
1277 2090 1300 2116 »
1332 2067 1416 2122 Ita
1448 2084 1584 2140 ergo
1613 2064 1970 2131 ordinando,

314 2171 561 2210 sensum
595 2157 829 2228 aperire
892 2163 1144 2228 oportet.
1170 2189 1236 2198 —-
1271 2156 1415 2212 Vide
1447 2163 1648 2212 autem
1709 2171 1886 2228 quam
1919 2171 1980 2210 se

311 2245 544 2300 muniat
573 2246 889 2318 Apostolus
917 2263 930 2301 :
955 2248 1104 2302 nein
1123 2233 1426 2318 posterum
1451 2246 1676 2317 injuria
1706 2244 1862 2301 afﬁci
1879 2243 1965 2298 vi-

2086 641 2206 698 ταῖς
2237 631 2568 713 παραϐάσεσι
2599 639 2668 707 τῇ
2700 640 2794 690 τοῦ
2827 634 3007 708 Ἀδάμ
3038 637 3278 708 άμαρτίᾳ
3312 656 3325 706 ;
3375 637 3493 695 Οὐκ
3559 637 3736 712 ἐξάγει

2084 725 2264 780 τοίνυν
2295 727 2523 788 τούτους
2552 733 2652 795 τῆς
2682 730 2779 781 τοῦ
2838 726 3065 788 θανάτου
3127 726 3409 800 βασιλείας
3475 727 3564 782 καὶ
3623 725 3740 784 ἐπι-

2085 816 2358 890 κρατείας,
2392 814 2539 871 ἀλλᾶ
2570 812 2658 869 διὰ
2684 815 2781 870 τοῦ
2814 814 3006 883 εἷπε“’ν,
3041 839 3070 867 ‹‹
3101 816 3187 870 καὶ
3224 815 3311 872 ἐπὶ
3333 816 3462 878 τοὺς
3497 817 3574 888 μὴ
3606 817 3742 872 κατὰ

2086 903 2390 976 ὁμοιότητα
2427 908 2524 958 τοῦ
2557 901 2735 978 ’Δδὰμ
2776 905 3216 978 ἁμαρτήσαντας,
3253 929 3280 954 »
3334 907 3404 978 τῇ
3437 910 3738 980 προσρήσει

2085 997 2202 1059 τοῦ,
2243 993 2332 1048 καὶ
2391 991 2624 1055 ἐκείνους
2684 993 2921 1065 μάλιστα
2979 991 3390 1068 παρεδήλωσεν.
3456 996 3611 1058 Οῗον.
3663 995 3742 1052 Οὐ

2089 1083 2256 1154 μόνον
2293 1082 2376 1136 ἐπὶ
2409 1087 2520 1137 τῶν
2549 1084 2686 1138 κατὰ
2741 1083 3046 1153 ὁμοιότητα
3102 1087 3198 1138 τοῦ
3251 1081 3432 1157 Ἀδάμ
3490 1087 3740 1160 ἁμαρτη-

2086 1171 2290 1226 σάντων
2317 1165 2661 1226 ἐϐασίλευσεν
2715 1173 2742 1226 6
2770 1173 3015 1236 θάνατος,
3051 1171 3196 1228 ἀλλᾶ
3225 1172 3314 1227 καὶ
3373 1173 3460 1227 ἐπὶ
3509 1178 3616 1230 τῶν
3654 1177 3730 1246 μὴ

2084 1259 2173 1314 ἐπὶ
2202 1265 2280 1333 τῷ
2339 1261 2655 1333 ὁμοιώματι
2721 1261 2889 1316 αὐτοῦ
2957 1263 3408 1336 ἁμαρτησάντων.
3451 1263 3517 1320 Ἢ
3571 1264 3746 1328 οὕτως

2087 1350 2303 1425 ῥητέον,
2362 1350 2397 1420 ἢ
2457 1350 2508 1406 ἐν
2559 1346 2847 1423 ὑπερϐατῷ
2894 1353 3214 1423 νοήσαντας,
3273 1353 3356 1421 τὸ,
3393 1377 3422 1406 (ι
3485 1355 3605 1411 Ἐπὶ
3657 1359 3736 1427 τῷ

2085 1440 2424 1512 ὁμοιώματι,
2458 1464 2487 1493 ››
2519 1440 2609 1495 καὶ
2641 1441 3059 1519 συμφράσαντας
3077 1441 3139 1496 τὸ
3171 1441 3336 1518 ρητὸν
3393 1443 3485 1498 τὸν
3537 1442 3741 1520 τρόπον

2082 1531 2297 1583 τοῦτοψ
2336 1552 2364 1581 ‹‹
2398 1525 2556 1584 Ἀλλ’
2587 1523 2933 1584 ἐϐασίλευσεν
2968 1529 2995 1584 6
3030 1528 3257 1594 θάνατος
3288 1530 3393 1586 ἀπὸ
3444 1529 3622 1606 Ἀδάμ
3651 1531 3739 1588 ἐπὶ

2083 1620 2164 1688 τῷ
2212 1617 2529 1690 ὁμοιώματι
2585 1623 2686 1686 τῆς
2744 1611 3103 1692 παραϐάσεως
3155 1616 3338 1694 Ἀδάμ
3389 1617 3558 1696 μέχρι
3612 1628 3739 1680 Mm-

2085 1704 2244 1769 σὲως,
2277 1705 2367 1760 καὶ
2401 1705 2486 1762 ἐπὶ
2519 1706 2646 1768 τοὺς
2689 1707 2766 1779 μὴ
2833 1706 3274 1778 ἁμαρτήσαντας.
3310 1732 3339 1762 ››
3396 1709 3586 1772 Οὕτως
3647 1711 3741 1766 οὗν

2088 1797 2461 1870 συντάξαντας,
2494 1795 2576 1851 δεῖ
2619 1796 2710 1852 τὸν
2757 1799 2885 1851 νοῦν
2940 1796 3258 1870 ἀναπτύξαι.
3291 1832 3358 1843 -
3398 1801 3738 1876 [ΟΙΚΟΥΜ.]

2084 1889 2223 1961 Ὀρα
2257 1883 2312 1940 δὲ
2341 1887 2438 1956 τὴν
2492 1886 2787 1962 ἀσεράλειαν
2843 1887 2940 1942 τοῦ
2998 1886 3369 1944 Ἀττοστὸλου⁸
3411 1888 3504 1945 ’ίνα
3537 1893 3612 1964 μή
3647 1888 3741 1946 δό-

2081 1976 2262 2048 ξωμεν
2312 1974 2506 2032 λοιπὸν
2563 1973 2886 2044 ἀδικεῖσθαι,
2954 1975 3026 2032 δι’
3075 1976 3248 2034 ἄλλον
3309 1980 3742 2052 ἀποθνήσκοντες

2081 2065 2254 2119 εἴπενο
2289 2088 2318 2116 (ι
2350 2063 2618 2139 Ἀμαρτία
2649 2067 2712 2135 ἦν
2757 2065 2808 2121 ἐν
2839 2067 3050 2140 κόσμῳ,
3108 2067 3154 2122 εί
3193 2069 3283 2123 καί
3345 2071 3420 2143 μή
3485 2067 3729 2144 ἐλογίζε-

2080 2173 2165 2209 το.
2190 2176 2220 2206 ››
2251 2157 2550 2229 Τοιγαροῦν
2585 2153 2646 2209 οῦ
2681 2155 2850 2226 μόνον
2911 2153 3000 2211 διὰ
3049 2156 3142 2211 τὸν
3202 2153 3402 2231 Ἀδὰμ,
3433 2155 3582 2212 ἀλλὰ
3638 2157 3731 2212 καὶ

2085 2237 2176 2296 διὰ
2205 2243 2302 2311 τήν
2332 2242 2599 2316 ἁμαρτίαν
2637 2242 3076 2319 ἀποθνήσκομεν.

312 2334 581 2399 deamur,
617 2335 774 2406 quod
806 2341 1046 2407 propter
1076 2336 1259 2391 alium
1294 2336 1623 2392 moriamur
1653 2335 1835 2390 dixit:
1870 2357 1898 2383 «
1934 2333 2252 2390 Peccatum
2284 2341 2410 2390 erat
2441 2335 2502 2389 in
2537 2334 2759 2392 mundo
2791 2335 2900 2390 etsi
2934 2350 3054 2391 non
3086 2335 3510 2408 imputabatur.
3545 2359 3566 2387 ι
3615 2337 3741 2393 Ita-

311 2439 425 2493 que
458 2439 577 2478 non
600 2429 840 2495 propter
871 2425 1062 2480 solum
1093 2424 1294 2486 Adam.
1331 2424 1434 2480 sed
1461 2431 1520 2481 et
1548 2430 1792 2496 prOpter
1821 2427 2091 2478 nostrum
2122 2431 2431 2494 peccatum
2465 2424 2772 2480 morimur.

392 2512 456 2575 V,
495 2513 699 2578 13,14.
752 2515 1037 2568 Pcrcatum
1095 2521 1277 2569 autem
1331 2531 1443 2569 non
1501 2517 1816 2585 imputatur
1870 2512 1968 2568 ubi

309 2615 420 2655 non
453 2606 529 2655 est
568 2599 675 2654 lar.
717 2601 823 2657 Sed
860 2605 1114 2671 regnavit
1167 2619 1309 2658 mors
1338 2604 1406 2657 ab
1440 2605 1629 2658 Ar/am
1681 2618 1852 2674 usque
1893 2601 1968 2656 ad

311 2690 494 2744 Mosen
525 2691 690 2744 etiam
721 2706 886 2761 super
916 2707 1002 2747 eos
1033 2694 1131 2762 qui
1167 2709 1279 2747 non
1310 2693 1669 2763 deliquerunt
1714 2691 1787 2746 ad
1815 2692 1970 2747 simi-

318 2779 604 2834 litudinem
664 2781 1111 2850 transgressionis
1158 2783 1357 2846 Adam,
1409 2784 1506 2852 qui
1562 2788 1639 2836 est
1673 2785 1856 2851 ﬁgura
1878 2782 1971 2849 fu-

323 2869 457 2926 turi.

392 2959 509 3031 Ego
541 2959 800 3016 arbitror
824 2968 1133 3034 peccatum
1166 2962 1263 3018 hic
1294 2962 1583 3034 appellari
1615 2961 1769 3032 quod
1807 2961 1871 3016 fit
1901 2977 1973 3017 ex

319 3050 790 3122 transgressione
822 3051 968 3124 legis
999 3054 1173 3108 Mosis
1203 3071 1270 3108 ac
1294 3058 1724 3124 prmceptorum
1759 3069 1890 3122 quin
1910 3052 1970 3107 in

313 3154 382 3194 ea
410 3146 584 3194 sunt:
610 3148 753 3212 puta
775 3141 932 3212 quod
960 3149 1231 3213 oporteat
1259 3143 1627 3209 circumcidi;
1653 3141 1812 3212 quod
1843 3140 1972 3197 sab-

312 3225 517 3282 batum
551 3244 784 3284 servare
810 3229 1004 3300 :quod
1021 3229 1145 3284 haec
1177 3230 1372 3298 edere,
1407 3229 1479 3286 ab
1513 3229 1632 3287 illis
1658 3245 1792 3284 vero
1833 3227 1965 3283 abs-

313 3318 523 3373 tinere.
554 3320 696 3374 Cum
750 3320 906 3374 enim
943 3321 1359 3376 universaliter
1389 3327 1448 3375 et
1505 3320 1727 3391 ubique
1757 3335 1967 3391 pecca-

316 3413 440 3462 tum
473 3413 650 3476 esset,
685 3413 743 3462 et
772 3425 840 3463 ex
882 3409 1195 3464 hominum
1228 3417 1440 3464 natura
1483 3414 1962 3482 cognosceretur,

317 3503 374 3552 et
405 3505 531 3553 erat
563 3504 620 3552 et
648 3498 1074 3569 imputabatur,
1125 3499 1302 3554 veluti
1363 3500 1777 3561 homicidium.
1836 3498 1962 3552 fur-

311 3591 460 3649 tum,
495 3603 816 3658 puerorum
859 3590 1179 3660 corruptio.
1213 3596 1272 3646 et
1301 3589 1522 3645 similia
1556 3606 1567 3643 :
1632 3589 1965 3660 horumque

309 3681 494 3731 testes
526 3683 665 3732 sunt
694 3677 856 3736 Cain.
892 3679 1166 3746 Lamech,
1200 3680 1260 3734 hi
1312 3681 1410 3752 qui
1471 3684 1643 3735 erant
1700 3685 1964 3749 tempore

310 3766 536 3829 diluvii,
593 3767 930 3824 Sodomitas.
993 3769 1182 3842 Super
1237 3771 1330 3827 his
1391 3787 1648 3843 namque
1706 3771 1965 3842 peccatis

313 3857 491 3912 etiam
527 3859 817 3914 naturalis
856 3860 949 3914 lex
983 3862 1173 3931 posita
1203 3867 1346 3917 erat.
1408 3862 1650 3917 Creator
1706 3876 1965 3932 namque

312 3945 619 4003 hominem
651 3949 727 4004 ad
757 3965 886 4004 esse
903 3950 1260 4022 producens,
1283 3957 1406 4006 tum
1427 3966 1633 4006 eorum
1659 3967 1788 4021 quas
1813 3951 1966 4005 facta

308 4044 466 4103 sunt,
493 4043 616 4094 tum
649 4038 890 4094 illorum
942 4057 1074 4110 quae
1127 4047 1268 4095 sunt
1326 4046 1568 4106 interna.
1629 4039 1966 4094 naturalem

309 4126 630 4195 quamdam
653 4126 1298 4201 indiditcognitionem.
1317 4130 1706 4184 Aiuntautem
1725 4130 1966 4182 Patrum

314 4214 558 4284 quidam
590 4215 747 4270 inter
776 4233 925 4287 quos
965 4222 1056 4272 est
1107 4224 1167 4272 et
1219 4219 1553 4291 Gregorius,
1590 4218 1653 4272 in
1706 4216 1967 4272 hominis

307 4303 611 4359 creatione
646 4305 992 4360 mandatum
1026 4306 1178 4361 iltud
1225 4307 1366 4362 Adw
1422 4307 1727 4374 traditum,
1787 4322 1862 4361 ne
1895 4304 1967 4361 de

308 4392 472 4462 ligno
503 4393 766 4449 scientia:
799 4393 938 4449 boni
999 4402 1058 4450 et
1091 4396 1232 4451 mali
1286 4396 1507 4459 ederet.
1544 4397 1722 4452 etiam
1777 4396 1967 4469 legem

309 4481 518 4549 fuisse,
553 4500 684 4554 quae
716 4483 776 4538 in
809 4485 1148 4540 universum
1175 4485 1300 4541 haec
1328 4493 1569 4557 peccata
1592 4486 1964 4558 prohiberet:

311 4570 543 4644 lignum
577 4573 736 4627 enim
770 4573 928 4645 quod
961 4575 1271 4631 scientiam
1305 4575 1446 4631 boni
1487 4581 1548 4631 et
1595 4575 1734 4631 mali
1767 4575 1968 4631 efﬁce-

311 4667 404 4717 ret
431 4669 742 4733 peccatum
773 4679 903 4720 esse
935 4664 1376 4720 intellexerunt.

392 4773 418 4802 ιι
449 4750 563 4807 Sed
601 4753 867 4825 regnavit
898 4770 1058 4809 mors
1115 4754 1188 4810 ab
1241 4740 1448 4811 Adam.
1483 4775 1508 4806 ι
1573 4755 1721 4812 ποτ
1761 4754 1967 4810 Debito
2002 4742 2044 4806 Ι)

309 4841 541 4906 ordine,
576 4849 814 4914 sumpta
845 4846 1318 4918 transgressione
1367 4844 1578 4910 Adam,
1629 4846 1830 4901 Mosen
1861 4861 1968 4916 ap-

308 4929 494 5001 pellat
527 4948 702 4987 omne
734 4940 900 4990 vetus
933 4934 1398 4991 instrumentum
1434 4952 1446 4988 :
1500 4935 1654 4990 sicut
1683 4934 1764 4989 ibi
1799 4951 1812 4988 :
1846 4957 1873 4983 ‹‹
1910 4932 1967 4989 Si

310 5021 511 5074 Mosen
549 5036 670 5074 non
702 5022 955 5077 audiunt
986 5022 1046 5080 ιθ.
1084 5047 1111 5073 υ
1163 5025 1416 5095 Tempus
1447 5024 1648 5094 itaque
1681 5040 1870 5094 usque
1896 5022 1971 5079 ad

306 5107 533 5161 Christi
566 5109 884 5164 adventum
920 5111 1064 5166 dicit
1102 5113 1320 5167 Mosen.
1357 5113 1452 5166 Ait
1495 5129 1633 5183 ergo
1666 5111 1824 5183 quod
1873 5128 1972 5166 us—

314 5213 430 5267 que
461 5197 534 5251 ad
568 5205 730 5253 vetus
772 5206 1193 5256 testamentum
1255 5201 1510 5257 habebat
1566 5218 1728 5256 mors
1779 5201 1970 5256 domi-

312 5304 458 5341 num
487 5306 500 5354 ;
537 5306 696 5344 nunc
724 5291 883 5346 enim
916 5292 976 5346 in
1009 5309 1156 5347 novo
1190 5311 1294 5364 per
1322 5293 1536 5348 Christi
1569 5292 1817 5364 gratiam
1850 5291 1968 5346 dis-

313 5377 510 5431 soluta
543 5384 650 5434 est.
688 5397 756 5434 ac
813 5382 914 5435 Dei
973 5383 1161 5435 nostri
1222 5382 1513 5454 sanguine
1563 5398 1783 5436 eversa.
1842 5383 1969 5436 Non

311 5476 628 5536 peccantes
659 5476 857 5524 autem
890 5471 1035 5524 dicit
1057 5487 1156 5526 eos
1189 5473 1290 5542 qui
1322 5473 1721 5526 fueruntante
1754 5471 1965 5543 legem.

310 5584 377 5594 —
397 5557 524 5611 Non
551 5558 709 5630 quod
727 5559 789 5613 hi
815 5561 914 5630 qui
941 5560 1131 5632 legem
1153 5567 1584 5632 praecesserant
1605 5576 1727 5615 non
1756 5576 1970 5632 pecca—

383 5728 430 5765 ¹⁹
453 5728 587 5788 Luc.
622 5748 729 5801 xw,
759 5733 849 5790 31.

2152 2512 2427 2588 Ἀμαρτία
2507 2508 2564 2566 δὲ
2631 2511 2730 2566 οὐκ
2788 2510 3096 2586 ἐλλογεῖται
3131 2556 3145 2578 ,
3210 2515 3285 2584 μὴ
3347 2513 3501 2576 ὄντος
3562 2514 3738 2586 νόμου

2083 2598 2238 2658 Ἀλλ’
2321 2595 2661 2656 ἐϐασίλευσεν
2715 2601 2742 2656 6
2797 2605 3020 2664 θάνατος
3105 2602 3210 2656 ἀπὸ
3293 2599 3475 2676 Ἀδὰμ
3571 2605 3738 2680 μέχρι

2081 2691 2380 2758 Μ...ιϋσὲως,
2413 2691 2505 2746 καὶ
2555 2689 2641 2746 ἐπὶ
2700 2689 2827 2753 τοὺς
2891 2692 2966 2764 μὴ
3037 2691 3453 2767 ἁμαρτήσαντας
3506 2691 3594 2748 ἰπὶ
3651 2698 3732 2765 τῷ

2082 2780 2398 2852 ὁμοιώματι
2446 2787 2548 2849 τῆς
2604 2773 2963 2855 παραϐάσεως
3003 2780 3204 2853 Ἀδὰμ,
3262 2781 3322 2844 ’ὸς
3388 2781 3499 2837 ἐστι
3565 2781 3738 2845 τύπος

2079 2872 2179 2923 τοῦ
2223 2867 2550 2940 μέλλοντος.

2152 2959 2308 3032 [ΤΟΥ
2342 2961 2584 3016 ΑΥΤΟΥ.
2621 2959 2639 3032 ]
2671 2956 2819 3030 Ἐγὼ
2851 2957 3062 3030 νομίζω
3101 2959 3369 3032 ἁμαρτίαν
3403 2959 3580 3036 λέγειν
3636 2958 3726 3014 αὖ·

2079 3046 2170 3102 τὸν
2211 3047 2434 3103 ἐνταῦθα
2490 3049 2589 3116 τήν
2638 3047 2698 3102 ἐκ
2762 3053 2862 3114 τῆς
2903 3041 3264 3120 παραϐάσεως
3321 3053 3420 3106 τοῦ
3490 3047 3728 3112 Μωσέως

2078 3137 2253 3209 νόμου
2319 3137 2406 3192 καὶ
2467 3141 2576 3192 τῶν
2644 3137 2813 3191 ἐκεῖσε
2869 3134 3251 3211 ἐπιταγμάτων
3333 3137 3742 3212 συνισταμένην.

2081 3227 2235 3298 Οἶον,
2265 3233 2363 3283 τοῦ
2423 3225 2532 3283 δεῖν
2592 3222 3024 3302 περιτέμνεσθαι,
3077 3233 3182 3284 τοῦ
3259 3224 3625 3300 σαϐϐατίζειν,
3655 3230 3747 3284 καὶ

2078 3314 2206 3372 τάδε
2247 3319 2343 3390 μὲν
2403 3317 2620 3385 ἐσθίειν,
2679 3313 2850 3372 τῶνδε
2902 3311 2960 3370 δὲ
3016 3317 3303 3394 ἀπέχεσαι.
3347 3319 3498 3376 Ἐπεὶ
3530 3323 3564 3389 ἠ
3595 3321 3728 3374 καθ-

2079 3405 2218 3463 όλου
2251 3407 2487 3480 ἁμαρτία
2517 3409 2581 3477 ἦν
2615 3411 2704 3463 καὶ
2736 3408 2870 3481 αὐτὴ
2931 3414 3000 3484 τῇ
3063 3413 3167 3464 τῶν
3229 3410 3532 3485 ἀνθρώπων
3574 3407 3734 3489 φύσει

2073 3499 2465 3572 γινοσκομὲνη,
2495 3495 2583 3551 καὶ
2614 3498 2683 3567 ἦν
2713 3499 2798 3553 καὶ
2833 3498 3162 3576 ἐνεκογεῖτο,
3223 3500 3339 3554 οἷον
3380 3495 3734 3577 ἀνδροφονία,

2070 3587 2279 3656 κλοπὴ,
2333 3584 2702 3662 παιδοφϐορία
2769 3590 2857 3644 καὶ
2913 3590 2981 3645 τὰ
3033 3589 3222 3662 ὅμοια.
3286 3588 3391 3646 Καὶ
3454 3589 3723 3664 μάρτυρες

2069 3674 2278 3731 τούτων
2313 3677 2462 3745 Κάϊν,
2522 3677 2738 3752 Λάμεχ,
2800 3679 2852 3733 οἱ
2910 3677 2999 3733 ἐπὶ
3055 3682 3154 3733 τοῦ
3211 3674 3626 3747 κατακλυσμοῦ,
3674 3674 3726 3729 οἱ

2073 3761 2392 3839 Σοδομῖται.
2426 3763 2549 3822 Ἐπὶ
2596 3766 2697 3841 γάρ
2748 3767 2954 3822 τούτων
2982 3771 3090 3822 τῶν
3125 3767 3407 3840 ἁμαρτιῶν
3439 3763 3532 3821 καὶ
3563 3765 3592 3819 6
3624 3785 3730 3842 φυ-

2071 3855 2221 3916 σικὸς
2255 3848 2426 3909 ἔκειτο
2453 3852 2639 3925 νόμος.
2671 3857 2731 3911 Ὀ
2753 3856 2856 3930 γάρ
2918 3856 3268 3931 Δημιουργὸς
3323 3854 3586 3932 παράγων
3645 3852 3724 3915 εἷς

2075 3939 2274 3999 δένεσιν
2305 3944 2394 3998 τὸν
2427 3942 2732 4018 ἄνθρωπον,
2763 3945 2870 4000 τῶν
2918 3967 2976 4002 τε
3033 3947 3343 4021 πρακτέων,
3399 3949 3507 4000 τῶν
3574 3963 3634 3998 τε
3665 3941 3726 3997 οὗ

2073 4036 2378 4106 πρακτέων,
2439 4037 2670 4110 φυσικήν
2731 4053 2851 4088 τινα
2906 4038 3106 4110 γνῶσιν
3164 4033 3412 4090 ἐνέθεικε.
3475 4032 3613 4089 Φασῖ
3677 4027 3736 4086 δέ

2072 4141 2214 4181 τινες⁹
2247 4125 2354 4176 τῶν
2402 4120 2676 4199 Πατάρων,
2738 4123 2811 4177 ὧν
2871 4123 2981 4178 ἐστι
3037 4124 3127 4178 καὶ
3185 4124 3510 4198 Γρηγόριος,
3565 4121 3731 4193 ἐντῷ

2073 4214 2172 4265 τοῦ
2194 4210 2486 4284 ἀνθρώπου
2537 4213 2837 4284 ποιήματι,
2897 4210 2986 4267 καί
3043 4210 3146 4280 τήδ
3208 4211 3435 4280 ἐντολὴν
3493 4213 3593 4281 τήν
3652 4214 3734 4283 τῷ

2074 4297 2256 4372 ’Λδᾶμ
2285 4298 2554 4366 δοθεῖσαν,
2608 4302 2684 4373 μὴ
2719 4305 2910 4379 φαγεῖν
2971 4301 3030 4357 ἐκ
3066 4305 3164 4358 τοῦ
3223 4302 3505 4379 γινώσκειν
3563 4298 3731 4356 καλὸν

2075 4391 2161 4446 καὶ
2200 4389 2437 4464 πονηρὸν
2473 4388 2661 4462 ξύλου,
2690 4391 2861 4463 νόμον
2908 4393 3065 4461 εἶναι,
3100 4393 3381 4466 ἁμαρτιῶν
3411 4391 3617 4446 τούτων
3661 4388 3730 4460 δὴ

2073 4484 2183 4535 τῶν
2214 4478 2455 4544 καθόλου
2486 4479 2831 4556 ἀπείργοντα.
2865 4482 2942 4538 Τὸ
2973 4483 3076 4558 γὰρ
3116 4480 3278 4555 ξύλον
3336 4481 3398 4536 τὸ
3429 4482 3728 4551 ποιητικὴν

2073 4575 2176 4640 τῆς
2198 4569 2450 4644 γνώσεως
2478 4573 2576 4624 τοῦ
2605 4567 2778 4626 καλοῦ
2819 4570 2910 4626 καὶ
2969 4574 3234 4646 πονηροῦ,
3294 4570 3563 4647 ἁμαρτίαν
3595 4569 3738 4626 εἶναι

2079 4656 2344 4731 ἐδέξαντο.

2149 4773 2181 4805 ιι
2212 4747 2372 4806 Ἀλλ’
2438 4743 2782 4806 ἐϐασίλευσεν
2867 4751 2895 4805 6
2983 4751 3210 4813 θάνατος
3299 4749 3405 4805 ἀπὸ
3465 4747 3659 4823 Ἀδὰμ.
3706 4773 3736 4801 ιο

2081 4837 2310 4913 Ε’ίρμὸν,
2354 4834 2540 4894 λαϐὼν
2592 4841 2691 4908 τήν
2747 4844 2846 4894 τοῦ
2912 4836 3086 4914 Ἀδὰμ
3140 4834 3468 4916 παράϐασιν,
3537 4837 3738 4897 Minoia

2078 4928 2233 5006 φησὶ,
2271 4934 2444 4984 πᾶσαν
2497 4931 2597 4999 τήν
2650 4927 2909 5000 παλαιὰν,
2973 4929 3048 4992 ὡς
3106 4928 3235 4999 ἐκεῖ,
3280 4955 3308 4984 ιι
3365 4930 3434 4987 Εἴ
3492 4927 3738 4993 Μωσέως

2077 5018 2179 5074 οὐκ
2226 5017 2507 5075 ἀκούουσι.
2538 5042 2566 5069 ››
2629 5018 2734 5076 Τὸν
2789 5017 2882 5073 οῦν
2942 5017 3074 5094 ἄχρι
3131 5026 3231 5089 τῆς
3284 5017 3583 5090 ἐπιδημίας
3633 5019 3736 5072 τοῦ

2079 5111 2319 5184 Χριστοῦ
2369 5107 2600 5186 χρόνον,
2633 5107 2830 5163 Μωσὲα
2863 5105 3030 5182 λέγει.
3099 5108 3274 5179 Φησῖν
3327 5107 3442 5173 οῦν,
3476 5108 3558 5163 δτι
3598 5105 3734 5182 ἄχρι

2077 5205 2178 5266 τῆς
2237 5195 2471 5258 παλαιᾶς
2555 5194 2824 5268 διαθήκης
2911 5195 3189 5274 ἐπεκράτει
3251 5199 3278 5252 ὁ
3334 5199 3582 5260 θάνατος’
3645 5200 3739 5250 νῦν

2079 5287 2182 5363 γὰρ
2215 5286 2363 5357 ἐντῇ
2419 5287 2530 5355 via,
2589 5289 2777 5360 χάριτι
2833 5288 3064 5357 Χριστοῦ
3125 5285 3347 5342 λέλυται
3407 5291 3487 5358 τῷ
3544 5283 3738 5358 α’ἷματι

2079 5381 2175 5432 τοῦ
2227 5380 2360 5431 Θεοῦ
2417 5378 2601 5448 ἡμῶν.
2652 5377 2740 5444 Μὴ
2793 5377 3210 5452 ἁμαρτήσαντας
3268 5373 3326 5431 δὲ
3383 5398 3540 5453 φησι,
3602 5375 3733 5438 τοὺς

2077 5467 2184 5541 πρὸ
2214 5469 2310 5518 τοῦ
2338 5463 2533 5536 νόμου.
2577 5498 2635 5507 ——-
2667 5465 3002 5538 [OIKOI‘NL]
3033 5464 3146 5522 Οὐκ
3175 5463 3362 5534 ἐπειδή
3398 5465 3449 5520 οἱ
3492 5466 3598 5540 πρὸ
3638 5467 3739 5520 τοῦ

2078 5557 2251 5630 νόμου
2304 5553 2412 5628 οὐχ
2466 5553 2783 5628 ἡμάρτανον
2830 5598 2844 5625 ,
2902 5553 3145 5630 (μᾶλλον
3202 5555 3302 5630 γὰρ
3367 5553 3566 5610 ἐκεῖνοι
3627 5558 3738 5611 τῶν
