4114 6388
343 393 467 456 421

1451 393 1858 458 ΟΟΜΜΕΝΤ.
1909 393 1984 453 ΙΝ
2030 393 2277 457 EPIS'l‘.
2329 396 2432 454 Al)
2479 394 2662 455 ROM.

3657 398 3775 458 422

353 524 496 598 μετὰ
522 523 617 580 τὸν
650 523 864 599 νόμον,)
888 522 1032 581 ἀλλὰ
1073 520 1162 582 διὰ
1216 528 1317 596 τὴν
1364 524 1538 582 αἰτίαν
1593 525 1661 596 ἦν
1708 526 1867 589 αὐτὸς
1923 527 2003 582 εἶ-

2130 526 2284 595 bant,
2318 526 2614 600 siquidem
2645 527 2735 583 illi
2767 530 2953 602 magis
3011 528 3460 601 delinquebant,
3497 547 3677 602 quam
3708 531 3770 588 hi

350 634 475 679 πεν,
507 613 595 668 ὃτι
635 615 876 689 ἁμαρτία
909 615 1005 688 μὲν
1059 615 1129 685 ἦν
1195 616 1285 670 καὶ
1343 614 1629 693 ἐνηργεῖτο
1679 617 1825 693 παρα
1906 622 2012 673 τῶν

350 703 691 778 ἀνθρώπων,
718 704 816 758 οὐκ
843 702 1122 780 ἐλογίζετο
1156 702 1214 760 δὲ
1243 705 1449 774 αὐτοῖς,
1512 705 1604 762 διὰ
1654 707 1717 763 τὸ
1753 709 1829 782 μή
1877 707 2014 762 εἶναι

352 792 531 865 νόμον
580 793 676 846 τὸν
733 795 835 859 τήν
894 793 1162 869 ἁμαρτίαν
1224 796 1648 872 ἀπαγορεύοντα.
1705 803 1866 851 Ὣσον
1925 796 2015 851 οὖν

359 882 502 958 πρὸς
532 880 594 936 τὸ
626 884 702 955 μή
727 880 1041 956 λογίζεσθαι
1072 884 1180 959 πρὸ
1209 889 1306 940 τοῦ
1338 887 1510 958 νόμου
1556 889 1658 956 τὴν
1726 885 2014 962 ἁμαρτίαν,

352 972 618 1047 (ἁμαρτία
679 972 806 1048 γὰρ,
875 975 1058 1049 φησὶν,
1118 974 1219 1029 οὐκ
1311 972 1627 1052 ἐλλογεῐται
1719 977 1794 1046 μὴ
1858 974 2014 1036 ὄντος

352 1061 578 1133 νόμου)
610 1060 986 1135 ἀναμάρτητοι
1016 1063 1153 1132 ἦσαν
1183 1063 1245 1118 τὸ
1309 1061 1565 1136 τηνικάδε
1617 1066 1667 1118 οὶ
1715 1063 2015 1140 ἅνθρωποι,

352 1149 538 1205 καίτοι
571 1150 987 1225 ἁμαρτάνοντες.
1021 1175 1047 1203 ‹‹
1080 1153 1176 1214 Ὃς
1235 1149 1347 1208 ἐστι
1405 1155 1575 1218 τύπος
1630 1157 1726 1208 τοῦ
1781 1154 2014 1222 μέλλον-

350 1258 476 1300 τος.
512 1263 541 1290 ››
571 1241 689 1309 Ὣς,
719 1239 908 1316 φησὶν,
965 1237 1162 1314 Ἀδάμ,
1217 1240 1386 1304 τύπος
1430 1242 1499 1312 ἦν
1555 1248 1655 1297 τοῦ
1717 1241 2019 1316 μέλλοντος

352 1323 637 1407 ἔρχεσθαι,
721 1331 988 1399 τουτέστι,
1038 1335 1136 1386 τοῦ
1221 1336 1482 1407 Χριστοῦ.
1569 1337 1752 1402 Πῶς;
1811 1330 2015 1406 ὥσπερ,

351 1421 437 1491 τῷ
496 1419 706 1490 θανάτῳ
763 1424 860 1474 τοῦ
929 1417 1109 1494 Ἀδάμ
1177 1426 1366 1484 πάντες
1429 1423 1788 1491 ἀπέθνησκον,
1846 1421 2020 1485 οὕτως

353 1511 438 1580 τῷ
469 1510 677 1580 θανάτῳ
714 1513 813 1563 τοῦ
917 1510 1176 1583 Χριστοῦ,
1280 1511 1476 1573 πάντες
1576 1512 1853 1584 ζησόμεθα
1927 1511 2017 1566 καὶ

359 1596 800 1669 ἀναστησόμεθα·
836 1598 892 1652 Ὀ
924 1598 1018 1652 οῦν
1058 1599 1253 1670 τύπος,
1314 1599 1373 1656 ἐκ
1426 1605 1522 1655 τοῦ
1579 1601 1822 1656 ἐναντίου
1881 1621 2018 1674 συμ-

360 1679 619 1756 ϐέϐηκεν,
678 1717 745 1728 --
804 1687 1206 1762 [’IQANNUYJ
1283 1694 1485 1764 Ὥσπερ
1533 1689 1732 1752 ἐκεῖνος
1800 1695 1918 1751 τοῖς
1966 1688 2015 1759 ἐξ

353 1775 528 1830 αὐτοῦ
558 1774 736 1830 καίτοι
767 1796 829 1850 γε
851 1777 929 1849 μὴ
990 1781 1247 1856 φαγοῦσιν
1276 1777 1383 1833 ἀπὸ
1439 1776 1536 1833 τοῦ
1592 1779 1758 1849 ξύλου
1799 1780 2018 1857 γέγονεν

361 1861 541 1925 αἴτιος
593 1865 822 1927 θανάτου
880 1862 969 1921 διὰ
1015 1869 1118 1935 τὴν
1177 1868 1382 1942 βρῶσιν
1446 1867 1814 1942 εἶσαχθὲντος’
1875 1863 2018 1924 οὕτω
2051 1904 2096 1971 Β

434 1951 448 1969 ς
514 1955 526 1971 ρ
568 1955 608 1971 υ
748 1957 760 1970 .
909 1959 930 1970 -
1019 1954 1069 1971 ι.
1167 1955 1179 1971 .
1261 1959 1282 1970 ..
1396 1954 1408 1971 .
1719 1957 1732 1971 .
1807 1953 1831 1971 ιι

351 1951 448 2008 καί
506 1955 535 2008 ὁ
568 1955 801 2024 Χριστὸς
841 1959 960 2017 τοῖς
1018 1954 1070 2025 ἒξ
1119 1955 1286 2010 αὐτοῦ
1317 1954 1498 2010 καίτοι
1545 1977 1607 2033 γε
1664 1957 1741 2030 μὴ
1803 1953 2016 2011 δικαιο·

356 2044 698 2119 πραγήσισι,
732 2041 926 2118 γέγονε
965 2043 1222 2118 πρόξενος
1277 2041 1648 2117 δικαιοσύνης.
1679 2078 1748 2089 -·
1806 2048 1970 2121 [ΦΩΤ
1999 2047 2017 2118 ]

359 2131 506 2207 Τρία
537 2131 676 2187 ἐστὶν
729 2131 781 2188 ἰν
839 2132 1056 2195 τούτοις
1111 2139 1231 2195 τοῖς
1288 2129 1683 2209 παραϐολικῶς
1741 2133 2021 2204 ἀλλήλοις

351 2223 757 2295 παρατιθεὶσιν,
836 2223 1104 2295 ὁμοιότης
1176 2244 1280 2295 τις,
1357 2221 1689 2294 ἐναντιότης,
1735 2217 2073 2298 ὑπερϐολή’

351 2312 499 2368 κατα
525 2313 627 2380 τὴν
659 2310 983 2385 ὁμοιότητα,
1019 2313 1363 2383 Ἐναντιότης
1424 2315 1546 2387 μὲν,
1604 2312 2021 2388 ἁμαρτία,’ἀνα-

357 2400 666 2477 μάρτητον,
722 2399 894 2481 ἔχθρα
947 2402 1084 2477 πρὸς
1141 2404 1294 2471 Θεὸν,
1352 2403 1444 2459 καὶ
1485 2401 1810 2481 καταλλαγὴ
1879 2402 2019 2476 πρὸς

350 2491 511 2560 Θεὸν,
569 2490 902 2564 κατάκριμα,
982 2489 1282 2565 δικαίωμα·
1364 2490 1613 2547 ἀπώλεια
1658 2491 1748 2547 καὶ
1815 2496 2019 2564 πτῶμα

345 2579 447 2638 καὶ
507 2580 758 2649 θάνατος,
810 2581 1054 2657 σωτηρία
1097 2582 1186 2636 καὶ
1248 2583 1362 2651 ζωὴ
1419 2581 1508 2637 καὶ
1577 2582 1883 2644 ἀνάστασις.
1952 2582 2018 2638 Ἦ

359 2671 460 2746 μὶν
519 2671 613 2726 οὗν
666 2671 974 2742 ἐναντιότης
1051 2671 1105 2728 ἰν
1163 2673 1402 2734 τούτοις,
1470 2675 1530 2730 Ἢ
1613 2671 1670 2729 δὲ
1725 2673 2016 2748 ὁμοιότης,

353 2761 548 2834 ὥσπιρ
579 2759 651 2815 δι’
681 2761 798 2823 ἑνὸς
825 2767 943 2823 τοῖς
974 2767 1104 2817 πᾶσι
1135 2761 1204 2817 τὰ
1259 2764 1435 2838 χείρω
1495 2765 1798 2832 συνέπεσεν,
1841 2763 2015 2825 οὕτως

358 2847 436 2906 δι’
475 2850 596 2909 ἑνὸς
636 2850 703 2904 τὰ
758 2849 966 2925 ἀμείνω
1022 2855 1140 2912 τοῖς
1196 2855 1358 2906 πᾶσιν
1406 2851 1739 2928 ἑπιγὲγονεν.
1818 2852 1881 2910 Ἦ
1959 2849 2017 2906 δὶ

356 2935 672 3016 ὑπερϐολή,
706 2941 788 2995 ὃτι
820 2939 908 2995 ἐπὶ
944 2941 1039 3014 μὶν
1070 2945 1177 2996 τῶν
1241 2942 1509 3016 χειρόνων
1557 2941 1884 3016 συνέπραξαν
1937 2939 2017 3014 τῷ

359 3031 436 3086 ὶνὶ
468 3032 521 3084 οἱ
551 3027 780 3098 πολλοὶ,
814 3028 903 3085 ἐπὶ
932 3034 1012 3104 τῷ
1072 3036 1367 3106 μετασχεῖν
1397 3030 1595 3094 αὐτοὺς
1652 3035 1761 3086 τῶν
1808 3035 2012 3087 κακῶν.

368 3119 495 3175 Ἐπὶ
543 3117 599 3172 δὲ
639 3123 748 3175 τῶν
807 3119 1132 3194 ἀμεινόνων,
1192 3117 1372 3182 οὐδεὶς
1455 3122 1795 3197 συνέπραξεν,
1871 3119 2017 3175 ἀλλᾶ

376 3207 549 3281 μόνον)
577 3212 667 3262 τοῦ
695 3210 812 3271 ἑνὸς
844 3212 1082 3285 Χριστοῦ
1148 3211 1210 3265 τὸ
1267 3211 1518 3286 χάρισμα
1573 3209 1812 3286 γέγονεν,
1875 3208 2015 3265 ὥστε

367 3295 480 3372 οὐχ
509 3297 706 3368 ὁμοίως
739 3300 826 3353 καὶ
859 3296 1072 3370 ἐπίσης,
1104 3297 1250 3355 ἀλλά
1277 3301 1395 3363 καθ’
1451 3294 1764 3375 ὑπερϐολὴν
1811 3300 1902 3354 καὶ
1956 3297 2016 3353 ἐκ

360 3385 675 3460 περισσείας
732 3389 766 3454 ἡ
809 3386 1095 3460 ὁμοιότης.
1157 3387 1332 3443 Ηάλιν
1393 3383 1482 3442 διὰ
1526 3392 1625 3442 τοῦ
1683 3384 1862 3460 Ἀδάμ
1911 3391 2019 3442 τῶν

358 3475 634 3551 χειρόνων
696 3476 1080 3550 εῗσαχθέντων,
1145 3477 1246 3532 οὐκ
1329 3477 1559 3552 ἀνῃρέθη
1631 3477 1798 3550 μόνον
1855 3480 2022 3533 ταῦτα

355 3567 522 3641 (ὅπερ
552 3565 628 3626 ὡς
663 3564 926 3627 ἐναντίοις
957 3564 1154 3639 ὅμοιον
1211 3567 1302 3622 καὶ
1361 3564 1666 3643 ἀνάλογον),
1729 3565 1874 3622 ἀλλὰ
1931 3565 2022 3621 καὶ

365 3652 604 3725 ἐπεδόθη
644 3655 795 3730 παρά
823 3659 1065 3731 Χριστοῦ
1120 3656 1188 3711 τὰ
1224 3654 1454 3730 ἀμείνω.
1485 3663 1657 3732 Ὅπερ
1713 3657 1812 3726 τὴν
1870 3656 2026 3730 ὑπερ-

380 3737 564 3810 ϐολὴν
614 3743 701 3798 καὶ
751 3745 850 3812 τήν
921 3746 1230 3816 περισσείαν
1280 3745 1626 3819 παρίστησιν.
1687 3745 1780 3801 Διό
1835 3764 2018 3825 φησιν’

372 3856 406 3887 α
442 3829 612 3890 Ἀλλ’
641 3833 748 3908 οὐχ
779 3833 852 3896 ὡς
881 3833 945 3890 τὸ
977 3834 1346 3912 παράπτωμα.
1377 3859 1405 3887 n
1441 3836 1535 3891 Καὶ
1569 3835 1668 3911 ὅρα
1698 3835 1749 3890 τί
1780 3831 2022 3910 λέγειΕῑ

367 3923 551 3987 οὕτως
586 3923 789 3999 ἰσχύει,
821 3925 978 4000 φησὶ,
1031 3926 1093 3980 τὸ
1125 3925 1473 4000 παράπτωμα
1513 3928 1611 3980 τοῦ
1673 3921 1873 3997 Ἀδὰμ,
1933 3923 2022 3979 καί

360 4033 458 4069 τοι
489 4012 708 4074 ἀσθενὲς
758 4013 815 4070 ὃν
866 4014 957 4069 καὶ
1011 4015 1150 4069 κατά
1203 4013 1346 4070 πολὺ
1399 4016 1714 4089 ἡττώμενον
1735 4019 1832 4068 τοῦ
1859 4013 2021 4089 χαρί-

365 4123 579 4174 σματος
609 4107 706 4158 τοῦ
737 4107 893 4172 Θεοῦ,
947 4101 1087 4159 ὥστε
1140 4105 1230 4158 καὶ
1289 4104 1416 4166 τοὺς
1473 4105 1549 4176 μὴ
1610 4105 2022 4180 ἁμαρτήσαντας

363 4196 702 4261 θανατῶσαι,
760 4193 914 4266 πόσῳ
959 4190 1172 4267 μᾶλλον
1245 4192 1599 4273 ὑπερισχύσει
1656 4194 1719 4249 τὸ
1776 4193 2024 4270 χάρισμα

357 4287 460 4337 τοῦ
489 4285 652 4350 Θεοῦ,
683 4281 773 4337 καὶ
803 4283 930 4347 τοὺς
965 4284 1041 4357 μὴ
1082 4283 1529 4360 κατορθώσαντας
1586 4286 1926 4353 ζωοποιῆσαι
1954 4285 2024 4358 τῇ

361 4370 678 4427 ἀναστάσει.

357 4459 506 4520 Ἀλλ
557 4459 673 4536 οὐχ
731 4458 805 4521 ὡς
862 4462 925 4517 τὸ
973 4463 1344 4537 παράπτωμα,
1407 4463 1586 4524 οὕτως
1640 4463 1727 4518 καὶ
1809 4463 1872 4517 τὸ
1919 4461 2023 4542 χά-

432 4571 610 4629 ρισμα
665 4550 729 4606 δῖ
766 4552 868 4628 γαρ
965 4557 1046 4626 τῷ
1138 4551 1234 4608 τοῦ
1271 4554 1387 4616 ἑνὸς
1492 4553 1897 4628 παραπτώματι
1973 4553 2025 4607 οἱ

2124 618 2222 691 qui
2258 619 2446 690 legem
2479 618 2668 674 secuti
2703 623 2876 673 sunt:
2914 619 3017 675 sed
3048 619 3121 674 ob
3155 636 3393 675 causam
3428 637 3606 692 quam
3646 623 3772 694 ipse

2123 707 2585 780 praedixitquod
2612 714 2919 779 peccatum
2943 708 3185 779 quidem
3217 716 3363 771 erat.
3388 716 3445 764 et
3474 711 3547 766 ab
3579 712 3771 768 homi-

2124 797 2300 851 nibus
2327 798 2798 867 perpetrabatur.
2823 796 2927 852 sed
2959 797 3080 852 illis
3108 815 3227 852 non
3256 799 3675 870 imputabatur,
3711 818 3778 858 eo

2125 886 2283 956 quod
2313 886 2407 940 lex
2440 903 2559 940 non
2601 892 2761 942 esset
2790 903 2924 956 qua:
2953 894 3264 958 peccatum
3297 895 3536 944 vetaret.
3571 890 3777 955 Quoad

2123 975 2236 1030 hoc
2249 991 2386 1048 ergo
2401 975 2559 1046 quod
2577 992 2695 1030 non
2709 975 3104 1046 imputaretur
3117 983 3422 1047 peccatum
3438 984 3573 1033 ante
3591 979 3777 1053 legem

2122 1065 2290 1132 (Nam
2314 1070 2645 1136 peccatum.
2667 1064 2882 1136 inquit,
2916 1082 3036 1119 non
3069 1065 3397 1136 imputatur
3427 1066 3528 1121 ubi
3551 1085 3670 1122 non
3695 1073 3784 1124 est

2123 1152 2261 1221 lex),
2294 1155 2424 1208 sine
2457 1160 2699 1225 peccato
2731 1160 2901 1208 erant
2931 1154 3030 1225 qui
3052 1161 3192 1209 tunc
3222 1155 3781 1212 vivebanthomines

2125 1243 2360 1299 etiamsi
2392 1243 2738 1314 peccabant.
2771 1265 2798 1295 α
2828 1244 2936 1309 Qui
2970 1251 3060 1298 est
3117 1246 3304 1317 figura
3350 1246 3554 1302 futuri.
3594 1269 3621 1296 ››
3651 1248 3782 1316 Qui,

2125 1331 2341 1402 inquit.
2374 1331 2562 1387 Adam
2595 1339 2723 1387 erat
2745 1332 2931 1403 figura
2960 1333 3090 1403 ejus
3147 1334 3245 1404 qui
3304 1340 3586 1390 venturus
3632 1341 3781 1402 erat,

2125 1418 2237 1474 hoc
2269 1425 2360 1474 est
2389 1419 2622 1475 Christi.
2655 1420 2922 1484 Quonam
2952 1419 3173 1475 modo?
3205 1421 3366 1476 Sicut
3385 1428 3574 1477 morte
3595 1422 3784 1477 Adam

2125 1524 2333 1563 omnes
2366 1507 2796 1576 moriebantur,
2829 1509 2910 1563 ita
2940 1509 3155 1563 Christi
3189 1517 3377 1565 morte
3409 1513 3786 1567 omnesvive-

2126 1614 2262 1654 mus
2292 1605 2351 1654 et
2380 1615 2777 1672 resurgemus.
2821 1601 3033 1672 Figura
3064 1617 3199 1673 ergo
3237 1619 3307 1657 ex
3363 1601 3610 1658 adverso
3645 1619 3785 1658 con-

2125 1689 2375 1761 gruit.—
2397 1688 2909 1754 Quemadmodum
2934 1689 3036 1744 ille
3065 1690 3140 1746 iis
3172 1691 3274 1762 qui
3305 1707 3338 1746 a
3361 1708 3422 1746 se
3453 1691 3783 1748 descende-

2127 1783 2280 1842 rent,
2315 1777 2548 1832 etiamsi
2604 1778 2676 1833 de
2727 1777 2888 1849 ligno
2950 1795 3071 1834 non
3131 1778 3413 1844 edissent,
3446 1781 3559 1836 fuit
3605 1797 3786 1837 causa

2129 1865 2339 1921 mortis
2361 1883 2493 1936 quae
2528 1883 2635 1938 per
2690 1883 2857 1924 esum
2917 1867 3161 1923 inducta
3217 1869 3492 1925 eratzita
3547 1886 3784 1943 quoque

2128 1957 2398 2013 Christus
2429 1974 2491 2013 se
2525 1959 2944 2030 sequentibus,
2975 1960 3153 2015 etiam
3190 1961 3238 2016 si
3279 1962 3445 2032 justa
3493 1979 3612 2017 non
3643 1961 3790 2035 egis-

2129 2051 2263 2101 sent
2283 2048 2783 2118 opera,justitiam
2816 2049 3176 2105 conciliavit.
3203 2079 3270 2090 —
3288 2050 3422 2106 Tria
3439 2058 3577 2106 sunt
3600 2050 3660 2105 in
3690 2050 3784 2106 his

2129 2152 2260 2207 quas
2292 2137 2628 2207 parabolice
2653 2137 2763 2192 sibi
2799 2138 3054 2193 invicem
3083 2139 3450 2210 respondent
3482 2157 3496 2196 :
3529 2145 3672 2211 puta
3702 2140 3786 2194 si-

2126 2224 2403 2281 militudo
2436 2225 3132 2295 qumdam,contrarietas
3153 2232 3213 2281 et
3230 2243 3508 2282 excessus
3529 2229 3590 2282 in
3615 2227 3780 2282 simi-

2128 2313 2404 2370 litudine.
2438 2315 2840 2372 Contrarietas
2872 2316 3114 2387 quidem
3145 2324 3450 2387 peccatum
3484 2324 3542 2374 et
3571 2334 3781 2374 carens

2128 2411 2394 2475 peccato,
2427 2404 2745 2461 inimicitia
2774 2407 3054 2462 adversus
3104 2407 3313 2473 Deum,
3346 2412 3405 2462 et
3432 2407 3785 2463 reconcilia-

2127 2493 2210 2548 tio
2243 2509 2382 2566 erga
2437 2495 2644 2558 Deum,
2677 2495 3099 2560 condemnatio
3134 2502 3192 2550 et
3213 2496 3605 2567 justiﬁcatio;
3651 2513 3782 2569 per-

2127 2581 2295 2649 ditio,
2327 2599 2522 2647 casus,
2557 2600 2739 2652 mors,
2774 2584 2936 2640 salus
2967 2590 3026 2640 et
3053 2585 3410 2640 resurrectio
3471 2603 3606 2641 cum
3636 2587 3772 2642 vita.

2133 2672 2338 2744 Itaque
2373 2673 2434 2727 in
2466 2673 2559 2729 his
2591 2679 2683 2730 est
2732 2675 3143 2730 contrarietas.
3189 2677 3369 2730 Porro
3403 2676 3731 2732 similitudo
3767 2691 3781 2731 :

2127 2761 2288 2817 Sicut
2317 2779 2423 2834 per
2453 2779 2661 2828 unum,
2683 2764 2842 2818 mala
2857 2763 3134 2819 omnibus
3149 2763 3544 2838 contigerunt,
3579 2765 3658 2820 ita
3678 2782 3783 2838 per

2123 2867 2314 2907 unum
2370 2851 2527 2908 bona
2583 2854 2861 2909 omnibus
2903 2859 3246 2910 evenerunt.
3294 2856 3582 2911 Excessus
3621 2872 3782 2925 vero,

2125 2941 2266 3012 quia
2286 2942 2348 2996 in
2379 2942 2551 2997 malis
2573 2943 2742 2997 multi
2775 2950 2914 2998 sunt
2936 2944 3040 2998 uni
3061 2944 3442 3015 cooperaliut
3463 2945 3780 3017 participes

2125 3036 2326 3084 essent
2354 3030 2666 3097 malorum,
2691 3031 2753 3085 in
2785 3031 2961 3086 bonis
2987 3038 3187 3087 autem
3212 3032 3414 3088 nullus
3427 3041 3778 3105 cooperatus

2134 3123 2244 3184 est,
2279 3118 2382 3173 sed
2407 3119 2585 3174 unius
2606 3119 2741 3175 Iesu
2773 3119 2989 3175 Christi
3013 3120 3238 3175 donum
3261 3120 3391 3175 fuit.
3424 3123 3628 3192 Itaque
3659 3139 3780 3178 non

2126 3205 2404 3262 similiter
2421 3214 2480 3262 et
2508 3225 2577 3262 ex
2608 3208 2911 3278 aequo,sed
2935 3225 3039 3280 per
3061 3226 3368 3265 excessum
3389 3217 3447 3266 et
3463 3212 3779 3268 abundan-

2127 3293 2271 3350 tiam
2295 3301 2387 3351 est
2416 3297 2768 3352 similitudo.
2807 3299 3060 3353 Rursum
3093 3315 3212 3353 non
3244 3299 3438 3354 solum
3465 3300 3624 3355 mala
3653 3301 3780 3357 haec

2126 3401 2258 3457 quas
2283 3384 2525 3440 inducta
2550 3391 2718 3440 erant
2741 3403 2846 3458 per
2876 3386 3086 3451 Adam,
3112 3395 3421 3460 perempta
3439 3397 3598 3457 sunt,
3619 3389 3780 3461 quod

2130 3473 2312 3531 veluti
2347 3475 2407 3529 in
2440 3474 2758 3530 contrariis
2789 3475 3119 3531 similitudo
3141 3484 3265 3532 erat
3287 3495 3354 3533 ac
3371 3479 3778 3550 proportiona-

2124 3563 2476 3627 bile,verum
2501 3565 2681 3619 etiam
2714 3564 2916 3620 addita
2946 3572 3085 3620 sunt
3114 3583 3147 3621 a
3178 3567 3408 3622 Christo
3432 3567 3776 3636 dona,‘168

2126 3655 2286 3727 quod
2318 3671 2629 3712 excessum
2671 3671 2739 3710 ac
2767 3655 3196 3712 abundantiam
3220 3659 3463 3729 profert.
3497 3658 3634 3714 Ideo
3654 3659 3774 3715 ait:

2124 3767 2151 3794 «ι
2169 3749 2240 3799 At
2263 3760 2385 3799 non
2411 3743 2567 3799 sicut
2592 3751 2901 3815 peccatum
2933 3768 2958 3794 ιι
2975 3747 3045 3800 Et
3063 3746 3192 3801 vide
3211 3747 3354 3818 quid
3373 3747 3614 3803 dicat.Si
3630 3749 3776 3804 adeo

2125 3833 2388 3888 validum
2421 3839 2530 3892 est.
2564 3833 2780 3904 inquit,
2823 3839 3132 3905 peccatum
3190 3835 3780 3908 Adam-(quanquam

2127 3920 2322 3976 debile
2345 3938 2412 3978 ac
2443 3921 2630 3977 multo
2651 3921 3015 3978 imbecillius
3043 3925 3142 3980 Dei
3163 3923 3437 3996 dono),ut
3457 3926 3635 3981 etiam
3658 3943 3780 3983 non

2126 4017 2441 4083 peccantes
2473 4011 2805 4067 occideret:
2840 4020 3061 4084 quanto
3085 4014 3342 4086 amplius
3380 4015 3638 4089 majores
3671 4016 3776 4073 ha-

2126 4099 2290 4156 bebit
2318 4102 2468 4156 vires
2497 4101 2598 4158 Dei
2630 4099 2874 4169 donum,
2909 4109 2974 4157 ut
3004 4103 3094 4157 his
3126 4103 3305 4159 etiam
3337 4105 3438 4177 qui
3468 4105 3625 4161 bona
3654 4122 3776 4161 non

2130 4197 2600 4265 egeruntopera,
2633 4191 2811 4248 vitam
2843 4192 3110 4248 conferat
3154 4209 3372 4267 eosque
3407 4194 3670 4254 suscitet.

2211 4460 2274 4527 V,
2314 4459 2396 4514 15.
2426 4459 2504 4514 At
2534 4475 2645 4513 non
2675 4461 2817 4515 sicut
2853 4464 3156 4530 peccatum.
3192 4459 3272 4515 ita
3302 4466 3354 4516 et
3383 4461 3606 4516 donum.
3642 4465 3778 4519 Nam

2129 4552 2176 4606 si
2204 4552 2368 4604 unius
2398 4549 2596 4604 delicto
2627 4548 2791 4603 multi
2817 4551 3022 4604 mortui
3049 4560 3199 4615 sunt,
3232 4551 3403 4606 multo
3439 4554 3619 4621 magis
3647 4569 3778 4622 gra-

427 4638 649 4698 πολλοὶ
704 4639 987 4712 ἀπέθανον,
1051 4640 1252 4716 πολλῷ
1309 4641 1525 4717 μᾶλλον
1597 4645 1632 4713 ή
1695 4643 1856 4718 χάρις
1927 4639 2018 4696 τοῦ

2134 4639 2216 4694 tia
2252 4640 2370 4706 Dei,
2405 4644 2457 4692 et
2478 4637 2682 4692 donum
2715 4639 2773 4691 in
2798 4639 3013 4708 gratia,
3041 4654 3169 4709 qua?
3197 4641 3311 4706 fuit
3349 4641 3516 4695 unius
3544 4641 3781 4698 hominis

429 4728 985 4808 Θεοῦ,καίἡόωρεά
1023 4729 1074 4788 ἂν
1136 4735 1349 4813 χάριτι,
1421 4736 1491 4806 τῇ
1565 4736 1663 4789 τοῦ
1734 4732 1852 4794 ἑνὸς
1928 4729 2022 4786 ἂν-

429 4819 660 4894 Θρώπου
736 4820 915 4891 Ἰησοῦ
1019 4823 1259 4898 Χριστοῦ
1333 4822 1412 4886 εἷς
1486 4820 1734 4886 πολλοὺς
1809 4820 2023 4898 ἐπερίσ-

441 4927 630 4965 σευσεν
643 4951 656 4966 ο

432 4997 707 5056 Βούλεται
768 4994 935 5070 δεῖξαι
1023 4998 1244 5075 μιίζονα
1331 4999 1699 5076 ἰνεργήσασαν
1770 5001 1867 5068 τήν
1923 5002 2021 5055 τοῦ

362 5086 612 5160 Χριστοῦ
643 5086 832 5162 χάριν.
863 5085 1006 5163 ἤπερ
1031 5090 1296 5164 ἐνήργησε
1339 5090 1404 5145 τὸ
1459 5111 1554 5144 του
1611 5085 1790 5162 Ἀδὰμ
1845 5091 2022 5164 παρά-

363 5196 590 5248 πτωμα.
627 5177 728 5234 Καὶ
779 5182 895 5233 πῶς
956 5183 1168 5248 τοῦτο;
1215 5180 1304 5234 καὶ
1362 5181 1464 5258 γὰρ
1515 5182 1730 5255 ὁρῶμεν
1811 5181 1877 5234 τά
1936 5177 2022 5234 ἴσα

370 5263 754 5339 ἐνεργήσαντα,
789 5266 835 5322 εἰ
865 5267 956 5322 καὶ
1009 5267 1219 5323 ἐναντία
1274 5269 1340 5324 τά
1397 5269 1763 5344 ἐνεργηθέντα.
1818 5273 2020 5343 Ὠσπερ

358 5355 774 5430 γάρὴὑπακοή
831 5361 930 5412 τοῦ
987 5359 1224 5430 Χριστοῦ
1278 5357 1353 5420 εἷς
1438 5359 1641 5418 πάντας
1698 5357 2020 5432 ἀνθρώπους

348 5444 679 5522 παρέπεμψε
705 5447 804 5515 τήν
857 5447 1003 5516 ζωὴν
1064 5448 1153 5503 καὶ
1219 5453 1321 5515 τὴν
1382 5448 1691 5515 ἀνάστασιν,
1749 5449 1842 5501 τὸν
1901 5444 2017 5502 ἶ’σο.ι

346 5537 556 5611 τρόπον
586 5535 676 5590 καὶ
728 5539 764 5606 ἡ
798 5539 1052 5612 παρακοὴ
1078 5542 1176 5592 τοῦ
1207 5536 1389 5612 Ἀδὰμ
1446 5537 1522 5599 εἰς
1555 5537 1758 5600 πάντας
1809 5536 2022 5614 ἀνθρώ-

352 5645 495 5691 πους
520 5628 851 5704 παρέπεμψε
881 5629 976 5684 τὸν
1008 5627 1254 5686 θάνατον.
1289 5634 1410 5692 Ιιῶς
1470 5629 1564 5684 οὖν
1612 5649 1801 5710 τρῃσιν,
1837 5651 1865 5680 ‹‹
1898 5627 2021 5708 υῦχ

353 5714 429 5780 ὡς
455 5717 520 5774 τὸ
552 5716 933 5794 παράπτωμα,
989 5714 1163 5782 οὕτως
1193 5716 1284 5774 καὶ
1331 5718 1395 5775 τὸ
1428 5717 1698 5794 χάρισμα.
1739 5740 1768 5770 ››
1804 5750 1870 5762 -
1901 5717 2023 5795 [Ul-

2130 4730 2258 4785 Jesu
2280 4726 2489 4783 Christi
2515 4729 2572 4781 in
2593 4727 2791 4783 multos
2813 4728 3154 4784 exuberavit.

2204 4995 2343 5052 Vult
2388 4991 2703 5050 ostendere
2741 4992 2899 5064 quod
2933 4992 3163 5066 majora
3190 4994 3537 5067 praestiterit
3567 4994 3784 5054 Christi

2131 5087 2318 5162 gratia
2349 5100 2528 5156 quam
2560 5091 2868 5154 peccatum
2899 5082 3087 5138 Adam
3157 5086 3452 5141 effecerat.
3487 5085 3552 5140 1d
3583 5093 3785 5142 autem

2133 5176 2428 5250 quomodo
2455 5178 2476 5228 Ρ
2500 5173 2799 5244 siquidem
2857 5190 2929 5228 ea
2985 5191 3116 5245 quas
3162 5176 3487 5232 ell'ecerunt
3517 5177 3785 5233 videmus

2131 5265 2410 5339 aequalia,
2443 5280 2788 5334 quanquam
2811 5264 3110 5318 contraria
3135 5265 3256 5319 sint
3286 5265 3390 5321 illa
3413 5283 3545 5338 quas
3579 5268 3790 5322 effecta

2132 5363 2270 5415 sunt
2298 5351 2806 5420 Quemadmodum
2833 5353 2990 5407 enim
3013 5354 3226 5409 Christi
3253 5354 3594 5411 obedientia
3611 5357 3788 5411 vitam

2132 5465 2199 5504 ac
2222 5443 2726 5500 resurrectionem
2787 5441 2848 5496 in
2907 5458 3115 5498 omnes
3167 5446 3542 5515 transmisit:
3605 5445 3788 5500 simili

2132 5535 2306 5594 modo
2322 5541 2380 5588 et
2403 5533 2586 5589 Adam
2610 5530 3014 5588 iuobedientia
3028 5521 3277 5588 mortem
3295 5534 3355 5589 in
3371 5551 3578 5589 omnes
3594 5541 3789 5588 trans-

2130 5625 2312 5684 misit.
2339 5621 2642 5690 Quomodo
2674 5636 2814 5693 ergo
2870 5621 2991 5676 ait:
3021 5644 3050 5673 «
3082 5623 3211 5678 Non
3255 5623 3410 5678 sicut
3452 5627 3783 5694 peccatum,

2131 5719 2215 5775 ita
2245 5719 2304 5772 et
2330 5711 2556 5772 donum
2573 5712 2604 5768 ?
2623 5730 2654 5764 τι
2667 5709 2816 5779 Quia
2845 5711 2956 5770 etsi
2980 5711 3314 5772 ἣδεσθαι-οε
3333 5709 3787 5782 habeat,quem-
