4114 6380
259 393 387 454 425

1355 388 1767 453 COMMENT.
1814 386 1894 448 IN
1940 384 2187 449 EPIST.
2234 388 2336 449 AD
2383 388 2574 451 ROM.

3568 376 3693 459 ηδ

254 525 501 611 ἔφημεν,
564 524 831 584 δεικτικὸν
882 530 980 582 τοῦ
1035 524 1210 582 τύπου
1265 524 1358 581 καὶ
1412 530 1514 594 τῆς
1562 518 1918 597 ὁμοιότητος,

2034 529 2407 597 gumentum.
2440 526 2600 597 quod
2638 526 2865 585 dictum
2911 533 3038 585 erat
3074 533 3353 603 repetens
3381 547 3449 589 ac
3478 550 3694 605 repur-

257 608 412 675 άλλα
444 614 916 691 διαπεπλεγμένον
979 637 1099 680 πως
1153 614 1247 670 καὶ
1298 615 1705 687 συντεθειμένον
1740 608 1811 667 δι’
1839 609 1927 665 άν-

252 709 625 784 ομοιότητος.
662 705 872 764 Ἐδεῖτο
903 705 995 761 οὗν
1049 702 1340 783 σαφηνείας
1379 703 1471 759 καὶ
1503 700 1926 778 διακαθάρσεως,

250 799 347 856 καὶ
378 801 544 854 τοῦτο
598 800 773 864 ποιεῖ,
830 797 895 852 τὸ
951 796 1141 876 ἐφεξῆς
1197 793 1560 871 ἐπιχείρημα,
1608 788 1926 865 ἐπαναλαμ-

250 884 422 945 ϐάνον
480 888 546 944 τὸ
606 884 1007 963 προειρημένον
1068 886 1155 941 καὶ
1217 882 1591 960 διάκαθαῖρον,
1633 880 1724 937 καὶ
1757 880 1833 944 εἰς
1863 880 1927 936 τὸ

252 978 425 1059 σαφὲς
448 976 527 1034 άπ
546 977 699 1053 [άγα]
724 997 844 1054 γον.
868 972 1026 1033 Ἀλλ’
1049 972 1157 1031 ἔδει
1179 973 1269 1029 καὶ
1289 976 1453 1029 τοῦτο
1480 966 1669 1027 λαϐεῖν
1688 969 1925 1059 ἀξίωμα,

250 1056 354 1124 καῖ
423 1067 501 1140 μὴ
568 1066 620 1137 ἐξ
690 1066 996 1127 ὑποθέσεως
1065 1062 1442 1140 προτείνεσθαι
1528 1060 1715 1136 μόνον.
1787 1056 1926 1118 Οὐδὲ

253 1161 427 1215 τοῦτο
454 1157 696 1232 παρορᾷ,
754 1151 884 1210 ἀλλ’
941 1153 1125 1229 ὥσπερ
1184 1149 1688 1229 συμπεραινόμενος
1732 1148 1820 1204 καὶ
1853 1150 1923 1222 τῇ

251 1252 356 1305 τοῦ
400 1245 569 1323 λόγου
626 1243 842 1323 θαρρῶν
900 1243 1154 1318 ἀληθείᾳ,
1215 1244 1349 1318 μετὰ
1409 1237 1756 1319 βεϐαιώσεως
1787 1239 1923 1295 ἀπο·

251 1337 527 1418 φαίνεται.
584 1360 613 1388 ιι
644 1336 785 1410 ’Ἄρα
842 1332 932 1390 οὖν
988 1334 1064 1397 ὡς
1122 1330 1192 1389 δι’
1243 1333 1362 1396 ἑνὸς
1393 1334 1858 1418 παραπτώματος,
1894 1355 1916 1385 ι

250 1417 348 1482 καὶ
379 1427 526 1497 ἑξῆς.
568 1426 705 1482 Εἶτα
759 1422 876 1481 ἐπεὶ
933 1424 1035 1481 οὐκ
1085 1423 1153 1494 ἦν
1212 1422 1382 1479 εἳπὼν
1415 1420 1468 1477 ὲν
1497 1420 1780 1484 τοσούτοις
1803 1417 1921 1476 ἐπι·

253 1517 428 1596 χειρή
442 1537 601 1589 μασιν
626 1512 896 1587 οὐδαμοῦ,
941 1514 1104 1580 πόθεν
1154 1510 1311 1589 ἔσχεν
1349 1513 1530 1589 ἀρχὴν
1558 1512 1619 1566 τὸ
1646 1506 1923 1584 δικαίωμα

250 1607 347 1662 καὶ
404 1606 468 1662 τὸ
515 1604 850 1682 κατάκριμα,
909 1601 1037 1659 οὐδὲ
1090 1608 1254 1660 τοῦτο
1304 1605 1540 1679 παρορᾷ,
1571 1599 1719 1656 ἀλλὰ
1751 1619 1920 1676 προσ-

252 1700 461 1769 τίθησι,
493 1697 688 1774 λέγων·
723 1723 754 1752 ιι
786 1700 992 1773 Ὠσπερ
1023 1697 1128 1773 γὰρ
1162 1693 1251 1751 διὰ
1297 1702 1400 1766 τῆς
1429 1700 1736 1766 παρακοῆς,
1769 1717 1797 1744 υ
1829 1688 1920 1748 καὶ

255 1788 413 1859 ἑξῆς.
452 1808 474 1839 ι
501 1786 707 1862 Πολλῷ
740 1784 960 1862 μᾶλλον
992 1788 1028 1857 ἡ
1061 1785 1224 1862 χάρις
1252 1790 1349 1841 τοῦ
1381 1789 1515 1841 Θεοῦ
1552 1782 1641 1839 καὶ
1673 1785 1709 1854 ἡ
1743 1780 1919 1858 δωρεᾶ

2039 630 2206 687 gens,
2241 615 2633 689 deferensque
2656 616 2733 673 ad
2756 620 3039 690 majorem
3076 620 3290 678 lucem.
3316 623 3470 679 270
3502 623 3615 679 Sed
3638 629 3698 679 et

2040 703 2151 761 hoc
2182 706 2530 779 dignitatem
2556 724 2790 764 sumere
2819 711 3101 781 oportuit,
3126 716 3325 767 etnon
3362 718 3593 769 tantum
3628 730 3699 769 ex

2042 794 2359 868 hypothesi
2392 797 2736 869 procedere.
2761 800 2962 870 Neque
2983 798 3095 855 hoc
3121 801 3384 875 negligit,
3405 802 3509 858 sed
3530 803 3699 875 quasi

2042 885 2373 942 terminans
2399 892 2459 942 et
2487 888 2785 944 sermonis
2817 889 3047 945 veritati
3074 890 3405 951 confidens.
3428 908 3535 964 per
3557 909 3701 948 con-

2038 973 2442 1032 firmationem
2476 977 2767 1033 enuntiat.
2801 978 3056 1049 «Itaque
3089 977 3243 1034 sicut
3266 995 3373 1051 per
3395 980 3574 1036 unius
3594 979 3698 1037 de-

2036 1061 2266 1130 lictum,
2288 1087 2316 1116 »
2341 1066 2685 1123 etc.Deinde
2708 1067 2849 1139 quia
2870 1085 3165 1140 nusquam
3189 1068 3250 1123 in
3273 1068 3368 1124 his
3389 1085 3698 1143 argumen-

2037 1152 2112 1208 tis
2144 1154 2374 1212 dixerat
2421 1156 2578 1213 unde
2606 1158 2969 1230 principium
3014 1157 3304 1215 haberent
3343 1158 3695 1233 justiﬁcatio

2036 1248 2095 1298 et
2113 1244 2535 1303 condemnatio
2555 1264 2568 1302 :
2592 1263 2667 1304 ne
2692 1246 2805 1304 hoc
2826 1248 3067 1319 quidem
3091 1248 3358 1322 negligit,
3382 1247 3485 1305 sed
3508 1248 3693 1317 addit,

2032 1336 2267 1393 dicens:
2291 1359 2317 1389 ‹‹
2332 1337 2654 1394 sicutenim
2669 1338 3318 1411 perinobedientiam,»
3334 1344 3447 1396 etc.
3468 1362 3488 1389 ι
3512 1339 3693 1395 Multo

2032 1425 2219 1498 magis
2236 1427 2425 1498 gratia
2446 1428 2547 1484 Dei
2568 1433 2627 1483 et
2648 1426 2870 1484 donum
2904 1428 2966 1485 in
2996 1430 3343 1503 gratia,qua3
3373 1429 3485 1484 fuit
3514 1428 3693 1485 unius

2030 1515 2292 1572 hominis
2322 1518 2462 1573 Jesu
2491 1518 2728 1574 Christi.
2768 1541 2796 1569 »
2828 1521 2953 1575 Non
3006 1520 3222 1584 solum,
3260 1521 3474 1592 inquit,
3505 1521 3696 1595 gratia

2035 1604 2458 1669 Patris,verum
2483 1606 2661 1663 etiam
2682 1607 2962 1663 Filii.Hoc
2988 1616 3189 1664 autem
3216 1609 3694 1666 conﬁrmativum

2036 1700 2127 1750 est
2147 1697 2448 1767 potentiae.
2480 1698 2621 1753 Nam
2646 1697 2852 1771 gratia,
2874 1698 3092 1771 inquit,
3116 1702 3307 1757 Patris
3329 1718 3397 1758 ac
3419 1702 3693 1758 Filii.Ubi

2032 1790 2232 1842 autem
2265 1786 2438 1842 Pater
2463 1803 2530 1843 ac
2556 1786 2762 1854 Filius,
2788 1787 2964 1860 plane
2996 1789 3383 1847 manifestum
3414 1796 3505 1848 est
3534 1789 3694 1864 quod

251 1857 315 1935 ἐν
364 1877 549 1954 χάριτι
596 1857 815 1952 τῇντοῦ
846 1877 965 1940 ἑνὸς
1014 1857 1304 1952 ἀνὸρίώπου
1356 1876 1538 1947 Ἰησοῦ
1589 1857 1850 1948 Χριστοῦ.
1888 1896 1917 1925 ι»

2034 1880 2083 1931 et
2114 1874 2368 1947 Spiritus
2401 1883 2644 1933 sanctus
2676 1857 2884 1935 omnes
2916 1878 3141 1936 salvare
3174 1887 3388 1954 potest.

249 1966 340 2026 Οὐ
373 1966 561 2041 μόνον,
593 1965 779 2047 φησὶν,
813 1968 847 2038 ἡ
879 1966 1045 2043 χάρις
1077 1969 1175 2021 τοῦ
1228 1965 1462 2042 Πατρὸς,
1519 1961 1666 2019 ἀλλὰ
1724 1960 1793 2032 δὴ
1849 1960 1940 2018 καὶ
1998 1965 2034 2033 ἡ
2090 1966 2188 2018 τοῦ
2250 1964 2395 2022 Υἱοῦ.
2428 1967 2606 2023 Τοῦτο
2639 1962 2697 2022 δὲ
2736 1967 3226 2024 κατασκευαστικὸν
3256 1968 3368 2025 ἐστι
3398 1972 3495 2025 τοῦ
3526 1966 3692 2025 δυνα-

244 2056 375 2120 τοῦ,
411 2057 521 2125 ὅτι,
551 2056 710 2138 φησὶ,
743 2058 912 2133 Χάρις
939 2060 1038 2113 τοῦ
1073 2055 1284 2133 Ιιατρὸς
1314 2054 1405 2111 γαὶ
1467 2054 1611 2111 ficii.
1670 2053 1849 2111 Ὅπου
1907 2048 1964 2107 δὶ
2022 2054 2211 2130 Πατὴρ
2268 2052 2358 2109 καὶ
2416 2054 2562 2126 Υἱὸς,
2616 2051 2851 2127 εὑδηλον
2890 2056 2975 2112 ὅτι
3003 2057 3095 2113 καὶ
3126 2057 3190 2113 τὸ
3222 2061 3441 2134 Πνεῦμα
3471 2057 3693 2116 δύναται

250 2149 466 2211 πάντας
493 2152 689 2205 σῶσαι.

329 2238 435 2296 Καὶ
492 2237 611 2313 οὐχ
667 2237 744 2300 ὡς
805 2234 876 2293 δι’
914 2237 1033 2302 ἑνὸς
1091 2237 1507 2313 ἁμαρτήσαντος
1558 2234 1620 2290 τὸ
1660 2232 1917 2309 δώρημα.

246 2329 334 2388 Τὸ
394 2326 491 2402 μὶν
548 2327 653 2403 γὰρ
719 2332 900 2404 κρῖμα
964 2326 1015 2397 ἐξ
1087 2326 1207 2390 ἑνὸς
1277 2325 1354 2390 είς
1409 2329 1742 2398 κατάκριμα,
1766 2322 1830 2378 τὸ
1860 2318 1918 2377 δὶ

246 2417 539 2499 χάρισμα,
597 2416 657 2472 ἐκ
731 2413 959 2472 πολλῶν
1033 2416 1481 2490 καταπτωμάτων
1548 2413 1625 2475 εἰς
1690 2409 1917 2468 δικαίω-

249 2530 359 2583 μα.
430 2506 495 2564 Εἰ
548 2506 652 2584 γὰρ
709 2511 790 2580 τῷ
844 2511 942 2563 τοῦ
999 2506 1117 2570 ἑνὸς
1162 2510 1567 2581 παραπτώματι
1616 2504 1645 2558 ὁ
1693 2502 1918 2564 θάνατος

246 2593 579 2655 ἐϐασίλευσε
636 2594 727 2653 διὰ
783 2601 883 2654 τοῦ
940 2596 1078 2660 ἑνός·
1161 2595 1362 2670 πολλῷ
1441 2592 1656 2670 μᾶλλον
1708 2593 1760 2648 οἳ
1820 2592 1921 2660 τήν

246 2690 567 2766 περισσείαν
650 2694 752 2757 τῆς
819 2688 1049 2764 χάριτος
1108 2686 1200 2744 καὶ
1254 2692 1356 2757 τῆς
1407 2682 1613 2761 δωρεᾶς
1675 2685 1775 2753 τῆς
1836 2680 1917 2737 δι-

241 2778 549 2849 καιοσύνης
653 2771 1028 2852 λαμϐάνοντες
1130 2775 1184 2832 ἐν
1287 2778 1425 2850 ζωῇ,
1533 2772 1918 2852 βασιλεύσουσι

253 2866 349 2925 διὰ
404 2872 510 2923 τοῦ
568 2865 690 2924 ἐνὸς
766 2867 950 2925 Ἰησοῦ
1025 2867 1285 2943 Χριστοῦ.
1358 2866 1505 2941 ’Ἄρα
1561 2862 1652 2920 οὖν
1713 2862 1788 2926 ὡς
1842 2859 1915 2918 δι’

258 2959 382 3020 ἑνὸς
455 2957 904 3032 παραπτώματος
980 2956 1057 3019 εἷς
1163 2958 1370 3018 πάντας
1445 2952 1767 3029 ἀνθρώπους
1843 2950 1919 3015 εἷς

264 3047 598 3121 κατάκριμα,
675 3046 820 3102 οὕτω
894 3046 986 3103 καὶ
1061 3043 1131 3102 δι’
1206 3046 1323 3108 ἑνὸς
1391 3041 1766 3117 δικαιώματος
1841 3041 1920 3105 εἷς

265 3136 477 3198 πάντας
550 3136 866 3212 ἀνθρώπους
940 3135 1019 3201 είς
1122 3133 1402 3192 δικαίωσιν
1477 3138 1642 3204 ζωῆς.
1718 3134 1921 3209 Ὥσπερ

2102 2234 2167 2300 V,
2183 2237 2197 2288 l
2211 2235 2438 2290 649.127
2453 2252 2565 2290 non
2580 2238 2721 2291 sicut
2739 2253 2843 2308 per
2863 2254 3037 2294 unum
3055 2240 3156 2310 qui
3161 2241 3409 2310 peccavit
3427 2243 3508 2295 ita
3527 2247 3581 2296 et
3598 2242 3693 2298 do-

2028 2340 2181 2379 num.
2195 2323 2481 2381 Judicium
2492 2326 2761 2396 siquidem
2774 2344 2844 2382 ea:
2856 2344 2967 2383 uno
2982 2328 3183 2384 delicto
3195 2330 3269 2384 ad
3284 2330 3692 2387 condemnatio-

2027 2414 2379 2483 nem,donum
2402 2421 2586 2471 autem
2605 2433 2673 2472 ea:
2693 2418 2879 2473 multis
2890 2419 3105 2474 delictis
3119 2420 3193 2474 ad
3200 2420 3686 2490 justiﬁcationem.

2028 2504 2167 2559 Nam
2186 2503 2236 2559 si
2255 2507 2419 2560 unius
2431 2504 2630 2561 delicto
2651 2523 2796 2563 mors
2809 2512 3059 2578 regnavit
3070 2526 3173 2579 per
3186 2510 3557 2578 unum,multo
3576 2527 3691 2567 ma-

2029 2596 2112 2663 gis
2133 2594 2176 2648 ii
2195 2595 2293 2664 qui
2311 2595 2732 2651 exuberantiam
2752 2600 2951 2667 gratim
2981 2603 3032 2653 et
3062 2598 3267 2654 donum
3281 2599 3521 2670 justitia:
3541 2602 3688 2657 acci-

2021 2684 2193 2754 piunt
2214 2685 2271 2737 in
2290 2682 2746 2755 vita,regnabunt
2763 2702 2865 2757 per
2885 2703 3059 2743 unum
3076 2688 3258 2744 Jesum
3283 2688 3692 2747 ChristumJta-

2029 2788 2135 2843 que
2153 2774 2296 2829 sicut
2312 2790 2417 2844 per
2436 2776 2602 2830 unius
2621 2775 2886 2831 delictum
2907 2777 2967 2831 in
2989 2792 3170 2833 omnes
3194 2776 3440 2834 homines
3461 2780 3534 2835 ad
3552 2795 3687 2834 con-

2029 2862 2550 2930 demnationem,ita
2575 2872 2627 2920 et
2644 2872 2747 2938 per
2766 2869 2931 2922 unius
2938 2867 3395 2936 justi/icationem
3413 2871 3473 2923 in
3502 2884 3687 2926 omnes

2031 2951 2279 3010 homines
2308 2954 2382 3009 ad
2391 2954 2851 3025 justiﬁcationem
2872 2956 3187 3014 vitze.Sicut
3208 2956 3356 3013 enim
3369 2974 3473 3028 per
3496 2958 3691 3015 inobs-

2030 3043 2297 3098 dientiam
2314 3046 2479 3100 unius
2492 3044 2728 3101 hominis
2734 3051 3052 3116 peccatores
3066 3049 3354 3102 constituti
3362 3053 3489 3103 sunt
3508 3047 3695 3117 multi,

2033 3134 2112 3188 ita
2131 3138 2182 3188 et
2189 3149 2295 3203 per
2315 3133 2687 3190 obedientiam
2709 3136 2892 3200 unius,
2907 3135 3053 3206 justi
3072 3135 3479 3192 constituentur
3497 3137 3681 3193 multi.

269 3225 381 3302 γὰρ
413 3222 501 3280 διὰ
528 3232 624 3296 τῆς
652 3234 932 3305 παρακοῆς
963 3230 1061 3284 τοῦ
1092 3227 1208 3290 ἑνὸς
1240 3226 1529 3299 ἀνθρώπου
1558 3220 1884 3300 ἁμαρτωλοὶ
1914 3219 2311 3291 κατεστάθησαν
2358 3221 2413 3275 οἱ
2459 3220 2688 3293 πολλοὶ,
2722 3221 2896 3287 οὕτως
2927 3224 3017 3279 καὶ
3050 3221 3138 3280 διὰ
3176 3231 3278 3295 τῆς
3317 3223 3564 3295 ὑπακοῆς
3595 3228 3694 3281 τοῦ

265 3314 415 3381 ἑνὸς,
450 3310 645 3371 δικαιοι
672 3318 1174 3388 κατασταθήσονται
1203 3317 1257 3373 οἱ
1286 3313 1515 3373 πολλοί.

341 3403 447 3462 Καὶ
479 3405 590 3480 οὐχ
643 3403 827 3484 ὥσπερ
877 3408 913 3478 ἡ
964 3406 1222 3484 ἁμαρτία,
1280 3405 1436 3483 φησὶ,
1467 3410 1565 3461 τοῦ
1594 3401 1799 3477 ’Δδὰμ,
1830 3403 1921 3459 οὕ-

2102 3404 2173 3457 Et
2200 3419 2322 3458 non
2352 3403 2507 3460 sicut
2535 3411 2845 3476 peccatum
2875 3404 3085 3471 Adam,
3119 3407 3337 3479 inquit,
3368 3407 3452 3463 ita
3490 3407 3604 3463 fuit
3633 3413 3692 3465 et

248 3517 369 3558 τως
399 3496 491 3551 καὶ
544 3498 581 3566 ἡ
638 3494 818 3572 δωρεὰ
871 3502 970 3555 τοῦ
1020 3502 1177 3570 Θεοῦ,
1224 3495 1353 3554 ἀλλ’
1409 3498 1446 3568 ἡ
1501 3494 1678 3572 δωρεὰ
1712 3493 1918 3569 μείζον.

252 3589 385 3645 Πῶς
414 3603 431 3654 ς
477 3585 559 3642 Τὸ
590 3585 685 3658 μὲν
718 3584 824 3663 γὰρ
854 3591 1048 3663 κρῖμα,
1079 3586 1327 3643 τουτέστι
1382 3587 1447 3642 τὸ
1495 3584 1828 3660 κατάκριμα,
1862 3581 1924 3638 ἐκ

250 3677 359 3728 τοῦ
388 3673 509 3736 ἑνὸς
535 3673 708 3749 Ἀδὰμ
761 3675 840 3740 είς
897 3684 1102 3740 πάντας
1158 3676 1327 3747 ἦλθεν
1384 3677 1725 3751 ἀνθρώπους.
1758 3672 1834 3731 Τὰ
1865 3669 1923 3727 δὲ

249 3764 519 3840 χάρισμα
542 3766 694 3835 καὶὴ
728 3763 907 3841 δωρεὰ
961 3772 1058 3823 τοῦ
1113 3772 1248 3824 Θεοῦ
1306 3770 1566 3823 τοσοῦτον
1621 3763 1925 3838 ὑπερίσγυ-

250 3874 371 3921 σεν,
434 3850 581 3909 ὥστε
637 3856 722 3911 καὶ
783 3856 953 3926 αὐτὴν
1014 3858 1114 3926 τὴν
1165 3862 1263 3913 τοῦ
1318 3854 1497 3929 Ἀδὰμ.
1552 3855 1814 3931 ἁμαρτίαν
1848 3853 1926 3924 ἐξ·

251 3944 511 4020 αλεῖψαι,
570 3945 660 4001 καὶ
721 3944 787 4001 οὖ
853 3946 1015 4021 μόνον
1078 3945 1305 4016 ἐκείνην,
1345 3945 1490 4002 ἀλλὰ
1540 3945 1627 4001 καὶ
1657 3944 1724 4001 τὰ
1755 3943 1924 4001 λοιπὰ

253 4036 636 4108 ἁμαρτήματα
692 4040 803 4091 τῶν
864 4036 1192 4111 ἀνθρώπων,
1247 4035 1383 4111 ἃπερ
1446 4035 1583 4111 μετᾶ
1617 4036 1717 4104 τὴν
1746 4035 1926 4110 ἀμαρ-

249 4124 371 4179 τίαν
430 4122 645 4195 ἇκείνην
694 4122 971 4203 ἥμαρτον.
1040 4126 1141 4181 Καὶ
1196 4124 1260 4181 οὗ
1307 4128 1469 4181 τοῦτο
1532 4123 1721 4198 μόνον,
1782 4123 1925 4179 ἀλλὰ

249 4214 344 4269 καὶ
397 4212 476 4276 εἷς
537 4210 839 4288 δικαίωμα,
898 4214 1176 4272 τουτέστιν
1233 4214 1313 4277 είς
1371 4211 1724 4286 δικαιοσύνην
1756 4213 1929 4269 ’ἁπαν-

249 4321 352 4364 τας
378 4301 570 4378 ἤγαγε.
630 4302 790 4361 Πολὺ
844 4299 903 4361 δὲ
960 4305 1024 4361 τὸ
1086 4306 1250 4380 μέσον
1308 4303 1615 4379 ἀμνηστίας
1646 4304 1927 4379 ἁμαρτιῶν

243 4395 342 4450 καὶ
392 4390 769 4465 δικαιοσῦνης.
829 4395 894 4453 Ἦ
956 4392 1016 4452 δὲ
1071 4396 1347 4467 σόνταξιῳ
1408 4396 1516 4452 Καὶ
1568 4393 1678 4471 οὐχ
1733 4392 1928 4477 οὕτως9

244 4482 411 4563 φησέ,
442 4483 510 4539 τὸ
539 4479 807 4559 δώρημα,
862 4483 938 4548 ὡς
995 4487 1032 4556 ἠ
1095 4482 1185 4541 διὰ
1238 4489 1337 4543 τοῦ
1368 4485 1487 4548 ἑνὸς
1515 4486 1929 4560 ἁμαρτήσαντος

2029 3489 2253 3546 donum
2277 3491 2413 3547 Dei:
2448 3492 2553 3547 sed
2579 3493 2772 3564 majus
2796 3494 2910 3549 fuit
2938 3494 3183 3551 donum.
3213 3495 3521 3562 Quomodo
3542 3495 3570 3552 ?
3589 3498 3688 3552 Et-

2027 3580 2190 3636 enim
2213 3580 2533 3652 judicium.
2559 3582 2668 3639 hoc
2695 3590 2782 3639 est
2807 3584 3229 3642 condemnatio
3252 3602 3324 3642 ex
3347 3604 3466 3644 uno
3499 3587 3687 3644 Adam

2027 3670 2101 3726 ad
2132 3687 2341 3728 omnes
2366 3673 2635 3743 pervenit
2658 3673 2964 3730 homines:
2995 3676 3186 3748 gratia
3208 3693 3346 3731 vero
3376 3683 3436 3732 et
3464 3675 3690 3733 donum

2026 3769 2192 3819 tanto
2217 3763 2473 3834 majores
2494 3763 2704 3819 habuit
2719 3764 2892 3831 vires,
2916 3772 2983 3821 ut
3002 3766 3198 3837 ipsum
3222 3783 3458 3839 quoque
3478 3783 3657 3840 pecca
3672 3797 3688 3811 -

2028 3859 2155 3909 tum
2189 3851 2372 3907 Adam
2395 3860 2788 3927 expurgaret:
2821 3871 2931 3911 nec
2952 3855 3103 3911 illud
3133 3855 3351 3923 solum,
3376 3856 3481 3913 sed
3512 3863 3573 3913 et
3602 3871 3690 3912 re-

2029 3943 2193 4015 liqua
2224 3941 2530 3998 hominum
2562 3950 2823 4015 peccata,
2866 3944 3083 4016 quibus
3114 3952 3249 4017 post
3286 3946 3438 4001 illud
3467 3963 3686 4018 pecca-

2032 4039 2157 4089 tum
2183 4032 2581 4105 deliquerant.
2604 4035 2803 4105 Neque
2828 4034 2888 4089 id
2915 4040 3167 4103 tantum,
3188 4052 3391 4092 verum
3415 4035 3596 4092 etiam
3613 4036 3689 4093 ad

2023 4123 2543 4195 justificationem,
2579 4123 2637 4178 id
2687 4128 2796 4192 est,
2834 4124 3131 4195 justitiam
3164 4141 3373 4182 omnes
3404 4125 3687 4183 adduxit:

2030 4213 2289 4269 multum
2304 4220 2503 4269 autem
2518 4214 2940 4270 interestinter
2952 4214 3311 4272 oblivionem
3324 4221 3696 4289 peccatorum

2033 4308 2091 4359 et
2109 4303 2427 4375 justitiam.
2457 4304 2691 4359 Litteras
2722 4321 2858 4361 vero
2881 4302 3181 4362 ordinatio
3213 4311 3321 4362 est.
3355 4307 3426 4361 Et
3452 4322 3575 4361 non
3608 4306 3691 4362 ita

2032 4398 2124 4448 est
2142 4391 2368 4448 donum
2388 4392 2544 4449 sicut
2563 4395 2956 4467 transgressio
2980 4400 3037 4450 et
3057 4401 3364 4467 peccatum
3388 4412 3494 4469 per
3512 4411 3698 4452 unum

2033 4482 2137 4553 qui
2170 4483 2315 4540 271
2354 4484 2636 4556 peccavit,
2679 4483 2782 4540 sed
2814 4484 3059 4552 donum,
3095 4485 3309 4557 inquit,
3342 4486 3532 4543 multo
3564 4500 3695 4543 ma-

257 4568 576 4648 παράϐασις
606 4573 696 4629 καὶ
748 4574 1007 4650 ἁμαρτία,
1059 4573 1191 4632 ἀλλ’
1233 4578 1269 4645 ἡ
1313 4572 1511 4645 δωρεὰ,
1542 4574 1699 4653 φησὶ,
1729 4572 1921 4646 πολΛῷ

2034 4573 2149 4645 jus.
2183 4594 2211 4623 «
2245 4572 2390 4628 Nam
2423 4571 2472 4627 si
2505 4573 2684 4629 unius
2716 4572 2933 4630 delicto
2966 4591 3127 4631 mors
3158 4575 3446 4648 regnavit.
3481 4598 3509 4625 ››
3542 4576 3694 4633 Rur-

246 4664 327 4736 μᾶ
350 4658 513 4719 λλον.
550 4685 581 4714 ιι
614 4660 677 4719 Εἰ
718 4661 822 4739 γὰρ
873 4667 953 4737 τῷ
996 4661 1095 4720 τοῦ
1125 4664 1242 4728 ἑνὸς
1273 4662 1678 4740 παραπτώματι
1710 4664 1739 4719 ὁ
1769 4665 1921 4718 θάνα-

2035 4677 2168 4721 sum
2200 4661 2359 4718 idem
2382 4662 2720 4729 conﬁrmat,
2741 4669 2800 4719 et
2820 4664 2931 4720 ait:
2957 4663 3012 4719 Si
3036 4664 3195 4720 enim
3229 4669 3470 4736 peccato
3502 4663 3692 4721 Adam

240 4770 340 4813 τος
370 4745 729 4809 ἐϐασίλευσε.
765 4776 795 4804 n
850 4752 1019 4810 Πάλιν
1078 4753 1144 4809 τὸ
1201 4752 1333 4810 αὐτὸ
1386 4752 1793 4825 κατασκευάζει,
1837 4758 1921 4812 καὶ

507 4840 574 4855 ..ι
691 4841 704 4855 .
858 4845 888 4855 -
1215 4843 1226 4855 .
1507 4840 1533 4852 -
1606 4839 1724 4855 ...μ
1843 4837 1869 4855 ρ.
1903 4840 1917 4855 .

2037 4768 2201 4809 mors
2230 4752 2496 4825 regnavit
2525 4768 2631 4825 per
2657 4769 2843 4810 unum
2877 4753 3074 4825 ipsum
3100 4771 3113 4808 :
3145 4754 3334 4810 multo
3366 4753 3555 4826 magis
3582 4769 3694 4810 nos

241 4860 434 4919 φησιν’
507 4840 575 4898 Εἴ
641 4841 755 4918 γὰρ
820 4845 902 4916 τῷ
965 4843 1375 4918 παραπτώματι
1440 4840 1539 4898 τοῦ
1606 4839 1785 4914 Ἀδὰμ
1840 4837 1921 4897 διὸ

2042 4848 2284 4915 accepta
2307 4841 2796 4915 gratia,donoque
2820 4860 2889 4900 ac
2902 4844 3141 4915 justitia
3162 4860 3283 4900 non
3303 4844 3694 4916 subjiciemur

240 4930 337 4984 τὸν
374 4928 471 4986 ἕνα
503 4929 669 4986 αὐτὸν
720 4931 751 4987 ὁ
800 4933 1037 4995 θάνατος
1081 4927 1417 5003 ἐϐασίλευσε,
1473 4930 1673 5005 πολλῷ
1707 4929 1921 5005 μᾶλλον

2034 4934 2234 5003 morti,
2268 4931 2371 4989 sed
2402 4932 2682 4990 vivemus.
2718 4955 2747 4985 «
2782 4935 2961 4991 Multo
2994 4935 3183 5008 magis
3234 4935 3274 4990 ii
3333 4936 3436 5007 qui
3468 4934 3695 4991 exube-

244 5021 415 5092 ἡμεῖς
446 5020 501 5075 οἱ
528 5022 634 5091 τήν
657 5022 819 5099 χάριν
851 5018 1116 5086 λαϐόντες
1162 5023 1254 5079 καὶ
1306 5025 1407 5094 τήν
1458 5020 1664 5101 δωρεὰν
1700 5022 1792 5079 καὶ
1821 5024 1921 5093 τήν

2034 5024 2289 5081 rantiam
2313 5022 2534 5096 gratias.
2554 5045 2583 5075 »
2601 5023 3063 5081 Exuberantiam
3082 5024 3227 5080 dicit
3242 5023 3691 5082 abundantiam.

250 5105 638 5183 δικαιοσύνην,
672 5113 784 5190 οὐχ
831 5113 1266 5190 ὑπαχθησόμεοα
1314 5114 1550 5187 θανάτῳ,
1580 5112 1726 5170 ἀλλὰ
1760 5115 1921 5185 ζήσο-

2034 5113 2095 5171 ld
2128 5121 2326 5171 autem
2356 5113 2836 5171 conﬂrmativum
2866 5115 3032 5171 illius
3054 5122 3145 5172 est
3167 5115 3326 5187 quod
3347 5115 3592 5171 omnino
3621 5116 3682 5171 in

255 5218 379 5273 μεν.
415 5223 444 5253 ιι
486 5201 694 5275 Πολλῷ
746 5200 966 5278 μᾶλλον
1024 5205 1078 5259 οἱ
1132 5205 1234 5275 τὴν
1283 5206 1592 5280 περισσείαν
1619 5211 1722 5275 τῆς
1754 5204 1921 5284 χάρι-

2034 5206 2150 5261 vita
2178 5202 2533 5277 regnabunt,
2552 5221 2688 5261 cum
2712 5206 2891 5262 etiam
2921 5207 3112 5279 gratia
3140 5222 3261 5263 non
3294 5223 3470 5279 parce
3493 5223 3689 5280 neque

246 5307 372 5350 τος.
421 5313 444 5341 ι
475 5291 788 5368 Ιίερισσείαν
846 5292 982 5371 φησί
1032 5295 1135 5363 τήν
1188 5290 1488 5368 δαψίλειαν.
1534 5294 1707 5350 Τοῦτο
1738 5291 1795 5349 δὲ
1821 5314 1921 5349 κα-

2034 5294 2107 5351 ad
2137 5309 2482 5350 mensuram
2514 5293 2654 5351 data
2684 5296 2778 5361 sit,
2812 5294 2916 5351 sed
2948 5294 3365 5353 exuberanter.

250 5380 680 5437 τασκευσστικόν
710 5381 822 5439 ἐστι
849 5386 948 5439 τοῦ
973 5385 1188 5446 πάντως
1218 5382 1271 5439 ἐν
1306 5387 1421 5459 ζωῇ
1455 5381 1800 5461 βασιλεῦσαι,
1832 5382 1945 5459 ὅσῳ
1988 5382 2081 5440 καὶ
2127 5383 2163 5453 ἦ
2216 5382 2378 5458 χάρις
2428 5381 2490 5438 οὗ
2541 5380 2828 5463 οειδωλῶς
2860 5379 2987 5440 οὐδὲ
3035 5386 3467 5460 μεμετρημένως
3500 5382 3687 5458 ἐδόθη,

242 5466 377 5525 ἀλλ’
405 5469 470 5525 ἐκ
490 5473 835 5548 περισσείας.

312 5557 420 5618 Καὶ
452 5557 670 5624 ἄλλως.
706 5561 786 5620 Οὐ
819 5562 986 5637 μόνον
1039 5560 1131 5619 ἵνα
1189 5563 1441 5639 ζήσωμεν
1486 5561 1648 5636 ἐδόθη
1680 5564 1717 5635 ἡ
1748 5564 1913 5641 χάρις

234 5653 336 5706 τοῦ
389 5655 557 5724 Θεοῦ,
615 5653 721 5717 καὶ,
765 5655 802 5725 ἡ
859 5652 1101 5732 ἁμαρτία
1158 5653 1417 5732 ἀνῃρέθη,
1472 5654 1565 5712 καὶ
1605 5656 1643 5728 ὴ
1680 5654 1909 5720 κόλασις

235 5742 602 5821 συνανῃριθη,
662 5742 791 5799 ἀλλ’
840 5743 934 5800 ’ἶνα
990 5741 1082 5800 καὶ
1132 5742 1243 5799 υἱοὶ
1297 5747 1432 5802 Θεοῦ
1478 5743 1786 5823 γενώμεθα,
1817 5743 1907 5802 καὶ

2094 5565 2228 5620 Alio
2282 5579 2502 5635 quoque
2547 5564 2727 5621 modo.
2775 5567 2901 5621 Non
2934 5566 3129 5623 solum
3160 5573 3226 5623 ut
3252 5567 3520 5626 vivamus
3549 5565 3687 5622 data

2020 5660 2113 5713 est
2139 5654 2330 5729 gratia
2360 5655 2486 5724 Dei,
2516 5661 2950 5731 peccatumque
2980 5663 3381 5731 peremptum,
3413 5652 3597 5727 simul
3626 5657 3685 5712 et

2021 5743 2382 5819 supplicium
2436 5742 2775 5804 sublatum:
2832 5762 3037 5802 verum
3095 5747 3276 5803 etiam
3321 5752 3389 5803 ut
3436 5741 3542 5802 illii
3574 5739 3680 5796 Dei

566 5876 807 5939 Parnm
827 5923 843 5938 .
888 5876 1003 5940 Gn.
1048 5878 1308 5943 CXVIII.
3357 5876 3433 5935 ll
