4114 6396
444 315 564 378 427

441 543 566 607 des,
599 559 666 597 ac
693 538 964 610 ejusdem
1001 553 1137 592 cum
1169 536 1316 592 Filio
1350 536 1886 608 corporis,aliaque
1920 535 2100 589 innu-

437 648 603 687 mera
633 630 793 684 bona
822 644 1283 697 consequamur.
1319 628 1640 697 Propterea
1689 626 1871 680 dicit:
1932 647 1958 674 «
1991 623 2098 690 Qui

439 719 887 776 exuberantiam
900 717 1104 790 gratia;
1119 717 1239 772 acci
1249 716 1441 787 piunt.
1456 742 1474 767 ι
1487 747 1554 757 -
1567 738 1586 763 ι
1607 716 1810 786 Itaque
1826 714 1982 769 sicut
1996 728 2103 784 per

438 811 618 865 unius
639 807 946 864 delictum.
975 829 1002 856 »
1028 807 1251 861 Rursus
1275 805 1484 860 eodem
1513 805 1777 860 decertat
1799 819 2098 859 sermone.

438 899 587 964 Quia
612 897 773 953 enim
831 893 1250 950 admirandum
1305 893 1634 960 videbatur,
1685 909 1900 964 nempe
1940 888 2101 963 quod

438 989 556 1064 vita
609 992 667 1043 et
722 985 879 1042 dono
941 1001 1007 1040 ac
1061 983 1214 1038 bono
1273 999 1450 1054 opere
1509 983 1686 1038 unius
1714 983 1851 1038 Jesu
1882 981 2098 1036 Christi

443 1094 622 1133 omne
653 1093 840 1145 genus
872 1075 1181 1130 hominum
1207 1073 1550 1136 salvaretur,
1573 1073 1793 1128 idcirco
1820 1073 2097 1142 frequen-

445 1175 535 1223 ter
564 1167 722 1222 idem
752 1165 966 1220 astruit
1007 1187 1034 1214 ‹‹
1060 1164 1222 1218 Sicut
1244 1163 1402 1218 enim
1438 1180 1540 1234 per
1571 1162 2096 1217 inobedientiam.»

446 1260 562 1313 Hoc
593 1257 785 1329 ipsum
819 1255 1014 1310 denuo
1047 1254 1260 1326 repetit
1287 1261 1720 1326 argumentum.
1751 1275 1778 1303 ‹‹
1822 1254 2101 1307 Peccato-

442 1365 536 1404 res
569 1346 873 1402 constituti
903 1351 1042 1400 sunt
1074 1344 1264 1398 multi.
1301 1366 1328 1393 ››
1383 1345 1502 1398 Hoc
1534 1350 1622 1398 est
1654 1346 1828 1399 morti
1861 1341 2098 1413 suppli-

441 1440 650 1510 cioque
682 1437 924 1492 obnoxii
956 1454 967 1490 :
1003 1452 1069 1490 eo
1095 1435 1252 1506 quod
1281 1434 1433 1490 serie
1460 1451 1526 1489 ac
1555 1435 1764 1489 ordine
1798 1435 1856 1488 in
1891 1449 2099 1488 omnes

441 1529 542 1600 qui
575 1529 704 1599 ejus
737 1531 939 1583 essent
968 1526 1203 1598 generis
1237 1531 1502 1580 transeat
1541 1531 1848 1596 peccatum
1880 1539 2096 1595 proge-

440 1619 654 1674 nitoris
679 1634 690 1671 :
721 1633 857 1672 cum
889 1632 1096 1670 omnes
1125 1613 1457 1669 imitatione
1490 1613 1746 1685 quadam
1773 1630 1839 1668 ac
1863 1629 2100 1668 succes—

441 1709 608 1763 sione
641 1706 799 1761 idem
832 1710 1265 1778 perpetrarent.
1297 1726 1324 1754 ‹‹
1359 1707 1445 1760 Ita
1475 1710 1533 1758 et
1563 1718 1668 1775 per
1695 1701 2098 1758 obedientiam

441 1797 704 1852 unius.»
757 1796 915 1851 Patri
964 1792 1260 1865 siquidem
1314 1793 1426 1848 fuit
1479 1791 1764 1847 obediens
1795 1807 1985 1863 usque
2023 1788 2096 1845 ad

442 1891 718 1952 mortem,
750 1889 1004 1939 mortem
1035 1889 1236 1938 autem
1269 1883 1484 1938 crucis.

516 1977 578 2041 V,
611 1977 700 2043 20,
729 1976 814 2028 21.
852 1996 879 2023 ‹‹
915 1975 1026 2029 Lex
1067 1978 1268 2028 autem
1315 1971 1509 2027 obiter
1550 1971 1792 2027 intravit
1815 1977 1883 2026 ut
1911 1969 2100 2026 abun-

439 2088 466 2115 «
502 2066 671 2120 daret
699 2064 1006 2120 delictum.
1036 2063 1143 2119 Ubi
1174 2069 1371 2118 autem
1402 2062 1743 2118 exuberavit
1765 2068 2097 2133 peccatum,

437 2181 465 2205 ι(
501 2157 582 2210 ibi
612 2156 798 2228 magis
847 2154 1189 2210 exuberavit
1237 2155 1444 2226 gratia.
1483 2155 1553 2209 Ut
1596 2153 2100 2224 quemadmodum

437 2269 465 2294 «
499 2245 764 2317 regnavit
794 2250 1101 2316 peccatum
1133 2260 1239 2316 per
1279 2248 1554 2309 mortem,
1588 2243 1670 2298 ita
1701 2249 1760 2298 et
1787 2243 1974 2312 gratia
2005 2257 2101 2296 re-

437 2359 464 2384 ‹‹
497 2342 706 2407 gnaret
724 2334 1140 2406 perjustitiam
1167 2333 1240 2388 ad
1263 2333 1440 2388 vitam
1460 2338 1744 2388 aeternam
1769 2348 1875 2403 per
1899 2333 2099 2386 Jesum

437 2447 464 2474 «
498 2424 796 2479 Christum
824 2425 1142 2479 Dominum
1178 2429 1523 2478 nostrum.»

511 2537 538 2564 ‹‹
574 2514 686 2569 Lex
718 2520 915 2569 autem
947 2513 1142 2568 obiter
1174 2513 1432 2567 intravit.
1469 2534 1497 2564 ››
1551 2511 1614 2566 Id
1647 2511 1790 2567 dicit
1820 2510 1978 2582 quod
2011 2510 2100 2565 fa-

439 2610 599 2660 ctum
633 2610 759 2658 est:
795 2620 904 2657 nec
927 2609 1125 2658 tamen
1154 2602 1343 2673 legem
1368 2600 1450 2657 ait
1471 2617 1711 2656 causam
1744 2601 1928 2655 fuisse
1962 2616 2096 2670 pec-

395 2710 400 2714 '
442 2693 555 2747 cati
585 2709 598 2746 :
632 2708 699 2747 ac
733 2691 780 2746 si
812 2691 1072 2746 diceret:
1111 2691 1220 2744 Lex
1273 2696 1471 2745 autem
1521 2690 1714 2744 obiter
1748 2689 2007 2755 intravit,
2042 2691 2101 2742 et

440 2781 762 2838 abundavit
790 2781 1095 2835 delictum.
1122 2781 1266 2835 Nam
1299 2780 1409 2834 hoc
1430 2779 1491 2834 in
1519 2779 1800 2850 operibus
1823 2777 2101 2849 apparuit

440 2877 495 2926 et
511 2870 1059 2926 actionibus.Simul
1076 2871 1251 2924 etiam
1271 2887 1375 2940 per
1394 2868 1636 2923 modum
1659 2867 2010 2939 objurgandi
2026 2866 2100 2921 ad

437 2960 672 3016 Iudaeos
697 2961 919 3015 dictum
954 2964 1062 3023 est,
1096 2959 1167 3014 ad
1203 2959 1336 3013 illos
1363 2959 1524 3013 enim
1557 2975 1751 3013 sermo
1783 2957 2096 3028 dirigitur:

439 3056 498 3105 et
527 3050 614 3104 illi
646 3049 716 3104 de
750 3047 876 3120 lege
908 3047 1226 3103 immodice
1259 3046 1680 3102 efferebantur.
1707 3047 1858 3102 272
1884 3045 2099 3116 Objur-

434 3138 628 3212 gando
661 3155 797 3211 ergo
830 3138 1078 3193 obscure
1126 3137 1352 3192 indicat
1401 3135 1559 3208 quod
1609 3137 1829 3190 frustra
1860 3135 1930 3190 de
1965 3135 2094 3207 lege

434 3228 582 3284 adeo
615 3227 1080 3282 extollerentur:
1115 3225 1281 3292 Quod
1332 3226 1490 3281 enim
1522 3225 1596 3280 ad
1628 3231 1840 3292 vestra,
1875 3225 2088 3295 inquit,

433 3323 663 3389 spectat
692 3334 891 3388 opera,
925 3316 1016 3371 lex
1049 3317 1240 3371 obiter
1272 3316 1510 3370 intravit
1542 3321 1605 3368 ut
1636 3314 1968 3370 abundaret
1998 3313 2094 3368 de-

431 3406 662 3461 lictum.
700 3406 818 3460 Hoc
849 3411 1044 3460 autem
1080 3421 1241 3459 nunc
1287 3404 1458 3467 dixit,
1490 3403 1630 3474 quia
1679 3403 2091 3458 calamitatum

431 3495 810 3561 meminerat,
844 3511 975 3564 qua}
1036 3510 1106 3548 ex
1159 3493 1345 3549 Adam
1406 3497 1821 3564 provenerant,
1875 3492 2091 3546 horum

433 3583 850 3638 liberationem
881 3581 1073 3636 solum
1109 3581 1338 3636 dixerat
1387 3597 1515 3636 esse
1561 3581 1920 3635 Salvatorem
1949 3581 2094 3634 effe-

435 3679 618 3727 ctum.
654 3673 732 3726 Ne
767 3688 903 3743 ergo
946 3671 1186 3726 dicant:
1247 3670 1398 3736 Quid
1431 3669 1656 3742 igitur?
1688 3669 1840 3724 nihil
1872 3669 2093 3741 profuit

435 3763 530 3819 lex
551 3763 624 3818 ad
647 3761 860 3817 horum
883 3761 1298 3817 liberationem
1325 3763 1342 3814 ?
1370 3761 1479 3815 hoc
1509 3761 1707 3831 itaque
1735 3759 1903 3830 ponit
1931 3758 2090 3830 quod

437 3855 563 3908 Non
587 3853 779 3909 solum
803 3853 956 3908 nihil
980 3852 1142 3908 vobis
1164 3852 1436 3918 contulit,
1454 3851 1556 3907 sed
1581 3857 1868 3923 quantum
1893 3850 1965 3906 ad
1989 3867 2089 3906 vos

429 3943 661 4010 attinet,
721 3941 868 3997 illud
931 3959 1168 4013 quoque
1227 3941 1512 3997 delictum
1573 3939 1879 3995 abundare
1929 3940 2086 3995 fecit.

427 4032 609 4086 Porro
637 4030 794 4101 quod
839 4031 958 4086 ait:
1017 4053 1044 4079 «
1079 4029 1280 4086 Obiter
1337 4030 1598 4096 intravit,
1635 4051 1662 4078 »
1698 4028 2087 4100 temporalem

426 4119 727 4190 significat
775 4119 902 4189 ejus
962 4119 1358 4174 durationem.
1396 4141 1422 4166 «
1459 4118 1530 4172 Ut
1578 4116 1912 4172 abundaret
1941 4117 2086 4172 deli-

424 4212 606 4261 ctum.
643 4229 670 4256 »
733 4208 894 4278 Legis
954 4207 1205 4280 gloriam
1277 4208 1528 4262 evertit:
1591 4223 1729 4261 nam
1807 4205 2088 4261 adversus

420 4295 654 4351 Iudaeos
686 4295 774 4350 illi
808 4301 1110 4351 certamen
1144 4301 1289 4361 erat,
1313 4301 1370 4350 et
1392 4295 1572 4350 dicit:
1605 4297 1728 4350 Non
1763 4295 1956 4350 solum
1988 4312 2088 4351 vos

421 4385 752 4456 nihiljuvit
804 4385 916 4446 lex.
978 4401 1179 4440 verum
1242 4387 1420 4439 etiam
1480 4403 1548 4441 ex
1612 4386 2085 4457 transgressione

424 4475 588 4530 auxit
617 4481 880 4546 peccata.
915 4475 1267 4546 Conjunctio
1296 4471 1408 4540 ’ί-ια,
1435 4475 1492 4529 id
1523 4481 1632 4540 est,
1657 4482 1737 4538 ut,
1763 4491 1883 4530 non
1915 4474 2089 4547 poni-

1544 307 1959 372 (ECUMENII
2003 305 2312 368 TRICCuE
2356 307 2712 374 EPISCOPI

443 452 774 510 efficiamur
804 454 862 505 et
903 446 1119 503 Christi
1169 445 1530 513 cohaeredes,
1559 446 1870 517 Patrisque
1899 444 2089 499 haere-

2206 440 2621 520 συγληρονόμοι
2679 446 2939 519 Χριστοῦ,
3005 442 3093 499 καὶ
3181 441 3530 520 κληρονόμοι

3751 307 3872 370 428

3629 443 3866 518 Πατρὸς,

2211 531 2302 586 καὶ
2337 534 2618 607 σύσσωμοι
2650 539 2747 590 τοῦ
2779 536 2930 603 Υἱοῦ,
2989 534 3079 589 καὶ
3137 531 3282 589 ἄλλα
3345 533 3510 606 μυρία
3541 532 3735 610 ἀγαθά.
3771 536 3865 588 Διὰ

2212 623 2371 676 τοῦτό
2404 645 2592 700 φησιν,
2651 650 2677 676 α
2714 625 2780 682 Οἱ
2835 626 2933 694 τήν
2985 623 3291 696 περισσείαν
3323 630 3422 692 τῆς
3457 623 3686 698 χάριτος
3719 622 3862 696 λαμ-

2213 704 2488 775 ϐάνοντες.
2529 739 2554 764 η
2603 746 2672 756 -
2712 715 2856 789 ’Ἄρα
2901 713 2994 767 οὖν
3051 711 3125 774 ὡς
3187 711 3255 768 δι’
3313 712 3430 776 ὲνὸς
3487 713 3864 788 παραπτώμα-

2208 821 2322 864 τος.
2359 827 2388 855 ››
2425 802 2593 858 Πάλιν
2653 808 2735 874 τῷ
2791 803 2938 875 αὐτῷ
2993 804 3386 880 ἐπαγωνίζεται
3430 801 3606 877 λόγῳ.
3640 800 3862 874 Ἐπειδη

2211 890 2316 966 γὰρ
2376 889 2678 966 παράδοξον
2730 890 2924 962 ἐδόκει,
2983 895 3052 965 τῇ
3110 895 3208 946 τοῦ
3268 893 3382 954 ἐνὸς
3420 893 3602 963 Ἰησοῦ
3633 895 3867 961 Χριστοῦ

2215 982 2327 1053 ζωῇ
2385 981 2475 1034 καὶ
2537 978 2713 1053 δωρεᾷ
2788 982 2880 1036 καὶ
2959 981 3347 1054 κατορθώματι
3402 975 3542 1037 ἅπαν
3601 983 3865 1050 σώζεσθαι

2210 1068 2272 1122 τὸ
2311 1068 2466 1142 γένος
2495 1075 2605 1124 τῶν
2637 1069 2958 1146 ἀνθρώπων,
3007 1068 3316 1145 πολλαχῶς
3362 1071 3494 1127 αὐτὸ
3533 1072 3869 1126 κατασκευά-

2212 1164 2311 1228 ζει.
2376 1161 2636 1234 «Ὥσπερ
2696 1160 2801 1238 γὰρ
2861 1158 2948 1214 διὰ
3002 1167 3104 1230 τῆς
3159 1169 3462 1235 παρακοῆς.
3520 1183 3544 1215 ι
3604 1161 3675 1215 Τὸ
3733 1159 3866 1216 αὐτὸ

2210 1245 2374 1302 πάλιν
2433 1246 2576 1325 λέγει
2637 1248 2996 1324 ἐπιχείρημα.
3055 1277 3082 1301 ι(
3117 1249 3475 1325 Ἀμαρτωλοὶ
3533 1251 3870 1322 κατεστάθη-

2213 1357 2306 1391 σαν
2366 1336 2418 1392 οἰ
2473 1337 2700 1396 πολλοί.
2740 1365 2760 1390 ι
2815 1336 3097 1396 Τουτέστιν
3158 1340 3447 1396 ὑπεύθυνοι
3507 1341 3718 1414 θανάτῳ
3775 1339 3866 1396 καὶ

2210 1424 2459 1496 κολάσει,
2519 1425 2606 1482 διὰ
2663 1427 2724 1482 τὸ
2778 1430 2923 1498 ταεει
2980 1429 3069 1484 καὶ
3130 1429 3306 1504 εἶρμῶ
3368 1430 3442 1492 εἰς
3496 1429 3698 1493 πάντας
3737 1429 3866 1492 τοὺς

2208 1521 2305 1570 τοῦ
2335 1515 2527 1590 γένους
2589 1513 2843 1588 διαϐῆναι
2901 1520 3002 1589 τῆν
3049 1523 3146 1573 τοῦ
3200 1516 3515 1594 πρόπατρος
3570 1519 3862 1594 ἁμαρτίαν,

2209 1603 2429 1659 πάντων
2459 1605 2597 1660 κατά
2629 1627 2748 1661 τινα
2782 1606 3019 1679 μίμησιν
3051 1606 3140 1661 καὶ
3197 1604 3432 1683 διδαχὴν
3467 1606 3864 1664 ἐπιτελούντων

2209 1694 2394 1766 αὐτήν.
2459 1721 2486 1748 (ι
2523 1692 2710 1760 Οὕτως
2761 1698 2852 1752 καὶ
2902 1695 2991 1752 διὰ
3041 1705 3140 1768 τῆς
3204 1699 3448 1770 ὑπακοῆς
3503 1703 3599 1755 τοῦ
3655 1698 3792 1761 ἐνος.
3839 1724 3861 1751 ι

2207 1786 2474 1854 Ὓπήκοος
2507 1785 2610 1863 γὰρ
2642 1787 2836 1864 γέγονε
2891 1791 2969 1858 τῷ
3029 1792 3198 1862 Πατρι
3263 1789 3429 1863 μέχρι
3486 1787 3741 1856 θανάτου,
3771 1799 3869 1852 θα-

2205 1871 2369 1927 νάτου
2402 1870 2460 1928 δὲ
2490 1879 2743 1950 σταυροῦ.

2277 1963 2462 2035 Νόμος
2522 1959 2578 2018 δὲ
2637 1963 3004 2040 παρεισῆλθεν
3073 1963 3164 2023 ἵνα
3230 1963 3506 2042 πλεονάσῃ
3566 1967 3628 2022 τὸ
3687 1969 3865 2042 παρᾶ-

2205 2061 2426 2126 πτωμα.
2503 2053 2580 2110 Οὗ
2667 2050 2723 2108 δὲ
2805 2053 3129 2111 ἐπλεόνασεν
3191 2058 3226 2126 ἡ
3287 2057 3546 2130 ἁμαρτία,
3607 2057 3864 2129 ὑπερεπε-

2207 2141 2476 2216 ρίσσευσεν
2502 2143 2536 2213 ἠ
2566 2142 2753 2219 χάρις,
2779 2143 2871 2198 ’ίνα
2903 2142 3084 2220 ὥσπερ
3127 2141 3470 2202 ἐϐασιλευσεν
3532 2149 3566 2216 ἡ
3623 2147 3863 2221 ἁμαρτία

2204 2228 2360 2303 ἐντῷ
2393 2232 2624 2305 θανάτῳ,
2672 2233 2847 2296 οὕτως
2894 2233 2982 2289 καὶ
3032 2235 3066 2304 ἠ
3115 2235 3276 2311 χάρις
3335 2233 3630 2311 βασιλεύσῃ
3663 2233 3750 2290 διὰ
3783 2232 3863 2292 δι-

2203 2321 2496 2390 καιοσύνης
2527 2321 2604 2383 εἷς
2647 2324 2791 2394 ζωῆν
2840 2323 3060 2378 αἰώνιον
3114 2321 3204 2378 διὰ
3255 2325 3437 2394 Ἰησοῦ
3487 2325 3725 2399 Χριστοῦ
3768 2329 3864 2381 τοῦ

2208 2409 2414 2486 Κυρίου
2446 2411 2630 2483 ἡμῶν.

2278 2526 2304 2552 ‹‹
2341 2503 2528 2576 Νόμος
2559 2500 2616 2556 δὲ
2648 2502 3033 2577 παρεισῆλθεν,
3072 2528 3100 2555 ››
3157 2505 3233 2561 Τὸ
3284 2504 3504 2579 γεγονὸς
3554 2503 3726 2580 λέγει,
3778 2503 3867 2560 καὶ

2205 2589 2306 2643 οὐκ
2365 2589 2538 2645 α’ἶτιόν
2603 2613 2764 2668 φησιν
2823 2593 2916 2647 τὸν
2987 2593 3156 2664 νόμον
3213 2599 3314 2662 τῆς
3374 2593 3662 2666 ἁμαρτίας,
3726 2593 3864 2663 οἷον,

2208 2678 2390 2750 Νόμος
2468 2677 2525 2734 δὲ
2599 2679 2953 2754 παρεισῆλθε,
3038 2681 3127 2736 καὶ
3214 2680 3504 2737 ἐπλεόνασε
3558 2684 3622 2737 τὸ
3688 2686 3866 2759 παρα-

2204 2788 2384 2840 τωμα’
2445 2772 2619 2827 Τοῦτο
2681 2772 2784 2846 γὰρ
2839 2771 2922 2826 ἐπ’
2981 2772 3157 2827 αὐτῶν
3217 2769 3374 2852 ὤφθη
3423 2778 3532 2827 τῶν
3566 2767 3737 2848 ἔργων
3772 2773 3862 2828 καὶ

2204 2859 2470 2934 πράξεων.
2534 2863 2687 2933 ’Ἅμα
2773 2857 2850 2930 δὲ,
2910 2862 2999 2916 καὶ
3069 2859 3482 2932 ἐπιπληκτικῶς
3544 2864 3674 2938 πρὸς
3731 2862 3860 2926 τοὺς

2204 2945 2505 3014 Ἰουδαίους
2563 2950 2795 3021 εἶ’ρηται.
2860 2953 3000 3027 Πρὸς
3059 2952 3164 3030 γὰρ
3216 2950 3456 3016 ἐκείνους
3504 2952 3852 3022 ἀποτείνεται,

2203 3038 2293 3092 καὶ
2370 3037 2566 3094 ἐκεῖνοι
2627 3040 2762 3108 ἦσαν
2820 3041 2872 3095 οἱ
2931 3041 3201 3117 ὑπέρογκα
3255 3046 3334 3114 τῷ
3386 3043 3543 3116 νόμῳ
3598 3045 3858 3118 φρονοῦν-

2202 3151 2311 3192 τες.
2369 3131 2756 3202 Ἑπιπλήττων
2815 3130 2907 3186 οὖν
2965 3132 3352 3200 ὑπαινίττεται,
3414 3133 3498 3188 δτι
3559 3132 3746 3201 Μάτην
3781 3135 3859 3203 τῷ

2203 3220 2361 3291 νόμῳ
2396 3220 2531 3294 μέγα
2588 3225 2855 3296 φρονεῖτε·
2916 3220 3028 3292 ’ὀσῳ
3084 3221 3187 3295 γὰρ
3245 3220 3334 3277 ἐπὶ
3394 3227 3512 3283 ταῖς
3577 3220 3863 3295 ὑμετέραις

2201 3308 2502 3384 ἐργασίαις,
2564 3311 2591 3364 ὁ
2647 3310 2814 3382 νόμος
2872 3310 3236 3384 παρεισῆλθεν
3318 3310 3403 3366 ἷ¹να
3469 3310 3743 3385 πλεονάσῃ
3799 3311 3861 3366 τὸ

2199 3396 2566 3471 παράπτωμα.
2604 3402 2782 3456 Τοῦτο
2842 3397 2897 3454 δὲ

2205 3484 2384 3560 Ἀδᾶμ
2414 3486 2675 3566 χαλεπῶν
2723 3487 3057 3562 ἐπεμνήσθη,
3115 3491 3205 3544 καὶ
3264 3491 3476 3546 ταύτων
3525 3489 3861 3568 ἀπαλλαγήν

2207 3577 2368 3650 μόνον
2425 3575 2526 3653 ἔφη
2581 3579 2823 3651 γενέσθαι
2877 3579 2972 3633 τὸν
3030 3585 3286 3654 Σωτῆρα.
3345 3582 3462 3635 ’Ίνα
3519 3581 3595 3652 μή
3631 3578 3860 3654 λέγωσι·

2201 3669 2270 3724 Τί
2319 3667 2449 3737 οὗν;
2507 3669 2534 3723 ὁ
2589 3669 2756 3742 νόμος
2816 3667 2969 3724 οὐδὲν
3023 3665 3347 3726 συνεϐάλετο
3397 3669 3472 3730 εἰς
3507 3672 3609 3741 τήν
3641 3669 3865 3726 ἐκείνων

2200 3753 2572 3834 ἇπαλλαγήν;
2628 3760 2811 3828 τίθησι
2873 3763 3000 3834 γοῦν
3053 3763 3238 3829 τοῦτο,
3270 3759 3353 3814 ὅτι
3397 3759 3474 3816 Οὐ
3511 3761 3672 3832 μόνον
3703 3757 3862 3814 οὐδὲν

2198 3849 2542 3923 συνήνεγκεν,
2597 3846 2724 3904 ἀλλ’
2783 3847 2882 3904 ὅσα
2933 3846 3016 3928 ἐφ’
3075 3850 3226 3923 ὑμῖν,
3281 3851 3368 3904 καὶ
3428 3847 3722 3904 ἐπλεόνασε
3761 3852 3867 3921 τήν

2199 3936 2466 4010 ἁμαρτίαν
2496 3935 2725 4007 ἐκείνην.
2777 3939 2851 3993 Τὸ
2910 3933 2986 4007 δὲ,
3049 3963 3076 3990 ι(
3110 3938 3498 4014 Παρεισῆλθεν,
3534 3963 3562 3990 ››
3595 3938 3656 3994 τὸ
3689 3940 3865 4013 πρόσ-

2196 4045 2386 4099 καιρον
2443 4030 2608 4080 αυτοῦ
2667 4024 2956 4085 δείκνυσιν.
3025 4054 3045 4078 α
3098 4030 3214 4084 Ἵνα
3268 4026 3543 4103 πλεονάσῃ
3588 4030 3652 4084 τὸ
3681 4029 3864 4104 παρά-

2196 4134 2416 4186 πτωμα.
2481 4139 2509 4166 ι)
2569 4117 2831 4190 Καθαιρεῖ
2884 4120 2980 4172 τοῦ
3058 4117 3231 4190 νόμου
3319 4120 3418 4188 τὴν
3485 4115 3640 4189 δόξαν
3697 4118 3864 4194 (πρὸς

2197 4199 2490 4264 Ἰουδαίους
2545 4204 2647 4280 γὰρ
2704 4205 2770 4274 ἦν
2839 4206 2992 4279 αὐτῷ
3044 4207 3072 4260 ὁ
3131 4206 3330 4282 ἀγὼν),
3386 4208 3476 4262 καὶ
3536 4229 3717 4286 φησιν·
3780 4206 3863 4265 Οὐ

2198 4291 2364 4362 μόνον
2395 4290 2547 4347 ούδὶν
2602 4295 2750 4366 ἡμᾶς
2811 4291 3013 4366 ὤνησεν
3062 4296 3090 4350 ὁ
3121 4297 3313 4369 νόμος,
3361 4295 3506 4352 ἀλλὰ
3536 4297 3626 4352 καὶ
3655 4295 3867 4368 ηὔξησε

2191 4380 2286 4441 τὰς
2343 4383 2608 4456 ἁμαρτίας
2670 4382 2729 4438 ἐκ
2784 4387 2881 4438 τοῦ
2957 4379 3411 4460 παραϐαίνεσοαι.
3476 4387 3552 4443 Τὸ
3614 4384 3691 4456 δὲ,
3745 4384 3865 4458 ἵνα,

2195 4470 2294 4525 οὐκ
2326 4469 2715 4546 αἷτιολογικῶς
2769 4478 2966 4542 κεῖται,
3021 4471 3168 4530 ἀλλᾶ
3219 4477 3306 4545 τὸ,
3341 4476 3491 4541 ὅπως
3520 4472 3696 4550 ἐξέϐη,
3751 4474 3866 4547 δη-

2955 3405 3042 3454 νῦν
3099 3394 3226 3479 ἔφη,
3287 3398 3476 3469 ἐπειδὴ
3507 3406 3618 3456 τῶν
3671 3401 3731 3455 ἐκ
3761 3405 3860 3456 τοῦ

424 4572 521 4621 tur
551 4567 891 4634 causaliter,
927 4565 1027 4621 sed
1088 4582 1204 4636 quo
1263 4571 1433 4637 pacto
1487 4566 1806 4639 contigerit
1837 4566 2090 4620 manife-

2206 4557 2310 4618 λοῖ.
2372 4561 2452 4617 Οὐ
2511 4561 2614 4637 γὰρ
2675 4560 2766 4616 διὰ
2819 4567 2980 4618 τοῦτο
3042 4562 3202 4635 ἐδόθη
3263 4565 3351 4620 ἳνα
3416 4564 3691 4642 πλεονάσῃ
3755 4567 3862 4637 τήν

423 4661 575 4723 stat;
603 4673 795 4728 neque
821 4655 983 4712 enim
1009 4661 1322 4733 propterea
1342 4654 1479 4711 data
1503 4662 1592 4711 est
1614 4656 1705 4712 lex
1729 4661 1794 4710 ut
1816 4654 2080 4711 abunda-

420 4752 510 4802 ret
543 4752 849 4819 peccatum
880 4745 1072 4802 :absit
1096 4745 1106 4800 l
1133 4747 1255 4800 Imo
1279 4751 1344 4800 ut
1366 4745 1620 4802 salvaret
1642 4751 1699 4800 ct
1719 4746 2081 4811 instrueret;

420 4842 622 4892 tamen
653 4852 774 4891 non
805 4836 1113 4891 observata
1133 4836 1298 4890 auxit
1320 4843 1630 4906 peccatum
1657 4852 1669 4891 :
1704 4852 1826 4890 non
1853 4851 1924 4890 ex
1948 4850 2087 4905 pro-

422 4925 552 4996 pria
603 4932 836 4992 natura,
893 4925 997 4980 sed
1056 4931 1297 4997 propter
1336 4925 1576 4980 illorum
1639 4924 1954 4997 segnitiem
2015 4939 2083 4978 ac

420 5016 956 5084 transgressionem
986 5015 1085 5085 qui
1118 5031 1247 5070 eam
1279 5031 1398 5069 non
1431 5015 1916 5069 observaverunt.

491 5103 626 5156 Item
652 5104 764 5158 alio
794 5103 972 5158 modo.
1009 5105 1125 5158 Hoc
1157 5104 1352 5158 simile
1384 5104 1471 5158 illi
1503 5109 1592 5158 est
1623 5103 1778 5173 quod
1813 5103 1873 5155 in
1908 5102 2082 5173 Epis-

423 5190 543 5246 tola
572 5193 646 5246 ad
677 5193 910 5248 Galatas
943 5193 1212 5248 habetur.
1266 5216 1291 5242 ‹‹
1328 5194 1441 5248 Lex
1475 5199 1715 5265 propter
1748 5199 2082 5264 transgres-

422 5282 620 5338 siones
651 5284 851 5338 addita
882 5283 1009 5337 fuit.
1045 5306 1073 5333 ››
1107 5283 1410 5354 Siquidem
1441 5283 1927 5355 conjunctionem
1968 5280 2080 5349 ἳνα,

419 5372 481 5427 id
513 5379 622 5438 est,
654 5381 735 5439 ut,
770 5374 969 5444 posuit
1003 5373 1178 5428 etiam
1231 5374 1402 5444 juxta
1461 5374 1718 5428 idioma:
1779 5373 2083 5445 significat

420 5462 578 5516 enim
611 5463 774 5517 aliud
805 5469 1190 5518 consecutum
1225 5479 1374 5518 esse.
1405 5464 1548 5518 Nam
1582 5463 1642 5517 in
1676 5463 1953 5517 omnibus
1979 5462 2080 5533 qui

417 5557 552 5626 post
572 5551 759 5610 Adam
781 5554 1042 5624 fuerunt,
1063 5553 1181 5610 imo
1205 5559 1266 5608 et
1285 5555 1344 5608 in
1370 5553 1497 5627 ipso
1522 5554 1703 5610 etiam
1737 5553 1922 5609 Adam
1945 5553 2084 5609 data

415 5642 544 5718 lege
566 5642 889 5702 abundavit
914 5643 1218 5700 delictum.
1239 5643 1471 5700 Etenim
1494 5649 1716 5715 quanto
1747 5643 1921 5715 plura
1942 5649 2083 5700 sunt

2193 4649 2483 4724 ἁμαρτίαν,
2542 4647 2736 4726 ἄπαγε,
2791 4649 2921 4708 ἀλλ’
2972 4649 3064 4707 ’ίνα
3123 4656 3272 4729 σώσῃ
3316 4656 3406 4710 καὶ
3437 4653 3722 4730 παιδεύσῃ.
3758 4657 3857 4725 Μή

2194 4736 2491 4813 συλαχθεῖς
2546 4737 2602 4794 δὲ
2661 4738 2865 4812 ηὔξησε
2919 4743 3017 4812 τήν
3073 4744 3370 4818 ἁμαρτίαν,
3430 4745 3493 4800 ού
3550 4745 3694 4820 παρὰ
3751 4745 3858 4812 τὴν

2194 4825 2397 4882 οἰκείαν
2441 4827 2624 4904 φύσιν,
2681 4827 2826 4884 ἀλλὰ
2882 4831 3027 4906 παρᾶ
3083 4838 3181 4901 τήν
3243 4837 3348 4888 τῶν
3388 4836 3464 4908 μή
3498 4833 3859 4914 φυλαξάντων

2194 4914 2352 4971 αὐτὸν
2383 4915 2648 4991 ῥᾳθυμίαν
2681 4919 2769 4973 καὶ
2805 4915 3136 4996 παράϐασιν.

2264 5097 2366 5152 Καὶ
2425 5094 2613 5159 ἄλλως
2675 5099 3015 5173 [ΓΕΝΝΑΔ.]
3107 5102 3295 5158 Ἐοικε
3364 5107 3526 5158 τοῦτο
3582 5109 3650 5177 τῇ
3713 5105 3862 5181 πρὸς

2196 5183 2458 5246 Γαλάτας,
2519 5188 2638 5244 «'0
2677 5187 2846 5261 νόμος
2902 5195 3010 5245 τῶν
3070 5186 3424 5266 παραϐάσεων
3486 5193 3648 5270 χάριν
3678 5215 3864 5271 προσ-

2194 5277 2368 5345 ετέθη.
2405 5302 2426 5330 ι
2490 5277 2568 5332 Τὸ
2618 5278 2744 5352 γὰρ,
2797 5277 2904 5351 ἳνα,
2963 5283 3232 5336 κανταῦθα
3305 5283 3442 5337 κατὰ
3497 5285 3559 5339 τὸ
3648 5281 3864 5356 ἰδίωμα

2190 5364 2412 5419 τέθεικε*
2448 5366 2699 5438 σημαίνει
2759 5368 2862 5442 γὰρ
2921 5369 2985 5423 τὸ
3043 5370 3364 5430 ἀκόλουθον.
3417 5376 3548 5434 Τοῖς
3579 5379 3680 5449 γὰρ
3717 5377 3865 5448 μετᾶ

2190 5453 2282 5508 τὸν
2345 5450 2540 5526 Ἀδὲμ,
2607 5455 2794 5529 φησὶν,
2854 5457 3042 5528 ditari,
3117 5458 3331 5532 μᾶλλον
3395 5458 3453 5516 δὲ
3533 5463 3625 5517 καὶ
3699 5463 3860 5538 αὐτῷ

2189 5547 2267 5616 τῷ
2299 5539 2498 5617 Ἀδὰμ,
2530 5544 2710 5618 νόμου
2743 5542 3021 5618 δοθέντος,
3054 5549 3347 5607 ἐπλεόνασε
3381 5553 3444 5607 τὸ
3474 5549 3853 5630 παρᾶπτωμά.

2189 5638 2340 5707 Ὀσῳ
2387 5633 2492 5710 γὰρ
2545 5634 2613 5690 τά
2669 5636 3109 5717 παραγγέλματα
3164 5637 3362 5714 πλείω,
3395 5643 3641 5718 τοσούτῳ
3669 5662 3862 5720 παρα-
