4114 6406
282 364 393 428 129

1364 361 1767 426 COMMENT.
1815 362 1894 423 IN
1940 358 2195 425 EPIST.
2240 363 2345 425 AD
2389 359 2584 426 ROM.

3591 365 3714 428 430

278 492 608 571 ϐαινομὲνων
636 494 820 553 αὐτῶν
850 497 944 554 καὶ
974 498 1041 554 τὰ
1078 498 1519 574 παραπτώματα.
1552 494 1778 559 Πολλὰς
1825 495 1930 571 γὰρ

2067 503 2366 571 πεεοορῑιι,
2392 503 2558 556 tanto
2576 492 2756 555 etiam
2781 514 2984 555 eorum
3007 496 3108 570 qui
3144 495 3248 554 illa
3265 499 3714 574 transgrediun.

280 588 407 651 δοὺς
438 584 657 649 ἐντολὰς
688 587 719 641 ό
748 586 948 661 νόμος,
978 583 1318 660 παραϐαθείς
1349 586 1690 644 ἐπλεόνασεν.
1720 611 1747 639 ιι
1780 585 1857 645 Οὗ
1890 581 1948 640 δὲ

282 678 601 737 ἱπλεόνασεν
632 681 669 750 ἡ
704 680 966 754 ἁμαρτία.
991 705 1018 732 »ι
1041 680 1130 748 Μὴ
1163 673 1719 759 φοϐτ,θῇς,φησίν,’ὀτι
1746 674 1946 733 ἐπλεό-

284 790 436 826 νασεν
467 773 502 839 ἡ
534 769 799 846 ἁμαρτία.
834 769 938 827 Καὶ
969 771 1069 846 γὰρ
1099 767 1169 843 τῇ
1198 773 1306 824 τῶν
1340 769 1643 843 ἀνθρώπων
1693 759 1944 843 παραϐά-

289 880 388 930 σει,
419 858 497 923 εἷς
529 856 650 914 δέον
681 859 773 915 καὶ
807 862 1084 936 συμφερον
1126 858 1427 939 ἐχρήσατο,
1460 858 1629 933 πόρον
1656 861 1774 918 τοῖς
1806 853 1944 911 ἀπό-

286 970 403 1024 ροις
466 949 870 1025 μηχανώμενος
901 949 931 1003 ὁ
962 947 1111 1011 Θεός.
1172 951 1271 1006 Ἐκ
1326 949 1430 1023 γὰρ
1486 947 1685 1004 τούτου
1716 948 1752 1016 ἡ
1779 944 1945 1023 χάρις

287 1037 376 1095 διᾶ
435 1039 676 1113 Χριστοῦ
737 1037 940 1111 μείζων
995 1037 1087 1093 καὶ
1135 1035 1280 1093 πολὺ
1335 1037 1576 1108 ποθητὲα
1630 1032 1943 1112 γεγένηται.

288 1136 388 1191 Ἦς
420 1124 604 1190 οὕτως
663 1126 990 1203 γενομένης,
1045 1130 1080 1197 ἡ
1139 1127 1321 1189 πίστις
1381 1125 1596 1201 μᾶλλον
1652 1122 1941 1180 ἰπὲδωκεν.

284 1218 497 1279 Οὐκοῦν
558 1217 620 1273 ἐκ
673 1220 775 1273 τοῦ
829 1215 1175 1291 πλεονασμοῦ
1236 1223 1337 1289 τῆς
1419 1215 1689 1293 ἁμαρτίας
1747 1213 1858 1289 οὐχ
1906 1215 1941 1285 ἡ

284 1307 517 1371 κολασις
578 1305 941 1378 ἰπλεονςίσθη,
998 1304 1125 1363 ἀλλ’
1172 1308 1209 1379 ἡ
1241 1306 1486 1380 σωτηρία
1542 1304 1761 1383 γὲγονεν
1819 1302 1943 1377 ἐρα.

284 1398 590 1473 σμιωτέρι.
625 1395 704 1454 Οὐ
733 1395 836 1472 γὰρ
869 1396 1034 1470 μόνον
1061 1401 1170 1452 τῶν
1226 1394 1639 1470 ἁμαρτημάτων
1690 1390 1946 1464 ἀπήλλα-

282 1489 392 1560 ξεν,
423 1485 575 1542 ἀλλὰ
611 1484 704 1541 καὶ
767 1485 933 1561 μυρία
987 1484 1159 1563 ἀγαθὰ
1216 1482 1468 1542 δέδωκεν.
1506 1508 1534 1538 ι(
1564 1477 1940 1540 Ἐϐασίλευσεν

284 1581 323 1648 ἡ
395 1574 640 1652 ἁμαρτία
697 1573 749 1629 ἐν
804 1574 886 1648 τῷ
940 1575 1168 1649 θανάτῳ.
1225 1598 1252 1628 ››
1309 1576 1374 1633 Ἦ
1436 1574 1540 1650 γὰρ
1600 1571 1840 1648 ἁμαρτία
1891 1569 1943 1626 ἐν

292 1667 437 1736 ταξει
469 1661 763 1739 βασιλέως,
799 1665 827 1719 ὁ
875 1661 931 1719 δὲ
987 1667 1235 1730 θάνατος,
1292 1661 1346 1718 ἒν
1401 1663 1547 1733 τάξει
1606 1661 1943 1737 στρατιώτου

302 1755 395 1814 καὶ
420 1754 689 1829 ῦπουργοῦ
717 1754 1026 1830 γεγένηται.
1057 1755 1148 1811 Ἐν
1178 1757 1257 1827 τῷ
1289 1754 1524 1826 θανάτῳ.
1557 1749 1648 1807 διὰ
1700 1754 1797 1806 τοῦ
1847 1761 1941 1814 θα.

2056 592 2153 643 tur
2180 589 2352 661 plura
2382 595 2523 645 sunt
2550 594 2813 662 peccata.
2848 589 2963 644 Lex
2994 605 3130 662 ergo
3163 606 3294 660 quae
3328 593 3516 647 multa
3547 590 3714 647 dedit

2055 684 2371 752 prmcepta,
2442 678 3017 753 transgressionibus
3103 678 3442 738 abundavit.
3504 704 3525 730 ο
3600 679 3710 737 Ubi

2054 774 2255 824 autem
2288 769 2633 825 exuberavit
2678 774 3011 841 peccatum.
3049 790 3076 818 »
3136 771 3216 824 Ne
3275 770 3428 837 ideo,
3490 771 3707 842 inquit,

2054 859 2334 915 terrearis
2366 859 2525 931 quod
2558 859 2947 916 abundaverit
3011 864 3342 931 peccatum.
3403 860 3707 931 Siquidem

2052 947 2365 1004 hominum
2398 951 2869 1023 transgressione
2900 948 2974 1005 ad
3005 949 3066 1005 id
3094 965 3239 1005 usus
3255 954 3347 1005 est
3367 947 3710 1021 Deus,quod

2054 1037 2273 1094 decens
2302 1038 2416 1094 fuit
2445 1044 2505 1094 et
2533 1040 2678 1096 utile
2705 1056 2718 1095 :
2759 1040 2852 1094 his
2884 1039 2987 1110 qui
3019 1039 3182 1094 omni
3231 1037 3709 1094 destituebantur

2054 1127 2304 1184 consilio
2336 1129 2670 1185 remedium
2702 1130 3060 1202 excogitans.
3092 1130 3175 1184 Ex
3198 1128 3309 1184 hoc
3340 1128 3501 1184 enim
3522 1128 3712 1201 gratia

2052 1233 2161 1289 per
2188 1217 2488 1275 Christum
2518 1219 2713 1291 major
2738 1218 3047 1290 multoque
3079 1217 3538 1275 desiderabilior
3558 1218 3713 1273 facta

2055 1312 2164 1374 est,
2199 1323 2318 1378 qua
2348 1308 2430 1363 ita
2460 1308 2923 1376 communicata,
2958 1307 3146 1380 magis
3177 1306 3382 1364 addita
3416 1312 3507 1363 est
3539 1306 3709 1363 fides.

2051 1397 2133 1453 Ex
2162 1397 2531 1455 abundantia
2560 1399 2765 1471 itaque
2805 1398 3031 1471 peccati
3065 1414 3187 1454 non
3218 1396 3542 1453 abundavit
3570 1413 3712 1468 sup-

2049 1486 2320 1558 plicium,
2356 1488 2460 1544 sed
2490 1488 2693 1561 potius
2723 1489 2887 1545 salus
2914 1488 3072 1545 facta
3092 1495 3183 1544 est
3206 1486 3559 1544 amabilior:
3585 1502 3708 1542 non

2052 1576 2246 1632 solum
2279 1577 2439 1633 enim
2471 1594 2505 1633 a
2537 1578 2799 1650 peccatis
2831 1577 3122 1644 liberavit,
3152 1577 3256 1633 sed
3287 1583 3342 1633 et
3365 1576 3520 1632 bona
3546 1574 3712 1631 dedit

2051 1667 3032 1741 innumera.«Regnavitpeccatum
3048 1683 3154 1739 per
3167 1673 3439 1722 mortem.
3453 1689 3471 1716 ι
3483 1664 3709 1721 Etenim

2050 1762 2361 1828 peccatum
2388 1757 2543 1829 regis
2573 1773 2818 1813 munere
2849 1757 3224 1831 fungebatur,
3248 1773 3412 1814 mors
3442 1772 3576 1812 vero
3598 1755 3710 1811 mi-

300 1848 490 1903 νείτου.
523 1872 550 1899 ιι
579 1847 758 1908 Ούτως
789 1844 881 1899 καὶ
912 1846 948 1915 ἡ
983 1844 1145 1920 χάρις
1178 1842 1509 1920 βασιλεύσει.
1548 1865 1568 1893 ι
1623 1841 1795 1916 Χάρις
1846 1838 1942 1913 μὶν

2067 1845 2181 1901 litis
2213 1862 2281 1901 ac
2322 1846 2667 1902 ministerii.
2703 1846 2773 1901 Ev
2801 1849 2881 1917 τῷ
2912 1846 3150 1917 θανάτῳ,
3182 1847 3295 1903 hoc
3329 1852 3439 1911 est,
3476 1842 3565 1899 διὰ
3611 1844 3710 1899 τοῦ

301 1940 409 2016 γὰρ
447 1938 715 2015 καὶχᾶρις
745 1938 882 1991 Θεοῦ
928 1934 1019 1990 καὶ
1062 1930 1381 2003 δικαιοσύνη
1441 1929 1634 2001 λείζων
1684 1931 1945 2004 κατορθοῖ

302 2028 569 2102 ἁμαρτίας
597 2025 685 2083 καὶ
727 2024 981 2081 θανάτου.
1040 2023 1235 2096 Ὅμως
1291 2018 1449 2083 αὐτὸς
1517 2018 1578 2075 ἐκ
1630 2018 1946 2094 περιουσίας

292 2118 440 2174 εἶπεν
472 2116 646 2178 οὕτως
676 2114 760 2181 τὸ,
794 2138 823 2168 «
860 2110 1195 2189 βασιλεύσει.
1230 2132 1255 2163 υ
1292 2143 1357 2154 -—
1388 2109 1602 2184 [ΦΩΤ.]
1659 2132 1687 2161 ιι
1719 2107 1816 2162 Διᾶ
1863 2102 1945 2161 δι-

283 2206 610 2277 καιοσύνης,
642 2203 719 2268 εἷς
750 2205 899 2275 ζωὴν
950 2200 1173 2257 α”ώνιον
1205 2196 1296 2255 διὰ
1338 2201 1521 2270 Ἰησοὺ
1579 2199 1817 2274 Χριστοῦ
1844 2199 1944 2251 τοῦ

288 2296 493 2366 κυρίου
524 2296 712 2366 ἡμῶν.
742 2316 768 2349 η
807 2292 904 2348 Διᾶ
931 2297 1032 2361 τῆς
1061 2293 1160 2345 τοῦ
1186 2288 1423 2365 Χριστοῦ
1455 2283 1720 2359 δηλονότι
1743 2284 1948 2341 δικαιο-

290 2388 477 2457 σύνης,
509 2385 575 2443 ἸΙ
608 2383 853 2455 σύνταξ.ς
901 2379 977 2437 δὲ·
1033 2379 1132 2436 Διᾶ
1189 2375 1562 2449 δικαιοσύνης,
1616 2373 1705 2431 διὰ
1763 2376 1947 2447 Ἰησοῦ

287 2479 535 2554 Χριστοῦ
565 2472 1006 2543 ἑπιτελεσθείσης
1037 2470 1128 2527 καὶ
1157 2470 1661 2546 καταπραχθείσης.

352 2654 426 2714 Τί
495 2654 594 2711 οῦν
663 2651 893 2729 ἐροῦμεν
947 2668 963 2720 ;
1032 2648 1397 2723 ἐπιμενοῦμεν
1489 2650 1557 2713 τῆ
1654 2644 1947 2721 ἁμαρτίᾳ;

290 2750 366 2821 μὴ
438 2743 660 2821 γένοιτο
719 2742 733 2799 ί
803 2739 1001 2803 οἵτινες
1092 2738 1430 2812 ἀπεθάνομεν
1522 2739 1593 2811 τῇ
1688 2734 1948 2811 ἁμαρτίᾳ,

287 2839 410 2899 πῶς
439 2833 520 2891 ἔτι
555 2836 809 2906 ζήσωμεν
843 2831 895 2887 ἒν
924 2830 1100 2906 αὐτῇς

355 2924 429 2983 Τί
460 2921 582 2993 οὖν,
615 2922 773 3001 φησὶ,
806 2918 896 2976 διὰ
944 2922 1043 2990 τὴν
1098 2924 1207 2975 τῶν
1262 2917 1566 2995 εἰρημένων
1625 2914 1952 2981 ἀκολουθίαν

284 3014 546 3087 ἔλθωμεν
578 3011 658 3074 εἰς
686 3008 871 3067 τοιάδε
893 3008 1149 3085 ῥήματα;
1199 3007 1291 3063 καὶ
1349 3006 1496 3084 λέγει
1534 3010 1688 3065 ποῖα.
1741 3030 1770 3058 ιι
1800 3005 1953 3060 Ἑπι-

289 3107 569 3177 μενοῦμεν
596 3103 669 3176 τῇ
698 3097 979 3175 ἁμαρτίας
1016 3123 1044 3151 »
1076 3093 1299 3166 Ἐπειδὴ
1343 3096 1492 3152 εἶπεν
1542 3092 1676 3166 ἄνω,
1728 3118 1756 3149 ιι
1789 3094 1863 3148 Οὗ
1894 3090 1953 3150 δὲ

284 3191 622 3249 ἐπλεόνασεν
655 3192 692 3260 ἡ
723 3188 986 3265 ἁμαρτία,
1041 3187 1553 3264 ὑπερεπερίσσευσεν
1605 3187 1642 3255 ἡ
1702 3183 1886 3261 χάρις.
1920 3206 1947 3236 »

2057 1934 2309 1999 θανάτου,
2342 1953 2449 2009 per
2480 1943 2754 1993 mortem.
2793 1959 2815 1986 ι
2850 1939 2938 1993 Ita
3003 1944 3063 1993 et
3107 1936 3297 2010 gratia
3350 1941 3645 2010 regnaret.
3678 1956 3707 1987 η

2056 2025 2211 2082 273
2244 2026 2549 2097 Siquidem
2572 2027 2762 2100 gratia
2791 2032 2851 2082 et
2884 2027 2982 2083 Dei
3011 2027 3198 2099 gratia
3222 2027 3541 2098 acjustitia
3571 2042 3706 2082 ma-

2048 2114 2203 2186 joris
2221 2115 2602 2172 estefﬁcaciaa
2616 2132 2793 2188 quam
2810 2122 3118 2187 peccatum
3142 2122 3392 2171 etmors.
3408 2117 3490 2170 Ex
3515 2114 3709 2171 abun-

2057 2204 2222 2261 danti
2257 2210 2453 2261 tamen
2488 2204 2636 2261 dixit
2667 2205 3004 2278 Apostolus,
3051 2227 3078 2257 «
3113 2207 3201 2261 lta
3242 2212 3539 2278 regnaret.
3573 2225 3602 2255 »
3632 2234 3704 2249 --

2063 2317 2084 2345 ι
2120 2295 2546 2367 Perjustitiem
2579 2295 2653 2352 ad
2673 2296 2852 2351 vitam
2883 2302 3166 2352 mternam
3191 2311 3297 2368 per
3313 2296 3515 2351 Jesum
3536 2295 3710 2351 Chri-

2059 2389 2216 2441 stum
2248 2384 2568 2440 Dominum
2599 2391 2892 2440 nostrum.
2928 2408 2956 2435 ι»
3015 2384 3127 2441 Per
3176 2385 3391 2442 Christi
3436 2384 3715 2441 videlicet

2051 2474 2372 2547 justitiam.
2405 2474 2561 2530 Ordo
2584 2481 2784 2531 autem
2816 2480 2945 2545 est:
2979 2475 3090 2530 Per
3110 2475 3411 2547 justitiam
3442 2491 3574 2547 qua)
3605 2490 3714 2547 per

2058 2566 2259 2620 Jesum
2287 2564 2587 2620 Christum
2618 2564 2884 2637 perfecta
2909 2571 2999 2620 est
3024 2571 3084 2621 et
3114 2570 3476 2622 transancta.

2136 2655 2224 2722 VI,
2260 2658 2309 2721 1,
2343 2657 2397 2710 2.
2430 2655 2575 2721 Quid
2602 2671 2731 2727 ergo
2762 2655 3003 2711 dicemus
3024 2657 3053 2710 ?
3079 2656 3424 2711 Manebimus
3479 2656 3541 2710 in
3576 2671 3715 2727 pec-

2062 2746 2232 2800 cato?
2259 2745 2589 2811 absit/Qui
2644 2748 2852 2802 mortui
2899 2762 3083 2803 sumus
3142 2752 3394 2818 peccato,
3441 2747 3716 2819 quomodo

2062 2835 2288 2906 posthac
2316 2838 2558 2893 vivemus
2582 2839 2641 2893 in
2668 2839 2788 2908 ipso
2808 2839 2836 2892 ?

2135 2924 2285 2989 Quid
2317 2941 2477 2998 ergo,
2506 2925 2722 2998 inquit.
2756 2942 2863 2999 per
2891 2942 2961 2982 ea
2991 2943 3124 2998 quae
3164 2925 3324 2983 dicta
3349 2931 3489 2982 sunt
3514 2930 3722 2984 conse-

2065 3014 2325 3085 quentiae
2356 3014 2530 3070 nobis
2563 3015 2677 3071 erit
2703 3014 2779 3071 ad
2810 3014 2954 3071 talia
2983 3014 3159 3071 verba
3180 3015 3208 3071 Ἰ
3244 3020 3303 3071 et
3343 3015 3547 3087 qualia
3598 3016 3721 3072 sint

2065 3103 2389 3177 subjungit.
2427 3125 2451 3157 α
2487 3105 2858 3161 Manebimus
2879 3105 2940 3160 in
2964 3110 3209 3177 peccato
3233 3104 3260 3159 ?
3282 3127 3307 3153 η
3331 3105 3724 3178 Quandoqui-

2067 3191 2203 3247 dem
2228 3192 2502 3265 superius
2516 3193 2776 3250 dixerat:
2798 3216 2825 3244 «
2858 3193 2966 3250 Ubi
2991 3199 3192 3250 autem
3216 3192 3558 3250 exuberavit
3584 3211 3723 3267 pec-

280 3283 375 3338 ’ἰνα
408 3282 492 3355 μὴ
521 3286 643 3342 τοῖς
682 3259 955 3351 γάνοήτοις
1006 3259 1308 3352 εἶναι’δόξέῃ
1368 3274 1438 3332 τὰ
1488 3259 1752 3351 εἰρημένα
1806 3293 1950 3350 προ-

2067 3288 2288 3350 catum,
2320 3282 2403 3338 ibi
2433 3283 2623 3357 magis
2651 3283 2995 3341 exuberavit
3021 3284 3243 3357 gratia;
3270 3305 3298 3335 »
3323 3300 3400 3340 ne
3432 3283 3726 3356 insipien-

287 3373 477 3448 τροπὴ
535 3368 831 3443 ἁμαρτίας,
888 3370 1097 3444 ἀναιρεῖ
1163 3365 1321 3423 αὐτά.
1385 3390 1415 3419 ιι
1469 3365 1564 3434 Μὴ
1622 3362 1861 3440 γένοιτο.
1922 3386 1952 3413 ››

284 3465 471 3537 ’Ὁπερ
498 3460 729 3516 ἐπὶτῶν
783 3454 1244 3535 ὡμολογημένων
1301 3454 1375 3518 ὡς
1435 3454 1654 3510 ἀτόπων
1685 3452 1953 3526 εῗώοαμεν

285 3551 500 3629 λέγειν.
562 3574 591 3601 ιι
652 3546 865 3610 Οἳτινες
924 3546 1261 3619 ἀπεθάνομεν
1318 3548 1389 3619 τῇ
1456 3543 1714 3620 ἁμαρτίᾳ.
1780 3567 1807 3594 ››
1863 3541 1953 3598 καὶ

292 3640 558 3713 ὶξῆς.⁹’ἱ1
595 3640 679 3695 δτι
730 3637 796 3694 τὸ
854 3639 1047 3709 αύτῆς,
1106 3635 1263 3716 φησί,
1329 3632 1493 3709 μέρος
1552 3633 1951 3709 ἐνεκρώθημεν*

302 3734 432 3790 πῶς
488 3724 584 3782 οῦν
635 3722 775 3785 ἔστιν
834 3724 898 3783 ἐκ
944 3731 1046 3796 τῆς
1100 3725 1270 3796 αὐτῆς
1324 3725 1417 3780 καὶ
1491 3724 1839 3799 νεκροῦσθαι-
1865 3721 1953 3778 καὶ

310 3821 416 3892 ζῇν
453 3815 536 3888 ;ἢ
593 3816 683 3893 ὅτι.
721 3816 925 3893 νεκροὶ,
987 3816 1143 3896 φησὶ,
1203 3814 1504 3890 γεγόναμεν
1570 3816 1640 3886 τῇ
1696 3811 1955 3887 ἁμαρτίᾳ,

304 3906 688 3971 πιστεύσαντες
728 3911 812 3981 τῷ
867 3908 1088 3979 Χριστῷ
1136 3904 1228 3960 καὶ
1290 3900 1691 3980 βαπτισθέντες.
1740 3903 1817 3959 Ou
1876 3898 1959 3957 δεῖ

299 3998 419 4069 οὗν,
457 3999 611 4075 φησί,
641 3997 769 4061 τοὺς
822 4000 919 4067 τήν
977 3999 1252 4071 σωτήριον
1307 3992 1569 4070 νέκρωσιν
1626 3992 1955 4065 ὑπομείναν·

277 4111 410 4155 τας,
445 4093 610 4159 ζῆσαι
641 4090 741 4158 τήν
771 4088 943 4156 κακὴν
1004 4086 1149 4156 ζωὴν
1204 4090 1305 4154 τῆς
1361 4083 1652 4160 ἁμαρτίας,
1692 4081 1956 4158 Ἑνεκρώ,

283 4196 470 4254 θημεν
505 4177 958 4254 ὂὶτῇάμαρτίᾳ.
1015 4179 1175 4245 Πῶςς
1234 4175 1311 4237 εἷς
1369 4175 1434 4232 τὸ
1501 4175 1579 4249 μή
1641 4172 1955 4244 ὑπακούειν,

278 4271 480 4348 φησὶν,
512 4269 706 4341 αὐτῆς.

937 4396 1205 4467 ΚΕΦΑΛ.
1248 4392 1330 4450 u'.

278 4504 428 4583 Περὶ
498 4510 603 4575 τῆς
670 4499 1039 4589 ὀφειλομὲνης
1109 4496 1199 4637 ξεί
1283 4501 1353 4573 τῇ
1442 4496 1623 4554 πίστει
1709 4498 1956 4574 πράξεως

1009 4593 1114 4650 αγα
1154 4592 1240 4642 ης.

1177 4613 1240 4642 l"

359 4706 439 4763 Ἥ
508 4702 756 4779 ἀγνοεῖτε
821 4699 907 4758 ὅτι
969 4698 1088 4756 ὅσοι
1156 4693 1563 4772 ἐϐαπτίσθημεν
1659 4697 1737 4760 εἷς
1818 4699 1954 4773 Χρι-

286 4795 416 4851 στὸν
480 4789 720 4865 Ἰησοῦν,
808 4790 887 4853 είς
978 4788 1072 4845 τὸν
1141 4786 1367 4853 θάνατον
1472 4785 1638 4843 αὐτοῦ
1731 4779 1955 4841 ἐϐαπτί-

282 4895 558 4956 aequavi;
620 4881 1008 4962 Συνετάιργ,μεν
1061 4875 1153 4935 οὖν
1212 4877 1362 4951 αύτῷ
1443 4874 1535 4932 διὰ
1586 4880 1685 4932 τοῦ
1765 4873 1956 4952 βαπτί-

284 4994 508 5047 σματος
577 4971 656 5036 είς
746 4972 839 5027 τὸν
936 4968 1187 5026 θάνατον.
1279 4969 1392 5025 Ἵνα
1484 4962 1670 5043 ὥσπερ
1751 4964 1955 5042 ἠγέρθη

287 5065 538 5137 Χριστὸς
608 5060 668 5118 ἐκ
732 5057 1094 5136 νεκρῶν,διὰ
1144 5064 1245 5127 τῆς
1311 5054 1474 5129 δόξης
1544 5060 1641 5111 τοῦ
1729 5056 1958 5132 Πατρός,

287 5155 476 5218 οὕτως
532 5152 627 5210 καὶ
692 5155 860 5226 ἡμεῖς
927 5148 980 5205 ἐν
1048 5148 1336 5218 καινότητι
1421 5151 1568 5218 ζωῆς
1654 5149 1960 5223 περιπατή-

288 5265 508 5319 σωμεν.
567 5242 630 5300 Εἰ
687 5242 789 5318 γὰρ
864 5239 1143 5312 σύμφυτοι
1222 5237 1523 5312 γεγόναμεν
1594 5240 1676 5309 τῷ
1759 5235 1963 5311 ὁμοιώ-

293 5355 433 5410 ματι
463 5337 563 5391 τοῦ
593 5331 829 5388 θανάτου
871 5329 1061 5401 αὐτοῦ,
1118 5327 1265 5385 ἀλλὰ
1318 5327 1411 5382 καὶ
1467 5332 1569 5396 τῆς
1621 5326 1960 5392 ἀναστάσεως

285 5425 562 5500 ἰσόμεθα.

374 5543 396 5567 ι
433 5515 531 5579 Εἰς
556 5515 653 5572 τὸν
684 5514 916 5569 θάνατον
976 5507 1142 5565 αύτοῦ
1190 5501 1622 5581 ἐϐαπτίσθημεν.
1666 5533 1689 5564 ι
1749 5506 1844 5570 Εἷς
1900 5508 1964 5565 τὸ

283 5604 689 5683 παραπλήσιον
752 5602 929 5659 αὐτοῦ
1007 5600 1231 5664 θάνατον
1286 5596 1593 5670 ἂποθανεῖν,
1679 5599 1717 5670 ἢ
1774 5598 1853 5664 εἲς
1901 5598 1965 5656 τὰ

285 5694 506 5754 tam»
567 5695 733 5754 αὐτὸν
790 5690 887 5749 καὶ
948 5686 1394 5745 λυσιτελέστατον
1452 5685 1701 5766 όφθῆναιυ
1762 5694 1965 5770 γίνεται

2067 3372 2224 3428 tibus
2258 3372 2590 3429 exhortatio
2632 3372 2705 3429 ad
2763 3380 3075 3446 peccatum
3118 3374 3432 3430 videantur
3478 3391 3549 3430 ea
3587 3390 3721 3447 quae

2066 3461 2223 3518 dicta
2240 3467 2399 3529 sunt,
2419 3462 2614 3519 aufert
2643 3462 2766 3518 illa.
2794 3487 2813 3512 ι
2842 3462 3044 3519 Absit!
3072 3488 3094 3516 ι
3132 3462 3531 3535 inquit:quod
3554 3463 3614 3518 in
3629 3462 3723 3518 his

2066 3571 2198 3627 qua:
2230 3554 2387 3627 apud
2413 3571 2622 3611 omnes
2644 3554 2903 3611 absurda
2928 3554 3225 3612 habentur
3246 3555 3443 3612 dicere
3471 3571 3725 3612 consue-

2066 3646 2276 3701 vimus.
2304 3668 2331 3696 «
2361 3646 2469 3712 Qui
2495 3646 2712 3701 mortui
2736 3662 2944 3701 sumus
2965 3652 3272 3719 peccato,»
3298 3652 3409 3703 etc.
3440 3646 3540 3703 Vel
3561 3645 3723 3719 quod

2068 3750 2136 3789 ex
2155 3734 2283 3805 ejus
2305 3741 2473 3806 parte
2497 3735 2838 3791 mortificati
2860 3751 3069 3791 sumus
3094 3752 3107 3791 :
3128 3734 3425 3806 quomodo
3440 3752 3576 3809 ergo
3591 3734 3725 3792 fieri

2068 3829 2283 3895 potest,
2316 3830 2383 3879 ut
2411 3838 2482 3879 ex
2513 3823 2719 3881 eadem
2751 3830 2920 3896 parte
2952 3830 3010 3880 et
3063 3825 3325 3880 vivamus
3370 3830 3429 3880 et
3475 3824 3730 3880 mortifi-

2068 3913 2182 3968 cati
2217 3913 2401 3969 simus
2424 3911 2452 3969 ?
2483 3913 2584 3969 Vel
2608 3914 2751 3985 quia
2782 3914 3001 3969 mortui
3036 3930 3242 3970 sumus
3275 3918 3539 3987 peccato,
3589 3929 3726 3970 cum

2067 4002 2298 4060 Christo
2334 4002 2701 4059 credidimus
2728 4003 3124 4076 baptizatique
3158 4020 3385 4059 sumus.
3424 4005 3551 4059 Non
3583 4018 3722 4077 ergo

2068 4098 2319 4165 oportet,
2344 4093 2562 4166 inquit,
2596 4109 2697 4149 eos
2730 4094 2831 4165 qui
2856 4093 3178 4150 salutarem
3202 4093 3725 4150 mortificationem

2067 4181 2228 4255 passi
2259 4189 2416 4247 sunt,
2452 4183 2611 4240 mala
2631 4184 2859 4255 peccati
2883 4183 3000 4240 vita
3017 4184 3240 4250 vivere,
3268 4189 3509 4258 peccato
3523 4189 3725 4241 autem

2068 4273 2413 4330 mortiﬁcati
2447 4290 2674 4330 sumus.
2702 4274 2974 4341 Quonam
3005 4274 3183 4332 modo
3206 4272 3235 4329 ‘l
3264 4281 3329 4331 ut
3356 4274 3468 4345 illi,
3500 4273 3724 4348 inquit,

2070 4379 2192 4420 non
2224 4361 2730 4436 obtemperemus.

2680 4490 2913 4548 CAPUT
2952 4491 3098 4548 VIII.

1994 4615 2038 4683 υ
2071 4594 2147 4648 De
2176 4592 2442 4649 bonorum
2471 4608 2697 4664 operum
2729 4595 2976 4683 actique}
3001 4609 3122 4666 qua
3170 4593 3333 4664 ﬁdem
3379 4593 3576 4651 debent
3629 4608 3722 4649 co-

2781 4667 2995 4720 mitari.

2139 4791 2230 4856 VI,
2262 4791 2374 4845 3-5.
2411 4792 2501 4846 An
2550 4793 2826 4861 ignoratis
2882 4791 3032 4863 quod
3079 4794 3396 4863 quicunque
3454 4788 3727 4862 baptizati

2068 4895 2250 4940 sumus
2274 4882 2335 4935 in
2368 4879 2645 4938 Christum
2662 4882 2873 4950 Iesum,
2905 4883 2964 4936 in
2995 4888 3225 4937 mortem
3251 4882 3426 4952 ipsius
3456 4881 3730 4951 baptizati

2068 4986 2252 5028 sumus
2270 4972 2300 5026 7
2321 4970 2635 5042 Consepulti
2666 4973 2811 5026 enim
2841 4986 3024 5027 sumus
3051 4974 3101 5027 ei
3150 4986 3256 5042 per
3295 4969 3631 5041 baptismum
3664 4971 3728 5024 in

2069 5068 2349 5117 mortem:
2403 5066 2467 5116 ut
2522 5059 2982 5132 quemadmodum
3064 5062 3307 5117 surrexit
3362 5060 3606 5117 Christus
3660 5075 3733 5116 ex

2069 5151 2303 5206 mortuis
2326 5166 2432 5221 per
2466 5149 2706 5220 gloriam
2736 5152 2941 5213 Patris,
2975 5149 3056 5204 ita
3087 5156 3138 5205 et
3166 5166 3265 5206 nos
3288 5165 3393 5222 per
3420 5148 3731 5205 novitatem

2070 5242 2196 5297 vitae
2226 5238 2586 5297 ambulemus.
2622 5242 2759 5297 Nam
2818 5242 2867 5297 si
2922 5240 3290 5311 complantati
3350 5242 3494 5310 facti
3546 5255 3734 5296 sumus

2071 5329 2441 5388 similitudine
2478 5332 2671 5387 mortis
2709 5331 2850 5402 ejus,
2901 5330 3172 5386 nimirum
3218 5337 3269 5386 et
3314 5330 3735 5387 resurrectionis

2075 5421 2297 5476 erimus.

2147 5526 2303 5585 274
2335 5548 2364 5577 ιι
2396 5526 2465 5583 In
2495 5534 2751 5584 mortem
2791 5529 2980 5601 ipsius
3008 5527 3286 5601 baptizati
3334 5541 3563 5584 sumus.
3595 5547 3622 5576 η
3659 5524 3734 5582 Ut

2076 5616 2359 5674 similiter
2397 5615 2471 5673 ad
2493 5623 2745 5675 mortem
2774 5618 2964 5693 ipsius
2997 5633 3390 5688 moreremur,
3422 5617 3512 5672 vel
3535 5620 3604 5671 ut
3626 5612 3731 5672 illa

2076 5706 2341 5781 perfecta
2369 5722 2439 5764 ac
2470 5707 2793 5765 utilissima
2821 5714 3142 5781 appareat:
3176 5708 3304 5763 hmo
3322 5711 3527 5793 autem
3544 5702 3606 5775 ip
3623 5702 3731 5758 ha-
