4114 6400
430 346 552 408 431

1563 335 1988 401 ΈΟΗΜΕΝΙῙ
2033 333 2339 400 ΤΒΙΟῧιΕ
2381 338 2737 408 EPISCOPI

3740 351 3863 413 432

416 486 696 559 ptismate
735 480 1110 555 contingunt.
1146 480 1290 535 Nam
1312 476 1593 550 baptizati
1623 479 1867 548 peccata
1897 472 2084 546 depo-

2201 469 2255 564 δὶ
2283 480 2453 534 ταῦτα
2495 476 2584 536 διὰ
2638 484 2735 537 τοῦ
2793 481 3193 559 βαπτίσματος.
3235 483 3665 557 ’Βαπτιζόμινοι
3725 484 3857 564 γὰρ,

421 578 631 631 nimus
662 591 673 628 :
708 570 1114 645 quodﬂhristi
1145 585 1307 625 mors
1339 568 1518 641 cmpit
1568 566 1826 623 efﬁcere.
1858 564 2093 619 Etenim

425 682 535 738 pro
568 663 791 719 nostris
814 668 1084 718 mortuus
1108 668 1200 716 est
1219 659 1501 731 peccatis.
1534 656 1738 713 volens
1762 672 1872 711 nos
1900 653 1972 710 ab
2000 653 2095 709 his

428 754 680 810 reddere
712 754 953 809 liberos.
990 754 1144 807 Mors
1206 751 1407 821 itaque
1447 748 1664 803 Christi
1711 753 1956 818 operata
2006 756 2096 801 es“

418 851 767 902 nostrorum
790 843 1226 916 depositionem
1249 857 1317 897 ac
1343 838 1869 897 mortiﬁcationem
1890 832 2096 909 pecca'

433 943 653 1003 torum,
687 943 747 993 et
774 941 1063 1007 quantum
1096 935 1159 989 in
1189 933 1320 1007 ipsa
1344 938 1472 988 erat
1497 931 1742 987 omnino
1776 927 2019 984 diremit
2039 943 2099 1019 et

435 1027 717 1100 alligavit.
759 1024 897 1081 Sola
930 1041 1069 1095 ergo
1101 1040 1262 1079 nunc
1311 1022 1636 1095 requiritur
1678 1018 1824 1076 ﬁdes
1867 1023 2095 1102 nostra,

434 1118 672 1174 animus
700 1132 768 1173 ac
799 1115 1101 1171 voluntas.
1136 1114 1269 1169 Haec
1318 1118 1518 1168 autem
1568 1127 1676 1184 per
1731 1110 2095 1182 baptismum

436 1206 929 1262 demonstrantur
958 1221 972 1261 :
1009 1219 1127 1275 quo
1160 1207 1402 1275 peracto
1434 1201 1681 1273 planum
1709 1199 1793 1269 fit
1807 1203 2098 1271 quantum

434 1295 659 1351 Christi
688 1310 850 1350 mors
889 1298 1159 1349 nostram
1209 1290 1572 1365 promoverit
1619 1289 1913 1360 salutem.:
1938 1287 2097 1343 Bene

435 1402 574 1459 ergo
606 1387 725 1441 ait:
761 1408 788 1435 «
822 1386 885 1440 In
919 1387 1174 1439 mortem
1205 1380 1424 1437 Christi
1476 1379 1753 1452 baptizati
1803 1394 2030 1434 sumus.
2068 1399 2096 1426 »

435 1482 578 1547 puta
606 1481 671 1531 ut
700 1474 981 1530 similiter
1007 1470 1453 1545 propemodum
1485 1470 1704 1526 mortui
1738 1468 1814 1526 ad
1845 1474 2097 1524 mortem

431 1565 646 1636 ipsius,
679 1569 926 1637 peccata
955 1563 1018 1617 in
1067 1563 1425 1634 baptismate
1473 1561 1855 1633 sepeliamus.
1907 1558 2098 1629 thue

436 1652 815 1709 manifestius
847 1652 952 1708 ﬁat
980 1651 1218 1708 lucrum
1250 1650 1529 1707 salutaris
1552 1649 1760 1706 mortis
1780 1647 1971 1721 ipsius
1994 1663 2100 1719 per

440 1759 652 1799 omnes
673 1740 1149 1798 demonstratum
1169 1757 1318 1809 esse,
1338 1739 1662 1796 dummodo
1684 1756 1793 1795 nos
1819 1739 1894 1795 ad
1917 1739 2100 1797 haere-

2199 562 2566 643 ἆποτιθέμεθα
2623 572 2719 634 τάς
2785 573 3077 647 ἁμαρτίας,
3133 573 3266 647 ὅπερ
3318 571 3521 646 ἤρξατο
3596 562 3860 651 κατεργά-

2202 659 2436 726 ζεσθαιὸ
2479 660 2707 725 θάνατος
2762 666 2859 718 τοῦ
2917 664 3174 739 Χριστοῦ.
3238 664 3339 721 Καὶ
3398 664 3501 739 γάρ
3560 663 3694 740 ὑπὲρ
3752 671 3858 722 τῶν

2200 744 2492 821 ἡμετέρων
2548 750 2807 817 ἀπέοανεν
2866 755 3173 830 ἁμαρτιῶν,
3234 754 3595 827 ἐλευθερῶσαι
3654 756 3861 815 τούτων

2202 839 2353 909 ἡμᾶς
2414 837 2783 918 βουλόμενος.
2847 848 3185 923 Ἐνῆργ-ιβεν
3247 845 3338 901 οὗν
3398 846 3427 900 ὁ
3485 846 3712 909 θάνατος
3768 848 3867 903 τοῦ

2204 929 2444 1004 Χριστοῦ
2475 932 2576 999 τὴν
2611 933 2867 990 άποθεσιν
2925 935 3017 989 καὶ
3076 934 3336 1011 νέκρωσιν
3391 939 3499 991 τῶν
3560 937 3864 1010 ἁμαρτιῶν,

2202 1017 2294 1075 καὶ
2329 1018 2455 1076 ὅσον
2511 1020 2593 1100 ἐφ’
2654 1022 2832 1097 ἑαυτῷ
2886 1024 2949 1079 τὸ
3008 1025 3138 1081 ὃλον
3194 1024 3501 1101 ἀπήρτησε.
3563 1024 3749 1082 Λείπει
3809 1023 3866 1080 δὲ

2207 1108 2345 1183 μόνη
2410 1112 2445 1180 ἡ
2508 1113 2670 1185 ἡμῶν
2725 1114 2909 1176 πίστις
2966 1115 3059 1169 καὶ
3114 1115 3311 1191 γνώμη
3374 1116 3465 1171 καὶ
3524 1115 3866 1191 προαίρεσις,

2203 1201 2390 1256 Ταῦτα
2417 1198 2476 1255 δὲ
2506 1197 2598 1256 διὰ
2646 1206 2744 1258 τοῦ
2808 1203 3186 1279 βαπτίσματος
3247 1202 3640 1273 ἐπιδείκνυται,
3700 1205 3873 1281 οὗπερ

2204 1288 2653 1365 ἐπιτελουμένου,
2689 1294 2718 1348 ὁ
2775 1294 2997 1359 θάνατος
3062 1294 3276 1369 μᾶλλον
3340 1299 3438 1352 τοῦ
3495 1298 3733 1373 Χριστοῦ
3792 1296 3871 1359 εἷς

2204 1379 2330 1437 ὅσον
2390 1376 2568 1453 ὤνησε
2634 1382 2929 1459 σωτηρίας,
3017 1386 3394 1466 ἐμφανίζεται.
3496 1386 3690 1449 Καλῶς
3773 1385 3866 1442 οῦν

2204 1490 2394 1545 φησιν’
2451 1496 2480 1524 (ι
2540 1471 2633 1536 Εἷς
2685 1473 2778 1528 τὸν
2835 1473 3066 1532 θάνατον
3122 1475 3294 1532 αὐτοῦ
3351 1471 3780 1551 ἐϐαπτίσθημεν,
3836 1501 3859 1528 ι»

2206 1560 2329 1615 οἷον
2369 1560 2446 1626 εἰς
2500 1564 2564 1619 τὸ
2622 1563 2905 1619 ἀποθανεῖν
2964 1564 3059 1619 τὸν
3115 1565 3501 1640 παραπλήσιον
3563 1564 3711 1638 αὐτῷ
3767 1567 3869 1621 θά-

2203 1670 2385 1721 νατον,
2451 1650 2550 1716 τὰς
2604 1653 2879 1728 ἁμαρτίας
2935 1657 3016 1726 τῷ
3083 1653 3421 1731 βαπτίσματι
3478 1653 3870 1730 ἐνθάπτοντας,

2203 1739 2404 1804 καῖείς
2435 1743 2498 1797 τὸ
2539 1740 2932 1823 ἐμφανέστερον
2988 1748 3087 1800 τοῦ
3148 1748 3424 1822 σωτηρίου
3482 1747 3713 1812 θανάτου
3771 1747 3871 1802 αὖ·

433 1832 715 1888 ditariam
737 1831 949 1888 salutis
969 1831 1415 1903 possessionem
1436 1829 2091 1898 animum,voluntatem

2203 1832 2302 1886 τοῦ
2329 1830 2392 1885 τὸ
2421 1828 2613 1906 κερδος
2666 1829 2756 1887 διὰ
2812 1833 3030 1889 πάντων
3090 1827 3492 1910 ἐπιδειχθῆναι,
3551 1835 3641 1891 καὶ
3700 1838 3865 1911 ἡμῶν

437 1938 505 1977 ac
538 1920 718 1978 fidem
752 1920 1153 1988 conferamus,
1200 1919 1601 1992 increpatorio
1650 1936 1794 1975 usus
1834 1924 1923 1975 est
1973 1935 2099 1974 ser-

434 2011 1043 2083 mone,interpretans
1066 2009 1382 2082 quomodo'
1390 2016 1633 2082 peccato
1650 2008 1870 2065 mortui
1886 2007 2094 2076 simus,

433 2108 491 2156 et
511 2101 688 2158 dicit:
710 2124 738 2153 ‹‹
755 2103 845 2157 An
864 2101 1150 2174 ignoratis
1167 2101 1326 2172 quod
1351 2101 1692 2172 quicunque
1713 2099 1775 2155 in
1797 2100 2098 2155 Christum

435 2190 714 2263 baptizati
747 2207 976 2260 sumus,
1009 2191 1072 2245 in
1112 2191 1223 2246 hoc
1280 2189 1556 2261 baptizati
1609 2206 1817 2245 sumus
1870 2194 1937 2244 ut
1983 2188 2098 2261 ipsi

438 2296 678 2353 quoque
701 2280 1030 2337 moriamur
1046 2280 1073 2336 ‘I
1095 2302 1123 2329 ››
1139 2284 1393 2336 mortem
1416 2280 1574 2335 enim
1597 2279 2103 2352 baptismaimita-

444 2375 621 2425 tatur.
656 2371 803 2426 Nam
839 2370 953 2426 hoc
985 2370 1285 2443 significat
1313 2370 1473 2442 quod
1505 2370 1626 2427 ait:
1662 2394 1687 2421 ‹‹
1722 2372 1788 2426 In
1842 2376 2097 2426 mortem

444 2460 633 2530 ipsius
656 2460 931 2531 baptizati
954 2477 1180 2516 sumus.
1201 2483 1227 2509 ››
1254 2462 1606 2531 Quanquam
1630 2462 1789 2516 enim
1804 2460 2102 2533 baptisma

449 2565 612 2604 mors
641 2566 762 2604 non
803 2550 881 2605 sit
908 2549 1235 2622 corporalis
1262 2556 1641 2621 peccatorum
1692 2557 1893 2606 tamen
1939 2567 2100 2608 mors

446 2654 578 2694 esse
648 2637 888 2693 dicitur.
950 2660 978 2688 ‹‹
1038 2639 1151 2693 Per
1205 2637 1569 2710 baptismum
1628 2638 2020 2710 infmortem.
2070 2662 2099 2691 »

441 2728 939 2800 Quandoquidem
969 2728 1072 2784 ubi
1104 2727 1493 2801 baptizamur,
1534 2728 1792 2785 fatemur
1808 2747 1918 2786 nos
1941 2748 2101 2786 mor-

442 2826 576 2875 tuos
601 2834 729 2873 esse
751 2818 974 2873 mundo
993 2835 1062 2874 ac
1086 2819 1461 2875 renuntiasse
1491 2826 1732 2890 peccato
1752 2826 1810 2876 et
1838 2820 2098 2878 diabolo.

445 2931 473 2959 ‹‹
508 2908 777 2964 Christus
810 2909 1070 2965 surrexit
1097 2925 1206 2981 per
1234 2909 1485 2981 gloriam
1507 2910 1719 2967 Patris.
1744 2931 1770 2960 ››
1794 2911 2102 2967 Persuasi-

437 2998 624 3055 bilem
664 2999 806 3055 facit
840 3000 1345 3055 resurrectionem
1379 3018 1485 3072 per
1515 3000 1767 3073 gloriam
1821 3003 1950 3075 ejus
1995 3004 2099 3076 qui

441 3087 732 3143 excitavit.
768 3088 924 3143 Bene
956 3105 1094 3161 ergo
1155 3090 1391 3143 Patrem
1439 3088 1524 3144 ait
1569 3090 1885 3147 excitasse.
1954 3094 2099 3148 Nam

2204 1919 2342 1992 πρὸς
2372 1920 2471 1990 τήν
2503 1917 2845 1996 ὁλοκληρίαν
2880 1929 2982 1992 τῆς
3011 1924 3287 1997 σωτηρίας
3337 1925 3437 1994 τήν
3489 1925 3718 2000 γνώμην
3777 1925 3871 1982 καὶ

2203 2009 2301 2077 τήν
2354 2009 2666 2086 προαίρεσιν
2724 2011 2974 2081 καὶ-τήν
3032 2011 3214 2069 πίστιν
3289 2014 3713 2091 συνεισαγόντων
3769 2011 3862 2069 διὰ

2202 2101 2301 2152 τοῦ
2335 2098 2734 2172 βαπτίσματος.
2768 2098 3332 2177 Ἐπιπληκτικωτὲρῳ
3364 2098 3421 2157 δὶ
3451 2099 3607 2178 λόγῳ
3650 2103 3869 2182 κεχρη-

2203 2209 2313 2258 ται,
2347 2188 2661 2263 ἑρμηνεύων
2692 2195 2811 2254 πῶς
2842 2190 3180 2267 ἀπεθάνομεν
3210 2196 3279 2268 τῇ
3313 2193 3550 2268 ἁμαρτίᾳ
3604 2194 3697 2249 καὶ
3750 2216 3869 2274 φη-

2205 2298 2312 2333 σιν’
2345 2278 2415 2336 Ἤ
2448 2280 2689 2356 ἀγνοεῖτε
2720 2282 2807 2337 ὅτι
2857 2283 2977 2338 ὅσοι
3031 2282 3109 2347 εἷς
3163 2284 3397 2359 Χριστὸν
3455 2277 3875 2358 ἐϐαπτίσθημεν

2208 2368 2289 2423 εῗσ
2317 2373 2485 2425 τοῦτο
2517 2365 2812 2442 ἐϐαπτίσθη
2825 2392 2939 2446 μεν,
2974 2370 3051 2434 εἷς
3080 2373 3142 2427 τὸ
3184 2373 3274 2428 καὶ
3332 2373 3488 2429 αὐτοὶ
3540 2373 3832 2430 ἀποθανεῖν
3862 2396 3882 2449 ;

2206 2459 2431 2515 θάνατον
2463 2460 2564 2536 γὰρ
2600 2467 2851 2534 μιμεῖται
2879 2462 2943 2517 τὸ
2973 2461 3272 2539 βάπτισμα’
3304 2466 3473 2519 τοῦτο
3512 2464 3617 2539 γὰρ
3675 2461 3876 2536 δηλοῖ,

2204 2553 2290 2624 τὸ,
2326 2552 2484 2619 «Εἰς
2509 2554 2861 2627 τὸνςθάνατον
2895 2555 3060 2611 αὐτοῦ
3094 2551 3525 2630 ἐϐαπτίσθημεν.
3563 2580 3584 2609 ι
3648 2556 3718 2615 Ei
3768 2558 3881 2636 γάρ

2207 2641 2298 2698 καὶ
2334 2644 2410 2715 μή
2447 2644 2763 2717 σωματικός
2790 2645 2904 2701 ἐστι
2931 2646 3164 2718 θάνητος
3207 2647 3269 2701 τὸ
3326 2646 3633 2723 βαπτισμα,
3686 2648 3871 2724 ἁμαρ-

2206 2736 2337 2788 τιῶν
2380 2732 2583 2806 μέντοι.
2623 2760 2643 2785 ι
2681 2734 2779 2791 Διὰ
2825 2740 2922 2791 τοῦ
2987 2736 3361 2811 βαπτίσματος
3422 2734 3500 2801 εἲς
3554 2737 3645 2792 τὸν
3700 2737 3869 2794 θάνα-

2204 2845 2315 2881 τον.
2383 2849 2410 2876 ››
2469 2823 2692 2897 Ἐπειδὴ
2759 2827 3155 2902 βαπτιζόμενοι
3217 2826 3598 2904 ὁμολογοῦμεν
3663 2827 3864 2884 ἀποτε-

2207 2915 2462 2984 θνηκὲναι
2506 2919 2585 2988 τῷ
2636 2916 2830 2991 κόσμῳ
2887 2916 2975 2972 καὶ
3031 2917 3431 2982 ἆποτάσσεσθαι
3492 2921 3559 2992 τῇ
3616 2918 3855 2990 ἁμαρτίᾳ

2206 3002 2297 3057 καί
2326 3008 2406 3075 τῷ
2437 2998 2706 3077 διαϐόλῳ.
2771 3031 2791 3056 ι
2829 3004 3062 3081 Χριστὸς
3119 3006 3328 3083 ἠγέρθη
3393 3003 3483 3061 διὰ
3535 3008 3631 3070 τῆς
3690 3001 3854 3075 δόξης

2203 3097 2301 3148 τοῦ
2333 3094 2562 3169 Πατρός.
2601 3118 2628 3147 ››
2664 3097 2897 3165 Ηιθανήν
2944 3100 3182 3151 ποιεῖται
3238 3097 3338 3165 τήν
3395 3096 3700 3164 ἀνάστασιν,
3763 3093 3862 3152 διὰ

439 3194 575 3232 cum
608 3177 701 3233 his
733 3178 834 3249 qui
864 3178 1060 3234 adhuc
1090 3177 1318 3250 parvuli
1350 3184 1523 3234 erant
1551 3196 1747 3236 sermo
1797 3181 1912 3253 ipsi
1945 3186 2088 3237 erat.

535 3267 787 3290 f‘l-_:_...
828 3273 1016 3290 __-l-_.
1061 3268 1244 3290 n-1_2_
1274 3269 1673 3290 __--_LnL_.2_n_'
1706 3270 2055 3290 j!__,'__!1_n-m-

2203 3186 2302 3253 τῆς
2330 3188 2428 3240 τοῦ
2483 3183 2791 3261 ἐγείραντος
2850 3183 3032 3256 δόξης.
3091 3183 3289 3248 Καλῶς
3348 3185 3440 3241 οῦν
3498 3185 3589 3241 τὸν
3646 3183 3861 3263 Πατέρα

2320 3273 2334 3290 .
2427 3274 2441 3290 .
2664 3276 2674 3290 .
2848 3280 2892 3290 --
2985 3275 2997 3290 .
3187 3273 3201 3290 .
3297 3269 3321 3290 ν
3433 3271 3457 3290 ε.
3521 3275 3579 3290 ..

437 3298 503 3308 —-
534 3267 794 3323 Gloriam
824 3273 1024 3323 autem
1059 3268 1443 3338 Ροιι-ίεγοοειι
1459 3269 1677 3325 Christi
1696 3270 2090 3354 divinitatem,

432 3356 544 3412 hoc
577 3363 686 3425 est,
719 3374 825 3428 per
871 3359 1176 3430 prapriam
1236 3357 1627 3415 divinitatem.
1682 3361 1826 3415 Nam
1876 3367 1936 3416 et
1973 3361 2089 3417 alio

432 3447 562 3503 loco
595 3446 776 3501 dicit:
811 3468 840 3498 ‹‹
873 3447 944 3502 Ut
975 3447 1128 3502 Deus
1161 3447 1397 3501 Domini
1446 3449 1635 3503 nostri
1688 3449 1828 3505 Jesu
1872 3450 2089 3505 Christi

434 3537 609 3592 Pater
638 3535 840 3608 glorias
871 3536 933 3589 ²⁰.
975 3556 999 3587 υ
1034 3537 1422 3608 Consequens
1456 3544 1654 3593 autem
1687 3544 1814 3594 erat
1841 3544 1908 3594 ut
1928 3540 2089 3596 dice-

432 3631 551 3681 ret:
588 3630 672 3681 lta
695 3632 754 3680 et
776 3642 885 3681 nos
906 3643 1286 3699 resurgemus
1311 3644 1324 3681 :
1361 3627 1464 3682 sed
1478 3627 1553 3682 ad
1576 3630 2088 3686 conversationem

433 3716 566 3771 vitae
597 3714 926 3781 descendit,
988 3715 1165 3771 aliam
1193 3732 1229 3771 a
1257 3715 1431 3771 nobis
1489 3723 1771 3789 expetens
1819 3735 2089 3775 resurre-

433 3806 718 3876 ctionem,
747 3824 878 3878 quas
911 3812 1001 3861 est
1028 3823 1135 3878 per
1165 3806 1383 3863 bonam
1417 3824 1649 3863 morum
1681 3810 2087 3866 conversatio-

429 3916 591 3969 nem,
622 3899 684 3954 in
715 3916 833 3971 qua
876 3905 1186 3972 peccatum
1244 3903 1587 3974 mortuum;
1607 3908 1715 3968 est,
1771 3904 1888 3960 vita
1944 3920 2084 3960 vero

428 3989 687 4062 resurgit
714 3990 916 4045 virtuti
937 3989 1281 4045 conformis.
1308 3991 1453 4045 Nam
1485 3990 1626 4046 dum
1658 3991 1895 4048 adulter
1914 3992 2085 4050 dein-

428 4094 568 4150 ceps
588 4078 949 4134 adulterium
965 4078 1221 4150 amplius
1239 4095 1359 4134 non
1373 4086 1898 4153 perpetrat,neque
1929 4084 2021 4139 27
2033 4085 2078 4141 5

431 4173 635 4239 raptor
655 4170 784 4241 jam
816 4186 937 4224 non
967 4169 1145 4241 rapit,
1177 4168 1288 4225 hoc
1316 4170 1447 4225 vita:
1480 4171 1709 4228 novitas
1740 4178 1849 4227 est.

500 4259 637 4313 Item
668 4264 719 4313 et
747 4258 929 4314 aliter.
952 4259 1168 4315 Novam
1187 4264 1421 4330 oportet
1450 4275 1578 4316 esse
1601 4261 1780 4316 vitam
1813 4261 2081 4319 ﬁdelium

436 4365 568 4419 quae
599 4346 834 4403 nullum
861 4347 1079 4403 veteris
1109 4348 1333 4419 peccati
1379 4350 1691 4406 contrahat
1719 4353 2079 4426 contagium.

432 4459 453 4486 ι
494 4438 639 4493 Nam
672 4436 721 4492 si
754 4436 1162 4510 complantati.
1200 4461 1226 4487 ιι
1260 4438 1725 4496 Similitudinem
1765 4443 2081 4502 ostendere

426 4531 676 4584 conatur
705 4527 861 4583 inter
889 4544 997 4583 nos
1027 4544 1095 4583 ac
1125 4526 1446 4596 Christum,
1482 4536 1540 4584 et
1569 4531 1651 4585 ait
1684 4547 1697 4586 :
1748 4554 1775 4582 «
1810 4532 1866 4587 Si
1915 4550 2077 4590 com-

422 4616 678 4689 plantati
709 4617 827 4672 sive
859 4617 1180 4689 participes
1208 4616 1347 4674 facti
1407 4635 1612 4675 sumus
1660 4622 1888 4679 mortis.
1924 4644 1952 4673 ››
1985 4623 2069 4680 Ob

423 4706 535 4763 hoc
557 4714 757 4764 autem
779 4706 1557 4780 complantatosdicit,quod
1576 4711 2082 4784 quemadmodum

423 4813 640 4870 corpus
671 4796 1050 4854 Dominicum
1109 4797 1170 4852 in
1230 4802 1390 4854 terra
1446 4800 1768 4872 sepultum,
1826 4803 2081 4860 salutem

421 4886 643 4943 mando
674 4885 972 4958 produxit,
1006 4888 1088 4942 ita
1146 4891 1204 4942 et
1250 4893 1543 4957 nostrum,
1595 4888 1810 4961 inquit,
1859 4891 1919 4948 in
1976 4891 2083 4949 ba-

421 4975 700 5047 ptismate
732 4975 1033 5047 sepultum
1064 4975 1389 5048 nobisipsis
1430 4978 1729 5048 justitiam
1778 4981 2078 5051 produxit.

420 5063 823 5134 Metaphorica
854 5064 1033 5119 dictio
1085 5070 1193 5120 est.
1254 5066 1673 5137 Complantati,
1722 5067 1796 5122 ab
1847 5070 2076 5126 arbori-

2204 3273 2368 3353 φησῖν
2424 3274 2793 3350 ἐγηγερκέναι.
2848 3275 3086 3347 Νηπίοις
3142 3273 3243 3349 γὰρ
3294 3269 3375 3330 ἔτι
3428 3271 3759 3352 διαλέγεται.
3791 3308 3863 3319 --

2202 3365 2537 3438 [ΘΕΟΔΩΡ.]
2596 3364 2759 3435 Δόξαν
2847 3361 2904 3419 δὲ
2985 3368 3083 3419 τοῦ
3171 3364 3405 3441 Πατρὸς,
3460 3364 3560 3434 τὴν
3621 3366 3861 3436 θεότητα

2198 3453 2359 3510 καλεῖ
2386 3458 2483 3510 τοῦ
2510 3458 2778 3529 Χριστοῦ,
2807 3451 3076 3523 τουτέστι,
3112 3450 3203 3510 διὰ
3257 3461 3359 3523 τῆς
3404 3452 3609 3516 οἰκείας
3662 3465 3861 3527 θεοτη-

2198 3565 2312 3607 τος.
2348 3544 2581 3619 Καὶγᾶρ
2638 3541 2690 3598 ἐν
2750 3538 2917 3620 ἑτέρῳ
2974 3543 3161 3623 φησίν⁸
3223 3569 3250 3596 ‹‹
3308 3544 3424 3601 Ἰνα
3481 3544 3511 3599 ὁ
3569 3547 3699 3606 Θεὸς
3758 3546 3864 3599 τοῦ

2200 3635 2404 3711 Κυρίου
2434 3636 2596 3708 ἡμῶν
2627 3635 2809 3703 Ἰησοῦ
2869 3635 3110 3708 Χριστοῦ
3141 3634 3169 3688 ὁ
3204 3634 3388 3709 Πατὴρ
3449 3640 3549 3703 τῆς
3602 3630 3788 3703 δόξης.
3832 3658 3863 3686 ››

2196 3728 2299 3783 Ἢν
2353 3721 2411 3780 δὲ
2461 3723 2794 3779 ἀκόλουθον
2854 3722 3047 3781 εἰπεῖν.
3106 3722 3295 3786 Οὕτως
3356 3724 3448 3780 καὶ
3506 3726 3669 3799 ἡμεῖς
3726 3725 3864 3780 ἀνα-

2198 3815 2528 3889 στησόμεθα’
2564 3813 2690 3870 ἀλλ’
2736 3812 2812 3876 εἷς
2870 3810 3155 3870 πολιτείαν
3210 3814 3400 3884 ἦλθεν,
3460 3812 3641 3890 ἑτέραν
3700 3817 3864 3888 ἡμᾶς

2196 3906 2439 3961 ἀπαιτῶν
2505 3902 2812 3972 ἀνάστασιν,
2894 3903 2992 3971 τὴν
3051 3898 3140 3957 διά
3216 3906 3469 3978 χρηστῆς
3542 3899 3869 3985 πολιτείοις³

2196 3993 2313 4069 ἐνῇ
2361 3997 2638 4069 νεκροῦται
2701 3992 2795 4065 μὲν
2854 3993 2888 4060 ἡ
2950 3990 3209 4066 ἁμαρτία,
3271 3988 3546 4046 ἀνίσταται
3607 3987 3667 4045 δὲ
3728 3991 3869 4065 βίος

2193 4084 2458 4161 ἐνάρετος.
2518 4084 2575 4137 Ὀ
2632 4082 2828 4155 πόρνος
2887 4079 2938 4137 ἐν
2996 4079 3042 4153 ᾦ
3132 4078 3326 4154 μηκέτι
3407 4080 3680 4156 πορνεόει,
3761 4080 3864 4137 καὶ

2194 4176 2222 4229 ὁ
2254 4174 2424 4250 ἅρπαξ
2462 4173 2538 4246 μή
2571 4172 2822 4249 ἁρπάζει,
2852 4174 3014 4225 τοῦτο
3044 4170 3303 4242 καινότης
3334 4174 3502 4240 ζωῆς.

2264 4264 2369 4322 Καὶ
2402 4261 2610 4326 ἃλλως.
2675 4262 2885 4337 [ΦΩΤ.]
2942 4260 3082 4319 Νέαν
3139 4256 3222 4315 δεῖ
3276 4259 3409 4315 εἶναι
3465 4263 3575 4316 τῶν
3635 4266 3858 4317 πιστῶν

2189 4356 2290 4424 τήν
2322 4354 2486 4424 ζωὴν,
2521 4349 2691 4426 μηδὲν
2738 4357 2840 4420 τῆς
2898 4346 3134 4414 παλαιᾶς
3187 4349 3456 4426 ἁμαρτίας
3512 4347 3857 4425 ἐπισυρομέ-

2189 4466 2287 4515 νην
2318 4438 2555 4519 ἐφόδιον,
2590 4463 2615 4494 α
2653 4439 2713 4497 Εἰ
2742 4439 2843 4515 γάρ
2875 4432 3167 4518 σόμφυτοι.
3202 4461 3230 4491 n
3287 4437 3621 4511 Ὀμοιότητα
3673 4434 3861 4511 δεῖξαι

2190 4534 2459 4609 ἐπιχειρεῖ
2490 4534 2650 4606 ἡμῶν
2682 4550 2740 4584 τε
2767 4529 2859 4584 καὶ
2889 4530 2988 4584 τοῦ
3019 4530 3277 4604 Χριστοῦ,
3330 4527 3420 4584 καί
3474 4545 3661 4608 φησιν·
3701 4551 3730 4583 ι
3787 4529 3861 4587 Εἰ

2185 4622 2479 4704 σύμφυτοί,
2521 4622 2638 4677 οἷον
2676 4617 3048 4698 συμμέτοχοι,
3081 4617 3373 4695 γεγόναμεν
3405 4616 3502 4674 τοῦ
3529 4628 3787 4683 θανατου.
3827 4643 3859 4672 η

2194 4701 2517 4785 Συμφῦτους
2551 4706 2608 4763 δὲ
2636 4705 2782 4784 λέγει
2834 4703 2924 4761 διὰ
2969 4708 3154 4773 τοῦτο,
3206 4701 3388 4780 ὥσπερ
3440 4704 3503 4761 τὸ
3562 4708 3725 4777 σῶμα
3787 4705 3860 4760 τὸ

2193 4799 2517 4856 Δεσποτικὸν
2547 4798 2710 4876 ταφὲν
2744 4795 2795 4851 ἐν
2826 4798 2895 4870 τῇ
2935 4798 3009 4871 γῇ
3065 4788 3224 4871 ἔφυσε
3276 4793 3550 4870 σωτηρίαν
3604 4797 3684 4873 τῷ
3744 4794 3862 4852 κός

2191 4910 2335 4963 σμφ,
2370 4887 2545 4950 οὕτως
2575 4887 2667 4942 καὶ
2696 4889 2759 4941 τὸ
2781 4886 2965 4960 ἡμῶν,
2999 4884 3155 4962 φησὶ,
3212 4883 3373 4962 ταφὲν
3407 4882 3458 4940 ἐν
3504 4887 3583 4957 τῷ
3642 4882 3864 4960 βαπτί-

2186 5000 2372 5053 σματι,
2406 4970 2593 5059 ἔφυσεν
2632 4978 2769 5052 ἡμῖν
2830 4976 3020 5037 αὐτοῖς
3062 4970 3429 5044 δικαιοσύνην.
3484 4972 3629 5029 Κατὰ
3676 4993 3861 5045 μετα.

2185 5069 2358 5150 φοράν
2390 5058 2453 5138 ἡν
2488 5065 2650 5138 λέξις,
2711 5065 2817 5122 ἀπὸ
2872 5068 2980 5121 τῶν
3039 5064 3177 5119 κατὰ
3234 5065 3544 5141 συγγένειαν
3598 5058 3860 5138 δένδρων

415 5151 725 5224 busjuxta
775 5154 1239 5209 similitudinem
1290 5161 1546 5227 sumpta,
1594 5174 1726 5228 qua;
1772 5159 1953 5215 simul
2001 5162 2076 5218 ad

2201 5161 2298 5233 ἱμα
2326 5156 2703 5239 φυτευομένων
2735 5156 2825 5211 καὶ
2882 5153 2974 5210 σὺν
3035 5151 3333 5225 ἀλλήλοις.
3385 5152 3665 5231 Σῦμφυτοι
3721 5150 3863 5224 οὖν,

416 5257 478 5297 se
536 5241 789 5296 invicem
847 5243 1129 5313 plantatm
1181 5250 1340 5299 sunt.
1406 5246 1605 5316 Itaque
1662 5248 2072 5321 complantati,

2201 5251 2338 5326 ρησὶ,
2369 5248 2667 5326 γεγόναμεν
2700 5250 2778 5319 τῷ
2837 5244 3154 5318 ὁμοιώματι
3197 5249 3296 5300 τοῦ
3355 5244 3585 5309 θανάτου
3640 5242 3857 5317 αὐτοῦ,

413 5329 516 5397 ait,
556 5327 696 5383 facti
755 5345 963 5384 sumus
1031 5331 1424 5387 similitudine
1483 5333 1692 5388 mortis
1749 5335 1900 5407 ejus,
1960 5339 2074 5396 hoc

2201 5339 2447 5408 εουτέσσι,
2481 5336 2909 5410 συναπεθάνομεν
2934 5335 3105 5407 αὐτῷ.
3155 5334 3388 5396 Οἱκείως
3447 5331 3505 5388 δὲ
3557 5332 3863 5408 ἐχρήσατο

412 5425 504 5475 est
533 5420 888 5475 commortui
920 5436 1127 5476 sumus
1167 5421 1303 5493 ipsi.
1365 5424 1611 5494 Proprie
1669 5430 1869 5480 autem
1926 5445 2069 5486 usus

2273 5427 2475 5503 τροπῇ.
2507 5433 2710 5499 Ὥσπερ
2742 5425 2847 5501 γάρ
2876 5424 2939 5480 τὸ
2971 5423 3136 5505 φυτὸν
3193 5422 3248 5478 ἐν
3300 5426 3372 5497 τῇ
3427 5425 3499 5496 γῇ
3552 5423 3863 5478 κατατεθὲν

410 5517 603 5584 tropo.
634 5511 781 5568 Nam
810 5511 965 5568 sicut
1011 5511 1217 5584 planta
1271 5513 1473 5586 aliquo
1532 5520 1822 5587 tempore,
1884 5520 2064 5577 veluti

2201 5517 2548 5599 {ptimum/ri,
2581 5517 2698 5572 οἷον
2743 5513 3001 5592 νέκρωσίν
3045 5534 3163 5570 τινα
3213 5513 3301 5569 καὶ
3361 5511 3643 5585 ἀκινησίαν
3702 5509 3863 5568 ὑπο-

477 5708 525 5747 ιο
556 5709 773 5785 Iph...
807 5728 849 5783 ι,
884 5715 935 5769 ι.
