4114 6398
277 449 398 514 433

1356 449 1766 514 COMMENT.
1813 449 1894 509 IN
1938 450 2348 514 ΕΡΙΞΤῘΑΙ)
2395 454 2586 515 ROM.

3580 453 3699 515 434

272 581 657 660 pingiu-sna:
704 582 764 641 δὲ
817 584 1018 658 ἀθρόον
1075 585 1246 657 ἀναζῇ
1293 585 1383 641 καὶ
1445 582 1766 655 ἀναθάλλει,
1799 583 1944 642 οὕτω

2061 591 2587 648 mortiﬁcationem
2603 591 2925 664 quamdam
2946 593 3188 666 patitur,
3209 592 3728 665 deindeprotinus

271 677 367 731 καὶ
397 677 459 731 τὸ
491 674 768 750 Κυριακὸν
803 680 964 748 σῶμα
994 674 1080 731 ἐπὶ
1117 676 1320 752 χρόνον
1355 673 1572 754 βραχὺν
1603 675 1756 739 τεθέν
1787 674 1840 731 ἐν
1871 681 1952 747 τῷ

277 767 463 843 τάφῳ,
532 765 736 839 ἀθρόον
786 763 1017 836 ἤνθησεν
1084 764 1311 835 ἐκεῖθεν,
1369 765 1462 820 καὶ
1520 760 1825 836 ἐϐλάστησε
1880 769 1949 839 τῇ

280 855 581 930 οἰκουμένῃ
614 855 721 924 τήν
754 854 1048 929 σωτηρίαν.
1084 854 1180 910 Καὶ
1227 858 1390 928 ἡμεῖς
1443 852 1500 911 δὲ
1555 856 1948 930 βαπτιζόμενοι

281 945 377 1001 καὶ
421 946 848 1018 ἒνθαπτόμενοι,
905 945 996 1000 καὶ
1045 945 1249 1020 τρόπον
1305 947 1428 1000 τινα
1483 942 1668 1021 ὥσπερ
1715 945 1782 1000 τὰ
1811 945 1952 1024 φυτὰ

277 1039 354 1110 τῇ
393 1039 490 1108 γῇ,
552 1033 732 1097 οὕτως
794 1035 881 1089 καὶ
942 1037 1105 1108 ἡμεῖς
1162 1033 1578 1109 ἐννεκροόμενοι
1635 1039 1714 1106 τῷ
1769 1031 1948 1104 ὕδατι,

281 1124 490 1200 ἀθρόον
524 1121 826 1188 θάλλοντες
853 1123 940 1179 καὶ
973 1123 1306 1195 ἀκμάζοντες
1338 1124 1437 1193 τήν
1470 1128 1620 1198 σφῶν
1679 1123 1951 1193 σωτηρίαν

273 1217 668 1292 ἀνερχόμεθα.
712 1215 911 1278 Καλῶς
944 1212 1002 1271 δὲ
1033 1214 1132 1271 οὐκ
1174 1219 1314 1282 εἷπε,
1375 1240 1402 1268 (ι
1430 1215 1713 1290 Σύμφυτοι
1743 1221 1823 1289 τῷ
1854 1218 1952 1270 θα-

275 1309 457 1382 νάτῳ,
489 1306 638 1364 ἀλλὰ
673 1312 757 1378 τῷ
817 1307 1154 1380 ὁμοιώματι·
1188 1330 1218 1361 ››
1277 1307 1540 1380 ὁμοίωμα
1569 1307 1672 1382 γὰρ
1719 1307 1950 1371 θανάτου

281 1397 495 1474 ἔχομεν
527 1395 584 1451 ἐν
615 1401 697 1469 τῷ
732 1397 1088 1470 βαπτίσματι,
1134 1395 1195 1450 οὗ
1230 1397 1538 1470 σωματικὸν
1601 1397 1843 1460 θάνατον.
1881 1397 1950 1454 Al.

284 1489 394 1564 γὰρ
436 1494 588 1562 τρεῖς
660 1483 980 1548 καταδύσεις
1062 1485 1153 1541 καὶ
1241 1483 1520 1549 ἀναδόσεις
1590 1489 1692 1541 τοῦ
1753 1485 1952 1560 βαπτί-

285 1601 499 1654 σματος
536 1622 550 1645 ,
624 1581 855 1635 θάνατον
921 1579 1010 1634 καὶ
1068 1579 1352 1635 ἀνάστασιν
1420 1579 1820 1651 σημαίνουσιν.
1879 1610 1951 1621 —--

284 1675 618 1749 [KTPIAA.]
671 1672 970 1746 Ὀμοίωμα
1035 1673 1288 1742 θανάτου,
1339 1673 1366 1728 6
1407 1677 1642 1746 Χριστοῦ
1699 1674 1947 1742 θάνατος,

291 1759 389 1818 διά
413 1762 477 1816 τὸ
512 1763 588 1833 μὴ
642 1760 1121 1834 ἀπομεμενηκέναι
1176 1761 1336 1818 αὐτὸν
1391 1766 1470 1833 τῷ
1527 1762 1758 1834 θανάτῳ,
1820 1759 1948 1816 ἀλλ’

288 1844 602 1906 ἀναϐιῶναι
629 1853 943 1926 τριήμερον.
985 1851 1080 1905 Καὶ
1111 1848 1214 1906 πά)
1233 1870 1300 1905 ιν⁹
1362 1851 1658 1926 Ὀμοίωμα
1715 1852 1948 1916 θανάτου

2055 682 2433 755 Γθνίιὶδοίῑςᾶο
2464 684 2805 738 revirescit:
2842 683 2924 738 ita
2958 689 3016 738 et
3061 700 3276 755 corpus
3335 683 3707 739 Dominicum

2054 771 2128 828 ad
2152 772 2325 828 breve
2355 779 2588 844 tempus
2611 773 2673 828 in
2694 773 2964 846 sepulcro
2991 773 3271 844 positum,
3292 772 3430 827 inde
3463 777 3705 844 repente

2054 861 2336 928 efﬂoruit,
2370 863 2898 934 orbiquejsalutem
2928 862 3436 935 germinavit.Nos
3469 879 3702 935 quoque

2054 950 2196 1008 dum
2220 952 2799 1025 baptizamur,etiam
2817 952 3172 1024 sepelimur:
3196 952 3708 1024 etquodammodo

2052 1042 2232 1097 veluti
2266 1042 2482 1114 plantas
2506 1043 2566 1098 in
2591 1047 2768 1109 terra,
2792 1044 2874 1098 ita
2891 1049 2949 1098 et
2972 1060 3082 1099 nos
3100 1043 3160 1097 in
3183 1059 3340 1113 aqua
3365 1043 3708 1110 morientes,

2053 1133 2594 1204 repenteﬂirentes
2651 1138 3036 1204 nostramque
3098 1133 3352 1188 salutem
3386 1133 3710 1204 pullantes,

2053 1221 2450 1278 ascendimus.
2474 1221 2728 1279 Pulchre
2742 1227 2937 1278 autem
2955 1222 3105 1277 dixit
3129 1238 3142 1275 :
3168 1244 3195 1270 ‹‹
3220 1221 3616 1292 Complantati
3639 1221 3712 1275 si-

2054 1311 2690 1382 militudine:mortis,n
2711 1318 3051 1375 non,morte
3073 1329 3084 1366 :
3104 1311 3310 1367 mortis
3328 1313 3488 1367 enim
3507 1310 3712 1366 simili-

2053 1399 2615 1457 tudinemhabemus
2632 1403 2694 1456 in
2716 1401 3710 1474 baptismo.noncorporismortem.

2053 1491 2196 1546 Nam
2217 1491 2636 1564 tresibaptismi
2657 1491 3041 1547 immersione
3057 1491 3546 1547 etimmersiones
3561 1507 3712 1544 mor-

2054 1587 2173 1636 tem
2192 1597 2260 1637 ac
2278 1582 2743 1637 resurectionem
2759 1581 3113 1653 signiﬁcant.
3129 1612 3181 1622 —-
3195 1581 3531 1636 Similitudo
3550 1595 3712 1636 mor-

2054 1671 2129 1726 tis
2147 1677 2238 1728 est
2258 1671 2472 1727 Christi
2493 1687 2751 1739 mors,eo
2778 1670 2936 1742 quod
2959 1672 3019 1726 in
3047 1675 3237 1726 morte
3253 1687 3374 1726 non
3398 1671 3708 1732 manserit,

2055 1761 2158 1818 sed
2187 1761 2360 1817 tertio
2392 1760 2487 1816 die
2522 1761 2819 1816 revixerit.
2849 1762 3218 1831 Et:rursum:
3258 1760 3461 1833 Passio
3495 1764 3621 1815 erat
3650 1759 3709 1814 in

2053 1852 2310 1918 Christo;
2334 1851 2542 1906 mortis
2591 1849 2943 1915 similitudo,
2976 1849 3182 1922 ;idque
3231 1851 3607 1906 convenienti
3634 1849 3707 1905 ad

284 1941 355 1997 τὸ
417 1942 590 2026 πήθος
638 1941 698 2009 ἦν
786 1939 840 1994 ἐν
895 1938 976 2013 τῷ
1028 1945 1270 2016 Χριστῷ,
1329 1940 1416 1996 καὶ
1479 1939 1627 2014 μάλα
1691 1941 1939 2002 εἰκότως.

2061 1941 2298 1996 modum
2321 1940 2459 2014 jure
2489 1940 2729 1995 :revixit
2751 1940 2911 1996 enim
2925 1957 3036 1996 nec
3056 1947 3324 1996 mortuus
3355 1940 3703 2012 permansit.

286 2024 521 2088 ’Λνεϐίω
583 2030 682 2107 γὰρ
741 2029 832 2085 καί
900 2029 963 2085 οὐ
1033 2029 1308 2104 μεμένηκε
1384 2029 1589 2106 νεκρός.
1679 2055 1706 2081 ‹‹
1769 2029 1945 2087 ’Δλλὰ

269 2120 370 2176 καὶ
417 2126 521 2189 τῆς
577 2118 924 2181 ἀναστάσεως
981 2118 1296 2190 ἐσόμεθα.»
1357 2120 1571 2190 Ποίας;
1640 2122 1756 2185 Τῆς
1813 2119 1940 2175 ὅταν

267 2211 622 2283 ἀναστῶμεν.
657 2241 724 2250 -
757 2209 1091 2284 [ΟΙΚΟΥΜ.]
1129 2209 1233 2265 Καὶ
1286 2211 1387 2281 δρα
1444 2209 1755 2285 ἀγαθότητα
1786 2214 1940 2265 Θεοῦ·

268 2303 370 2358 τὸν
406 2301 505 2373 μὲν
569 2299 797 2364 θάνατον
842 2303 945 2354 τοῦ
1012 2299 1234 2374 Κυρίου.
1297 2300 1372 2362 ὡς
1412 2297 1466 2354 ἐν
1525 2299 1690 2355 εἰκόνι
1752 2301 1945 2355 ἀπεθα-

272 2411 461 2461 νομεν,
495 2396 598 2458 τῆς
631 2386 689 2444 δὲ
711 2389 1055 2450 ἀναστάσεως
1082 2389 1306 2458 ἀληθῶς
1335 2391 1772 2463 κοινωνήσομεν.

347 2485 522 2540 Τοῦτο
573 2480 962 2556 γινώσκοντες,
1050 2481 1133 2536 ὅτι
1219 2481 1246 2535 6
1333 2478 1569 2544 παλαιὸς
1638 2483 1796 2554 ἡμῶν
1857 2481 1946 2536 ἄνη

270 2585 495 2647 θρωπος
595 2568 1012 2642 συνεσταυρώθη
1050 2613 1063 2638 ,
1139 2569 1224 2624 ἳνα
1282 2568 1602 2646 καταργηθῂ
1664 2570 1726 2626 τό
1784 2571 1946 2643 σώμα

267 2665 369 2731 τῆς
442 2658 767 2735 ἁμαρτίας,
861 2662 962 2713 τοῦ
1033 2660 1232 2732 μηκέτι
1301 2653 1579 2714 δουϐεόειν
1659 2662 1808 2733 ἡμᾶς
1873 2664 1942 2733 τῇ

274 2751 538 2824 ἁμαρτίᾳ.
600 2749 662 2806 Ὀ
727 2749 832 2825 γαρ
895 2748 1181 2804 ἀποθανὼν
1250 2745 1598 2804 δεδικαίωται
1667 2748 1773 2804 ἀπὸ
1843 2757 1943 2820 τῆς

273 2840 580 2918 ἁμαρτίας.
615 2838 677 2897 Εἰ
707 2836 764 2894 δὲ
814 2837 1152 2912 ἀπεθάνομεν
1186 2838 1280 2894 σὺν
1339 2841 1578 2915 Χριστῷ,
1611 2839 1944 2914 πιστεόομεν

264 2931 349 2988 δτι
379 2931 474 2987 καὶ
510 2931 824 3003 συζήσομεν
858 2929 1036 3001 αὐτῷ.
1645 2917 1660 2932 ’

340 3025 483 3082 Εἶτα
515 3020 662 3095 λέγει
693 3024 811 3081 πῶς
878 3022 1015 3090 ἡμῖν
1074 3020 1223 3075 ἒσταί
1283 3016 1534 3094 ἐπίδοξος
1571 3021 1604 3090 ἡ
1639 3020 1944 3088 ἀνάστασις,

268 3114 358 3169 σαί
390 3132 554 3194 φησιο
591 3137 617 3162 α
661 3114 831 3166 Τοῦτο
863 3111 1222 3184 γινώκκοντες
1255 3111 1338 3166 ὅτι
1403 3111 1431 3166 6
1490 3109 1725 3174 παλαιὸς
1782 3113 1945 3184 ἡμῶν

273 3206 579 3278 ἅνθρωπος
639 3200 960 3272 (τουτέστιν,
1010 3201 1039 3256 6
1081 3201 1533 3277 κατεγνωσμένος
1587 3199 1749 3277 βίος),
1821 3221 1946 3255 συν-

2053 2055 2080 2082 ‹‹
2117 2031 2406 2086 Nimirum
2459 2036 2518 2086 et
2575 2031 3028 2086 resurrectionis
3060 2031 3304 2085 erimus.
3342 2052 3368 2079 n
3401 2031 3582 2103 Cujus
3614 2047 3704 2086 re-

2050 2123 2488 2195 surrectionis_?
2519 2123 2657 2194 Ejus
2697 2122 2985 2176 nimirum
3035 2122 3376 2193 quaa'nobis
3407 2122 3712 2193 continget

2049 2217 2151 2272 ubi
2180 2217 2708 2273 resurrexerimus.
2747 2217 2815 2270 Et
2841 2215 2974 2270 vide
3008 2215 3110 2270 Dei
3144 2214 3493 2270 bonitatem.
3528 2215 3712 2269 Morte

2052 2310 2292 2382 quidem
2326 2307 2560 2365 Domini
2616 2307 2784 2379 quasi
2817 2324 2922 2378 per
2953 2306 3438 2378 fsimilitudinem
3493 2306 3710 2361 mortui

2052 2417 2260 2457 sumus
2283 2398 2784 2455 resurrectionem
2811 2402 3011 2452 autem
3042 2412 3176 2451 vere
3201 2395 3714 2467 participabimus.

2124 2491 2215 2556 Vl,
2251 2490 2369 2544 6-8.
2405 2491 2516 2543 Hoc
2542 2487 2787 2556 scientes‘
2801 2487 2952 2556 quod
2970 2492 3120 2541 vetus
3149 2485 3523 2554 noster_homo
3551 2483 3720 2540 simul

2050 2581 2348 2648 cruciﬁxus
2405 2586 2502 2645 est,
2564 2584 2623 2632 ut
2682 2575 3070 2633 dissolveretur
3124 2591 3320 2646 corpus
3371 2573 3611 2645 peccati,
3661 2580 3723 2628 ut

2051 2671 2304 2740 deinceps
2335 2684 2444 2724 non
2493 2671 2816 2724 serviremus
2856 2673 3101 2737 peccato.
3162 2667 3381 2720 Etenim
3413 2667 3511 2736 qui
3566 2681 3719 2719 mor-

2051 2755 2178 2816 ‘uus
2205 2765 2304 2824 est,
2327 2759 2671 2829 justi/tcutus
2702 2763 2781 2811 est
2810 2773 2844 2810 a
2869 2762 3113 2826 peccato.
3141 2755 3296 2820 Quod
3323 2757 3369 2810 si
3393 2754 3600 2810 mortui
3629 2771 3718 2809 su-

2066 2867 2184 2906 mus
2215 2850 2368 2906 276
2426 2865 2547 2903 cum
2592 2847 2836 2916 Christo,
2860 2847 3129 2901 credimus
3158 2845 3308 2915 quod
3338 2847 3526 2914 etiam,
3558 2845 3724 2899 simul

2051 2943 2295 2996 vivemus
2325 2955 2447 2993 cum
2477 2954 2560 2993 eo.

2128 3029 2283 3084 Dicit
2340 3031 2782 3097 consequenter
2836 3023 3136 3096 quomodo
3198 3022 3726 3093 nobis'continget

2051 3118 2310 3192 gloriosa
2322 3115 2865 3180 resurrectio,etait
2889 3131 2901 3169 :
2922 3119 3087 3186 «Hoc
3105 3114 3360 3168 scientes
3378 3111 3534 3183 quod
3555 3117 3720 3166 vetus

2052 3213 2256 3265 noster
2277 3208 2452 3262 homo
2476 3205 2609 3275 (hoc
2641 3209 2729 3261 est
2749 3204 3148 3261 condemnata
3177 3202 3314 3272 vita)
3344 3200 3524 3256 simul
3583 3216 3719 3255 cum

270 3293 597 3368 εσταυρώθη
632 3314 664 3344 »
690 3294 769 3361 τῷ
801 3292 1019 3364 Χριστῷ
1057 3287 1146 3345 διὰ
1199 3294 1296 3344 τοῦ
1358 3290 1757 3364 βαπτίσματος,
1789 3290 1872 3370 ἐφ’
1901 3290 1947 3363 ᾧ

533 3381 548 3397 ς
919 3381 983 3397 η..
1201 3379 1215 3397 ς
1341 3383 1365 3392 -
1546 3383 1572 3394 -
1669 3381 1682 3397 ο
1847 3379 1859 3397 .

2062 3297 2294 3352 Christo
2325 3293 2644 3351 cruciﬁxus
2680 3300 2771 3349 est
2818 3296 2946 3364 per;
2972 3292 3375 3364 baptismum:
3438 3289 3498 3344 in
3558 3305 3719 3353 eum,

271 3404 354 3445 τε,
411 3381 574 3460 φησὶ,
664 3381 1078 3455 καταργηθῆναι
1161 3379 1224 3434 τὸ
1302 3383 1460 3452 σῶμα
1507 3383 1606 3444 τῆς
1659 3379 1946 3454 ἁμαρτίας,

267 3469 579 3532 τουτέστιν.
630 3467 725 3524 ’ἶνα
772 3467 1029 3546 νέκρωσιν
1092 3470 1152 3524 αἱ
1215 3468 1376 3525 κακαὶ
1437 3469 1656 3544 πράξεις
1716 3469 1956 3542 ὑπομεί-

269 3583 466 3622 νωσιν,
501 3560 564 3623 ἃς
595 3559 686 3614 καὶ
715 3557 868 3634 λέγει
930 3561 1091 3630 σῶμα
1147 3557 1438 3634 ἁμαρτίας,
1501 3591 1569 3601 _
1618 3561 1835 3635 [φατ’]
1887 3561 1946 3618 ιο

281 3645 845 3714 παλαιὸς,τουτέστιν
882 3648 910 3703 ὁ
955 3647 1009 3702 ἐν
1065 3652 1186 3709 ταῖς
1235 3647 1532 3723 ἁμαρτίαις
1591 3646 1951 3712 παλαιωθείςο

285 3740 470 3798 Οἷτος
507 3737 623 3805 οὖν,
659 3739 1073 3812 βαπτιζομένων
1120 3738 1308 3811 ἡμῶν,
1369 3741 1765 3812 συσταυροῠται
1825 3740 1948 3813 X9:-

448 3829 539 3884 καὶ
572 3828 912 3902 ἀποθνήσκει,
952 3831 1043 3884 καὶ
1074 3829 1415 3909 ἀνερχόμεθα
1463 3830 1571 3886 ἀπὸ
1611 3835 1710 3886 τοῦ
1766 3830 1954 3907 βαπτί-

292 3940 510 3993 σματος
541 3920 706 3975 καινοὶ
734 3920 825 3977 καὶ
856 3920 1188 3997 πρόσφατοι,
1237 3920 1410 3974 πάντα
1437 3919 1532 3974 τὸν
1563 3917 1948 3978 παλαιωθέντα

290 4012 583 4085 ἄνθρωπον
612 4009 960 4082 ἀποθέμενοι,
1004 4009 1096 4064 καὶ
1145 4014 1491 4084 καταργεῖται
1524 4009 1614 4064 καὶ
1667 4010 1728 4064 τὸ
1790 4014 1949 4082 σῶμα

275 4106 382 4170 τῆς
416 4101 713 4172 αμαρτίας,
747 4098 800 4155 ἐν
900 4098 1234 4174 ἐστηρίζετο,
1288 4099 1377 4154 καὶ
1437 4098 1525 4176 ὑφ’
1581 4100 1649 4171 ἧς
1705 4097 1943 4174 ἐμορφο-

275 4197 472 4247 ποεῖτο
503 4190 533 4244 6
568 4188 806 4251 παλαιὸς
835 4191 998 4264 ἡμῶν
1052 4185 1360 4264 ἅνθρωπος,
1396 4191 1695 4259 τουτέστιν,
1727 4189 1754 4244 6
1781 4209 1946 4245 καταο

274 4281 529 4360 γηράσας
564 4279 688 4355 βίος
744 4280 908 4351 ἡμῶν
962 4284 1079 4342 τοῖς
1128 4280 1588 4355 παραπτώμασιν.
1622 4279 1946 4354 ’Ἄνθρωπον

277 4372 337 4430 δὶ
366 4372 533 4429 καλεῖ
561 4373 655 4426 τὸν
681 4391 954 4438 τοιοστον,
983 4371 1082 4438 τήν
1131 4375 1242 4426 τῶν
1299 4369 1602 4445 ἀνθρώπων
1657 4370 1795 4446 πρὸς
1849 4370 1948 4426 αὐ-

271 4466 369 4520 τὸν
419 4461 618 4534 δηλῶν
665 4459 1114 4517 δυσαπόσπαστον
1163 4463 1252 4517 καὶ
1293 4460 1672 4540 πολυχρόνιον
1731 4463 1943 4537 σχέσιν.

277 4555 468 4616 Οὕτως
503 4554 611 4632 γὰρ
643 4551 1036 4620 ἐνετιτῆκεισαν
1065 4552 1216 4622 αὖτῷ
1259 4552 1396 4623 πρὸς
1449 4557 1551 4620 τῆς
1610 4557 1945 4620 Δεσποτικῆς

277 4641 589 4714 ὶπιόημθας
618 4641 712 4699 καὶ
773 4640 1093 4713 οῗκονομίας
1125 4641 1178 4696 οἱ
1226 4638 1528 4717 ἄνθρωποι,
1583 4640 1658 4705 ὡς
1721 4638 1851 4715 μηδ’
1882 4641 1944 4695 ἂν

2065 3386 2282 3458 inquit,
2306 3383 2958 3456 ﬁnemutidissolvatur
2987 3397 3202 3453 corpus
3235 3379 3484 3451 peccati,
3519 3378 3718 3448 id:est,

2063 3482 2129 3532 ut
2157 3493 2348 3549 pravae
2367 3476 2634 3532 actiones
2656 3472 3174 3530 mortiﬁcationem
3209 3471 3515 3526 sustinean
3527 3475 3722 3541 t.quas

2063 3568 2243 3624 etiam
2275 3583 2490 3638 corpus
2521 3564 2747 3636 peccati
2788 3562 3068 3635 appellat.
3100 3593 3171 3602 -η
3202 3563 3399 3625 Vetus,
3424 3560 3536 3615 hoc
3557 3559 3724 3614 estin

2062 3657 2322 3730 peccatis
2371 3655 2752 3711 inveteratus.
2816 3653 2917 3707 llic
2954 3667 3112 3724 ergo,
3147 3667 3282 3706 cum
3333 3649 3721 3721 baptizamur,

2063 3746 2242 3803 s'mul
2273 3744 2672 3813 cumiChristo
2713 3739 3079 3813 cruciﬁgitur
3127 3756 3196 3795 ac
3253 3739 3552 3794 moritur.
3603 3745 3659 3793 et
3690 3753 3724 3792 a

2058 3835 2412 3908 baptismate
2441 3833 2573 3889 novi
2601 3849 2668 3887 ac
2692 3837 2963 3887 recenter
2983 3831 3106 3885 nati
3135 3826 3534 3895 ascendimus,
3560 3828 3721 3882 omni

2056 3925 2384 3982 inveterato
2445 3921 2688 3977 homine
2719 3919 3014 3991 deposito,
3077 3924 3135 3974 et
3173 3934 3389 3990 corpus
3449 3917 3723 3974 aboletur

2053 4015 2306 4088 peccati,
2336 4013 2398 4068 in
2426 4027 2544 4084 quo
2578 4009 2846 4066 ﬁrmatus
2901 4014 3049 4076 erat,
3087 4013 3145 4063 et
3175 4007 3283 4065 sub
3319 4023 3435 4079 quo
3471 4011 3722 4062 formam

2054 4105 2416 4178 acquisierat
2435 4102 2834 4171 vetusinoster
2863 4099 3065 4166 homo,
3087 4098 3200 4154 hoc
3231 4103 3341 4162 est,
3373 4098 3492 4153 vita
3516 4104 3724 4155 nostra

2054 4198 2312 4270 peccatis
2339 4190 3022 4256 inveterata._Hominem
3045 4194 3243 4245 autem
3265 4187 3426 4244 hunc
3453 4189 3719 4260 appellat

2055 4283 2397 4360 signiﬁcans
2420 4282 2736 4339 hominum
2770 4279 3040 4338 habitum
3066 4296 3219 4353 mgre
3235 4279 3632 4352 separabilem
3657 4297 3724 4336 ac

2053 4377 2433 4434 diuturnum.
2471 4372 2618 4432 Huic
2651 4371 2813 4429 enim
2847 4375 2988 4426 ante
3034 4370 3271 4426 Domini
3306 4368 3622 4426 adventum
3656 4387 3725 4427 ac

2053 4465 2564 4538 dispensationem
2593 4462 2742 4519 adeo
2793 4460 3185 4534 conglutinati
3223 4467 3395 4516 erant
3425 4460 3726 4527 homines,

2051 4560 2120 4612 ut
2148 4571 2224 4611 ne
2256 4553 2530 4610 homines
2557 4550 2801 4624 quidem
2834 4566 2964 4607 esse
2996 4549 3236 4615 vellent,
3262 4557 3534 4623 separata
3556 4551 3724 4622 peni-

2059 4648 2156 4700 tus
2213 4643 2567 4714 voluptuosa
2653 4641 3101 4696 conversatione
3191 4640 3723 4712 intemperatisque

285 4713 874 4808 Evﬁpmona'tps'iaeat
908 4732 1068 4800 εἶναι,
1126 4730 1217 4786 καὶ
1280 4713 1548 4805 μηδόλως
1603 4713 1736 4786 εἶναι
1772 4730 1948 4807 χωρὶς

2067 4713 2426 4789 actionibus.
2462 4731 2619 4785 Hanc
2653 4729 3088 4800 itaquegvitam.
3123 4728 3218 4784 cui
3267 4727 3542 4784 homines
3575 4727 3722 4784 adeo

286 4823 608 4904 φιληδόνου
638 4820 924 4885 πολιτείας
950 4820 1039 4876 καὶ
1075 4818 1400 4877 ἀκολάστων
1424 4821 1691 4897 πράξεων.
1721 4823 1816 4894 Τῷ
1861 4821 1953 4876 οὗν

283 4911 718 4988 συμπεπλέχθαι
750 4910 902 4984 αὐτῷ
955 4908 1085 4972 τοὺς
1144 4909 1468 4986 ἀνθρώπους
1518 4910 1606 4966 καὶ
1666 4929 1958 4966 συνανακε-

281 5007 520 5079 κρᾶσθαι
578 5005 672 5061 καὶ
733 4999 1198 5064 δυσαποσπάστως
1267 4998 1438 5077 ἔχειν,
1493 4999 1780 5076 ἄνθρωπον
1834 4999 1954 5058 ἐπι·

284 5095 616 5165 πληκτικῶς
647 5093 742 5150 τὸν
772 5097 1022 5148 τοιοῦτον
1060 5091 1177 5166 βίον
1235 5088 1518 5157 ἐκάλεσεν,
1571 5092 1872 5161 τουτέστιν,
1896 5091 1956 5146 ὃν

283 5188 360 5250 ὡς
382 5185 583 5248 αὖτοὺς
619 5185 791 5257 ἡμᾶς,
857 5179 1073 5256 μᾶλλον
1134 5177 1191 5235 δὲ
1239 5179 1330 5236 καὶ
1393 5181 1558 5254 ἡμων
1618 5179 1810 5248 πλέον,
1867 5181 1955 5236 καὶ

276 5273 730 5350 ὶστέργομενὶκαὶ
762 5269 1176 5347 περιειχόμεθα.
1229 5303 1295 5314 -
1329 5269 1434 5326 Καὶ
1491 5268 1699 5333 ἄλλως.
1763 5272 1950 5346 [ΘΕΟ-

269 5369 452 5442 ΔΩΡ·]
508 5363 753 5422 Παλαιὸν
801 5361 1110 5437 ἄνθρωπον,
1172 5358 1234 5415 οὐ
1291 5361 1393 5431 τὴν
1453 5359 1614 5440 ιρῦσιν
1676 5359 1932 5417 ἐκάλεσεν

276 5457 430 5515 ἄλλα
462 5457 570 5524 τὴν
605 5452 1134 5527 πονηράνγνώμην.
1183 5448 1405 5520 Ταύτην
1473 5448 1532 5504 δὲ
1583 5446 1687 5526 ἔφη
1757 5455 1837 5522 τῷ
1889 5451 1961 5526 βχ

270 5547 549 5621 πτίοματι
580 5545 946 5618 νεκρωθῆναι.
1002 5564 1030 5592 ι(
1059 5541 1181 5596 ’Ἰνα
1210 5541 1533 5614 καταργηθῇ
1569 5538 1632 5596 τὸ
1661 5544 1825 5610 σῶμα
1853 5547 1952 5608 τῆς

272 5637 578 5714 ἁμαρτίας.
619 5659 646 5686 υ
709 5633 797 5695 Εἰς
873 5634 1060 5697 τοῦτο,
1115 5629 1302 5710 φησὶν,
1353 5626 1448 5684 ’ἶνα
1502 5628 1824 5705 καταργηθῇ
1864 5629 1955 5685 καὶ

275 5713 556 5800 supine?“
587 5719 666 5785 εἷς
696 5720 757 5776 τὸ
792 5716 989 5793 μηκέτι
1027 5717 1318 5772 ὑποπεσεῖν
1357 5717 1614 5792 ἁμαρτίᾳ.
1675 5713 1954 5792 Νέκρωσιν

264 5815 327 5876 δέ
356 5837 519 5896 φησι,
577 5811 643 5868 τὸ
699 5809 823 5868 ὅσον
880 5807 958 5872 εἷς
1012 5808 1074 5864 τὸ
1137 5807 1486 5884 ἁμαρτάνειν,
1541 5808 1941 5886 ἳναῇτεκρόν.

2069 4821 2462 4885 cohwserant,
2517 4817 2813 4888 simulque
2863 4817 3133 4889 permisti
3165 4822 3356 4883 erant,
3391 4834 3501 4874 nec
3531 4817 3604 4872 ab
3656 4833 3726 4874 ea

2071 4911 2320 4967 distrahi
2354 4907 3062 4983 poterant,increpatorio
3094 4907 3270 4963 modo
3305 4906 3726 4981 hominem'ap-

2069 5002 2330 5075 pallavit,
2351 5000 2463 5056 hoc
2493 5003 2581 5054 est
2610 5013 2789 5071 quam
2820 5003 2888 5055 ut
2914 5014 3024 5054 nos
3054 4996 3236 5069 ipsos,
3300 4997 3416 5053 imo
3468 4997 3727 5070 amplius

2069 5109 2248 5164 quam
2273 5107 2382 5146 nos
2409 5090 2568 5162 ipsos
2592 5094 2649 5144 et
2667 5089 3016 5146 amabamus
3031 5093 3089 5143 et
3104 5087 3633 5160 amplectebamur.
3658 5119 3730 5131 -

2073 5183 2202 5238 Atio
2217 5187 2493 5252 pi'zterea
2522 5181 2704 5234 modo.
2736 5180 3005 5235 Veterem
3037 5177 3342 5233 hominem
3373 5179 3523 5250 {non
3555 5183 3728 5234 natu-

2070 5288 2198 5328 ram
2228 5270 2472 5337 vocavit,
2493 5268 2598 5326 sed
2620 5285 2854 5341 pravam
2885 5275 3170 5323 mentem.
3207 5268 3366 5322 Hanc
3397 5273 3595 5324 autem
3631 5268 3730 5322 di-

2068 5364 2156 5419 xit
2181 5363 2242 5418 in
2268 5361 2625 5434 baptismate
2659 5359 2834 5416 morti
2868 5359 3188 5430 traditam}
3226 5382 3253 5408 «
3286 5359 3358 5415 Ut
3377 5359 3729 5416 dissolvere-

2075 5459 2171 5509 tur
2204 5467 2419 5524 corpus
2441 5451 2687 5524 peccati.
2726 5473 2752 5498 ››
2789 5449 3276 5523 Αάέὶιοοέὶηειυίι,
3297 5455 3365 5506 ut
3395 5448 3737 5505 adoleretnr

2075 5559 2142 5598 ac
2205 5541 2689 5606 mortiﬁcaretur,
2735 5544 2802 5597 ut
2844 5539 3127 5612 deinceps
3154 5540 3330 5610 Inon‘
3353 5537 3644 5595 incideret
3674 5537 3735 5594 in

2075 5639 2406 5708 peccatum.
2438 5630 2951 5688 Mortiﬁcationem
2975 5637 3173 5686 autem
3201 5628 3571 5700 dicitjquoad
3595 5643 3733 5698 pec-

2075 5739 2233 5792 care,
2265 5728 2331 5778 ut
2359 5721 2408 5778 si
2443 5727 2766 5785 mortuum,
2798 5727 3072 5778 mortuus
3103 5717 3399 5788 siquidem
3442 5731 3562 5770 non
3593 5729 3733 5785 pec-

2074 5819 2188 5871 cat.
2249 5844 2315 5855 —
2363 5816 2586 5886 Corpus
2628 5811 2854 5883 peccati
2886 5825 2992 5882 per
3055 5805 3454 5882 periphrasim
3509 5802 3729 5862 dieitur
