4114 6382
405 439 524 503 435

1530 433 1944 498 ΈΟΗΜΕΝΙΙ
1989 433 2297 499 ΤΒΙΟΟΑΞ
2340 435 2694 502 EPISCOPI

3698 436 3818 500 436

404 575 603 649 ipsum
634 576 943 644 peccatum
975 588 989 626 :
1024 570 1140 629 hoc
1168 576 1279 629 est.
1312 576 1502 628 totum
1532 588 1602 628 ac
1630 571 1871 644 penitus
1909 571 2059 628 otio-

2175 570 2382 648 Νεκρὸς
2412 569 2515 649 γάρ
2553 572 2662 648 οὐχ
2702 590 3015 645 αμαρτανει.
3047 604 3118 619 -ο
3150 573 3365 649 [ΦΩΤ.]
3394 570 3466 627 Τὸ
3525 574 3687 645 σῶμα
3723 576 3821 641 τῆς

404 681 535 721 sum
569 670 627 719 et
652 663 865 720 inutile
895 662 1181 734 deinceps
1215 662 1464 718 dicatur.
1501 663 1626 728 Quo
1658 668 1855 717 autem
1889 661 2064 718 modo

396 752 719 811 aboletur?
747 752 890 809 dum
940 769 1010 808 eo
1067 767 1191 807 non
1246 752 1491 807 utimur.
1554 750 1777 808 Deinde
1810 752 2053 808 modum

395 859 632 916 quoque
664 842 852 915 ipsius
884 858 1027 896 usus
1050 858 1257 914 aspere
1287 840 1551 897 ostendit
1573 846 1634 897 et
1674 858 1780 912 per
1810 841 2055 897 modum

390 931 743 1005 improperii
780 947 793 985 :
822 935 887 986 ut
911 930 1193 1002 deinceps
1222 946 1345 986 non
1405 931 1733 987 serviamus
1787 937 2054 1003 peccato.

396 1020 706 1093 Siquidem
734 1036 880 1077 usus
914 1019 1137 1090 peccati
1167 1019 1313 1076 facit
1340 1034 1450 1074 nos
1479 1034 1680 1075 servos
1708 1018 1954 1090 peccati.
1989 1048 2057 1060 -—-

401 1108 706 1167 Abolitum
735 1113 826 1165 est
882 1124 1096 1179 corpus
1138 1107 1384 1180 peccati.
1418 1107 1479 1162 id
1510 1113 1621 1173 est,
1655 1107 1920 1180 ingenita
1969 1107 2057 1163 illi

400 1205 673 1260 motuum
704 1198 1021 1264 ferocitas;
1054 1197 1199 1252 277
1238 1201 1503 1255 mentem
1563 1212 1800 1269 semper
1827 1195 1902 1252 ad
1935 1204 2061 1254 tur-

403 1289 504 1363 pia
535 1288 902 1347 concutiens.
935 1302 1003 1343 ac
1033 1285 1365 1359 voluptates
1412 1286 1730 1358 plusquam
1789 1292 2057 1344 terrenas

405 1379 577 1452 quasi
608 1377 736 1434 lutu
769 1377 1117 1434 immittens.
1142 1375 1612 1433 Ethocinl‘erius
1634 1376 1817 1432 dicit:
1854 1397 1882 1426 «
1913 1377 2059 1432 Nam

402 1466 563 1541 quod
592 1466 966 1540 impossibile
999 1472 1128 1523 erat
1156 1466 1271 1540 legi
1290 1464 1354 1534 ²¹,
1387 1467 1450 1522 in
1480 1483 1596 1538 quo
1615 1465 1909 1522 imbecilis
1933 1470 2061 1522 erat

400 1573 509 1632 per
529 1571 793 1624 carnem,
828 1558 1001 1613 Pater
1030 1555 1212 1613 misso
1244 1554 1389 1612 Filio
1421 1573 1528 1613 suo
1568 1556 1631 1612 in
1663 1555 2059 1612 similitudine

406 1646 606 1704 carnis
636 1647 885 1719 peccati.
916 1644 989 1702 de
1021 1649 1263 1717 peccato
1294 1646 1710 1703 condemnavit
1752 1650 2061 1718 peccatum

405 1751 470 1795 ιιι
499 1751 677 1793 carne
686 1777 699 1792 .
732 1755 763 1786 ³)

2175 660 2463 738 ἁμαρτίας,
2517 668 2955 740 περιφραστικῶς
3034 662 3173 730 αὑτή
3233 664 3268 733 ἡ
3346 660 3604 736 ἁμαρτία·
3664 682 3821 717 τουτ-

2164 750 2327 821 ἐστιν,
2362 752 2468 826 ὅλη
2503 750 2696 810 διάλου
2729 755 2867 830 ἀργὴ
2901 753 2992 808 καὶ
3045 752 3328 829 ἄχρηστος
3358 752 3420 808 τὸ
3448 750 3644 807 λοιπὸν
3676 770 3821 827 χρη-

2170 842 2488 913 ματίζουσκ.
2527 848 2652 904 Πῶς
2684 840 2742 897 δὲ
2770 847 3119 921 καταργεῖται
3154 860 3168 912 ;
3200 843 3388 915 Ἦμῶν
3450 845 3526 915 μή
3589 841 3828 920 χρωμέ-

2166 952 2271 984 νων
2301 932 2462 1005 αὐτῇ.
2502 933 2637 988 Εἶτα
2667 930 2905 988 δείκνυσι
2930 931 3019 986 καὶ
3052 933 3141 987 τὸν
3173 930 3378 1004 τρόπον
3408 937 3509 998 τῆς
3540 931 3823 1006 χρήσεως,
3866 980 3867 983 η

2167 1016 2408 1095 δριμέως
2467 1021 2558 1076 καὶ
2616 1018 2987 1083 ὀνειδιστικῶς
3025 1064 3038 1085 ,
3123 1024 3221 1078 τοῦ
3286 1025 3481 1092 μηκὲτι
3542 1017 3822 1075 δουλεύειν

2165 1111 2315 1179 ἡμᾶς
2370 1114 2440 1184 τῇ
2499 1110 2775 1187 ἁμαρτῖᾳ.
2842 1111 2906 1167 Ἢ
2963 1109 3066 1185 γὰρ
3107 1115 3311 1185 χρῆσις
3366 1115 3468 1177 τῆς
3524 1108 3820 1181 ἁμαρτίας,

2169 1194 2403 1261 δούλους
2458 1200 2606 1272 ἡμᾶς
2659 1205 2809 1256 ποιεῖ
2854 1206 2956 1269 τῆς
3012 1198 3298 1276 ἁμαρτίας.
3358 1230 3429 1241 -
3484 1198 3826 1276 [ΚΥΡΙΛΛ.]

2169 1291 2520 1365 Κατήργηται
2546 1287 2606 1346 δὲ
2631 1292 2694 1346 τὸ
2723 1295 2885 1363 σῶμα
2905 1296 3004 1359 τῆς
3067 1290 3358 1364 ἁμαρτίας,
3412 1287 3682 1356 τουτέστι,
3712 1293 3824 1344 τῶν

2169 1375 2222 1433 ἐν
2262 1378 2402 1452 αὐτῇ
2425 1379 2740 1452 κινημάτων
2773 1381 2808 1450 ἡ
2840 1375 3080 1458 ἔμφυτος
3135 1378 3419 1452 ἀγριότης,
3467 1377 3825 1435 κατασείουσα

2172 1467 2268 1540 μὶν
2300 1468 2382 1523 ἀεὶ
2414 1468 2547 1544 πρὸς
2577 1468 2643 1525 τά
2672 1468 2876 1544 αἰσχίω
2933 1468 3024 1524 τὸν
3083 1472 3235 1537 νοῦν,
3292 1467 3491 1525 ἑνιεῖσα
3549 1465 3608 1523 δὲ
3635 1465 3823 1544 ὥσπερ

2168 1554 2336 1628 πηλῷ
2366 1557 2462 1620 τὰς
2493 1554 2855 1635 γεωόεστὲρας
2882 1555 3104 1628 ἡδονάς.
3151 1557 3248 1614 Καὶ
3300 1557 3463 1613 τοῦτό
3489 1575 3644 1631 φησι*
3679 1581 3708 1609 ι(
3740 1558 3820 1614 Τὸ

2169 1644 2273 1719 γάρ
2302 1643 2566 1702 ἀδύνατον
2597 1651 2694 1703 τοῦ
2721 1646 2894 1720 νόμου
2922 1645 2975 1703 ἐν
3009 1648 3057 1720 ᾧ
3085 1648 3297 1717 ἠσθένει
3328 1644 3418 1703 διὰ
3472 1654 3573 1717 τῆς
3601 1647 3826 1724 σαρκὸς,

2171 1735 2200 1790 6
2228 1736 2413 1810 Πατὴρ
2441 1736 2535 1791 τὸν
2568 1737 2761 1793 ἑαυτοῦ
2810 1738 2933 1793 rte»
2990 1738 3210 1813 πεμψας
3268 1737 3322 1793 ἰν
3345 1738 3662 1814 ὁμοιώματι
3697 1755 3831 1815 σαρ-

403 1825 500 1888 κὸς
530 1822 820 1898 ἁμαρτίας,
849 1821 938 1878 καὶ
970 1822 1093 1896 περῖ
1124 1822 1395 1898 ἁμαρτίας
1430 1823 1708 1896 κατεκρίνε
1730 1823 1831 1892 τὴν
1862 1820 2128 1897 ἁμαρτίαν
2158 1820 2209 1879 ἐν
2241 1827 2310 1898 τῇ
2342 1824 2521 1902 σαρκί.
2547 1849 2574 1878 n

477 1942 652 2000 Vides
682 1940 980 2014 quomodo
1031 1958 1246 2015 corpus
1300 1943 1527 2014 peccati
1589 1942 1668 1998 sit
1718 1939 2059 1998 abolitum?

2240 1942 2402 2013 Ὁρᾷς
2447 1949 2565 2007 πῶς
2618 1946 2679 2001 τὸ
2725 1949 2885 2019 σῶμα
2946 1952 3047 2015 τῆς
3106 1945 3376 2022 ἁμαρτίας
3428 1965 3777 2022 κατηργηται
3820 1967 3834 2006 :

401 2032 834 2090 condemnatus
864 2036 955 2088 est
984 2031 1145 2088 enim
1182 2032 1243 2087 in
1276 2047 1455 2087 carne
1482 2031 1708 2104 peccati
1739 2030 2016 2088 stimulus
2042 2047 2055 2087 :

399 2128 461 2181 et
490 2120 750 2195 primum
782 2120 1024 2192 quidem
1083 2121 1145 2175 in
1196 2120 1428 2176 Christo
1488 2120 1663 2176 morti
1723 2120 1896 2177 datus
1948 2126 2057 2189 est,

400 2227 607 2270 verum
640 2210 713 2267 ab
743 2209 847 2265 illo
878 2216 936 2266 et
966 2225 1072 2283 per
1102 2209 1274 2267 illum
1304 2210 1483 2267 etiam
1515 2210 1589 2266 ad
1647 2227 1758 2266 nos
1790 2210 2062 2266 transivit

405 2302 614 2379 gratia.
648 2322 675 2351 «
711 2301 943 2357 Etenim
1001 2300 1101 2373 qui
1163 2306 1434 2358 mortuus
1465 2306 1575 2365 est,
1607 2319 1634 2346 ιι
1698 2307 1757 2356 et
1824 2306 2058 2357 caetera.

408 2391 584 2447 Vides
643 2390 801 2461 quod
857 2390 1052 2462 quoad
1101 2389 1387 2462 peccandi
1444 2395 1640 2447 actum
1695 2397 1928 2463 oportet
1952 2408 2062 2446 nos

409 2495 540 2538 esse
572 2486 855 2537 mortuos.
886 2479 1118 2535 Etenim
1151 2479 1250 2551 qui
1282 2485 1553 2537 mortuus
1583 2485 1693 2547 est,
1733 2480 1836 2548 ait,
1889 2480 2064 2553 justi-

409 2568 620 2627 ﬁcatus
643 2572 753 2629 est.
781 2567 892 2623 hoc
920 2572 1033 2633 est,
1058 2584 1091 2623 a
1113 2574 1353 2639 peccato
1376 2567 1663 2624 liberatus
1677 2574 1787 2636 est,
1812 2584 2061 2639 seseque

404 2658 466 2716 in
498 2658 833 2714 libertatem
867 2657 1143 2713 asseruit.
1184 2656 1437 2724 Quidam
1490 2663 1690 2714 autem
1748 2657 1820 2713 de
1876 2657 2066 2730 bapti-

406 2752 595 2806 smate
625 2747 739 2803 hoc
768 2752 1127 2819 acceperunt
1175 2747 1237 2802 in
1293 2763 1411 2819 quo
1468 2745 1803 2819 consepulti
1858 2763 2064 2802 sumus

368 2824 371 2825 ⁷
405 2837 661 2903 Christo,
694 2853 762 2892 eo
786 2836 945 2908 quod
976 2853 1098 2892 non
1127 2837 1204 2892 sit
1233 2836 1397 2891 aliud
1429 2836 1745 2909 baptisma,
1778 2836 1931 2892 sicut
1953 2852 2064 2891 nec

409 2927 677 2984 Christus
709 2927 924 2983 iterum
974 2932 1182 2999 postea
1239 2930 1509 2981 mortuus
1566 2930 1677 2994 est,
1724 2927 1818 2981 cui
1852 2941 2060 2982 conse-

409 3016 561 3091 pulti
595 3033 821 3079 sumus.
857 3016 1156 3088 simulque
1195 3015 1647 3072 resurreximus.
1671 3046 1741 3056 —
1771 3037 1801 3066 ‹‹
1823 3015 1990 3082 Quod
2012 3017 2060 3071 si

411 3106 629 3164 mortui
664 3122 871 3162 sumus
890 3122 1025 3161 cum
1053 3106 1308 3161 Christo.
1336 3126 1363 3157 ι
1390 3104 1446 3160 Si
1480 3112 1677 3162 autem
1710 3106 1772 3161 in
1804 3105 2062 3161 novitate

408 3197 544 3254 vitm
576 3195 1097 3254 ambulaverimus.
1128 3211 1273 3251 sane
1291 3196 1470 3251 etiam
1501 3195 2063 3269 resurgemussicut

408 3288 675 3344 Christus
707 3302 778 3341 ex
810 3286 1061 3341 mortuis
1092 3286 1367 3341 surrexit.
1389 3288 1531 3341 Nam
1560 3287 1670 3342 hoc
1685 3302 2058 3358 consequens
2090 3317 2133 3384 Ο

409 3384 499 3433 est
527 3376 601 3431 ad
632 3375 691 3431 id
738 3375 895 3448 quod
929 3375 1154 3430 dictum
1187 3381 1345 3442 erat;
1380 3376 1506 3447 ipse
1559 3381 1761 3431 tamen
1818 3392 1954 3431 cum
1985 3376 2059 3431 ad

411 3464 757 3538 praedictam
780 3464 1126 3520 adduxisset
1146 3466 1274 3519 vitm
1287 3465 1597 3525 rationem.
1620 3481 1799 3537 quam
1832 3470 2066 3537 oportet

407 3554 908 3613 resurrectionem
955 3553 1327 3625 praecedere:
1388 3552 1447 3608 id
1506 3554 1664 3627 quod
1725 3555 2063 3610 necessario

406 3642 887 3716 consequebatur
916 3643 1371 3716 intelligendum
1422 3644 1685 3717 reliquit.
1748 3644 1967 3700 Deinde
1999 3645 2061 3701 in

403 3735 793 3807 sequentibus
816 3734 1130 3791 manifeste
1150 3736 1651 3792 resurrectionem
1676 3737 1977 3809 praedicat,
2004 3742 2063 3793 et

403 3825 522 3880 ait:
559 3848 584 3872 α
619 3824 674 3879 Si
706 3824 926 3880 mortui
961 3840 1165 3879 sumus
1197 3841 1332 3879 cum
1366 3824 1620 3893 Christo,
1656 3848 1684 3877 »
1717 3827 1870 3882 sicut
1900 3834 2060 3883 certe

404 3913 622 3970 mortui
637 3930 842 3969 sumus
858 3913 1335 3985 perhaptismum
1351 3937 1377 3962 «ι
1397 3914 1693 3970 credimus
1708 3915 1865 3987 quod
1880 3916 2061 3972 simul

402 4004 579 4059 etiam
600 4004 864 4059 vivemus
886 4020 1022 4059 cum
1047 4003 1235 4074 ipso,»
1256 4003 1532 4059 videlicet
1551 4004 1725 4060 beata
1743 4006 1846 4061 illa
1861 4023 1929 4061 ac
1947 4007 2061 4062 im-

398 4092 631 4148 mortali
651 4093 912 4165 vitaquce
931 4097 1064 4162 post
1076 4093 1578 4148 resurrectionem
1597 4094 1727 4148 erit.
1742 4096 2055 4160 Debemus,

398 4181 750 4237 ait.credere
768 4180 924 4252 quod
945 4182 1125 4235 etiam
1142 4181 1320 4236 simul
1335 4182 1598 4238 vivemus
1618 4199 1752 4238 cum
1776 4199 1863 4239 eo.
1892 4185 2059 4249 Quod

398 4288 536 4343 ergo
550 4270 662 4325 dici
675 4275 713 4327 t.
734 4291 763 4320 «
778 4268 1007 4325 Credim
1019 4286 1105 4335 us,
1126 4295 1147 4321 ι
1167 4269 1603 4327 adhortationis
1621 4278 1711 4327 est
1729 4278 1785 4327 et
1799 4274 2056 4330 consilii.

472 4360 565 4426 Vl,
589 4361 621 4414 9
654 4362 736 4415 11.
768 4359 1008 4416 Scientes
1038 4360 1188 4429 quod
1234 4360 1482 4415 Christus
1535 4363 1634 4432 qui
1688 4366 1996 4419 resurrexit
2023 4381 2057 4419 α

398 4450 653 4513 mortuis,
685 4464 798 4503 non
839 4448 1077 4519 amplius
1131 4449 1374 4503 moritur
1406 4466 1419 4504 :
1452 4466 1596 4506 mors
1625 4450 1715 4505 illi
1768 4468 1881 4507 non
1933 4470 2056 4509 am-

392 4538 547 4613 plius
574 4539 913 4595 dominatur.
946 4540 1104 4607 Quod
1156 4541 1303 4595 enim
1361 4548 1611 4599 mortuus
1670 4550 1750 4598 est
1807 4552 2054 4614 peccato,

398 4637 647 4688 mortuus
674 4637 751 4686 est
777 4630 944 4685 semel
973 4646 986 4684 :
1035 4630 1185 4701 quod
1211 4637 1393 4685 autem
1430 4634 1587 4698 vivit,
1647 4632 1786 4689 vivit
1815 4635 1939 4689 Deo.
1972 4636 2056 4690 Ita

402 4727 455 4777 et
482 4737 573 4779 vos
603 4724 915 4777 existimate
942 4736 1034 4776 vos
1060 4722 1207 4791 ipsos
1248 4726 1489 4777 mortuos
1546 4722 1769 4793 quidem
1798 4740 1906 4780 esse
1930 4741 2059 4795 pec-

397 4819 541 4878 cato.
572 4814 813 4868 viventes
871 4816 1057 4866 autem
1103 4811 1207 4866 Deo
1229 4827 1336 4882 per
1364 4812 1643 4868 Christum
1670 4814 1855 4869 Jesum
1885 4814 2065 4870 Domi-

398 4916 532 4955 num
570 4906 842 4955 nostrum.

472 4990 543 5043 Et
572 4989 729 5044 unde
760 4990 976 5061 inquit,
998 4990 1384 5045 manifestum
1407 4996 1496 5046 est
1517 4991 1675 5061 quod
1704 4991 1883 5048 simul
1903 4992 2058 5048 vive-

404 5095 537 5134 mus
559 5095 693 5133 cum
718 5078 846 5149 ipso
865 5078 892 5133 ?
912 5080 1143 5135 Etenim
1167 5080 1277 5135 hoc
1299 5081 1499 5145 etiam,
1531 5097 1608 5135 an
1634 5080 1760 5152 ipse
1791 5081 2059 5138 Christus

402 5168 505 5239 qui
526 5168 802 5233 surrexit,
825 5184 1061 5224 rursum
1088 5170 1377 5224 moriatur
1396 5170 1687 5225 incertum
1714 5171 1842 5226 est?
1860 5171 2055 5228 Absit!

399 5257 501 5312 ait.
565 5259 704 5311 Nam
764 5257 876 5312 hoc
929 5257 1328 5315 indubitatum
1382 5275 1512 5315 esse
1560 5266 1839 5331 Oportet,
1899 5263 2059 5333 quod

397 5347 666 5402 Christus
692 5363 814 5402 non
845 5348 1103 5418 amplius
1150 5350 1472 5406 morietur:
1533 5356 1850 5422 propterea
1899 5354 2058 5408 enim

406 5443 678 5493 mortuus
708 5444 794 5490 est
827 5444 892 5490 ut
919 5444 1174 5493 mortem
1231 5445 1511 5494 cessaret.
1547 5440 1701 5495 ατε
1750 5442 2056 5506 Quomodo

411 5525 570 5581 enim
604 5533 887 5591 moretur,
916 5533 1156 5599 propter
1177 5544 1352 5599 quem
1377 5529 1574 5584 cuzteri
1608 5546 1846 5602 quoque
1898 5533 2055 5603 pari-

401 5621 495 5673 ter
523 5616 781 5701 vivemus
811 5616 839 5672 ?
871 5623 994 5673 tota
1023 5618 1204 5674 simul
1229 5625 1421 5675 morte
1439 5619 1691 5676 remissa
1718 5622 1781 5677 in
1798 5621 2055 5695 Christo,

473 5797 516 5833 ³⁸
547 5795 728 5865 Infra,
756 5813 871 5855 vm.

2171 2032 2604 2109 κατ[ακ]ἐκριται
2632 2034 2735 2111 γὰρ
2768 2033 2819 2091 ὲν
2849 2037 2916 2109 τῇ
2985 2035 3142 2112 σαρκὶ
3189 2039 3289 2110 τῇς
3320 2035 3585 2112 ἁμαρτίας
3611 2036 3674 2091 τὸ
3692 2037 3833 2093 κεν-

2168 2140 2317 2196 τρον.
2354 2122 2452 2177 Καὶ
2482 2123 2808 2199 νενέκρωται
2842 2125 2936 2198 μὲν
2969 2122 3022 2180 ἰν
3056 2125 3259 2201 πρώτῳ
3288 2126 3527 2201 Χριστῷο
3565 2120 3722 2196 διέϐη
3766 2122 3829 2183 δὲ

2170 2211 2297 2285 παρ’
2328 2209 2491 2267 αὐτοῦ
2521 2232 2580 2267 τε
2607 2211 2698 2266 καὶ
2726 2208 2797 2266 δι’
2821 2211 3009 2279 αὐτοῦ,
3041 2213 3131 2267 καὶ
3161 2212 3205 2267 εἰ
3237 2214 3387 2285 ἡμᾶς
3424 2214 3459 2281 ἡ
3486 2210 3669 2288 χάρις.
3701 2237 3728 2265 (ι
3762 2213 3827 2272 Ὁ

2171 2300 2276 2377 γὰρ
2308 2301 2611 2372 ἀποθανὼν,
2646 2325 2674 2355 ››
2704 2303 2794 2357 καὶ
2827 2303 2973 2373 ἑξῆς.
3004 2304 3163 2378 Ὁρᾷς
3196 2302 3281 2358 ὅτι
3312 2304 3435 2359 ὅσον
3464 2302 3542 2366 εἰς
3570 2304 3632 2358 τὸ
3656 2304 3832 2380 ἀμαρο

2170 2389 2347 2447 τάνειν
2380 2388 2462 2447 δεῖ
2520 2394 2667 2466 ἡμᾶς
2736 2393 2875 2447 εἶναι
2927 2393 3178 2468 νεκρούς.
3238 2393 3294 2449 Ὀ
3350 2392 3451 2469 γὰρ
3511 2393 3831 2460 ἀποθανὼν,

2172 2479 2330 2557 φησὶ,
2361 2477 2730 2549 δεδικαίωται,
2780 2480 3075 2551 τουτέστιν,
3137 2480 3489 2553 ἀπήλλακται
3535 2483 3626 2538 καὶ
3658 2480 3834 2553 ἠλευ-

2174 2569 2405 2644 θὲρωται
2456 2571 2562 2625 ἀπὸ
2607 2576 2709 2639 τῆς
2763 2570 3050 2647 ἁμαρτίας,
3101 2573 3251 2635 Τινὲς
3282 2570 3339 2629 6‘s
3365 2576 3527 2628 τοῦτο
3576 2573 3831 2648 περὶτοῦ

2176 2659 2555 2733 βαπτίσματος
2584 2656 2853 2731 ἐδέξαντο,
2886 2660 2940 2716 ἐν
2979 2662 3026 2736 ᾦ
3058 2664 3431 2743 συνετάφημεν
3460 2667 3540 2736 τῷ
3570 2666 3827 2738 Χριστῷ’

2174 2748 2258 2805 ὅτι
2319 2748 2417 2804 οὐκ
2474 2747 2616 2806 ἔστιν
2697 2748 2881 2828 ἕτερον
2958 2752 3237 2827 βάπτισμα
3269 2798 3285 2825 ,
3357 2751 3597 2828 καθάπερ
3645 2753 3734 2808 καὶ
3797 2756 3827 2808 ὁ

2174 2840 2407 2913 Χριστὸς
2447 2838 2547 2895 οὐκ
2596 2833 2675 2896 ἔτι
2708 2837 2953 2917 δεὸτερον
3010 2840 3291 2912 ἀπέθανεν,
3350 2842 3428 2907 εἲς
3486 2842 3543 2898 ’ὸν
3601 2843 3819 2897 συνετά-

2173 2948 2353 3006 φημεν
2385 2928 2475 2983 καὶ
2536 2932 2971 3008 συνηγὲρθημεν.
3007 2964 3076 2974 -
3106 2933 3320 3009 [ΦΩΤ.]
3351 2957 3380 2985 «
3417 2933 3477 2988 Εἱ
3505 2928 3560 2988 δὶ
3613 2931 3812 2994 απεθᾶ-

2171 3037 2335 3090 νομεν
2378 3016 2471 3073 σὺν
2522 3020 2758 3095 Χριστῷ.
2796 3043 2823 3073 n
2882 3019 2945 3077 El
2997 3017 3055 3075 δὲ
3106 3023 3552 3094 περιπατήσομεν
3605 3017 3657 3077 ἰν
3688 3040 3811 3077 και-

2171 3107 2361 3177 νότητι
2401 3113 2567 3178 ζωῆς,
2619 3106 2882 3178 δηλονότι
2939 3109 3029 3165 καὶ
3087 3109 3521 3184 ἀναστησόμεθα,
3576 3107 3760 3187 ὥσπερ
3791 3110 3821 3167 6

2171 3197 2399 3273 Χριστὸς
2428 3197 2633 3275 ἠγέρθη
2661 3198 2714 3253 ἐν
2744 3203 2965 3271 νεκρῶν.
3008 3202 3181 3257 Τοῦτο
3230 3200 3334 3279 γὰρ
3389 3198 3692 3265 ἀκόλουθον
3725 3204 3825 3255 τοῦ

2173 3287 2484 3360 εἰρημένου,
2518 3289 2703 3352 αὐτοῖς
2742 3287 2800 3345 δὲ
2841 3291 2942 3358 τήν
2982 3289 3404 3367 προηγουμένην
3433 3294 3535 3356 τῆς
3589 3289 3829 3346 ἀναστά-

2174 3397 2309 3439 σεως
2365 3375 2649 3435 πολιτείαν
2726 3379 3011 3456 ἐπαγαγὼν
3088 3385 3204 3444 τοῖς
3261 3379 3597 3456 εἴρημὲνοις,
3650 3380 3714 3436 τὸ
3775 3381 3829 3451 ἐξ

2171 3467 2414 3545 ἀνάγκης
2444 3466 2709 3543 ἑπόμενον
2743 3469 3032 3525 κατέλιπεν
3064 3469 3285 3541 ἐννοεῖν,
3337 3472 3453 3527 εἶτα
3501 3470 3699 3528 λοιπὸν
3726 3492 3831 3527 κα-

2170 3558 2345 3630 θαρῶς
2404 3560 2504 3629 τήν
2591 3558 2875 3614 ἀνάστασιν
2961 3559 3373 3638 εὐαγγελίζεται
3407 3606 3422 3631 ,
3484 3560 3576 3616 καί
3634 3582 3825 3633 φησιν’

2171 3646 2293 3703 «Εἰ
2335 3646 2667 3720 ἀπεθάνομεν
2727 3647 2823 3704 σὺν
2877 3650 3120 3724 Χριστῷ,
3152 3672 3182 3702 ››
3243 3648 3423 3724 ὥσπερ
3478 3650 3569 3705 καὶ
3625 3651 3831 3715 ἀπεθά-

2167 3742 2331 3809 νομεν
2366 3734 2455 3792 διὰ
2485 3742 2583 3793 τοῦ
2615 3738 3015 3814 βαπτίσματος,
3049 3765 3076 3792 ι(
3107 3739 3431 3813 πιστεύομεν
3464 3741 3549 3797 δτι
3595 3740 3686 3796 καὶ
3730 3762 3826 3796 συ-

2168 3828 2407 3900 ζήσομεν
2463 3828 2635 3901 αὐτῷ,
2667 3852 2695 3881 ››
2751 3829 2854 3896 τήν
2907 3831 3173 3905 μακαρίαν
3242 3828 3452 3901 ἐκείνην
3512 3830 3600 3885 καὶ
3630 3830 3824 3906 ἀγήρω

2170 3917 2338 3986 ζωὴν,
2373 3914 2658 3988 δηλονότι,
2688 3919 2791 3986 τήν
2823 3918 2958 3990 μετὰ
2984 3920 3083 3990 τὴν
3110 3918 3411 3976 ἀνάστασιν.
3462 3919 3820 3998 Ὀφείλομεν,

2166 4007 2322 4084 φησὶ,
2355 4008 2627 4064 πιστεύειν
2661 4009 2743 4063 ὅτι
2781 4009 2872 4063 καὶ
2897 4010 3203 4082 συζήσομεν
3236 4009 3401 4082 αὐτῷ.
3467 4009 3820 4084 Παρακελεύ-

2165 4116 2302 4158 σεως
2330 4097 2427 4151 οὗν
2455 4098 2539 4167 τὸ,
2574 4122 2601 4150 ι(
2637 4098 2986 4171 Πιστεύομεν,
3023 4122 3052 4150 ι)
3082 4098 3173 4154 καὶ
3219 4094 3567 4174 συμϐουλῆς.

2236 4358 2455 4432 Εἰόότες
2541 4369 2624 4425 δτι
2702 4369 2933 4445 Χριστὸς
3010 4370 3250 4445 ἐγερθεὶς
3299 4368 3360 4426 ἑκ
3412 4373 3639 4446 νεκρῶν,
3727 4370 3833 4427 οὐκ

2163 4453 2244 4512 ἔτι
2297 4457 2647 4529 ἀποθνήσκει“
2744 4460 2971 4522 θάνατος
3035 4460 3199 4516 αὐτοῦ
3278 4459 3377 4516 οὐκ
3428 4453 3505 4515 ἔτι
3561 4460 3825 4536 κυριεύει·

2166 4546 2196 4604 ὅ
2242 4548 2345 4625 γάρ
2412 4549 2647 4612 ἂπὲθανε
2706 4553 2775 4624 τῇ
2836 4550 3097 4625 ἁμαρτίᾳ,
3165 4550 3426 4606 ἀπέθανεν
3492 4549 3719 4630 ἐφάπαξ
3787 4551 3817 4606 ’ὀ

2171 4633 2229 4691 δὶ
2262 4640 2349 4711 ζῇ,
2386 4640 2450 4711 ζῇ
2481 4642 2560 4709 τῷ
2591 4642 2729 4711 Θεῷ·
2780 4635 2970 4702 Οὕτως
3018 4639 3108 4695 καὶ
3143 4640 3298 4715 ὑμεῖς
3357 4638 3639 4714 λογίζεσθε
3698 4640 3828 4694 Eatu-

2169 4725 2296 4789 τοὺς
2341 4726 2564 4803 νεκροὺς
2602 4728 2699 4801 μὶν
2730 4729 2864 4784 εἶναι
2919 4727 2989 4803 τῇ
3044 4728 3303 4805 ἁμαρτίᾳ,
3365 4735 3569 4800 ζῶντας
3628 4725 3686 4784 δὲ
3743 4733 3827 4802 τῷ

2170 4819 2289 4888 Θεῷ
2330 4814 2382 4871 ὲν
2412 4818 2633 4893 Χριστῷ
2664 4818 2847 4888 Ἰησοῦ
2876 4822 2955 4891 τῷ
2991 4818 3177 4894 Κυρίῳ
3204 4821 3392 4893 ἡμῶν,

2238 4996 2339 5050 Καὶ
2369 4995 2556 5065 πόθεν,
2583 4997 2739 5071 φησὶ,
2772 4994 2963 5067 δῆλον,
2997 4996 3080 5054 ὅτι
3106 5001 3411 5072 συζῆσομεν
3445 5005 3526 5073 τῷ
3554 5002 3777 5073 Χριστῷ
3811 5020 3833 5069 ;

2170 5084 2274 5141 Καὶ
2330 5084 2431 5161 γὰρ
2488 5084 2618 5140 αὐτὸ
2663 5090 2824 5142 τοῦτο
2883 5084 3116 5158 ἄδηλον,
3175 5090 3376 5161 μήπως
3438 5088 3752 5163 καίξξαῦτὸς
3802 5092 3843 5147 ὃ

2170 5172 2409 5249 ἐγερθείς
2471 5176 2702 5250 Χριστὸς
2782 5176 2949 5232 πάλιν
3021 5177 3315 5254 ἀποθάνῃς
3385 5184 3617 5252 Ἄπαγε,
3677 5179 3844 5258 αησί.

2169 5267 2347 5321 Τοῦτο
2376 5265 2481 5341 γὰρ
2537 5269 2650 5339 χρὴ
2708 5268 3266 5341 πεπληροφορῆσθαι,
3302 5267 3387 5324 ὅτι
3419 5270 3445 5323 6
3478 5270 3707 5344 Χριστὸς
3736 5270 3849 5327 οὐκ

2169 5350 2249 5409 ἔτι
2305 5353 2677 5410 ἀποθανεῖται.
2739 5355 2838 5411 Διὰ
2891 5355 2994 5432 γάρ
3048 5360 3211 5412 τοῦτο
3262 5359 3348 5413 καὶ
3397 5359 3677 5429 ἀπέθανεν,
3739 5358 3848 5417 ’ἕνα

2167 5446 2489 5520 καταργήσῃ
2522 5446 2615 5499 τὸν
2649 5444 2897 5508 θάνατον.
2950 5450 3075 5508 Πῶς
3129 5447 3229 5520 γάρ
3290 5443 3362 5503 δι’
3420 5449 3478 5504 ὃν
3502 5451 3591 5504 καὶ
3625 5450 3677 5504 οἱ
3718 5447 3849 5506 λοι-

2166 5531 2261 5587 ποῖ
2297 5534 2572 5606 ζησόμεθα
2594 5554 2605 5591 :
2642 5537 3218 5607 Συναναπεμπομὲνου
3239 5539 3337 5591 τοῦ
3361 5534 3496 5592 δλοῦ
3514 5541 3583 5611 τῇ
3608 5537 3842 5613 ἀπαρχῇ

2173 5623 2358 5695 ἡμῶν.
2394 5646 2423 5676 ‹‹
2455 5624 2525 5682 Ὃ
2554 5623 2658 5699 γάρ
2683 5620 2915 5689 ἀπέθανε
2941 5627 3011 5700 τῇ
3044 5624 3283 5700 ἁμαρτίᾳ
3314 5648 3342 5678 ››
3374 5659 3443 5671 --
3493 5628 3838 5702 [ΟΙΚΟΥΜ.[
