4114 6412
284 471 407 535 437

1407 471 1826 537 ΟΟΜΜΕΝΤ.
1872 468 1956 532 IN
1995 468 2242 530 EPIST.
2289 467 2402 530 AD
2448 467 2638 528 ROM.

3594 489 3715 551 438

281 607 386 667 ἰαὶ
464 612 746 678 τοσοῦτον,
827 609 1014 690 ιρησῖν,
1075 610 1178 668 οὐκ
1252 607 1332 668 ἔτι
1409 611 1779 679 ἀποθανεῖται,
1857 604 1919 662 ὅτ

2057 606 2159 679 qui
2193 611 2285 662 est
2313 607 2594 680 primitim
2626 614 2868 664 nostras.
2907 631 2934 664 α
2963 614 3130 678 Quod
3149 617 3310 674 enim
3341 628 3716 686 mortuusest

284 699 462 756 ἰκεῖνο
492 700 556 754 τὸ
589 701 723 771 ἅπαξ
757 701 786 755 δ
817 701 1092 771 ἀπέθανεν,
1141 701 1252 776 οὐχ
1305 702 1380 764 ὡς
1443 701 1736 764 ὑπεύθυνος
1791 697 1948 762 θανά·

280 811 381 846 του
410 792 552 844 κατά
607 789 736 852 τοὺς
797 790 1028 852 λοιποὺς
1085 792 1408 865 ἀνθρώπους
1459 791 1740 858 ἀπέθανεν,
1800 786 1947 843 ἀλλὰ

279 879 370 936 διὰ
401 882 500 949 τήν
530 885 628 936 τοῖ’)
661 880 875 955 κόσμου
908 883 1200 957 ἁμαρτίαν,
1229 881 1325 938 ’ίνα
1381 882 1584 952 ταύτην
1618 879 1785 955 ἀνέλῃ
1854 877 1942 933 καὶ

277 973 596 1046 θανατώσῃ.
660 993 680 1021 ι
747 975 822 1046 Ζῇ
879 976 958 1044 τῷ
1018 977 1154 1046 Θεῷ.
1218 997 1244 1024 ››
1303 974 1618 1039 Τουτέστιν,
1678 971 1754 1032 ὡς
1813 969 1944 1030 Θεὸς

273 1061 574 1124 ἀπαύστως
606 1060 699 1115 καὶ
732 1060 1106 1123 ἀκαταλύτως.
1140 1063 1230 1124 Ὠς
1261 1062 1367 1138 γὰρ
1395 1067 1597 1116 νοεῖται
1655 1063 1723 1133 τῇ
1774 1060 1945 1131 ἀμαρ-

269 1151 383 1224 τίᾳ,
415 1151 693 1218 τουτέστι,
726 1147 819 1206 διά
867 1152 966 1221 τήν
1026 1152 1317 1225 ἁμαρτίαν,
1377 1151 1552 1212 οὕτως
1607 1155 1807 1204 νοεῖται
1861 1152 1942 1220 τῷ

269 1245 408 1312 Θεῷ,
441 1240 697 1296 τουτέστι
727 1237 818 1294 διὰ
844 1239 907 1295 τὸ
953 1239 1092 1295 εἶναι
1123 1242 1269 1303 Θεός.
1312 1243 1417 1298 Καὶ
1475 1239 1650 1302 οὕτως
1701 1239 1938 1308 νοήσεις·

268 1328 454 1405 ὥσπερ
499 1327 746 1404 λὲγομεν
782 1327 870 1384 ἐπὶ
901 1333 998 1384 τοῦ
1057 1331 1177 1385 καθ’
1236 1332 1386 1403 ἡμᾶς
1441 1327 1748 1404 ἀνθρώπου·
1793 1327 1938 1381 Ἀπ-

269 1420 422 1486 ἇθανε
452 1424 521 1494 τῇ
556 1419 741 1488 σαρκὶ,
879 1416 937 1474 δὲ
965 1423 1033 1492 τῇ
1066 1423 1247 1495 ψυχῇ,
1306 1420 1442 1474 κατά
1493 1415 1714 1486 δοτικήν
1745 1412 1940 1471 ἀποδι-

266 1507 454 1570 δόντες
485 1509 577 1564 τὸν
612 1507 806 1583 λόγον,
839 1507 983 1563 οὕτω
1017 1529 1111 1582 μοι
1141 1509 1274 1563 νόει·
1307 1510 1403 1580 Τῷ
1434 1511 1550 1579 Θεῷ
1586 1505 1939 1580 ζῇ,τουτὲστι

268 1605 351 1673 τῷ
382 1601 516 1655 εἶναι
569 1598 726 1666 Θεὸς,
782 1597 884 1652 οὐκ
921 1595 1110 1667 ἐπειδή
1151 1598 1240 1652 καὶ
1301 1597 1380 1667 τῷ
1440 1597 1571 1652 εἶναι
1626 1598 1781 1670 ψυχῇ
1840 1593 1940 1649 οὐκ

277 1687 577 1761 ἔζτηάλλά
631 1689 694 1742 τὸ
756 1687 1120 1761 ἀμαχώτερον
1181 1685 1408 1757 τέθεικε,
1466 1686 1529 1740 τὸ
1582 1686 1721 1740 εἶναι
1780 1682 1938 1738 αὐτὸν

281 1778 443 1834 Θεόν.
480 1800 507 1826 «
537 1777 716 1839 Οὒτως
756 1775 849 1830 καὶ
911 1776 1068 1849 ὑμεῖς
1129 1775 1415 1851 λογίζεσθε
1465 1773 1708 1836 ἑαυτούς.
1745 1797 1773 1824 ι)
1807 1773 1938 1828 Εἶτα

274 1867 376 1922 ἳνα
411 1866 489 1939 μή
525 1862 731 1940 λέγωσι·
768 1865 865 1920 Καὶ
895 1864 972 1935 τί,
1003 1864 1159 1943 φησί,
1194 1865 1329 1939 πρὸς
1355 1867 1528 1937 ἡμᾶς,
1562 1863 1608 1918 εί
1637 1863 1772 1934 ἅπαξ
1799 1863 1934 1917 ἀπο-

279 1957 461 2012 θανὼν
498 1958 526 2011 ὁ
556 1958 787 2031 Χριστὸς
808 1955 988 2011 οὐκέτι
1013 1956 1345 2026 ἀποθνήσκει
1373 1974 1387 2025 ;
1413 1979 1441 2007 ‹‹
1464 1955 1825 2032 φησὶν,οὕτω
1845 1953 1935 2007 καὶ

273 2048 434 2122 ὑμεῖς
467 2045 685 2108 ἑαυτοὺς
716 2046 1014 2122 λογίζεσθε.
1052 2069 1077 2100 ι
1104 2053 1266 2116 Πῶς;
1299 2048 1425 2105 ’Ότι
1454 2046 1809 2110 ἀποθανεῖσθε
1832 2045 1929 2118 μὲν

261 2135 352 2194 διὰ
383 2138 486 2204 τὴν
513 2136 780 2211 ἁμαρτίαν
806 2137 964 2206 ἅπαξ,
999 2138 1189 2208 ζήσετε
1220 2133 1278 2191 δὲ
1331 2141 1409 2207 τῷ
1466 2140 1604 2207 Θεῷ.
1666 2135 1768 2192 Καὶ
1822 2139 1922 2208 γὰρ

259 2226 313 2283 ἰν
349 2227 502 2298 αὐτῷ
535 2231 714 2298 ζῶμεν
747 2226 839 2280 καὶ
871 2226 1170 2298 κινούμεθα
1227 2225 1316 2279 καὶ
1371 2223 1550 2297 ἐσμὲν,
1599 2223 1780 2287 καθὼς
1833 2222 1923 2277 καὶ

262 2315 528 2396 ἀλλαχοῦ
555 2337 741 2392 φησιν.
775 2318 844 2370 Ἦ
875 2316 1070 2377 οὓτως*
1125 2317 1329 2390 ’Ὠσπερ
1389 2316 1414 2368 ὁ
1448 2313 1706 2386 Χριστὸς,
1736 2311 1922 2389 φησὶν,

266 2406 498 2470 ἀπέθανε
529 2406 620 2460 καὶ
653 2408 720 2478 ζῇ
779 2405 956 2466 οὓτως
1009 2405 1095 2459 καὶ
1157 2405 1314 2476 ὑμεῖς
1369 2402 1654 2478 λογίζεσθε
1701 2403 1922 2463 ἑαυτοὺς

261 2497 441 2572 χρεὼν
473 2496 632 2562 εἶναι,
657 2493 884 2567 νεκροὺς
929 2495 1023 2566 μὶν
1085 2495 1210 2549 ὅσον
1264 2493 1402 2568 πρὸς
1451 2494 1514 2548 τὸ
1575 2490 1922 2565 ἁμαρτάνειν,

258 2590 465 2657 ζῶντας
518 2582 579 2640 δὲ
636 2583 715 2646 εἷς
769 2584 838 2639 τά
895 2584 1030 2638 κατά
1097 2584 1246 2652 Θεὸν,
1296 2581 1385 2638 διὰ
1444 2585 1627 2653 Ἰησοῦ
1666 2583 1924 2652 Χριστοῦ,

254 2677 532 2740 τουτέστι,
567 2673 996 2746 συμμαχοῦντος
1028 2675 1287 2746 Χριστοῦ.
1320 2696 1348 2724 ιι
1385 2673 1472 2726 Ἐν
1536 2673 1758 2745 Χριστῷ
1809 2671 1925 2740 ’1η-

259 2767 374 2819 σοῦ·
411 2763 512 2819 Διά
545 2763 728 2832 Ἰησοῦ
758 2765 1013 2838 Χριστοῦ.
1050 2785 1078 2814 ››
1117 2761 1214 2816 Διᾶ
1245 2761 1348 2838 γὰρ
1379 2765 1477 2816 τοῦ
1509 2762 1742 2816 θανάτου
1761 2759 1926 2814 αὐτοῦ

257 2857 290 2924 ἠ
324 2855 447 2925 ζωὴ
481 2856 672 2924 ἡμῶν·

2055 704 2321 769 peccato.
2357 719 2385 746 »
2412 699 2483 752 Et
2511 697 2572 752 in
2607 703 2862 767 tantum,
2895 701 3108 774 inquit,
3143 722 3261 762 non
3294 713 3557 783 amplius
3584 734 3712 774 mo-

2054 787 2244 843 rietur
2272 792 2336 842 ut
2370 787 2520 842 illud
2549 805 2784 859 quoque
2821 792 2978 860 quod
3037 797 3223 850 semel
3280 807 3548 860 mortuus
3598 813 3708 875 est,

2054 895 2174 934 non
2205 884 2485 950 tanquam
2524 881 2701 934 morti
2738 881 3031 938 obnoxius
3081 884 3140 938 id
3171 903 3382 958 passus
3413 899 3523 961 est,
3558 897 3711 954 sicut

2054 970 2254 1024 caeteri
2287 969 2582 1034 homines,
2619 971 2722 1026 sed
2754 971 2827 1026 ob
2860 973 3066 1028 mundi
3098 985 3432 1047 peccatum,
3466 990 3532 1038 ut
3561 987 3710 1044 illud

2053 1059 2124 1116 de
2157 1059 2354 1115 medio
2381 1059 2968 1133 auferret,mortique
3003 1064 3280 1122 traderet.
3305 1091 3324 1116 ι
3355 1071 3504 1129 Vivit
3536 1077 3708 1132 Deo.»

2052 1151 2172 1206 Hoc
2203 1155 2294 1206 est
2323 1149 2505 1206 veluti
2530 1151 2683 1206 Deus
2712 1152 2842 1206 sine
2874 1155 3228 1219 cessatione,
3274 1159 3402 1217 sine
3461 1163 3711 1221 dissolu-

2051 1241 2234 1298 tione.
2268 1240 2432 1295 Sicut
2461 1240 2623 1296 enim
2657 1241 3015 1315 intelligitur
3044 1253 3312 1316 peccato,
3345 1251 3406 1306 id
3431 1261 3542 1318 est,
3573 1273 3711 1327 pro-

2050 1336 2183 1402 pter
2202 1335 2532 1400 peccatum.
2563 1330 2645 1385 ita
2665 1348 2902 1403 quoque
2925 1332 3283 1408 intelligitur
3314 1339 3451 1408 Deo,
3485 1341 3598 1398 hoc
3618 1351 3710 1402 est

2049 1424 2367 1490 propterea
2397 1417 2557 1490 quod
2588 1417 2665 1474 sit
2695 1420 2868 1475 Deus.
2901 1421 2970 1476 Et
3000 1422 3083 1478 ita
3103 1425 3395 1496 accipies:
3420 1432 3707 1500 quemado

2050 1507 2294 1563 modum
2322 1507 2578 1564 dicimus
2601 1507 2672 1564 de
2704 1509 2949 1566 homine
2980 1511 3157 1568 nobis
3187 1517 3423 1588 cognito
3447 1535 3514 1576 ac
3530 1521 3704 1578 fami-

2048 1597 2181 1653 liari
2233 1613 2246 1650 :
2309 1598 2572 1652 Mortuus
2629 1603 2721 1653 est
2795 1615 2994 1668 carne,
3050 1601 3188 1656 vivit
3247 1611 3444 1664 autem
3495 1611 3709 1682 spiritu

2048 1685 2414 1759 (sermonem
2440 1687 2752 1744 auferendi
2785 1706 2925 1744 casu
2958 1690 3486 1762 reddentes,veluti
3520 1700 3705 1758 Graeci

2047 1776 2227 1832 dandi
2257 1775 2420 1847 casu)
2459 1793 2472 1843 ;
2507 1776 2588 1832 ita
2621 1777 2766 1832 mihi
2809 1779 3116 1852 intellige:
3152 1783 3301 1840 Vivit
3332 1787 3470 1854 Deo,
3514 1789 3574 1845 id
3595 1797 3704 1857 est,

2046 1880 2116 1919 eo
2157 1865 2315 1936 quod
2347 1865 2424 1920 sit
2455 1865 2647 1920 Deus:
2674 1882 2795 1921 non
2822 1868 2982 1938 quod
3012 1886 3121 1940 per
3165 1889 3295 1928 esse
3329 1875 3546 1932 animai
3582 1896 3704 1934 non

2046 1954 2397 2021 viveret,sed
2427 1954 2587 2025 quod
2619 1955 2851 2011 firmius
2875 1962 2963 2012 est
2991 1960 3208 2030 posuit,
3230 1969 3371 2033 puta
3396 1967 3554 2036 quod
3577 1968 3702 2040 ipse

2044 2044 2121 2098 sit
2151 2045 2324 2099 Deus.
2363 2067 2387 2093 α
2426 2045 2705 2100 ltaetvos
2764 2045 3119 2104 existimate.
3177 2071 3206 2099 »
3255 2053 3334 2107 Ne
3395 2053 3699 2112 dicerent:

2039 2134 2109 2188 Et
2147 2133 2290 2204 quid
2320 2133 2395 2188 ad
2418 2150 2528 2188 nos
2560 2134 2607 2187 si
2629 2140 2900 2189 mortuus
2931 2138 3118 2193 semel
3141 2139 3406 2197 Christus
3424 2160 3543 2199 non
3565 2161 3692 2200 am-

2035 2222 2192 2295 plius
2223 2223 2477 2278 moritur
2492 2223 2639 2279 ?ait:
2659 2244 2682 2274 α
2699 2225 2784 2279 Ita
2801 2230 2860 2279 et
2888 2242 2988 2280 vos
3009 2229 3342 2285 existimate
3359 2248 3460 2288 vos
3474 2233 3694 2304 ipsos.»

2034 2313 2337 2379 Quomodo
2368 2313 2394 2368 ‘I
2423 2313 2589 2379 Quod
2619 2315 2808 2370 semel
2837 2316 3079 2386 quidem
3111 2326 3355 2392 pr0pter
3384 2330 3692 2394 peccatum

2036 2404 2398 2470 moriemini,
2435 2404 2636 2459 vivetis
2663 2411 2862 2462 autem
2895 2407 3033 2462 Deo.
3079 2411 3309 2466 Etenim
3342 2429 3449 2483 per
3497 2414 3694 2486 ipsum

2035 2493 2284 2549 vivimus
2314 2498 2372 2549 et
2410 2511 2717 2550 movemur
2775 2512 2843 2559 ac
2900 2513 3129 2565 sumus,
3193 2503 3697 2570 quemadmodum

2037 2583 2216 2639 etiam
2240 2583 2382 2638 alibi
2417 2583 2562 2640 dicit
2591 2584 2657 2640 εί.
2698 2585 2798 2640 Vel
2831 2586 2941 2641 hoc
2972 2587 3149 2643 modo
3182 2590 3383 2647 :Sicut
3403 2593 3694 2663 Christus,

2036 2671 2253 2744 inquit,
2287 2679 2558 2730 mortuus
2590 2681 2682 2730 est
2729 2681 2788 2730 et
2818 2676 3067 2740 vivit,ita
3097 2684 3154 2732 et
3211 2696 3311 2735 vos
3359 2683 3694 2742 existimate

2037 2762 2303 2833 vosipsos
2362 2770 2635 2834 oportere
2685 2765 2928 2835 quidem
2981 2772 3250 2824 mortuos
3317 2787 3447 2826 esse
3499 2775 3695 2844 quoad

2041 2851 2434 2924 peccandum,
2459 2853 2720 2910 viventes
2747 2859 2947 2911 autem
2977 2855 3051 2911 ad
3091 2873 3161 2913 ea
3203 2876 3335 2930 quae
3386 2861 3490 2916 Dei
3554 2870 3694 2918 sunt

250 2963 364 3021 per
384 2946 594 3002 Iesum
627 2943 951 3010 Christum,
983 2944 1094 3000 hoc
1116 2949 1208 3001 est
1236 2943 1562 3002 auxiliante
1585 2943 1838 2999 Christo.
1875 2963 1903 2990 ‹‹
1938 2941 2003 2996 In
2033 2939 2266 2997 Christo
2289 2942 2442 2998 Jesu.
2483 2964 2510 2990 ››
2558 2945 2670 2998 Per
2718 2944 2922 3000 Jesum
2975 2944 3298 3002 Christum.
3357 2951 3500 3005 Nam
3584 2967 3692 3024 per

250 3042 517 3096 mortem
547 3034 742 3107 ipsius
771 3040 864 3090 est
891 3034 1009 3090 vita
1029 3039 1254 3090 nostra.

328 3125 422 3194 Μή
489 3121 582 3178 οὖν
677 3121 1016 3198 βασιλευέτω
1097 3124 1130 3190 ἠ
1195 3122 1436 3196 ἁμαρτία
1491 3119 1542 3174 ἐν
1599 3124 1680 3192 τῷ
1740 3121 1922 3190 θνητῷ

253 3215 411 3286 ὑμῶν
519 3211 761 3284 σώματι,
809 3210 885 3272 είς
987 3211 1051 3265 τὸ
1117 3209 1408 3265 ὑπακούειν
1464 3208 1604 3283 αὖτῇ
1673 3207 1725 3263 ἂν
1799 3212 1918 3264 ταῖς

254 3301 575 3375 ὶπιθυμίαις
677 3299 862 3356 αὐτοῦ.
952 3296 1106 3369 Μηδὲ
1189 3300 1540 3374 παριστάνετε
1631 3297 1698 3352 τὰ
1775 3294 1919 3372 μέλη

255 3394 408 3468 ὑμῶν
469 3389 620 3447 ὅπλα
686 3387 901 3452 ἀδικίας
966 3393 1037 3462 τῇ
1103 3389 1360 3465 ἁμαρτίᾳ,
1433 3386 1580 3443 ἀλλά
1643 3386 1922 3462 παρασττς.

2106 3121 2196 3185 Vl,
2232 3123 2419 3176 12-14.
2457 3125 2532 3177 Ne
2553 3128 2744 3191 regnet
2773 3139 2904 3192 ergo
2927 3131 3214 3192 peccatum
3247 3128 3306 3180 in
3336 3133 3512 3184 vestro
3550 3147 3690 3186 mor-

2032 3208 2134 3264 tali
2163 3226 2407 3280 corpore,
2440 3216 2500 3265 ut
2531 3211 2800 3266 obediatis
2833 3211 2922 3266 illi
2961 3215 3019 3266 in
3050 3217 3509 3285 concupiscentiis
3539 3219 3675 3290 ejus.

2035 3300 2217 3369 Neque
2246 3299 2498 3354 exhibete
2542 3300 2784 3355 membra
2812 3307 2991 3356 vestra
3045 3319 3204 3357 arma
3235 3306 3523 3376 injustitie
3545 3325 3686 3380 pec-

2033 3394 2174 3443 cato.
2204 3389 2312 3445 Sed
2341 3389 2594 3445 exhibete
2625 3393 2974 3462 vosmetipsos
3009 3393 3119 3447 Deo
3143 3401 3410 3465 tanquam
3443 3414 3512 3453 ea:
3540 3415 3688 3454 mor-

250 3504 378 3540 σατε
409 3479 635 3542 ἑαυτοὺς
669 3484 748 3552 τῷ
797 3483 937 3550 Θεῷ,
974 3478 1049 3541 ὡς
1081 3476 1142 3534 ἐκ
1177 3483 1381 3554 νεκρῶν
1415 3478 1639 3547 ζῶντας,
1695 3476 1786 3531 καὶ
1853 3473 1920 3531 τά

2040 3481 2146 3533 tuis
2176 3481 2434 3546 viventes,
2461 3486 2513 3535 et
2571 3481 2814 3536 membra
2856 3488 3036 3537 vestra
3065 3499 3222 3538 arma
3259 3485 3502 3554 justitiae
3557 3489 3684 3544 Deo.

256 3572 405 3648 μὲλη
434 3575 585 3643 ὑμῶν
613 3569 765 3626 ὅπλα
787 3565 1140 3640 δικαιοσύνης
1171 3573 1250 3640 τῷ
1307 3572 1444 3639 Θεῷ.
1499 3567 1772 3641 Ἀμαρτία
1817 3565 1920 3641 γάρ

263 3662 425 3732 ὑμῶν
456 3661 520 3714 οἶ)
547 3657 830 3734 κυριεύσει*
865 3658 932 3713 οὐ
965 3659 1069 3736 γάρ
1101 3657 1220 3714 ἐστε
1244 3657 1351 3714 ὑπὸ
1379 3657 1568 3731 νόμον,
1625 3654 1773 3712 ἀλλά
1822 3654 1926 3710 ὑπὸ

270 3751 468 3827 χῆριν.

347 3837 500 3893 Ἐπεῖ
534 3836 622 3892 οὗν
661 3837 876 3914 νεκροὺς
942 3839 1082 3911 ὑμᾶς
1139 3838 1276 3892 εἶναι
1334 3841 1448 3918 χρή
1509 3838 1635 3892 ὅσον
1695 3835 1772 3896 εἷς
1827 3834 1927 3902 τὴν

266 3929 560 4002 ἁμαρτίαν,
635 3929 708 4001 μὴ
768 3925 1057 4003 κρατείτω,
1111 3927 1294 4006 φησῖν,
1354 3928 1507 4002 ὑμῶν
1566 3928 1600 3994 ἡ
1663 3923 1920 3998 ἁμαρτία.

257 4018 457 4079 Καλῶς
490 4015 547 4072 δὲ
573 4017 625 4073 ἐν
653 4023 732 4088 τῷ
763 4019 942 4089 θνητῷ
989 4019 1226 4090 σώματι·
1289 4013 1381 4074 διά
1435 4018 1536 4092 γάρ
1589 4019 1686 4070 τοῦ
1731 4014 1922 4087 σώμα-

249 4129 346 4172 τος
378 4105 688 4180 ἠάμαρτία
718 4109 794 4170 ὡς
849 4107 937 4162 ἐπὶ
1002 4108 1064 4162 τὸ
1121 4105 1288 4162 πολύ.
1349 4107 1441 4175 Μὴ
1495 4103 1832 4181 βασιλευέτω
1864 4100 1922 4160 δὲ

248 4198 329 4262 εἷς
358 4199 423 4254 τὸ
458 4197 753 4253 ὑπακούειν
811 4198 970 4271 αὐτῇ·
1025 4201 1192 4252 τοῦτο
1249 4196 1350 4271 γάρ
1413 4192 1817 4273 βασιλεύεσθαι.
1853 4225 1920 4235 --

249 4289 593 4367 [GEUAQR]
659 4285 947 4343 Βασιλείαν
1023 4283 1080 4341 δὲ
1153 4283 1467 4359 τυραννίδος
1548 4284 1720 4359 ταύτῃ
1798 4280 1916 4338 δια-

243 4376 426 4461 ῗέὲειο
503 4382 585 4447 τῷ
659 4378 758 4446 τήν
823 4376 917 4450 μὶν
974 4374 1290 4450 τυραννίδα,
1365 4374 1603 4431 ἀκόντων
1681 4372 1917 4448 γίνεσθαι

241 4474 353 4526 τῶν
391 4467 678 4537 ὑπηκόων,
709 4467 808 4535 τὴν
844 4463 902 4521 δὶ
961 4464 1242 4541 βασιλείαν
1298 4464 1654 4540 βουλομένων
1682 4466 1791 4518 τῶν
1819 4461 1916 4536 ἀρ-

247 4561 524 4634 χομὲνων.
565 4561 825 4629 Ιιαραινεῖ
853 4556 1036 4611 τοίνυν
1085 4553 1280 4625 μηκέτι
1346 4557 1415 4627 τῇ
1476 4551 1763 4624 δυναστείᾳ
1815 4557 1917 4620 τῆς

1025 4644 1298 4703 Κατέλυσε
1382 4645 1486 4719 γάρ
1571 4642 1738 4709 αὐτῆς
1814 4641 1911 4708 τῆν

247 4645 522 4722 ἁμαρτίας
583 4644 936 4701 συντίθεσθαι.

1552 4731 1650 4788 Καέ
1708 4731 1802 4787 ἆτε
1857 4726 1915 4786 δὶ

253 4735 539 4813 βασιλείαν
600 4737 629 4790 ὁ
689 4733 965 4804 Δεσπότης
1023 4733 1466 4807 ἐνανθρωπήσας.

249 4827 468 4894 θνητοῖς
513 4823 596 4880 ἔτι
661 4824 750 4879 καὶ
800 4823 1042 4894 παθητὸν
1100 4819 1293 4898 ἔχουσι
1354 4827 1513 4894 σῶμα
1569 4826 1912 4895 νομοθετῶν,
1945 4864 1992 4930 D

296 4917 309 4930 ρ
603 4917 629 4928 υ
687 4913 700 4930 9
751 4925 767 4930 Α
865 4913 877 4930 Ι
1121 4913 1145 4930 Α
1240 4917 1263 4929 ο
1345 4918 1378 4930 Ir
1427 4911 1441 4930 ἱ
1535 4911 1548 4930 ν
1588 4910 1644 4930 ἼΙ
1821 4913 1904 4930 εις

245 4917 540 4988 σύμμετρα
563 4917 632 4983 τῇ
676 4913 916 4984 ἀσθενείᾳ
973 4913 1282 4986 νομοθετεῖ.
1345 4911 1443 4967 Καὶ
1493 4911 1556 4967 οὐ
1588 4910 1760 4979 λέγει,
1821 4913 1912 4982 Μή

244 5004 601 5076 τυραννείτω⁹
636 5001 804 5069 ἀλλὰ,
839 5004 929 5071 Μὴ
966 4998 1324 5077 βασιλευέτω.
1357 5002 1436 5059 Τὸ
1493 5000 1588 5073 μὶν
1638 4999 1740 5075 γάρ
1775 4997 1911 5056 ἴδιον

246 5093 463 5163 ικείνης
490 5094 554 5149 τὸ
588 5098 888 5167 τυραννεῖν,
912 5091 974 5146 τὸ
1007 5088 1064 5146 δί
1096 5097 1192 5162 τῆς
1241 5090 1514 5166 ἡμετέρας
1567 5089 1796 5166 γνώμης
1852 5091 1914 5145 τὸ

248 5181 661 5261 βασιλεύεσθαι.
694 5183 756 5238 Ἡ
791 5183 884 5256 μὶν
918 5181 1024 5256 γάρ
1055 5184 1164 5236 τῶν
1207 5182 1548 5255 παθημάτων
1579 5179 1791 5249 κίνησις
1821 5179 1913 5234 καὶ

246 5271 517 5348 ὄχλησις,
550 5272 686 5328 κατά
717 5273 874 5349 φύσιν
907 5273 1047 5344 ἡμῖν
1077 5269 1426 5344 γίνεται,τιῖ›ν
1448 5267 1506 5325 δὲ
1529 5270 1912 5344 ἀπειρημίνων

240 5365 278 5434 ἡ
314 5365 537 5438 πρᾶξις,
565 5364 664 5432 τῆς
695 5362 924 5439 γνώμης
955 5360 1270 5435 ἐξήρτηται.

317 5541 536 5620 [ΦΩΤ.]
569 5541 720 5599 Ἐπεὶ
754 5540 882 5616 γάρ,
915 5540 1104 5620 φησὶν,
1162 5537 1519 5612 ἀπεθάνομεν,
1579 5538 1668 5592 καὶ
1725 5538 1913 5613 νεκρὸν

239 5634 409 5708 ἡμῶν
438 5634 626 5708 γέγονι
653 5632 715 5688 τὸ
771 5635 938 5704 σῶμα
992 5632 1062 5703 τῇ
1119 5627 1382 5704 ἁμαρτίᾳ,
1442 5630 1518 5702 μὴ
1579 5630 1910 5702 ποιήσωμεν

317 5811 366 5851 ⁹¹
387 5816 514 5873 Act.
547 5830 691 5886 xm,
719 5812 812 5870 88.

2033 3570 2172 3624 Nam
2194 3576 2484 3639 peccatum
2513 3571 2662 3627 vobis
2692 3587 2801 3626 non
2824 3571 3373 3630 dominabiturmon
3405 3579 3551 3634 enim
3565 3579 3691 3635 estis

2029 3659 2127 3714 sub
2159 3658 2298 3729 lege,
2329 3661 2424 3716 sed
2450 3663 2549 3716 sub
2579 3662 2789 3730 gratia.

2101 3840 2304 3910 Itaque
2329 3839 2378 3893 si
2409 3843 2673 3894 mortuos
2706 3853 2837 3894 esse
2871 3854 2970 3893 vos
3001 3845 3236 3911 oportet
3257 3843 3453 3913 quoad
3474 3860 3688 3915 pecca-

2028 3931 2178 3992 tum,
2212 3943 2286 3984 ne
2318 3928 2538 3996 vincat,
2566 3927 2780 3998 inquit.
2801 3942 2903 3982 vos
2933 3934 3263 4000 peccatum.
3302 3931 3454 3987 Bene
3486 3937 3685 3989 autem

2029 4015 2270 4072 additur
2296 4017 2359 4073 in
2389 4017 2628 4074 mortali
2662 4033 3078 4088 corpore,nam
3112 4024 3178 4073 ut
3210 4019 3532 4092 plurimum
3553 4038 3685 4093 pec-

2029 4108 2226 4159 catum
2257 4120 2364 4175 per
2393 4120 2609 4174 corpus
2641 4107 2971 4160 exercetur.
3006 4105 3084 4160 Ne
3118 4111 3424 4178 regnet,ut
3454 4106 3542 4162 illi
3584 4125 3682 4178 pa-

2027 4192 2209 4248 reatis
2245 4209 2258 4247 :
2293 4193 2403 4248 hoc
2435 4192 2596 4250 enim
2624 4197 2715 4247 est
2746 4191 2990 4248 subesse
3023 4193 3296 4266 imperio.
3321 4226 3389 4236 —
3419 4198 3685 4270 Regnum

2027 4291 2228 4342 autem
2259 4285 2320 4340 in
2353 4285 2464 4341 hoc
2495 4285 2696 4342 diﬁ‘ert
2726 4302 2762 4340 a
2794 4285 3108 4356 tyrannide
3145 4303 3157 4340 :
3195 4288 3354 4358 quod
3412 4291 3685 4361 tyrannis

2024 4382 2265 4448 geratur
2295 4377 2448 4432 219
2499 4376 2848 4432 nolentibus
2907 4376 3180 4444 subditis,
3241 4395 3493 4450 regnum
3549 4397 3685 4437 vero

2025 4464 2362 4520 volentibus
2393 4464 2485 4519 his
2518 4465 2618 4536 qui
2650 4464 3381 4536 gubernantumtdmonet
3403 4467 3583 4540 igitur
3611 4486 3685 4527 ne

2023 4570 2290 4624 unquam
2321 4570 2456 4608 cum
2490 4554 2715 4625 peccati
2741 4553 3051 4610 dominatu
3076 4556 3464 4626 paciscamur.
3490 4557 3685 4630 Siqui-

2023 4642 2156 4699 dem
2193 4643 2373 4715 hujus
2405 4658 2652 4715 regnum
2686 4642 2970 4699 Dominus
2991 4650 3227 4715 sumpta
3257 4661 3436 4702 carne
3465 4646 3682 4703 dissol-

2023 4731 2148 4788 vit:
2201 4737 2261 4788 et
2314 4737 2596 4802 tanquam
2652 4731 3010 4787 mortalibus
3057 4732 3251 4789 adhuc
3299 4740 3359 4791 et
3400 4735 3680 4805 passibile

2023 4838 2236 4893 corpus
2267 4819 2628 4877 habentibus
2658 4820 2851 4892 legem
2884 4821 3102 4887 ferens,
3163 4836 3232 4877 ea
3290 4822 3517 4878 stabilit
3545 4840 3677 4895 qum

2024 4917 2244 4968 nostra)
2276 4909 2672 4966 imbecillitati
2714 4921 3292 4968 commensurautur.
3346 4915 3462 4969 Nec
3492 4911 3676 4970 dicit:

2025 5001 2150 5056 Non
2182 5005 2456 5057 exerceat
2484 5000 2883 5072 tyrannidem,
2918 4999 3041 5066 sed,
3069 5002 3192 5056 Non
3226 5004 3676 5076 regnet.Tyran-

2024 5089 2225 5147 nidem
2277 5105 2535 5161 namque
2609 5105 2904 5155 exercere,
2958 5088 3121 5145 illius
3182 5091 3489 5162 proprium
3547 5099 3673 5150 est:

2024 5197 2274 5254 regnum
2306 5186 2505 5236 autem
2538 5181 2682 5252 pati,
2702 5185 2920 5235 nostrae
2949 5179 3167 5236 mentis
3200 5183 3492 5238 est.Motio
3515 5184 3678 5241 enim

2024 5287 2093 5326 ac
2118 5269 2370 5326 turbatio
2401 5271 2722 5325 aiiectuum
2745 5269 2922 5342 juxta
2941 5276 3216 5326 naturam
3249 5271 3420 5327 nobis
3443 5273 3678 5341 accidit,

2025 5377 2230 5417 eorum
2261 5377 2395 5416 vero
2429 5377 2559 5431 qua:
2595 5359 2896 5432 prohibita
2927 5366 3067 5415 sunt
3096 5361 3384 5432 operatio,
3415 5379 3450 5418 a
3479 5370 3682 5420 nostra

2023 5455 2223 5506 mente
2256 5448 2572 5521 dependet.

2095 5538 3057 5611 Quandoquidem,inquit,mortui
3091 5557 3392 5605 sumus,ac
3407 5547 3677 5601 nostrum

2023 5645 2238 5702 corpus
2267 5635 2510 5703 peccato
2544 5633 2845 5686 mortuum
2877 5635 2988 5699 est,
3045 5647 3122 5688 ne
3177 5648 3416 5690 rursum
3447 5632 3674 5704 peccati
