4114 6390
372 376 490 465 4οβ

1498 366 1922 453 (ΕΟΗΜΕΝΙΙ
1966 364 2275 430 ΤΒῙΟΟΛΕ
2322 366 2680 430 EPISCOPI

3686 381 3811 442 440

367 509 656 569 vitaillud
681 507 873 565 vivere
899 505 1189 564 faciamus
1227 523 1241 563 :
1273 522 1469 579 neque
1502 505 1651 564 tales
1674 504 2029 572 efﬁciamur,

2154 496 2311 557 πάλιν
2344 499 2475 559 αὐτὸ
2504 504 2768 577 ἀναζῆσαι
2802 507 2902 576 τήν
2960 507 3013 566 ἐν
3046 513 3115 586 τῇ
3173 510 3417 588 ἁμαρτίᾳ
3471 514 3611 587 ζωή.
3644 498 3802 588 Μηδὲ

368 610 436 660 ut
463 604 525 659 in
548 603 677 674 ipso
711 598 871 671 quod
902 598 1157 654 mortale
1191 598 1310 654 sive
1346 604 1649 654 mortuum
1697 597 1912 653 factum
1942 600 2035 652 est

369 709 477 765 per
504 691 892 763 baptismum,
919 693 1128 760 regnet
1160 693 1492 760 peccatum.
1527 687 1679 753 Quid
1711 693 1803 743 est
1832 691 2030 741 autem

366 797 619 854 regnare
651 781 712 835 in
735 779 910 834 nobis
938 776 1288 851 peccatum?
1306 777 1555 850 Explere
1587 776 1884 832 desideria
1899 792 2030 831 cor—

368 873 551 945 poris.
584 873 751 943 Ipsos
782 876 984 925 autem
1014 869 1077 923 in
1122 868 1236 923 hoc
1294 868 1660 934 consolatur,
1712 866 1871 938 quod
1900 867 1984 922 ait
2017 882 2030 921 :

368 982 397 1012 α
432 960 661 1017 Mortali
686 974 935 1030 corpore
961 975 975 1025 ;
1002 981 1029 1007 ››
1049 958 1373 1014 ostendens
1405 956 1565 1028 quod
1593 956 1944 1030 temporalis
1959 955 2037 1012 sit

368 1055 530 1112 lucta
559 1052 844 1109 adversus
871 1056 1179 1123 peccatum
1206 1066 1218 1104 :
1252 1048 1549 1121 siquidem
1583 1052 2036 1121 corpustempo-

370 1144 497 1202 rale
529 1149 675 1201 est.«
718 1144 781 1197 In
808 1139 1310 1211 concupiscentiis
1342 1139 1540 1212 ejus.»
1574 1141 1724 1194 Puta
1744 1140 2031 1212 corporis.

371 1255 402 1284 ‹‹
434 1235 635 1304 Neque
667 1231 942 1288 exhibete
973 1228 1245 1286 membra
1270 1234 1485 1285 vestra.
1519 1248 1546 1280 ι
1581 1232 1666 1285 Ac
1694 1229 1741 1285 si
1768 1229 2032 1285 diceret:

367 1325 451 1380 Ne
480 1322 823 1396 perficiatis.
885 1321 1110 1392 Corpus
1164 1319 1327 1375 enim
1385 1318 1625 1374 ducitur
1677 1335 2035 1392 quocunque

367 1412 501 1484 quis
531 1409 785 1469 duxerit.
818 1411 1021 1465 Potest
1051 1424 1311 1480 namque
1341 1408 1538 1465 facere
1573 1408 1875 1481 quispiam
1912 1424 2036 1464 ma-

366 1518 513 1560 num
542 1500 1011 1556 instrumentum
1041 1499 1116 1554 ad
1144 1498 1616 1569 eleemosynam,
1671 1498 1950 1554 similiter
1980 1504 2040 1554 et

364 1590 439 1648 ad
467 1590 742 1663 rapinam
778 1606 791 1644 :
824 1589 1089 1660 linguam
1130 1588 1205 1643 ad
1234 1588 1722 1645 benedicendum
1754 1594 1814 1645 et
1841 1588 2027 1645 male-

367 1680 779 1749 dicendum,et
808 1680 891 1735 ita
921 1678 993 1736 de
1026 1678 1305 1735 omnibus
1338 1680 1645 1736 membris.
1690 1700 1717 1733 ιι
1750 1680 2042 1735 Armain'

361 1772 837 1846 justitiae.»Bene
865 1774 1175 1842 peccatum
1195 1769 1425 1825 vocavit
1448 1768 2042 1841 injustitiam.Siqui-

2144 598 2686 669 παρασκευασώμεθα
2739 598 2938 665 οὕτως,
2983 600 3122 657 ὥστε
3147 600 3314 660 πάλιν
3366 604 3418 659 ἐν
3480 605 3631 678 αὐτῷ
3679 607 3802 678 θνη-

2139 687 2219 756 τῷ
2249 685 2528 759 γενομένῳ
2573 685 2663 744 διὰ
2715 694 2813 745 τοῦ
2871 693 3268 768 βαπτίσματος,
3333 694 3640 771 βασιλεύειν
3697 700 3798 769 τήν

2143 773 2436 850 ἁμαρτίαν.
2471 777 2541 834 Τί
2573 776 2631 833 δὲ
2660 777 2772 833 ἐστι
2807 782 3116 857 βασιλεύειν
3161 783 3214 840 ἐν
3272 786 3410 859 ἡμῖν
3468 788 3566 856 τήν
3622 790 3798 863 ἁμαρ·

2140 864 2259 918 τίαν
2298 884 2311 933 ;
2342 866 2415 923 Τὸ
2445 866 2714 923 ἐπιτελεῖν
2745 870 2841 932 τὰς
2875 870 3165 947 ἐπιθυμίας
3213 880 3312 930 τοῦ
3370 877 3654 950 σώματος.
3692 884 3801 934 Πα·

2143 957 2463 1028 ραμυθεῖται
2514 955 2571 1014 δὲ
2628 958 2823 1025 αὐτοὺς
2877 960 3041 1035 ἐντῷ
3097 963 3292 1036 εἰπεῖν,
3356 990 3381 1018 ι(
3441 972 3636 1040 Θνητῴ
3694 968 3805 1024 σώ-

2147 1063 2300 1115 ματι,
2361 1043 2633 1109 »δεικνὺς
2690 1047 2775 1104 ὅτι
2832 1051 3166 1126 πρόσκαιρος
3239 1056 3273 1125 ἠ
3350 1054 3502 1127 πάλη
3580 1058 3616 1128 ἥ
3666 1059 3805 1132 πρὸς

2144 1134 2436 1210 ἁμαρτίας·
2469 1140 2799 1215 πρόσκαιρον
2827 1141 2929 1217 γὰρ
2969 1162 3032 1197 το
3092 1148 3272 1217 σῶμα.
3308 1167 3339 1198 ιι
3373 1147 3461 1202 Ἐν
3503 1152 3624 1213 ταῖς
3681 1148 3805 1205 ἔπι·-

2147 1226 2369 1299 θυμίαις
2399 1228 2585 1287 αὐτοῦ.
2648 1256 2670 1285 ι
2733 1235 3016 1307 Τουτὲττι,
3074 1240 3173 1292 τοῦ
3233 1236 3512 1311 σώματος.
3556 1265 3585 1292 ‹‹
3650 1239 3810 1313 Μηδὶ

2146 1316 2500 1391 παριστάνετε
2525 1321 2592 1375 τὰ
2624 1319 2767 1395 μὲλη
2802 1322 2977 1398 ὑμῶν.
3010 1349 3039 1377 ››
3097 1326 3253 1397 Οἴον,
3313 1329 3405 1398 Μὴ
3457 1328 3804 1388 ἀποτελεῖτε.

2146 1407 2217 1460 Τὸ
2245 1407 2349 1483 γὰρ
2376 1412 2537 1482 σῶμα
2566 1408 2777 1485 ἄγεται,
2807 1414 2942 1469 καθὸ
2992 1411 3050 1470 ἄν
3085 1413 3191 1492 ἄγῃ
3248 1435 3355 1479 τις.
3415 1418 3639 1475 Δύναται
3699 1420 3806 1497 γάρ

2146 1516 2229 1558 τις
2257 1497 2357 1566 τήν
2381 1504 2563 1574 χεῖρα,
2586 1499 2696 1575 ίκαὶ
2729 1500 2902 1558 ὅπλον
2962 1502 3363 1577 ἐλεημοσύνης,
3412 1509 3502 1564 καὶ
3552 1510 3808 1586 ἁρπαγῆς

2149 1593 2401 1655 ποιῆσαι*
2433 1590 2535 1658 τὴν
2595 1589 2850 1665 γλῶσσαν
2891 1592 2983 1649 καὶ
3041 1590 3289 1672 εὔφημον
3341 1596 3432 1653 καὶ
3491 1595 3805 1681 δύσφημον,

2148 1675 2238 1729 καὶ
2270 1675 2442 1739 οὕτως
2474 1678 2643 1735 πάντα
2670 1681 2737 1735 τὰ
2770 1680 2936 1756 μέλη,
2971 1708 2999 1735 ‹‹
3029 1685 3220 1742 ’ΌπΛα
3251 1683 3480 1752 ἀδικίας.
3517 1711 3546 1740 ››
3604 1675 3804 1754 Καλῶς

2150 1766 2249 1833 τήν
2276 1766 2563 1842 ἁμαρτίαν,
2605 1766 2813 1826 ἀδικίαν
2870 1769 3141 1831 ἐκάλεσεν.
3197 1775 3267 1831 Ἤ
3321 1775 3422 1851 γὰρ
3480 1776 3667 1834 ἔαυτόν
3720 1798 3807 1842 τις

373 1862 509 1921 dem
539 1879 647 1935 per
678 1860 831 1919 illud
863 1860 1115 1932 quisque
1148 1858 1237 1915 vel
1271 1859 1502 1933 sibiipsi
1547 1860 1806 1931 injurius
1838 1865 1928 1916 est
1947 1849 2042 1917 vel

2154 1850 2330 1909 ἀδικεῖ
2354 1853 2423 1910 δι’
2447 1856 2639 1928 αὐτῆς,
2670 1859 2706 1929 ἢ
2740 1860 2833 1917 τὸν
2863 1860 3120 1931 πλησίον.
3154 1888 3181 1916 ι(
3217 1849 3393 1922 Ἀλλὰ
3421 1869 3806 1942 παραστήσατε

372 1950 664 2025 proximo.
699 1971 725 1997 ‹‹
762 1948 875 2006 Sed
906 1948 1184 2005 exhibete
1230 1948 1619 2020 vosmetipsos
1675 1949 1817 2005 Deo.
1879 1968 1905 2000 ιι
1956 1950 2041 2005 Ex

380 2039 624 2096 vocibus
646 2037 888 2094 interim
915 2037 1173 2095 sumitur
1190 2038 1505 2094 sententia)
1543 2036 2040 2094 discrimen.l\'am

384 2129 538 2185 sicut
570 2128 895 2190 dicitur,Ne
919 2127 1054 2198 quis
1086 2126 1349 2198 seipsum
1382 2127 1657 2183 exhibeat
1679 2131 1922 2199 peccato
1936 2128 2041 2183 sed

379 2219 498 2276 Deo
533 2235 547 2286 ;
576 2218 661 2273 ita
680 2215 979 2285 exhibete,
1013 2216 1231 2288 inquit,
1265 2216 1532 2289 vosipsos
1584 2221 1720 2285 Deo,
1757 2218 1913 2273 sicut
1940 2216 2038 2273 di-

377 2324 559 2382 gnum
593 2312 729 2363 est:
765 2305 906 2378 quia
925 2322 1026 2362 vos
1080 2305 1339 2378 peccatis
1397 2305 1695 2362 veteribus
1750 2311 2038 2371 mortuos,

378 2399 498 2457 sive
529 2398 738 2454 mortis
763 2397 1078 2453 dominatu
1117 2412 1355 2468 pressos
1373 2396 1685 2453 viviﬁcavit
1707 2414 1719 2452 :
1744 2397 1855 2462 vel,
1890 2397 2044 2454 sicut

379 2505 615 2562 aaquum
643 2493 735 2545 est
762 2486 899 2543 illos
930 2485 1211 2543 exhibere
1245 2486 1603 2559 seipsos,qui
1624 2492 1787 2542 tanto
1811 2486 2040 2545 benefi-

381 2578 471 2635 cio
503 2577 698 2634 affecti
732 2580 890 2642 sunt,
923 2581 989 2630 ut
1017 2590 1088 2631 ex
1120 2574 1374 2630 mortuis
1406 2590 1473 2630 ac
1497 2576 1793 2646 corruptis
1815 2576 2042 2631 aﬂ‘ecti—

380 2667 493 2724 bus
512 2666 771 2728 liberati,
804 2665 937 2721 vitm
995 2651 1258 2721 restituti
1290 2664 1430 2719 sint.
1467 2687 1496 2715 ‹‹
1530 2666 1601 2720 Ει
1646 2664 1919 2721 membra
1946 2681 2041 2722 ve-

385 2763 508 2813 stra
527 2771 711 2812 arma.
748 2776 778 2805 »
809 2755 919 2820 Qui
952 2754 1114 2809 enim
1146 2752 1222 2809 ad
1252 2769 1420 2809 arma
1461 2753 1717 2825 justitiae
1774 2754 2044 2809 membra

385 2845 643 2911 exhibet,
690 2850 807 2901 Deo
838 2844 1103 2916 seipsum
1156 2842 1414 2899 exhibet.
1452 2866 1472 2891 ιι
1536 2844 1681 2899 Nam
1732 2849 2043 2917 peccatum

386 2938 551 2995 vobis
581 2953 703 2993 non
735 2935 1163 2993 dominabitur.
1202 2955 1228 2982 υ
1279 2930 1583 3006 Siquidem
1637 2950 1713 2990 ne
1772 2935 1851 2990 sit
1877 2934 2043 2990 vobis

384 3027 611 3086 bellum
642 3026 869 3100 peccati
889 3026 948 3080 in
980 3023 1755 3086 excusationem,imbecille
1776 3041 1935 3081 nunc
1954 3030 2046 3082 est

384 3123 718 3190 peccatum,
751 3116 866 3171 nisi
900 3114 1157 3170 ultronei
1192 3114 1467 3185 nosipsos
1496 3114 1587 3169 illi
1631 3114 2042 3187 subjiciamus,

385 3206 541 3263 280
572 3205 678 3262 sed
706 3209 1007 3278 oppugnat
1038 3202 1513 3275 quidem,verum
1537 3219 1656 3259 non
1676 3204 2038 3261 dominatur.

382 3297 686 3364 Quomodo
719 3296 919 3367 itaque
952 3296 1240 3351 hactenus
1290 3295 1665 3352 dominatum
1726 3301 1818 3352 est
1845 3295 1872 3350 Ἰ
1902 3296 2045 3366 quia

385 3385 495 3442 sub
520 3385 645 3457 lege
678 3389 850 3438 erant
886 3382 985 3454 qui
1040 3381 1230 3454 ipsius
1284 3381 1617 3437 dominium
1668 3381 2045 3439 sustinebant

384 3479 653 3544 tempore
685 3471 832 3543 legis
866 3487 879 3524 :
909 3487 1041 3542 quae
1090 3469 1481 3526 denuntiabat
1541 3470 1781 3542 quidem
1815 3471 2041 3542 peccati

387 3562 705 3627 actionem,
731 3577 853 3615 non
883 3565 1086 3617 tamen
1117 3559 1372 3616 addebat
1401 3560 1553 3616 vires
1580 3565 1646 3615 ut
1673 3560 1825 3618 illud
1846 3562 2044 3618 vince-

386 3657 525 3709 rent
552 3667 620 3707 ac
651 3654 1021 3722 superarent.
1047 3651 1162 3705 Nos
1189 3665 1323 3704 vero
1392 3648 1500 3705 sub
1556 3650 1746 3723 gratia
1774 3667 1981 3706 sumus
2024 3667 2040 3707 :

392 3759 525 3814 quae
555 3758 677 3798 non
710 3739 903 3796 solum
928 3740 1031 3795 illa
1062 3739 1272 3796 suadet
1300 3756 1368 3796 ac
1398 3740 1605 3795 statuit
1623 3757 1753 3812 qum
1787 3746 2042 3814 oportet,

394 3832 498 3890 sed
529 3839 588 3891 et
617 3833 769 3890 vires
800 3831 966 3889 addit
996 3837 1055 3886 et
1078 3831 1151 3887 ad
1182 3830 1423 3887 illorum
1468 3831 1764 3889 actionem
1823 3832 2043 3889 auxilio

393 3930 484 3979 est
517 3939 666 3979 :nec
694 3921 757 3976 id
789 3920 1154 3978 tantum.sed
1174 3926 1637 3993 etperpetrataa
1666 3921 1839 3977 nobis
1870 3926 2048 3978 antea

392 4019 634 4086 peccata
656 4010 831 4067 delet.
866 4010 1031 4077 Quod
1064 4016 1155 4066 est
1184 4016 1383 4066 autem
1402 4018 1711 4082 peccatum
1744 4010 1906 4083 quod
1926 4028 2046 4066 non

393 4099 848 4159 dominabitur?
880 4099 1320 4155 llludvidelicet
1371 4100 1530 4170 quod
1574 4101 1881 4171 praecessit
1939 4100 2045 4156 ba-

390 4192 630 4264 ptisma,
666 4197 723 4245 et
753 4206 787 4245 a
815 4188 1031 4244 Christi
1063 4190 1253 4262 gratia
1290 4188 1541 4245 deletur.
1572 4190 1689 4245 Hoc
1722 4197 1922 4246 autem
1954 4189 2049 4246 lex

390 4281 586 4338 facere
610 4297 729 4335 non
755 4279 964 4351 potuit.
996 4280 1123 4333 Non
1155 4294 1293 4351 ergo
1322 4278 1483 4337 estis.
1518 4279 1734 4351 inquit,
1778 4279 1889 4335 sub
1921 4279 2047 4352 lege

395 4391 527 4447 quae
558 4373 814 4429 liberare
845 4387 966 4426 non
998 4378 1251 4444 poterat,
1289 4370 1392 4428 sed
1426 4387 1628 4444 pmnas
1660 4373 1847 4445 magis
1905 4373 2052 4431 infe-

393 4464 582 4520 rebat.

470 4554 559 4618 VI,
586 4556 773 4608 15-17.
825 4550 973 4617 Quid
1002 4566 1131 4622 ergo
1161 4554 1189 4605 Ρ
1219 4552 1569 4622 peccabimus
1621 4554 1887 4624 quoniam
1942 4570 2052 4609 non

2148 1943 2376 2009 ἑαυτοὺς
2404 1951 2485 2020 τῷ
2516 1953 2653 2021 Θεῷ,
2689 1972 2718 2002 ››
2748 1952 2898 2014 Τέως
2952 1950 3011 2008 ἐκ
3060 1957 3167 2011 τῶν
3228 1953 3515 2028 ὀνομάτων
3569 1958 3632 2013 τὸ
3682 1955 3776 2014 διά

2148 2054 2341 2114 φορον.
2399 2037 2533 2094 Οἷον
2594 2037 2697 2113 γάρ
2756 2037 2891 2112 ἐστι,
2955 2042 3032 2117 μή
3090 2051 3434 2119 παραστῆσαι
3492 2044 3680 2102 ἑαυτὸν
3735 2052 3807 2123 τῇ

2148 2125 2409 2199 ἁμαρτίᾳ,
2441 2124 2589 2183 ἁλλὰ
2612 2133 2694 2201 τῷ
2751 2134 2887 2204 ΘειῙν
2949 2131 3125 2195 οὕτως
3181 2133 3432 2200 ἑαυτοὺς,
3485 2142 3640 2216 φησί,
3700 2158 3810 2194 πα-

2150 2217 2455 2289 ραστήσατε
2509 2221 2591 2289 τῷ
2642 2221 2780 2291 Θεῷ,
2831 2220 2909 2284 ὡς
2963 2220 3130 2292 ἄξιον,
3208 2221 3292 2279 ὅτι
3365 2226 3811 2299 νενεκρωμένους

2153 2304 2294 2377 ὑμᾶς
2317 2310 2439 2367 ταῖς
2482 2305 2652 2361 πάλαι
2684 2308 3000 2383 ἁμαρτίαις,
3060 2310 3227 2384 ἤγουν
3281 2315 3364 2385 τῷ
3420 2312 3525 2370 ὑπὸ
3575 2315 3811 2379 θανάτου

2152 2391 2552 2469 βασιλεύεσθαι,
2576 2395 2968 2469 ἐζωοποίησεν’
3019 2402 3079 2471 ἢ,
3148 2401 3222 2464 ὡς
3279 2398 3420 2457 ἔστιν
3479 2400 3627 2475 ἄξιον
3674 2407 3810 2470 τοὺς

2147 2480 2490 2553 τηλικαύτης
2546 2483 2850 2560 εὐεργεσίας
2902 2487 3243 2558 ἀξιωθέντας,
3299 2489 3391 2545 καὶ
3442 2489 3505 2547 ἐκ
3557 2496 3668 2547 τῶν
3721 2514 3809 2552 νει

2148 2575 2295 2645 κρῶν
2343 2571 2433 2627 καὶ
2492 2575 2838 2653 φθοροποιῶν
2924 2578 3109 2633 παθῶν
3165 2578 3643 2656 ἐλευθερωθέντας,
3717 2586 3807 2641 καὶ

2153 2663 2360 2728 ζῶντας
2421 2660 2871 2742 ἀποδειχθέντας,
2932 2666 3158 2733 ἑαυτοὺς
3213 2676 3583 2745 παραστῆσαι.
3646 2696 3673 2725 ιι
3708 2675 3810 2730 Καὶ

2148 2748 2215 2804 τὰ
2249 2746 2393 2823 μέλη
2423 2751 2576 2824 ὑμῶν
2605 2751 2773 2811 ὅπλα.
2807 2778 2835 2806 ››
2862 2760 2922 2812 '0
2950 2757 3053 2832 γαρ
3112 2757 3189 2821 είς
3249 2757 3400 2815 ὅπλα
3457 2756 3810 2835 δικαιοσύνης

2149 2839 2216 2893 τὰ
2266 2836 2410 2912 μέΛη
2469 2846 2840 2918 παραστήσας,
2898 2850 2980 2918 τῷ
3036 2846 3153 2921 Θεῷ
3210 2849 3401 2906 ἑαυτὸν
3463 2852 3803 2927 παρίστησιν.

2152 2949 2185 2983 ι(
2209 2929 2476 3004 Ἀμαρτία
2504 2933 2608 3007 γὰρ
2644 2933 2796 3006 ὑμῶν
2844 2934 2907 2990 ού
2962 2937 3257 3012 κυριεύσει.
3291 2962 3322 2994 ››
3383 2941 3474 3011 Mi}
3531 2942 3631 3015 γὰρ
3662 2938 3803 2999 ἔστω

2154 3019 2280 3093 ὑμῖν
2307 3020 2334 3074 ὁ
2364 3028 2465 3090 τῆς
2494 3023 2760 3097 ἁμαρτίας
2790 3023 3038 3099 πόλεμος
3071 3027 3365 3109 πρόφασις,
3423 3030 3641 3102 ἀσθενής
3689 3030 3803 3087 ἐστι

2151 3109 2240 3164 νῦν
2272 3113 2307 3181 ἡ
2341 3112 2598 3185 ἁμαρτία,
2629 3113 2692 3168 οὐ
2725 3110 2946 3171 δύναται
3004 3120 3293 3193 κυριεύειν,
3352 3118 3443 3175 ἐὰν
3505 3121 3582 3194 μή
3644 3123 3813 3193 ἡμεῖς

2154 3199 2365 3263 ἑκόντες
2443 3202 2963 3278 ὑποκατακλιθῶμεν
3018 3206 3187 3280 αὐτῇ,
3238 3206 3389 3265 ἀλλὰ
3469 3204 3815 3286 προσϐάλλει

2131 3289 2364 3364 »μὶν,οὗ
2393 3290 2628 3364 κυριεύει
2675 3290 2750 3349 δέ.
2785 3298 2909 3357 Πῶς
2965 3291 3022 3351 δὲ
3081 3297 3177 3351 οὗν
3232 3296 3500 3373 ἐκυρίευεν
3558 3295 3660 3362 ἕως
3715 3304 3816 3356 τοῦ

2148 3382 2238 3435 νῦν
2277 3398 2291 3448 ;
2322 3385 2443 3436 ’Ότι
2478 3380 2581 3436 ὑπὸ
2609 3381 2779 3455 νόμον
2811 3384 2948 3453 ἦσαν
2973 3386 3028 3440 οἱ
3082 3385 3169 3440 ὑπ’
3202 3386 3369 3457 αὐτῆς
3399 3388 3813 3464 κυριευόμενοιο

2157 3469 2260 3525 ὑπὸ
2290 3465 2483 3543 νόμον,
2544 3470 2602 3533 ὃς
2663 3472 2986 3543 ἀπεθέσπιζε
3056 3476 3151 3548 μὶν
3206 3476 3307 3547 τήν
3377 3483 3479 3547 τῆς
3536 3479 3811 3556 ἁμαρτίας

2152 3560 2366 3634 πρᾶξιν,
2426 3558 2525 3615 οὐκ
2577 3559 2791 3637 ἐνίσχυε
2843 3560 2900 3619 δὲ
2958 3563 3036 3627 είς
3099 3566 3164 3620 τὸ
3219 3571 3434 3640 κρατεῖν
3491 3567 3663 3639 αὐτῆς
3715 3570 3808 3624 καὶ

2153 3650 2538 3724 περιγίνεσθαι.
2571 3651 2761 3726 Ἡμεῖς
2794 3651 2850 3709 δὲ
2892 3654 2995 3710 ὑπὸ
3028 3655 3192 3735 χάριν
3252 3654 3435 3730 ἰσμὶν,
3493 3657 3618 3728 ἣτις
3681 3662 3818 3734 μετᾶ

2151 3744 2249 3794 τοῦ
2279 3735 2676 3813 συμϐουλεύειν
2716 3742 2808 3798 καὶ
2867 3742 3243 3811 διατάττεσθαι
3299 3745 3336 3804 εί
3388 3750 3525 3823 χρὴ,
3576 3750 3665 3806 καὶ
3729 3751 3813 3807 ὲν-

2159 3829 2337 3905 ισχύει
2369 3829 2456 3885 καὶ
2485 3838 2733 3908 συνεργεῖ
2788 3833 2867 3897 είς
2921 3835 3024 3903 τὴν
3084 3838 3275 3911 πρᾶξιν
3332 3838 3533 3896 αὐτῶν.
3596 3841 3695 3895 Καὶ
3746 3841 3811 3897 ού

2152 3924 2316 3975 τοῦτο
2378 3915 2568 3992 μόνον,
2616 3920 2764 3978 ἀλλὰ
2812 3924 2903 3979 καὶ
2952 3924 3049 3987 τὰς
3134 3927 3618 4005 προγεγενημένας
3674 3932 3815 4003 ἡμῖν

2156 4010 2430 4085 ἁμαρτίαις
2460 4009 2754 4087 ἐξαλείφει.
2801 4014 2937 4069 Ποία
2989 4016 3231 4089 ἁμαρτία
3280 4017 3347 4072 οὐ
3406 4022 3817 4095 κυριεύσειςἩ

2156 4099 2263 4174 πρὸ
2291 4103 2390 4156 τοῦ
2426 4100 2800 4177 βαπτίσματος
2833 4100 3117 4174 δηλονότι,
3150 4105 3217 4175 ἤν
3267 4106 3492 4186 ἀφίησιν
3553 4111 3588 4179 ἡ
3650 4109 3818 4187 χάρις

2156 4193 2253 4244 τοῦ
2283 4194 2549 4264 Χριστοῦ.
2580 4195 2751 4248 Τοῦτο
2782 4189 2841 4248 δὲ
2881 4194 2908 4249 ὃ
2937 4194 3111 4269 νόμος
3172 4202 3348 4252 ποιεῖν
3400 4198 3501 4255 οὐκ
3554 4197 3816 4271 ἠδύνατο.

2157 4279 2271 4334 Οὐκ
2300 4279 2419 4336 ἐστὶ
2450 4278 2564 4348 οὖν,
2598 4281 2786 4354 φησὶν,
2847 4283 2951 4338 ὑπὸ
3007 4285 3175 4359 νόμον
3231 4288 3323 4342 τὸν
3382 4289 3459 4361 μή
3521 4286 3857 4364 δυνάμενον,

2160 4366 2439 4444 ῥύσασθαι,
2471 4370 2618 4427 ἀλλὰ
2662 4370 2874 4446 μᾶλλον
2906 4377 3351 4453 τιμωρούμενον.

2231 4549 2301 4607 Τί
2338 4549 2432 4605 οὗν
2468 4566 2482 4619 ;
2514 4552 2906 4625 ἁμαρτήτομεν
2937 4556 3021 4611 ’ὁτι
3090 4557 3192 4613 οὐκ
3248 4557 3410 4633 ἐσμεν
3468 4562 3573 4618 ὑπὸ
3619 4561 3817 4636 νόμον,

394 4660 580 4703 sumus
609 4644 707 4700 sub
768 4641 1006 4712 lege.sed
1057 4643 1156 4698 sub
1207 4642 1443 4712 gratia?
1486 4643 1684 4698 Absit!
1717 4646 1807 4699 An
1838 4645 2042 4701 nesciti:

2164 4638 2311 4696 ἀλλὰ
2366 4641 2470 4696 ὑπὸ
2528 4642 2736 4720 χὰριν;
2778 4645 2872 4711 Μή
2930 4645 3162 4721 γένοιτο.
3223 4648 3339 4707 Ούκ
3394 4648 3578 4708 οἷ’δατε
3634 4653 3719 4708 ὅτι
3770 4653 3819 4727 ᾧ

395 4736 545 4808 quod
573 4733 666 4789 rui
697 4733 966 4789 exhibetis
1011 4735 1250 4803 vosipsos
1296 4736 1476 4789 servos
1533 4732 1608 4787 ad
1651 4733 2047 4790 obedientiam:

395 4827 513 4887 eius
538 4841 614 4880 se!
630 4826 686 4879 vi
713 4825 841 4879 estis
862 4824 954 4878 cui
980 4822 1212 4877 obeditis
1243 4839 1262 4878 :
1290 4821 1406 4878 sive
1452 4825 1668 4893 peccati
1699 4823 1773 4877 ad
1797 4829 2048 4886 mortem,

393 4918 503 4971 sive
533 4915 853 4969 obedientiae
873 4913 947 4968 ad
965 4913 1250 4982 justitiam
1272 4911 1300 4967 ?
1328 4913 1521 4968 Gratia
1551 4919 1734 4968 autem
1766 4915 1872 4969 Deo
1901 4914 2051 4984 quod

392 5007 560 5061 eratis
579 5005 799 5074 quidem
824 5005 967 5057 servi
988 5005 1226 5072 peccati,
1258 5001 1353 5057 sed
1381 5001 1639 5058 obedistis
1694 5019 1765 5057 ea:
1792 5008 1962 5058 corde
1989 5006 2049 5058 in

389 5111 511 5151 eam
540 5096 601 5148 in
630 5109 797 5162 quam
831 5091 1081 5147 traducti
1110 5091 1237 5148 estis
1254 5094 1494 5161 formam
1524 5091 1813 5148 doctrinae.

458 5186 538 5241 Ne
569 5182 766 5254 segnis
799 5182 902 5236 ﬂat
928 5181 1163 5238 auditor
1187 5181 1280 5237 cui
1313 5198 1434 5237 non
1466 5180 1810 5238 dominatur
1841 5200 2048 5254 pecca-

386 5281 511 5332 tum
530 5289 598 5329 eo
618 5269 777 5344 quod
795 5270 872 5327 sit
890 5271 998 5327 sub
1019 5276 1365 5344 protegente
1390 5272 1599 5345 gratia,
1628 5272 1827 5328 ﬁrmat
1850 5273 2044 5330 illum.

383 5364 505 5419 Nisi
537 5362 836 5433 nosipsos,
868 5360 1083 5432 inquit,
1117 5366 1360 5431 peccato
1410 5360 1917 5429 inclinaverimus,
1951 5378 2053 5420 ne-

390 5467 689 5527 quaquam
725 5449 796 5505 ab
839 5450 943 5505 illo
975 5451 1299 5522 capiamur.
1349 5450 1703 5516 Quomodo?
1731 5451 1881 5516 Quia
1928 5470 2050 5509 non

394 5559 600 5600 sumus
645 5539 903 5613 amplius
948 5541 1057 5595 sub
1101 5540 1252 5608 lege.
1286 5558 1418 5612 quae
1460 5546 1769 5613 peccatum
1808 5541 2049 5614 quidem

396 5632 771 5710 prohibebat,
814 5631 917 5688 sed
958 5630 1030 5687 ab
1063 5648 1131 5688 eo
1177 5631 1432 5688 liberare
1471 5648 1590 5687 non
1643 5638 1913 5704 poterat:
1948 5632 2052 5689 sed

402 5726 510 5784 sub
544 5725 754 5782 Christi
787 5724 992 5796 gratia,
1030 5739 1161 5795 qua:
1184 5723 1450 5779 remissis
1471 5723 1770 5796 prioribus
1797 5724 2052 5793 delictis,

2161 4730 2515 4803 παριστάνετε
2543 4731 2767 4797 ἑαυτοὺς
2796 4730 3029 4798 δούλους
3058 4736 3134 4800 είς
3171 4738 3441 4813 ὑπακοὴν,
3468 4740 3661 4799 δοῦλοί
3700 4742 3822 4802 ἐπε

2159 4822 2206 4895 ᾦ
2240 4821 2556 4892 ὑπακούετε,
2588 4819 2717 4893 ἤτοι
2747 4824 3014 4900 ἁμαρτίας
3070 4826 3146 4890 εἷς
3206 4830 3455 4899 θάνατον,
3488 4831 3524 4904 ἢ
3572 4834 3821 4906 ὑπακοῆς

2160 4910 2236 4973 εἰς
2267 4908 2614 4979 δικαιοσύνην
2649 4931 2663 4982 ;
2698 4911 2866 4987 Χὰρις
2893 4911 2951 4969 δὲ
2978 4936 3057 4988 τῳ
3101 4922 3219 4991 Θεῷ
3250 4919 3333 4974 ὅτι
3359 4921 3457 4990 ἦτε
3490 4918 3682 4979 δοῦλοι
3713 4926 3819 4993 τῆς

2159 5001 2448 5078 ἁμαρτίας,
2482 5001 2825 5073 ὑπηκούσατε
2857 5001 2913 5059 δὲ
2943 5002 3004 5061 ἐκ
3027 5004 3252 5083 καρδίας
3285 5008 3361 5071 εἰς
3385 5009 3443 5065 δν
3474 5010 3821 5088 παρεδόθητε

2159 5089 2328 5146 τύπον
2360 5088 2617 5173 διδαχῆς.
3675 5108 3689 5175 ί

2229 5182 2345 5239 Ἰνα
2378 5181 2456 5254 μῆ
2490 5181 2733 5258 ῥᾴθυμος
2792 5184 2820 5237 ὁ
2872 5184 3147 5259 ἁκροατής
3196 5186 3419 5265 γένηται
3478 5190 3552 5254 ὡς
3586 5194 3662 5265 μή
3720 5213 3830 5248 κυ-

2163 5273 2587 5348 ριευθησόμενος
2623 5274 2728 5330 ὑπὸ
2771 5277 2871 5344 τῆς
2928 5276 3197 5353 ἁμαρτίας
3255 5276 3344 5335 διὰ
3390 5281 3453 5337 τὸ
3515 5283 3653 5338 εἶναι
3713 5283 3824 5340 ὑπὸ

2160 5363 2323 5439 χάριν
2405 5362 2507 5431 τήν
2566 5368 2931 5443 φρουροῦσαν,
2981 5365 3337 5444 ἁσφαλίζεται
3420 5370 3602 5431 αύτόν.
3660 5375 3822 5441 Ἐὰν,

2161 5453 2349 5527 φησὶν,
2401 5451 2627 5513 ἑαυτοὺς
2687 5455 2764 5526 μὴ
2826 5453 3209 5530 ὑποκλίνωμεν
3266 5463 3333 5533 τῇ
3400 5462 3661 5537 ἁμαρτίᾳ,
3711 5463 3827 5540 οὐχ

2162 5541 2517 5615 ἁλισκόμεθα.
2573 5544 2901 5612 11ὦς;“οτι
2959 5544 3057 5601 οὐκ
3115 5545 3274 5621 ἐσμὲν
3336 5549 3439 5605 ὑπὸ
3495 5550 3592 5606 τὸν
3644 5551 3823 5624 νόμον

2163 5629 2239 5688 ἔτι
2289 5633 2379 5688 τὸν
2440 5632 2852 5707 ἀπαγορεύοντα
2904 5636 2998 5707 μὲν
3055 5637 3156 5704 τῆν
3208 5638 3502 5715 ἁμαρτίαν,
3557 5640 3822 5716 ῥύσασθαι

2164 5719 2220 5778 δὲ
2250 5723 2326 5796 μή
2357 5719 2675 5796 δυνάμενον·
2730 5720 2858 5779 ἀλλ’
2892 5724 2995 5780 ὑπὸ
3024 5726 3124 5797 τῆν
3182 5729 3345 5803 χάριν
3404 5732 3666 5807 Χριστοῦ,
3715 5732 3820 5803 τῆν
