4114 6434
452 407 575 481 με
1571 408 1991 476 COMMENT.
2038 406 2118 468 IN
2159 406 2408 479 EPIST.
2453 408 2558 471 AD
2591 409 2782 473 ROM.
3766 414 3889 482 «I42

455 539 551 599 καὶ
580 537 676 606 τὰς
702 540 1108 619 προγενομένοις
1165 539 1436 616 ἁμαρτίας
1481 538 1729 619 ἀφεῖσαν,
1787 539 1880 598 καὶ
1933 537 2011 606 είς
2054 559 2080 594 τ

2260 555 2297 597 n
2327 539 2596 600 futurum
2626 543 2808 600 etiam
2839 546 3116 611 custodit,
3145 546 3259 604 nisi
3288 564 3397 604 nos
3428 565 3639 619 segnes
3660 551 3885 610 efﬁcia-

462 628 667 706 μέλλον
700 634 1068 709 φρουροῦσαν,
1097 630 1184 686 ἐᾶν
1241 633 1407 704 ἡμεῖς
1469 632 1545 704 μή
1593 632 2018 707 ῥᾳθυμήσωμεν,
2049 664 2087 674 -

2261 647 2392 688 nur.
2426 654 2455 682 «
2487 635 2576 688 An
2606 634 2854 690 nescitis
2886 635 3045 705 quod
3077 637 3169 692 cui
3212 637 3505 695 exhibetis
3534 641 3820 714 vosipsos.
3858 665 3886 693 ››

456 723 677 799 [ΦΩΤ.]
710 746 737 773 α
773 720 890 779 Ούκ
918 719 1101 777 οἴδατε
1129 721 1216 777 δτι
1246 722 1292 796 ᾧ
1315 726 1664 797 παριστάνετε
1716 720 1960 784 ἑαυτούς.
1999 744 2020 770 ιι
2054 725 2081 773 ”;

2264 721 2342 777 iui
2374 722 2458 776 rei
2485 739 2594 794 per
2623 722 3026 781 obedientiam
3052 727 3322 800 vosipsos
3352 745 3549 785 servos
3572 731 3889 802 exbibetis,

458 810 784 887 πράγματος
816 807 908 866 διὰ
934 817 1036 882 τῆς
1096 810 1344 880 ὑπακοῆς
1403 807 1640 874 δούλους
1705 809 1929 875 ἑαυτοὺς
1977 829 2083 883 παρ

2259 826 2351 866 loc
2378 816 2468 867 est
2498 812 2711 871 facitis.
2746 812 3188 880 demonstratis,
3222 816 3501 873 redditis:
3537 819 3676 875 huic
3705 821 3884 877 etiam

464 900 728 972 ιστάνετε,
756 900 1028 969 τουτέστι,
1059 908 1287 969 ποιεῖτε,
1348 898 1723 971 ἀποδείκνυτε,
1783 900 2089 979 παρασκευοὶ

2263 917 2301 956 n
2328 907 2631 973 posterum
2663 919 2763 958 vos
2786 919 2983 958 servos
3005 906 3297 973 statuetis,
3322 907 3649 965 voluntaria
3669 926 3887 983 nempe

459 996 601 1063 ζετε,
660 992 842 1065 τούτῳ
879 991 967 1046 καὶ
1034 991 1110 1055 εἷς
1165 991 1230 1046 τὸ
1288 991 1413 1062 ἑξῆς
1473 988 1669 1046 δοῦλοι
1728 989 2084 1067 χρηματίσετι

2262 991 2519 1047 ιοιενίιυιε
2550 991 2623 1047 ab
2650 991 2993 1048 obedientia
3011 995 3312 1065 praestita:
3347 996 3464 1052 sive
3484 998 3560 1052 sit
3582 1006 3887 1070 peccatum

454 1088 560 1152 τῆς
592 1080 843 1138 ἑκουσίου
880 1082 1033 1153 ὑμῶν
1064 1080 1336 1150 ὑπακοῆς,
1377 1083 1476 1151 τήν
1538 1078 1791 1137 δουλείαν
1846 1099 2079 1159 παρασχ‹

2262 1078 2399 1151 ιιιοά
2429 1080 2593 1138 ducit
2622 1081 2695 1137 ad
2729 1089 3003 1149 mortem,
3036 1083 3157 1141 sive
3187 1101 3259 1141 ea
3290 1102 3421 1158 qua:
3452 1102 3586 1142 vere
3605 1088 3887 1144 obedien-

458 1170 653 1246 μένης.
686 1170 814 1242 ἢτοι
871 1176 976 1242 τῆς
1034 1168 1123 1226 ἐπὶ
1182 1169 1409 1228 θάνατον
1461 1169 1707 1245 ἀγούσης
1764 1168 2054 1245 ἁμαρτίας,

2267 1168 2323 1226 ia
2352 1176 2460 1230 est,
2496 1175 2556 1226 et
2602 1171 2675 1227 ad
2724 1172 3024 1245 justitiam
3069 1174 3440 1234 manuducit.
3471 1178 3585 1233 Aut
3642 1179 3839 1249 potius
3874 1196 3887 1235 :

450 1268 559 1332 τῆς
614 1260 690 1323 ὡς
759 1257 984 1331 ἀληθῶς
1067 1258 1334 1330 ὑπακοῆς,
1421 1265 1523 1330 τῆς
1608 1260 1687 1322 εἷς
1775 1257 2075 1315 δικαιοσύντ

2262 1258 2346 1313 Iui
2377 1258 2690 1329 exhibetis,
2721 1260 2835 1315 hoc
2864 1266 2974 1328 est,
3018 1260 3079 1316 in
3112 1278 3228 1333 quo
3261 1267 3321 1316 et
3348 1263 3678 1319 secundum
3709 1282 3887 1336 quem

452 1348 939 1428 χειραγωγούσης.
972 1350 1048 1408 Ἦ
1088 1349 1175 1416 τὸ,
1227 1353 1294 1404 Ὦ
1350 1349 1670 1418 ὑπακούετε,
1735 1346 1952 1423 μᾶλλον
2010 1347 2077 1403 ἀν

2262 1347 2484 1407 nodum
2517 1355 2661 1421 puta
2688 1350 2848 1422 quod
2879 1350 2939 1405 in
2972 1350 3082 1406 hoc
3113 1356 3173 1406 et
3203 1352 3531 1408 secundum
3561 1354 3721 1410 hunc
3761 1371 3887 1411 mo-

452 1444 579 1505 τοῦ,
613 1439 668 1497 ἐν
696 1440 744 1513 ᾧ
774 1440 865 1496 καὶ
897 1440 1016 1504 καθ’
1047 1437 1104 1495 δν
1132 1438 1357 1516 τρόπον,
1391 1438 1508 1495 οἷον
1563 1439 1648 1494 ’ὁτι
1700 1437 1752 1494 ἐν
1800 1436 1980 1511 τούτῳ
2029 1457 2077 1492 κι

2262 1437 2381 1493 lum
2413 1438 2564 1493 servi
2591 1438 2732 1495 esiis
2760 1439 2851 1495 vel
2882 1440 3108 1512 peccati
3139 1440 3228 1497 vel
3251 1441 3523 1512 justitiaa,
3557 1444 3887 1499 secundum

452 1530 597 1587 κατᾶ
622 1549 818 1585 τουτον
844 1528 936 1584 τὸν
970 1528 1174 1603 τρόπον
1228 1526 1429 1606 γοῦλοί
1485 1528 1605 1585 ἐστε
1633 1525 1671 1599 ἤ
1700 1530 1799 1597 τῆς
1852 1527 2077 1604 ἀμαρτίι

2264 1544 2417 1601 [uem
2450 1528 2597 1584 etin
2625 1546 2741 1601 quo
2800 1529 2971 1585 alteri
3007 1529 3249 1586 illorum
3298 1530 3574 1588 obeditis.
3625 1534 3706 1588 Ne
3754 1534 3889 1605 quis

454 1618 494 1691 ἢ
526 1626 630 1691 τῆς
660 1615 1046 1690 δικαιοσύνης,
1079 1618 1217 1674 καθὸ
1245 1618 1337 1674 καὶ
1370 1617 1422 1675 ἐν
1452 1619 1499 1691 ᾧ
1535 1618 1733 1695 θατέρα
1788 1616 1966 1673 αὐτῶν
2028 1617 2079 1672 ὑπ

2263 1616 2399 1673 enim
2430 1617 2624 1673 dicat:
2653 1618 2957 1684 Quomodo
2977 1624 3174 1692 potest
3201 1619 3496 1693 quispiam
3519 1620 3733 1677 horum
3761 1623 3888 1679 ﬁeri

457 1707 700 1767 ακούετε.
728 1714 843 1763 Ἵνα
873 1707 980 1787 γὰρ
1016 1709 1092 1782 μή
1124 1726 1209 1770 τις
1240 1705 1391 1783 εἷ’πῃ.
1430 1712 1552 1771 Πῶς
1594 1701 1710 1764 ἔστι
1751 1704 1949 1762 δοῦλον
1998 1708 2082 1762 τοὶ

2261 1722 2443 1765 ιειινιιε
2463 1708 2491 1764 ?
2520 1708 2764 1766 modum
2797 1709 2943 1767 28]
2984 1710 3155 1782 ponit
3181 1709 3421 1766 dicens:
3456 1732 3483 1761 «
3511 1711 3617 1768 Cui
3647 1711 3886 1768 exhibe-

462 1818 571 1854 των
594 1798 867 1876 γενέσθαι;
903 1798 997 1854 τὸν
1029 1797 1234 1873 τρόπον
1261 1797 1496 1869 τίθησιν·
1535 1820 1563 1851 ι(
1594 1797 1664 1853 Ὠ
1694 1795 2059 1873 παριστάνετε.

783 1816 867 1869 κι;
903 1798 997 1854 τὸν
1029 1797 1234 1873 τρόπον
1261 1797 1496 1869 τίθησιν·
1535 1820 1563 1851 ι(
1594 1797 1664 1853 Ὠ
1694 1795 2059 1873 παριστάνετε.
2098 1818 2128 1847 ››
2235 1797 2336 1855 tis.
2382 1819 2408 1847 »

535 1887 613 1945 Οὐ
642 1885 804 1962 λέγω,
831 1887 994 1969 φησὶ,
1027 1888 1125 1957 τὴν
1156 1884 1385 1964 γέενναν,
1440 1883 1569 1943 οὐδὲ
1624 1885 1691 1944 τὰ
1749 1885 1863 1941 ἐκεῖ
1909 1882 2123 1960 δεσμω-
2154 1937 2160 1948 ,

2308 1888 2434 1943 Non
2465 1887 2619 1957 dico,
2652 1887 2868 1962 inquit,
2902 1888 3260 1963 gehennam,
3295 1906 3490 1963 neque
3539 1891 3889 1949 exsistentes

458 1978 637 2054 τήρια.
896 1937 934 2048 ii)
969 1937 1204 2053 était'wfq
1239 1976 1350 2053 οὐχ
1370 1937 1532 2046 ζικανή
1566 1975 1914 2053 ἀναχαιτίσαι
1962 1937 2083 2045 ὑμόἱι

2308 1937 2434 1943 -.---
2468 1937 2619 1957 --νη
2652 1937 2868 1962 -..η-.-η
2902 1937 3260 1963 cum“...
3296 1937 3489 1963 ..πρυ
3541 1937 3890 1949 ---ων-.-νυ

2265 1977 2317 2034 bi
2347 1995 2654 2049 carceres;
2688 1996 2765 2036 an
2795 1997 2916 2037 non
2948 1980 3141 2054 pudor
3170 1982 3299 2055 ipse
3339 1981 3647 2040 sufficiens
3678 1987 3768 2040 est
3788 1983 3890 2055 qui

446 2065 533 2123 δ’τι
593 2066 1012 2123 καταδουλοῦτε
1068 2066 1292 2131 ἑαυτοὺς
1348 2070 1416 2140 τῇ
1502 2066 1764 2143 ἁμαρτίᾳ,
1825 2064 1930 2121 ὑπὸ
1993 2069 2071 2142 Χρ

2270 2084 2336 2123 os
2357 2072 2637 2131 refrenet,
2672 2069 2831 2142 quod
2860 2071 3126 2144 vosipsos
3152 2071 3213 2125 in
3246 2072 3590 2128 servitutem
3618 2072 3727 2129 sub
3754 2087 3892 2145 pec-

439 2160 577 2212 στοῦ
606 2154 1110 2229 ἕλευθερωθέντεςς
1147 2180 1175 2209 ‹‹
1208 2154 1410 2212 Δοῦλοί
1440 2155 1577 2213 ἔστε.
1614 2178 1643 2207 ι)
1695 2155 1964 2219 Ἐκείνου,
2012 2174 2064 2234 φτ

2261 2164 2364 2214 :ato
2392 2158 2679 2227 redigitis,
2714 2176 2849 2216 cum
2880 2160 2989 2215 sub
3023 2160 3253 2217 Christo
3277 2161 3537 2218 libertati
3562 2162 3691 2217 sitis
3716 2163 3886 2219 resti-

440 2245 551 2317 σίν,
643 2245 765 2302 ἐστὶ
839 2250 940 2301 τοῦ
1018 2247 1343 2324 πράγματος
1425 2242 1618 2301 δοῦλοι
1677 2245 1722 2317 ᾧ
1788 2241 2065 2300 ὑπακούετε

2262 2247 2397 2304 uti?
2430 2271 2457 2297 «ι
2488 2249 2631 2320 Ejus
2664 2250 2814 2305 servi
2846 2250 3007 2306 estis.
3045 2272 3073 2300 »
3104 2250 3292 2315 Illius,
3340 2251 3557 2322 inquit,
3600 2252 3685 2308 rei
3736 2251 3887 2308 servi

437 2360 470 2391 α
502 2338 670 2395 Ἤτοι
698 2334 972 2413 ἁμαρτίας
1006 2334 1083 2397 είς
1118 2335 1360 2400 θάνατον.
1396 2359 1425 2387 ››
1455 2335 1619 2393 Ἤτοι
1666 2340 1767 2404 τῆς
1821 2332 1898 2396 εἷς
1954 2331 2062 2388 θάνε

2256 2339 2379 2395 istis
2409 2338 2503 2393 cui
2536 2338 2811 2395 obeditis.
2865 2361 2889 2391 α
2944 2340 3071 2395 Sive
3130 2342 3357 2414 peccati
3416 2340 3490 2397 ad
3548 2346 3821 2398 mortem.
3862 2364 3881 2391 ι

434 2446 535 2485 τον
596 2425 840 2502 ἀγούσης
910 2423 1210 2499 ἁμαρτίας,
1268 2421 1525 2507 φησὶν,ἤ
1560 2430 1661 2494 τῆς
1720 2422 1966 2492 ὑπακοῆς
2019 2442 2059 2477 τ‹

2255 2429 2362 2484 Sive
2394 2429 2618 2501 peccati
2650 2428 2808 2501 quod
2840 2429 3004 2485 ducit
3032 2429 3105 2485 ad
3136 2438 3408 2499 mortem,
3446 2431 3565 2487 sive
3597 2430 3880 2488 obedien-

442 2522 592 2576 Θεοῦ
622 2524 726 2588 τῆς
757 2515 833 2579 εἷς
863 2513 1217 2588 δικαιοσύνην
1250 2516 1513 2594 ἀγούσης.
1536 2515 1673 2574 Ἀπὸ
1697 2518 1907 2582 κοινοῦ,
1937 2536 1965 2565 u
1990 2516 2067 2567 Δοῖ

2258 2518 2334 2575 ἄιε
2359 2535 2498 2593 erga
2528 2520 2713 2575 Deum
2744 2536 2876 2592 quae
2908 2519 3072 2575 ducit
3098 2519 3170 2576 ad
3207 2521 3525 2593 justitiam.
3564 2543 3591 2571 ››
3640 2523 3883 2593 Repete.

440 2610 541 2669 λοι
566 2609 708 2669 ἐστι,
741 2634 769 2662 ιο
801 2642 870 2654 -
894 2634 926 2665 ‹‹
956 2611 1128 2687 Χάρις
1151 2607 1210 2665 δὲ
1224 2614 1304 2681 τῷ
1323 2613 1463 2682 Θεῷ.
1496 2632 1520 2663 ο
1547 2602 1806 2680 Φοϐήσας
1828 2604 2025 2668 αὐτοὺς
2045 2625 2065 2659 1

2257 2611 2396 2665 Serv:
2429 2609 2590 2665 estis.
2628 2630 2658 2661 «
2690 2609 2890 2666 Gratia
2940 2616 3140 2665 autem
3199 2611 3399 2667 Deo.»
3462 2612 3706 2667 Incusso
3763 2611 3882 2668 illis

438 2699 680 2776 δουλείᾳ
729 2707 833 2771 τῆς
889 2698 1158 2777 ἁμαρτίας
1212 2699 1302 2754 καὶ
1364 2703 1446 2771 τῷ
1501 2696 1562 2754 ix.
1618 2696 1820 2768 ταύτης
1880 2694 2063 2761 θανάτι

2262 2714 2463 2755 errore
2494 2715 2603 2773 per
2631 2701 2972 2756 servitutem
3003 2701 3230 2772 peccati
3253 2718 3323 2758 ac
3368 2709 3621 2758 mortem
3653 2720 3786 2775 quae
3818 2719 3887 2758 ex

434 2795 556 2848 τῶν
620 2790 947 2867 εὐεργεσιῶν
1012 2789 1425 2863 ὑπομιμνήσκει
1483 2791 1580 2844 τοῦ
1638 2789 1803 2853 Οεοῦ,
1858 2804 2059 2861 παραμπ

2262 2804 2349 2845 lac
2378 2789 2667 2861 procedit,
2701 2791 2802 2846 Dei
2837 2791 3098 2864 suggerit
3126 2790 3457 2848 beneﬁcia:
3490 2798 3550 2849 et
3577 2792 3714 2849 illos
3746 2809 3887 2849 con-

437 2878 712 2954 θούμενός
767 2900 828 2935 τε
888 2878 1111 2950 αὐτοὺς,
1168 2877 1263 2936 καὶ
1318 2875 1529 2942 δεικνὺς
1615 2875 1988 2952 εὐκολώτερον
2055 2871 2062 2908 λ

2260 2877 2604 2943 ιοιοῐιάο,ει
2660 2879 3007 2936 facilitatem
3047 2880 3418 2937 ostendendo
3476 2881 3551 2937 ad
3611 2882 3885 2938 salutem.

443 2967 664 3045 μέλλον
713 2970 852 3044 πρὸς
906 2968 1202 3045 σωτηρίαν.
1266 2991 1294 3021 ‹‹
1324 2966 1702 3040 Ὑπηκούσατε
1753 2963 1812 3020 δὲ
1867 2963 1927 3020 ἐκ
1985 2982 2068 3037 καξ

2265 2987 2269 3015 r
2301 2967 2414 3025 Sed
2444 2969 2731 3025 obedistis
2772 2985 2841 3026 ex
2873 2969 3069 3026 corde.
3101 2992 3128 3019 »
3151 2971 3345 3039 Nullo,
3366 2971 3584 3043 inquit,
3606 2972 3720 3027 vim
3744 2971 3890 3027 infe-

442 3059 596 3121 δίας.
635 3083 657 3109 ο
708 3056 980 3128 Μηδενὸς,
1040 3058 1200 3131 φησὶ,
1261 3056 1616 3132 βιασαμένου,
1673 3050 1819 3130 μηδὲ
1868 3053 2067 3129 ἀναγκό

2262 3063 2409 3114 'ente
2440 3064 2544 3114 aut
2572 3064 2837 3132 cogente.
2879 3064 3000 3115 Hoc
3024 3076 3163 3116 vero
3194 3060 3437 3117 illorum
3469 3061 3649 3117 etiam
3707 3077 3887 3117 enco-

445 3169 664 3213 σαντος.
696 3151 871 3207 Τοῦτο
903 3144 963 3204 δὲ
1008 3147 1098 3204 καὶ
1156 3146 1435 3226 ἐγκώμιόν
1496 3143 1640 3203 ἐστιν
1697 3142 1899 3202 αὐτῶν.
1959 3165 1989 3195 (ι
2020 3142 2070 3200 Ε

2260 3148 2428 3206 nium
2459 3154 2566 3204 est.
2597 3171 2624 3197 α
2659 3150 2722 3204 In
2751 3166 2929 3221 quam
2962 3149 3215 3205 traducti
3246 3150 3406 3205 estis.
3445 3173 3465 3199 ι
3504 3150 3727 3207 Deinde
3785 3150 3885 3207 ubi

441 3240 507 3297 ὃν
540 3234 968 3313 παρεδόθητε.»
1025 3236 1162 3295 Εἶτα
1202 3234 1391 3306 ἐπειδή
1452 3236 1600 3293 εἶπεν
1660 3234 1976 3308 αὐθαίρετον
2028 3253 2061 3288 α

2261 3237 2489 3293 lixisset
2508 3243 2898 3309 spontaneam
2912 3238 3095 3296 fuisse
3108 3239 3346 3297 illorum
3362 3239 3748 3313 promptitudi
3762 3256 3886 3295 nem

441 3334 559 3386 τῶν
591 3328 859 3397 εἶναιτὴν
900 3327 1234 3401 προθυμίαν,
1290 3325 1486 3384 λοιπὸν
1539 3323 1688 3402 λέγει
1728 3325 1820 3381 καὶ
1873 3326 1974 3394 τήν
2011 3344 2066 3380 -τι

2266 3297 2669 3398 onsequenter
2690 3327 2791 3382 Dei
2818 3344 3054 3399 quoque
3077 3328 3247 3400 ponit
3262 3297 3886 3402 aux‘iliuinSiquidem

445 3424 588 3479 Θεοῦ
648 3419 931 3496 βοήθειαν.
989 3417 1177 3490 ’Δμεῖς
1240 3417 1337 3489 μὶν
1419 3416 1547 3493 γὰρ,
1632 3417 1821 3495 φησὶν,
1908 3415 2070 3471 ἑκόντι

2264 3434 2352 3484 os,
2385 3416 2601 3488 inquit,
2635 3417 2953 3473 voluntarii
2987 3418 3296 3487 obedistis,
3329 3419 3484 3475 Deus
3532 3424 3733 3476 autem
3785 3437 3887 3477 vos

450 3509 830 3581 ὑπηκούσατε,
862 3508 891 3565 ὁ
924 3505 984 3565 δὲ
1025 3507 1156 3570 Θεὸς
1214 3506 1356 3580 ὑμᾶς
1416 3506 1492 3571 εἷς
1547 3506 1642 3565 τὸν
1699 3505 1869 3563 τύπον
1928 3509 2075 3562 τοῦτι

2258 3525 2294 3564 n
2324 3507 2479 3564 hanc
2513 3506 2801 3563 doctrinas
2833 3508 3088 3564 formam
3112 3507 3360 3564 tradidit
3402 3508 3630 3575 Quam?
3650 3515 3883 3565 utrecte

449 3606 554 3670 τῆς
584 3595 825 3679 διδαχῆς
855 3592 1158 3673 παρέδωκε.
1192 3600 1359 3653 Ποῖον
1392 3615 1406 3666 ;
1439 3594 1518 3653 Τὸ
1551 3596 1727 3673 ὀρθῶς
1758 3598 1855 3669 ζῇν
1913 3593 2065 3651 έθέλε

2257 3614 2299 3654 ιο
2331 3613 2473 3653 sane
2504 3597 2663 3653 circa
2692 3597 2909 3653 Christi
2941 3597 3217 3670 dogmata
3236 3598 3427 3655 vivere
3450 3598 3724 3671 cupiatis.
3746 3600 3882 3656 For-

460 3690 554 3744 καὶ
639 3688 890 3763 ὑγιαίνειν
979 3685 1104 3763 περὶ
1160 3690 1228 3742 τα
1305 3682 1574 3763 δόγματα.
1626 3684 1809 3745 Τόπον
1868 3681 1926 3741 δέ
1983 3706 2085 3766 φηςι

2255 3704 2390 3744 nam
2422 3694 2622 3744 autem
2656 3686 2942 3744 doctrina;
2971 3687 3118 3743 dicit
3149 3688 3472 3745 terminum
3503 3705 3571 3745 ac
3592 3688 3880 3762 regulam.

478 3774 726 3853 διδαχῆς,
752 3777 871 3833 οἷον
903 3776 1033 3850 δρον
1064 3776 1151 3831 καὶ
1185 3774 1403 3834 κανόνα.

551 3864 1027 3944 Ἐλευθερωθέντες
1095 3863 1153 3920 δὶ
1226 3863 1334 3920 ἀπὸ
1412 3866 1513 3934 τῆς
1587 3863 1880 3942 ἁμαρτίας,
1966 3862 2119 3921 ἐδου-

2303 3866 2392 3934 VI,
2430 3865 2608 3921 18-23.
2644 3865 2908 3922 Ceterum
2939 3866 3099 3922 liberi
3148 3867 3294 3935 facti
3351 3883 3386 3921 a
3433 3872 3684 3938 peccato,
3743 3870 3886 3925 servi

472 3956 684 4023 λώθητε
854 3953 1229 4032 δικαιουσύνῃ·
1276 3952 1611 4026 ἀνθρώπινον
1676 3951 1823 4032 λέγω
1877 3951 1967 4011 διὰ
2019 3954 2097 4023 τήε

2260 3959 2370 4012 “acti
2398 3958 2523 4012 estis
2554 3956 2663 4027 ipsi
2683 3957 2962 4027 justitiac:
3014 3956 3256 4012 humano
3302 3973 3453 4014 more
3501 3957 3697 4029 loquor
3746 3974 3885 4029 pro-

465 4045 743 4102 ἆσθένειαν
802 4052 903 4115 τῆς
988 4044 1186 4123 σαρκὸς
1269 4044 1445 4118 ὑμῶν.
1521 4045 1724 4120 Ὥσπερ
1811 4045 1915 4120 γὰρ
1981 4064 2090 4119 παρ

2255 4053 2355 4102 πει*
2382 4047 2765 4114 inﬁrmitatem
2794 4048 2977 4102 carnis
3006 4053 3212 4102 vestrm.
3244 4047 3399 4102 Sicut
3449 4050 3591 4103 enim
3624 4047 3880 4104 exhibui-

456 4137 722 4208 εστιςσατε
774 4134 841 4193 τὰ
901 4132 1046 4209 μέλη
1109 4135 1266 4208 ὑμῶν
1323 4130 1497 4190 δούλα
1548 4137 1615 4208 τῇ
1676 4133 1976 4211 ἀκαθαρσίᾳ
2031 4154 2081 4188 κι

2259 4138 2327 4193 tis
2350 4136 2596 4192 membra
2619 4142 2819 4201 vestra,
2851 4138 3147 4192 servientia
3176 4136 3551 4195 immunditim
3581 4144 3634 4193 et
3666 4136 3880 4207 iniqui-

453 4230 526 4302 τῇ
585 4225 794 4301 ἀνομίᾳ
859 4224 938 4289 είς
991 4225 1091 4295 τήν
1182 4222 1439 4297 ἀνομίαν,
1527 4222 1702 4288 οὕτως
1776 4227 1867 4278 νῦν
1942 4243 2078 4296 -παρο

2258 4226 2342 4282 ati
2359 4227 2435 4283 ad
2459 4227 2849 4301 iniquitatem:
2872 4228 2954 4282 ita
2982 4242 3127 4282 nunc
3157 4226 3409 4283 exhibete
3438 4229 3680 4283 membra
3705 4233 3883 4284 vestra

457 4317 700 4387 στήσατε
752 4314 822 4371 τὰ
881 4313 1024 4389 μέλη
1083 4313 1236 4387 ὑμῶν
1301 4309 1473 4369 δούλα
1526 4316 1596 4388 τῇ
1674 4309 1989 4390 δικαιοσύνῃ
2048 4314 2082 4370 εἲ

2257 4318 2523 4374 ervientia
2580 4318 2688 4389 ipsi
2737 4318 2978 4389 justitim
3033 4317 3108 4372 ad
3178 4319 3687 4388 sanctiﬁcationem.
3749 4319 3881 4374 Cum

457 4405 753 4483 ἁγιασμόν.
810 4403 942 4462 Ὅτε
1005 4404 1110 4481 γὰρ
1194 4400 1390 4459 δοῦλοι
1462 4403 1562 4474 ἧτε
1644 4409 1744 4472 τῆς
1832 4402 2082 4479 ἁμαρτίαι

2251 4410 2378 4463 mim
2405 4408 2549 4464 servi
2577 4408 2758 4463 essetis
2779 4408 3022 4478 peccati,
3055 4405 3217 4462 liberi
3265 4409 3435 4463 eratis
3480 4409 3590 4478 ipsi
3615 4409 3876 4480 justitic'e.

452 4496 738 4571 ἰλεύθεροι
793 4494 893 4565 ἦτε
950 4496 1021 4568 τῇ
1081 4490 1420 4565 δικαιοσύνῃ.
1505 4490 1641 4551 Τίνα
1732 4493 1824 4550 οὖν
1910 4493 2077 4569 καρπε

2256 4498 2405 4565 luem
2436 4498 2614 4568 igitur
2631 4498 2878 4566 fructum
2910 4494 3197 4553 habebatis
3227 4502 3357 4552 tunc
3384 4499 3444 4552 in
3476 4497 3561 4552 his
3589 4496 3656 4552 de
3684 4498 3881 4570 quibus

456 4586 650 4668 εἴχετε
699 4584 847 4657 τότε,
898 4583 984 4664 ἐφ’
1041 4584 1131 4648 οἷς
1187 4587 1279 4638 νῦν
1363 4580 1803 4664 ἐπαισχύνεσθες
1889 4584 1965 4642 Τὸ
2016 4583 2081 4658 γᾶ

2258 4604 2379 4644 tunc
2434 4586 2801 4644 erubescitis?
2853 4587 2992 4643 Nam
3041 4589 3168 4658 ﬁnis
3220 4588 3443 4644 illorum
3500 4604 3667 4645 mors.
3725 4591 3883 4645 Nunc

455 4675 626 4739 τέλος
686 4674 908 4731 ἐκείνων
974 4674 1219 4739 θάνατος.
1307 4673 1447 4731 Νυνὶ
1530 4669 1589 4730 δὲ
1672 4671 2080 4751 έλευθερωθὲντι

2257 4694 2359 4734 iero
2392 4678 2552 4733 liberi
2571 4694 2606 4732 a
2627 4682 2875 4759 peccato,
2904 4678 3049 4732 servi
3089 4683 3276 4732 autem
3302 4676 3449 4747 facti
3503 4681 3634 4745 Deo,
3653 4677 3882 4758 .habetis

458 4766 574 4824 ἀπὸ
656 4770 759 4836 τῆς
842 4763 1139 4838 ἁμαρτίας,
1244 4760 1613 4827 δουλωθέντες
1688 4759 1747 4820 δὲ
1825 4768 1905 4836 τῷ
1983 4767 2083 4836 Θεᾷ

2257 4770 2475 4822 'ructum
2504 4771 2742 4822 vestrum
2770 4767 2830 4821 in
2867 4765 3381 4835 sanctiﬁcationem,
3428 4770 3591 4837 ﬁnem
3636 4782 3761 4822 vero
3804 4770 3882 4823 vi-

459 4851 627 4933 ἔχετε
680 4854 773 4910 τὸν
851 4853 1059 4928 καρπὸν
1148 4851 1302 4926 ὑμῶν
1380 4851 1460 4916 είς
1543 4852 1836 4930 ἁγιασμὸν,
1920 4851 1984 4908 τὸ
2064 4849 2084 4908 δ

2252 4874 2345 4913 am
2371 4864 2642 4914 κίεν-ηοω
2693 4855 2989 4928 Stipendia
3017 4859 3162 4912 enim
3196 4858 3413 4928 peccati
3450 4873 3591 4914 mors
3625 4874 3639 4914 :
3673 4857 3877 4915 donum

460 4951 631 5014 τέλος
691 4949 837 5019 ζωὴν
898 4946 1136 5007 αἰώνιον.
1194 4947 1279 5006 Τὰ
1333 4946 1439 5025 γὰρ
1490 4945 1700 5023 ὀψώνια
1783 4953 1884 5017 τῆς
1943 4947 2085 5025 ἁμαρ

2255 4955 2415 5005 :utem
2446 4949 2547 5004 Dei
2575 4950 2693 5004 vita
2719 4953 2944 5015 aeterna,
2992 4963 3099 5021 per
3141 4947 3415 5004 Christum
3456 4950 3641 5006 Iesum
3699 4950 3880 5006 Domi-

459 5041 587 5103 τίας
629 5039 878 5104 θάνατος·
911 5039 975 5096 τὸ
1006 5035 1063 5094 δὲ
1094 5037 1345 5115 χάρισμα
1371 5040 1470 5093 τοῦ
1508 5041 1643 5094 Θεοῦ
1701 5038 1815 5108 ζωή
1874 5037 2084 5094 αἰώνιοε

1037 5039 1063 5094 ἒ
1094 5037 1345 5115 χάρισμα
1371 5040 1470 5093 τοῦ
1508 5041 1643 5094 Θεοῦ
1701 5038 1815 5108 ζωή
1874 5037 2120 5107 αἱώνιος,
2229 5053 2365 5097 num
2392 5044 2658 5095 nostrum.

454 5129 511 5189 ἐν
541 5133 768 5207 Χριστῷ
800 5131 978 5200 Ἰησοῦ
1003 5131 1084 5200 τῷ
1114 5130 1297 5205 Κυρίῳ
1327 5130 1512 5202 ἡμῶν.

532 5218 617 5277 οὗ
672 5218 836 5293 μόνον
896 5215 1021 5294 γὰρ,
1080 5215 1268 5296 φησὶν,
1301 5217 1329 5272 ὁ
1358 5216 1490 5279 Θεὸς
1545 5213 1916 5293 ἠλευθέρωσεν
1979 5218 2120 5290 ὑμᾶς

2300 5222 2428 5278 Non
2460 5220 2654 5276 solum
2687 5220 2862 5283 Deus,
2886 5216 3104 5290 inquit,
3136 5216 3411 5274 liberavit
3439 5236 3539 5276 vos
3563 5225 3881 5294 apeccato,

452 5316 562 5381 τῆς
620 5307 913 5382 ἁμαρτίας,
967 5303 1114 5364 ἀλλὰ
1168 5305 1259 5361 καὶ
1316 5302 1594 5362 ἐδούλωσα
1648 5310 1718 5380 τῇ
1776 5302 2077 5385 δικαιοσύνη

2256 5311 2337 5383 .ed
2367 5316 2427 5367 et
2447 5310 2698 5384 justitim
2730 5306 3012 5364 subdidit.
3056 5330 3083 5358 «ι
3119 5308 3387 5365 Humano
3411 5325 3575 5366 more
3598 5310 3827 5383 loquor.
3854 5332 3881 5361 ι)

450 5436 527 5448 -
552 5401 769 5479 ]φΩΤ.]
807 5425 827 5450 ι
862 5398 1234 5467 ’Λνθρώπινον
1266 5395 1439 5479 λέγω.
1478 5423 1505 5450 η
1544 5399 1918 5470 Ἀνθρώπινον
1947 5397 2075 5475 λέγο

2253 5402 2519 5461 iumano.
2552 5400 2770 5472 inquit,
2803 5414 2968 5455 more
3000 5398 3234 5471 loquor,
3268 5397 3514 5457 dicens:
3550 5399 3710 5458 Servi
3738 5400 3878 5457 facti

453 5490 619 5572 φησὶ,
641 5491 725 5561 τὸ,
758 5485 1168 5558 Ἐδουλώθητε,
1201 5484 1264 5543 οὑ
1294 5487 1397 5562 γάρ
1427 5487 1540 5544 ἐστι
1582 5487 1745 5551 τοῦτο
1792 5486 1929 5544 κατᾶ
1976 5486 2078 5562 ἁλή

2254 5484 2395 5549 estis.
2427 5504 2622 5562 neque
2652 5488 2811 5543 enim
2841 5486 2902 5544 id
2924 5488 3099 5560 juxta
3140 5487 3228 5544 rei
3274 5490 3581 5546 veritatem
3630 5491 3879 5547 servitus

452 5595 606 5647 θειαν
638 5577 858 5636 δουλεία
886 5578 952 5633 τὸ
982 5576 1118 5634 κατᾶ
1153 5577 1255 5648 τήν
1310 5575 1660 5649 δικαιοσύνην
1715 5577 2072 5635 πολιτεύεσθαι

2249 5586 2341 5649 est,
2374 5578 2703 5636 secundum
2727 5578 3024 5650 justitiam
3057 5578 3332 5634 videlicet
3362 5578 3737 5635 conversari:
3770 5577 3874 5634 sed

449 5671 606 5731 ἄλλα
633 5675 792 5725 τοῦτο
824 5690 859 5741 η
911 5664 1129 5735 ἂληθὴς
1185 5663 1463 5746 ἐλευθερία
1513 5666 1604 5724 καὶ
1652 5665 1996 5741 εὐδαιμονία·
2055 5672 2074 5727 ’1

2248 5692 2340 5733 loc
2372 5690 2508 5730 vera
2537 5672 2782 5729 libertas
2814 5678 2903 5729 est
2932 5689 3000 5729 ac
3032 5672 3184 5729 282
3234 5672 3507 5729 felicitas.
3570 5671 3687 5727 Cur
3738 5686 3873 5742 ergo

449 5758 552 5817 οὖν
582 5756 771 5823 καλεῖς
800 5756 975 5827 αὐτην
1006 5751 1279 5828 δουλείαν,
1312 5754 1359 5811 εἰ
1407 5756 1485 5831 μὴ
1534 5752 1648 5813 ἔστι
1697 5753 1922 5814 δουλεία
1944 5776 1961 5830 ;
2020 5765 2074 5817 Δι

2252 5766 2394 5823 llam
2426 5780 2594 5822 vocas
2626 5762 2991 5831 servitutem,
3026 5763 3075 5818 si
3124 5778 3245 5818 non
3295 5768 3386 5817 est
3414 5757 3712 5817 servitus?
3739 5773 3877 5831 pro-
