  <div class='ocr_page' id='page_1' title='image "/cluster/home/n/w/nwhite01/storage/ocr_20150623/118:no.1/coo.31924054870229/231.png"; bbox 0 0 4114 6430; ppageno 0'>
   <div class='ocr_carea' id='block_1_1' title="bbox 184 450 303 514">
    <p class='ocr_par' dir='ltr' id='par_1_1' title="bbox 184 450 303 514">
     <span class='ocr_line' id='line_1_1' title="bbox 184 450 303 514; baseline -0.008 0"><span class='ocrx_word' id='word_1_1' title='bbox 184 450 303 514; x_wconf 68' lang='grc' dir='ltr'>ηδ</span> 
     </span>
    </p>
   </div>
   <div class='ocr_carea' id='block_1_2' title="bbox 1312 436 2497 515">
    <p class='ocr_par' dir='ltr' id='par_1_2' title="bbox 1312 436 2497 515">
     <span class='ocr_line' id='line_1_2' title="bbox 1312 436 2497 515; baseline -0.01 1"><span class='ocrx_word' id='word_1_2' title='bbox 1312 445 1743 515; x_wconf 76' lang='grc' dir='ltr'>(ΕΟΠΜΕΝΙΙ</span> <span class='ocrx_word' id='word_1_3' title='bbox 1786 436 2097 505; x_wconf 73' lang='grc' dir='ltr'>ΤΒΙΟΟιΕ</span> <span class='ocrx_word' id='word_1_4' title='bbox 2140 440 2497 504; x_wconf 83' lang='lat' dir='ltr'>EPISCOPI</span> 
     </span>
    </p>
   </div>
   <div class='ocr_carea' id='block_1_3' title="bbox 3491 393 3605 533">
    <p class='ocr_par' dir='ltr' id='par_1_3' title="bbox 3491 393 3605 533">
     <span class='ocr_line' id='line_1_3' title="bbox 3491 393 3605 533; baseline 0 0"><span class='ocrx_word' id='word_1_5' title='bbox 3491 393 3605 533; x_wconf 68' lang='grc' dir='ltr'>ιὶι</span> 
     </span>
    </p>
   </div>
   <div class='ocr_carea' id='block_1_4' title="bbox 186 569 1838 657">
    <p class='ocr_par' dir='ltr' id='par_1_4' title="bbox 186 577 1838 657">
     <span class='ocr_line' id='line_1_4' title="bbox 186 577 1838 657; baseline -0.005 -17"><span class='ocrx_word' id='word_1_6' title='bbox 186 589 321 657; x_wconf 83' lang='lat' dir='ltr'><strong>pter</strong></span> <span class='ocrx_word' id='word_1_7' title='bbox 348 584 783 647; x_wconf 80' lang='lat' dir='ltr'>inﬁrmitatem,</span> <span class='ocrx_word' id='word_1_8' title='bbox 813 583 915 653; x_wconf 85' lang='lat' dir='ltr'>ait,</span> <span class='ocrx_word' id='word_1_9' title='bbox 949 584 1152 641; x_wconf 86' lang='lat' dir='ltr'>carnis</span> <span class='ocrx_word' id='word_1_10' title='bbox 1174 589 1403 649; x_wconf 70' lang='lat' dir='ltr'>vestrm,</span> <span class='ocrx_word' id='word_1_11' title='bbox 1428 584 1539 640; x_wconf 91' lang='lat' dir='ltr'>hoc</span> <span class='ocrx_word' id='word_1_12' title='bbox 1570 584 1680 646; x_wconf 85' lang='lat' dir='ltr'>est,</span> <span class='ocrx_word' id='word_1_13' title='bbox 1706 577 1838 650; x_wconf 87' lang='lat' dir='ltr'>quia</span> 
     </span>
    </p>
   </div>
   <div class='ocr_carea' id='block_1_5' title="bbox 1950 569 3610 657">
    <p class='ocr_par' dir='ltr' id='par_1_5' title="bbox 1958 569 3610 653">
     <span class='ocr_line' id='line_1_5' title="bbox 1958 569 3610 653; baseline 0.005 -25"><span class='ocrx_word' id='word_1_14' title='bbox 1958 571 2058 641; x_wconf 79' lang='grc' dir='ltr'>τὴν</span> <span class='ocrx_word' id='word_1_15' title='bbox 2090 569 2389 645; x_wconf 87' lang='grc' dir='ltr'>ἀσθένειαν,</span> <span class='ocrx_word' id='word_1_16' title='bbox 2447 573 2602 652; x_wconf 74' lang='grc' dir='ltr'>φησὶ,</span> <span class='ocrx_word' id='word_1_17' title='bbox 2662 580 2763 645; x_wconf 84' lang='grc' dir='ltr'>τῆς</span> <span class='ocrx_word' id='word_1_18' title='bbox 2823 575 3019 651; x_wconf 86' lang='grc' dir='ltr'>σαρκὸς</span> <span class='ocrx_word' id='word_1_19' title='bbox 3077 577 3254 653; x_wconf 80' lang='grc' dir='ltr'>ὑμῶν,</span> <span class='ocrx_word' id='word_1_20' title='bbox 3311 575 3610 651; x_wconf 75' lang='grc' dir='ltr'>τουτέστιν,</span> 
     </span>
    </p>
   </div>
   <div class='ocr_carea' id='block_1_6' title="bbox 183 671 1841 742">
    <p class='ocr_par' dir='ltr' id='par_1_6' title="bbox 183 671 1841 742">
     <span class='ocr_line' id='line_1_6' title="bbox 183 671 1841 742; baseline -0.004 -12"><span class='ocrx_word' id='word_1_21' title='bbox 183 673 483 730; x_wconf 88' lang='lat' dir='ltr'>adversari</span> <span class='ocrx_word' id='word_1_22' title='bbox 507 673 739 728; x_wconf 87' lang='lat' dir='ltr'>videtur</span> <span class='ocrx_word' id='word_1_23' title='bbox 762 690 975 729; x_wconf 87' lang='lat' dir='ltr'>sensus</span> <span class='ocrx_word' id='word_1_24' title='bbox 998 675 1215 741; x_wconf 90' lang='lat' dir='ltr'>carnis,</span> <span class='ocrx_word' id='word_1_25' title='bbox 1241 680 1301 729; x_wconf 88' lang='lat' dir='ltr'>et</span> <span class='ocrx_word' id='word_1_26' title='bbox 1325 675 1484 730; x_wconf 87' lang='lat' dir='ltr'>circa</span> <span class='ocrx_word' id='word_1_27' title='bbox 1522 671 1693 728; x_wconf 89' lang='lat' dir='ltr'>initia</span> <span class='ocrx_word' id='word_1_28' title='bbox 1713 684 1841 742; x_wconf 77' lang='lat' dir='ltr'>gra~</span> 
     </span>
    </p>
   </div>
   <div class='ocr_carea' id='block_1_7' title="bbox 182 762 1845 836">
    <p class='ocr_par' dir='ltr' id='par_1_7' title="bbox 182 762 1845 836">
     <span class='ocr_line' id='line_1_7' title="bbox 182 762 1845 836; baseline -0.001 -21"><span class='ocrx_word' id='word_1_29' title='bbox 182 762 305 818; x_wconf 80' lang='lat' dir='ltr'>vari</span> <span class='ocrx_word' id='word_1_30' title='bbox 338 778 407 816; x_wconf 92' lang='lat' dir='ltr'>ac</span> <span class='ocrx_word' id='word_1_31' title='bbox 444 762 666 817; x_wconf 87' lang='lat' dir='ltr'>tristari</span> <span class='ocrx_word' id='word_1_32' title='bbox 702 762 775 817; x_wconf 90' lang='lat' dir='ltr'>ad</span> <span class='ocrx_word' id='word_1_33' title='bbox 829 770 1127 836; x_wconf 67' lang='lat' dir='ltr'>praecepta</span> <span class='ocrx_word' id='word_1_34' title='bbox 1175 764 1466 836; x_wconf 70' lang='lat' dir='ltr'>justitim:</span> <span class='ocrx_word' id='word_1_35' title='bbox 1530 765 1845 835; x_wconf 79' lang='lat' dir='ltr'>propterea</span> 
     </span>
    </p>
   </div>
   <div class='ocr_carea' id='block_1_8' title="bbox 184 852 1843 924">
    <p class='ocr_par' dir='ltr' id='par_1_8' title="bbox 184 852 1843 924">
     <span class='ocr_line' id='line_1_8' title="bbox 184 852 1843 924; baseline -0.004 -16"><span class='ocrx_word' id='word_1_36' title='bbox 184 852 574 908; x_wconf 80' lang='lat' dir='ltr'>considerans</span> <span class='ocrx_word' id='word_1_37' title='bbox 594 852 1008 909; x_wconf 85' lang='lat' dir='ltr'>infirmitatem</span> <span class='ocrx_word' id='word_1_38' title='bbox 1032 870 1100 909; x_wconf 90' lang='lat' dir='ltr'>ac</span> <span class='ocrx_word' id='word_1_39' title='bbox 1130 854 1429 909; x_wconf 90' lang='lat' dir='ltr'>tristitiam</span> <span class='ocrx_word' id='word_1_40' title='bbox 1449 869 1580 924; x_wconf 71' lang='lat' dir='ltr'>qua:</span> <span class='ocrx_word' id='word_1_41' title='bbox 1612 868 1646 907; x_wconf 89' lang='lat' dir='ltr'>a</span> <span class='ocrx_word' id='word_1_42' title='bbox 1666 864 1843 905; x_wconf 90' lang='lat' dir='ltr'>carne</span> 
     </span>
    </p>
   </div>
   <div class='ocr_carea' id='block_1_9' title="bbox 185 940 1844 1013">
    <p class='ocr_par' dir='ltr' id='par_1_9' title="bbox 185 940 1844 1013">
     <span class='ocr_line' id='line_1_9' title="bbox 185 940 1844 1013; baseline 0 -20"><span class='ocrx_word' id='word_1_43' title='bbox 185 948 377 997; x_wconf 86' lang='lat' dir='ltr'>vestra</span> <span class='ocrx_word' id='word_1_44' title='bbox 406 940 700 1012; x_wconf 80' lang='lat' dir='ltr'>procedit,</span> <span class='ocrx_word' id='word_1_45' title='bbox 734 941 997 997; x_wconf 89' lang='lat' dir='ltr'>humano</span> <span class='ocrx_word' id='word_1_46' title='bbox 1029 959 1194 998; x_wconf 90' lang='lat' dir='ltr'>more</span> <span class='ocrx_word' id='word_1_47' title='bbox 1224 942 1373 997; x_wconf 77' lang='grc' dir='ltr'>ι11υά</span> <span class='ocrx_word' id='word_1_48' title='bbox 1399 940 1693 1013; x_wconf 82' lang='lat' dir='ltr'>appellavi</span> <span class='ocrx_word' id='word_1_49' title='bbox 1726 956 1844 995; x_wconf 85' lang='lat' dir='ltr'>ser-</span> 
     </span>
    </p>
   </div>
   <div class='ocr_carea' id='block_1_10' title="bbox 182 1031 1843 1107">
    <p class='ocr_par' dir='ltr' id='par_1_10' title="bbox 182 1031 1843 1107">
     <span class='ocr_line' id='line_1_10' title="bbox 182 1031 1843 1107; baseline -0.002 -19"><span class='ocrx_word' id='word_1_50' title='bbox 182 1034 447 1091; x_wconf 87' lang='lat' dir='ltr'>vitutem.</span> <span class='ocrx_word' id='word_1_51' title='bbox 485 1034 793 1107; x_wconf 83' lang='lat' dir='ltr'>Siquidem</span> <span class='ocrx_word' id='word_1_52' title='bbox 818 1053 952 1091; x_wconf 85' lang='lat' dir='ltr'>cum</span> <span class='ocrx_word' id='word_1_53' title='bbox 981 1036 1254 1092; x_wconf 92' lang='lat' dir='ltr'>dolentes</span> <span class='ocrx_word' id='word_1_54' title='bbox 1272 1035 1517 1091; x_wconf 87' lang='lat' dir='ltr'>acinviti</span> <span class='ocrx_word' id='word_1_55' title='bbox 1536 1031 1843 1105; x_wconf 85' lang='lat' dir='ltr'>quidpiam</span> 
     </span>
    </p>
   </div>
   <div class='ocr_carea' id='block_1_11' title="bbox 181 1122 1844 1196">
    <p class='ocr_par' dir='ltr' id='par_1_11' title="bbox 181 1122 1844 1196">
     <span class='ocr_line' id='line_1_11' title="bbox 181 1122 1844 1196; baseline -0.003 -16"><span class='ocrx_word' id='word_1_56' title='bbox 181 1124 456 1191; x_wconf 84' lang='lat' dir='ltr'>facimus,</span> <span class='ocrx_word' id='word_1_57' title='bbox 478 1124 738 1180; x_wconf 81' lang='lat' dir='ltr'>solemus</span> <span class='ocrx_word' id='word_1_58' title='bbox 767 1124 854 1179; x_wconf 91' lang='lat' dir='ltr'>illi</span> <span class='ocrx_word' id='word_1_59' title='bbox 885 1125 1297 1196; x_wconf 75' lang='lat' dir='ltr'>tyrannidisac</span> <span class='ocrx_word' id='word_1_60' title='bbox 1312 1122 1610 1181; x_wconf 88' lang='lat' dir='ltr'>servitutis</span> <span class='ocrx_word' id='word_1_61' title='bbox 1625 1136 1844 1177; x_wconf 87' lang='lat' dir='ltr'>nomen</span> 
     </span>
    </p>
   </div>
   <div class='ocr_carea' id='block_1_12' title="bbox 183 1216 1844 1289">
    <p class='ocr_par' dir='ltr' id='par_1_12' title="bbox 183 1216 1844 1289">
     <span class='ocr_line' id='line_1_12' title="bbox 183 1216 1844 1289; baseline -0.002 -18"><span class='ocrx_word' id='word_1_62' title='bbox 183 1216 446 1289; x_wconf 86' lang='lat' dir='ltr'>afﬁgere.</span> <span class='ocrx_word' id='word_1_63' title='bbox 486 1217 573 1271; x_wconf 88' lang='lat' dir='ltr'>lta</span> <span class='ocrx_word' id='word_1_64' title='bbox 602 1232 741 1289; x_wconf 82' lang='lat' dir='ltr'>ergo</span> <span class='ocrx_word' id='word_1_65' title='bbox 772 1223 831 1270; x_wconf 89' lang='lat' dir='ltr'>et</span> <span class='ocrx_word' id='word_1_66' title='bbox 858 1217 1075 1272; x_wconf 81' lang='lat' dir='ltr'>Paulus</span> <span class='ocrx_word' id='word_1_67' title='bbox 1120 1218 1307 1273; x_wconf 91' lang='lat' dir='ltr'>dicit:</span> <span class='ocrx_word' id='word_1_68' title='bbox 1358 1217 1628 1271; x_wconf 82' lang='lat' dir='ltr'>Humano</span> <span class='ocrx_word' id='word_1_69' title='bbox 1679 1228 1844 1269; x_wconf 90' lang='lat' dir='ltr'>more</span> 
     </span>
    </p>
   </div>
   <div class='ocr_carea' id='block_1_13' title="bbox 182 1302 1844 1379">
    <p class='ocr_par' dir='ltr' id='par_1_13' title="bbox 182 1302 1844 1379">
     <span class='ocr_line' id='line_1_13' title="bbox 182 1302 1844 1379; baseline -0.003 -17"><span class='ocrx_word' id='word_1_70' title='bbox 182 1306 399 1377; x_wconf 91' lang='lat' dir='ltr'>loquor</span> <span class='ocrx_word' id='word_1_71' title='bbox 427 1304 578 1362; x_wconf 90' lang='lat' dir='ltr'>hoc:</span> <span class='ocrx_word' id='word_1_72' title='bbox 614 1306 776 1361; x_wconf 83' lang='lat' dir='ltr'>Servi</span> <span class='ocrx_word' id='word_1_73' title='bbox 808 1307 948 1362; x_wconf 83' lang='lat' dir='ltr'>facti</span> <span class='ocrx_word' id='word_1_74' title='bbox 981 1307 1124 1363; x_wconf 87' lang='lat' dir='ltr'>estis</span> <span class='ocrx_word' id='word_1_75' title='bbox 1156 1307 1269 1379; x_wconf 89' lang='lat' dir='ltr'>ipsi</span> <span class='ocrx_word' id='word_1_76' title='bbox 1296 1306 1569 1379; x_wconf 70' lang='lat' dir='ltr'>justitiaa.</span> <span class='ocrx_word' id='word_1_77' title='bbox 1621 1302 1844 1359; x_wconf 87' lang='lat' dir='ltr'>Deinde</span> 
     </span>
    </p>
   </div>
   <div class='ocr_carea' id='block_1_14' title="bbox 182 1393 1843 1467">
    <p class='ocr_par' dir='ltr' id='par_1_14' title="bbox 182 1393 1843 1467">
     <span class='ocr_line' id='line_1_14' title="bbox 182 1393 1843 1467; baseline -0.002 -16"><span class='ocrx_word' id='word_1_78' title='bbox 182 1394 332 1451; x_wconf 90' lang='lat' dir='ltr'>illud</span> <span class='ocrx_word' id='word_1_79' title='bbox 364 1412 600 1467; x_wconf 90' lang='lat' dir='ltr'>quoque</span> <span class='ocrx_word' id='word_1_80' title='bbox 636 1413 707 1452; x_wconf 87' lang='lat' dir='ltr'>ex</span> <span class='ocrx_word' id='word_1_81' title='bbox 738 1396 1038 1452; x_wconf 88' lang='lat' dir='ltr'>contrario</span> <span class='ocrx_word' id='word_1_82' title='bbox 1070 1396 1403 1453; x_wconf 69' lang='lat' dir='ltr'>conﬁrmat</span> <span class='ocrx_word' id='word_1_83' title='bbox 1472 1396 1633 1451; x_wconf 90' lang='lat' dir='ltr'>Sicut</span> <span class='ocrx_word' id='word_1_84' title='bbox 1660 1393 1843 1461; x_wconf 89' lang='lat' dir='ltr'>enim,</span> 
     </span>
    </p>
   </div>
   <div class='ocr_carea' id='block_1_15' title="bbox 181 1481 1844 1558">
    <p class='ocr_par' dir='ltr' id='par_1_15' title="bbox 181 1481 1844 1558">
     <span class='ocr_line' id='line_1_15' title="bbox 181 1481 1844 1558; baseline -0.001 -19"><span class='ocrx_word' id='word_1_85' title='bbox 181 1484 401 1556; x_wconf 88' lang='lat' dir='ltr'>inquit,</span> <span class='ocrx_word' id='word_1_86' title='bbox 435 1501 504 1539; x_wconf 93' lang='lat' dir='ltr'>ea</span> <span class='ocrx_word' id='word_1_87' title='bbox 535 1500 668 1556; x_wconf 61' lang='lat' dir='ltr'>quae</span> <span class='ocrx_word' id='word_1_88' title='bbox 702 1485 1101 1541; x_wconf 65' lang='lat' dir='ltr'>immunditiis</span> <span class='ocrx_word' id='word_1_89' title='bbox 1133 1491 1274 1542; x_wconf 89' lang='lat' dir='ltr'>sunt</span> <span class='ocrx_word' id='word_1_90' title='bbox 1316 1490 1655 1558; x_wconf 89' lang='lat' dir='ltr'>operantes,</span> <span class='ocrx_word' id='word_1_91' title='bbox 1691 1481 1844 1539; x_wconf 79' lang='lat' dir='ltr'>servi</span> 
     </span>
    </p>
   </div>
   <div class='ocr_carea' id='block_1_16' title="bbox 182 1572 1842 1647">
    <p class='ocr_par' dir='ltr' id='par_1_16' title="bbox 182 1572 1842 1647">
     <span class='ocr_line' id='line_1_16' title="bbox 182 1572 1842 1647; baseline -0.002 -17"><span class='ocrx_word' id='word_1_92' title='bbox 182 1574 361 1630; x_wconf 87' lang='lat' dir='ltr'>eratis</span> <span class='ocrx_word' id='word_1_93' title='bbox 380 1574 809 1642; x_wconf 69' lang='lat' dir='ltr'>immunditiae,</span> <span class='ocrx_word' id='word_1_94' title='bbox 833 1575 915 1631; x_wconf 91' lang='lat' dir='ltr'>ita</span> <span class='ocrx_word' id='word_1_95' title='bbox 931 1575 1329 1647; x_wconf 67' lang='lat' dir='ltr'>quaajustitiae</span> <span class='ocrx_word' id='word_1_96' title='bbox 1353 1580 1493 1631; x_wconf 90' lang='lat' dir='ltr'>sunt</span> <span class='ocrx_word' id='word_1_97' title='bbox 1525 1572 1842 1646; x_wconf 82' lang='lat' dir='ltr'>perﬁcien-</span> 
     </span>
    </p>
   </div>
   <div class='ocr_carea' id='block_1_17' title="bbox 183 1660 1840 1737">
    <p class='ocr_par' dir='ltr' id='par_1_17' title="bbox 183 1660 1840 1737">
     <span class='ocr_line' id='line_1_17' title="bbox 183 1660 1840 1737; baseline -0.002 -19"><span class='ocrx_word' id='word_1_98' title='bbox 183 1668 293 1728; x_wconf 87' lang='lat' dir='ltr'>tes,</span> <span class='ocrx_word' id='word_1_99' title='bbox 327 1679 448 1718; x_wconf 92' lang='lat' dir='ltr'>non</span> <span class='ocrx_word' id='word_1_100' title='bbox 481 1663 784 1720; x_wconf 88' lang='lat' dir='ltr'>immerito</span> <span class='ocrx_word' id='word_1_101' title='bbox 844 1664 995 1719; x_wconf 85' lang='lat' dir='ltr'>servi</span> <span class='ocrx_word' id='word_1_102' title='bbox 1033 1665 1229 1719; x_wconf 91' lang='lat' dir='ltr'>vocari</span> <span class='ocrx_word' id='word_1_103' title='bbox 1277 1664 1527 1737; x_wconf 89' lang='lat' dir='ltr'>potestis</span> <span class='ocrx_word' id='word_1_104' title='bbox 1570 1660 1840 1735; x_wconf 73' lang='lat' dir='ltr'>justitiaa.</span> 
     </span>
    </p>
   </div>
   <div class='ocr_carea' id='block_1_18' title="bbox 187 1750 1846 1825">
    <p class='ocr_par' dir='ltr' id='par_1_18' title="bbox 187 1750 1846 1825">
     <span class='ocr_line' id='line_1_18' title="bbox 187 1750 1846 1825; baseline -0.002 -18"><span class='ocrx_word' id='word_1_105' title='bbox 187 1751 377 1808; x_wconf 89' lang='lat' dir='ltr'>Simul</span> <span class='ocrx_word' id='word_1_106' title='bbox 410 1759 610 1808; x_wconf 92' lang='lat' dir='ltr'>autem</span> <span class='ocrx_word' id='word_1_107' title='bbox 643 1754 754 1809; x_wconf 91' lang='lat' dir='ltr'>hoc</span> <span class='ocrx_word' id='word_1_108' title='bbox 788 1753 964 1809; x_wconf 89' lang='lat' dir='ltr'>etiam</span> <span class='ocrx_word' id='word_1_109' title='bbox 994 1770 1099 1825; x_wconf 89' lang='lat' dir='ltr'>per</span> <span class='ocrx_word' id='word_1_110' title='bbox 1128 1752 1373 1809; x_wconf 90' lang='lat' dir='ltr'>modum</span> <span class='ocrx_word' id='word_1_111' title='bbox 1415 1750 1846 1807; x_wconf 85' lang='lat' dir='ltr'>exhortationis</span> 
     </span>
    </p>
   </div>
   <div class='ocr_carea' id='block_1_19' title="bbox 189 1840 1839 1915">
    <p class='ocr_par' dir='ltr' id='par_1_19' title="bbox 189 1840 1839 1915">
     <span class='ocr_line' id='line_1_19' title="bbox 189 1840 1839 1915; baseline -0.002 -18"><span class='ocrx_word' id='word_1_112' title='bbox 189 1842 529 1913; x_wconf 81' lang='lat' dir='ltr'>subjunxit:</span> <span class='ocrx_word' id='word_1_113' title='bbox 554 1843 611 1897; x_wconf 91' lang='lat' dir='ltr'>Si</span> <span class='ocrx_word' id='word_1_114' title='bbox 644 1843 807 1898; x_wconf 89' lang='lat' dir='ltr'>enim</span> <span class='ocrx_word' id='word_1_115' title='bbox 830 1860 928 1898; x_wconf 88' lang='lat' dir='ltr'>vos</span> <span class='ocrx_word' id='word_1_116' title='bbox 951 1860 1069 1898; x_wconf 92' lang='lat' dir='ltr'>non</span> <span class='ocrx_word' id='word_1_117' title='bbox 1100 1843 1313 1915; x_wconf 90' lang='lat' dir='ltr'>puduit</span> <span class='ocrx_word' id='word_1_118' title='bbox 1342 1859 1540 1899; x_wconf 88' lang='lat' dir='ltr'>servos</span> <span class='ocrx_word' id='word_1_119' title='bbox 1569 1856 1698 1896; x_wconf 89' lang='lat' dir='ltr'>esse</span> <span class='ocrx_word' id='word_1_120' title='bbox 1731 1840 1839 1894; x_wconf 89' lang='lat' dir='ltr'>im-</span> 
     </span>
    </p>
   </div>
   <div class='ocr_carea' id='block_1_20' title="bbox 185 1928 1846 2006">
    <p class='ocr_par' dir='ltr' id='par_1_20' title="bbox 185 1928 1846 2006">
     <span class='ocr_line' id='line_1_20' title="bbox 185 1928 1846 2006; baseline -0.002 -19"><span class='ocrx_word' id='word_1_121' title='bbox 185 1931 524 1996; x_wconf 73' lang='lat' dir='ltr'>munditim,</span> <span class='ocrx_word' id='word_1_122' title='bbox 556 1948 631 1988; x_wconf 92' lang='lat' dir='ltr'>an</span> <span class='ocrx_word' id='word_1_123' title='bbox 663 1948 784 1988; x_wconf 88' lang='lat' dir='ltr'>non</span> <span class='ocrx_word' id='word_1_124' title='bbox 816 1932 997 1989; x_wconf 91' lang='lat' dir='ltr'>etiam</span> <span class='ocrx_word' id='word_1_125' title='bbox 1041 1931 1444 2006; x_wconf 77' lang='lat' dir='ltr'>glori;.bimini</span> <span class='ocrx_word' id='word_1_126' title='bbox 1494 1929 1654 2002; x_wconf 92' lang='lat' dir='ltr'>quod</span> <span class='ocrx_word' id='word_1_127' title='bbox 1684 1928 1846 2001; x_wconf 80' lang='lat' dir='ltr'>digni</span> 
     </span>
    </p>
   </div>
   <div class='ocr_carea' id='block_1_21' title="bbox 196 2017 1842 2092">
    <p class='ocr_par' dir='ltr' id='par_1_21' title="bbox 196 2017 1842 2092">
     <span class='ocr_line' id='line_1_21' title="bbox 196 2017 1842 2092; baseline -0.002 -17"><span class='ocrx_word' id='word_1_128' title='bbox 196 2019 327 2075; x_wconf 87' lang='lat' dir='ltr'>sitis</span> <span class='ocrx_word' id='word_1_129' title='bbox 358 2018 543 2076; x_wconf 84' lang='lat' dir='ltr'>habiti</span> <span class='ocrx_word' id='word_1_130' title='bbox 581 2020 683 2092; x_wconf 91' lang='lat' dir='ltr'>qui</span> <span class='ocrx_word' id='word_1_131' title='bbox 710 2021 960 2092; x_wconf 66' lang='lat' dir='ltr'>justitiaz</span> <span class='ocrx_word' id='word_1_132' title='bbox 993 2022 1142 2077; x_wconf 87' lang='lat' dir='ltr'>servi</span> <span class='ocrx_word' id='word_1_133' title='bbox 1166 2022 1295 2076; x_wconf 89' lang='lat' dir='ltr'>sitis</span> <span class='ocrx_word' id='word_1_134' title='bbox 1312 2019 1577 2076; x_wconf 86' lang='lat' dir='ltr'>?Deinde</span> <span class='ocrx_word' id='word_1_135' title='bbox 1594 2019 1706 2075; x_wconf 91' lang='lat' dir='ltr'>hoc</span> <span class='ocrx_word' id='word_1_136' title='bbox 1726 2017 1842 2073; x_wconf 90' lang='lat' dir='ltr'>alio</span> 
     </span>
    </p>
   </div>
   <div class='ocr_carea' id='block_1_22' title="bbox 194 2106 1846 2182">
    <p class='ocr_par' dir='ltr' id='par_1_22' title="bbox 194 2106 1846 2182">
     <span class='ocr_line' id='line_1_22' title="bbox 194 2106 1846 2182; baseline -0.001 -19"><span class='ocrx_word' id='word_1_137' title='bbox 194 2125 431 2180; x_wconf 92' lang='lat' dir='ltr'>quoque</span> <span class='ocrx_word' id='word_1_138' title='bbox 461 2108 638 2164; x_wconf 92' lang='lat' dir='ltr'>modo</span> <span class='ocrx_word' id='word_1_139' title='bbox 673 2108 1025 2165; x_wconf 83' lang='lat' dir='ltr'>conﬁrmat:</span> <span class='ocrx_word' id='word_1_140' title='bbox 1062 2115 1119 2165; x_wconf 88' lang='lat' dir='ltr'>et</span> <span class='ocrx_word' id='word_1_141' title='bbox 1147 2108 1526 2182; x_wconf 90' lang='lat' dir='ltr'>procedendo</span> <span class='ocrx_word' id='word_1_142' title='bbox 1583 2106 1846 2164; x_wconf 88' lang='lat' dir='ltr'>ostendit</span> 
     </span>
    </p>
   </div>
   <div class='ocr_carea' id='block_1_23' title="bbox 188 2195 1843 2274">
    <p class='ocr_par' dir='ltr' id='par_1_23' title="bbox 188 2195 1843 2274">
     <span class='ocr_line' id='line_1_23' title="bbox 188 2195 1843 2274; baseline -0.002 -19"><span class='ocrx_word' id='word_1_143' title='bbox 188 2197 531 2269; x_wconf 79' lang='lat' dir='ltr'>hujusmodi</span> <span class='ocrx_word' id='word_1_144' title='bbox 559 2199 858 2254; x_wconf 85' lang='lat' dir='ltr'>servitutis</span> <span class='ocrx_word' id='word_1_145' title='bbox 876 2199 1252 2274; x_wconf 89' lang='lat' dir='ltr'>dignitatem:</span> <span class='ocrx_word' id='word_1_146' title='bbox 1289 2198 1652 2255; x_wconf 88' lang='lat' dir='ltr'>concludens</span> <span class='ocrx_word' id='word_1_147' title='bbox 1684 2195 1843 2269; x_wconf 91' lang='lat' dir='ltr'>quod</span> 
     </span>
    </p>
   </div>
   <div class='ocr_carea' id='block_1_24' title="bbox 187 2287 1845 2362">
    <p class='ocr_par' dir='ltr' id='par_1_24' title="bbox 187 2287 1845 2362">
     <span class='ocr_line' id='line_1_24' title="bbox 187 2287 1845 2362; baseline -0.002 -17"><span class='ocrx_word' id='word_1_148' title='bbox 187 2288 314 2346; x_wconf 73' lang='lat' dir='ltr'>haec</span> <span class='ocrx_word' id='word_1_149' title='bbox 348 2290 597 2345; x_wconf 86' lang='lat' dir='ltr'>servitus</span> <span class='ocrx_word' id='word_1_150' title='bbox 621 2289 842 2345; x_wconf 69' lang='lat' dir='ltr'>efﬁciat</span> <span class='ocrx_word' id='word_1_151' title='bbox 864 2290 967 2346; x_wconf 92' lang='lat' dir='ltr'>Dei</span> <span class='ocrx_word' id='word_1_152' title='bbox 1001 2307 1221 2359; x_wconf 87' lang='lat' dir='ltr'>servos,</span> <span class='ocrx_word' id='word_1_153' title='bbox 1247 2307 1364 2362; x_wconf 91' lang='lat' dir='ltr'>qua</span> <span class='ocrx_word' id='word_1_154' title='bbox 1389 2307 1452 2345; x_wconf 88' lang='lat' dir='ltr'>re</span> <span class='ocrx_word' id='word_1_155' title='bbox 1474 2287 1619 2362; x_wconf 91' lang='lat' dir='ltr'>quid</span> <span class='ocrx_word' id='word_1_156' title='bbox 1648 2291 1845 2361; x_wconf 87' lang='lat' dir='ltr'>potest</span> 
     </span>
    </p>
   </div>
   <div class='ocr_carea' id='block_1_25' title="bbox 187 2378 1843 2437">
    <p class='ocr_par' dir='ltr' id='par_1_25' title="bbox 187 2378 1843 2437">
     <span class='ocr_line' id='line_1_25' title="bbox 187 2378 1843 2437; baseline -0.002 -2"><span class='ocrx_word' id='word_1_157' title='bbox 187 2394 317 2435; x_wconf 88' lang='lat' dir='ltr'>esse</span> <span class='ocrx_word' id='word_1_158' title='bbox 350 2378 599 2435; x_wconf 88' lang='lat' dir='ltr'>liberius</span> <span class='ocrx_word' id='word_1_159' title='bbox 630 2386 733 2435; x_wconf 91' lang='lat' dir='ltr'>aut</span> <span class='ocrx_word' id='word_1_160' title='bbox 762 2379 998 2435; x_wconf 84' lang='lat' dir='ltr'>felicius</span> <span class='ocrx_word' id='word_1_161' title='bbox 1020 2378 1047 2434; x_wconf 69' lang='grc' dir='ltr'><strong><em>Ἰ</em></strong></span> <span class='ocrx_word' id='word_1_162' title='bbox 1104 2380 1339 2437; x_wconf 80' lang='lat' dir='ltr'>Etenim</span> <span class='ocrx_word' id='word_1_163' title='bbox 1386 2379 1531 2435; x_wconf 91' lang='lat' dir='ltr'>dicit</span> <span class='ocrx_word' id='word_1_164' title='bbox 1561 2395 1574 2434; x_wconf 92' lang='lat'>:</span> <span class='ocrx_word' id='word_1_165' title='bbox 1622 2400 1651 2430; x_wconf 82' lang='grc' dir='ltr'>ιι</span> <span class='ocrx_word' id='word_1_166' title='bbox 1678 2379 1843 2434; x_wconf 86' lang='lat' dir='ltr'>Nunc</span> 
     </span>
    </p>
   </div>
   <div class='ocr_carea' id='block_1_26' title="bbox 182 2468 1841 2541">
    <p class='ocr_par' dir='ltr' id='par_1_26' title="bbox 182 2468 1841 2541">
     <span class='ocr_line' id='line_1_26' title="bbox 182 2468 1841 2541; baseline 0 -19"><span class='ocrx_word' id='word_1_167' title='bbox 182 2485 318 2523; x_wconf 81' lang='lat' dir='ltr'>vero</span> <span class='ocrx_word' id='word_1_168' title='bbox 344 2468 515 2524; x_wconf 79' lang='lat' dir='ltr'>liberi</span> <span class='ocrx_word' id='word_1_169' title='bbox 539 2469 675 2524; x_wconf 77' lang='lat' dir='ltr'>facti</span> <span class='ocrx_word' id='word_1_170' title='bbox 703 2475 1023 2541; x_wconf 86' lang='lat' dir='ltr'>apeccato,</span> <span class='ocrx_word' id='word_1_171' title='bbox 1057 2469 1208 2524; x_wconf 84' lang='lat' dir='ltr'>servi</span> <span class='ocrx_word' id='word_1_172' title='bbox 1239 2476 1437 2525; x_wconf 89' lang='lat' dir='ltr'>autem</span> <span class='ocrx_word' id='word_1_173' title='bbox 1464 2468 1603 2524; x_wconf 83' lang='lat' dir='ltr'>facti</span> <span class='ocrx_word' id='word_1_174' title='bbox 1636 2468 1776 2533; x_wconf 90' lang='lat' dir='ltr'>Deo,</span> <span class='ocrx_word' id='word_1_175' title='bbox 1812 2488 1841 2515; x_wconf 82' lang='lat'><strong><em>»</em></strong></span> 
     </span>
    </p>
   </div>
   <div class='ocr_carea' id='block_1_27' title="bbox 188 2555 1843 2631">
    <p class='ocr_par' dir='ltr' id='par_1_27' title="bbox 188 2555 1843 2631">
     <span class='ocr_line' id='line_1_27' title="bbox 188 2555 1843 2631; baseline -0.001 -18"><span class='ocrx_word' id='word_1_176' title='bbox 188 2562 300 2613; x_wconf 87' lang='lat' dir='ltr'>etc.</span> <span class='ocrx_word' id='word_1_177' title='bbox 335 2564 486 2612; x_wconf 76' lang='lat' dir='ltr'>Aut:</span> <span class='ocrx_word' id='word_1_178' title='bbox 522 2558 793 2613; x_wconf 85' lang='lat' dir='ltr'>Humano</span> <span class='ocrx_word' id='word_1_179' title='bbox 828 2575 993 2613; x_wconf 92' lang='lat' dir='ltr'>more</span> <span class='ocrx_word' id='word_1_180' title='bbox 1018 2558 1250 2630; x_wconf 89' lang='lat' dir='ltr'>loquor,</span> <span class='ocrx_word' id='word_1_181' title='bbox 1273 2559 1321 2615; x_wconf 90' lang='lat' dir='ltr'>si</span> <span class='ocrx_word' id='word_1_182' title='bbox 1345 2575 1452 2630; x_wconf 90' lang='lat' dir='ltr'>per</span> <span class='ocrx_word' id='word_1_183' title='bbox 1473 2555 1843 2631; x_wconf 77' lang='lat' dir='ltr'>hyperbaton</span> 
     </span>
    </p>
   </div>
   <div class='ocr_carea' id='block_1_28' title="bbox 186 2645 1841 2721">
    <p class='ocr_par' dir='ltr' id='par_1_28' title="bbox 186 2645 1841 2721">
     <span class='ocr_line' id='line_1_28' title="bbox 186 2645 1841 2721; baseline -0.001 -19"><span class='ocrx_word' id='word_1_184' title='bbox 186 2646 572 2721; x_wconf 79' lang='lat' dir='ltr'>intelligatur,</span> <span class='ocrx_word' id='word_1_185' title='bbox 608 2654 674 2703; x_wconf 92' lang='lat' dir='ltr'>ut</span> <span class='ocrx_word' id='word_1_186' title='bbox 702 2648 777 2704; x_wconf 89' lang='lat' dir='ltr'>ad</span> <span class='ocrx_word' id='word_1_187' title='bbox 812 2646 873 2703; x_wconf 91' lang='lat' dir='ltr'>id</span> <span class='ocrx_word' id='word_1_188' title='bbox 902 2648 1062 2718; x_wconf 92' lang='lat' dir='ltr'>quod</span> <span class='ocrx_word' id='word_1_189' title='bbox 1095 2647 1363 2718; x_wconf 83' lang='lat' dir='ltr'>sequitur</span> <span class='ocrx_word' id='word_1_190' title='bbox 1383 2648 1553 2719; x_wconf 86' lang='lat' dir='ltr'>jungi</span> <span class='ocrx_word' id='word_1_191' title='bbox 1587 2645 1841 2701; x_wconf 88' lang='lat' dir='ltr'>debeat:</span> 
     </span>
    </p>
   </div>
   <div class='ocr_carea' id='block_1_29' title="bbox 181 2734 1843 2807">
    <p class='ocr_par' dir='ltr' id='par_1_29' title="bbox 181 2734 1843 2807">
     <span class='ocr_line' id='line_1_29' title="bbox 181 2734 1843 2807; baseline -0.002 -14"><span class='ocrx_word' id='word_1_192' title='bbox 181 2737 266 2793; x_wconf 89' lang='lat' dir='ltr'>ita</span> <span class='ocrx_word' id='word_1_193' title='bbox 297 2753 457 2793; x_wconf 89' lang='lat' dir='ltr'>nunc</span> <span class='ocrx_word' id='word_1_194' title='bbox 489 2737 763 2794; x_wconf 82' lang='lat' dir='ltr'>exhibete</span> <span class='ocrx_word' id='word_1_195' title='bbox 788 2736 1058 2793; x_wconf 91' lang='lat' dir='ltr'>membra</span> <span class='ocrx_word' id='word_1_196' title='bbox 1082 2744 1277 2793; x_wconf 87' lang='lat' dir='ltr'>vestra</span> <span class='ocrx_word' id='word_1_197' title='bbox 1297 2734 1732 2807; x_wconf 65' lang='lat' dir='ltr'>:wrvientiaipsi</span> <span class='ocrx_word' id='word_1_198' title='bbox 1750 2736 1843 2807; x_wconf 81' lang='lat' dir='ltr'>ju-</span> 
     </span>
    </p>
   </div>
   <div class='ocr_carea' id='block_1_30' title="bbox 182 2826 1842 2899">
    <p class='ocr_par' dir='ltr' id='par_1_30' title="bbox 182 2826 1842 2899">
     <span class='ocr_line' id='line_1_30' title="bbox 182 2826 1842 2899; baseline -0.002 -16"><span class='ocrx_word' id='word_1_199' title='bbox 182 2827 359 2883; x_wconf 78' lang='lat' dir='ltr'>stitiau</span> <span class='ocrx_word' id='word_1_200' title='bbox 385 2827 459 2883; x_wconf 89' lang='lat' dir='ltr'>ad</span> <span class='ocrx_word' id='word_1_201' title='bbox 486 2827 1218 2893; x_wconf 81' lang='lat' dir='ltr'>sanctiﬁcationem.Quod</span> <span class='ocrx_word' id='word_1_202' title='bbox 1235 2827 1283 2883; x_wconf 91' lang='lat' dir='ltr'>si</span> <span class='ocrx_word' id='word_1_203' title='bbox 1307 2826 1390 2883; x_wconf 89' lang='lat' dir='ltr'>ita</span> <span class='ocrx_word' id='word_1_204' title='bbox 1406 2826 1842 2899; x_wconf 84' lang='lat' dir='ltr'>exponatur,si-</span> 
     </span>
    </p>
   </div>
   <div class='ocr_carea' id='block_1_31' title="bbox 182 2914 1841 2990">
    <p class='ocr_par' dir='ltr' id='par_1_31' title="bbox 182 2914 1841 2990">
     <span class='ocr_line' id='line_1_31' title="bbox 182 2914 1841 2990; baseline -0.001 -19"><span class='ocrx_word' id='word_1_205' title='bbox 182 2916 466 2990; x_wconf 77' lang='lat' dir='ltr'>gniﬁcare</span> <span class='ocrx_word' id='word_1_206' title='bbox 496 2924 730 2989; x_wconf 88' lang='lat' dir='ltr'>potest:</span> <span class='ocrx_word' id='word_1_207' title='bbox 768 2916 1055 2972; x_wconf 85' lang='lat' dir='ltr'>Mediocre</span> <span class='ocrx_word' id='word_1_208' title='bbox 1080 2915 1365 2989; x_wconf 91' lang='lat' dir='ltr'>quiddam</span> <span class='ocrx_word' id='word_1_209' title='bbox 1387 2915 1508 2971; x_wconf 83' lang='lat' dir='ltr'>dixi</span> <span class='ocrx_word' id='word_1_210' title='bbox 1531 2932 1600 2971; x_wconf 91' lang='lat' dir='ltr'>ac</span> <span class='ocrx_word' id='word_1_211' title='bbox 1620 2914 1841 2971; x_wconf 86' lang='lat' dir='ltr'>humile</span> 
     </span>
    </p>
   </div>
   <div class='ocr_carea' id='block_1_32' title="bbox 187 3005 1841 3079">
    <p class='ocr_par' dir='ltr' id='par_1_32' title="bbox 187 3005 1841 3079">
     <span class='ocr_line' id='line_1_32' title="bbox 187 3005 1841 3079; baseline 0 -18"><span class='ocrx_word' id='word_1_212' title='bbox 187 3023 322 3062; x_wconf 90' lang='lat' dir='ltr'>cum</span> <span class='ocrx_word' id='word_1_213' title='bbox 335 3007 461 3063; x_wconf 65' lang='lat' dir='ltr'>haec</span> <span class='ocrx_word' id='word_1_214' title='bbox 475 3006 758 3063; x_wconf 90' lang='lat' dir='ltr'>dicerem.</span> <span class='ocrx_word' id='word_1_215' title='bbox 793 3010 935 3064; x_wconf 88' lang='lat' dir='ltr'>Nam</span> <span class='ocrx_word' id='word_1_216' title='bbox 960 3007 1231 3064; x_wconf 87' lang='lat' dir='ltr'>absolute</span> <span class='ocrx_word' id='word_1_217' title='bbox 1246 3006 1499 3079; x_wconf 92' lang='lat' dir='ltr'>loquens</span> <span class='ocrx_word' id='word_1_218' title='bbox 1521 3005 1719 3062; x_wconf 91' lang='lat' dir='ltr'>dicere</span> <span class='ocrx_word' id='word_1_219' title='bbox 1742 3022 1841 3078; x_wconf 90' lang='lat' dir='ltr'>po-</span> 
     </span>
    </p>
   </div>
   <div class='ocr_carea' id='block_1_33' title="bbox 180 3095 1844 3167">
    <p class='ocr_par' dir='ltr' id='par_1_33' title="bbox 180 3095 1844 3167">
     <span class='ocr_line' id='line_1_33' title="bbox 180 3095 1844 3167; baseline 0.001 -17"><span class='ocrx_word' id='word_1_220' title='bbox 180 3096 430 3152; x_wconf 90' lang='lat' dir='ltr'>tuissem</span> <span class='ocrx_word' id='word_1_221' title='bbox 461 3114 473 3152; x_wconf 90' lang='lat'>:</span> <span class='ocrx_word' id='word_1_222' title='bbox 508 3097 794 3154; x_wconf 85' lang='lat' dir='ltr'>Exhibete</span> <span class='ocrx_word' id='word_1_223' title='bbox 826 3098 1095 3154; x_wconf 90' lang='lat' dir='ltr'>membra</span> <span class='ocrx_word' id='word_1_224' title='bbox 1126 3103 1321 3156; x_wconf 85' lang='lat' dir='ltr'>vestra</span> <span class='ocrx_word' id='word_1_225' title='bbox 1353 3096 1675 3153; x_wconf 80' lang='lat' dir='ltr'>servientia</span> <span class='ocrx_word' id='word_1_226' title='bbox 1729 3095 1844 3167; x_wconf 89' lang='lat' dir='ltr'>ipsi</span> 
     </span>
    </p>
   </div>
   <div class='ocr_carea' id='block_1_34' title="bbox 173 3184 1846 3260">
    <p class='ocr_par' dir='ltr' id='par_1_34' title="bbox 173 3184 1846 3260">
     <span class='ocr_line' id='line_1_34' title="bbox 173 3184 1846 3260; baseline 0.001 -18"><span class='ocrx_word' id='word_1_227' title='bbox 173 3185 450 3258; x_wconf 77' lang='lat' dir='ltr'>justitiaa,</span> <span class='ocrx_word' id='word_1_228' title='bbox 482 3202 601 3242; x_wconf 92' lang='lat' dir='ltr'>non</span> <span class='ocrx_word' id='word_1_229' title='bbox 634 3187 812 3243; x_wconf 84' lang='lat' dir='ltr'>veluti</span> <span class='ocrx_word' id='word_1_230' title='bbox 846 3188 960 3259; x_wconf 87' lang='lat' dir='ltr'>ipsi</span> <span class='ocrx_word' id='word_1_231' title='bbox 988 3195 1253 3260; x_wconf 80' lang='lat' dir='ltr'>peccato.</span> <span class='ocrx_word' id='word_1_232' title='bbox 1281 3186 1385 3243; x_wconf 91' lang='lat' dir='ltr'>sed</span> <span class='ocrx_word' id='word_1_233' title='bbox 1410 3186 1597 3243; x_wconf 91' lang='lat' dir='ltr'>multo</span> <span class='ocrx_word' id='word_1_234' title='bbox 1624 3184 1846 3243; x_wconf 89' lang='lat' dir='ltr'>studio-</span> 
     </span>
    </p>
   </div>
   <div class='ocr_carea' id='block_1_35' title="bbox 182 3273 1842 3349">
    <p class='ocr_par' dir='ltr' id='par_1_35' title="bbox 182 3273 1842 3349">
     <span class='ocr_line' id='line_1_35' title="bbox 182 3273 1842 3349; baseline -0.001 -19"><span class='ocrx_word' id='word_1_235' title='bbox 182 3276 327 3330; x_wconf 90' lang='lat' dir='ltr'>sius.</span> <span class='ocrx_word' id='word_1_236' title='bbox 364 3276 529 3331; x_wconf 82' lang='lat' dir='ltr'>Nunc</span> <span class='ocrx_word' id='word_1_237' title='bbox 546 3281 745 3332; x_wconf 80' lang='lat' dir='ltr'>autem</span> <span class='ocrx_word' id='word_1_238' title='bbox 770 3284 1011 3349; x_wconf 86' lang='lat' dir='ltr'>prepter</span> <span class='ocrx_word' id='word_1_239' title='bbox 1032 3282 1307 3335; x_wconf 88' lang='lat' dir='ltr'>veslram.</span> <span class='ocrx_word' id='word_1_240' title='bbox 1333 3276 1546 3347; x_wconf 88' lang='lat' dir='ltr'>inquit,</span> <span class='ocrx_word' id='word_1_241' title='bbox 1570 3273 1842 3331; x_wconf 91' lang='lat' dir='ltr'>imbecil-</span> 
     </span>
    </p>
   </div>
   <div class='ocr_carea' id='block_1_36' title="bbox 178 3365 1838 3439">
    <p class='ocr_par' dir='ltr' id='par_1_36' title="bbox 178 3365 1838 3439">
     <span class='ocr_line' id='line_1_36' title="bbox 178 3365 1838 3439; baseline -0.001 -17"><span class='ocrx_word' id='word_1_242' title='bbox 178 3365 432 3433; x_wconf 87' lang='lat' dir='ltr'>litatem,</span> <span class='ocrx_word' id='word_1_243' title='bbox 465 3368 547 3421; x_wconf 88' lang='lat' dir='ltr'>ita</span> <span class='ocrx_word' id='word_1_244' title='bbox 569 3367 848 3439; x_wconf 90' lang='lat' dir='ltr'>depresse</span> <span class='ocrx_word' id='word_1_245' title='bbox 872 3384 940 3423; x_wconf 91' lang='lat' dir='ltr'>ac</span> <span class='ocrx_word' id='word_1_246' title='bbox 965 3367 1231 3423; x_wconf 88' lang='lat' dir='ltr'>modeste</span> <span class='ocrx_word' id='word_1_247' title='bbox 1251 3367 1391 3423; x_wconf 86' lang='lat' dir='ltr'>dixi.</span> <span class='ocrx_word' id='word_1_248' title='bbox 1426 3366 1551 3432; x_wconf 85' lang='lat' dir='ltr'>Vel,</span> <span class='ocrx_word' id='word_1_249' title='bbox 1571 3366 1838 3422; x_wconf 86' lang='lat' dir='ltr'>Modera-</span> 
     </span>
    </p>
   </div>
   <div class='ocr_carea' id='block_1_37' title="bbox 178 3456 1840 3528">
    <p class='ocr_par' dir='ltr' id='par_1_37' title="bbox 178 3456 1840 3528">
     <span class='ocr_line' id='line_1_37' title="bbox 178 3456 1840 3528; baseline -0.001 -17"><span class='ocrx_word' id='word_1_250' title='bbox 178 3461 304 3511; x_wconf 89' lang='lat' dir='ltr'>tum</span> <span class='ocrx_word' id='word_1_251' title='bbox 330 3456 614 3527; x_wconf 87' lang='lat' dir='ltr'>quiddam</span> <span class='ocrx_word' id='word_1_252' title='bbox 649 3457 860 3526; x_wconf 91' lang='lat' dir='ltr'>loquor</span> <span class='ocrx_word' id='word_1_253' title='bbox 885 3473 953 3513; x_wconf 90' lang='lat' dir='ltr'>ac</span> <span class='ocrx_word' id='word_1_254' title='bbox 983 3456 1295 3528; x_wconf 88' lang='lat' dir='ltr'>pusillum,</span> <span class='ocrx_word' id='word_1_255' title='bbox 1322 3472 1518 3527; x_wconf 92' lang='lat' dir='ltr'>neque</span> <span class='ocrx_word' id='word_1_256' title='bbox 1535 3469 1840 3527; x_wconf 80' lang='lat' dir='ltr'>supergre-</span> 
     </span>
    </p>
   </div>
   <div class='ocr_carea' id='block_1_38' title="bbox 180 3544 1839 3611">
    <p class='ocr_par' dir='ltr' id='par_1_38' title="bbox 180 3544 1839 3611">
     <span class='ocr_line' id='line_1_38' title="bbox 180 3544 1839 3611; baseline 0 -11"><span class='ocrx_word' id='word_1_257' title='bbox 180 3544 354 3601; x_wconf 89' lang='lat' dir='ltr'>diens</span> <span class='ocrx_word' id='word_1_258' title='bbox 384 3551 613 3601; x_wconf 74' lang='lat' dir='ltr'>naturas</span> <span class='ocrx_word' id='word_1_259' title='bbox 644 3545 1139 3611; x_wconf 86' lang='lat' dir='ltr'>imbecillitatem.</span> <span class='ocrx_word' id='word_1_260' title='bbox 1202 3544 1679 3602; x_wconf 88' lang='lat' dir='ltr'>adhortationem</span> <span class='ocrx_word' id='word_1_261' title='bbox 1728 3560 1839 3600; x_wconf 90' lang='lat' dir='ltr'>na-</span> 
     </span>
    </p>
   </div>
   <div class='ocr_carea' id='block_1_39' title="bbox 175 3634 1839 3707">
    <p class='ocr_par' dir='ltr' id='par_1_39' title="bbox 175 3634 1839 3707">
     <span class='ocr_line' id='line_1_39' title="bbox 175 3634 1839 3707; baseline -0.001 -16"><span class='ocrx_word' id='word_1_262' title='bbox 175 3640 324 3691; x_wconf 75' lang='lat' dir='ltr'>tura)</span> <span class='ocrx_word' id='word_1_263' title='bbox 356 3640 725 3707; x_wconf 89' lang='lat' dir='ltr'>attempero:</span> <span class='ocrx_word' id='word_1_264' title='bbox 762 3637 899 3691; x_wconf 87' lang='lat' dir='ltr'>novi</span> <span class='ocrx_word' id='word_1_265' title='bbox 934 3636 1093 3692; x_wconf 91' lang='lat' dir='ltr'>enim</span> <span class='ocrx_word' id='word_1_266' title='bbox 1153 3637 1255 3707; x_wconf 92' lang='lat' dir='ltr'>qui</span> <span class='ocrx_word' id='word_1_267' title='bbox 1306 3635 1367 3691; x_wconf 92' lang='lat' dir='ltr'>in</span> <span class='ocrx_word' id='word_1_268' title='bbox 1418 3634 1657 3692; x_wconf 89' lang='lat' dir='ltr'>mortali</span> <span class='ocrx_word' id='word_1_269' title='bbox 1707 3650 1839 3690; x_wconf 91' lang='lat' dir='ltr'>cor-</span> 
     </span>
    </p>
   </div>
   <div class='ocr_carea' id='block_1_40' title="bbox 180 3725 1837 3797">
    <p class='ocr_par' dir='ltr' id='par_1_40' title="bbox 180 3725 1837 3797">
     <span class='ocr_line' id='line_1_40' title="bbox 180 3725 1837 3797; baseline 0.001 -18"><span class='ocrx_word' id='word_1_270' title='bbox 180 3740 324 3797; x_wconf 89' lang='lat' dir='ltr'>pore</span> <span class='ocrx_word' id='word_1_271' title='bbox 356 3732 705 3780; x_wconf 84' lang='lat' dir='ltr'>moveantur</span> <span class='ocrx_word' id='word_1_272' title='bbox 752 3726 1002 3781; x_wconf 80' lang='lat' dir='ltr'>afl‘ectus</span> <span class='ocrx_word' id='word_1_273' title='bbox 1076 3748 1103 3775; x_wconf 85' lang='grc'>‹‹</span> <span class='ocrx_word' id='word_1_274' title='bbox 1137 3725 1345 3781; x_wconf 88' lang='lat' dir='ltr'>Carnis</span> <span class='ocrx_word' id='word_1_275' title='bbox 1387 3730 1617 3781; x_wconf 81' lang='lat' dir='ltr'>vestrm.</span> <span class='ocrx_word' id='word_1_276' title='bbox 1646 3744 1672 3777; x_wconf 76' lang='grc' dir='ltr'>ιι</span> <span class='ocrx_word' id='word_1_277' title='bbox 1710 3726 1837 3780; x_wconf 91' lang='lat' dir='ltr'>Non</span> 
     </span>
    </p>
   </div>
   <div class='ocr_carea' id='block_1_41' title="bbox 184 3812 1836 3887">
    <p class='ocr_par' dir='ltr' id='par_1_41' title="bbox 184 3812 1836 3887">
     <span class='ocr_line' id='line_1_41' title="bbox 184 3812 1836 3887; baseline 0.001 -19"><span class='ocrx_word' id='word_1_278' title='bbox 184 3813 353 3880; x_wconf 81' lang='lat' dir='ltr'>dixit,</span> <span class='ocrx_word' id='word_1_279' title='bbox 391 3812 722 3870; x_wconf 88' lang='lat' dir='ltr'>Voluntatis</span> <span class='ocrx_word' id='word_1_280' title='bbox 751 3820 855 3870; x_wconf 90' lang='lat' dir='ltr'>aut</span> <span class='ocrx_word' id='word_1_281' title='bbox 874 3815 1290 3887; x_wconf 76' lang='lat' dir='ltr'>concupiscent</span> <span class='ocrx_word' id='word_1_282' title='bbox 1306 3816 1393 3873; x_wconf 72' lang='lat' dir='ltr'>izr.</span> <span class='ocrx_word' id='word_1_283' title='bbox 1412 3813 1572 3887; x_wconf 90' lang='lat' dir='ltr'>quod</span> <span class='ocrx_word' id='word_1_284' title='bbox 1592 3814 1836 3870; x_wconf 87' lang='lat' dir='ltr'>illorum</span> 
     </span>
    </p>
   </div>
   <div class='ocr_carea' id='block_1_42' title="bbox 181 3901 1836 3975">
    <p class='ocr_par' dir='ltr' id='par_1_42' title="bbox 181 3901 1836 3975">
     <span class='ocr_line' id='line_1_42' title="bbox 181 3901 1836 3975; baseline -0.001 -15"><span class='ocrx_word' id='word_1_285' title='bbox 181 3903 559 3975; x_wconf 86' lang='lat' dir='ltr'>iniquitatem</span> <span class='ocrx_word' id='word_1_286' title='bbox 594 3904 973 3967; x_wconf 81' lang='lat' dir='ltr'>ostendisset,</span> <span class='ocrx_word' id='word_1_287' title='bbox 1010 3905 1113 3960; x_wconf 89' lang='lat' dir='ltr'>sed</span> <span class='ocrx_word' id='word_1_288' title='bbox 1144 3927 1173 3955; x_wconf 85' lang='lat'><strong>«</strong></span> <span class='ocrx_word' id='word_1_289' title='bbox 1207 3905 1413 3961; x_wconf 87' lang='lat' dir='ltr'>Carnis</span> <span class='ocrx_word' id='word_1_290' title='bbox 1448 3926 1472 3954; x_wconf 79' lang='grc' dir='ltr'>ν</span> <span class='ocrx_word' id='word_1_291' title='bbox 1512 3903 1615 3969; x_wconf 89' lang='lat' dir='ltr'>ait,</span> <span class='ocrx_word' id='word_1_292' title='bbox 1677 3901 1836 3975; x_wconf 92' lang='lat' dir='ltr'>quod</span> 
     </span>
    </p>
   </div>
   <div class='ocr_carea' id='block_1_43' title="bbox 192 3992 1838 4066">
    <p class='ocr_par' dir='ltr' id='par_1_43' title="bbox 192 3992 1838 4066">
     <span class='ocr_line' id='line_1_43' title="bbox 192 3992 1838 4066; baseline 0.001 -19"><span class='ocrx_word' id='word_1_293' title='bbox 192 4000 410 4066; x_wconf 66' lang='lat' dir='ltr'>praeter</span> <span class='ocrx_word' id='word_1_294' title='bbox 432 3996 691 4049; x_wconf 87' lang='lat' dir='ltr'>mentem</span> <span class='ocrx_word' id='word_1_295' title='bbox 719 3993 959 4049; x_wconf 88' lang='lat' dir='ltr'>illorum</span> <span class='ocrx_word' id='word_1_296' title='bbox 984 3994 1182 4050; x_wconf 82' lang='lat' dir='ltr'>flebat.</span> <span class='ocrx_word' id='word_1_297' title='bbox 1207 3994 1325 4051; x_wconf 87' lang='lat' dir='ltr'>Hoc</span> <span class='ocrx_word' id='word_1_298' title='bbox 1341 3999 1537 4050; x_wconf 92' lang='lat' dir='ltr'>autem</span> <span class='ocrx_word' id='word_1_299' title='bbox 1556 3992 1838 4049; x_wconf 78' lang='lat' dir='ltr'>dicitefﬁ-</span> 
     </span>
    </p>
   </div>
   <div class='ocr_carea' id='block_1_44' title="bbox 181 4081 1835 4154">
    <p class='ocr_par' dir='ltr' id='par_1_44' title="bbox 181 4081 1835 4154">
     <span class='ocr_line' id='line_1_44' title="bbox 181 4081 1835 4154; baseline 0 -16"><span class='ocrx_word' id='word_1_300' title='bbox 181 4083 344 4138; x_wconf 84' lang='lat' dir='ltr'>ciens</span> <span class='ocrx_word' id='word_1_301' title='bbox 376 4096 450 4137; x_wconf 92' lang='lat' dir='ltr'>ne</span> <span class='ocrx_word' id='word_1_302' title='bbox 482 4098 678 4139; x_wconf 89' lang='lat' dir='ltr'>sermo</span> <span class='ocrx_word' id='word_1_303' title='bbox 712 4083 859 4138; x_wconf 91' lang='lat' dir='ltr'>dure</span> <span class='ocrx_word' id='word_1_304' title='bbox 884 4082 1229 4154; x_wconf 86' lang='lat' dir='ltr'>accipiatur.</span> <span class='ocrx_word' id='word_1_305' title='bbox 1265 4106 1293 4132; x_wconf 88' lang='grc'>‹‹</span> <span class='ocrx_word' id='word_1_306' title='bbox 1330 4083 1492 4139; x_wconf 89' lang='lat' dir='ltr'>Sicut</span> <span class='ocrx_word' id='word_1_307' title='bbox 1537 4081 1699 4138; x_wconf 90' lang='lat' dir='ltr'>enim</span> <span class='ocrx_word' id='word_1_308' title='bbox 1733 4099 1835 4138; x_wconf 81' lang='lat' dir='ltr'>ex-</span> 
     </span>
    </p>
   </div>
   <div class='ocr_carea' id='block_1_45' title="bbox 179 4169 1832 4244">
    <p class='ocr_par' dir='ltr' id='par_1_45' title="bbox 179 4169 1832 4244">
     <span class='ocr_line' id='line_1_45' title="bbox 179 4169 1832 4244; baseline -0.001 -17"><span class='ocrx_word' id='word_1_309' title='bbox 179 4170 479 4227; x_wconf 86' lang='lat' dir='ltr'>hibuistis.</span> <span class='ocrx_word' id='word_1_310' title='bbox 508 4191 536 4219; x_wconf 85' lang='lat'><strong>»</strong></span> <span class='ocrx_word' id='word_1_311' title='bbox 564 4170 746 4225; x_wconf 86' lang='lat' dir='ltr'>Multo</span> <span class='ocrx_word' id='word_1_312' title='bbox 774 4173 1060 4241; x_wconf 78' lang='lat' dir='ltr'>majorem</span> <span class='ocrx_word' id='word_1_313' title='bbox 1079 4171 1391 4244; x_wconf 88' lang='lat' dir='ltr'>oportebat</span> <span class='ocrx_word' id='word_1_314' title='bbox 1406 4169 1686 4227; x_wconf 84' lang='lat' dir='ltr'>exhibere</span> <span class='ocrx_word' id='word_1_315' title='bbox 1710 4187 1832 4227; x_wconf 82' lang='lat' dir='ltr'>ser-</span> 
     </span>
    </p>
   </div>
   <div class='ocr_carea' id='block_1_46' title="bbox 176 4259 1833 4332">
    <p class='ocr_par' dir='ltr' id='par_1_46' title="bbox 176 4259 1833 4332">
     <span class='ocr_line' id='line_1_46' title="bbox 176 4259 1833 4332; baseline 0 -17"><span class='ocrx_word' id='word_1_316' title='bbox 176 4262 421 4315; x_wconf 84' lang='lat' dir='ltr'>vitutem</span> <span class='ocrx_word' id='word_1_317' title='bbox 444 4259 672 4314; x_wconf 75' lang='lat' dir='ltr'>Christo</span> <span class='ocrx_word' id='word_1_318' title='bbox 693 4259 845 4315; x_wconf 76' lang='lat'>283</span> <span class='ocrx_word' id='word_1_319' title='bbox 867 4277 934 4315; x_wconf 91' lang='lat' dir='ltr'>ac</span> <span class='ocrx_word' id='word_1_320' title='bbox 952 4261 1202 4332; x_wconf 78' lang='lat' dir='ltr'>justitiae</span> <span class='ocrx_word' id='word_1_321' title='bbox 1235 4277 1415 4332; x_wconf 90' lang='lat' dir='ltr'>quam</span> <span class='ocrx_word' id='word_1_322' title='bbox 1446 4259 1833 4316; x_wconf 85' lang='lat' dir='ltr'>exhibueritis</span> 
     </span>
    </p>
   </div>
   <div class='ocr_carea' id='block_1_47' title="bbox 179 4347 1832 4422">
    <p class='ocr_par' dir='ltr' id='par_1_47' title="bbox 179 4347 1832 4422">
     <span class='ocr_line' id='line_1_47' title="bbox 179 4347 1832 4422; baseline 0.001 -17"><span class='ocrx_word' id='word_1_323' title='bbox 179 4347 578 4405; x_wconf 74' lang='lat' dir='ltr'>immunditiaa</span> <span class='ocrx_word' id='word_1_324' title='bbox 611 4355 669 4403; x_wconf 93' lang='lat' dir='ltr'>et</span> <span class='ocrx_word' id='word_1_325' title='bbox 700 4348 999 4420; x_wconf 83' lang='lat' dir='ltr'>iniquitati</span> <span class='ocrx_word' id='word_1_326' title='bbox 1033 4350 1107 4406; x_wconf 94' lang='lat' dir='ltr'>ad</span> <span class='ocrx_word' id='word_1_327' title='bbox 1158 4349 1539 4422; x_wconf 89' lang='lat' dir='ltr'>iniquitatem</span> <span class='ocrx_word' id='word_1_328' title='bbox 1571 4366 1584 4404; x_wconf 94' lang='lat'>:</span> <span class='ocrx_word' id='word_1_329' title='bbox 1630 4356 1832 4408; x_wconf 88' lang='lat' dir='ltr'>tamen</span> 
     </span>
    </p>
   </div>
   <div class='ocr_carea' id='block_1_48' title="bbox 161 4431 1831 4513">
    <p class='ocr_par' dir='ltr' id='par_1_48' title="bbox 161 4431 1831 4513">
     <span class='ocr_line' id='line_1_48' title="bbox 161 4431 1831 4513; baseline 0.003 -22"><span class='ocrx_word' id='word_1_330' title='bbox 161 4431 425 4513; x_wconf 56' lang='lat' dir='ltr'>&#39;prOpter</span> <span class='ocrx_word' id='word_1_331' title='bbox 455 4436 652 4491; x_wconf 89' lang='lat' dir='ltr'>carnis</span> <span class='ocrx_word' id='word_1_332' title='bbox 678 4436 1151 4493; x_wconf 87' lang='lat' dir='ltr'>imbecillitatem</span> <span class='ocrx_word' id='word_1_333' title='bbox 1192 4438 1383 4493; x_wconf 89' lang='lat' dir='ltr'>solum</span> <span class='ocrx_word' id='word_1_334' title='bbox 1415 4438 1707 4510; x_wconf 74' lang='lat' dir='ltr'>mqualem</span> <span class='ocrx_word' id='word_1_335' title='bbox 1738 4457 1831 4496; x_wconf 84' lang='lat' dir='ltr'>re-</span> 
     </span>
    </p>
   </div>
   <div class='ocr_carea' id='block_1_49' title="bbox 183 4524 1832 4600">
    <p class='ocr_par' dir='ltr' id='par_1_49' title="bbox 183 4524 1832 4600">
     <span class='ocr_line' id='line_1_49' title="bbox 183 4524 1832 4600; baseline 0.003 -18"><span class='ocrx_word' id='word_1_336' title='bbox 183 4533 341 4600; x_wconf 89' lang='lat' dir='ltr'>peto.</span> <span class='ocrx_word' id='word_1_337' title='bbox 379 4524 565 4598; x_wconf 89' lang='lat' dir='ltr'>(Quod</span> <span class='ocrx_word' id='word_1_338' title='bbox 596 4531 793 4580; x_wconf 89' lang='lat' dir='ltr'>autem</span> <span class='ocrx_word' id='word_1_339' title='bbox 828 4525 1011 4582; x_wconf 86' lang='lat' dir='ltr'>dicit:</span> <span class='ocrx_word' id='word_1_340' title='bbox 1047 4549 1074 4577; x_wconf 85' lang='grc'>‹‹</span> <span class='ocrx_word' id='word_1_341' title='bbox 1107 4527 1195 4583; x_wconf 85' lang='lat' dir='ltr'>Ad</span> <span class='ocrx_word' id='word_1_342' title='bbox 1225 4528 1623 4600; x_wconf 87' lang='lat' dir='ltr'>iniquitatem,</span> <span class='ocrx_word' id='word_1_343' title='bbox 1658 4551 1686 4579; x_wconf 82' lang='lat'><strong>»</strong></span> <span class='ocrx_word' id='word_1_344' title='bbox 1721 4528 1832 4586; x_wconf 89' lang='lat' dir='ltr'>hoc</span> 
     </span>
    </p>
   </div>
   <div class='ocr_carea' id='block_1_50' title="bbox 184 4613 1830 4687">
    <p class='ocr_par' dir='ltr' id='par_1_50' title="bbox 184 4613 1830 4687">
     <span class='ocr_line' id='line_1_50' title="bbox 184 4613 1830 4687; baseline 0.001 -14"><span class='ocrx_word' id='word_1_345' title='bbox 184 4621 291 4675; x_wconf 81' lang='lat' dir='ltr'>est.</span> <span class='ocrx_word' id='word_1_346' title='bbox 326 4613 401 4671; x_wconf 92' lang='lat' dir='ltr'>ad</span> <span class='ocrx_word' id='word_1_347' title='bbox 431 4614 691 4686; x_wconf 89' lang='lat' dir='ltr'>amplius</span> <span class='ocrx_word' id='word_1_348' title='bbox 725 4615 1111 4687; x_wconf 89' lang='lat' dir='ltr'>peccandum.</span> <span class='ocrx_word' id='word_1_349' title='bbox 1147 4617 1323 4682; x_wconf 88' lang='lat' dir='ltr'>Quasi</span> <span class='ocrx_word' id='word_1_350' title='bbox 1355 4617 1830 4675; x_wconf 81' lang='lat' dir='ltr'>diceretzEtiam</span> 
     </span>
    </p>
   </div>
   <div class='ocr_carea' id='block_1_51' title="bbox 179 4704 1764 4783">
    <p class='ocr_par' dir='ltr' id='par_1_51' title="bbox 179 4704 1764 4783">
     <span class='ocr_line' id='line_1_51' title="bbox 179 4704 1764 4783; baseline -0.001 -18"><span class='ocrx_word' id='word_1_351' title='bbox 179 4704 722 4765; x_wconf 87' lang='lat' dir='ltr'>inﬂammabamiui</span> <span class='ocrx_word' id='word_1_352' title='bbox 756 4710 820 4762; x_wconf 91' lang='lat' dir='ltr'>ut</span> <span class='ocrx_word' id='word_1_353' title='bbox 851 4706 1038 4781; x_wconf 88' lang='lat' dir='ltr'>magis</span> <span class='ocrx_word' id='word_1_354' title='bbox 1068 4722 1136 4763; x_wconf 90' lang='lat' dir='ltr'>ac</span> <span class='ocrx_word' id='word_1_355' title='bbox 1165 4706 1354 4779; x_wconf 78' lang='lat' dir='ltr'>magis</span> <span class='ocrx_word' id='word_1_356' title='bbox 1391 4708 1764 4783; x_wconf 89' lang='lat' dir='ltr'>peccaretis.)</span> 
     </span>
    </p>
   </div>
   <div class='ocr_carea' id='block_1_52' title="bbox 252 4881 1836 4963">
    <p class='ocr_par' dir='ltr' id='par_1_52' title="bbox 252 4881 1836 4963">
     <span class='ocr_line' id='line_1_52' title="bbox 252 4881 1836 4963; baseline 0.008 -28"><span class='ocrx_word' id='word_1_357' title='bbox 252 4899 283 4929; x_wconf 81' lang='grc' dir='ltr'>ιι</span> <span class='ocrx_word' id='word_1_358' title='bbox 311 4881 454 4939; x_wconf 90' lang='lat' dir='ltr'>Cum</span> <span class='ocrx_word' id='word_1_359' title='bbox 487 4886 649 4941; x_wconf 88' lang='lat' dir='ltr'>enim</span> <span class='ocrx_word' id='word_1_360' title='bbox 673 4886 822 4941; x_wconf 90' lang='lat' dir='ltr'>servi</span> <span class='ocrx_word' id='word_1_361' title='bbox 854 4885 1063 4941; x_wconf 80' lang='lat' dir='ltr'>essetis</span> <span class='ocrx_word' id='word_1_362' title='bbox 1092 4888 1341 4959; x_wconf 90' lang='lat' dir='ltr'>peccati.</span> <span class='ocrx_word' id='word_1_363' title='bbox 1373 4912 1393 4937; x_wconf 73' lang='grc' dir='ltr'>ι</span> <span class='ocrx_word' id='word_1_364' title='bbox 1430 4889 1573 4947; x_wconf 89' lang='lat' dir='ltr'>Cum</span> <span class='ocrx_word' id='word_1_365' title='bbox 1605 4892 1667 4947; x_wconf 91' lang='lat' dir='ltr'>in</span> <span class='ocrx_word' id='word_1_366' title='bbox 1697 4907 1836 4963; x_wconf 89' lang='lat' dir='ltr'>pec-</span> 
     </span>
    </p>
   </div>
   <div class='ocr_carea' id='block_1_53' title="bbox 187 4972 1840 5050">
    <p class='ocr_par' dir='ltr' id='par_1_53' title="bbox 187 4972 1840 5050">
     <span class='ocr_line' id='line_1_53' title="bbox 187 4972 1840 5050; baseline 0.008 -27"><span class='ocrx_word' id='word_1_367' title='bbox 187 4974 315 5024; x_wconf 91' lang='lat' dir='ltr'>cato</span> <span class='ocrx_word' id='word_1_368' title='bbox 347 4972 649 5037; x_wconf 86' lang='lat' dir='ltr'>vivebatis,</span> <span class='ocrx_word' id='word_1_369' title='bbox 685 4974 794 5030; x_wconf 87' lang='lat' dir='ltr'>soli</span> <span class='ocrx_word' id='word_1_370' title='bbox 828 4981 1069 5047; x_wconf 90' lang='lat' dir='ltr'>peccato</span> <span class='ocrx_word' id='word_1_371' title='bbox 1101 4976 1622 5050; x_wconf 88' lang='lat' dir='ltr'>obtemperabatis,</span> <span class='ocrx_word' id='word_1_372' title='bbox 1658 4980 1743 5036; x_wconf 89' lang='lat' dir='ltr'>sic</span> <span class='ocrx_word' id='word_1_373' title='bbox 1773 4985 1840 5036; x_wconf 90' lang='lat' dir='ltr'>ut</span> 
     </span>
    </p>
   </div>
   <div class='ocr_carea' id='block_1_54' title="bbox 186 5058 1832 5141">
    <p class='ocr_par' dir='ltr' id='par_1_54' title="bbox 186 5058 1832 5141">
     <span class='ocr_line' id='line_1_54' title="bbox 186 5058 1832 5141; baseline 0.007 -29"><span class='ocrx_word' id='word_1_374' title='bbox 186 5058 342 5114; x_wconf 89' lang='lat' dir='ltr'>nihil</span> <span class='ocrx_word' id='word_1_375' title='bbox 372 5062 616 5117; x_wconf 88' lang='lat' dir='ltr'>omnino</span> <span class='ocrx_word' id='word_1_376' title='bbox 648 5062 791 5119; x_wconf 89' lang='lat' dir='ltr'>boni</span> <span class='ocrx_word' id='word_1_377' title='bbox 824 5064 1110 5138; x_wconf 84' lang='lat' dir='ltr'>ageretis;</span> <span class='ocrx_word' id='word_1_378' title='bbox 1144 5065 1257 5122; x_wconf 89' lang='lat' dir='ltr'>hoc</span> <span class='ocrx_word' id='word_1_379' title='bbox 1288 5067 1447 5123; x_wconf 91' lang='lat' dir='ltr'>enim</span> <span class='ocrx_word' id='word_1_380' title='bbox 1500 5068 1832 5141; x_wconf 78' lang='lat' dir='ltr'>signiﬁcat:</span> 
     </span>
    </p>
   </div>
   <div class='ocr_carea' id='block_1_55' title="bbox 187 5146 1837 5223">
    <p class='ocr_par' dir='ltr' id='par_1_55' title="bbox 187 5146 1837 5223">
     <span class='ocr_line' id='line_1_55' title="bbox 187 5146 1837 5223; baseline 0.007 -22"><span class='ocrx_word' id='word_1_381' title='bbox 187 5146 380 5203; x_wconf 91' lang='lat' dir='ltr'>Liberi</span> <span class='ocrx_word' id='word_1_382' title='bbox 412 5150 591 5206; x_wconf 90' lang='lat' dir='ltr'>eratis</span> <span class='ocrx_word' id='word_1_383' title='bbox 620 5152 732 5223; x_wconf 90' lang='lat' dir='ltr'>ipsi</span> <span class='ocrx_word' id='word_1_384' title='bbox 757 5153 1029 5223; x_wconf 70' lang='lat' dir='ltr'>justitize,</span> <span class='ocrx_word' id='word_1_385' title='bbox 1064 5155 1175 5211; x_wconf 92' lang='lat' dir='ltr'>hoc</span> <span class='ocrx_word' id='word_1_386' title='bbox 1220 5163 1329 5223; x_wconf 87' lang='lat' dir='ltr'>est,</span> <span class='ocrx_word' id='word_1_387' title='bbox 1362 5157 1425 5213; x_wconf 91' lang='lat' dir='ltr'>in</span> <span class='ocrx_word' id='word_1_388' title='bbox 1456 5156 1837 5214; x_wconf 77' lang='lat' dir='ltr'>nullo‘eratis</span> 
     </span>
    </p>
   </div>
   <div class='ocr_carea' id='block_1_56' title="bbox 185 5238 1837 5319">
    <p class='ocr_par' dir='ltr' id='par_1_56' title="bbox 185 5238 1837 5319">
     <span class='ocr_line' id='line_1_56' title="bbox 185 5238 1837 5319; baseline 0.008 -27"><span class='ocrx_word' id='word_1_389' title='bbox 185 5238 301 5309; x_wconf 90' lang='lat' dir='ltr'>ipsi</span> <span class='ocrx_word' id='word_1_390' title='bbox 328 5238 600 5311; x_wconf 83' lang='lat' dir='ltr'>subjecti,</span> <span class='ocrx_word' id='word_1_391' title='bbox 617 5247 677 5296; x_wconf 92' lang='lat' dir='ltr'>et</span> <span class='ocrx_word' id='word_1_392' title='bbox 693 5258 852 5297; x_wconf 90' lang='lat' dir='ltr'>nunc</span> <span class='ocrx_word' id='word_1_393' title='bbox 882 5243 1082 5316; x_wconf 89' lang='lat' dir='ltr'>itaque</span> <span class='ocrx_word' id='word_1_394' title='bbox 1102 5262 1233 5301; x_wconf 91' lang='lat' dir='ltr'>cum</span> <span class='ocrx_word' id='word_1_395' title='bbox 1252 5246 1628 5319; x_wconf 87' lang='lat' dir='ltr'>adjustitiam</span> <span class='ocrx_word' id='word_1_396' title='bbox 1646 5253 1837 5304; x_wconf 89' lang='lat' dir='ltr'>trans-</span> 
     </span>
    </p>
   </div>
   <div class='ocr_carea' id='block_1_57' title="bbox 184 5329 1837 5409">
    <p class='ocr_par' dir='ltr' id='par_1_57' title="bbox 184 5329 1837 5409">
     <span class='ocr_line' id='line_1_57' title="bbox 184 5329 1837 5409; baseline 0.008 -25"><span class='ocrx_word' id='word_1_397' title='bbox 184 5329 597 5400; x_wconf 81' lang='lat' dir='ltr'>migraveritis,</span> <span class='ocrx_word' id='word_1_398' title='bbox 627 5330 799 5388; x_wconf 88' lang='lat' dir='ltr'>liberi</span> <span class='ocrx_word' id='word_1_399' title='bbox 831 5332 968 5389; x_wconf 81' lang='lat' dir='ltr'>facti</span> <span class='ocrx_word' id='word_1_400' title='bbox 1026 5335 1169 5390; x_wconf 91' lang='lat' dir='ltr'>estis</span> <span class='ocrx_word' id='word_1_401' title='bbox 1199 5352 1234 5392; x_wconf 93' lang='lat' dir='ltr'>a</span> <span class='ocrx_word' id='word_1_402' title='bbox 1264 5343 1528 5409; x_wconf 89' lang='lat' dir='ltr'>peccato.</span> <span class='ocrx_word' id='word_1_403' title='bbox 1580 5340 1725 5396; x_wconf 89' lang='lat' dir='ltr'>Nam</span> <span class='ocrx_word' id='word_1_404' title='bbox 1774 5341 1837 5398; x_wconf 92' lang='lat' dir='ltr'>id</span> 
     </span>
    </p>
   </div>
   <div class='ocr_carea' id='block_1_58' title="bbox 184 5418 1838 5498">
    <p class='ocr_par' dir='ltr' id='par_1_58' title="bbox 184 5418 1838 5498">
     <span class='ocr_line' id='line_1_58' title="bbox 184 5418 1838 5498; baseline 0.007 -23"><span class='ocrx_word' id='word_1_405' title='bbox 184 5418 662 5476; x_wconf 89' lang='lat' dir='ltr'>subaudiendum</span> <span class='ocrx_word' id='word_1_406' title='bbox 695 5422 917 5494; x_wconf 84' lang='lat' dir='ltr'>expetit</span> <span class='ocrx_word' id='word_1_407' title='bbox 939 5424 1330 5495; x_wconf 60' lang='lat' dir='ltr'>praecedentis</span> <span class='ocrx_word' id='word_1_408' title='bbox 1342 5427 1649 5498; x_wconf 74' lang='lat' dir='ltr'>particula:</span> <span class='ocrx_word' id='word_1_409' title='bbox 1667 5430 1838 5486; x_wconf 88' lang='lat' dir='ltr'>intel-</span> 
     </span>
    </p>
   </div>
   <div class='ocr_carea' id='block_1_59' title="bbox 182 5508 1835 5586">
    <p class='ocr_par' dir='ltr' id='par_1_59' title="bbox 182 5508 1835 5586">
     <span class='ocr_line' id='line_1_59' title="bbox 182 5508 1835 5586; baseline 0.008 -23"><span class='ocrx_word' id='word_1_410' title='bbox 182 5508 393 5565; x_wconf 90' lang='lat' dir='ltr'>lectus.</span> <span class='ocrx_word' id='word_1_411' title='bbox 431 5531 457 5558; x_wconf 87' lang='grc'><em>‹‹</em></span> <span class='ocrx_word' id='word_1_412' title='bbox 488 5510 673 5574; x_wconf 90' lang='lat' dir='ltr'>Quem</span> <span class='ocrx_word' id='word_1_413' title='bbox 716 5511 895 5585; x_wconf 89' lang='lat' dir='ltr'>igitur</span> <span class='ocrx_word' id='word_1_414' title='bbox 926 5513 1182 5570; x_wconf 87' lang='lat' dir='ltr'>fructum</span> <span class='ocrx_word' id='word_1_415' title='bbox 1214 5514 1524 5572; x_wconf 85' lang='lat' dir='ltr'>habebatis</span> <span class='ocrx_word' id='word_1_416' title='bbox 1564 5518 1592 5574; x_wconf 86' lang='lat'><strong>?</strong></span> <span class='ocrx_word' id='word_1_417' title='bbox 1623 5541 1651 5570; x_wconf 87' lang='grc'>››</span> <span class='ocrx_word' id='word_1_418' title='bbox 1697 5520 1835 5586; x_wconf 78' lang='lat' dir='ltr'>Qum</span> 
     </span>
    </p>
   </div>
   <div class='ocr_carea' id='block_1_60' title="bbox 186 5597 1837 5671">
    <p class='ocr_par' dir='ltr' id='par_1_60' title="bbox 186 5597 1837 5671">
     <span class='ocr_line' id='line_1_60' title="bbox 186 5597 1837 5671; baseline 0.008 -19"><span class='ocrx_word' id='word_1_419' title='bbox 186 5598 371 5663; x_wconf 85' lang='lat' dir='ltr'>vobis,</span> <span class='ocrx_word' id='word_1_420' title='bbox 407 5597 621 5671; x_wconf 85' lang='lat' dir='ltr'>inquit,</span> <span class='ocrx_word' id='word_1_421' title='bbox 676 5607 802 5656; x_wconf 87' lang='lat' dir='ltr'>erat</span> <span class='ocrx_word' id='word_1_422' title='bbox 833 5601 1060 5658; x_wconf 89' lang='lat' dir='ltr'>utilitas</span> <span class='ocrx_word' id='word_1_423' title='bbox 1100 5605 1313 5660; x_wconf 86' lang='lat' dir='ltr'>veteris</span> <span class='ocrx_word' id='word_1_424' title='bbox 1346 5606 1587 5663; x_wconf 68' lang='lat' dir='ltr'>malitiae</span> <span class='ocrx_word' id='word_1_425' title='bbox 1608 5607 1636 5664; x_wconf 73' lang='lat'><strong>7</strong></span> <span class='ocrx_word' id='word_1_426' title='bbox 1664 5610 1837 5666; x_wconf 84' lang='lat' dir='ltr'>Nulla</span> 
     </span>
    </p>
   </div>
   <div class='ocr_carea' id='block_1_61' title="bbox 189 5687 1833 5767">
    <p class='ocr_par' dir='ltr' id='par_1_61' title="bbox 189 5687 1833 5767">
     <span class='ocr_line' id='line_1_61' title="bbox 189 5687 1833 5767; baseline 0.008 -24"><span class='ocrx_word' id='word_1_427' title='bbox 189 5687 335 5743; x_wconf 91' lang='lat' dir='ltr'>adeo</span> <span class='ocrx_word' id='word_1_428' title='bbox 366 5693 431 5743; x_wconf 90' lang='lat' dir='ltr'>ut</span> <span class='ocrx_word' id='word_1_429' title='bbox 459 5704 559 5744; x_wconf 87' lang='lat' dir='ltr'>vos</span> <span class='ocrx_word' id='word_1_430' title='bbox 590 5687 769 5746; x_wconf 91' lang='lat' dir='ltr'>etiam</span> <span class='ocrx_word' id='word_1_431' title='bbox 799 5689 963 5748; x_wconf 91' lang='lat' dir='ltr'>illius</span> <span class='ocrx_word' id='word_1_432' title='bbox 1010 5692 1272 5764; x_wconf 85' lang='lat' dir='ltr'>pudeat;</span> <span class='ocrx_word' id='word_1_433' title='bbox 1322 5701 1631 5767; x_wconf 90' lang='lat' dir='ltr'>peccatum</span> <span class='ocrx_word' id='word_1_434' title='bbox 1674 5700 1833 5756; x_wconf 93' lang='lat' dir='ltr'>enim</span> 
     </span>
    </p>
   </div>
   <div class='ocr_carea' id='block_1_62' title="bbox 190 5777 1836 5864">
    <p class='ocr_par' dir='ltr' id='par_1_62' title="bbox 190 5777 1836 5864">
     <span class='ocr_line' id='line_1_62' title="bbox 190 5777 1836 5864; baseline 0.01 -30"><span class='ocrx_word' id='word_1_435' title='bbox 190 5792 285 5834; x_wconf 83' lang='lat' dir='ltr'>res</span> <span class='ocrx_word' id='word_1_436' title='bbox 317 5782 406 5834; x_wconf 84' lang='lat' dir='ltr'>est</span> <span class='ocrx_word' id='word_1_437' title='bbox 435 5777 579 5837; x_wconf 87' lang='lat' dir='ltr'>adeo</span> <span class='ocrx_word' id='word_1_438' title='bbox 606 5779 788 5852; x_wconf 87' lang='lat' dir='ltr'>mala,</span> <span class='ocrx_word' id='word_1_439' title='bbox 819 5787 884 5837; x_wconf 88' lang='lat' dir='ltr'>ut</span> <span class='ocrx_word' id='word_1_440' title='bbox 912 5780 1014 5839; x_wconf 88' lang='lat' dir='ltr'>ubi</span> <span class='ocrx_word' id='word_1_441' title='bbox 1046 5782 1179 5856; x_wconf 86' lang='lat' dir='ltr'>quis</span> <span class='ocrx_word' id='word_1_442' title='bbox 1210 5799 1278 5841; x_wconf 93' lang='lat' dir='ltr'>eo</span> <span class='ocrx_word' id='word_1_443' title='bbox 1307 5784 1488 5843; x_wconf 75' lang='lat' dir='ltr'>fuerit</span> <span class='ocrx_word' id='word_1_444' title='bbox 1525 5786 1836 5864; x_wconf 79' lang='lat' dir='ltr'>liberatus,</span> 
     </span>
    </p>
   </div>
   <div class='ocr_carea' id='block_1_63' title="bbox 1950 660 3606 746">
    <p class='ocr_par' dir='ltr' id='par_1_63' title="bbox 1950 660 3606 746">
     <span class='ocr_line' id='line_1_63' title="bbox 1950 660 3606 746; baseline 0.005 -29"><span class='ocrx_word' id='word_1_445' title='bbox 1950 660 2139 733; x_wconf 77' lang='grc' dir='ltr'>ἐπειδὴ</span> <span class='ocrx_word' id='word_1_446' title='bbox 2195 663 2528 720; x_wconf 79' lang='grc' dir='ltr'>ἀντιπίπτειν</span> <span class='ocrx_word' id='word_1_447' title='bbox 2588 662 2739 721; x_wconf 85' lang='grc' dir='ltr'>δοκεῖ</span> <span class='ocrx_word' id='word_1_448' title='bbox 2792 667 2854 721; x_wconf 87' lang='grc' dir='ltr'>τὸ</span> <span class='ocrx_word' id='word_1_449' title='bbox 2906 668 3167 746; x_wconf 73' lang='grc' dir='ltr'>φρόνημα</span> <span class='ocrx_word' id='word_1_450' title='bbox 3226 676 3327 739; x_wconf 80' lang='grc' dir='ltr'>τῆς</span> <span class='ocrx_word' id='word_1_451' title='bbox 3387 670 3606 744; x_wconf 85' lang='grc' dir='ltr'>σαρκὸς,</span> 
     </span>
    </p>
   </div>
   <div class='ocr_carea' id='block_1_64' title="bbox 1951 750 3605 835">
    <p class='ocr_par' dir='ltr' id='par_1_64' title="bbox 1951 750 3605 835">
     <span class='ocr_line' id='line_1_64' title="bbox 1951 750 3605 835; baseline 0.007 -31"><span class='ocrx_word' id='word_1_452' title='bbox 1951 750 2038 805; x_wconf 75' lang='grc' dir='ltr'>καὶ</span> <span class='ocrx_word' id='word_1_453' title='bbox 2096 752 2440 828; x_wconf 76' lang='grc' dir='ltr'>τραχύνεσθα</span> <span class='ocrx_word' id='word_1_454' title='bbox 2493 755 2582 809; x_wconf 82' lang='grc' dir='ltr'>καὶ</span> <span class='ocrx_word' id='word_1_455' title='bbox 2652 753 2979 832; x_wconf 75' lang='grc' dir='ltr'>ἀλγύνεσθαι</span> <span class='ocrx_word' id='word_1_456' title='bbox 3044 763 3159 812; x_wconf 84' lang='grc' dir='ltr'>κατ’</span> <span class='ocrx_word' id='word_1_457' title='bbox 3232 759 3408 834; x_wconf 75' lang='grc' dir='ltr'>ἀρχὰς</span> <span class='ocrx_word' id='word_1_458' title='bbox 3468 760 3605 835; x_wconf 84' lang='grc' dir='ltr'>πρὸς</span> 
     </span>
    </p>
   </div>
   <div class='ocr_carea' id='block_1_65' title="bbox 1949 834 3603 918">
    <p class='ocr_par' dir='ltr' id='par_1_65' title="bbox 1949 834 3603 918">
     <span class='ocr_line' id='line_1_65' title="bbox 1949 834 3603 918; baseline 0.006 -24"><span class='ocrx_word' id='word_1_459' title='bbox 1949 840 2017 895; x_wconf 83' lang='grc' dir='ltr'>τὰ</span> <span class='ocrx_word' id='word_1_460' title='bbox 2045 834 2389 918; x_wconf 78' lang='grc' dir='ltr'>ἔπιτάγματα</span> <span class='ocrx_word' id='word_1_461' title='bbox 2416 850 2516 912; x_wconf 76' lang='grc' dir='ltr'>τῆς</span> <span class='ocrx_word' id='word_1_462' title='bbox 2576 841 2945 915; x_wconf 58' lang='grc' dir='ltr'>δικαιοσύνης</span> <span class='ocrx_word' id='word_1_463' title='bbox 3011 843 3099 901; x_wconf 75' lang='grc' dir='ltr'>διὰ</span> <span class='ocrx_word' id='word_1_464' title='bbox 3153 851 3315 903; x_wconf 85' lang='grc' dir='ltr'>τοῦτο</span> <span class='ocrx_word' id='word_1_465' title='bbox 3374 849 3438 903; x_wconf 82' lang='grc' dir='ltr'>τὸ</span> <span class='ocrx_word' id='word_1_466' title='bbox 3496 848 3603 904; x_wconf 83' lang='grc' dir='ltr'>ἀπὸ</span> 
     </span>
    </p>
   </div>
   <div class='ocr_carea' id='block_1_66' title="bbox 1949 931 3604 1013">
    <p class='ocr_par' dir='ltr' id='par_1_66' title="bbox 1949 931 3604 1013">
     <span class='ocr_line' id='line_1_66' title="bbox 1949 931 3604 1013; baseline 0.005 -28"><span class='ocrx_word' id='word_1_467' title='bbox 1949 936 2049 997; x_wconf 77' lang='grc' dir='ltr'>τῆς</span> <span class='ocrx_word' id='word_1_468' title='bbox 2086 931 2346 1003; x_wconf 65' lang='grc' dir='ltr'>ὑμετέρας</span> <span class='ocrx_word' id='word_1_469' title='bbox 2377 933 2575 1005; x_wconf 79' lang='grc' dir='ltr'>σαρκὸς</span> <span class='ocrx_word' id='word_1_470' title='bbox 2605 934 2820 998; x_wconf 72' lang='grc' dir='ltr'>ἀσθενὲς</span> <span class='ocrx_word' id='word_1_471' title='bbox 2863 936 2953 989; x_wconf 76' lang='grc' dir='ltr'>καὶ</span> <span class='ocrx_word' id='word_1_472' title='bbox 3013 933 3387 1013; x_wconf 80' lang='grc' dir='ltr'>ἀλγυνόμενον</span> <span class='ocrx_word' id='word_1_473' title='bbox 3447 936 3604 1013; x_wconf 86' lang='grc' dir='ltr'>λογι-</span> 
     </span>
    </p>
   </div>
   <div class='ocr_carea' id='block_1_67' title="bbox 1951 1021 3606 1099">
    <p class='ocr_par' dir='ltr' id='par_1_67' title="bbox 1951 1021 3606 1099">
     <span class='ocr_line' id='line_1_67' title="bbox 1951 1021 3606 1099; baseline 0.006 -26"><span class='ocrx_word' id='word_1_474' title='bbox 1951 1021 2200 1094; x_wconf 76' lang='grc' dir='ltr'>ζόμενος,</span> <span class='ocrx_word' id='word_1_475' title='bbox 2233 1024 2372 1079; x_wconf 68' lang='grc' dir='ltr'>κατὰ</span> <span class='ocrx_word' id='word_1_476' title='bbox 2422 1024 2519 1089; x_wconf 65' lang='grc' dir='ltr'>τήν</span> <span class='ocrx_word' id='word_1_477' title='bbox 2582 1023 2931 1099; x_wconf 74' lang='grc' dir='ltr'>ἀνθρωπίνην</span> <span class='ocrx_word' id='word_1_478' title='bbox 2989 1029 3297 1098; x_wconf 67' lang='grc' dir='ltr'>συνήθειαν,</span> <span class='ocrx_word' id='word_1_479' title='bbox 3358 1024 3606 1083; x_wconf 74' lang='grc' dir='ltr'>δουλείαν</span> 
     </span>
    </p>
   </div>
   <div class='ocr_carea' id='block_1_68' title="bbox 1949 1108 3607 1196">
    <p class='ocr_par' dir='ltr' id='par_1_68' title="bbox 1949 1108 3607 1196">
     <span class='ocr_line' id='line_1_68' title="bbox 1949 1108 3607 1196; baseline 0.006 -33"><span class='ocrx_word' id='word_1_480' title='bbox 1949 1108 2084 1165; x_wconf 77' lang='grc' dir='ltr'>αὐτὸ</span> <span class='ocrx_word' id='word_1_481' title='bbox 2140 1109 2391 1169; x_wconf 73' lang='grc' dir='ltr'>ἐκάλεσα.</span> <span class='ocrx_word' id='word_1_482' title='bbox 2451 1112 2554 1171; x_wconf 85' lang='grc' dir='ltr'>Καὶ</span> <span class='ocrx_word' id='word_1_483' title='bbox 2612 1114 2713 1189; x_wconf 83' lang='grc' dir='ltr'>γὰρ</span> <span class='ocrx_word' id='word_1_484' title='bbox 2778 1114 3045 1189; x_wconf 64' lang='grc' dir='ltr'>εῗώθαμεν</span> <span class='ocrx_word' id='word_1_485' title='bbox 3102 1114 3185 1196; x_wconf 71' lang='grc' dir='ltr'>ἐφ’</span> <span class='ocrx_word' id='word_1_486' title='bbox 3236 1117 3309 1172; x_wconf 85' lang='grc' dir='ltr'>ὧν</span> <span class='ocrx_word' id='word_1_487' title='bbox 3367 1116 3607 1195; x_wconf 71' lang='grc' dir='ltr'>ἀλγυνό-</span> 
     </span>
    </p>
   </div>
   <div class='ocr_carea' id='block_1_69' title="bbox 1954 1200 3605 1283">
    <p class='ocr_par' dir='ltr' id='par_1_69' title="bbox 1954 1200 3605 1283">
     <span class='ocr_line' id='line_1_69' title="bbox 1954 1200 3605 1283; baseline 0.005 -29"><span class='ocrx_word' id='word_1_488' title='bbox 1954 1219 2109 1273; x_wconf 86' lang='grc' dir='ltr'>μενοι</span> <span class='ocrx_word' id='word_1_489' title='bbox 2139 1200 2229 1254; x_wconf 75' lang='grc' dir='ltr'>καὶ</span> <span class='ocrx_word' id='word_1_490' title='bbox 2263 1202 2482 1264; x_wconf 72' lang='grc' dir='ltr'>ἄκοντές</span> <span class='ocrx_word' id='word_1_491' title='bbox 2515 1223 2568 1258; x_wconf 88' lang='grc' dir='ltr'>τι</span> <span class='ocrx_word' id='word_1_492' title='bbox 2621 1203 2961 1278; x_wconf 71' lang='grc' dir='ltr'>πράττομεν,</span> <span class='ocrx_word' id='word_1_493' title='bbox 3013 1205 3077 1260; x_wconf 87' lang='grc' dir='ltr'>τὸ</span> <span class='ocrx_word' id='word_1_494' title='bbox 3132 1212 3232 1275; x_wconf 81' lang='grc' dir='ltr'>τῆς</span> <span class='ocrx_word' id='word_1_495' title='bbox 3287 1205 3605 1283; x_wconf 77' lang='grc' dir='ltr'>τυραννίδος</span> 
     </span>
    </p>
   </div>
   <div class='ocr_carea' id='block_1_70' title="bbox 1949 1286 3605 1371">
    <p class='ocr_par' dir='ltr' id='par_1_70' title="bbox 1949 1286 3605 1371">
     <span class='ocr_line' id='line_1_70' title="bbox 1949 1286 3605 1371; baseline 0.006 -29"><span class='ocrx_word' id='word_1_496' title='bbox 1949 1288 2039 1343; x_wconf 84' lang='grc' dir='ltr'>καὶ</span> <span class='ocrx_word' id='word_1_497' title='bbox 2074 1286 2323 1353; x_wconf 78' lang='grc' dir='ltr'>δουλείας</span> <span class='ocrx_word' id='word_1_498' title='bbox 2367 1287 2543 1365; x_wconf 76' lang='grc' dir='ltr'>ὄνομα</span> <span class='ocrx_word' id='word_1_499' title='bbox 2599 1294 2820 1357; x_wconf 83' lang='grc' dir='ltr'>τιθέναι.</span> <span class='ocrx_word' id='word_1_500' title='bbox 2878 1294 3039 1352; x_wconf 76' lang='grc' dir='ltr'>Οὕτω</span> <span class='ocrx_word' id='word_1_501' title='bbox 3097 1301 3227 1371; x_wconf 87' lang='grc' dir='ltr'>γοῦν</span> <span class='ocrx_word' id='word_1_502' title='bbox 3282 1297 3371 1351; x_wconf 73' lang='grc' dir='ltr'>καὶ</span> <span class='ocrx_word' id='word_1_503' title='bbox 3404 1298 3432 1353; x_wconf 83' lang='grc' dir='ltr'>ὁ</span> <span class='ocrx_word' id='word_1_504' title='bbox 3464 1300 3605 1353; x_wconf 85' lang='grc' dir='ltr'>Παῦ-</span> 
     </span>
    </p>
   </div>
   <div class='ocr_carea' id='block_1_71' title="bbox 1950 1376 3606 1460">
    <p class='ocr_par' dir='ltr' id='par_1_71' title="bbox 1950 1376 3606 1460">
     <span class='ocr_line' id='line_1_71' title="bbox 1950 1376 3606 1460; baseline 0.001 -20"><span class='ocrx_word' id='word_1_505' title='bbox 1950 1376 2048 1440; x_wconf 82' lang='grc' dir='ltr'>λός</span> <span class='ocrx_word' id='word_1_506' title='bbox 2081 1400 2267 1456; x_wconf 73' lang='grc' dir='ltr'>φησιν,</span> <span class='ocrx_word' id='word_1_507' title='bbox 2301 1379 2406 1450; x_wconf 79' lang='grc' dir='ltr'>δτι,</span> <span class='ocrx_word' id='word_1_508' title='bbox 2436 1405 2463 1433; x_wconf 80' lang='grc' dir='ltr'>(ι</span> <span class='ocrx_word' id='word_1_509' title='bbox 2500 1381 2650 1439; x_wconf 86' lang='grc' dir='ltr'>Κατά</span> <span class='ocrx_word' id='word_1_510' title='bbox 2680 1380 2965 1455; x_wconf 75' lang='grc' dir='ltr'>ἄνθρωπον</span> <span class='ocrx_word' id='word_1_511' title='bbox 3000 1381 3148 1460; x_wconf 87' lang='grc' dir='ltr'>λέγω</span> <span class='ocrx_word' id='word_1_512' title='bbox 3181 1408 3210 1438; x_wconf 85' lang='lat'>»</span> <span class='ocrx_word' id='word_1_513' title='bbox 3242 1385 3325 1457; x_wconf 88' lang='grc' dir='ltr'>τὸ,</span> <span class='ocrx_word' id='word_1_514' title='bbox 3358 1410 3387 1438; x_wconf 87' lang='grc'>‹‹</span> <span class='ocrx_word' id='word_1_515' title='bbox 3421 1383 3606 1443; x_wconf 84' lang='grc' dir='ltr'>Ἐδου-</span> 
     </span>
    </p>
   </div>
   <div class='ocr_carea' id='block_1_72' title="bbox 1950 1465 3603 1547">
    <p class='ocr_par' dir='ltr' id='par_1_72' title="bbox 1950 1465 3603 1547">
     <span class='ocr_line' id='line_1_72' title="bbox 1950 1465 3603 1547; baseline 0.003 -22"><span class='ocrx_word' id='word_1_516' title='bbox 1950 1465 2170 1539; x_wconf 82' lang='grc' dir='ltr'>λώθητε</span> <span class='ocrx_word' id='word_1_517' title='bbox 2198 1472 2266 1543; x_wconf 80' lang='grc' dir='ltr'>τῇ</span> <span class='ocrx_word' id='word_1_518' title='bbox 2300 1466 2638 1547; x_wconf 80' lang='grc' dir='ltr'>δικαιοσύνῃ.</span> <span class='ocrx_word' id='word_1_519' title='bbox 2677 1496 2703 1524; x_wconf 88' lang='grc'><strong>››</strong></span> <span class='ocrx_word' id='word_1_520' title='bbox 2734 1473 2869 1530; x_wconf 84' lang='grc' dir='ltr'>Εἶτα</span> <span class='ocrx_word' id='word_1_521' title='bbox 2897 1476 3280 1545; x_wconf 72' lang='grc' dir='ltr'>κατασκευάζει</span> <span class='ocrx_word' id='word_1_522' title='bbox 3335 1474 3466 1532; x_wconf 80' lang='grc' dir='ltr'>αὐτὸ</span> <span class='ocrx_word' id='word_1_523' title='bbox 3514 1475 3603 1531; x_wconf 85' lang='grc' dir='ltr'>καὶ</span> 
     </span>
    </p>
   </div>
   <div class='ocr_carea' id='block_1_73' title="bbox 1951 1556 3604 1641">
    <p class='ocr_par' dir='ltr' id='par_1_73' title="bbox 1951 1556 3604 1641">
     <span class='ocr_line' id='line_1_73' title="bbox 1951 1556 3604 1641; baseline 0.005 -28"><span class='ocrx_word' id='word_1_524' title='bbox 1951 1556 2013 1613; x_wconf 79' lang='grc' dir='ltr'>ἐκ</span> <span class='ocrx_word' id='word_1_525' title='bbox 2063 1562 2160 1614; x_wconf 88' lang='grc' dir='ltr'>τοῦ</span> <span class='ocrx_word' id='word_1_526' title='bbox 2213 1556 2473 1617; x_wconf 78' lang='grc' dir='ltr'>ἐναντίου.</span> <span class='ocrx_word' id='word_1_527' title='bbox 2533 1561 2735 1637; x_wconf 79' lang='grc' dir='ltr'>Ὠσπερ</span> <span class='ocrx_word' id='word_1_528' title='bbox 2787 1564 2914 1639; x_wconf 71' lang='grc' dir='ltr'>γὰρ,</span> <span class='ocrx_word' id='word_1_529' title='bbox 2984 1577 3140 1641; x_wconf 80' lang='grc' dir='ltr'>φησι,</span> <span class='ocrx_word' id='word_1_530' title='bbox 3199 1564 3265 1620; x_wconf 80' lang='grc' dir='ltr'>τά</span> <span class='ocrx_word' id='word_1_531' title='bbox 3316 1571 3417 1635; x_wconf 80' lang='grc' dir='ltr'>τῆς</span> <span class='ocrx_word' id='word_1_532' title='bbox 3472 1565 3604 1621; x_wconf 84' lang='grc' dir='ltr'>ἀκα-</span> 
     </span>
    </p>
   </div>
   <div class='ocr_carea' id='block_1_74' title="bbox 1951 1647 3601 1729">
    <p class='ocr_par' dir='ltr' id='par_1_74' title="bbox 1951 1647 3601 1729">
     <span class='ocr_line' id='line_1_74' title="bbox 1951 1647 3601 1729; baseline 0.006 -30"><span class='ocrx_word' id='word_1_533' title='bbox 1951 1647 2171 1720; x_wconf 87' lang='grc' dir='ltr'>θαρσίας</span> <span class='ocrx_word' id='word_1_534' title='bbox 2229 1649 2578 1724; x_wconf 79' lang='grc' dir='ltr'>πράττοντες,</span> <span class='ocrx_word' id='word_1_535' title='bbox 2639 1648 2832 1707; x_wconf 87' lang='grc' dir='ltr'>δοῦλοι</span> <span class='ocrx_word' id='word_1_536' title='bbox 2887 1652 2985 1722; x_wconf 77' lang='grc' dir='ltr'>ἦτε</span> <span class='ocrx_word' id='word_1_537' title='bbox 3065 1655 3165 1722; x_wconf 73' lang='grc' dir='ltr'>τῆς</span> <span class='ocrx_word' id='word_1_538' title='bbox 3252 1653 3601 1729; x_wconf 73' lang='grc' dir='ltr'>ἀκαθαρσίας,</span> 
     </span>
    </p>
   </div>
   <div class='ocr_carea' id='block_1_75' title="bbox 1951 1734 3603 1816">
    <p class='ocr_par' dir='ltr' id='par_1_75' title="bbox 1951 1734 3603 1816">
     <span class='ocr_line' id='line_1_75' title="bbox 1951 1734 3603 1816; baseline 0.005 -25"><span class='ocrx_word' id='word_1_539' title='bbox 1951 1734 2095 1791; x_wconf 79' lang='grc' dir='ltr'>οὓτω</span> <span class='ocrx_word' id='word_1_540' title='bbox 2127 1736 2193 1793; x_wconf 76' lang='grc' dir='ltr'>τὰ</span> <span class='ocrx_word' id='word_1_541' title='bbox 2233 1744 2332 1808; x_wconf 77' lang='grc' dir='ltr'>τῆς</span> <span class='ocrx_word' id='word_1_542' title='bbox 2395 1735 2741 1812; x_wconf 77' lang='grc' dir='ltr'>δικαιοσύνης</span> <span class='ocrx_word' id='word_1_543' title='bbox 2800 1739 3197 1816; x_wconf 80' lang='grc' dir='ltr'>ἐπιτελοῦντες,</span> <span class='ocrx_word' id='word_1_544' title='bbox 3249 1740 3446 1799; x_wconf 89' lang='grc' dir='ltr'>δοῦλοι</span> <span class='ocrx_word' id='word_1_545' title='bbox 3505 1743 3603 1799; x_wconf 75' lang='grc' dir='ltr'>οὐκ</span> 
     </span>
    </p>
   </div>
   <div class='ocr_carea' id='block_1_76' title="bbox 1948 1824 3603 1904">
    <p class='ocr_par' dir='ltr' id='par_1_76' title="bbox 1948 1824 3603 1904">
     <span class='ocr_line' id='line_1_76' title="bbox 1948 1824 3603 1904; baseline 0.005 -24"><span class='ocrx_word' id='word_1_546' title='bbox 1948 1824 2343 1890; x_wconf 74' lang='grc' dir='ltr'>ἀπεικότωςᾶν</span> <span class='ocrx_word' id='word_1_547' title='bbox 2394 1826 2691 1902; x_wconf 77' lang='grc' dir='ltr'>κληθείητε</span> <span class='ocrx_word' id='word_1_548' title='bbox 2729 1838 2828 1902; x_wconf 80' lang='grc' dir='ltr'>τῆς</span> <span class='ocrx_word' id='word_1_549' title='bbox 2886 1830 3259 1904; x_wconf 70' lang='grc' dir='ltr'>δικαιοσύνης.</span> <span class='ocrx_word' id='word_1_550' title='bbox 3317 1836 3494 1892; x_wconf 89' lang='grc' dir='ltr'>Τοῦτο</span> <span class='ocrx_word' id='word_1_551' title='bbox 3545 1832 3603 1889; x_wconf 71' lang='grc' dir='ltr'>δὲ</span> 
     </span>
    </p>
   </div>
   <div class='ocr_carea' id='block_1_77' title="bbox 1878 1914 3603 2023">
    <p class='ocr_par' dir='ltr' id='par_1_77' title="bbox 1878 1914 3603 2023">
     <span class='ocr_line' id='line_1_77' title="bbox 1878 1914 3603 2023; baseline 0.006 -54"><span class='ocrx_word' id='word_1_552' title='bbox 1878 1916 2044 2023; x_wconf 70' lang='grc' dir='ltr'>Βκαὶ</span> <span class='ocrx_word' id='word_1_553' title='bbox 2103 1914 2373 2023; x_wconf 56' lang='grc' dir='ltr'>έντρέπων</span> <span class='ocrx_word' id='word_1_554' title='bbox 2427 1920 2539 1993; x_wconf 75' lang='grc' dir='ltr'>ἅμα</span> <span class='ocrx_word' id='word_1_555' title='bbox 2597 1918 2891 1999; x_wconf 74' lang='grc' dir='ltr'>ἐπήγαγεν.</span> <span class='ocrx_word' id='word_1_556' title='bbox 2951 1923 3021 1980; x_wconf 63' lang='lat' dir='ltr'>Et</span> <span class='ocrx_word' id='word_1_557' title='bbox 3070 1922 3169 1998; x_wconf 84' lang='grc' dir='ltr'>γὰρ</span> <span class='ocrx_word' id='word_1_558' title='bbox 3219 1920 3413 1979; x_wconf 81' lang='grc' dir='ltr'>δοῦλοι</span> <span class='ocrx_word' id='word_1_559' title='bbox 3470 1924 3603 1979; x_wconf 81' lang='grc' dir='ltr'>εἶναι</span> 
     </span>
    </p>
   </div>
   <div class='ocr_carea' id='block_1_78' title="bbox 1955 2005 3600 2086">
    <p class='ocr_par' dir='ltr' id='par_1_78' title="bbox 1955 2005 3600 2086">
     <span class='ocr_line' id='line_1_78' title="bbox 1955 2005 3600 2086; baseline 0.006 -27"><span class='ocrx_word' id='word_1_560' title='bbox 1955 2006 2055 2062; x_wconf 80' lang='grc' dir='ltr'>οὐκ</span> <span class='ocrx_word' id='word_1_561' title='bbox 2106 2005 2412 2083; x_wconf 75' lang='grc' dir='ltr'>ᾐσχύνεσθε</span> <span class='ocrx_word' id='word_1_562' title='bbox 2467 2016 2567 2079; x_wconf 81' lang='grc' dir='ltr'>τῆς</span> <span class='ocrx_word' id='word_1_563' title='bbox 2623 2010 2977 2086; x_wconf 77' lang='grc' dir='ltr'>ἀκαθαρσίας,</span> <span class='ocrx_word' id='word_1_564' title='bbox 3032 2017 3151 2078; x_wconf 81' lang='grc' dir='ltr'>πῶς</span> <span class='ocrx_word' id='word_1_565' title='bbox 3209 2012 3309 2070; x_wconf 74' lang='grc' dir='ltr'>οὐκ</span> <span class='ocrx_word' id='word_1_566' title='bbox 3368 2010 3432 2069; x_wconf 78' lang='grc' dir='ltr'>ἄν</span> <span class='ocrx_word' id='word_1_567' title='bbox 3512 2014 3600 2069; x_wconf 85' lang='grc' dir='ltr'>καὶ</span> 
     </span>
    </p>
   </div>
   <div class='ocr_carea' id='block_1_79' title="bbox 1956 2095 3608 2178">
    <p class='ocr_par' dir='ltr' id='par_1_79' title="bbox 1956 2095 3608 2178">
     <span class='ocr_line' id='line_1_79' title="bbox 1956 2095 3608 2178; baseline 0.004 -29"><span class='ocrx_word' id='word_1_568' title='bbox 1956 2095 2091 2171; x_wconf 88' lang='grc' dir='ltr'>μέγα</span> <span class='ocrx_word' id='word_1_569' title='bbox 2123 2098 2455 2172; x_wconf 67' lang='grc' dir='ltr'>φρονῆσητε,</span> <span class='ocrx_word' id='word_1_570' title='bbox 2490 2096 2682 2156; x_wconf 86' lang='grc' dir='ltr'>δοῦλοι</span> <span class='ocrx_word' id='word_1_571' title='bbox 2739 2101 3157 2172; x_wconf 71' lang='grc' dir='ltr'>καταξιωθέντες</span> <span class='ocrx_word' id='word_1_572' title='bbox 3213 2101 3455 2178; x_wconf 83' lang='grc' dir='ltr'>γενέσσαι</span> <span class='ocrx_word' id='word_1_573' title='bbox 3506 2108 3608 2172; x_wconf 77' lang='grc' dir='ltr'>τῆς</span> 
     </span>
    </p>
   </div>
   <div class='ocr_carea' id='block_1_80' title="bbox 1952 2181 3604 2266">
    <p class='ocr_par' dir='ltr' id='par_1_80' title="bbox 1952 2181 3604 2266">
     <span class='ocr_line' id='line_1_80' title="bbox 1952 2181 3604 2266; baseline 0.006 -28"><span class='ocrx_word' id='word_1_574' title='bbox 1952 2181 2518 2257; x_wconf 73' lang='grc' dir='ltr'>δικαιοσύνηςςΕἴτα</span> <span class='ocrx_word' id='word_1_575' title='bbox 2576 2192 2958 2260; x_wconf 75' lang='grc' dir='ltr'>κατασκευάζει</span> <span class='ocrx_word' id='word_1_576' title='bbox 3015 2195 3178 2247; x_wconf 89' lang='grc' dir='ltr'>τοῦτο</span> <span class='ocrx_word' id='word_1_577' title='bbox 3233 2192 3325 2248; x_wconf 83' lang='grc' dir='ltr'>καὶ</span> <span class='ocrx_word' id='word_1_578' title='bbox 3382 2192 3604 2266; x_wconf 69' lang='grc' dir='ltr'>ἑτέρως,</span> 
     </span>
    </p>
   </div>
   <div class='ocr_carea' id='block_1_81' title="bbox 1950 2272 3604 2356">
    <p class='ocr_par' dir='ltr' id='par_1_81' title="bbox 1950 2272 3604 2356">
     <span class='ocr_line' id='line_1_81' title="bbox 1950 2272 3604 2356; baseline 0.005 -27"><span class='ocrx_word' id='word_1_579' title='bbox 1950 2274 2040 2329; x_wconf 75' lang='grc' dir='ltr'>καὶ</span> <span class='ocrx_word' id='word_1_580' title='bbox 2070 2275 2281 2350; x_wconf 78' lang='grc' dir='ltr'>προϊὼν</span> <span class='ocrx_word' id='word_1_581' title='bbox 2314 2272 2555 2333; x_wconf 80' lang='grc' dir='ltr'>δείκνυσι</span> <span class='ocrx_word' id='word_1_582' title='bbox 2582 2285 2683 2348; x_wconf 80' lang='grc' dir='ltr'>τῆς</span> <span class='ocrx_word' id='word_1_583' title='bbox 2711 2280 2970 2350; x_wconf 82' lang='grc' dir='ltr'>τοιαύτης</span> <span class='ocrx_word' id='word_1_584' title='bbox 3011 2278 3263 2344; x_wconf 68' lang='grc' dir='ltr'>δουλείας</span> <span class='ocrx_word' id='word_1_585' title='bbox 3321 2282 3383 2339; x_wconf 84' lang='grc' dir='ltr'><strong>τὸ</strong></span> <span class='ocrx_word' id='word_1_586' title='bbox 3441 2283 3604 2356; x_wconf 75' lang='grc' dir='ltr'>ἀξίω-</span> 
     </span>
    </p>
   </div>
   <div class='ocr_carea' id='block_1_82' title="bbox 1957 2365 3605 2443">
    <p class='ocr_par' dir='ltr' id='par_1_82' title="bbox 1957 2365 3605 2443">
     <span class='ocr_line' id='line_1_82' title="bbox 1957 2365 3605 2443; baseline 0.004 -24"><span class='ocrx_word' id='word_1_587' title='bbox 1957 2385 2053 2437; x_wconf 87' lang='grc' dir='ltr'>μα,</span> <span class='ocrx_word' id='word_1_588' title='bbox 2106 2365 2591 2442; x_wconf 83' lang='grc' dir='ltr'>συμπερανάμενος</span> <span class='ocrx_word' id='word_1_589' title='bbox 2650 2369 2733 2427; x_wconf 77' lang='grc' dir='ltr'>ὅτι</span> <span class='ocrx_word' id='word_1_590' title='bbox 2802 2370 2938 2443; x_wconf 75' lang='grc' dir='ltr'>αὕτη</span> <span class='ocrx_word' id='word_1_591' title='bbox 2997 2373 3033 2441; x_wconf 82' lang='grc' dir='ltr'>ἠ</span> <span class='ocrx_word' id='word_1_592' title='bbox 3093 2369 3315 2428; x_wconf 87' lang='grc' dir='ltr'>δουλεία</span> <span class='ocrx_word' id='word_1_593' title='bbox 3370 2367 3605 2436; x_wconf 86' lang='grc' dir='ltr'>δούλους</span> 
     </span>
    </p>
   </div>
   <div class='ocr_carea' id='block_1_83' title="bbox 1951 2456 3604 2535">
    <p class='ocr_par' dir='ltr' id='par_1_83' title="bbox 1951 2456 3604 2535">
     <span class='ocr_line' id='line_1_83' title="bbox 1951 2456 3604 2535; baseline 0.005 -27"><span class='ocrx_word' id='word_1_594' title='bbox 1951 2458 2101 2509; x_wconf 84' lang='grc' dir='ltr'>ποιεῖ</span> <span class='ocrx_word' id='word_1_595' title='bbox 2140 2459 2237 2511; x_wconf 88' lang='grc' dir='ltr'>τοῦ</span> <span class='ocrx_word' id='word_1_596' title='bbox 2292 2460 2448 2528; x_wconf 80' lang='grc' dir='ltr'>Θεοῦ,</span> <span class='ocrx_word' id='word_1_597' title='bbox 2510 2456 2572 2513; x_wconf 82' lang='grc' dir='ltr'>οὗ</span> <span class='ocrx_word' id='word_1_598' title='bbox 2627 2458 2682 2515; x_wconf 91' lang='grc' dir='ltr'>τί</span> <span class='ocrx_word' id='word_1_599' title='bbox 2732 2458 2795 2516; x_wconf 78' lang='grc' dir='ltr'>ἄν</span> <span class='ocrx_word' id='word_1_600' title='bbox 2853 2459 2940 2531; x_wconf 82' lang='grc' dir='ltr'>εἶή</span> <span class='ocrx_word' id='word_1_601' title='bbox 3010 2459 3462 2535; x_wconf 78' lang='grc' dir='ltr'>ἐλευσεριώ-ερον</span> <span class='ocrx_word' id='word_1_602' title='bbox 3509 2460 3604 2518; x_wconf 83' lang='grc' dir='ltr'>καὶ</span> 
     </span>
    </p>
   </div>
   <div class='ocr_carea' id='block_1_84' title="bbox 1952 2541 3605 2625">
    <p class='ocr_par' dir='ltr' id='par_1_84' title="bbox 1952 2541 3605 2625">
     <span class='ocr_line' id='line_1_84' title="bbox 1952 2541 3605 2625; baseline 0.005 -28"><span class='ocrx_word' id='word_1_603' title='bbox 1952 2541 2472 2621; x_wconf 74' lang='grc' dir='ltr'>εὐδαιμονέστερονς</span> <span class='ocrx_word' id='word_1_604' title='bbox 2507 2547 2604 2602; x_wconf 84' lang='grc' dir='ltr'>Καὶ</span> <span class='ocrx_word' id='word_1_605' title='bbox 2659 2548 2763 2625; x_wconf 81' lang='grc' dir='ltr'>γάρ</span> <span class='ocrx_word' id='word_1_606' title='bbox 2814 2571 2970 2624; x_wconf 71' lang='grc' dir='ltr'>φησι,</span> <span class='ocrx_word' id='word_1_607' title='bbox 3026 2574 3049 2604; x_wconf 82' lang='grc' dir='ltr'>ιι</span> <span class='ocrx_word' id='word_1_608' title='bbox 3086 2549 3214 2606; x_wconf 86' lang='grc' dir='ltr'>Νυνὶ</span> <span class='ocrx_word' id='word_1_609' title='bbox 3270 2548 3329 2607; x_wconf 70' lang='grc' dir='ltr'>δὲ</span> <span class='ocrx_word' id='word_1_610' title='bbox 3385 2548 3605 2607; x_wconf 69' lang='grc' dir='ltr'>ἐλευθε-</span> 
     </span>
    </p>
   </div>
   <div class='ocr_carea' id='block_1_85' title="bbox 1953 2636 3602 2717">
    <p class='ocr_par' dir='ltr' id='par_1_85' title="bbox 1953 2636 3602 2717">
     <span class='ocr_line' id='line_1_85' title="bbox 1953 2636 3602 2717; baseline 0.005 -28"><span class='ocrx_word' id='word_1_611' title='bbox 1953 2636 2215 2711; x_wconf 77' lang='grc' dir='ltr'>ρωθέντες</span> <span class='ocrx_word' id='word_1_612' title='bbox 2278 2637 2385 2694; x_wconf 77' lang='grc' dir='ltr'>ἀπὸ</span> <span class='ocrx_word' id='word_1_613' title='bbox 2435 2645 2537 2706; x_wconf 76' lang='grc' dir='ltr'>τῆς</span> <span class='ocrx_word' id='word_1_614' title='bbox 2598 2640 2890 2717; x_wconf 69' lang='grc' dir='ltr'>ἁμαρτίας,</span> <span class='ocrx_word' id='word_1_615' title='bbox 2980 2638 3350 2706; x_wconf 69' lang='grc' dir='ltr'>δουλωθέντες</span> <span class='ocrx_word' id='word_1_616' title='bbox 3408 2638 3467 2696; x_wconf 74' lang='grc' dir='ltr'>δὲ</span> <span class='ocrx_word' id='word_1_617' title='bbox 3520 2644 3602 2714; x_wconf 80' lang='grc' dir='ltr'>τῷ</span> 
     </span>
    </p>
   </div>
   <div class='ocr_carea' id='block_1_86' title="bbox 1953 2726 3602 2809">
    <p class='ocr_par' dir='ltr' id='par_1_86' title="bbox 1953 2726 3602 2809">
     <span class='ocr_line' id='line_1_86' title="bbox 1953 2726 3602 2809; baseline 0.004 -29"><span class='ocrx_word' id='word_1_618' title='bbox 1953 2728 2090 2797; x_wconf 82' lang='grc' dir='ltr'>Θεῷ,</span> <span class='ocrx_word' id='word_1_619' title='bbox 2124 2748 2154 2777; x_wconf 83' lang='lat'><strong>»</strong></span> <span class='ocrx_word' id='word_1_620' title='bbox 2184 2726 2272 2780; x_wconf 86' lang='grc' dir='ltr'>καὶ</span> <span class='ocrx_word' id='word_1_621' title='bbox 2303 2726 2445 2797; x_wconf 72' lang='grc' dir='ltr'>ἑξῆς.</span> <span class='ocrx_word' id='word_1_622' title='bbox 2478 2729 2548 2786; x_wconf 85' lang='grc' dir='ltr'><strong><em>Ἥ</em></strong></span> <span class='ocrx_word' id='word_1_623' title='bbox 2577 2730 2663 2796; x_wconf 85' lang='grc' dir='ltr'>τὸ,</span> <span class='ocrx_word' id='word_1_624' title='bbox 2714 2730 3083 2805; x_wconf 82' lang='grc' dir='ltr'>Ἀνθρώπινον</span> <span class='ocrx_word' id='word_1_625' title='bbox 3139 2729 3311 2809; x_wconf 86' lang='grc' dir='ltr'>λέγω,</span> <span class='ocrx_word' id='word_1_626' title='bbox 3369 2728 3417 2786; x_wconf 79' lang='grc' dir='ltr'>εί</span> <span class='ocrx_word' id='word_1_627' title='bbox 3464 2751 3602 2801; x_wconf 88' lang='grc' dir='ltr'>νοη-</span> 
     </span>
    </p>
   </div>
   <div class='ocr_carea' id='block_1_87' title="bbox 1954 2813 3598 2899">
    <p class='ocr_par' dir='ltr' id='par_1_87' title="bbox 1954 2813 3598 2899">
     <span class='ocr_line' id='line_1_87' title="bbox 1954 2813 3598 2899; baseline 0.005 -30"><span class='ocrx_word' id='word_1_628' title='bbox 1954 2814 2070 2886; x_wconf 83' lang='grc' dir='ltr'>θείη</span> <span class='ocrx_word' id='word_1_629' title='bbox 2103 2816 2224 2870; x_wconf 79' lang='grc' dir='ltr'>καθ’</span> <span class='ocrx_word' id='word_1_630' title='bbox 2261 2813 2587 2889; x_wconf 78' lang='grc' dir='ltr'>ὑπεγόατὸν,</span> <span class='ocrx_word' id='word_1_631' title='bbox 2638 2819 2714 2882; x_wconf 82' lang='grc' dir='ltr'>ὡς</span> <span class='ocrx_word' id='word_1_632' title='bbox 2773 2819 2963 2891; x_wconf 63' lang='grc' dir='ltr'>ἐφεξῆς</span> <span class='ocrx_word' id='word_1_633' title='bbox 3019 2818 3241 2899; x_wconf 70' lang='grc' dir='ltr'>ὀφεῖλον</span> <span class='ocrx_word' id='word_1_634' title='bbox 3299 2821 3598 2892; x_wconf 77' lang='grc' dir='ltr'>τάττεσθαι,</span> 
     </span>
    </p>
   </div>
   <div class='ocr_carea' id='block_1_88' title="bbox 1953 2904 3594 2987">
    <p class='ocr_par' dir='ltr' id='par_1_88' title="bbox 1953 2904 3594 2987">
     <span class='ocr_line' id='line_1_88' title="bbox 1953 2904 3594 2987; baseline 0.002 -25"><span class='ocrx_word' id='word_1_635' title='bbox 1953 2904 2092 2979; x_wconf 84' lang='grc' dir='ltr'>πρὸς</span> <span class='ocrx_word' id='word_1_636' title='bbox 2119 2906 2205 2972; x_wconf 83' lang='grc' dir='ltr'>τὸ,</span> <span class='ocrx_word' id='word_1_637' title='bbox 2238 2932 2264 2959; x_wconf 77' lang='grc' dir='ltr'>ι(</span> <span class='ocrx_word' id='word_1_638' title='bbox 2299 2906 2492 2970; x_wconf 69' lang='grc' dir='ltr'>Οὕτως</span> <span class='ocrx_word' id='word_1_639' title='bbox 2531 2912 2623 2962; x_wconf 91' lang='grc' dir='ltr'>νῦν</span> <span class='ocrx_word' id='word_1_640' title='bbox 2681 2911 3063 2985; x_wconf 70' lang='grc' dir='ltr'>παραστήσατε</span> <span class='ocrx_word' id='word_1_641' title='bbox 3114 2911 3181 2966; x_wconf 84' lang='grc' dir='ltr'>τά</span> <span class='ocrx_word' id='word_1_642' title='bbox 3240 2908 3384 2985; x_wconf 87' lang='grc' dir='ltr'>μέλη</span> <span class='ocrx_word' id='word_1_643' title='bbox 3447 2911 3594 2987; x_wconf 81' lang='grc' dir='ltr'>ὑμῶν</span> 
     </span>
    </p>
   </div>
   <div class='ocr_carea' id='block_1_89' title="bbox 1954 2991 3602 3077">
    <p class='ocr_par' dir='ltr' id='par_1_89' title="bbox 1954 2991 3602 3077">
     <span class='ocr_line' id='line_1_89' title="bbox 1954 2991 3602 3077; baseline 0.004 -26"><span class='ocrx_word' id='word_1_644' title='bbox 1954 2991 2126 3052; x_wconf 87' lang='grc' dir='ltr'>δοῦλα</span> <span class='ocrx_word' id='word_1_645' title='bbox 2155 3000 2222 3072; x_wconf 78' lang='grc' dir='ltr'>τῇ</span> <span class='ocrx_word' id='word_1_646' title='bbox 2260 2993 2576 3076; x_wconf 71' lang='grc' dir='ltr'>δικαιοσύνη</span> <span class='ocrx_word' id='word_1_647' title='bbox 2624 2997 2699 3062; x_wconf 55' lang='grc' dir='ltr'>είς</span> <span class='ocrx_word' id='word_1_648' title='bbox 2752 3001 3041 3077; x_wconf 79' lang='grc' dir='ltr'>ἁγιασμόν.</span> <span class='ocrx_word' id='word_1_649' title='bbox 3081 3024 3110 3052; x_wconf 83' lang='lat'><strong>»</strong></span> <span class='ocrx_word' id='word_1_650' title='bbox 3172 3000 3235 3058; x_wconf 82' lang='grc' dir='ltr'>Εἰ</span> <span class='ocrx_word' id='word_1_651' title='bbox 3291 3000 3383 3057; x_wconf 78' lang='grc' dir='ltr'>οὖν</span> <span class='ocrx_word' id='word_1_652' title='bbox 3434 3001 3602 3064; x_wconf 65' lang='grc' dir='ltr'>οὕτως</span> 
     </span>
    </p>
   </div>
   <div class='ocr_carea' id='block_1_90' title="bbox 1954 3084 3608 3165">
    <p class='ocr_par' dir='ltr' id='par_1_90' title="bbox 1954 3084 3608 3165">
     <span class='ocr_line' id='line_1_90' title="bbox 1954 3084 3608 3165; baseline 0.005 -25"><span class='ocrx_word' id='word_1_653' title='bbox 1954 3084 2282 3160; x_wconf 68' lang='grc' dir='ltr'>έκληφθείη,</span> <span class='ocrx_word' id='word_1_654' title='bbox 2317 3088 2577 3161; x_wconf 76' lang='grc' dir='ltr'>σημαίνοι</span> <span class='ocrx_word' id='word_1_655' title='bbox 2630 3085 2710 3160; x_wconf 82' lang='grc' dir='ltr'>ἄν,</span> <span class='ocrx_word' id='word_1_656' title='bbox 2772 3090 2855 3145; x_wconf 78' lang='grc' dir='ltr'>ὅτι</span> <span class='ocrx_word' id='word_1_657' title='bbox 2917 3091 3141 3165; x_wconf 79' lang='grc' dir='ltr'>μέτριόν</span> <span class='ocrx_word' id='word_1_658' title='bbox 3196 3112 3252 3146; x_wconf 92' lang='grc' dir='ltr'>τι</span> <span class='ocrx_word' id='word_1_659' title='bbox 3310 3090 3459 3148; x_wconf 83' lang='grc' dir='ltr'>εἶπον</span> <span class='ocrx_word' id='word_1_660' title='bbox 3519 3089 3608 3148; x_wconf 85' lang='grc' dir='ltr'>καὶ</span> 
     </span>
    </p>
   </div>
   <div class='ocr_carea' id='block_1_91' title="bbox 1951 3176 3607 3259">
    <p class='ocr_par' dir='ltr' id='par_1_91' title="bbox 1951 3176 3607 3259">
     <span class='ocr_line' id='line_1_91' title="bbox 1951 3176 3607 3259; baseline 0.003 -27"><span class='ocrx_word' id='word_1_661' title='bbox 1951 3176 2229 3255; x_wconf 70' lang='grc' dir='ltr'>ταπεινὸν,</span> <span class='ocrx_word' id='word_1_662' title='bbox 2270 3181 2441 3235; x_wconf 88' lang='grc' dir='ltr'>ταῦτα</span> <span class='ocrx_word' id='word_1_663' title='bbox 2492 3177 2680 3237; x_wconf 77' lang='grc' dir='ltr'>εἰπών.</span> <span class='ocrx_word' id='word_1_664' title='bbox 2741 3181 2802 3238; x_wconf 83' lang='grc' dir='ltr'>Ὀ</span> <span class='ocrx_word' id='word_1_665' title='bbox 2859 3181 2963 3259; x_wconf 68' lang='grc' dir='ltr'>γὰρ</span> <span class='ocrx_word' id='word_1_666' title='bbox 3020 3182 3082 3238; x_wconf 89' lang='grc' dir='ltr'>τὸ</span> <span class='ocrx_word' id='word_1_667' title='bbox 3140 3180 3348 3240; x_wconf 85' lang='grc' dir='ltr'>τέλειον</span> <span class='ocrx_word' id='word_1_668' title='bbox 3406 3178 3607 3259; x_wconf 80' lang='grc' dir='ltr'>λέγων,</span> 
     </span>
    </p>
   </div>
   <div class='ocr_carea' id='block_1_92' title="bbox 1956 3262 3606 3346">
    <p class='ocr_par' dir='ltr' id='par_1_92' title="bbox 1956 3262 3606 3346">
     <span class='ocr_line' id='line_1_92' title="bbox 1956 3262 3606 3346; baseline 0.003 -24"><span class='ocrx_word' id='word_1_669' title='bbox 1956 3262 2102 3322; x_wconf 73' lang='grc' dir='ltr'>εἴποι</span> <span class='ocrx_word' id='word_1_670' title='bbox 2132 3262 2215 3336; x_wconf 80' lang='grc' dir='ltr'>ἅν,</span> <span class='ocrx_word' id='word_1_671' title='bbox 2248 3267 2334 3323; x_wconf 87' lang='grc' dir='ltr'>’ὁτι</span> <span class='ocrx_word' id='word_1_672' title='bbox 2366 3271 2753 3340; x_wconf 70' lang='grc' dir='ltr'>Παραστήσατε</span> <span class='ocrx_word' id='word_1_673' title='bbox 2782 3271 2848 3325; x_wconf 81' lang='grc' dir='ltr'>τά</span> <span class='ocrx_word' id='word_1_674' title='bbox 2904 3268 3046 3343; x_wconf 80' lang='grc' dir='ltr'>μέλη</span> <span class='ocrx_word' id='word_1_675' title='bbox 3100 3271 3254 3344; x_wconf 83' lang='grc' dir='ltr'>ὑμῶν</span> <span class='ocrx_word' id='word_1_676' title='bbox 3310 3268 3482 3326; x_wconf 87' lang='grc' dir='ltr'>δοῦλα</span> <span class='ocrx_word' id='word_1_677' title='bbox 3535 3275 3606 3346; x_wconf 80' lang='grc' dir='ltr'>τῇ</span> 
     </span>
    </p>
   </div>
   <div class='ocr_carea' id='block_1_93' title="bbox 1956 3351 3605 3435">
    <p class='ocr_par' dir='ltr' id='par_1_93' title="bbox 1956 3351 3605 3435">
     <span class='ocr_line' id='line_1_93' title="bbox 1956 3351 3605 3435; baseline 0.005 -26"><span class='ocrx_word' id='word_1_678' title='bbox 1956 3351 2295 3431; x_wconf 74' lang='grc' dir='ltr'>δικαισσύνη,</span> <span class='ocrx_word' id='word_1_679' title='bbox 2326 3357 2403 3428; x_wconf 79' lang='grc' dir='ltr'>μή</span> <span class='ocrx_word' id='word_1_680' title='bbox 2435 3356 2509 3419; x_wconf 82' lang='grc' dir='ltr'>ὡς</span> <span class='ocrx_word' id='word_1_681' title='bbox 2558 3360 2626 3430; x_wconf 79' lang='grc' dir='ltr'>τῇ</span> <span class='ocrx_word' id='word_1_682' title='bbox 2670 3357 2927 3435; x_wconf 84' lang='grc' dir='ltr'>ἁμαρτίᾳ,</span> <span class='ocrx_word' id='word_1_683' title='bbox 2986 3358 3132 3415; x_wconf 88' lang='grc' dir='ltr'>ἀλλά</span> <span class='ocrx_word' id='word_1_684' title='bbox 3189 3358 3338 3416; x_wconf 79' lang='grc' dir='ltr'>πολὺ</span> <span class='ocrx_word' id='word_1_685' title='bbox 3388 3359 3605 3434; x_wconf 82' lang='grc' dir='ltr'>μᾶλλον</span> 
     </span>
    </p>
   </div>
   <div class='ocr_carea' id='block_1_94' title="bbox 1950 3442 3606 3530">
    <p class='ocr_par' dir='ltr' id='par_1_94' title="bbox 1950 3442 3606 3530">
     <span class='ocr_line' id='line_1_94' title="bbox 1950 3442 3606 3530; baseline 0.007 -32"><span class='ocrx_word' id='word_1_686' title='bbox 1950 3442 2398 3522; x_wconf 78' lang='grc' dir='ltr'>σπουδαιότερον.</span> <span class='ocrx_word' id='word_1_687' title='bbox 2434 3451 2539 3505; x_wconf 87' lang='grc' dir='ltr'>Νῦν</span> <span class='ocrx_word' id='word_1_688' title='bbox 2570 3444 2629 3503; x_wconf 70' lang='grc' dir='ltr'><strong>δί</strong></span> <span class='ocrx_word' id='word_1_689' title='bbox 2659 3446 2749 3504; x_wconf 74' lang='grc' dir='ltr'>διὰ</span> <span class='ocrx_word' id='word_1_690' title='bbox 2794 3449 2858 3504; x_wconf 85' lang='grc' dir='ltr'>τὸ</span> <span class='ocrx_word' id='word_1_691' title='bbox 2914 3450 3130 3515; x_wconf 69' lang='grc' dir='ltr'>ἀσθενὲς</span> <span class='ocrx_word' id='word_1_692' title='bbox 3184 3451 3362 3525; x_wconf 78' lang='grc' dir='ltr'>ὑμῶν,</span> <span class='ocrx_word' id='word_1_693' title='bbox 3420 3452 3606 3530; x_wconf 77' lang='grc' dir='ltr'>φησὶν,</span> 
     </span>
    </p>
   </div>
   <div class='ocr_carea' id='block_1_95' title="bbox 1950 3534 3601 3621">
    <p class='ocr_par' dir='ltr' id='par_1_95' title="bbox 1950 3534 3601 3621">
     <span class='ocr_line' id='line_1_95' title="bbox 1950 3534 3601 3621; baseline 0.005 -31"><span class='ocrx_word' id='word_1_694' title='bbox 1950 3534 2128 3598; x_wconf 75' lang='grc' dir='ltr'>οὓτως</span> <span class='ocrx_word' id='word_1_695' title='bbox 2159 3538 2316 3594; x_wconf 86' lang='grc' dir='ltr'>εἷποτ</span> <span class='ocrx_word' id='word_1_696' title='bbox 2371 3542 2640 3600; x_wconf 82' lang='grc' dir='ltr'>ταπεινῶς</span> <span class='ocrx_word' id='word_1_697' title='bbox 2687 3539 2777 3594; x_wconf 85' lang='grc' dir='ltr'>καὶ</span> <span class='ocrx_word' id='word_1_698' title='bbox 2840 3539 3097 3616; x_wconf 85' lang='grc' dir='ltr'>μετρίως,</span> <span class='ocrx_word' id='word_1_699' title='bbox 3153 3538 3214 3611; x_wconf 74' lang='grc' dir='ltr'>ἤ,</span> <span class='ocrx_word' id='word_1_700' title='bbox 3274 3542 3601 3621; x_wconf 87' lang='grc' dir='ltr'>Σύμμετρόν</span> 
     </span>
    </p>
   </div>
   <div class='ocr_carea' id='block_1_96' title="bbox 1949 3623 3602 3708">
    <p class='ocr_par' dir='ltr' id='par_1_96' title="bbox 1949 3623 3602 3708">
     <span class='ocr_line' id='line_1_96' title="bbox 1949 3623 3602 3708; baseline 0.007 -29"><span class='ocrx_word' id='word_1_701' title='bbox 1949 3645 2024 3691; x_wconf 86' lang='grc' dir='ltr'>τι,</span> <span class='ocrx_word' id='word_1_702' title='bbox 2058 3628 2213 3705; x_wconf 69' lang='grc' dir='ltr'>φησί,</span> <span class='ocrx_word' id='word_1_703' title='bbox 2245 3623 2391 3703; x_wconf 86' lang='grc' dir='ltr'>λέγω</span> <span class='ocrx_word' id='word_1_704' title='bbox 2421 3627 2513 3683; x_wconf 83' lang='grc' dir='ltr'>καὶ</span> <span class='ocrx_word' id='word_1_705' title='bbox 2570 3630 2783 3701; x_wconf 84' lang='grc' dir='ltr'>μικρὸν,</span> <span class='ocrx_word' id='word_1_706' title='bbox 2840 3630 2930 3686; x_wconf 85' lang='grc' dir='ltr'>καὶ</span> <span class='ocrx_word' id='word_1_707' title='bbox 2991 3630 3100 3707; x_wconf 78' lang='grc' dir='ltr'>οὐχ</span> <span class='ocrx_word' id='word_1_708' title='bbox 3159 3626 3480 3708; x_wconf 73' lang='grc' dir='ltr'>ὑπερϐαῖνον</span> <span class='ocrx_word' id='word_1_709' title='bbox 3537 3633 3602 3690; x_wconf 83' lang='grc' dir='ltr'>τὸ</span> 
     </span>
    </p>
   </div>
   <div class='ocr_carea' id='block_1_97' title="bbox 1947 3716 3597 3799">
    <p class='ocr_par' dir='ltr' id='par_1_97' title="bbox 1947 3716 3597 3799">
     <span class='ocr_line' id='line_1_97' title="bbox 1947 3716 3597 3799; baseline 0.005 -30"><span class='ocrx_word' id='word_1_710' title='bbox 1947 3722 2049 3785; x_wconf 78' lang='grc' dir='ltr'>τῆς</span> <span class='ocrx_word' id='word_1_711' title='bbox 2104 3716 2316 3793; x_wconf 75' lang='grc' dir='ltr'>φύσεως</span> <span class='ocrx_word' id='word_1_712' title='bbox 2373 3717 2605 3778; x_wconf 81' lang='grc' dir='ltr'>ἀσθενές’</span> <span class='ocrx_word' id='word_1_713' title='bbox 2666 3720 2735 3791; x_wconf 78' lang='grc' dir='ltr'>τῇ</span> <span class='ocrx_word' id='word_1_714' title='bbox 2793 3720 2948 3799; x_wconf 72' lang='grc' dir='ltr'>φύσει</span> <span class='ocrx_word' id='word_1_715' title='bbox 3010 3725 3215 3796; x_wconf 82' lang='grc' dir='ltr'>μετρῶ,</span> <span class='ocrx_word' id='word_1_716' title='bbox 3274 3722 3431 3797; x_wconf 76' lang='grc' dir='ltr'>φησὶ,</span> <span class='ocrx_word' id='word_1_717' title='bbox 3496 3724 3597 3792; x_wconf 74' lang='grc' dir='ltr'>τὴν</span> 
     </span>
    </p>
   </div>
   <div class='ocr_carea' id='block_1_98' title="bbox 1949 3803 3606 3888">
    <p class='ocr_par' dir='ltr' id='par_1_98' title="bbox 1949 3803 3606 3888">
     <span class='ocr_line' id='line_1_98' title="bbox 1949 3803 3606 3888; baseline 0.007 -30"><span class='ocrx_word' id='word_1_718' title='bbox 1949 3803 2283 3882; x_wconf 73' lang='grc' dir='ltr'>παραίνεσινο</span> <span class='ocrx_word' id='word_1_719' title='bbox 2318 3804 2438 3862; x_wconf 80' lang='grc' dir='ltr'>οἶδα</span> <span class='ocrx_word' id='word_1_720' title='bbox 2485 3806 2585 3881; x_wconf 77' lang='grc' dir='ltr'>γὰρ</span> <span class='ocrx_word' id='word_1_721' title='bbox 2643 3806 2710 3863; x_wconf 81' lang='grc' dir='ltr'>τὰ</span> <span class='ocrx_word' id='word_1_722' title='bbox 2758 3806 2810 3863; x_wconf 77' lang='grc' dir='ltr'>ἐν</span> <span class='ocrx_word' id='word_1_723' title='bbox 2868 3813 2948 3881; x_wconf 81' lang='grc' dir='ltr'>τῷ</span> <span class='ocrx_word' id='word_1_724' title='bbox 3004 3815 3185 3883; x_wconf 87' lang='grc' dir='ltr'>θνητῷ</span> <span class='ocrx_word' id='word_1_725' title='bbox 3243 3813 3456 3888; x_wconf 87' lang='grc' dir='ltr'>σώματι</span> <span class='ocrx_word' id='word_1_726' title='bbox 3514 3834 3606 3869; x_wconf 81' lang='grc' dir='ltr'>κι-</span> 
     </span>
    </p>
   </div>
   <div class='ocr_carea' id='block_1_99' title="bbox 1946 3895 3603 3973">
    <p class='ocr_par' dir='ltr' id='par_1_99' title="bbox 1946 3895 3603 3973">
     <span class='ocr_line' id='line_1_99' title="bbox 1946 3895 3603 3973; baseline 0.007 -24"><span class='ocrx_word' id='word_1_727' title='bbox 1946 3895 2180 3967; x_wconf 73' lang='grc' dir='ltr'>νούμενα</span> <span class='ocrx_word' id='word_1_728' title='bbox 2210 3895 2379 3965; x_wconf 79' lang='grc' dir='ltr'>πάθη.</span> <span class='ocrx_word' id='word_1_729' title='bbox 2418 3921 2445 3949; x_wconf 80' lang='grc' dir='ltr'>ι(</span> <span class='ocrx_word' id='word_1_730' title='bbox 2476 3898 2592 3966; x_wconf 83' lang='grc' dir='ltr'>Τῆς</span> <span class='ocrx_word' id='word_1_731' title='bbox 2626 3897 2823 3972; x_wconf 84' lang='grc' dir='ltr'>σαρκὸς</span> <span class='ocrx_word' id='word_1_732' title='bbox 2859 3897 3035 3971; x_wconf 78' lang='grc' dir='ltr'>ὑμῶν.</span> <span class='ocrx_word' id='word_1_733' title='bbox 3067 3923 3097 3953; x_wconf 85' lang='lat'><strong>»</strong></span> <span class='ocrx_word' id='word_1_734' title='bbox 3132 3900 3251 3959; x_wconf 83' lang='grc' dir='ltr'>υύκ</span> <span class='ocrx_word' id='word_1_735' title='bbox 3303 3902 3438 3972; x_wconf 76' lang='grc' dir='ltr'>εἶπε,</span> <span class='ocrx_word' id='word_1_736' title='bbox 3486 3902 3603 3973; x_wconf 77' lang='grc' dir='ltr'>Τῆς</span> 
     </span>
    </p>
   </div>
   <div class='ocr_carea' id='block_1_100' title="bbox 1948 3983 3604 4066">
    <p class='ocr_par' dir='ltr' id='par_1_100' title="bbox 1948 3983 3604 4066">
     <span class='ocr_line' id='line_1_100' title="bbox 1948 3983 3604 4066; baseline 0.005 -27"><span class='ocrx_word' id='word_1_737' title='bbox 1948 3986 2315 4060; x_wconf 85' lang='grc' dir='ltr'>προαιρέσεως</span> <span class='ocrx_word' id='word_1_738' title='bbox 2344 3983 2381 4055; x_wconf 79' lang='grc' dir='ltr'>ἤ</span> <span class='ocrx_word' id='word_1_739' title='bbox 2411 3988 2509 4055; x_wconf 75' lang='grc' dir='ltr'>τῆς</span> <span class='ocrx_word' id='word_1_740' title='bbox 2540 3985 2853 4061; x_wconf 79' lang='grc' dir='ltr'>ἐπιθυμίας,</span> <span class='ocrx_word' id='word_1_741' title='bbox 2906 3988 3039 4066; x_wconf 78' lang='grc' dir='ltr'>ὅπερ</span> <span class='ocrx_word' id='word_1_742' title='bbox 3096 3991 3163 4062; x_wconf 79' lang='grc' dir='ltr'>ἦν</span> <span class='ocrx_word' id='word_1_743' title='bbox 3220 3990 3437 4049; x_wconf 73' lang='grc' dir='ltr'>ἐκείνων</span> <span class='ocrx_word' id='word_1_744' title='bbox 3480 3990 3604 4050; x_wconf 83' lang='grc' dir='ltr'>ἀδί-</span> 
     </span>
    </p>
   </div>
   <div class='ocr_carea' id='block_1_101' title="bbox 1948 4073 3600 4161">
    <p class='ocr_par' dir='ltr' id='par_1_101' title="bbox 1948 4073 3600 4161">
     <span class='ocr_line' id='line_1_101' title="bbox 1948 4073 3600 4161; baseline 0.006 -30"><span class='ocrx_word' id='word_1_745' title='bbox 1948 4096 2123 4149; x_wconf 76' lang='grc' dir='ltr'>κημα,</span> <span class='ocrx_word' id='word_1_746' title='bbox 2154 4073 2319 4141; x_wconf 74' lang='grc' dir='ltr'>ἀλλὰ,</span> <span class='ocrx_word' id='word_1_747' title='bbox 2353 4098 2383 4132; x_wconf 86' lang='grc' dir='ltr'>ιι</span> <span class='ocrx_word' id='word_1_748' title='bbox 2414 4078 2527 4146; x_wconf 81' lang='grc' dir='ltr'>Τῆς</span> <span class='ocrx_word' id='word_1_749' title='bbox 2561 4079 2780 4154; x_wconf 81' lang='grc' dir='ltr'>σαρκὸς,</span> <span class='ocrx_word' id='word_1_750' title='bbox 2814 4105 2842 4131; x_wconf 76' lang='grc' dir='ltr'>»ι</span> <span class='ocrx_word' id='word_1_751' title='bbox 2899 4081 3087 4161; x_wconf 72' lang='grc' dir='ltr'>ιρησὶν,</span> <span class='ocrx_word' id='word_1_752' title='bbox 3120 4081 3151 4139; x_wconf 77' lang='lat'>6&#39;</span> <span class='ocrx_word' id='word_1_753' title='bbox 3178 4081 3326 4159; x_wconf 77' lang='grc' dir='ltr'>παρὰ</span> <span class='ocrx_word' id='word_1_754' title='bbox 3370 4083 3600 4159; x_wconf 82' lang='grc' dir='ltr'>γνώμην</span> 
     </span>
    </p>
   </div>
   <div class='ocr_carea' id='block_1_102' title="bbox 1946 4165 3599 4254">
    <p class='ocr_par' dir='ltr' id='par_1_102' title="bbox 1946 4165 3599 4254">
     <span class='ocr_line' id='line_1_102' title="bbox 1946 4165 3599 4254; baseline 0.005 -32"><span class='ocrx_word' id='word_1_755' title='bbox 1946 4165 2125 4222; x_wconf 75' lang='grc' dir='ltr'>αὐτῶν</span> <span class='ocrx_word' id='word_1_756' title='bbox 2156 4165 2385 4241; x_wconf 83' lang='grc' dir='ltr'>ἐγίνετο.</span> <span class='ocrx_word' id='word_1_757' title='bbox 2420 4169 2601 4227; x_wconf 89' lang='grc' dir='ltr'>Τοῦτο</span> <span class='ocrx_word' id='word_1_758' title='bbox 2633 4166 2692 4226; x_wconf 66' lang='grc' dir='ltr'>δέ</span> <span class='ocrx_word' id='word_1_759' title='bbox 2720 4190 2903 4251; x_wconf 74' lang='grc' dir='ltr'>φησιν,</span> <span class='ocrx_word' id='word_1_760' title='bbox 2950 4173 3231 4254; x_wconf 83' lang='grc' dir='ltr'>ἀνεπαχθῆ</span> <span class='ocrx_word' id='word_1_761' title='bbox 3287 4174 3380 4230; x_wconf 85' lang='grc' dir='ltr'>τὸν</span> <span class='ocrx_word' id='word_1_762' title='bbox 3428 4170 3599 4251; x_wconf 76' lang='grc' dir='ltr'>λόγον</span> 
     </span>
    </p>
   </div>
   <div class='ocr_carea' id='block_1_103' title="bbox 1947 4259 3597 4342">
    <p class='ocr_par' dir='ltr' id='par_1_103' title="bbox 1947 4259 3597 4342">
     <span class='ocr_line' id='line_1_103' title="bbox 1947 4259 3597 4342; baseline 0.007 -32"><span class='ocrx_word' id='word_1_763' title='bbox 1947 4260 2146 4312; x_wconf 82' lang='grc' dir='ltr'>ποιῶν.</span> <span class='ocrx_word' id='word_1_764' title='bbox 2206 4280 2236 4311; x_wconf 90' lang='grc'><strong>‹‹</strong></span> <span class='ocrx_word' id='word_1_765' title='bbox 2283 4259 2486 4329; x_wconf 78' lang='grc' dir='ltr'>’Ὥσπερ</span> <span class='ocrx_word' id='word_1_766' title='bbox 2546 4259 2650 4338; x_wconf 71' lang='grc' dir='ltr'>γὰρ</span> <span class='ocrx_word' id='word_1_767' title='bbox 2706 4264 3099 4336; x_wconf 72' lang='grc' dir='ltr'>παρεστήσατε.</span> <span class='ocrx_word' id='word_1_768' title='bbox 3160 4287 3191 4317; x_wconf 91' lang='grc'><strong>››</strong></span> <span class='ocrx_word' id='word_1_769' title='bbox 3244 4262 3448 4338; x_wconf 77' lang='grc' dir='ltr'>Πολλῲ</span> <span class='ocrx_word' id='word_1_770' title='bbox 3499 4266 3597 4342; x_wconf 81' lang='grc' dir='ltr'>μὶν</span> 
     </span>
    </p>
   </div>
   <div class='ocr_carea' id='block_1_104' title="bbox 1952 4343 3598 4431">
    <p class='ocr_par' dir='ltr' id='par_1_104' title="bbox 1952 4343 3598 4431">
     <span class='ocr_line' id='line_1_104' title="bbox 1952 4343 3598 4431; baseline 0.005 -29"><span class='ocrx_word' id='word_1_771' title='bbox 1952 4345 2180 4420; x_wconf 84' lang='grc' dir='ltr'>μείζονα</span> <span class='ocrx_word' id='word_1_772' title='bbox 2209 4343 2315 4402; x_wconf 78' lang='grc' dir='ltr'>ἔδει</span> <span class='ocrx_word' id='word_1_773' title='bbox 2343 4353 2422 4421; x_wconf 79' lang='grc' dir='ltr'>τῷ</span> <span class='ocrx_word' id='word_1_774' title='bbox 2452 4350 2671 4422; x_wconf 87' lang='grc' dir='ltr'>Χριστῷ</span> <span class='ocrx_word' id='word_1_775' title='bbox 2698 4351 2801 4419; x_wconf 73' lang='grc' dir='ltr'>τὴν</span> <span class='ocrx_word' id='word_1_776' title='bbox 2855 4348 3103 4407; x_wconf 85' lang='grc' dir='ltr'>δουλείαν</span> <span class='ocrx_word' id='word_1_777' title='bbox 3157 4360 3461 4431; x_wconf 83' lang='grc' dir='ltr'>παρασχεῖν</span> <span class='ocrx_word' id='word_1_778' title='bbox 3507 4357 3598 4411; x_wconf 85' lang='grc' dir='ltr'>καὶ</span> 
     </span>
    </p>
   </div>
   <div class='ocr_carea' id='block_1_105' title="bbox 1945 4434 3601 4521">
    <p class='ocr_par' dir='ltr' id='par_1_105' title="bbox 1945 4434 3601 4521">
     <span class='ocr_line' id='line_1_105' title="bbox 1945 4434 3601 4521; baseline 0.005 -28"><span class='ocrx_word' id='word_1_779' title='bbox 1945 4439 2015 4509; x_wconf 80' lang='grc' dir='ltr'>τῇ</span> <span class='ocrx_word' id='word_1_780' title='bbox 2046 4434 2388 4515; x_wconf 70' lang='grc' dir='ltr'>δικαιοσύνῃ,</span> <span class='ocrx_word' id='word_1_781' title='bbox 2429 4438 2569 4513; x_wconf 75' lang='grc' dir='ltr'>ἤπερ</span> <span class='ocrx_word' id='word_1_782' title='bbox 2630 4439 2762 4508; x_wconf 60' lang='grc' dir='ltr'>ὅσην</span> <span class='ocrx_word' id='word_1_783' title='bbox 2821 4445 3124 4518; x_wconf 82' lang='grc' dir='ltr'>παρέσχετε</span> <span class='ocrx_word' id='word_1_784' title='bbox 3173 4447 3242 4518; x_wconf 74' lang='grc' dir='ltr'>τῇ</span> <span class='ocrx_word' id='word_1_785' title='bbox 3300 4445 3601 4521; x_wconf 83' lang='grc' dir='ltr'>ἀκαθαρσίᾳ</span> 
     </span>
    </p>
   </div>
   <div class='ocr_carea' id='block_1_106' title="bbox 1943 4531 3600 4607">
    <p class='ocr_par' dir='ltr' id='par_1_106' title="bbox 1943 4531 3600 4607">
     <span class='ocr_line' id='line_1_106' title="bbox 1943 4531 3600 4607; baseline 0.004 -20"><span class='ocrx_word' id='word_1_786' title='bbox 1943 4531 2133 4605; x_wconf 79' lang='grc' dir='ltr'>καὶτῇ</span> <span class='ocrx_word' id='word_1_787' title='bbox 2169 4533 2395 4607; x_wconf 80' lang='grc' dir='ltr'>ἀνομίᾳ,</span> <span class='ocrx_word' id='word_1_788' title='bbox 2427 4532 2505 4592; x_wconf 85' lang='grc' dir='ltr'>είς</span> <span class='ocrx_word' id='word_1_789' title='bbox 2560 4534 2662 4601; x_wconf 73' lang='grc' dir='ltr'>τήν</span> <span class='ocrx_word' id='word_1_790' title='bbox 2717 4532 2949 4605; x_wconf 84' lang='grc' dir='ltr'>ἀνομίαν</span> <span class='ocrx_word' id='word_1_791' title='bbox 3008 4537 3092 4605; x_wconf 85' lang='grc' dir='ltr'>(τὸ</span> <span class='ocrx_word' id='word_1_792' title='bbox 3151 4533 3229 4606; x_wconf 80' lang='grc' dir='ltr'>δὶ,</span> <span class='ocrx_word' id='word_1_793' title='bbox 3285 4537 3444 4600; x_wconf 67' lang='lat' dir='ltr'>«Et:</span> <span class='ocrx_word' id='word_1_794' title='bbox 3500 4538 3600 4607; x_wconf 67' lang='grc' dir='ltr'>τὴν</span> 
     </span>
    </p>
   </div>
   <div class='ocr_carea' id='block_1_107' title="bbox 1944 4620 3597 4698">
    <p class='ocr_par' dir='ltr' id='par_1_107' title="bbox 1944 4620 3597 4698">
     <span class='ocr_line' id='line_1_107' title="bbox 1944 4620 3597 4698; baseline 0.004 -21"><span class='ocrx_word' id='word_1_795' title='bbox 1944 4621 2196 4693; x_wconf 86' lang='grc' dir='ltr'>ἀνομίαν,</span> <span class='ocrx_word' id='word_1_796' title='bbox 2233 4646 2260 4673; x_wconf 89' lang='grc'><strong>››</strong></span> <span class='ocrx_word' id='word_1_797' title='bbox 2291 4625 2535 4678; x_wconf 89' lang='grc' dir='ltr'>τουτέστι</span> <span class='ocrx_word' id='word_1_798' title='bbox 2566 4622 2630 4677; x_wconf 88' lang='grc' dir='ltr'>τὸ</span> <span class='ocrx_word' id='word_1_799' title='bbox 2661 4620 2749 4678; x_wconf 75' lang='grc' dir='ltr'>ἐπὶ</span> <span class='ocrx_word' id='word_1_800' title='bbox 2780 4622 2950 4680; x_wconf 87' lang='grc' dir='ltr'>πλέον</span> <span class='ocrx_word' id='word_1_801' title='bbox 2984 4623 3228 4698; x_wconf 86' lang='grc' dir='ltr'>ἀνομεῖν.</span> <span class='ocrx_word' id='word_1_802' title='bbox 3283 4627 3427 4685; x_wconf 84' lang='grc' dir='ltr'>Ἀντὶ</span> <span class='ocrx_word' id='word_1_803' title='bbox 3477 4632 3597 4694; x_wconf 83' lang='grc' dir='ltr'>τοῦ,</span> 
     </span>
    </p>
   </div>
   <div class='ocr_carea' id='block_1_108' title="bbox 1868 4700 3602 4791">
    <p class='ocr_par' dir='ltr' id='par_1_108' title="bbox 1868 4700 3602 4791">
     <span class='ocr_line' id='line_1_108' title="bbox 1868 4700 3602 4791; baseline 0.003 -23"><span class='ocrx_word' id='word_1_804' title='bbox 1868 4700 1914 4768; x_wconf 82' lang='grc' dir='ltr'><strong>Ῑ)</strong></span> <span class='ocrx_word' id='word_1_805' title='bbox 1947 4712 2277 4784; x_wconf 80' lang='grc' dir='ltr'>Ἐξεκαίεσθε</span> <span class='ocrx_word' id='word_1_806' title='bbox 2306 4712 2393 4768; x_wconf 73' lang='grc' dir='ltr'>καὶ</span> <span class='ocrx_word' id='word_1_807' title='bbox 2427 4712 2505 4775; x_wconf 61' lang='grc' dir='ltr'>εἴς</span> <span class='ocrx_word' id='word_1_808' title='bbox 2551 4709 2628 4769; x_wconf 80' lang='grc' dir='ltr'>ἔτι</span> <span class='ocrx_word' id='word_1_809' title='bbox 2702 4713 2917 4789; x_wconf 79' lang='grc' dir='ltr'>μᾶλλον</span> <span class='ocrx_word' id='word_1_810' title='bbox 2980 4714 3247 4791; x_wconf 84' lang='grc' dir='ltr'>ἀνομεῖν),</span> <span class='ocrx_word' id='word_1_811' title='bbox 3306 4714 3454 4789; x_wconf 74' lang='grc' dir='ltr'>πλὴν</span> <span class='ocrx_word' id='word_1_812' title='bbox 3511 4715 3602 4775; x_wconf 79' lang='grc' dir='ltr'>διὰ</span> 
     </span>
    </p>
   </div>
   <div class='ocr_carea' id='block_1_109' title="bbox 1943 4802 3255 4875">
    <p class='ocr_par' dir='ltr' id='par_1_109' title="bbox 1943 4802 3255 4875">
     <span class='ocr_line' id='line_1_109' title="bbox 1943 4802 3255 4875; baseline 0.005 -17"><span class='ocrx_word' id='word_1_813' title='bbox 1943 4803 2043 4871; x_wconf 75' lang='grc' dir='ltr'>τὴν</span> <span class='ocrx_word' id='word_1_814' title='bbox 2076 4803 2347 4859; x_wconf 85' lang='grc' dir='ltr'>ἀσθένειαν</span> <span class='ocrx_word' id='word_1_815' title='bbox 2375 4806 2473 4867; x_wconf 80' lang='grc' dir='ltr'>τῆς</span> <span class='ocrx_word' id='word_1_816' title='bbox 2505 4805 2723 4875; x_wconf 79' lang='grc' dir='ltr'>σαρκὸς,</span> <span class='ocrx_word' id='word_1_817' title='bbox 2758 4804 2860 4875; x_wconf 74' lang='grc' dir='ltr'>τὴν</span> <span class='ocrx_word' id='word_1_818' title='bbox 2892 4802 2985 4875; x_wconf 77' lang='grc' dir='ltr'>ῗ¹ση</span> <span class='ocrx_word' id='word_1_819' title='bbox 3018 4806 3255 4866; x_wconf 84' lang='grc' dir='ltr'>ἀπαιτῶ.</span> 
     </span>
    </p>
   </div>
   <div class='ocr_carea' id='block_1_110' title="bbox 2019 4890 3596 4973">
    <p class='ocr_par' dir='ltr' id='par_1_110' title="bbox 2019 4890 3596 4973">
     <span class='ocr_line' id='line_1_110' title="bbox 2019 4890 3596 4973; baseline 0.006 -26"><span class='ocrx_word' id='word_1_820' title='bbox 2019 4916 2049 4946; x_wconf 85' lang='grc'><em>‹‹</em></span> <span class='ocrx_word' id='word_1_821' title='bbox 2109 4894 2231 4949; x_wconf 77' lang='grc' dir='ltr'>Ὅτε</span> <span class='ocrx_word' id='word_1_822' title='bbox 2285 4895 2391 4970; x_wconf 73' lang='grc' dir='ltr'>γάρ</span> <span class='ocrx_word' id='word_1_823' title='bbox 2453 4890 2645 4950; x_wconf 88' lang='grc' dir='ltr'>δοῦλοι</span> <span class='ocrx_word' id='word_1_824' title='bbox 2704 4896 2803 4965; x_wconf 78' lang='grc' dir='ltr'>ἦτε</span> <span class='ocrx_word' id='word_1_825' title='bbox 2852 4902 2953 4964; x_wconf 78' lang='grc' dir='ltr'>τῆς</span> <span class='ocrx_word' id='word_1_826' title='bbox 3022 4896 3314 4973; x_wconf 84' lang='grc' dir='ltr'>ἁμαρτίας.</span> <span class='ocrx_word' id='word_1_827' title='bbox 3361 4924 3382 4950; x_wconf 78' lang='grc' dir='ltr'>ι</span> <span class='ocrx_word' id='word_1_828' title='bbox 3446 4901 3596 4971; x_wconf 86' lang='grc' dir='ltr'>Ὅτε,</span> 
     </span>
    </p>
   </div>
   <div class='ocr_carea' id='block_1_111' title="bbox 1945 4982 3596 5065">
    <p class='ocr_par' dir='ltr' id='par_1_111' title="bbox 1945 4982 3596 5065">
     <span class='ocr_line' id='line_1_111' title="bbox 1945 4982 3596 5065; baseline 0.005 -27"><span class='ocrx_word' id='word_1_829' title='bbox 1945 4982 2134 5063; x_wconf 78' lang='grc' dir='ltr'>φησὶν,</span> <span class='ocrx_word' id='word_1_830' title='bbox 2196 4983 2247 5040; x_wconf 72' lang='grc' dir='ltr'>ἐν</span> <span class='ocrx_word' id='word_1_831' title='bbox 2308 4984 2547 5061; x_wconf 81' lang='grc' dir='ltr'>ἁμαρτίᾳ</span> <span class='ocrx_word' id='word_1_832' title='bbox 2603 4983 2777 5055; x_wconf 77' lang='grc' dir='ltr'>ἐζῆτε,</span> <span class='ocrx_word' id='word_1_833' title='bbox 2834 4988 3090 5041; x_wconf 84' lang='grc' dir='ltr'>τοσοῦτον</span> <span class='ocrx_word' id='word_1_834' title='bbox 3169 4985 3474 5057; x_wconf 83' lang='grc' dir='ltr'>ὖπηκούετε</span> <span class='ocrx_word' id='word_1_835' title='bbox 3528 4992 3596 5065; x_wconf 77' lang='grc' dir='ltr'>τῇ</span> 
     </span>
    </p>
   </div>
   <div class='ocr_carea' id='block_1_112' title="bbox 1947 5072 3596 5157">
    <p class='ocr_par' dir='ltr' id='par_1_112' title="bbox 1947 5072 3596 5157">
     <span class='ocr_line' id='line_1_112' title="bbox 1947 5072 3596 5157; baseline 0.003 -28"><span class='ocrx_word' id='word_1_836' title='bbox 1947 5072 2207 5149; x_wconf 74' lang='grc' dir='ltr'>ἁμαρτίᾳ,</span> <span class='ocrx_word' id='word_1_837' title='bbox 2242 5075 2316 5135; x_wconf 84' lang='grc' dir='ltr'>ὡς</span> <span class='ocrx_word' id='word_1_838' title='bbox 2360 5073 2660 5146; x_wconf 83' lang='grc' dir='ltr'>μηὸοτιοῦν</span> <span class='ocrx_word' id='word_1_839' title='bbox 2710 5075 2963 5152; x_wconf 84' lang='grc' dir='ltr'>πράττειν</span> <span class='ocrx_word' id='word_1_840' title='bbox 3021 5076 3212 5133; x_wconf 84' lang='grc' dir='ltr'>καλόν·</span> <span class='ocrx_word' id='word_1_841' title='bbox 3272 5082 3435 5136; x_wconf 88' lang='grc' dir='ltr'>τοῦτο</span> <span class='ocrx_word' id='word_1_842' title='bbox 3492 5081 3596 5157; x_wconf 87' lang='grc' dir='ltr'>γάρ</span> 
     </span>
    </p>
   </div>
   <div class='ocr_carea' id='block_1_113' title="bbox 1947 5161 3595 5241">
    <p class='ocr_par' dir='ltr' id='par_1_113' title="bbox 1947 5161 3595 5241">
     <span class='ocr_line' id='line_1_113' title="bbox 1947 5161 3595 5241; baseline 0.002 -21"><span class='ocrx_word' id='word_1_843' title='bbox 1947 5161 2117 5233; x_wconf 83' lang='grc' dir='ltr'>δηλοῖ</span> <span class='ocrx_word' id='word_1_844' title='bbox 2134 5165 2217 5231; x_wconf 87' lang='grc' dir='ltr'>τὸ,</span> <span class='ocrx_word' id='word_1_845' title='bbox 2244 5163 2557 5240; x_wconf 84' lang='grc' dir='ltr'>Ἐλεύθεροι</span> <span class='ocrx_word' id='word_1_846' title='bbox 2586 5165 2685 5234; x_wconf 76' lang='grc' dir='ltr'>ἦτε</span> <span class='ocrx_word' id='word_1_847' title='bbox 2714 5169 2780 5239; x_wconf 81' lang='grc' dir='ltr'>τῇ</span> <span class='ocrx_word' id='word_1_848' title='bbox 2808 5162 3149 5241; x_wconf 79' lang='grc' dir='ltr'>δικαιοσύνῃ,</span> <span class='ocrx_word' id='word_1_849' title='bbox 3181 5168 3475 5226; x_wconf 76' lang='grc' dir='ltr'>τουτέστιν.</span> <span class='ocrx_word' id='word_1_850' title='bbox 3508 5173 3595 5225; x_wconf 86' lang='grc' dir='ltr'>Ἐν</span> 
     </span>
    </p>
   </div>
   <div class='ocr_carea' id='block_1_114' title="bbox 1946 5251 3597 5330">
    <p class='ocr_par' dir='ltr' id='par_1_114' title="bbox 1946 5251 3597 5330">
     <span class='ocr_line' id='line_1_114' title="bbox 1946 5251 3597 5330; baseline 0.002 -21"><span class='ocrx_word' id='word_1_851' title='bbox 1946 5251 2127 5310; x_wconf 77' lang='grc' dir='ltr'>οὐδενὶ</span> <span class='ocrx_word' id='word_1_852' title='bbox 2158 5254 2258 5323; x_wconf 76' lang='grc' dir='ltr'>ἦτε</span> <span class='ocrx_word' id='word_1_853' title='bbox 2291 5253 2723 5330; x_wconf 81' lang='grc' dir='ltr'>ὑποτεταγμένοι</span> <span class='ocrx_word' id='word_1_854' title='bbox 2755 5253 2916 5329; x_wconf 79' lang='grc' dir='ltr'>αὐτῇ,</span> <span class='ocrx_word' id='word_1_855' title='bbox 2950 5254 3150 5311; x_wconf 79' lang='grc' dir='ltr'>οὐκοῦν</span> <span class='ocrx_word' id='word_1_856' title='bbox 3191 5256 3282 5311; x_wconf 78' lang='grc' dir='ltr'>καί</span> <span class='ocrx_word' id='word_1_857' title='bbox 3341 5261 3428 5312; x_wconf 90' lang='grc' dir='ltr'>νῦν</span> <span class='ocrx_word' id='word_1_858' title='bbox 3480 5256 3597 5315; x_wconf 72' lang='grc' dir='ltr'>ὲπεὶ</span> 
     </span>
    </p>
   </div>
   <div class='ocr_carea' id='block_1_115' title="bbox 1950 5338 3602 5420">
    <p class='ocr_par' dir='ltr' id='par_1_115' title="bbox 1950 5338 3602 5420">
     <span class='ocr_line' id='line_1_115' title="bbox 1950 5338 3602 5420; baseline 0.004 -25"><span class='ocrx_word' id='word_1_859' title='bbox 1950 5341 2242 5414; x_wconf 75' lang='grc' dir='ltr'>μετέστητε</span> <span class='ocrx_word' id='word_1_860' title='bbox 2299 5343 2375 5405; x_wconf 78' lang='grc' dir='ltr'>εἱς</span> <span class='ocrx_word' id='word_1_861' title='bbox 2437 5342 2537 5409; x_wconf 74' lang='grc' dir='ltr'>τὴν</span> <span class='ocrx_word' id='word_1_862' title='bbox 2595 5338 2968 5412; x_wconf 83' lang='grc' dir='ltr'>δικαιοσύνην,</span> <span class='ocrx_word' id='word_1_863' title='bbox 3047 5339 3325 5416; x_wconf 67' lang='grc' dir='ltr'>ἐλεύθεροι</span> <span class='ocrx_word' id='word_1_864' title='bbox 3392 5344 3602 5420; x_wconf 80' lang='grc' dir='ltr'>γίνεσθε</span> 
     </span>
    </p>
   </div>
   <div class='ocr_carea' id='block_1_116' title="bbox 1943 5430 3599 5507">
    <p class='ocr_par' dir='ltr' id='par_1_116' title="bbox 1943 5430 3599 5507">
     <span class='ocr_line' id='line_1_116' title="bbox 1943 5430 3599 5507; baseline 0.004 -22"><span class='ocrx_word' id='word_1_865' title='bbox 1943 5434 2013 5505; x_wconf 80' lang='grc' dir='ltr'>τῇ</span> <span class='ocrx_word' id='word_1_866' title='bbox 2047 5430 2307 5506; x_wconf 81' lang='grc' dir='ltr'>ἁμαρτίᾳ.</span> <span class='ocrx_word' id='word_1_867' title='bbox 2367 5435 2536 5486; x_wconf 87' lang='grc' dir='ltr'>Τοῦτο</span> <span class='ocrx_word' id='word_1_868' title='bbox 2593 5430 2697 5507; x_wconf 78' lang='grc' dir='ltr'>γὰρ</span> <span class='ocrx_word' id='word_1_869' title='bbox 2756 5431 3145 5489; x_wconf 89' lang='grc' dir='ltr'>συνυπακούειν</span> <span class='ocrx_word' id='word_1_870' title='bbox 3183 5432 3211 5488; x_wconf 84' lang='grc' dir='ltr'>ὁ</span> <span class='ocrx_word' id='word_1_871' title='bbox 3242 5433 3446 5498; x_wconf 85' lang='grc' dir='ltr'>σκοπὸς</span> <span class='ocrx_word' id='word_1_872' title='bbox 3500 5439 3599 5492; x_wconf 89' lang='grc' dir='ltr'>τοῦ</span> 
     </span>
    </p>
   </div>
   <div class='ocr_carea' id='block_1_117' title="bbox 1945 5518 3597 5602">
    <p class='ocr_par' dir='ltr' id='par_1_117' title="bbox 1945 5518 3597 5602">
     <span class='ocr_line' id='line_1_117' title="bbox 1945 5518 3597 5602; baseline 0.002 -24"><span class='ocrx_word' id='word_1_873' title='bbox 1945 5520 2222 5596; x_wconf 82' lang='grc' dir='ltr'>ἀνωτέρου</span> <span class='ocrx_word' id='word_1_874' title='bbox 2278 5518 2579 5597; x_wconf 57' lang='grc' dir='ltr'>κεφαλαίου</span> <span class='ocrx_word' id='word_1_875' title='bbox 2657 5518 2893 5576; x_wconf 85' lang='grc' dir='ltr'>ἀπαιτεῖ.</span> <span class='ocrx_word' id='word_1_876' title='bbox 2954 5544 2986 5574; x_wconf 81' lang='grc' dir='ltr'>ι(</span> <span class='ocrx_word' id='word_1_877' title='bbox 3045 5520 3184 5579; x_wconf 87' lang='grc' dir='ltr'>Τίνα</span> <span class='ocrx_word' id='word_1_878' title='bbox 3241 5521 3333 5578; x_wconf 81' lang='grc' dir='ltr'>οὗν</span> <span class='ocrx_word' id='word_1_879' title='bbox 3390 5525 3597 5602; x_wconf 85' lang='grc' dir='ltr'>καρπὸν</span> 
     </span>
    </p>
   </div>
   <div class='ocr_carea' id='block_1_118' title="bbox 1946 5606 3600 5691">
    <p class='ocr_par' dir='ltr' id='par_1_118' title="bbox 1946 5606 3600 5691">
     <span class='ocr_line' id='line_1_118' title="bbox 1946 5606 3600 5691; baseline -0.004 -24"><span class='ocrx_word' id='word_1_880' title='bbox 1946 5608 2127 5687; x_wconf 73' lang='grc' dir='ltr'>εἴχετε</span> <span class='ocrx_word' id='word_1_881' title='bbox 2154 5611 2277 5665; x_wconf 83' lang='grc' dir='ltr'>τότε</span> <span class='ocrx_word' id='word_1_882' title='bbox 2304 5632 2319 5681; x_wconf 87' lang='lat'><strong>;</strong></span> <span class='ocrx_word' id='word_1_883' title='bbox 2354 5633 2383 5664; x_wconf 70' lang='grc' dir='ltr'>ι)</span> <span class='ocrx_word' id='word_1_884' title='bbox 2413 5608 2474 5664; x_wconf 86' lang='grc' dir='ltr'>Τί</span> <span class='ocrx_word' id='word_1_885' title='bbox 2506 5606 2597 5665; x_wconf 77' lang='grc' dir='ltr'>οὖν</span> <span class='ocrx_word' id='word_1_886' title='bbox 2624 5610 2687 5667; x_wconf 83' lang='grc' dir='ltr'><strong>τὸ</strong></span> <span class='ocrx_word' id='word_1_887' title='bbox 2718 5606 2917 5689; x_wconf 75' lang='grc' dir='ltr'>ὄφελος</span> <span class='ocrx_word' id='word_1_888' title='bbox 2948 5610 3093 5684; x_wconf 84' lang='grc' dir='ltr'>ὑμῖν,</span> <span class='ocrx_word' id='word_1_889' title='bbox 3127 5610 3284 5691; x_wconf 74' lang='grc' dir='ltr'>φησί,</span> <span class='ocrx_word' id='word_1_890' title='bbox 3332 5617 3434 5685; x_wconf 84' lang='grc' dir='ltr'>τῆς</span> <span class='ocrx_word' id='word_1_891' title='bbox 3487 5615 3600 5672; x_wconf 78' lang='grc' dir='ltr'>πά-</span> 
     </span>
    </p>
   </div>
   <div class='ocr_carea' id='block_1_119' title="bbox 1944 5692 3595 5777">
    <p class='ocr_par' dir='ltr' id='par_1_119' title="bbox 1944 5692 3595 5777">
     <span class='ocr_line' id='line_1_119' title="bbox 1944 5692 3595 5777; baseline 0.002 -22"><span class='ocrx_word' id='word_1_892' title='bbox 1944 5696 2038 5755; x_wconf 88' lang='grc' dir='ltr'>λαι</span> <span class='ocrx_word' id='word_1_893' title='bbox 2097 5697 2420 5770; x_wconf 77' lang='grc' dir='ltr'>πονηρίας;</span> <span class='ocrx_word' id='word_1_894' title='bbox 2477 5692 2667 5768; x_wconf 75' lang='grc' dir='ltr'>Οὐδὲν,</span> <span class='ocrx_word' id='word_1_895' title='bbox 2728 5692 2990 5769; x_wconf 83' lang='grc' dir='ltr'>δηλονότι</span> <span class='ocrx_word' id='word_1_896' title='bbox 3055 5698 3119 5755; x_wconf 88' lang='grc' dir='ltr'>τὸ</span> <span class='ocrx_word' id='word_1_897' title='bbox 3174 5695 3595 5777; x_wconf 78' lang='grc' dir='ltr'>ἐπαισχύνεσθαι</span> 
     </span>
    </p>
   </div>
   <div class='ocr_carea' id='block_1_120' title="bbox 1946 5785 3596 5869">
    <p class='ocr_par' dir='ltr' id='par_1_120' title="bbox 1946 5785 3596 5869">
     <span class='ocr_line' id='line_1_120' title="bbox 1946 5785 3596 5869; baseline 0.001 -23"><span class='ocrx_word' id='word_1_898' title='bbox 1946 5787 2086 5865; x_wconf 76' lang='grc' dir='ltr'>ὑμᾶς</span> <span class='ocrx_word' id='word_1_899' title='bbox 2113 5790 2220 5844; x_wconf 85' lang='grc' dir='ltr'>νῦν·</span> <span class='ocrx_word' id='word_1_900' title='bbox 2254 5786 2431 5851; x_wconf 80' lang='grc' dir='ltr'>οὓτως</span> <span class='ocrx_word' id='word_1_901' title='bbox 2461 5787 2563 5866; x_wconf 83' lang='grc' dir='ltr'>γάρ</span> <span class='ocrx_word' id='word_1_902' title='bbox 2595 5785 2757 5844; x_wconf 84' lang='grc' dir='ltr'>κακὸν</span> <span class='ocrx_word' id='word_1_903' title='bbox 2791 5788 2829 5859; x_wconf 75' lang='grc' dir='ltr'><strong>ἡ</strong></span> <span class='ocrx_word' id='word_1_904' title='bbox 2858 5785 3119 5866; x_wconf 78' lang='grc' dir='ltr'>ἁμαρτία,</span> <span class='ocrx_word' id='word_1_905' title='bbox 3175 5787 3259 5847; x_wconf 85' lang='grc' dir='ltr'>’ὀτι</span> <span class='ocrx_word' id='word_1_906' title='bbox 3311 5787 3402 5847; x_wconf 72' lang='grc' dir='ltr'>καὶ</span> <span class='ocrx_word' id='word_1_907' title='bbox 3454 5811 3596 5869; x_wconf 81' lang='grc' dir='ltr'>μετα</span> 
     </span>
    </p>
   </div>
  </div>
