4114 6430
431 458 554 522 M5

1543 456 1959 523 GOMMENT.
2006 458 2090 523 IN
2134 458 2386 525 EPIST.
2432 462 2538 525 AD
2583 466 2774 528 ROM.

3741 464 3862 528 446

437 590 795 668 ἆπαλλαγὴν,
821 591 1142 673 αἶσχ-ὗνεταί
1169 612 1255 656 τις
1287 590 1374 650 ἐπ’
1418 589 1577 666 αὐτῇ.
1613 614 1634 643 ιι
1670 591 1750 650 Τὸ
1807 592 1913 670 γάρ
1940 590 2102 655 τὲλος

2223 594 2292 653 ob
2321 595 2517 671 ipsum
2547 597 2764 657 rubore
2795 602 3191 659 suﬂ‘undatur.
3223 626 3249 653 ιι
3280 604 3423 659 Nam
3457 601 3596 659 ﬁnis
3624 601 3868 660 illorum

436 682 659 741 ἐκείνων
686 683 937 744 θάνατος.
972 706 1001 735 ››
1036 682 1114 741 0'6
1151 683 1314 757 μόνον
1350 683 1457 738 ἀπὸ
1493 689 1596 751 τῆς
1635 679 1928 757 α’σχῦνης,
1959 679 2109 739 ἀλλὰ

432 773 524 831 καὶ
565 773 675 828 ἀπὸ
731 776 841 830 τῶν
903 771 1369 847 ἀποτελεσμάτων
1430 776 1824 842 κατασκευαζει
1882 772 1944 828 τὸ
2006 791 2109 846 μο-

436 862 657 944 χθηρὸν
686 869 787 932 τῆς
829 861 1115 934 ἁμαρτίας.
1174 862 1253 921 Τὸ
1283 860 1444 925 τέλος
1503 861 1742 929 ἐκείνων,
1806 860 1962 939 φησὶ,
2017 860 2106 924 θά-

431 974 593 1010 νατον
623 948 763 1028 ἔχει.
790 955 957 1008 τοῦτο
989 948 1058 1020 δὴ
1100 950 1194 1008 τὸυ
1223 951 1443 1022 νοητόν.
1480 976 1504 1001 ιι
1541 951 1743 1026 Ἔχετε
1780 951 1873 1006 τὸν
1903 952 2109 1024 καρπὸν

434 1042 588 1111 ὗμῶν
618 1041 697 1106 εἰς
725 1040 1017 1119 ἁγιασμόν.
1056 1066 1084 1094 ››
1117 1042 1374 1099 Ἐκείνων
1437 1041 1550 1114 μὲν,
1586 1039 1776 1121 φησὶν,
1809 1041 1838 1097 6
1893 1038 2108 1114 καρπὸς

432 1132 666 1197 θάνατος
694 1129 787 1188 καὶ
817 1130 1077 1208 αἰσχ-Βνη·
1110 1131 1319 1188 τοέτων
1371 1128 1429 1187 δὶ
1483 1130 1513 1187 6
1570 1132 1803 1208 καρπὸς.
1835 1129 2112 1205 ἁγιασμὸς

429 1224 524 1282 καὶ
559 1224 675 1294 ζωὴ
708 1222 953 1283 αἰώνιος.
975 1219 1133 1281 Ἀλλ’
1164 1222 1322 1297 ’ὅμως
1347 1221 1438 1279 καὶ
1466 1222 1676 1279 τούτων
1711 1222 1887 1286 οὓτως
1916 1217 2108 1277 ὄντων’

430 1312 715 1396 Vicina?
767 1311 943 1376 οὕτως
999 1316 1078 1384 τῷ
1138 1316 1256 1385 Θεῷ
1315 1308 1669 1379 δουλεέσατε,
1737 1308 1922 1388 ὥσπερ
1979 1311 2113 1367 ποτε

430 1404 520 1460 καὶ
550 1401 623 1477 τῇ
655 1400 956 1472 ἀκαθαρσίᾳ
985 1401 1077 1456 καὶ
1107 1403 1177 1475 τῇ
1204 1401 1431 1475 ἀνομίᾳ,
1471 1424 1492 1451 ιι
1527 1402 1607 1460 Τὸ
1639 1399 1698 1459 ’ὁὶ
1743 1402 1901 1465 τέλος
1962 1401 2111 1473 ζωὴν

430 1494 682 1550 αἰώνιον.
710 1516 738 1544 ιο
771 1493 870 1549 Ἐκ
897 1491 1008 1547 τῶν
1057 1488 1365 1564 δεδομένων
1424 1490 1493 1546 τα
1552 1488 1988 1568 προσδοκώμενα
2018 1510 2113 1545 πι-

432 1588 682 1652 στοῦται,
711 1583 1017 1651 τουτέστιν,
1047 1580 1158 1637 ἀπὸ
1191 1582 1491 1658 ἀγιασμοῦ,
1521 1580 1623 1649 τὴν
1683 1578 1904 1635 αἰώνιον
1938 1580 2109 1651 ζωήν.

437 1696 472 1727 α
500 1672 575 1728 Ti
601 1672 706 1750 γάρ
747 1670 966 1745 ὀψώνια
996 1676 1097 1741 τῆς
1129 1669 1402 1745 ἁμαρτίας
1467 1671 1721 1733 θάνατος.
1750 1692 1779 1721 ››
1832 1669 1910 1724 Τὰ
1962 1667 2117 1744 ὀψώ-

446 1759 1024 1837 νια,οἷονὸκαρπὸς,
1083 1758 1119 1831 ἢ
1177 1755 1375 1834 δωρεά.
1447 1757 1722 1833 Ὀψώνιον
1780 1755 2022 1833 λέγεται,
2075 1758 2111 1827 ἡ

455 1849 707 1929 βασιλική
769 1846 970 1924 δωρεά.
1028 1849 1170 1924 Ὅρα
1223 1845 1281 1905 δὲ
1328 1846 1381 1919 ἐξ
1468 1846 1541 1903 ὧν
1626 1846 1975 1923 ἐπεξέρχεται
2030 1849 2112 1920 τῷ

2216 702 2399 744 mors.
2427 709 2456 739 »
2483 689 2610 745 Non
2643 689 2837 746 solum
2868 708 2903 746 a
2932 693 3179 764 pudore,
3202 710 3404 749 verum
3427 692 3604 748 etiam
3637 692 3710 749 ab
3732 694 3869 748 effe-

2216 775 2410 832 ctibus
2435 780 2661 849 peccati
2691 779 2978 836 malitiam
3012 781 3345 838 confirmat.
3388 781 3549 837 Finis
3602 780 3865 850 illorum,

2216 864 2690 936 inquit,mortem
2721 868 3115 941 habet,idque
3147 870 3538 942 spiritualem.
3567 891 3590 921 ιι
3627 869 3866 925 Habetis

2213 953 2469 1011 fructum
2494 963 2751 1013 vestrum
2788 958 2849 1014 in
2882 959 3414 1016 sanctiﬁcationem
3449 982 3473 1008 ·›
3496 958 3761 1021 Illorum,
3783 958 3869 1013 in-

2212 1042 2364 1113 ‘quit.
2398 1043 2623 1101 fructus
2656 1062 2815 1102 mors
2846 1054 2937 1103 est
2983 1053 3043 1103 et
3088 1036 3381 1115 confusio,
3426 1047 3634 1104 horum
3667 1052 3867 1103 autem

2214 1130 2443 1192 fructus
2503 1135 2894 1193 sanctiﬁcatio
2926 1143 3018 1193 est
3067 1143 3127 1193 et
3181 1137 3298 1192 vita
3354 1142 3596 1192 aeterna.
3655 1137 3869 1192 Verum

2219 1238 2560 1295 quanquam
2594 1225 2719 1281 haec
2748 1225 2830 1281 ita
2865 1241 2927 1283 se
2960 1225 3238 1293 habeant,
3271 1224 3483 1281 saltem
3514 1225 3597 1281 ita
3614 1225 3728 1282 Deo
3749 1241 3873 1280 ser-

2216 1312 2353 1380 vite,
2387 1312 2892 1386 quemadmodum
2924 1315 3065 1370 olim
3101 1312 3499 1371 immunditim
3533 1320 3593 1370 et
3651 1313 3874 1384 iniqui-

2216 1403 2363 1460 tati:
2397 1425 2425 1453 ‹‹
2457 1404 2665 1462 Finem
2697 1421 2832 1462 vero
2864 1405 3043 1461 vitam
3076 1412 3382 1462 aeternam.
3411 1426 3437 1453 ›.
3470 1403 3557 1460 Ab
3588 1403 3683 1460 his
3742 1420 3873 1475 qum

2219 1492 2355 1549 data
2376 1499 2747 1557 sunt,eorum
2780 1493 2959 1552 ﬁdem
2991 1494 3129 1552 facit
3162 1513 3294 1567 quae
3317 1493 3876 1567 exspectantur,hoc

2218 1587 2326 1649 est,
2350 1600 2386 1639 a
2411 1583 2881 1641 sanctificatione
2930 1585 3109 1641 vitam
3141 1591 3425 1641 aeternam
3473 1583 3671 1640 infert.
3709 1605 3738 1633 «
3769 1582 3875 1637 Sti.

2216 1671 2439 1746 pendia
2467 1672 2632 1729 enim
2664 1675 2892 1745 peccati
2920 1691 3099 1730 mors.
3129 1696 3155 1723 ››
3176 1673 3501 1746 Stipendia,
3514 1679 3676 1730 lucra
3692 1671 3872 1728 veluti

2214 1763 2443 1819 fructus
2473 1761 2561 1818 vel
2595 1761 2837 1820 donum.
2893 1762 3189 1838 Ὀψώνιον,
3222 1764 3284 1821 id
3314 1769 3422 1829 est,
3484 1762 3873 1835 stipendium,

2219 1851 2437 1909 dicitur
2465 1851 2688 1909 donum
2715 1853 2891 1927 regis.
2953 1852 3096 1911 Vide
3155 1861 3355 1910 autem
3406 1852 3624 1925 quibus
3682 1851 3876 1908 verbis

455 1939 626 2019 λόγῳ.
678 1936 1121 2013 ἀσφαλεστέρους
1174 1958 1235 1995 τε
1292 1936 1492 2000 αὐτοὺς
1556 1937 1693 2012 πρὸς
1773 1938 1837 1993 τὸ
1902 1934 2107 2010 μέλλον

2223 1958 2555 1998 sermonem
2589 1941 2899 2000 edisserat.
2934 1945 3078 2000 Nam
3103 1942 3238 2000 illos
3271 1949 3330 2001 et
3359 1943 3653 2000 ﬁrmiores
3685 1939 3881 1998 reddit

445 2034 612 2099 ποιεῖ,
669 2028 762 2085 γαὶ
821 2026 984 2085 αὐτοὶ
1072 2027 1490 2104 εὐκαριστοῦσιν
1572 2027 1647 2083 ὧν
1752 2025 2107 2103 ἐρῥῦσθτ,σαν.

437 2152 509 2165 -
539 2120 701 2197 [du't‘
727 2119 748 2197 ]
779 2118 1054 2193 Ὀψώνιον
1085 2114 1176 2173 διὰ
1227 2125 1329 2187 της
1386 2115 1657 2191 ἁμαρτίας
1710 2114 2016 2190 ὠνούμεθα,
2076 2112 2111 2169 ἅ

435 2211 580 2283 ἡμῖν
636 2207 811 2279 ἑκεῖνη
869 2204 1245 2283 πραττομένη,
1318 2201 1635 2260 ἀντιδίδωσι
1690 2203 1781 2259 καὶ
1839 2203 2105 2280 προξενεῖ.

438 2324 467 2354 ιι
501 2299 576 2353 Τὸ
599 2294 658 2354 δὲ
686 2296 936 2372 χάρισμα
967 2299 1069 2351 τοῦ
1092 2297 1249 2352 Θεοῦ.
1311 2317 1340 2346 ι)
1389 2293 1506 2352 Οὐκ
1561 2293 1734 2348 εἶπεν·
1792 2294 1856 2351 Ὀ
1917 2293 2110 2365 μιτθὸς

435 2393 554 2446 τῶν
583 2385 1051 2463 κατορθωμάτων,
1098 2381 1269 2454 ἀλλὰ,
1303 2408 1330 2436 ιι
1387 2384 1660 2460 Χάρισμα,
1698 2406 1726 2434 η
1783 2379 1993 2445 δεικνὺς
2024 2382 2108 2437 δτι

439 2478 551 2536 οὐκ
580 2475 644 2533 ἐκ
670 2474 954 2549 καμάτων,
987 2472 1134 2532 ἀλλὰ
1162 2474 1299 2529 κατὰ
1331 2471 1495 2549 χάριν
1544 2468 1941 2549 ἀπηλλάγησαν
1997 2475 2106 2528 τῶν

438 2571 729 2646 ἁμαρτιῶν
740 2610 754 2623 .

1072 2656 1341 2713 ΚΕΦΔΛ.
1405 2653 1484 2711 Ω“.

663 2744 1048 2821 Ἐπανάληψις
1077 2741 1202 2821 περὶ
1248 2749 1349 2813 τῆς
1401 2739 1454 2798 ἓν
1499 2741 1688 2820 χάριτι
1718 2746 1888 2815 ζωῆς.

519 2837 597 2895 ’Ἠ
626 2836 888 2909 ἀγνοεῖτε,
919 2831 1173 2915 ἀδελφοὶ,
1203 2832 1535 2911 γινώσκουσι
1585 2833 1692 2908 γὰρ
1720 2831 1892 2904 νόμον
1922 2828 2109 2898 λαλῶ,

438 2925 533 2985 ετι
565 2927 595 2982 6
622 2925 797 2999 νόμος
826 2922 1065 3000 κυριεύει
1090 2926 1188 2978 τοῦ
1235 2921 1524 2998 ἀνθρώπου
1590 2920 1673 2996 ἐφ’
1726 2921 1851 2977 ὅσον
1907 2920 2107 3000 χρόνον

2215 2030 2291 2088 ad
2314 2031 2373 2088 id
2399 2031 2556 2101 quod
2588 2031 2851 2088 futurum
2888 2038 2996 2089 est.
3017 2038 3076 2088 et
3103 2038 3168 2088 ut
3195 2032 3269 2090 de
3325 2033 3419 2089 his
3449 2032 3667 2106 gratias
3698 2035 3877 2105 agant

2215 2134 2251 2175 a
2279 2118 2496 2191 quibus
2529 2119 2760 2176 liberati
2785 2125 2944 2183 sunt,
2979 2121 3180 2178 efﬁcit.
3216 2121 3589 2194 Stipendium
3619 2119 3875 2175 facimus

2214 2223 2322 2280 per
2351 2217 2680 2279 peccatum,
2704 2210 2864 2282 quod
2893 2210 3065 2266 nobis
3097 2211 3248 2267 illud
3290 2216 3695 2284 perpetratum
3727 2226 3871 2268 con-

2215 2296 2381 2354 ciliat
2437 2312 2505 2355 ac
2558 2299 2852 2372 rependit.
2892 2324 2911 2348 ι
2977 2301 3206 2356 Donum
3266 2306 3464 2357 autem
3522 2301 3647 2357 Dei.
3684 2323 3711 2349 υ
3745 2302 3873 2355 Non

2216 2385 2402 2443 dixit:
2438 2388 2657 2444 Merces
2701 2387 2994 2445 bonorum
3050 2407 3319 2461 operum.
3353 2389 3460 2447 sed
3489 2413 3515 2439 ιι
3559 2389 3808 2455 donum,
3845 2412 3875 2440 »

2215 2475 2537 2533 ostendens
2567 2476 2728 2549 quod
2752 2495 2872 2534 non
2904 2496 3009 2551 per
3031 2479 3286 2549 labores,
3319 2479 3425 2537 sed
3466 2496 3572 2553 per
3616 2479 3868 2553 gratiam

2214 2564 2451 2623 liberati
2485 2567 2607 2623 sint
2634 2584 2667 2623 a
2687 2567 2964 2641 peceatis.

2751 2658 2907 2715 284
2956 2658 3187 2717 CAPUT
3236 2660 3333 2714 IX.

2432 2747 2705 2818 Repetitio
2734 2747 2801 2802 de
2830 2751 2946 2804 vita
2974 2765 3097 2819 qua:
3149 2755 3226 2804 est
3271 2751 3330 2803 in
3361 2748 3652 2806 charitate.

2288 2835 2406 2901 VII,
2441 2836 2545 2891 1-3.
2579 2840 2667 2893 An
2699 2840 2993 2908 ignoratis,
3041 2841 3243 2908 fratres
3275 2836 3589 2911 (scientibus
3610 2837 3759 2895 enim
3789 2838 3870 2895 le-

2214 2941 2337 2997 gem
2365 2925 2607 2999 loquor),
2640 2929 2792 2999 quod
2809 2928 2899 2983 lea:
2921 2930 3233 2984 dom-inetur
3261 2928 3472 2984 homini
3499 2935 3709 3000 quanto
3731 2934 3871 2984 temo

434 3021 511 3093 ζῇ
547 3035 564 3089 ;
592 3017 659 3075 Ἦ
690 3014 793 3093 γάρ
821 3009 1094 3089 ὕπανδρος
1123 3012 1287 3088 γυνὴ,
1349 3015 1429 3083 τῷ
1492 3014 1655 3081 ζῶντι
1712 3007 1869 3086 ἀνδρὶ
1900 3005 2111 3066 δέδεται

2223 3033 2350 3088 pore
2377 3016 2517 3073 vivit
2544 3020 2573 3073 ?
2603 3018 2803 3074 Mulier
2823 3020 2965 3072 enim
2995 3020 3116 3074 viro
3171 3018 3437 3089 subjecta.
3487 3017 3695 3074 viventi
3748 3019 3869 3074 viro

431 3111 618 3181 νόμῳ·
650 3104 740 3161 ἐὰν
761 3101 821 3161 δὲ
865 3102 1117 3178 ἀποθάνῃ
1150 3103 1179 3157 6
1240 3101 1403 3177 ἀνὴρ,
1464 3102 1808 3179 κατήργηται
1860 3099 1965 3155 ἀπὸ
2013 3102 2111 3155 τοῦ

435 3198 622 3271 νόμου
671 3199 768 3250 τοῦ
842 3189 1057 3268 ἀνδρός.
1119 3193 1264 3268 Ἀρα
1315 3190 1406 3247 οῦν
1457 3195 1659 3260 ζῶντος
1738 3193 1835 3245 τοῦ
1919 3184 2114 3265 ἀνδρὸς

437 3284 717 3367 μοιχαλὶς
748 3281 1111 3366 χρηματίσει,
1144 3281 1233 3337 ἐὰν
1267 3278 1496 3358 γένηται
1554 3276 1705 3355 ἀνδρὶ
1754 3278 1945 3352 ἑτέρῳ.
1982 3277 2107 3336 Ἐὰν

434 3372 1029 3450 δὶᾱιποθάνῃὸἆνήρ,
1086 3368 1347 3448 ἐλευθέρα
1398 3368 1541 3426 ἐστὶν
1595 3367 1703 3425 ἀπὸ
1759 3371 1856 3424 τοῦ
1911 3367 2106 3441 νόμου,

431 3472 536 3527 τοῦ
598 3467 676 3540 μή
738 3465 881 3520 εἶναι
939 3461 1107 3531 αὐτὴν
1187 3456 1519 3538 μοιχαλίδα,
1603 3459 1899 3535 γενομένην
1956 3452 2110 3534 ἀνδρὶ

436 3556 639 3632 ἱτὲρῳ.

518 3645 646 3704 Μετ’
672 3640 956 3724 ἑγκωμίου
988 3639 1136 3718 λέγει
1164 3639 1250 3707 τὸ,
1283 3663 1313 3692 ιι
1376 3635 1737 3697 Γινώσκουσι.
1767 3660 1797 3690 ››
1825 3669 1892 3681 --
1924 3659 1954 3690 ιι
1984 3637 2111 3695 Ὅτι

460 3736 677 3808 δνὸμος
699 3732 938 3811 κυριεύει
996 3734 1094 3787 τοῦ
1151 3728 1443 3804 ἀνθρώπου
1477 3746 1491 3799 ;
1527 3752 1554 3780 ι)
1606 3727 1771 3786 Εἶπεν
1830 3725 1963 3791 ἅνω,
2025 3725 2109 3782 ὅτι

460 3825 783 3899 ἀπεθάνομεν
862 3826 933 3897 τῇ
1008 3818 1275 3897 ἁμαρτίᾳ,
1365 3822 1660 3896 τοιγαροῦν
1720 3817 1784 3874 οὔ
1870 3816 2111 3889 κυριεύει

457 3917 638 3990 ἡμῶν,
666 3920 771 3972 τῶν
803 3914 932 3971 ’ὅσον
967 3912 1047 3969 ἐπ’
1080 3910 1216 3985 αὐτῇ
1246 3915 1453 3987 νεκρῶν
1483 3905 1683 3981 ὄντων,
1720 3914 1815 3964 νῦν
1844 3905 1901 3965 δὲ
1960 3907 2108 3964 θέλει

450 4005 644 4079 δεῖξαι,
683 4006 767 4063 δτι
797 4004 925 4061 οὔτε
949 4004 978 4058 6
1035 4001 1209 4075 νόμος
1241 4002 1403 4074 ἡμῶν
1437 3999 1697 4076 κυριεύει.
1736 3998 2107 4076 Ἀνθρώπινον

443 4096 505 4155 δὶ
537 4093 679 4171 λέγει
712 4092 1077 4171 παρὰὶειγμα.
1114 4092 1252 4149 Εἶτα
1307 4090 1520 4167 προϊὼν
1581 4087 1847 4146 δείκνυσιν
1904 4089 1986 4145 δτι
2048 4087 2110 4145 οῦ

445 4188 618 4263 μόνον
653 4188 819 4259 ἡμεῖς
850 4182 1188 4256 ἀπεθάνομεν
1216 4184 1296 4252 τῷ
1324 4179 1503 4254 νόμῳ,
1535 4178 1678 4235 ἀλλὰ
1708 4177 1799 4235 καὶ
1856 4180 1885 4235 6
1940 4177 2110 4251 νόμος

440 4277 681 4336 ἀπέθανε
707 4277 777 4349 τῇ
810 4272 1097 4350 ἐπηγανείᾳ
1132 4273 1231 4326 τοῦ
1260 4272 1527 4346 Χριστοῦ.
1562 4292 1590 4322 ιι
1622 4272 1730 4328 Τοῦ
1762 4267 2109 4340 ἀνθρώπου.»

442 4366 569 4428 Οὔκ
597 4364 747 4421 εἶπεν
776 4361 972 4440 ἀνδρὸς
1012 4360 1048 4433 ἢ
1081 4363 1360 4439 γυναικὸς,
1394 4358 1563 4429 ἀλλὰ,
1617 4383 1643 4411 ιι
1704 4358 2047 4436 Ἀνθρώπου,
2081 4381 2111 4412 io

435 4456 541 4514 ’ἕνα
571 4455 915 4535 ἆμφοτέρους
948 4449 1204 4525 δηλώσῃ.
1238 4473 1267 4504 ιι
1328 4450 1455 4528 Ἐφ’
1514 4448 1640 4505 ὅσον
1691 4449 1895 4531 χρόνον
1956 4452 2046 4523 ζῇ.
2078 4470 2110 4505 υ

444 4547 556 4609 Τίς
591 4564 607 4615 ;
650 4541 916 4612 Δηλονότι
947 4543 975 4597 6
1009 4538 1315 4616 ἅνθρωπος.
1353 4536 1755 4601 Ἐλλειπτικῶς
1812 4539 1904 4595 οῦν
1958 4537 2113 4615 ε”ρη-

443 4658 566 4695 ται.
600 4634 776 4712 Σαφὲς
808 4629 866 4688 δὲ
906 4631 1041 4688 αὐτὸ
1071 4635 1242 4696 ποιεῖ,
1298 4629 1362 4685 τὸ
1419 4627 1783 4707 ἐπαγόμενον.
1814 4651 1842 4680 ιι
1890 4628 1953 4685 Ἠ
2008 4628 2112 4705 γάρ

2217 3108 2455 3178 alligata
2485 3113 2562 3163 est
2584 3124 2691 3177 per
2720 3107 2891 3178 legem
2921 3126 2941 3161 .-
2980 3108 3131 3180 quod
3155 3109 3205 3161 si
3233 3114 3483 3163 mortuus
3537 3108 3710 3177 fuerit
3763 3110 3869 3177 vir,

2218 3197 2470 3255 absoluta
2499 3203 2576 3252 est
2607 3213 2641 3251 a
2673 3197 2789 3266 lege
2816 3198 2944 3252 viri.
2977 3199 3172 3268 Itaque
3200 3198 3413 3252 vivente
3441 3194 3582 3262 uiro,
3617 3196 3875 3252 adultera

2209 3285 2584 3359 judiciibitur,
2617 3287 2666 3342 si
2691 3303 2746 3342 se
2766 3286 3028 3357 junxerit
3058 3287 3160 3342 alii
3183 3290 3303 3342 viro
3335 3303 3352 3340 :
3381 3288 3467 3342 sin
3508 3293 3694 3342 autem
3722 3302 3870 3341 mor-

2221 3381 2344 3432 tuus
2372 3377 2544 3445 fuerit
2572 3374 2681 3436 vir.
2706 3375 2881 3432 libera
2909 3384 2985 3434 est
3003 3395 3037 3432 a
3071 3377 3205 3448 lege,
3231 3383 3291 3432 ut
3321 3392 3432 3434 non
3486 3378 3559 3433 sit
3589 3375 3871 3442 adultera,

2215 3465 2266 3524 si
2282 3467 2553 3539 jungitur
2566 3465 2671 3522 alii
2697 3471 2837 3523 viro.

2288 3649 2437 3704 Cum
2468 3645 2739 3703 encomio
2789 3643 2932 3704 dicit
2994 3671 3013 3694 -
3068 3645 3405 3706 Scientibus
3460 3645 3737 3721 legem.»
3808 3676 3874 3688 -

2219 3755 2251 3786 ιι
2281 3734 2446 3801 Quod
2476 3734 2570 3791 lex
2601 3735 2947 3793 dominetur
3000 3734 3229 3793 homini
3267 3736 3296 3792 ‘?
3327 3762 3351 3787 ››
3388 3736 3670 3808 Superius
3728 3737 3877 3796 dixit

2219 3823 2380 3897 quod
2412 3825 2628 3880 mortui
2662 3841 2870 3880 sumus
2901 3832 3180 3897 peccato:
3206 3826 3378 3881 nobis
3408 3826 3610 3898 itaque
3640 3843 3760 3882 non
3776 3826 3875 3885 do-

2219 3912 2503 3977 minatur,
2536 3930 2606 3969 ea
2635 3912 2864 3968 ratione
2893 3930 3011 3985 qua
3040 3930 3246 3970 sumus
3289 3913 3378 3968 illi
3437 3914 3680 3978 mortui,
3712 3932 3870 3972 nunc

2218 4008 2417 4060 autem
2447 4002 2573 4058 vult
2601 4001 2915 4059 ostendere
2945 4002 3106 4074 quod
3134 4019 3328 4074 neque
3386 4003 3480 4059 lex
3510 4002 3872 4063 dominetur.

2218 4093 2554 4150 Humanum
2586 4099 2783 4148 autem
2813 4091 3040 4165 profert
3071 4093 3431 4165 exemplum.
3488 4093 3706 4150 Deinde
3738 4112 3877 4166 pro-

2218 4180 2485 4241 cedendo
2516 4181 2798 4249 ostendit,
2833 4180 2989 4254 quod
3021 4198 3141 4238 non
3165 4182 3356 4238 solum
3383 4200 3492 4240 nos
3520 4182 3636 4258 legi
3656 4184 3874 4240 mortui

2220 4288 2427 4329 sumus
2457 4270 2591 4327 :sed
2622 4276 2681 4327 et
2709 4270 2802 4327 lex
2818 4278 3052 4329 mortua
3082 4278 3172 4328 est
3190 4288 3298 4345 per
3326 4272 3644 4330 adventum
3658 4275 3869 4332 Chrisi.

2224 4385 2253 4413 ιι
2284 4360 2542 4418 Homini.
2582 4382 2608 4410 ››
2640 4362 2765 4418 Non
2798 4360 2946 4417 dixit
2973 4361 3118 4430 viro,
3150 4367 3252 4418 aut
3278 4364 3538 4425 mulieri.
3573 4364 3677 4419 sed
3714 4384 3735 4410 ι
3764 4364 3875 4421 ho-

2220 4450 2391 4518 mini,
2425 4470 2448 4501 υ
2492 4456 2558 4505 ut
2613 4454 2938 4522 utrumque
2999 4449 3312 4522 signiﬁcat.
3347 4474 3375 4503 «
3443 4455 3673 4520 Quanto
3734 4459 3876 4511 tem-

2220 4556 2365 4614 pore
2394 4539 2551 4594 vivit.
2590 4561 2616 4588 »
2649 4541 2791 4606 Quis
2813 4540 2841 4595 7
2871 4540 3050 4596 homo
3084 4540 3378 4599 videlicet.
3439 4544 3552 4599 Per
3580 4543 3877 4601 defectum

2223 4646 2361 4703 ergo
2393 4628 2621 4686 dictum
2653 4634 2762 4696 est,
2788 4628 2892 4685 sed
2923 4629 2985 4686 id
3043 4630 3201 4702 quod
3258 4631 3643 4705 subjungitur
3700 4632 3884 4689 efﬁcit

446 4710 726 4800 ’ὑπανδροξ
754 4723 915 4797 γυνή.
952 4742 977 4774 n
1010 4721 1099 4778 Ἐν
1158 4719 1302 4793 τάξει
1330 4722 1433 4774 τοῦ
1483 4715 1705 4794 ἀνδρὸς,
1762 4717 1970 4782 τέθεικε
2013 4715 2104 4773 τὸν

2223 4718 2389 4775 illum
2422 4716 2835 4774 manifestum.
2868 4740 2898 4769 «
2932 4719 3142 4774 Mulier
3171 4721 3332 4776 enim
3362 4720 3487 4776 viro
3525 4720 3813 4794 subjecta-
3849 4745 3877 4773 »

443 4816 652 4889 νόμον,
710 4811 763 4868 ἰν
819 4810 966 4882 τάξει
1029 4805 1089 4865 δὶ
1144 4809 1423 4883 γυναικὸς,
1489 4806 1618 4872 τοὺς
1701 4807 2107 4870 πιστεύσαντας.

447 4932 481 4961 α
512 4907 642 4964 ’Eiv
676 4899 735 4959 δὶ
763 4901 1010 4974 ἀποθάνῃ
1048 4899 1077 4954 6
1135 4898 1296 4973 ἀνήρ.
1362 4920 1386 4952 ιι
1422 4899 1511 4955 Ἐν
1565 4902 1647 4971 τῷ
1706 4894 2111 4973 παραδείγματι

443 5003 555 5065 τῆς
587 4991 912 5070 χήρας,τόν
958 4989 1130 5061 νόμον
1193 4986 1503 5044 ὑποτίθεται
1562 4987 1926 5056 ἀποθανόντα,
1983 4983 2112 5043 ἀλλ’

448 5085 562 5142 οὐκ
600 5082 654 5139 ἓν
711 5085 794 5155 τῷ
848 5076 1292 5154 συμπεράσματι,
1341 5073 1439 5132 ’ίνα
1496 5077 1573 5149 μὴ
1635 5075 1850 5153 ἐπαχθῆ
1908 5077 2116 5151 ποιήσῃ

445 5178 545 5233 τὸν
576 5172 767 5249 λόγον,
819 5169 990 5242 μόνον
1049 5165 1240 5229 ἁπλῶς
1297 5162 1687 5245 διηγούμενος.
1747 5191 1768 5218 ι
1823 5166 1965 5224 Ἀπὸ
2018 5169 2117 5222 τοῦ

444 5266 651 5339 νόμου.
684 5284 714 5315 »
771 5262 881 5319 Τοῦ
932 5257 1357 5332 νομοθετοῦντος
1415 5255 1540 5331 περὶ
1596 5260 1694 5313 τοῦ
1750 5253 1966 5331 ἀνδρὸς,
2025 5254 2116 5312 καὶ

451 5354 785 5426 δεσμοῦντος
810 5348 910 5417 τὴν
942 5350 1171 5423 γυναῖκα
1200 5345 1337 5422 πρὸς
1375 5344 1561 5404 αὐτόν.
1594 5346 1673 5404 T6
1704 5342 1782 5417 δὲ,
1818 5347 2117 5423 Κατήργη-

450 5466 567 5509 ται,
598 5439 720 5498 ἀντὶ
748 5442 870 5507 τοῦ,
902 5435 1258 5504 ἀπολέλυται,
1290 5433 1687 5512 ἧλευθὲρωται.

527 5536 713 5599 "una,
772 5523 1005 5600 ἀδελφοί
1065 5545 1192 5598 μου,
1248 5523 1340 5580 καὶ
1403 5524 1560 5597 ὑμεῖς
1613 5524 1991 5596 ἐθανατώθητε
2039 5529 2120 5599 τῷ

451 5623 614 5696 νόμῳ
655 5618 747 5676 διὰ
791 5620 892 5672 τοῦ
949 5612 1205 5686 σώματος
1261 5618 1357 5670 τοῦ
1415 5617 1674 5687 Χριστοῦ,
1736 5612 1817 5677 εἷς
1869 5613 1932 5671 τὸ
1978 5615 2125 5690 γενέ.-

457 5725 583 5782 eoat
666 5710 811 5784 ὑμᾶς
868 5705 1057 5781 ἑτέρῳ,
1114 5709 1194 5779 τῷ
1277 5703 1339 5762 ἑκ
1408 5709 1613 5782 νεκρῶν
1691 5703 1982 5781 ἐγερθέντι,
2035 5702 2126 5762 ’ίνα

452 5800 981 5880 καρποφορήσωμεν
1038 5797 1118 5869 τῷ
1203 5793 1340 5871 Θεῷ.
1398 5794 1531 5854 Ὅτε
1585 5794 1687 5871 γάρ
1745 5793 1889 5870 ἦμεν
1945 5792 2002 5853 ἂν
2050 5799 2123 5873 τῇ

2221 4807 2443 4866 Ordine
2472 4807 2581 4863 viri
2612 4808 2814 4880 posuit
2841 4808 3055 4881 legem,
3107 4809 3316 4867 ordine
3347 4815 3550 4866 autem
3610 4811 3881 4868 mulieris

2222 4897 2556 4956 credentes.
2599 4916 2620 4944 α
2654 4896 2821 4963 Quod
2853 4896 2901 4953 si
2934 4903 3206 4955 mortuus
3262 4899 3439 4955 fuerit
3500 4900 3613 4956 vir.
3683 4922 3711 4950 ››
3770 4902 3883 4957 Per

2223 4987 2564 5060 exemplum
2594 4986 2784 5043 vidum
2804 4986 2992 5060 legem
3013 4989 3297 5061 supponit
3313 4989 3667 5047 morientem
3688 5007 3701 5046 :
3722 4991 3883 5063 quod

2225 5078 2287 5135 in
2317 5077 2702 5134 conclusione
2734 5094 2855 5133 non
2876 5076 3118 5141 facit,ne
3149 5095 3488 5136 sermonem
3520 5096 3694 5136 suum
3718 5081 3881 5137 odio-

2226 5185 2358 5227 sum
2389 5166 2618 5231 reddat,
2652 5167 2757 5224 sed
2787 5172 3018 5224 tantum
3053 5168 3409 5241 simpliciter
3461 5187 3738 5226 narrans.
3774 5194 3801 5220 «
3836 5173 3882 5226 A

2226 5259 2377 5330 lege.
2415 5282 2433 5307 υ
2463 5259 2601 5325 Qua:
2634 5257 2705 5314 de
2737 5256 2862 5314 viro
2896 5258 3104 5316 statuit
3151 5259 3361 5332 illique
3413 5261 3728 5320 mulierem
3756 5260 3880 5317 alli-

2227 5358 2344 5428 gat.
2405 5352 2780 5427 Κατήργηται,
2832 5350 2892 5409 id
2949 5357 3059 5422 est,
3136 5353 3410 5413 absoluta
3464 5361 3575 5422 est,
3632 5355 3883 5412 liberata

2229 5445 2338 5502 est.

2304 5531 2422 5595 VII.
2454 5532 2562 5588 4-6.
2596 5532 2855 5598 Proinde,
2885 5534 3088 5602 fratres
3126 5535 3251 5601 mei,
3284 5550 3375 5591 vos
3404 5551 3621 5608 quoque
3648 5535 3883 5602 mortiﬁ-

2233 5623 2345 5678 cati
2372 5623 2499 5678 estis
2530 5621 2639 5691 legi
2660 5638 2766 5693 per
2793 5637 2990 5694 corpus
3020 5623 3248 5684 Christi.
3280 5631 3342 5680 ut
3370 5623 3553 5680 essetis
3582 5623 3745 5678 alteri
3764 5639 3777 5687 ;
3795 5622 3885 5674 ni-

2232 5713 2441 5769 mirum
2469 5712 2521 5767 ei
2550 5714 2649 5784 qui
2677 5728 2712 5767 a
2738 5713 2972 5769 mortuis
2999 5714 3302 5769 resurrexit
3334 5730 3353 5769 :
3398 5719 3465 5769 ut
3491 5712 3885 5780 fructiﬁcemus

2235 5806 2364 5864 Deo.
2399 5802 2530 5860 Cum
2568 5802 2718 5861 enim
2747 5819 2977 5862 essemus
3008 5805 3068 5859 in
3124 5818 3308 5870 carne,
3368 5801 3597 5873 affectus
3617 5804 3880 5873 peccato-
