4114 6454
186 400 309 462 447

1314 402 1503 466 (ECU
1511 403 1564 463 Μ
1568 401 1665 463 ΕΝ
1673 401 1724 462 II
1764 397 2079 467 TRICCE.
2119 397 2471 462 EPISGOPI

3488 399 3613 463 “8,

179 549 305 591 rum
333 537 433 606 qui
466 551 572 606 per
608 534 783 605 legem
840 540 1000 591 erant
1062 536 1437 607 operabantur
1481 539 1542 593 in
1588 536 1837 593 membris

1953 530 2159 608 aapxl,‘
2212 532 2309 607 ea}
2353 532 2654 607 παθήματα
2706 535 2838 604 τῶν]
2869 532 3150 606 ἁμαρτιῶν
3205 529 3273 586 τὰ
3330 527 3421 586 διὰ
3491 534 3591 587 τοῦ

180 628 402 688 nostris,
433 624 508 679 ad
532 623 989 695 fructiﬁcandum
1016 630 1200 683 morti.
1237 628 1389 683 Nunc
1449 635 1639 683 autem
1680 623 1851 683 soluti

180 729 366 770 sumus
396 730 431 768 a
456 713 590 784 lege,
623 716 830 771 mortui
857 717 909 771 ei
936 732 1045 787 per
1072 718 1224 788 quod
1257 716 1666 775 detinebamur.

253 982 401 1040 2S5
440 982 504 1037 ln
526 982 909 1039 conclusione
941 1002 1063 1041 non
1091 986 1351 1056 inducit:
1383 994 1685 1044 mortuam
1718 1005 1851 1060 esse

182 1073 394 1140 legem,
433 1089 510 1127 ne
540 1088 736 1128 sermo
795 1073 967 1143 dure,
991 1075 1357 1146 accipiatur:
1416 1077 1712 1149 siquidem
1751 1078 1848 1133 Ju-

180 1161 324 1218 daeis
353 1162 636 1234 loquitur,
663 1163 765 1219 sed
795 1164 1108 1221 credentes
1141 1164 1376 1221 inducit
1405 1167 1624 1222 Christi
1658 1172 1847 1224 morte

183 1252 494 1309 defunctos
527 1270 656 1309 esse
687 1270 722 1310 a
754 1254 902 1327 lege,
936 1254 1193 1328 ideoque
1218 1256 1529 1313 liberatos.
1595 1258 1649 1314 Si
1711 1274 1848 1331 ergo

181 1350 419 1398 mortua
448 1343 575 1415 lege
598 1361 719 1399 non
754 1351 1259 1419 esttransgressor
1277 1347 1377 1418 qui
1409 1362 1538 1403 eam
1561 1347 1851 1419 relinquit

182 1449 251 1488 ac
280 1433 527 1489 Domino
563 1434 772 1503 credit,
802 1434 991 1491 multo
1028 1436 1213 1509 magis
1244 1436 1294 1492 si
1345 1436 1480 1509 quis
1510 1436 1637 1508 ipse
1669 1438 1849 1493 etiam

181 1523 473 1579 moriatur
502 1523 701 1596 (sicuti
733 1523 880 1580 dicit
906 1525 1065 1597 quod
1098 1530 1157 1581 et
1200 1542 1310 1581 nos
1370 1526 1588 1581 mortui
1638 1524 1848 1599 simus)

181 1611 411 1667 solutus
446 1613 596 1683 est}:
634 1613 762 1687 lege
804 1619 862 1668 et
891 1631 1014 1669 non
1073 1620 1164 1669 est
1220 1619 1642 1681 transgressor.
1679 1637 1706 1666 «
1740 1617 1853 1672 Per

184 1701 662 1773 corpusﬁhristi.
698 1724 726 1751 ››
756 1703 863 1768 Qui
886 1719 994 1774 pro
1029 1702 1203 1759 nobis
1230 1708 1503 1759 mortuus
1533 1709 1623 1759 est
1657 1719 1851 1759 :com-

179 1790 400 1845 mortui
433 1791 594 1847 enim
653 1790 739 1846 illi
803 1808 1015 1848 sumus
1063 1792 1127 1848 in
1179 1792 1560 1864 baptismate,
1618 1797 1677 1848 et
1725 1808 1846 1848 non

1960 622 2155 696 νόμου,
2215 622 2499 700 ἐνηργεῖτο
2557 622 2610 679 ἐν
2664 627 2781 685 τοῖς
2859 621 3078 696 μέλεσιν
3135 624 3321 694 ἡμῶν,
3409 620 3487 683 είς
3546 621 3609 677 τὸ

1958 720 2380 790 καρποφορῆσαι
2462 711 2543 786 τῷ
2622 712 2852 786 θανάτῳ·
2941 712 3071 768 Νυνὶ
3156 709 3213 766 δὲ
3319 731 3608 787 mm?“-

1957 801 2129 873 θημεν
2205 802 2312 857 ἀπὸ
2366 805 2463 857 τοῦ
2515 800 2712 876 νόμου,
2782 801 3144 866 ἀποθανόντες
3209 798 3260 855 ἐν
3321 798 3367 873 ᾧ
3422 798 3607 855 κατεί-

1958 891 2031 966 χό
2040 893 2193 963 μεθα.

2031 983 2117 1037 Ἐν
2180 985 2260 1053 τῷ
2310 980 2727 1057 συμπεράσματι
2814 980 2916 1035 οὐκ
2997 977 3201 1058 εἰσάγει
3279 978 3620 1034 ἀποθανόντα

1956 1072 2049 1127 τὸν
2079 1071 2274 1143 νόμον,
2308 1069 2398 1126 διὰ
2425 1071 2489 1126 τὸ
2526 1073 2601 1143 μὴ
2636 1068 2785 1145 δόξαι
2842 1070 2979 1126 εἶναι
3037 1071 3256 1144 ἐπαχθῆ
3308 1064 3617 1139 (Ἰουδαίοις

1955 1162 2058 1240 γάρ
2092 1159 2299 1236 λαλεῖ),
2331 1158 2636 1235 ἀλλᾶντοὺς
2684 1158 3069 1221 πιστεύσαντας
3125 1157 3326 1235 εῗσάγει
3380 1161 3460 1228 τῷ
3519 1167 3619 1221 θα-

1956 1252 2105 1326 νάτῳ
2138 1255 2379 1325 Χριστοῦ
2414 1249 2783 1314 ἀποθανόντας
2836 1249 2940 1304 ἀπὸ
2996 1252 3095 1303 τοῦ
3149 1248 3347 1322 νόμου,
3390 1244 3475 1301 διὸ
3526 1244 3617 1300 καὶ

1957 1338 2440 1416 ἐλευθερωθέντας.
2473 1339 2536 1398 Εἰ
2569 1339 2659 1395 οὗν
2705 1343 2802 1394 τοῦ
2859 1338 3034 1413 νόμου
3093 1338 3459 1402 ἀποθανόντος
3519 1335 3619 1391 οὐκ

1959 1428 2071 1486 ἔστι
2101 1425 2421 1506 παραϐάτης
2452 1430 2479 1485 ὁ
2509 1428 2938 1503 καταλιμπάνων
2979 1427 3135 1484 αὐτὸν
3191 1427 3280 1482 καὶ
3337 1425 3609 1482 πιστεύων

1956 1526 2036 1594 τῷ
2070 1520 2277 1594 Κυρίῳ,
2309 1518 2509 1593 πολλῷ
2540 1518 2756 1593 μᾶλλον
2786 1517 2847 1575 ἃν
2875 1517 2965 1574 καὶ
3000 1517 3163 1581 αὐτός
3206 1538 3292 1578 τις
3350 1516 3615 1588 ἀποθάνῃ,

1960 1611 2162 1687 ὥσπερ,
2198 1611 2356 1690 φησὶ,
2417 1609 2509 1665 καὶ
2567 1611 2733 1683 ἡμεῖς
2793 1609 3150 1680 ἀπεθάνομεν,
3208 1604 3433 1662 λέλυται
3502 1605 3609 1661 ἀπὸ

1956 1704 2054 1755 τοῦ
2084 1700 2282 1775 νόμου,
2314 1699 2403 1755 καὶ
2435 1699 2537 1756 οὐκ
2566 1696 2678 1755 ἔστι
2735 1693 3079 1774 παραϐάτης.
3115 1721 3143 1750 ‹‹
3200 1697 3299 1754 Διά
3344 1700 3442 1753 τοῦ
3500 1694 3606 1750 σώ-

1963 1810 2132 1864 ματος
2156 1794 2253 1845 τοῦ
2282 1792 2548 1864 Χριστοῦ.
2583 1813 2612 1843 ››
2643 1792 2749 1845 Τοῦ
2802 1786 3201 1854 θανατωθέντος
3261 1787 3395 1863 ὑπὲρ
3424 1788 3605 1859 ἡμῶν,

179 1893 388 1934 sumus
418 1879 609 1935 nostri
646 1896 659 1935 :
694 1896 835 1936 nam
871 1882 1063 1953 pretio
1096 1897 1207 1937 nos
1265 1881 1427 1937 emit.
1468 1904 1488 1929 ι
1525 1881 1597 1938 Ut
1628 1880 1837 1936 essetis

1960 1879 2394 1952 συναπεθάνομεν
2424 1877 2552 1955 ξ’γάρ
2637 1879 2787 1951 αύτῷ
2848 1877 2905 1934 ἐν
2962 1881 3042 1952 τῷ
3101 1877 3459 1955 βαπτίσματι,
3516 1874 3608 1930 καὶ

1997 1968 2010 1981 .
2085 1968 2099 1981 .
2187 1969 2201 1981 .
2281 1969 2294 1981 .
2414 1974 2441 1981 η
2578 1969 2593 1981 .
2729 1971 2806 1981 .-
3072 1965 3083 1981 ι
3282 1972 3310 1981 -
3518 1964 3575 1981 ..ι

173 1965 365 2023 alteri.
393 1989 422 2017 »
458 1969 650 2025 Veluti
682 1969 811 2043 lege
841 1977 1105 2036 mortua;
1139 1970 1272 2026 ideo
1296 1987 1493 2041 neque
1511 1974 1840 2044 transgres-

177 2072 345 2112 sores
368 2056 765 2115 inveniemur.
800 2081 825 2112 ιι
847 2060 919 2116 Ut
941 2058 1371 2116 fructificemus
1392 2060 1532 2116 Deo.
1552 2080 1575 2110 υ
1610 2058 1840 2116 Adhor-

176 2148 335 2202 tatur
363 2145 580 2204 deinde
644 2147 718 2203 ad
751 2164 917 2220 spem
949 2148 1283 2205 meliorem.
1337 2149 1642 2220 Siquidem
1673 2154 1840 2216 tunc,

177 2233 393 2305 inquit,
428 2234 687 2292 fructum
726 2236 1091 2308 ferebamus,
1124 2239 1327 2295 omnia
1374 2239 1447 2295 ad
1478 2239 1647 2295 illam
1706 2255 1842 2312 Ope-

176 2329 376 2380 rantes
411 2341 423 2378 :
452 2341 612 2381 nunc
644 2332 844 2383 autem
878 2327 1280 2384 Dem—«Cum
1300 2328 1460 2384 enim
1485 2344 1754 2385 essemus
1778 2327 1840 2384 in

173 2430 371 2470 carne.
392 2436 418 2463 »
442 2415 508 2471 Id
540 2420 649 2483 est,
685 2416 748 2473 in
771 2418 1228 2475 conversatione
1259 2418 1593 2475 secundum
1624 2419 1838 2493 legem.

172 2504 318 2560 Nam
354 2520 595 2561 carnem
626 2507 854 2563 vocavit
905 2506 1072 2564 datas
1099 2507 1262 2563 carni
1285 2508 1663 2564 sanctiones:
1699 2514 1841 2581 puta

176 2593 250 2650 de
280 2593 435 2662 cibo,
468 2602 630 2668 potu,
664 2595 832 2668 lepra
854 2612 920 2652 ac
952 2596 1274 2653 similibus.
1312 2613 1339 2653 (ι
1383 2597 1451 2653 In
1484 2614 1685 2654 carne.
1716 2621 1737 2650 ι
1775 2598 1841 2653 Id

176 2689 286 2749 est,
320 2684 381 2739 in
414 2685 637 2741 carnali
669 2686 805 2743 vita.
866 2689 993 2743 Non
1025 2693 1228 2744 autem
1263 2686 1452 2743 dixit:
1484 2688 1550 2742 In
1581 2687 1732 2761 lege,
1765 2704 1840 2744 ne

178 2775 586 2847 despiceretur
616 2793 812 2834 sermo
848 2777 1084 2835 :adhuc
1117 2779 1275 2834 enim
1303 2778 1494 2851 legem
1540 2777 1836 2835 colebant.

178 2888 200 2915 ο
236 2868 312 2922 Ea
340 2884 472 2939 quae
503 2885 612 2941 per
639 2868 832 2942 legem
866 2875 1007 2925 sunt
1051 2890 1079 2919 ››
1101 2901 1168 2910 -
1189 2891 1217 2918 ‹‹
1244 2871 1389 2926 Nam
1410 2868 1840 2942 concupiscen-

173 2943 336 3024 tiam,
371 2957 586 3030 inquit,
621 2974 742 3016 non
784 2960 1083 3014 novissem
1107 2959 1225 3015 nisi
1254 2958 1350 3016 lex
1395 2959 1678 3015 dixisset:
1712 2960 1839 3015 Non

167 3046 574 3118 conCUpisces.
610 3068 639 3097 »
672 3051 805 3105 Πωο
856 3064 993 3123 ergo
1026 3065 1134 3121 per
1180 3049 1373 3123 legem
1407 3053 1548 3104 sunt
1578 3048 1836 3123 cognita.

167 3137 422 3196 Rursum
456 3154 577 3194 non
608 3138 795 3196 dixit:
830 3138 1093 3196 Membra
1135 3145 1484 3214 operantur,
1545 3157 1621 3196 ne
1662 3157 1836 3197 accu-

166 3234 325 3284 saret
353 3244 615 3297 carnem,
643 3230 746 3287 sed
780 3231 1184 3303 operabantur
1215 3231 1276 3288 in
1311 3231 1598 3288 membris
1615 3232 1689 3287 ad
1708 3231 1833 3288 fru-

1957 1968 2055 2025 οὗκ
2081 1968 2240 2043 ἐσμὲν
2281 1969 2506 2025 ἑαυτῶν
2565 1969 2953 2044 ἠγοράσθημεν
3014 1965 3117 2044 γάρ
3173 1972 3367 2040 τιμῆς.
3430 1988 3459 2016 ι(
3518 1964 3609 2026 Εἷς

1953 2060 2011 2116 τὸ
2041 2058 2281 2138 γενέσθαι
2316 2060 2457 2134 ὑμᾶς
2488 2058 2677 2134 ἑτέρῳ.
2712 2082 2741 2111 ››
2772 2059 2861 2121 Ὡς
2914 2060 3014 2114 τοῦ
3070 2056 3246 2129 νόμου
3302 2055 3612 2119 ἀποθανόν-

1943 2171 2054 2212 τος.
2087 2149 2181 2206 Διὸ
2214 2146 2340 2206 οὔτε
2377 2143 2684 2225 παραϐάται
2738 2145 3163 2224 εὑρεθησόμεθα.
3229 2170 3250 2197 ι
3303 2146 3421 2204 ’Ἱνα
3477 2163 3612 2221 καρ-

1942 2242 2354 2317 ποφορήσωμεν
2413 2242 2493 2312 τῷ
2570 2241 2710 2310 Θεῷ.
2771 2260 2801 2289 ν
2855 2236 2989 2293 Εἶτα
3044 2235 3350 2310 προτρέπει
3422 2233 3612 2290 ἐλπίσι

1941 2330 2239 2407 κρείττοσι.
2272 2330 2414 2386 Τότε
2448 2328 2542 2402 μὲν
2576 2330 2702 2407 γάρ,
2754 2326 2910 2408 φησὶ,
2967 2331 3049 2399 τῷ
3104 2325 3317 2399 Θανάτῳ
3373 2322 3610 2401 ἐκαρπο-

1942 2425 2243 2500 φοροῦμεν,
2276 2420 2361 2474 ²τὸ
2418 2423 2522 2474 πᾶν
2598 2417 2790 2491 ἐκείνῳ
2847 2417 3197 2495 πράττοντες,
3264 2418 3353 2470 νῦν
3415 2411 3472 2470 δὲ
3528 2417 3611 2487 τῷ

1943 2516 2080 2583 Θεῷ.
2142 2509 2477 2586 [ΘΕΟΔΩΡ.]
2531 2532 2559 2561 ι(
2619 2509 2749 2566 "Ore
2795 2507 2897 2582 γάρ
2958 2507 3098 2579 ἦμεν
3129 2505 3180 2560 ἐν
3237 2508 3307 2579 τῇ
3362 2504 3542 2578 σαρκί.
3579 2528 3608 2558 »ι

1941 2598 2223 2656 Τουτὲστιν
2253 2600 2305 2654 ἐν
2333 2602 2401 2672 τῇ
2461 2597 2599 2654 κατὰ
2664 2599 2834 2672 νόμον
2894 2594 3173 2667 πολιτείᾳ.
3237 2596 3421 2670 Σάρκα
3476 2595 3605 2673 γάρ,

1941 2693 2012 2766 τῇ
2044 2688 2202 2762 σαρκὶ
2236 2685 2529 2762 δεδομένας
2585 2685 2910 2759 νομοθεσίας
2969 2684 3274 2761 ὠνόμασεν,
3331 2685 3429 2747 τὰς
3478 2686 3605 2762 περὶ

1944 2780 2208 2857 βρώσεως
2238 2779 2327 2833 καὶ
2364 2776 2582 2839 πόσεως
2637 2776 2725 2831 καὶ
2788 2773 3015 2852 λέπρας,
3048 2774 3134 2830 καὶ
3168 2778 3277 2830 τῶν
3308 2772 3601 2831 τοιούτων.

1942 2895 1972 2923 ιι
2009 2870 2097 2927 Ἑν
2136 2873 2204 2943 τῇ
2238 2869 2420 2943 σαρκὶ,
2482 2892 2510 2919 ››
2563 2865 2839 2922 τουτέστιν
2900 2865 2952 2921 ἐν
3009 2869 3090 2938 τῷ
3147 2867 3393 2939 σαρκικῷ
3472 2863 3596 2941 βίῳ.

1941 2959 2057 3018 Οὐκ
2087 2961 2206 3016 εἷπε
2238 2956 2425 3028 δέ,Ἒν
2463 2962 2542 3028 τῷ
2589 2956 2765 3031 νόμῳ,
2822 2955 2913 3011 ἳνα
2963 2956 3041 3031 μὴ
3099 2952 3470 3032 ἀπαράδεκτος
3519 2955 3603 3028 γε·

1941 3068 2124 3121 νηται⁶
2186 3044 2267 3105 ἔτι
2324 3048 2426 3125 γάρ
2486 3042 2734 3104 ἐσέϐοντο
2785 3046 2876 3101 τὸν
2931 3047 3122 3120 νόμον.
3189 3076 3260 3088 --
3319 3044 3462 3104 «Τὰ
3518 3041 3606 3101 διὰ

1940 3146 2038 3199 τοῦ
2068 3142 2243 3214 νόμου
2293 3138 2597 3215 ἐνηργεῖτο.
2660 3161 2690 3191 ))
2749 3137 2829 3196 Οὐ
2898 3139 3002 3216 γάρ
3061 3131 3237 3213 ᾔδειν,
3293 3137 3450 3214 φησὶ,
3504 3136 3605 3206 τὴν

1946 3230 2258 3302 ἐπιθυμίαν,
2291 3229 2336 3284 εἰ
2373 3231 2450 3303 μή
2485 3230 2513 3284 ὁ
2541 3227 2710 3301 νόμος
2739 3223 2949 3301 ἔλεγεν,
2982 3251 3009 3278 «
3040 3224 3155 3283 Οὐκ
3184 3222 3605 3299 ἐπιθυμήσεις.»

167 3317 551 3374 ctiﬁcandum
573 3320 1098 3387 morti,ostendens
1121 3320 1281 3393 quod
1302 3321 1674 3377 extrinsecus
1689 3337 1832 3393 ope-

1950 3284 2122 3302 -,,,,,
2244 3284 2258 3297 ,
2373 3284 2450 3303 Γ,
2609 3284 2708 3301 ,,
2847 3284 2947 3301 ,,
3353 3284 3425 3299 ,,
3533 3284 3564 3290 ,κ

1949 3321 2027 3378 Τὰ
2056 3320 2146 3375 οὗν
2181 3317 2271 3375 διὰ
2298 3322 2396 3373 τοῦ
2425 3319 2597 3391 νόμου
2646 3316 3048 3394 γνωριζόμενα.
3113 3314 3212 3371 Καὶ
3268 3313 3463 3385 πάλιν,
3505 3315 3607 3372 οὐκ

169 3407 400 3462 ratione
430 3408 662 3463 Satanae
683 3408 1010 3476 accidat,ut
1031 3414 1430 3480 c00perentur
1449 3408 1523 3464 ad
1551 3416 1829 3464 mortem.

168 3496 282 3553 Per
311 3504 552 3569 peccata
583 3498 743 3553 enim
768 3498 1198 3556 fructiﬁcamus
1250 3500 1443 3555 morti.
1477 3522 1505 3549 ‹‹
1532 3501 1697 3555 Nunc
1727 3516 1834 3555 au-

167 3588 289 3639 tem
325 3585 502 3639 soluti
525 3602 730 3642 sumus
761 3603 795 3641 a
816 3586 1001 3660 lege.»
1032 3590 1284 3644 Rursum
1319 3588 1481 3660 quod
1511 3595 1638 3646 erat
1665 3589 1833 3645 odio-

171 3691 302 3733 sum
328 3675 582 3750 fugiens,
615 3693 736 3732 non
768 3677 954 3734 dixit:
980 3678 1180 3735 Soluta
1204 3684 1295 3736 est
1325 3680 1455 3747 lex;
1495 3680 1618 3740 sed.
1656 3703 1683 3733 α
1718 3682 1832 3737 Nos

171 3782 207 3822 a
235 3766 363 3840 lege
398 3767 574 3823 soluti
609 3785 836 3838 sumus,
874 3793 900 3819 ››
933 3770 1046 3827 hoc
1078 3770 1447 3838 est,absoluti
1481 3788 1547 3830 ac
1571 3771 1829 3830 liberati.

170 3856 614 3922 Quamobrem?
642 3858 790 3925 Quia
844 3860 1064 3916 mortui
1116 3877 1321 3916 sumus
1372 3867 1635 3935 peccato.
1687 3863 1831 3919 Nam

170 3944 284 4001 hoc
314 3946 658 4005 detinebat:
691 3954 749 4005 et
780 3949 1171 4019 surreximus,
1193 3968 1313 4008 non
1345 3968 1451 4026 per
1481 3952 1693 4025 legem,
1728 3951 1832 4010 sed

169 4053 278 4109 per
302 4037 622 4096 Christum.
674 4042 1051 4098 Manifestum
1094 4058 1229 4116 ergo
1289 4050 1381 4100 est
1436 4042 1594 4116 quod
1624 4059 1660 4099 a
1702 4043 1831 4115 lege

170 4127 412 4199 quidem
472 4127 726 4185 absoluti
772 4147 978 4187 sumus
1038 4136 1323 4204 tanquam
1381 4132 1601 4188 mortui
1640 4148 1652 4187 :
1690 4132 1829 4190 sub-

168 4217 275 4273 diti
303 4222 503 4274 autem
537 4234 742 4276 sumus
772 4219 1005 4277 Christo
1052 4221 1152 4295 qui
1208 4238 1318 4277 nos
1371 4227 1625 4278 amorte
1676 4221 1828 4278 libe-

169 4307 290 4363 ravi
302 4312 342 4362 t.

1942 3409 2109 3478 εἶπεν,
2160 3414 2396 3485 Ἐνεργεῖ
2450 3407 2517 3464 τὰ
2578 3405 2745 3481 μέλη,
2799 3404 2892 3461 ’ίνα
2953 3407 3030 3480 μὴ
3088 3406 3446 3481 κατηγορήσῃ
3500 3412 3603 3475 τῆς

1943 3497 2163 3575 σαρκὸς,
2198 3496 2367 3567 ἀλλὰ,
2402 3521 2427 3549 ιι
2464 3499 2805 3576 Ἐνηργεῖτο,
2840 3494 2917 3557 εἰς
2974 3494 3038 3551 τὸ
3068 3500 3492 3570 καρποφορῆσαι
3518 3498 3601 3568 τῷ

1945 3588 2175 3662 θανάτῳ,
2212 3613 2241 3642 ››
2274 3585 2482 3650 δεικνὺς
2516 3584 2706 3658 ἔξωθεν
2755 3587 3168 3662 παραγενόμενα
3214 3584 3454 3664 ἐνεργείᾳ
3501 3589 3601 3639 τοῦ

1941 3685 2168 3739 Σατανᾶ,
2198 3678 2275 3741 εἲς
2310 3678 2371 3734 τὸ
2422 3682 2842 3751 συνεισενεγκεῖν
2898 3681 2980 3749 τῷ
3038 3677 3269 3748 θανάτῳ.
3332 3674 3429 3732 Διδ.
3487 3674 3593 3750 γάρ

1938 3772 2047 3825 τῶν
2080 3769 2380 3845 ἁμαρτιῶν,
2430 3771 2508 3839 τῷ
2567 3766 2780 3839 θανάτῳ
2835 3768 3315 3842 καρποφοροῦμεν.
3352 3789 3379 3817 ιι
3459 3763 3594 3822 Νυνὶ

1941 3856 2000 3915 δὲ
2029 3859 2456 3933 κατηργήθημεν
2486 3856 2595 3913 ἀπὸ
2624 3861 2722 3914 τοῦ
2753 3856 2948 3930 νόμου.
2995 3880 3022 3909 ››
3057 3855 3229 3911 Πάλιν
3261 3855 3326 3912 τὸ
3356 3853 3596 3929 ἐπαχθὲς

1940 3932 2185 4027 φεύγων,
2224 3932 2347 4004 οὐκ
2416 3946 2556 4013 εἶπε,
2645 3948 2998 4024 Κατήργηται
3074 3945 3104 4003 ὁ
3177 3932 3370 4018 νόμίος,
3447 3941 3596 4012 ἀλλ’,

1941 4063 1972 4091 ‹‹
2003 4039 2193 4115 Ἡμεῖς
2225 4039 2330 4094 ἀπὸ
2362 4042 2460 4094 τοῦ
2516 4036 2694 4111 νόμου
2722 4037 3183 4113 κατηργήθημεν,
3219 4060 3246 4088 ι)
3292 4036 3598 4103 τουτέστιν,

1939 4127 2333 4202 ἆπολελύμεθα
2359 4128 2451 4185 καὶ
2480 4126 2901 4205 λελυτρώμεθα.
2963 4126 3115 4185 Διατί
3150 4145 3164 4196 ;
3196 4121 3424 4194 Ἐπειδή
3484 4124 3589 4180 ἀπ-

1941 4217 2197 4292 εθάνομεν
2232 4215 2321 4274 διὰ
2352 4225 2453 4287 τῆς
2485 4218 2774 4294 ἁμαρτίας·
2824 4216 2959 4289 αὕτη
3017 4215 3124 4293 γάρ
3169 4217 3205 4286 ἡ
3266 4214 3595 4291 ιιατὲχουσα⁸

1941 4309 2031 4364 καὶ
2062 4306 2372 4383 ἡγέρθημεν
2408 4306 2469 4364 οὗ
2501 4305 2595 4363 διὰ
2621 4306 2722 4363 τοδ
2753 4308 2950 4381 νόμου,
2981 4303 3129 4365 ἀλλὰ
3183 4302 3274 4362 διὰ
3329 4309 3426 4361 τοῦ
3456 4307 3597 4381 Χριο

175 4398 325 4453 στοῦ.
360 4394 539 4464 Δῆλον
574 4395 664 4450 οὗν
698 4393 781 4452 ὅτι
813 4395 921 4453 ἀπὸ
955 4396 1050 4471 μὶν
1082 4401 1179 4455 τοῦ
1205 4397 1379 4475 νόμου
1412 4396 1803 4474 ἆπολελύμεθα
1834 4399 1908 4461 (ire
1939 4398 2317 4468 ἀποθανόντες,
2354 4397 2701 4476 ὑπετάγημεν
2736 4395 2796 4455 Si
2821 4401 2901 4472 τῷ
2959 4396 3242 4474 ῥυσαμένῳ
3300 4396 3450 4470 ἡμᾶς
3498 4397 3595 4451 τοῦ

176 4485 410 4549 θανάτου
441 4488 690 4562 Χριστῷ.

742 4576 897 4635 σεο
928 4578 1162 4639 CAPUT
1200 4580 1293 4655 x.~
1602 4640 1616 4651 _

172 4686 251 4744 De
283 4685 741 4745 condemnatione
769 4704 890 4762 qua
922 4696 1162 4817 plropter
1210 4696 1500 4776 peccatum
1551 4697 1674 4747 erat
1728 4690 1826 4747 sub

979 4778 1092 4817 eae.

979 4778 1092 4819 εαθ.

958 4779 1005 4817 ιε
1045 4779 1092 4819 e.

239 4847 354 4906 νη.
389 4852 441 4917 6,
472 4850 525 4903 7.
567 4851 635 4908 Ut
663 4853 965 4907 serviamus
1007 4779 1123 4926 £per
1178 4854 1476 4909 novitatem
1503 4854 1753 4924 Spiritus.
1777 4859 1827 4911 et

166 4954 281 4996 non
302 4955 407 5010 per
435 4946 763 4998 vetustatem
805 4942 1021 4999 litterae.
1058 4943 1205 5009 Quid
1232 4959 1363 5014 ergo
1391 4942 1633 4999 dicemus
1660 4942 1688 4999 ?
1714 4945 1828 5001 Lex

160 5034 452 5099 pecc'1tum
482 5035 559 5084 est
586 5031 614 5083 ?
644 5031 801 5086 Absit
824 5032 848 5087 Ι
875 5032 983 5087 Sed
1004 5039 1296 5104 peccatum
1317 5048 1428 5089 non
1458 5035 1689 5103 cognovi
1718 5034 1829 5088 nisi

161 5133 269 5190 per
299 5118 490 5187 legem.
524 5121 662 5175 Nam
709 5126 759 5176 et
815 5123 1325 5194 concupiscentiam,
1358 5123 1662 5179 nesciebam
1720 5124 1831 5179 nisi

173 5207 263 5265 lea:
293 5207 526 5265 dixisset
551 5225 571 5265 :
599 5210 718 5266 Non
749 5215 1114 5284 concupisces.

237 5388 464 5446 Deinde
481 5405 556 5445 ne
587 5389 932 5447 existiment
980 5391 1139 5463 quod
1171 5409 1207 5449 a
1260 5391 1390 5465 lege
1431 5391 1831 5468 absoluti,:se-

170 5494 312 5536 cure
342 5476 627 5552 deinceps
658 5495 829 5552 agere
863 5480 1098 5553 possint
1124 5499 1257 5554 qum
1287 5482 1495 5551 velint,
1530 5481 1710 5539 aliam
1734 5482 1828 5540 in-

174 5570 338 5627 ducit
369 5570 714 5626 servitutem
745 5570 1273 5645 exactiorem,puta
1303 5572 1548 5646 spiritus
1575 5573 1829 5630 Pulchre

171 5667 369 5718 autem
402 5658 722 5717 dicituPer
737 5661 1060 5718 novitatem
1087 5678 1102 5729 ;
1143 5685 1170 5712 ››
1198 5678 1392 5735 neque
1423 5663 1585 5719 enim
1619 5661 1828 5721 eadem

174 5756 315 5809 sunt
344 5756 564 5809 statuta
593 5748 657 5809 in
689 5751 844 5808 Novo
875 5752 1250 5810 Testamento
1281 5770 1413 5828 quae
1463 5752 1607 5812 olim
1660 5759 1829 5813 erant

1862 4585 1911 4652 D

2577 4580 2842 4638 ΚΕΦΑΛ.
2873 4577 2945 4638 L'.

2009 4687 2142 4763 Ηερὶ
2180 4691 2281 4756 τῆς
2317 4688 2420 4744 ὑπὸ
2451 4686 3024 4815 νόμουικαεὶακρίσεως
3075 4684 3167 4744 διὰ
3197 4686 3311 4760 ξτὴν
3356 4686 3529 4762 ἁμαρ-

2696 4780 2726 4815 τ
2757 4781 2838 4815 αν.

2696 4780 2838 4817 τιαν.

2004 4850 2189 4923 Ὥστε,
2226 4847 2504 4905 δουλεύειν
2575 4850 2726 4923 ἡμᾶς
2769 4848 2886 4922 μιν
2918 4847 3201 4918 καινότητι
3232 4845 3595 4921 ξπνεύματος,

1935 4937 2027 4994 καὶ
2083 4938 2145 4994 οὐ
2203 4939 2536 5011 παλαιότητι
2619 4940 2970 5017 γράμματος.
3044 4938 3107 4995 Τί
3164 4936 3258 4994 οὖν
3313 4935 3594 5015 ἐροῦμενς

1935 5031 1998 5089 Ὀ
2027 5030 2198 5103 νόμος
2233 5030 2470 5106 ἁμαρτία
2503 5052 2519 5100 ;
2553 5032 2645 5100 Μή
2707 5028 2944 5109 γὲνοιτο.
3005 5025 3183 5087 Ἀλλὰ
3235 5028 3336 5098 τὴν
3417 5028 3592 5101 ἀμαρ-

1935 5124 2054 5181 τίαν
2088 5126 2188 5181 οὒκ
2243 5120 2441 5202 ἔγνων,
2500 5122 2544 5178 εἰ
2612 5123 2690 5198 μή
2752 5117 2841 5177 διὰ
2893 5118 3088 5193 νόμου.
3173 5119 3291 5190 Τήν
3375 5139 3435 5173 τε
3490 5115 3593 5195 γάρ

1938 5214 2229 5290 ἐπιθυμίαν
2290 5214 2392 5269 οὐκ
2430 5207 2604 5288 ᾔδειν,
2667 5210 2713 5266 εἷ
2768 5211 2844 5285 μή
2883 5211 2924 5266 ,ὁ
2983 5208 3154 5284 νόμος
3208 5205 3418 5283 ἔλεγεν’
3480 5205 3597 5265 Οὐκ

1937 5304 2318 5377 ἐπιθυμήσεις.

2009 5395 2151 5450 Εἶτα
2173 5391 2267 5450 ’ίνα
2300 5393 2737 5468 μὴςξνομίσωσιν,
2784 5389 2869 5446 ὅτι
2927 5387 3291 5452 ἀπολυθέντες
3346 5391 3444 5444 τοῦ
3475 5385 3594 5463 ,νό-

1943 5506 2070 5561 μου,
2104 5483 2305 5542 λοιπὸν
2338 5480 2374 5539 ἅ
2403 5481 2699 5560 βούλονται
2732 5479 3034 5545 ἀκινδύνως
3095 5482 3445 5558 πράττουσιν,
3498 5477 3592 5533 ὲπ-

1939 5574 2060 5650 άγει
2091 5572 2271 5644 ἄλλην
2307 5569 2556 5629 δουλείαν
2589 5566 2997 5648 ἀκριϐεστέραν,
3049 5572 3147 5641 τὴν
3198 5572 3295 5627 τοῦ
3348 5567 3595 5642 πνεύμα-

1938 5685 2050 5730 τος.
2085 5662 2288 5728 Καλῶς
2319 5659 2376 5718 δὲ
2402 5664 2487 5733 τὸ,
2520 5687 2547 5715 ι(
2583 5664 2896 5734 Καινότητι,
2928 5685 2957 5715 »
2991 5659 3181 5731 ἐπειδή
3216 5658 3277 5716 οὗ
3331 5659 3400 5716 τὰ.
3451 5657 3592 5715 αὐτᾶ

1939 5752 1995 5812 ἄν
2049 5756 2119 5831 τῇ
2172 5755 2286 5828 Νέᾳ
2340 5750 2757 5830 ἐπιταττόμεθα,
2839 5746 2975 5830 ἅπερ
3062 5754 3114 5810 οἱ
3169 5753 3343 5812 πάλαι
3399 5757 3452 5812 ἐν
3508 5757 3592 5828 τῷ
