4114 6384
453 377 576 438 449

1583 368 1996 434 COMMENT.
2043 368 2123 430 IN
2170 366 2421 429 EPIST.
2470 367 2575 429 AD
2622 368 2815 431 ROM.
3785 376 3865 435 45

446 509 630 584 νόμω,
658 503 807 562 ἀλλὰ
836 502 993 562 καινὰ
1050 503 1142 560 καὶ
1197 501 1286 560 νέα
1342 501 1784 582 παραγγέλρατα,
1822 502 1913 559 καὶ
1944 499 2105 581 φιλο-

2225 502 2284 559 in
2314 501 2511 559 littera
2541 501 2660 559 sive
2686 501 2748 558 in
2777 501 2945 576 lege:
3006 501 3109 560 sed
3162 520 3316 562 nova
3371 510 3514 563 sunt
3549 514 3849 582 pracepta
3881 548 3892 562 .

454 597 760 676 σοφώτερα,
819 595 947 652 ὡσεῖ
1007 595 1171 664 εἶπεν,
1228 595 1341 650 ἰνα
1398 591 1748 666 δουλεύωμεν
1807 598 1928 656 τοῖς
1968 590 2111 654 νέοις

447 694 568 751 τοῖς
599 686 659 744 ἐκ
685 690 785 743 τοῦ
836 685 1150 757 ΙΙνεύματος
1208 682 1534 761 ἐπιταγεῖσιο
1585 683 1677 740 καὶ
1722 684 1826 760 γὰρ
1865 688 1983 746 τοῖς
2020 682 2116 756 μέν

447 776 707 858 ἀρχαίοις
736 776 801 831 τὸ
836 776 914 851 μή
955 774 1220 855 φονεύειν,
1250 777 1387 848 ἡμῖν
1444 772 1502 830 δὲ
1557 775 1619 829 τὸ
1670 775 1747 847 μή
1783 771 2112 848 ὀργίζεσθαιο

445 867 675 930 ἐκείνοις
710 865 787 939 μή
850 862 1153 941 μοιχεύειν,
1207 864 1344 938 ἡμῖν
1402 860 1459 919 δὲ
1511 863 1576 919 τὸ
1643 859 1784 937 μηδὲ
1813 860 2116 937 περιέργως

442 957 576 1032 ὀρᾷν
605 955 969 1012 ἐπιτέτακται.
1010 978 1029 1003 ι
1069 951 1166 1007 Καὶ
1198 951 1260 1007 ού
1312 949 1646 1022 παλαιότητι
1676 951 2004 1026 γράμματος
2031 971 2046 1020 ς
2080 973 2110 1002 »

438 1045 560 1105 Οὔκ
588 1039 667 1101 ἔτι
699 1044 803 1121 γὰρ
831 1046 859 1099 6
887 1042 1061 1115 νόμος
1117 1041 1417 1113 ἐπιτάσσει,
1478 1039 1625 1098 ἀλλά
1653 1041 1715 1097 τὸ
1746 1039 1987 1114 πνεῦμα.
2020 1041 2111 1098 Εἰ-

436 1137 559 1192 πὼν
591 1132 672 1206 δὲ,
704 1160 732 1187 ‹‹
769 1131 1137 1205 ΙΙαλαιότητι,
1173 1157 1202 1186 ››
1259 1129 1428 1204 ἔδειξε
1475 1133 1539 1188 τὸ
1573 1134 1775 1206 σαθρὸν
1805 1136 1907 1188 τοῦ
1941 1153 2113 1206 νομου

436 1226 533 1283 καὶ
559 1224 810 1305 ἀχρεῖον.
872 1227 977 1280 ΙΙᾶν
1031 1222 1132 1298 γὰρ
1164 1221 1249 1293 τὰ,
1312 1245 1340 1277 α
1371 1221 1795 1295 παλαιούμενον,
1831 1221 1987 1298 φησὶ,
2019 1221 2108 1277 καὶ

436 1318 748 1393 γηράσκον,
780 1313 933 1390 ἐγγὺς
964 1312 1293 1394 ἀφανισμοῦ,
1329 1336 1358 1364 ››
1414 1346 1475 1354 -
1514 1337 1542 1365 α
1576 1313 1643 1370 Τί
1676 1314 1765 1368 οὖν
1799 1311 2049 1388 ἐροῦμεν,
2083 1335 2111 1364 ››

438 1403 673 1475 Ἐπειδὴ
735 1403 905 1469 εἶπεν,
988 1427 1009 1454 ι
1070 1404 1186 1459 Ἵνα
1266 1398 1617 1473 δουλεύωμεν
1699 1399 1751 1457 ἐν
1830 1400 2113 1472 καινότητι

435 1494 774 1568 πνεύματος,
813 1516 842 1545 ››
903 1492 979 1554 ὡς
1035 1495 1134 1547 τοῦ
1195 1491 1290 1564 μὲν
1340 1491 1645 1565 πνεύματος
1692 1490 1983 1561 σώζοντος,
2016 1494 2114 1546 τοῦ

442 1583 503 1641 δὶ
530 1583 710 1658 νόμον
768 1583 845 1657 μὴ
891 1582 1188 1651 σώζοντος,
1222 1581 1378 1660 φησί.
1436 1578 1505 1638 Τί
1566 1580 1682 1651 οὗν,
1716 1578 1861 1637 εἶ’ποι
1893 1601 1997 1645 τις,
2030 1582 2114 1636 ὅτι

442 1676 473 1730 6
524 1674 697 1747 νόμος
725 1668 1074 1747 ἁμαρτωλός
1135 1669 1304 1741 ἐστιν,
1357 1669 1393 1741 ἢ
1455 1669 1721 1744 ἁμαρτίας
1780 1670 2112 1747 πρόξενος;

453 1762 534 1820 O6
561 1765 739 1831 τοῦτο,
791 1759 949 1840 φησὶ,
1007 1756 1181 1836 λέγω,
1241 1757 1370 1815 ἀλλ’
1427 1757 1512 1814 ὅτι
1569 1759 1829 1834 πρόξενός
1893 1781 1987 1835 μοι
2017 1764 2115 1816 τοῦ

458 1859 658 1930 γνῶναι
707 1854 808 1923 τὴν
897 1851 1187 1929 ἁμαρτίανο
1268 1852 1463 1908 οὐκοῦν
1540 1852 1632 1907 καὶ
1711 1847 1981 1932 χειρὸνως
2038 1874 2191 1957 τι-Β

629 1950 682 1957 --
858 1943 883 1957 ..
973 1940 988 1957 .
1179 1942 1191 1957 .
1346 1940 1367 1957 ε
1489 1941 1503 1957 .
1584 1942 1597 1957 .
1772 1941 1782 1957 .
1838 1943 1861 1949 κ.
1924 1946 1985 1957 ..Α

458 1950 800 2020 μωρηθῆναι,
853 1943 939 1998 ὅτι
971 1940 1023 1997 έν
1086 1942 1284 2021 γνώσει
1346 1940 1544 1999 λοιπὸν
1573 1941 1890 2018 ἁμαρτάνω.
1924 1946 2114 2015 Ὅμως

446 2035 582 2090 κατά
642 2033 836 2107 μικρὸν
899 2029 1138 2088 δείκνυσι
1194 2031 1284 2087 τὸν
1339 2031 1509 2107 νόμον
1553 2032 1645 2088 καὶ
1692 2052 2114 2088 κατασκευαστι-

439 2127 537 2182 κὸν
570 2128 669 2196 τῆς
700 2123 990 2198 ἁμαρτίας,
1050 2123 1112 2179 οὐ
1175 2124 1283 2198 μὴν
1343 2123 1489 2196 παρὰ
1546 2124 1646 2192 τήν
1699 2121 1900 2178 οἰκείαν
1930 2121 2110 2201 φύσιν,

435 2213 591 2273 ἀλλά
628 2214 776 2289 παρά
805 2215 904 2285 τὴν
966 2210 1145 2270 αὐτῶν
1205 2212 1420 2272 κακίαν.
1480 2211 1598 2271 Οὔκ
1627 2213 1765 2279 εἶπε,
1790 2210 1851 2267 Τί
1883 2211 1977 2268 οὖν
2005 2231 2019 2283 ;
2051 2213 2112 2271 Ὀ

431 2309 615 2382 νόμος
644 2307 930 2377 ἀπέθανεν,
961 2306 999 2377 ἢ
1032 2307 1374 2384 κατήργηται
1430 2309 1617 2382 (τοῦτο
1643 2306 1746 2382 γὰρ
1779 2298 2068 2378 ἐϐούλετο)
2093 2321 2109 2374 ;

429 2399 569 2458 ἀλλ’
600 2402 733 2474 ιὶιπερ
791 2396 919 2454 οὐδὲ
973 2396 1123 2470 αὐτῷ
1183 2395 1380 2454 ἐδόκει.
1439 2429 1510 2441 -
1566 2397 1783 2470 [ΦΩΤ.]
1817 2420 1845 2449 ιι
1878 2394 1943 2453 Τί
1973 2391 2108 2464 οὖνς

430 2490 634 2572 φησίν,
689 2490 718 2544 ὁ
775 2489 947 2563 νόμος
1004 2485 1285 2561 ἁμαρτίας
1325 2512 1345 2538 ι
1410 2487 1503 2543 Διὸ
1563 2486 1777 2561 έπαγει,
1829 2508 1854 2541 α
1891 2486 1984 2556 Μὴ
2018 2483 2111 2561 γέ-

425 2580 636 2637 νοιτοί
675 2604 696 2631 ο
761 2573 875 2653 ἅμα
926 2577 1214 2639 κάκείνους
1272 2575 1523 2648 λεαίνων,
1571 2576 1664 2633 καὶ
1717 2575 1781 2633 τὸ
1812 2574 1980 2631 αὐτοῦ
2012 2574 2112 2631 οὐκ

435 2672 711 2746 ἀναιρῶν.

518 2762 602 2822 Οὐ
633 2762 738 2841 γὰρ
769 2761 817 2818 εἷ
850 2762 927 2836 μή
960 2758 1103 2820 ἔστιν
1158 2760 1419 2837 ἁμαρτία,
1469 2758 1579 2832 ἢδη
1634 2760 1736 2817 οὐκ
1780 2761 2039 2817 ἀπέθανεν
2071 2762 2108 2832 ἢ

439 2850 510 2907 οὐ
567 2852 942 2925 κατήργηται,
995 2848 1129 2924 ὅπερ
1185 2847 1390 2911 ἐκεῖνος
1439 2848 1530 2904 καὶ
1559 2844 1797 2904 ἐδείκνυε
1827 2848 1919 2904 καὶ
1950 2842 2108 2903 ἐϐού-

432 2938 605 2997 λετο.
667 2965 695 2992 ιι
729 2940 791 2998 Ὀ
842 2938 1014 3014 νόμος
1074 2937 1407 3015 ἁμαρτία;ι
1471 2937 1818 3014 Μετετράπη,
1861 2937 2046 3014 φησὶν,
2081 2938 2109 2992 6

433 3032 622 3105 νόμος
654 3031 755 3099 τὴν
813 3026 994 3108 φύσιν,
1048 3029 1137 3084 καὶ
1200 3026 1420 3107 γέγονεν
1476 3026 1552 3091 εἷς
1610 3027 1878 3103 ἁμαρτίαν
1911 3028 2106 3096 ὡθῶν;

437 3120 612 3195 Οὐχὶ,
649 3117 836 3195 φησίν.
883 3114 1021 3179 Ἰδες
1073 3122 1191 3183 πῶς
1241 3121 1523 3197 πανταχοῦ
1551 3124 1653 3184 τῆς
1686 3116 1951 3191 ὁμαρτίας
1982 3109 2105 3192 ἔχε-

436 3232 558 3279 ται,
586 3209 683 3264 τὸν
715 3208 889 3283 νόμον
935 3204 1304 3264 ἀπαλλάττων
1364 3206 1696 3283 κατηγορίας
1724 3205 1937 3277 ἀπάσης
1964 3224 1979 3276 ;
2014 3204 2108 3261 Διὸ

437 3300 535 3357 καὶ
596 3297 862 3374 ἐπήγαγε,
917 3295 1118 3373 λέγων·
1180 3298 1337 3353 Ὥστε
1392 3297 1420 3351 6
1476 3296 1648 3370 νόμος
1702 3298 1877 3371 ἅγιος,
1935 3296 2026 3351 καὶ
2070 3297 2107 3366 ἡ

436 3388 646 3457 ἐντολή
678 3387 807 3463 ἁγία
834 3387 925 3443 καὶ
957 3387 1153 3463 ἀγαθή.
1188 3411 1217 3439 ››
1263 3384 1416 3445 Ἀλλ’
1466 3385 1512 3442 εί
1568 3384 1852 3462 βούλεσθε,
1883 3386 1971 3441 καὶ
2002 3389 2108 3441 τῶν

441 3478 914 3556 παραποιούντων
965 3478 1065 3541 τὰς
1122 3475 1404 3553 ἐξηγήσεις
1459 3476 1657 3540 ταύτας
1710 3476 1786 3539 είς
1830 3475 1991 3550 μέσον
2019 3477 2111 3533 τὸν

441 3569 616 3647 λόγον
659 3569 956 3647 ἀγάγωμεν
1012 3566 1157 3624 οὕτω
1210 3566 1316 3643 γὰρ
1374 3566 1670 3646 σαφέστερα
1698 3566 1765 3622 τά
1794 3568 1919 3642 παρ’
1950 3569 2112 3640 ἡμῶν

452 3658 748 3734 λέγὸμενα.
810 3659 966 3721 Τινὲς
1022 3658 1125 3735 γὰρ
1185 3655 1436 3728 ἐνταῦθα,
1492 3655 1554 3712 οὗ
1612 3656 1735 3732 περὶ
1787 3661 1885 3712 τοῦ
1939 3657 2115 3729 νόμου

466 3746 741 3812 Μωῦσέως
772 3747 935 3804 αὐτόν
968 3768 1094 3827 φασι
1126 3742 1309 3823 λέγειν
1339 3745 1406 3801 τὰ
1454 3744 1745 3822 λεγόμενα,
1776 3742 1904 3801 ἀλλ’
1932 3744 1984 3800 oi
2020 3745 2114 3818 μὲν

467 3837 593 3911 περὶ
624 3842 712 3892 τοῦ
740 3841 995 3916 φυσικοῦ,
1028 3833 1193 3892 ἄλλοι
1254 3833 1312 3891 δὲ
1361 3835 1485 3913 περὶ
1544 3841 1644 3905 τῆς
1673 3831 1901 3903 ἐντολῆς
1928 3840 2029 3903 τῆς
2063 3832 2112 3889 έν

462 3932 547 4000 τῷ
592 3926 897 4004 παραδείσῳ
952 3923 1223 3996 δοθείσης.
1279 3924 1379 3981 Καὶ
1439 3926 1548 4000 μὴν
1604 3927 1887 4000 πανταχοῦ
1919 3923 2121 3987 σκοπὸς

455 4022 541 4091 τῷ
602 4016 805 4091 Παύλῳ
858 4020 1052 4073 τοῦτον
1113 4017 1410 4086 ἀναστῆσαι
1466 4014 1561 4070 τὸν
1614 4014 1807 4088 νόμον.
1870 4014 2013 4090 Πρὸς
2062 4011 2121 4068 δὲ

451 4109 719 4177 ἐκείνους,
752 4105 944 4165 οὐδένα
977 4107 1146 4183 λόγον
1177 4101 1318 4184 ἔχει,
1376 4105 1467 4162 καὶ
1520 4103 1673 4181 μάλα
1703 4105 1947 4169 εἰκότως.
1980 4107 2121 4163 Τοῦο

450 4221 549 4255 τον
577 4199 681 4275 γὰρ
736 4195 999 4256 Ἰουδαῖοι
1061 4193 1367 4259 δεδοικότες
1426 4194 1519 4251 καὶ
1575 4192 1891 4268 τρέμοντες,
1935 4191 2125 4273 έφιλο-

448 4288 670 4345 νείκουν
719 4290 789 4361 τῇ
823 4287 1036 4368 χάριτι.
1082 4287 1194 4355 Τὴν
1247 4280 1305 4341 δὲ
1358 4283 1586 4354 ἐντολὴν
1614 4285 1713 4353 τήν
1747 4284 1798 4339 έν
1833 4288 1913 4357 τῷ
1945 4302 2124 4359 παρα-

446 4376 641 4451 δείσῳ,
675 4377 800 4434 οὐδὲ
827 4378 998 4451 νόμον
1025 4376 1159 4432 ποτὶ
1211 4375 1455 4451 φαίνεται
1485 4371 1743 4446 καλέσας,
1782 4371 1901 4430 οὐδ’
1932 4372 2116 4443 αὐτὸς,

443 4464 564 4522 οὐδ’
598 4463 773 4530 ἄλλος
804 4463 1013 4529 οὐδείς.
1045 4464 1160 4521 Ἵνα
1219 4460 1279 4519 δὲ
1334 4463 1426 4519 καὶ
1457 4462 1635 4518 αὐτῶν
1666 4467 1775 4518 τῶν
1811 4463 1929 4539 ε’ρη
1944 4463 2118 4536 μένων

441 4562 615 4614 τοῦτο
647 4557 972 4635 σαφέστερον
1024 4555 1275 4629 γένηται,
1328 4552 1700 4628 ἐπεξέλθωμεν
1740 4558 1857 4615 τοῖς
1891 4553 2124 4630 ῥήμασι,

2225 592 2533 666 magisque
2562 591 2741 665 plena
2772 594 3106 664 sapientia;
3140 612 3207 651 ac
3249 595 3298 651 si
3331 596 3617 653 dixisset:
3657 599 3729 655 Ut
3760 616 3888 655 ser—

2222 685 2451 740 viamus
2482 686 2648 740 novis
2681 688 2991 758 praeceptis
3024 703 3156 757 quae
3204 687 3423 743 dantur
3453 705 3487 743 a
3517 689 3757 761 Spiritu.
3793 691 3887 746 Si-

2225 776 2468 848 quidem
2500 776 2764 848 antiquis
2823 783 3187 850 prmceptum
3243 787 3371 835 erat
3428 797 3550 835 non
3587 781 3886 852 occidere,

2224 867 2397 924 nobis
2429 874 2628 924 autem
2663 884 2784 923 non
2818 867 2993 923 irasci
3020 885 3033 923 :
3066 868 3188 925 illis
3219 886 3340 925 non
3374 872 3673 941 moechari,
3706 873 3883 930 nobis

2222 974 2358 1015 vero
2389 974 2584 1030 neque
2615 959 2846 1015 curiose
2896 959 3117 1015 intueri
3146 959 3207 1011 ³³.
3273 982 3294 1012 ι
3330 960 3400 1015 Et
3433 978 3552 1017 non
3583 980 3688 1035 per
3717 970 3888 1020 vetu—

2225 1051 2437 1102 etatem
2467 1047 2703 1104 litteras.
2730 1071 2752 1101 ι
2793 1050 2918 1103 Non
2951 1049 3113 1105 enim
3146 1049 3241 1106 lex
3273 1050 3532 1123 amplius
3569 1051 3755 1125 jubet.
3784 1051 3889 1108 sed

2224 1135 2489 1207 spiritus.
2534 1136 2745 1192 Dicens
2795 1142 3015 1201 autem,
3072 1160 3100 1188 ‹‹
3138 1139 3522 1207 Vetustatem,
3556 1160 3585 1190 »
3619 1140 3884 1195 ostendit

2222 1224 2370 1298 legis
2400 1226 2873 1298 antiquationem
2924 1226 3443 1300 achinutilitatem.
3491 1230 3634 1285 Nam
3668 1251 3696 1280 «
3730 1229 3888 1300 quod

2223 1315 2569 1387 antiquatur
2597 1333 2665 1372 ac
2696 1317 2975 1377 senescit.
3010 1317 3229 1388 inquit,
3255 1318 3316 1374 in
3346 1319 3682 1391 prapinquo
3716 1324 3804 1374 est
3827 1324 3893 1374 ut

2223 1410 2535 1461 evanescat
2555 1404 2622 1458 3‘.
2649 1428 2677 1456 ››
2709 1438 2771 1447 -
2807 1428 2835 1457 ‹‹
2861 1407 3009 1473 Quid
3038 1424 3173 1480 ergo
3199 1407 3467 1464 dicemus
3489 1408 3516 1464 ‘2
3535 1431 3564 1459 ››
3596 1410 3890 1475 Quoniam

2223 1494 2488 1551 dixerat:
2525 1517 2553 1546 ‹‹
2588 1496 2660 1552 Ut
2690 1497 3022 1553 serviamus
3055 1514 3162 1569 per
3191 1498 3519 1555 novitatem
3561 1498 3826 1571 spiritus,
3862 1519 3892 1550 »

2226 1585 2395 1657 quasi
2429 1585 2693 1642 salvante
2716 1587 2950 1658 spiritu,
2978 1586 3104 1661 lege
3132 1604 3267 1643 vero
3300 1605 3422 1644 non
3446 1588 3735 1655 salvante,
3770 1589 3894 1645 ait:

2224 1675 2374 1741 Quid
2404 1692 2564 1750 ergo,
2597 1676 2814 1732 dixerit
2841 1678 3164 1750 quispiam,
3200 1696 3348 1736 num
3389 1680 3484 1735 lex
3514 1686 3757 1752 peccato
3789 1679 3898 1735 ob-

2225 1772 2402 1827 noxia
2423 1776 2513 1827 est
2534 1778 2638 1827 aut
2662 1773 2887 1844 peccati
2916 1771 3292 1828 conciliatrix
3315 1771 3342 1826 ‘I
3368 1773 3493 1827 Non
3518 1773 3652 1831 hoc.
3676 1771 3894 1844 inquit,

2225 1861 2389 1917 dico:
2424 1861 2528 1918 sed
2550 1862 2708 1934 quod
2732 1862 3141 1918 conciliaverit.
3164 1862 3309 1917 mibi
3336 1862 3616 1919 notitiam
3640 1861 3888 1935 peccati:

2224 1951 2475 2023 proinde
2498 1951 2734 2025 gravius
2757 1953 2937 2008 etiam
2961 1952 3364 2024 puniar,quod
3388 1951 3670 2025 deinceps
3693 1951 3890 2008 sciens

2221 2058 2468 2113 peccare
2501 2043 2856 2107 convincar;
2890 2041 3338 2114 aliquantulum
3390 2048 3588 2099 tamen
3630 2040 3894 2098 ostendit

2221 2131 2413 2204 legem
2444 2132 2752 2204 cooperari
2783 2132 2858 2188 ad
2901 2140 3234 2204 peccatum,
3267 2148 3648 2204 nequaquam
3682 2150 3752 2188 ex
3785 2147 3893 2187 sua

2221 2228 2453 2289 natura,
2491 2222 2595 2278 sed
2627 2228 2878 2294 propter
2907 2222 3175 2294 ipsorum
3208 2222 3520 2277 malitiam.
3556 2222 3683 2276 Non
3723 2220 3894 2288 dixit,

2221 2311 2372 2377 Quid
2403 2311 2585 2384 ergo?
2609 2312 2721 2367 Lex
2747 2318 2985 2367 mortua
3015 2318 3123 2381 est,
3156 2319 3261 2367 aut
3287 2310 3582 2367 dissoluta
3606 2309 3743 2365 est?
3775 2309 3894 2365 Hoc

2221 2402 2383 2457 enim
2406 2408 2465 2457 et
2490 2402 2616 2475 ipse
2638 2401 2953 2472 sentiebat,
2977 2401 3081 2458 sed
3112 2400 3171 2456 id
3205 2401 3361 2473 quod
3393 2418 3467 2457 ne
3500 2400 3614 2472 ipsi
3648 2399 3891 2472 quidem

2218 2491 2546 2548 videbatur.
2580 2523 2650 2533 -—-
2680 2514 2709 2543 «
2742 2491 2888 2564 quid
2945 2508 3081 2561 ergo
3103 2491 3130 2547 ?
3162 2492 3274 2547 Lex
3332 2497 3651 2563 peccatum
3693 2489 3826 2545 est?
3857 2510 3887 2540 »

2218 2581 2356 2639 Ideo
2387 2582 2732 2655 subjungit:
2766 2581 3023 2638 «Absit!
3050 2603 3079 2632 ››
3107 2582 3287 2638 simul
3318 2587 3377 2637 et
3408 2580 3548 2636 illos
3584 2581 3887 2653 mitigans,

2219 2678 2279 2728 et
2307 2670 2466 2743 quod
2498 2688 2673 2728 suum
2703 2677 2829 2728 erat
2862 2688 2981 2728 non
3013 2670 3317 2728 auferens.

2290 2763 2438 2820 287
2461 2764 2662 2835 Neque
2677 2762 2834 2819 enim
2851 2762 2899 2818 si
2918 2762 3013 2819 lex
3026 2768 3335 2835 peccatum
3351 2776 3473 2818 non
3488 2759 3887 2828 est,continuo

2219 2853 2490 2925 sequitur
2520 2859 2818 2910 mortuam
2844 2870 2965 2909 non
2990 2870 3119 2909 esse
3140 2857 3242 2908 aut
3264 2852 3551 2919 solutam,
3576 2850 3735 2923 quod
3763 2850 3889 2923 ipse

2217 2942 3125 2999 demonstrabatetintendebat.
3161 2965 3189 2993 ‹‹
3217 2943 3330 2998 Lex
3350 2947 3668 3014 peccatum
3699 2939 3834 2996 est?
3859 2961 3887 2990 »

2217 3032 2483 3097 Mutavit,
2510 3033 2727 3105 inquit,
2755 3033 2848 3088 lex
2869 3039 3166 3099 naturam,
3191 3038 3249 3087 et
3270 3034 3422 3088 facta
3452 3036 3542 3088 est
3563 3030 3638 3086 ad
3670 3046 3884 3103 pecca-

2217 3127 2345 3178 tum
2369 3122 2730 3195 impellens?
2763 3125 2912 3189 Non,
2946 3122 3160 3194 inquit.
3193 3121 3369 3178 Vides
3400 3138 3516 3194 quo
3546 3127 3719 3193 pacto
3749 3119 3886 3175 ubi-

2220 3228 2335 3284 que
2360 3219 2602 3285 peccato
2624 3229 2965 3280 occurrens,
2984 3212 3175 3285 legem
3198 3212 3361 3267 omni
3391 3211 3607 3267 liberet
3637 3226 3885 3266 accusa-

2218 3303 2384 3359 tione
2401 3301 2430 3359 ?
2447 3302 2586 3359 Ideo
2605 3305 2783 3360 etiam
2803 3302 3109 3376 adjunxit:
3135 3325 3162 3353 «
3185 3304 3391 3375 Itaque
3414 3302 3511 3358 lex
3532 3306 3738 3358 sancta
3764 3307 3872 3370 est,

2221 3399 2280 3451 et
2306 3400 2669 3467 praeceptum
2731 3401 3027 3463 sanctum,
3080 3395 3432 3468 justumque
3472 3409 3539 3449 ac
3568 3392 3811 3448 bonum.
3845 3413 3876 3443 »

2222 3486 2459 3553 Verum,
2482 3485 2530 3541 si
2554 3484 3019 3558 placet,illorum
3044 3501 3281 3558 quoque
3306 3499 3646 3540 sermonem
3670 3483 3731 3537 in
3757 3499 3878 3539 me-

2223 3573 2395 3630 dium
2419 3574 2814 3648 proferamus,
2846 3575 2946 3647 qui
3005 3575 3115 3631 has
3172 3579 3527 3646 pervertunt
3554 3571 3879 3629 enarratio-

2222 3679 2360 3719 nes:
2385 3665 2467 3720 ita
2482 3664 2644 3721 enim
2667 3664 3080 3720 manifestiora
3104 3665 3252 3719 ﬁent
3273 3680 3405 3734 quas
3428 3680 3462 3718 a
3483 3662 3658 3718 nobis
3678 3661 3885 3718 dicun-

2224 3755 2337 3807 tur.
2375 3754 2517 3810 Nam
2552 3753 2792 3826 quidam
2824 3754 2922 3809 hic
2954 3770 3076 3809 non
3098 3753 3170 3809 de
3195 3752 3335 3809 Mosi
3363 3753 3490 3823 lege
3523 3750 3721 3806 dicere
3746 3767 3882 3805 eum

2224 3846 2501 3896 asserunt
2531 3857 2663 3911 quae
2686 3840 2990 3910 dicuntur,
3016 3840 3120 3896 sed
3143 3840 3203 3895 hi
3234 3840 3476 3912 quidem
3509 3839 3582 3894 de
3613 3838 3741 3910 lege
3773 3853 3883 3893 na-

2227 3928 2427 3996 turali,
2486 3929 2588 3984 alii
2640 3945 2777 3984 vero
2823 3928 2896 3984 de
2946 3934 3244 4001 praecepto
3305 3927 3465 4000 quod
3507 3928 3570 3983 in
3601 3926 3881 3983 Paradiso

2227 4018 2431 4075 datum
2455 4024 2560 4075 est.
2586 4020 2755 4091 Atqui
2780 4036 2997 4092 scopus
3017 4019 3242 4091 ubique
3264 4018 3446 4074 Paulo
3468 4022 3560 4073 est
3587 4017 3741 4072 hanc
3762 4016 3884 4071 ele-

2226 4124 2363 4165 vare
2392 4108 2584 4183 legem
2609 4128 2624 4168 :
2655 4109 2814 4165 circa
2841 4109 2979 4165 illas
3032 4114 3233 4165 autem
3263 4124 3338 4163 ne
3367 4107 3612 4163 verbum
3642 4105 3885 4178 quidem

2226 4199 2370 4256 facit
2396 4198 2590 4256 ullum
2617 4216 2630 4254 :
2662 4199 2840 4272 idque
2882 4200 3020 4273 jure
3078 4199 3325 4271 optimo.
3358 4198 3504 4254 Nam
3536 4197 3687 4253 hanc
3716 4195 3885 4251 veriti

2228 4288 2412 4345 Judaei
2446 4306 2514 4345 ac
2559 4294 2907 4357 trementes,
2939 4288 3382 4346 contendebant
3437 4287 3721 4343 adversus
3752 4301 3888 4358 gra-

2230 4380 2397 4435 tiam.
2433 4381 2804 4452 Prteceptum
2861 4380 3007 4436 item
3065 4379 3224 4451 quod
3255 4379 3316 4433 in
3349 4377 3632 4434 Paradiso
3680 4374 3887 4432 datum

2233 4475 2342 4533 est,
2376 4484 2686 4540 nunquam
2709 4475 2811 4525 aut
2828 4468 2925 4524 hic
2945 4468 3266 4541 Apostolus
3288 4472 3389 4523 aut
3411 4466 3566 4522 alius
3588 4465 3887 4538 quispiam

2233 4557 2425 4631 legem
2454 4558 2690 4613 videtur
2743 4557 3095 4631 appellasse.
3160 4557 3235 4614 Ut
3289 4563 3490 4613 autem
3541 4556 3654 4611 hoc
3685 4570 3791 4627 per
3819 4568 3890 4610 ea

446 4646 652 4723 μικρὸν
714 4623 975 4723 ἀνωτέρω
1039 4623 1154 4701 τὸν
1200 4623 1368 4719 λόγον
1431 4623 1744 4718 ἀγαγόντες.
1811 4623 2113 4719 ΙΙερῖηγάρ

2228 4623 2411 4703 etiam
2439 4664 2571 4719 quae
2602 4623 2959 4704 dicta-sunt
3014 4648 3120 4703 fiat
3175 4645 3574 4703 manifestius.
3612 4623 3891 4700 sermone

448 4734 739 4799 πολιτείας
799 4730 1062 4812 ἀκριϐοῦς
1124 4734 1317 4796 αὐτοῖς
1366 4729 1702 4808 διαλεχθεὶς,
1764 4732 2006 4807 έπήγαγε
2036 4730 2123 4787 λέ-

448 4830 592 4902 γων·
629 4851 658 4878 «ι
691 4827 759 4883 'Il
795 4824 1066 4904 ἀγνοεῖτε,
1104 4819 1358 4902 ἀδελφοὶ,
1389 4821 1472 4878 ὅτι
1504 4821 1533 4877 ὁ
1562 4821 1733 4895 νόμος
1758 4820 1993 4899 κυριεύει
2023 4824 2120 4877 τοῦ

448 4915 773 4991 ἀνθρώπω,
825 4915 912 4995 ἐφ’
988 4913 1114 4970 ὅσον
1176 4912 1379 4989 χρόνον
1444 4914 1551 4984 ζῇς
1609 4911 1770 4967 Ὥστε
1820 4909 1911 4965 καὶ
1963 4910 2119 4985 ὑμεῖς

449 5005 833 5077 ἐθανατώθητε
886 5007 968 5077 τῷ
1019 5001 1255 5078 νόμῳ.»
1311 5000 1523 5060 Οὐκοῦν
1583 4998 1629 5054 εί
1679 4998 1804 5075 περὶ
1835 5003 1932 5055 τοῦ
1964 5021 2119 5077 φυσι-

446 5099 552 5150 κοῦ
607 5096 777 5149 ταῦτα
828 5091 1065 5170 εἴρηται,
1126 5089 1534 5167 εὑρεθησόμεθα
1589 5088 1665 5162 μή
1704 5083 1925 5164 ἔχοντες
1954 5088 2121 5162 νόμον

448 5183 705 5263 φυσικόν.
757 5181 821 5241 Εἴ
881 5179 941 5238 δὶ
993 5185 1163 5238 τοῦτο
1237 5179 1463 5250 ἀληθὲς,
1517 5181 1625 5233 τῶν
1678 5176 1899 5255 ἀλόγων
1963 5177 2120 5252 ἐσμὲν

450 5274 830 5347 ἀνοητότεροι.
887 5271 1045 5332 Ἀλλ’
1108 5271 1209 5328 οὐκ
1260 5268 1373 5327 ἔστι
1423 5273 1612 5326 ταῦτα.
1646 5269 1776 5345 Περὶ
1802 5268 1910 5345 γὰρ
1937 5272 2034 5324 τοῦ
2065 5268 2116 5324 έν

445 5370 532 5439 τῷ
599 5362 916 5440 παραδείσῳ
972 5358 1097 5419 οὐδὲ
1147 5360 1476 5443 φιλονεικεῖν
1533 5358 1846 5435 ἀναγκαῖον,
1900 5355 1992 5412 ’ίνα
2039 5359 2114 5433 μὴ

446 5455 705 5530 περιττὸν
761 5450 1145 5526 ἀναδεξώμεθα
1200 5450 1368 5506 πόνον
1427 5447 1565 5525 πρὸς
1592 5447 1659 5502 τά
1703 5444 2118 5523 ὡμολογημένα

447 5546 844 5621 ἀποδυόμενοι.
905 5547 1030 5606 Πῶς
1087 5542 1200 5612 οὗν,
1259 5566 1289 5595 ι(
1325 5542 1436 5612 Τήν
1468 5536 1741 5616 ἁμαρτίαν
1791 5537 1892 5595 οὐκ
1946 5536 2112 5615 ἔγνων

520 5728 575 5775 υ
601 5726 812 5791 ιιιιιι.
846 5742 900 5795 ν,
931 5726 998 5782 ﬁt
1024 5738 1195 5796 seqq.
1270 5722 1318 5760 ³⁵
1353 5719 1534 5779 Ioh.
1566 5733 1693 5790 Vm,
1718 5720 1815 5775 18.

2228 4736 2408 4808 paulo
2464 4736 2642 4791 altius
2698 4737 2973 4809 repetito,
3034 4734 3227 4791 verbis
3286 4749 3744 4807 prosequamur.
3781 4731 3889 4787 Ubi

2231 4825 2392 4881 enim
2445 4823 2519 4880 de
2576 4824 2765 4897 proba
2821 4824 3271 4881 conversatione
3319 4821 3444 4877 illis
3490 4820 3890 4889 disseruisset,

2232 4914 2543 4987 subjunxit
2573 4915 2778 4971 dicens
2804 4931 2818 4972 :
2849 4936 2880 4966 ‹‹
2902 4917 2989 4970 An
3017 4913 3330 4985 ignoratis,
3363 4911 3597 4971 fratres.
3616 4911 3777 4983 quod
3802 4910 3894 4966 lex

2230 5004 2577 5061 dominetur
2601 5004 2832 5062 homini
2863 5010 3089 5076 quanto
3117 5009 3387 5074 tempore
3411 5000 3592 5057 vivit?
3639 4999 3895 5056 Proinde

2230 5111 2331 5150 vos
2361 5111 2599 5167 quoque
2623 5095 2964 5151 mortificati
2987 5093 3132 5149 estis
3156 5093 3290 5165 legi.
3319 5113 3349 5143 »
3375 5093 3580 5163 Itaque
3609 5090 3657 5147 si
3689 5090 3761 5146 de
3788 5106 3893 5146 na-

2230 5184 2407 5240 turali
2440 5185 2567 5258 lege
2598 5185 2726 5240 hwc
2756 5184 2915 5240 dicta
2963 5188 3120 5244 sunt,
3155 5182 3531 5238 inveniemur
3559 5180 3894 5236 naturalem

2228 5289 2350 5329 non
2380 5274 2599 5331 habere
2630 5274 2858 5347 legem:
2882 5273 3043 5346 quod
3070 5272 3121 5328 si
3144 5273 3255 5327 hoc
3278 5288 3482 5328 verum
3516 5277 3624 5329 est.
3656 5271 3893 5326 irratio-

2229 5363 2468 5419 nalibus
2490 5363 2936 5435 insipientiores
2959 5378 3167 5418 sumus
3183 5377 3196 5416 :
3212 5360 3318 5417 sed
3340 5362 3466 5417 haec
3489 5374 3611 5416 non
3630 5359 3714 5415 ita
3732 5363 3890 5414 sunt.

2228 5451 2309 5507 De
2340 5469 2411 5509 ea
2437 5468 2578 5509 vero
2607 5469 2740 5525 qua:
2773 5453 2836 5509 in
2867 5450 3153 5510 Paradiso
3205 5451 3344 5507 data
3374 5457 3485 5519 est,
3516 5464 3592 5504 ne
3623 5463 3892 5505 necessa-

2223 5542 2382 5599 rium
2406 5543 2655 5616 quidem
2686 5548 2778 5600 est
2800 5543 3199 5601 contendere:
3223 5558 3300 5599 ne
3322 5538 3693 5615 superﬂuum
3714 5536 3896 5594 susci-
