4114 6386
264 332 379 392 451

1389 318 1817 385 (ECUMENII
1860 315 2168 381 TRICCE
2210 318 2558 385 EPlSCOPI

3565 326 3686 389 452

257 462 493 536 piamus
526 459 815 526 laborem,
848 457 1007 514 circa
1064 473 1133 513 ea
1190 473 1321 529 quae
1353 456 1414 512 in
1446 455 1714 512 confesso
1748 456 1906 514 sunt,

2038 450 2073 505 ιῖ
2107 452 2184 524 μή
2219 448 2309 509 διὰ
2337 454 2551 529 νόμους
2588 478 2615 507 ››
2675 455 2753 514 Ού
2805 455 2906 526 τὴν
2962 453 3203 513 καθόλου
3253 456 3426 533 λέγων
3460 459 3682 537 ἄγνοιαν

258 552 429 609 illum
453 548 884 623 aggredientes.
911 546 1216 613 Quomodo
1241 563 1376 619 ergo
1400 546 1483 602 ait
1510 564 1523 602 :
1550 567 1577 595 ‹‹
1603 545 1917 599 Peccatum

263 659 382 697 non
413 640 653 713 cognovi
685 640 799 695 nisi
836 654 941 710 per
972 637 1162 709 legem
1185 637 1212 692 ‘2
1242 659 1270 687 ››
1306 638 1450 691 Cum
1486 636 1595 690 hoc
1631 632 1920 697 dicit,non

264 729 668 786 omnimodam
699 727 1393 799 intenditignorantiam,
1429 724 1532 781 sed
1564 723 1920 780 exactiorem

267 819 704 893 cognotiouem.
741 820 886 874 Nam
919 817 969 873 si
1000 817 1071 873 de
1106 817 1363 872 naturali
1397 816 1524 888 lege
1556 815 1667 869 hoc
1698 813 1920 869 dictum

261 915 369 975 est,
406 907 703 981 quomodo
738 907 800 962 in
851 906 1240 978 sequentibus
1291 907 1447 960 hunc
1477 904 1657 960 habet
1694 916 1925 958 sermo-

257 1017 397 1057 nem
425 1017 437 1055 :
471 1023 498 1049 «
533 1001 650 1072 Ego
682 1005 880 1055 autem
911 997 1177 1053 vivebam
1211 995 1512 1069 quondam
1544 995 1672 1051 sine
1706 991 1921 1067 lege?»

258 1093 457 1162 Neque
492 1089 650 1145 enim
674 1088 861 1143 Adam
889 1104 1084 1159 neque
1109 1086 1263 1142 alius
1288 1086 1606 1158 quisquam
1637 1085 1815 1139 homo
1841 1082 1920 1137 vi-

261 1179 436 1235 detur
465 1195 729 1250 unquam
762 1178 887 1233 sine
941 1176 1199 1232 naturali
1233 1176 1446 1231 vixisse
1478 1175 1625 1247 lege.
1662 1175 1805 1229 Nam
1839 1172 1920 1228 si-

264 1271 391 1330 mul
442 1276 508 1325 ut
560 1270 731 1324 illum
785 1268 1061 1324 formavit
1119 1268 1296 1334 Deus,
1352 1267 1532 1322 etiam
1567 1281 1697 1321 eam
1732 1265 1924 1337 ipsam

264 1358 457 1431 legem
512 1356 601 1411 illi
674 1355 977 1427 imposuit,
1032 1354 1426 1409 domesticum
1486 1352 1925 1409 munimentum

264 1447 425 1503 omni
458 1452 683 1501 natura:
735 1445 1124 1501 constituens.
1165 1449 1459 1499 Praeterea
1510 1458 1745 1514 quoque
1779 1457 1924 1496 nus-

265 1553 441 1610 quam
465 1536 694 1592 videtur
718 1535 909 1609 legem
931 1533 1268 1590 naturalem
1291 1548 1535 1589 vocasse
1562 1537 1924 1604 prmceptum

268 1627 420 1685 288
454 1628 609 1683 hanc
639 1630 839 1681 autem
885 1630 943 1680 et
986 1630 1351 1696 praeceptum
1383 1623 1527 1678 dicit
1583 1627 1642 1677 et
1690 1623 1925 1693 justum

270 1724 662 1789 sanctumque
694 1721 882 1781 vocat,
915 1732 982 1771 ac
1031 1715 1220 1783 legem
1270 1713 1663 1787 spiritualem.
1728 1734 1755 1762 «
1814 1711 1927 1767 Sed

266 1814 577 1882 peccatum
611 1824 731 1862 non
762 1804 1026 1878 cognovi.
1063 1826 1091 1855 »
1115 1806 1240 1860 Non
1259 1804 1445 1859 dixit:
1482 1802 1594 1858 Sed
1618 1807 1924 1875 peccatum
1962 1838 2006 1903 Β

266 1914 388 1953 non
419 1896 531 1952 feci
565 1896 680 1951 nisi
712 1912 818 1968 per
848 1894 1061 1961 legem,
1094 1892 1221 1955 sed,
1257 1916 1283 1943 ‹‹
1319 1894 1635 1948 Peccatum
1679 1906 1802 1946 non
1834 1907 1926 1946 co-

2025 544 2189 597 τοῦτο
2220 540 2393 619 λέγει,
2444 542 2593 600 ἀλλὰ
2642 546 2740 615 τὴν
2793 539 3175 623 ἀκριϐεστέραν
3207 552 3429 624 γνῶσιν.
3476 548 3537 608 El
3568 552 3671 627 γαρ

2028 632 2152 705 περὶ
2181 637 2279 687 τοῦ
2306 637 2537 710 φυσικοῦ
2566 639 2725 691 τοῦτο
2781 633 3017 709 εἴρηται,
3072 641 3190 701 πῶς
3224 640 3283 693 ἄν
3315 637 3377 694 τὸ
3409 638 3530 710 ἑξῆς
3561 638 3679 714 ἔχει

2032 721 2231 797 Αὸγονς
2279 747 2307 775 ‹‹
2337 724 2479 799 ἐγὼ
2509 724 2613 800 γὰρ
2666 718 2800 795 ἔζων
2857 727 3035 803 χωρῖς
3073 727 3245 801 νόμου
3294 730 3446 784 ποτε.
3488 753 3514 778 »δ
3547 731 3686 786 Οῦτε

2030 812 2135 886 γὰρ
2168 810 2367 884 Ἀδὰμ,
2431 812 2552 869 οὕτε
2612 812 2784 877 ἄλλος
2841 813 3130 893 ἅνθρωπος
3187 814 3386 884 οὐδεὶς,
3420 816 3687 876 οὐδέποτε

2032 899 2211 975 χωρὶς
2241 901 2413 974 νόμου
2468 906 2699 983 φυσικοῦ
2756 903 2999 979 φαίνεται
3061 908 3247 976 ζήσας.
3289 908 3459 980 Ὁμοῦ
3498 929 3557 963 τε
3584 909 3686 985 γὰρ

2032 989 2202 1059 αὐτήν
2235 987 2464 1047 ἔπλασεν
2522 993 2550 1048 6
2607 993 2760 1063 Θεὸς,
2820 995 2910 1050 καὶ
2969 993 3172 1050 ἐκεῖνον
3216 996 3374 1050 αὐτὸν
3409 996 3571 1061 ἐτίθει
3602 997 3693 1054 τὸν

2033 1078 2199 1154 νόμον
2234 1080 2404 1153 αὐτῷ,
2468 1080 2714 1138 σύνοικον
2776 1083 2990 1161 ἀσφαλῆ
3053 1085 3460 1159 παρακαθιστὰς
3486 1090 3555 1159 τῇ
3588 1086 3696 1165 ερύ-

2034 1190 2112 1224 σει
2144 1187 2313 1246 πασῃ.
2348 1171 2536 1247 Χωρὶς
2595 1170 2651 1228 δὲ
2705 1172 2922 1244 τούτου,
2989 1172 3235 1247 οὐδαμοῦ
3266 1176 3507 1253 φαίνεται
3539 1175 3693 1232 ἐντο-

2037 1261 2140 1335 λὴν
2170 1265 2262 1320 τὸν
2295 1266 2519 1345 φυσικὸν
2565 1266 2736 1341 νόμον
2788 1266 3043 1329 καλέσας.
3090 1271 3300 1326 Τοῦτον
3334 1266 3391 1325 δὲ
3419 1270 3509 1325 καὶ
3541 1270 3692 1327 ἐντο-

2035 1354 2139 1425 λὴν
2173 1354 2263 1410 καὶ
2296 1352 2507 1411 δικαίαν
2557 1356 2647 1412 καὶ
2699 1358 2853 1432 ἁγίαν
2890 1355 3049 1415 καλεῖ
3104 1359 3195 1414 καὶ
3251 1358 3420 1433 νύμον
3452 1381 3690 1435 πνευμα-

2035 1444 2209 1502 τικόν.
2250 1470 2269 1495 ι
2308 1443 2485 1501 Ἀλλὰ
2513 1447 2614 1515 τήν
2642 1447 2913 1523 ἁμαρτίαν
2946 1447 3046 1504 οὐκ
3090 1441 3279 1523 ἔγνων.
3316 1472 3341 1502 ι)
3372 1448 3486 1508 Ούκ
3517 1449 3688 1521 εἶπεν,

2037 1530 2215 1589 Ἀλλὰ
2269 1534 2369 1604 τήν
2428 1535 2698 1609 ἁμαρτίαν
2755 1534 2855 1593 οὐκ
2910 1536 3161 1609 ἐποίησα,
3218 1536 3270 1592 εἷ’
3327 1539 3403 1612 μή
3465 1536 3553 1594 διᾶ
3599 1538 3691 1595 νό-

2041 1642 2169 1696 μου,
2230 1620 2377 1689 ἀλλ’,
2436 1649 2463 1677 ‹‹
2506 1624 2622 1683 οῦκ
2678 1621 2868 1701 ἔγνων,
2923 1650 2943 1679 ι
3002 1627 3165 1683 ’Ὡστε
3224 1626 3285 1683 οὐ
3342 1632 3439 1683 τοῦ
3490 1633 3689 1698 ποιεῖν,

2036 1708 2184 1767 ἀλλὰ
2214 1715 2310 1767 τοῦ
2338 1709 2715 1789 διαγινώσκειν
2765 1717 2864 1786 τήν
2912 1717 3198 1789 ἁμαρτίαν,
3229 1718 3257 1773 6
3287 1716 3459 1791 νόμος
3490 1716 3688 1790 αἶ’τιος,

2037 1799 2381 1867 παιδευτικὸς
2429 1801 2523 1873 ὢν,
2573 1804 2661 1860 καὶ
2715 1808 2791 1878 μή
2846 1811 3154 1883 συγχωρῶν
3204 1805 3293 1863 διὰ
3319 1813 3420 1877 τῆς
3446 1807 3684 1886 ἀγνοίας,

2034 1889 2111 1952 εἷς
2143 1892 2240 1962 τήν
2272 1896 2380 1947 τῶν
2412 1891 2629 1972 ἀλόγων
2668 1892 2943 1951 ἐκπίπτειν
2975 1895 3151 1973 φύσιν.

269 1987 442 2060 gnovi
468 2028 483 2053 ,
516 2010 543 2037 ››
574 1986 775 2057 itaque
809 1984 899 2040 lex
933 2000 1055 2039 non
1090 1982 1345 2038 faciendi
1380 1980 1482 2037 sed
1524 1980 1921 2055 cognoscendi
1954 1982 2181 2053 peccati
2222 1999 2405 2041 causa
2454 1992 2563 2054 est,
2594 2002 2730 2042 cum
2763 1987 3064 2062 pmdagogi
3099 1988 3219 2045 vice
3249 1986 3548 2062 fungatur,
3580 2005 3693 2045 nec

267 2074 578 2146 permittat
608 2081 673 2129 ut
704 2090 811 2145 per
840 2072 1239 2145 ignorantiam
1271 2070 1345 2125 ad
1377 2069 1817 2125 irrationalium
1849 2075 2125 2127 naturam
2163 2070 2552 2130 declinemus.

338 2200 642 2262 γωδ-11.-
667 2199 988 2255 Occasione
1007 2204 1205 2254 autem
1221 2202 1803 2269 accepta,peccatum
1820 2212 1927 2268 per

270 2315 288 2338 -
326 2295 690 2361 praeceptum
713 2294 1020 2360 operatum
1047 2294 1137 2343 est
1157 2287 1217 2342 in
1241 2303 1336 2342 me
1359 2304 1599 2342 omnem
1614 2286 1928 2358 concupis-

265 2398 291 2426 ‹‹
328 2377 608 2432 centiam.
644 2373 947 2446 Siquidem
982 2374 1206 2445 absque
1240 2375 1364 2447 lege
1406 2380 1716 2446 peccatum
1766 2390 1922 2428 mor-

268 2487 295 2516 ‹‹
331 2472 500 2521 tuum
522 2470 677 2520 erat:
696 2480 801 2537 ego
814 2470 1012 2519 autem
1027 2462 1288 2518 vivebam
1309 2463 1437 2517 sine
1454 2462 1578 2536 lege
1600 2462 1923 2534 quondam.

270 2577 297 2605 ‹‹
336 2557 517 2609 Porro
532 2570 665 2609 cum
680 2553 939 2608 venisset
953 2569 1179 2624 praecep
1191 2560 1333 2614 tum,
1357 2553 1564 2606 revixit
1583 2558 1925 2624 peccatum:

272 2669 298 2695 ι(
336 2662 440 2716 ego
473 2651 670 2700 autem
702 2651 974 2699 mortuus
1004 2658 1176 2697 suum
1211 2660 1224 2697 :
1262 2649 1637 2713 etrepertum
1659 2649 1751 2698 est
1772 2658 1926 2713 prm-

268 2757 296 2785 «
326 2742 564 2806 ceptum
595 2733 752 2804 quod
784 2741 906 2788 erat
932 2732 1004 2787 ad
1030 2733 1206 2787 vitam
1238 2732 1433 2803 ipsum
1453 2731 1601 2787 mihi
1621 2731 1831 2786 cedere
1853 2729 1928 2786 ad

267 2846 295 2875 «
333 2830 610 2879 mortem.
645 2824 961 2878 Peccatum
997 2821 1156 2876 enim
1189 2821 1503 2877 occasione
1542 2826 1787 2892 accepta
1822 2835 1928 2892 per

266 2944 294 2971 ‹‹
329 2926 696 2993 praeceptum
731 2919 952 2991 decipit
984 2936 1100 2983 me,
1136 2926 1194 2974 et
1223 2917 1495 2991 perillud
1518 2917 1753 2974 occidit.
1788 2938 1818 2967 »

338 3013 464 3066 Non
500 3011 613 3073 lex,
647 3011 750 3077 ait,
794 3026 973 3065 causa
1023 3015 1113 3064 est
1160 3008 1409 3081 peccati,
1462 3007 1567 3063 sed
1618 3012 1927 3079 peccatum

267 3116 374 3172 per
403 3105 792 3173 praeceptum,
826 3098 984 3170 quod
1028 3103 1117 3152 est
1160 3097 1275 3165 lex,
1317 3096 1554 3153 seduxit
1603 3113 1722 3153 me.
1784 3095 1927 3151 Vide

270 3188 567 3261 quomodo
583 3187 868 3261 paulatim
886 3186 1532 3243 ostenditoccasionem
1553 3184 1778 3258 peccati
1796 3200 1926 3241 esse

264 3277 454 3350 legem
491 3295 504 3345 ;
538 3276 643 3333 sed
667 3276 977 3332 manifeste
1008 3293 1129 3331 non
1161 3276 1325 3339 dicit,
1358 3292 1431 3331 ne
1461 3277 1623 3347 ipsos
1654 3274 1921 3331 olTende-
1957 3285 1996 3349 ρ

265 3375 375 3422 ret.
421 3369 736 3422 Peccatum
784 3372 985 3421 autem
1046 3365 1279 3420 videtur
1337 3365 1537 3420 dicere
1596 3364 1923 3420 diabolum.

266 3460 780 3526 Quemadmodum
823 3460 984 3514 enim
1045 3459 1348 3530 Scriptura
1404 3459 1765 3514 Salvatorem
1815 3473 1922 3512 no-

270 3558 460 3605 strum
496 3550 684 3604 Vitam
716 3548 979 3621 appellat
1008 3564 1074 3603 ac
1120 3548 1441 3613 Justitiam,
1476 3547 1635 3619 quod
1679 3550 1809 3603 vitm
1871 3552 1929 3603 et

262 3637 513 3710 justitia:
536 3654 716 3693 causa
742 3638 819 3691 sit
850 3653 862 3692 :
898 3636 980 3691 ita
1012 3644 1069 3692 et
1101 3638 1463 3692 contrariam
1504 3636 1836 3708 potentiam
1859 3650 1928 3691 ex

271 3729 513 3801 proprio
546 3730 779 3796 effectu,
806 3727 1106 3783 interdum
1141 3728 1384 3799 quidem
1411 3734 1718 3800 peccatum
1743 3732 1925 3795 vocat,

275 3818 631 3891 quandoque
666 3834 800 3873 vero
827 3816 1204 3874 mendacium
1237 3834 1303 3874 ac
1337 3819 1703 3874 mortem.lta
1727 3823 1927 3874 autem

273 3911 405 3965 etin
438 3910 826 3982 sequentibus
876 3908 1124 3965 dicens:
1180 3929 1210 3959 «
1267 3908 1579 3965 Peccatum
1632 3909 1862 3975 revixit,
1896 3929 1926 3959 υ

273 3999 579 4055 diabolum
614 3999 930 4072 significat.
964 4000 1170 4070 Itaque
1226 3997 1500 4054 diabolus
1552 3999 1928 4054 occasionem

270 4105 378 4159 per
405 4094 772 4160 prmceptum
803 4089 1051 4154 accepit,
1088 4087 1228 4158 quia
1259 4088 1405 4159 legis
1455 4094 1755 4159 praecepta
1795 4094 1926 4144 tan-

266 4194 450 4249 quam
483 4194 605 4233 sum
641 4176 870 4232 technaa
900 4177 1214 4232 materiam
1249 4183 1504 4231 struens.
1569 4176 1643 4231 ad
1675 4175 1735 4230 id
1767 4175 1930 4247 quod

266 4266 580 4339 przeceptis
611 4272 739 4321 erat
769 4264 1158 4327 contrarium,
1192 4265 1500 4319 hominem
1531 4264 1787 4336 impulit.
1805 4266 1925 4322 Ma-

265 4357 553 4412 nifestum
586 4362 677 4412 est
705 4361 907 4411 autem
939 4354 1100 4427 quod
1143 4354 1462 4427 Apostolus
1504 4370 1613 4426 per
1662 4355 1926 4428 seipsum

269 4462 650 4502 communem
680 4444 955 4518 designat
975 4444 1279 4500 hominem
1306 4444 1425 4499 sive
1446 4450 1632 4500 totam
1652 4452 1929 4502 naturam

264 4537 611 4592 humanam.
649 4556 679 4585 ‹‹
712 4535 964 4590 Omnem
999 4533 1569 4606 concupiscentiam.
1605 4556 1634 4584 ››
1672 4536 1743 4589 Et
1776 4534 1929 4590 bene

264 4642 504 4684 omnem
537 4643 552 4693 ;
586 4624 887 4697 siquidem
918 4623 1097 4679 etiam
1111 4629 1250 4678 ante
1281 4623 1474 4696 legem
1495 4625 1921 4697 eratconcupi-

265 4717 513 4773 scentia.
541 4715 731 4781 Quare
756 4714 915 4769 enim
948 4712 1237 4767 diluvium
1270 4713 1493 4769 factum
1523 4720 1615 4770 est
1644 4714 1923 4771 Sodoma-

265 4827 381 4884 que
412 4811 722 4883 perierunt
750 4808 775 4863 ?
800 4807 913 4865 Sed
942 4823 1124 4870 nunc,
1160 4807 1376 4879 inquit,
1411 4813 1469 4863 et
1499 4825 1646 4879 quas
1690 4825 1812 4864 non
1843 4809 1923 4864 vi-

266 4899 469 4955 deram
501 4897 1050 4971 didici,etcognitas
1069 4903 1347 4968 operatus
1371 4914 1500 4953 sum
1547 4899 1917 4959 «,Peccatum

268 4993 571 5044 mortuum
603 4993 749 5042 erat.
783 5008 810 5036 η
845 4986 964 5040 Ηοο
986 4993 1076 5041 est
1105 4986 1232 5040 sine
1264 4988 1500 5042 effectu.
1535 4986 1678 5041 Nam
1709 4987 1759 5042 si
1780 4992 1921 5043 ante

267 5077 464 5149 legem
495 5092 732 5147 quoque
762 5074 1140 5146 Operabatur.
1164 5082 1225 5129 at
1254 5092 1373 5130 non
1406 5076 1467 5130 in
1499 5081 1751 5133 tantum.
1785 5077 1924 5131 Dor-

267 5167 440 5233 mire,
473 5166 576 5226 ait.
626 5164 980 5220 videbantur
1038 5164 1213 5235 plura
1268 5172 1510 5236 peccata
1566 5181 1636 5220 ac
1684 5173 1923 5221 mortua

268 5273 399 5312 esse
434 5274 446 5311 :
482 5254 670 5311 multa
698 5254 858 5310 enim
890 5270 1009 5308 non
1040 5270 1320 5309 noveram
1354 5272 1366 5309 :
1404 5260 1462 5309 et
1492 5254 1553 5309 in
1586 5254 1925 5328 ignorantia

266 5346 514 5410 faciens,
546 5361 667 5399 non
690 5342 837 5399 adeo
868 5343 1209 5414 pec‘cabam.
1235 5345 1439 5415 Itaque
1464 5350 1766 5399 mortuum
1792 5351 1924 5403 erat

266 5440 601 5508 peccatum,
624 5433 777 5489 289
809 5449 915 5507 ego
943 5440 1143 5488 autem
1192 5433 1481 5499 vivebam,
1533 5438 1600 5488 ut
1644 5434 1746 5505 qui
1801 5450 1923 5492 non

265 5523 633 5581 molestabar
644 5538 839 5594 neque
853 5521 1333 5594 stimulabar,aut
1352 5523 1425 5579 ab
1448 5538 1517 5579 eo
1532 5523 1925 5583 mortificatus

273 5630 457 5671 eram.

335 5703 644 5772 Quomodo
677 5718 813 5778 ergo
842 5700 995 5761 illud
1034 5702 1301 5760 revixit?
1344 5704 1459 5760 Per
1504 5702 1719 5776 legem.
1775 5705 1925 5771 Quo-

2106 2200 2394 2277 Ἀφορμὴν
2454 2198 2510 2256 δὲ
2571 2197 2816 2259 λαϐοῦσα
2878 2206 2914 2274 ἡ
2975 2204 3214 2279 ἁμαρτία
3277 2201 3367 2260 διὰ
3408 2211 3509 2275 τῆς
3541 2203 3695 2260 ἐντο-

2036 2289 2160 2361 λῆς,
2235 2295 2629 2369 κατειργάσατο
2731 2293 2784 2350 ἐν
2883 2294 3010 2369 ἐμοὶ
3112 2302 3283 2353 πᾶσαν
3373 2294 3687 2371 ἐπιθυμίαν.

2035 2382 2216 2456 Χωρῖς
2289 2382 2395 2457 γὰρ
2452 2384 2627 2456 νόμου
2687 2385 2924 2460 ἁμαρτία
2988 2386 3171 2462 νεκρά.
3225 2385 3372 2461 Ἐγὼ
3435 2384 3493 2441 δὶ
3557 2384 3693 2456 ἔζων

2034 2472 2211 2546 χωρῖς
2281 2475 2457 2545 νόμου
2533 2473 2683 2531 ποτὲ.
2762 2475 3065 2547 Ἐλθούσης
3140 2473 3198 2532 δὲ
3270 2484 3372 2545 τῆς
3437 2473 3691 2545 ἐντολῆς,

2035 2562 2070 2629 ἡ
2138 2562 2379 2636 ἁμαρτία
2444 2562 2721 2636 ἀνέζησεν,
2791 2564 2900 2643 ἐγὼ
2968 2564 3027 2622 δὲ
3092 2566 3375 2636 ἀπέθανον,
3440 2564 3533 2623 καὶ
3598 2566 3691 2622 εὑ-

2038 2652 2165 2725 ρέθη
2200 2674 2294 2723 μοι
2351 2655 2385 2723 ἡ
2440 2652 2662 2724 ἐντολὴ,
2719 2657 2754 2726 ἡ
2816 2655 2893 2719 εἷς
2950 2658 3121 2727 ζωὴν,
3161 2654 3298 2723 αὕτη
3331 2655 3405 2717 εἷς
3437 2655 3687 2713 θάνατον.

2036 2740 2101 2797 ἸΙ
2158 2740 2262 2818 γὰρ
2296 2742 2564 2815 ζὰμαρτία
2611 2744 2870 2821 ἀφορμήν
2943 2739 3190 2801 λαϐοῦσα
3241 2741 3331 2801 διὰ
3385 2751 3486 2816 τῆς
3544 2743 3691 2801 {vro-

2038 2828 2143 2897 λῆς
2173 2830 2479 2905 ἐξηπάτησὲ
2508 2832 2720 2907 με,’καὶ
2753 2830 2824 2889 δι’
2853 2833 3024 2905 αὐτῆς
3055 2834 3352 2893 ἀπέκτεινε.

2107 3047 2230 3123 Ούχ
2278 3048 2306 3103 6
2354 3049 2527 3122 νόμος
2574 3047 2771 3115 αἴτιος,
2823 3051 2978 3132 φησὶ,
3030 3058 3129 3123 τῆς
3182 3051 3467 3127 ἁμαρτίας,
3498 3047 3621 3105 ἀλλ’
3654 3051 3690 3119 ἡ

2035 3138 2276 3214 ἁμαρτία
2334 3135 2423 3196 διὰ
2478 3145 2579 3211 τῆς
2646 3137 2877 3211 ἐντολῆς
2936 3142 2970 3211 ἣ
3031 3141 3173 3198 ἐστιν
3228 3142 3421 3215 νόμος,
3481 3139 3693 3214 ἑξηπά-

2034 3230 2167 3299 τησέ
2224 3251 2309 3302 με.
2368 3232 2511 3305 ’Ὀρα
2570 3236 2689 3296 πῶς
2742 3229 2924 3306 ἠρέμα
2982 3228 3215 3287 δείκνυσι
3273 3234 3539 3310 πρόφασιν
3591 3234 3692 3299 τῆς

2036 3318 2306 3391 ἁμαρτίας
2361 3321 2451 3374 τὸν
2511 3320 2704 3395 νόμον.
2767 3326 3021 3396 Φανερῶς
3080 3317 3139 3376 δὲ
3196 3320 3256 3376 ού
3291 3317 3583 3396 λέγει,⁹ίνα
3614 3318 3691 3392 μὴ

2034 3410 2245 3483 προστῇ
2278 3407 2483 3470 αύτοῖς.
2542 3408 2844 3484 Ἀμαρτίαν
2905 3408 2961 3465 δὲ
3018 3403 3162 3466 ἔοικε
3219 3406 3399 3483 λέγειν
3445 3408 3539 3463 τὸν
3573 3406 3693 3463 διά-

2035 3493 2204 3553 ϐολον
2272 3504 2442 3574 Ὥπερ
2502 3498 2594 3553 οῦν
2652 3500 2744 3555 τὸν
2809 3505 3040 3575 Σωτῆρα
3071 3501 3218 3570 ζωῆν
3252 3502 3286 3569 ἡ
3320 3500 3505 3577 Γραφὴ
3539 3497 3698 3554 καλεῖ

2034 3587 2123 3643 καὶ
2184 3588 2563 3658 ἁγιωσύνην,
2622 3593 2699 3661 τῷ
2758 3594 2901 3660 ζωῆς
2958 3590 3050 3646 καὶ
3118 3586 3470 3660 δικαιοσύνης
3525 3586 3700 3643 αἶ’τιον

2035 3676 2195 3743 εἶναι,
2252 3677 2427 3741 οὕτως
2484 3679 2574 3734 καὶ
2631 3681 2731 3749 τήν
2791 3678 3025 3737 ἐναντίαν
3079 3676 3307 3756 δύνσμν
3359 3676 3421 3735 ἐκ
3471 3685 3573 3747 τῆς
3641 3676 3695 3731 οἱ

2032 3769 2181 3834 κείας
2216 3770 2506 3849 ἐνεργείας,
2541 3772 2674 3828 ποτε
2733 3775 2830 3848 μὲν
2891 3772 3181 3849 ἁμαρτίαν,
3240 3770 3373 3828 τοτὶ
3404 3768 3461 3827 δὲ
3491 3766 3690 3847 ψεῦδος

2032 3861 2123 3917 καὶ
2156 3862 2382 3917 θάνατον
2416 3859 2594 3921 καλεῖ.
2654 3862 2815 3921 Οὕτω
2873 3860 2930 3917 δὲ
2986 3862 3076 3918 καὶ
3119 3860 3170 3918 ἰν
3202 3866 3319 3925 τοῖς
3351 3861 3473 3932 ἑξῆς
3505 3858 3693 3927 εἰπὼν,

2035 3978 2062 4007 ‹‹
2108 3955 2167 4011 Ἥ
2206 3954 2442 4027 ἁμαρτία
2475 3953 2716 4023 ἁνέζησε,
2753 3978 2782 4008 ››
2813 3953 2906 4011 τὸν
2969 3947 3229 4009 διάϐολον
3269 3950 3457 4021 δηλοῖ.
3492 3952 3698 4008 Λοιπὸν

2036 4044 2128 4100 οῦν
2164 4043 2250 4101 διὰ
2282 4053 2383 4114 τῆς
2438 4044 2668 4113 ἐντολῆς
2723 4045 2980 4124 ἀφορμὴν
3008 4046 3036 4101 6
3071 4040 3331 4106 διάϐολος
3361 4038 3574 4106 ἔλαϐεν,
3608 4042 3695 4099 ὅτι

2034 4134 2099 4189 τὰ
2131 4133 2565 4212 παραγγέλματα
2612 4138 2709 4190 τοῦ
2757 4135 2932 4209 νόμου
2983 4134 3057 4198 ὡς
3102 4133 3240 4206 ὕλην
3289 4134 3413 4189 τινα
3440 4138 3541 4205 τῆς
3569 4132 3691 4188 ἑαυ-

2034 4226 2130 4278 τοῦ
2160 4224 2365 4300 τέχνης
2404 4225 2801 4298 ποιησάμενος,
2858 4222 2935 4288 εἷς
2987 4224 3051 4281 τὸ
3100 4223 3343 4281 ἰναντίον
3393 4227 3511 4287 ταῖς
3543 4221 3693 4278 ἐντο-

2037 4312 2162 4377 λαῖς
2223 4313 2543 4387 περιέτρεπε
2601 4314 2693 4369 τὸν
2764 4311 3064 4390 ἄνθρωπον.
3136 4310 3317 4385 Δῆλον
3374 4310 3432 4369 δὲ
3492 4313 3576 4369 δτι
3618 4308 3691 4367 δι’

2036 4402 2230 4458 ἑαυτοῦ
2290 4404 2318 4459 6
2367 4400 2731 4475 Ἀπόστολος,
2791 4405 2885 4461 τὸν
2942 4405 3125 4461 κοινὸν
3184 4401 3466 4480 ἄνθρωπον
3505 4400 3696 4473 δῆλοι.

2039 4516 2067 4545 ‹‹
2102 4496 2279 4547 Πᾶσαν
2329 4492 2636 4567 ἐπιθυμίαν.
2673 4518 2702 4546 ››
2762 4492 2954 4556 Καλῶς
3011 4493 3097 4563 τὸ,
3147 4498 3343 4549 πᾶσαν·
3380 4492 3448 4564 ἦν
3475 4491 3577 4569 γὰρ
3608 4488 3705 4547 καὶ

2036 4582 2145 4657 πρὸ
2188 4584 2285 4638 τοὺ
2332 4583 2503 4656 νόμου
2562 4581 2845 4656 ἐπιθυμῖα.
2898 4581 3072 4650 Ἐπεὶ,
3133 4579 3274 4639 διατί
3334 4583 3363 4638 6
3420 4579 3703 4637 κατακλυ-

1953 4649 2168 4744 Πσμὸς
2195 4649 2409 4748 γέγονε,
2432 4671 2524 4726 καὶ
2579 4670 2646 4726 τὰ
2699 4649 2923 4745 έόδομα
2979 4649 3279 4741 ἁπῶλετος
3338 4667 3519 4727 Ἀλλᾶ
3574 4674 3689 4740 νῦν,

2036 4760 2191 4838 φησὶ,
2253 4759 2343 4816 καὶ
2396 4760 2459 4822 ἃς
2517 4761 2621 4816 οὐκ
2676 4757 2828 4837 ᾔδειν
2886 4760 3173 4835 ἐπιθυμίας
3234 4758 3436 4835 ἔμαθον
3488 4758 3549 4815 ἐκ
3596 4762 3694 4815 τοῦ

2035 4849 2233 4922 νόμου,
2289 4849 2381 4906 καὶ
2460 4850 2648 4923 μαθὼν
2709 4850 2964 4923 ἐποίησα.
3046 4875 3074 4904 ι(
3129 4851 3400 4927 Ἀμαρτία
3454 4848 3700 4924 νεκρά.»

2031 4937 2319 4995 Τουτέστιν
2373 4938 2748 5017 ἀνενὲργητος.
2810 4941 2876 4999 El
2934 4941 3037 5017 γὰρ
3097 4939 3312 5016 ἐνήργει
3342 4938 3436 4997 καὶ
3465 4939 3572 5015 πρὸ
3601 4940 3700 4994 τοῦ

2031 5027 2232 5100 νόμου,
2266 5027 2394 5084 ἀλλ’
2447 5029 2509 5085 ού
2556 5030 2837 5088 τοσοῦτον.
2899 5025 3189 5087 Καθεύδειν
3224 5026 3470 5099 ἐδόκουν,
3505 5027 3694 5106 φησὶν,

2031 5116 2087 5170 αἱ
2119 5112 2347 5178 πλείους
2380 5117 2643 5192 ἁμαρτίαι
2683 5118 2773 5173 καὶ
2818 5117 3083 5174 τεθνάναι.
3135 5116 3208 5172 Οὐ
3257 5118 3362 5193 γὰρ
3411 5112 3565 5192 ᾔδειν
3599 5114 3696 5176 τὰς

2031 5204 2279 5269 πλείους,
2330 5206 2418 5262 καὶ
2471 5207 2525 5263 ἐν
2576 5206 2766 5282 ἀγνοίᾳ
2815 5207 3092 5279 πράττων,
3144 5205 3253 5282 οὐχ
3304 5204 3479 5268 οὕτως
3512 5204 3699 5279 ἡμάρ-

2032 5317 2213 5353 τανον.
2247 5297 2311 5354 Ἦ
2374 5297 2469 5371 μὶν
2528 5295 2620 5352 οῦν
2682 5298 2925 5372 ἁμαρτία
2980 5297 3167 5371 νεκρὰ,
3224 5295 3336 5374 ἐγὼ
3385 5293 3445 5351 δὲ
3473 5292 3529 5350 ἐν
3563 5294 3703 5367 ζωῇ,

2033 5387 2126 5442 ἅτε
2160 5388 2237 5461 μὴ
2268 5385 2691 5465 ἐνοχλούμενος,
2753 5385 2893 5462 μηδὶ
2953 5387 3315 5465 νεκρούμενος
3375 5386 3467 5441 ὑπ’
3506 5384 3703 5452 αὐτῆς.

2110 5705 2231 5764 Πῶς
2293 5699 2385 5759 οὖν
2445 5699 2699 5771 ἀνὸζησιν
2758 5696 2987 5769 bulvn;
3047 5699 3146 5763 Διὰ
3199 5701 3298 5754 τοῦ
3340 5699 3547 5775 νόμονι
3581 5695 3710 5758 Τίνι
