4114 6402
474 326 591 386 453

1586 321 1999 386 ΟΟΜΜΕΝΤ.
2042 318 2122 383 IN
2168 320 2419 385 EPIST.
2468 322 2570 384 AD
2616 324 2801 386 ROM.

3781 331 3902 398 4454

472 455 675 532 τρόπον
701 473 721 525 ;
746 455 877 513 Ὅτι
907 457 1009 511 τοῦ
1036 453 1209 529 νόμου
1233 448 1506 523 δοθέντος,
1532 453 1746 528 μᾶλλον
1790 453 1963 526 ἐκείνη
1995 455 2128 528 πρὸς

2247 471 2385 512 nam
2420 463 2592 531 pacto
2612 455 2641 513 ?
2670 457 2810 530 quia
2835 457 2985 515 illud
3014 457 3153 517 data
3179 459 3307 533 lege
3332 461 3522 538 magis
3551 464 3624 522 ad
3652 464 3903 524 invasio-

472 546 707 603 ἐπίθεσιν
757 545 1084 619 παρωξύνθη
1121 589 1137 616 ,
1199 545 1288 601 καὶ
1342 545 1459 601 οἶον
1506 545 1794 623 ἐπηρεάσαι
1849 544 2129 620 ὥρμησεν,

474 636 568 692 ἅτε
617 634 685 705 δή
737 635 828 691 καὶ
885 640 1276 716 στεφανοῦσθαι
1338 635 1614 709 μέλλοντα
1670 635 1761 690 τὸν
1824 632 2131 712 φυλάξαντα

471 728 574 795 τήν
602 726 653 781 ἐν
686 723 913 797 ἐντολὴν
948 726 1418 802 ὑπολογιζομὲνη,
1450 726 1541 782 καὶ
1574 725 1663 782 διὰ
1706 730 1872 782 τοῦτο
1913 723 2130 798 μᾶλλον

477 810 955 872 διαϐασκαίνουσα.
993 814 1098 874 Καὶ
1127 814 1232 892 ἐγὼ
1264 813 1429 872 πάλιν
1458 815 1620 892 γνοὺς
1678 814 1768 872 δια
1821 823 1922 886 τῆς
1978 815 2133 871 ἐντο-

480 904 587 975 λῆς
616 907 717 977 τήν
743 904 1037 983 ἁμαρτίαν,
1074 906 1148 969 ὡς
1208 905 1261 961 ἐν
1317 908 1511 984 γνώσει
1568 907 1819 980 πράττων
1852 905 1886 961 ἃ
1914 905 2130 986 φεύγειν

473 993 613 1064 ἔδει,
685 993 900 1070 μᾶλλον
957 996 1095 1052 κατά
1148 1000 1307 1052 τοῦτο
1363 997 1707 1071 ἡμάρτανον,
1764 995 1856 1052 καὶ
1915 995 2127 1070 μᾶλλον

469 1086 648 1155 αύτῆν
678 1088 799 1142 καθ’
830 1088 1024 1142 ἑαυτοῦ
1065 1086 1463 1165 ἐπερρώννυον.
1504 1087 1683 1163 ’ἰσχὺν
1732 1087 1871 1161 αὐτῇ
1914 1084 2003 1143 διὰ
2027 1092 2129 1157 τῆς

466 1177 611 1232 κατά
666 1180 861 1253 γνῶσιν
944 1174 1153 1232 ἀτόπου
1238 1178 1484 1253 πράξεως
1567 1177 1948 1255 ἐπιχορηγῶν,
2036 1175 2127 1231 καὶ

467 1265 592 1321 οἷον
643 1265 838 1335 ἀσθενῆ
881 1265 972 1321 καὶ
1035 1266 1435 1342 νενεκρωμὲνην
1495 1267 1656 1322 οὖσαν
1718 1265 1987 1346 ἐνισχύων
2036 1264 2128 1321 καὶ

465 1355 963 1428 ἀναζωπυρῶν.Ἣ
1007 1352 1067 1410 δὲ
1120 1357 1348 1428 ζήσασα,
1407 1355 1505 1430 ἐμὲ
1562 1356 1841 1433 ἐνέκρωσε.
1903 1356 2013 1432 [1ρὸ
2072 1352 2129 1410 δὲ

465 1449 570 1504 τοῦ
603 1445 866 1516 ἀναζῆσαι
927 1443 1160 1518 ἐκείνην,
1215 1446 1320 1522 ἐγὼ
1371 1445 1504 1518 ἔζων
1554 1446 1791 1522 μᾶλλον.
1851 1451 2023 1503 Τοῦτο
2072 1441 2129 1500 δὲ

467 1535 537 1605 ἦν
562 1536 671 1611 πρὸ
699 1540 798 1591 τοῦ
826 1535 1002 1610 νόμου
1040 1537 1128 1591 καὶ
1183 1544 1285 1607 τῆς
1314 1534 1566 1608 ἐντολῆς.
1625 1540 1787 1594 Ὥστε
1816 1536 1867 1593 εἶ’
1892 1536 1983 1593 καὶ
2049 1536 2126 1610 μὴ

471 1625 703 1699 ὁνόμος
736 1624 996 1703 ἁμαρτία,
1058 1623 1185 1683 ἀλλ’
1240 1624 1332 1682 οὖν
1389 1625 1594 1682 ἐκείνου
1653 1623 1923 1695 δοθξντος,
1982 1625 2122 1682 κατᾶ

479 1713 576 1771 δύο
598 1716 837 1791 τρόπους
871 1717 907 1786 ἡ
958 1716 1194 1792 ἁμαρτία
1232 1715 1508 1788 ἀνέζησεν,
1566 1716 1732 1788 αὐτῆς
1792 1739 1850 1774 τε
1917 1715 2130 1788 ἐκείνης

490 1803 694 1880 μᾶλλον
724 1806 862 1880 πρὸς
912 1804 1156 1884 ἐπίφεσιν
1210 1805 1649 1899 ἀνακινηθείσης-
1680 1805 1772 1862 καὶ
1832 1803 2129 1899 διεγερθει-
2160 1835 2206 1899 Β

488 1914 608 1964 σης,
637 1894 909 1968 καὶήμῶν
956 1898 1024 1969 τῇ
1074 1895 1212 1951 κατὰ
1268 1899 1467 1971 γνῶσιν
1528 1895 1745 1970 ἓκτόπῳ
1800 1896 1988 1972 πράξει
2038 1897 2126 1951 ἐν-

485 1984 815 2059 ισχυσάντων
857 1985 1054 2055 αὐτην,
1111 1984 1202 2041 καὶ
1258 1986 1360 2057 τήν
1418 1988 1536 2052 καθ’
1601 1988 1762 2058 ἡμῶν
1822 1982 2123 2057 ἐπιϐουλὴν

472 2074 569 2129 σὺν
625 2072 900 2150 παρῤησίᾳ
991 2075 1447 2152 παρασχομένων.
1533 2073 1692 2134 Ἀλλ’
1769 2076 1943 2149 ἐκείνη
2027 2077 2123 2151 μὶν

467 2162 755 2234 ἀνέζησεν,
811 2163 922 2220 ἑλὼ
981 2162 1040 2220 δὲ
1079 2164 1363 2230 ἀπέθανον.
1428 2167 1661 2236 «Ἒζων
1720 2166 1897 2243 χωρὶς
1951 2166 2126 2239 νόμου

464 2251 629 2312 ποτε.
662 2277 689 2305 η
726 2253 862 2309 [Ιότε
890 2248 1025 2324 ἔζων
1076 2254 1254 2335 χωρὶς
1308 2255 1515 2329 νόμους
1576 2255 1690 2333 Πρό
1746 2260 1844 2312 τοῦ
1901 2252 2125 2326 δοθῆναι

460 2344 571 2412 τὴν
593 2340 824 2413 ἐντολὴν
854 2349 970 2406 τοῖς
1009 2346 1489 2416 πρωτοπλάστοις,
1545 2347 1647 2417 τήν
1709 2345 1761 2401 ἐν
1813 2345 2126 2422 παραδείσῳ

463 2433 745 2504 (cur,fo
793 2433 899 2509 πρὸ
956 2436 1200 2498 Μωσέως
1255 2431 1515 2506 δηλονότι
1572 2433 1730 2506 ἔζων,
1790 2438 1976 2518 φησὶν·
2028 2436 2127 2493 ούκ

458 2523 629 2596 ἤμην
657 2523 846 2596 νεκρὸς
910 2527 990 2595 τῷ
1032 2523 1233 2595 πλήθει
1290 2529 1399 2580 τῶν
1458 2526 1764 2601 ἁμαρτιῶν.
1825 2529 1965 2584 Τότε
2021 2527 2124 2603 γάρ

464 2610 642 2687 μόνον
674 2614 829 2690 εἶχον
856 2614 1168 2690 κατήγορον
1216 2614 1307 2671 τὸν
1356 2615 1581 2696 φυσικὸν
1641 2616 1833 2689 νόμον,
1892 2616 2009 2672 νυνὶ
2068 2613 2126 2673 δὲ

455 2703 558 2758 καὶ
589 2702 686 2758 τὸν
732 2703 992 2780 γραπτόν.
1044 2704 1201 2779 Ὁρᾷς
1252 2710 1371 2767 πῶς
1430 2706 1490 2762 ἐκ
1544 2706 1910 2781 περιστάσεως
1967 2703 2126 2762 ἔϐλα-

457 2796 567 2869 ψεν
602 2794 632 2848 6
661 2794 833 2867 νόμος
863 2811 879 2864 ;
927 2793 1277 2866 «Ἐλθούσης
1310 2793 1369 2851 δὲ
1397 2798 1495 2865 τῆς
1526 2796 1772 2867 ἐντολῆς.
1800 2824 1821 2851 1
1859 2796 2126 2869 Ἐντολήν

458 2904 607 2961 φησι
638 2883 735 2939 τὸν
763 2883 954 2957 νόμον.
994 2883 1172 2940 Εἰπὼν
1214 2882 1272 2940 δὲ
1330 2908 1359 2937 ‹‹
1387 2886 1688 2956 Ἀνὲζησεν,
1722 2911 1751 2939 ››
1809 2883 2005 2959 ἔδειξεν
2038 2887 2122 2944 ὅτι

454 2976 537 3045 ἦν
601 2974 700 3048 μὲν
743 2974 1071 3051 ἡὰμαρτία,
1132 2972 1259 3031 ἀλλ’
1314 2976 1613 3051 ἡσύχαζεν,
1645 2979 1672 3033 6
1705 2974 1762 3032 δὲ
1826 2978 1998 3051 νόμος
2052 2978 2127 3043 ὡς

456 3063 786 3140 εὐεργετῶν,
844 3064 1175 3144 ἐφανέρωσεν
1235 3064 1402 3136 αὐτὴν
1460 3066 1548 3121 ἳνα
1604 3067 1865 3147 φύγωμεν
1928 3067 2122 3138 αὐτὴν,

456 3155 601 3232 ἆγλ⁹
646 3154 682 3223 ἠ
736 3155 1050 3229 περίστασις
1104 3154 1235 3217 τοὺς
1295 3159 1373 3228 μή
1432 3155 1698 3233 φυγόντας
1756 3151 2013 3231 ἔϐλαψεν.
2058 3157 2121 3213 Ἡ

456 3243 563 3298 οὖν
596 3242 679 3305 εἰς
719 3243 863 3312 ζωήν
926 3265 1020 3317 μοι
1052 3240 1270 3299 δοθεῖσα
1300 3242 1498 3317 (οὕτως
1551 3245 1656 3319 γὰρ
1715 3245 1834 3325 εἶχε
1891 3245 2126 3322 φύσεως)

457 3333 544 3396 εἷς
577 3331 806 3396 θάνατόν
844 3354 936 3408 μοι
968 3334 1157 3411 γὲγονε
1202 3330 1291 3389 διὰ
1345 3335 1445 3404 τὴν
1505 3335 1775 3409 ἡμετέραν
1835 3335 2126 3410 ῥᾳθυμίαν,

459 3422 535 3477 οὗ
571 3420 665 3478 διά
692 3422 792 3491 τῆν
837 3422 1005 3491 αὐτῆς
1050 3424 1239 3501 φώσιν.
1275 3448 1302 3475 ι(
1334 3423 1397 3478 Ἱῖ
1430 3423 1535 3501 γὰρ
1586 3424 1825 3499 ἁμαρτία
1871 3425 2125 3503 ἀφορμήν

462 3506 743 3569 λαϐοῦσα.
776 3534 805 3564 π
864 3509 1038 3570 Πάλιν
1077 3511 1145 3567 τὰ
1201 3511 1340 3567 αὐτᾶ
1389 3510 1665 3577 ποικίλως
1721 3516 2127 3584 κατασκευάζει,

462 3599 562 3655 καὶ
601 3599 852 3662 εἰκότως.
905 3599 1160 3674 Μεγάλην
1202 3600 1307 3677 γάρ
1334 3601 1452 3680 εἶχε
1483 3598 1639 3672 δόξαν
1696 3602 1724 3657 6
1785 3602 1976 3674 νόμος.
2011 3601 2129 3657 Δεί-

472 3710 660 3744 κνυσιν
698 3690 787 3746 οὖν
836 3690 999 3746 αὐτὸν
1055 3689 1226 3764 μηδὲν
1284 3691 1627 3766 ὠφελοῦντα,
1687 3691 1814 3749 ἀλλ’
1873 3692 1933 3748 ἐκ
1980 3713 2131 3766 περιο

482 3779 710 3843 στάσεως
753 3779 1059 3857 βλάψαντα.
1119 3785 1273 3837 Ποεεῖ
1333 3778 1390 3837 δὶ
1435 3784 1621 3850 τοῦτο,
1679 3781 1771 3837 ἳνα
1833 3779 2131 3858 εύπαράδε-

487 3888 616 3931 κτος
643 3870 855 3946 γένηται
886 3868 1174 3946 κηρύσσων
1229 3874 1327 3927 τοῦ
1381 3870 1583 3927 ἀσεῖναι
1648 3872 1743 3945 μὲν
1791 3873 1884 3927 τὸν
1938 3871 2129 3945 νόμον,

478 3955 849 4034 προσδραμεῖν
897 3956 956 4014 δὶ
1008 3963 1076 4031 τᾷ
1129 3959 1309 4015 πίστει
1362 3962 1621 4034 Χριστοῦ.
1678 3962 1968 4037 ’Λνωτὲρω
2024 3960 2128 4038 γὰρ

468 4047 670 4119 εἰπών,
701 4047 786 4104 δτι
814 4049 1102 4127 Ἀφορμὴν
1134 4043 1376 4105 λαϐοῦσα
1397 4050 1432 4120 ἡ
1465 4049 1704 4125 ἁμαρτία
1732 4050 2130 4127 κατειργάσατο

462 4136 526 4193 ἐν
558 4137 687 4212 ἐμοξ
718 4143 889 4193 πᾶσαν
919 4137 1228 4211 ἐπιθυμίαν,
1263 4136 1471 4215 ἐπάγει,
1515 4137 1598 4195 ὅτι
1666 4138 1729 4194 οὐ
1792 4139 1960 4213 μόνον
2019 4139 2134 4195 ἐπι-

467 4229 679 4300 θυμίαν
754 4232 928 4284 πᾶσαν
983 4229 1373 4305 κατειργάσατο
1407 4275 1422 4298 ,
1483 4224 1631 4284 ἀλλά
1682 4230 1769 4285 καὶ
1832 4229 2134 4285 ἐθανάτωσὲ

472 4338 547 4391 με
575 4316 717 4387 αὕτη
755 4337 848 4390 μοι
903 4319 1169 4394 γενομένη
1229 4320 1307 4382 εἰς
1352 4317 1602 4374 θάνατον.
1665 4317 1818 4387 Εἶτα,
1878 4320 1952 4380 ὡς
2007 4316 2132 4384 ἓθος

468 4404 628 4479 αὖτῷ
681 4405 856 4468 αἰτίας
911 4405 1112 4468 αἱτίαις
1164 4406 1444 4479 συνείρειν,
1504 4405 1593 4461 καὶ
1642 4416 1743 4476 την
1802 4406 2131 4472 ἀκολουθίαν

466 4490 808 4550 ἐνδεικνύναι
838 4497 946 4550 τῶν
978 4495 1315 4571 πραγμάτων
1351 4496 1439 4551 καὶ
1475 4494 1527 4550 ἐν
1585 4500 1702 4558 τοῖς
1751 4494 1967 4571 λόγοις,
2000 4497 2134 4551 ἀνα-

2244 562 2383 603 nem
2414 548 2727 604 incitatum
2762 554 2869 608 est.
2901 555 2959 605 et
2998 551 3175 606 veluti
3208 553 3495 625 impetum
3522 555 3665 612 fecit
3693 557 3767 614 ad
3790 575 3900 613 no-

2239 638 2812 711 cendum,tanquam
2830 646 3114 711 reputans
3134 658 3267 698 eum
3287 645 3519 718 quijam
3538 653 3897 720 praeceptum

2238 735 2531 786 servasset
2576 731 3026 797 coronaudum,
3096 733 3349 807 ideoque
3423 741 3614 813 magis
3674 742 3897 800 invidia

2238 825 2465 875 motum
2499 825 2607 876 est.
2639 822 2894 877 Rursum
2927 838 3031 894 ego
3062 840 3322 896 quoque.
3372 829 3569 901 agnito
3602 848 3707 903 per
3737 850 3895 904 prm-

2238 915 2474 981 ceptum
2504 917 2768 982 peccato,
2815 917 3100 983 tanquam
3160 915 3418 971 scienter
3473 917 3699 977 faciens
3758 939 3889 995 qua)

2236 998 2437 1072 fugere
2471 1001 2754 1072 oportuit,
2786 1001 3114 1058 secundum
3148 1003 3259 1060 hoc
3289 1006 3521 1077 gravius
3551 1012 3890 1082 peccabam,

2237 1088 2542 1161 magisque
2574 1089 2723 1145 illud
2754 1090 3036 1148 adversus
3088 1093 3382 1166 meipsum
3413 1098 3843 1157 conﬁrmabam
3873 1119 3888 1169 ;

2237 1177 2357 1232 vim
2388 1177 2474 1232 illi
2506 1179 2779 1250 praebens
2809 1196 2918 1252 per
2947 1181 3218 1253 iniquam
3264 1184 3562 1242 actionem
3599 1204 3670 1244 ex
3698 1192 3897 1263 cogni-

2236 1266 2396 1321 tione
2428 1267 2885 1339 perpetrabam:
2945 1276 3004 1325 et
3034 1270 3211 1327 veluti
3268 1273 3567 1332 imbecille
3618 1294 3686 1335 ac
3731 1296 3889 1335 mor-

2236 1356 2525 1412 tificatum
2556 1358 2883 1415 fortiﬁcans
2909 1375 2976 1415 ac
3007 1362 3324 1419 suscitans.
3358 1365 3540 1421 Porro
3580 1368 3682 1423 ubi
3734 1370 3885 1425 illud

2235 1446 2464 1511 revixit,
2497 1463 2592 1502 me
2652 1448 2828 1503 morti
2886 1447 3067 1504 dedit.
3131 1451 3274 1506 Nam
3332 1453 3681 1527 priusquam
3741 1458 3892 1514 illud

2235 1535 2627 1603 revivisceret,
2662 1553 2766 1606 ego
2795 1537 2980 1610 magis
3013 1538 3312 1596 vivebam:
3342 1544 3454 1598 hoc
3510 1553 3710 1601 autem
3763 1553 3892 1604 erat

2235 1631 2373 1682 ante
2405 1626 2593 1697 legem
2626 1643 2695 1683 ac
2726 1634 3110 1700 praeceptum.
3161 1630 3364 1702 Itaque
3420 1650 3763 1708 quanquam
3797 1637 3891 1694 lex

2235 1722 2540 1788 peccatum
2575 1733 2695 1772 non
2727 1716 2822 1785 sit,
2856 1722 3055 1774 tamen
3104 1718 3235 1791 ipsa
3272 1721 3409 1778 data
3438 1732 3745 1795 peccatum
3779 1727 3888 1784 du-

2236 1806 2376 1880 plici
2408 1807 2586 1863 modo
2621 1808 2866 1863 revixit:
2908 1815 3035 1865 tum
3066 1810 3325 1882 ipsomet
3355 1815 3541 1887 magis
3580 1816 3655 1872 ad
3685 1834 3888 1891 aggre-

2235 1896 2522 1953 diendum
2554 1904 2852 1954 commoto
2900 1905 2960 1955 et
3016 1900 3288 1967 excitato,
3342 1908 3465 1959 tum
3511 1906 3684 1962 nobis
3739 1906 3892 1964 illud

2236 1986 2731 2044 confirmantibus
2762 1988 3063 2044 indecenti
3094 1991 3328 2047 actione
3360 2009 3492 2064 qum
3523 2011 3592 2049 ex
3638 1996 3892 2052 scientia

2235 2078 2615 2149 procedebat,
2664 2078 2971 2150 liberaque
3002 2079 3284 2137 adversus
3316 2084 3592 2155 nosipsos
3653 2085 3889 2142 insidiis

2233 2164 2657 2237 praebentibus.
2710 2170 2782 2220 At
2824 2166 2972 2221 illud
3003 2166 3244 2238 quidem
3304 2170 3535 2233 revixit.
3594 2188 3699 2243 ego
3756 2189 3890 2229 vero

2235 2260 2506 2310 mortuus
2552 2271 2703 2311 sum.
2741 2277 2770 2305 ι(
2802 2255 3077 2312 Vivebam
3129 2257 3257 2313 sine
3318 2258 3443 2331 lege
3488 2262 3813 2332 quondam.
3858 2284 3886 2313 »

2234 2345 2478 2409 Quando
2496 2344 2759 2400 vivebam
2782 2346 2911 2401 sine
2935 2346 3062 2419 lege
3082 2346 3109 2401 ?
3130 2348 3484 2419 Priusquam
3527 2359 3887 2423 praeceptum

2234 2431 2476 2489 daretur
2498 2434 3021 2506 protOplastis,vi'a
3042 2452 3173 2506 quae
3200 2436 3262 2491 in
3284 2438 3561 2495 Pnradiso
3584 2441 3889 2513 agebatur.

2235 2524 2350 2578 Aut
2371 2522 2646 2578 videlicet
2674 2525 3041 2580 anteMosem
3065 2526 3590 2597 vivebam,hocest,
3612 2538 3882 2588 mortuus

2234 2630 2355 2668 non
2401 2630 2564 2670 eram
2614 2614 2998 2671 multitudine
3044 2625 3474 2688 peccatorum:
3529 2627 3670 2677 tunc
3729 2623 3891 2680 enim

2236 2704 2431 2760 solum
2462 2712 2871 2762 accusatorem
2933 2706 3226 2763 habebam
3280 2710 3616 2767 naturalem
3678 2712 3888 2787 legem.

2236 2812 2396 2851 nunc
2423 2802 2620 2851 autem
2653 2802 2712 2853 et
2753 2797 3057 2869 scriptam.
3111 2799 3284 2856 Vides
3342 2802 3642 2873 quomodo
3698 2803 3796 2861 lex
3826 2821 3898 2861 ex

2234 2886 2526 2942 incidenti
2557 2886 2886 2943 nocuerit?
2930 2893 3113 2943 Porro
3172 2905 3307 2945 cum
3366 2892 3628 2949 venisset
3678 2910 3896 2965 praece-

2234 2980 2420 3047 ptum.
2453 2998 2480 3025 ››
2505 2978 2873 3048 Praeceptum
2896 2977 3264 3050 dicitlegem.
3283 2979 3495 3036 Dicens
3513 2988 3714 3038 autem
3739 3007 3764 3033 ‹‹
3790 2986 3895 3041 Re-

2232 3065 2394 3130 vixit,
2421 3087 2448 3114 »
2505 3065 2771 3121 ostendit
2806 3066 2990 3121 fuisse
3025 3067 3265 3138 quidem
3325 3075 3502 3127 antea
3558 3078 3892 3143 peccatum,

2238 3153 2342 3209 sed
2368 3154 2428 3209 in
2459 3155 2689 3225 quiete;
2717 3155 2810 3210 lex
2832 3162 3027 3210 autem
3053 3162 3337 3227 tanquam
3368 3158 3726 3216 beneﬁcium
3751 3180 3898 3234 prai-

2242 3250 2429 3309 stans,
2464 3245 2610 3300 illud
2646 3245 3048 3301 manifestavit
3071 3254 3137 3303 ut
3178 3248 3372 3320 ipsum
3398 3250 3760 3324 fugeremus,
3794 3253 3900 3311 sed

2240 3333 2388 3405 legis
2421 3334 2764 3391 assistentia
2792 3336 2886 3390 his
2916 3336 3017 3407 qui
3076 3353 3198 3392 non
3229 3338 3508 3411 fugerunt
3536 3348 3899 3399 nocumento

2243 3422 2373 3477 fuit.
2410 3422 2577 3489 Quod
2612 3440 2748 3497 ergo
2779 3425 2925 3480 mihi
2959 3425 3162 3481 datum
3214 3434 3340 3484 erat
3371 3429 3445 3484 ad
3502 3430 3682 3487 vitam
3737 3436 3901 3501 (nam

2241 3512 2301 3568 id
2333 3529 2403 3569 ex
2434 3518 2650 3570 natura
2680 3513 2981 3581 habebat),
3016 3515 3194 3571 cessit
3224 3518 3370 3572 mihi
3392 3519 3468 3575 ad
3492 3527 3742 3578 mortem
3764 3538 3900 3594 pro-

2241 3607 2374 3674 pter
2396 3619 2589 3659 meam
2623 3604 2956 3676 segnitiem.
2992 3621 3113 3661 non
3138 3615 3377 3679 propter
3406 3609 3567 3666 illius
3597 3618 3898 3672 naturam.

2244 3713 2272 3741 «
2297 3693 2612 3748 Peccatum
2638 3692 2795 3748 enim
2828 3694 3139 3752 occasione
3164 3702 3426 3769 accepta.
3463 3721 3490 3748 ››
3524 3699 3741 3757 Eadem
3765 3719 3900 3757 rur-

2243 3797 2344 3838 sus
2378 3782 2530 3838 varie
2554 3782 2906 3839 conﬁrmat:
2938 3789 2999 3839 et
3028 3786 3242 3841 merito
3274 3802 3287 3840 :
3320 3801 3456 3843 nam
3492 3788 3587 3844 lex
3623 3806 3896 3864 magnam

2242 3870 2549 3927 obtinebat
2568 3870 2818 3943 gloriam
2841 3889 2853 3927 :
2872 3872 3134 3928 Ostendit
3154 3890 3290 3947 ergo
3314 3876 3472 3947 quod
3494 3877 3644 3933 nihil
3653 3881 3898 3951 juverit,

2244 3959 2349 4016 sed
2379 3977 2450 4017 ex
2491 3960 2781 4017 incidenti
2805 3962 3076 4017 nocuerit
3096 3961 3457 4027 ;hocautem
3486 3965 3900 4025 facitutfacile

2219 4040 2587 4122 'recipiatur.
2622 4049 2763 4107 dum
2796 4051 3083 4123 praedicat
3103 4051 3413 4109 dimissam
3444 4071 3574 4112 esse
3604 4057 3815 4131 legem.
3843 4064 3903 4117 et

2243 4139 2679 4196 accurrendum
2701 4138 2776 4196 ad
2797 4140 3012 4196 Christi
3038 4140 3235 4197 fidem.
3260 4142 3405 4199 Cum
3431 4145 3593 4201 enim
3626 4148 3899 4220 superius

2243 4228 2525 4284 dixisset:
2557 4228 2879 4284 Occasione
2911 4236 3112 4286 autem
3142 4238 3385 4305 accepta
3434 4242 3745 4307 peccatum
3792 4254 3901 4310 per

2244 4322 2605 4390 praeceptum
2636 4324 2944 4390 operatum
2977 4330 3068 4375 est
3096 4322 3158 4376 in
3190 4338 3283 4379 me
3340 4339 3582 4381 omnem
3613 4327 3898 4400 concupi-

2246 4406 2559 4473 scentiam,
2588 4406 2859 4481 adjungit
2881 4408 3035 4464 290
3052 4411 3230 4482 quod,
3263 4413 3387 4468 Non
3416 4414 3608 4471 solum
3658 4433 3898 4474 omnem

2246 4497 2791 4569 concupiscentiam
2823 4507 3144 4573 opepatum
3177 4507 3285 4572 est,
3311 4504 3415 4560 sed
3446 4512 3504 4562 et
3535 4507 3752 4564 occidit
3782 4526 3898 4579 me,

466 4584 666 4664 τρέχει
703 4583 796 4640 καὶ
851 4584 1032 4655 τίθησι
1092 4588 1211 4649 πῶς
1258 4584 1654 4663 κατειργάσατο
1713 4591 1887 4641 πᾶσαν
1944 4585 2128 4641 ἐπιθυ-

2245 4586 2440 4657 ipsum
2470 4586 2617 4641 mihi
2647 4587 2867 4644 cedens
2897 4587 2973 4644 ad
3013 4597 3285 4647 mortem.
3338 4593 3564 4651 Deinde
3611 4599 3901 4670 quemad-

474 4675 606 4748 μίαν
637 4675 731 4729 καί
761 4696 916 4753 φησι,
946 4672 1030 4731 ὅτι
1083 4698 1111 4727 ‹‹
1170 4676 1462 4752 Ἀφορμὴν
1526 4669 1769 4731 λαϐοῦσα
1827 4675 2133 4748 ἐξηπάτησέ

473 4784 569 4839 με.
606 4788 634 4815 ιι
670 4765 801 4821 Εἶτα
856 4764 1034 4840 ἀφῆκε
1087 4766 1150 4820 τὸ
1196 4764 1505 4842 προῤῥηθὲν
1564 4770 1711 4821 νοεῖν
1766 4763 2016 4835 ἐνταῦθα,
2049 4765 2133 4822 ὅτι

472 4856 536 4912 ὲκ
583 4854 781 4913 τούτου
838 4854 897 4912 δὲ
943 4855 1231 4935 εἰργάσατο
1287 4859 1387 4927 τὴν
1446 4853 1761 4930 ἃπιθυμίαν,
1828 4857 1915 4913 καὶ
1970 4861 2131 4915 τοῦτο

470 4945 658 5025 ἀφεὶς,
690 4943 1031 5022 ἰρισυνάπτει
1078 4944 1141 5003 τὸ
1198 4944 1383 5015 τέλος,
1419 4971 1444 4998 (ι
1478 4947 1579 5004 Καὶ
1630 4946 1956 5017 ἀπέκτεινεν,
1981 4972 2008 4999 ι)
2060 4947 2134 5004 ’ἶν’

468 5034 509 5111 ᾖ
538 5035 681 5091 κατὰ
724 5037 1027 5113 συνέχειαν,
1087 5034 1142 5091 εἷ’
1162 5057 1254 5100 ττς
1308 5030 1601 5104 ἀναλάϐοι,
1652 5037 1828 5100 οὕτως
1875 5038 2024 5111 αὐτῷ
2053 5037 2131 5095 εί-

471 5127 741 5202 ρημὲνον.
802 5150 831 5179 ‹‹
863 5127 1153 5205 Ἀφορμὴν
1217 5120 1458 5181 Λαϐοὕσα
1516 5127 1552 5196 ἡ
1599 5126 1857 5202 ἁμαρτία,
1912 5149 2132 5204 κατειρ-

466 5217 676 5291 γάσατο
706 5214 758 5271 ἐν
779 5213 909 5289 ἕμοῖ
958 5220 1131 5272 πᾶσαν
1159 5213 1469 5289 ἐπιθυμίαν.
1505 5239 1532 5267 »
1586 5217 1704 5287 Τὴν
1749 5214 1806 5271 δὲ
1836 5217 2127 5290 ἐπιθυμίαν

467 5306 872 5382 κατειργάσατο
907 5351 920 5375 ,
981 5306 1301 5376 ἆπατήσασα
1334 5351 1349 5365 .
1426 5306 1812 5382 Ἐργασαμὲνη
1889 5304 1945 5362 δὲ
2029 5308 2127 5377 τήν

465 5396 793 5474 ἓπιφυμίαν,
826 5395 1102 5452 ἀπέκτεινέ
1161 5416 1246 5469 με.
1310 5396 1499 5453 Ἔστιν
1556 5395 1648 5450 οὗν
1709 5398 1744 5467 ἡ
1797 5394 2001 5468 ἀπάτη,
2051 5397 2131 5453 αί-

462 5487 555 5544 τία
608 5494 712 5558 τῆς
769 5485 1079 5559 ἐπιθυμίας·
1138 5487 1175 5556 ἠ
1228 5481 1286 5540 δὲ
1342 5482 1626 5557 ἐπιθυμία,
1719 5488 1820 5541 τοῦ
1876 5485 2126 5547 θανάτου.

461 5581 575 5650 Τήν
635 5576 695 5635 ει
791 5575 1003 5646 ἀπάτην
1089 5572 1375 5654 εἴργάσατο
1470 5572 1560 5630 διὰ
1614 5576 1712 5646 τῆς
1779 5574 2012 5649 ἐντολῆς
2092 5578 2127 5648 ἡ

465 5669 699 5751 ἆμαρτί,
772 5664 877 5723 ’ίναο
942 5672 1080 5747 φανῆ
1170 5666 1243 5721 τὸ
1336 5657 1684 5739 ὑπερϐάλλον
1758 5670 1862 5738 τῆς
1935 5667 2129 5739 κακίας

2245 4675 2487 4731 modum
2510 4674 2595 4729 illi
2621 4675 2803 4731 moris
2825 4682 2916 4732 est
2936 4693 3146 4735 causas
3176 4689 3554 4750 connectere,
3604 4692 3662 4740 ct
3691 4703 3896 4743 rerum

2242 4765 2731 4838 consequentiam
2764 4765 2942 4822 etiam
2999 4767 3062 4822 in
3122 4771 3500 4828 sermonibus
3557 4774 3897 4847 ostendero,

2242 4854 2517 4916 recurrit,
2549 4870 2616 4909 ac
2644 4854 2812 4926 ponit
2840 4855 3137 4926 quomodo
3183 4867 3491 4929 Operatum
3523 4863 3602 4918 sit
3652 4880 3895 4923 omnem

2242 4942 2808 5016 concupiscentiam,
2841 4949 2899 4998 et
2945 4945 3066 5000 ait:
3101 4970 3127 4995 «
3164 4947 3487 5006 Occasione
3516 4960 3761 5027 accepta
3792 4954 3896 5011 de—

2244 5035 2400 5107 cepit
2431 5049 2544 5090 me.
2581 5056 2608 5082 »
2640 5030 2863 5087 Deinde
2886 5034 3044 5104 quod
3066 5037 3416 5107 praedictum
3440 5047 3528 5097 est
3554 5041 3696 5099 hinc
3727 5044 3901 5101 intel-

2240 5124 2543 5199 ligendum
2577 5122 2837 5194 reliquit.
2866 5129 3007 5195 puta
3038 5126 3197 5197 quod
3225 5144 3295 5184 ex
3319 5129 3430 5186 hoc
3460 5140 3769 5204 operatum
3803 5140 3897 5191 est

2242 5229 2479 5272 omnem
2525 5212 3112 5283 concupiscentiam:
3155 5221 3215 5271 et
3272 5217 3384 5275 hoc
3441 5221 3652 5279 relicto
3710 5222 3895 5279 ﬁnem

2241 5302 2571 5376 conjungit,
2618 5299 2846 5365 dicens,
2882 5323 2910 5350 ‹‹
2947 5305 3014 5356 Et
3044 5304 3303 5374 occidit;
3338 5328 3368 5358 »
3400 5315 3468 5364 ut
3491 5327 3561 5365 ex
3609 5328 3898 5369 consecu-

2241 5397 2401 5451 tione
2433 5392 2510 5447 sit
2530 5390 2642 5444 hoc
2671 5389 2849 5444 modo
2881 5389 2953 5446 ab
2987 5407 3055 5448 eo
3087 5393 3335 5458 dictum.
3369 5399 3419 5453 si
3452 5400 3586 5471 quis
3617 5402 3758 5458 velit
3797 5417 3896 5458 re-

2239 5492 2471 5560 petere:
2497 5506 2519 5533 «
2539 5479 2862 5537 Occasione
2886 5491 3128 5557 accepta
3140 5495 3448 5558 peccatum
3471 5498 3779 5564 operatum
3803 5497 3895 5548 est

2239 5578 2302 5634 in
2327 5591 2420 5632 me
2443 5586 2684 5630 omnem
2706 5572 3266 5646 concupiscentiam.
3295 5603 3322 5629 υ
3341 5580 3893 5655 Concupiscentiam

2238 5674 2440 5726 autem
2466 5663 2779 5735 operatum
2837 5669 2927 5719 est
2956 5681 3090 5721 cum
3125 5666 3493 5739 decepisset:
3528 5685 3727 5727 verum
3757 5684 3893 5742 cum
