4114 6434
242 364 362 427 455

1232 344 1643 412 COMMENT.
1690 346 1769 406 IN
1816 342 2018 405 ACTA
2059 342 2664 409 APOSTOLORUM.

3541 339 3661 403 456

241 500 550 573 apemtum
583 494 741 547 esset
768 482 1336 558 concupiscentiam,
1370 480 1587 538 occidit
1616 495 1736 536 me.
1793 480 1895 535 Est

2020 475 2183 545 αὐτῆς
2218 524 2233 550 ,
2293 474 2387 534 διὰ
2463 480 2561 534 τοῦ
2617 473 2823 553 ἆγαθοῦ
2904 494 2969 530 το
3033 471 3291 530 κάκιστον
3350 469 3661 549 ἐργαζομε-

240 568 375 659 ergo
391 580 658 653 deceptio
679 574 1184 647 concupiscentiae
1199 587 1399 629 causa.
1420 568 1903 642 concupiscentia

2011 587 2132 640 νης.

236 655 373 731 vero
406 672 633 728 mortis.
666 667 1090 739 Deceptionem
1136 679 1272 718 vero
1305 666 1612 734 peccatum
1645 663 1955 730 operatum
1999 666 2089 714 est
2119 676 2224 732 per
2276 666 2659 734 praeceptum,
2700 664 2766 715 ut
2794 656 2995 731 palam
3036 656 3140 712 fiat
3168 655 3518 730 magnitudo
3549 673 3670 713 ma-

232 764 375 820 litiae
409 762 592 828 illius,
626 760 784 831 quod
816 774 939 813 rem
963 755 1285 828 pessimam
1311 756 1621 824 operatum
1651 752 1741 804 est
1771 764 1877 819 per
1914 746 1976 803 id
2007 748 2166 821 quod
2193 750 2484 823 optimum
2517 754 2625 805 est.

303 853 543 919 Vll,l2,
602 851 686 905 l3.
748 851 940 918 Itaque
1008 847 1096 900 lea:
1162 849 1357 899 sancta
1420 846 1497 896 est
1561 844 1896 910 prmeeptum

230 949 478 1001 sanctum
525 941 853 1012 juvtumque
881 952 943 992 ac
989 935 1189 991 bonum
1222 949 1241 988 :
1300 931 1448 1002 quod
1503 944 1633 999 ergo
1698 929 1896 983 bonum

233 1038 328 1100 est,
356 1032 494 1086 mihi
522 1032 733 1099 factum
764 1034 841 1084 est
870 1041 1012 1082 mors
1042 1024 1069 1080 ?
1098 1024 1257 1079 Absit
1286 1022 1309 1078 Ι
1364 1019 1459 1076 sed
1483 1020 1789 1090 peccatum.
1828 1017 1896 1073 Ut

234 1126 535 1194 appareret
560 1125 849 1190 peccatum
890 1131 996 1187 per
1049 1113 1110 1168 id
1139 1111 1287 1183 quod
1316 1116 1436 1167 erat
1495 1109 1697 1164 bonum
1754 1105 1899 1162 mihi

243 1215 474 1285 gignere
502 1215 751 1265 mortem.
791 1207 859 1261 Ut
902 1208 1054 1275 ﬁeret
1082 1207 1287 1259 mirum
1316 1203 1375 1256 in
1422 1200 1643 1256 modum
1665 1212 1898 1269 peccans

229 1307 515 1377 peccatum
537 1316 642 1371 per
664 1301 1026 1370 praeceptum.

312 1480 527 1535 Sancta
547 1478 642 1533 lex
664 1481 773 1539 est,
804 1490 943 1531 nam
962 1472 1035 1529 ab
1059 1468 1440 1527 immunditia
1469 1465 1605 1522 illos
1627 1465 1901 1525 servabat

240 1569 342 1642 qui
365 1569 553 1640 ipsam
577 1564 1019 1623 custodiebant.
1039 1562 1224 1627 Justa,
1250 1560 1391 1632 quia
1414 1565 1570 1614 recte
1585 1562 1899 1629 operantes

241 1660 415 1715 donis
448 1656 823 1730 praemiabat,
861 1651 1369 1725 transgresoribus
1412 1665 1548 1703 vero
1606 1646 1903 1718 supplicia

241 1748 605 1821 imponebat.
643 1748 822 1809 Bona,
857 1744 999 1816 quia
1026 1758 1221 1813 neque
1270 1737 1581 1812 suppliciis
1611 1734 1904 1807 gaudebat

240 1854 434 1909 neque
468 1834 692 1892 utendo
724 1835 815 1889 ira
846 1831 1153 1906 puniebat.
1188 1828 1291 1885 sed
1350 1828 1424 1883 ob
1456 1827 1697 1882 illorum
1731 1824 1899 1881 salu-

2077 838 2238 893 Ὥστε
2296 838 2453 913 ὁμὲν
2520 838 2688 911 νόμος
2756 837 2937 912 ἅγιος,
3003 833 3094 890 καὶ
3168 834 3196 904 ἢ
3264 832 3463 904 ἐντολή
3535 831 3670 910 ἁγία

2006 925 2095 981 καὶ
2155 924 2338 984 δικαία
2395 928 2487 983 καὶ
2546 926 2750 1004 ἀγαθῆ’
2809 925 2881 980 Τὸ
2937 922 3031 981 οὗν
3082 923 3287 999 ἀγαθὸν
3325 967 3338 993 ,
3394 923 3516 997 ἐμοὶ
3576 920 3671 997 γέ-

2004 1036 2135 1091 γονε
2202 1019 2479 1087 θάνατοςς
2566 1018 2658 1087 Μὴ
2743 1014 3003 1091 γὲνοιτοί
3071 1011 3252 1069 Ἀλλὰ
3307 1015 3343 1084 ἡ
3400 1011 3669 1088 ἁμαρτία.

2003 1107 2115 1164 Ἲνα
2174 1110 2314 1183 φανῇ
2371 1107 2612 1182 ἁμαρτία
2647 1153 2662 1181 ,
2742 1102 2831 1161 διὰ
2884 1108 2984 1160 τοῦ
3041 1102 3249 1180 ἀγαθοῦ
3313 1122 3406 1177 μοι
3471 1122 3671 1175 κατερ-

2007 1195 2283 1274 γαζομένη
2381 1200 2631 1254 θάνατον.
2735 1198 2847 1253 ‘Iv:
2947 1193 3170 1273 γίνηται
3267 1193 3389 1258 καθ’
3494 1192 3667 1269 ὑπερ-

2009 1279 2184 1358 ϐολῆν
2285 1285 2617 1364 ἁμαρτωλὸς
2708 1287 2743 1356 ἡ
2848 1283 3088 1363 ἁμαρτία
3190 1280 3281 1339 διὰ
3347 1290 3449 1354 τῆς
3524 1282 3665 1338 ἐντο-

2011 1377 2135 1447 λῆς.

2076 1468 2272 1542 Ἄγιος
2330 1467 2358 1522 ὁ
2412 1464 2603 1541 νόμος,
2661 1464 2745 1523 ὅτι
2813 1464 3107 1544 ἐφύλαττεν
3169 1462 3275 1519 ἀπὸ
3337 1461 3669 1539 ἀκαθαρσίας

2007 1555 2136 1618 τοὺς
2167 1554 2535 1635 φυλάττοντας
2567 1556 2751 1615 αὐτὸν,
2794 1555 3037 1623 Δίκαιος,
3099 1555 3184 1610 ὅτι
3240 1552 3370 1615 τοὺς
3404 1555 3501 1628 μὲν
3532 1573 3667 1608 κατ-

2010 1648 2300 1721 ορθοῦντας
2356 1640 2621 1722 ἠμείϐετο
2676 1642 2947 1721 δωρεαῖς,
2997 1649 3119 1707 τοῖς
3178 1640 3236 1699 δὲ
3290 1636 3667 1718 παραϐαίνου-

2010 1757 2091 1791 σιν
2138 1737 2369 1791 ἐπετίθει
2424 1736 2521 1798 τὰς
2576 1735 2871 1811 τιμωρίας.
2914 1734 3168 1813 Ἀγαθὸς,
3229 1732 3313 1789 ὅτι
3372 1730 3480 1807 οὐχ
3533 1727 3673 1801 ἡδό-

2016 1847 2172 1902 μενος
2229 1832 2349 1891 ταῖς
2406 1826 2705 1902 τιμωρίαις
2762 1827 2797 1898 ἢ
2841 1826 2978 1901 ὀργῇ
3040 1825 3335 1905 χρώμενος
3392 1821 3669 1892 ἐκόλαζεν,

239 1933 363 1983 tem
397 1933 454 1981 et
485 1925 806 1981 utilitatem
867 1939 936 1979 ac
1003 1920 1478 1985 correctionem;
1542 1917 1703 1983 item,
1767 1913 1907 1986 quia

2020 1916 2158 1973 ἄλλᾶ
2186 1920 2286 1984 τῆς
2326 1916 2505 1973 αὐτῶν
2552 1914 2705 1973 ἕνεκα
2764 1917 3044 1990 σωτηρίας
3101 1915 3194 1971 καὶ
3253 1911 3522 1995 ὡφελείας
3577 1912 3670 1968 καὶ

242 2032 421 2089 parva
438 2015 596 2071 bona
608 2013 1237 2087 Operantibus,magna
1255 2007 1573 2080 praestabat
1586 2003 1905 2061 beneficia:

244 2110 679 2177 peccantesque
710 2101 1060 2163 sustinebat,
1088 2115 1198 2154 nec
1216 2098 1290 2153 ad
1334 2096 1611 2152 meritum
1661 2092 1910 2149 delicto-

240 2209 376 2248 rum
403 2192 704 2264 puniebat.
730 2192 859 2262 lpse
885 2196 1082 2245 autem
1109 2187 1202 2242 his
1225 2185 1464 2241 interim
1491 2181 1906 2257 praetermissis

244 2300 313 2339 ex
335 2283 429 2337 his
451 2280 754 2337 concludit
775 2286 1042 2336 sanctam
1065 2279 1416 2348 justamque
1441 2291 1508 2331 ac
1532 2276 1750 2329 bonam
1776 2289 1907 2332 esse

238 2369 435 2444 legem
467 2371 588 2427 sive
612 2376 976 2441 praeceptum
1013 2384 1026 2422 :
1066 2383 1187 2421 uno
1222 2364 1465 2437 quidem
1516 2362 1732 2423 medio.
1769 2361 1909 2433 quia

239 2461 441 2517 docuit
488 2476 582 2515 me
644 2465 954 2531 peccatum
992 2454 1704 2530 cognoscere.jussitque
1756 2451 1907 2507 illud

248 2550 490 2624 fugere:
532 2550 720 2606 altero
769 2565 928 2612 vero,
964 2547 1122 2620 quod
1176 2562 1267 2602 me
1326 2543 1906 2615 adjuvans,'meique

254 2657 455 2697 curam
488 2640 716 2695 habens
745 2638 856 2693 hoc
895 2636 1101 2693 fecerit
1132 2653 1144 2690 :
1177 2652 1317 2691 nam
1350 2634 1424 2690 ad
1482 2635 1660 2691 vitam
1718 2649 1784 2688 ac
1816 2648 1905 2687 sa-

254 2730 441 2787 lutem
472 2731 597 2785 bzec
629 2728 775 2784 mihi
806 2727 963 2783 fecit.
1001 2726 1216 2782 Sancta
1236 2741 1371 2799 ergo
1405 2730 1514 2791 est,
1548 2724 1687 2795 quia
1710 2720 1910 2777 docuit

253 2836 321 2876 ac
344 2821 546 2893 fugere
572 2818 644 2875 ab
666 2819 795 2891 ipsa
816 2816 1197 2873 immunditia
1220 2814 1503 2888 praecepit
1529 2817 1725 2884 :justa
1746 2827 1906 2881 vero,

251 2910 393 2981 quia
416 2909 517 2965 ubi
550 2908 774 2974 docuit,
804 2908 941 2963 29I
974 2905 1047 2961 ab
1080 2905 1173 2960 bis
1197 2904 1296 2976 qui
1316 2920 1436 2959 non
1464 2908 1772 2958 servarunt
1792 2916 1910 2973 poe-

249 3015 391 3055 nam
422 2999 636 3070 repetit
661 3014 675 3053 :
706 3013 946 3052 rursum
976 3000 1177 3051 autem
1203 2995 1382 3062 bona,
1415 2992 1556 3065 quia
1586 2992 1766 3048 vitam
1796 2989 1906 3046 mi-

248 3089 310 3145 hi
335 3087 671 3161 providens,
698 3086 825 3142 haec
844 3084 1115 3159 jubebat.

321 3271 452 3326 Item
483 3273 533 3322 et
561 3266 673 3323 alio
700 3265 909 3355 modo.
940 3286 969 3314 «
998 3264 1112 3319 Lex
1167 3262 1409 3336 quidem
1469 3267 1677 3318 sancta
1735 3264 1841 3317 est.
1873 3280 1902 3310 ››
1933 3288 1976 3355 C

251 3360 452 3429 Neque
471 3356 630 3411 enim
647 3360 875 3410 naturae
898 3354 1045 3427 legis
1069 3360 1195 3408 erat
1216 3358 1280 3408 ut
1306 3351 1450 3407 mihi
1474 3355 1903 3408 nocumentum

249 3449 591 3515 inferretur,
626 3446 730 3502 sed
760 3461 909 3501 mete
943 3444 1186 3499 malitia;
1219 3460 1284 3499 ac
1323 3442 1610 3516 segnitiei,
1639 3440 1797 3512 quod
1838 3455 1907 3495 ea

251 3554 383 3609 qua)
402 3538 573 3609 jussa
594 3542 763 3592 erant
784 3552 905 3590 non
931 3533 1384 3589 observaverim.
1412 3556 1438 3580 n
1458 3533 1905 3604 Etprasceptum

250 3633 548 3683 sanctum.
583 3648 611 3677 ››
672 3626 883 3698 Legem
942 3623 1091 3679 dicit
1146 3622 1482 3687 Mosaicam,
1540 3624 1907 3693 przeceptum

246 3734 387 3774 vero
409 3713 571 3788 quod
594 3715 707 3787 ipsi
728 3715 913 3770 Adam
938 3713 1141 3769 datum
1164 3718 1309 3768 erat.
1337 3712 1618 3769 Sanctum
1642 3708 1907 3782 quidem,

251 3813 537 3879 tanquam
554 3806 613 3860 id
638 3805 857 3861 docens
872 3803 1031 3876 quod
1054 3802 1406 3876 expediebat
1427 3819 1440 3870 ;
1455 3804 1682 3873 justum
1709 3803 1909 3856 autem

253 3905 537 3971 tanquam
550 3904 709 3953 recte
723 3897 783 3952 in
803 3902 1275 3969 transgressores
1297 3895 1655 3950 sententiam
1669 3892 1868 3948 ferens
1894 3904 1909 3944 :

252 3988 477 4045 bonum
498 4004 754 4060 quoque,
772 3992 976 4058 utpote
996 3985 1171 4041 vitam
1196 4000 1413 4057 parans
1431 3981 1904 4039 observantibus.

254 4101 281 4129 «
318 4078 428 4133 Sed
486 4083 821 4148 peccatum.
865 4098 892 4125 ››
943 4076 1092 4141 Quia
1147 4075 1373 4146 peccati
1433 4072 1907 4146 magnitudinem

254 4166 567 4224 ostendere
600 4165 879 4232 decrevit,
911 4164 1065 4219 nihil
1095 4170 1294 4220 autem
1327 4180 1394 4219 eo
1418 4163 1610 4235 majus
1643 4162 1706 4215 in
1739 4161 1913 4216 mali-

256 4257 339 4314 tia
367 4260 601 4328 poterat
621 4255 909 4320 invenire,
944 4270 1050 4326 per
1080 4253 1341 4323 idipsum
1374 4249 1696 4307 ostendens
1724 4249 1912 4322 ipsius

257 4343 755 4418 magnitudinem,
772 4343 915 4399 dicit
942 4359 953 4397 :
988 4365 1015 4394 «
1052 4341 1164 4398 Sed
1183 4346 1489 4414 peccatum
1513 4347 1579 4398 ut
1602 4345 1915 4412 appareret

259 4441 591 4507 peccatum,
624 4457 649 4482 ›ι
681 4433 741 4488 id
783 4438 891 4497 est,
924 4438 992 4488 ut
1047 4431 1422 4505 detegeretur
1477 4431 1671 4486 omnis
1725 4429 1915 4486 abun-

266 4522 471 4578 dantia
500 4520 744 4577 malitia:
765 4519 954 4592 ipsius
976 4536 1043 4575 ac
1092 4517 1254 4573 illius
1279 4518 1364 4573 vis
1395 4518 1458 4573 in
1491 4518 1708 4590 seipso.
1752 4519 1833 4572 Ac
1862 4515 1913 4573 si

266 4611 456 4667 dicat:
489 4609 742 4683 thuod
772 4614 882 4677 est,
912 4614 1101 4665 totum
1135 4608 1197 4664 in
1228 4613 1349 4663 toto
1384 4608 1487 4664 ﬁat
1507 4607 1906 4664 manifestum.

262 4704 328 4760 In
360 4702 493 4758 aliis
551 4708 811 4773 naquie
860 4715 1167 4756 excessum
1209 4698 1530 4771 quemdam
1581 4708 1912 4771 proponere

259 4793 547 4852 volentes.
574 4791 736 4848 aliud
771 4790 1077 4862 quidpiam
1128 4790 1341 4845 aﬂ‘erre
1374 4803 1691 4861 possumus
1752 4787 1812 4843 in
1856 4786 1917 4843 id

261 4881 419 4953 quod
444 4897 479 4938 a
508 4882 683 4937 nobis
703 4880 1197 4953 reprehenditur;
1223 4877 1400 4934 veluti
1425 4878 1720 4935 dicentes:
1759 4877 1916 4932 Adeo

264 4971 551 5027 scelestus
581 4976 707 5026 erat
736 4971 899 5027 Cain.
931 4975 996 5026 ut
1029 4968 1230 5024 fratris
1284 4966 1585 5024 homicida
1632 4965 1799 5022 ﬁeret
1848 4982 1918 5022 ac

263 5061 494 5132 primus
525 5060 642 5116 Deo
664 5061 1020 5116 mentiretur
1049 5060 1390 5128 similiaque
1430 5061 1817 5129 perpetraret.
1855 5056 1923 5111 Et

261 5166 499 5205 rursum
526 5167 543 5204 :
576 5150 775 5219 Neque
800 5155 931 5221 post
958 5147 1363 5222 prodigiorum
1389 5147 1793 5202 ostensioncm
1824 5145 1922 5200 ad-

266 5239 479 5296 ductus
504 5245 599 5317 est.
622 5240 849 5295 Pharao
882 5245 945 5294 ut
995 5239 1151 5295 ﬁlios
1183 5237 1365 5294 Israel
1423 5237 1768 5294 dimitteret.
1803 5251 1920 5307 quo

264 5336 575 5404 appareret
599 5332 730 5402 ejus
751 5330 1093 5393 crudelitas,
1121 5336 1179 5385 et
1207 5328 1498 5384 indomita
1521 5343 1923 5400 mens.quam-

264 5438 377 5494 que
417 5423 531 5477 Deo
563 5426 721 5477 esset
749 5420 1024 5476 invisius.
1085 5420 1156 5474 Et
1186 5418 1466 5475 similiter
1497 5417 1557 5472 in
1588 5417 1742 5475 aliis.
1776 5419 1921 5473 Nam

259 5518 457 5584 potest
485 5512 546 5567 in
577 5511 662 5567 eis
694 5508 924 5582 aliquid
952 5509 1209 5565 inveniri
1240 5509 1414 5581 pejus
1435 5507 1528 5562 his
1551 5522 1681 5579 qua:
1705 5523 1923 5580 propo-

2015 2008 2383 2083 βελτιώσεως·
2435 2003 2634 2063 καίἓτι
2668 2005 2752 2063 δτι
2815 2005 2985 2083 μικρὰ
3040 2005 3393 2081 κατορθοῦσι,
3457 2000 3673 2079 μεγᾱίλα

2012 2098 2297 2179 ἐχαρίζετο
2333 2146 2349 2172 ,
2407 2099 2497 2155 καὶ
2548 2097 2929 2173 ἁμαρτάνοντα
2983 2104 3251 2175 περιεῖπε,
3309 2103 3401 2153 καί
3460 2095 3523 2152 οὗ
3554 2099 3674 2151 κατ’

2014 2188 2163 2260 ἀξίαν
2188 2193 2296 2245 τῶν
2328 2185 2840 2263 πλημμελημάτων
2902 2185 3176 2259 ἐκόλαζεν.
3238 2184 3418 2249 Αὐτὸς
3451 2180 3510 2241 δὲ
3537 2184 3678 2249 τὲως

2012 2274 2388 2355 παραδραμὼν
2446 2283 2639 2338 ταῦτα.
2698 2277 2759 2334 ἐκ
2813 2278 3023 2335 τούτων
3082 2275 3460 2354 συμπεραίνει,
3521 2268 3679 2353 ἅγιον

2010 2369 2100 2425 καὶ
2134 2366 2344 2426 δίκαιον
2403 2369 2498 2427 καὶ
2557 2370 2754 2447 ἀγαθὸν
2818 2368 2954 2425 εἶναι
3010 2369 3101 2425 τὸν
3151 2370 3340 2442 νόμον,
3404 2364 3528 2437 ἤτοι
3576 2367 3678 2436 τὴν

2015 2457 2268 2529 ἐντολήν,
2297 2459 2356 2531 ἐζ
2385 2462 2505 2523 ἑνὸς
2540 2460 2659 2534 μὲν,
2696 2459 2780 2516 ὅτι
2833 2455 3078 2529 Ἐδίδαξὲ
3137 2478 3204 2535 με
3255 2455 3521 2536 γνωρίσαι
3577 2457 3678 2523 τήν

2018 2550 2290 2625 ἁμαρτίαν
2321 2550 2412 2606 καὶ
2461 2550 2683 2624 ἐπέταξε
2740 2555 2930 2628 φυγεῖν
2988 2548 3179 2621 αὐτήν·
3241 2548 3295 2619 ἐξ
3352 2545 3540 2622 ἑτέρου
3598 2541 3656 2600 δὲ

2014 2642 2098 2698 ὅτι
2151 2638 2463 2715 κηδόμενος
2523 2640 2613 2697 καί
2698 2637 3000 2723 φρδντίζων
3074 2643 3237 2697 τοῦτο
3295 2636 3542 2709 ἐπίησεν*
3605 2634 3681 2699 είς

2012 2732 2115 2810 γὰρ
2150 2739 2294 2802 ζωὴν
2320 2732 2444 2807 ἐμοὶ
2475 2732 2563 2788 καί
2598 2731 2874 2808 σωτηρίαν
2921 2735 3093 2788 ταῦτα
3149 2729 3407 2802 ἐποίησεν
3483 2729 3682 2801 ’Ἄγιος

2012 2818 2129 2885 οὗν,
2184 2819 2270 2875 ὅτι
2326 2816 2555 2891 ἐδίδαξε,
2609 2819 2700 2875 καὶ
2782 2824 2972 2895 φυγεῖν
3045 2817 3151 2876 ἀπὸ
3196 2823 3300 2887 τῆς
3341 2812 3669 2889 ἀκαθαρσίας

2011 2908 2181 2978 αὐτῆς
2240 2906 2476 2979 ἐπέταξε·
2512 2907 2719 2971 δίκαιος
2754 2904 2833 2975 δὲ,
2893 2910 2979 2965 ὅτι
3039 2905 3279 2979 διδάξας,
3339 2904 3509 2967 οὕτως
3563 2902 3661 2972 τῆν

2010 2997 2280 3073 τιμωρίαι
2312 2998 2443 3061 τοὺς
2504 2999 2581 3073 μὴ
2642 2996 2981 3078 φυλάξαντας
3034 2995 3272 3053 ἀπαιτεῖ.
3324 2992 3555 3069 Ἀγαθὸς
3613 2986 3673 3046 δὲ

2011 3085 2179 3145 πάλιν
2215 3132 2229 3158 ,
2298 3086 2382 3145 ὅτι
2444 3090 2588 3160 ζωήν
2684 3108 2780 3163 μοι
2838 3086 3249 3165 προνοούμενος
3281 3130 3296 3156 ,
3350 3088 3517 3141 ταῦτα
3573 3082 3673 3137 ἐπ·-

2015 3175 2210 3237 ετὲλει.

2087 3267 2185 3322 Καὶ
2216 3263 2429 3330 ἄλλως.
2465 3292 2493 3319 ‹‹
2525 3268 2587 3326 Ὀ
2622 3267 2716 3340 μὲν
2761 3267 2932 3341 νόμος
2974 3268 3152 3345 ἅγιος.
3188 3290 3216 3319 ››
3269 3263 3349 3323 Ού
3408 3263 3513 3343 γὰρ
3569 3268 3673 3332 τῆς

2013 3359 2111 3411 τοῦ
2140 3355 2315 3430 νόμου
2345 3355 2558 3436 φύσεως
2608 3356 2674 3427 ἦν
2733 3356 2797 3412 τὸ
2857 3351 3159 3435 βεϐλάφθαι
3213 3376 3304 3430 με,
3363 3351 3512 3410 ἀλλὰ
3568 3358 3672 3421 τῆς

2016 3447 2202 3520 ἡμῶν,
2260 3444 2436 3524 φησὶ,
2495 3447 2686 3507 κακίας
2761 3445 2852 3501 καὶ
2907 3445 3197 3521 ῥᾳθυμίας,
3265 3444 3382 3499 ἀνθ’
3439 3445 3515 3499 ὧν
3576 3443 3677 3500 οὐκ

2017 3532 2356 3615 ἐφυλάξαμεν
2412 3535 2479 3590 τὰ
2538 3534 2924 3616 ἐπιταχθέντα.
2956 3569 3025 3579 -
3056 3535 3394 3611 [ΘΕΟΔΩΡλ]
3445 3558 3476 3589 ιι
3510 3540 3604 3589 Καὶ
3639 3537 3675 3604 ἡ

2016 3623 2214 3696 ἐντολῆ
2246 3625 2395 3703 ἁγῖα.
2431 3651 2457 3677 δι
2493 3627 2673 3699 Νόμον
2723 3628 2815 3682 τὸν
2866 3626 3157 3684 Μωσαῖκὸν
3215 3624 3389 3703 λέγει,
3449 3621 3677 3694 ἐντολήν

2021 3710 2077 3768 δὲ
2107 3715 2205 3781 τὴν
2234 3718 2312 3786 τῷ
2345 3711 2527 3788 Ἀδὰμ
2573 3710 2895 3790 δεδομένην.
2931 3716 3110 3791 Ἀγίαν
3148 3716 3244 3788 μὶν
3302 3716 3376 3778 ὡς
3427 3717 3491 3772 τὸ
3552 3714 3671 3772 δέον

2019 3799 2325 3877 διδάξασαν.
2370 3803 2592 3860 Δικαίαν
2642 3802 2719 3875 δὲ,
2780 3805 2854 3868 ὡς
2922 3805 3101 3878 ὀρθῶς
3155 3810 3275 3868 τοῖς
3333 3796 3674 3881 παραϐάταις

2017 3893 2118 3964 τήν
2151 3897 2332 3972 ψῆφον
2363 3892 2773 3970 ἐπε-ιεγκοῦσαν’
2825 3895 3030 3972 ἀγαθήν
3091 3894 3168 3963 δὲ,
3225 3895 3300 3955 ὡς
3360 3896 3506 3966 ζωὴν
3558 3900 3679 3956 τοῖς

2022 3983 2390 4062 φυλάσσουσιν
2455 3984 2891 4060 εὐτρεπρζουσαν.
2933 4010 2952 4035 α
2988 3981 3163 4042 Ἀλλᾶ
3193 3987 3229 4055 ἡ
3263 3984 3523 4061 ἁμαρτία.
3554 4011 3573 4035 ι
3609 4017 3674 4028 -

2022 4074 2239 4147 [ΦΩΤ.]
2273 4069 2492 4143 Ἐπειδὴ
2524 4077 2625 4141 τῆς
2656 4074 2924 4148 ἁμαρτίας
2955 4072 3197 4147 ἠθέλησε
3226 4075 3289 4131 τὸ
3315 4077 3543 4152 μέγεθος
3576 4071 3677 4130 δεῖ-

2023 4165 2127 4235 ξαι,
2165 4168 2349 4237 μεῖζον
2392 4158 2449 4219 δὲ
2506 4162 2710 4233 ταύτης
2766 4162 2843 4228 είς
2892 4163 3083 4221 κακίαν
3113 4164 3213 4221 οὐκ
3251 4165 3316 4235 ἧν
3376 4163 3575 4241 εὐρεῖν,
3608 4161 3678 4220 δι’

2022 4252 2188 4322 αὐτῆς
2217 4250 2420 4324 ταύτης
2459 4253 2520 4308 τὸ
2576 4254 2804 4332 μέγεθος
2862 4253 3031 4324 αὐτῆς
3083 4251 3511 4328 ἐνδεικνύμενος,
3571 4274 3680 4330 φη·

2022 4342 2123 4407 σίν,
2158 4366 2187 4395 ‹‹
2220 4338 2380 4398 Ἀλλ’
2412 4344 2446 4413 ἡ
2480 4341 2740 4419 ἁμαρτία,
2772 4342 2862 4398 ἳνα
2920 4347 3058 4422 φανῇ
3118 4342 3380 4419 ἁμαρτία.
3425 4367 3453 4396 ιι
3513 4363 3680 4400 τουτ-

2022 4429 2164 4489 ἐστιν
2189 4428 2279 4486 ¹ίνα
2314 4429 2630 4512 ἐκκαλυφθῇ
2662 4430 2830 4501 αὐτῆς
2859 4432 2888 4489 ὁ
2926 4438 3031 4495 πᾶς
3063 4440 3162 4503 τῆς
3191 4433 3380 4496 κακίας
3410 4431 3678 4500 πλοῦτος,

2022 4522 2112 4580 καὶ
2143 4524 2178 4594 ἡ
2213 4522 2375 4599 ἲσχὺς
2405 4519 2572 4591 αὐτῆς
2600 4523 2635 4593 ἡ
2669 4520 2721 4577 ἐν
2750 4520 2910 4597 αὐτῇ.
2971 4522 3128 4595 Οῗον,
3157 4524 3293 4590 Ἵνα,
3325 4524 3458 4597 ὅπερ
3508 4520 3676 4594 ἐστὶν,

2025 4610 2129 4685 ὅλη
2165 4612 2239 4677 ὡς
2270 4613 2374 4684 ὅλη
2406 4612 2623 4688 γίνηται
2654 4612 2907 4689 ἐκφανής.
2969 4614 3093 4671 Ἐπί
3127 4612 3222 4688 μὶν
3272 4615 3374 4690 γὰρ
3428 4610 3537 4671 τῶν
3579 4610 3677 4669 ἂλ-

2017 4701 2131 4761 λων
2170 4697 2483 4778 ὑπερϐολήν
2532 4723 2652 4757 τινα
2709 4702 2958 4767 θέλοντες
3015 4707 3388 4779 παραστῆσαι,
3447 4699 3683 4777 δυνάμε-

2019 4804 2086 4858 θα
2143 4788 2287 4847 ἄλλο
2343 4811 2395 4845 τι
2450 4788 2722 4868 ἐπιφέρειν
2778 4795 2857 4866 τῷ
2915 4789 3292 4871 διασυρομένῳ
3347 4791 3435 4870 ὑφ’
3496 4793 3682 4865 ἡμῶν,

2027 4880 2169 4948 οἷον,
2215 4878 2427 4952 Μιαρὸς
2468 4879 2534 4948 ἦν
2590 4879 2678 4934 ἐπὶ
2734 4883 2993 4936 τοσοῦτον
3024 4881 3050 4935 ὁ
3084 4882 3235 4942 Καῖν,
3297 4878 3381 4935 ὅτι
3438 4877 3679 4938 ἀδελφο-

2024 4962 2216 5031 κτόνος
2248 4968 2476 5045 ἐγένετο,
2512 4966 2597 5025 ὅτι
2648 4968 2734 5025 καὶ
2791 4970 2919 5027 Θεὸν
2976 4974 3194 5046 πρῶτος
3250 4966 3535 5045 ἐψεύσατο,
3587 4968 3683 5026 καὶ

2024 5057 2090 5113 τὰ
2122 5057 2308 5131 ὅμοια.
2346 5057 2442 5113 Καὶ
2472 5054 2658 5113 πάλινο
2711 5057 2851 5117 Οὐδὲ
2886 5059 3021 5134 μετᾶ
3071 5061 3170 5128 τήν
3230 5064 3338 5115 τῶν
3388 5057 3682 5135 τεραστίων

2026 5145 2280 5220 ἐπιδειξιν
2336 5148 2657 5225 παρεκλήθη
2693 5149 2896 5223 Φαραὼ
2953 5148 3229 5206 ἀπολῦσαι
3280 5150 3411 5215 τοὺς
3468 5151 3690 5222 Ἰσραη-

2027 5235 2328 5303 λιτας,⁹ίνα
2368 5241 2507 5313 φανῇ
2555 5238 2723 5295 αὐτοῦ
2777 5238 2842 5294 τὸ
2900 5236 3053 5312 ὠμὸν
3109 5238 3196 5295 καὶ
3246 5236 3531 5295 ἆτίθασσον
3585 5244 3688 5309 τῆς

2025 5329 2251 5403 γνώμης
2284 5327 2378 5382 καί
2424 5331 2694 5402 θεομισὲς.
2755 5326 2860 5385 Καὶ
2918 5325 3008 5383 ἐπὶ
3062 5332 3171 5384 τῶν
3230 5325 3418 5385 ἄλλῶν
3456 5327 3692 5403 ὁμοίως.

2024 5420 2176 5474 Ἐστι
2206 5416 2309 5492 γὰρ
2342 5416 2517 5493 εύρεῖν
2560 5438 2611 5473 τι
2661 5423 2849 5496 χεῖρον
2898 5422 3007 5477 τῶν
3062 5418 3464 5493 ὑποκειμένων,
3496 5418 3558 5474 οὗ
3595 5416 3682 5473 καὶ

2030 5492 2483 5584 μετασχόντεςίοί
2515 5492 2972 5585 πονηρήευδμενοι,
3000 5510 3097 5573 τὰς
3136 5512 3255 5567 κατ’
3290 5509 3461 5566 ἐκεῖνο
3510 5492 3687 5586 προσ-

261 5606 511 5671 nuntur,
540 5601 714 5673 cujus
744 5600 927 5658 etiam
966 5598 1287 5673 participes
1320 5596 1562 5673 maligni
1591 5595 1910 5671 suscipiunt

2029 5598 2263 5677 ηγορίας
2320 5597 2668 5678 ἐπιδέχονται
2701 5644 2717 5663 .
2775 5602 2898 5661 Ἐπὶ
2955 5598 3015 5659 δὶ
3071 5610 3173 5676 τῆς
3219 5602 3512 5680 ἁμαρτίας,
3572 5598 3696 5680 ἐπεὶ

264 5692 729 5765 appellationem
752 5689 825 5748 ad
857 5689 1021 5746 illius
1054 5686 1532 5746 similitudinem.
1564 5686 1630 5742 In
1678 5695 1923 5760 peccato

2031 5689 2259 5762 ταύτης,
2293 5688 2368 5753 ὡς
2400 5686 2634 5773 ἔφημεν,
2693 5689 2792 5748 οὔκ
2842 5685 2955 5749 ἔστι
3018 5700 3204 5774 χειρον
3270 5692 3466 5770 εὑρεῖν,
3522 5690 3693 5764 αὐτὴν
