4114 6394
383 411 496 472 457

1457 404 1869 468 οοΜΜΕΝΤ.
1921 405 2008 469 IN
2054 404 2306 468 EPIST.
2355 407 2457 469 AD
2496 408 2692 470 ROM.

3693 411 3813 474 458

388 541 472 620 ἐφ’
519 541 717 610 ἑαυτῆς
783 538 1158 616 κατηγόρησε,
1215 543 1426 614 πικρῶς
1484 537 1597 613 ἅμα
1653 539 1744 594 καὶ
1803 536 2037 614 δριμέως

2157 557 2292 598 vero
2319 541 2624 613 quoniam.
2647 547 2714 598 ut
2734 541 3012 599 diximus.
3039 558 3106 599 eo
3133 541 3304 615 pejus
3325 541 3476 598 nihil
3499 546 3627 599 erat
3646 543 3814 600 inve-

389 633 482 687 τὸν
510 629 673 706 ὅγκον
705 629 880 701 αὐτῆς
918 630 1006 685 καὶ
1063 630 1128 684 τὸ
1181 629 1495 704 τυραννικὸν
1552 628 1642 683 καὶ
1702 624 2046 700 ἀνυπέρϐλη-

382 741 475 776 τον
528 717 969 792 ἐνδεικνύμενος.
1038 715 1260 788 Ἐπειδή
1353 716 1409 774 δὲ
1493 719 1852 798 ἀσαφέπερόν
1928 740 2049 782 πως

380 808 560 881 ἔδοξεν
595 810 844 881 εἰρῆσθαι
887 811 956 883 τῇ
1009 808 1341 883 ταυτολογίᾳ
1393 813 1490 865 τοῦ
1553 807 1823 880 ὀνόματος
1877 807 2043 864 πάλιν

382 900 442 958 δὶ
479 895 1042 973 μεταλαμϐανομένου
1071 897 1172 954 τοῦ
1218 898 1510 971 ὀνόματος,
1568 900 1604 968 ἡ
1649 903 1750 966 τῆς
1811 893 2047 971 ὑπερϐο-

385 992 496 1060 λῆς
534 991 624 1047 καὶ
667 989 1008 1065 δριμύτητος
1063 985 1285 1060 ἔνδειξις
1342 986 1608 1059 ἐξελύετο,
1667 988 2044 1062 παρονομᾶζει

385 1085 509 1151 μὲν,
542 1079 634 1136 καὶ
667 1079 729 1134 οὗ
782 1079 1010 1142 τελείως
1068 1079 1354 1159 ἀφίσταται
1412 1077 1510 1135 τοῦ
1561 1079 1855 1152 ὀνόματος,
1911 1077 1965 1132 ἓν
1997 1078 2043 1150 ᾧ

382 1170 443 1226 δὲ
503 1167 829 1233 ἐκλελύσθαι
884 1169 1081 1238 ἐδόκει,
1139 1171 1293 1225 τόνον
1354 1169 1540 1244 ἐπείγει
1622 1172 1691 1242 τῇ
1751 1169 2042 1244 προσθήκῃ

374 1265 481 1316 τοῦ
507 1261 631 1324 καθ’
673 1254 1005 1334 ὑπερϐολήν.
1070 1261 1166 1314 Καὶ
1227 1258 1398 1320 οὕτως
1456 1258 1544 1314 ἐπὶ
1601 1258 1662 1314 τὸ
1715 1257 2039 1334 σαφεστερον

380 1352 503 1423 ἅμα
530 1352 624 1405 καὶ
656 1348 868 1421 ὁμοίως
910 1344 1124 1404 ἔντονον
1184 1349 1275 1405 καὶ
1326 1354 1424 1404 τού
1479 1347 1722 1422 δριμέως
1779 1347 2044 1426 ἐμφαντι-

383 1441 482 1494 κὸν
515 1432 840 1514 μεταϐακὼν
866 1438 960 1492 τὸν
1015 1437 1180 1514 λόγον
1237 1438 1416 1516 φησίν.
1475 1439 1587 1495 Ἵνα
1643 1438 1865 1512 γενηται
1922 1436 2042 1500 καθ’

385 1525 708 1600 ὑπερὸολὴν
732 1523 1064 1602 ἁμαρτωλὸς
1095 1529 1130 1594 ἡ
1166 1525 1424 1601 ἁμαρτία.
1460 1549 1488 1577 ιι
1522 1525 1636 1582 Ἰνα
1665 1525 1807 1600 φανῆ
1862 1524 2044 1598 ἀμαρ-

385 1619 503 1676 τία,
538 1641 566 1668 ››
598 1621 733 1684 Ἵνα,
766 1617 926 1694 φησὶ,
968 1613 1163 1692 δειχθῇ
1221 1620 1340 1678 πῶς
1403 1615 1591 1690 μιαρὰ,
1653 1618 1766 1676 πῶς
1827 1612 2044 1686 πονηρὰ

391 1708 488 1763 καὶ
515 1708 680 1781 ἲταμή
713 1710 805 1763 καί
857 1705 1061 1786 ἰσχυρὰ
1116 1710 1152 1778 ἡ
1205 1706 1466 1781 ἁμαρτία,
1527 1704 1615 1762 διδ.
1670 1709 1765 1761 τοῦ
1820 1706 2040 1782 ἀγαθοῦ,

399 1797 644 1854 τούτὲστι
696 1803 791 1853 τοῦ
848 1799 1030 1871 νόμου
1087 1799 1276 1868 αὐτοῦ,
1335 1799 1429 1854 τὸν
1482 1798 1709 1863 θάνατον
1758 1796 2044 1874 κατειργά-

396 1910 548 1945 σατο.
581 1889 839 1964 Μιγίστην
903 1886 962 1945 δὲ
1019 1886 1191 1960 δηλοῖ
1245 1893 1346 1955 τῆς
1401 1890 1669 1963 ἁμαρτίας
1701 1887 1799 1957 τὴν
1860 1886 2042 1962 ἷσχὺν,
2073 1874 2120 1940 Β

402 1975 570 2051 δεξαι
617 1975 786 2034 θέλων
839 1981 938 2033 τοῦ
995 1983 1228 2052 Χριστοῦ
1279 1980 1379 2049 τήν
1436 1978 1740 2053 ἀγαθότητα
1794 1976 1884 2032 καὶ
1940 1979 2041 2048 τήν

389 2066 599 2140 δωρεαν
655 2068 780 2140 ὅση,
839 2069 924 2124 ὃτι
1012 2067 1216 2137 ταύτης
1299 2070 1448 2142 ἡμᾶς
1495 2075 1597 2137 τῆς
1653 2068 1882 2144 ἰσχυρᾶς
1951 2069 2038 2124 καὶ

382 2157 658 2238 ἆφεύκτου
698 2156 1034 2230 ἀπήλλαξεν.
1104 2160 1270 2215 σ”Ινα
1326 2158 1628 2233 γενηται.»
1687 2160 1823 2225 Ἲνα,
1885 2157 2040 2236 φησὶ,

375 2246 586 2323 δειχθῇ
616 2249 784 2317 αὐτῆς
819 2251 847 2304 6
879 2251 1016 2310 ἅπας
1049 2249 1148 2316 ἰὸς,
1177 2249 1266 2304 καὶ
1298 2251 1332 2319 ἡ
1364 2255 1509 2304 πᾶσα
1560 2247 1741 2306 κακία.
1787 2250 1864 2306 Τὸ
1913 2249 2039 2324 γὰρ,

376 2341 505 2403 καθ’
568 2335 904 2415 ὑπερϐολὴν,
966 2338 1262 2401 ἐπιτασεώς
1321 2338 1483 2394 ἐστιν.
1547 2338 1624 2396 06
1695 2339 1888 2414 μικρὸν
1948 2335 2038 2392 οὖν

380 2422 601 2499 ὧνητεν
643 2431 671 2484 6
728 2430 895 2503 νόμος
950 2435 1118 2485 πᾶσαν
1180 2429 1345 2498 αὐτῆς
1399 2430 1499 2498 τήν
1556 2428 1774 2504 πικρίαν
1833 2431 2041 2483 ἀποκα-

380 2517 566 2592 λύψας
597 2515 918 2594 γενομένην.
946 2519 1122 2576 Τοῦτο
1155 2515 1212 2574 δὲ
1243 2515 1430 2588 δηλοῖ,
1459 2519 1543 2586 τὸ,
1579 2545 1605 2570 ιι
1627 2518 1870 2594 γενηται.
1899 2541 1928 2570 ››
1950 2515 2042 2572 ’ίνα

371 2607 752 2687 ἀποκαλυφθῇ
781 2605 1077 2684 γενομένη,
1105 2608 1194 2664 ἳνα
1231 2605 1320 2665 διὰ
1377 2613 1508 2687 γοῦν
1557 2613 1720 2664 τοῦτο
1779 2607 2040 2687 φύγωμεν

369 2701 571 2771 αὐτήν.

2157 631 2512 702 nire,ipsum
2537 632 2596 686 in
2623 632 2884 703 ipsomet
2912 631 3340 688 demonstravit
3390 649 3599 705 aspere
3633 634 3815 691 simul

2157 726 2215 776 et
2243 722 2497 794 graviter
2523 721 2744 777 factum
2777 722 2940 777 illius
2980 723 3357 795 tyrannicum
3391 740 3457 789 ac
3489 723 3816 780 incredibi-

2156 827 2272 883 lem
2305 812 2743 869 demonstrans.
2783 814 2996 868 Verum
3028 813 3168 884 quia
3191 812 3501 869 obscurius
3525 814 3812 886 quodam-

2155 900 2330 957 modo
2363 900 2586 958 dictum
2619 919 2748 959 esse
2781 903 3090 960 videbatur
3119 920 3226 976 per
3255 903 3494 959 crebam
3538 905 3811 976 ejusdem

2154 991 2416 1047 nominis
2431 993 3085 1064 repelitionem,rursus
3100 1000 3298 1050 autem
3319 999 3550 1049 mutato
3568 994 3809 1050 nomine

2152 1082 2582 1153 magnitudinis
2612 1100 2680 1138 ac
2710 1084 3051 1156 asperitatis
3101 1083 3364 1140 ostensio
3398 1084 3810 1153 enervabatur,

2153 1170 2366 1226 alludit
2395 1173 2637 1244 quidem
2668 1174 2742 1229 ad
2783 1191 3026 1243 nomen,
3081 1191 3192 1230 nec
3242 1174 3314 1230 ab
3374 1191 3442 1230 eo
3501 1174 3563 1229 in
3623 1179 3812 1229 totum

2152 1258 2424 1328 discedit,
2459 1264 2561 1319 sed
2589 1265 2730 1320 dum
2764 1265 3033 1321 enervari
3084 1264 3412 1331 videbatur,
3467 1264 3810 1321 firmitatem

2151 1351 2476 1426 subjungit,
2511 1355 2641 1426 ejus
2673 1355 2977 1411 additione
3007 1355 3165 1427 quod
3197 1363 3286 1411 est
3314 1355 3647 1410 secundum
3679 1370 3810 1411 ma-

2149 1443 2523 1515 gnitudinem
2553 1446 2620 1500 Et
2637 1445 2719 1500 ita
2740 1445 2920 1500 simul
2936 1445 3008 1501 ad
3029 1445 3089 1500 id
3107 1444 3266 1517 quod
3281 1446 3659 1501 manifestius
3681 1450 3807 1501 erat

2148 1534 2372 1606 pariter
2403 1540 2461 1590 et
2503 1543 2744 1592 acutum
2800 1553 2868 1592 ac
2929 1537 3268 1609 asperitatis
3328 1537 3813 1610 significativum,

2148 1629 2376 1680 mutato
2411 1641 2686 1682 sermone
2717 1627 2841 1682 ait:
2877 1627 2949 1682 Ut
3007 1627 3112 1682 ﬁat
3166 1627 3386 1683 mirum
3446 1628 3507 1682 in
3565 1627 3809 1682 modum

2147 1730 2403 1785 peccans
2436 1721 2763 1786 peccatum.
2801 1739 2827 1766 ‹‹
2863 1717 2934 1772 Ut
2966 1722 3354 1788 appareret,»
3389 1721 3499 1772 etc.
3530 1717 3600 1772 Ut
3619 1723 3820 1772 osten-

2151 1802 2412 1868 deretur,
2447 1804 2663 1876 inquit,
2697 1821 2877 1876 quam
2911 1805 3252 1873 scelestum,
3316 1821 3495 1876 quam
3547 1822 3815 1877 pravum,

2154 1893 2493 1965 improbum
2517 1910 2585 1950 ac
2605 1894 2929 1951 violentum
2956 1896 3034 1951 sit
3054 1901 3360 1968 peccatum
3388 1913 3399 1950 :
3427 1913 3534 1968 per
3562 1895 3623 1951 id
3655 1896 3816 1968 quod

2154 1982 2378 2039 bonum
2408 1989 2554 2053 erat,
2589 1985 2742 2041 292
2775 2002 2991 2057 nempe
3027 1985 3220 2057 ipsam
3255 1986 3466 2059 legem.
3501 1992 3813 2057 operatum

2154 2081 2244 2130 est
2276 2081 2531 2130 mortem
2588 2076 2904 2132 Maximum
2939 2082 3136 2131 autem
3171 2077 3394 2148 peccali
3424 2076 3607 2132 robur
3654 2076 3814 2132 indi-

2154 2170 2268 2232 cat,
2303 2164 2617 2219 ostendere
2648 2165 2852 2220 volens
2883 2165 3098 2220 Christi
3133 2165 3458 2221 bonitatem
3513 2171 3570 2220 et
3629 2181 3816 2236 quan-

2155 2260 2276 2309 tum
2312 2255 2388 2309 sit
2418 2255 2548 2325 ejus
2580 2254 2825 2318 donum,
2859 2255 2957 2326 qui
3011 2255 3168 2324 gravi
3219 2255 3332 2311 hoc
3383 2262 3441 2311 et
3489 2254 3818 2311 inevitabili

2154 2344 2312 2400 malo
2346 2361 2456 2399 nos
2488 2344 2778 2400 liberavit.
2816 2346 2886 2401 Ut
2920 2345 3090 2400 fieret
3118 2346 3338 2401 mirum
3373 2346 3433 2400 in
3480 2345 3753 2402 modum.
3789 2367 3816 2395 »

2157 2435 2225 2490 Ut
2256 2435 2674 2490 ostenderetur
2704 2451 2882 2490 omne
2941 2436 3070 2508 ejus
3119 2453 3441 2502 venenum,
3494 2438 3814 2508 omnisque

2152 2525 2401 2581 malitia.
2440 2525 2606 2590 Quod
2637 2531 2837 2581 autem
2868 2526 2950 2580 ait
2978 2526 3098 2588 καθ’
3130 2519 3444 2600 ὑπερϐολὴν
3471 2543 3577 2598 per
3607 2542 3814 2581 exces-

2154 2631 2284 2672 sum
2318 2613 2398 2684 (id
2429 2620 2521 2670 est
2546 2615 2763 2670 mirum
2795 2615 2856 2670 in
2887 2614 3177 2688 modum),
3202 2616 3674 2689 exaggerationis
3696 2621 3814 2672 est.

2153 2707 2277 2760 Non
2305 2721 2514 2778 parum
2546 2705 2745 2777 itaque
2770 2705 2926 2778 juvit
2969 2705 3064 2760 lex
3115 2722 3247 2777 qua:
3298 2721 3539 2761 omnem
3589 2704 3814 2761 detexit

370 2791 545 2846 illius
575 2791 1039 2848 amaritudinem
1073 2808 1205 2865 qua:
1236 2798 1411 2850 antea
1440 2791 1653 2849 fuerat.
1687 2793 1806 2849 Hoc
1832 2798 2031 2849 autem
2063 2793 2380 2868 signiﬁcat,
2415 2818 2441 2845 «
2477 2794 2550 2850 Ut
2580 2795 2768 2867 ﬁeret,
2799 2818 2827 2844 »
2862 2794 2920 2850 id
2951 2800 3059 2864 est,
3089 2801 3155 2852 ut
3185 2795 3348 2868 quod
3406 2796 3628 2854 factum
3687 2801 3816 2852 erat

373 2879 780 2954 detegeretur,
813 2888 878 2937 ut
906 2889 1221 2955 propterea
1250 2889 1408 2939 certe
1441 2883 1590 2939 illud
1622 2883 1936 2956 fugiamus.

443 2965 689 3042 Οἴδαμεν
742 2969 848 3046 γὰρ
926 2970 1012 3026 ὅτι
1071 2971 1099 3025 6
1157 2971 1330 3045 νόμος
1414 2971 1780 3043 πνεὺματικός
1867 2970 2030 3026 ἐστιν’

365 3057 478 3133 ἐγὼ
567 3056 625 3112 δὲ
721 3060 982 3131 σαρκικός
1069 3059 1205 3132 εἶμι,
1314 3063 1658 3136 πεπραμένος
1741 3061 1842 3116 ὑπὸ
1935 3062 2035 3128 τὴν

367 3146 671 3223 ἁμαρτίαν.
729 3148 798 3205 Ὀ
853 3149 955 3225 γαρ
1013 3150 1437 3224 κατεργάζομαι,
1499 3149 1561 3204 οὐ
1630 3148 1902 3224 γινώσκω.
1955 3149 2032 3206 Οὐ

366 3240 476 3313 γαρ
537 3238 566 3292 δ
623 3237 792 3306 θέλω,
850 3241 1012 3293 τοῦτο
1070 3239 1317 3314 πράσσω,
1378 3238 1506 3294 ἀλλ’
1558 3238 1588 3294 6'
1649 3244 1814 3312 μισῶ,
1872 3242 2032 3294 τοῦτο

368 3331 544 3384 ποιῶ.
609 3325 674 3384 Εἴ
731 3322 790 3382 δὲ
849 3328 878 3382 δ
935 3327 1000 3382 οὔ
1060 3326 1225 3397 θέλω,
1281 3333 1445 3384 τοῦτο
1519 3333 1686 3402 ποιῶ,
1773 3329 2035 3404 σύμρημι

2220 2975 2332 3038 Vll,
2366 2975 2546 3028 14-17.
2581 2975 2795 3030 Scimus
2827 2977 2972 3029 enim
3003 2975 3153 3045 quod
3201 2975 3291 3030 lea:
3335 2974 3648 3045 spiritualis
3696 2982 3798 3044 est,

2145 3070 2201 3119 at
2231 3080 2330 3133 ego
2360 3064 2602 3118 carnalis
2632 3079 2752 3118 sum
2783 3066 3126 3120 venundatus
3156 3065 3254 3119 sub
3306 3072 3614 3134 peccatum.
3665 3065 3802 3120 Nam

2145 3153 2294 3225 quod
2333 3169 2547 3222 operor,
2588 3169 2699 3207 non
2742 3169 3023 3223 cognosco.
3081 3155 3199 3208 Non
3253 3153 3399 3209 enim
3449 3153 3597 3223 quod
3651 3154 3795 3223 volo,

2145 3243 2245 3297 hoc
2272 3245 2442 3311 facio,
2474 3242 2568 3298 sed
2597 3248 2744 3313 quod
2774 3243 2887 3304 odi.
2922 3243 3022 3297 hoc
3053 3259 3177 3313 ago.
3209 3244 3271 3299 Si
3300 3249 3480 3298 autem
3511 3244 3658 3314 quod
3686 3258 3797 3298 non

2143 3333 2264 3389 volo
2296 3333 2395 3388 hoc
2421 3336 2592 3402 facio,
2622 3336 2897 3389 consentio
2941 3333 3051 3404 legi
3102 3335 3248 3405 quod
3299 3335 3438 3389 bona
3481 3336 3600 3388 sit:
3650 3349 3798 3388 nunc

370 3414 456 3488 τῷ
517 3437 679 3490 νομῳ
739 3414 823 3470 ὅτι
881 3415 1075 3480 καλός.
1136 3419 1267 3475 Νυνῖ
1321 3416 1379 3474 δὲ
1435 3418 1534 3474 οὐκ
1591 3415 1669 3475 ἔτι
1727 3418 1838 3494 ἐγὼ
1903 3440 2032 3474 κατ-

2153 3430 2328 3478 autem
2350 3425 2472 3495 jam
2502 3440 2614 3479 non
2643 3440 2736 3495 ego
2767 3440 2966 3495 operor
2999 3424 3160 3491 illud,
3189 3424 3282 3480 sed
3311 3425 3460 3495 quod
3490 3424 3704 3480 habitat
3738 3427 3798 3480 in

374 3507 682 3582 εργᾶζομαι
741 3505 894 3574 αὐτὸ,
956 3504 1086 3562 ἀλλ’
1142 3510 1177 3578 ἡ
1233 3507 1456 3565 οἰκοῦσα
1511 3508 1564 3565 ἐν
1649 3508 1774 3582 ἐμοὶ
1846 3509 2031 3586 ἀμαρ-

373 3616 487 3653 τια.

452 3683 678 3754 Ἐπειδὴ
708 3687 831 3743 εἶπε
869 3687 962 3742 τὸν
1020 3688 1193 3762 νόμον
1253 3689 1424 3746 αῗιιιον
1475 3697 1575 3760 τῆς
1635 3689 1924 3765 ἁμαρτίας,
1987 3687 2034 3744 εἴ

384 3771 481 3827 καὶ
519 3774 594 3845 μὴ
637 3777 769 3848 παρὰ
823 3778 927 3846 τήν
986 3776 1154 3832 αὐτοῦ
1213 3777 1385 3846 σύσιν,
1441 3776 1536 3834 ἵνα
1597 3779 1671 3851 μή
1732 3777 2031 3852 νομίσωσιν

385 3863 558 3918 αύτόν
585 3866 710 3920 κατᾶ
734 3871 831 3921 τοῦ
861 3866 1037 3941 νόμου
1084 3865 1288 3942 λέγειν,
1339 3868 1402 3924 οὐ
1462 3869 1627 3942 μόνον
1685 3867 1846 3923 αὐτὸν
1905 3888 2032 3924 κατ-

381 3954 614 4032 ηγορίας
665 3954 1030 4026 ἀπαλλάσσει,
1093 3957 1241 4014 ἀλλὰ
1295 3960 1382 4016 καὶ
1436 3957 1768 4036 ἐγκωμιάζει
1846 3957 2033 4017 αὐτόν.

373 4051 692 4122 Κατηγορεῖ
721 4043 780 4102 δὲ
807 4051 918 4104 τῶν
966 4048 1044 4122 μή
1104 4046 1478 4120 φυλαξάντων.
1536 4051 1598 4108 Ὁ
1656 4049 1826 4122 νόμος
1884 4045 2040 4104 διδά-

367 4135 602 4205 σκαλος,
631 4136 822 4214 ιρησῖν,
859 4137 1083 4215 ἀρετῆς,
1127 4138 1398 4212 πολέμιος
1443 4142 1746 4217 ἁμαρτιῶν.
1799 4165 1827 4193 ‹‹
1860 4146 2036 4196 Πνευ-

371 4226 607 4299 μαντικός
638 4225 800 4286 ἐστιν.
836 4250 866 4278 ››
931 4260 997 4270 -
1056 4229 1609 4305 [ΟΙΚΟΥΜΕΝΙΟΥ.]
1669 4236 1877 4307 Δῶρον,
1928 4252 2036 4309 φη-

369 4314 583 4384 σῖ,τοῦ
632 4315 791 4394 ἁγίου
861 4317 1198 4391 Ηνεύματος,
1254 4320 1343 4374 καὶ
1415 4318 1596 4395 ὥσπερ
1654 4321 2034 4398 ὑπαγόρευσις.

364 4407 444 4463 ’Ἥ
477 4407 850 4480 πνευματικὸς
881 4408 964 4464 ὅτι
995 4409 1062 4466 τὰ
1107 4414 1204 4466 τοῦ
1258 4409 1573 4484 ΙΙνεύματος
1619 4410 1897 4487 βούλεται,
1947 4411 2036 4466 καὶ

362 4495 437 4551 τε
463 4495 810 4574 συμφέροντα
863 4503 1020 4569 ζητεῖ
1072 4505 1173 4570 τῆς
1224 4503 1430 4576 ψυχῆς.
1494 4500 1633 4577 Ἐγὼ
1691 4497 1748 4556 δὲ
1801 4501 1885 4556 ’ὁτι
1940 4501 2038 4564 τὰς

365 4591 475 4654 τῆς
539 4586 739 4662 σαρκὸς
793 4587 1083 4661 ἐπιθυμίας
1143 4585 1351 4660 διώκω,
1412 4591 1670 4666 σαρκικός
1728 4589 1863 4664 εἷ’μι.
1925 4589 2040 4649 Οὐκ

365 4677 494 4730 εἷπε
525 4671 608 4746 δὲ,
637 4677 823 4750 Ὑμεῖς
855 4677 909 4731 οἱ
951 4682 1032 4750 τῷ
1078 4677 1235 4752 νόμῳ
1292 4680 1577 4756 χρώμενοι
1628 4679 1717 4736 καὶ
1767 4675 2036 4756 παραϐαίο

368 4783 584 4827 νοντεςε
609 4763 705 4820 ’ἱνα
734 4768 810 4838 μή
838 4768 1045 4842 τραχὺν
1105 4767 1194 4823 καὶ
1234 4767 1448 4845 ἐπαχθῆ
1501 4770 1593 4825 τὸν
1649 4769 1816 4846 λόγον
1866 4771 2034 4841 ποιή-
2073 4779 2115 4844 D

372 4875 469 4929 σῃ,
513 4854 646 4910 ἀλλ’
681 4879 708 4908 ιι
740 4856 904 4932 Ἐγὼ,
939 4881 966 4909 η
1000 4857 1134 4934 φησί
1163 4858 1230 4914 τὰ
1260 4857 1476 4915 ἐκείνων
1529 4859 1608 4938 ἐφ’
1655 4859 1848 4916 ἑαυτοῦ
1902 4881 2040 4937 σχη-

378 4945 655 5020 ματίζων,
688 4945 776 5000 καὶ
810 4946 1006 5024 ἐφεκῆς
1040 4946 1096 5003 δὲ
1136 4949 1310 5013 οὓτως
1367 4953 1535 5019 ποιεῖ,
1592 4950 1655 5005 τὸ
1710 4951 1888 5027 τραχῦ
1946 4950 2038 5006 καὶ

379 5033 626 5114 σῩοδρὸν
659 5032 888 5100 ἐκλύων,
921 5036 1010 5091 καὶ
1043 5037 1271 5092 λεαίνων
1301 5042 1370 5113 τῇ
1399 5038 1520 5109 περὶ
1571 5039 1758 5096 ἑαυτὸν
1814 5061 1922 5119 σχη
1937 5062 2041 5114 μα-

378 5122 644 5200 τολογίᾳ.
682 5151 708 5177 ιι
744 5125 1010 5197 Σαρκικὸς
1060 5126 1261 5200 εἶμι.»
1318 5128 1490 5188 Αὐτὸς
1549 5131 1577 5184 6
1634 5128 1921 5203 ἄνθρῶπος
1979 5130 2041 5185 ού

377 5216 516 5268 καθὸ
550 5211 698 5269 ἐστιν
732 5212 1041 5292 ἄνθρωπος,
1081 5214 1228 5274 ἀλλᾶ
1259 5218 1390 5272 καθὸ
1423 5216 1595 5280 οὕτως
1643 5219 1864 5281 ἑαυτοὺς

380 5325 503 5377 μεν,
538 5304 671 5358 Ὑπὸ
725 5304 824 5372 τ’),ν
887 5305 1197 5378 ἐπιθυμίαν,
1258 5307 1414 5381 φησὶ,
1466 5307 1713 5381 κείμενος
1770 5315 1870 5378 τῆς
1921 5329 2046 5385 σαρ-

371 5393 498 5458 κὸς,
532 5393 623 5448 καὶ
659 5390 929 5448 ἐπιτελῶν
957 5394 1024 5449 τὰ
1067 5395 1356 5468 ἀρέσκοντα
1405 5399 1503 5451 τοῦ
1549 5397 1822 5470 σώματος.
1879 5421 1907 5449 ιι
1944 5403 2041 5453 Πε-

373 5483 658 5556 πραμένος
711 5483 816 5540 ὑπὸ
871 5485 974 5553 τὴν
1037 5484 1327 5560 ἁμαρτίαν.
1359 5509 1388 5538 ››
1452 5487 1598 5544 Μετὰ
1648 5507 1753 5566 γαρ
1807 5491 1902 5543 τοῦ
1947 5488 2042 5543 Θα-

359 5573 555 5642 νάτου,
605 5573 769 5649 φησῖ,
825 5573 914 5628 καὶ
974 5574 1002 5629 ὁ
1057 5577 1164 5630 τῶν
1225 5579 1409 5640 παθῶν
1471 5576 1798 5645 ὑπεισῆλθεν
1857 5575 2041 5650 ἐσμός.

358 5664 494 5720 οἷον
543 5663 712 5740 ὀργή,
775 5661 954 5735 λύπη,
1011 5661 1275 5739 ἐπιθυμία
1331 5667 1497 5739 κακή.
1560 5667 1822 5739 Τούτοις,
1884 5667 2040 5745 φησί,

365 5749 816 5829 παραδεδομένος
843 5753 1026 5829 ἤμην.
1056 5759 1231 5813 Τοῦτο
1259 5755 1364 5836 γὰρ
1393 5756 1479 5827 τὸ,
1529 5781 1558 5811 ιι
1592 5755 1980 5834 Πεπραμὲνος.
2016 5782 2045 5813 ››

700 5887 986 5951 Puni.
1038 5885 1148 5949 Gn.
1196 5886 1465 5953 οχνιιι.

2139 3530 2224 3569 me
2245 3519 2558 3586 peccatum.

2212 3691 2706 3764 Quandoquidem
2737 3693 2886 3748 dixit
2917 3692 3104 3765 legem
3131 3709 3368 3749 causam
3393 3709 3522 3749 esse
3545 3693 3795 3765 peccati,

2143 3798 2485 3854 quanquam
2520 3799 2639 3837 non
2672 3783 2743 3837 ab
2778 3782 2937 3837 illius
2969 3789 3201 3849 natura,
3235 3799 3309 3838 ne
3343 3798 3472 3837 eam
3497 3781 3796 3838 arbitren-

2142 3878 2239 3928 tur
2259 3872 2420 3943 loqui
2445 3878 2653 3927 contra
2675 3872 2884 3945 legem.
2911 3889 3031 3926 non
3055 3871 3248 3927 solum
3275 3887 3403 3926 eam
3422 3871 3800 3929 accusatione

2143 3961 2375 4027 liberat,
2411 3962 2514 4018 sed
2545 3968 2601 4017 et
2635 3961 2834 4017 laudat
2857 3961 3039 4016 illam.
3070 3964 3321 4016 Accusat
3349 3967 3546 4016 aufem
3572 3977 3674 4016 eos
3697 3963 3800 4032 qui

2143 4069 2264 4108 non
2297 4052 2770 4107 observaverunt.
2808 4052 2940 4116 Lex,
2972 4051 3188 4122 inquit.
3216 4050 3450 4106 virtutis
3474 4058 3804 4122 prazceptor

2144 4147 2252 4199 est.
2289 4141 2476 4196 hostis
2509 4148 2904 4212 peccatorum.
2942 4163 2967 4190 ‹‹
2997 4140 3333 4210 Spiritualis
3357 4145 3464 4195 est.
3493 4164 3519 4189 ››
3546 4141 3800 4208 Donum,

2145 4232 2359 4304 inquit.
2394 4233 2582 4288 sancti
2613 4232 2864 4304 Spiritus
2909 4248 2975 4286 ac
3023 4231 3202 4287 veluti
3252 4231 3627 4286 contestatio.
3685 4234 3804 4288 Aut

2146 4322 2473 4394 spiritualis
2496 4329 2605 4388 est,
2639 4322 2778 4394 quia
2805 4321 2928 4378 vult
2958 4337 3027 4377 ea
3059 4339 3190 4392 quas
3233 4327 3373 4376 sunt
3419 4321 3688 4392 spiritus.
3746 4327 3804 4377 et

2146 4413 2251 4469 illa
2280 4415 2495 4485 quaerit
2525 4429 2656 4484 qum
2689 4412 2904 4468 animm
2939 4411 3299 4468 conducunt.
3333 4413 3449 4484 Ego
3481 4428 3640 4479 vero,
3664 4411 3805 4482 quia

2146 4503 2345 4560 carnis
2373 4503 2894 4575 concupiscentias
2957 4518 3305 4574 persequor,
3357 4501 3616 4558 carnalis
3648 4516 3803 4558 sum.

2147 4596 2273 4649 Non
2305 4593 2452 4649 dixit
2482 4598 2678 4648 autem
2707 4609 2719 4646 :
2753 4594 2868 4648 Vos
2899 4591 2998 4663 qui
3032 4592 3224 4663 legem
3258 4591 3480 4646 utendo
3503 4597 3803 4664 transgre-

2149 4683 2398 4751 dimini;
2435 4700 2510 4739 ne
2538 4699 2772 4757 gravem
2804 4682 3083 4738 redderet
3114 4697 3453 4737 sermonem
3507 4687 3568 4736 et
3608 4681 3808 4736 mole-

2146 4779 2326 4839 stum,
2362 4772 2486 4841 sed,
2523 4795 2550 4822 (ι
2582 4774 2722 4845 Ego,
2758 4794 2785 4821 »
2819 4771 3052 4842 inquit;
3088 4787 3218 4841 quae
3250 4769 3491 4825 illorum
3524 4777 3694 4826 erant
3741 4771 3802 4826 in

2149 4864 2344 4935 seipso
2377 4862 2658 4934 ﬁgurans.
2695 4862 2780 4916 Ita
2810 4868 3005 4916 autem
3044 4865 3102 4915 et
3131 4860 3190 4913 in
3225 4858 3614 4930 sequentibus
3643 4859 3806 4929 facit,

2151 4953 2531 5026 asperitatem
2565 4958 2623 5008 et
2663 4951 3096 5006 vehementiam
3149 4948 3388 5005 diluens
3435 4965 3504 5004 ac
3553 4949 3808 5020 leniens,

2155 5043 2575 5100 transformato
2600 5041 2659 5096 in
2684 5041 2947 5113 seipsum
2977 5055 3275 5095 sermone.
3297 5065 3318 5085 ιι
3342 5039 3811 5096 Carnalissum.»

2153 5135 2278 5190 Non
2312 5134 2435 5204 ipse
2471 5134 2646 5187 homo
2681 5129 3008 5187 secundum
3036 5128 3192 5201 quod
3227 5129 3403 5182 homo
3435 5136 3547 5186 est.
3602 5147 3810 5187 secun-

2156 5222 2296 5280 dum
2331 5222 2487 5294 quod
2520 5239 2627 5276 nos
2660 5220 2818 5292 ipsos
2847 5220 2930 5274 ita
2978 5218 3255 5274 duximus
3299 5233 3313 5271 :
3365 5217 3482 5273 Sub
3531 5221 3818 5293 concupi-

2154 5311 2402 5378 scentia,
2434 5310 2651 5380 inquit.
2670 5309 2880 5376 jacens
2903 5306 3120 5370 carnis,
3156 5321 3408 5376 qumque
3431 5309 3663 5378 corpori
3687 5309 3818 5380 pla-

2157 5401 2352 5458 centia
2382 5406 2523 5455 sunt
2553 5398 2890 5470 perficiens.
2929 5419 2952 5448 ιι
3006 5393 3389 5451 Venundatus
3449 5394 3557 5450 sub
3609 5414 3815 5468 pecca-

2157 5496 2300 5548 tum.
2325 5512 2344 5539 ι
2375 5489 2562 5543 Simul
2587 5489 2746 5543 enim
2771 5502 2905 5542 cum
2929 5491 3118 5542 morte
3141 5500 3282 5557 grex
3305 5484 3482 5540 etiam
3497 5488 3816 5542 affectuum

2158 5579 2540 5638 suliintravit:
2567 5584 2710 5651 puta
2727 5575 3104 5643 ira,lristitia,
3121 5574 3607 5645 concupiscentia
3628 5575 3812 5644 mala;

2157 5672 2272 5739 his,
2305 5671 2519 5743 inquit,
2555 5667 2807 5726 traditus
2838 5668 3091 5725 fueram.
3145 5665 3291 5720 Nam
3343 5663 3455 5720 hoc
3503 5664 3816 5737 signiﬁcat,

2165 5785 2186 5812 ι
2223 5759 2633 5818 Venundatus.
2666 5786 2694 5810 η
2727 5759 2978 5815 Fueram
3004 5759 3204 5812 autem
3229 5751 3484 5812 traditus
3504 5751 3814 5811 aﬂ‘ectibus

3463 5884 3538 5944 15
