4114 6384
386 392 505 457 461

1495 387 1892 451 COMMENT.
1941 387 2027 449 IN
2078 387 2328 449 EPIST.
2374 389 2477 450 AD
2530 387 2710 450 ROM.

3698 388 3819 456 403

380 528 550 580 τοῦτο
581 518 705 579 οὐδὲ
735 519 867 578 οῖδα
893 522 948 578 τί
976 521 1404 598 κατεργάζομαι.
1451 542 1473 570 ι
1507 520 1587 578 Οὐ
1618 520 1724 596 γὰρ
1756 520 1786 575 ὅ
1816 517 1980 576 θὲλω.
2017 542 2044 571 »δ

2188 521 2298 577 ιονὶ
2333 521 2478 593 quid
2525 537 2756 594 operer.
2791 542 2820 571 «ι
2853 523 2980 577 Non
3032 521 3192 578 enim
3242 521 3402 594 quod
3438 523 3590 586 volo,
3635 530 3746 580 etc.
3785 547 3812 575 υ

385 614 469 673 Uti
498 618 657 669 τοῦτο
687 609 862 688 λέγει,
896 613 981 669 ὅτι
1015 611 1265 682 Βιὰζεταί
1325 632 1393 685 με
1447 612 1536 666 καῖ
1579 608 1777 666 ἄκοντα
1807 613 1840 679 ἠ
1873 609 2052 684 ἁμαρ-

383 705 498 762 τία·
530 701 676 760 ἁλλᾶ
695 702 759 758 τὸ
799 701 1085 773 ἀπατηλὸν
1129 702 1294 771 αὐτῆς
1324 699 1492 772 δεῖξαι
1549 700 1718 769 θὲλει,
1753 701 1842 754 καὶ
1901 699 2052 760 ὅπως

387 791 454 849 ἐκ
505 789 601 848 τοῦ
665 788 1124 867 καταγλυκαῖυειν
1207 791 1307 859 τὴν
1395 788 1644 861 αἴσθησιν
1702 787 2053 864 συναρπάζει,

386 883 478 939 ὅτι
511 879 792 944 Πολλάκις
825 881 889 937 οὗ
936 879 1334 956 καταγινώσκω
1395 879 1720 955 πράγματος⁵
1772 877 1862 933 καὶ
1894 877 1922 933 ὃ
1957 899 2052 950 μι-

386 971 604 1040 σῶ,εἰς
633 975 796 1028 τοῦτο
856 971 1294 1044 συναρπάζομαι,
1354 995 1381 1021 ‹‹
1444 969 1509 1026 Εἴ
1566 966 1622 1024 δὲ
1687 969 1716 1023 ’ὁ
1776 967 1838 1022 οὗ
1907 963 2052 1022 θέλω

380 1067 554 1116 τοῦτο
585 1064 751 1130 ποιῶ,
786 1059 1046 1139 σῦμφημι
1075 1064 1156 1132 τῷ
1185 1060 1342 1132 νόμῳ
1400 1057 1484 1114 ὅτι
1529 1057 1722 1118 καλός.
1759 1082 1786 1109 ››
1819 1057 1899 1115 Οὐ
1949 1078 2050 1131 μι-

378 1151 518 1225 κρὸν
549 1148 823 1226 ἐγκώμιον
882 1153 983 1205 τοῦ
1038 1148 1214 1222 νόμου
1272 1147 1439 1223 λέγει.
1487 1147 1630 1205 Αὐτὸ
1689 1147 1792 1225 γὰρ
1845 1146 1909 1201 τὸ
1973 1147 2050 1220 μὴ

386 1237 574 1305 θὲλειν
623 1240 723 1307 τήν
781 1239 1074 1315 ἁμαρτίαν,
1131 1239 1278 1311 παρὰ
1335 1241 1434 1308 τῆς
1485 1234 1722 1313 διδαχῆς
1780 1232 1898 1313 ἔχω
1953 1239 2054 1292 τοῦ

380 1331 592 1402 νόμου.
629 1333 753 1391 Πῶς
785 1329 873 1384 οὖν
906 1327 1084 1390 αἲτιος
1117 1329 1144 1384 ὁ
1177 1325 1531 1396 διδάσκαλος,
1571 1325 1738 1404 ἤγουν
1773 1327 1801 1382 ὁ
1834 1324 2052 1396 διδαξας

383 1420 451 1476 τὸ
483 1417 658 1474 καλόν
693 1437 708 1488 ς
741 1417 930 1480 Αἶτιος
964 1415 1022 1473 δὶ
1052 1420 1080 1473 ὁ
1107 1416 1280 1479 οὕτως
1313 1421 1518 1492 χαῦνος
1546 1417 1620 1479 ὡς
1651 1413 1741 1471 διὰ
1779 1417 1842 1472 τὸ
1883 1415 2055 1492 πρόσ-

382 1529 582 1584 καιρον
651 1505 749 1578 ἡδὺ
807 1514 908 1578 τῆς
966 1507 1237 1581 ἁμαρτίας
1299 1505 1477 1562 ἐκεῖνα
1525 1507 1800 1582 πράττων,
1857 1503 2055 1560 ὤνκαὶ

393 1598 560 1660 αὐτός
616 1596 726 1654 ἐστι
783 1599 1116 1672 κατήγορος,
1177 1597 1266 1652 καὶ
1315 1595 1443 1671 πρὶν
1496 1597 1716 1672 πράξειν
1767 1593 1856 1650 καὶ
1921 1595 2056 1670 μετὰ

395 1692 466 1746 τὸ
500 1693 710 1766 πρᾶξαι.
777 1687 994 1748 «Ἀλλ’
1052 1691 1087 1760 ἡ
1149 1689 1372 1745 οἰκοῦσα
1431 1688 1482 1745 ἐν
1549 1688 1674 1763 ἐμοὶ
1734 1687 1992 1762 ἁμαρτία.
2028 1710 2052 1742 ε

411 1780 518 1836 Καὶ
575 1784 688 1843 πῶς
722 1781 756 1848 ἠ
814 1777 1052 1854 ἁμαρτία
1102 1777 1488 1854 κατεργάζεται
1573 1773 1756 1845 αὐτό;
1813 1775 1891 1833 Τὸ
1950 1773 2056 1846 ἡδὺ

425 1889 546 1940 μοι,
578 1869 683 1938 qui,
746 1873 846 1924 τοῦ
906 1868 1229 1943 πράγματος
1279 1861 1683 1937 προϐάλλεται,
1737 1864 1826 1920 καὶ
1885 1863 2058 1928 οὕτως

408 1956 639 2028 ἐξαπατᾷ
679 1979 767 2032 με,
827 1959 904 2033 μὴ
965 1956 1218 2033 ἐμμένειν
1277 1956 1363 2018 οἷς
1417 1953 1641 2033 κέκρικα
1707 1953 1801 2012 καὶ
1861 1949 2061 2030 βεϐού-

403 2044 632 2122 λευμαι.

1029 2137 1296 2194 ΚΕΦΑΛ.
1331 2135 1434 2192 IA‘.

393 2226 535 2303 Περὶ
564 2230 675 2281 τῶν
709 2226 762 2282 ἓν
794 2224 1106 2300 ἀνθρωπίνῃ
1163 2223 1317 2300 φύσει
1370 2227 1578 2296 παθῶν,
1634 2220 1902 2280 ἀδύνατον
1934 2244 2062 2279 ποι-

691 2315 896 2371 οὗντων
929 2315 1030 2386 τὴν
1059 2316 1196 2390 πρὸς
1229 2313 1394 2389 νόμον
1428 2313 1773 2388 συμφωνίαν.

475 2402 617 2461 Οἶδα
697 2406 800 2480 γὰρ
861 2403 943 2460 ὅτι
1002 2403 1102 2460 οὐκ
1157 2402 1300 2460 οἷ’κεῖ
1353 2401 1407 2458 ἐν
1466 2403 1615 2476 ἐμοὶ,
1671 2400 1948 2459 τουτέστιν
2009 2401 2061 2457 ὲν

392 2501 470 2572 τῇ
529 2517 690 2573 σκρκι
752 2517 880 2570 μου,
940 2495 1155 2571 ἀγαθόν,
1216 2495 1287 2550 Τὸ
1333 2494 1440 2572 γὰρ
1502 2491 1680 2549 θέλειν
1741 2491 2064 2568 παράκειταί

400 2609 526 2660 μοι,
556 2587 622 2642 τὸ
682 2581 740 2642 δὲ
797 2583 1219 2664 κατεργὲἒζεσθαι
1273 2585 1337 2641 τὸ
1393 2581 1583 2653 καλὸν,
1643 2583 1754 2659 οὐχ
1810 2581 2064 2659 εὑρίσκω.

402 2677 484 2736 05
517 2676 622 2752 γὰρ
655 2678 685 2732 8
717 2676 884 2742 οέλω,
938 2679 1082 2732 ποιῶ
1139 2676 1360 2750 ἀγαθὸν,
1415 2673 1542 2731 ἀλλ’
1598 2675 1628 2730 ’ὁ
1671 2673 1734 2728 οὐ
1767 2672 1911 2738 θέλω
1964 2692 2066 2728 κα·

397 2767 527 2834 κὸν,
581 2770 746 2823 τοῦτο
809 2764 1048 2841 πράσσω.
1103 2764 1168 2822 Εἰ
1226 2762 1283 2818 δὲ
1333 2763 1363 2820 ’ὀ
1413 2764 1478 2819 οὐ
1539 2762 1684 2829 θέλω
1739 2761 1852 2840 ἐγὼ
1905 2766 2066 2819 τοῦτο

400 2860 579 2923 ποιῶ,
642 2855 743 2910 οὐκ
797 2850 878 2910 ἔτι
965 2854 1075 2928 ἐγὼ
1132 2851 1535 2929 κατεργάζομαι
1633 2852 1786 2922 αὐτὸ,
1846 2851 1974 2908 ἀλλ’
2030 2854 2065 2922 ἡ

399 2945 640 3002 οἰκοῦσα
669 2941 721 3000 ἐν
757 2943 882 3019 ἐμοὶ
912 2943 1167 3019 ἁμαρτία.

469 3035 546 3089 Τὸ
596 3033 942 3104 αὐτεξούσιον
1004 3031 1148 3098 θέλει
1206 3030 1395 3103 δεῖξαι,
1456 3033 1546 3087 καὶ
1600 3031 1684 3087 ὅτι
1717 3029 2067 3105 ὁᾶνθρωπος

397 3125 598 3200 κῦριος
659 3130 759 3192 τῆς
810 3122 892 3178 ἐπ’
947 3121 1115 3200 ἄμφω
1199 3127 1296 3177 τοῦ
1373 3143 1433 3177 τε
1487 3122 1696 3197 ἁγαθοῦ
1751 3120 1842 3175 καὶ
1899 3123 2068 3175 κοικοῦ

396 3217 606 3290 ῥοπῆς.
641 3213 818 3284 Φησῖν
852 3212 970 3267 οὖν·
1015 3211 1128 3270 Οὐκ
1156 3211 1296 3268 οἶκεῖ
1324 3211 1374 3266 ἐν
1435 3211 1557 3284 ἐμοὶ
1591 3212 1654 3268 τὸ
1712 3211 1913 3287 ἀγαθὸν
1968 3209 2067 3264 οὐκ

398 3299 947 3378 ἀποκεκληρίυμένον
1005 3302 1095 3356 καὶ
1144 3301 1352 3376 ἀνάγκῃ
1433 3299 1541 3356 τινὶ
1593 3299 1904 3377 παραμένον
1968 3320 2061 3375 μοι

404 3385 531 3466 ἔχω
586 3390 652 3445 τὸ
709 3391 968 3464 πράττειν
1044 3391 1112 3445 τὰ
1166 3388 1357 3464 ἀγαθὰ,
1417 3385 1556 3444 ὥστε
1612 3389 1704 3445 καὶ
1763 3389 1899 3464 πρὸς
1954 3388 2076 3463 βίαν

399 3478 669 3558 ἀῨέλκεν
706 3499 774 3552 με
829 3484 934 3534 τῶν
988 3483 1187 3535 κακῶν.
1247 3481 1422 3536 Τοῦτο
1479 3480 1580 3556 γὰρ
1652 3477 1893 3548 οῗκησις,
1933 3480 1967 3546 ἡ
2003 3475 2079 3540 εἷς

410 3569 497 3626 ἀεὶ
559 3568 823 3642 διαμονή,
882 3569 970 3624 καὶ
1029 3568 1144 3624 οἷον
1205 3565 1498 3642 ἐγκάθισις.
1550 3593 1576 3620 ιι
1637 3571 1704 3625 Εν
1756 3571 1826 3641 τῇ
1885 3565 2073 3639 σαρκί-

423 3678 559 3731 μου,
590 3683 612 3710 ι
648 3659 760 3727 Τὴν
793 3657 902 3714 ἀπὸ
931 3664 1034 3728 τῆς
1100 3651 1460 3733 παραϐάσεως
1516 3657 1934 3712 εἰσοικισθεῖσαν
1988 3653 2077 3711 λέ-

433 3765 521 3824 γει
553 3743 731 3808 Οὕτως
759 3748 787 3802 ὁ
818 3745 870 3803 ἐν
900 3747 1080 3824 ἁγίοις
1115 3745 1407 3816 Μεοὸδιος,
1440 3743 1493 3802 ἐν
1531 3751 1612 3820 τῷ
1671 3745 1799 3819 Περὶ
1849 3744 2079 3800 ἀναστά-

434 3856 576 3897 σεως
606 3832 771 3913 λόγῳ.
808 3863 836 3890 ι(
877 3837 948 3892 Τὸ
1003 3837 1104 3913 γὰρ
1165 3834 1340 3894 θέλειν
1399 3835 1721 3911 παράκειταί
1783 3854 1900 3910 μοι.
1936 3859 1962 3884 ››
2007 3836 2082 3890 Τὸ

429 3927 630 3994 θέλειν,
665 3928 824 4006 φησὶν
879 3923 993 3983 ἔστι
1056 3947 1173 4001 μοι,
1207 3924 1267 3982 οὗ
1325 3930 1498 3983 ποιῶν
1555 3924 1634 3996 δὶ,
1684 3922 1774 3980 διὰ
1829 3925 1927 3994 τήν
1981 3931 2082 3994 τῆς

423 4020 697 4094 ἁμαρτίας
754 4020 1106 4096 συναρπαγήν
1143 4063 1156 4076 .
1245 4018 1342 4076 Καὶ
1424 4019 1527 4096 γὰρ
1600 4038 1667 4092 με
1733 4023 2082 4094 συναρπαζει,

416 4110 504 4187 ἐφ’
536 4109 584 4180 ᾧ
617 4109 696 4178 μή
737 4111 934 4185 πρᾶξαι
991 4109 1059 4163 τὰ
1113 4108 1242 4182 παρ’
1302 4107 1443 4182 ἐμοῦ
1503 4107 1892 4183 ἐπαινούμενα,
1938 4105 2086 4163 ἀλλᾶ

413 4200 486 4254 τὰ
517 4197 823 4275 ψεγόμενα.
857 4222 885 4251 ιι
909 4196 982 4252 Οὐ
1005 4196 1110 4274 γὰρ
1132 4197 1160 4252 ’ὁ
1186 4195 1331 4252 θέλω
1358 4200 1502 4252 ποιῶ
1525 4196 1748 4274 ἀγαθὸν.
1784 4221 1809 4248 ››
1837 4205 2085 4253 Δεικνυσι

413 4287 697 4358 τοσαύτην
727 4288 826 4356 τήν
859 4286 1073 4358 ἀπάτην
1106 4293 1207 4356 τῆς
1240 4284 1514 4363 ἁμαρτίας
1581 4286 1672 4342 καὶ
1726 4287 1826 4356 τὴν
1888 4286 2084 4354 πειθὼ,

413 4381 532 4447 ὅτι,
575 4377 694 4449 ησῖ,
753 4375 974 4448 Σπουδή
1013 4398 1110 4450 μοι
1143 4376 1337 4452 πρᾶξαι
1380 4377 1442 4430 τὸ
1471 4375 1693 4454 ἀγαθὸν,
1730 4376 1819 4431 καὶ
1873 4373 2084 4448 σπουδή

423 4489 525 4541 μοι
564 4468 643 4540 μή
678 4467 872 4541 πρᾶξαί
910 4487 963 4522 τι
987 4468 1177 4532 κακὸν,
1210 4465 1298 4521 καὶ
1326 4466 1481 4540 ’ὀμως
1513 4460 1718 4521 ἔπεισιν
1751 4466 1786 4535 ἠ
1828 4464 2089 4538 ἐπιθυμία

415 4554 928 4637 αἶχμιλωτίζουσά
987 4576 1054 4629 με
1112 4556 1204 4612 καὶ
1260 4557 1522 4612 πείθουσα
1577 4558 1686 4611 τῶν
1743 4550 2086 4630 δεδογμένων

2163 613 2289 667 Non
2321 612 2431 668 hoc
2463 611 2645 667 dicit:
2672 613 2757 667 Me
2785 611 2963 667 etiam
3001 611 3250 667 invitum
3284 612 3441 686 cogit
3470 620 3822 685 peccatum:

2163 701 2266 757 sed
2299 703 2427 773 ejus
2460 701 2872 774 deceptionem
2903 701 3027 759 vult
3059 700 3395 769 ostendere,
3430 707 3489 758 et
3519 702 3820 774 quomodo

2163 805 2272 846 sua
2305 789 2622 848 dulcedine
2654 807 2897 848 sensum
2947 791 3250 863 corripiat,
3295 807 3433 848 nam
3477 791 3825 864 frequenter

2164 878 2322 951 quod
2351 885 2411 936 et
2440 880 2660 937 damno
2705 887 2764 937 et
2805 879 2924 950 odi,
2960 881 3023 936 in
3053 881 3166 936 hoc
3197 880 3487 953 corripior
3518 895 3532 935 :
3573 901 3592 927 ε
3627 881 3685 937 Si
3715 896 3824 938 au-

2166 974 2286 1024 tem
2319 969 2478 1042 quod
2500 987 2620 1026 non
2649 970 2777 1027 volo
2796 971 2908 1026 hoc
2939 970 3114 1038 facio,
3149 970 3462 1026 consentio
3494 969 3609 1044 legi
3661 970 3825 1042 quod

2163 1058 2322 1115 bona
2369 1060 2463 1115 sit.
2508 1083 2536 1111 »
2580 1063 2706 1117 Non
2748 1076 2991 1132 parvum
3041 1060 3224 1116 refert
3274 1060 3422 1133 legis
3453 1061 3822 1118 encomium.

2166 1149 2309 1204 Nam
2371 1149 2567 1221 ipsum
2620 1167 2742 1205 non
2793 1149 2940 1206 velle
2991 1157 3321 1222 peccatum,
3356 1149 3570 1220 inquit,
3617 1148 3826 1222 alegis

2165 1237 2436 1294 doctrina
2463 1239 2690 1306 habeo;
2724 1239 3024 1312 quomodo
3054 1255 3190 1312 ergo
3230 1255 3410 1295 causa
3467 1243 3627 1295 esset
3673 1255 3830 1312 prae-

2167 1329 2501 1400 ceptor,qui
2529 1327 2802 1385 videlicet
2819 1328 2981 1401 quod
3004 1329 3226 1385 bonum
3255 1335 3346 1384 est
3367 1327 3620 1384 docuit?
3641 1329 3833 1385 Causa

2166 1423 2368 1473 autem
2400 1425 2490 1474 est
2520 1420 2570 1473 is
2589 1419 2690 1491 qui
2712 1418 2860 1475 adeo
2885 1418 3084 1474 mollis
3111 1425 3222 1485 est,
3246 1425 3312 1475 ut
3335 1418 3408 1474 ob
3434 1420 3828 1490 temporalem

2166 1508 2391 1578 peccati
2437 1507 2901 1565 delectationem
2949 1507 3292 1582 hujusmodi
3337 1507 3533 1571 faciat,
3570 1522 3826 1579 quorum

2167 1595 2295 1653 idse
2337 1597 2516 1654 etiam
2556 1606 2867 1656 accusator
2896 1605 3006 1665 est,
3036 1605 3094 1655 et
3138 1598 3489 1670 priusquam
3543 1603 3742 1670 ageret
3768 1602 3830 1653 et

2167 1691 2487 1756 postquam
2518 1687 2763 1760 peregit.
2804 1710 2824 1736 ι
2863 1685 2974 1742 Sed
3011 1686 3170 1758 quod
3201 1686 3428 1742 habitat
3455 1686 3517 1742 in
3548 1701 3644 1742 me
3684 1703 3826 1759 pec-

2168 1784 2386 1835 catum.
2421 1803 2447 1829 ››
2479 1782 2550 1836 Et
2600 1780 2898 1853 quomodo
2948 1787 3256 1853 peccatum
3305 1787 3587 1853 operatur
3615 1779 3824 1837 illud?

2092 1899 2140 1966 Β
2172 1873 2275 1928 Rei
2308 1872 2688 1930 dulecdinem
2712 1874 2860 1929 mihi
2883 1874 3108 1946 objicit,
3142 1881 3318 1946 atque
3343 1874 3424 1932 ita
3452 1891 3548 1931 me
3579 1873 3824 1948 decipit,

2169 1977 2246 2018 ne
2276 1963 2339 2019 in
2361 1963 2454 2020 his
2484 1980 2859 2036 perseverem
2891 1981 3022 2036 quae
3049 1965 3304 2035 judicavi
3338 1980 3405 2022 ac
3431 1964 3646 2038 optavi.

2817 2160 3050 2217 CAPUT
3087 2161 3182 2218 ΧῙ.

2171 2248 2251 2302 De
2297 2247 2603 2320 aﬂ’ectibus
2636 2247 2894 2303 humana:
2959 2255 3198 2316 natu-r2,
3246 2263 3376 2320 quae
3428 2248 3827 2320 impossibilem

2466 2319 2707 2375 reddunt
2765 2322 3214 2388 conformitatem
3245 2319 3318 2376 ad
3347 2321 3536 2392 legem.

2251 2409 2363 2475 VII,
2402 2408 2599 2464 18-20.
2633 2411 2771 2465 Novi
2819 2412 2965 2466 enim
3007 2413 3154 2481 quod
3201 2427 3311 2466 non
3355 2411 3562 2465 habitet
3611 2413 3670 2466 in
3716 2426 3823 2482 me,

2175 2497 2276 2553 hoc
2307 2505 2380 2554 est
2411 2499 2472 2554 in
2502 2516 2669 2555 carne
2696 2516 2839 2568 mm,
2863 2501 3084 2555 bonum.
3110 2501 3250 2555 Nam
3269 2501 3405 2556 velle
3425 2500 3644 2571 adjacet
3663 2501 3828 2569 mihi,

2175 2594 2233 2644 at
2260 2594 2322 2642 ut
2364 2591 2577 2657 faciam
2631 2591 2830 2646 bonum
2876 2606 2988 2646 non
3036 2591 3275 2646 invenio.
3328 2591 3446 2646 Non
3494 2593 3640 2646 enim
3683 2589 3832 2661 quod

2175 2677 2298 2733 volo
2325 2679 2477 2747 facio
2509 2680 2726 2748 bonum,
2762 2679 2857 2734 sed
2885 2679 3033 2750 quod
3060 2695 3170 2734 non
3195 2680 3315 2735 volo
3345 2680 3553 2735 malum
3583 2678 3686 2735 hoc
3705 2692 3834 2750 ago,

2177 2767 2239 2823 Si
2269 2774 2453 2822 autem
2481 2771 2632 2840 quod
2669 2785 2781 2824 non
2801 2769 2925 2824 volo
2951 2769 3048 2824 hoc
3075 2771 3242 2838 facio,
3267 2769 3398 2839 jam
3428 2784 3542 2824 non
3570 2784 3668 2840 ego
3699 2782 3833 2840 Ope-

2176 2871 2273 2912 ror
2303 2856 2464 2925 illud,
2494 2859 2592 2913 sed
2620 2857 2768 2928 quod
2796 2858 3014 2914 habitat
3044 2860 3104 2914 in
3133 2875 3220 2913 me
3241 2864 3553 2929 peccatum.

2249 3035 2398 3092 295
2428 3035 2662 3092 Arbitrii
2687 3037 3024 3092 libertatem
3047 3036 3171 3092 vult
3193 3036 3534 3103 ostendere,
3551 3037 3831 3110 quodque

2178 3124 2355 3180 homo
2387 3125 2666 3182 dominus
2700 3127 2780 3182 sit
2809 3127 3093 3198 potentiae
3128 3126 3202 3182 ad
3236 3133 3561 3197 utrumque
3586 3138 3703 3182 tam
3733 3125 3836 3182 bo-

2179 3231 2322 3270 nurn
2356 3231 2536 3286 quam
2583 3216 2827 3272 malum.
2866 3217 2963 3271 Ait
3002 3231 3176 3288 ergo:
3211 3217 3337 3272 Non
3382 3215 3610 3271 habitat
3658 3217 3718 3271 in
3746 3232 3841 3273 me

2186 3302 2433 3369 bonum,
2475 3320 2594 3358 non
2647 3304 2791 3358 mihi
2835 3311 2994 3359 sorte
3050 3303 3277 3371 datum,
3336 3310 3439 3361 aut
3485 3305 3841 3361 necessitate

2185 3392 2443 3463 quadam
2475 3392 2633 3465 apud
2665 3409 2758 3450 me
2790 3409 3153 3466 permanens
3185 3393 3396 3460 habeo,
3427 3401 3495 3451 ut
3523 3393 3678 3451 bona
3709 3411 3846 3466 ope-

2185 3499 2300 3550 rer,
2341 3483 2510 3539 itaut
2539 3484 2723 3539 etiam
2755 3485 2807 3537 vi
2841 3484 3102 3555 quadam
3162 3484 3310 3540 illud
3343 3483 3718 3541 abstraheret
3749 3500 3844 3540 me

2185 3588 2220 3628 a
2251 3572 2444 3628 malis.
2481 3574 2625 3628 Nam
2659 3589 2727 3629 ea
2759 3573 2980 3631 dicitur
3022 3573 3330 3640 habitatio,
3364 3581 3650 3646 perpetua
3681 3573 3846 3632 vide-

2186 3662 2327 3719 licet
2349 3665 2762 3734 permanentia
2793 3681 2860 3720 ac
2902 3665 3080 3722 veluti
3130 3665 3481 3733 residentia,
3518 3688 3544 3713 ‹‹
3576 3666 3641 3719 In
3669 3680 3848 3722 carne

2189 3768 2341 3809 mea.
2384 3776 2408 3801 »
2441 3754 2582 3808 Eam
2616 3753 2766 3808 dicit
2795 3771 2926 3825 quae
2957 3771 2992 3809 a
3023 3755 3468 3828 trangressione
3514 3753 3851 3810 inhabitata

2190 3848 2293 3898 est.
2333 3843 2419 3896 Ita
2448 3841 2630 3898 habet
2657 3841 2826 3898 divus
2858 3842 3191 3901 Methodius
3223 3844 3284 3898 in
3317 3843 3522 3899 libello
3554 3841 3626 3897 de
3656 3857 3853 3899 resur-

2191 3932 2475 3987 rectione.
2511 3955 2538 3982 «
2575 3933 2719 3986 Nam
2741 3931 2890 3987 velle
2910 3931 3143 4003 adjacet
3174 3931 3342 3987 mihi.
3371 3955 3398 3982 ››
3437 3931 3850 4002 Velle,inquit,

2192 4027 2284 4078 est
2315 4021 2480 4086 mihi,
2516 4037 2635 4078 non
2668 4028 2867 4076 tamen
2899 4021 3050 4076 facio
3095 4027 3338 4093 propter
3387 4022 3615 4092 peccati
3647 4035 3850 4078 corre-

2193 4111 2458 4182 ptionem
2482 4125 2496 4176 ;
2522 4126 2615 4167 me
2640 4111 2801 4165 enim
2823 4110 3069 4183 corripit
3098 4127 3172 4166 ne
3206 4127 3274 4166 ea
3300 4110 3508 4168 faciam
3547 4127 3678 4181 quae
3699 4125 3846 4166 ame

2193 4199 2630 4267 collaudantur,
2665 4200 2769 4256 sed
2816 4217 2948 4272 quas
2999 4201 3426 4274 vituperantur.
3471 4220 3492 4249 ι
3525 4201 3652 4256 Non
3683 4200 3848 4256 enim

2195 4290 2353 4363 quod
2387 4289 2514 4346 volo
2537 4290 2687 4346 facio
2712 4289 2956 4348 bonum.
2980 4314 3007 4340 »
3032 4289 3546 4347 Ostendittantam
3571 4305 3700 4346 esse
3718 4303 3854 4361 pec-

2195 4381 2309 4437 cati
2371 4379 2783 4452 deceptionem
2815 4397 2883 4436 ac
2915 4379 3245 4449 suadelam,
3279 4388 3344 4438 ut
3383 4379 3646 4438 studium
3680 4377 3850 4445 mihi,

2198 4470 2411 4541 inquit,
2445 4469 2541 4534 sit,
2584 4476 2650 4524 ut
2669 4469 2884 4525 faciam
2918 4469 3163 4538 bonum,
3195 4476 3254 4526 et
3285 4470 3550 4526 studium
3580 4468 3725 4525 mihi
3754 4467 3852 4536 sit,

2199 4575 2274 4615 ne
2295 4575 2506 4631 cperer
2537 4559 2761 4615 malum
2788 4576 2801 4614 :
2844 4565 2902 4616 et
2935 4565 3134 4617 tamen
3165 4560 3393 4616 invadit
3449 4575 3543 4615 me
3575 4557 3857 4630 concupi-

422 4643 708 4723 ὑπεριδεῖν
755 4646 846 4702 καὶ
930 4642 1380 4720 ἐσπουδασμενων
1441 4645 1531 4700 καὶ
1588 4647 1657 4701 τὰ
1721 4643 1890 4714 αότῆς
1946 4649 2071 4719 πρᾶι

2198 4649 2445 4715 scentia,
2473 4664 2687 4719 meque
2707 4648 2872 4705 ducit
2892 4649 3214 4721 captivum,
3230 4649 3489 4706 suadens
3505 4653 3573 4704 ut
3592 4645 3664 4701 ad
3685 4661 3857 4702 man-

428 4738 542 4809 ξαι.
570 4761 600 4789 α
633 4733 777 4795 Λλλ¹
807 4737 835 4791 ὃ
875 4736 942 4792 οὐ
975 4735 1122 4802 Θέλω
1146 4735 1329 4793 κακόν.
1365 4759 1392 4789 ι»
1427 4731 1636 4811 Σχεδὸν
1669 4733 1772 4812 γὰρ
1801 4735 1889 4790 καὶ
1921 4729 2091 4790 ἀϐου-

426 4827 631 4899 λήτως
698 4827 832 4903 πρὸς
888 4827 952 4882 τὸ
1010 4827 1173 4882 κακὸν
1221 4824 1660 4900 συναρπάζομαι,
1713 4823 1788 4886 ὡς
1837 4823 1974 4879 εἶναι
2027 4824 2092 4878 τὸ

426 4922 536 4972 πᾶν
599 4919 707 4971 τῶν
781 4917 883 4986 τὴν
954 4915 1222 4992 ἁμαρτίαν
1310 4915 1712 4990 ὑποτιθεμένων
1792 4910 2090 4986 δαιμόνων.

431 5007 658 5080 Μικρᾶς
697 5005 802 5082 γὰρ
833 5004 1024 5081 χώρας
1080 4997 1475 5079 ἐπιλαϐόμενοι
1523 5003 1583 5059 ἐκ
1632 5005 1730 5073 τῆς
1783 5004 1944 5078 ἡμῶν
1997 5001 2092 5082 ρᾳ.

431 5095 682 5168 aspicite,
713 5095 776 5150 τὸ
807 5095 939 5149 ὅλον
993 5093 1398 5168 ἀνατρέπουσιν.
1464 5117 1492 5145 (ι
1524 5089 1679 5149 Ἀλλ’
1710 5094 1745 5162 ἡ
1783 5091 2007 5148 οἷ’κοῦσα
2037 5092 2092 5149 ἒν

435 5183 569 5257 ἐμοὶ
623 5183 881 5259 ἁμαρτία.
919 5207 944 5236 ι
1031 5182 1154 5239 Ἐπὶ
1218 5183 1312 5256 μὲν
1364 5184 1464 5237 τοῦ
1520 5181 1742 5255 ἀγαθοῦ,
1792 5181 1894 5238 οὐκ
1950 5181 2091 5238 εἶπεν

436 5273 677 5344 οἴκησιν,
711 5272 800 5330 ἐπὶ
833 5271 891 5328 δὲ
931 5274 1031 5341 τῆς
1096 5272 1361 5346 ἁμαρτίας
1413 5271 1552 5327 εἶπε.
1612 5270 1820 5326 Λοιπὸν
1879 5271 1983 5348 γὰρ
2041 5271 2101 5327 ἐκ

435 5367 539 5419 τοῦ
590 5363 672 5418 ἀεὶ
745 5360 1100 5437 ἁμαρτάνειν,
1191 5359 1269 5422 εἷς
1326 5357 1434 5431 ἕξιν
1493 5359 1616 5416 τινὰ
1670 5365 1773 5430 τῆς
1831 5359 2103 5437 ἁμαρτίας

434 5454 715 5529 ἤλθομεν,
749 5453 829 5510 Τὸ
859 5452 968 5527 γὰρ
991 5449 1126 5526 ἄγαν
1163 5447 1286 5515 ἔθος
1319 5447 1412 5505 ἴσα
1441 5448 1654 5529 φύσεως
1675 5451 1902 5526 γίνεται.

501 5633 782 5713 Eripiam;
813 5627 924 5708 ἄρα
986 5629 1078 5686 τὸν
1133 5629 1302 5705 νόμον
1340 5628 1421 5703 τῷ
1468 5625 1680 5687 θέλοντι
1737 5626 1862 5706 ἐμοὶ
1921 5636 2098 5688 ποιεῖν

429 5726 493 5784 τὸ
553 5721 751 5798 καλὸν,
801 5723 889 5782 ὅτι
953 5718 1080 5796 ipa?
1136 5719 1199 5776 τὸ
1254 5724 1414 5777 κακὸν
1493 5719 1836 5801 παράκειται.
1918 5724 2098 5797 Συνή-

2203 4737 2340 4794 data
2370 4744 2429 4793 et
2456 4752 2552 4793 res
2584 4736 2881 4793 studiosas
2899 4737 3273 4804 conniveam,
3298 4755 3365 4794 ac
3410 4753 3479 4794 ea
3509 4752 3640 4808 quin
3664 4735 3854 4807 ipsius

2203 4833 2344 4884 sunt
2371 4841 2602 4899 operer.
2636 4849 2662 4876 ‹‹
2684 4826 2797 4883 Sed
2819 4827 2979 4898 quod
3009 4843 3131 4884 non
3154 4827 3284 4884 volo
3315 4826 3562 4884 malum.
3597 4848 3624 4874 ››
3650 4826 3856 4883 Ferme

2202 4933 2337 4974 vero
2359 4917 2576 4974 invitus
2605 4915 2680 4973 ad
2715 4915 2935 4974 malum
2966 4917 3275 4990 corripior,
3297 4924 3362 4973 ut
3383 4917 3653 4973 sitomne
3674 4931 3858 4990 nego-

2203 5009 2353 5064 tium
2383 5005 2826 5064 adhortantium
2847 5006 2921 5063 ad
2942 5007 3162 5063 malum
3187 5006 3548 5065 dmmonum.
3577 5006 3668 5061 llli
3692 5022 3859 5063 nam-

2206 5113 2319 5170 que
2351 5113 2528 5170 parva
2544 5097 2854 5152 occasione
2873 5112 2943 5152 ex
2966 5103 3170 5151 nostra
3191 5096 3440 5169 segnitie
3461 5095 3857 5169 apprehensa,

2205 5194 2393 5244 totum
2425 5185 2793 5242 subvertant.
2828 5209 2854 5234 «
2891 5185 3002 5241 Sed
3035 5184 3193 5257 quod
3241 5185 3470 5240 habitat
3500 5186 3560 5240 in
3593 5201 3689 5240 me
3720 5200 3856 5256 pec-

2203 5283 2421 5334 catum.
2439 5299 2464 5324 ››
2482 5277 2548 5331 In
2570 5275 2725 5330 bono
2748 5274 2989 5346 quidem
3023 5291 3143 5330 non
3165 5274 3314 5331 dixit
3336 5274 3862 5340 habitationem,in

2197 5372 2441 5439 peccato
2468 5382 2602 5420 vero
2633 5365 2802 5420 dixit.
2838 5364 3146 5437 Siquidem
3174 5381 3243 5420 ex
3268 5365 3380 5422 hoc
3407 5365 3568 5436 quod
3581 5365 3864 5422 continue

2202 5471 2540 5529 peccamus,
2574 5455 2636 5510 in
2663 5455 2931 5512 habitum
2957 5454 3276 5526 quemdam
3301 5457 3527 5528 peccati
3551 5455 3867 5522 venimus;

2206 5545 2526 5602 vehemens
2541 5543 3075 5601 enimconsuetudo
3089 5545 3337 5616 aequalis
3349 5552 3577 5600 natura:
3591 5541 3871 5602 efﬁcitur.

2278 5635 2396 5702 VII,
2428 5635 2614 5690 21-23.
2645 5636 2873 5692 Invenio
2915 5637 3094 5706 igitur
3125 5635 3296 5705 legem
3341 5635 3550 5692 volenti
3597 5632 3735 5688 mihi
3777 5631 3871 5697 fa-

2203 5739 2323 5784 cere
2381 5723 2602 5793 bonum,
2653 5725 2805 5802 quod
2852 5723 2996 5781 mihi
3035 5721 3244 5780 malum
3288 5724 3564 5795 adjaccat.
3611 5716 3875 5776 Obtector
