4114 6394
329 420 459 492 463

1417 422 1833 491 (ECUMENII
1876 416 2187 483 TRICGE
2230 415 2613 481 EPISCOPI.

3639 414 3756 486 Idl

330 565 476 622 enim
506 563 621 631 lege
677 562 773 617 Dei
826 561 1125 618 secundum
1179 563 1464 619 internum
1520 562 1839 619 hominem:
1898 557 1980 614 sea'

2102 549 2268 630 δομαι
2306 552 2409 629 γὰρ
2463 557 2543 627 τῷ
2597 551 2752 627 νόμῳ
2807 555 2904 610 τοῦ
2963 556 3098 610 Θεοῦ
3150 552 3287 610 κατᾶ
3340 553 3433 610 τὸν
3493 540 3602 612 ἔσω
3660 557 3755 612 ἆν-

327 654 481 709 video
511 652 682 706 aliam
739 652 911 722 legem
955 655 1014 707 in
1071 653 1323 709 membris
1372 654 1523 721 meis,
1582 655 1985 723 repugnantem

328 742 436 811 legi
463 744 660 797 mentis
690 757 821 796 mea
857 758 869 795 :
903 748 956 796 et
983 741 1264 813 captivum
1293 760 1377 797 me
1405 744 1693 798 ducentem
1725 741 1841 810 lege
1868 754 1987 809 pec-

327 832 461 896 cati,
494 847 614 901 qua
646 836 723 886 est
753 833 813 885 in
838 832 1097 888 membris
1128 835 1278 888 meis.

400 1007 729 1065 Obscurum
754 1014 845 1065 est
891 1010 1049 1081 quod
1072 1011 1131 1066 in
1152 1010 1365 1066 litterm
1391 1014 1670 1066 contextu
1699 1006 1861 1064 dicit.
1884 1007 1984 1061 Est

327 1105 527 1154 autem
548 1099 909 1171 hujusmodi.
938 1099 1152 1157 Laudo.
1179 1100 1395 1171 inquit.
1427 1100 1616 1173 legem
1654 1098 1984 1155 secundum

328 1188 778 1247 conscientiam.
813 1195 870 1244 et
902 1190 1063 1245 illam
1099 1191 1338 1246 invenio
1386 1191 1572 1263 legem
1608 1206 1740 1262 qum
1771 1189 1982 1244 exhor-

326 1278 615 1333 tationem
643 1278 784 1333 mihi
816 1279 1076 1352 praebeat
1100 1279 1197 1334 ubi
1232 1280 1451 1337 bonum
1476 1297 1648 1353 agere
1680 1278 1982 1352 elegerim.

327 1366 477 1432 Quid
510 1368 689 1439 igitur
709 1368 846 1424 inde
877 1370 1312 1441 consequitur?
1338 1370 1575 1433 Malum,
1602 1370 1813 1440 inquit,
1848 1385 1986 1441 ope-

326 1474 445 1525 ror,
472 1458 611 1529 quia
652 1458 797 1514 mihi
832 1460 1051 1515 malum
1079 1460 1313 1533 adjacet
1340 1478 1353 1527 ;
1387 1460 1447 1516 id
1478 1467 1586 1528 est,
1618 1459 1853 1517 assidue
1886 1476 1982 1514 ur-

325 1552 439 1620 get.
477 1549 678 1619 Itaque
707 1565 902 1621 neque
931 1550 1077 1605 mihi
1107 1550 1331 1606 bonum
1358 1551 1590 1623 operari
1622 1549 1838 1606 volenti
1862 1550 1985 1605 suf—

327 1636 535 1692 ﬁciens
568 1643 659 1694 est
689 1637 783 1694 lex
814 1645 881 1695 ut
909 1640 1228 1696 auxilietur
1258 1658 1272 1708 ;
1308 1641 1457 1697 nihil
1487 1641 1643 1696 enim
1676 1640 1839 1697 aliud
1881 1656 1983 1711 po-

323 1730 440 1781 test
471 1725 565 1781 lex
596 1743 773 1799 quam
816 1727 1139 1786 adhortari.
1179 1731 1363 1803 Igitur
1418 1731 1573 1788 298
1630 1729 1986 1785 dimittenda

325 1821 416 1870 est
447 1817 606 1883 (nam
639 1815 699 1871 id
758 1817 915 1889 quod
983 1835 1018 1875 a
1074 1820 1257 1876 Paulo
1309 1820 1683 1892 instituitur),
1740 1819 1982 1874 venien-

326 1902 587 1974 dumque
618 1903 693 2004 ad
723 1904 1044 2007 Christum,
1071 1907 1171 2007 qui
1200 1924 1322 1963 non
1380 1907 1555 1963 modo
1614 1906 1981 2007 adhortatur.
2019 1941 2063 2007 Β

326 2009 532 2049 verum
564 1993 746 2049 etiam
779 1995 936 2049 tollit
972 1996 1130 2067 quod
1183 1997 1349 2069 prius
1400 2002 1805 2069 perpetratum
1862 1998 1990 2050 erat

325 2087 635 2154 peccatum
666 2098 773 2155 per
802 2083 1119 2155 baptisma,
1153 2092 1212 2142 et
1243 2086 1313 2141 ad
1340 2087 1465 2142 haec
1495 2086 1686 2142 salvat
1732 2090 1790 2141 et
1819 2084 1983 2141 auxi-

326 2171 527 2228 liatur.
561 2203 627 2214 -
660 2175 933 2230 Praeterea
964 2182 1016 2230 et
1073 2176 1187 2232 alio
1241 2177 1419 2234 modo.
1453 2179 1535 2232 Ex
1592 2177 1707 2241 his,
1766 2176 1981 2247 inquit.

331 2278 462 2333 qua;
495 2260 639 2327 dixi,
663 2267 720 2317 et
741 2280 811 2318 ex
833 2264 928 2319 his
951 2281 1083 2336 quas
1119 2266 1511 2331 consideravi,
1536 2265 1648 2321 hoc
1673 2265 1819 2321 mihi
1850 2270 1983 2320 tan-

328 2351 464 2405 dem
497 2351 877 2408 concluditur
904 2370 917 2411 :
953 2354 1238 2425 quidnam
1272 2355 1429 2428 quod
1460 2355 1553 2411 lex
1586 2354 1713 2411 sit?
1742 2355 1837 2410 lex
1859 2354 1987 2426 qui-

328 2440 465 2495 dem
497 2440 571 2496 ad
602 2442 824 2498 bonum
852 2444 1065 2499 volenti
1105 2446 1254 2501 mihi
1284 2447 1477 2501 facere
1527 2446 1749 2501 bonum
1803 2444 1982 2515 idque

326 2530 521 2586 solum
556 2531 779 2587 tribuit.
811 2536 954 2589 Nam
985 2536 1210 2592 malum
1260 2537 1493 2610 reperio
1522 2536 1680 2609 quod
1707 2536 1985 2591 similiter

323 2621 466 2676 mihi
502 2621 792 2693 adjaceat,
818 2630 875 2679 et
898 2625 1048 2680 nihil
1073 2642 1140 2681 ex
1167 2627 1292 2700 lege
1318 2626 1529 2682 melior
1558 2628 1802 2683 etTectus
1825 2642 1980 2692 sum,

322 2712 437 2767 nisi
473 2714 644 2770 etia‘n
679 2723 1105 2773 nocumentum
1140 2718 1327 2791 magis
1376 2719 1779 2789 susceperim:
1842 2716 1984 2787 quia

324 2802 598 2874 adjacere
632 2804 778 2858 mihi
813 2812 867 2861 et
894 2806 1069 2861 veluti
1093 2808 1353 2864 vicinum
1383 2824 1512 2864 esse
1545 2807 1691 2862 mihi
1736 2806 1978 2875 malum,

323 2892 577 2962 prtebuit
607 2909 814 2949 ansam
848 2895 1009 2950 mali.
1053 2897 1168 2951 Lex
1216 2897 1417 2968 itaque
1470 2896 1663 2953 solum
1694 2895 1805 2950 fuit
1833 2895 1980 2950 mihi

326 2980 400 3034 ad
420 2980 663 3047 bonum,
706 2982 991 3055 aliudque
1011 2984 1162 3039 nihil
1187 2985 1461 3041 contulit.
1492 2984 1657 3041 Unde
1682 2984 1830 3040 illud
1863 3000 1979 3039 ma-

330 3069 680 3126 nifestatur?
701 3072 849 3138 Quia
873 3073 1096 3129 malum
1118 3075 1265 3129 mihi
1293 3076 1501 3130 eodem
1528 3074 1703 3131 modo
1727 3074 1979 3147 adjacet.

330 3190 401 3199 --
431 3161 529 3216 Vel
550 3163 630 3216 ita
654 3179 666 3217 :
700 3162 940 3219 Invenio
963 3163 1143 3237 igitur
1166 3163 1356 3234 legem
1380 3165 1621 3233 bonam,
1645 3171 1710 3222 ut
1731 3164 1984 3222 addatur

324 3248 570 3317 Bonam,
606 3258 663 3307 et
694 3251 756 3307 in
788 3253 1115 3325 hyperbato
1144 3261 1201 3310 et
1230 3257 1582 3312 acommuni
1608 3273 1788 3312 sensu
1819 3256 1979 3327 posi-

324 3343 473 3395 tum.
525 3341 786 3409 Invenio,
828 3342 1044 3414 inquit,
1080 3344 1271 3417 legem
1302 3344 1523 3401 bonam
1582 3345 1728 3400 mihi
1760 3345 1980 3400 volenti

324 3428 521 3485 facere
545 3428 790 3485 bonum.
822 3430 940 3486 Cur
961 3448 1096 3505 ergo
1128 3449 1247 3488 non
1281 3432 1426 3488 facis
1454 3433 1647 3488 illud?
1676 3433 1823 3499 Quia
1853 3450 1980 3488 ma-

326 3519 453 3575 lum
480 3517 627 3573 mihi
658 3518 911 3593 adjacet.
936 3522 1163 3577 Bonum
1197 3521 1397 3594 itaque
1421 3522 1568 3595 legis
1592 3523 1652 3578 in
1677 3522 1805 3578 sola
1837 3522 1983 3596 legis

327 3607 548 3663 latione
590 3614 942 3682 estzneque
995 3611 1155 3666 enim
1216 3610 1470 3668 liberare
1533 3611 1712 3667 etiam
1765 3611 1984 3667 valeta

327 3697 486 3754 malo
520 3705 579 3754 et
608 3698 835 3755 salvum
868 3699 1081 3768 facere,
1116 3699 1369 3773 ideoque
1420 3700 1774 3757 dimittenda
1804 3707 1895 3757 est
1926 3703 1984 3755 et

328 3787 401 3843 ad
425 3787 722 3844 Christum
755 3789 1180 3845 accedendum.
1232 3822 1298 3830 —
1325 3789 1423 3845 Vel
1439 3791 1518 3845 ita
1541 3789 1731 3861 potius
1808 3790 1982 3845 Inve-

325 3878 427 3936 nio
460 3878 638 3951 igitur
668 3878 879 3952 legem,
913 3880 1024 3936 hoc
1055 3886 1163 3944 est,
1206 3880 1473 3936 intellexi
1507 3886 1566 3937 et
1612 3878 1982 3953 deprehendi

326 3969 445 4024 vim
472 3976 531 4024 et
560 3975 833 4026 naturam
869 3969 1033 4044 legis.
1061 3976 1260 4026 exacte
1291 3970 1364 4026 de
1406 3988 1475 4027 ea
1519 3971 1781 4042 comperi
1823 3970 1982 4043 quod

327 4057 482 4114 nihil
511 4059 791 4129 potuerit.
831 4059 991 4114 Unde
1049 4060 1161 4114 hoc
1218 4059 1601 4116 manifestum
1634 4060 1778 4116 est?
1836 4060 1985 4126 Quia

327 4147 548 4203 volenti
580 4148 726 4202 mihi
750 4147 942 4204 facere
974 4148 1220 4217 bonum,
1254 4150 1405 4205 nihil
1452 4149 1567 4205 fert
1621 4150 1848 4219 auxilii,
1880 4150 1983 4206 sed

330 4235 610 4292 similiter
629 4236 853 4292 malum
876 4237 1411 4310 adjacet,inefficax
1426 4245 1517 4294 est
1538 4239 1683 4295 mihi
1707 4239 1780 4295 ad
1803 4256 1979 4313 agen-

329 4326 473 4382 dum
506 4325 664 4398 quod
697 4325 892 4397 cupio.
924 4328 989 4381 In
1021 4327 1131 4383 hoc
1160 4344 1295 4401 ergo
1353 4327 1668 4402 diligenter
1724 4329 1797 4385 de
1856 4329 1984 4404 lege

333 4416 596 4490 comperi
630 4422 919 4488 quantum
951 4417 1159 4489 possit,
1195 4434 1401 4489 quaeve
1432 4418 1508 4475 sit
1560 4418 1688 4491 ejus
1737 4426 1982 4476 natura:

333 4506 478 4577 quin
499 4507 558 4561 in
577 4521 670 4561 me
694 4505 926 4562 volente
949 4506 1173 4562 bonum
1197 4508 1429 4579 operari
1460 4508 1694 4564 invenio
1709 4509 1983 4582 adjacere

328 4597 574 4665 malum,
600 4614 792 4669 neque
815 4597 888 4653 ab
912 4615 979 4654 ea
1004 4598 1257 4669 ejectum
1279 4605 1367 4654 est
1394 4616 1425 4654 a
1446 4616 1558 4655 me.
1584 4602 1652 4655 Et
1684 4601 1821 4656 item
1849 4618 1980 4672 qum

2100 654 2342 719 θρωπον·
2401 641 2590 719 βλέπω
2664 639 2722 698 δὲ
2803 641 2983 721 ἔτερον
3039 644 3209 718 νόμον
3271 642 3325 698 ἐν
3393 650 3509 707 τοῖς
3564 645 3757 718 μέλεσί

2102 754 2210 807 μου
2271 734 2821 809 ἀντιστρατευόμενον
2905 738 2985 805 τῷ
3070 734 3226 808 νόμῳ
3301 739 3398 789 τοῦ
3455 736 3578 798 νοός
3623 759 3756 810 μου,

2097 823 2187 879 καὶ
2219 822 2710 904 αἰχμαλωτίζοντά
2743 829 2916 898 μετῷ
2966 825 3121 898 νόμῳ
3177 831 3278 895 τῆς
3330 825 3617 901 ἁμαρτίας,
3676 832 3757 900 τῷ

2098 910 2213 969 ὄντι
2246 912 2297 969 ἐν
2331 920 2450 977 τοῖς
2476 914 2663 988 μέλεσί
2699 936 2825 987 μου.

2169 1004 2400 1076 Ἀσαιρὶς
2450 1004 2514 1059 τὸ
2573 1002 2863 1079 εἰρημένον
2922 1001 2975 1059 ἐν
3067 1006 3136 1078 τῇ
3219 1002 3387 1075 τάξει.
3449 1005 3608 1061 Ἔστι
3668 1001 3748 1062 δέ.

2099 1092 2334 1148 Ἐπαινῶ
2398 1093 2490 1147 τὸν
2555 1091 2746 1165 νόμον,
2803 1092 2959 1173 φησὶ,
3020 1092 3156 1147 κατὰ
3214 1093 3276 1148 τὸ
3336 1089 3600 1162 συνειδὸς,
3661 1093 3754 1148 καὶ

2099 1180 2257 1237 αὑτὸν
2289 1180 2345 1237 δὲ
2389 1181 2620 1255 εὑρίσκω
2677 1182 2769 1237 τὸν
2825 1182 2993 1256 νόμον
3045 1180 3171 1255 ἐμοὶ
3227 1182 3289 1237 τὸ
3347 1181 3517 1238 καλὸν
3572 1186 3752 1238 ποιεῖν

2095 1270 2465 1346 προῃρημένῳ
2542 1273 2861 1348 προτροπήν
2936 1270 3270 1351 παρέχοντα.
3331 1274 3398 1329 Τί
3458 1271 3553 1328 οὑν
3618 1271 3755 1346 μετά

2095 1364 2256 1417 τοῦτο
2292 1360 2407 1431 ;Τὸ
2452 1362 2618 1417 κακὸν
2647 1361 2893 1435 πράσσω,
2927 1361 3114 1440 φησὶν,
3147 1361 3229 1416 ὅτι
3289 1359 3413 1434 ἐμοὶ
3469 1363 3532 1417 τὸ
3589 1365 3756 1417 κακὸν

2095 1450 2438 1522 παράκειται.
2489 1452 2781 1509 Τουτέστιν
2836 1452 2919 1507 ὅτι
2977 1450 3225 1525 ἐκμελῶς
3281 1450 3533 1527 ἔγκειται.
3593 1458 3756 1509 Ὥστε

2096 1537 2223 1594 οὑδὲ
2256 1539 2579 1616 βουλομένῳ
2614 1562 2707 1615 μοι
2739 1540 2801 1596 τὸ
2831 1538 3000 1597 καλὸν
3033 1544 3252 1614 πρᾶξαι,
3312 1541 3494 1604 ἱκανός
3548 1540 3690 1598 ἐστιν
3725 1541 3753 1597 ὁ

2094 1626 2265 1702 νόμος
2300 1630 2596 1703 βοηθῆσαι·
2630 1628 2777 1700 πλὴν
2818 1630 2922 1708 γάρ
2977 1634 3074 1686 τοῦ
3131 1630 3537 1707 προτρέψασθαι
3593 1628 3749 1687 οὐδὲν

2096 1716 2299 1793 ἰσχύει.
2343 1721 2645 1797 Τοιγαροῦν
2691 1718 2912 1798 ἀφετέον
2940 1720 3032 1775 τὸν
3088 1716 3256 1795 νόμον
3314 1723 3501 1795 (τοῦτο
3556 1721 3659 1796 γὰρ
3690 1719 3754 1777 τὸ

2094 1808 2626 1881 κατασκευαζόμενον
2706 1809 2874 1883 αὐτῷ)
2909 1855 2922 1881 ,
3000 1810 3091 1865 καὶ
3184 1807 3615 1888 προυελευστέον
3674 1813 3755 1882 τῷ

2094 1901 2340 1971 Χριστῷ,
2372 1898 2431 1960 ’ὸς
2465 1899 2527 1953 οὑ
2558 1896 2919 1974 προτρέπεται
2976 1898 3163 1972 μόνον,
3197 1898 3346 1954 ἀλλὰ
3402 1898 3492 1955 καὶ
3545 1897 3757 1973 ἀναιρεῖ

2098 1987 2197 2055 τήν
2255 1986 2664 2062 προγενομένην
2740 1986 3009 2061 ἁμαρτίαν
3060 1985 3149 2042 διὰ
3199 1990 3295 2043 τοῦ
3356 1988 3749 2065 βαπτίσματος,

2097 2076 2188 2131 καὶ
2222 2077 2358 2150 μετὰ
2396 2080 2559 2133 τοῦτο
2590 2078 2753 2146 σώζει
2805 2077 2895 2132 καὶ
2958 2078 3169 2153 βοηθεῖ.
3231 2110 3298 2121 —-
3354 2076 3600 2141 Ἄλλως*
3665 2079 3752 2150 Ἐξ

2098 2166 2173 2220 ὧν
2202 2166 2380 2236 εἷπον,
2409 2165 2562 2243 φησί.
2594 2166 2685 2222 καὶ
2718 2166 2768 2240 ἐξ
2801 2167 2874 2221 ὧν
2904 2164 3202 2238 ἐσκόπησα,
3245 2166 3406 2222 τοῦτό
3469 2188 3563 2243 μοι
3614 2189 3756 2242 συμ-

2098 2255 2407 2328 περαίοεται
2437 2255 2528 2311 καὶ
2570 2259 2732 2311 τοῦτο
2782 2255 3032 2333 εὑρίσκω.
3092 2259 3311 2327 Ησῖονς
3367 2258 3438 2312 Τὸ
3497 2279 3636 2313 ειναι
3664 2257 3756 2313 τὸν

2096 2345 2266 2419 νόμον
2301 2390 2315 2416 ,
2373 2344 2542 2418 νόμον
2607 2345 2705 2420 μὲν
2764 2345 2839 2408 εἷς
2893 2346 2956 2401 τὸ
3012 2344 3181 2403 καλὸν
3234 2350 3315 2420 τῷ
3365 2345 3580 2411 θέλοντι
3628 2345 3753 2422 ἐμοὶ

2098 2439 2273 2489 ποιεῖν
2343 2434 2405 2489 τὸ
2466 2432 2658 2504 καλὸν,
2718 2439 2880 2491 τοῦτο
2950 2437 3116 2509 μόνον
3206 2436 3570 2512 χαριζόμενον
3607 2481 3620 2493 .
3678 2438 3754 2495 Τὸ

2098 2524 2203 2602 γάρ
2259 2524 2423 2579 κακὸν
2484 2524 2741 2599 εὑρίσκω,
2802 2524 2883 2580 ὅτι
2946 2526 3159 2600 ὁμοίως
3226 2525 3352 2601 ἐμοὶ
3408 2526 3756 2599 παράκειται,

2096 2614 2182 2668 καὶ
2218 2612 2372 2669 οὐδὲν
2419 2608 2755 2687 ὲὸελτιώθην
2784 2614 2842 2670 ἐκ
2870 2620 2966 2670 τοῦ
2996 2616 3194 2688 νόμου.
3248 2615 3299 2671 εἴ
3352 2618 3427 2690 μή
3479 2618 3565 2672 καὶ
3617 2615 3755 2693 βλά-

2096 2698 2199 2773 ϐην
2232 2701 2451 2775 μᾶλλον
2484 2701 2772 2778 ἐδεξάμην,
2814 2704 2897 2759 δτι
2930 2705 3286 2780 παρακεῖσθαέ
3332 2727 3447 2779 μοι,
3507 2707 3598 2762 καὶ
3644 2707 3755 2761 οἷον

2095 2791 2323 2869 ἐγγίζειν
2361 2815 2481 2868 μοι,
2512 2794 2574 2848 τὸ
2606 2793 2769 2848 κακὸν
2826 2797 3099 2870 παρέσχεν
3154 2795 3434 2873 ἀφορμήν.
3494 2798 3554 2853 Ὀ
3587 2796 3755 2869 νόμος

2097 2882 2191 2936 οὗν
2227 2882 2413 2956 μόνον,
2447 2884 2629 2963 φησῖν,
2665 2883 2876 2957 ἐγένετό
2912 2904 3006 2956 μοι
3050 2883 3127 2946 εἷς
3155 2884 3218 2939 τὸ
3267 2882 3457 2949 καλὸν,
3497 2881 3639 2938 ἄλλο
3691 2880 3748 2938 δὲ

2097 2967 2271 3028 οὐδέν.
2306 2972 2473 3027 Πόθεν
2508 2969 2680 3040 δῆλον
2716 2990 2729 3041 ;
2758 2974 2882 3029 ’Ότι
2912 2973 2975 3027 τὸ
3006 2975 3171 3029 κακὸν
3215 2995 3310 3048 μοι
3345 2973 3599 3036 ὡσαὺτως
3632 2994 3739 3029 πα-

2097 3059 2363 3135 ράκειται.
2390 3061 2457 3118 Ἥ
2490 3060 2582 3115 καὶ
2613 3061 2789 3123 οὕτως
2822 3061 3073 3136 Εὑρισκω
3105 3059 3206 3139 ἄρα
3245 3063 3336 3119 τὸν
3365 3063 3533 3137 νόμον
3578 3061 3746 3118 καλὸν

2092 3149 2165 3204 ’ἶν’
2192 3152 2231 3220 ἦ
2261 3151 2344 3218 τὸ,
2379 3173 2408 3203 ‹‹
2440 3149 2643 3218 Κακὸν,
2673 3175 2699 3203 n
2733 3152 2820 3207 καὶ
2856 3150 2907 3206 ἐν
2939 3146 3252 3228 ὑπερϐατῳ,
3282 3152 3374 3208 καὶ
3415 3152 3521 3208 ἀπὸ
3564 3155 3749 3207 κοινοὺ

2094 3238 2362 3313 κείμενον.
2397 3240 2669 3313 Εὑρίσκω,
2712 3241 2867 3310 φησὶ,
2921 3241 3012 3295 τὸν
3069 3242 3237 3316 νόμον
3296 3241 3465 3298 καλὸν
3514 3241 3639 3316 ἐμοὶ
3671 3246 3750 3318 τῷ

2012 3299 2055 3366 C
2092 3328 2303 3385 θέλοντι
2358 3335 2536 3385 ποιεῖν
2566 3330 2629 3385 τὸ
2660 3328 2852 3387 καλόν.
2886 3332 2954 3388 Τί
2984 3331 3078 3386 οὖν
3136 3330 3199 3386 οὑ
3256 3332 3510 3408 πράττεις
3567 3332 3699 3388 αὑτό
3732 3353 3748 3404 ς

2093 3418 2218 3476 Ὀτι
2248 3418 2311 3473 τὸ
2340 3419 2503 3475 κακόν
2563 3440 2659 3493 μοι
2687 3419 3031 3496 παράκειται.
3090 3421 3252 3476 Ὥστε
3302 3424 3365 3476 τὸ
3422 3422 3593 3478 καλὸν
3650 3425 3749 3477 τοῦ

2091 3511 2282 3581 νόμου,
2355 3507 2407 3563 ἐν
2489 3513 2567 3581 τῷ
2656 3510 2821 3582 μόνον
2876 3511 3213 3583 νομοθετεῖν,
3273 3509 3402 3567 ἀλλ’
3458 3511 3591 3592 οὐχὶ
3658 3510 3749 3569 καὶ

2093 3597 2277 3673 ῥὺεσαι
2308 3602 2406 3655 τοῦ
2452 3601 2622 3653 κακοῦ
2687 3599 2780 3654 καὶ
2833 3601 3026 3670 σώζειν
3080 3598 3284 3677 ίσχὺει.
3344 3601 3438 3656 Διὸ
3494 3601 3756 3682 ἀφεκτέον

2093 3687 2279 3751 αὑτοῦ,
2336 3689 2426 3743 καὶ
2494 3688 2782 3764 προσιτέον
2835 3691 3077 3765 Χριστῷ.
3130 3691 3200 3747 Ἥ
3266 3686 3486 3763 μᾶλλον
3549 3691 3752 3753 οὕτως·

2095 3778 2344 3853 Εὑρίσκω
2389 3776 2492 3854 ἄρα
2546 3778 2642 3834 τὸν
2702 3780 2896 3851 νόμον,
2951 3779 3221 3848 τουτέστι,
3282 3780 3603 3851 Κατενόησα
3661 3783 3754 3837 καὶ

2090 3861 2480 3941 κατελαϐόμην
2511 3888 2609 3938 την
2668 3867 2827 3943 τσχὸν
2877 3867 2968 3923 καὶ
3026 3870 3127 3938 τήν
3176 3867 3333 3942 φὺσιν
3387 3873 3489 3924 τοῦ
3548 3869 3752 3942 νόμου.

2089 3956 2339 4033 Ἐξεὺρον
2399 3955 2564 4011 αὑτὸν
2619 3952 2899 4029 ἀκριϐῶς,
2958 3958 3042 4011 δτι
3111 3951 3263 4011 οὐδέν
3320 3978 3413 4031 μοι
3473 3958 3747 4033 βοηθῆσαι

2090 4044 2300 4123 ἴσχυσε.
2341 4047 2506 4111 Πόθεν
2534 4044 2704 4117 δῆλον
2742 4066 2755 4117 ;
2787 4050 2913 4102 ’Ότι
2945 4048 3157 4103 θέλοντί
3192 4069 3284 4121 μοι
3336 4055 3512 4104 ποιεῖν
3559 4050 3620 4105 τὸ
3647 4070 3743 4105 κα·-

2092 4133 2189 4191 λὸν
2245 4133 2400 4191 οὐδὲν
2457 4133 2757 4213 ἐπικουρεῖ,
2803 4134 2932 4192 ἀλλ’
2982 4137 3191 4208 ὁμοίως
3244 4138 3307 4193 τὸ
3349 4138 3512 4194 κακὸν
3569 4137 3744 4215 παρά-

2089 4245 2285 4291 κειται,
2331 4221 2605 4302 ἄπρακτόν
2666 4247 2760 4300 μοι
2816 4225 2878 4281 τὸ
2927 4223 3103 4282 θέλειν
3166 4231 3358 4284 ποιῶν.
3422 4228 3511 4286 Ἐν
3563 4228 3744 4302 τούτῳ

2091 4315 2185 4371 οὗν
2212 4312 2364 4391 εὗρον
2419 4309 2660 4390 ἀκριϐῶς
2717 4316 2810 4370 τὸν
2868 4315 3037 4388 νόμον
3095 4315 3220 4372 ὅσον
3278 4317 3479 4394 ἰσχύει,
3536 4317 3627 4373 καί
3665 4317 3748 4381 τίς

2091 4403 2233 4460 ἐστιν
2291 4406 2326 4474 ἡ
2386 4403 2543 4481 φύσις
2592 4403 2780 4473 αὑτοῦ,
2842 4403 2892 4459 ἐν
2966 4409 3046 4476 τῷ
3120 4404 3172 4461 ἐν
3226 4405 3351 4479 ἐμοὶ
3408 4411 3487 4480 τῷ
3527 4405 3743 4472 θέλοντι

2090 4499 2266 4550 ποιεῖν
2293 4495 2357 4549 τὸ
2386 4492 2553 4549 καλὸν
2582 4494 2863 4569 εὑρίσκειν,
2918 4494 3003 4551 δτι
3059 4496 3122 4551 τὸ
3176 4498 3342 4552 κακὸν
3401 4497 3747 4572 παράκειται,

2090 4585 2175 4638 καὶ
2239 4582 2339 4638 οὸκ
2384 4580 2729 4654 ἀπελήλαται
2794 4584 2881 4639 ὑπ’
2923 4584 3094 4640 αὑτοῦ
3152 4584 3204 4656 ἐξ
3267 4583 3423 4659 Ego-3.
3496 4587 3595 4642 Καὶ
3653 4585 3737 4658 εἴη

326 4706 360 4745 a
392 4689 573 4745 Paulo
606 4689 963 4745 dicenturin
993 4690 1401 4761 sequentibus,
1433 4698 1676 4764 possent
1705 4691 1979 4759 duarum,

2093 4674 2149 4731 ἂν
2182 4675 2273 4731 καὶ
2332 4675 2397 4729 τά
2447 4673 2637 4755 ἐφεξῆς
2694 4673 3050 4752 ῥηθησόμενα
3111 4676 3337 4750 Παύλῳ,
3390 4683 3499 4735 τῶν
3554 4698 3741 4750 προει-

325 4779 743 4850 praadictarum
821 4778 1281 4851 explicationum
1333 4796 1461 4835 esse
1529 4779 1973 4848 conﬁrmativa,

327 4874 576 4939 utraque
609 4867 905 4923 sententia
927 4867 1121 4922 locum
1147 4866 1420 4934 habente,
1456 4875 1513 4923 et
1540 4868 1751 4925 litterm
1774 4884 1977 4925 conse-

328 4956 633 5025 quentiam
666 4954 829 5012 nullo
861 4955 1291 5026 impedimento
1340 4962 1625 5014 servante.
1688 4957 1975 5014 Possibile

328 5048 416 5098 est
447 5050 643 5099 autem
675 5048 869 5098 autem
902 5051 958 5098 et
992 5044 1099 5099 hoc
1123 5044 1294 5100 modo
1320 5046 1562 5117 pr0pius
1594 5045 1666 5101 ad
1699 5046 1977 5102 verbain-

323 5132 529 5204 telligi.
570 5132 802 5188 Invenio
826 5133 1004 5205 igitur
1035 5134 1191 5204 quod
1228 5135 1441 5189 volenti
1481 5135 1622 5189 mihi
1656 5135 1847 5190 facere
1882 5134 1977 5191 bo-

320 5239 464 5276 num
488 5222 816 5278 secundum
842 5224 1027 5292 legem
1054 5225 1324 5294 adjacent
1348 5225 1587 5280 malum.
1617 5225 1845 5281 Etenim
1872 5226 1970 5298 qui

310 5314 482 5383 juxta
515 5313 892 5384 Evangelium
925 5314 1126 5368 volunt
1153 5314 1345 5369 facere
1382 5314 1621 5374 bonum.
1646 5334 1763 5370 non
1811 5317 1972 5371 iuve-

321 5403 496 5457 niunt
526 5403 799 5473 adiacere
834 5403 942 5457 sibi
979 5404 1201 5458 malum
1254 5406 1362 5459 Per
1408 5404 1767 5476 baptismum
1813 5406 1973 5461 enim

313 5499 568 5563 eiectum
602 5497 660 5547 et
690 5492 1002 5563 expulsum
1036 5499 1144 5549 est.
1180 5496 1384 5565 Itaque
1421 5502 1654 5566 oportet
1684 5513 1789 5566 per
1820 5497 1971 5568 bap-

311 5584 560 5640 tismum
592 5584 664 5640 ad
695 5584 995 5640 Christum
1018 5586 1301 5642 accedere
1328 5586 1532 5643 relicta
1562 5587 1708 5660 lege.
1746 5589 1974 5645 Poteris

312 5672 426 5730 hoc
456 5689 692 5747 quoque
726 5672 902 5729 modo
934 5690 1052 5731 non
1087 5675 1387 5731 immerito
1420 5676 1827 5749 interpretari.

388 5752 535 5822 297
571 5765 883 5839 Comperio
933 5764 1125 5839 legem
1155 5766 1334 5823 veluti
1379 5767 1752 5840 au'xiliarem,
1788 5767 1974 5842 magis

2082 4762 2333 4842 ρημένων
2393 4761 2489 4819 δὺο
2564 4761 2881 4843 ξιαλήψεων
2937 4767 3399 4823 κατασκευαστικά
3485 4768 3744 4844 ἑκατέρας

2082 4854 2438 4931 ἐγχωροὺσης
2472 4850 2737 4919 διανοίας,
2797 4854 2886 4911 καὶ
2927 4857 3025 4925 τήν
3077 4854 3409 4921 ἀκολουθίαν
3449 4858 3737 4936 ἀπαραπό-

2086 4941 2270 5000 διστον
2304 4941 2700 5015 διασωζοὺσης,
2734 4946 2964 5001 Δυνατὸν
2995 4942 3052 5001 δὲ
3109 4946 3197 5001 καὶ
3238 4946 3413 5010 οὕτως
3446 4947 3540 5026 ἐγγ
3556 4948 3737 5023 ἓτερον

2082 5041 2184 5104 τῆς
2213 5032 2411 5107 λέξεως
2442 5027 2713 5089 ἐκλαϐεῖν.
2769 5033 3016 5110 Εὑρίσκω
3064 5032 3167 5109 ἄρα
3195 5040 3277 5109 τῷ
3336 5035 3548 5101 θέλοντι
3609 5036 3745 5111 ἐμοὶ

2083 5130 2258 5180 ποιεῖν
2286 5124 2348 5180 τὸ
2379 5122 2545 5177 καλόν
2579 5123 2714 5179 κατὰ
2751 5124 2844 5179 τὸν
2892 5125 3084 5199 νόμον,
3119 5126 3201 5182 ὅτι
3265 5126 3389 5201 ἒμἿῖ
3449 5128 3509 5183 τὸ
3567 5126 3741 5184 κακὸν

2086 5215 2445 5292 παράκειται.
2526 5212 2624 5270 Καὶ
2681 5215 2783 5290 γάρ
2842 5214 2892 5270 οί
2951 5216 3087 5271 κατᾶ
3133 5219 3195 5273 τὸ
3258 5217 3595 5294 Εᾶαγγέλιον
3653 5220 3749 5282 θέ-

2085 5303 2275 5365 λοντες
2307 5307 2482 5357 ποιεῖν
2515 5303 2577 5357 τὸ
2604 5302 2795 5369 καλὸν,
2846 5302 2956 5381 οὑχ
3004 5305 3348 5377 εὑρίσκουσιν
3409 5307 3494 5364 ὅτι
3553 5308 3739 5382 παρά-

2086 5415 2258 5452 κειται
2284 5394 2473 5454 αὑτοῖς
2527 5392 2589 5446 τὸ
2641 5394 2827 5449 κακόν.
2890 5393 2986 5449 Διά
3041 5398 3138 5449 τοὺ
3202 5397 3578 5471 βαπτισματος
3638 5397 3748 5471 γὰρ

2082 5485 2289 5555 ἐξώσθη
2323 5482 2411 5537 καὶ
2445 5480 2811 5552 ἀπελήλαται.
2870 5488 3033 5539 Ὥστε
3084 5481 3166 5540 δεῖ
3222 5485 3437 5557 Χριστῷ
3494 5483 3583 5540 δια
3642 5489 3744 5541 τοῦ

2088 5573 2461 5651 βαπτίσματος
2513 5568 2833 5646 προσελθεῖν
2871 5615 2886 5638 ,
2934 5572 3335 5636 καταλιπόντας
3391 5575 3484 5630 τὸν
3545 5575 3752 5649 νόμον,

2086 5658 2381 5723 Ἐκλάῧοις
2413 5658 2460 5716 δ’
2486 5659 2545 5716 ἂν
2576 5660 2664 5715 καὶ
2696 5659 2872 5725 οὕτως
2909 5661 3010 5718 οὑκ
3049 5664 3376 5729 ἀπεικότωςυ

2084 5753 2413 5834 Ἐὑρίσκω
2477 5749 2573 5807 τὸν
2642 5750 2813 5826 νόμον
2870 5752 2983 5811 οῖον
3044 5754 3341 5834 σύμμαχον
3404 5751 3621 5833 μᾶλλον
3673 5753 3756 5814 "Si
