4114 6418
310 373 427 437 667

1437 359 1820 428 CBCUMENI
1863 357 2174 425 TRIGCJ
2220 360 2594 428 EPISOOPI.

3622 364 3743 431 468

313 507 544 585 peccati
577 521 593 572 ς
627 525 652 557 ι
671 497 1192 573 nonjuste,lnquit
1222 514 1238 566 ;
1270 496 1426 556 absit
1450 497 1463 553 ι
1483 493 1786 565 Quomodo
1805 495 1965 554 enim

2103 498 2160 564 ζει
2195 515 2282 567 με.
2333 493 2515 557 Ἀλλὰ
2569 500 2730 569 πῶς;
2793 493 3016 585 Ἐπειδὴ
3073 497 3180 575 γὰρ
3230 499 3642 575 ἀντιστρατείαν
3670 501 3750 557 εῖ-

319 603 544 676 justum
571 598 731 653 esset
751 592 1016 649 alienum
1037 607 1270 647 servum
1299 596 1358 647 et
1376 595 1707 647 creaturam
1732 589 1793 645 in
1815 603 1983 644 suam

314 685 803 762 jurisdictionem
858 681 1078 738 ducere
1109 679 1137 735 ?
1184 682 1308 746 Quo
1363 696 1500 753 ergo
1551 685 1723 753 pacto
1754 678 1782 734 ?
1838 679 1985 752 Lege

330 774 581 851 peccati,
614 772 675 828 id
729 776 838 838 est,
895 768 1223 826 secundum
1282 767 1507 842 peccati
1564 766 1987 840 proprietatem

326 868 623 942 captivum
646 881 743 922 me
758 864 1100 934 ducitjuxta
1112 862 1414 934 propriam
1437 861 1598 917 illius
1611 859 1990 916 consuetudi-

325 974 489 1026 nem,
524 972 595 1012 ex
627 953 1019 1027 impudentia,
1051 967 1119 1007 ex
1141 950 1332 1007 multa
1352 949 1573 1006 crudeli
1586 955 1800 1017 tate,ex
1824 947 1983 1014 dolo,

335 1063 404 1104 ex
438 1044 679 1103 insidiis
713 1061 726 1098 :
762 1058 883 1099 non
907 1047 1112 1114 aperto
1130 1045 1341 1107 marte,
1364 1039 1468 1096 sed
1494 1038 1757 1095 fallendo
1778 1055 1845 1094 ac
1867 1055 1992 1094 cor-

331 1134 627 1209 ripiendo.
662 1129 889 1189 Deinde
918 1147 995 1187 ne
1016 1131 1150 1202 quis
1180 1129 1339 1185 dicat
1372 1146 1386 1183 :
1418 1129 1768 1186 Universum
1785 1129 1988 1200 itaque

338 1224 640 1299 negotium
676 1221 843 1279 illius
873 1224 964 1276 est
992 1220 1151 1292 quod
1177 1218 1442 1292 captivus
1472 1220 1720 1275 effectus
1749 1217 1886 1284 sim,
1937 1217 1987 1274 si

335 1320 397 1373 et
424 1330 521 1372 me
551 1312 848 1385 captivum
876 1309 1058 1373 ducit,
1112 1313 1172 1365 et
1197 1324 1304 1366 suo
1346 1324 1515 1366 more
1565 1310 1863 1383 captivum
1892 1322 1988 1363 me

327 1409 499 1461 tenet
518 1401 758 1458 insidiis
786 1405 1076 1474 appetens
1108 1404 1167 1455 et
1195 1398 1350 1455 clam
1377 1397 1894 1463 invadens,addit:
1922 1397 1987 1453 ln

334 1490 626 1552 membris
646 1489 819 1547 meis.
855 1510 883 1538 »
919 1491 994 1544 Ac
1024 1488 1072 1544 si
1105 1487 1333 1544 diceret
1363 1504 1378 1544 :
1412 1487 1561 1553 Quia
1608 1487 1670 1543 in
1716 1485 1812 1543 his
1858 1500 1989 1542 eam

331 1582 659 1640 collocasse
688 1593 892 1637 meum
915 1583 1025 1641 est,
1053 1576 1114 1633 id
1145 1592 1383 1649 quoque
1417 1576 1560 1633 mihi
1596 1574 1989 1648 imputabitur

336 1671 497 1748 quod
527 1687 599 1728 ex
628 1684 700 1725 eo
729 1667 1140 1738 consequitur.
1165 1667 1255 1722 Ita
1275 1665 1445 1722 divus
1469 1664 1801 1721 Methodius
1827 1665 1889 1721 in
1911 1663 1987 1721 li-

335 1760 496 1819 bello
529 1760 603 1816 De
628 1759 1045 1815 resurrectione.
1081 1754 1315 1811 Etenim
1362 1754 1459 1811 lex
1489 1754 1592 1810 Dei
1647 1754 1989 1827 evangelica

337 1853 536 1907 movet
564 1852 624 1903 et
647 1846 866 1903 excitat
893 1859 964 1901 ea
992 1860 1125 1917 quas
1155 1859 1191 1900 a
1218 1844 1492 1899 Creatore
1520 1843 1583 1899 in
1637 1842 1810 1898 nobis
1848 1847 1989 1899 sunt

339 1938 524 1997 insita
553 1954 622 1993 ac
652 1934 1042 1993 disseminata
1054 1933 1128 1989 ad
1149 1932 1713 2004 bonioperationem
1737 1932 1988 1989 semina.

339 2030 485 2087 Nam
518 2042 771 2099 qumque
800 2039 1004 2082 earum
1034 2022 1233 2097 legum
1251 2039 1384 2094 qum
1406 2028 1647 2078 externe
1678 2021 1991 2096 subingre-

338 2118 606 2180 diuntur,
640 2114 837 2188 quoad
869 2129 1044 2170 suum
1075 2117 1166 2168 est
1195 2129 1263 2168 ac
1295 2112 1601 2169 conforme
1638 2112 1733 2168 bis
1762 2128 1895 2185 quas
1926 2113 1989 2168 in

333 2207 512 2266 nobis
543 2212 684 2265 sunt
714 2203 943 2277 legibus
966 2200 1253 2259 movendo
1283 2219 1351 2258 ac
1385 2201 1740 2259 excitando:
1773 2209 1875 2258 aut
1911 2201 1989 2258 ad

335 2296 433 2371 pie
465 2292 764 2370 agendum
792 2299 895 2347 aut
922 2290 1127 2362 impie,
1161 2306 1270 2347 nos
1302 2290 1672 2348 adhortatur.
1707 2311 1738 2341 α
1770 2289 1991 2349 Secun-

336 2384 480 2444 dum
534 2384 840 2440 internum
890 2380 1221 2437 hominem.
1271 2403 1292 2428 ι
1328 2383 1640 2437 lnternum
1684 2380 1992 2436 hominem

335 2478 505 2531 vocat
549 2478 815 2529 mentem
865 2469 990 2526 sive
1038 2469 1322 2526 animam.
1374 2470 1471 2526 Ait
1501 2486 1639 2544 ergo
1673 2471 1840 2526 :Non
1870 2470 1995 2526 vult

342 2579 515 2622 mens
536 2561 771 2636 operari
787 2576 918 2633 quas
940 2558 1037 2616 lex
1063 2558 1169 2615 illa
1185 2558 1366 2626 dicit,
1388 2559 1519 2632 ipso
1543 2564 1744 2617 tamen
1767 2559 1993 2632 peccati

345 2659 615 2726 tempore
647 2667 755 2725 per
798 2653 1107 2724 peccatum
1157 2647 1468 2722 corripior.
1518 2650 1664 2705 Nam
1710 2648 1823 2707 hoc
1852 2647 1998 2706 dicit

343 2741 525 2801 aliam
558 2741 771 2815 legem,
806 2736 966 2812 quod
997 2738 1304 2812 proprium
1337 2737 1621 2810 quiddam
1669 2743 1728 2794 et
1780 2744 1998 2812 praeter

348 2831 539 2907 legem
563 2829 797 2902 jubeat.

425 2920 578 2979 299
608 2920 743 2976 Hzec
783 2919 984 2990 itaque
1031 2916 1125 2973 lex
1153 2916 1273 2973 sive
1307 2922 1617 2990 peccatum
1650 2916 1874 2990 decipit
1903 2933 2000 2973 me

358 3026 467 3085 per
497 3025 627 3067 eam
659 3023 791 3081 quae
822 3007 884 3062 in
904 3005 1189 3062 membris
1219 3005 1441 3062 nostris
1472 3012 1531 3061 et
1559 3006 1619 3062 in
1649 3006 1822 3063 nobis
1856 3006 2000 3080 ipsis

362 3100 626 3173 reposita
654 3104 746 3155 est
760 3096 1329 3168 concupiscentiam,
1350 3101 1411 3152 et
1437 3111 1533 3153 me
1561 3102 1795 3169 captum
1815 3097 1998 3154 ducit.

355 3187 661 3262 Siquidem
692 3190 1001 3259 peccatum
1034 3185 1322 3240 convertit
1347 3183 1423 3240 ad
1456 3201 1524 3242 ea
1554 3201 1685 3258 quae
1708 3202 1829 3243 non
1860 3202 1999 3243 con-

351 3279 599 3335 veniunt
630 3275 991 3333 inexsistens
1023 3276 1085 3330 in
1115 3273 1288 3330 nobis
1321 3274 1467 3331 utile
1515 3275 1901 3342 desiderium,
1945 3282 2005 3332 et

351 3368 528 3428 nobis
559 3368 708 3442 ipsis
738 3372 1021 3437 tanquam
1047 3365 1481 3424 munitionibus
1508 3368 1699 3425 utitur
1720 3367 2001 3423 adversus

347 3466 748 3533 nosmetipsos
784 3482 803 3508 ι
831 3461 902 3514 Et
923 3459 1214 3532 captivum
1242 3474 1335 3514 me
1349 3457 1725 3515 ducentem.»
1750 3458 2002 3516 Pulchre

348 3552 494 3609 dicit
515 3576 539 3598 «
569 3549 861 3620 captivum
888 3564 984 3605 me
1006 3547 1325 3603 ducentem
1361 3565 1373 3603 :
1401 3572 1420 3595 -
1457 3563 1593 3604 nam
1617 3564 1816 3621 pugna
1842 3554 2003 3605 mota

350 3641 513 3699 inter
542 3646 849 3713 peccatum
884 3637 1147 3711 legisque
1177 3643 1495 3710 praecepta,
1528 3638 1802 3694 videlicet
1844 3639 2001 3710 cogi—

348 3732 576 3788 tatione
609 3736 851 3804 peccato
886 3726 1355 3794 contradicente,
1387 3727 1791 3785 disceditcum
1818 3729 2003 3784 victo-

350 3822 441 3877 ria
470 3826 799 3894 peccatum.
831 3819 1049 3874 misero
1076 3817 1317 3874 homine
1340 3817 1400 3873 in
1433 3818 1729 3890 captivum
1767 3835 2000 3876 assum-

348 3917 470 3986 pto.
508 3934 535 3959 ‹‹
571 3910 719 3974 Lege
752 3908 997 3981 peccati.
1033 3929 1061 3958 ››
1095 3907 1303 3980 Legem
1322 3908 1545 3979 peccati
1570 3907 1999 3980 periphrastice

348 4006 520 4058 vocat
546 4004 877 4072 peccatum.
931 4019 959 4047 ‹‹
992 3998 1131 4062 Quae
1163 4002 1255 4052 est
1310 3996 1372 4052 in
1423 3997 1708 4053 membris
1765 3997 1933 4052 meis.
1970 4018 1998 4047 η

350 4090 490 4157 Qua:
517 4105 625 4161 per
654 4104 790 4143 mea
818 4085 1089 4142 membra
1133 4090 1358 4158 pugnat
1401 4084 1712 4141 adversum
1770 4102 1884 4141 me.
1935 4085 2001 4141 ld

348 4186 549 4236 autem
583 4194 703 4233 non
738 4182 829 4232 est
859 4175 1126 4249 corporis
1157 4175 1729 4232 condemnatio.Non
1763 4175 1922 4230 enim
1948 4176 1996 4230 si

345 4269 503 4342 regis
524 4267 770 4323 domum
796 4270 1047 4338 occupet
1068 4271 1376 4337 tyrannus,
1396 4265 1679 4321 continuo
1698 4265 1911 4322 domus
1932 4265 1995 4321 in

345 4373 523 4415 causa
553 4361 661 4413 est.

417 4447 535 4510 νη,
555 4446 646 4509 2i,
667 4446 756 4500 25.
788 4445 1014 4499 «Miser
1035 4459 1140 4516 ego
1166 4443 1344 4499 homo
1372 4461 1385 4499 :
1407 4443 1541 4517 quis
1566 4459 1664 4502 me
1687 4444 1899 4517 eripiet
1928 4461 1999 4503 ex

346 4558 375 4586 κ
409 4552 657 4608 corpore
686 4533 894 4589 mortis
922 4533 1101 4605 hujus
1132 4532 1159 4589 ‘3
1188 4533 1415 4589 Gratias
1441 4549 1547 4607 ago
1580 4534 1697 4590 Deo
1729 4551 1997 4607 meo,per

2094 604 2209 651 πεν,
2257 585 2350 641 ἳνα
2395 588 2472 660 μὴ
2525 587 2761 664 νομίσῃς
2809 589 2893 644 ὅτι
2941 584 3171 653 δικαίως
3217 586 3628 670 αἰχμαλωτίζει
3657 587 3751 645 καί

2092 673 2251 748 νόμῳ
2282 673 2556 750 πολέμου,
2588 677 2778 756 ἐπάγει
2808 679 2898 734 καὶ
2930 696 3083 757 φησι·
3118 700 3151 735 κ
3180 680 3358 754 Νόμῳ
3387 679 3680 757 ἁμαρτίας,
3718 703 3747 732 ››

2093 764 2156 821 οὗ
2189 764 2433 833 δικαίως,
2464 768 2618 849 φησί.
2669 771 2757 839 Μὴ
2808 771 3013 844 γένοιτο
3056 775 3220 825 Ποῖον
3252 772 3357 847 γὰρ
3389 768 3617 840 δίκαιον,
3650 772 3742 827 τὸν

2091 853 2390 932 ἀλλότριον
2425 855 2623 914 δοῦλον
2651 858 2742 913 καὶ
2791 858 3009 934 ποίημα
3039 860 3125 938 ὑφ’
3157 859 3321 935 ἑαυτῇ
3353 866 3529 917 ποιεῖν
3570 858 3750 919 Ἀλλὰ

2093 949 2250 1013 πῶςς
2315 946 2487 1019 Νόμῳ
2544 948 2831 1023 ἁμαρτίας.
2885 947 3163 1021 Τουτέστι,
3221 949 3370 1006 Κατὰ
3419 949 3482 1005 τὸ
3542 948 3752 1024 ἰδίωμα

2093 1040 2191 1104 τῆς
2224 1035 2491 1111 ἁμαρτίας
2544 1057 2614 1111 με
2661 1035 3091 1112 αἰχμαλωτίζει,
3139 1037 3277 1094 κατὰ
3305 1038 3367 1096 τὸ
3398 1036 3602 1095 οῗκεῖον
3628 1037 3754 1106 ’έθος

2093 1124 2286 1192 αὐτῆς,
2347 1123 2400 1196 ἐξ
2458 1124 2865 1202 ἀναισχυντίας,
2922 1125 2983 1181 ἐκ
3034 1125 3257 1197 πολλῆς
3313 1125 3638 1201 ίαμότητος,
3697 1130 3750 1203 ἑξ

2091 1208 2417 1283 ἂπιϐουλῆς,
2452 1212 2503 1285 ἐξ
2536 1211 2769 1288 ἐνέδρας,
2802 1215 2906 1271 οὐκ
2952 1214 3013 1270 ἐκ
3040 1219 3137 1272 τοῦ
3168 1217 3421 1296 φανεροῦ,
3453 1216 3582 1273 ἀλλ’
3612 1218 3751 1275 ἀπα.

2090 1307 2243 1359 τῶσα
2289 1303 2380 1359 καὶ
2430 1306 2864 1376 συναρπάζουσα.
2911 1303 3044 1360 Εἶτα
3086 1302 3186 1361 ἵνα
3236 1309 3311 1380 μή
3352 1327 3436 1370 τις
3465 1305 3616 1382 εἴπῃ·
3650 1308 3759 1367 0'3-

2092 1396 2222 1448 κοῦν
2263 1390 2325 1449 τὰ
2376 1390 2507 1450 ὅλον
2564 1393 2774 1464 ἐκείνης
2830 1393 2943 1450 ἐστὶ
2992 1393 3057 1451 τὸ
3104 1395 3631 1471 αἰχμαλωτισθῆναί
3664 1419 3753 1467 σαι,

2095 1478 2251 1557 εἷ’περ
2279 1483 2369 1539 καὶ
2429 1481 2845 1559 αἰχμαλωτίζει
2903 1504 2992 1560 με,
3052 1484 3146 1540 καὶ
3197 1489 3278 1559 τῷ
3320 1484 3513 1558 οἳκείῳ
3541 1485 3651 1544 ἔθει
3684 1508 3755 1561 με

2095 1572 2529 1653 αἷχμαΑωτίζει,
2579 1569 2929 1650 ἐνεδρεύουσα
2985 1575 3077 1630 καὶ
3134 1574 3379 1657 κρυφίως
3436 1575 3752 1653 ἐπιτιθεμέ-

2091 1684 2180 1733 νη,
2212 1663 2588 1738 προστίθησιν,
2632 1687 2661 1716 α
2697 1665 2790 1722 Ἐν
2840 1668 2957 1727 τοῖς
3015 1662 3205 1738 μέλεσί
3260 1686 3386 1741 μου.
3421 1689 3450 1718 »
3477 1667 3636 1739 Οἴον,
3667 1667 3755 1723 ’ὁτι

2094 1752 2195 1819 Τὸ,
2256 1748 2641 1830 ἐγκαθιδρύσαι
2699 1752 2873 1822 αύτήν
2931 1752 2984 1809 ἐν
3040 1754 3281 1825 τούτοις,
3324 1754 3457 1829 ἰμᾶν
3489 1755 3621 1826 ἐστι,
3661 1757 3759 1812 καὶ

2096 1842 2240 1914 ἑξῆς.
2277 1841 2469 1908 Οὕτως
2505 1844 2533 1900 6
2584 1843 2636 1899 ἰν
2696 1844 2876 1920 ἁγίοις
2936 1842 3205 1910 Meo/lato;
3254 1844 3307 1900 ἐν
3360 1843 3441 1919 τῷ
3472 1844 3604 1923 Περὶ
3630 1847 3759 1903 ἀνα-

2102 1933 2339 1996 στάσεως
2389 1930 2565 2008 λόγῳ.
2619 1934 2724 1992 Καὶ
2770 1934 2873 2010 γὰρ
2922 1934 2951 1990 6
3001 1935 3171 2007 νόμος
3219 1931 3321 1990 τοῖ’)
3368 1939 3503 1991 Θεοῦ
3532 1935 3564 1993 6
3594 1937 3761 2013 εὐαγ-

2100 2020 2343 2097 γελικὸς,
2375 2027 2514 2077 κινεῖ
2562 2021 2653 2078 καὶ
2703 2021 2928 2097 ὲρεθίζει
2959 2024 3026 2079 τὰ
3055 2021 3108 2078 ἐν
3137 2025 3274 2097 ἡμῖν
3306 2016 3522 2105 ἔμφυτα
3549 2027 3638 2081 καὶ
3673 2026 3761 2101 ἰγ-

2101 2111 2520 2188 κατεσπαρμέια
2575 2113 2722 2185 παρὰ
2777 2116 2876 2169 τοῦ
2933 2117 3290 2191 Δημιουργοῦ
3333 2114 3471 2186 πρὸς
3501 2114 3765 2191 ἀγαθοερ-

2100 2198 2220 2274 γίαν
2252 2197 2560 2276 σπέρματα.
2620 2202 2894 2265 "Exacto:
2946 2201 3049 2276 γὰρ
3106 2206 3215 2257 τῶν
3269 2199 3458 2273 ἔξωθεν
3498 2203 3766 2261 ἐπεισιόν-

2101 2292 2231 2359 τῶν,
2251 2289 2344 2344 τὸν
2377 2288 2578 2345 οἰκεῖον
2606 2287 2695 2345 καὶ
2725 2287 3081 2359 κατάλληλον
3104 2295 3214 2346 τῶν
3245 2287 3392 2347 ἔνδον
3418 2293 3506 2348 καὶ
3541 2291 3595 2348 ἐν
3627 2295 3765 2367 ἡμῖν

2104 2372 2272 2435 ὄντων
2299 2379 2511 2453 νόμων,
2551 2383 2714 2434 κινῶν
2746 2378 2838 2435 καὶ
2869 2376 3206 2456 διερεθίζων,
3237 2380 3273 2451 ἢ
3306 2376 3545 2438 εὐσεϐεῖν
3575 2384 3610 2455 ἢ
3641 2384 3767 2440 ἀσε-

2103 2462 2217 2525 ϐεῖν
2242 2469 2391 2541 ἡμᾶς
2419 2469 2798 2546 προτρέπεται.
2837 2493 2866 2521 «ι
2901 2471 3041 2526 Κατᾶ
3093 2472 3189 2526 τὸν
3246 2465 3355 2527 ἔσω
3385 2471 3698 2547 ἄνθρωπον,
3731 2496 3760 2526 η

2103 2558 2196 2615 τὸν
2227 2561 2353 2614 νοῦν
2386 2555 2511 2629 ἤτοι
2542 2560 2642 2629 τὴν
2668 2560 2856 2640 ψυχὴν
2887 2558 3067 2618 καλεῖ.
3094 2559 3269 2630 Φησὶν
3303 2561 3418 2627 οὖν,
3445 2560 3533 2618 ὅτι
3562 2562 3640 2620 0-3
3671 2559 3760 2620 θὶ-

2108 2647 2196 2704 λει
2225 2649 2254 2705 6
2282 2652 2409 2710 νοῦς
2437 2649 2691 2725 πράττειν
2724 2649 2862 2723 ἆπερ
2889 2649 2918 2707 ὁ
2939 2651 3111 2723 νόμος
3144 2649 3316 2723 λέγει,
3347 2647 3478 2707 ἀλλ’
3506 2649 3560 2707 ἐν
3593 2652 3762 2727 αὐτῷ,

2110 2736 2266 2815 φησὶ,
2296 2740 2375 2810 τῷ
2402 2741 2581 2811 καιρῷ
2611 2743 2712 2807 τῆς
2743 2736 3036 2813 ἁμαρτίας,
3070 2735 3160 2794 διὰ
3209 2745 3314 2810 τῆς
3343 2741 3608 2816 αμαρτίας
3638 2762 3766 2797 συν-

2109 2826 2451 2902 αρπάζομαι.
2488 2827 2706 2899 Ταύτην
2739 2829 2844 2904 γὰρ
2902 2848 3065 2906 φησιν
3119 2824 3304 2904 ’ἕτερον
3358 2829 3547 2903 νόμον,
3581 2825 3673 2886 διὰ
3700 2829 3764 2887 τὸ

2112 2913 2253 2971 ἴδιόν
2281 2935 2401 2971 τινα
2428 2915 2519 2972 καὶ
2549 2910 2651 2990 ἔξω
2680 2919 2777 2973 τοῦ
2803 2917 2980 2990 νόμου
3012 2916 3337 2976 ἐπιτάσσειν.

2189 3005 2366 3069 Οὗτος
2401 3010 2687 3082 τοιγαροῦν
2735 3006 2765 3062 6
2813 3006 3003 3080 νόμος,
3034 3005 3167 3078 ἢτοι
3217 3007 3252 3078 ἡ
3302 3005 3554 3083 ἁμαρτία,
3585 3004 3766 3079 ἀπατᾷ

2117 3116 2186 3169 με
2215 3090 2305 3151 διὰ
2334 3102 2433 3165 τῆς
2464 3096 2518 3152 ἰν
2563 3101 2682 3158 τοῖς
2715 3095 2935 3171 μὲλεσιν
2991 3096 3153 3168 ἡμῶν
3210 3098 3298 3152 καὶ
3335 3096 3387 3153 ἓν
3414 3096 3551 3169 ἡμῖν
3581 3095 3770 3160 αὐτοῖς

2114 3183 2432 3261 ἐγκειμένης
2462 3182 2773 3257 ἐπιθυμίας,
2806 3184 2894 3240 καὶ
2948 3184 3358 3260 αἱχμαλωτίζει
3391 3205 3478 3258 με.
3513 3186 3627 3254 Τὴν
3661 3186 3768 3264 γὰρ

2113 3273 2164 3330 ἐν
2216 3277 2351 3347 ἡμῖν
2402 3275 2540 3350 πρὸς
2587 3275 2649 3330 τὸ
2699 3274 2975 3352 συμφέρον
3011 3274 3228 3330 ἐνοῦσαν
3262 3274 3579 3348 ἐπιθυμίαν,
3605 3274 3682 3337 εἰς
3708 3276 3777 3330 τὰ

2106 3363 2398 3441 ἀσύμφορα
2424 3360 2664 3440 τρέψασα
2688 3365 2723 3435 ἡ
2754 3365 3015 3439 ἁμαρτία,
3048 3365 3184 3436 ἡμῖν
3208 3363 3394 3429 αὐτοῖς
3414 3371 3619 3441 χρῆται
3649 3359 3780 3430 καθ’

2106 3455 2268 3531 ἡμῶν
2293 3453 2723 3530 ἐπιτειχίσμασι.
2754 3488 2809 3499 -
2834 3458 3391 3531 [OIKOI’MENIOI‘J
3422 3479 3442 3504 ε
3470 3458 3573 3515 Καὶ
3603 3456 3776 3539 αἰχμ-

2106 3543 2444 3615 αλωτίζοντά
2477 3563 2594 3618 με’·
2634 3544 2828 3608 Καλῶς
2859 3544 3067 3610 εἶπεν,‹‹
3097 3545 3604 3623 Αῗχμαλωτίζοντὰ
3640 3569 3767 3623 με.»

2104 3635 2309 3711 Mar/.7“:
2342 3635 2444 3713 γὰρ
2475 3631 2800 3707 κινουμένης
2862 3634 3058 3708 μεταξὺ
3090 3643 3191 3705 τῆς
3232 3637 3504 3712 ἁμαρτίας
3537 3637 3624 3692 καὶ
3658 3642 3770 3693 τῶν

2105 3729 2202 3782 τοῦ
2234 3725 2407 3798 νόμου
2438 3723 2848 3803 ἐπιταγμάτων,
2877 3724 3048 3800 ἤγουν
3094 3729 3193 3782 τοῦ
3238 3725 3630 3801 ἀντιλέγοντος
3662 3724 3767 3783 λο-

2105 3817 2310 3892 γισμοῦ
2340 3814 2409 3885 τῇ
2440 3814 2698 3889 ἁμαρτίᾳ,
2727 3812 2905 3871 ἄπεισι
2936 3817 3202 3885 νικήσασα
3230 3816 3265 3885 ἡ
3301 3815 3564 3891 ἅμαρτῖα,
3590 3815 3767 3892 αἰχμα-

2103 3902 2316 3960 ἀλωτον
2372 3897 2619 3960 λαϐοῦσα
2670 3905 2762 3959 τὸν
2820 3900 3172 3980 ταλαίπωρον
3228 3902 3533 3981 ἄνθρωπον.
3584 3930 3612 3957 ››
3670 3907 3763 3977 Τῷ

2102 3994 2260 4066 νόμῳ
2290 3995 2389 4056 τῆς
2424 3992 2708 4067 ἁμαρτίας.
2749 4016 2776 4043 ››
2830 3993 3019 4068 Νόμςν
3068 3994 3358 4067 ἁμαρτίας,
3403 4013 3761 4074 περιφραστι-

2100 4086 2210 4143 κῶς
2232 4082 2331 4149 τήν
2355 4081 2622 4156 ἁμαρτίαν
2645 4079 2824 4139 καλεῖ.
2859 4102 2880 4130 ι
2903 4086 2991 4155 Τῷ
3020 4077 3131 4138 ὄντι
3156 4081 3206 4137 ἐν
3234 4088 3350 4144 τοῖς
3383 4082 3570 4157 μὲλεσί
3593 4103 3751 4155 μου.»

2103 4174 2199 4245 Τῷ
2227 4164 2318 4228 διδ.
2342 4175 2450 4226 τῶν
2487 4170 2672 4246 μελῶν
2709 4192 2837 4245 μου,
2877 4172 3032 4251 φησὶ,
3063 4171 3399 4245 πολεμοῦντί
3433 4195 3547 4247 μοι.
3581 4175 3759 4231 Τοῦτο

2101 4259 2160 4318 δὲ
2209 4261 2271 4317 ού
2316 4261 2659 4337 κατάγνωσις
2704 4265 2802 4317 τοῦ
2853 4264 3129 4335 σώματος.
3165 4263 3240 4319 Οὐ
3273 4263 3377 4343 γὰρ
3405 4263 3451 4318 εἰ
3484 4261 3761 4340 βασιλέως

2100 4350 2274 4407 οἰκίαν
2304 4351 2566 4425 τύραννος
2617 4345 2946 4421 καταλάϐοι,
3003 4348 3114 4423 ἤδη
3165 4359 3267 4422 τῆς
3314 4351 3491 4416 οἰκίας
3519 4353 3554 4423 ἡ
3590 4352 3759 4409 αἰτία.

2169 4438 2534 4514 Ταλαίπωρος
2592 4439 2703 4513 ἐγὼ
2763 4440 3067 4511 ἄνθρωπος’
3126 4440 3210 4504 τίς
3285 4462 3354 4519 με
3430 4440 3650 4518 ῥύσεται
3703 4440 3769 4498 ἐκ

2095 4533 2192 4585 τοῦ
2251 4529 2506 4602 σώματος
2558 4532 2657 4584 τοῦ
2715 4529 2943 4592 θανάτου
3000 4529 3242 4600 toﬁ-too;
3308 4532 3641 4606 Εὐχαριστῷ
3678 4535 3759 4604 τῷ

348 4648 372 4680 α
398 4626 600 4682 Jesum
632 4624 930 4680 Christum
956 4622 1274 4679 Dominum
1306 4624 1808 4697 nostrum.ltaque
1829 4623 1988 4681 idem

2103 4623 2215 4691 Θεῷ
2275 4639 2382 4693 μου
2442 4614 2532 4673 διὰ
2588 4618 2769 4689 Ἰησοῦ
2847 4620 3088 4689 Χριστοῦ
3154 4624 3251 4675 τοῦ
3307 4618 3516 4696 Κυρίου
3568 4620 3754 4693 ἡμῶν.

344 4737 373 4766 ι(
408 4731 512 4790 ego
528 4720 725 4771 mente
741 4712 981 4787 quidem
996 4712 1188 4768 servio
1204 4712 1315 4784 legi
1343 4712 1647 4778 Dei,carne
1662 4718 1860 4769 autem
1876 4713 1988 4787 legi

348 4827 370 4855 ι
406 4805 654 4877 peccati.
691 4826 717 4853 η

416 4894 558 4959 Quis
585 4910 677 4950 me
710 4893 923 4965 eripiet
952 4907 1022 4949 ex
1048 4891 1457 4964 corporalibus
1490 4893 1639 4948 meis
1656 4891 1990 4948 actionibus

344 4982 713 5054 spiritualem
750 4989 1000 5037 mortem
1032 4980 1453 5037 inducentibus
1480 4980 1508 5037 ?
1538 4981 1641 5037 Vel
1675 4999 1688 5036 ε
1724 4981 1862 5046 Quis
1893 4997 1987 5037 me

345 5072 560 5144 eripiet
589 5088 663 5127 ne
695 5072 984 5144 corripiar
1015 5089 1047 5127 a
1070 5071 1571 5144 concupiscentiis
1603 5087 1734 5143 quas
1765 5071 1827 5126 in
1859 5089 1986 5128 cor-

347 5177 487 5233 pore
519 5167 676 5217 sunt.
712 5178 963 5233 qumque
996 5177 1156 5216 mors
1187 5161 1359 5217 nobis
1382 5161 1578 5217 sunt?
1603 5161 1743 5227 Quis
1773 5177 1990 5232 nempe

336 5249 491 5304 alius
520 5253 734 5319 praeter
762 5249 1059 5304 Christum
1086 5248 1113 5301 ‘?
1140 5249 1287 5305 Nam
1338 5249 1398 5303 id
1446 5248 1623 5304 tacite
1669 5248 1983 5322 signiﬁcat.

338 5361 364 5388 ‹‹
403 5336 630 5392 Gratius
661 5352 767 5409 ago
795 5337 927 5395 Deo.
957 5336 1092 5407 quis
1130 5353 1226 5393 me
1258 5338 1479 5409 eripuit
1506 5353 1613 5409 per
1669 5337 1985 5394 Dominum

338 5433 607 5483 nostrum
639 5427 835 5482 Jesum
868 5426 1186 5484 Christum.
1224 5451 1249 5477 ››
1285 5429 1485 5498 Neque
1519 5428 1675 5481 enim
1713 5426 1807 5482 lex
1836 5426 1985 5482 libe-

337 5524 451 5583 rat.
488 5522 679 5588 neque
710 5533 841 5573 mea
869 5517 1142 5574 voluntas
1182 5518 1319 5574 licet
1387 5534 1620 5574 summe
1679 5517 1979 5576 laborans.

340 5629 371 5659 ‹‹
403 5607 629 5671 Gratias
660 5622 766 5678 ago
799 5607 938 5663 Deo.
974 5626 997 5658 ιο
1024 5606 1170 5673 Quia
1195 5607 1343 5679 ipse,
1367 5607 1583 5679 inquit,
1640 5622 1733 5664 me
1765 5607 1985 5680 eripuit

340 5714 447 5769 per
477 5704 730 5754 mortem
765 5696 892 5752 Filii
926 5696 1039 5752 sui.
1074 5718 1103 5744 ‹‹
1136 5699 1327 5753 Mente
1359 5695 1600 5768 quidem
1646 5697 1838 5753 servio
1867 5696 1978 5767 legi

2097 4709 2237 4785 ’Ἄρα
2298 4706 2391 4762 οὖν
2457 4707 2621 4770 αὐτὸς
2687 4706 2793 4783 ἐγὼ
2859 4712 2937 4779 τῷ
3006 4709 3102 4781 μὲν
3166 4709 3252 4765 νοὶ
3311 4706 3558 4766 δουλεύω
3595 4710 3758 4784 νόμῳ

2099 4802 2256 4867 Θεοῦ,
2288 4798 2359 4869 τῇ
2389 4793 2448 4852 δὲ
2478 4796 2654 4868 σαρκὶ,
2687 4796 2845 4870 νόμῳ
2877 4797 3165 4873 ἁμαρτίας.

2168 4887 2266 4950 Τίς
2310 4907 2377 4961 με
2435 4885 2673 4963 ῥύσεται,
2734 4887 2919 4964 φησὶν,
2977 4885 3036 4943 ἐκ
3091 4892 3199 4943 τῶν
3256 4890 3586 4961 σωματίκῶν
3652 4910 3763 4961 μου

2097 4976 2364 5052 πράξεων,
2394 4980 2503 5031 τῶν
2561 4976 2653 5031 τὸν
2709 4975 2907 5045 νοητὸν
2968 4976 3285 5050 ἐπαγουσῶν
3344 4980 3612 5047 θάνατονς
3659 4980 3763 5049 Ἦ,

2096 5063 2193 5128 Τίς
2242 5085 2309 5139 με
2359 5065 2573 5140 ῥύσεται
2627 5063 2733 5119 ἀπὸ
2774 5069 2872 5121 τοῦ
2934 5066 3009 5137 μή
3053 5070 3480 5142 συναρπάζεσθαι
3512 5068 3612 5123 ὑπὸ
3641 5072 3757 5124 τῶν

2095 5154 2148 5209 ὲν
2181 5159 2259 5226 τῷ
2288 5155 2501 5224 σώματι
2534 5154 2864 5225 ἐπιθυμιῶν,
2904 5152 2963 5209 α’ί
3016 5155 3246 5221 θένατός
3276 5157 3408 5213 εἰσιν
3441 5159 3615 5232 ἦμῖνς
3649 5158 3755 5221 Τίς

2100 5244 2194 5308 μὲν
2227 5245 2318 5300 οὗν
2346 5241 2519 5303 ἄλλος
2576 5240 2613 5313 ἤ
2673 5245 2701 5298 6
2759 5245 2993 5320 Χριστός
3021 5263 3036 5314 ;
3105 5247 3283 5303 Τοῦτο
3312 5248 3412 5322 γὰρ
3443 5249 3625 5324 ἠρέμα
3656 5247 3757 5323 ἐμ-

2096 5336 2291 5415 φαίνει.
2342 5362 2362 5386 ι
2401 5337 2727 5413 Βύχαριστῶ
2777 5339 2854 5407 τῷ
2897 5341 3014 5408 Θεῷ
3061 5338 3211 5401 ὅστις
3258 5360 3326 5412 με
3369 5338 3633 5414 ὲῤῥύσατο
3665 5338 3759 5396 δι’ἓι

2091 5430 2190 5483 τοῦ
2246 5425 2451 5498 Κυρίου
2506 5427 2671 5498 ἡμῶν
2733 5425 2919 5497 Ἰησοῦ
2978 5429 3239 5499 Χριστοῦ.
3290 5454 3319 5482 ›)
3378 5426 3515 5486 Οὔτε
3567 5430 3668 5505 γὰρ
3729 5432 3758 5486 6

2091 5514 2265 5592 νόμος
2320 5514 2526 5591 ῥύεται,
2584 5512 2772 5586 οὔτεή
2807 5515 2913 5587 ἐμὴ
2972 5517 3289 5593 προαίρεσις
3348 5516 3752 5592 σπουδάζουσα.

2093 5629 2123 5659 u
2154 5604 2480 5683 Εὐχαριστῶ
2530 5608 2668 5677 Θεῷ.
2703 5628 2732 5656 υ
2786 5605 2915 5661 ’Ότι
2971 5605 3133 5669 αὐτός
3192 5628 3279 5681 με,
3341 5608 3525 5687 φησὶν,
3582 5607 3746 5685 ἑῤῥύ‹

2094 5715 2223 5750 σατο
2256 5693 2345 5749 διὰ
2391 5699 2488 5749 τοῦ
2519 5695 2747 5751 θανάτου
2803 5697 2900 5750 τοῦ
2957 5696 3085 5752 Υίοῢ
3142 5696 3325 5753 αύτοῦ.
3360 5722 3389 5751 ‹‹
3421 5702 3509 5770 Τῷ
3543 5698 3636 5771 μὶν
3666 5696 3767 5757 νοῒ
