4114 6412
306 343 425 407 871

1394 341 1754 410 (ECUMEN
1762 342 1811 404 ΙΙ
1856 340 2162 404 ’1³810Οῶ
2204 338 2581 404 EPISCOPI.

3620 341 3747 404 478

312 478 512 536 carnis
543 479 927 553 peccatiﬁon
953 478 1113 536 enim
1136 479 1332 537 aliena
1344 480 1455 536 sibi
1478 479 1670 536 univit
1695 483 1963 535 anostra.

2078 473 2154 538 ὡς
2214 474 2260 531 εἱ
2317 473 2485 531 εἷπεν·
2561 473 2649 531 ’Ev
2715 470 3035 547 ὁμοιώματι
3119 467 3460 545 ἁμαρτωλῆς
3518 472 3741 549 σαρκὸς,

315 569 724 626 AbsiUVerum
760 587 879 625 non
915 587 1044 626 eam
1081 588 1213 643 qum
1241 577 1476 643 peccato
1509 569 1765 626 obnoxia
1794 573 1967 635 essst,

319 661 420 715 sed
455 674 586 729 qum
619 658 1045 730 impeccabilis.
1076 666 1360 732 tanquam
1393 661 1674 716 dixisset:
1708 658 1768 713 In
1800 657 1966 714 simi-

312 747 564 803 litudine
599 750 964 819 peccatricis.
1001 751 1123 806 sive
1156 757 1397 822 peccato
1439 750 1710 806 obnoxius
1746 747 1965 814 carnis,

311 836 690 908 imprecabili
725 845 923 895 tamen
957 856 1157 896 carne.
1212 840 1387 895 Divus
1419 839 1694 911 Cyrillns.
1735 837 1966 892 decimo

313 924 523 997 quinto
558 925 707 980 libro
740 927 1013 983 Adversus
1070 927 1405 983 Ιιιιιαηιιιηε
1460 930 1705 999 Corpus.
1752 926 1966 996 inquit,

311 1014 531 1069 tzhri~ti
563 1031 684 1070 non
708 1021 836 1071 erat
883 1017 1110 1088 peccati
1171 1033 1411 1089 corpus.
1473 1015 1579 1071 sed
1638 1012 1967 1072 similitudo

310 1108 510 1162 carnis
541 1107 790 1179 peccati.
857 1129 884 1157 »
947 1106 1293 1164 Ostenditur
1332 1108 1618 1164 Dominus
1662 1106 1968 1165 naturales

314 1197 650 1267 suscepisse
683 1196 1032 1253 affectiones
1062 1196 1138 1254 ad
1172 1198 1694 1254 conﬁrmationem
1726 1213 1880 1253 vera:
1912 1203 1973 1253 et

311 1301 436 1341 non
463 1284 850 1357 phantasticw
882 1286 1316 1343 incarnationis
1335 1303 1453 1343 Sive
1468 1287 1845 1361 susceptione
1864 1287 1969 1341 hu-

314 1376 997 1439 manitatis;ali"ectiones
1030 1393 1166 1433 vero
1198 1394 1379 1449 quasa
1407 1378 1642 1435 malitia
1671 1376 1968 1440 oriuntur,

320 1481 695 1538 quaecunque
727 1484 936 1538 puram
969 1468 1145 1523 vitam
1188 1475 1452 1525 nostram
1508 1469 1970 1538 commaculant,

316 1561 602 1627 tanquam
634 1557 1019 1614 immaculata
1040 1557 1352 1615 divinitate
1369 1559 1644 1633 indignas
1665 1559 1968 1630 rejecisse.

318 1644 632 1716 Propterea
661 1646 879 1702 dictum
914 1652 1005 1703 est
1044 1648 1239 1720 ipsum
1267 1648 1486 1705 factum
1516 1664 1646 1705 esse
1677 1649 1738 1705 in
1759 1649 1974 1705 simili-

319 1735 526 1790 tudine
556 1736 757 1792 carnis
788 1738 1293 1809 peccati.Carnem
1324 1739 1524 1812 itaque
1541 1744 1807 1795 nostram
1834 1756 1970 1796 cum

2070 564 2448 641 ἀναμάρτητον
2478 562 2556 620 δὲ.
2607 564 2669 619 Ὁ
2720 561 2773 619 ἐν
2833 562 3013 639 ἁγίοις
3064 559 3345 638 Κηῧριλλος
3402 561 3454 617 ἰν
3519 556 3734 638 βιϐλίῳ

2077 657 2256 725 ιε’τῆς
2289 652 2787 718 Κατὶίουλιανοῦ,
2823 676 2852 705 ιι
2880 652 2951 707 Τὸ
3000 657 3184 725 σῶμα,
3242 653 3403 733 φησί,
3460 656 3558 708 τοῦ
3594 658 3733 729 Χρι-

2073 750 2224 813 στοῦ,
2256 745 2355 801 οὐκ
2382 746 2451 816 ἦν
2483 743 2750 820 ἁμαρτίας
2782 747 2966 815 σῶμα,
3024 741 3153 798 ἀλλ’
3206 744 3476 817 ὁμοίωμα
3534 742 3736 815 σαρκὸς

2071 836 2340 911 ἁμαρτίας
2399 860 2427 887 ››
2459 833 2715 891 Φαίνεται
2748 833 2776 888 ὁ
2810 833 3030 903 Κύριος,
3060 832 3128 888 τά
3185 833 3283 907 μὶν
3335 831 3539 910 φυσικὰ
3589 833 3737 903 πάθη

2073 924 2511 1001 παραδεξάμενος
2590 925 2727 1000 πρὸς
2814 917 3105 998 βεϐαίωσιν
3158 929 3260 993 τῆς
3324 920 3593 991 ἀληθινῆς
3648 922 3741 978 καὶ

2075 1017 2139 1073 οὗ
2171 1016 2307 1073 κατᾶ
2347 1013 2638 1095 φαντασίαν
2695 1012 3180 1088 ἑνανθρωπήσεως,
3238 1011 3306 1068 τὰ
3363 1009 3423 1068 δὶ
3476 1012 3583 1066 ἀπὸ
3639 1032 3738 1067 κα-

2073 1108 2195 1170 κίας
2221 1109 2388 1178 παθη,
2421 1105 2521 1161 ὅσα
2545 1107 2609 1163 τὸ
2638 1104 2871 1179 καθαρὸν
2902 1106 3004 1167 τῆς
3064 1107 3216 1174 ζωῆς
3275 1105 3435 1175 ἡμῶι
3467 1101 3738 1177 καταρῥυ-

2074 1200 2274 1270 παίνει,
2308 1201 2383 1263 ὡς
2416 1199 2604 1271 ἀνάξια
2626 1204 2724 1268 τῆς
2781 1197 3061 1270 ἀγρὰντου
3119 1195 3379 1266 θεότητος
3435 1194 3734 1270 ἀπωσάμεο

2073 1313 2185 1354 νος.
2224 1291 2321 1346 Διὰ
2344 1295 2506 1346 τοῦτο
2534 1286 2772 1360 εἶ’ρηται,
2815 1285 2867 1341 ἐν
2923 1284 3242 1358 ὁμοιώματι
3272 1291 3593 1364 γεγενῆσθαι
3640 1282 3740 1340 αὖ-

2076 1383 2169 1439 τὸν
2203 1381 2400 1456 σαργὸς
2431 1381 2720 1455 ἁμαρτιας.
2753 1380 2918 1433 Ὥστε
2947 1380 3119 1450 σάρκα
3150 1377 3246 1451 μὲν
3298 1376 3400 1445 τήν
3458 1375 3735 1447 ἡμετέραν

2076 1466 2241 1529 ἔλαϐε
2276 1470 2409 1543 μετὰ
2439 1474 2546 1525 τῶν
2576 1472 2814 1551 φυσικῶν
2864 1462 3033 1537 αὐτῆς
3092 1470 3298 1539 παθῶν,
3365 1464 3631 1537 ἁμαρτίαν
3679 1460 3739 1519 δὲ

2076 1561 2177 1617 οὐκ
2231 1557 2508 1630 ἐποίησεν.
2572 1582 2598 1611 ιι
2636 1556 2742 1614 Καὶ
2793 1556 2919 1630 περὶ
2980 1553 3251 1632 ἁμαρτίας
3299 1554 3579 1627 κατέκρινε
3632 1552 3733 1622 τήν

2077 1651 2369 1726 ἁμαρτίαν.
2408 1673 2435 1701 η
2467 1649 2594 1724 Οὐχ
2654 1645 2869 1716 ἁπλῶς,
2929 1647 3111 1716 φησὶν,
3174 1642 3301 1700 οὐδέ
3349 1643 3733 1715 ἀνεξετάστως,

2075 1741 2208 1796 καθὸ
2267 1737 2326 1795 δὲ
2380 1736 2606 1801 δυνατός
2655 1737 2790 1803 ἐστι,
2821 1734 3100 1812 κατέκρινε
3134 1736 3236 1806 τὴν
3264 1733 3555 1811 ἁμαρτίαν,
3588 1734 3738 1806 πρῶ-

320 1824 702 1881 naturatibus
735 1825 858 1881 suis
903 1828 1320 1884 affectionibus
1351 1829 1600 1901 accepit,
1634 1828 1737 1884 sed
1763 1845 1969 1901 pecca-

2076 1852 2168 1886 τον
2232 1826 2509 1905 διελέγξας
2558 1828 2626 1882 τὰ
2654 1826 2880 1903 μέγιστα
2954 1824 3249 1882 πταίουσαν
3308 1823 3400 1881 καὶ
3480 1823 3736 1922 ἁμαρτά.

319 1920 447 1973 tum
477 1931 601 1972 non
632 1916 790 1972 fecit.
825 1940 853 1967 «
888 1918 958 1973 Et
986 1935 1091 1991 pro
1115 1925 1357 1991 peccato
1388 1920 1805 1977 condemnavit
1832 1937 1973 1994 pec-

318 2011 540 2063 catum.
578 2027 607 2056 »
641 2008 766 2062 Non
798 2024 1156 2080 quocunque
1187 2010 1383 2075 modo,
1415 2010 1631 2082 inquit,
1657 2016 1760 2066 aut
1802 2010 1970 2066 nulla

311 2094 468 2151 facta
494 2094 867 2152 discussione
880 2097 1054 2169 juxta
1075 2114 1241 2154 suam
1270 2100 1598 2171 potentiam
1613 2100 1970 2157 condemna-

312 2182 396 2237 vit
415 2185 858 2254 peccatum,sed
876 2188 1211 2244 convictum
1234 2189 1426 2260 primo
1458 2191 1714 2247 maxime
1737 2190 1970 2262 lapsum

312 2286 445 2327 esse
477 2288 546 2328 ac
577 2272 1086 2345 deliquisse.Nam
1116 2277 1228 2334 hoc
1250 2279 1593 2335 manifestat
1613 2279 1770 2351 quod
1802 2279 1974 2335 ait.et

312 2377 420 2434 pro
451 2371 716 2433 peccato,
750 2365 1075 2422 ostendens
1101 2373 1409 2438 peccatum
1433 2368 1971 2441 impudenterdeli—

311 2450 535 2522 quisse.
566 2482 638 2495 -—
664 2453 797 2509 Alio
834 2457 1017 2511 modo.
1081 2457 1407 2529 Dupliciter
1458 2458 1752 2532 contingit
1808 2458 1970 2514 hunc

308 2540 515 2597 locum
573 2543 974 2616 interpretari.
1035 2548 1136 2604 Vel
1196 2549 1306 2605 hoc
1360 2549 1491 2607 loco
1523 2550 1968 2625 distinguendo,

319 2652 343 2680 ι
377 2632 489 2687 Pro
521 2639 823 2704 peccato,»
855 2640 922 2691 ut
970 2637 1047 2692 sit
1077 2654 1288 2696 sensus
1349 2656 1362 2695 :
1401 2662 1430 2691 «
1480 2642 1592 2697 Pro
1639 2647 1903 2715 peccato,
1940 2663 1968 2692 »

318 2720 381 2778 id
409 2726 705 2787 est,causa
724 2725 952 2796 peccati
980 2732 1046 2782 ut
1074 2728 1266 2800 ipsum
1283 2730 1632 2798 auferret,et
1662 2748 1774 2789 nos
1795 2731 1867 2788 ab
1899 2748 1967 2788 eo

308 2809 533 2866 liberos
572 2812 870 2872 redderet.
923 2816 1047 2882 Quo
1100 2834 1237 2893 ergo
1265 2819 1442 2876 modo
1484 2820 1634 2877 illud
1667 2821 1971 2878 abstulit?

305 2899 726 2957 Condemnans
749 2903 963 2975 ipsum.
989 2907 1111 2961 Non
1155 2908 1316 2963 enim
1349 2909 1704 2983 simpliciter
1731 2915 1835 2967 aut
1863 2909 1970 2966 ab-

307 2987 502 3044 soluto
515 2992 799 3061 potentia.
811 2993 914 3049 sed
929 2994 1295 3065 injudicium
1312 2998 1638 3056 adductum
1655 3005 1714 3055 et
1729 3006 1963 3074 captum

310 3092 442 3133 esse
474 3078 804 3136 declarans.
831 3083 1137 3148 Quomodo
1171 3087 1352 3159 igitur
1388 3094 1626 3161 captum
1652 3093 1741 3144 est
1765 3105 1833 3146 ac
1862 3090 1966 3145 de.

312 3165 530 3222 victum
564 3167 592 3224 ’ἲ
620 3169 731 3224 Per
762 3187 1003 3228 carnem
1035 3172 1243 3244 ipsius.
1280 3177 1423 3232 Nam
1472 3194 1608 3233 cum
1640 3177 1714 3233 ad
1745 3177 1963 3233 Christi

308 3272 549 3313 carnem
575 3258 855 3316 accedere
889 3262 1173 3320 voluisset
1227 3282 1340 3322 nec
1387 3268 1701 3339 potuisset,
1725 3274 1962 3339 captum

313 3351 405 3400 est
433 3362 502 3401 ac
533 3345 960 3405 devictum.Vel
993 3367 1133 3423 ergo
1159 3353 1718 3428 itaintelligendum
1749 3358 1973 3413 esthoc

310 3433 445 3491 loco
475 3434 1027 3508 distinguendo,aut
1056 3443 1475 3516 conjungendo
1498 3445 1658 3503 istud
1672 3446 1970 3517 sequenti-

314 3523 449 3588 bus,
483 3531 550 3579 ut
579 3524 657 3579 sit
686 3542 900 3583 sensus
935 3544 948 3583 :
984 3531 1094 3585 Pro
1115 3540 1357 3602 peccato
1386 3535 1803 3592 condemnavit
1831 3552 1971 3608 pec-

317 3614 657 3673 catum.hoc
691 3622 801 3683 est,
834 3619 988 3688 quod
1024 3622 1281 3680 maxime
1312 3623 1684 3698 deliquisset,
1717 3627 1871 3683 802
1903 3644 1971 3684 ac

317 3703 368 3759 si
397 3702 835 3771 dixissetzQuod
864 3725 972 3779 per
1009 3709 1232 3767 bonum
1264 3721 1660 3785 perpetrasset
1695 3716 1918 3774 malum
1954 3734 1968 3784 ;

322 3792 483 3864 quod
517 3794 580 3848 in
613 3796 1020 3867 superioribus
1046 3815 1154 3871 per
1183 3801 1569 3875 hyperbolem
1587 3805 1823 3863 dicebat
1842 3823 1973 3879 pec-

321 3897 467 3939 cans
495 3890 805 3955 peccatum
837 3888 959 3953 Quo
991 3897 1185 3947 autem
1221 3891 1397 3950 modo
1431 3893 1544 3950 hoc
1573 3895 1793 3952 factum
1826 3902 1917 3952 est
1944 3896 1973 3953 ‘I

317 3973 617 4045 quomodo
647 3974 1117 4034 condemnatum
1149 3988 1239 4036 est
1268 3982 1296 4036 ?
1324 3984 1436 4037 Per
1456 4000 1718 4054 carnem,
1750 3986 1967 4058 inquit,

314 4061 677 4132 ipsius.Nam
695 4065 804 4120 hoc
820 4067 1158 4124 mirandum
1175 4072 1434 4142 estquod
1459 4089 1565 4144 per
1582 4090 1821 4129 carnem
1838 4091 1970 4145 quae

315 4150 460 4205 olim
493 4158 734 4220 peccato
767 4153 1023 4211 obnoxia
1065 4165 1212 4220 erat.
1274 4160 1470 4230 ipsum
1528 4163 1967 4219 condemnavit.

327 4239 962 4304 Quomod0?Servando
995 4246 1269 4305 videlicet
1296 4249 1626 4306 immunem
1650 4269 1684 4308 a
1705 4259 1968 4324 peccato.

323 4329 468 4385 Nam
499 4346 636 4385 cum
668 4331 749 4386 ita
778 4333 1190 4399 vicisset,illud
1223 4338 1403 4395 etiam
1435 4342 1667 4412 punivit
1698 4361 1710 4398 :
1744 4349 1971 4415 peccati

319 4433 458 4473 vero
489 4419 720 4490 punitio
752 4421 863 4476 fuit
893 4424 1081 4495 ipsius
1110 4426 1492 4500 interemptio
1532 4451 1547 4498 ;
1581 4436 1639 4486 et
1667 4432 1750 4488 ita
1779 4433 1841 4488 in
1869 4429 1972 4488 Dei

319 4508 673 4580 obsequium
688 4514 880 4569 manci
889 4515 1084 4586 pando
1097 4517 1169 4573 ad
1184 4518 1707 4593 interemptionem
1720 4524 1968 4597 peccati.

317 4620 346 4649 ιι
382 4598 820 4672 Utjustiﬁcatio
842 4584 989 4676 legis
1021 4607 1428 4679 impleretur,»
1445 4584 1506 4667 et
1527 4629 1600 4669 ne
1638 4584 1772 4685 quis
1788 4584 1966 4672 dicati
2004 4584 2048 4648 Β

315 4688 386 4745 Et
415 4688 561 4760 quid
593 4690 705 4747 hoc
735 4692 810 4748 ad
840 4710 952 4750 nos
975 4695 1097 4751 ?ait
1130 4713 1142 4751 :
1178 4698 1309 4754 Haec
1339 4700 1480 4756 fecit
1508 4702 1777 4761 Christus
1807 4710 1873 4760 ut
1893 4706 1962 4761 ll-

312 4778 408 4833 nis
426 4779 703 4853 legis,qui
717 4784 1609 4861 estjustilicatio,implereturin
1628 4795 1972 4860 nobis.Quis

316 4875 406 4924 est
434 4876 632 4927 autem
670 4873 805 4929 ﬁnis
837 4874 1088 4947 legis‘mt
1116 4895 1240 4935 non
1272 4896 1539 4939 essemus
1557 4884 1962 4942 maledictioni

319 4957 617 5014 obnoxii.«
651 4963 1008 5035 Impleretur
1036 4975 1237 5024 autem
1278 4970 1340 5026 in
1371 4972 1547 5028 nobis
1580 4990 1593 5041 ;
1630 4996 1658 5025 ››
1690 4975 1914 5041 Quibus
1936 4975 1965 5031 ?

321 5044 428 5108 Qui
462 5047 762 5115 nolumus,
795 5052 1010 5125 inquit,
1045 5057 1368 5114 carnaliter
1403 5061 1617 5126 vivere,
1651 5062 1757 5118 sed
1789 5064 1973 5135 spiri-

319 5133 580 5189 tualiter.
616 5139 695 5193 Ne
727 5143 884 5197 enim
918 5142 1497 5206 diceres:\’ictoriam
1522 5133 1974 5210 obtinuitChric

319 5234 669 5310 stus,neque
700 5228 984 5304 deinceps
1018 5252 1264 5293 necesse
1297 5245 1389 5294 est
1417 5247 1588 5297 caute
1621 5242 1833 5310 vivere,
1867 5243 1972 5299 ad-

319 5308 520 5366 diditzu
559 5315 664 5379 Qui
696 5332 811 5374 non
846 5324 1175 5381 secundum
1225 5342 1466 5385 carnem
1507 5308 1908 5389 ambulamus.
1944 5355 1973 5381 η

323 5403 400 5455 Δις
428 5402 479 5490 νεὶ
515 5402 763 5460 dixisset
802 5425 815 5462 :
856 5410 962 5466 Per
991 5414 1289 5472 Christum
1323 5420 1566 5490 quidem
1598 5421 1660 5477 in
1694 5425 1970 5480 eﬁ‘entum

2080 1939 2297 1976 νουσαν.
2329 1921 2509 1977 Τοῦτο
2542 1914 2715 1989 δηλοῖ
2742 1916 2827 1989 τὸ,
2860 1941 2889 1969 ιι
2919 1916 3011 1972 καὶ
3042 1915 3166 1990 περὶ
3195 1913 3528 1989 ἁμαρτίας,››
3561 1909 3739 1983 δείξας

2078 2011 2309 2075 ἀναιδῶς
2386 2010 2796 2087 ἁμαρτάνουσαν
2865 2008 2966 2080 τήν
3025 2008 3313 2082 ἁμαρτίαν.
3356 2037 3426 2048 -
3476 2001 3731 2065 Ἄλλως.

2078 2107 2263 2179 Διχῶς
2292 2096 2434 2159 ἔστιν
2463 2095 2740 2167 ἐκλαϐεῖν,
2795 2098 2830 2168 ἢ
2886 2097 3162 2169 στίξοντας
3220 2091 3474 2161 ἐνταῦθα,
3528 2089 3620 2146 ’ἶνα
3671 2093 3730 2163 ᾗ.

2078 2191 2429 2251 Ἀπέστειλεν
2487 2193 2516 2247 ὁ
2574 2191 2704 2254 Θεὸς
2762 2190 2886 2246 Υἱὸν
2944 2187 2998 2243 ἐν
3047 2187 3365 2260 ὁμοιώματι
3395 2185 3494 2251 τῆς
3550 2183 3729 2255 ἁμαρ-

2075 2286 2320 2356 τησὰσης
2352 2283 2572 2357 σαρκός.
2608 2280 2737 2341 Καὶ.
2769 2305 2796 2333 ιι
2833 2279 2963 2353 Περὶ
3022 2277 3287 2353 ἁμαρτίας
3343 2271 3424 2341 δὲ,
3488 2298 3513 2323 »ι
3566 2292 3733 2327 τουτ-

2076 2374 2222 2429 ἑστιν
2242 2369 2398 2428 ἕνεκα
2427 2378 2528 2439 τῆς
2570 2369 2840 2445 ἁμαρτίας
2871 2371 2968 2424 τοῦ
2999 2365 3179 2439 ἐξᾶραι
3210 2362 3403 2431 αὐτὴν,
3447 2360 3537 2417 καὶ
3590 2358 3739 2416 ἐλευ-

2076 2467 2310 2539 θερῶσαι
2341 2463 2491 2537 ἡμᾶς
2523 2460 2630 2517 ἀπὸ
2687 2459 2913 2529 ταύτης.
2976 2460 3101 2518 Πῶς
3166 2453 3257 2508 οὗν
3317 2450 3475 2527 ἐξῆρε
3506 2470 3521 2520 ;
3553 2452 3735 2539 Βατα-

2074 2536 2265 2628 κρίνας
2285 2536 2479 2623 αὐτήν.
2513 2550 2592 2608 Οὐ
2623 2549 2726 2626 γὰρ
2758 2546 2949 2609 ἁπλῶς
2982 2548 3069 2602 καὶ
3112 2541 3552 2615 ἑξουσιαστικῶς,
3607 2536 3738 2596 ἀλλ’

2077 2643 2183 2699 ὑπὸ
2218 2639 2376 2711 δίκην
2409 2640 2628 2715 ἀγαγὼν
2660 2639 2856 2707 αὐτὴν,
2903 2637 2995 2692 καὶ
3052 2631 3227 2704 δείξας
3286 2631 3545 2689 ἁλοῦσαν.
3607 2632 3737 2691 Ιιῶς

2076 2733 2168 2789 οὗν
2202 2729 2350 2788 ἑάλω
2381 2730 2473 2786 καὶ
2503 2729 2738 2799 ἥττηται
2776 2746 2790 2797 ;
2824 2730 2914 2782 Ἐν
2944 2729 3014 2799 τῇ
3046 2723 3203 2800 σαρκὶ
3258 2721 3447 2778 αὐτοῦ.
3502 2719 3736 2795 Προσιὲ-

2072 2843 2157 2879 ναι
2194 2821 2298 2897 γὰρ
2335 2819 2692 2897 βουληθεῖσα,
2726 2817 2815 2872 καὶ
2854 2816 2931 2889 μή
2988 2814 3281 2894 ἰσχύσασα,
3312 2808 3462 2868 ἑάλω
3491 2810 3580 2866 καὶ
3635 2808 3735 2879 ἥτ-

2072 2933 2257 2984 τηται.
2289 2912 2362 2967 ’Ἠ
2393 2909 2487 2966 οὖν
2516 2909 2691 2969 οὓτως
2717 2904 3019 2978 ἑκληπτέον
3072 2903 3303 2962 ἀνταῦθα
3358 2902 3662 2971 στίξοντας.
3696 2898 3733 2969 ἢ

2077 3000 2446 3063 συνάπτοντας
2529 2998 2663 3054 αὐτὸ
2713 2998 2833 3059 τοῖς
2891 2995 3102 3069 ἑφεξῆς,
3158 2993 3233 3048 'iv’
3305 2992 3364 3064 ᾗ,
3452 2989 3553 3049 Καὶ
3610 2986 3735 3063 περὶ

2075 3091 2345 3165 ἁμαρτίας
2400 3086 2680 3165 κατέκρινε
2756 3086 2856 3157 τὴν
2944 3080 3236 3157 ἁμαρτίαν,
3301 3078 3599 3145 τουτέστιν,
3659 3078 3737 3140 ὡς

2082 3176 2548 3257 ὑπερϐαλλόντως
2578 3179 2987 3251 ἁμαρτήσασαν,
3021 3174 3134 3229 οῖον
3194 3175 3268 3234 ὡς
3329 3168 3418 3226 διὰ
3447 3169 3737 3257 τοῦ-’ἄγχι

2079 3250 2197 3326 00'3'
2231 3271 2293 3324 τὸ
2349 3269 2516 3323 κακὸν
2577 3250 2984 3331 ἐπιτελέσωσιν,
3047 3264 3179 3335 ὅπερ
3247 3259 3500 3332 ἀνωτέρω
3555 3250 3735 3334 ἔλεγε,

2075 3361 2192 3413 καθ’
2229 3353 2568 3433 ὑπερϐολὴν,
2602 3354 2933 3428 ἁμαρτωλὸς
2965 3354 3000 3422 ἡ
3035 3352 3293 3427 ἁμαρτία.
3330 3352 3453 3409 Πῶς
3484 3343 3543 3402 δὲ
3573 3349 3736 3401 τοῦτο

2074 3449 2261 3528 γὲγονε
2293 3450 2423 3519 ςκαὶ
2459 3452 2575 3510 πῶς
2607 3468 2787 3522 κατεκέ
2812 3448 2895 3517 ίθη
2932 3465 2947 3513 ς
2999 3445 3097 3501 Διὰ
3150 3450 3249 3510 τῆς
3304 3439 3492 3517 σσρκῖς
3541 3438 3731 3503 αὐτοῦ,

2076 3526 2239 3619 ιρησίν
2273 3565 2300 3592 ιι
2335 3541 2422 3596 Ἐν
2453 3542 2522 3612 τῇ
2551 3536 2766 3613 σαρκί.»
2796 3536 3076 3600 Τουτέστι,
3110 3535 3207 3591 Διά
3247 3538 3347 3601 τῆς
3406 3528 3602 3604 σαρκὸς
3633 3526 3734 3584 αὖ·

2073 3639 2195 3705 τοῦ,
2228 3639 2383 3709 φησι.
2417 3636 2595 3691 Τοῦτο
2627 3631 2730 3709 γὰρ
2760 3634 2823 3685 τό
2856 3630 3187 3703 θαυμαστὸν,
3223 3627 3307 3682 ὅτι
3340 3622 3432 3680 διὰ
3474 3629 3577 3693 τῆς
3606 3642 3737 3698 σαρ-

2074 3726 2171 3788 κὸς
2199 3732 2300 3791 τῆς
2342 3723 2516 3780 πάλαι
2566 3720 2764 3800 ἐνόχου
2826 3719 2992 3788 οὔσης
3048 3720 3118 3791 τῇ
3173 3715 3434 3790 ἁμαρτίᾳ,
3493 3712 3739 3787 κατέκρι-

2073 3836 2160 3871 νεν
2188 3815 2378 3885 αὐτήν.
2412 3816 2539 3875 Πῶς
2574 3830 2589 3881 ;
2621 3814 2718 3883 Τῷ
2762 3806 2998 3890 φυλάξαι
3056 3802 3273 3876 δηλαδή
3335 3803 3737 3878 ἀναμάρτητον.

2075 3905 2261 3980 Ταύτῃ
2348 3902 2453 3978 γὰρ
2516 3902 2766 3970 νικήσας,
2822 3898 2995 3968 αὐτὴν
3048 3896 3139 3951 καὶ
3186 3893 3436 3951 ἐκόλασε.
3495 3891 3736 3954 Κόλασις

2076 3991 2136 4050 δὲ
2166 3992 2465 4068 ἁμαρτίας,
2518 3992 2554 4059 ἠ
2611 3986 2879 4064 ἀναίρεσις
2937 3985 3127 4049 αὐτῆς.
3189 3982 3291 4041 Καὶ
3359 3982 3502 4068 οὓτω
3558 3998 3731 4055 παραο

2076 4078 2264 4136 δοῦναι
2289 4067 2369 4141 εἰς
2395 4077 2488 4132 τὸν
2513 4076 2643 4132 Θεὸν
2676 4074 2765 4130 ἐπὶ
2797 4071 3059 4150 ἀναιρέσει
3091 4078 3194 4141 τῆς
3240 4067 3525 4145 ἁμαρτίας.
3559 4091 3586 4118 ιι
3618 4067 3735 4122 Ἵνα

2075 4168 2137 4226 τὸ
2168 4165 2449 4242 δικαίωμα
2477 4169 2576 4221 τοῦ
2600 4164 2775 4239 νόμου
2806 4161 3108 4237 πληρωθῇ.
3171 4183 3201 4213 »ι
3258 4158 3358 4217 Καὶ
3412 4156 3504 4213 ἳνα
3547 4156 3621 4230 μή
3653 4173 3737 4218 τις

2075 4257 2235 4334 λὲγῃ,
2271 4257 2369 4312 Καὶ
2401 4255 2453 4313 τί
2483 4254 2619 4328 πρὸς
2662 4256 2812 4329 ἡμᾶς
2859 4258 3023 4307 τοῦτο
3061 4270 3075 4321 ;
3106 4250 3264 4331 φησί,
3321 4251 3489 4305 ταῦτα
3546 4244 3736 4313 ἐποίη-

2077 4370 2163 4404 σεν
2195 4349 2223 4401 ὁ
2253 4345 2507 4420 Χριστὸς,
2536 4342 2633 4399 ’ίνα
2671 4345 2700 4399 ὁ
2732 4343 2934 4405 σκοπὸς
2984 4345 3082 4397 τοῦ
3136 4338 3311 4412 νόμου
3371 4340 3553 4403 (τοῦτο
3609 4334 3738 4410 γὰρ,

2073 4439 2138 4494 τὸ
2170 4435 2467 4511 δικαίωμα)
2518 4435 2795 4508 πληρωθῇ
2854 4431 2905 4487 ἐν
2961 4433 3117 4504 ἡμῖν.
3178 4428 3277 4491 Τίς
3332 4425 3391 4483 δὲ
3449 4427 3478 4482 ὁ
3536 4424 3741 4486 σκοπὸς

2075 4532 2172 4585 τοῦ
2203 4528 2377 4601 νόμου
2411 4545 2425 4595 ;
2457 4524 2534 4583 Τὸ
2566 4526 2641 4597 μὴ
2674 4523 2917 4601 γίνεσθαι
2949 4523 3099 4594 ἡμᾶς
3133 4517 3459 4578 ὑπευθύνους
3612 4514 3734 4587 ἀρᾷ.

2081 4643 2109 4671 ιι
2140 4616 2422 4692 Ιιληρωθῇ
2454 4612 2513 4670 δὲ
2540 4611 2594 4670 ἐν
2626 4616 2816 4687 ἡμῖν..
2852 4612 2977 4668 Τίσι
3012 4629 3026 4678 ς
3058 4612 3191 4671 Τοῖς
3225 4609 3300 4683 μή
3330 4602 3736 4692 θὲλουσι,φησί,

2081 4690 2355 4784 σαρκικῶς
2410 4708 2525 4777 ζῇν,
2585 4701 2732 4760 ἁλλὰ
2789 4703 3193 4774 πνευματικῶς,
3248 4699 3361 4784 Ἵνα
3405 4695 3508 4772 γὰρ
3546 4694 3624 4769 μὴ
3656 4690 3738 4748 εἲ-

2082 4781 2212 4873 πῄς,
2246 4796 2524 4866 Ἐνίκησεν
2582 4794 2610 4849 ὁ
2674 4791 2922 4870 Χριστὸς,
2982 4790 3075 4845 καὶ
3133 4788 3235 4845 οὐκ
3291 4781 3370 4844 ἔτι
3429 4784 3588 4861 χρεία
3641 4785 3737 4855 ζῇν

2084 4884 2344 4965 ἀσφαλῶς
2373 4884 2736 4959 προσέθηκεμι
2770 4883 2903 4941 Τοῖς
2937 4880 3014 4953 μή
3045 4877 3182 4935 κατὰ
3212 4876 3381 4951 σάρκα
3403 4875 3741 4974 napi-mro??-

2083 4964 2189 5045 σιν,
2225 4996 2250 5028 ε
2283 4974 2361 5036 ὡς
2386 4972 2437 5027 εἷ’
2467 4972 2602 5027 εἶπε·
2631 4971 3003 5045 Κατώρθωται
3066 4967 3161 5041 μὶν
3212 4965 3265 5021 ἐν
3312 4967 3450 5038 ἡμῖν
3480 4964 3509 5018 ὁ
3540 4964 3746 5022 σκοπὸς

2082 5069 2181 5120 τοῦ
2210 5063 2382 5137 νόμου
2410 5059 2501 5118 διὰ
2530 5064 2792 5136 Χριστοῦ,
2826 5054 2974 5128 πλὴν
3024 5055 3170 5113 ἀλλὰ
3199 5054 3289 5111 καὶ
3342 5057 3504 5128 ἡμῶν
3559 5051 3743 5125 χρεία.

2086 5156 2324 5215 Ἐκεῖνος
2364 5153 2458 5226 μὲν
2486 5151 2589 5229 γὰρ
2621 5144 2792 5206 ἔδωκε
2819 5150 2920 5219 τήν
2971 5147 3130 5217 νίκην
3187 5145 3279 5201 καὶ
3337 5143 3429 5198 τὸν
3462 5137 3743 5218 στέφανον,

2084 5245 2244 5321 ἡμῶν
2301 5241 2360 5300 δὲ
2409 5226 2824 5311 τὸήδυνηθῇναι
2872 5242 3170 5318 κατασχεῖν
3225 5234 3294 5291 τά
3348 5230 3595 5301 δοθέντα,
3656 5226 3748 5321 8ιὰ

2084 5332 2371 5397 πολιτείας
2400 5336 2653 5413 χρηστῆς
2684 5330 2777 5386 καὶ
2808 5329 3063 5392 πίστεως.
3093 5325 3272 5386 Τοῦτό
3304 5323 3417 5380 ἐστι
3444 5322 3531 5393 τὸ,
3550 5346 3578 5375 ιι
3611 5320 3750 5376 κατὰ

2086 5426 2327 5497 ῐΙνεῦμα.
2353 5444 2378 5474 ι

324 5489 616 5546 deductus
647 5500 739 5549 est
771 5513 825 5551 In
861 5500 1195 5576 nobislegis
1237 5523 1473 5580 scopus.
1516 5518 1925 5570 verumtamen
1984 5532 2019 5572 a
2051 5489 2243 5571 nobis'
2282 5529 2519 5586 quoque
2575 5511 2856 5569 nonnihil
2912 5510 3260 5581 requiritur.
3295 5504 3603 5579 Siquidem
3644 5500 3749 5555 ille

325 5579 633 5637 victonam
664 5584 831 5641 dedit
858 5603 927 5643 ac
957 5605 1239 5648 coronam
1274 5611 1286 5649 :
1322 5579 1594 5655 nostrum
1618 5606 1818 5657 autem
1851 5608 1944 5657 est
1972 5609 2040 5658 ut
2068 5603 2205 5660 data
2236 5579 2535 5675 possimus
2565 5601 2837 5657 obtinere
2866 5579 3204 5674 perbonam
3236 5593 3749 5654 conversationem

323 5669 624 5741 uc‘ﬁdem,
662 5673 773 5729 hoc
798 5681 908 5742 est,
950 5678 1105 5748 quod
1138 5681 1239 5751 ait,
1274 5706 1301 5734 ‹‹
1331 5684 1671 5746 Secundum
1718 5689 1995 5763 Spiritus.
2030 5716 2056 5743 »
