4114 6450
278 362 398 424 ιτε

1403 361 1830 426 αεευιιειγιῑ
1871 358 2180 422 ΊἬῙΟΟιΕ
2229 357 2603 423 EPISCOPI.

3588 358 3708 422 476

277 505 377 559 ctu
409 497 726 572 spirituall.
761 520 791 549 ‹‹
841 496 1146 568 Siquidem
1186 497 1438 570 Spiritus
1471 496 1572 554 Dei
1615 494 1927 554 habitatin
1962 553 1966 560 η

2075 490 2317 567 πράξεσιν,
2359 488 2488 548 ἀλλ’
2545 491 2596 547 ἐν
2652 493 3006 566 πνευματικῷ
3066 490 3400 568 φρονήματι,
3465 515 3492 544 α
3535 490 3705 569 Εἴπερ

280 589 464 644 vobis.
501 609 529 636 »
559 587 713 641 304
746 588 870 640 Non
917 592 1007 641 est
1038 586 1149 642 hoc
1196 586 1327 642 loco
1356 587 1535 641 dictio
1583 583 1732 656 εἐπερ
1766 584 1938 640 dubi-

279 678 480 740 tantis,
518 675 622 730 sed
670 677 800 744 ejus
859 677 959 746 qui
1013 682 1209 730 certus
1257 683 1348 731 est
1377 693 1445 732 ac
1484 676 1697 739 credit,
1731 691 1838 745 pro
1873 689 1940 728 eo

282 765 438 838 quod
469 771 594 820 est:
622 763 1116 836 Quandoquidem
1176 765 1429 836 Spiritus
1478 765 1594 825 Dei.
1623 763 1852 818 habitat
1879 762 1941 822 in

280 856 484 921 vobis;
518 856 672 911 sicut
728 862 786 912 et
828 872 897 911 eo
956 857 1085 911 loco
1128 857 1229 914 ubi
1271 857 1527 911 dicitur:
1579 853 1942 924 «Siquidem

276 946 507 1017 justum
541 950 631 1001 est
662 943 911 1001 reddere
942 946 1034 1000 his
1072 947 1172 1016 qui
1205 963 1310 1000 vos
1359 944 1635 1017 afﬂigunt
1668 942 1941 998 afﬂictio-

284 1051 421 1093 nem
458 1036 522 1088 ³⁵.
560 1057 586 1082 ››
621 1036 764 1092 Nam
798 1034 874 1090 ibi
906 1053 1144 1108 quoque
1195 1031 1346 1104 ε’ῗπερ
1398 1042 1639 1106 ponttur
1669 1049 1774 1105 pro
1806 1029 1946 1084 ἐπει-

289 1121 482 1198 δήπερ.
510 1153 578 1166 ——
615 1125 745 1183 Atio
789 1125 970 1179 modo.
1025 1125 1166 1180 Vide
1225 1125 1525 1196 quomodo
1573 1123 1773 1179 dicat:
1809 1144 1829 1171 α
1866 1119 1948 1175 Si-

291 1215 532 1289 quidem
569 1215 820 1288 Spiritus
852 1216 950 1270 Dei
984 1215 1213 1270 habilat
1243 1216 1302 1270 in
1327 1214 1548 1281 vobis,»
1581 1218 1640 1270 et
1671 1228 1941 1268 rursum:

294 1327 321 1356 ι(
346 1305 402 1362 Si
437 1305 702 1362 Christus
733 1311 823 1360 est
852 1305 911 1360 in
955 1305 1136 1361 vobis.
1171 1325 1196 1354 ι»
1237 1305 1344 1362 Ubi
1378 1303 1534 1360 enim
1568 1319 1688 1358 una
1728 1308 1947 1358 sancta:

292 1397 594 1452 Trinitatis
627 1412 882 1469 persona
920 1396 1386 1454 habitaverit.ibi
1419 1402 1541 1450 tota
1571 1395 1738 1452 adest
1766 1392 1950 1449 Trini-

293 1491 404 1541 tas.
440 1485 662 1544 Deinde
694 1487 815 1541 ait:
851 1486 1340 1557 Quandoquidem
1388 1485 1655 1541 Christus
1692 1484 1754 1538 in
1788 1482 1949 1537 vobis

297 1584 647 1635 estmortuo
677 1577 953 1632 videlicet
981 1594 1227 1648 corpore
1257 1575 1582 1632 secundum
1617 1580 1947 1647 peccatum,

297 1683 436 1725 nam
459 1666 571 1723 hoc
602 1666 898 1739 signiﬁcat
929 1663 999 1718 δι’
1031 1663 1336 1738 ἁμαρτίανε
1371 1681 1563 1737 neque
1595 1663 1756 1718 enim
1788 1662 1952 1717 inha-

295 1755 515 1812 bitaret
560 1755 826 1813 Christus
883 1756 998 1811 nisi
1059 1755 1388 1812 secundum
1437 1759 1744 1826 peccatum
1798 1754 1955 1806 esset

2047 589 2269 654 Πνεῦμα
2309 589 2443 640 Θεοῦ
2477 584 2617 638 οἰκεῖ
2671 584 2722 638 ἐν
2781 584 2931 655 ὑμῖν.
2967 607 2994 634 n
3053 582 3162 638 Οὐκ
3219 577 3328 638 ἔστι
3386 584 3468 654 τὸ,
3531 583 3705 657 εἷ’περ,

2050 673 2279 730 ἐνταῦθα
2338 669 2811 750 ἀμφιϐάλλοντος,
2883 671 3033 728 ἀλλὰ
3116 673 3504 744 πεπεισμένου,
3588 674 3706 730 ἀντὶ

2115 769 2139 780 ..ν
2199 765 2211 784 ι
2359 761 2420 781 vs;
2669 767 2691 777 α-
2917 766 2940 778 ~
3119 767 3140 777 ε·
3194 763 3208 780 ν
3293 764 3306 781 ο
3369 768 3391 778 υ
3686 765 3701 783 ς

2045 785 2164 831 του,
2219 775 2528 836 Επειοῃπερ
2566 770 2782 836 Πνευμα
2811 769 2944 818 Θεου
3000 762 3140 816 eis/at
3191 783 3241 816 εν
3289 785 3441 835 υμιν,
3495 763 3567 826 ὡς
3612 786 3704 819 και

2047 851 2176 908 ἐκεῖ.
2213 879 2237 902 κ
2274 851 2446 928 Εἶ’περ
2477 851 2687 907 δίκαζον
2720 852 2864 926 παρὰ
2894 856 3009 923 Θεῷ
3065 849 3366 907 ἀποδοῦναι
3414 859 3533 915 τοῖς
3581 851 3705 908 ϐλί-

2049 937 2234 996 εουσιν
2272 942 2410 1014 ὑμᾶς
2443 940 2650 1015 θλίψιν.
2689 965 2715 991 ››
2751 941 2850 998 Καὶ
2881 941 2984 1015 γὰρ
3027 940 3182 995 κάκεῖ
3237 943 3299 994 τὸ
3358 939 3533 1018 εἶ’περ,
3586 939 3705 997 ἀντὶ

2049 1037 2146 1088 τοῦ
2177 1030 2472 1105 ἐπειδήπερ
2531 1037 2727 1088 κεῖται.
2761 1065 2828 1075 -
2859 1028 3109 1092 Ἀλλως.
3160 1033 3301 1107 ’Όρα
3352 1037 3468 1093 πῶς
3519 1054 3710 1108 φησιν,

2053 1147 2080 1175 ιι
2119 1121 2289 1199 Εἴπερ
2325 1127 2538 1195 Πνεῦμα
2596 1126 2730 1178 Θεοῦ
2790 1121 2929 1176 οἱκεέ
2977 1118 3030 1176 ἐν
3078 1121 3221 1193 ὑμῖν,
3261 1145 3290 1174 ››
3352 1122 3455 1178 Καὶ
3514 1119 3705 1181 παλιν·

2053 1235 2080 1265 ‹‹
2115 1212 2293 1270 Εἶκαὶ
2323 1212 2551 1273 Χ·.ιστὸς
2580 1210 2634 1266 ἐν
2695 1212 2846 1284 ὑμῖν,
2885 1233 2909 1264 ι)
2971 1210 3137 1274 Ἔνθα
3186 1211 3288 1286 γαρ
3343 1207 3398 1267 ἓν
3450 1217 3558 1267 τῶν
3610 1219 3714 1282 τῆς

2054 1303 2206 1376 ἁγίας
2253 1299 2480 1377 Τριὰδος
2549 1301 2782 1370 οἰκήσει,
2837 1300 2948 1355 ἐκεῖ
3000 1320 3255 1374 παρεστιν
3287 1303 3320 1369 ἡ
3373 1303 3561 1377 Τριάς.
3623 1303 3715 1360 Εἴ·

2052 1396 2120 1446 τά
2141 1411 2322 1469 φησιν·
2348 1418 2374 1442 α
2403 1389 2626 1458 Ἐπειδὴ
2650 1391 2879 1466 Χριστὸς
2897 1390 2948 1444 έν
2980 1390 3129 1462 ὑμῖν,
3150 1415 3178 1440 ››
3201 1388 3458 1460 δηλονότι
3480 1416 3506 1443 α
3533 1391 3594 1447 τὸ
3621 1391 3716 1463 μὶν

2056 1487 2217 1552 σῶμα
2247 1481 2439 1554 νεκρὸν
2470 1481 2604 1535 κατὰ
2632 1482 2731 1550 τήν
2765 1479 3051 1553 ἁμαρτίαν.
3087 1501 3111 1526 η
3162 1483 3335 1538 Τοῦτο
3392 1481 3493 1554 γὰρ
3546 1479 3717 1551 δηλοῖ

2053 1571 2116 1627 τὸ
2145 1569 2213 1626 δῖ’
2244 1571 2532 1644 ἁμαρτίαν.
2569 1569 2646 1629 O5
2703 1571 2805 1644 γὰρ
2865 1569 2925 1624 ἂν
2977 1567 3167 1642 ἐνῴκει
3231 1569 3483 1646 Εριστὸς,
3527 1569 3572 1625 εἰ
3633 1571 3709 1643 μή

2055 1661 2193 1716 κατᾶ
2221 1662 2321 1729 τὴν
2345 1660 2611 1735 ἁμαρτίαν
2654 1661 2715 1715 τὸ
2774 1664 2936 1733 σῶμα
2993 1660 3309 1734 νενέκρωτο.
3372 1665 3578 1735 Νεκρὸν
3624 1660 3713 1715 οῦν

2056 1752 2118 1806 τὸ
2151 1755 2314 1824 σῶμα
2345 1753 2480 1805 κατὰ
2508 1752 2610 1820 τήν
2645 1749 2930 1825 ἁμαρτίαν.
2967 1775 2994 1801 ‹‹
3029 1749 3094 1807 Εἰ
3124 1747 3180 1804 δέ
3207 1769 3289 1812 τις
3321 1754 3531 1824 πνεῦμα
3579 1751 3715 1820 Χρι-

293 1845 720 1904 mortiﬂcatum
753 1861 986 1917 corpus.
1039 1846 1329 1901 Mortuum
1377 1850 1535 1900 esset
1579 1859 1714 1915 ergo
1738 1855 1953 1912 corpus

2075 1847 2190 1897 n05
2223 1842 2326 1896 οὐκ
2353 1833 2494 1915 ἔχει.
2534 1865 2559 1890 ››
2593 1840 2702 1894 Ἳνα
2734 1842 2808 1912 μή
2863 1840 3107 1914 λυπήσῃ,
3167 1838 3266 1894 οὐκ
3314 1840 3482 1907 εἶπεν,
3542 1839 3611 1896 Εἴ
3661 1837 3721 1896 Si

2112 1931 2125 1942 .
2200 1925 2226 1942 ς.
2611 1929 2679 1942 η..
2871 1929 2884 1942 .
2954 1925 2968 1942 .
3023 1925 3154 1942 ...η
3281 1933 3322 1942 -.
3388 1932 3415 1942 -
3518 1925 3629 1942 κ.-.

295 1933 625 1992 secundum
658 1941 1020 2006 peccatum.«
1057 1933 1222 1999 Quod
1255 1934 1302 1988 si
1327 1934 1459 2004 quis
1477 1933 1760 2004 Spiritum
1789 1929 1953 1985 (.hri-

297 2024 371 2082 eti
405 2039 525 2078 non
580 2022 832 2079 habet.»
868 2025 948 2078 Ne
1007 2023 1144 2078 illos
1193 2039 1442 2078 moerere
1498 2021 1783 2081 afﬁceret,
1834 2035 1956 2074 non

300 2112 488 2169 dixit:
523 2112 689 2176 Quod
721 2112 767 2166 si
799 2127 918 2169 non
950 2111 1400 2180 habetis,sed,Si
1435 2112 1573 2182 quis
1603 2126 1724 2167 non
1749 2108 1955 2165 habet:

300 2207 585 2274 tauquam
621 2201 693 2256 de
724 2201 858 2256 aliis
889 2201 1158 2272 loquens.
1198 2200 1478 2272 Spiritum
1511 2207 1707 2256 autem
1743 2197 1960 2254 Christi

303 2290 452 2346 dixit
484 2290 642 2345 dona
668 2290 809 2346 Novi
871 2291 1250 2346 Testamenti.
1310 2291 1453 2345 Nam
1506 2287 1841 2344 communis
1874 2291 1961 2341 est

308 2381 497 2437 Patris
530 2397 600 2436 ac
639 2381 767 2435 Filii
829 2380 1122 2452 Spiritus:
1173 2387 1242 2437 ut.
1274 2386 1363 2435 est
1411 2379 1592 2438 illud:
1641 2401 1665 2429 ν
1709 2378 1961 2450 Spiritus

303 2477 501 2528 autem
537 2471 725 2526 Patris
757 2470 859 2541 qui
894 2470 1169 2525 excitavit
1197 2471 1394 2525 Jesum
1423 2486 1489 2524 ex
1528 2468 1818 2524 mortuis:
1848 2490 1866 2514 ι
1906 2472 1965 2521 et

306 2575 544 2616 rursum
574 2575 587 2614 :
626 2559 927 2631 «Spiritus
975 2560 1105 2614 Filii
1147 2561 1298 2629 ejus.
1333 2581 1362 2608 »
1413 2589 1479 2600 —
1507 2581 1534 2607 ‹‹
1596 2559 1885 2613 Caeterum
1913 2555 1961 2610 si

305 2650 574 2707 Christus
606 2651 669 2705 in
701 2648 864 2706 vobis
896 2654 1042 2704 est.»
1075 2649 1137 2703 Id
1170 2649 1326 2720 quod
1348 2649 1512 2704 triste
1537 2648 1757 2704 eratad
1779 2647 1963 2704 alium

309 2746 368 2795 et
398 2740 470 2794 ad
503 2739 746 2793 unicum
781 2739 1002 2802 retulit,
1055 2738 1299 2793 dicens:
1334 2761 1359 2786 «
1397 2737 1453 2792 Si
1505 2739 1640 2808 quis
1679 2737 1960 2807 Spiritum

309 2828 414 2884 Dei
446 2843 568 2884 non
599 2827 774 2882 habet
811 2844 826 2894 ;
860 2827 1020 2896 quod
1052 2833 1248 2883 autem
1297 2827 1579 2898 optabile.
1611 2825 1685 2880 ad
1719 2826 1877 2896 ipsos
1910 2831 1968 2879 et

309 2933 559 2976 numero
580 2917 1304 2976 multitudinis.Caeterum
1326 2939 1354 2965 «ι
1374 2917 1420 2972 si
1438 2917 1706 2974 Christus
1721 2917 1783 2971 in
1802 2914 1966 2970 vobis

307 3015 416 3064 est.
451 3024 665 3080 corpus
697 3007 936 3078 quidem
971 3013 1268 3064 mortuum
1304 3013 1446 3062 est.»
1481 3005 1962 3077 Corpus,inquit,

305 3102 609 3156 mortuum
641 3097 756 3151 erit
785 3095 980 3168 quoad
1005 3097 1230 3167 peccati
1256 3095 1828 3166 operationem,nam
1856 3094 1967 3150 hoc

2070 1931 2169 1987 οὐκ
2199 1925 2525 2006 ἕχετερλλα
2551 1954 2576 1981 α
2611 1929 2828 1994 Εἷ’τις,‹‹
2856 1929 2928 1990 ὡς
2950 1925 3036 1984 ἐπὶ
3062 1925 3501 2002 ἄλλωνᾸΙνεῦμα
3515 1925 3570 1986 δὲ
3587 1930 3718 2005 Χρισ

2070 2027 2198 2078 στοῦ
2230 2025 2368 2088 εἷπε,
2397 2023 2465 2077 τὰ
2495 2022 2812 2098 χαρίσματα
2841 2029 2942 2092 τῆς
2985 2023 3191 2090 Καινῆς
3243 2024 3537 2092 Διαθῆκης.
3592 2028 3723 2078 Κοι-

2069 2113 2160 2170 νὸν
2189 2115 2289 2186 γὰρ
2322 2113 2532 2186 Πατρὸς
2562 2111 2652 2166 καὶ
2712 2110 2839 2166 Υἷοῦ
2890 2112 2952 2166 τὸ
3004 2114 3227 2183 Πνεῦμπ
3301 2112 3593 2187 [ΣΕΥΒΡ.]
3648 2111 3720 2170 Τὸ

2073 2206 2293 2274 Πνεῦμα
2325 2197 2382 2255 δὲ
2410 2204 2506 2254 τοῦ
2547 2199 2856 2274 ἐγείραντος
2911 2197 3084 2274 ἤγουν
3143 2201 3354 2274 [Ιατρὸς
3407 2201 3614 2270 Ἰησοῦν
3655 2199 3725 2266 ,ἐκ

2072 2295 2297 2364 νεκρῶν.
2357 2290 2460 2349 Καὶ
2516 2288 2704 2345 πάλινο
2748 2290 2825 2346 Τὸ
2886 2293 3104 2362 Πνεῦμα
3186 2294 3282 2345 τοῦ
3348 2291 3477 2346 Υἶοῦ
3537 2290 3726 2348 αὐτοῦ.

2081 2408 2100 2433 ι
2140 2380 2202 2438 Εἰ
2233 2378 2560 2454 ὃὶΧριστὸς
2593 2378 2645 2434 ἐν
2695 2380 2841 2452 ὑμῖν.
2880 2404 2906 2431 n
2966 2381 3038 2436 Τὸ
3103 2378 3350 2450 λυπηρὸν
3402 2378 3493 2435 ἐπὶ
3553 2379 3728 2435 ἄλλου

2075 2472 2186 2533 Gai:
2214 2470 2302 2526 καὶ
2333 2468 2465 2533 ἑνός.
2503 2495 2530 2520 ‹‹
2559 2469 2619 2524 tu?
2643 2468 2699 2526 δέ
2727 2491 2815 2532 τες
2847 2472 2974 2545 γὰρ,
3008 2471 3161 2544 φησὶ,
3189 2471 3407 2541 Ονεῦμα
3437 2474 3594 2534 Θεοῦ,
3619 2496 3640 2521 ιι
3667 2470 3729 2526 τὸ

2076 2562 2314 2630 πορητὸν
2350 2561 2492 2615 εἶπεν
2525 2558 2609 2615 ἐπὶ
2644 2560 2849 2627 αὐτῶν,
2899 2559 2990 2616 καὶ
3030 2559 3436 2628 πληθυντικῶς.
3491 2586 3517 2611 ‹‹
3559 2559 3622 2618 Εἰ
3672 2557 3731 2616 δὲ

2076 2650 2304 2724 Χριστὸς
2339 2648 2390 2704 ἐν
2426 2650 2573 2724 ὑμῖν,
2601 2651 2663 2705 τὸ
2716 2649 2811 2722 μὶν
2864 2653 3023 2723 σῶμα
3078 2649 3290 2725 νεκρόν.
3330 2674 3355 2700 ››
3411 2651 3487 2706 Τὸ
3547 2653 3729 2722 σῶμα,

2078 2741 2268 2818 φησὶν,
2335 2737 2482 2796 ἔσται
2539 2739 2751 2811 νεκρὸν,
2811 2739 2886 2803 ὡς
2944 2741 3080 2816 πρὸς
3136 2742 3238 2801 τ-ὶ,ν
3307 2746 3408 2808 τῆς
3465 2739 3732 2814 ἁμαρτίας

2078 2831 2366 2909 ἐνέργειαν.
2400 2835 2569 2884 Τοῦτο
2603 2831 2705 2909 γὰρ
2745 2831 2832 2895 τὸ,
2894 2827 2964 2886 δι’
3024 2829 3310 2903 ἁμαρτίαν.
3380 2827 3614 2902 Ἐδειξεν
3656 2829 3731 2892 ὡς

2080 2921 2141 2978 οὐ
2167 2930 2267 2990 τῆς
2300 2921 2498 2994 σαρκὸς
2538 2924 2857 2994 κατηγορεῖ,
2927 2917 3073 2974 ἀλλὰ
3133 2925 3232 2990 τῆς
3290 2920 3577 2992 ἁμαρτίας.
3651 2921 3734 2992 Τῇ

2081 3013 2183 3091 γὰρ
2252 3014 2498 3086 ἁμαρτιᾳ
2581 3012 2877 3086 προσέταξε
2949 3013 3110 3065 τοῦτο
3198 3007 3443 3087 γενέσθαί
3523 3008 3735 3082 νεκρὸν,

2079 3103 2197 3158 ἀντὶ
2227 3107 2346 3165 τοῦ,
2377 3103 2477 3172 τὴν
2509 3100 2780 3175 ἁμαρτίαν
2824 3101 2900 3174 μὴ
2928 3099 3204 3174 ⁷ἐνεργεῖν.
3267 3103 3481 3172 Πνεῦμα
3541 3095 3598 3153 δέ
3655 3097 3738 3153 έν-

313 3185 611 3258 signiflcat
641 3181 711 3238 δι’
751 3184 1038 3258 ἁμαρτίαν.
1073 3184 1344 3241 Ostendit
1384 3184 1542 3256 quod
1573 3199 1814 3239 carnem
1844 3200 1964 3238 non

2080 3196 2269 3257 ταῦθα,
2302 3193 2401 3261 τὴν
2464 3190 2648 3266 ψυχὴν
2706 3189 3166 3264 προσηγόρευσεν,
3233 3188 3308 3251 ὠς
3362 3190 3735 3261 πνευματικῆν

312 3277 720 3333 accuset.Nam
754 3283 995 3347 peccato
1020 3276 1204 3346 jussit
1232 3291 1446 3346 corpus
1474 3273 1966 3340 mortiﬁcari,hoc

2076 3279 2184 3352 ἤδη
2233 3279 2630 3356 γεγενημένην.
2693 3279 2878 3356 Ταύτῃ
2935 3280 3173 3350 μετιέναι
3231 3279 3330 3345 τὴν
3383 3275 3730 3348 δικαιοσῦνην

318 3373 428 3431 est,
457 3381 531 3425 ne
564 3374 868 3436 peccatum
913 3371 1283 3435 operaretur.
1348 3363 1633 3435 Spiritum
1672 3378 1808 3418 vero
1840 3361 1968 3417 aui-

321 3471 484 3511 mum
519 3455 615 3510 hic
639 3454 1258 3526 appellavittanquam
1283 3454 1409 3524 jam
1435 3452 1806 3524 spiritualem
1841 3451 1973 3506 effe-

322 3545 624 3604 ctum.Per
658 3544 1124 3611 huncjustitiam
1154 3543 1433 3614 prosequi
1458 3541 1827 3612 jubet,cujus
1849 3540 1973 3596 fru-

321 3644 451 3694 ctus
471 3637 588 3691 vita
618 3636 971 3692 estmaxime
992 3635 1272 3707 optabilis
1295 3651 1346 3690 ια
1370 3634 1620 3706 Spiritus
1647 3639 1844 3689 autem
1859 3633 1976 3689 vita.

321 3733 432 3785 est.
470 3748 494 3774 ιι
527 3727 608 3782 Ne
663 3726 895 3792 timeas,
957 3726 1170 3795 inquit,
1225 3740 1359 3779 cum
1417 3731 1718 3780 mortuum
1763 3722 1970 3778 audis:

321 3817 508 3876 habes
533 3831 794 3887 namque
827 3823 886 3871 et
904 3817 1080 3871 vitam
1101 3831 1316 3887 nempe
1348 3815 1629 3886 Spiritum
1647 3813 1975 3884 adjustitiea

321 3906 1272 3981 operationem.Quemadmodum
1305 3913 1500 3962 autem
1516 3905 1738 3962 ἀὶιίιεα
1756 3905 1978 3976 Corpus

325 3999 567 4070 quidem
599 4005 900 4053 mortuum
929 4003 1036 4063 est,
1069 4018 1094 4044 n
1147 3996 1230 4050 ita
1261 4002 1320 4050 et
1357 4011 1731 4066 consequens
1761 4001 1889 4049 erat
1916 3999 1982 4048 ut

326 4089 571 4150 diceret,
607 4111 633 4135 α
671 4088 924 4158 Spiritus
955 4093 1154 4142 autem
1203 4085 1341 4140 vivit
1396 4107 1422 4133 »
1455 4091 1529 4140 At
1569 4085 1751 4140 dixit:
1787 4107 1814 4134 ‹‹
1854 4084 1982 4139 Vita

326 4185 438 4244 est,
473 4201 497 4225 ι»
529 4177 850 4232 ostendens
880 4190 998 4232 nou
1035 4179 1264 4230 tantum
1295 4173 1486 4229 vivere
1539 4174 1843 4245 Spiritum.
1878 4173 1982 4229 sed

327 4273 387 4322 et
417 4265 768 4320 viviﬁcare.«
803 4265 906 4328 Qui
944 4263 1221 4319 excitavit
1249 4263 1543 4317 Christum
1572 4278 1641 4320 ex
1671 4263 1984 4318 mortuis.»

327 4356 631 4412 Excitatus
681 4359 773 4409 est
828 4353 1113 4408 Dominus
1171 4359 1377 4408 noster
1421 4353 1589 4408 Iesus
1649 4352 1918 4408 Christus
1952 4368 1988 4408 ἃ

334 4445 813 4503 Patre.restituta
843 4445 958 4500 vita
989 4444 1181 4514 quoad
1215 4459 1454 4498 carnem
1487 4444 1638 4514 ejus,
1663 4460 1771 4515 per
1801 4443 1983 4514 Spiri-

332 4543 454 4593 tum
492 4543 766 4592 sauctum
797 4535 898 4606 qui
935 4535 1120 4606 ipsius
1149 4534 1471 4605 est.Itaque
1504 4534 1619 4590 dici
1654 4540 1925 4606 potestet
1955 4551 1966 4588 ε

2099 4539 2372 4608 θεοπρεπῆ
2403 4536 2550 4609 παρὰ
2595 4540 2692 4590 τοῦ
2761 4537 2973 4610 Πατρὸς
3028 4530 3099 4591 δι’

333 4631 504 4686 Patre
538 4628 826 4685 excitatus
863 4642 1008 4683 esse.
1049 4625 1158 4681 Sed
1193 4633 1244 4680 et
1279 4626 1407 4696 ipse
1433 4633 1562 4681 erat
1590 4626 1689 4696 qui
1726 4642 1830 4698 per
1862 4625 1990 4696 Spi-

335 4720 515 4775 ritum
540 4725 811 4773 sanctum
841 4715 1154 4780 excitabat,
1187 4715 1340 4770 305
1371 4715 1575 4770 omnia
1615 4730 1875 4786 namque
1901 4713 1990 4769 di-

329 4808 466 4863 vina
496 4824 530 4864 a
559 4810 728 4862 Patre
761 4806 1101 4862 efﬁciuntur
1135 4820 1240 4875 per
1273 4796 1483 4858 Filium
1517 4803 1579 4859 in
1611 4803 1852 4876 Spiritu.
1881 4803 1992 4858 Ex-

335 4898 542 4954 citabit
571 4913 708 4968 ergo
738 4903 797 4950 et
825 4895 1094 4951 Christus
1125 4901 1331 4951 nostra
1347 4910 1597 4966 corpora
1630 4909 1698 4948 ex
1718 4893 1990 4950 mortuis.

339 5011 368 5035 «
407 4986 802 5042 Viviﬁcabitet
823 4985 1140 5042 mortualia
1165 4999 1416 5055 corpora
1429 4990 1678 5038 vestra.»
1695 4983 1780 5038 Ad
1797 4997 1994 5038 resur-

339 5077 622 5132 rectionis
654 5091 990 5131 sermonem
1024 5075 1200 5129 venit.
1235 5073 1382 5140 Quia
1403 5089 1538 5128 vero
1561 5075 1622 5128 in
1654 5074 1764 5130 hac
1787 5089 1994 5128 omnes

341 5165 580 5240 quidem
617 5171 969 5238 resurgunt:
1008 5165 1110 5220 sed
1143 5163 1240 5220 alii
1277 5162 1519 5234 quidem
1558 5162 1631 5218 ad
1660 5163 1859 5230 vitam,
1892 5163 1994 5220 alii

339 5272 477 5312 vero
531 5255 605 5310 ad
666 5270 920 5326 poenam,
989 5270 1111 5310 non
1169 5253 1358 5309 dixit:
1417 5253 1837 5321 Besuscitabit,
1892 5254 1996 5310 sed

341 5367 370 5395 ‹‹
402 5343 754 5409 Viviﬁcabit,
790 5366 816 5392 ››
850 5345 961 5399 hoc
994 5349 1102 5408 est,
1132 5341 1206 5398 ad
1251 5343 1431 5398 vitam
1462 5349 1520 5397 et
1548 5342 1794 5414 gloriam
1826 5359 1996 5399 resu-

2074 3368 2308 3435 κελευὸει,
2347 3371 2415 3438 ἧς
2447 3369 2653 3438 καρπὸς
2687 3366 3002 3443 ἀξιέραστος
3032 3369 3067 3438 ἡ
3101 3368 3240 3438 ζωή,
3285 3391 3313 3418 α
3344 3368 3414 3422 Τὸ
3454 3363 3513 3423 δέ
3563 3371 3734 3423 Πνεῦ-

2083 3481 2156 3532 μα
2207 3460 2342 3530 ζωή.
2385 3481 2410 3509 »
2474 3459 2566 3524 Μὴ
2634 3451 2908 3534 φοϐηθῇς,
2975 3456 3160 3535 ρησὶν,
3241 3457 3452 3512 ἀκούων
3519 3457 3730 3528 νεκρόν.

2078 3551 2269 3626 Ἔχεις
2309 3548 2414 3627 γὰρ
2466 3547 2558 3604 καὶ
2613 3549 2760 3621 ζωὴν
2829 3547 2891 3603 τὸ
2931 3549 3170 3619 Πνεῦμα,
3241 3546 3319 3610 εἷς
3381 3544 3732 3618 δικαιοσύνης

2081 3640 2368 3715 ἐνέργειαν.
2401 3641 2603 3713 Ὠσπερ
2643 3635 2702 3695 δὲ
2754 3637 2894 3706 εῗπε,
2938 3663 2965 3689 ‹‹
2998 3639 3073 3692 Τὸ
3109 3636 3202 3709 μὶν
3254 3642 3415 3710 σῶμα
3459 3638 3671 3713 νεκρὸν,
3701 3661 3730 3690 ››

2082 3729 2254 3791 οὕτως
2282 3731 2348 3798 ἦν
2408 3728 2709 3785 ἀκόλουθον
2751 3727 2942 3797 εἰπεῖν,
3002 3751 3029 3779 ‹‹
3061 3727 3126 3782 τὸ
3183 3725 3242 3784 δὶ
3283 3731 3498 3803 Πνεῦμα
3541 3733 3670 3797 ζῶν,
3703 3749 3733 3780 ιδ

2083 3817 2210 3878 ἀλλ’
2243 3820 2384 3886 εἶπε,
2419 3843 2446 3870 ››
2483 3819 2620 3888 ζωὴ,
2653 3842 2680 3870 n
2725 3813 2934 3878 δεικνὺς
2968 3815 3030 3872 οὐ
3064 3817 3226 3890 μόνον
3258 3822 3364 3888 ζῶν
3400 3821 3460 3874 τὸ
3493 3821 3736 3892 Πνεῦμα,

2083 3907 2232 3967 ἀλλὰ
2260 3909 2349 3965 καὶ
2382 3907 2679 3980 ζωοποιὸν.
2713 3932 2740 3959 ‹‹
2780 3908 2840 3966 Ὀ
2871 3907 3080 3983 ἐγείρας
3108 3909 3198 3962 τὸν
3247 3908 3478 3980 Χριστὸθ
3536 3905 3594 3962 ἐκ
3648 3927 3738 3962 νε-

2084 4003 2247 4071 κρῶν.
2285 4023 2312 4049 ν)
2363 3998 2688 4074 [ΚΙῬΙΛΛ.]
2742 3997 3122 4073 Ἐγήγερταιὸ
3155 3995 3354 4071 Κύριος
3404 3998 3562 4070 ἡμῶν
3614 3995 3736 4063 Ἰη-

2089 4093 2215 4151 σοῦς
2247 4089 2477 4157 Χριστὸς
2514 4088 2662 4160 παρὰ
2717 4091 2813 4144 τοῦ
2874 4088 3104 4162 Πατρὸς,
3163 4082 3554 4159 ἐνεργουμένης
3609 4085 3737 4158 περὶ

2086 4180 2186 4247 τὴν
2222 4178 2392 4253 σάρκα
2422 4177 2592 4235 αὐτοῦ
2623 4184 2722 4244 τῆς
2755 4182 2924 4246 ζωῆς,
2977 4175 3066 4232 διὰ
3110 4180 3211 4231 τοῦ
3264 4175 3425 4253 ἁγίου
3487 4173 3741 4246 Ιὶνεῦμα-

2089 4289 2201 4336 τος,
2236 4266 2265 4322 8
2324 4268 2464 4322 ἐστιν
2524 4265 2712 4323 αὐτοῦ.
2776 4265 2988 4324 Οὐκοῦν
3044 4265 3133 4321 καὶ
3172 4265 3462 4342 ἐγηγέρθαι
3518 4261 3744 4337 λέγοιτο

2090 4358 2238 4428 παρὰ
2268 4353 2365 4413 τοῦ
2407 4355 2639 4429 Πατρὸς.
2665 4353 2811 4411 ἀλλὰ
2852 4355 2940 4409 καὶ
2981 4354 3145 4417 αὐτός
3199 4357 3264 4423 ἦν
3318 4353 3348 4410 ὁ
3393 4351 3624 4415 ἀναστὰς
3657 4351 3746 4406 διὰ

2091 4451 2188 4502 τοῦ
2255 4447 2410 4522 ἁγίοῦ
2482 4445 2815 4518 ΙΙνεῦματος⁸
2887 4445 3063 4501 πάντα
3127 4445 3228 4521 γὲ.)
3323 4443 3616 4520 ἐνεργεῖται
3683 4442 3750 4498 τὰ

3165 4533 3294 4589 Υἰοῦ
3334 4533 3386 4589 ἐν
3453 4533 3746 4608 ΙΙνεῦματι.

2097 4626 2308 4700 Ἐγερεῖ
2354 4625 2533 4680 τοίνυν
2588 4625 2676 4679 καὶ
2716 4625 2784 4678 τδ.
2840 4628 3001 4697 ἡμῶν
3057 4623 3287 4694 σώματα
3345 4621 3403 4677 ἐκ
3459 4627 3658 4696 νεκρῶν
3721 4622 3750 4678 ὁ

2100 4714 2334 4788 Χριστός
2387 4739 2413 4764 ‹‹
2457 4715 2803 4782 Ζιυοποιήσει
2831 4712 2920 4768 καὶ
2953 4711 3017 4766 τὰ
3058 4712 3227 4784 θνητὰ
3251 4713 3481 4787 σώματα
3512 4710 3690 4783 ὑμῶν.
3723 4734 3751 4762 n

2103 4805 2194 4866 bi:
2230 4805 2316 4858 τὸν
2347 4805 2471 4878 περὶ
2529 4803 2866 4864 ἀναστάσεως
2921 4799 3060 4872 ἦλθε
3101 4796 3287 4876 λόγον.
3347 4799 3500 4860 Ἐπεὶ
3558 4801 3649 4856 οῦν
3704 4799 3756 4856 ἐν

2100 4894 2268 4969 ταύτῃ
2303 4904 2497 4954 παντες
2535 4894 2627 4964 μὲν
2656 4890 2982 4948 ἀνίστανται’
3043 4889 3174 4946 ἀλλ’
3220 4891 3274 4946 οἱ
3316 4893 3411 4964 μὲν
3462 4889 3539 4953 εἷς
3587 4892 3751 4960 ζωὴν,

2135 4984 2154 5037 ἱ
2192 4980 2234 5002 κς
2295 4983 2308 5020 γ
2379 5003 2409 5018 ,⁵
2537 4982 2586 5038 ,ί
2740 4981 2775 5012 9.
2839 4981 2865 5000 η
2935 5004 2945 5018 ι
2999 4981 3033 5014 ο¹
3223 4982 3232 4994 ι
3378 4983 3388 4991 -
3485 4981 3500 4998 ς

2103 5005 2131 5039 o
2189 5003 2245 5040 oe
2265 5003 2342 5047 ε.ς
2391 5004 2560 5057 τιμωρ
2591 5004 2675 5049 αν,
2698 5002 2984 5050 ουιιειπεο,
3018 4987 3340 5052 Αναστησει,
3367 4978 3532 5047 αλλα,
3558 5005 3584 5030 α
3609 4986 3756 5036 Ζωο-

2102 5075 2346 5143 ποιήσει,
2382 5097 2410 5125 ››
2441 5075 2738 5141 τουτέστιν,
2771 5071 2847 5134 εἷς
2905 5073 3054 5143 ζωὴν
3105 5071 3194 5127 καὶ
3246 5069 3400 5141 δόξαν
3446 5070 3754 5139 ἀναστήσει.

2105 5189 2133 5218 ιι
2169 5163 2266 5221 Διὰ
2296 5163 2356 5218 τὸ
2384 5163 2627 5218 ένοικοῦν
2673 5162 2840 5217 αὐτοῦ
2894 5167 3132 5234 Πνεῦμα.
3172 5185 3199 5212 ι)
3249 5163 3362 5227 Τήν
3412 5158 3585 5215 αἰτίαν
3641 5159 3761 5216 εἶπε

2104 5255 2205 5321 τῆς
2251 5255 2660 5322 ζωοποιήσεως.
2704 5251 2781 5308 Οὐ
2813 5251 2912 5325 γὰρ
2968 5251 3053 5316 τὸ,
3105 5251 3446 5318 Ἐνοικῆσαν,
3497 5246 3646 5304 ἀλλὰ
3697 5249 3762 5305 τὸ

2109 5343 2410 5406 Ἐνοικοῦν,
2453 5342 2551 5409 τήν
2587 5339 2656 5396 δι’
2687 5337 2822 5396 ὅλου
2867 5341 3035 5414 μονήν
3063 5337 3268 5409 δηλῶν.

342 5432 598 5490 scitabit.
631 5455 658 5481 ‹‹
693 5434 941 5506 Propter
971 5432 1254 5504 Spiritum
1305 5432 1433 5502 ejus
1490 5431 1945 5489 inhabitantem.
1983 5454 2010 5481 ››
2077 5434 2324 5490 Causam
2359 5433 2506 5488 dixit
2556 5430 2988 5492 viviﬁcationis.
3016 5433 3135 5490 Nec
3174 5429 3360 5486 dixit:
3398 5429 3508 5497 Qui
3537 5427 3768 5490 inhabi-

340 5525 528 5589 tavit;
557 5521 681 5589 sed,
714 5545 743 5572 ‹‹
779 5522 1245 5587 Inhabitantem,
1284 5544 1310 5570 η
1341 5519 1683 5594 signiﬁcans
1715 5523 2061 5584 continuam
2093 5522 2611 5580 inhabitationem.

415 5696 462 5735 ’⁸
479 5696 529 5754 ll
555 5697 760 5754 Thess.
792 5711 835 5764 ι,
867 5696 922 5750 6.
