4114 6384
351 336 481 401 479.

1479 328 1901 395 CBCUMENII
1944 328 2257 393 TRICCE
2301 333 2692 401 EPISCOPL

3670 332 3794 417 489

354 487 654 528 vocemus.
683 471 754 525 Et
798 467 958 524 unde
991 467 1327 525 declaratur
1381 467 1493 524 hoc
1524 466 1677 523 bene
1712 465 1867 525 ﬂeri.
1901 465 2005 522 Dec

2136 464 2468 545 cive-sepopsv
2496 471 2594 539 τήν
2638 470 2839 547 φωνήν.
2892 468 2954 525 Ὀ
3011 465 3136 529 Υἱὸς
3193 468 3340 541 ἡμᾶς
3397 462 3632 536 ἐδίδαξεν
3692 465 3787 522 οῦ-

355 577 469 633 que
491 567 723 633 gratum
767 575 919 621 esse,
969 566 1033 613 ut
1071 559 1226 614 lianc
1275 574 1472 614 vocem
1524 557 1596 613 ad
1642 557 1837 629 ipsum
1869 554 2017 611 refe~

352 666 554 705 ramus
577 648 604 704 ?
632 648 815 703 Filius
853 664 963 703 nos
1004 648 1087 703 ila
1117 649 1314 703 dicere
1364 648 1602 703 docuit:
1634 670 1653 690 α
1707 648 1881 701 Pater
1913 660 2015 701 no~

351 745 474 795 ster
506 739 605 810 qui
641 754 703 794 es
751 739 814 793 in
866 739 1033 795 caelis
1092 738 1156 804 2",
1193 746 1303 794 etc.
1358 737 1666 811 Apostolus
1712 753 1844 791 vero
1879 736 2021 807 quia

348 829 693 886 communia
709 845 838 883 esse
860 825 2017 899 novitdispensationiserganosChrisli

347 934 549 989 opera,
573 917 1568 988 Spiritus,inquit.attestaturﬁlam
1595 932 1727 970 cum
1753 914 2020 970 Christus

346 1006 501 1064 hanc
533 1006 850 1062 tradiderit
882 1006 1499 1078 precat‘onemetiam
1532 1005 1787 1076 Spiritus
1819 1003 2019 1059 tradit.

348 1102 408 1154 et
436 1096 594 1152 dono
629 1112 735 1168 per
766 1097 965 1168 ipsum
1001 1096 1136 1151 dato
1170 1096 1231 1151 in
1282 1095 1457 1151 nobis
1503 1101 1835 1150 attestatur.
1869 1091 2021 1160 Quid

346 1193 543 1243 autem
576 1192 895 1242 attestatur
919 1185 946 1241 ?
992 1186 1157 1251 Quod
1189 1187 1336 1241 bene
1385 1190 1444 1241 et
1481 1185 1657 1241 modo
1706 1185 1822 1240 Deo
1852 1190 2017 1257 grato

349 1276 546 1349 ipsum
577 1277 810 1332 Patrem
848 1282 1123 1331 nostrum
1152 1274 1460 1330 dicamus:
1505 1273 1660 1346 quod
1694 1272 1798 1329 filii
1834 1272 2019 1344 ipsius

352 1366 538 1421 simus
567 1365 830 1438 adoptati
864 1365 939 1420 ab
970 1382 1040 1421 eo
1074 1382 1185 1438 per
1215 1365 1580 1436 baptismum
1615 1362 1779 1429 Quod
1812 1364 1859 1417 si
1884 1362 2017 1419 ﬁlii.

349 1461 408 1512 et
436 1455 721 1511 hmredes.
755 1455 940 1511 Judaei
974 1470 1110 1509 vero
1151 1454 1293 1510 licet
1335 1453 1441 1509 ﬁlii
1470 1454 1572 1508 Dei
1619 1452 2015 1509 vocabantur,

348 1545 537 1602 multa
568 1551 765 1601 tamen
796 1545 1109 1615 utriusque
1145 1550 1202 1599 et
1234 1544 1557 1600 vocationis
1586 1549 1644 1597 et
1673 1542 2013 1615 adoptionis

348 1634 705 1690 differentia.
740 1632 1044 1706 Siquidem
1082 1633 1171 1687 illi
1204 1635 1267 1688 in
1307 1632 1497 1706 ﬁgura
1528 1632 2017 1688 nominabantur.

353 1722 856 1797 quemadmodum
882 1729 940 1778 et
968 1722 1087 1778 alia
1116 1723 1177 1776 in
1193 1722 1613 1795 ﬁguragrzntiaa
1637 1721 1761 1776 illis
1785 1722 2018 1777 contin-

2123 579 2231 620 τως
2266 557 2462 638 λέγειν·
2500 586 2524 609 α
2565 560 2740 635 Ιιέτερ
2769 561 2931 631 ἡμῶν
2963 558 2991 612 6
3031 557 3083 612 ἐν
3133 561 3250 618 τοῖς
3305 555 3579 630 οὐρανοῖς,
3617 580 3643 606 »ι
3694 556 3786 610 καὶ

2126 650 2269 723 ἑξῆς.
2306 650 2481 714 Αὐτὸς
2511 648 2568 706 δὲ
2608 645 2798 719 ἐπειδὴ
2855 650 3010 703 κοινὰ
3058 646 3177 703 οἶδε
3233 647 3301 701 τα
3349 649 3447 715 τῆς
3505 645 3581 708 εἰς
3633 648 3786 718 ἡμᾶς

2126 738 2443 813 οἰκονομίας
2475 739 2608 816 ἔργα
2658 744 2756 796 τοῦ
2812 741 3071 814 Χριστοῦ,
3126 762 3153 789 (ι
3187 739 3265 794 Τὸ
3326 738 3562 808 Ηνεῦμα,
3623 738 3781 813 φησί,

2125 835 2590 904 συμμαρτυρεῖ.»
2624 832 2857 905 Χριστοῦ
2913 827 3017 903 γὰρ
3073 822 3526 899 παραδεδωκότος
3580 826 3780 900 ταύτην

2122 921 2221 990 τήν
2254 920 2451 995 εὐχὴν,
2483 921 2569 974 καὶ
2606 921 2669 975 τὸ
2703 921 2919 990 Πνεῦμα
2962 914 3323 991 παραδίδωσι,
3383 916 3474 972 καὶ
3524 937 3787 989 συμμαρ-

2124 1014 2276 1084 τυρεῖ
2306 1013 2386 1081 τῷ
2416 1008 2465 1064 ἐν
2501 1011 2634 1081 ἡμῖν
2669 1005 2875 1065 δοθέντι
2907 1007 3213 1088 χαρίσματι
3241 1003 3313 1061 δι’
3371 1007 3562 1063 αὐτοῦ.
3611 1005 3671 1060 Τί
3726 1003 3786 1062 δὲ

2126 1106 2543 1177 συμμαρτυρεῖ;
2575 1106 2692 1156 *Οτι
2722 1097 2908 1161 καλῶς
2957 1098 3049 1155 καὶ
3110 1094 3447 1173 ἀρεσκόντως
3502 1097 3622 1170 Θεῷ
3681 1095 3782 1153 λέ-

2122 1213 2291 1269 γομεν
2321 1192 2481 1248 αὐτὸν
2536 1190 2746 1268 Πατέρα
2774 1193 2958 1262 ἡμῶν,
3022 1189 3106 1245 δτι
3162 1187 3319 1246 τέκνα
3376 1187 3543 1244 αὐτοῦ
3599 1185 3783 1260 ἐσμεν,

2125 1280 2530 1354 υἱοθετηθὲντες
2581 1281 2731 1352 αὐτῷ
2779 1284 2859 1351 τῷ
2914 1277 3270 1354 βαπτίσματι·
3309 1303 3336 1329 (ι
3373 1277 3439 1335 Εἰ
3490 1275 3546 1333 δὲ
3599 1277 3782 1349 τέκνα,

2126 1372 2281 1449 φησὶ,
2314 1370 2404 1427 καὶ
2434 1368 2801 1444 κληρονόμοι.
2838 1392 2866 1421 ››
2929 1370 2996 1427 Οἱ
3052 1365 3110 1423 δὲ
3140 1390 3200 1443 γε
3250 1363 3530 1429 Ἰουδαῖοι,
3591 1366 3641 1422 εἴ
3694 1364 3789 1421 καὶ

2125 1459 2417 1517 ἐκαλοῦντο
2448 1460 2605 1516 τέκνα
2635 1463 2792 1525 Θεοῦ,
2826 1456 2972 1514 ἀλλᾶ
3003 1455 3192 1526 πολλὴ
3244 1454 3497 1528 κλήσεως
3529 1456 3787 1529 ἑκατέρας

2124 1547 2213 1603 καὶ
2246 1549 2517 1612 υἱοθεσίας
2548 1550 2583 1619 ἡ
2616 1545 2868 1626 διαφορά.
2914 1547 2981 1604 Οἱ
3023 1546 3117 1619 μὶν
3182 1544 3287 1620 γΞιρ
3348 1550 3591 1607 τυπικῶς
3645 1544 3787 1600 ὠνο-

2128 1640 2393 1711 μάζοντο,
2429 1638 2609 1712 ὥσπερ
2666 1637 2756 1693 καὶ
2782 1638 2830 1693 τ’
2861 1636 3007 1691 ἄλλα
3063 1634 3248 1697 αὐτοῖς
3316 1633 3392 1697 εἷς
3448 1634 3617 1691 τύπον
3660 1633 3779 1690 ἐτε-

2125 1727 2276 1782 λεῖτο
2300 1734 2398 1794 τῆς
2430 1728 2679 1803 χάριτος.
2711 1728 2900 1800 Ἡμεῖς
2944 1722 3002 1780 δὲ
3031 1725 3099 1780 οὐ
3127 1727 3395 1793 τυπικῶς,
3455 1721 3582 1781 ἀλλ’
3614 1724 3780 1779 αὐτο-

353 1813 612 1887 gebant:
645 1829 756 1869 nos
786 1829 921 1867 vero
955 1828 1074 1868 non
1121 1811 1447 1885 figurative,
1480 1811 1583 1867 sed
1628 1810 1923 1883 perfecte:
1958 1815 2005 1867 el

2124 1815 2320 1880 τελῶς.
2357 1818 2459 1873 Καὶ
2493 1818 2545 1872 οἱ
2578 1817 2672 1894 μὲν
2702 1816 2752 1871 εἴ
2796 1814 2887 1870 καὶ
2943 1812 3236 1870 ἐκαλοῦντο
3295 1812 3429 1881 υἱοὶ,
3486 1810 3616 1869 ἀλλ’
3675 1813 3781 1869 οὐκ

348 1903 439 1960 illi
475 1919 816 1976 quanquam
842 1901 949 1957 ﬁlii
982 1900 1347 1957 vocabantur
1376 1918 1497 1968 non
1534 1906 1733 1957 tamen
1760 1900 2010 1973 ipsisda-

345 1997 473 2049 tum
505 1998 652 2058 erat,
684 1998 751 2048 ut
783 1994 966 2048 Deum
998 1998 1277 2048 vocarent
1299 1994 1571 2049 Patrem:
1608 1990 1780 2046 nobis
1811 1996 2011 2047 autem

346 2090 408 2140 et
438 2084 548 2139 hoc
607 2084 893 2140 donatum
953 2089 1062 2150 est,
1126 2083 1432 2156 multaque
1492 2082 1614 2140 alia
1670 2088 1759 2138 est
1816 2083 2010 2139 excel-

346 2172 557 2230 lentia.

415 2263 572 2318 801
612 2286 633 2309 ι
702 2262 1071 2335 Adoptionis.
1110 2284 1137 2311 ››
1199 2261 1377 2334 Atqui
1436 2277 1811 2334 consequens
1861 2266 2008 2328 erat.

345 2357 411 2409 ut
442 2352 705 2409 diceret:
743 2352 1053 2409 Libertatis
1081 2378 1093 2412 ς
1133 2351 1236 2406 sed
1265 2359 1467 2407 tamen
1496 2350 1654 2423 quod
1680 2352 1875 2424 majus
1898 2357 2006 2420 est,

345 2442 527 2498 dicit:
561 2443 673 2497 Per
703 2458 879 2515 quem
912 2444 1249 2499 clamamus
1287 2465 1306 2488 ιι
1339 2441 1605 2498 Dicimus
1636 2442 1823 2509 enim,
1858 2465 1878 2491 ι
1908 2444 2011 2498 Pa-

348 2537 439 2586 ter
470 2538 692 2600 noster,
751 2533 852 2604 qui
897 2548 959 2587 es
1019 2532 1082 2587 in
1142 2530 1326 2588 cwlis.
1360 2552 1387 2581 ››
1441 2531 1644 2587 Posuit
1692 2537 1890 2589 autem
1952 2538 2011 2590 et

346 2625 694 2683 Hebraicam
726 2625 1074 2692 dictionem,
1108 2630 1173 2679 ut
1210 2624 1536 2697 genuinum
1560 2640 1627 2680 ac
1668 2640 1776 2696 per
1806 2627 2011 2684 omnia

348 2716 583 2771 Patrem
617 2714 997 2781 significaret.
1034 2738 1058 2758 η
1096 2715 1227 2785 Ipse
1259 2714 1517 2786 Spiritus
1539 2729 1660 2769 una
1690 2720 1960 2771 testatur.
1980 2737 2006 2765 ››

345 2804 493 2870 Quia
546 2803 731 2859 Judaai
783 2805 969 2859 Deum
1028 2805 1266 2859 Patrem
1322 2802 1630 2869 vocabant,
1692 2804 2007 2862 ostendere

345 2893 471 2949 vult
501 2894 801 2965 quodillis
856 2893 1099 2965 quidem
1151 2894 1261 2949 hoc
1294 2893 1656 2966 permissum
1707 2910 1830 2950 non
1859 2900 2005 2963 erat,

345 2984 519 3041 nobis
540 2990 739 3042 autem
772 2982 1039 3039 indubie.
1074 2980 1242 3049 Quod
1266 2999 1335 3037 ex
1368 2998 1435 3038 eo
1479 2982 1863 3040 manifestum
1898 2991 2007 3053 est,

347 3073 506 3146 quod
538 3073 790 3146 Spiritus
834 3079 1106 3136 testatur,
1154 3078 1212 3127 et
1232 3072 1353 3128 ait:
1405 3076 1537 3143 Ipse
1588 3071 1863 3145 Spiritus,
1897 3074 2008 3131 hoc

342 3168 453 3220 est.
515 3162 643 3235 ipse
693 3162 1033 3218 Paracletus
1091 3177 1211 3217 una
1284 3165 1536 3219 testatur
1588 3178 1721 3219 cum
1781 3163 1995 3235 spiritu

342 3260 546 3310 nostro
602 3254 661 3310 id
694 3261 804 3321 est,
837 3255 993 3311 dono
1024 3254 1197 3310 nobis
1219 3253 1291 3309 ah
1316 3253 1442 3325 ipso
1485 3252 1641 3308 dato.
1677 3256 1803 3311 Non
1834 3258 1993 3312 enim

340 3348 469 3407 haec
498 3364 609 3403 vox
633 3346 819 3404 solius
851 3348 990 3402 doni
1015 3351 1125 3410 est,
1177 3344 1284 3401 sed
1314 3346 1444 3415 ejus
1484 3362 1722 3417 quoque
1745 3348 1846 3419 qui
1878 3347 1997 3404 lar-

341 3439 499 3511 gitus
530 3442 640 3505 est,
664 3436 765 3492 ubi
794 3452 930 3508 ergo
951 3436 1203 3508 Spiritus
1236 3439 1507 3501 testatur,
1543 3452 1675 3506 qum
1706 3436 1997 3511 ambigui-

341 3533 434 3586 tas
467 3525 600 3581 est?
636 3552 654 3573 -
692 3528 762 3581 Et
795 3524 1083 3582 hmredes.
1122 3546 1149 3573 ι)
1200 3524 1654 3595 Consequenter
1694 3532 1870 3599 auget
1905 3526 2000 3582 di-

342 3618 651 3691 gnitatem.
686 3620 829 3674 Nam
882 3621 1134 3690 possunt
1155 3622 1214 3672 et
1270 3614 1376 3671 ﬁlii
1410 3631 1561 3684 esse,
1613 3633 1723 3673 nec
1747 3617 2001 3674 haeredi-

345 3713 528 3765 tatem
556 3707 879 3779 suscipere.
910 3729 939 3756 ‹‹
972 3705 1326 3762 Cobmredes
1357 3710 1557 3760 autem
1578 3706 1815 3763 Christi.
1844 3730 1871 3757 ››
1905 3709 1997 3764 Vi-

342 3798 447 3854 des
477 3814 615 3871 ergo
634 3797 790 3868 quod
822 3797 939 3857 alia
970 3796 1044 3852 sit
1079 3801 1284 3852 nostra
1304 3794 1544 3865 adoptio
1573 3795 1647 3851 ab
1680 3796 2000 3869 adoptione

339 3887 698 3946 Judmorum.
743 3886 1049 3958 Siquidem
1101 3902 1211 3940 nos
1242 3884 1423 3939 etiam
1470 3882 1737 3940 hmredes
1769 3903 1996 3955 sumus,

342 3979 430 4035 illi
461 3984 658 4035 autem
703 3994 842 4034 non.
870 3977 950 4034 De
1008 3978 1092 4032 eis
1124 3976 1284 4031 enim
1343 3972 1524 4029 dicit:
1562 3996 1590 4025 ‹‹
1634 3976 1812 4032 Malos
1844 3977 1998 4033 male

340 4068 552 4143 perdet
582 4074 640 4123 et
697 4068 930 4123 vineam
982 4066 1203 4122 locabit
1253 4064 1388 4123 aliis
1422 4060 1487 4125 ³³.
1523 4089 1550 4116 η
1616 4069 1687 4123 Ει
1721 4083 1993 4122 rursum:

343 4180 370 4210 ι(
405 4158 593 4221 Multi.
626 4157 843 4228 inquit.
877 4156 1116 4213 venient
1163 4162 1224 4212 et
1253 4158 1607 4216 accumbent
1645 4174 1780 4214 cum
1816 4157 1998 4212 Abra«

341 4249 505 4313 ham,
539 4247 644 4303 filii
678 4253 873 4304 autem
913 4246 1073 4319 regni
1103 4247 1418 4317 ejicientur
1436 4247 1505 4311 3°,
1539 4270 1567 4297 ι)
1601 4247 1875 4303 videlicet
1902 4246 2001 4303 Ju-

344 4338 476 4395 daei.
514 4338 577 4391 ln
605 4337 664 4391 id
706 4336 865 4408 quod
913 4335 1166 4392 dicitur:
1199 4359 1225 4385 α
1279 4339 1563 4410 Spiritum
1614 4336 1932 4394 servitutis.
1970 4358 1998 4387 ››

344 4427 492 4493 Quia
520 4425 705 4483 Judaei
727 4425 1105 4497 adoptionem
1139 4426 1251 4482 sibi
1278 4427 1695 4483 vindicabant:
1731 4448 1757 4474 α
1796 4426 1997 4491 Filios,

342 4517 738 4588 inquit,genui
772 4523 830 4573 et
869 4518 1117 4573 exaltavi
1147 4517 1235 4586 9°;
1268 4540 1295 4567 η
1355 4519 1620 4574 ostendit
1668 4523 1892 4589 quanta
1922 4519 2000 4573 sit

2118 1908 2185 1977 ἧν
2218 1907 2404 1967 αὐτοῖς
2437 1903 2755 1977 δεδομένον,
2787 1905 2849 1961 τὸ
2898 1906 2987 1960 καὶ
3022 1902 3218 1966 αὐτοὺς
3268 1903 3361 1959 τὸν
3412 1902 3539 1958 Θεὸν
3589 1899 3780 1957 καλεῖν

2240 1993 2258 2010 ’θ
2379 1998 2393 2015 Ω
2495 2002 2516 2012 υ
2608 1996 2623 2012 ι
2734 1994 2748 2011 \
2878 1998 2903 2009 υ
3031 2015 3043 2025 ⁸
3156 1994 3166 2009 ο
3509 1989 3523 2009 ε
3749 1991 3764 2009 ἢ

2118 2003 2345 2073 Πατερα.
2400 2004 2542 2068 Ημιν
2576 1992 2635 2051 δε
2663 2016 2752 2050 και
2809 2014 2972 2051 τουτο
3033 2012 3378 2069 κεχαρισται,
3437 2012 3526 2047 και
3584 1987 3773 2059 πολλη

2118 2085 2267 2158 ἄλλη
2300 2083 2555 2166 διαιρορά.

2189 2291 2217 2319 ‹‹
2248 2266 2549 2330 Υἱοθεσίας.
2586 2289 2613 2317 ω
2645 2263 2838 2323 Καίτοι
2866 2260 3169 2320 ἀκόλουθον
3216 2262 3284 2333 ἦν
3331 2259 3523 2329 εἰπεῖν,
3578 2257 3775 2316 Ἐλευ-

2116 2356 2317 2428 θερίας,
2348 2354 2475 2412 ἀλλ’
2507 2353 2662 2430 ὅμως
2710 2354 2772 2409 τὸ
2828 2359 3012 2428 μεῖζον
3075 2348 3241 2428 λέγει.
3300 2376 3326 2403 ι(
3358 2354 3445 2407 Ἐν
3475 2350 3521 2424 ᾦ
3574 2351 3772 2423 κράζο-

2119 2467 2238 2521 μεν.
2273 2472 2302 2499 ››
2337 2448 2579 2520 Λὲγομεν
2610 2445 2734 2520 γάρ·
2780 2468 2809 2497 ‹‹
2860 2441 3032 2519 [Ιᾶτερ
3078 2445 3238 2515 ἡμῶν
3274 2442 3301 2496 ὸ
3334 2439 3386 2496 ὲν
3438 2444 3556 2501 τοῖς
3610 2438 3773 2514 οὖρα-

2112 2542 2247 2598 νοῖς.
2283 2534 2559 2591 »Τέθεικε
2599 2531 2656 2591 δὲ
2713 2533 2802 2589 καὶ
2861 2534 2963 2602 τήν
3025 2526 3280 2603 Ἐϐραίαν
3340 2527 3508 2603 λὲξιν,
3568 2525 3658 2584 ’ίνα
3713 2527 3778 2583 τὸ

2115 2627 2334 2703 γνήσων
2368 2624 2513 2699 δείξῃ
2552 2621 2642 2679 διὰ
2697 2625 2913 2678 πάντων
2968 2644 2996 2673 (ι
3028 2619 3174 2678 Αὐτὸ
3232 2619 3294 2675 τὸ
3356 2622 3574 2692 Πνεῦμα
3634 2639 3776 2691 συμ-

2117 2720 2382 2789 μαρτυρεῖ
2434 2736 2458 2766 n
2513 2710 2738 2781 Ἐπειδὴ
2797 2713 2887 2767 καὶ
2950 2707 3212 2768 Ἰουδαῖοι
3267 2707 3484 2781 Πατέρα
3540 2707 3772 2764 εκάλαυν

2113 2804 2208 2859 τὸν
2248 2804 2402 2870 Θεὸν,
2462 2802 2611 2863 θέλει
2670 2798 2837 2872 δεῖξαι
2895 2799 2977 2856 ὅτι
3036 2799 3224 2863 αὐτοῖς
3285 2799 3379 2871 μὶν
3441 2797 3543 2854 οὐκ
3599 2794 3775 2865 ἐπετέ-

2112 2912 2320 2966 τραπτο
2349 2896 2534 2957 τοῦτο,
2574 2894 2709 2965 ἡμῖν
2750 2888 2808 2946 δὲ
2833 2888 2940 2945 ναί.
2979 2888 3083 2948 Καὶ
3115 2885 3287 2958 δῆλον
3321 2886 3381 2943 ἐκ
3429 2891 3524 2942 τοῦ
3566 2907 3772 2962 μαρτυ-

2115 2987 2329 3060 ροῦντο.
2362 2982 2703 3054 Πνεῦματος,
2734 2981 2826 3036 καί
2858 2999 3045 3061 φησιν’
3091 3003 3118 3032 α
3154 2977 3299 3036 Αὐτὸ
3348 2977 3409 3034 τὸ
3463 2981 3704 3049 Πνεῦμα,
3739 2998 3767 3027 ››

2114 3076 2387 3133 τουτέστιν
2432 3074 2597 3139 αὐτὸς
2654 3074 2682 3128 ὸ
2742 3072 3126 3147 Παράκλητος,
3190 3093 3217 3122 ι(
3272 3073 3651 3144 συμμαρτυρεῖ
3687 3068 3769 3141 τῷ

2112 3165 2383 3238 πνεύματι
2415 3167 2599 3239 ἡμῶν,
2638 3188 2663 3215 »
2691 3160 2719 3218 ὅ
2751 3161 2863 3219 ἐστι
2889 3166 2966 3233 τῷ
2999 3158 3207 3218 δοθέντι
3240 3162 3375 3233 ἡμῖν
3421 3159 3549 3234 παρ’
3603 3157 3774 3214 αὐτοῦ

2112 3256 2437 3336 χαρίσματι.
2471 3252 2548 3310 υῦ
2582 3253 2682 3329 γὰρ
2725 3252 2890 3326 μόνον
2944 3255 3041 3307 τοῦ
3102 3250 3446 3326 χαρίσματος
3475 3250 3510 3319 ἡ
3539 3248 3771 3318 τοιαύτη

2108 3349 2287 3426 φωνὴ,
2343 3343 2494 3401 ἀλλὰ
2546 3345 2637 3399 καὶ
2704 3347 2805 3399 τοῦ
2873 3341 3289 3418 δωρησαμένου·
3372 3338 3499 3397 ἔνθα
3556 3340 3649 3395 οῦν
3707 3338 3771 3395 τὸ

2109 3436 2329 3510 Ηνεῦμα
2359 3441 2640 3512 μαρτυρεῖ,
2698 3434 2830 3491 ποία
2888 3431 3029 3488 ἐστὶν
3078 3426 3496 3505 ἀμφισϐήτησις
3542 3449 3556 3500 ς
3605 3456 3632 3483 ‹‹
3670 3429 3773 3487 Καὶ

2109 3525 2478 3602 κληρονόμοι.
2541 3548 2569 3577 ››
2630 3523 2833 3581 Λοιπὸν
2892 3517 3036 3595 αὔξει
3094 3521 3194 3589 τήν
3249 3521 3423 3591 ἀξίαν·
3485 3520 3603 3576 "Evr
3664 3519 3768 3594 γὰρ

2105 3618 2266 3673 τὲκνα
2299 3617 2377 3691 μὴ
2408 3613 2882 3689 κληρονομοῦντα.
2937 3634 2966 3664 (ι
3003 3608 3468 3688 Συγκληρονὸμοι
3529 3605 3587 3665 δὲ
3629 3609 3764 3684 Χρι-

2108 3711 2255 3763 στοῦ.
2287 3731 2315 3760 ι)
2346 3707 2507 3778 Ὁρᾷς
2536 3705 2620 3760 ’ὁτι
2662 3700 2809 3772 ἂλλη
2871 3699 3013 3756 ἐστὶν
3045 3702 3078 3769 ἡ
3115 3698 3358 3763 υἱοθεσία
3406 3701 3568 3773 ἡμῶν
3616 3698 3762 3774 παρᾶ

2105 3800 2205 3868 τήν
2237 3801 2344 3851 τῶν
2378 3790 2697 3860 Ἰουδαίων;
2730 3794 2893 3860 ἡμεῖς
2936 3791 3031 3864 μὲν
3087 3790 3189 3865 γὰρ
3246 3789 3338 3845 καὶ
3394 3790 3761 3865 κληρονόμοι,

2111 3887 2164 3942 οἱ
2198 3884 2254 3941 δὲ
2284 3884 2437 3964 οὐχὶ.
2472 3884 2618 3953 Φησῖ
2651 3882 2755 3960 γὰρ
2807 3879 2931 3955 περὶ
2992 3879 3169 3935 αὐτῶν
3254 3904 3283 3931 ιι
3322 3880 3525 3940 Κακοὺς
3580 3878 3764 3941 κακῶς

2108 3972 2386 4044 ἀπολέσει,
2455 3974 2544 4028 καὶ
2602 3970 2907 4045 ἀμπελῶγα
2987 3964 3209 4023 ἐκδώσει
3296 3965 3512 4030 ἄλλοις.
3567 3989 3595 4018 ››
3653 3968 3760 4022 Καὶ

2107 4065 2293 4129 πάλιν,
2332 4093 2350 4113 ιι
2393 4062 2622 4127 Πολλοὶ,
2684 4060 2871 4139 φησὶν,
2911 4059 3098 4132 ἥξουσι
3155 4060 3240 4115 καὶ
3300 4054 3752 4125 ἀνακλιθήσονται

2112 4148 2543 4231 μεταἋὸρααμ,
2594 4153 2645 4209 οἱ
2705 4150 2762 4207 δὲ
2820 4152 2928 4206 υἱοί
2985 4158 3085 4217 τῆς
3146 4146 3423 4225 βασιλείας
3476 4140 3756 4216 ἐκδλτβή-

2109 4266 2311 4314 σονται,
2354 4267 2383 4296 ››
2416 4243 2586 4320 ἤγουν
2620 4238 2978 4298 οἱίουδαῖοι.
3015 4239 3111 4303 Ei;
3167 4239 3252 4308 τὸ,
3313 4264 3331 4289 ι
3366 4240 3583 4310 Πνεῦμα
3632 4232 3757 4290 δου-

2109 4333 2281 4395 λείας.
2339 4358 2366 4384 ››
2425 4329 2649 4401 Ἐπειδή
2699 4332 2790 4387 καὶ
2851 4327 3107 4387 Ἰουδαῖοι
3154 4336 3255 4399 τῆς
3308 4326 3573 4388 υἱοθεσίας
3633 4346 3764 4400 μετ-

2108 4428 2395 4482 εποιοῦντο
2444 4426 2459 4491 (
2511 4449 2535 4476 ι
2596 4422 2754 4481 Υἱοὺς
2813 4422 2915 4497 γὰρ
2975 4420 3229 4495 ἐγέννησα
3286 4419 3377 4474 καὶ
3436 4416 3628 4493 ὕψωσα
3689 4417 3764 4492 η),

2107 4512 2338 4570 δείκνυσι
2402 4507 2567 4568 πόσον
2624 4518 2724 4582 τῆς
2779 4509 3048 4585 ἡμετέρας
3107 4508 3380 4570 υἱοθεσίας
3439 4506 3527 4561 καὶ
3585 4506 3764 4562 αὐτῶν

344 4581 679 4662 ειίίῖρῐιρέιῐίει
708 4605 1043 4677 adoptionis
1092 4581 1311 4661 nostra:
1359 4623 1427 4662 ac
1471 4581 1709 4662 illorum
1746 4628 1760 4670 ς
1803 4613 1862 4662 et
1889 4607 1991 4672 ait,

2115 4605 2164 4660 τὸ
2192 4601 2474 4677 διάφορον.
2510 4601 2605 4656 Καί
2637 4621 2822 4669 φησιν,
2868 4599 2951 4654 ὅτι
3002 4598 3197 4653 ἐκεῖνοι
3247 4602 3460 4665 πνεῦμα
3508 4593 3762 4659 δουλείας

341 4697 497 4768 quod
533 4697 617 4752 illi
653 4697 927 4768 spiritum
988 4696 1288 4751 servitutis
1322 4702 1702 4767 acceperant.
1738 4703 1879 4767 puta
1909 4696 1991 4751 le-

340 4802 491 4858 gem.
520 4795 802 4859 tanquam
837 4804 871 4841 a
902 4785 1116 4856 spiritu
1142 4785 1363 4843 datam.
1420 4787 1609 4857 magis
1642 4792 1841 4859 aptam
1873 4802 1995 4842 ser-

339 4877 444 4932 vis.
484 4878 708 4932 Etenim
745 4892 929 4947 pmnm
965 4881 1182 4945 paratas
1214 4881 1385 4932 erant
1415 4876 1592 4931 etiam
1634 4876 1998 4948 corporales,

341 4965 739 5035 lapidationes
768 4982 835 5020 ac
869 4965 1045 5020 mina:
1070 4980 1120 5019 ια
1158 4965 1399 5020 Gladius
1425 4965 1734 5020 devorabit
1764 4982 1866 5021 vos
1897 4966 1999 5024 3'.»

343 5060 402 5111 et
432 5054 506 5109 ob
536 5053 595 5107 id
625 5054 849 5110 multus
883 5055 1060 5111 timor
1080 5060 1207 5110 erat
1238 5072 1358 5125 praa
1389 5055 1599 5110 oculis.
1624 5056 2000 5127 Rursumque

341 5143 590 5218 praemia
621 5150 854 5199 terrena
905 5150 1119 5200 erant:
1163 5166 1189 5192 α
1229 5144 1285 5198 Si
1341 5143 1655 5201 audieritis
1698 5161 1812 5210 me,
1846 5145 2003 5201 bona

340 5244 515 5295 terrm
547 5233 872 5289 comedetis
912 5233 979 5288 ³⁸.
1039 5258 1063 5281 ιι
1110 5236 1320 5290 Nostra
1369 5250 1507 5289 vero
1568 5234 1815 5305 prmmia
1864 5240 2003 5291 sunt

343 5326 502 5383 bona
532 5322 815 5389 caelestia,
849 5330 908 5378 et
948 5324 1212 5394 mysticm
1263 5340 1485 5380 mensae
1535 5325 1999 5380 communicatio

342 5420 627 5484 tanquam
659 5411 800 5467 filiis
858 5412 1014 5469 data.
1054 5437 1073 5460 ι
1111 5412 1461 5469 Οοῇωιόἀεε
1510 5430 1644 5469 vero
1694 5413 1913 5470 Christi
1970 5437 1997 5465 ι»

342 5507 531 5577 Auget
559 5502 910 5571 dignitatem
942 5517 1200 5569 rursum,
1234 5519 1461 5576 nosque
1495 5503 1729 5560 Domini
1751 5505 2002 5577 propin-

341 5612 491 5668 quos
522 5599 781 5648 statuere
814 5591 1144 5647 contendit.

2106 4688 2303 4749 ἔλαϐον
2337 4693 2427 4747 τὸν
2469 4691 2659 4763 νόμον,
2719 4689 2793 4751 ὡς
2850 4686 2995 4764 παρὰ
3050 4690 3147 4742 τοῦ
3209 4684 3520 4758 ΙΙνεύματος
3580 4680 3759 4754 δσυὶν,

2110 4780 2333 4845 δοῦλοις
2367 4779 2422 4836 δὲ
2476 4780 2713 4854 ἁρμόζον
2782 4774 3015 4849 μᾶλλον,
3069 4773 3170 4829 Καὶ
3226 4774 3327 4848 γὰρ
3387 4774 3443 4829 αἱ
3498 4774 3764 4851 τιμωρίαι

2110 4873 2253 4942 παρὰ
2282 4869 2452 4932 πόδας
2502 4870 2591 4925 καὶ
2648 4867 2976 4940 σωματικαὶ,
3034 4863 3323 4936 λιθασμοὶ,
3376 4863 3467 4919 καὶ
3522 4863 3762 4936 καόσεις,

2108 4964 2198 5020 καὶ
2233 4961 2477 5028 ἀπειλαὶ,
2515 4986 2541 5013 (ι
2581 4963 2843 5035 Μαχαιρα
2899 4959 3038 5030 ὑμᾶς
3091 4953 3392 5012 κατέδεται.
3432 4979 3459 5006 »
3527 4953 3626 5009 Καὶ
3676 4952 3771 5010 διὰ

2107 5058 2275 5110 ταῦτα
2304 5050 2481 5114 πολὺς
2515 5053 2543 5106 6
2572 5044 2741 5129 φόϐος
2775 5048 2881 5124 πρὸ
2940 5043 3266 5126 ὀφθαλμῶν,
3317 5044 3407 5100 καὶ
3456 5043 3521 5099 αὖ
3570 5044 3622 5099 οἱ
3673 5065 3771 5117 μι-

2112 5143 2231 5209 σθοὶ
2263 5140 2515 5218 ἐπίγειοι,
2546 5165 2573 5191 ‹‹
2602 5141 2722 5196 Ἐὰν
2782 5134 3136 5205 είσακούστ,τέ
3191 5156 3301 5210 μου
3345 5136 3414 5188 τὰ.
3456 5132 3627 5208 ἀγαθὰ
3662 5137 3767 5203 τῆς

2109 5241 2210 5307 γῆς
2268 5232 2521 5309 φάγεσθε.
2584 5252 2611 5280 »ι
2661 5229 2849 5302 ἹΙμῶν
2911 5224 2968 5281 δὲ
3027 5226 3078 5280 οἱ
3141 5223 3329 5298 μισθοὶ
3420 5222 3487 5279 τὰ
3546 5221 3770 5300 οὐράνια

2109 5325 2303 5402 ἀγαθὲ,
2331 5324 2419 5378 καί
2455 5325 2491 5391 ἡ
2524 5322 2623 5387 τῆς
2686 5326 2953 5391 μυστικῆς
3008 5317 3285 5391 τραπέζης
3347 5314 3423 5379 ὡς
3467 5314 3608 5376 υἱοῖς
3659 5334 3771 5369 κοι·

2108 5400 2288 5470 νιυνία.
2328 5436 2356 5464 ιι
2404 5408 2867 5484 Κυγκληρονὸμοι
2925 5403 2981 5463 δὲ
3035 5408 3291 5481 Χροτοῦ.
3325 5430 3351 5457 »ι
3405 5402 3576 5461 Πάλιν
3630 5400 3777 5475 αὔξει

2107 5504 2170 5560 τὸ
2214 5502 2452 5575 ἀξίωμα,
2510 5500 2602 5555 καὶ
2662 5496 2967 5578 φιλονεικεῖ
3017 5494 3177 5574 ἐγγὺς
3234 5498 3385 5569 ἡμᾶς
3441 5500 3637 5567 στῆσαι
3674 5496 3774 5550 τοῦ

2111 5592 2404 5652 Δεσπὸτου.

413 5691 458 5731 ³⁷
489 5690 692 5752 Matth.
725 5707 802 5762 τι,
833 5693 884 5747 9.
919 5690 962 5727 ’⁸
994 5690 1203 5749 Matth.
1236 5709 1353 5766 ni,
1384 5694 1475 5750 41.
1509 5690 1557 5728 ³9
1585 5693 1789 5754 Matth.
1831 5711 1950 5767 vni,
1984 5700 2005 5755 1

2115 5695 2280 5753 Msa.
2315 5710 2356 5766 ι,
2385 5694 2440 5750 2.
2474 5690 2517 5729 ³¹
2542 5688 2810 5761 ἱὶήᾶηΣΟ.
2844 5686 2891 5725 ³³
2920 5685 3065 5751 ibid.
3101 5687 3189 5745 19.
