4114 6440
382 443 504 515 Ιει

369 553 379 587 ῖ
892 614 898 618 .
1000 581 1419 637 ΚΕΦΑΛ.ΙΓ.

384 666 749 744 Επανάληψις
820 665 947 742 περὶ
1021 674 1121 737 τῆς
1142 665 1562 793 δὧιῐιποκειμὶνῃς
1646 671 1765 728 τοῖς
1866 665 2042 742 ἁγίοις

1209 760 1328 809 ςης.

458 828 627 905 Ε”περ
698 829 1125 904 συμπέσχομεν,
1230 825 1328 882 ’ίνα
1405 828 1494 883 καὶ
1580 825 2045 897 συνδοξασθῶμεν.

384 919 700 997 Λογίζομαι
729 918 835 993 γὰρ
876 917 961 973 ὅτι
1019 917 1119 973 οῦκ
1158 915 1281 988 ἄξια
1336 917 1405 972 τὰ
1454 918 1751 990 παθήματα
1806 918 1903 970 τοῦ
1958 918 2047 969 νῦν

382 1013 580 1084 καιροῦ
648 1007 786 1082 πρὸς
868 1009 969 1073 τήν
1032 1006 1345 1080 μέλλουσαν
1434 1003 1590 1077 διῖξαν
1648 1002 2045 1083 ἀποκαλυφθῆο

379 1121 466 1156 ναι
525 1097 605 1161 είς
664 1099 835 1172 ἡμᾶς.
892 1096 958 1154 Ἦ
1024 1097 1126 1173 γὰρ
1185 1093 1597 1165 ἀποκαραδοκία
1651 1103 1754 1166 τῆς
1819 1096 2047 1155 κτίσεως

380 1191 488 1259 τήν
570 1186 919 1260 ἀποκάλυψιν
978 1191 1088 1241 τῶν
1148 1187 1279 1241 υἱῶν
1323 1191 1422 1242 τοῦ
1520 1189 1654 1241 Θεοῦ
1749 1181 2045 1257 ἀπεκδέχε-

379 1299 492 1334 ται.
551 1280 638 1351 Τῇ
695 1277 798 1351 γάρ
861 1276 1187 1349 ματαιότητι
1262 1278 1299 1345 ἡ
1375 1274 1551 1337 κτίσις
1592 1275 1860 1349 ὑπετάγη,
1938 1273 2048 1347 οὐχ

382 1367 605 1433 ἒκοῦσα,
629 1364 778 1420 ἀλλὰ
809 1362 898 1420 διά
926 1366 1018 1420 τὸν
1052 1365 1407 1436 ὑποτάξαντα·
1445 1364 1527 1420 ἔπ’
1570 1360 1777 1428 ἐλπίδι,
1828 1362 1913 1418 ὅτι
1954 1361 2043 1417 καὶ

364 1456 521 1526 ἀὐτή
554 1457 590 1526 ἡ
620 1455 797 1519 κτίσις
826 1454 1321 1530 ἐλευθερωθήσεται
1367 1455 1473 1510 ἀπὸ
1522 1460 1625 1523 τῆς
1664 1450 1917 1515 δουλείας
1948 1459 2048 1522 τῆς

384 1549 590 1625 φθορᾶς
621 1544 698 1609 εἰς
728 1545 829 1614 τὴν
860 1542 1170 1619 ἐλευθερίαν
1197 1551 1298 1614 τῆς
1341 1541 1504 1614 δόξης
1549 1547 1661 1600 τῶν
1716 1541 1918 1599 τέκνων
1947 1545 2047 1598 τοῦ

389 1633 545 1691 Θεοῦ.

461 1727 576 1781 ’ὶνα
608 1726 683 1798 μὴ
738 1723 1108 1799 ῥᾳθυμότεροι
1166 1723 1230 1779 τὸ
1279 1728 1384 1778 πᾶν
1439 1722 1667 1799 χάριτος
1724 1720 1862 1776 εἶναι
1895 1720 2053 1796 λογι-

397 1815 617 1890 ζόμενοι
658 1814 961 1889 γενώμεθα,
1016 1812 1236 1869 ἀπαιτεῖ
1287 1813 1379 1867 καί
1437 1813 1507 1868 τὰ
1542 1813 1672 1887 παρ’
1728 1814 1912 1885 ἡμῶν.
1987 1810 2051 1866 Εἰ

398 1905 504 1983 γὰρ
562 1901 613 1959 ἰν
668 1907 781 1966 τοῖς
838 1901 1133 1975 λυπηροῖς,
1177 1902 1332 1981 φησὶ,
1390 1903 1823 1974 κοινωνήσομεν,
1872 1900 1963 1955 καὶ
1994 1898 2046 1955 ἐν

396 1999 514 2057 τοῖς
542 1993 828 2067 χρηστοῖς,
871 2016 899 2044 ι(
937 1993 1244 2066 Παθήματα
1281 1995 1380 2046 τοῦ
1417 1995 1511 2047 νῦν
1550 1994 1743 2066 καιροῦ
1772 1990 1910 2066 πρὸς
1939 1991 2042 2060 τὴν

394 2081 704 2157 μέλλουσαν
728 2079 907 2156 δόξαν.
928 2105 955 2133 »
988 2081 1064 2138 Τὸ
1092 2080 1426 2157 πρόσκαιρον
1443 2085 1551 2136 τῶν
1578 2091 1724 2148 παθη
1737 2082 1921 2155 μάτων
1943 2077 2041 2150 δη·

345 2174 357 2181 ”
388 2170 485 2228 λοῖ
521 2169 612 2227 διὰ
640 2175 738 2227 τοῦ
767 2176 858 2226 νῦν
889 2174 1103 2246 καιροῦ.
1145 2169 1279 2227 Εἶτα
1314 2167 1545 2226 δείκνυσι
1571 2171 1635 2225 τὸ
1665 2167 1797 2225 ’ὀλον
1846 2165 2041 2244 σχεδὸν

384 2270 487 2332 τῆς
546 2263 776 2339 χάριτος
823 2260 905 2332 ὃν,
977 2259 1066 2316 διὰ
1102 2262 1166 2317 τὸ
1222 2264 1372 2333 νικᾷν
1425 2266 1546 2323 ταῖς
1606 2258 1907 2316 ἀντιδόσεσι
1949 2260 2043 2315 τὸν

384 2352 539 2421 Θεὸν,
581 2351 672 2407 καὶ
706 2352 788 2407 δτι
828 2351 928 2407 οὐκ
966 2350 1232 2427 ίσχῦομεν
1261 2348 1408 2421 ἄξιόν
1464 2371 1518 2405 τι
1581 2357 1681 2419 τῆς
1734 2349 1846 2405 ἐκεῖ
1894 2349 2043 2404 ἀντι-

385 2438 591 2503 δόσεως
621 2443 811 2497 παθεῖν
865 2437 902 2509 ἤ
966 2443 1389 2517 συνεισενὲγκαι.
1461 2462 1489 2492 ‹‹
1552 2436 2042 2513 Ἀποκαλυφθῆναι

388 2529 465 2592 είς
501 2532 674 2605 ἡμᾶς.
711 2555 731 2582 ι
793 2528 994 2592 Καλῶς
1058 2530 1120 2585 τὸ
1177 2528 1653 2608 ἀποκαλυφθῆναι.
1730 2528 1884 2585 Ἔστι
1942 2527 2046 2604 γάρ

389 2619 482 2675 καὶ
538 2624 657 2690 νῦν,
710 2618 863 2675 ἀλλά
918 2618 1237 2697 κέκρυπται.
1272 2645 1299 2672 ‹‹
1339 2619 1402 2676 Ἢ
1462 2619 1567 2696 γὰρ
1642 2615 2049 2694 ἀποκαραδοκία

381 2713 483 2774 τῆς
529 2709 778 2772 κτίσεως.
851 2733 880 2761 ι)
932 2710 1067 2767 Οῒον
1120 2713 1156 2780 ἡ
1216 2708 1574 2784 ἑπιτεταμὲνη
1668 2708 1761 2764 καὶ
1840 2705 2052 2783 σροδρά

393 2796 719 2874 προσδοκία.
775 2800 847 2856 ’Ὀ
904 2795 963 2855 δὲ
1019 2800 1170 2876 Λέγει
1223 2798 1475 2854 τοιοῦτόν
1531 2798 1662 2852 ἐστι’
1727 2798 1823 2853 Καὶ
1884 2796 2047 2867 αὐτῆ,

391 2889 580 2970 φησὶν,
647 2891 685 2958 ἡ
734 2888 908 2952 κτίσις
978 2886 1186 2968 σφόδρα
1242 2883 1523 2964 προσδοκᾷ
1586 2888 1685 2955 τῆν
1736 2885 2044 2959 μέλλουσαν

391 2981 555 3054 ἡμῶν
595 2975 775 3049 δόξαν.
815 2978 914 3034 Διὰ
934 2978 989 3034 τί
1024 2996 1039 3048 ;
1072 2980 1408 3057 νΑςοθαρτος,
1433 2978 1592 3053 φησὶ,
1630 2974 2050 3045 πλασθεῖσα,διὰ

388 3067 489 3132 τὰς
522 3071 632 3123 τῶν
664 3068 967 3143 ἀνθρώπων
1011 3066 1297 3142 ἁμαρτίας,
1358 3067 1571 3146 φθαρτή
1630 3067 1874 3141 γέγονεν,
1932 3064 2049 3128 ἐπεὶ

384 3157 477 3213 καὶ
533 3159 723 3229 ἡμεῖς,
783 3156 836 3229 ἐξ
887 3152 1176 3237 ἀφθάρτων
1229 3155 1462 3231 φθαρτοὶ
1518 3155 1841 3231 γεγόναμεν.
1906 3154 2047 3212 Βοό-

382 3246 537 3303 λεται
598 3245 693 3302 οὗν
750 3248 785 3316 ἡ
846 3246 1046 3311 κτίσις,
1104 3244 1263 3319 φησὶ,
1330 3245 1459 3307 τοὺς
1535 3244 1860 3318 ἀνθρώπους
1945 3246 2047 3315 τήν

1472 426 1895 509 οοΜΜέΝτ.
1944 442 2021 506 ιιι
2068 415 2325 506 Episr.
2375 445 2478 507 AD
2527 442 2718 507 non.

2074 597 2124 653 Α

3695 444 3823 510 ’482

2688 578 2841 635 sos
2878 577 3112 636 CAPUT
3138 570 3284 636 XIII'.

2150 669 2423 740 Repetitio
2452 669 2519 725 de
2566 670 2753 741 gratia
2783 670 2900 737 Dei,
2965 685 3085 740 quae
3139 671 3341 726 sanctis
3405 671 3652 741 reposita
3709 675 3821 727 est-

2221 832 2372 899 VIII,
2410 835 2473 887 17
2506 834 2594 887 21.
2618 833 2903 903 Siquidem
2923 834 3292 903 compatimur
3318 841 3382 889 ut
3412 841 3465 889 et
3487 835 3822 905 congloriﬁ-

2150 936 2351 976 eemur.
2395 924 2667 977 Emis-timo
2697 922 2842 978 enim
2871 938 2980 977 non
3005 938 3114 978 esse
3139 922 3439 992 condignas
3468 924 3814 993 afﬂictiones

2142 1011 2431 1078 praesentis
2462 1012 2718 1081 temporis
2746 1010 2817 1065 ad
2842 1013 3094 1080 futuram
3136 1012 3398 1080 gloriam.
3437 1027 3566 1082 qua:
3594 1012 3816 1068 revela-

2150 1097 2302 1152 bitur
2330 1115 2463 1168 erga
2490 1114 2606 1154 nos.
2666 1101 2887 1154 Etenim
2939 1100 3115 1155 anxia
3146 1103 3484 1171 exspectatio
3538 1109 3813 1156 creaturae

2144 1187 2536 1243 reuelationem
2563 1189 2806 1257 ﬁliorum
2835 1190 2935 1243 Dei
2962 1195 3257 1259 exSpectat.
3308 1191 3523 1261 Quippe
3568 1193 3810 1246 vanitati

2147 1276 2391 1347 subjecta
2422 1283 2500 1333 est
2555 1283 2826 1345 creatura,
2881 1294 2994 1333 non
3022 1280 3225 1343 volens,
3272 1280 3364 1335 sed
3412 1286 3646 1350 propter
3688 1296 3810 1334 eum

2150 1367 2248 1436 qui
2267 1367 2499 1437 subjecit
2528 1370 2705 1437 ipsam
2734 1370 2793 1421 in
2821 1384 2935 1438 spe.
2986 1369 3258 1432 Quoniam
3301 1374 3353 1423 et
3398 1372 3523 1440 ipsa
3552 1376 3817 1425 creatura

2152 1455 2482 1510 liberabitur
2511 1473 2545 1511 a
2572 1456 2831 1513 servitute
2854 1458 3246 1527 corruptionis,
3280 1459 3337 1512 in
3366 1460 3546 1529 ipsam
3577 1458 3817 1513 liberta-

2155 1551 2260 1599 tem
2288 1545 2538 1615 ﬁliorum
2563 1547 2673 1601 Dei.

2229 1726 2309 1780 Ne
2340 1725 2642 1798 segniores
2675 1724 2999 1781 reddamur
3026 1724 3384 1782 arbitrantes
3414 1742 3592 1783 omne
3622 1743 3773 1800 nego
3794 1758 3816 1770 -

2158 1814 2306 1869 tium
2339 1829 2469 1869 esse
2497 1815 2724 1887 gratim,
2756 1815 2937 1887 exigit
2985 1816 3165 1872 etiam
3212 1833 3345 1887 qum
3375 1832 3410 1872 a
3438 1816 3614 1873 nobis
3648 1823 3808 1875 sunt.

2158 1906 2302 1960 Nam
2335 1904 2384 1959 si
2416 1903 2477 1959 in
2523 1904 2812 1971 tristibus,
2871 1904 3087 1978 inquit,
3147 1906 3810 1977 communicaverimus,

2154 1994 2379 2066 pariter
2407 1993 2557 2049 etin
2584 1994 2916 2049 commodis
2974 1995 3296 2067 participes
3354 1997 3598 2052 erimus.
3656 2018 3679 2045 κ
3719 1997 3814 2052 Af-

2150 2084 2447 2139 ﬂictiones
2468 2084 2781 2155 prmsentis
2812 2086 3095 2157 temporis
3109 2087 3183 2141 ad
3207 2086 3467 2142 futuram
3488 2088 3806 2158 gratiam.»

2148 2173 2666 2244 Temporalitatem
2682 2190 2750 2229 an.
2762 2173 2998 2229 brevem
3012 2174 3247 2229 duratio
3257 2192 3390 2230 nem
3406 2175 3803 2232 afﬂictionum

2150 2261 2448 2335 signiﬁcat
2476 2278 2584 2335 per
2613 2263 2725 2317 hoc
2755 2262 2914 2335 quod
2943 2264 3026 2319 ait
3052 2280 3065 2317 :
3099 2266 3195 2317 τοῦ
3226 2266 3317 2316 νῦν
3358 2263 3571 2339 καιρόν,
3598 2264 3658 2320 id
3690 2272 3811 2334 est,

2151 2350 2464 2422 praesentis
2510 2351 2824 2422 temporis.
2867 2351 3089 2407 Deinde
3129 2352 3392 2408 ostendit
3423 2357 3613 2409 totum
3648 2370 3806 2426 pene

2152 2439 2356 2512 gratias
2388 2455 2517 2494 esse
2561 2456 2633 2494 ex
2662 2457 2731 2495 eo
2789 2440 2949 2512 quod
2982 2442 3134 2496 Deus
3174 2442 3580 2498 abundantior
3609 2443 3687 2499 sit
3737 2444 3801 2499 in

2154 2528 2650 2585 retributionibus
2685 2546 2697 2583 :
2730 2546 2840 2586 nec
2879 2547 3196 2602 possumus
3232 2530 3560 2604 quidquam
3606 2532 3807 2590 futura

2154 2618 2549 2674 retributione
2579 2612 2942 2692 condignum
2975 2620 3213 2691 autpati
3237 2626 3340 2675 aut
3379 2620 3452 2676 ad
3478 2621 3643 2678 illum
3676 2640 3813 2679 con-

2154 2708 2331 2763 ferre.
2368 2732 2394 2758 ‹‹
2428 2709 2567 2773 Quae
2601 2707 2957 2764 revelabitur
2990 2725 3131 2782 erga
3178 2725 3306 2764 nos.
3345 2732 3373 2760 ι»
3405 2711 3561 2767 Bene
3594 2714 3815 2769 revela-

2155 2796 2319 2852 bitur
2344 2796 2465 2851 sive
2497 2796 3064 2869 detegeturEtenim
3097 2814 3258 2854 nunc
3288 2817 3525 2872 quoque
3558 2807 3668 2868 est,
3704 2801 3810 2858 sed

2156 2886 2410 2943 occulta.
2437 2909 2463 2935 ‹‹
2500 2886 2689 2941 Anxia
2711 2887 3071 2958 exspectatio
3094 2894 3400 2945 creaturae.
3432 2911 3461 2939 »
3493 2891 3813 2963 Exspecta-

2156 2977 2316 3031 tione
2341 2980 2668 3047 exspectat,
2718 2975 2821 3041 ait,
2856 2983 3141 3047 tanquam
3175 2977 3412 3033 intenso
3441 2980 3813 3035 vehementi-

2156 3082 2271 3137 que
2302 3064 2621 3120 desiderio.
2648 3065 2750 3119 Est
2799 3072 2999 3120 autem
3032 3067 3190 3137 quod
3238 3065 3384 3122 dicit
3440 3068 3809 3139 hujusmodi.

2156 3157 2289 3227 Ipsa
2319 3171 2557 3227 quoque
2580 3160 2850 3210 creatura
2873 3161 3137 3210 nostram
3159 3156 3406 3227 gloriam
3428 3157 3813 3215 vehementer

2158 3249 2481 3317 exspectat.
2516 3243 3239 3317 Quareﬂncorruptibilis.
3286 3246 3499 3318 inquit.
3532 3247 3809 3318 formata,

382 3335 680 3414 ἀφθαρσίαν
705 3328 1007 3391 ἀπολαϐεῖν
1034 3330 1203 3408 (ἔσται
1235 3332 1293 3390 δὲ
1358 3333 1521 3389 τοῦτο
1580 3332 1633 3388 ἐν
1694 3336 1763 3407 τῇ
1820 3332 2044 3388 ἀναστά-

2161 3343 2405 3409 propter
2435 3340 2678 3407 peccata
2708 3334 3019 3390 hominum
3050 3336 3204 3391 facta
3235 3342 3324 3392 est
3354 3338 3762 3409 corruptibilis
3794 3357 3808 3395 :

384 3429 507 3495 σει),
532 3423 629 3479 ’ἱνα
684 3423 779 3480 καὶ
836 3424 975 3493 αὐτὴ
1016 3424 1117 3494 τὴν
1179 3422 1382 3479 οἰκείαν
1438 3422 1738 3499 ἀφθαρσίαν
1770 3418 2046 3497 ἀπολάϐῃ.

378 3517 492 3572 Τοῦ
519 3515 622 3590 γὰρ
661 3514 955 3587 ἀνθρώπου
985 3510 1056 3570 δι’
1087 3512 1144 3569 δν
1185 3515 1377 3589 γέγονε
1413 3514 1625 3591 φθαρτή
1684 3513 1785 3581 τήν
1843 3513 2048 3592 ἀφθαρ-

384 3603 502 3658 σίαν
530 3598 1045 3677 ἀπολαμϐάνοντος,
1097 3603 1187 3659 καὶ
1218 3603 1356 3673 αὐτὴ
1416 3603 1516 3670 τήν
1585 3600 1788 3657 οῗκείαν
1842 3603 2048 3679 ἀρθαρ-

395 3690 512 3745 σίαν
544 3693 1006 3768 συναποληψεται.
1040 3691 1473 3768 Προσωποποιία
1505 3687 1563 3746 δέ
1620 3690 1733 3745 ἐστι
1799 3691 1863 3747 τὸ
1920 3694 2043 3759 πᾶν,

394 3781 487 3835 ’ἱνα
514 3802 571 3836 τε
597 3787 699 3837 τῶν
728 3784 949 3859 ἀγαθῶν
975 3784 1075 3851 τὴν
1107 3777 1422 3858 ὑπερϐολὴν
1480 3778 1735 3856 δηλώσῃ,
1792 3780 1884 3837 καὶ
1948 3778 2045 3836 ’ίνα

400 3867 543 3946 δείξῃ
585 3872 663 3927 ὅτι
708 3876 873 3947 ἡμεῖς
939 3871 1153 3947 μᾶλλον
1211 3870 1507 3952 ὀφείλομεν
1566 3867 1889 3941 σπουδαζειν
1939 3877 2042 3940 τῆς

389 3961 644 4031 τοιαύτης
676 3959 840 4033 δόξης
868 3964 956 4018 καί
988 3961 1285 4039 ἀφθαρσίας
1306 3961 1583 4036 ἐπιτυχεῖν
1611 3960 1751 4033 ἢπερ
1783 3963 1817 4031 ἡ
1844 3960 2039 4022 κτίσις.

386 4052 538 4111 Ἐπεὶ
583 4056 658 4129 μὴ
690 4055 886 4127 νόμιζε
914 4056 1013 4121 τήν
1050 4053 1263 4131 ἃψυχον
1290 4054 1384 4110 καὶ
1414 4053 1740 4125 ἀναίσθητον
1773 4052 1947 4109 κτίσ.ν
1975 4054 2041 4109 τὰ

375 4148 603 4199 τοιαῦτα
642 4141 952 4217 προσδοκᾷν
992 4144 1028 4215 ἢ
1062 4142 1432 4208 αῗσθάνεσθαι.

2162 3423 2647 3496 quandoquidem
2690 3429 2750 3479 et
2805 3440 2915 3479 nos
2970 3441 3040 3480 ex
3098 3425 3613 3499 incorruptibilius
3671 3427 3813 3485 facti

2166 3530 2373 3571 sumus
2387 3514 3219 3586 corruptibiles.Cupititaque
3242 3523 3511 3573 creatura
3532 3518 3809 3575 homines

2158 3605 2461 3677 suscipere
2492 3604 3001 3660 immortalitatem
3039 3604 3222 3677 (quod
3258 3606 3320 3660 in
3372 3608 3810 3664 resurrectione

2155 3695 2290 3766 erit)
2322 3702 2388 3749 ut
2443 3700 2502 3748 et
2532 3695 2661 3765 ipsa
2717 3710 2887 3749 suam
2964 3694 3218 3766 accipiat
3274 3695 3809 3754 immortalitatem.

2156 3785 2301 3839 Nam
2332 3784 2577 3839 homine
2608 3789 2853 3855 propter
2882 3799 3060 3854 quem
3090 3784 3248 3840 facta
3273 3792 3365 3841 est
3405 3788 3813 3861 corruptibilis

2154 3875 2667 3930 immortalitatem
2699 3875 3064 3945 suscipiente
3096 3874 3475 3948 ipsaquoque
3498 3895 3620 3935 una
3640 3897 3811 3936 suam

2154 3963 3806 4041 accipietimmortalitatem.TotumautemprosOpopceia

2154 4063 2243 4110 est
2270 4053 2327 4108 id
2359 4059 2468 4119 est,
2500 4070 2770 4125 personm
2801 4054 3056 4111 aliectio.
3082 4068 3200 4123 quo
3232 4053 3525 4111 bonorum
3556 4057 3808 4115 demon-

2156 4150 2303 4200 stret
2333 4142 2807 4216 magnitudinem
2839 4142 2993 4197 309
3026 4148 3207 4212 utque
3239 4143 3516 4201 ostendat
3546 4163 3655 4202 nos
3697 4164 3802 4219 po-

377 4235 499 4291 tius
528 4234 717 4291 adniti
749 4234 988 4303 debere,
1020 4242 1087 4291 ut
1117 4235 1464 4306 hujusmodi
1488 4235 1740 4307 gloriam
1763 4251 1830 4291 ac
1875 4234 2389 4292 immortalitatem
2447 4248 2859 4304 assequamur,
2919 4248 3099 4303 quam
3146 4232 3276 4304 ipsa
3334 4240 3621 4293 creatura.
3685 4237 3801 4293 Nec

377 4324 538 4381 enim
573 4325 839 4397 opineris
872 4326 1181 4382 inanimen
1210 4341 1278 4382 ac
1302 4325 1718 4381 insensibilem
1745 4332 2080 4381 creaturam
2111 4324 2258 4381 talia
2288 4328 2633 4395 exspectare
2666 4321 2757 4377 vel
2789 4322 3036 4377 sentire.

452 4414 621 4482 «Τὴν
681 4410 1055 4488 ἀποκάλυψιν.
1118 4436 1147 4466 ››
1207 4413 1279 4472 Τὸ
1363 4412 1545 4477 τέλος,
1604 4412 1728 4468 ὅταν
1792 4411 2042 4485 μέλλωσι

378 4498 716 4571 δείκνυσθαι,
753 4502 906 4567 πίνες
943 4502 1054 4558 υἱοὶ
1093 4506 1249 4567 Θεοῦ,
1280 4503 1371 4558 καὶ
1396 4502 1534 4564 τίνες
1590 4503 1700 4557 υἱοὶ
1755 4496 2037 4557 διαϐόλου.

380 4615 409 4644 α
444 4593 530 4664 Τῇ
561 4592 663 4667 γὰρ
698 4592 1025 4668 ματαιότητι
1060 4595 1094 4662 ἡ
1161 4592 1339 4654 κτίσις
1397 4590 1660 4665 ὑπετάγη.
1700 4616 1727 4642 ιι
1784 4592 1942 4662 Οἶον,
1974 4595 2042 4665 τῇ

377 4683 576 4757 φθορᾷ.
606 4683 786 4738 Τοῦτο
814 4683 918 4759 γὰρ
979 4682 1296 4757 κατεκρίθη,
1366 4679 1456 4737 διὰ
1520 4682 1615 4743 τὰς
1649 4684 1806 4754 ἡμῶν
1863 4682 2041 4753 ἀμαρ-

382 4769 525 4832 τίας.
560 4796 588 4823 ‹‹
622 4771 749 4848 Οὐχ
779 4772 998 4834 ἑκοῦσα.
1040 4771 1187 4827 ἀλλᾶ
1254 4769 1343 4826 διὰ
1397 4771 1490 4828 τὸν
1549 4770 1887 4842 ὑποτάξαντα
1948 4768 2040 4826 ἐλ-

384 4854 525 4915 πίδι.
564 4885 592 4912 ››
622 4863 738 4931 Τῆς
765 4865 863 4916 τοῦ
922 4864 1157 4935 Χριστοῦ
1206 4859 1512 4935 δυνάμεως,
1555 4861 1713 4940 φησί,
1774 4865 1940 4915 τοῦτο
1978 4860 2042 4914 τὸ

378 4940 565 5024 ἔργον,
627 4949 692 5005 τὸ
747 4949 841 5006 καὶ
900 4948 1131 5006 ἄκουσαν
1191 4949 1446 5022 ὑποτάξαι
1525 4949 1607 5004 ἐπ’
1668 4947 1873 5007 ἐλπίδι.
1940 4949 2042 5005 Καὶ

386 5037 525 5105 αὗτὴ
557 5041 683 5116 γὰρ,
719 5039 877 5119 anei,
907 5040 1006 5107 τήν
1069 5038 1397 5114 ἀπαλλαγήν
1455 5037 1685 5109 ἐλπίζει·
1743 5037 1827 5094 ἐπ’
1859 5037 2043 5095 ἐλπίδι

383 5126 477 5181 οὖν
506 5127 842 5207 ἀπαλλαγῆς
887 5129 1146 5203 ὑπετάγη.
1184 5130 1388 5185 Λοιπὸν
1446 5129 1632 5184 ἑαυτὸν
1690 5128 2042 5205 ἐφερμγ,νε“3ει

376 5221 496 5279 πῶς
527 5215 735 5286 ἐλπίδι,
777 5220 860 5274 ὅτι
894 5220 983 5274 καὶ
1020 5218 1160 5289 αὖτή
1223 5219 1258 5288 ἡ
1317 5218 1491 5279 κτίσις
1524 5216 2041 5292 ἐλευθερωθήσεται.

373 5331 404 5360 κ
437 5308 565 5363 ’Ὅτι
592 5309 685 5364 καὶ
726 5308 864 5376 αὐτῆ
901 5310 935 5377 ἡ
981 5306 1157 5370 κτίσις
1218 5306 1715 5376 ἐλευθεσωθιζσεται
1774 5306 1882 5362 ἀπὸ
1940 5314 2043 5375 τῆς

371 5393 632 5460 δουλείας
660 5406 761 5469 τῆς
794 5400 1017 5477 φθορᾶς.
1051 5397 1128 5460 εἷς
1156 5399 1254 5467 τὴν
1292 5395 1603 5473 ἐλευθερίαν
1635 5404 1735 5466 τῆς
1787 5395 1974 5467 δόξης,
2011 5421 2038 5448 ››

377 5484 471 5548 Εἷς
499 5489 601 5556 τὴν
635 5484 967 5562 ἐλευθερίαν,
999 5488 1140 5553 οἷον,
1175 5484 1265 5542 διὰ
1329 5484 1640 5555 ἐλευθερίαν
1691 5495 1792 5555 τῆς
1849 5484 2035 5557 δόξης,

370 5576 621 5635 τουτέστι
647 5575 720 5633 δι’
748 5580 897 5652 ἡμᾶι
925 5574 1071 5633 ἔσται
1102 5577 1191 5632 καὶ
1240 5578 1275 5648 ἠ
1334 5577 1508 5636 κτίσις
1562 5574 1824 5652 ἄφθαρτο,
1857 5575 2042 5651 ὥσπερ

370 5668 464 5725 καί
500 5666 573 5745 δι’
626 5669 782 5744 ⁴ἡμᾶς
834 5670 1021 5746 γέγονε
1078 5669 1313 5743 φθαρτή.
1373 5699 1443 5710 —
1511 5666 2041 5742 [ΟΙΚΟΥΜΕΝΙΟΥ]

366 5758 443 5817 ’Ἦ
497 5759 584 5830 τὸ,
646 5758 727 5822 είς
779 5759 882 5828 τήν
981 5757 1311 5837 δλευθιρίαν·
1375 5754 1567 5830 δηλοῖ,
1623 5756 1903 5819 τουτέστιν
1961 5755 2041 5820 εἷς

2227 4437 2254 4464 α
2290 4413 2741 4486 Regulationem
2762 4433 2788 4463 ιι
2822 4411 2936 4468 hoc
2966 4413 3508 4486 est.perfectionem
3532 4415 3807 4483 finalem,

2153 4518 2290 4559 cum
2320 4500 2769 4557 demonstrandi
2803 4506 2945 4556 sunt
2972 4502 3215 4573 quidam
3249 4519 3377 4560 esse
3409 4505 3515 4559 lilii
3541 4505 3803 4577 Dei,qui-

2153 4592 2290 4647 dam
2325 4598 2524 4647 autem
2559 4590 2664 4645 lilii
2696 4589 2937 4645 diaboli.
2972 4614 3000 4640 ‹‹
3043 4592 3293 4648 Vanitati
3325 4594 3595 4664 subjecta
3626 4603 3735 4651 est.
3773 4617 3801 4646 ››

2155 4681 2275 4735 Ηοο
2306 4679 2815 4750 est,corruptinni.
2847 4679 2921 4734 ad
2952 4679 3065 4735 hoc
3095 4682 3254 4736 enim
3286 4681 3683 4738 condemnata
3713 4689 3804 4738 est

2154 4776 2396 4842 propter
2418 4775 2620 4823 nostra
2649 4774 2909 4839 peccata.
2944 4792 2971 4818 ‹‹
3006 4770 3132 4824 Non
3162 4771 3386 4837 volens,
3419 4771 3524 4826 sed
3555 4779 3802 4844 propter

2154 4874 2290 4913 eum
2322 4858 2422 4929 qui
2456 4856 2713 4927 subjecit
2741 4856 2929 4928 ipsam
2962 4857 3024 4912 in
3055 4874 3175 4930 spe.
3226 4883 3245 4905 ι
3282 4859 3521 4920 Christi.
3581 4860 3800 4932 inquit,

2152 4949 2385 5004 virtutis
2415 4947 2527 5003 hoc
2559 4954 2648 5002 est
2677 4963 2848 5019 opus,
2889 4948 3067 5003 etiam
3126 4948 3369 5004 invitam
3416 4950 3712 5021 subjicere
3743 4951 3808 5008 in

2154 5056 2425 5111 speznam
2456 5046 2513 5093 et
2537 5037 2667 5109 ipsa
2698 5037 3111 5094 liberationem
3161 5047 3362 5111 sperat
3392 5058 3406 5108 ;
3437 5040 3501 5096 in
3532 5057 3633 5114 spe
3667 5058 3806 5112 ergo

2154 5128 2524 5185 liberationis
2552 5127 2821 5197 subjecta
2852 5134 2942 5183 est
2974 5128 3193 5184 Deinde
3217 5130 3483 5201 seipsum
3514 5131 3805 5204 interpre-

2152 5226 2313 5275 tatur
2342 5216 2639 5289 quomodo
2673 5217 2732 5270 in
2765 5232 2921 5287 spem
2943 5216 3084 5272 Nam
3118 5223 3177 5272 et
3208 5218 3337 5287 ipsa
3364 5228 3640 5277 creatura
3662 5222 3805 5277 libe-

2154 5309 2382 5363 rabitur
2410 5306 2739 5362 aservitute
2758 5305 3158 5376 corruptionis
3182 5307 3239 5361 in
3258 5307 3803 5378 ipsamlibertatem

2153 5397 2374 5471 glorias.
2420 5418 2448 5446 ››
2482 5398 2562 5451 Ac
2594 5395 2641 5450 si
2701 5395 2862 5449 dicat
2896 5411 2909 5449 :
2945 5397 3193 5468 Propter
3245 5397 3578 5455 libertatem
3614 5401 3803 5472 ipsam

2153 5487 2377 5557 glorias.
2410 5484 2520 5540 hoc
2550 5490 2657 5542 est.
2692 5491 2937 5555 propter
2973 5501 3082 5539 nos
3117 5485 3231 5540 erit
3252 5494 3528 5544 creatura
3558 5490 3807 5545 immor-

2155 5578 2290 5633 talis
2326 5576 2480 5632 sicut
2503 5582 2563 5630 et
2586 5581 2829 5646 propter
2853 5592 2962 5631 nos
2995 5576 3148 5632 facta
3161 5584 3252 5634 est
3272 5580 3560 5635 mortalis.
3588 5614 3597 5618 -
3640 5579 3807 5646 Quod

2153 5667 2371 5724 dicitur
2400 5683 2477 5725 εις
2511 5665 2610 5733 τήν
2669 5660 3005 5737 ἐλευθεριαν,
3068 5666 3128 5722 in
3189 5666 3381 5738 ipsam
3441 5668 3804 5733 libertatem,

2150 5773 2369 5831 nempe
2398 5771 2534 5813 cum
2564 5753 3141 5830 articulo,signiﬁcat
3169 5756 3327 5828 quod
3360 5757 3419 5813 in
3451 5754 3725 5813 eamdem
3734 5755 3809 5827 li-
