4114 6384
348 336 479 399 479.

1478 328 1899 395 (BCUMENH
1942 328 2255 393 ΤΒῙΟΟΕ
2298 334 2690 401 EPISCOPL

3667 331 3791 417 48.9

352 486 652 527 vocemus.
682 470 753 525 Et
796 467 956 524 unde
990 466 1326 524 declaratur
1379 467 1492 524 hoc
1523 466 1675 523 bene
1708 464 1865 527 ﬂeri.
1899 465 2003 521 Dec

2135 464 2467 545 ἀναρερομεν
2494 470 2592 539 τήν
2635 470 2837 547 φωνήν.
2890 468 2953 526 Ὀ
3009 466 3134 529 Υἱὸς
3191 468 3339 541 ἡμᾶς
3396 462 3629 537 ἐδίδαξεν
3689 465 3785 522 οὖα

353 576 468 631 que
489 566 721 632 gratum
765 575 917 621 esse,
967 565 1031 612 ut
1069 559 1225 613 lianc
1273 574 1471 613 vocem
1522 556 1595 612 ad
1640 557 1835 627 ipsum
1868 554 2015 611 refe-

349 647 602 704 ramus?
630 648 813 702 Filius
851 664 960 702 nos
1003 647 1085 702 ita
1114 648 1312 702 dicere
1363 647 1600 702 docuit:
1632 670 1651 690 -
1705 647 1879 701 Pater
1911 660 2012 700 uo-

348 743 472 794 ster
504 738 602 809 qui
639 753 701 793 es
749 738 812 793 in
864 738 1031 794 ςαξΙὶς
1090 737 1155 802 ²’¹,
1191 745 1301 793 etc.
1356 737 1664 810 Apostolus
1710 752 1843 790 vero
1877 735 2019 807 quia

346 828 691 885 communia
707 844 836 883 esse
858 827 1516 898 novitdispensationis
1532 843 1665 899 erga
1680 825 2015 881 nosChristi

345 933 547 988 opera,
571 916 1567 987 Spiritus,inquit.attestaturﬁam
1593 932 1726 969 cum
1751 914 2018 969 Christus

343 1005 499 1063 hanc
530 1005 848 1061 tradiderit.
879 1006 1498 1077 precatonemctiam
1530 1004 1785 1076 Spiritus
1818 1002 2016 1058 tradit.

346 1101 406 1152 et
434 1095 591 1151 dono
627 1111 733 1167 per
765 1095 963 1167 ipsum
999 1094 1135 1151 dato
1168 1096 1229 1150 in
1280 1094 1455 1150 nobis
1501 1100 1833 1150 attestatur.
1867 1091 2018 1159 Quid

344 1192 542 1242 autem
573 1192 893 1241 attestatur
916 1184 944 1240 ?
990 1185 1155 1250 Quod
1186 1186 1334 1240 bene
1383 1190 1442 1240 et
1478 1184 1654 1240 modo
1704 1185 1820 1239 Deo
1850 1190 2015 1257 grato

347 1275 543 1347 ipsum
576 1276 808 1330 Patrem
846 1281 1121 1330 nostrum
1149 1273 1457 1330 dicamus:
1502 1272 1658 1345 quod
1692 1271 1795 1328 ﬁlii
1831 1272 2017 1343 ipsius

350 1365 536 1420 simus
565 1364 829 1437 adoptati
862 1364 936 1419 ab
967 1381 1037 1420 eo
1072 1380 1182 1437 per
1213 1361 1776 1435 baptismquuod
1810 1363 1856 1417 si
1882 1362 2015 1418 filii.

347 1460 406 1511 et
434 1454 719 1511 hmredes.
752 1454 937 1509 Judaei
972 1469 1107 1508 vero
1148 1454 1291 1509 licet
1333 1453 1439 1509 ﬁlii
1467 1453 1569 1508 Dei
1617 1452 2012 1508 vocabantur,

346 1544 535 1601 multa
565 1551 764 1600 tamen
795 1545 1107 1614 utriusque
1143 1549 1200 1598 et
1231 1543 1555 1599 vocationis
1584 1548 1642 1597 et
1671 1541 2011 1614 adoptionis

345 1632 702 1689 differentia.
738 1632 1041 1705 Siquidem
1079 1632 1168 1686 illi
1201 1634 1264 1687 in
1304 1631 1494 1705 figura
1526 1630 2014 1687 nominabantur.

350 1721 854 1795 quemadmodum
880 1728 938 1776 et
965 1721 1085 1777 alia
1112 1722 1174 1775 in
1191 1720 1611 1794 ﬁguragrzntiae
1636 1720 1759 1775 illis
1783 1720 2015 1775 coutin-

2121 579 2229 620 τως
2264 557 2459 637 λέγειν·
2497 586 2522 609 ‹‹
2563 560 2738 636 Ιιέτερ
2768 561 2930 631 ἡμῶν
2962 559 2988 613 6
3030 558 3081 613 ἐν
3132 562 3249 619 τοῖς
3302 556 3577 630 οὐρανοῖς,
3615 580 3641 606 ››
3691 556 3784 610 καὶ

2124 650 2267 722 ἑξῆς.
2303 650 2479 713 Αὐτὸς
2509 647 2567 706 δὲ
2607 645 2797 719 ἐπειδὴ
2853 650 3009 704 κοινᾶ
3057 647 3175 704 οἶδε
3231 648 3299 702 τὰ
3348 649 3445 715 τῆς
3503 645 3579 709 εἷς
3630 648 3783 718 ἡμᾶς

2124 738 2441 813 οἰκονομίας
2473 739 2606 816 ἔργα
2656 744 2754 796 τοῦ
2810 742 3069 814 Χριστοῦ,
3124 740 3262 795 «Τὸ
3323 738 3560 808 Ηνεῦμα,
3621 738 3779 813 φησὶ,

2123 835 2588 904 συμμαρτυρεῖ.»
2622 832 2856 905 Χριστοῦ
2912 827 3015 904 γὰρ
3071 823 3523 900 παραδεδωκότος
3578 826 3778 900 ταύτην

2120 921 2220 989 τήν
2252 920 2449 995 εὐχὴν,
2481 922 2567 975 καῖ
2604 921 2667 975 τὸ
2701 921 2917 991 Πνεῦμα
2960 914 3321 991 παραδίδωσι,
3381 916 3472 972 καὶ
3521 937 3784 988 συμμαρ-

2122 1014 2274 1084 τυρεῖ
2304 1013 2384 1082 τῷ
2414 1007 2463 1064 ἐν
2499 1011 2632 1080 ἡμῖν
2667 1006 2873 1065 δοθὲντι
2905 1008 3212 1088 χαρίσματι
3239 1004 3310 1062 δι’
3369 1007 3560 1063 αὐτοῦ.
3608 1005 3669 1060 Τί
3723 1002 3785 1062 δὶ

2124 1106 2542 1176 συμμαρτυρεῖ;
2573 1106 2690 1157 ⁴Οτι
2719 1097 2906 1162 καλῶς
2955 1098 3047 1155 καὶ
3108 1095 3445 1173 ἀρεσκόντως
3500 1097 3619 1169 Θεῷ
3678 1094 3781 1153 λέ-

2120 1213 2289 1269 γομεν
2319 1192 2479 1248 αὐτὸν
2534 1190 2744 1268 Πατέρα
2772 1193 2955 1262 ἡμῶν,
3020 1189 3104 1245 δτι
3160 1187 3317 1246 τέκνα
3374 1188 3541 1244 αὐτοῦ
3597 1185 3781 1259 ἐσμεν,

2122 1280 2528 1353 υἱοθετηθέντες
2579 1281 2729 1352 αὐτῷ
2777 1285 2857 1351 τῷ
2911 1278 3267 1355 βαπτίσματι·
3306 1303 3333 1330 ‹‹
3371 1277 3437 1335 Εἰ
3487 1275 3544 1333 δὲ
3597 1277 3780 1345 τέκνα,

2123 1372 2279 1448 φησὶ,
2310 1371 2402 1427 καὶ
2432 1368 2798 1444 κληρονόμοι.
2835 1393 2864 1421 ››
2927 1370 2994 1426 Ol
3050 1366 3107 1424 δὲ
3138 1390 3198 1443 γε
3248 1363 3528 1429 Ἰουδαῖοι,
3589 1365 3639 1421 εἶ’
3692 1363 3787 1421 καὶ

2123 1458 2415 1516 ἐκαλοῦντο
2446 1459 2603 1517 τέκνα
2633 1463 2789 1525 Θεοῦ,
2824 1456 2971 1514 ἀλλᾶ
3002 1456 3190 1527 πολλή
3242 1454 3495 1528 κλήσεως
3527 1456 3784 1529 ἑκατέρας

2121 1547 2210 1602 καὶ
2244 1548 2514 1612 υἱοθεσίας
2546 1550 2580 1618 ἡ
2614 1545 2866 1626 διαφορά.
2912 1547 2978 1604 Ol.
3022 1545 3115 1619 μὶν
3181 1544 3285 1620 γὰρ
3346 1549 3589 1607 τυπικῶς
3642 1544 3785 1600 ὠνο-

2126 1640 2390 1710 μάζοντο,
2426 1637 2607 1712 ὥσπερ
2664 1637 2754 1692 καὶ
2779 1638 2828 1692 τ’
2859 1635 3004 1691 ἄλλα
3061 1634 3246 1697 αὐτοῖς
3314 1632 3389 1697 εἷς
3446 1634 3615 1691 τύπον
3658 1633 3777 1689 ἐτε-

2123 1726 2274 1781 λεῖτο
2298 1733 2396 1793 τῆς
2427 1728 2677 1802 χάριτος.
2709 1728 2898 1800 Ἡμεῖς
2942 1722 3000 1780 δὲ
3028 1725 3097 1780 οὐ
3125 1728 3393 1793 τυπικῶς,
3453 1721 3579 1780 ἀλλ’
3612 1722 3779 1778 αὐτο-

350 1812 610 1885 gebant:
643 1828 753 1868 nos
784 1828 919 1866 vero
952 1827 1071 1867 non
1118 1810 1445 1883 ﬁgurative,
1477 1809 1581 1865 sed
1626 1809 1920 1882 perfecte:
1956 1814 2003 1866 et

2122 1814 2317 1879 τελῶς.
2354 1818 2456 1873 Καὶ
2490 1818 2542 1871 ol
2577 1816 2670 1893 μὶν
2700 1815 2749 1871 εἴ
2794 1814 2884 1870 καὶ
2941 1812 3234 1870 ἐκαλοῦντο
3293 1812 3427 1881 υἱοὶ,
3484 1810 3613 1868 ἀλλ’
3673 1812 3779 1868 οὐκ

346 1901 437 1959 illi
472 1918 814 1975 quanquam
839 1900 946 1956 ﬁlii
979 1899 1344 1957 vocabantur
1374 1916 1495 1967 non
1531 1906 1732 1957 tamen
1758 1898 2008 1971 ipsisda-

343 1997 470 2047 tum
503 1997 649 2055 erat,
683 1997 749 2047 ut
780 1992 964 2046 Deum
995 1997 1274 2046 vocarent
1296 1992 1531 2047 Patrem
1557 2006 1568 2043 :
1604 1988 1777 2045 nobis
1808 1995 2009 2045 autem

344 2083 546 2138 ethoc
604 2083 891 2139 donatum
950 2088 1059 2148 est,
1124 2082 1429 2155 multaque
1488 2081 1610 2138 alia
1667 2086 1757 2137 est
1813 2081 2008 2138 excel-

342 2171 553 2229 lentia.

413 2262 569 2316 ειη
610 2284 630 2308 ι
700 2260 1068 2333 Adoptionis.
1107 2282 1134 2310 ››
1196 2260 1374 2332 Atqui
1433 2276 1808 2332 consequens
1858 2265 2006 2327 erat,

341 2356 409 2408 ut
439 2351 665 2408 diceret
690 2368 701 2404 :
741 2350 1050 2407 Libertatis
1078 2376 1091 2410 ;
1130 2349 1233 2405 sed
1263 2358 1463 2406 tamen
1492 2349 1651 2421 quod
1677 2350 1872 2423 majus
1895 2355 2003 2418 est,

343 2440 525 2497 dicit:
558 2442 670 2496 Per
700 2457 877 2513 quem
909 2442 1246 2497 clamamus
1284 2463 1302 2487 ι
1336 2440 1602 2496 Dicimus
1634 2440 1820 2506 enim,
1856 2464 1875 2489 ι
1905 2442 2007 2497 Pa-

345 2536 437 2585 ter
468 2536 690 2599 noster,
749 2531 848 2603 qui
894 2547 957 2585 es
1016 2530 1079 2585 in
1139 2529 1323 2586 cuzlis.
1358 2551 1383 2580 η
1437 2529 1641 2586 Posuit
1689 2536 1886 2588 autem
1950 2536 2008 2589 et

344 2624 691 2682 Hebraicam
723 2624 1071 2691 dictionem,
1105 2629 1170 2677 ut
1207 2623 1533 2696 genuinum
1557 2639 1625 2678 ac
1665 2639 1773 2695 per
1803 2626 2008 2683 omnia

345 2715 580 2770 Patrem
615 2712 995 2780 significaret.
1032 2736 1055 2757 α
1094 2714 1224 2784 Ipse
1257 2712 1514 2784 Spiritus
1536 2728 1657 2768 una
1688 2719 2003 2770 testatur.»

342 2803 491 2869 Quia
545 2802 729 2858 Judaai
780 2804 967 2858 Deum
1026 2804 1263 2858 Patrem
1318 2800 1627 2867 vocabant,
1689 2803 2004 2861 ostendere

342 2892 468 2948 vult
498 2892 657 2964 quod
680 2892 799 2948 illis
853 2892 1097 2964 quidem
1149 2893 1258 2947 hoc
1293 2891 1653 2964 permissum
1704 2909 1827 2949 non
1856 2899 2003 2963 erat,

343 2982 517 3040 nobis
538 2988 737 3040 autem
769 2981 1036 3038 iudubie.
1072 2979 1239 3047 Quod
1263 2997 1331 3035 ex
1365 2997 1433 3036 eo
1476 2980 1861 3038 manifestum
1894 2990 2004 3053 est,

345 3073 504 3145 quod
535 3072 788 3145 Spiritus
830 3077 1103 3134 testatur,
1151 3076 1210 3126 et
1230 3070 1350 3126 ait:
1402 3075 1534 3142 Ipse
1586 3070 1860 3144 Spiritus,
1893 3073 2005 3130 hoc

341 3167 451 3221 est.
513 3161 641 3234 ipse
690 3160 1030 3217 Paracletus
1088 3176 1209 3217 una
1281 3164 1533 3217 testatur
1585 3176 1719 3217 cum
1779 3162 1992 3234 spiritu

339 3259 544 3309 nostro
600 3254 659 3309 id
692 3260 801 3320 est,
834 3254 990 3310 dono
1022 3253 1195 3309 nobis
1216 3251 1289 3308 ab
1312 3252 1439 3324 ipso
1482 3252 1637 3307 dato.
1674 3255 1799 3311 Non
1830 3257 1990 3311 enim

337 3348 467 3406 hmo
497 3363 605 3402 vox
631 3346 817 3403 solius
848 3347 988 3401 doni
1012 3351 1122 3410 est,
1175 3343 1281 3400 sed
1311 3345 1441 3415 ejus
1481 3362 1720 3416 quoque
1742 3347 1843 3418 qui
1875 3346 1994 3403 lar-

339 3439 497 3511 gitus
529 3442 638 3505 est,
662 3435 763 3492 ubi
791 3452 927 3507 ergo
948 3435 1200 3507 Spiritus
1232 3439 1504 3501 testatur,
1540 3451 1672 3506 quas
1703 3436 1994 3510 ambigui—

339 3531 432 3586 tas
464 3525 598 3581 est?
634 3552 651 3573 -
690 3527 759 3581 Et
792 3524 1080 3582 hmredes.
1120 3546 1146 3573 »
1197 3523 1650 3595 Consequenter
1691 3532 1867 3599 auget
1902 3527 1996 3581 di-

340 3618 648 3691 gnitatem.
684 3620 826 3674 Nam
880 3621 1131 3689 possunt
1153 3621 1211 3672 et
1267 3614 1373 3672 filii
1407 3631 1558 3683 esse,
1609 3633 1719 3672 nec
1742 3617 1997 3674 haeredi—

342 3712 526 3766 tatem
554 3708 877 3778 suscipere.
908 3729 936 3756 ‹‹
970 3704 1323 3762 Cohaaredes
1354 3710 1554 3760 autem
1575 3706 1812 3763 Christi.
1841 3730 1867 3756 ››
1901 3709 1994 3764 Vi-

340 3798 445 3854 des
475 3814 613 3871 ergo
632 3797 789 3868 quod
820 3796 937 3857 alia
967 3796 1041 3852 sit
1077 3801 1281 3852 nostra
1301 3794 1541 3866 adoptio
1570 3795 1643 3851 ab
1677 3796 1997 3869 adoptione

337 3887 695 3946 Judaa-orum.
741 3886 1046 3958 Siquidem
1099 3902 1209 3941 nos
1240 3884 1421 3939 etiam
1467 3882 1734 3941 hmredes
1766 3902 1993 3955 sumus,

339 3980 428 4035 illi
459 3984 656 4035 autem
700 3994 841 4034 non.
869 3978 948 4033 De
1005 3978 1089 4032 eis
1122 3976 1281 4031 enim
1340 3972 1522 4029 dicit:
1559 3996 1588 4023 ‹‹
1630 3976 1809 4032 Malos
1841 3977 1994 4033 male

338 4069 550 4143 perdet
580 4075 637 4123 et
695 4069 927 4123 vineam
980 4066 1201 4122 locabit
1250 4064 1385 4123 aliis
1420 4060 1486 4125 ³⁸.
1520 4088 1548 4115 ››
1614 4069 1685 4122 Et
1718 4082 1950 4122 rursum
1979 4084 1991 4120 :

341 4180 369 4210 ι(
404 4158 592 4221 Multi,
624 4157 841 4228 inquit.
875 4156 1114 4213 venient
1161 4162 1222 4211 et
1251 4157 1606 4215 accumbeut
1643 4173 1778 4213 cum
1814 4156 1996 4212 Abra-

339 4249 503 4313 ham,
537 4246 643 4303 ﬁlii
676 4253 872 4304 autem
910 4245 1071 4317 regni
1101 4246 1417 4316 ejicientur
1434 4246 1503 4311 ³9,
1538 4268 1565 4295 ››
1599 4245 1873 4302 videlicet
1899 4246 1998 4302 Ju-

342 4338 474 4394 dzei.
514 4337 575 4391 ln
603 4336 663 4391 id
704 4336 862 4407 quod
912 4334 1166 4391 dicitur:
1198 4358 1225 4384 «
1278 4337 1561 4408 Spiritum
1612 4336 1929 4393 servitutis.
1967 4357 1995 4386 »

342 4426 491 4493 Quia
518 4425 1104 4496 Judmiadnptionem
1139 4425 1252 4481 sibi
1277 4426 1693 4482 vindicabant:
1729 4447 1754 4474 α
1794 4425 1994 4491 Filios,

341 4515 737 4588 inquit,genui
770 4522 830 4572 et
868 4517 1116 4572 exaltavi
1147 4515 1233 4585 3°;
1267 4539 1294 4566 ιι
1354 4518 1618 4573 ostendit
1666 4522 1890 4589 quanta
1920 4518 1997 4573 sit

2116 1906 2183 1976 ἦν
2216 1906 2401 1966 αὐτοῖς
2435 1902 2752 1976 δεδομένον,
2784 1905 2846 1960 τὸ
2896 1905 2985 1960 καὶ
3020 1902 3215 1965 αὐτοὺς
3266 1903 3359 1958 τὸν
3409 1903 3537 1958 Θεὸν
3587 1898 3777 1957 καλεῖν

2116 1992 2343 2071 Πατέρα.
2376 1997 2539 2068 Ἡμῖν
2574 1991 2750 2051 δὲκαὶ
2807 1997 2970 2051 τοῦτο
3030 1994 3376 2068 κεχάρισται,
3435 1989 3524 2046 καὶ
3582 1987 3770 2059 πολλῇ

2115 2084 2264 2157 ἄλλη
2297 2082 2552 2165 διαφορά.

2186 2290 2215 2317 ιι
2245 2265 2547 2329 Υἱοθεσίας.
2584 2288 2611 2317 »
2643 2262 2835 2322 Καίτοι
2863 2259 3167 2319 ἀκόλουθον
3214 2262 3281 2333 ἦν
3328 2259 3521 2329 εἶπεῖν,
3577 2256 3772 2316 Ἐλευ-

2113 2355 2315 2428 θερίας,
2346 2353 2473 2411 ἀλλ’
2505 2352 2660 2429 ὅμως
2708 2354 2771 2409 τὸ
2826 2359 3010 2427 μεῖζον
3073 2347 3239 2428 λέγει.
3297 2375 3323 2402 ι(
3356 2353 3443 2407 Ἐν
3473 2350 3518 2423 ᾦ
3571 2350 3770 2423 κράζο-

2116 2466 2236 2520 μεν.
2270 2470 2299 2498 ››
2335 2446 2577 2519 Λέγομεν
2607 2444 2731 2520 γάρ·
2778 2466 2806 2497 ‹‹
2858 2440 3029 2518 [Ιᾶτερ
3075 2444 3236 2514 ἡμῶν
3271 2441 3298 2495 6
3331 2439 3384 2496 ἰν
3435 2444 3553 2501 τοῖς
3608 2437 3770 2513 οὖρα-

2109 2541 2245 2598 νοῖς.
2280 2558 2309 2588 ››
2341 2532 2557 2590 Τέθεικε
2596 2531 2654 2590 δὲ
2710 2531 2799 2588 καὶ
2858 2533 2960 2601 τήν
3023 2525 3277 2603 Ἑϐραίαν
3337 2527 3505 2603 λέξιν,
3566 2525 3656 2583 ’ίνα
3710 2526 3775 2583 τὸ

2112 2627 2331 2702 γνήσιλ
2366 2624 2511 2698 δείξῃ
2549 2620 2639 2678 διὰ
2695 2624 2910 2677 παντων
2966 2645 2993 2673 ‹‹
3026 2620 3172 2678 Αὐτὸ
3229 2618 3291 2675 τὸ
3354 2621 3571 2691 Πνεῦμα
3631 2638 3773 2690 συμ-

2114 2719 2379 2789 μαρτυρεῖ
2431 2736 2455 2765 n
2510 2709 2735 2781 Ἐπειδὴ
2796 2712 2885 2767 καὶ
2948 2707 3209 2768 Ἰουδαῖοι
3265 2707 3481 2782 Πατέρα
3537 2706 3769 2764 εκάἶαυν

2110 2802 2205 2858 τὸν
2245 2803 2400 2870 Θεὸν,
2458 2802 2608 2859 θέλει
2666 2797 2835 2871 δεῖξαι
2891 2798 2974 2855 ὅτι
3034 2798 3222 2864 αὐτοῖς
3282 2798 3377 2871 μὲν
3438 2796 3541 2853 οὐκ
3597 2794 3773 2865 ἐπετέ-

2109 2912 2317 2966 τραπτο
2346 2896 2531 2957 τοῦτο,
2570 2893 2707 2965 ἡμῖν
2748 2888 2805 2946 δὲ
2830 2888 2937 2945 ναί.
2976 2888 3081 2947 Καὶ
3113 2885 3284 2958 δῆλον
3319 2885 3379 2943 ὲκ
3427 2891 3522 2943 τοῦ
3564 2906 3769 2961 μαρτυ-

2112 2986 2325 3059 ροῦντο.
2359 2981 2700 3053 Πνεῦματος,
2732 2981 2823 3036 καί
2855 2998 3042 3061 φησιν·
3088 3003 3115 3031 α
3151 2977 3296 3036 Αὐτὸ
3345 2976 3407 3033 τὸ
3460 2980 3702 3050 Πνεῦμα,
3737 2997 3765 3027 »ι

2111 3076 2384 3132 τουτέστιν
2430 3074 2594 3138 αὐτὸς
2651 3074 2679 3128 6
2742 3071 3123 3147 Παράκλητος,
3187 3093 3215 3121 ‹‹
3269 3073 3649 3143 συμμαρτυρεῖ
3685 3070 3765 3140 τῷ

2110 3164 2381 3238 πνεύματι
2412 3166 2596 3239 ⁵ἡμῶν,
2634 3187 2661 3214 υ
2689 3160 2717 3218 ὅ
2748 3160 2861 3219 ἐστι
2886 3166 2964 3232 τῷ
2996 3158 3205 3218 δοθέντι
3237 3161 3373 3232 ἡμῖν
3419 3158 3546 3233 παρ’
3601 3156 3770 3213 αὐτοῦ

2110 3255 2434 3335 χαρίσματι.
2469 3251 2546 3310 Οὐ
2579 3253 2680 3328 γὰρ
2723 3252 2888 3325 μόνον
2941 3254 3039 3307 τοῦ
3099 3249 3443 3325 χαρίσματος
3472 3250 3508 3319 ἡ
3537 3248 3768 3317 τοιαύτη

2105 3348 2284 3425 φωνὴ,
2340 3342 2491 3401 ἀλλὰ
2544 3344 2635 3399 καὶ
2701 3347 2802 3399 τοῦ
2870 3340 3286 3417 δωρησαμένοψ
3370 3338 3497 3396 ἔνθα
3553 3339 3646 3395 οῦν
3704 3337 3767 3395 τὸ

2106 3424 2326 3511 Ηνεῦμα
2356 3439 2637 3512 μαρτυρεῖ,
2695 3432 2827 3490 ποία
2885 3430 3025 3487 ἐστῖν
3074 3424 3493 3505 ἀμφισϐήτησις
3540 3448 3554 3499 ;
3603 3454 3629 3483 «
3667 3428 3769 3486 Καὶ

2105 3524 2474 3601 κληρονόμοι.
2538 3547 2566 3575 ››
2627 3521 2829 3580 Λοιπὸν
2889 3515 3033 3594 αὔξει
3091 3520 3191 3588 τήν
3247 3520 3420 3591 ἀξίαν·
3482 3519 3600 3576 Ἒνι
3662 3518 3766 3593 γὰρ

2102 3618 2263 3672 τέκνα
2296 3616 2374 3690 μὴ
2406 3612 2880 3687 κληρονομοῦντα.
2934 3633 2963 3663 (ι
3001 3607 3466 3688 Συγκληρονόμοι
3527 3605 3584 3665 δὲ
3626 3608 3762 3683 Χρι-

2105 3710 2252 3762 στοῦ.
2284 3730 2313 3758 »
2344 3705 2504 3777 Ὁρᾷς
2534 3703 2618 3758 ὃτι
2660 3699 2807 3772 ἃλλη
2868 3698 3011 3756 ἐστὶν
3042 3702 3077 3769 ἡ
3113 3697 3357 3764 υἱοθεσία
3404 3700 3566 3772 ἡμῶν
3614 3697 3760 3773 παρᾶ

2102 3798 2202 3866 τὴν
2235 3799 2341 3850 τῶν
2376 3790 2655 3849 Ἰουδαίων
2682 3812 2696 3860 ;
2728 3793 2891 3860 ἡμεῖς
2935 3791 3030 3864 μὲν
3086 3790 3187 3865 γὰρ
3244 3789 3335 3844 καὶ
3392 3790 3760 3863 κληρονόμοι,

2107 3887 2162 3941 οἱ
2195 3883 2251 3939 δὲ
2282 3883 2434 3963 οὐχὶ.
2470 3883 2617 3952 Φησὶ
2649 3881 2754 3960 γὰρ
2805 3879 2930 3955 περὶ
2991 3879 3167 3935 αὐτῶν
3252 3904 3279 3930 (ι
3320 3878 3523 3938 Κακοὺς
3578 3878 3763 3939 κακῶς

2105 3962 2385 4042 ἆπολὲσει,
2453 3973 2541 4027 καὶ
2600 3970 2904 4044 ἀμπελῶγα
2984 3963 3206 4021 ἐκδώσει
3293 3962 3511 4028 ἄλλοις.
3567 3987 3594 4015 υ
3654 3966 3759 4020 Καὶ

2104 4064 2290 4129 πάλιν,
2329 4092 2348 4111 ιι
2390 4061 2620 4125 Πολλοὶ,
2681 4059 2867 4137 φησέν,
2907 4057 3093 4128 ἥξουσι
3150 4056 3237 4110 καὶ
3298 4051 3753 4122 ἀνακλιθήσονται

2109 4148 2541 4230 μετὰἊὸραᾶμ,
2590 4150 2643 4207 οἱ
2702 4147 2758 4204 δὲ
2816 4148 2924 4202 υἱοὶ
2981 4153 3080 4212 τῆς
3142 4142 3422 4220 βασιλείας
3476 4137 3757 4214 ἐκϐληθή-

2106 4265 2308 4314 σονται,
2351 4266 2381 4296 ››
2412 4242 2582 4319 ἤγουν
2617 4234 2974 4294 οὶῚουδαῖοι.
3010 4233 3106 4297 Εἷς
3163 4235 3249 4304 τὸ,
3310 4261 3329 4285 ι
3365 4237 3583 4307 Πνεῦμα
3632 4230 3756 4288 δου-

2106 4333 2278 4395 λείας,
2336 4357 2363 4384 ››
2422 4326 2646 4400 Ἐπειδὴ
2696 4328 2787 4383 καὶ
2847 4322 3104 4384 Ἰουδαῖοι
3150 4331 3251 4394 τῆς
3305 4322 3571 4385 υἱοθεσίας
3634 4344 3763 4397 μετ-

2105 4427 2393 4482 εποιοῦντο
2442 4426 2457 4490 (
2509 4446 2533 4475 ιι
2594 4419 2753 4478 Υἱοὸς
2811 4419 2912 4494 γὰρ
2973 4416 3228 4491 ἐγέννησα
3284 4415 3375 4470 καὶ
3434 4413 3627 4489 ὕψιυσα
3687 4414 3762 4490 η),

2105 4512 2336 4569 δείκνυσι
2400 4506 2565 4567 πόσον
2623 4516 2723 4579 τῆς
2777 4506 3047 4582 ἡμετερας
3106 4505 3379 4567 υἱοθεσίας
3437 4502 3525 4559 καὶ
3584 4504 3762 4559 αὐτῶν

342 4580 679 4662 dill‘erentia
708 4604 1043 4676 adoptionis
1091 4580 1310 4661 nostra:
1357 4622 1425 4661 ac
1471 4580 1707 4661 illorum
1743 4627 1758 4669 ;
1800 4612 1860 4661 et
1887 4606 1989 4671 ait,

2113 4604 2162 4659 τὸ
2190 4601 2472 4675 διάφορον.
2509 4600 2605 4654 Καί
2636 4618 2821 4667 φησιν,
2868 4596 2950 4652 ὅτι
3001 4596 3196 4650 ἐκεῖνοι
3246 4598 3458 4662 πνεῦμα
3506 4589 3760 4656 δουλείας

339 4697 496 4768 quod
530 4696 616 4752 illi
652 4695 927 4768 spiritum
987 4696 1286 4751 servitutis
1327 4702 1700 4767 acceperant.
1735 4703 1877 4768 puta
1908 4696 1989 4750 le-

338 4802 490 4859 gem.
519 4795 801 4859 tanquam
837 4803 871 4841 ιι
900 4785 1114 4856 spiritu
1141 4785 1362 4845 datam;
1419 4786 1607 4858 magis
1640 4792 1840 4858 aptam
1871 4802 1993 4842 ser-

337 4877 443 4930 vis.
482 4878 707 4933 Etenim
742 4892 928 4948 pwnm
964 4882 1181 4945 paratas
1212 4880 1383 4932 erant
1413 4876 1590 4931 etiam
1633 4875 1996 4947 corporales,

340 4965 737 5035 lapidationes
765 4982 834 5020 ac
867 4965 1043 5020 mium
1069 4980 1119 5019 :«
1156 4964 1397 5020 Gladius
1424 4964 1733 5020 devorabit
1761 4982 1865 5020 vos
1896 4966 1998 5023 ".»

342 5060 401 5110 et
431 5053 505 5109 ob
535 5053 594 5107 id
624 5054 847 5111 multus
882 5056 1058 5111 timor
1079 5060 1206 5109 erat
1237 5072 1357 5126 prae
1387 5054 1598 5109 oculis.
1623 5055 2000 5125 Rursumque

340 5143 589 5217 praemia
619 5149 853 5200 terrena
904 5149 1118 5201 erant:
1162 5165 1189 5192 α
1228 5144 1283 5198 Si
1340 5142 1654 5199 audieritis
1696 5161 1810 5209 me,
1844 5144 2002 5200 bona

338 5244 515 5294 terra:
546 5233 871 5289 comedetis
911 5232 978 5288 3*.
1038 5258 1062 5281 »ι
1109 5236 1319 5290 Nostra
1369 5250 1505 5288 vero
1567 5234 1813 5304 praemia
1863 5239 2001 5290 sunt

343 5326 501 5383 bona
532 5322 814 5388 cmiestia,
848 5329 908 5377 et
947 5324 1212 5394 mysticae
1262 5339 1485 5379 mensae
1534 5324 1998 5379 communicatio

342 5420 627 5483 tanquam
660 5410 799 5466 ﬁliis
858 5412 1013 5469 data.
1053 5437 1072 5459 ο
1110 5411 1459 5468 Cohaeredes
1509 5429 1644 5468 vero
1694 5412 1912 5469 Christi
1970 5436 1997 5464 »

341 5507 531 5576 Auget
559 5501 910 5571 dignitatem
942 5517 1199 5569 rursum,
1234 5519 1461 5575 nosque
1494 5502 1728 5559 Domini
1751 5504 2001 5576 propin-

341 5611 490 5668 quos
522 5598 781 5648 statuere
814 5591 1144 5647 contendit.

2104 4687 2302 4748 ἔλαϐον
2335 4691 2425 4745 τὸν
2467 4688 2658 4761 νόμον,
2718 4687 2791 4748 ὡς
2849 4683 2995 4760 παρὰ
3050 4688 3147 4739 τοῦ
3208 4681 3517 4754 ΙΙνεῦματος
3578 4677 3758 4752 δοθὲν,

2109 4779 2332 4843 δοῦλοις
2366 4777 2421 4833 δὲ
2475 4778 2713 4852 ἁρμόζον
2781 4771 3015 4847 μᾶλλον,
3069 4770 3170 4827 Καὶ
3226 4771 3327 4846 γὰρ
3386 4771 3442 4826 αἱ
3497 4772 3762 4849 τιμωρίαι

2108 4871 2252 4941 παρὰ
2281 4866 2452 4930 πόδας
2500 4868 2590 4922 καὶ
2647 4864 2976 4937 σωματικαὶ,
3034 4860 3323 4933 λιθασμοῖ,
3376 4861 3467 4917 καὶ
3522 4861 3761 4934 καύσεις,

2107 4964 2198 5019 καὶ
2232 4958 2477 5025 ἀπειλαὶ,
2515 4984 2541 5010 ‹‹
2581 4960 2843 5032 Μαχαιρα
2898 4955 3039 5026 ὑμᾶς
3091 4950 3391 5009 κατέδεται.
3431 4977 3459 5004 ››
3526 4952 3625 5007 Καὶ
3676 4949 3769 5006 διὰ

2107 5057 2273 5109 ταῦτα
2303 5048 2480 5111 πολὺς
2514 5049 2543 5103 6
2572 5041 2742 5127 φόϐος
2776 5044 2881 5120 πρὸ
2940 5039 3266 5123 ὀφθαλμῶν,
3316 5041 3406 5097 καὶ
3455 5040 3521 5096 αὖ
3570 5042 3622 5096 οἱ
3672 5062 3769 5114 μι-

2111 5141 2230 5207 σθοὶ
2262 5139 2515 5215 ἐπίγειοι,
2546 5162 2573 5189 ι(
2602 5138 2723 5194 Ἐὰν
2782 5130 3136 5201 είσακούστ,τέ
3191 5152 3300 5206 μου
3345 5133 3413 5184 τὰ
3455 5129 3627 5205 ἀγαθᾶ
3662 5134 3765 5199 τῆς

2108 5238 2210 5305 γῆς
2267 5230 2521 5309 φάγεσθε.
2583 5249 2612 5279 ››
2660 5226 2850 5298 ’Πμῶν
2912 5221 2968 5277 δὲ
3028 5222 3078 5276 οἱ
3141 5218 3328 5293 μισθοὶ
3419 5218 3486 5275 τὰ
3546 5218 3768 5297 οὐράνια

2109 5323 2303 5400 ἀγαθὲ,
2331 5321 2418 5376 καὶ
2455 5322 2490 5388 ἡ
2524 5320 2624 5385 τῆς
2687 5322 2953 5389 μυστικῆς
3009 5312 3284 5386 τραπέζης
3346 5309 3421 5374 ὡς
3465 5310 3607 5373 υἱοῖς
3658 5332 3769 5367 κοι-

2108 5396 2288 5468 νςρνία,
2328 5434 2356 5463 ς(
2403 5405 2868 5482 Κυγκλτορονόμοι
2926 5400 2982 5458 δὲ
3034 5403 3291 5476 Χρνστοῦ.
3324 5426 3350 5452 »
3404 5399 3574 5458 Πάλιν
3628 5396 3773 5472 αὔξει

2106 5502 2170 5558 τὸ
2214 5500 2453 5573 ἀξίωμα,
2511 5497 2602 5553 καὶ
2662 5493 2967 5575 ιινιλονεικεῖ
3017 5489 3177 5568 ἐγγὺς
3234 5493 3384 5565 ἡμᾶς
3440 5497 3636 5563 στῆσαι
3673 5493 3771 5547 τοῦ

2111 5590 2405 5650 Δεσπὸτου.

413 5691 459 5731 ³⁷
489 5690 692 5751 Matth.
726 5706 802 5761 Vl,
833 5692 884 5747 9.
919 5690 963 5726 ’⁸
995 5690 1203 5749 Matth.
1236 5708 1353 5766 xxi,
1383 5693 1474 5750 41.
1508 5690 1556 5728 ⁸9
1586 5691 1788 5753 Matth.
1830 5709 1949 5765 vni,
1984 5699 2003 5754 1

2113 5693 2279 5751 “lea.
2315 5708 2356 5764 ι,
2385 5692 2439 5748 2.
2473 5689 2517 5727 ιι
2542 5687 2811 5761 imago.
2845 5683 2892 5722 ιε
2921 5681 3066 5755 ibid.
3102 5683 3190 5742 ιο.
