4114 6416
360 436 481 508 Ῑ81

348 545 355 579 ί
870 608 875 611 -
976 574 1396 630 ΚΕΦΑΛ.ΙΓ.

361 659 726 736 Επανάληψις
798 657 923 735 περὶ
998 658 1539 786 τῆςδμᾶξποκειμένης
1624 664 1741 721 τοῖς
1843 658 2019 735 ἀγίοις

1152 753 1304 802 agre.

436 820 604 898 Ε”περ
675 821 1101 897 συμπέσχομεν,
1207 818 1305 876 ’ίνα
1381 821 1470 876 καὶ
1556 818 2021 892 συνδοξασθῶμεν.

360 911 676 990 Λογίζομαι
706 911 812 986 γὰρ
852 910 938 966 ὅτι
996 910 1096 966 οὑκ
1135 909 1258 981 ἄξια
1313 911 1382 965 τὰ
1430 912 1728 983 παθήματα
1782 912 1879 964 τοῦ
1934 912 2024 963 νῦν

359 1005 557 1077 καιροῦ
625 1000 762 1075 πρὸς
845 1002 946 1065 τήν
1008 999 1322 1072 μέλλουσαν
1412 997 1566 1070 διῗξαν
1625 996 2021 1077 ἀποκαλυφθῆ-

357 1113 443 1148 ναι
503 1089 582 1153 εἰς
640 1092 811 1165 ἡμᾶς.
869 1090 934 1147 Ἦ
1000 1090 1103 1166 γὰρ
1161 1086 1573 1159 ἀποκαραδοκία
1627 1096 1731 1159 τῆς
1795 1089 2023 1149 κτίσεως

357 1183 466 1251 τήν
548 1179 895 1254 ἀποκάλυψιν
954 1184 1064 1235 τῶν
1124 1180 1256 1234 υίῶν
1299 1184 1398 1235 τοῦ
1496 1182 1630 1234 Θεοῦ
1725 1175 2021 1251 ἀπεκδέχε-

356 1292 470 1326 ται.
528 1272 615 1344 Τῇ
673 1270 775 1345 γὰρ
838 1269 1163 1342 ματαιιῖτητι
1239 1271 1275 1339 ἡ
1352 1267 1526 1330 κτίσις
1569 1268 1836 1343 ὑπετάγη,
1914 1267 2023 1341 οὑχ

358 1359 581 1427 ἑκοῦσα,
606 1357 754 1413 ἀλλὰ
786 1356 874 1413 διὰ
902 1359 995 1413 τὸν
1028 1359 1384 1429 ὑποτάξαντα·
1420 1357 1504 1413 ἐπ’
1546 1354 1753 1423 ἐλπίδι,
1805 1355 1890 1411 ὅτι
1930 1355 2020 1410 καὶ

338 1449 498 1518 ἀὑτή
532 1449 568 1519 ἡ
597 1447 773 1511 κτίσις
803 1446 1297 1523 ἐλευθερωθήσεται
1344 1448 1449 1503 ἀπὸ
1498 1454 1601 1516 τῆς
1640 1443 1893 1508 δουλείας
1924 1452 2024 1515 τῆς

358 1540 566 1617 φθορᾶς
598 1537 675 1601 εἷς
705 1538 806 1607 τήν
836 1535 1146 1612 ἐλευθερίαν
1173 1544 1274 1607 τῆς
1317 1534 1480 1608 δόξης
1525 1540 1638 1593 τῶν
1692 1534 1894 1592 τέκνων
1924 1538 2023 1591 τοῦ

363 1625 522 1684 Θεοῦ.

436 1719 552 1774 Ἵνα
585 1718 659 1791 μὴ
715 1716 1085 1792 ῥᾳθυμότεροι
1142 1716 1206 1772 τὸ
1256 1721 1360 1771 πᾶν
1415 1714 1643 1792 χάριτος
1700 1714 1837 1770 εἶναι
1872 1714 2029 1789 λογιε-

370 1808 593 1881 ζόμενοι
634 1807 937 1881 γενώμεθα,
992 1804 1212 1861 ἀπαιτεῖ
1264 1806 1355 1861 καὶ
1412 1805 1483 1861 τά
1518 1806 1648 1881 παρ’
1703 1807 1888 1878 ἡμῶν.
1964 1804 2027 1859 Εἰ

371 1898 480 1975 γὰρ
538 1894 590 1952 ἐν
644 1901 757 1959 τοῖς
815 1894 1109 1969 λυπηροῖς,
1153 1895 1308 1974 φησὶ,
1366 1897 1798 1967 κοινωνήσομεν,
1848 1891 2022 1949 καὶέν

369 1991 491 2049 τοῖς
518 1986 804 2059 χρηστοῖς.
847 2009 874 2037 ‹‹
914 1986 1219 2059 Παθήματα
1257 1988 1356 2039 τοῦ
1393 1989 1487 2039 νῦν
1524 1988 1718 2060 καιροῦ
1747 1984 1886 2059 πρὸς
1915 1984 2017 2054 τήν

367 2073 680 2149 μέλλουσαν
704 2072 882 2149 δόξαν.
903 2098 931 2126 »
963 2074 1040 2131 Τὸ
1068 2073 1401 2149 πρόσκαιρον
1419 2078 1527 2129 τῶν
1554 2085 1700 2141 παθη
1712 2075 1896 2148 μάτων
1918 2070 2016 2145 δη-

319 2166 331 2173 ’
361 2162 460 2220 λοῖ
498 2161 588 2219 διὰ
616 2168 714 2219 τοῦ
742 2168 835 2219 νῦν
864 2167 1078 2239 καιροῦ.
1121 2162 1254 2220 Εἶτα
1289 2161 1520 2219 δείκνυσι
1548 2165 1610 2218 τὸ
1641 2161 1772 2218 ’ὀλον
1821 2159 2016 2238 σχεδὸν

358 2263 463 2325 τῆς
521 2255 751 2331 χάριτος
800 2255 881 2325 εν,
952 2252 1041 2309 διὰ
1077 2255 1142 2309 τὸ
1197 2257 1348 2325 νικᾷν
1400 2260 1521 2316 ταῖς
1581 2251 1882 2309 ἀντιδόσεσι
1924 2253 2018 2309 τὸν

358 2344 515 2413 Θεὸν,
557 2343 649 2399 καὶ
681 2343 764 2400 ὅτι
804 2344 903 2400 οὑκ
942 2343 1208 2419 ίσχὺομεν
1236 2340 1383 2414 ἄξιόν
1439 2364 1493 2398 τι
1557 2350 1657 2412 τῆς
1710 2342 1821 2398 ἐκεῖ
1869 2342 2018 2398 ἀντι-

360 2430 567 2496 δόσεως
597 2435 787 2490 παθεῖν
841 2430 879 2502 ἤ
941 2436 1364 2510 συνεισενέγκαι.
1437 2456 1465 2485 ‹‹
1527 2430 2018 2506 Ἀποκαλυφθῇναι

363 2522 442 2584 είς
477 2524 649 2597 ἡμᾶς.
685 2547 706 2574 ι
768 2520 970 2585 Καλῶς
1033 2523 1096 2578 τὸ
1152 2520 1628 2601 ἀποκαλυφθῆναι.
1705 2522 1860 2578 Ἔστι
1917 2521 2021 2597 γαρ

364 2612 457 2667 καὶ
514 2616 632 2683 νῦν,
685 2609 838 2668 ἀλλά
894 2611 1213 2689 κέκρυπται.
1248 2638 1274 2665 ‹‹
1315 2612 1377 2669 Ἥ
1438 2612 1543 2690 γαρ
1617 2608 2024 2688 ἀποκαραδοκία

356 2704 461 2766 τῆς
504 2702 753 2765 κτίσεως.
826 2726 855 2754 ››
908 2703 1043 2760 Οἴον
1096 2705 1132 2772 ἠ
1192 2701 1550 2777 ἐπιτεταμὲνη
1644 2701 1736 2757 καὶ
1815 2699 2027 2777 σροδρά

368 2789 693 2866 προσδοκία.
750 2793 822 2849 "0
881 2788 939 2847 δὶ
995 2792 1145 2869 Λέγει
1199 2791 1451 2847 τοιοῦτόν
1505 2791 1637 2846 ἐστι’
1702 2792 1799 2846 Καὶ
1859 2791 2022 2860 αὑτὴ,

365 2882 556 2963 φησὶν,
623 2883 660 2950 ἠ
708 2880 884 2944 κτίσις
953 2878 1161 2961 σφόδρα
1218 2877 1498 2956 προσδοκᾷ
1561 2881 1661 2949 τὴν
1710 2879 2020 2953 μέλλουσαν

366 2974 531 3046 ἡμῶν
571 2968 751 3041 δόξαν.
791 2970 889 3027 Διὰ
910 2971 964 3026 τί
1000 2989 1015 3041 ;
1046 2973 1384 3049 ¹Ἀιξ.θαρτος,
1409 2971 1567 3047 φησὶ,
1606 2968 2025 3038 πλασθεῖσα,διὰ

362 3059 464 3123 τάς
498 3064 607 3115 τῶν
639 3061 942 3136 ἀνθρώπων
986 3059 1273 3135 ἁμαρτίας,
1334 3060 1546 3140 φθαρτή
1606 3060 1849 3134 γέγονεν,
1907 3058 2023 3120 ἐπεὶ

359 3150 454 3204 καὶ
508 3151 699 3223 ἡμεῖς,
758 3148 812 3221 ἐξ
863 3144 1152 3229 ἀιρθᾶρτων
1204 3148 1437 3224 φθαρτοὶ
1495 3148 1817 3225 γεγόναμεν.
1881 3149 2021 3205 B05-

356 3238 513 3295 λεται
573 3238 668 3294 οὗν
724 3240 760 3309 ἡ
821 3238 1021 3305 κτίσις,
1080 3237 1238 3313 φησὶ,
1305 3238 1435 3300 τοὺς
1511 3238 1835 3311 ἀνθρώπους
1920 3239 2022 3309 τήν

1449 420 1872 502 οοΜΜἘΝτ.
1921 436 1998 500 ΙΝ
2046 418 2302 500 EPIST.
2352 436 2456 501 AD
2504 437 2694 500 non.

2050 590 2100 647 Α

3674 442 3800 505 ’482

2664 572 2817 629 808
2854 572 3089 630 CAPUT
3115 565 3261 631 ΧῘΙῘ.

2126 663 2399 734 Repetitio
2429 664 2496 719 de
2542 666 2729 735 gratia
2759 663 2877 731 Dei,
2941 679 3062 734 quae
3116 666 3318 721 sanctis
3383 667 3630 736 reposita
3685 670 3798 722 est-

2197 826 2348 893 VllI,
2386 829 2450 881 17
2482 829 2570 881 21.
2594 827 2879 898 Siquidem
2899 829 3269 897 compatimur
3296 836 3359 883 ut
3389 836 3442 883 et
3465 830 3799 900 congloriﬁ-

2127 931 2327 970 cemur.
2372 918 2644 972 Existimo
2673 916 2819 971 enim
2847 933 2956 971 non
2981 932 3091 972 esse
3116 916 3416 987 condignas
3445 919 3790 989 afﬂictiones

2119 1005 2407 1072 przsmtis
2439 1007 2694 1075 temporis
2722 1004 2793 1059 ad
2819 1008 3071 1074 futuram
3113 1007 3374 1075 gloriam,
3414 1022 3543 1077 qum
3570 1007 3793 1063 revela-

2126 1091 2279 1146 bitur
2307 1109 2439 1162 erga
2466 1108 2582 1148 nos.
2642 1095 2863 1148 Etenim
2915 1094 3092 1149 anxia
3124 1098 3461 1165 enspectntio
3515 1103 3790 1151 creaturae

2120 1181 2511 1237 reuelationem
2539 1184 2783 1252 ﬁliorum
2814 1185 2911 1239 Dei
2938 1190 3234 1254 exspectat.
3285 1186 3501 1256 Quippe
3545 1188 3787 1241 vanitati

2122 1270 2367 1341 subjecta
2398 1278 2476 1327 est
2531 1277 2801 1340 creatura,
2857 1289 2971 1327 non
2999 1274 3203 1339 volens,
3249 1274 3341 1329 sed
3388 1281 3622 1345 propter
3664 1291 3787 1329 eum

2126 1361 2224 1429 qui
2242 1360 2475 1431 subjecit
2504 1364 2683 1431 ipsam
2710 1364 2770 1415 in
2797 1378 2912 1432 spe.
2962 1363 3236 1427 Quoniam
3278 1369 3329 1418 et
3375 1367 3499 1434 ipsa
3528 1370 3793 1419 creatura

2129 1448 2459 1504 liberabitur
2487 1467 2521 1505 a
2548 1451 2808 1506 servitute
2830 1453 3222 1521 corruptionis,
3256 1454 3314 1507 in
3343 1454 3522 1524 ipsam
3553 1453 3794 1509 liberta-

2131 1544 2235 1593 tem
2264 1539 2513 1608 ﬁliorum
2539 1541 2649 1595 Dei.

2205 1719 2284 1774 Ne
2316 1719 2619 1791 segniores
2651 1718 2974 1775 reddamur
3002 1718 3360 1776 arbitrantes
3390 1737 3568 1777 omne
3599 1738 3750 1796 nego
3770 1753 3793 1765 -

2133 1808 2282 1862 tium
2315 1823 2445 1863 esse
2474 1809 2700 1881 gratias,
2732 1810 2914 1881 exigit
2961 1811 3141 1866 etiam
3188 1827 3321 1882 quas
3351 1827 3386 1866 a
3415 1811 3589 1867 nobis
3624 1817 3784 1870 sunt.

2134 1900 2278 1954 Nam
2311 1898 2359 1953 si
2392 1897 2453 1953 in
2499 1899 2788 1967 tristibus,
2848 1899 3062 1972 inquit,
3122 1901 3786 1972 communicaverimus,

2129 1988 2354 2059 pariter
2383 1993 2443 2041 et
2471 1987 2533 2043 in
2560 1988 2892 2044 commodis
2950 1990 3272 2062 participes
3330 1991 3573 2047 erimus.
3632 2014 3656 2040 ιι
3695 1992 3791 2048 Af-

2126 2077 2423 2133 ﬂictiones
2444 2079 2757 2150 praesentis
2788 2080 3071 2151 temporis
3084 2081 3158 2135 ad
3183 2080 3442 2137 futuram
3464 2083 3783 2153 gratiam.»

2124 2167 2642 2238 Temporalitatem
2657 2185 2726 2223 an.
2739 2167 2974 2223 brevem
2988 2168 3223 2225 duratio
3233 2186 3365 2225 nem
3382 2170 3779 2228 afflictionum

2125 2256 2424 2329 signiﬁcat
2450 2273 2560 2328 per
2588 2257 2700 2312 hoc
2731 2257 2890 2329 quod
2919 2258 3040 2313 ait:
3075 2262 3171 2312 τοῦ
3202 2262 3292 2311 νῦν
3333 2258 3547 2334 καιρόν,
3573 2260 3633 2315 id
3666 2267 3787 2329 est,

2127 2344 2440 2416 praesentis
2488 2345 2800 2416 temporis.
2842 2345 3064 2401 Deinde
3104 2346 3367 2402 ostendit
3400 2352 3590 2404 totum
3622 2364 3783 2420 pene

2128 2433 2331 2506 gratias
2364 2449 2493 2488 esse
2537 2450 2608 2488 ex
2638 2450 2707 2489 eo
2766 2435 2925 2506 quod
2958 2436 3111 2491 Deus
3150 2436 3555 2493 abundantior
3585 2438 3663 2493 sit
3713 2439 3778 2494 in

2130 2523 2625 2579 retributionibus
2660 2540 2673 2577 :
2706 2540 2816 2579 nec
2854 2541 3171 2596 possumus
3208 2525 3535 2598 quidquam
3582 2527 3783 2584 futura

2130 2612 2524 2668 retributione
2555 2611 2917 2686 condignum
2950 2614 3189 2685 autpati
3213 2621 3315 2669 aut
3354 2616 3427 2671 ad
3454 2616 3618 2673 illam
3652 2634 3788 2673 con-

2130 2702 2306 2757 ferre.
2343 2725 2369 2751 ‹‹
2403 2703 2542 2767 Quas
2576 2701 2933 2758 revelabitur
2966 2720 3106 2777 erga
3154 2719 3281 2759 nos.
3320 2728 3348 2755 »
3380 2706 3536 2762 Bene
3569 2708 3791 2764 revela-

2130 2790 2293 2846 bitur
2319 2790 2440 2846 sive
2472 2790 3039 2863 detegeturEtenim
3073 2809 3233 2848 nunc
3263 2811 3500 2866 quoque
3534 2802 3642 2862 est,
3679 2796 3786 2853 sed

2131 2880 2384 2936 occulta.
2412 2903 2439 2929 ‹‹
2474 2880 2665 2935 Anxia
2686 2881 3046 2952 exspectatio
3069 2889 3376 2939 creaturae.
3407 2905 3437 2934 »
3468 2885 3789 2957 Exspecta-

2132 2970 2292 3025 tione
2316 2976 2642 3040 exspectat,
2694 2968 2797 3034 ait,
2832 2976 3117 3041 tanquam
3150 2971 3387 3027 intenso
3416 2975 3789 3030 vehementi-

2132 3076 2246 3131 que
2278 3059 2596 3114 desiderio.
2624 3059 2725 3114 Est
2774 3066 2974 3114 autem
3006 3061 3164 3131 quod
3212 3061 3358 3117 dicit
3415 3062 3784 3134 huiusmodi.

2131 3151 2264 3221 Ipsa
2294 3164 2532 3221 quoque
2555 3154 2825 3204 creatura
2849 3156 3111 3205 nostram
3134 3150 3381 3221 gloriam
3404 3152 3789 3211 vehementer

2134 3243 2456 3311 exspectat.
2491 3237 3213 3310 Quare?lncorruptibilis.
3262 3240 3474 3312 inquit.
3507 3242 3784 3313 formata,

355 3328 655 3406 ἀφθαρσίαν
679 3321 983 3383 ἀπολαϐεῖν
1009 3323 1268 3401 (ἕσταιδὶ
1333 3326 1496 3382 τοῦτο
1555 3325 1608 3381 ὲν
1669 3330 1738 3400 τῇ
1795 3326 2019 3381 ἀναστα-

2135 3336 2381 3402 propter
2411 3334 2653 3401 peccata
2684 3329 2993 3384 hominum
3025 3330 3180 3386 facta
3210 3337 3299 3386 est
3329 3333 3737 3404 corruptibilis
3769 3351 3783 3390 :

358 3421 482 3489 σει),
508 3415 605 3472 ’ίνα
658 3416 755 3472 καὶ
812 3416 950 3487 αὑτή
991 3417 1092 3487 τὴν
1154 3415 1357 3472 οίκείαν
1414 3416 1713 3492 ἀφθαρσίαν
1744 3412 2021 3491 ἀπολάϐῃ.

353 3509 468 3564 Τοῦ
495 3508 598 3583 γὰρ
636 3506 930 3580 ἀνθρώπου
961 3503 1030 3562 δι’
1062 3505 1119 3562 ὅν
1160 3508 1351 3582 γέγονε
1389 3507 1600 3585 ςσθαρτή
1659 3506 1760 3573 τὴν
1818 3508 2023 3586 ἀφθαρ-

358 3596 477 3651 σίαν
506 3591 1020 3669 ἀπολαμϐάνοντος,
1071 3596 1163 3651 καὶ
1193 3597 1331 3666 αὖτή
1390 3596 1491 3663 τήν
1560 3594 1762 3650 οῗκείαν
1816 3596 2023 3672 ἀτθαρ-

368 3683 486 3738 σίαν
519 3685 980 3761 συναποληψεται.
1014 3673 1448 3762 ῙΙροσωποποιία
1480 3681 1538 3739 δέ
1596 3683 1708 3739 ἐστι
1774 3684 1838 3740 τὸ
1895 3688 2017 3752 πᾶν,

368 3774 460 3827 ἳνα
488 3795 546 3828 τε
573 3779 673 3830 τῶν
703 3778 923 3852 ἀγαθῶν
950 3777 1049 3844 τὴν
1082 3770 1396 3851 ὑπερϐολὴν
1455 3771 1710 3849 δηλώσῃ,
1768 3774 1859 3830 καὶ
1923 3771 2020 3830 τίνα

372 3859 518 3938 δείξῃ
560 3865 638 3919 δτι
683 3868 848 3940 ¹ἡμεῖς
914 3864 1128 3940 μᾶλλον
1186 3863 1482 3945 ὀφείλομεν
1540 3861 1864 3934 σπουδάζειν
1914 3871 2017 3935 τῆς

362 3954 619 4024 τοιαύτης
651 3952 814 4025 δόξης
842 3957 930 4010 καὶ
962 3954 1260 4032 ἀφθαρσίας
1281 3955 1557 4029 ἐπιτυχεῖν
1585 3953 1726 4027 ἢπερ
1758 3956 1792 4023 ἡ
1818 3954 2014 4016 κτίσις.

359 4045 512 4104 Ἐπεέ
558 4048 634 4122 μή
666 4048 861 4120 νόμιζε
888 4049 988 4114 τῆν
1023 4046 1237 4124 ἓψυχον
1266 4047 1358 4103 καὶ
1389 4046 1715 4119 ἀναίσθητον
1747 4046 1922 4102 κτίσιν
1950 4047 2016 4102 τὰ

349 4141 578 4192 τοιαῦτα
618 4133 927 4210 προσδοκᾷ-ι
966 4136 1002 4207 ἢ
1037 4135 1406 4201 αῗσθάνεσθαι.

2137 3417 2622 3490 quandoquidem
2665 3424 2725 3473 et
2779 3433 2890 3473 nos
2944 3435 3014 3474 ex
3074 3420 3588 3493 incorruptibilius
3646 3423 3788 3480 facti

2141 3524 2348 3564 sumus
2362 3508 3194 3581 corruptibiles.Cupititaque
3217 3517 3485 3567 creatura
3507 3513 3784 3569 homines

2132 3599 2435 3671 suscipere
2467 3597 2977 3654 immortalitatem
3014 3598 3197 3671 (quod
3234 3601 3295 3654 in
3347 3602 3785 3659 resurrectione

2131 3689 2264 3759 erit)
2297 3695 2363 3743 ut
2418 3689 2636 3759 etipsa
2692 3703 2862 3743 suam
2939 3688 3193 3759 accipiat
3250 3689 3784 3749 immortalitatem.

2131 3778 2275 3832 Nam
2306 3777 2552 3832 homine
2583 3783 2827 3849 propter
2857 3793 3035 3847 quem
3065 3778 3223 3834 facta
3248 3786 3339 3835 est
3380 3783 3788 3855 corruptibilis

2129 3869 2640 3923 immortalitatem
2674 3869 3038 3939 suscipiente
3071 3868 3198 3939 ipsa
3212 3886 3450 3942 quoque
3474 3890 3594 3929 una
3615 3892 3786 3931 suam

2128 3957 3781 4035 accipietimmortalitatem.Totumautemprosopopteia

2128 4056 2217 4104 est
2246 4047 2303 4102 id
2334 4053 2442 4114 est,
2476 4063 2745 4119 personm
2775 4048 3031 4103 aiTectio.
3058 4063 3174 4117 quo
3207 4046 3500 4106 bonorum
3530 4051 3782 4108 demon-

2130 4143 2278 4194 stret
2308 4136 2781 4209 magnitudinem
2813 4136 2968 4192 309
3001 4142 3182 4207 utque
3214 4137 3490 4195 ostendat
3521 4157 3629 4196 nos
3672 4158 3776 4213 po-

352 4228 473 4284 tius
503 4227 694 4284 adniti
725 4228 963 4295 debere,
994 4235 1061 4284 ut
1091 4228 1439 4300 hujusmodi
1462 4228 1715 4301 gloriam
1737 4244 1805 4284 ac
1850 4228 2363 4285 immortalitatem
2421 4242 2834 4297 assequamur,
2893 4241 3073 4297 quam
3121 4226 3250 4297 ipsa
3308 4234 3596 4287 creatura.
3660 4231 3776 4288 Nec

350 4317 513 4373 enim
548 4317 813 4390 opineris
846 4318 1156 4375 inanimen
1183 4334 1252 4375 ac
1276 4317 1692 4374 insensibilem
1719 4326 2054 4375 creaturam
2086 4318 2232 4374 talia
2262 4323 2607 4389 exspectare
2640 4315 2731 4370 vel
2763 4315 3009 4371 sentire.

427 4429 455 4458 ι(
486 4406 596 4475 Τὴν
655 4403 1030 4481 ἀποκάλυψιν.
1092 4429 1121 4459 ››
1181 4406 1253 4465 Τὸ
1337 4405 1519 4469 τέλος,
1578 4405 1704 4461 ὅταν
1767 4405 2017 4478 μὲλλωσι

353 4491 691 4565 δείκνυσθαι,
727 4495 880 4560 πίνες
917 4496 1029 4550 υἱοὶ
1068 4499 1223 4561 Θεοῦ,
1254 4496 1345 4550 καὶ
1370 4495 1508 4557 τίνες
1565 4495 1674 4549 υἱοὶ
1730 4489 2013 4551 διαϐόλου.

354 4608 384 4637 α
419 4586 505 4657 Τῇ
537 4585 637 4659 γὰρ
673 4585 1000 4661 ματαιότητι
1034 4588 1069 4654 ἡ
1136 4585 1313 4647 κτίσις
1371 4583 1634 4658 ὑπετάγη.
1675 4610 1701 4635 ιι
1758 4586 1917 4656 Οἶον,
1948 4588 2016 4658 τῇ

352 4675 549 4750 φθορᾷ.
581 4676 760 4731 Τοῦτο
788 4676 893 4752 γὰρ
954 4675 1271 4750 κατεκρίθη,
1340 4672 1430 4730 διὰ
1494 4675 1590 4738 τὰς
1623 4677 1781 4747 ἡμῶν
1837 4675 2015 4747 ἁμαρ-

357 4762 500 4825 τίας.
534 4788 562 4815 ι(
596 4763 723 4841 Οὑχ
753 4765 972 4827 ἑκοῦσα.
1013 4764 1162 4820 ἀλλά
1228 4761 1318 4819 διὰ
1371 4765 1464 4822 τὸν
1524 4764 1861 4836 ὑποτάξαντα
1922 4761 2015 4819 ἐλ-

361 4846 500 4908 πίδι.
538 4878 564 4905 η
596 4855 711 4924 Τῆς
740 4859 837 4909 τοῦ
895 4857 1133 4929 Χριστοῦ
1181 4852 1486 4929 δυνάμεως,
1529 4854 1686 4933 φησὶ,
1748 4859 1915 4909 τοῦτο
1952 4853 2016 4908 τὸ

357 4931 538 5017 ἔργον,
602 4942 666 4998 τὸ
720 4941 815 4999 καὶ
874 4941 1104 4999 ἄκουσαν
1165 4942 1419 5015 ὑποτᾶξαι
1499 4931 1581 4997 ἐπ’
1642 4941 1848 5001 ἐλπίδι.
1915 4942 2016 4999 Καὶ

361 5029 499 5098 αῦτή
531 5034 656 5108 γὰρ,
693 5032 850 5112 φησὶ,
881 5034 980 5100 τῆν
1043 5031 1372 5108 ἀπαλλαγὴν
1430 5030 1659 5102 ἐλπίζει·
1717 5030 1801 5088 ἐπ’
1832 5030 2017 5089 ἐλπίδι

357 5118 450 5174 οὖν
480 5120 815 5201 ἀπαλλαγῆς
860 5122 1121 5198 ὑπετάγη.
1159 5124 1363 5178 Λοιπὸν
1420 5121 1607 5178 ἑαυτὸν
1664 5121 2016 5199 ἐφερμίνεὺει

350 5213 469 5272 πῶς
500 5208 709 5279 ἐλπίδι,
750 5213 834 5267 δτι
868 5213 955 5268 καὶ
994 5212 1134 5282 αῦτή
1197 5212 1233 5282 ἡ
1291 5211 1464 5273 κτίσις
1498 5209 2014 5285 ἐλευθερωθήσεται.

349 5323 379 5351 α
411 5301 538 5356 ’Ότι
566 5301 660 5357 καὶ
701 5301 838 5370 αῦτὴ
875 5304 908 5369 ἡ
955 5299 1131 5363 κτίσις
1192 5299 1689 5369 ἐλευθεσωθήσεται
1747 5300 1857 5356 ἀπό
1914 5307 2017 5369 τῆς

346 5386 606 5452 δουλείας
633 5398 735 5462 τῆς
768 5393 991 5470 φθορᾶς.
1024 5390 1101 5453 είς
1130 5392 1229 5460 τήν
1266 5388 1576 5465 ἐλευθερίαν
1610 5398 1709 5460 τῆς
1761 5388 1947 5460 δόξης.
1985 5414 2012 5441 ››

353 5476 446 5539 Εἷς
474 5482 576 5549 τὴν
609 5477 941 5555 ἐλευθερίαν,
972 5482 1114 5545 οἷον,
1148 5477 1239 5535 δια
1303 5477 1614 5547 ἐλευθερίαν
1665 5488 1765 5549 τῆς
1823 5477 2009 5551 δόξης,

347 5568 595 5628 τουτέστι
621 5568 694 5627 δι’
722 5573 870 5644 ἡμᾶς
898 5568 1045 5626 ἔσται
1076 5570 1165 5625 καὶ
1214 5571 1249 5642 ἡ
1309 5570 1482 5630 κτίσις
1536 5567 1797 5645 ἔφθαρτο,
1831 5568 2015 5644 ὥσπερ

348 5660 439 5717 καὶ
476 5658 548 5736 δι’
602 5662 756 5736 ἡμᾶς
808 5664 994 5739 γέγονε
1052 5662 1286 5737 φθαρτή.
1346 5693 1417 5702 -
1485 5660 2015 5735 [ΟΙΚΟΥΜΕΧΙΟΥ]

344 5749 420 5807 Ἤ
473 5751 560 5821 τὸ,
594 5750 700 5814 ,είς
752 5752 855 5822 τὴν
954 5750 1285 5830 ἆλευθερίαν·
1349 5747 1540 5823 δηλοῖ,
1597 5749 1875 5812 τουτέστιν
1934 5748 2014 5813 είς

2201 4430 2229 4458 ‹‹
2264 4406 2714 4479 Regulationem
2736 4427 2762 4457 ιι
2797 4404 2911 4462 hoc
2941 4407 3481 4479 est.perfectionem
3507 4408 3781 4478 ﬁnalem,

2128 4512 2264 4552 cum
2295 4494 2743 4550 demonstrandi
2778 4500 2919 4550 sunt
2947 4496 3189 4567 quidam
3223 4513 3352 4554 esse
3383 4499 3489 4553 ﬁlii
3515 4499 3777 4571 Dei,qui~

2128 4585 2265 4641 dam
2299 4592 2498 4640 autem
2533 4584 2638 4639 filii
2670 4584 2911 4639 diaboli.
2946 4608 2973 4635 ‹‹
3017 4586 3268 4642 Vanitati
3300 4589 3569 4657 subjecta
3600 4597 3709 4645 est.
3747 4612 3776 4640 »

2130 4675 2249 4729 Hoc
2280 4673 2788 4744 est.corruptioni.
2821 4672 2893 4729 ad
2927 4674 3038 4729 hoc
3069 4676 3229 4730 enim
3260 4675 3658 4733 condemnata
3687 4683 3779 4733 est

2126 4770 2369 4836 propter
2392 4768 2594 4817 nostra
2624 4768 2882 4833 peccata.
2918 4786 2945 4811 ‹‹
2979 4763 3106 4818 Non
3136 4765 3360 4833 volens,
3394 4766 3498 4821 sed
3529 4774 3777 4839 propter

2128 4868 2264 4907 eum
2296 4851 2396 4923 qui
2430 4850 2687 4921 subjecit
2715 4850 2904 4922 ipsam
2937 4851 2999 4906 in
3029 4868 3149 4924 Spe.
3200 4877 3219 4901 ι
3256 4854 3495 4914 Christi.
3556 4855 3773 4926 inquit,

2126 4942 2360 4997 virtutis
2389 4941 2500 4996 hoc
2533 4948 2622 4996 est
2651 4957 2823 5013 opus,
2863 4942 3041 4998 etiam
3100 4942 3343 4999 invitam
3390 4945 3685 5016 subjicere
3718 4946 3781 5002 in

2129 5050 2399 5105 spemam
2430 5039 2487 5087 et
2512 5031 2641 5103 ipsa
2672 5032 3085 5089 liberationem
3135 5042 3336 5106 sperat
3366 5053 3380 5103 ;
3412 5034 3474 5091 in
3505 5052 3607 5110 spe
3641 5054 3780 5106 ergo

2128 5122 2498 5179 liberationis
2525 5121 2795 5191 subjecta
2826 5128 2915 5177 est
2948 5123 3167 5179 Deinde
3191 5125 3456 5196 seipsum
3488 5126 3779 5199 interpre-

2126 5220 2286 5269 tatur
2315 5210 2612 5283 quomodo
2647 5211 2706 5264 in
2739 5226 2895 5281 spem
2916 5210 3057 5265 Nam
3092 5218 3152 5266 et
3182 5212 3310 5282 ipsa
3339 5223 3614 5272 creatura
3636 5217 3778 5271 libe-

2128 5302 2356 5357 rabitur
2385 5299 2713 5356 aservitute
2732 5300 3132 5370 corruptionis
3155 5301 3213 5355 in
3232 5302 3776 5373 ipsamlibertatem

2126 5391 2347 5464 gloria).
2394 5412 2422 5440 υ
2456 5393 2536 5444 Ac
2568 5389 2615 5444 si
2675 5389 2836 5444 dicat
2870 5405 2883 5443 :
2917 5391 3167 5462 Pmptsr
3218 5392 3552 5449 libertatem
3588 5395 3777 5467 ipsam

2126 5480 2350 5551 gloriaa.
2384 5479 2494 5533 hoc
2523 5484 2631 5535 est.
2666 5485 2910 5550 prepter
2946 5496 3055 5533 nos
3090 5479 3204 5535 erit
3226 5488 3501 5539 creatura
3532 5484 3780 5540 immor-

2128 5572 2264 5627 talis
2300 5571 2454 5626 sicut
2476 5576 2536 5625 et
2559 5575 2803 5641 propter
2827 5587 2936 5626 nos
2968 5570 3121 5627 facta
3135 5578 3226 5628 est
3246 5575 3534 5630 mortalis.
3560 5608 3573 5613 υ
3613 5574 3780 5639 Quod

2127 5661 2345 5717 dicitur
2373 5677 2450 5720 εις
2484 5658 2583 5727 τήν
2643 5654 2979 5732 ἐλευθεριαν,
3041 5660 3102 5716 in
3163 5660 3353 5733 ipsam
3414 5663 3777 5728 libertatem,

2124 5766 2342 5825 nempe
2370 5765 2508 5807 cum
2537 5748 3114 5824 articulo,signiﬁcat
3142 5750 3299 5823 quod
3333 5751 3393 5807 in
3425 5748 3782 5821 eamdem‘li-
