4114 6382
403 378 520 438 487

1542 370 1960 437 ωΟυΜΕΝῙΙ
2002 371 2314 436 ΊἭῙΕΟΑΞ
2355 371 2739 440 ΗῙΞΟΟΡῙ.

3711 375 3837 440 ι88

397 509 544 566 ritus
588 509 827 567 auxilio.
861 508 1147 566 Similiter
1186 514 1388 566 autem
1431 515 1488 566 et
1539 509 1793 583 Spiritus
1829 509 1914 565 tui
1945 524 2021 566 cu

2170 510 2472 585 βοηθείας.
2526 511 3106 587 [ΟΙΚΟΥΜΕΝῙΟΥη]
3162 509 3438 576 Ὠσαύτως
3495 507 3554 566 δὶ
3605 509 3698 566 καὶ
3757 509 3822 568 τὸ

403 616 531 654 ram
580 599 841 665 habebit,
865 601 1161 672 spirituali
1184 600 1649 657 videlicetdono.
1676 625 1699 649 σι
1722 602 1837 656 Ηοο
1864 600 2061 672 ipsum

401 689 558 760 quod
577 691 798 744 oraturi
832 690 1041 746 simus.
1070 714 1096 740 ››
1122 691 1189 745 Et
1210 691 1353 762 quid
1389 689 1541 754 dico,
1572 689 1787 762 inquit,
1808 690 1965 761 quod
1985 689 2061 745 ad

394 778 725 833 tolerantiae
758 780 1169 851 operationem
1202 781 1392 836 sancti
1433 780 1686 852 Spiritus
1715 779 1937 835 auxilio
1957 793 2059 834 no-

394 866 487 923 bis
518 884 666 940 opus
693 869 772 924 sit
800 869 1034 925 ?Etiam
1062 870 1121 925 in
1154 871 1247 925 his
1281 887 1414 942 qua)
1468 870 1815 925 facilitatem
1840 868 2057 925 habere

392 958 688 1014 videntur.
716 960 896 1015 veluti
921 961 981 1016 in
1012 962 1301 1016 oratione.
1328 960 1485 1017 idem
1516 960 1689 1016 nobis
1719 960 2013 1033 contingit
2039 976 2055 1026 ;

396 1047 699 1103 interdum
717 1049 877 1107 enim
901 1051 1116 1106 accidit
1133 1058 1197 1106 ut
1219 1051 1456 1106 inutilia
1469 1050 1859 1122 postulemus.
1881 1074 1900 1098 ι
1931 1051 2056 1105 Non

396 1137 688 1193 novimus.
714 1161 740 1187 υ
761 1140 949 1195 Etiam
968 1141 1227 1211 seipsum
1249 1139 1576 1195 immiscuit
1596 1156 1670 1195 ne
1682 1154 1878 1194 sermo
1901 1137 2061 1193 odio-

397 1243 499 1281 sus
524 1227 810 1283 videatur.
847 1251 873 1278 ‹‹
898 1228 1007 1284 Sed
1031 1231 1156 1300 ipse
1181 1229 1431 1300 Spiritus
1463 1227 1797 1284 intercedit.
1834 1249 1861 1278 .›
1898 1226 2056 1285 Olim

393 1316 555 1371 varia.
584 1316 742 1372 dona
775 1318 914 1373 varii
947 1318 1339 1390 accipiebant.
1375 1318 1722 1390 prophetiae,
1758 1317 2052 1389 interpre-

394 1405 660 1473 tationis,
696 1406 1031 1479 linguarum
1060 1424 1074 1461 :
1109 1424 1239 1479 quae
1262 1408 1466 1463 omnia
1488 1408 1762 1480 spiritum
1795 1405 2057 1478 appella-

392 1493 556 1559 bant,
592 1502 874 1568 tanquam
894 1513 929 1552 a
946 1497 1166 1569 Spiritu
1190 1497 1407 1553 donata
1455 1497 1743 1553 Similiter
1770 1503 1969 1552 autem
1993 1500 2053 1551 et

392 1586 675 1656 precandi
734 1586 957 1643 donum
1008 1586 1249 1659 quidam
1282 1587 1674 1659 accipiebant.
1709 1589 1854 1642 Cum
1889 1585 2048 1641 enim

389 1676 694 1749 ignoraret
712 1677 918 1750 vulgus
945 1677 1089 1748 quid
1110 1678 1257 1733 utile
1280 1683 1457 1746 esset,
1492 1677 1747 1748 ideoque
1770 1693 1893 1732 non
1913 1692 2048 1731 raro

387 1765 631 1821 inutilia
678 1767 1030 1838 postularet,
1079 1767 1456 1840 accipiebant
1505 1766 1782 1823 nonnulli
1822 1765 2048 1822 donum

383 1856 766 1927 precationis,
801 1863 860 1912 et
886 1874 993 1929 pro
1021 1857 1297 1913 universo
1348 1858 1569 1929 populo
1599 1856 2000 1929 precabantur
2030 1870 2046 1910 :

354 1971 369 1978 -
392 1944 551 2016 quod
585 1945 808 2002 donum
843 1944 1021 2003 etiam
1057 1947 1330 2019 spiritum
1366 1947 1767 2019 appellabant.
1802 1947 1921 2002 Hoc
1961 1951 2051 2001 est

389 2050 526 2106 ergo
587 2036 747 2107 quod
804 2035 992 2091 dicit:
1032 2039 1166 2108 Ipsa
1222 2053 1461 2109 quoque
1514 2036 1798 2109 precandi
1858 2037 2049 2110 gratia

385 2140 493 2195 pro
508 2124 680 2180 nobis
711 2126 869 2197 apud
886 2126 1405 2183 Deumintercedit
1431 2127 1750 2195 gemitibus
1776 2142 2044 2182 incarna-

384 2213 694 2270 rabilibus.
729 2215 793 2269 ld
824 2231 1024 2272 autem
1058 2216 1227 2284 dixit,
1263 2217 1624 2273 confirmare
1655 2217 1858 2272 volens
1887 2215 2046 2287 quod

381 2306 728 2378 ignoremus
753 2323 1015 2378 quonam
1030 2308 1204 2364 modo
1217 2324 1388 2363 orare
1413 2314 1701 2380 oporteat.
1731 2307 1853 2363 Nisi
1880 2308 2042 2362 enim

380 2393 494 2451 hoc
525 2401 704 2462 esset,
737 2396 954 2467 inquit,
989 2398 1131 2469 quid
1163 2414 1408 2453 necesse
1442 2398 1594 2453 foret
1623 2396 1912 2468 quosdam
1939 2414 2041 2452 ac-

381 2484 579 2555 cipere
610 2484 831 2540 donum
859 2486 1140 2555 precandi
1176 2503 1279 2557 pro
1311 2487 1531 2559 populo
1553 2486 1580 2541 ?
1602 2488 1721 2541 Hoc
1743 2500 1905 2541 nunc
1923 2485 2042 2541 dia-

380 2588 568 2628 conus
600 2574 990 2646 supplicando
1023 2576 1301 2647 complet.
1342 2578 1467 2632 Non
1501 2576 1650 2632 dixit
1674 2583 1873 2631 autem
1900 2591 2017 2647 quo

382 2679 618 2736 cunque
670 2665 844 2721 modo
884 2662 1220 2739 ἐντυγχάνει,
1272 2667 1329 2722 id
1382 2674 1490 2724 est.
1542 2666 1879 2729 intercedit,
1932 2665 2039 2721 sed

384 2752 836 2828 ὑπερεντυγχάνει
868 2771 975 2827 per
1020 2756 1437 2827 compositum.
1475 2755 1820 2829 significans
1861 2755 2036 2810 whe-

380 2849 640 2898 mentam
668 2860 1003 2917 magnoque
1030 2844 1225 2900 studio
1255 2846 1467 2900 factam
1510 2844 2032 2916 supplicationem.

384 2954 411 2983 «
444 2933 549 2998 Qui
575 2939 773 2989 autem
799 2941 1098 2990 scrutatur
1122 2934 1319 2990 corda.
1347 2958 1372 2981 »ι
1400 2936 1530 3005 Ipse
1555 2933 2034 3005 Paracletus,qui

379 3021 779 3093 spiritualium
812 3023 1124 3079 hominum
1158 3024 1336 3079 corda
1368 3023 1699 3093 investigat,
1723 3039 1930 3078 eorum
1953 3022 2036 3077 vi-

380 3111 616 3179 delicet,
650 3112 750 3183 qui
783 3114 1061 3184 precandi
1095 3113 1344 3186 gratiam
1377 3129 1445 3168 ac
1472 3113 1748 3184 spiritum
1779 3129 2027 3185 accepe-

375 3209 533 3257 runt.
577 3223 603 3254 α
635 3202 802 3257 Novit
831 3203 965 3274 quis
989 3203 1067 3258 sit
1096 3220 1307 3258 sensus
1327 3203 1593 3275 spiritus.
1625 3226 1651 3251 »
1683 3202 1746 3257 Id
1779 3208 1885 3261 est.
1912 3203 2033 3274 spi-

373 3291 681 3347 ritualium
718 3270 1047 3351 hominum.
1070 3294 1169 3364 qui
1202 3270 1423 3348 dictu—ni
1449 3293 1729 3364 precandi
1752 3270 2026 3363 spiritum

2145 3286 2399 3367 ἑντυχίαν
2437 3331 2450 3345 .

372 3388 749 3452 acceperunt.
812 3382 980 3437 Novit
1035 3398 1275 3437 sensum
1328 3383 1447 3437 sive
1505 3381 2023 3453 supplicationem.

369 3473 523 3527 8I3
548 3496 573 3521 (ι
599 3472 889 3538 Quoniam
916 3474 1243 3529 secundum
1281 3475 1460 3530 Deum
1487 3473 1821 3529 intercedit.
1845 3494 1871 3522 »
1899 3474 2023 3528 Non

367 3560 607 3621 docent,
644 3561 856 3632 inquit,
886 3564 985 3634 qui
1033 3563 1374 3635 spirituales
1424 3569 1564 3618 sunt
1612 3563 1797 3617 Deum
1852 3560 2023 3633 quasi

366 3651 765 3723 ignorantem,
807 3653 969 3707 novit
1009 3653 1168 3707 enim
1227 3652 1587 3708 Paracletus.
1624 3676 1649 3702 α
1689 3651 2024 3710 Secundum

368 3741 553 3797 Deum
603 3741 940 3798 intercedit.
979 3764 1006 3791 ι»
1039 3743 1165 3798 Non
1199 3742 1525 3797 secundum
1557 3742 1821 3814 aliquam
1854 3741 2024 3797 noci-

368 3846 499 3885 vam
530 3817 1111 3903 concupiscentiam,
1143 3830 1246 3887 sed
1282 3832 1611 3887 secundum
1647 3838 1851 3896 “eum,
1909 3831 2023 3887 hoc

371 3926 479 3983 est,
531 3921 633 3976 Dei
687 3921 1071 3977 voluntatem.
1113 3945 1141 3971 ιι
1178 3923 1288 3976 Pro
1319 3922 1560 3977 sanctis.
1597 3944 1624 3971 ››
1657 3922 1775 3976 Hoc
1807 3927 1916 3987 est,
1948 3921 2023 3976 iis

362 4010 463 4080 qui
518 4027 626 4081 per
686 4010 1092 4081 precationem
1154 4011 1625 4067 sanctificantur.
1657 4010 1747 4065 vel
1779 4009 1881 4081 qui
1913 4025 2020 4080 pro

362 4097 526 4169 puris
548 4098 781 4167 Deoque
798 4098 1173 4168 placentibus
1194 4098 1473 4170 operibus
1505 4097 1823 4169 petitiones
1844 4096 2018 4153 facit:

359 4185 447 4241 vel
481 4202 585 4256 pro
619 4185 964 4241 hominibus
996 4186 1373 4242 sanctitatem
1401 4186 1905 4243 desiderantibus.

429 4274 551 4339 νη,
584 4275 778 4329 28-30.
813 4274 1023 4331 Scimus
1067 4285 1253 4331 autem
1284 4276 1421 4347 quia
1448 4276 1810 4345 diligentibus
1848 4277 2018 4331 Deum

362 4367 553 4419 omnia
580 4372 947 4434 cooperantur
976 4366 1050 4421 ad
1080 4366 1279 4421 bonum
1319 4366 1404 4422 his
1433 4366 1534 4436 qui
1560 4364 1856 4421 secundum
1884 4380 2016 4436 pro-

355 4456 599 4526 positum
646 4457 826 4510 vocati
867 4462 1015 4512 sunt.
1048 4458 1322 4522 Quoniam
1354 4471 1487 4527 quos
1515 4457 1812 4526 praesciuit,
1846 4458 2017 4511 etiam

355 4544 725 4615 przedeﬁnivit
753 4549 1059 4615 conformes
1089 4546 1348 4615 imaginis
1380 4545 1515 4601 Filii
1543 4543 1633 4600 sui
1662 4562 1680 4599 :
1712 4552 1773 4600 ut
1800 4546 1873 4601 sit
1900 4546 2012 4614 ipse

350 4635 758 4705 primogenitus
786 4636 933 4691 inter
961 4636 1164 4691 multos
1215 4637 1440 4704 fratres.
1486 4635 1629 4700 Quos
1658 4641 1843 4690 autem
1868 4650 2012 4704 prae-

2145 4637 2287 4693 ιύτὸν
2385 4639 2737 4714 πρωτότοκον
2792 4640 2845 4696 ἐν
2927 4639 3166 4704 πολλοῖς

354 4723 625 4793 deﬁnivit.
685 4727 898 4781 eosdem
947 4731 999 4780 et
1054 4728 1319 4790 vocavit;
1369 4731 1420 4779 et
1461 4741 1595 4795 quos
1643 4725 1880 4782 vocavit.
1912 4722 2009 4780 hos

356 4819 412 4868 et
450 4814 785 4885 justiﬁcavit
818 4831 831 4870 :
882 4830 1017 4885 quos
1072 4830 1200 4870 vero
1244 4813 1604 4884 justiﬁcavit,
1638 4820 1689 4870 et
1718 4829 1805 4871 eos
1834 4813 2010 4885 glori-

356 4904 561 4971 ﬁcavit.

430 5009 537 5068 Ita.
570 5009 783 5081 inquit.
819 5011 892 5067 ob
925 5011 1321 5083 ignorantiam
1375 5028 1552 5084 quam
1604 5011 1666 5067 in
1713 5010 2011 5083 precando

356 5098 638 5168 patimur.
673 5101 947 5172 aSpiritu
979 5100 1622 5167 adiuvamur,utetiam
1661 5100 1815 5155 mala
1836 5100 2009 5156 nobis

354 5190 735 5244 convertatin
766 5189 935 5244 bona.
961 5213 983 5239 α
1019 5190 1232 5246 Omnia
1262 5197 1660 5261 coeperantur
1717 5215 1742 5237 ι»
1776 5190 2008 5258 Omnia,

346 5276 565 5347 inquit,
623 5279 804 5333 etiam
857 5280 1013 5334 mala
1047 5305 1061 5343 ς
1095 5297 1122 5334 s
1150 5279 1390 5350 quidem
1428 5279 1552 5335 hmc
1586 5295 1823 5350 quoque
1859 5280 2009 5335 Deus

356 5364 654 5419 convertit
701 5366 761 5419 in
803 5366 980 5424 bona.
1026 5371 1166 5422 Nam
1218 5367 1293 5423 ad
1334 5383 1537 5423 eorum
1570 5368 1670 5438 qui
1705 5368 2013 5439 patiuntur

351 5453 606 5523 gloriam
659 5462 1105 5511 convertuntur.
1159 5458 1345 5528 Majus
1393 5462 1483 5511 est
1531 5462 1729 5512 autem
1762 5456 1822 5512 in
1856 5456 2013 5513 bona

355 5544 621 5600 converti
675 5561 855 5616 quam
906 5547 1151 5602 omnino
1203 5562 1323 5602 non
1369 5546 1799 5618 supervenisse.
1843 5547 2009 5610 «Qui

358 5635 690 5692 secundum
724 5637 1119 5710 propositum.
1158 5660 1184 5686 »ι
1216 5637 1361 5703 Quia
1389 5635 1739 5693 incredibile
1770 5636 2015 5696 videba-

355 5730 457 5784 tur
473 5725 634 5783 mala
653 5725 914 5785 converti
946 5727 1010 5784 in
1034 5727 1213 5795 bona,
1236 5727 1541 5802 proposita
1571 5726 1672 5784 Dei
1703 5728 2009 5787 vocatione

2174 604 2394 672 ιίνεῦμα
2422 601 2694 677 φροντίσει
2721 622 2840 667 σου.
2872 602 2998 673 ἤτοι
3047 602 3112 659 τὸ
3157 602 3519 676 πνευματικὸν
3553 600 3825 677 χάρισμα,

2176 714 2202 743 ιο
2233 690 2313 747 Τὸ
2340 690 2442 766 γ’ὶρ
2472 690 2527 746 τί
2556 690 2965 766 προσευξόμεθα
2989 692 3124 757 καθὸ
3182 689 3284 749 δεῖ.
3322 716 3349 743 ››
3384 689 3480 747 Καὶ
3536 691 3591 745 τί
3648 688 3821 766 λέγω,

2170 778 2332 856 φησῖν
2365 823 2379 848 ,
2439 778 2524 837 ὅτι
2581 781 2719 855 πρὸς
2776 781 3115 857 κατόρθωσιν
3198 781 3526 854 ὑπομονῆς,
3586 776 3825 852 δεόμεθα

2167 866 2515 945 ἀντιλήψεως
2573 872 2719 946 παρᾶ
2805 874 2901 927 τοῦ
2974 870 3132 946 ἆγίου
3190 869 3552 945 Πνεύματοςς
3604 867 3709 925 Καὶ
3766 866 3819 924 ἐν

2164 964 2283 1022 τοῖς
2334 958 2576 1030 δοκοῦσι,
2636 960 2820 1041 φησδν,
2878 960 3184 1037 εὐχερέσιν,
3245 961 3366 1017 οἷον
3423 958 3477 1016 ἐν
3531 963 3601 1033 τῇ
3653 958 3819 1035 εὐχῇ,

2164 1052 2325 1105 τοῦτο
2357 1049 2660 1125 πάσχομεν.
2700 1052 2853 1107 Ἐστι
2882 1052 2986 1126 γὰρ
3044 1051 3134 1106 ὅτε
3190 1050 3480 1129 ἀσύμφορα
3535 1052 3817 1120 αιτοῦμεν,

2167 1162 2195 1191 ιι
2228 1140 2342 1195 Οὐκ
2374 1139 2617 1213 οἴδαμεν.
2649 1164 2677 1192 ››
2710 1140 2810 1196 Καὶ
2863 1141 3051 1196 ἑαυτὸν
3083 1134 3283 1212 ἔμιξεν,
3339 1140 3427 1195 ἳνα
3488 1140 3563 1213 μὴ
3625 1137 3818 1213 εὑρεθῇ

2163 1226 2434 1308 ἐπαχθής.
2492 1254 2521 1282 ιι
2563 1227 2725 1285 Ἀλλ’
2780 1228 2913 1285 αὐτὸ
2969 1229 3033 1284 τὸ
3090 1232 3361 1303 Πνεῦμα»
3429 1228 3504 1284 Τὸ
3560 1225 3817 1296 παλαιὸν,

2163 1318 2481 1396 χαρίσματα
2523 1316 2746 1399 διεφορα
2784 1316 2993 1374 πολλοὶ
3051 1311 3382 1392 ἐλάμϐανον,
3437 1319 3817 1393 προφητειῶν,

2161 1408 2487 1483 ἑρμηνειῶν,
2538 1405 2826 1486 γλωσσῶν.
2895 1409 3067 1482 Ἀπερ
3125 1408 3299 1464 πάντα
3349 1407 3631 1481 πνεύματα
3687 1405 3820 1462 ἑκα-

2160 1495 2421 1566 λουν,ὠς
2476 1498 2583 1554 ἀπὸ
2645 1497 2959 1572 [Ινεύματος
3020 1494 3304 1571 διδόμενα.
3377 1498 3480 1556 Καὶ
3532 1496 3703 1571 εὐχῆς
3757 1493 3817 1551 δὲ

2159 1589 2411 1667 χάρισμα
2449 1582 2757 1661 ἐλάμϐανόν
2812 1608 2977 1650 τινες.
3033 1583 3259 1656 Ἐπειδὴ
3315 1586 3421 1663 γὰρ
3474 1587 3702 1664 ἀγνοοῦν
3750 1584 3816 1642 τὸ

2158 1673 2373 1743 πλῆθος
2432 1676 2495 1731 τὸ
2550 1676 2823 1756 συμφέρον
2861 1720 2876 1747 ,
2929 1671 3049 1751 ᾔτει
3105 1673 3385 1738 πολλάκις
3468 1674 3763 1751 ἀσύμφορα
3796 1717 3817 1747 ,

2157 1760 2469 1839 ἐλάμϐανόν
2513 1786 2657 1827 τινες
2717 1766 2967 1842 χάρισμα
3018 1765 3213 1842 εὐχῆς,
3272 1764 3365 1822 καὶ
3424 1765 3556 1841 ὑπὲρ
3611 1764 3815 1827 παντὸς

2157 1860 2255 1913 τοῦ
2288 1854 2425 1912 λαοῦ
2456 1856 2723 1933 ηὔχοντο,
2757 1856 2892 1934 ὅπερ
2956 1855 3048 1912 καὶ
3107 1856 3242 1912 αὐτὸ
3297 1859 3517 1929 Πνεῦμα
3569 1851 3811 1932 ἐλέγετο.

2153 1949 2333 2003 Ίόὖτο
2365 1946 2457 2002 οὗν
2490 1944 2661 2021 λέγει,
2713 1946 2918 2003 ὅτικαὲ
2950 1946 3086 2016 αὐτὴ
3137 1946 3171 2017 ἡ
3231 1945 3394 2022 χάρις
3450 1952 3553 2015 τῆς
3611 1944 3812 2021 εὐχῆς,

2155 2036 2286 2111 ὑπὶρ
2351 2038 2512 2112 ἡμῶν
2569 2041 2651 2109 τῷ
2721 2041 2839 2110 Θεῷ
2897 2035 3217 2113 ἆντυγχάνει
3281 2035 3560 2111 μεγίστοις
3619 2056 3807 2092 στενα-

2149 2130 2337 2201 γμοῖς.
2392 2128 2570 2183 Τοῦτο
2627 2123 2686 2181 δὲ
2734 2127 2881 2182 εἶπεν
2914 2170 2929 2195 ,
2991 2128 3253 2191 συστῆσαι
3325 2124 3665 2200 βουλόμενος
3720 2126 3809 2182 ὁτι

2150 2214 2456 2292 ἀγνοοῦμεν
2537 2214 2670 2270 καθὸ
2756 2211 2840 2270 δεῖ
2930 2214 3348 2289 προσεύξασθαι.
3437 2213 3498 2271 El
3553 2215 3656 2291 γὰρ
3728 2216 3806 2288 μὴ

2149 2310 2335 2367 τοῦτο,
2386 2308 2571 2385 φησὶν,
2617 2308 2686 2376 ἦν
2738 2329 2823 2363 τις
2884 2306 3045 2384 ipsi:
3104 2303 3293 2363 λαϐεῖν
3350 2326 3499 2369 τινας
3557 2306 3813 2382 χάρισμα

2151 2394 2228 2458 είς
2255 2396 2317 2451 τὸ
2348 2394 2604 2473 εὔχεσθαι
2636 2398 2769 2473 ὑπὲρ
2798 2401 2897 2453 τοῦ
2929 2395 3067 2454 λαοῦ
3096 2418 3112 2466 ;
3141 2399 3318 2455 Τοῦτο
3374 2394 3432 2453 εὶ
3475 2400 3569 2452 νῦν
3624 2398 3653 2453 ὁ
3686 2393 3803 2453 διᾶ-

2149 2506 2305 2548 κονος
2353 2486 2567 2563 πληροῖ
2624 2486 2941 2544 λιτανεύων.
3004 2488 3119 2545 υύκ
3174 2488 3298 2544 εἶπε
3354 2484 3413 2544 δὶ
3468 2487 3808 2563 ἐντυγχάνει,

2150 2572 2279 2631 ἀλλ’
2348 2575 2826 2652 ὑπερεντυγχάνει.
2884 2578 2986 2648 τὴν
3045 2577 3299 2634 σύντονον
3359 2577 3447 2633 καὶ
3503 2597 3810 2635 κατεσπου-

2148 2659 2423 2737 δασμένην
2483 2663 2670 2737 δηλῶν
2754 2663 3020 2740 ἔντευξιν.
3086 2691 3114 2720 ιι
3193 2668 3255 2726 Ὀ
3311 2663 3368 2722 δε
3425 2666 3650 2743 ἐρευνῶν
3708 2665 3808 2731 τὰς

2143 2751 2371 2825 καρδίας
2413 2778 2442 2805 ι»
2478 2754 2653 2818 Αὐτὸς
2681 2756 2710 2809 ὁ
2764 2754 3145 2829 Βαράκλητος,
3204 2756 3234 2812 ὸ
3285 2755 3382 2818 τὰς
3431 2752 3657 2831 καρδίας
3694 2760 3806 2813 τῶν

2143 2848 2524 2915 πνευματικῶν
2577 2844 2874 2919 ἀνθρώπων
2933 2845 3231 2918 ἀνερευνῶν
3268 2889 3285 2917 ,
3358 2851 3469 2902 τῶν
3532 2846 3631 2914 τήν
3687 2845 3801 2924 χά-

2142 2951 2228 3005 ριν
2259 2928 2483 3001 δηλαλὴ
2515 2934 2604 2988 καὶ
2657 2934 2721 2989 τὸ
2753 2938 2963 3008 πνεῦμα
3019 2939 3118 2990 τοῦ
3184 2932 3438 3010 εὔχεσθαι
3494 2930 3798 2996 λαϐόντων,

2148 3041 2170 3069 ι
2204 3022 2269 3078 Τί
2307 3020 2371 3076 τὸ
2403 3021 2662 3099 ρρόνημα
2691 3027 2788 3078 τοῦ
2836 3024 3172 3099 ΙΙνεύματος.
3204 3048 3234 3080 ι»
3266 3028 3386 3083 Τῶν
3414 3029 3798 3100 πνευματικῶν

2138 3107 2458 3183 ἀνθρώπων,
2488 3115 2598 3166 τῶν
2654 3111 2717 3167 τὸ
2772 3112 3061 3189 εἰρημένον
3120 3120 3225 3184 τῆς
3281 3114 3457 3191 εὐχῆς
3513 3110 3798 3172 λαϐόντων

2136 3202 2348 3271 πνεῦμα
2377 3198 2468 3253 καὶ
2511 3200 2780 3275 χάρισμα.
2847 3199 2976 3259 Uias
3034 3207 3097 3258 τὸ
3153 3203 3414 3283 φρόνημα
3469 3204 3643 3283 ἤγουν
3697 3205 3800 3274 τὴν

2511 3314 2540 3342 ιι
2571 3292 2696 3347 Ὅτι
2749 3290 2885 3348 κατὰ
2970 3292 3100 3349 Θεὸν
3169 3290 3489 3371 ἐντυγχάνει
3524 3338 3539 3352 .
3603 3318 3633 3346 ››
3692 3294 3805 3350 Οὐκ

2136 3375 2435 3453 ἀγνοοῦντα
2468 3420 2484 3447 ,
2547 3379 2723 3456 φησὶ,
2781 3378 3125 3438 διδάσκουσιν
3183 3383 3238 3439 οἱ
3293 3383 3654 3459 πνευματικοὶ
3709 3383 3804 3439 τὸν

2136 3469 2287 3533 θεὸν,
2318 3464 2448 3521 ἀλλ’
2489 3465 2638 3524 οἶδεν
2699 3471 2728 3525 ὁ
2763 3467 3146 3543 ιΙαράκλητος.
3208 3499 3235 3525 ιι
3298 3474 3420 3532 Ὀτι
3483 3477 3623 3531 κατα
3671 3472 3802 3529 Θεὸν

2137 3553 2461 3631 ἐντδγχανει
2495 3600 2507 3614 .
2567 3584 2592 3609 ιι
2672 3558 2750 3616 Uti
2809 3561 2949 3615 κατά
2995 3582 3117 3618 τινα
3176 3557 3450 3639 βλαϐερὰν
3510 3562 3804 3639 ἐπιθυμίαν

2134 3640 2280 3699 ἀλλὰ
2328 3646 2464 3701 κατὰ
2540 3646 2670 3703 Θεὸν
2705 3691 2720 3717 ,
2778 3648 2808 3703 ’ὁ
2848 3647 2986 3719 ἐστι,
3043 3652 3181 3707 κατά
3236 3653 3307 3721 τή
3369 3650 3639 3729 βούλησιν
3698 3654 3799 3708 τοῦ

2133 3734 2287 3794 Θεοῦ.
2350 3760 2377 3789 ιι
2412 3736 2571 3811 ’Υπὲρ
2602 3738 2790 3815 ἁγῖων.
2827 3761 2851 3790 ν
2911 3743 3031 3794 Τῶν
3091 3736 3181 3797 διὰ
3242 3747 3346 3811 τῆς
3406 3740 3581 3822 εὐχῆς
3629 3744 3796 3821 ἁγια-

2133 3825 2379 3898 ζομένων
2414 3869 2429 3885 .
2488 3826 2556 3883 ’11
2619 3828 2705 3883 ὅτι
2773 3827 2910 3904 ὑπὲρ
2975 3833 3228 3905 καθαρῶν
3314 3831 3406 3888 καὶ
3491 3830 3791 3908 θεαρέστων

2130 3911 2307 3991 ἔργων
2335 3915 2431 3977 τὰς
2478 3914 2723 3987 αἰτήσεις
2777 3923 3044 3990 ποιεῖται,
3075 3920 3112 3989 ἢ
3176 3919 3309 3997 ὖπὶρ
3366 3920 3665 3997 ἀνθρώπων
3697 3922 3790 3977 τὸν

2128 4002 2401 4079 ἆγιασμὸν
2433 4003 2861 4066 ἐπιποθούντων.

2200 4271 2441 4347 Οῗδαμεν
2498 4270 2557 4331 δι
2625 4273 2710 4330 ὅτι
2766 4279 2886 4339 τοῖς
2950 4276 3200 4353 ἀγαπῶσι
3257 4278 3348 4336 τὸν
3403 4276 3554 4348 Θεὸν,
3613 4276 3787 4334 πάντα

2126 4373 2372 4446 συνεργεῖ
2453 4367 2529 4431 εἰς
2584 4368 2785 4447 ἀγαθὸν
2823 4414 2838 4441 ,
2932 4376 3053 4436 τοῖς
3119 4374 3256 4429 κατὰ
3328 4372 3583 4448 πρόθεσιν
3641 4368 3787 4442 κληι-

2124 4462 2245 4519 τοῖς
2301 4455 2473 4514 οὐσινσ
2535 4459 2619 4516 δτι
2682 4460 2777 4521 οὓς
2834 4460 3107 4539 προέγνω,
3158 4462 3249 4519 καὶ
3306 4463 3587 4539 προώρισε
3646 4481 3787 4534 συμ-

2127 4547 2376 4627 μόρῳους
2405 4555 2504 4619 τῆς
2552 4549 2762 4613 εἰκόνος
2810 4554 2908 4608 τοῦ
2966 4553 3097 4607 1⁸ἰοῦ
3154 4552 3342 4623 αὐτοῦ,
3399 4552 3475 4617 εἷς
3530 4556 3595 4609 τὸ
3646 4551 3785 4608 εἶναι

3278 4640 3542 4722 ἀδελφοῖς
3576 4687 3591 4702 .
3674 4642 3786 4707 Οὐς

2122 4722 2180 4782 δὲ
2234 4726 2532 4802 ποοιώρισε,
2590 4727 2821 4791 τούτους
2885 4729 2976 4786 καὶ
3036 4729 3258 4788 ἐκάλεσε
3290 4750 3303 4764 ⁸
3358 4732 3451 4789 καὶ
3514 4732 3608 4795 οὓς
3658 4730 3785 4787 ἐκά-

2122 4814 2247 4872 λεσε
2280 4860 2294 4885 ,
2343 4817 2573 4879 τούτους
2651 4818 2742 4873 καὶ
2799 4815 3137 4877 ἰδικαίωσεν·
3209 4820 3304 4885 οὖς
3360 4819 3420 4878 δὶ
3477 4818 3790 4895 ἰδικαίωσε,

2118 4908 2348 4971 τούτους
2377 4911 2466 4965 καὶ
2501 4905 2740 4980 ἐδόξασε’

2192 4998 2352 5059 Ούτω
2385 5046 2401 5070 ,
2456 5001 2614 5073 φησὶ.
2675 4997 2764 5057 διὰ
2819 5003 2919 5072 τήν
2984 5001 3038 5059 ἓν
3084 5007 3166 5076 τῷ
3221 5000 3474 5078 εὔξασθαι
3530 5001 3784 5082 ἄγνοιαν,

2126 5089 2479 5163 βοηθούμεθα
2525 5090 2629 5146 ὑπὸ
2657 5095 2757 5146 τοῦ
2791 5093 3125 5167 ΙΙνεύματος.
3159 5094 3247 5151 ὅτι
3274 5095 3365 5152 καὶ
3395 5094 3464 5151 τὰ
3513 5094 3653 5151 κακὰ
3706 5093 3791 5157 εῗς

2123 5180 2300 5256 ἀγαθὲ
2358 5181 2494 5254 ἡμῖν
2568 5179 2882 5255 περιτρέπει
2916 5228 2929 5241 .
3016 5209 3044 5236 ιι
3112 5184 3287 5242 Πάντα
3370 5187 3643 5257 συνεργεῖν
3679 5226 3693 5242 .
3757 5206 3792 5235 ιο

2122 5269 2323 5333 Πέντα,
2369 5271 2523 5346 φησῖ,
2571 5269 2662 5325 καὶ
2720 5271 2788 5327 τὰ
2844 5272 3002 5329 κακέ.
3058 5275 3158 5331 Καὶ
3194 5275 3299 5350 γὰρ
3339 5273 3429 5330 καὶ
3461 5271 3631 5328 ταῦτα
3687 5292 3791 5328 πε·

2122 5357 2361 5434 ριτρέπει
2392 5360 2420 5413 ὁ
2451 5359 2581 5421 Θεὸς
2611 5359 2686 5422 εἷς
2712 5361 2903 5434 ἀγαθέ.
2959 5362 3052 5425 El:
3084 5364 3190 5438 γὰρ
3250 5362 3609 5437 εὐδοκίμησιν
3670 5366 3784 5419 τῶν

2118 5450 2470 5527 πασχόντων,
2524 5454 2958 5533 περιστρεφεται.
3021 5455 3226 5526 Μεῖζον
3259 5451 3318 5511 δὶ
3372 5456 3438 5511 τὸ
3496 5453 3575 5517 εἷς
3609 5454 3787 5532 ἀγαθὲ

2120 5539 2587 5617 περιστρέφεσθαι,
2638 5544 2735 5597 τοῦ
2796 5544 2872 5615 μή
2926 5545 3209 5608 παντελῶς
3264 5544 3531 5601 ἐπελθεῖν.
3593 5569 3621 5597 ιι
3654 5546 3790 5605 Τοῖς

2118 5631 2256 5688 κατᾶ
2287 5629 2562 5707 πρόθεσιν.
2596 5654 2625 5684 ››
2667 5629 2894 5705 Ἐπειδή
2964 5633 3228 5701 ἀπίθανον
3288 5634 3428 5691 εἶναι
3488 5631 3666 5691 ἐδόκει
3720 5630 3789 5689 τὸ

2120 5719 2566 5800 περιστρίφεσθαι
2633 5722 2702 5779 τὰ
2763 5724 2905 5782 κακᾶ
2964 5724 3043 5790 εὶς
3109 5726 3307 5807 ἀγαθὰ,
3364 5724 3628 5801 προσθεὶς
3686 5723 3796 5795 τὴν
