4114 6388
345 397 467 460 £89

1434 396 1847 465 ΟΟΜΜΒΝΤ.
1892 400 1986 461 IN
2030 398 2285 461 EPIST.
2333 400 2439 462 AD
2487 401 2678 463 ROM.

3654 410 3776 472 490

341 533 444 589 τοῦ
472 534 625 588 Θεοῦ
653 528 876 605 κλῆσιν,
935 529 1275 590 ἄπιστώσατο
1328 529 1394 589 τὸ
1443 531 1757 610 εἶρημίνον.
1788 531 1871 590 Οὔ
1898 530 2001 606 γὰρ

2129 531 2274 606 mod
2305 532 3283 613 dictumest-conﬂrmaviLNeque
3314 540 3477 599 enim
3503 541 3780 617 hocquie

343 624 469 685 τοῖς
491 624 749 698 τυχοῦσι,
807 620 967 700 φησὶ,
1014 627 1183 681 τοῦτο
1230 617 1543 698 συμϐαίνει,
1576 621 1725 680 ἀλλὰ
1750 626 1871 685 τοῖς
1904 621 2007 679 ὑπό

346 715 485 769 Θεοῦ
543 708 853 781 κληθεῒσιν.
917 710 1051 769 Εἶτα
1103 712 1192 768 ἳνα
1253 714 1329 787 μή
1389 716 1626 788 νομισθῇ
1689 715 2009 788 μονομερῶς

346 803 377 858 ὁ
409 801 540 864 Θεὸς
570 799 746 864 ἐνίους
783 798 1037 874 καλέσας,
1097 801 1254 881 φησί,
1286 827 1314 856 ιι
1344 807 1474 866 Τοῖς
1502 803 1638 861 κατὰ
1667 801 1943 878 πρόθεσιν,
1980 825 2007 853 ι»

341 899 463 956 τοῖς
518 893 657 953 κατᾶ
706 894 939 969 γνώμην
1022 892 1150 962 ἤτοι
1198 894 1516 971 προαίρεσιν
1575 894 1851 966 ἀξιωθεῖσι
1904 897 2009 960 τῆς

342 981 623 1055 κλήσεως,
712 980 922 1047 δεικνὺς
1010 981 1094 1041 ὅτι
1202 984 1398 1049 πάντες
1487 986 1581 1059 μὶν
1666 984 2005 1058 ἑκλῆθημεν,

345 1073 545 1131 ικεῖνοι
602 1070 662 1129 δὲ
721 1073 1056 1146 ὑπήκουσαν
1114 1071 1198 1130 διὸ
1255 1074 1342 1130 καὶ
1406 1076 1737 1151 βοηθοῦνται
1787 1072 2008 1129 οἱκατὰ

343 1163 550 1221 οἰκείαν
629 1163 882 1240 πρόθεσιν
957 1163 1240 1240 γενόμενοι
1316 1164 1540 1235 κλητοί.
1620 1189 1650 1217 ι(
1716 1165 1837 1221 Ὅτι
1914 1162 2008 1225 οίίς

344 1254 618 1331 προέγνω.
657 1279 681 1305 υ
707 1285 777 1298 -
802 1274 829 1307 ε
848 1253 972 1312 Ὀτι
1005 1252 1118 1323 οῦς,
1152 1277 1182 1307 ›)
1202 1253 1453 1312 τευτέστι
1471 1254 1700 1318 τούτους
1720 1252 1850 1317 τοὺς
1870 1249 2011 1310 κατᾶ

347 1344 555 1401 οἰκείαν
624 1343 878 1421 πρόθεσιν
954 1341 1200 1417 κλητοὺς
1273 1340 1449 1414 ὄντας,
1518 1343 1792 1424 προέγνω.
1868 1343 2007 1402 Ἀπὸ

348 1438 563 1506 κοινοῦ,
595 1458 625 1487 ι(
658 1433 793 1490 κατᾶ
821 1432 1077 1510 πρόθεσιν
1130 1433 1369 1505 κλητοὺς
1416 1430 1597 1497 ὄντας.
1634 1458 1663 1487 ››
1693 1466 1763 1479 -ο
1794 1457 1824 1486 ‹‹
1858 1440 2008 1507 Συμ-

354 1524 622 1605 μόρφους.
678 1547 708 1577 n
769 1524 943 1599 Ὅπερ
1002 1523 1141 1592 ἐστὶ,
1198 1523 1383 1604 φησὶν,
1447 1524 1476 1580 ὁ
1531 1524 1657 1586 Υἱὸς
1718 1528 1816 1581 τοῦ
1875 1526 2009 1579 Θεοῦ

349 1616 486 1671 κατᾶ
542 1612 701 1694 φύσιν
760 1612 814 1669 ἐν
862 1616 943 1688 τῇ
988 1611 1391 1690 ἐνανθρωπήσει
1437 1610 1630 1687 (δῆλον
1663 1609 1721 1669 δὲ
1751 1613 1827 1678 ὡς
1859 1609 2009 1687 ἅγιος

354 1705 447 1762 καὶ
502 1704 930 1780 ἂναμάρτητος),
988 1708 1152 1762 τοῦτο
1210 1704 1301 1761 καὶ
1359 1703 1512 1761 αὐτοὶ
1565 1703 1814 1780 γεγόνασι
1872 1703 2009 1759 κατὰ

360 1794 542 1872 χάριν·
575 1820 603 1847 a
639 1792 1006 1875 Συμμόρφους
1041 1818 1068 1845 ››
1118 1797 1219 1872 γὰρ
1257 1793 1386 1857 τοὺς
1419 1794 1776 1874 ἷσομόρφους.
1810 1793 2010 1852 Εἰκόνα

361 1882 421 1942 δί
449 1888 546 1959 τοῦ
599 1885 741 1954 Υἱοῦ,
797 1885 897 1956 τήν
960 1883 1275 1959 οἰκονομίαν
1334 1881 1513 1955 καλεῖ,
1554 1885 1644 1941 καὶ
1673 1884 1738 1941 τὸ
1771 1884 2008 1941 ἐντεῦθεν

356 1973 522 2032 αὐτοῦ
554 1978 730 2048 σῶμα.
779 1974 931 2033 Κατὰ
988 1973 1092 2055 γὰρ
1151 1974 1255 2044 τήν
1314 1973 1656 2049 οἰκονομίαν,
1688 1974 2009 2054 σύμμορφοι

352 2067 445 2122 καὶ
475 2062 702 2145 ἀδελφοὶ
735 2065 903 2124 αὐτοῦ
950 2067 1004 2123 οἰ
1055 2066 1350 2143 ἄνθρωποι.
1385 2066 1539 2124 Κατὰ
1567 2062 1626 2123 δὲ
1653 2066 1755 2137 τὴν
1780 2065 2010 2137 θεότητα

350 2158 673 2235 Μονογενής
704 2154 841 2214 ἑστι.

416 2485 744 2560 [ΚΥΡΙΛΛᾸ
792 2508 821 2536 ι(
855 2485 972 2554 Τῆς
1017 2483 1247 2548 εἰκόνος.
1274 2506 1304 2537 υ
1337 2482 1514 2540 Εἰκὼν
1547 2485 1644 2539 τοῦ
1674 2484 1809 2539 Θεοῦ
1837 2479 1919 2542 τίς
1945 2479 2005 2535 ἂν

339 2577 554 2646 νοοῖτο,
606 2579 858 2654 σαφηνιεῖ
912 2571 1086 2651 λέγων
1154 2573 1337 2638 αὐτός’
1399 2597 1429 2629 α
1458 2575 1663 2648 Ὠσπερ
1718 2570 1821 2648 γὰρ
1878 2569 2006 2651 ἐφο-

345 2664 579 2743 ρέσαμεν
618 2664 719 2734 τήν
771 2664 954 2722 εἰκόνα
1007 2668 1107 2721 τοῦ
1160 2668 1383 2742 χοϊκοῦ,
1442 2663 1757 2740 φορέσωμεν
1788 2661 1879 2716 καὶ
1906 2660 2006 2729 τὴν

344 2754 534 2813 εἰκόνα
562 2757 659 2811 τοῦ
684 2753 1035 2831 ἐπουρανίου,
1066 2777 1096 2807 ››
1153 2754 1422 2825 τουτέστι,
1483 2755 1583 2823 τήν
1640 2750 1691 2808 ἒν
1748 2751 2007 2827 ἁγιασμῷ

347 2845 523 2916 ζωήν,
594 2845 699 2915 τήν
770 2844 910 2920 πρὸς
985 2849 1244 2901 παντιοῦν
1319 2843 1629 2919 ἀμώμητον
1696 2839 2003 2898 πολιτείαν.

338 2938 550 3013 Ὠσπερ
604 2935 708 3013 γὰρ
766 2932 945 2992 εἷ’κόνα
998 2938 1096 2991 τοῦ
1155 2938 1374 3012 χοϊκοῦ,
1442 2931 1742 3003 τουτέστιν,
1803 2928 2006 3004 Ἀδὰμ,

339 3027 444 3097 τὴν
504 3023 561 3081 ἐν
620 3028 873 3102 παρακοῇ
928 3045 988 3081 τε
1043 3023 1133 3079 καὶ
1192 3022 1484 3100 ἁμαρτίαις
1543 3024 1688 3094 ζωὴν
1736 3019 1874 3077 εἶναί
1904 3040 2009 3100 φα·-

346 3136 470 3190 μεν,
534 3115 715 3178 οῦτως
781 3114 873 3171 καὶ
939 3114 1120 3171 εἰκόνα
1188 3117 1288 3170 τοῦ
1350 3110 1695 3187 ἐπουρανίου,
1760 3109 2007 3167 τουτέστι

345 3210 616 3283 Χριστοῦ,
672 3206 768 3263 τὸν
825 3205 1115 3282 ἀγιασμὸν,
1170 3205 1263 3261 τὸν
1322 3202 1691 3273 δικαιοσύνην,
1748 3202 1849 3271 τὴν
1908 3201 2007 3256 ὑπ-

344 3299 548 3368 ακοήν.
580 3320 611 3349 α
642 3295 740 3358 Εἰς
768 3296 831 3352 τὸ
871 3293 1009 3352 εἶναι
1058 3294 1225 3352 αὐτὸν
1271 3293 1640 3371 πρωτότοκον.
1677 3317 1706 3345 ››
1740 3291 1839 3347 Διὰ
1868 3289 2007 3347 πάν-

345 3408 457 3444 των
486 3388 586 3458 τήν
618 3383 925 3463 συγγένειαν
946 3386 1109 3458 ἡμῶν
1136 3386 1237 3455 τήν
1273 3384 1411 3462 πρὸς
1436 3383 1530 3441 τὸν
1558 3382 1793 3457 Χριστὸν
1826 3383 2004 3453 σημᾶ-

346 3497 435 3535 ναι
469 3475 637 3543 θελει.
664 3474 984 3551 Συγγένειαν
1014 3472 1096 3542 δὲ’,
1116 3475 1216 3545 τήν
1246 3472 1300 3532 ἐν
1328 3476 1398 3548 τῇ
1431 3472 1723 3546 οἰκονομίᾳ
1749 3477 1852 3542 τῆς
1882 3489 2009 3545 σαρ-

349 3565 449 3630 κὸς
474 3564 662 3622 αὐτοῦ.
689 3587 719 3617 κ
743 3564 851 3628 Οῦς
872 3561 933 3621 δὶ
952 3563 1250 3640 προώρισε,
1271 3585 1299 3618 ε
1326 3563 1419 3619 καὶ
1448 3562 1515 3620 τὰ
1545 3559 1684 3634 ἑξῆς.
1721 3561 2010 3639 Πανταχοῦ

355 3653 445 3724 τὸ,
475 3678 504 3705 α
532 3654 667 3712 κατὰ
692 3653 949 3731 πρόθεσιν
989 3651 1231 3726 κλητοὺς
1263 3648 1445 3720 ὄντας,
1479 3674 1508 3704 υ
1539 3650 1894 3718 συνυπάκουε,
1925 3647 2011 3703 ’ὁτι

367 3741 465 3804 0’3:
491 3742 754 3821 προέγνω,
794 3743 915 3802 ἀντὶ
944 3747 1066 3809 τοῦ,
1114 3742 1345 3806 τούτους
1396 3740 1524 3803 τοὺς
1552 3738 1689 3796 κατὰ
1717 3739 2002 3814 πρόθεσιν.

371 3832 484 3895 Οὕς
515 3829 573 3888 δὶ
625 3833 918 3912 προώρισε,
970 3832 1200 3899 τούτους
1253 3833 1343 3889 καὶ
1403 3830 1678 3902 ἐκάλεσεν,
1717 3829 1850 3892 τοὺς
1878 3827 2016 3884 κατὰ

364 3922 639 3999 πρόθεσιν.
676 3924 779 3984 Καὶ
833 3925 928 3987 οὕς
984 3921 1259 3995 ἰκάλεσεν,
1292 3921 1519 3986 τούτους
1568 3920 1661 3976 καὶ
1708 3915 2014 3991 ἐδικαίωσε,
2064 3944 2071 3959 κ

366 4010 496 4078 τοὺς
551 4015 688 4070 κατὰ
742 4013 1017 4088 πρόθεσιν.
1102 4011 1210 4076 Οίὶς
1291 4009 1349 4069 δὶ
1430 4008 1736 4081 ἐδικαίωσε,
1789 4008 2019 4072 τούτους

361 4100 457 4160 καί
485 4099 725 4177 ἑδόξασε,
754 4103 925 4162 πάλιν
970 4105 1056 4175 τὸ,
1104 4103 1241 4160 κατὰ
1284 4101 1539 4179 πρόθεσιν
1564 4098 1807 4173 κλητοὺς
1839 4095 2017 4160 ὄντας.

361 4196 485 4253 Ἵνα
543 4194 622 4270 μὴ
679 4192 884 4251 ἄτοπον
940 4194 1174 4267 ἀπαντᾷ,
1233 4191 1281 4250 εἰ
1338 4194 1368 4249 ὁ
1424 4191 1555 4256 Θεὸς
1606 4189 1758 4254 τινὰς
1818 4189 1914 4265 μὶν
1962 4188 2020 4244 εῦ

364 4281 615 4358 ἰποίησε,
643 4285 794 4349 τινὰς
822 4282 882 4341 δὶ
911 4282 994 4341 οῦ.
1043 4283 1122 4343 Τὸ
1180 4281 1239 4342 ὃὶ
1295 4306 1325 4337 (ι
1354 4282 1491 4339 κατὰ
1543 4279 1797 4358 πρόθεσιν
1832 4303 1861 4333 »
1893 4298 2022 4336 συν-

362 4375 800 4449 υπακουόμενον,
837 4373 1012 4432 αὐτῶν
1070 4378 1223 4431 ποιεῖ
1274 4372 1338 4429 τὸ
1393 4370 1725 4447 κατόρθωμα
1751 4372 1858 4424 τῶν
1890 4366 2027 4425 κατὰ

366 4464 573 4521 οἰκείαν
630 4465 888 4540 πρόθεσιν
947 4462 1373 4533 πιστευσάντων,
1426 4460 1516 4517 καὶ
1546 4456 2026 4537 προσωποληψίας

365 4551 712 4613 ἀπαλλάττει
765 4554 859 4611 τὸν
921 4553 1073 4612 Θεόν.
1134 4577 1163 4608 ‹‹
1216 4552 1457 4615 Τούτους
1508 4550 1601 4605 καὶ
1657 4546 1964 4606 ἰδικαίωσε.
2001 4570 2029 4599 ››

370 4645 471 4702 Διά
529 4651 631 4714 τῆς
698 4649 797 4701 τοῦ
860 4643 1097 4722 λουτροῦ
1169 4639 1607 4727 παλιγγενεσίας.
1688 4663 1718 4692 ››
1792 4638 2033 4700 Τούτους

373 4734 467 4790 καὶ
521 4732 759 4807 ἐδόξασε.
794 4757 826 4788 »
884 4734 983 4811 Αιᾶ
1037 4739 1146 4793 τῶν
1205 4735 1564 4812 χαρισμάτων
1596 4731 1695 4800 τῆς
1735 4728 2030 4792 υἱοθεσίας.

446 5119 508 5181 Τί
563 5120 663 5177 οῦν
724 5119 953 5196 ἰροῦμεν
1012 5120 1150 5195 πρὸς
1229 5122 1435 5190 ταῦτα;
1498 5118 1560 5181 Εἰ
1617 5119 1647 5175 ό
1717 5118 1847 5176 Θεὸς
1902 5118 2033 5193 ὑπὲρ

374 5211 562 5286 ἡμῶν,
589 5211 676 5277 τίς
716 5212 837 5268 καθ’
889 5207 1090 5284 may;
1135 5210 1255 5273 Ὃς-
1287 5229 1351 5286 γε
1403 5212 1505 5266 τοῦ
1564 5206 1706 5266 ἰδίου
1759 5207 1887 5265 Υίου
1935 5207 2038 5265 οὑκ

373 5300 647 5379 ἐφείσατο,
724 5299 851 5369 ἀλλ’
928 5299 1063 5374 ὖπὶρ
1146 5298 1310 5372 ἡμῶν
1413 5298 1628 5355 πάντων
1728 5295 2036 5377 παρέδωκεν

373 5390 561 5463 αὐτὸν,
627 5394 755 5463 πῶς
814 5389 949 5469 οὐχὶ
1014 5389 1115 5463 καὶ
1173 5387 1268 5455 σὺν
1333 5388 1487 5463 αὐτῷ
1548 5389 1616 5445 τὰ
1662 5388 1837 5449 πάντα
1900 5389 2040 5462 ἡμῖν

375 5481 713 5563 lupinum;
788 5480 901 5545 Τίς.
954 5476 1235 5556 ἰτκαλάρει
1304 5477 1444 5553 κατὰ
1515 5475 1785 5536 ἐκλεκτῶν
1861 5482 1998 5549 Θεοῦ
2016 5498 2065 5547 ;.

378 5563 512 5645 Θεᾷς
585 5573 639 5647 ἑο⁹
694 5567 949 5653 magna,
1006 5571 1093 5641 τίς
1161 5569 1217 5637 ὁ,
1267 5566 1648 5646 magna!“
1711 5567 1945 5663 ξριστὸς
2008 5568 2042 5627 ὁ

438 5731 488 5779 ⁸⁸
526 5731 555 5789 Ι
587 5730 723 5791 Cor.
764 5745 860 5794 xv,
901 5726 992 5786 ιο.

704 5857 987 5920 ΡΑτεοι..
1032 5855 1150 5917 Gn.
1196 5851 1468 5917 CXVIII.

2118 622 2384 682 buslibet
2401 625 2714 701 contingit,
2748 626 2966 700 inquit,
3002 629 3106 687 sed
3139 630 3233 688 his
3274 630 3564 691 duntaxat
3613 636 3721 708 qui
3743 652 3809 694 a.

2120 713 2238 771 Deo
2269 716 2457 772 vocati
2485 722 2643 772 sunt.
2680 717 2903 774 Deinde
2934 735 3009 774 ne
3068 726 3382 791 putaretur
3438 729 3671 782 tantum
3706 743 3779 785 ex

2119 809 2286 876 parte
2299 804 2589 876 quosdam
2603 806 3065 867 vocasse.dicit:a
3081 810 3118 865 Η
3132 809 3178 865 is
3192 809 3291 881 qui
3307 812 3634 870 secundum
3649 832 3779 893 pro-

2118 895 2403 966 positum,
2418 916 2447 946 ››
2460 894 2520 951 id
2539 895 2754 967 estqui
2769 896 3096 953 secundum
3112 897 3776 967 decretum.secundum

2117 983 2473 1045 electionem
2496 987 2656 1042 nacti
2673 988 3199 1045 suntvocationem
3225 1006 3238 1045 :
3272 992 3595 1050 ostendens
3617 976 3782 1066 quod

2118 1091 2327 1131 omnes
2341 1075 2582 1148 quidem
2605 1078 2790 1133 vocati
2816 1078 3238 1145 simus,sedilli
3260 1080 3619 1139 obedierunt
3646 1084 3779 1142 ideo

2120 1165 2300 1221 etiam
2332 1165 2712 1235 adjuvantur,
2745 1167 2847 1240 qui
2881 1168 3211 1225 secundum
3235 1172 3545 1243 proprium
3572 1190 3782 1247 propo-

2120 1254 2303 1329 situm
2337 1256 2523 1312 vocati
2558 1256 2818 1313 fuerunt.
2851 1279 2878 1307 ‹‹
2911 1257 3200 1323 Quoniam
3231 1276 3382 1331 quos
3403 1261 3719 1333 praescivit.
3753 1286 3782 1313 ››

2118 1345 2412 1411 Quoniam
2446 1362 2617 1417 quos,
2646 1345 2705 1401 id
2729 1350 2839 1412 est,
2859 1346 2968 1403 hos
2995 1346 3096 1419 qui
3117 1347 3447 1406 secundum
3470 1351 3781 1424 proprium

2118 1434 2492 1506 propositum
2520 1435 2708 1491 vocati
2736 1435 3335 1509 fueruntprmscivit:
3372 1455 3442 1499 ex
3474 1441 3781 1498 communi

2120 1539 2303 1589 sensu
2326 1523 2716 1596 repetendum
2756 1531 2848 1581 est
2877 1543 2892 1582 :
2926 1548 2954 1575 ‹‹
2988 1525 3095 1592 Qui
3130 1527 3456 1584 secundum
3491 1531 3774 1602 proposi-

2120 1618 2246 1669 tum
2277 1612 2465 1671 vocati
2500 1618 2657 1669 sunt.
2693 1633 2722 1663 »
2754 1645 2821 1655 —-
2855 1633 2884 1664 «
2915 1612 3286 1671 Conformes.
3322 1636 3352 1667 »
3374 1615 3540 1683 Quod
3591 1618 3776 1692 Filius

2119 1700 2223 1758 Dei
2253 1700 2587 1759 secundum
2618 1707 2893 1759 naturam
2930 1709 3020 1759 est
3044 1704 3105 1760 in
3131 1704 3522 1763 humanitatis
3544 1724 3780 1766 assum-

2118 1794 2343 1866 ptione,
2379 1800 2542 1866 puta,
2575 1801 2818 1852 sanctus
2849 1800 2909 1853 et
2938 1795 3067 1853 sine
3102 1804 3369 1869 peccato,
3420 1799 3534 1857 hoc
3577 1805 3637 1857 et
3665 1800 3782 1874 ipsi

2120 1883 2451 1940 secundum
2468 1884 2871 1957 gratiamfacti
2905 1893 3075 1942 sunt:
3100 1907 3131 1938 «
3162 1886 3512 1945 Conformes
3534 1912 3563 1941 »
3594 1891 3779 1958 enim,

2119 1973 2232 2030 hoc
2264 1978 2373 2040 est,
2402 1973 2617 2030 similis
2637 1973 3209 2048 formae.lmaginem
3236 1983 3435 2036 autem
3460 1978 3591 2035 Filii
3614 1985 3783 2038 vocat

2119 2062 2721 2136 dispensationem,et
2748 2080 2965 2137 corpus
2992 2066 3151 2138 quod
3174 2065 3314 2123 inde
3336 2074 3640 2141 sumptum
3665 2076 3773 2127 est.

2118 2151 2264 2205 Nam
2296 2149 2628 2207 secundum
2659 2150 3169 2226 dispensationem
3201 2154 3540 2211 conformes
3563 2161 3623 2213 et
3656 2155 3776 2213 fra-

2120 2242 2240 2295 tres
2260 2238 2452 2310 ipsius
2482 2244 2621 2299 sunt
2651 2239 2949 2297 homines.
3010 2241 3347 2317 Secundum
3400 2244 3775 2320 divinitatem

2118 2343 2255 2386 vero
2283 2326 2635 2403 Unigenitus
2664 2335 2756 2387 est
2782 2330 3021 2388 unicus.
3480 2318 3485 2319 ί
3604 2318 3609 2321 ’
3666 2318 3672 2320 ἡ

2191 2476 2349 2533 ³14
2383 2497 2411 2526 ‹‹
2442 2476 2744 2550 Imaginis.
2770 2498 2799 2528 ››
2832 2478 3119 2544 Quaenam
3152 2480 3256 2537 Dei
3302 2480 3498 2553 imago
3545 2482 3781 2541 intelli-

2118 2570 2311 2638 gatur,
2342 2562 2504 2622 idem
2529 2566 2653 2638 ipse
2686 2565 3084 2639 explanatubi
3108 2568 3292 2627 dicit:
3319 2591 3350 2621 α
3381 2571 3780 2638 Quemadmo-

2118 2655 2262 2712 dum
2294 2654 2454 2712 enim
2485 2655 2843 2726 gestavimus
2875 2658 3196 2732 imaginem
3231 2662 3781 2733 terrenigestemus

2118 2749 2177 2802 et
2206 2745 2532 2818 imaginem
2565 2746 3010 2818 supercmlestis
3035 2748 3100 2814 ³³,
3136 2770 3166 2798 ››
3199 2749 3255 2804 id
3290 2756 3381 2806 est
3407 2750 3588 2809 vitam
3646 2770 3780 2827 qua

2118 2835 2182 2892 in
2230 2835 2702 2892 sanctiﬁcatione
2776 2836 3030 2910 degitur,
3082 2841 3594 2899 conversationem
3643 2860 3783 2918 erga

2117 2941 2613 2998 unumquemque
2655 2927 3125 3000 reprehensione
3172 2936 3497 2987 carentem.
3534 2954 3562 2983 «
3623 2933 3787 2991 Sicut

2123 3015 2286 3071 enim
2318 3013 2639 3088 imaginem
2666 3016 2912 3079 terreni,
2945 3038 2975 3065 »
3008 3016 3068 3073 id
3102 3024 3213 3086 est,
3265 3019 3475 3088 Adam,
3528 3022 3785 3081 dicimus

2123 3121 2253 3161 esse
2283 3104 2487 3169 vitam,
2522 3121 2655 3176 quae
2686 3104 3095 3162 inobedientia
3123 3112 3183 3162 et
3224 3110 3484 3180 peccatis
3538 3112 3733 3184 agitur
3766 3130 3782 3179 ς

2120 3215 2149 3246 ‹‹
2181 3196 2269 3250 Ita
2298 3200 2359 3251 et
2386 3192 2708 3264 imaginem
2742 3195 3203 3267 supercmlestis,
3228 3219 3258 3248 »
3290 3198 3351 3254 id
3384 3203 3493 3265 est,
3535 3201 3778 3269 Christi,

2127 3282 2688 3351 sanctiﬁcationem,
2715 3283 3039 3355 justitiam,
3070 3285 3496 3345 obedientiam.
3530 3311 3560 3342 «
3604 3291 3678 3347 Ut
3706 3290 3785 3347 sit

2119 3376 2246 3448 ipse
2259 3372 2751 3446 primogenitus.»
2772 3372 2839 3429 In
2854 3374 3134 3431 omnibus
3152 3378 3569 3449 cognationem
3596 3380 3781 3455 signi—

2118 3464 2298 3521 ﬁcare
2329 3463 2493 3535 cupit
2521 3478 2654 3535 quas
2683 3462 2860 3519 nobis
2892 3468 2982 3519 est
3011 3480 3151 3538 erga
3194 3466 3515 3524 Christum.
3549 3472 3781 3543 Cogna-

2118 3554 2345 3610 tionem
2376 3550 2646 3623 inquam,
2680 3568 2813 3625 quae
2841 3557 2933 3609 est
2959 3553 3022 3610 in
3076 3554 3525 3628 dispensatione
3582 3560 3782 3618 carnis
3814 3590 3819 3595 -

2123 3658 2265 3700 suas.
2300 3662 2329 3693 ιι
2356 3641 2513 3708 Quos
2544 3646 2743 3697 autem
2774 3642 3189 3714 prasdeﬂnivit,
3221 3667 3249 3697 »
3282 3650 3390 3704 etc.
3455 3648 3787 3707 Subaudito‘

2122 3731 2367 3803 ubique,
2400 3751 2430 3782 ‹‹
2461 3729 2570 3799 Qui
2603 3730 2936 3787 secundum
2958 3734 3331 3806 propositum
3364 3738 3550 3794 vocati
3582 3744 3779 3797 sunt.»

2124 3820 2416 3888 Quoniam
2448 3836 2599 3891 quos
2629 3820 2942 3891 prmscivit,
2977 3822 3085 3879 hos
3129 3824 3309 3881 etiam
3362 3825 3780 3898 praedeﬂnivit,

2127 3909 2227 3984 qui
2242 3907 2569 3966 secundum
2586 3908 2956 3981 propositum
2970 3916 3141 3980 sunt;
3165 3929 3316 3985 quos
3336 3921 3534 3971 autem
3548 3916 3781 3989 prmde-

2129 3999 2339 4067 ﬁnivit,
2372 3997 2613 4056 eosdem
2646 4004 2705 4054 et
2734 3999 2977 4065 vocavit,
3012 4001 3114 4074 qui
3147 4002 3477 4062 secundum
3499 4007 3779 4079 proposi-

2132 4097 2257 4148 tum
2289 4095 2430 4146 sunt
2461 4114 2476 4156 ;
2510 4094 2569 4145 et
2598 4105 2748 4162 quos
2776 4090 3023 4156 vocavit,
3056 4091 3299 4150 eosdem
3329 4099 3389 4151 et
3410 4095 3779 4167 justiﬂcavit,

2132 4181 2235 4255 qui
2267 4180 2595 4239 secundum
2626 4180 3001 4254 propositum
3026 4188 3167 4240 sunt
3197 4200 3211 4252 ;
3236 4201 3385 4258 quos
3413 4202 3548 4243 vero
3558 4187 3786 4260 justifi-

2135 4274 2310 4345 cavit,
2340 4273 2450 4331 hos
2489 4277 2549 4330 et
2595 4271 2969 4347 gloriﬁcavit,
3017 4291 3257 4333 rursum
3307 4277 3410 4350 qui
3458 4279 3789 4339 secundum

2137 4363 2510 4438 propositum
2545 4362 2732 4420 vocati
2765 4367 2905 4421 sunt
2938 4380 2952 4433 ;
2985 4368 3055 4421 ut
3096 4364 3249 4423 nihil
3290 4366 3534 4425 absurdi
3588 4385 3796 4428 occur-

2138 4458 2252 4524 rat,
2287 4452 2338 4510 si
2368 4452 2727 4525 quibusdam
2759 4454 2915 4510 Deus
2944 4453 3262 4525 benefacit,
3281 4457 3639 4528 quibusdam
3661 4476 3815 4519 vero

2141 4559 2284 4600 non.
2317 4543 2463 4599 Cum
2489 4547 2691 4599 autem
2724 4542 3102 4611 subauditur,
3134 4567 3165 4597 ‹‹
3199 4545 3539 4605 Secundum
3581 4568 3803 4625 propo-

2145 4633 2348 4699 situm,
2382 4653 2412 4682 »
2454 4631 2736 4688 statuitur
2772 4632 3019 4690 illorum
3076 4635 3264 4692 virtus
3313 4637 3415 4709 qui
3470 4640 3802 4700 secundum

2143 4721 2454 4796 proprium
2472 4721 2847 4794 propositum
2862 4721 3334 4792 crediderunt,et
3362 4743 3397 4783 a
3410 4744 3800 4799 personarum

2144 4815 2422 4883 respectu
2450 4810 2604 4866 Deus
2634 4809 2943 4868 liberatur.
2979 4833 3008 4863 «
3028 4813 3145 4869 Hos
3173 4818 3232 4870 et
3245 4814 3617 4886 justiﬁcavit.
3640 4839 3671 4870 »
3692 4820 3807 4879 Per

2144 4901 2360 4959 lavacri
2378 4900 2916 4975 regenerationem.
2937 4922 2967 4953 ‹‹
2986 4902 3101 4960 Eos
3125 4908 3184 4961 et
3207 4903 3577 4978 gloriﬁcavit.
3627 4930 3657 4961 »
3690 4910 3806 4968 Per

2145 4991 2305 5049 dona
2334 5007 2439 5048 seu
2470 4990 2717 5048 eﬂ'ectus
2745 4990 3105 5064 adaptionis.

2221 5120 2564 5179 VIII.3i-34.
2585 5141 2612 5170 ‹‹
2632 5118 2783 5185 Quid
2805 5135 2942 5193 ergo
2964 5118 3233 5177 dicemus
3256 5122 3330 5180 ad
3353 5122 3482 5182 hanc
3503 5123 3532 5181 ?
3574 5125 3631 5184 Si
3654 5130 3804 5199 Deus

2149 5231 2178 5263 «
2202 5226 2309 5284 pro
2331 5207 2666 5281 nobis,quis
2685 5213 2894 5266 contra
2914 5225 3024 5266 nos
3046 5208 3074 5266 ‘2
3094 5210 3202 5277 Qui
3241 5213 3482 5287 proprio
3513 5214 3661 5287 Filio
3684 5235 3805 5280 non

2149 5321 2179 5352 «
2200 5297 2598 5373 perpecit,sed
2610 5314 2716 5373 pro
2730 5296 2903 5356 nobis
2916 5298 3195 5358 omnibus
3211 5286 3456 5381 tradidit
3469 5286 3639 5365 illum
3659 5324 3672 5364 :
3688 5325 3806 5383 quo

2148 5410 2181 5443 α
2194 5394 2367 5464 pacto
2383 5404 2503 5447 non
2518 5389 2696 5449 etiam
2711 5405 2848 5465 cum
2861 5388 3184 5449 illoomnia
3194 5392 3371 5473 nobis
3384 5393 3600 5475 βοειουί
3609 5384 3817 5465 t?Quis

2149 5500 2181 5533 ι(
2202 5478 2801 5565 accusabitadversus
2812 5479 3039 5571 electos
3051 5481 3152 5559 Dei
3166 5482 3196 5541 ?
3211 5469 3366 5542 Deus
3384 5469 3477 5559 est
3488 5469 3835 5573 quijustigﬁé;

2149 5569 2567 5659 «οαεοςυίείιις
2577 5564 3510 5671 ςιιιίεριξςιξάιηῗβιητεῑὲείξιαειιυί,
3539 5564 3842 5671 ιξὲοξέεαέῖ-

3420 5857 3496 5915 16
