4114 6394
353 382 471 442 491

1485 374 1903 438 mGUMENlI
1947 375 2259 439 TRICCIE
2301 377 2657 446 EPISGOPI

3672 392 3800 454 692

354 520 517 584 «est,
540 514 728 587 magis
764 516 966 570 autem
991 516 1052 569 et
1093 510 1416 568 suscitatus
1439 517 1564 566 est:
1588 509 1690 582 qui
1723 514 1782 567 et
1811 515 1903 566 est
1930 526 1971 566 at

2080 506 2425 583 ⁵ἀποθανὼν,
2490 511 2708 588 μᾶλλον
2768 513 2826 573 Si
2880 518 2973 574 καὶ
3049 516 3311 595 ἰγερθείς,
3372 515 3433 582 ὅς
3498 520 3590 577 καί
3646 519 3793 579 ἔστιν

353 626 382 656 ‹‹
415 604 722 660 dexteram
753 601 877 670 Dei,
909 601 1010 673 qui
1039 600 1220 656 etiam
1278 597 1597 655 intercedit
1627 614 1737 671 pro
1751 596 1946 654 nobis.
1981 620 2010 650 »

421 840 453 872 ι(
485 818 635 887 Quid
659 833 796 891 ergo
819 816 1089 874 dicemus
1125 814 1201 871 ad
1223 815 1393 872 hmo?
1414 837 1443 867 »
1496 816 1802 889 Tanquam
1829 815 2015 872 dixis-

350 896 443 967 set
475 925 489 964 :
523 909 669 965 Cum
701 908 827 963 hac
853 908 936 962 ita
967 906 1106 971 sint,
1139 922 1316 962 nemo
1336 906 1619 979 deinceps
1642 906 1715 962 ob
1738 906 2014 963 afﬂictio-

353 1013 462 1056 nes
494 1003 597 1055 aut
626 996 893 1070 pericula
922 1012 1053 1069 qum
1084 996 1182 1052 hic
1214 996 1568 1069 contingunt
1606 996 1786 1052 verba
1813 996 2009 1053 faciat.

354 1087 506 1154 Quid
537 1087 698 1142 enim
730 1086 847 1143 dici
880 1091 1076 1158 potest
1105 1084 1177 1141 ad
1200 1090 1429 1141 tantam
1476 1086 1577 1140 Dei
1627 1084 1956 1142 bonitatem
1986 1084 2016 1141 ?

347 1198 374 1226 ‹‹
411 1175 562 1241 Quid
594 1191 731 1248 ergo
763 1175 1031 1231 dicemus
1062 1173 1135 1230 ad
1167 1174 1296 1231 haec
1325 1174 1353 1229 ?
1385 1196 1413 1223 ››
1465 1174 1749 1241 Quaenam
1780 1175 1814 1229 ?
1843 1174 2011 1242 Quod

347 1262 759 1338 praedefinivit,
793 1263 955 1337 quod
985 1263 1233 1331 vocavit,
1270 1263 1430 1335 quod
1453 1263 1824 1336 justiflcavit,
1850 1265 2009 1338 quod

347 1352 746 1428 glorificavit:
799 1354 874 1410 ad
902 1358 1128 1410 tantam
1186 1352 1615 1409 beneficiorum
1672 1353 2008 1411 ubertatem

348 1443 490 1515 quid
522 1444 792 1501 dicemus
821 1443 850 1499 ?
891 1445 1093 1515 Neque
1160 1443 1485 1517 gratiarum
1543 1444 1693 1501 315
1756 1445 2006 1501 actionis

348 1533 747 1602 sermonibus,
794 1532 1012 1605 inquit,
1061 1548 1258 1605 neque
1306 1548 1553 1605 operum
1612 1532 2006 1591 retributione

344 1620 721 1681 abundamus
752 1628 855 1680 aut
884 1621 1250 1679 sufficientes
1269 1638 1476 1678 sumus
1509 1640 1522 1679 :
1551 1628 1719 1679 tanta
1745 1630 1833 1680 est
1853 1624 2005 1679 inef-

341 1712 545 1770 fabilis
585 1713 774 1786 ipsius
805 1711 964 1785 apud
994 1728 1104 1767 nos
1165 1712 1372 1786 gratia.
1435 1712 1659 1768 Deinde
1717 1718 2005 1785 tanquam

342 1808 581 1876 sumpto
613 1803 756 1859 hinc
785 1802 1213 1869 additamento,
1244 1802 1328 1857 ait
1357 1819 1369 1858 :
1406 1823 1433 1851 ‹‹
1472 1801 1528 1857 Si
1560 1802 1715 1858 Deus
1744 1820 1849 1876 pro
1895 1821 2003 1859 no-

2128 597 2181 691 iv
2260 597 2407 673 δεξιᾷ
2477 608 2577 659 τοῦ
2677 610 2835 678 Θεοῦ,
2911 605 2971 671 ὅς
3067 608 3160 665 καὶ
3252 608 3570 688 ἰντυγχάνει
3647 611 3784 691 ὑπὶρ

2125 689 2159 759 ἠ
2171 694 2308 762 μῶν.

2161 826 2322 892 ἰΤὶ
2384 833 2477 891 οῦν
2534 836 2762 915 ἐροῦμεν
2818 840 2957 917 πρὸς
3012 846 3220 915 ταῦτα;
3262 867 3285 895 ι
3348 844 3438 908 Ὠς
3497 843 3544 901 εἰ
3602 840 3784 921 ἔλεγε,

2120 922 2339 981 Τούτων
2391 925 2565 990 οὕτως
2622 925 2813 1000 ὄντων,
2878 929 3072 1005 μηδεὶς
3129 930 3324 989 λοιπὸν
3372 934 3498 1009 περὶ
3532 940 3640 991 τῶν
3671 934 3782 994 ὧδε

2116 1019 2435 1088 πειρασμῶν
2493 1018 2529 1088 ἣ
2588 1016 2849 1075 κινδύνων
2927 1019 3346 1097 λογοποιείσθω.
3409 1022 3471 1083 Τί
3539 1026 3640 1101 γὰρ
3699 1023 3781 1093 ἔνι

2116 1100 2285 1157 εἰπεῖν
2344 1105 2483 1180 πρὸς
2543 1108 2643 1176 τήν
2719 1110 2989 1181 τοσαύτην
3076 1112 3388 1189 ἀγαθὸτητα
3442 1119 3539 1169 τοῦ
3597 1120 3779 1184 Θεοῦς

2116 1192 2413 1269 -[ΦΩΤ.]
2458 1220 2483 1246 α
2517 1196 2583 1254 Τί
2630 1195 2723 1252 οῦν
2779 1199 3010 1275 ἐροῦμεν
3064 1200 3201 1276 πρὸς
3259 1206 3471 1272 ταῦτα;
3528 1227 3557 1254 ››
3607 1209 3787 1276 Ποῖας

2115 1281 2233 1336 Ὀτι
2298 1284 2630 1362 προώρισεν,
2689 1286 2774 1343 ὅτι
2832 1287 3109 1359 ἐκάλεσεν,
3170 1289 3254 1347 ὅτι
3321 1289 3785 1365 ἐδικαιωσεν,ὅτι

2116 1366 2354 1444 ἐδόξασε,
2429 1376 2565 1449 πρὸς
2648 1376 2918 1449 τοσαύτην
2998 1377 3257 1457 ἀφθονίαν
3324 1380 3664 1458 εὐεργεσιῶν,
3726 1383 3785 1440 τί

2115 1456 2378 1534 ἐροῦμεν;
2438 1461 2580 1521 Οὐδὲ
2637 1465 2994 1543 εὐχαρίστων,
3050 1456 3212 1544 ίφησῖ,
3271 1456 3471 1545 λόγων⁷
3512 1468 3780 1550 εὐποροῦο

2116 1568 2230 1643 μεν,
2251 1551 2345 1643 ,μή
2376 1572 2427 1606 τι
2459 1573 2523 1643 γε
2556 1551 2741 1643 ,ἔργων
2795 1551 3064 1630 ἀμοιϐῆς,
3122 1557 3361 1632 τοσαύτη
3395 1558 3539 1618 ἆστὶν
3572 1562 3781 1643 ἄφατος

2112 1633 2276 1725 αυτοῦ
2309 1639 2343 1707 ἡ
2373 1640 2496 1715 περὶ
2543 1641 2691 1714 ἡμᾶς
2750 1643 2933 1721 χάρις.
2994 1645 3127 1703 Εἶτα
3183 1643 3367 1725 ὥσπερ
3398 1633 3647 1724 πόρισμα
3675 1647 3777 1708 λα-

2112 1717 2224 1779 ϐὼν
2256 1724 2507 1799 ἐντεῦθεν,
2535 1729 2721 1810 φησίν·
2756 1717 2789 1784 ὲέ
2814 1717 2873 1790 Ei
2921 1734 2950 1790 6
3001 1734 3132 1799 Θεὸς
3161 1735 3294 1812 ὑπὲρ
3324 1717 3512 1811 ἦμῶν,
3541 1717 3626 1804 τίς
3656 1739 3782 1797 καθ’

2110 1812 2310 1905 ἡμῶνς
2349 1840 2369 1866 ι
2405 1814 2619 1881 Οὒδείς.
2645 1819 2754 1876 Κᾶν
2782 1822 2886 1899 γὰρ
2917 1843 3059 1886 τινες
3106 1822 3369 1900 βλάπτειν
3397 1825 3776 1905 ἐπιχειρήσω-

340 1890 456 1960 bis,
501 1893 634 1965 quis
661 1898 870 1949 contra
900 1909 1008 1948 nos
1028 1892 1056 1948 τ
1087 1914 1116 1943 ››
1140 1890 1349 1948 Nullus
1384 1910 1398 1958 ;
1432 1908 1572 1948 nam
1599 1892 1738 1948 licet
1758 1893 1971 1965 quidam

2080 1944 2081 1957 χ
2112 1923 2218 1971 σιν,
2251 1904 2313 1960 οὐ
2347 1905 2677 1982 βλάψουσιν,
2710 1890 3243 1989 ἀλλ’ῶφελήσδυσι.
3278 1915 3447 1982 Πόθεν
3480 1890 3655 1988 ᾖλὶιᾷ
3685 1918 3775 1978 ὅτι

340 1996 560 2037 nocere
588 1982 968 2052 tentaverint,
990 1998 1109 2036 non
1139 1980 1463 2046 nocebunt,
1496 1981 1599 2037 sed
1646 1982 1996 2054 proderunt.

340 2070 556 2127 Verum
596 2069 755 2126 unde
787 2070 1170 2126 manifestum
1195 2075 1305 2139 est,
1339 2069 1498 2142 quod
1521 2071 1674 2127 Deus
1697 2087 1802 2144 pro
1825 2072 1998 2127 nobis

336 2166 414 2223 sit
441 2165 469 2221 ‘I
492 2166 562 2219 Et
591 2179 664 2219 ex
694 2163 786 2218 his
809 2179 939 2235 quae
972 2162 1129 2218 dicta
1160 2166 1321 2226 sunt.
1369 2166 1427 2217 et
1457 2162 1618 2233 quod
1671 2163 1995 2219 maximum

336 2260 813 2325 est,omnemque
844 2256 1108 2308 mentem
1139 2253 1200 2307 in
1233 2256 1536 2323 stuporem
1567 2250 1801 2325 redigit,
1837 2254 1995 2325 quod

334 2361 442 2418 pro
474 2343 648 2400 nobis
673 2342 820 2398 Filio
850 2341 1091 2415 proprio
1119 2357 1237 2397 non
1258 2341 1608 2413 pepercit.Si
1632 2341 1811 2414 igitur
1836 2344 1993 2399 Deus

333 2452 442 2509 pro
473 2434 647 2490 nobis
678 2440 787 2498 est,
822 2432 1205 2488 manifestum
1234 2432 1393 2503 quod
1424 2431 1627 2488 omnia
1654 2432 1729 2488 ad
1751 2432 1811 2488 id
1833 2434 1991 2505 quod

333 2523 481 2580 utile
511 2529 603 2580 est
629 2522 974 2591 transferre,
993 2527 1051 2577 et
1082 2538 1214 2593 qum
1248 2521 1441 2577 tristia
1470 2521 1989 2595 videntur,utgau-

329 2613 497 2669 dium
528 2610 1093 2679 concilient,efﬁciet
1127 2626 1139 2665 :
1174 2610 1672 2682 quemadmodum
1694 2611 1989 2684 etinipsis

325 2701 612 2775 apostolis
625 2718 695 2757 ac
707 2698 1987 2772 martyribus,tribulationes,persecutiones

327 2807 396 2847 ac
429 2797 653 2847 mortes
681 2789 822 2846 fecit
852 2790 1198 2846 occasiones
1229 2805 1360 2845 esse
1391 2805 1745 2845 coronarum
1761 2807 1829 2847 ac
1854 2790 1983 2847 bra-

322 2880 579 2949 viorum,
603 2885 661 2935 et
691 2879 1069 2935 conciliativa
1098 2878 1264 2952 regni
1296 2878 1602 2935 caelorum.
1664 2879 1757 2936 Sic
1805 2880 1985 2954 igitur

323 2975 383 3028 et
413 2969 730 3033 nos.modo
759 2986 878 3026 non
906 2968 1494 3033 deﬁciamus,nullus
1520 2968 1835 3025 adversum
1867 2987 1976 3027 nos

321 3060 649 3133 quidquam
670 3060 906 3134 poterit.
935 3058 1141 3114 Posuit
1159 3064 1382 3124 autem,
1408 3080 1436 3107 «
1470 3058 1577 3125 Qui
1626 3059 1863 3132 proprio
1888 3060 1978 3115 Fi-

313 3149 399 3205 lio
428 3166 550 3205 non
587 3149 872 3223 pepercit,
909 3171 936 3198 ››
966 3154 1103 3217 etc.,
1148 3146 1328 3203 simul
1362 3153 1420 3202 et
1474 3147 1839 3204 ineffabilem
1878 3150 1975 3204 Dei

2114 1991 2247 2083 ὑπὲρ
2292 1996 2454 2068 ἡμῶν
2487 1998 2514 2053 6
2546 1998 2718 2069 Θεός;
2777 2001 2877 2056 Ἕκ
2930 2023 2990 2058 τε
3044 2007 3153 2059 τῶν
3203 2008 3647 2083 προειρημένων,
3679 2009 3772 2067 καὶ

2106 2080 2169 2135 τὸ
2203 2083 2453 2158 μέγιστον
2487 2087 2574 2142 καὶ
2626 2092 2798 2143 πᾶσαν
2856 2088 3163 2156 ἐκπλῆττον
3220 2080 3486 2166 διάνοιαν,
3520 2080 3781 2177 6":e61t‘ep

2108 2172 2270 2245 ἡμῶν
2323 2177 2420 2228 τοῦ
2475 2174 2615 2231 ἰδίου
2674 2178 2805 2233 Υἰοῦ
2866 2178 2964 2235 οὐκ
3011 2179 3280 2254 ἐφείσατο.
3352 2184 3419 2243 Ei
3457 2184 3550 2241 οῦν
3584 2188 3613 2243 6
3646 2172 3781 2254 Θεὸς

2108 2260 2240 2334 ὑπὲρ
2267 2263 2450 2355 ἡμῶν,
2483 2262 2656 2355 δῆλον
2710 2267 2795 2323 ὅτι
2844 2270 3016 2326 πάντα
3062 2272 3141 2337 εἰς
3190 2272 3464 2355 συμφέρον
3496 2281 3776 2350 μεταστή-

2105 2370 2207 2417 σει,
2242 2352 2429 2409 καὶτὰ
2478 2351 2745 2412 δοκοῦντα
2798 2356 3042 2434 λυπηρά,
3101 2368 3277 2438 χαρᾶς
3316 2351 3560 2440 ’πρόξενα
3590 2387 3768 2443 παρα-

2103 2441 2370 2507 σκευάσει,
2419 2440 2603 2520 ὥσπερ
2652 2447 2740 2501 καὶ
2789 2445 2878 2502 ἐπὶ
2926 2453 3035 2505 τῶν
3084 2450 3408 2508 ἀποστόλων
3460 2440 3765 2514 αὐτῶνκαὶ

2097 2532 2206 2583 τῶν
2248 2531 2539 2607 μαρτύρων
2590 2533 2687 2596 τὰς
2746 2535 2959 2610 θλίψεις
3005 2539 3094 2593 καὶ
3155 2541 3281 2604 τοὺς
3338 2538 3620 2622 διωγμοὺς
3671 2547 3766 2603 καί

2098 2617 2227 2682 τοὺς
2299 2620 2561 2685 θανάτους
2641 2624 2893 2680 ὑπόθεσιν
2971 2629 3245 2706 στεφάνων
3323 2631 3415 2687 καὶ
3456 2617 3763 2710 ’βραϐείων

2095 2703 2418 2779 ἐποιήσατο,
2480 2710 2567 2766 καὶ
2642 2712 2871 2788 πρόξενα
2935 2722 3037 2787 τῆς
3106 2717 3390 2795 βασιλείας
3441 2703 3549 2779 τῶν
3589 2725 3763 2801 οὖρα-

2280 2798 2471 2889 (ξῦτως
2529 2802 2646 2872 οὖν,
2705 2802 2764 2859 ἃν
2825 2806 2991 2879 ἡμεῖς
3052 2805 3220 2883 μόνον
3280 2812 3359 2885 μή
3411 2798 3754 2889 ἐκλυθῶμεν,

2094 2882 2273 2982 οῦδεὶς
2308 2887 2487 2969 ἰσχύει
2519 2893 2635 2946 καθ’
2684 2894 2869 2968 ἡμῶν.
2920 2882 3138 2961 Τέθεικε
3168 2895 3226 2955 δὲ
3254 2882 3338 2972 τὸ,
3373 2925 3401 2954 ιι
3436 2902 3533 2966 ’ος
3564 2882 3755 2982 γετοῦ

2096 2973 2236 3059 ἰδίου
2268 2978 2395 3032 Υἱοῦ
2428 2979 2530 3036 οὐκ
2559 2980 2829 3059 ἐφείσατο,
2883 3010 2911 3036 ››
2958 2988 3049 3042 καὶ
3108 2988 3257 3060 ἑξῆς,
3288 2991 3389 3062 τήν
3421 3012 3482 3050 τε
3512 2973 3766 3070 κη’δεμο-

2090 3064 2207 3158 νίαν
2262 3068 2361 3136 τὴν
2417 3066 2645 3149 ἄφατον,
2707 3072 2782 3136 ὡς
2841 3071 3072 3156 ἔφημεν,
3131 3081 3231 3134 τοῦ
3285 3084 3421 3136 Θεοῦ
3461 3083 3583 3158 περὶ
3614 3084 3769 3157 ἡμᾶς

2088 3151 2524 3230 ἁνδεικνύμενος,
2585 3159 2677 3216 καὶ
2736 3151 2956 3237 ἅμαέῖ
3004 3186 3057 3221 τι
3114 3163 3377 3245 δυσχερὶς
3436 3151 3542 3227 61:6
3588 3151 3753 3230 τινων

314 3238 741 3311 providentiam
771 3239 931 3294 circa
959 3254 1091 3300 nos,
1124 3242 1189 3292 ut
1223 3236 1502 3302 diximus,
1536 3236 1881 3306 ostendens,
1917 3243 1971 3295 et

2086 3247 2395 3345 πάσχομεν,
2458 3248 2746 3323 ὑπομένειν
2805 3253 2895 3309 καὶ
2952 3262 3231 3332 καρτερεῖν
3294 3254 3382 3314 διὰ
3439 3263 3538 3317 τοῦ
3576 3267 3757 3340 παρά-

310 3328 360 3384 si
392 3327 534 3400 quid
551 3327 842 3384 molestia:
874 3326 946 3382 ab
969 3325 1271 3397 aliquibus
1302 3325 1565 3397 patimur
1586 3327 1880 3382 sustinere
1902 3345 1970 3384 ac

310 3416 562 3473 viriliter
591 3416 847 3471 tolerare
879 3416 989 3471 hoc
1013 3414 1284 3486 exemplo
1343 3414 1666 3470 adhortans
1694 3432 1706 3470 :
1766 3431 1877 3471 nec
1912 3414 1968 3470 id

316 3505 531 3572 solum,
566 3522 771 3561 verum
804 3506 983 3561 etiam
1014 3503 1361 3560 refociilans
1393 3519 1461 3560 ac
1491 3505 1786 3577 mitigans.
1821 3507 1965 3561 Nam

311 3595 360 3651 si
396 3599 561 3651 tanta
588 3594 773 3650 Filius
804 3610 910 3666 pro
946 3599 998 3649 te
1034 3609 1246 3666 passus
1277 3598 1385 3659 est,
1419 3592 1564 3664 quid
1595 3600 1651 3649 te
1682 3610 1787 3665 pro
1836 3594 1964 3667 ipso

307 3683 429 3757 pati
461 3689 695 3757 oportet
722 3684 749 3739 Ἰ
773 3684 921 3738 Item
953 3682 1001 3739 si
1034 3682 1135 3737 ille
1167 3698 1299 3737 cum
1324 3686 1489 3737 tanta
1516 3698 1724 3754 passus
1745 3683 1841 3749 sit,
1871 3684 1965 3739 ui-

306 3772 392 3829 bil
427 3778 625 3831 tamen
646 3778 910 3846 paternas
931 3771 1136 3845 glorias
1158 3775 1263 3827 aut
1283 3770 1606 3827 divinitatis
1630 3771 1742 3844 ipsi
1765 3771 1958 3829 detra-

302 3869 463 3919 ctum
491 3869 581 3919 est
599 3880 612 3919 :
628 3879 822 3935 neque
847 3868 909 3918 tu
930 3879 1065 3918 cum
1090 3861 1216 3917 haec
1235 3860 1482 3933 pateris,
1498 3861 1755 3933 teipsum
1776 3862 1960 3934 parvi-

300 3951 531 4025 pendas
565 3951 849 4007 :omnino
884 3951 1045 4006 enim
1076 3950 1256 4005 etiam
1286 3955 1419 4022 post
1465 3948 1857 4006 afflictionom
1889 3968 1958 4008 ac

299 4047 557 4097 mortem
584 4040 798 4112 ipsam,
830 4037 1260 4111 promissiones
1292 4037 1640 4109 accipies.ln
1670 4054 1737 4094 eo
1756 4045 1954 4096 autem

301 4130 462 4203 quod
487 4132 757 4202 sequitur
789 4148 802 4185 :
837 4153 863 4180 ‹‹
898 4131 1022 4195 Quo
1058 4134 1227 4202 pacto
1265 4145 1385 4184 non
1444 4129 1624 4184 etiam
1682 4146 1817 4186 cum
1849 4130 1952 4186 illo

302 4221 505 4277 omnia
533 4221 778 4278 donabit
805 4220 831 4276 ?
864 4242 891 4271 ››
925 4219 1280 4276 confirmare
1310 4219 1435 4274 vult
1461 4219 1621 4291 quod
1652 4219 1819 4275 nulla
1851 4238 1948 4277 oc-

296 4314 537 4370 casione
596 4319 700 4369 aut
748 4317 1057 4386 praetextu,
1117 4312 1273 4367 dono
1320 4310 1591 4367 frustrari
1624 4312 1943 4383 possimus.

293 4423 323 4451 ‹‹
355 4401 503 4457 Cum
534 4402 687 4475 ipso,
719 4403 820 4467 ait,
845 4402 1048 4457 omnia
1072 4400 1245 4457 nobis
1268 4399 1533 4457 donabit.
1560 4423 1588 4450 »
1630 4401 1800 4456 Dices
1825 4401 1945 4457 for-

290 4492 487 4561 tassis,
512 4493 743 4565 inquit:
779 4492 1101 4564 Nequando
1133 4491 1324 4547 nostri
1349 4490 1941 4564 obliviscatur.Atqui

286 4582 369 4638 ita
391 4588 449 4638 et
470 4583 601 4640 Filii
626 4584 1120 4640 oblivisceretur:
1158 4598 1295 4638 nam
1352 4599 1487 4637 cum
1539 4583 1666 4655 ipso
1726 4590 1941 4639 cuncta

2083 3331 2378 3411 δείγματος
2409 3344 2711 3413 παραινῶν.
2762 3343 2839 3400 06
2893 3344 3059 3417 μόνον
3104 3344 3191 3417 δὲ,
3223 3345 3370 3404 ἀλλά
3398 3350 3488 3405 καὶ
3520 3331 3762 3417 ἀνακτώ,

2080 3445 2241 3496 μενος
2287 3426 2375 3515 καὶ
2422 3434 2774 3506 παρηγορῶν.
2829 3432 2891 3490 Εἰ
2944 3434 3049 3509 γὰρ
3103 3437 3131 3491 6
3184 3438 3305 3499 Υἱὸς
3358 3438 3492 3515 ὑπὲρ
3538 3447 3635 3498 σοῦ
3662 3465 3753 3500 το-

2076 3519 2245 3569 σαῦτα
2292 3513 2477 3586 ἔπαθε,
2539 3520 2591 3574 τί
2642 3540 2700 3577 σε
2747 3524 2861 3599 χρὴ
2912 3527 3099 3581 παθεῖν
3157 3526 3291 3601 ὑπὲρ
3326 3513 3529 3600 αὑτοῦ,
3571 3534 3661 3589 καὶ
3698 3534 3745 3589 εἰ

2074 3602 2273 3668 ἐκεῖνος
2304 3610 2539 3664 τοσαῦτα
2572 3610 2759 3675 παθὼν
2793 3619 2894 3683 τῆς
2929 3619 3206 3690 Πατρικῆς
3230 3613 3393 3691 δόξης
3426 3620 3516 3675 καὶ
3552 3623 3744 3695 θεότη-

2071 3715 2164 3756 τος
2196 3693 2348 3751 οὐδέν
2376 3718 2428 3753 τι
2480 3700 2871 3781 καουςπιμένον
2905 3700 3144 3776 ἐδέξατο,
3179 3702 3323 3780 μηδὲ
3353 3713 3416 3764 σὺ
3457 3693 3744 3791 ὀλιγωρῆ-

2073 3802 2173 3857 σῃς
2206 3784 2435 3864 πάσχων
2467 3791 2655 3848 ταῦτα.
2718 3791 2939 3853 Πάντως
2990 3792 3094 3870 γὰρ
3137 3797 3246 3850 τῶν
3283 3784 3740 3873 ἐπηγγελμένων,

2068 3873 2155 3928 καὶ
2194 3876 2329 3946 μετὰ
2370 3877 2438 3931 τά
2468 3879 2613 3949 πάθη
2674 3881 2763 3934 καὶ
2825 3881 2960 3953 μετᾶ
3016 3884 3107 3937 τὸν
3167 3883 3393 3948 θάνατον
3425 3888 3729 3966 ἀξιωθήσῃ.

2068 3962 2140 4019 Τὸ
2174 3961 2252 4033 δὲ,
2290 3989 2310 4015 ι
2348 3966 2475 4031 Πῶς
2496 3967 2628 4043 οὐχὶ
2655 3969 2744 4024 καὶ
2773 3968 2865 4024 σὺν
2891 3969 3038 4044 αὐτῷ
3060 3973 3348 4049 χαρίσεται
3375 3995 3389 4045 ;
3417 3998 3439 4022 »
3470 3978 3531 4032 τὸ
3562 3961 3730 4052 ἀπρο-

2066 4053 2321 4127 φάσιστον
2353 4057 2440 4111 καὶ
2491 4056 2865 4132 ἀπαραίτητον
2918 4056 3092 4125 θέλων
3126 4070 3463 4138 παραστῆσαι
3493 4072 3592 4136 τῆς
3620 4063 3725 4123 δωο

2066 4149 2208 4217 ρεᾶς.
2272 4169 2301 4198 ‹‹
2336 4146 2441 4201 Σὺν
2501 4147 2649 4221 αὐτῷ
2706 4150 2774 4205 τά
2830 4155 3001 4206 πάντα
3059 4153 3198 4228 ἡμῖν
3252 4154 3555 4230 χαρίσεται,
3616 4180 3726 4236 φη-

2061 4232 2161 4289 σέν.
2218 4257 2246 4285 ››
2296 4235 2491 4311 Ἐρεῖς,
2546 4238 2736 4310 φησὶν,
2789 4238 2873 4295 ὅτι
2924 4243 2999 4315 μή
3055 4264 3188 4300 ποτε
3243 4244 3404 4317 ἡμῶν
3456 4232 3716 4319 ἐπιλήσε-

2055 4342 2185 4391 ταις
2242 4322 2451 4381 Οὐκοῦν
2492 4327 2581 4381 καὶ
2627 4331 2725 4382 τοῦ
2772 4330 2922 4388 Υἱὸῦ.
2975 4328 3077 4386 Σὺν
3125 4331 3275 4405 αὖτῷ
3302 4332 3404 4409 γὰρ
3434 4334 3503 4391 τὰ
3548 4336 3720 4394 πάντα

2056 4411 2193 4484 ἡμῖν
2247 4412 2553 4490 χαρίζεται.
2614 4417 2772 4473 Ὥστε
2848 4418 3063 4482 πάντως
3117 4422 3206 4477 καὶ
3268 4421 3716 4501 ἀπροφασίστως,

2052 4501 2345 4591 τευξόμεθα
2403 4504 2477 4591 ὧν
2535 4503 2943 4582 ἐπηγγὲλμεθα.
3004 4508 3189 4567 Εἰπὼν
3243 4507 3301 4566 δὲ
3351 4510 3482 4576 τοὺς
3526 4535 3717 4591 πειραο

2051 4587 2225 4661 σμοὺς
2269 4591 2398 4655 τοὺς
2444 4589 2533 4646 διὰ
2589 4593 2827 4669 θλίψεων
2876 4597 2964 4650 καὶ
3017 4596 3293 4671 βασάνων,
3325 4597 3377 4653 ἰν
3409 4602 3488 4671 τῷ
3520 4587 3715 4667 εἰπεῖν,

288 4673 462 4731 nobis
480 4673 1049 4749 elargitur.0mnino
1071 4672 1272 4744 itaque
1296 4676 1355 4728 et
1374 4671 1597 4744 absque
1622 4672 1745 4729 ulla
1768 4675 1939 4747 tergi-

2106 4677 2195 4740 Τίς
2228 4680 2344 4733 καθ’
2373 4681 2572 4752 ἦμῶν;
2610 4703 2633 4733 υ
2668 4685 2760 4737 νῦν
2791 4679 2975 4759 ἕτερον
3009 4682 3152 4747 εἶδος
3184 4693 3503 4762 πειρασμῶν
3539 4689 3710 4766 λέγει·

282 4765 614 4821 versatione
645 4779 1037 4836 assequemur
1068 4779 1200 4835 quae
1231 4761 1405 4817 nobis
1436 4763 1730 4833 promissa
1771 4770 1929 4820 sunt.

282 4854 427 4909 Cum
457 4861 657 4911 autem
681 4855 752 4911 de
792 4851 1223 4910 tentationibus
1268 4851 1503 4907 locutus
1536 4852 1614 4907 sit
1638 4870 1769 4924 quas
1829 4870 1934 4926 per

278 4942 638 5000 afflictiones
662 4948 805 5001 sunt
834 4949 893 4998 et
924 4946 1242 5003 tormenta,
1271 4941 1476 4997 dicens
1510 4958 1522 4996 :
1553 4964 1581 4993 «
1614 4942 1755 5008 Quis
1785 4959 1933 4999 con-

277 5036 372 5089 tra
399 5035 554 5090 nos?
584 5056 612 5084 »
644 5034 807 5091 aliud
838 5051 997 5090 nunc
1053 5033 1447 5090 tentationum
1504 5050 1691 5106 genus
1739 5036 1927 5107 ponit,

274 5138 492 5195 nempe
522 5124 902 5198 improperia.
936 5123 1347 5181 accusationes
1379 5141 1391 5178 :
1454 5123 1763 5195 vituperia.
1830 5141 1926 5181 ca-

270 5214 695 5290 lumnias,quas
725 5219 1001 5275 infideles
1032 5216 1422 5275 effundebant
1450 5217 1762 5274 adversum
1790 5217 1926 5274 ﬁde.
1964 5234 1967 5239 ί

272 5305 381 5363 les.
409 5309 480 5363 Et
524 5308 636 5364 hoc
680 5324 751 5365 ex
772 5325 841 5366 eo
873 5308 1218 5365 manifestat
1242 5305 1401 5380 quod
1431 5305 1516 5362 ait
1553 5323 1566 5361 :
1599 5327 1629 5358 «
1656 5307 1798 5373 Quis
1824 5323 1923 5365 ac-

269 5396 504 5453 cusabit
529 5397 811 5456 adversus
856 5398 1076 5457 electos
1123 5396 1280 5455 Dei?
1336 5416 1364 5445 »
1434 5396 1588 5453 810
1646 5396 1795 5455 etin
1826 5397 1919 5456 his
1959 5412 1965 5418 '

270 5486 450 5545 etiam
472 5489 736 5547 ostendit
769 5488 1275 5563 quemadmodum
1305 5491 1366 5543 et
1393 5486 1454 5543 in
1487 5486 1785 5559 praedictis
1816 5488 1916 5562 qui

267 5577 388 5635 Deo
411 5579 781 5651 justificante
811 5579 874 5635 in
903 5580 1451 5650 vanum‘nugantur
1479 5575 1580 5648 qui
1634 5582 1919 5634 accusant

260 5668 350 5724 vel
380 5668 803 5727 condemnant.
838 5690 867 5719 ‹‹
900 5668 955 5723 Si
995 5674 1145 5725 Deus
1174 5682 1282 5741 pro
1317 5664 1512 5733 nobis,
1547 5666 1681 5739 quis
1705 5672 1915 5724 contra

264 5757 416 5813 nos?
446 5782 476 5811 »
505 5762 584 5815 Ne
617 5760 796 5817 etiam
809 5758 1009 5816 dicant
1044 5775 1057 5816 :
1091 5759 1278 5832 Reges
1304 5754 1479 5813 nobis
1500 5754 1911 5826 adversantur,

2045 4768 2171 4853 τοὺς
2229 4764 2592 4842 ὀνειδισμοὺς,
2653 4770 2748 4835 τὰς
2801 4775 3059 4848 μέμψεις,
3114 4774 3211 4837 τάς
3272 4774 3578 4853 λοιδορίας,
3613 4764 3713 4846 τὰς

2045 4852 2328 4925 διαϐολάς,
2367 4855 2429 4921 ἃς
2480 4858 2742 4936 κατέχεον
2796 4862 2849 4916 οἱ
2902 4860 3119 4919 ἄπιστοι
3175 4867 3284 4919 τῶν
3336 4852 3564 4925 πιστῶν.
3600 4870 3709 4926 Καὶ

2040 4950 2202 5002 τοῦτο
2261 4942 2429 5014 δηλοῖ
2481 4943 2571 5004 διὰ
2626 4954 2729 5005 τοῦ
2783 4949 2987 5025 λέγειν,
3048 4952 3206 5016 «Τίς
3255 4952 3539 5032 ἱγκαλὲσει
3571 4959 3707 5014 κατὰ

2040 5033 2310 5091 ἐκλεκτῶν
2368 5038 2543 5107 Θεοῦ,
2577 5061 2606 5089 ››
2661 5040 2750 5095 καὶ
2806 5037 3160 5098 ἀποδείκνυσι
3208 5043 3480 5108 κάνταῦθα
3519 5042 3703 5120 ὥσπερ

2036 5125 2128 5181 καὶ
2157 5124 2244 5181 ἐπὶ
2273 5130 2383 5182 τῶν
2438 5127 2880 5204 προειρημένων,
2914 5131 2999 5186 δτι
3060 5136 3196 5188 Θεοῦ
3227 5129 3591 5197 δικαιοῦντος,
3624 5134 3701 5199 εἷς

2038 5216 2214 5289 μάτην
2243 5213 2697 5291 γλιυσσαλγοῦσιν
2720 5220 2771 5274 οἱ
2793 5219 3114 5295 αἰτιώμενοι
3140 5223 3231 5278 καὶ
3265 5220 3699 5299 κατακρίνοντες.

2034 5330 2060 5357 ‹‹
2093 5305 2156 5364 Εἰ
2189 5306 2217 5361 ὁ
2248 5305 2379 5367 Θεὸς
2412 5306 2542 5378 ὑπερ
2566 5306 2752 5381 ἧμῶν,
2782 5307 2864 5372 τίς
2889 5313 3009 5365 καθ’
3036 5310 3200 5386 ἡμῶν
3226 5331 3240 5380 ;
3271 5338 3294 5368 ι
3332 5317 3445 5371 Ίνα
3473 5312 3578 5389 γὰρ
3616 5315 3693 5388 μὴ

2032 5394 2287 5471 λέγωσιν,
2341 5392 2425 5449 ὅτι
2484 5396 2743 5460 Βασιλεῖς
2799 5399 2918 5454 καθ’
2980 5400 3143 5473 ἡμῶν
3202 5400 3296 5457 καὶ
3362 5396 3535 5473 δῆμοι
3604 5402 3696 5459 καὶ

2026 5483 2295 5560 ἡγεμόνες
2328 5483 2548 5557 (πάντες
2591 5486 2698 5563 γὰρ
2748 5482 3115 5545 ἰπεὸοὖλιυον
3142 5496 3262 5554 τοῖς
3292 5496 3557 5561 πιστοῖς),
3588 5512 3697 5570 φη.

2027 5574 2110 5631 σὶν
2140 5575 2226 5630 ὅτι
2253 5571 2437 5649 ἰσχύει
2463 5573 2491 5630 ὁ
2521 5575 2653 5638 Θεὸς
2679 5576 2776 5637 τὰς
2804 5579 2928 5643 καθ’
2969 5579 3003 5650 ἡ
3015 5583 3135 5651 μῶν
3161 5574 3488 5651 ἰπιϐουλὰς,
3518 5581 3717 5660 ἀφορο-

2028 5667 2139 5737 μήν
2187 5664 2466 5740 στεφάνων
2517 5666 2872 5735 ποιήσασθαι.
2922 5664 3120 5731 Οὐδεὶς
3169 5666 3262 5725 οῦν
3293 5671 3323 5726 6
3351 5671 3475 5725 καθ’
3504 5671 3689 5744 ἡμῶν.

2024 5778 2052 5807 ι(
2086 5755 2184 5815 "Oc
2240 5773 2301 5829 γε
2353 5755 2449 5805 τοῦ
2510 5749 2652 5810 ἰδίου
2707 5753 2834 5810 Υἱοῦ
2894 5754 2993 5811 οὐκ
3049 5754 3319 5840 ἐφείσατο.
3370 5782 3398 5812 ››
3442 5763 3567 5823 Πῶς
3596 5750 3698 5816 οὗν
