4114 6416
303 498 427 561 493

1395 492 1819 557 COMMENT.
1871 493 1949 555 IN
2002 490 2248 555 EPIST.
2291 493 2397 557 AD
2445 496 2635 557 ROM.

3617 504 3733 569 494

302 629 489 710 φησὶν,
521 630 670 704 ἡμᾶς
703 627 1006 704 προήσεται
1037 626 1065 683 6
1098 624 1251 699 θεὸς,
1312 625 1371 690 ’ὀς
1402 623 1464 682 οὖ
1501 625 1664 700 μόνον
1698 630 1800 683 τοῦ
1833 626 1957 681 Υῐοῦ

2078 625 2402 700 populique
2433 643 2500 685 ac
2531 628 3032 702 prmfectipmnes
3049 632 3341 706 siquidem
3365 634 3734 694 insidiaban-

295 721 469 777 αὐτοῦ
553 717 918 794 συμμόρφους
1000 715 1252 790 ἐποίησεν
1328 715 1475 773 ἀλλᾶ
1529 715 1620 772 καὶ
1679 714 1966 773 ἐδικαίωσε

298 817 392 866 καί
423 808 663 881 ἐδόξατε,
697 808 788 863 καὶ
823 809 889 864 οὐ
918 811 1080 864 τοῦτο
1142 807 1328 882 μόνον,
1360 805 1506 864 ἀλλὰ
1563 807 1653 862 καὶ
1712 807 1804 863 τὸν
1836 807 1962 862 Υἱὸν

293 897 496 958 ἔδωκεν
535 899 668 974 ὑπὲρ
711 899 877 972 ἡμῶν
933 898 1170 966 πάντων,
1231 896 1387 975 φησὶ,
1447 897 1538 952 καὶ
1593 894 1961 973 ἁμαρτωλῶν,

294 990 390 1046 καὶ
440 987 699 1046 τελωνῶν
734 1032 750 1058 ,
820 986 912 1042 καὶ
971 988 1238 1064 πόρνωνς
1299 986 1364 1045 Εἰ
1416 987 1508 1042 τὸν
1567 986 1714 1058 Υίὸν,
1774 987 1962 1064 φησὶν,

293 1077 498 1138 ἔδωκεν
532 1079 612 1142 είς
643 1080 871 1136 θάνατον
925 1079 953 1133 6
991 1079 1202 1151 Πατὴρ,
1232 1077 1286 1134 τί
1317 1074 1401 1134 δεῖ
1428 1079 1554 1151 περὶ
1609 1083 1717 1133 τῶν
1777 1075 1966 1133 ἄλλων

293 1167 677 1245 ἆμφιϐἇλλειν
709 1191 723 1238 ς
757 1173 820 1225 Ὀ
850 1169 956 1244 γὰρ
988 1169 1049 1224 τὸ
1087 1168 1226 1243 μέγα
1273 1167 1420 1237 δοὺς,
1482 1168 1572 1224 καὶ
1629 1169 1691 1224 τὸ
1730 1163 1961 1226 ἔλαττον

298 1237 489 1320 δώσει.
524 1287 552 1316 ιι
586 1263 688 1324 Τίς
714 1259 998 1338 ἐγκαλέσει
1031 1281 1048 1330 ς
1083 1285 1110 1312 ι)
1145 1257 1355 1316 Πολλοὶ
1388 1255 1600 1322 ἀσεϐεῖς
1654 1258 1962 1337 ἐμέμφοντο

295 1359 418 1415 τοῖς
445 1351 782 1408 πιστεύουσι.
834 1351 1010 1420 Φησέν
1065 1346 1176 1406 οῦν·
1211 1349 1304 1415 Τίς
1362 1350 1546 1412 ἱκανὸς
1602 1348 1893 1424 ἐγκαλέσαι
1925 1350 1960 1418 ἢ

300 1440 621 1516 μέμψασθαι
649 1445 768 1502 τοῖς
817 1440 921 1495 ὑπὸ
953 1444 1089 1495 Θεοῦ
1122 1437 1434 1516 ἐκλεχθεῖσι
1467 1458 1482 1508 ;
1535 1439 1640 1498 Καὶ
1707 1437 1830 1512 ὅρα,
1861 1439 1965 1494 οὐκ

296 1534 446 1590 εἶπεν
476 1530 710 1594 Δούλοις
739 1533 894 1599 Θεοῦ,
933 1528 968 1599 ἢ
1006 1535 1250 1595 Πιστοῒς,
1309 1527 1458 1586 ἀλλά
1491 1551 1520 1580 ιι
1561 1527 1898 1596 Ἑκλεκτοῖς,
1934 1551 1961 1578 ι)

297 1621 539 1696 ἐπαίρων
567 1621 631 1677 16
663 1619 898 1693 ἀξίωμα.
927 1643 955 1670 ιι
991 1620 1122 1682 Θεὸς
1163 1620 1192 1674 6
1250 1615 1494 1674 δικαιῶν.
1524 1642 1552 1670 ››
1610 1618 1727 1676 Οὐκ
1790 1619 1960 1685 εἶπεν,

300 1712 364 1769 Ὀ
398 1710 546 1786 ἀφεὶς
579 1709 874 1786 ἁμαρτίας,
906 1707 1054 1765 ἀλλά
1083 1709 1144 1764 τὸ
1203 1714 1407 1781 μεῖζον,
1471 1733 1492 1758 ιι
1529 1713 1591 1767 Ὁ
1644 1705 1890 1764 δικαιῶν.
1935 1732 1961 1758 ››

306 1831 381 1844 -
417 1823 439 1853 ι
471 1800 566 1864 Τίς
595 1801 624 1856 6
677 1798 1020 1875 κατακρίνων
1058 1818 1070 1867 ;
1111 1822 1138 1851 ››
1205 1801 1369 1855 Ὅταν
1399 1799 1502 1874 γὰρ
1537 1798 1564 1852 6
1598 1798 1726 1860 Θεὸς
1795 1800 1962 1876 ψήφῳ

307 1887 433 1945 τινεῖ¹
462 1887 630 1960 οἰκείᾳ
674 1885 960 1962 δικαιώσῃ,
1018 1888 1101 1950 τίς
1133 1889 1161 1944 6
1191 1887 1527 1963 κατακρίνων
1564 1910 1578 1956 ;
1639 1887 1698 1942 Τί
1757 1885 1814 1943 δὲ
1868 1887 1961 1944 καὶ

306 1976 644 2054 κατακρίνων
729 1975 976 2058 ὠφελεῖς
1062 1977 1125 2033 τὸ
1189 1974 1246 2032 δὶ
1324 1976 1660 2051 κατακρίνων
1749 1977 1822 2040 ὡς
1871 1976 1959 2033 ἐπὶ
1992 2013 2036 2076 Β

303 2069 665 2144 ἁμαρτήμασι
700 2111 715 2125 .
770 2091 799 2120 ‹‹
835 2066 1072 2141 Χριστὸς
1129 2065 1431 2130 ἀποθανών.
1469 2087 1495 2119 ι
1555 2068 1684 2122 Κατ’
1741 2065 1954 2142 ἐρώτη-

297 2178 387 2212 σιν
444 2156 573 2213 αὗτὸ
631 2154 884 2236 προάγει,
955 2157 1030 2219 ὡς
1098 2154 1504 2232 ἀναντιρῥήτων
1560 2151 1746 2212 ὅντων.
1809 2179 1838 2208 ‹‹
1895 2158 1954 2216 '0

296 2246 611 2305 ἀποθανὼν.
683 2270 711 2298 »
776 2247 893 2315 Τίς,
953 2247 1140 2324 φησὶν,
1200 2245 1229 2302 6
1287 2246 1646 2320 κατακρίνων,
1704 2249 1802 2301 τοῦ
1861 2246 1955 2318 μὶν

296 2337 624 2412 Πνεῦμεῑτος
720 2330 1365 2410 συναντιλαμϐανομένου
1455 2341 1578 2398 ταῖς
1663 2335 1953 2398 ἀσθενείαις

293 2429 485 2500 ἡμῶν,
553 2431 652 2483 τοῦ
719 2423 777 2482 δὲ
840 2426 1049 2498 Πατρὸς
1106 2423 1467 2497 δικαιοῦντος,
1525 2429 1622 2480 τοῦ
1689 2421 1747 2480 δὲ
1825 2425 1955 2480 Υἱοῦ

299 2512 438 2588 ὑπὲρ
505 2514 666 2586 ἡμῶν
722 2511 1140 2579 ἀποθανόντοςς
1190 2511 1293 2573 Οὓς
1348 2510 1451 2585 γὰρ
1481 2513 1517 2580 ἡ
1550 2511 1718 2585 Τριᾶς
1769 2507 1955 2565 ἀπεδι-

291 2601 521 2671 καῖωσε,
563 2600 646 2664 τίς
715 2601 743 2657 6
803 2601 1189 2675 κατακρίνων;
1249 2631 1316 2642 -
1371 2600 1795 2673 [ΟΙΚΟΥΜΕΝᾹ
1853 2598 1956 2655 Καὶ

293 2691 445 2749 οὕτω
478 2689 609 2767 δύνῃ
641 2692 856 2762 νοῆσαι,
889 2690 962 2754 ὡς
996 2693 1131 2766 πρὸς
1161 2691 1226 2746 τὸ
1256 2690 1396 2745 κατά
1441 2686 1580 2744 πόδα
1634 2694 1732 2745 τοῦ
1764 2687 1954 2764 ῥητοῦ.

293 2782 366 2842 Εἰ
398 2783 460 2839 τὸ
487 2786 726 2854 Πνεῦμα,
759 2779 946 2860 φησίν,
971 2775 1447 2853 ἀντιλαμϐάνεται,
1481 2778 1528 2834 εἰ
1560 2781 1588 2834 6
1629 2780 1816 2854 Πατὴρ
1847 2776 1959 2834 ἐδι-

291 2873 522 2940 καίωσε,
561 2870 646 2933 τίς
697 2871 725 2926 6
785 2875 1102 2946 κατακρῖναι
1160 2866 1498 2943 δυνάμενος;
1554 2866 1957 2937 Ὑπολείπεται,

294 2961 492 3042 φησὶν,
520 2961 549 3016 6
579 2960 724 3024 Υἱός.
761 2961 822 3019 Ὀ
879 2959 1003 3022 Υἱὸς
1052 2957 1170 3028 οὗν,
1201 2957 1387 3037 φησὶν,
1447 2953 1562 3033 ἔχει
1619 2963 1956 3034 κατακρῖναι,

295 3051 486 3108 καίτοι
515 3054 778 3107 τοσοῦτον
818 3049 1049 3126 ἀγαπᾷν,
1100 3048 1174 3111 ὡς
1204 3047 1291 3103 καὶ
1351 3046 1574 3112 θάνατον
1632 3048 1962 3122 αἱρήσασθαι

303 3143 444 3217 ὑπὲρ
475 3143 655 3215 ἡμῶν,
688 3139 775 3196 καῗ
829 3137 904 3194 ὢν
961 3137 1013 3195 ἐν
1068 3136 1212 3213 δεξιᾷ
1238 3141 1335 3194 τοῦ
1367 3137 1598 3212 Πατρὸς.
1630 3137 1722 3192 καὶ
1752 3137 1828 3200 εἷς
1859 3139 1957 3207 τήν

295 3230 446 3289 ἷδίαν
529 3229 843 3295 ἐπανελθὼν
931 3226 1110 3301 δόξαν,
1188 3227 1287 3283 οὐκ
1343 3225 1613 3284 ἐπαύσατο
1666 3234 1766 3298 τῆς
1821 3228 1959 3302 πρὸς

292 3323 448 3398 ἡμᾶς
509 3321 753 3399 ἀγάπης,
815 3317 962 3375 ἀλλά
1019 3319 1106 3374 καὶ
1180 3316 1491 3392 παρακαλεῖ
1575 3317 1666 3372 τὸν
1749 3317 1961 3392 Πατέρα

2080 722 2174 772 tur
2207 716 2484 774 ﬁdelibus
2517 734 2531 786 ;
2568 718 2709 775 dicit
2741 719 2896 792 quod
2942 728 3152 794 potens
3185 730 3273 779 est
3301 725 3456 781 Deus
3488 727 3738 784 insidias

2077 823 2206 881 quae
2240 808 2703 865 suntadversum
2721 826 2828 866 nos
2845 810 3081 867 efﬁcere
3096 813 3438 870 occasiones
3463 819 3738 888 praemio-

2078 913 2210 952 rum
2247 913 2259 950 :
2293 897 2496 952 nullus
2551 915 2687 972 ergo
2739 907 2947 955 contra
2976 918 3086 956 nos
3127 903 3258 958 erit.
3297 925 3320 946 ιι
3354 905 3460 968 Qui
3499 908 3740 979 proprio

2075 986 2221 1042 Filio
2253 1003 2374 1043 non
2408 989 2690 1061 pE-percit.
2729 1011 2757 1039 »
2789 991 3094 1056 Quomodo
3128 1007 3288 1064 ergo,
3321 993 3536 1065 inquit,
3581 996 3732 1066 abji-

2075 1075 2194 1131 ciet
2223 1093 2331 1132 nos
2364 1078 2538 1145 Deus,
2573 1079 2672 1150 qui
2703 1095 2823 1135 non
2857 1081 3032 1136 modo
3066 1082 3404 1137 conformes
3444 1083 3590 1138 Filio
3622 1102 3730 1140 suo

2075 1164 2354 1231 reddidit,
2387 1183 2591 1222 verum
2623 1169 2802 1224 etiam
2845 1170 3197 1241 justiﬁcavit
3226 1178 3284 1227 et
3326 1172 3683 1245 glorificavit
3712 1191 3727 1230 :

2073 1271 2184 1310 nec
2215 1254 2274 1310 id
2307 1256 2522 1322 solum,
2547 1257 2651 1312 sed
2684 1259 2966 1314 etFilium
3003 1277 3105 1331 pro
3138 1260 3310 1316 nobis
3335 1262 3614 1318 omnibus
3638 1264 3738 1322 de-

2073 1343 2160 1398 dit
2191 1349 2248 1398 et
2295 1345 2632 1416 publicanis
2683 1353 2742 1402 et
2788 1349 3202 1420 peccatoribus
3235 1367 3303 1406 ac
3333 1350 3674 1409 foruicariis
3703 1355 3732 1410 ?

2074 1435 2241 1500 Quod
2273 1436 2321 1491 si
2370 1437 2606 1505 Filium,
2655 1438 2873 1511 inquit,
2908 1439 3072 1495 den-lit
3118 1442 3189 1498 ad
3225 1448 3480 1499 mortem
3530 1446 3728 1512 Pater,

2074 1524 2218 1596 quid
2249 1525 2320 1581 de
2352 1526 2601 1600 reliquis
2633 1529 2932 1602 ambigere
2966 1533 3237 1603 oportet?
3259 1533 3367 1599 Qui
3392 1535 3550 1590 enim
3570 1535 3736 1592 dedit

2073 1615 2229 1686 quod
2261 1631 2543 1689 magnum
2576 1625 2684 1685 est,
2715 1619 2880 1676 dabit
2909 1623 3116 1692 utique
3142 1629 3200 1678 et
3224 1624 3383 1695 quod
3408 1626 3606 1681 minus
3622 1633 3731 1682 est.

2074 1726 2100 1752 α
2133 1703 2274 1769 Quis
2298 1706 2603 1762 accusabit
2631 1707 2658 1763 ?
2677 1727 2707 1760 ››
2733 1710 2894 1764 Multi
2917 1710 3085 1784 impii
3104 1713 3732 1772 accusabantcreden-

2075 1796 2181 1848 tes.
2217 1793 2372 1850 Dicit
2401 1810 2538 1867 ergo
2573 1812 2586 1850 :
2631 1796 2772 1862 Quis
2818 1799 3070 1856 idoneus
3111 1808 3201 1856 est
3249 1808 3315 1856 ut
3360 1810 3601 1860 accuset
3629 1811 3735 1861 aut

2074 1881 2388 1954 redarguat
2416 1899 2518 1940 eos
2549 1886 2710 1956 quia
2740 1887 2860 1944 Deo
2893 1896 3033 1944 sunt
3064 1890 3236 1946 electi
3263 1891 3290 1947 ‘I
3310 1893 3380 1947 Et
3411 1892 3539 1950 vide
3573 1895 3735 1966 quod

2073 1989 2192 2029 non
2223 1973 2440 2030 dixerit
2468 1991 2481 2029 :
2515 1976 2722 2034 Servos
2755 1979 2881 2046 Dei,
2913 1986 3016 2036 aut
3047 1982 3379 2048 credentes,
3416 1984 3520 2040 sed
3546 2007 3574 2034 ιι
3607 1986 3734 2042 Ele-

2067 2069 2214 2129 ctos,
2245 2085 2272 2113 ››
2305 2063 2651 2137 dignitatem
2687 2068 2996 2126 extollens.
3033 2093 3061 2119 «
3086 2072 3239 2127 Deus
3273 2077 3362 2127 est
3391 2074 3729 2145 quijustiﬁ-

2065 2157 2176 2208 cat.
2211 2175 2239 2202 ››
2270 2155 2523 2210 Rursum
2556 2173 2676 2212 non
2707 2157 2789 2212 ait
2823 2175 2836 2212 ε
2871 2159 2979 2224 Qui
3039 2167 3282 2232 peccata
3311 2162 3560 2231 dimisit,
3621 2165 3725 2222 sed

2066 2240 2224 2313 quod
2269 2243 2463 2315 majus
2495 2249 2602 2310 est,
2635 2267 2663 2294 ‹‹
2699 2246 2808 2312 Qui
2841 2247 3153 2318 justiﬁcut.
3209 2274 3236 2299 ››
3280 2282 3351 2292 --
3386 2276 3412 2300 ‹‹
3447 2253 3590 2319 Quis
3621 2254 3724 2311 ille

2067 2333 2166 2405 qui
2187 2333 2545 2390 condemnet
2573 2334 2600 2390 ?
2633 2358 2658 2384 υ
2692 2340 2832 2392 Cum
2862 2340 3020 2395 enim
3044 2341 3196 2396 Deus
3215 2343 3454 2414 propria
3476 2349 3721 2401 senten-

2065 2423 2147 2479 tia
2168 2423 2961 2496 quempiamjustiﬁcaverit,
2995 2430 3131 2501 quis
3162 2431 3330 2487 illum
3352 2433 3718 2490 condemna-

2065 2512 2201 2569 bit?
2227 2514 2393 2579 Quod
2425 2515 2474 2570 si
2499 2516 2676 2572 etiam
2708 2518 3212 2578 condemnaverit.
3237 2522 3380 2593 quid
3403 2523 3718 2594 proderit?

2067 2603 2174 2668 Qui
2224 2603 2586 2661 condemnat
2644 2600 2864 2675 autem,
2920 2616 3207 2681 tanquam
3268 2628 3375 2684 pro
3441 2613 3725 2685 peccatis.

2073 2716 2093 2744 α
2131 2695 2399 2750 Christus
2431 2697 2532 2768 qui
2582 2704 2855 2754 mortuus
2886 2706 2996 2755 est.
3037 2723 3064 2749 »
3100 2702 3435 2759 Secundum
3468 2704 3724 2759 interro-

2067 2785 2366 2856 gationem
2399 2784 2557 2840 idem
2579 2787 2874 2858 producit,
2907 2794 3192 2861 tanquam
3227 2791 3284 2846 in
3311 2790 3403 2846 his
3437 2808 3569 2863 quas
3595 2797 3736 2849 sunt

2068 2872 2523 2947 irrefragabilia.
2559 2898 2586 2925 ει
2620 2876 2728 2941 Qui
2777 2882 3049 2934 mortuus
3102 2884 3209 2934 est.
3243 2901 3270 2928 »
3303 2880 3465 2948 Quis,
3509 2882 3727 2953 inquit,

2067 2961 2192 3029 ille,
2223 2963 2323 3033 qui
2355 2963 2714 3019 condemnet
2742 2981 2877 3021 cum
2920 2967 3174 3038 Spiritus
3206 2968 3528 3026 auxiliatur
3558 2971 3731 3026 infir-

2069 3051 2375 3107 mitatibus
2399 3053 2823 3118 nostris,Pater
2850 3060 3048 3110 autem
3066 3056 3572 3125 justiﬂcet,Filius
3589 3075 3726 3116 vero

2069 3158 2175 3214 pro
2198 3141 2372 3197 nobis
2405 3149 2674 3199 mortuus
2705 3145 2786 3200 sit
2811 3145 2838 3199 ‘I
2870 3147 3014 3200 Nam
3047 3163 3195 3217 quos
3227 3148 3481 3204 Trinitas
3505 3149 3728 3221 justiﬁ-

2069 3231 2242 3296 oavit,
2275 3231 2550 3303 quisnam
2587 3232 3014 3291 condemnabit
3044 3236 3072 3290 ‘?
3102 3238 3276 3292 Potes
3319 3243 3379 3292 et
3408 3238 3520 3293 hoc
3552 3239 3729 3295 modo

2069 3319 2501 3392 intelligere,ut
2521 3322 2596 3378 ad
2627 3321 2686 3378 id
2717 3323 2874 3394 quod
2905 3323 3082 3380 modo
3116 3324 3340 3382 dictum
3373 3332 3725 3400 esttespon-

297 3413 438 3484 ὑπὲρ
471 3413 654 3484 ἡμῶν.
679 3411 861 3467 Τοῦτο
890 3409 992 3483 γΞιρ
1023 3408 1086 3463 τὸ
1125 3405 1527 3483 ἐντυγχάνουσι.
1560 3407 1673 3477 Τἠν
1733 3402 1792 3461 δὲ
1847 3428 1949 3462 πα-

2070 3409 2204 3466 deat
2241 3427 2255 3465 :
2285 3410 2342 3466 Si
2374 3411 2626 3483 Spiritus
2684 3413 3028 3480 auxiliatur,
3058 3414 3104 3469 si
3151 3415 3329 3472 Pater
3349 3415 3721 3486 justiﬁcavit,

291 3499 563 3578 ράκλησιν
622 3497 798 3560 οὕτως
879 3497 1014 3552 νόει·
1099 3496 1249 3569 αὐτῷ
1302 3499 1384 3568 τῷ
1443 3493 1949 3572 ἐνηνορωπηκέναι,

2070 3501 2200 3571 quis
2231 3505 2444 3572 potens
2465 3507 2556 3557 est
2585 3501 2988 3558 condemnare
3018 3503 3045 3559 ?
3072 3505 3470 3577 Relinquitur,
3505 3505 3722 3578 inquit,

289 3587 601 3665 παρακαλεῖ
628 3588 722 3645 τὸν
748 3585 960 3663 Πατέρα
995 3586 1126 3662 ὑπὲρ
1159 3589 1344 3660 ἡμῶν.

2070 3588 2268 3654 Filius,
2301 3590 2484 3646 Filius
2510 3590 2690 3662 igitur
2729 3592 3132 3651 condemnare
3174 3601 3392 3667 potest.
3437 3596 3617 3668 Atqui
3666 3597 3731 3655 in

297 3685 534 3736 tantum
579 3678 786 3735 dilexit
816 3684 884 3734 ut
931 3694 1039 3751 pro
1071 3676 1246 3734 nobis
1303 3679 1559 3732 mortem
1604 3673 1896 3748 elegerit:
1930 3692 2188 3749 cumque
2239 3677 2416 3734 modo
2464 3678 2540 3734 sit
2568 3679 2633 3734 in
2673 3679 2916 3737 dextera
2964 3683 3154 3738 Patris
3209 3689 3268 3738 et
3316 3683 3392 3738 ad
3417 3685 3723 3756 propriam

303 3767 551 3826 redierit
593 3768 856 3840 gloriam,
907 3767 1096 3824 nostri
1146 3765 1528 3822 dilectionem
1578 3780 1958 3838 nequaquam
2007 3766 2271 3839 reliquit,
2305 3767 2410 3822 sed
2441 3773 2499 3823 et
2548 3769 2705 3840 apud
2754 3771 2989 3826 Patrem
3039 3788 3143 3842 pro
3182 3772 3354 3828 nobis
3385 3773 3723 3830 intercedit.

307 3860 459 3917 Nam
491 3855 598 3913 hoc
626 3862 710 3913 est
737 3856 895 3930 quod
952 3856 1224 3929 sequitur
1253 3852 1587 3928 ἐντυγχάνει.
1624 3854 1773 3910 817
1811 3854 1903 3910 Sic
1949 3859 2149 3911 autem
2204 3856 2698 3913 intercessionem
2750 3858 2870 3914 sive
2923 3859 3369 3917 advocationem
3431 3861 3721 3934 intellige,

303 3953 376 4006 ut
404 3963 511 4020 per
537 3947 644 4004 hoc
672 3947 831 4019 quod
856 3946 1291 4002 humanitatem
1331 3943 1678 4016 susceperit,
1717 3949 1945 4001 Patrem
1977 3945 2360 4017 interpellare
2392 3945 2624 4003 dicatur
2653 3964 2758 4018 pro
2789 3947 2980 4004 nobis.

377 4061 405 4088 «
437 4037 534 4098 Ὀς
589 4036 678 4091 καὶ
735 4030 878 4092 ἔστιν
934 4034 987 4091 ἐν
1044 4031 1190 4108 δεξιᾷ
1242 4037 1341 4089 τοῦ
1399 4036 1552 4089 Θεοῦ.
1590 4055 1619 4083 ››
1686 4034 1797 4088 Ἲνα
1853 4033 1958 4109 γὰρ

300 4129 381 4201 μή
445 4123 749 4182 ἐλάττωσιν
804 4125 908 4194 τήν
967 4123 1222 4200 ἐντυχίαν
1281 4123 1516 4197 νομίσῃς
1553 4166 1568 4192 ,
1628 4121 1738 4185 θεὶς
1793 4128 1956 4198 πρῶ-

296 4237 396 4273 τον
453 4216 555 4286 τήν
641 4214 934 4288 ἰσοτιμίαν,
1013 4213 1075 4268 τὸ
1133 4213 1267 4269 εἶναι
1326 4211 1377 4268 ἐν
1438 4209 1582 4282 δεξιᾷ
1640 4215 1740 4267 τοῦ
1795 4217 1954 4283 Θεοῦ,

298 4304 478 4368 οὕτως
581 4305 701 4361 εἶπε
774 4304 838 4360 τὸ
913 4302 1251 4380 ἐντυγχάνει,
1339 4298 1505 4372 δεῖξαι
1610 4299 1782 4358 Θὲλων
1858 4305 1958 4373 τήν

296 4392 566 4470 διάπυρον
593 4395 835 4468 ἀγάπην.
869 4395 949 4452 Οὐ
980 4393 1085 4469 γὰρ
1143 4393 1218 4455 ὡς
1251 4390 1410 4454 αὐτὸς
1472 4390 1701 4446 ἀσθενῶν
1762 4395 1953 4461 σῶσαι,

296 4483 472 4543 δεῖται
503 4489 602 4541 τοῦ
628 4485 862 4561 Πατρὸς,
906 4483 1102 4558 ἄπαγε.
1140 4507 1168 4536 ιι
1201 4483 1298 4546 Ὅς
1326 4482 1418 4538 καὶ
1477 4481 1792 4560 ἐντυγχάνει
1825 4482 1957 4556 ὑπὲρ

295 4577 481 4647 ἡμῶν.
513 4599 542 4626 η
585 4607 648 4618 --
683 4576 968 4652 [ΚΥΡΙΛ.]
1015 4574 1104 4629 Ὠς
1141 4572 1277 4642 πρὸς
1308 4572 1371 4628 τὸ
1401 4571 1745 4645 ἀνθρώπινον
1803 4568 1954 4646 εἶ’ρη-

295 4685 410 4728 ται,
443 4664 529 4720 ὅτι
580 4663 872 4740 ἀρχιερεὺς
903 4664 991 4734 ἦν,
1025 4687 1054 4716 «ι
1089 4663 1164 4718 Σὺ
1196 4661 1370 4738 ἱερεὺς
1411 4660 1488 4723 εἰς
1538 4661 1630 4716 τὸν
1703 4659 1894 4716 αἰῶνα.
1927 4681 1955 4710 ι»

298 4785 373 4799 ——
405 4755 614 4829 [ΦΩΤ.]
642 4756 749 4818 Τῆς
801 4749 860 4809 δὲ
921 4757 1199 4826 Κυριακῆς
1256 4749 1464 4822 ἐκείνης
1497 4757 1680 4820 φωνῆς
1713 4749 1804 4806 τὸν
1832 4752 1957 4804 νοῦν

301 4842 532 4900 ἐνταῦθα
559 4842 726 4916 δηλοῖ
754 4843 842 4899 καὶ
879 4841 1268 4911 ὑπαινίττεται,
1328 4849 1427 4912 τῆς
1491 4840 1542 4898 ἐν
1574 4841 1730 4915 τύπῳ
1783 4839 1956 4917 εὐχῆς

295 4935 384 5005 τῷ
435 4931 601 5008 Πατρί
654 4931 1099 5012 προσαγομένης·
1158 4955 1186 4984 ‹‹
1221 4929 1397 5007 Πάτερ
1451 4931 1697 5003 τήρησον
1754 4929 1952 4992 αὐτοὺς

296 5021 354 5080 ἐν
385 5025 455 5097 τῇ
509 5021 743 5096 ἀληθείᾳ
797 5040 914 5078 σου·
951 5045 979 5074 »
1033 5021 1148 5090 καὶ,
1200 5045 1228 5073 ιι
1284 5021 1399 5078 Ἵνα
1455 5018 1701 5096 φυλάξῃς
1760 5017 1953 5082 αὐτοὺς

293 5111 404 5168 ἀπὸ
432 5115 530 5169 105
562 5115 826 5187 πονηροῦ,
861 5137 884 5167 ι
919 5111 1011 5168 καὶ
1039 5110 1106 5166 τὰ
1136 5109 1325 5183 ὅμοια.
1371 5109 1436 5168 Εἰ
1495 5110 1587 5165 οῦν
1645 5111 1820 5172 οὕτως
1851 5111 1952 5179 κή-

297 5199 445 5258 δεται
504 5203 533 5258 6
592 5203 716 5265 Υἱὸς
763 5201 904 5258 ὥστε
959 5201 1050 5256 καὶ
1105 5199 1455 5278 ἐντυγχάνειν
1509 5202 1593 5272 (ἡ
1675 5198 1775 5276 γὰρ
1833 5199 1956 5254 τότε

296 5293 527 5369 ρηθεῖσα
584 5291 727 5368 εὗχή
759 5290 1030 5361 τοσαύτην
1079 5284 1197 5367 ἔχει
1232 5288 1416 5365 ἰσχὺν,
1478 5289 1618 5346 ὥστε
1665 5285 1954 5350 διαπαντὸς

291 5380 517 5456 ἐνεργὴς
557 5381 722 5449 εἶνα.,
781 5380 872 5436 καὶ
918 5380 985 5436 τὰ
1041 5386 1140 5449 τῆς
1201 5378 1453 5453 ἐντυχίας
1504 5376 1859 5453 ἀπαρτίζειν)·
1911 5378 1954 5432 εἰ

294 5469 389 5526 οὗν
432 5470 614 5533 οὕτως
675 5467 919 5542 κήδεται.
973 5469 1054 5532 τίς
1089 5469 1487 5547 ὁκατακρίνων
1513 5467 1642 5531 τοὺς
1697 5466 1751 5524 ἐν
1811 5465 1958 5538 αὐτῷ

293 5561 725 5624 πεπιστευκότας
759 5580 773 5630 ;
805 5560 867 5618 '0
899 5550 1086 5637 ηατῆρ
1129 5557 1418 5618 ἐδικαίωσε
1473 5559 1564 5616 καὶ
1612 5554 1854 5629 ἐδόξατε,
1893 5556 1956 5613 τὸ

294 5656 521 5728 Πνεῦμα
579 5645 1163 5726 συναντιλαμϐὶνεται,
1197 5652 1226 5710 6
1257 5651 1490 5729 Χριστὸς
1543 5649 1636 5706 καὶ
1692 5649 1953 5716 ἀπέοανεν

361 5835 412 5872 ⁸⁴
438 5836 597 5894 Psal.
626 5853 772 5895 om.
801 5839 853 5892 2.
932 5835 983 5874 ³⁸
1010 5837 1178 5893 Joan.
1221 5851 1354 5905 ινιτ,
1389 5832 1604 5906 17.2.3,“
1633 5831 1778 5888 ibid.
1810 5828 1875 5887 η

2141 4057 2168 4086 ι(
2203 4035 2310 4102 Qui
2343 4041 2435 4091 est
2490 4035 2566 4091 ad
2621 4036 2930 4093 dexteram
2991 4039 3114 4093 Dei.
3151 4059 3179 4089 ››
3212 4041 3293 4096 Ne
3351 4041 3514 4096 enim
3568 4041 3727 4097 inter

2067 4127 2403 4181 cessionem
2463 4126 2776 4182 arbitreris
2836 4127 3300 4185 minorationem
3355 4131 3551 4202 posita
3598 4131 3728 4204 pri-

2066 4232 2232 4272 mum
2289 4215 2534 4272 honoris
2593 4216 2956 4288 aequalitate,
2989 4217 3242 4275 dicendo
3299 4219 3461 4292 quod
3521 4221 3597 4276 sit
3655 4221 3720 4277 in

2067 4304 2311 4360 dextera
2378 4305 2590 4371 Patris,
2645 4305 2728 4362 ita
2814 4307 3142 4381 subjungit.
3214 4309 3554 4376 Intercedit,
3619 4326 3724 4365 vo-

2068 4393 2198 4450 lens
2237 4392 2548 4449 ardentem
2595 4394 2914 4450 ostendere
2943 4395 3328 4454 dilectionem
3363 4415 3377 4454 :
3409 4414 3532 4454 non
3563 4397 3724 4454 enim

2070 4486 2358 4553 tanquam
2389 4481 2710 4538 imbecillis
2736 4481 2810 4538 ad
2835 4483 3186 4540 salvandum
3205 4491 3336 4559 eget
3359 4486 3552 4542 Patris
3567 4486 3731 4542 auxi-

2065 4572 2166 4628 lio.
2199 4571 2386 4626 Absit.
2412 4573 2566 4638 «Qui
2589 4573 2766 4628 etiam
2801 4574 3138 4631 intercedit.
3173 4598 3201 4626 ι)
3224 4607 3295 4618 -
3325 4579 3630 4649 Tanquam
3652 4579 3729 4634 ad

2066 4659 2498 4716 humanitatem
2524 4659 2900 4732 respiciendo
2923 4661 3149 4718 dictum
3172 4669 3283 4728 est,
3310 4679 3380 4719 eo
3402 4664 3561 4736 quod
3583 4681 3728 4738 pon-

2069 4750 2208 4806 tifex
2238 4754 2365 4803 erat
2401 4764 2415 4802 :
2449 4771 2477 4797 «
2510 4749 2593 4803 Tu
2625 4766 2688 4805 es
2721 4749 3006 4807 Sacerdos
3038 4751 3101 4806 in
3133 4757 3422 4808 mternum
3446 4751 3512 4807 3‘.
3547 4775 3576 4802 »
3608 4753 3726 4808 Do-

2067 4837 2302 4895 minicai
2333 4836 2492 4893 illius
2517 4839 2672 4894 vocis
2694 4839 3067 4896 intellectum
3093 4841 3437 4898 manifestat
3463 4858 3533 4898 ac
3564 4841 3726 4898 desi-

2067 4932 2228 5001 gnat,
2261 4942 2392 4998 quas
2444 4925 2506 4982 in
2555 4925 2750 4982 forma
2801 4928 3165 5000 precationis
3215 4930 3374 4985 Patri
3426 4931 3722 4987 oﬂ'ertur:

2068 5040 2096 5068 ‹‹
2130 5019 2323 5081 Pater,
2372 5032 2538 5073 serva
2568 5032 2668 5072 eos
2725 5033 2832 5090 per
2887 5019 3195 5075 veritatem
3241 5025 3405 5076 tuam
3435 5019 3483 5055 35
3509 5037 3524 5088 ;
3555 5041 3584 5070 »
3615 5025 3677 5076 et
3706 5036 3723 5076 :

2067 5129 2095 5157 ιι
2132 5107 2205 5164 Ut
2233 5121 2429 5162 serves
2463 5122 2565 5162 eos
2597 5123 2630 5161 a
2661 5107 2819 5162 malo
2852 5109 2919 5174 ³⁸,
2955 5129 2977 5153 »
3011 5124 3080 5164 ac
3112 5108 3353 5164 similia.
3391 5109 3448 5164 Si
3471 5126 3608 5184 ergo
3641 5109 3727 5167 ita

2065 5196 2252 5253 nostri
2283 5211 2487 5253 curam
2518 5195 2698 5251 habet
2743 5196 2948 5263 Filius,
2984 5203 3047 5253 ut
3099 5199 3277 5255 etiam
3339 5199 3669 5257 intercedat
3707 5216 3720 5253 :

2067 5303 2208 5344 nam
2239 5290 2465 5342 tantam
2498 5285 2614 5342 vim
2647 5286 2825 5343 habet
2849 5287 3005 5344 facta
3037 5293 3178 5345 tunc
3198 5290 3462 5362 precatio
3484 5295 3549 5346 ut
3569 5306 3724 5348 sem-

2064 5393 2172 5451 per
2186 5377 2260 5432 sit
2276 5375 2571 5442 eftlcax,et
2600 5393 2732 5449 qua)
2765 5377 2826 5434 in
2858 5393 2928 5434 ea
2952 5379 3718 5455 continenturadimpleat:

2067 5468 2114 5525 si
2143 5472 2365 5524 tantam
2386 5465 2587 5538 itaque
2619 5467 2808 5523 nostri
2839 5484 3044 5526 curam
3080 5469 3430 5544 habetquis
3451 5486 3553 5528 eos
3584 5486 3730 5527 con-

2065 5559 2310 5616 demnet
2328 5556 2430 5630 qui
2453 5555 2516 5613 in
2537 5555 2731 5630 ipsum
2749 5557 3166 5616 crediderunt?
3191 5560 3730 5633 Paterjustiticavit

2066 5655 2128 5708 et
2173 5646 2552 5723 gloriﬁcavit,
2608 5644 2862 5721 Spiritus
2921 5647 3264 5717 auxiliatur,
3314 5643 3500 5708 Filius
3543 5648 3724 5705 etiam
