4114 6412
353 479 472 536 495
1480 444 1894 513 CECUMENII
1935 443 2036 503 TR

2147 441 2246 503 31E
2289 440 2652 504 EPISCOPI
3663 431 3786 496 496

354 611 624 666 mortuus
658 605 748 658 est
775 613 882 672 pro
913 593 1088 652 nobis
1119 608 1187 649 ac
1219 585 1544 646 resurrexit
1576 587 1634 640 et
1657 575 2009 644 intercedit;

2147 572 2273 672 ὂπέρ
2292 575 2451 648 ἡμῶν
2484 571 2576 630 καὶ
2606 571 2795 644 ἀνέστη
2834 573 2924 629 καὶ
2982 570 3323 651 ἐντῦγχάνει’
3377 566 3460 630 τίς
3527 563 3724 624 λοιπὸν
3754 564 3786 624 6

356 698 490 772 quis
522 693 702 767 igitur
745 689 988 745 accuset
1036 687 1139 740 aut
1170 678 1551 744 condemnet,
1582 675 1795 730 sancta
1822 665 2016 724 Trini-

2149 662 2368 739 γκαλῶν
2412 665 2447 733 ἢ
2503 663 2865 740 κατακρίνων,
2928 669 3028 735 τῆς
3085 662 3246 740 ἁγίας
3304 654 3542 736 Τριάδος
3605 654 3783 720 οὕτως

351 770 472 845 tate
502 800 613 840 nos
654 778 801 838 adeo
832 777 1180 850 protegente
1209 770 1238 826 ‘2

974 880 1206 938 CAPUT
1253 875 1394 932 XIV.

709 996 784 1051 De
815 1005 1002 1048 amore
1031 989 1131 1060 qui
1171 985 1386 1042 Christo
1417 980 1665 1037 debetur.

432 1105 578 1169 VIII,
612 1102 805 1164 35-37,
839 1099 968 1164 Quis
1015 1109 1113 1150 nos
1159 1092 1440 1164 separabit
1481 1105 1516 1144 a
1545 1086 1838 1143 dilectione
1867 1082 2022 1138 Dei?

363 1193 690 1268 afﬂictione,
757 1205 829 1244 an
869 1183 1152 1256 angustia,
1197 1199 1271 1237 an
1315 1180 1650 1252 persecutio,
1710 1192 1783 1230 an
1820 1176 2016 1243 fames,

359 1265 434 1344 an
462 1283 708 1351 auditas,
738 1295 811 1334 an
836 1275 1168 1349 periculum,
1205 1282 1278 1327 an
1308 1270 1549 1341 gladius,
1581 1269 1724 1322 sicut
1752 1265 2019 1334 scriptum

359 1382 487 1433 est:
518 1375 751 1443 Propter
796 1375 846 1422 te
896 1367 1064 1422 morti
1109 1363 1389 1418 tradimur
1436 1364 1552 1414 toto
1597 1357 1738 1417 die;
1772 1353 2019 1424 repututi

360 1479 548 1522 sumus
577 1442 722 1519 sicut
775 1473 896 1514 oves
952 1453 1280 1511 mactationi
1330 1450 1647 1505 destinatae.
1698 1444 1802 1502 Sed
1843 1445 1902 1498 in
1935 1442 2020 1497 his

362 1554 614 1612 omnibus
641 1547 1082 1622 supervincimus
1102 1559 1208 1614 per
1237 1557 1359 1598 eum
1388 1540 1489 1610 qui
1535 1537 1736 1592 dilexit
1764 1548 1884 1589 nos.

428 1738 457 1768 ‹‹
488 1714 631 1782 Quis
661 1728 772 1769 nos
803 1705 1105 1780 separabit
1130 1704 1158 1760 ?
1187 1702 1420 1768 Nullus,
1442 1697 1662 1772 inquit,
1685 1711 1834 1769 quos
1854 1697 2019 1749 tanto

361 1780 564 1864 amore
615 1818 684 1859 ac
731 1795 1106 1873 providentia
1153 1792 1432 1866 dignatus
1463 1793 1554 1844 est
1582 1787 1758 1844 Deus.
1794 1806 1822 1834 »
1853 1780 2020 1849 Quod

363 1911 528 1954 nunc
577 1891 742 1948 dicit.
776 1911 804 1940 «
834 1887 975 1954 Quis
1023 1901 1133 1940 nos
1164 1878 1518 1954 separabit?
1546 1898 1574 1926 ι)
1621 1874 1899 1947 repetitio
1931 1877 2022 1929 est

2123 753 2578 831 προασπιζούσης
2610 756 2772 828 ἡμῶν
2799 773 2813 824 ;

2755 846 3016 902 ΚΕΦΑΛ.
3053 843 3152 905 ΙΔῘ.

2301 952 2432 1028 Ηερὶ
2479 959 2581 1024 τῆς
2639 949 3006 1032 ὀφειλομένης
3061 949 3283 1022 ἀγάπης
3339 949 3598 1022 Χριστοῦ.

2093 1073 2100 1079 ’
2193 1067 2294 1129 Τίς
2323 1069 2473 1141 ἡμᾶς
2497 1067 2726 1148 χωρίσει
2774 1067 2880 1123 ἀπὸ
2935 1069 3036 1134 τῆς
3084 1065 3303 1139 ἀγάπης
3360 1066 3458 1120 τοῦ
3517 1063 3781 1138 Χριστοῦ,

2125 1154 2363 1232 θλίψις,
2419 1160 2454 1228 ἢ
2542 1155 2881 1232 στενοχωρία
2960 1154 2995 1225 ἦ
3067 1152 3337 1228 διωγμὸς,
3396 1155 3431 1221 ἢ
3491 1149 3682 1226 λίμὸῗν
3743 1151 3778 1220 ἢ

2124 1249 2430 1326 γυμνότης,
2472 1248 2507 1320 ἢ
2567 1246 2833 1318 κίνδυνος,
2891 1245 2927 1316 ἢ
2990 1249 3287 1325 μαχαιρας
3344 1243 3523 1305 καθὼς
3576 1239 3778 1320 γεγρα·

2124 1359 2276 1408 πται,
2363 1337 2445 1394 ὅτι
2530 1338 2727 1395 "Evam?
2812 1357 2909 1392 σου
2992 1335 3368 1408 θανατούμεθα
3460 1333 3598 1404 ὅλην
3681 1332 3783 1397 τήν

2125 1429 2354 1505 ἡμέραν·
2443 1427 2810 1503 ἐλογίσθημεν
2876 1427 2951 1489 ὡς
3007 1421 3256 1500 πρόϐατα
3326 1429 3562 1503 σφαγῆς·
3651 1420 3784 1479 ἀλλ’

2125 1518 2178 1572 ὲν
2264 1518 2480 1579 τούτοις
2563 1524 2724 1574 πᾶσιν
2811 1518 3182 1593 ὑπερνικῶμεν
3241 1510 3332 1571 διὰ
3383 1516 3481 1568 τοῦ
3556 1511 3778 1592 ἀγαπή-

2129 1629 2322 1673 σαντος
2350 1611 2383 1678 ἡ
2395 1615 2517 1682 μᾶς.

2198 1700 2411 1773 [ΦΩΤ.]
2448 1720 2471 1752 α
2507 1698 2606 1759 Τίς
2647 1716 2662 1767 ;
2697 1694 2900 1766 οὐδεὶς,
2933 1695 3092 1776 φησὶ,
3141 1693 3268 1757 τοὺς
3333 1693 3604 1764 τοσαύτης
3651 1692 3788 1770 ἀγά-

2125 1807 2237 1856 πης
2267 1788 2356 1842 καὶ
2390 1785 2652 1863 προνοίας
2683 1785 3026 1859 ἠξιωμένους
3057 1784 3205 1861 παρὰ
3253 1788 3407 1842 Θεοῦ.
3471 1783 3574 1851 Τὸ,
3634 1807 3662 1835 ιι
3688 1783 3787 1844 Τίς

2127 1881 2276 1950 ἡμᾶς
2328 1877 2609 1953 χωρίσει;
2672 1901 2698 1929 ›;
2775 1881 2896 1946 τοῦ,
2930 1900 2958 1928 ‹‹
3001 1875 3070 1935 Τί
3131 1876 3225 1932 οὗν
3279 1873 3506 1950 ἰρουμεν
3541 1893 3556 1944 ;
3590 1897 3618 1926 »
3676 1867 3794 1928 ἔστι

369 1985 536 2043 illius
549 1981 692 2039 dicti
717 1995 730 2035 :
753 2003 773 2027 ι
793 1976 943 2044 Quid
958 1991 1094 2047 ergo
1120 1968 1434 2028 dicemus?
1456 1989 1484 2019 n
1509 1962 2022 2033 Quemadmodum

2147 1965 2606 2039 ἑπαναληπτικὸν,
2638 1966 2818 2038 ὥσπερ
2850 1965 2941 2022 καὶ
2987 1966 3074 2036 τὸ,
3134 1989 3162 2018 ‹‹
3198 1964 3328 2028 Θεὸς
3363 1966 3391 2020 6
3423 1961 3673 2034 δικαιῶν,
3703 1963 3792 2026 τίς

373 2082 432 2133 et
459 2076 571 2132 hoc
605 2088 618 2127 :
646 2068 801 2126 818
834 2091 862 2119 ι(
887 2067 1042 2122 Deus
1061 2068 1151 2119 est
1171 2061 1272 2133 qui
1293 2059 1606 2132 justiﬁcat.
1628 2055 1762 2128 quis
1785 2053 1887 2108 ille
1921 2051 2022 2124 qui

364 2157 764 2224 condemnet?
781 2177 805 2210 α
830 2155 993 2211 illius
1013 2151 1290 2225 repetitio
1306 2153 1427 2204 est:
1449 2147 1540 2202 «Si
1561 2147 1718 2201 Deus
1732 2160 1836 2217 pro
1851 2142 2024 2198 nobis

365 2254 499 2328 quis
548 2254 758 2307 contra
795 2263 907 2301 nos
936 2243 964 2298 ‘?
998 2271 1021 2298 υ
1056 2242 1422 2312 Frequenter
1462 2235 1624 2292 enim
1678 2231 2025 2306 hujusmodi

363 2325 513 2403 usus
525 2340 955 2399 estschemate,
979 2338 1223 2407 propter
1244 2327 1687 2400 consequentiae
1709 2325 2027 2381 circuitum

370 2440 430 2490 et
457 2427 938 2504 amplitudinem.
974 2422 1185 2479 Nullus
1208 2419 1369 2475 enim
1393 2416 1552 2489 quod
1582 2431 1688 2488 ego
1723 2413 1905 2469 sciam
1928 2416 2032 2467 aut

379 2527 720 2581 nostrorum
752 2522 854 2572 aut
885 2519 1222 2570 exterorum
1245 2505 1749 2580 quemadmodum
1785 2517 2030 2573 magnus

377 2609 478 2666 hic
509 2605 728 2663 Paulus
759 2603 952 2657 forma
983 2599 1098 2654 ista
1127 2613 1272 2653 usus
1303 2601 1409 2650 est.
1444 2595 1525 2650 Ne
1556 2607 1693 2662 ergo
1720 2591 1783 2644 in
1814 2589 2029 2643 obscu-

380 2699 625 2761 ritatem
680 2708 876 2748 sermo
910 2689 1090 2746 nimis
1120 2688 1234 2759 ipsi
1263 2683 1516 2749 excidat,
1548 2680 1832 2737 adhibitis
1854 2678 2031 2733 etiam

381 2804 526 2844 usus
586 2789 678 2841 est
740 2778 1219 2853 repetitionibus.
1278 2776 1536 2830 Possunt
1593 2776 1794 2826 autem
1864 2773 1923 2823 et
2003 2782 2037 2820 a

379 2875 622 2951 proprio
645 2871 940 2946 principio
963 2866 1194 2923 desumi
1218 2866 1308 2920 has
1328 2861 1655 2936 particula},
1682 2865 1748 2914 ut
1776 2873 1898 2913 non
1917 2858 2040 2911 sint

380 2945 562 3023 veluti
593 2945 982 3037 repetitiones
1013 2972 1219 3014 eorum
1253 2971 1384 3026 quas
1419 2952 1576 3007 dicta
1606 2955 1794 3005 erant.
1829 2970 1855 2997 «
1881 2945 2039 3001 Aftli-

382 3036 683 3119 ctione,an
706 3050 1033 3124 angustia,»
1056 3051 1168 3112 etc,
1190 3046 1316 3100 Non
1343 3036 2036 3107 dixitdivitiasgloriam,

380 3152 440 3204 et
465 3157 836 3217 quaacunque
867 3137 1026 3211 apud
1075 3135 1351 3191 homines
1383 3131 1540 3186 bona
1585 3128 1884 3192 videntur,
1937 3124 2040 3180 sed

377 3237 483 3294 illa
511 3236 708 3308 potius
739 3249 870 3303 qum
901 3229 1081 3285 etiam
1103 3227 1221 3282 vim
1243 3224 1464 3280 inferre
1491 3228 1631 3277 nata
1661 3226 1802 3276 sunt
1831 3219 2040 3273 huma-

379 3345 471 3384 nae
511 3306 770 3382 natura).
812 3322 1038 3378 Nomen
1069 3321 1270 3373 autem
1319 3311 1667 3368 afﬂictionis
1716 3310 1778 3364 in
1829 3306 2035 3363 multis

2147 3314 2388 3366 τοιαῦτα.
2459 3333 2485 3363 ι
2518 3309 2708 3363 Καθὼς

376 3414 813 3476 manifestatur:
846 3408 1049 3482 qualia
1071 3411 1210 3461 sunt
1239 3400 1800 3468 carceres,vincula,
1826 3397 2037 3452 exsilia

379 3512 439 3563 et
483 3516 853 3579 quaecunque
896 3502 1038 3554 sunt
1087 3492 1456 3566 hujusmodi.
1490 3491 1708 3545 «Sicut
1755 3489 2041 3560 scriptqu

384 3577 547 3653 esti»
571 3590 936 3649 Confusione
956 3586 1161 3642 volens
1182 3600 1284 3640 eos
1301 3577 2043 3646 adhortari,testimonium

384 3683 652 3743 adduxit.
683 3683 828 3738 Nam
861 3679 909 3734 si
942 3677 1004 3731 in
1035 3674 1218 3730 veteri
1253 3675 1607 3728 testamento
1641 3668 1818 3723 vitam
1841 3666 2042 3738 despi-

378 3775 632 3836 ciebant,
672 3770 890 3844 quibus
923 3773 1162 3822 terrena
1212 3767 1385 3819 erant
1435 3759 1682 3833 prazmia
1717 3764 1776 3813 et
1805 3773 1936 3828 quae
1976 3755 2040 3810 in

381 3873 540 3923 terra
559 3859 1055 3936 possidebantur:
1081 3857 1304 3926 quanto
1336 3851 1524 3923 magis
1537 3865 1647 3904 nos
1671 3848 1773 3919 qui
1793 3861 2042 3919 regnum

382 3935 670 4014 cmlorum
733 3951 794 4006 in
848 3947 1122 4004 laborum
1184 3940 1641 3998 retributionem
1698 3935 2044 3992 habemus?

383 4070 412 4098 ι(
447 4047 696 4115 Propter
719 4046 798 4095 te.
832 4059 860 4087 ››
909 4032 1273 4091 Testimonio
1305 4029 1624 4086 confirmat
1677 4039 2039 4083 sermonem.

389 4157 410 4185 α
433 4137 574 4191 Toto
593 4130 710 4185 die.
736 4151 763 4180 »
790 4124 1092 4196 Contingit
1115 4122 1278 4177 enim
1299 4118 1677 4174 utvoluntate
1698 4115 2046 4187 frequenter

387 4226 452 4280 in
483 4222 578 4277 die
607 4218 962 4276 moriantur.
996 4216 1114 4268 Aut
1161 4216 1282 4267 toto
1314 4209 1431 4276 die,
1485 4208 1545 4262 id
1578 4211 1686 4271 est,
1714 4221 1820 4278 per
1853 4209 2043 4259 totum

385 4314 568 4377 diem,
601 4310 719 4366 sive
750 4323 858 4380 per
885 4309 1070 4360 totam
1119 4302 1320 4358 vitam.
1357 4299 1582 4356 Unicus
1623 4311 1884 4366 namque
1915 4294 2042 4349 dies

388 4408 480 4459 est
507 4400 787 4458 universa
835 4394 1148 4451 hominum
1179 4392 1316 4446 vita.
1355 4410 1379 4441 ιι
1414 4387 1690 4458 Reputati
1722 4401 1929 4440 sumus
1961 4383 2042 4438 si-

385 4498 486 4548 cut
515 4506 671 4546 oves.
709 4510 738 4538 »
769 4484 1078 4548 Omnibus,
1113 4481 1331 4553 inquit,
1364 4477 1440 4534 ad
1478 4476 1765 4549 injuriam
1796 4473 2042 4546 exponi-

387 4598 539 4639 mur.
573 4579 949 4636 Manifestum
981 4570 1252 4644 estquod
1283 4567 1537 4640 apostoli
1587 4571 1870 4637 tanquam
1902 4579 2040 4618 oves

387 4676 557 4730 erant
575 4684 709 4742 quae
731 4671 1069 4724 mactantur
1091 4661 1243 4717 nihil
1266 4656 1767 4715 contradicentes.
1795 4677 1820 4704 «
1849 4653 1960 4709 Sed
1983 4653 2040 4708 in
2077 4694 2090 4742 ,

388 4765 483 4822 his
502 4759 784 4820 omnibus
815 4753 1311 4829 supervincimus.
1337 4771 1364 4800 ‹‹
1390 4748 1739 4804 Auditorem
1773 4745 1943 4818 erigit
1967 4760 2041 4799 ne

386 4851 661 4912 concidat
675 4848 928 4907 audiens
948 4838 1780 4913 afﬂictiones,persecutiones
1804 4842 1862 4890 et
1883 4851 2041 4906 quaa-

389 4957 626 5014 cunque
658 4939 823 5005 dixit,
857 4943 917 4993 et
945 4936 1029 4991 ait
1059 4950 1073 4990 :
1107 4956 1135 4985 ι(
1170 4931 1383 4990 Omnia
1417 4946 1522 5001 per
1550 4927 1765 4984 Christi
1791 4925 2041 4998 gratiam

388 5045 761 5104 superamus.
801 5049 822 5076 ι
859 5028 978 5082 Nec
1007 5023 1156 5079 dixit
1189 5039 1203 5088 ;
1237 5020 1568 5085 Vincimus,
1602 5017 1706 5074 sed
1737 5015 2045 5087 Supervin-

390 5123 604 5187 cimus;
626 5118 738 5176 hoc
767 5122 874 5182 est,
898 5130 1005 5187 per
1027 5129 1127 5170 eos
1149 5128 1184 5168 a
1209 5110 1426 5184 quibus
1447 5109 1788 5181 appetimur
1807 5104 2048 5161 insidiis

391 5224 770 5268 coronamur:
794 5205 953 5262 bello
984 5200 1246 5260 lacessiti
1260 5217 1377 5256 non
1399 5199 1592 5256 solum
1625 5213 1748 5252 non
1771 5211 2050 5251 succum-

2137 2057 2165 2112 ὀ
2198 2057 2534 2131 κατακρίνων
2568 2076 2582 2127 ;
2616 2081 2642 2110 n
2700 2061 2820 2124 τοῦ,
2880 2077 2906 2109 α
2938 2056 3003 2113 Εἰ
3061 2057 3089 2112 6
3141 2055 3273 2118 Θεὸς
3325 2054 3456 2131 ὑπὲρ
3487 2055 3672 2127 ἡμῶν,
3706 2052 3794 2116 τίς

2136 2148 2259 2211 καθ’
2290 2150 2451 2221 ἡμῶν
2480 2167 2492 2216 ;
2529 2173 2552 2202 ι
2588 2145 2982 2226 κέχρηταιγὰρ
3004 2149 3085 2218 τῷ
3114 2144 3351 2218 τοιούτῳ
3377 2147 3627 2220 σχήματι
3647 2139 3795 2197 πολ-

2139 2235 2357 2317 λαχῶς,
2389 2233 2480 2292 διὰ
2510 2239 2609 2307 τὴν
2642 2234 2922 2308 συνέχειαν
2951 2241 3050 2302 τῆς
3084 2228 3412 2308 περιϐολῆς.
3463 2230 3658 2294 Οὐδεὶς
3688 2231 3792 2308 γὰρ

2141 2324 2336 2401 σλεδὸν
2372 2325 2470 2382 ὅσα
2498 2347 2559 2402 γε
2590 2325 2686 2399 ἐμὲ
2714 2323 2930 2392 εἰδέναι,
2963 2325 3089 2380 οὔτε
3117 2328 3225 2380 τῶν
3282 2328 3402 2387 καθ’
3447 2325 3619 2394 ἡμᾶς,
3671 2321 3798 2378 οὔτε

2141 2423 2248 2474 τῶν
2291 2416 2553 2493 θύραθεν,
2621 2421 2689 2490 τῇ
2731 2412 2848 2487 ἰδέα
2901 2415 3071 2491 ταύτῃ
3128 2415 3202 2476 ὡς
3260 2415 3288 2470 6
3347 2411 3516 2488 μέγας
3577 2410 3801 2475 Παῦλνις

2145 2506 2444 2586 ἐχρήσατο.
2474 2507 2585 2562 Ἵνα
2609 2505 2699 2560 οὖν
2733 2505 2806 2579 μὴ
2842 2504 2918 2566 εἷς
2962 2505 3024 2559 τὸ
3079 2501 3279 2578 ἀσαφὲς
3336 2502 3483 2573 αύτῷ
3543 2500 3802 2558 ἐκπίπτοι

2145 2595 2267 2652 λίαν
2302 2597 2329 2650 ὁ
2360 2593 2553 2668 λόγος,
2597 2596 2685 2649 καὶ
2745 2598 2865 2654 ταῖς
2924 2590 3294 2666 ἐπαναλήψεσι
3353 2594 3803 2672 προσεχρήσατο.

2148 2684 2378 2741 Δύναται
2410 2681 2468 2740 δὲ
2496 2683 2586 2740 καὶ
2620 2683 2694 2746 ὡς
2724 2682 2830 2738 ἀπὸ
2860 2679 2998 2743 ἰδίας
3039 2681 3220 2757 ἀρχῆς
3275 2682 3343 2736 τὰ
3395 2682 3577 2757 χωρία
3633 2685 3805 2736 ταῦτα

2149 2771 2430 2850 εἰλῆφθαι,
2463 2771 2553 2827 καὶ
2589 2773 2666 2844 μὴ
2699 2772 2774 2835 (τις
2831 2768 3251 2841 ἐπαναληπτικὰ
3306 2775 3414 2826 τῶν
3473 2770 3806 2844 εἰρημένων.

2157 2888 2181 2918 ιι
2214 2861 2433 2939 Θλίψις,
2479 2863 2514 2932 ἧ
2559 2860 2919 2936 στενοχωρία,
2954 2883 2983 2912 ››
3041 2859 3132 2914 ναὶ
3190 2860 3257 2914 τὰ
3311 2858 3456 2930 ἑξῆς.
3518 2857 3633 2916 Οὐκ
3689 2860 3811 2914 εἷπε

2151 2955 2438 3029 χρήματα,
2471 2949 2653 3022 δόξαν,
2679 2949 2770 3005 καὶ
2803 2950 2901 3005 ὅσα
2941 2949 3086 3024 παρὰ
3117 2953 3234 3010 τοῖς
3287 2948 3595 3021 ἀνθρώποις
3655 2945 3814 3002 δοκεῖ

2151 3043 2317 3111 καλὰ,
2351 3039 2479 3097 ἀλλ’
2509 3040 2685 3096 ἐκεῖνα
2745 3039 2900 3096 ἅτινα
2962 3037 3052 3093 καί
3110 3038 3389 3114 βάζεσθαι
3445 3039 3650 3116 πέφυκε
3703 3037 3806 3104 τήν

2152 3129 2498 3204 ἀνθρωπίνην
2559 3129 2738 3209 φύσιν.
2792 3129 2867 3185 Τὸ
2927 3124 2984 3183 δὲ
3038 3134 3139 3196 τῆς
3197 3124 3436 3200 θλίψεως
3495 3123 3685 3201 ὄνομα.
3735 3125 3815 3191 είς

2153 3218 2346 3276 πολλὰ
2385 3217 2675 3290 δηλοῦταί,
2710 3215 2970 3297 φυλακαὶ,
3003 3215 3247 3286 ἁλύσεις,
3305 3214 3532 3291 έξορίαι,
3587 3215 3679 3270 καὶ
3711 3217 3816 3271 ὅσα

2795 3305 3095 3382 γέγραπται
3133 3348 3144 3362 .
3182 3329 3212 3357 ››
3272 3307 3553 3381 Ἐντρέψαι
3613 3305 3812 3368 αὐτοὺς

2153 3395 2513 3475 βουλόμενος,
2563 3397 2737 3475 ἤγαγε
2802 3399 2900 3468 τήν
2967 3395 3284 3472 μαρτυρίαν.
3347 3395 3414 3454 Εἰ
3471 3396 3574 3471 γὰρ
3627 3394 3680 3450 ἐν
3734 3417 3804 3469 τῃ

2151 3489 2390 3560 ΙΙαλαιᾷ,
2450 3487 2605 3565 φησὶ,
2669 3493 2815 3556 ζωῆς
2871 3484 3259 3562 κατεφρόνουν,
3322 3486 3411 3546 οἷς
3470 3487 3537 3542 τὰ
3594 3481 3810 3540 ἔπαθλα

2146 3581 2306 3654 γήϊνα
2336 3579 2424 3634 καὶ
2484 3579 2550 3634 τὰ
2580 3577 2630 3631 ἐν
2659 3580 2726 3650 τῇ
2757 3580 2831 3650 γῇ
2903 3575 3102 3653 ἀγαθὰ,
3162 3575 3317 3648 πόσῳ
3373 3573 3590 3648 μᾶλλον
3648 3577 3815 3650 ἡμεῖς

2149 3668 2443 3746 ὀφείλομεν
2479 3667 2529 3722 οἳ
2560 3666 2658 3735 τήν
2693 3663 2973 3742 βασιλείαν
2997 3669 3106 3720 τῶν
3137 3664 3382 3738 οὐρανῶν
3435 3658 3660 3742 ἔχοντες
3706 3667 3817 3722 τῶν

2147 3759 2328 3814 πόνων
2367 3751 2608 3827 ἀμοιϐὴν
2643 3774 2657 3824 ;
2692 3779 2719 3806 «
2754 3755 2952 3812 Ἕνεκα
3011 3775 3127 3810 σου.
3166 3776 3192 3808 ι
3252 3758 3334 3828 Τῇ
3403 3755 3680 3830 μαρτυρίᾳ
3718 3755 3813 3811 τὸν

2148 3848 2316 3927 λόγον
2351 3851 2657 3902 πιστοῦται.
2693 3869 2721 3897 ‹‹
2755 3841 2933 3915 ’Ὁλην
2986 3845 3086 3914 τήν
3144 3844 3378 3918 ἡμέραν.
3420 3871 3439 3895 ι
3501 3847 3653 3901 Ἐστι
3711 3845 3814 3920 γὰρ

2148 3937 2217 4013 τῇ
2249 3936 2562 4012 προαιρέσει
2598 3931 2872 3995 πολλάκις
2903 3940 3003 4001 τῆς
3035 3932 3245 4008 ἡμέρας
3276 3935 3586 3997 ἀποθανεῖν.
3621 3935 3687 3987 Ἠ
3723 3933 3810 4002 τὸ,

2148 4052 2174 4078 ‹‹
2217 4025 2392 4096 Ὅλην
2423 4026 2520 4094 τὴν
2550 4024 2781 4098 ἡμέραν,
2819 4046 2846 4073 »ι
2877 4021 2996 4078 ἀντὶ
3029 4026 3150 4092 τοῦ,
3193 4019 3264 4077 δι’
3287 4019 3423 4088 ὅλης
3451 4027 3548 4087 τῆς
3569 4020 3804 4093 ἡμέρας,

2145 4117 2274 4186 ἤτοι
2301 4113 2372 4170 δι’
2403 4113 2540 4169 ὅλου
2570 4119 2668 4170 τού
2702 4113 2851 4189 βίου.
2883 4109 3095 4186 Ἡμέρα
3153 4112 3254 4190 γὰρ
3321 4111 3417 4183 μία
3474 4108 3583 4164 ἐστὶ
3639 4112 3741 4169 πΞς
3774 4109 3803 4163 6

2147 4210 2254 4261 τῶν
2289 4203 2588 4279 ἀνθρώπων
2644 4202 2784 4277 βίος.
2848 4226 2876 4253 ‹‹
2908 4199 3308 4278 ’δλογίσθημεν
3366 4199 3440 4262 ὡς
3472 4192 3720 4274 πρόϐατα
3779 4222 3808 4250 η

2151 4299 2310 4361 Ηᾶσι,
2371 4293 2559 4373 φησὶν,
2622 4292 2696 4354 εἰς
2728 4291 2792 4346 τὸ
2825 4287 3028 4346 ἀδικεῖν
3084 4290 3444 4367 προκείμεθα,
3477 4289 3530 4344 οἱ
3569 4289 3810 4344 ἀπόστο-

2153 4391 2265 4453 λοι,
2299 4381 2472 4452 δῆλον
2505 4383 2580 4445 ὡς
2616 4375 2864 4456 πρόϐατα
2895 4380 3224 4457 σφαζόμενα,
3273 4381 3348 4451 μὴ
3414 4376 3810 4450 ἀντιλέγοντες.

2154 4495 2174 4523 α
2213 4471 2370 4529 Ἀλλ’
2401 4470 2453 4525 ἐν
2480 4469 2696 4531 τούτοις
2727 4474 2886 4524 πᾶσιν
2921 4469 3316 4543 ὑπερνικῶμεν.
3357 4492 3378 4518 ι
3435 4466 3684 4539 Ἐπαίρει
3715 4467 3810 4522 τὸν

2147 4563 2467 4638 ἀκροατήν,
2524 4560 2616 4613 ἳνα
2679 4560 2754 4633 μή
2811 4557 3088 4633 καταπέσῃ
3153 4555 3340 4630 θλίψιν
3402 4555 3639 4619 ἀκούσας
3718 4568 3813 4621 καὶ

2151 4651 2398 4730 διωγμὸν
2432 4652 2522 4705 καὶ
2555 4648 2654 4704 ὅσα
2683 4651 2821 4716 εἶπε,
2853 4648 2946 4703 καὶ
3004 4669 3159 4722 φησι.
3223 4672 3245 4699 (ι
3285 4647 3510 4701 Πάντων
3578 4650 3817 4722 κρατοῦ-

2158 4763 2252 4818 μεν
2287 4741 2478 4820 χάριτι
2518 4741 2776 4814 Χριστοῦ,
2813 4761 2840 4786 υ
2873 4737 2976 4794 Καὶ
3026 4737 3125 4791 οὐκ
3167 4738 3304 4808 εἷπε,
3353 4739 3630 4808 Νικῶμεν,
3662 4732 3815 4804 ἀλλ’,

2158 4856 2184 4882 ‹‹
2220 4833 2629 4904 Υπερνικῶμεν,
2664 4851 2691 4879 »
2718 4827 2993 4896 τουτέστι,
3048 4826 3128 4880 Δι’
3187 4825 3260 4880 ὧν
3318 4820 3816 4897 ἐπιϐουλευόμεθα,

2157 4919 2596 5002 στεφανούμεθα.
2659 4918 2749 4984 Μὴ
2815 4914 2976 4988 μόνον
3035 4915 3101 4971 οὐ
3165 4914 3585 4986 καταπίπτομεν
3643 4913 3820 4969 πολε-

2163 4997 2446 5085 μού-μενοι,
2481 5005 2628 5063 ἀλλα
2656 5006 2744 5061 καὶ
2795 5004 3224 5086 στεφανούμεθα.
3258 5006 3325 5063 Οἱ
3355 5004 3456 5079 γαρ
3501 4997 3816 5073 ἐπίϐουλοι,

2157 5101 2408 5176 πρόξενοι
2466 5097 2740 5177 στεφάνων
2800 5097 2936 5168 ἡμῖν
2996 5095 3286 5172 γίνονται,
3344 5093 3405 5150 ἂν
3473 5091 3820 5170 εὐχαρίστως

2158 5191 2425 5271 φέρωμεν.

390 5300 611 5365 bimus,
661 5295 764 5355 sed
815 5295 996 5352 etiam
1042 5306 1421 5351 coronamur.
1470 5289 1615 5345 Nam
1664 5285 2044 5343 insidiatores
2093 5298 2344 5340 coronas
2394 5278 2569 5337 nobis
2618 5276 2943 5335 conciliant
2991 5278 3042 5335 si
3089 5275 3267 5336 modo
3314 5281 3480 5353 grato
3507 5275 3706 5334 animo
3740 5273 3823 5331 fc—

389 5405 614 5448 ramus.

459 5486 610 5554 VIII,
641 5487 732 5553 38‘,
764 5487 857 5543 39'.
904 5485 1044 5542 Nam
1081 5494 1410 5555 persuasum
1457 5477 1636 5534 habeo
1673 5475 1825 5554 quod
1870 5490 2047 5548 neque

380 5592 549 5645 mors,
593 5591 788 5651 neque.
818 5576 964 5642 vita,
1011 5585 1192 5650 neque
1225 5569 1441 5642 Angeli,
1475 5581 1654 5640 neque
1683 5566 2046 5637 Principatus

380 5683 559 5742 neque
586 5668 904 5730 Potestates,
937 5678 1115 5736 neque
1156 5660 1455 5729 instantia,
1484 5671 1663 5729 neque
1689 5657 1907 5726 futura,
1949 5673 2049 5713 ne-

384 5773 490 5830 que
521 5756 779 5822 altitudo,
797 5769 965 5828 neque
988 5750 1370 5825 profunditas,
1403 5763 1578 5820 neque
1603 5746 1720 5802 ulla
1743 5745 1858 5802 alia
1887 5762 2042 5801 crea-

2227 5470 2524 5544 Ῑῐέτεισμαι
2553 5465 2658 5543 γὰρ
2707 5463 2792 5522 ὅτι
2832 5461 2961 5524 οὔτε
3012 5464 3268 5534 θάνατος,
3329 5463 3456 5522 οὕτε
3515 5463 3656 5535 ζωὴ,
3690 5456 3822 5519 οὔτε

2154 5559 2412 5641 ἄγγελοι,
2468 5553 2594 5614 οὔτε
2628 5552 2826 5633 ἀρχαί,
2883 5551 3009 5612 οὔτε
3064 5551 3338 5629 δυνάμεις,
3395 5550 3524 5612 οὕτε
3581 5549 3820 5609 Evadun-

2156 5673 2242 5721 τα,
2271 5646 2397 5706 οὔτε
2427 5642 2726 5722 μέλλοντα,
2783 5638 2916 5700 οὔτε
2969 5643 3201 5719 ὕψωμα,
3262 5639 3388 5700 οὔτε
3449 5640 3638 5720 βάθος,
3687 5634 3824 5696 οὔτε

2157 5762 2242 5805 τις
2270 5739 2445 5802 κτίσις
2483 5733 2642 5809 ἑτέρα
2701 5729 2990 5801 δύνησεται
3047 5736 3220 5809 ἡμᾶς,
3283 5734 3522 5809 χωρίσαι
3579 5729 3687 5787 ἀπὸ
3716 5735 3821 5800 τῆς
