4114 6388
355 325 476 384 497

1443 315 1850 382 COMMENT.
1895 311 1974 372 IN
2020 307 2267 369 EPIST.
2314 307 2422 368 AD
2466 307 2658 370 ROM.

3669 312 3788 371 498

358 456 586 531 ἀγάπης
613 458 713 512 τοῦ
742 457 900 530 Θεοῦ,
929 460 1032 526 τῆς
1071 453 1124 510 ἐν
1182 453 1403 530 Χριστῷ
1455 454 1640 526 Ἰησοῦ
1695 451 1774 521 τῷ
1829 440 1994 519 Κυρίιι

2126 448 2252 497 tura
2301 443 2509 513 poterit
2558 457 2654 498 nos
2697 457 2954 513 separare
2983 457 3018 497 a
3059 441 3354 500 dilectione
3381 443 3499 516 Dei,
3549 459 3673 516 qua
3702 451 3783 501 est

357 550 654 710 ἠίῒέζτειδή
691 634 802 695 ἄνω
845 635 1204 715 τάπαρόντα
1268 636 1406 702 εἷπε,
1458 638 1553 693 νῦν
1612 633 1679 690 τὰ
1742 626 2020 706 μέλλοντα

355 729 531 807 Mysi,
578 729 671 788 καὶ
729 748 918 806 ῳησινο
979 727 1115 785 Οῦτι
1162 729 1190 785 ὁ
1256 724 1488 802 μέλλων
1547 725 1796 792 Θάνατος,
1829 719 2015 789 οὕτεὴ

355 815 640 896 μίλλουσα
669 819 812 892 ζωὴ,
845 818 971 876 οὔτε
999 817 1296 897 ’Λγγελοι,
1330 815 1454 873 οὕτε
1484 814 1769 888 Δυνάμεις,
1823 807 2019 897 δύναν-

346 895 440 967 ταί
475 931 543 984 με
574 909 813 986 χωρίσαι
846 907 953 964 ἀπὸ
980 895 1102 978 τῆς
1133 907 1353 984 ἀγάπης
1406 909 1504 962 τοῦ
1563 907 1720 970 Θεοῦ,
1771 907 1873 971 τῆς
1929 895 2019 954 διὰ

351 1001 598 1076 Χριστοῦ
633 1019 730 1074 μοι
759 997 1208 1074 προξενηθείσης.
1253 995 1431 1052 Πάντα
1467 1016 1584 1070 μοι,
1635 991 1790 1074 φησὶ,
1827 988 2016 1064 μικρά,

352 1095 491 1161 πρὸς
519 1088 730 1160 ἐκείνην
766 1090 867 1160 τήν
928 1086 1170 1162 ἀγάπην.
1233 1089 1368 1144 Εἶτα
1427 1080 1615 1155 ἐπειδὴ
1667 1087 1839 1139 πᾶσαν
1899 1077 2017 1133 εἶπε

348 1181 454 1250 την
473 1177 651 1236 κτίσιν
674 1179 775 1250 τὴν
807 1178 1009 1254 ὁρατήν
1074 1177 1166 1234 καί
1230 1177 1459 1246 νοητὴν,
1489 1175 1523 1230 ’ἁ
1554 1173 1684 1229 εἶσιν
1742 1169 2010 1226 ἐνεστῶτα

346 1270 440 1327 καὶ
476 1269 777 1344 μὲΑλοντα,
809 1268 1184 1344 προστίθησινυ
1219 1292 1246 1321 ‹‹
1281 1266 1418 1326 Οῦτε
1452 1287 1535 1329 τις
1565 1263 1740 1326 κτίσις
1772 1261 1947 1337 ἑτέρα.
1985 1283 2012 1311 »

345 1359 654 1427 Τουτέστιν,
686 1358 751 1417 El
782 1358 873 1415 καὶ
905 1355 1052 1428 ἄλλη
1083 1379 1170 1422 τις
1200 1357 1348 1434 παρὰ
1375 1358 1476 1426 τήν
1522 1352 1684 1411 οὖσαν
1721 1349 2011 1421 ὑποσταίη,

352 1448 482 1508 οὖδὶ
513 1449 652 1519 αὐτὴ
689 1470 783 1523 μοι
816 1448 956 1504 εἶναί
985 1469 1036 1504 τι
1088 1445 1239 1504 δοκεῖ
1293 1448 1430 1524 πρὸς
1485 1447 1582 1514 την
1641 1443 1856 1518 ἀγάπην
1914 1444 2012 1497 τοῦ

349 1545 508 1599 Θεοῦ.
545 1536 770 1611 Ἐπειδὴ
805 1536 862 1595 δὲ
889 1539 980 1595 καὶ
1008 1537 1291 1616 Ἀγγελων
1346 1537 1439 1592 καὶ
1498 1536 1784 1608 Δυνάμεων
1839 1531 2012 1606 ἐμνή-

355 1633 480 1703 σθη,
517 1631 592 1705 μή
625 1628 818 1704 νόμιζε
843 1630 971 1692 τοὺς
1003 1627 1302 1706 ’Λγγέλους
1331 1627 1367 1697 ἢ
1398 1625 1492 1688 τάς
1553 1623 1815 1696 Δυνάμεις
1873 1621 2010 1677 ἀπο-

361 1719 551 1787 στῆσαί
576 1739 726 1780 τινας
764 1717 970 1782 ἑθὲλειν
1001 1716 1108 1773 ἀπὸ
1161 1719 1419 1792 Χριστοῦ,
1471 1713 1642 1788 ἄπαγε
1672 1714 1683 1770 l
1739 1709 1885 1767 ἀλλὰ
1914 1710 2005 1764 τὸν

358 1810 485 1885 περὶ
515 1811 640 1866 Θεὸν
670 1807 872 1884 θερμὸν
915 1809 1084 1874 πόθον
1113 1811 1352 1880 σημᾶναι
1389 1809 1592 1878 ζητῶν,
1651 1801 1730 1867 είς
1781 1802 2008 1863 τούτους
2038 1821 2084 1884 Β

356 1898 495 1970 ἦλθε
547 1899 668 1962 τοὺς
728 1897 955 1978 λόγους.
1021 1923 1047 1951 κ
1101 1894 1236 1953 Οὔτε
1287 1896 1514 1970 ὕψωμα,
1569 1889 1693 1949 οὔτε
1750 1892 1940 1961 βάθος.
1980 1915 2007 1942 ι)

350 2022 424 2032 -
453 1990 762 2064 [ΘΕΟΔΩΡ]
794 1989 990 2058 Βάθος,
1045 1987 1119 2050 ὡς
1153 1987 1331 2060 οἶμαι,
1371 1987 1472 2057 τήν
1538 1984 1747 2058 γέενναν
1809 1979 2009 2054 ὀνομάο

345 2086 447 2149 ζει,
482 2075 616 2153 ὕψος
676 2076 734 2134 δὶ
761 2079 862 2148 τὴν
926 2075 1231 2154 βασιλείαν,
1291 2075 1382 2131 καὶ
1439 2074 1577 2150 πρὸς
1631 2072 1848 2133 τούτοις
1903 2073 2003 2141 τήν

332 2167 562 2223 αἰώνιον
593 2169 763 2237 ζωήν,
822 2165 914 2222 καὶ
971 2167 1063 2222 τὸν
1117 2165 1334 2220 αἰώνιον
1372 2165 1624 2231 θάνατον,
1655 2194 1720 2206 -
1753 2160 1855 2218 Καὶ
1906 2157 2004 2214 ἄλ-

332 2255 473 2319 λως.
512 2257 1071 2333 [ΟΙΚΟΥΜΕΝΙΟΥ]
1108 2254 1204 2310 Καὶ
1264 2247 1592 2324 συλλήϐδην
1655 2250 1846 2316 εἰπεῖν,
1883 2245 2006 2304 οὔτε

324 2347 395 2403 τά
457 2344 589 2422 ἄγαν
673 2344 917 2417 ἰπίδοεα,
1005 2342 1131 2401 οὔτε
1213 2343 1279 2400 τά
1354 2342 1488 2421 ἄγαν
1543 2338 1707 2415 ἄδοξα
1755 2336 1883 2396 οὔτε
1937 2339 2006 2393 τά

331 2437 530 2512 ἀγαθά,
592 2432 716 2492 οὔτε
798 2435 865 2491 τὰ
922 2431 1168 2510 λυπηρά,
1214 2429 1344 2489 οὔτε
1399 2431 1464 2487 τά
1526 2429 1695 2496 καλά,
1757 2425 1882 2485 οὔτε
1939 2428 2005 2482 τά

330 2527 493 2583 κακά.
530 2549 559 2577 ι
588 2529 701 2596 Τῆς
729 2523 783 2581 ἐν
816 2527 1031 2602 Χριστῷ
1064 2526 1271 2595 Ἰησοῦ.
1308 2551 1328 2576 ι
1390 2523 1543 2579 ’Λνω
1599 2523 1820 2596 πρῶτον
1881 2517 2004 2573 εἶπε

329 2618 435 2684 τήν
467 2615 685 2694 ἀγάπην
719 2618 816 2670 τοῦ
847 2618 1004 2685 Θεοῦ,
1039 2611 1130 2669 *ίνα
1190 2615 1266 2686 μή
1331 2609 1618 2687 ψεύδεσθαι
1677 2606 1808 2684 δόξῃ
1871 2607 1996 2682 περὶ

331 2712 440 2778 τῆς
474 2704 617 2770 ἲδίας
649 2703 827 2778 λέγων
881 2703 1098 2779 ἀγάπης
1153 2704 1207 2778 (ὁ
1265 2703 1370 2782 γάρ
1425 2701 1746 2777 ἀγαπηθεὶς,
1779 2699 1842 2754 ού
1874 2709 2003 2762 θαυ-

347 2796 551 2870 μαστὸν
592 2795 639 2852 εί
697 2795 1022 2871 ἆνταγαπᾷ),
1075 2792 1402 2869 προσέθηκε,
1435 2815 1464 2845 ‹‹
1496 2794 1607 2860 Τῆς
1668 2789 1721 2846 ἰν
1779 2791 2001 2864 Χριστῷ

331 2888 538 2957 Ἰησοῦ.
578 2909 605 2935 η
639 2885 898 2962 Ἠγάπων
935 2885 1030 2958 μὲν
1069 2883 1160 2940 καὶ
1213 2879 1476 2938 Ἰουδαῖοι
1527 2881 1622 2936 τὸν
1680 2879 1835 2949 Θεὸν,
1867 2873 2000 2933 ἀλλ’

327 2975 434 3032 οὐκ
461 2974 515 3032 ἄν
543 2976 763 3052 Χριστῷ
789 2977 991 3048 Ἰησοῦ,
1023 2973 1142 3031 ὅθεν
1171 2972 1260 3030 καὶ
1293 2969 1608 3031 ἀπώλοντο.

969 3120 1228 3176 ΚΕΦΑΛ.
1269 3117 1374 3172 ῙΕ.

2123 548 2223 602 per
2253 531 2531 589 Christum
2559 532 2740 588 Iesum
2759 531 3047 590 Dominum
3077 541 3346 592 nostrum.

2201 621 2354 678 8I9
2407 621 2698 688 Quoniam
2750 623 3020 695 superius
3067 623 3585 696 praesentiadixit,
3618 640 3779 682 nunc

2123 708 2326 767 futura
2360 726 2688 782 enumera,,
2723 717 2781 768 et
2801 713 2885 767 ait
2909 728 2921 768 :
2946 714 3144 785 Neque
3169 713 3369 770 futura
3398 729 3781 787 mors,neque

2124 797 2325 856 futura
2344 800 2483 867 vita,
2506 817 2702 873 neque
2723 800 2956 874 Angeli,
2974 817 3168 874 neque
3182 804 3510 860 Potestates
3531 809 3784 876 possunt

2123 905 2218 946 me
2254 906 2529 963 separare
2580 907 2612 947 a
2645 890 2967 948 dilectione
3017 892 3139 959 Dei,
3175 909 3306 964 quae
3347 910 3455 966 per
3479 893 3780 951 Christum

2122 980 2269 1036 mihi
2299 981 2616 1037 conciliata
2645 986 2753 1037 est.
2790 982 3002 1039 Omnia
3027 980 3175 1037 mihi
3207 981 3418 1055 exigua
3451 988 3591 1038 sunt
3622 984 3669 1038 si
3703 983 3778 1040 ad

2122 1069 2294 1126 illum
2357 1087 2623 1127 amorem
2686 1071 3092 1128 conferantur.
3127 1071 3350 1127 Deinde
3397 1071 3497 1128 ubi
3539 1088 3779 1128 omnem

2121 1165 2456 1215 creaturam
2489 1160 2638 1216 dixit
2667 1159 2963 1216 visibilem
3012 1178 3079 1216 ac
3125 1160 3588 1231 intelligibilem,
3641 1179 3772 1234 quas

2121 1256 2260 1306 sunt
2292 1250 2577 1306 instantia
2607 1267 2674 1306 ac
2687 1251 2904 1317 futura,
2923 1251 3195 1324 adjungit
3221 1268 3233 1305 :
3255 1273 3283 1300 ‹‹
3304 1253 3504 1322 Neque
3528 1250 3782 1308 ullaalia

2119 1346 2412 1406 creatura,
2451 1362 2478 1390 »
2510 1341 2622 1396 hoc
2681 1345 2790 1409 est,
2824 1341 2872 1396 si
2905 1340 3024 1396 alia
3053 1340 3275 1411 quaevis
3320 1340 3392 1396 ab
3424 1357 3493 1397 ea
3526 1357 3657 1414 quas
3690 1347 3782 1398 est

2120 1430 2492 1499 subsisteret,
2525 1446 2718 1502 neque
2744 1431 2870 1502 ipsa
2892 1429 3039 1484 mihi
3062 1428 3370 1502 quidpiam
3391 1445 3520 1486 esse
3546 1429 3780 1488 videre-

2119 1527 2214 1576 tur
2244 1519 2318 1575 ad
2344 1519 2446 1575 Dei
2469 1520 2977 1575 amorem.Verum
3004 1519 3142 1590 quia
3155 1525 3245 1575 est
3265 1519 3624 1593 Angelorum
3648 1537 3782 1577 me-

2116 1610 2297 1665 minit
2345 1626 2412 1666 ac
2465 1611 2833 1665 Potestatum
2869 1626 2882 1664 :
2915 1625 2990 1665 ne
3022 1608 3332 1665 arbitreris
3385 1609 3642 1684 Angelos
3673 1617 3777 1667 aut

2118 1701 2445 1755 Potestates
2458 1699 2606 1754 velle
2621 1699 2855 1770 aliquos
2887 1699 3456 1772 separareaCbristo
3483 1717 3496 1754 :
3525 1700 3774 1756 minime

2115 1791 2380 1863 gentium
2415 1807 2428 1857 ;
2464 1789 2565 1845 sed
2597 1789 2906 1845 ardentem
2931 1805 3068 1862 erga
3088 1789 3276 1845 Deum
3299 1805 3562 1846 amorem
3587 1790 3775 1863 signi-

2113 1880 2292 1936 ﬁcare
2324 1879 2546 1945 volens,
2571 1879 2645 1934 ad
2659 1879 2767 1935 hos
2797 1879 3106 1934 descendit
3137 1896 3466 1935 sermones.
3501 1901 3531 1930 ‹‹
3565 1881 3766 1951 Neque

2113 1969 2388 2036 altitudo,
2423 1986 2618 2041 neque
2677 1970 3069 2042 profunditas.
3107 1992 3134 2020 »
3170 1969 3668 2034 Profunditatem,
3699 1975 3766 2025 ut

2114 2060 2349 2132 opinor,
2376 2061 2710 2131 gehennam
2745 2060 3037 2124 nominat,
3069 2059 3450 2115 altitudinem
3501 2076 3636 2115 vero
3669 2075 3762 2115 re-

2111 2165 2314 2223 gnum.
2347 2148 2432 2204 Ad
2466 2149 2592 2204 haec
2645 2154 2928 2204 aeternam
2985 2149 3126 2204 dicit
3156 2149 3334 2204 vitam
3379 2155 3438 2204 et
3477 2154 3768 2204 aeternam

2109 2245 2384 2296 mortem.
2417 2269 2488 2280 --
2530 2239 2658 2294 Alio
2689 2254 2905 2310 quoque
2934 2239 3115 2294 modo.
3172 2239 3362 2310 thue
3421 2238 3768 2294 summatim

2111 2328 2305 2384 dicam
2342 2345 2354 2384 :
2389 2345 2584 2400 neque
2627 2327 2948 2384 admodum
3005 2327 3284 2401 gloriosa,
3347 2344 3541 2400 neque
3601 2328 3772 2384 valde

2109 2418 2383 2482 humilia,
2419 2434 2614 2490 neque
2645 2417 2824 2486 bona,
2879 2433 3074 2489 neque
3114 2417 3327 2484 tristia,
3361 2433 3555 2489 neque
3588 2417 3772 2474 hone-

2110 2514 2222 2575 sta,
2246 2524 2441 2580 neque
2471 2508 2644 2564 mala.
2679 2530 2705 2559 ι
2736 2509 2875 2574 Quae
2910 2514 3002 2563 est
3030 2523 3137 2580 per
3165 2508 3460 2564 Christum
3491 2508 3712 2564 Jesum.
3741 2530 3772 2559 υ

2108 2600 2252 2654 Cum
2285 2598 2650 2670 prznmiserit
2680 2598 2781 2654 Dei
2813 2597 3314 2661 dilectionem,ne
3349 2597 3659 2654 ludiﬁcare
3690 2598 3776 2654 vi-

2108 2687 2320 2744 deatur
2375 2688 2448 2744 de
2501 2688 2727 2760 privata
2780 2688 3034 2759 loquens
3091 2687 3413 2744 dilectione
3445 2690 3606 2758 (nam
3663 2688 3765 2760 qui

2107 2785 2343 2835 amatus
2405 2784 2517 2847 est,
2551 2795 2670 2834 non
2719 2778 2937 2833 mirum
2985 2777 3036 2833 si
3093 2777 3406 2850 reclamet),
3441 2777 3762 2850 adjunxit:

2108 2890 2137 2919 ‹‹
2171 2869 2311 2934 Quae
2344 2875 2434 2924 est
2465 2883 2570 2940 per
2603 2867 2904 2923 Christum
2934 2868 3136 2924 Jesum
3161 2890 3187 2917 »
3210 2867 3507 2924 Amabant
3533 2868 3776 2924 enimet

2109 2958 2298 3014 Judaei
2334 2959 2540 3028 Deum,
2576 2956 2680 3014 sed
2711 2974 2831 3013 non
2870 2973 2978 3030 per
3007 2957 3308 3013 Christum
3355 2957 3577 3023 Iesum,
3610 2957 3768 3014 unde

2113 3053 2170 3103 et
2200 3048 2528 3120 perierunt.

2740 3136 2974 3193 CAPUT
3013 3136 3130 3192 XV.

327 3253 465 3324 Βερῖ
528 3253 854 3316 ἐκπτώσεως
937 3248 1164 3324 Ἰσραὴλ
1216 3251 1314 3305 τοῦ
1371 3242 1790 3324 ἀποᾷληθὲντος
1827 3287 1842 3313 ,
1897 3241 1990 3324 καιὶ

2113 3251 2195 3302 De
2212 3261 2390 3324 causa
2417 3244 3288 3324 a‘bjeclorumIsraelitarumhac
3316 3258 3570 3324 verorum
3598 3257 3765 3300 voca-

400 3315 654 3455 :gtﬂ_oewe
741 3315 849 3380 τοῦ
925 3315 1169 3394 ἀληθοῦς
1203 3365 1218 3392 ,
1301 3325 1399 3377 τοῦ
1456 3315 1799 3394 εἶ’σαχθέντος
1857 3315 1992 3390 μετὰ

463 3420 597 3455 νων.

463 3420 597 3456 νων.

405 3523 696 3597 ’Δλήθειαν
759 3520 906 3597 λέγω
961 3519 1015 3577 ἐν
1069 3523 1312 3592 Χριστῷ,
1373 3517 1436 3573 ού
1495 3513 1788 3593 ψεύδομαι,
1849 3535 1990 3587 συμ-

340 3613 720 3689 μαρτυρούσης
781 3631 877 3685 μοι
959 3617 1061 3679 τῆς
1122 3605 1485 3678 συνειδήσεώς
1547 3628 1652 3680 μου
1712 3605 1765 3661 ἐν
1828 3603 1991 3660 Ilvati-

344 3704 652 3778 ματιάγίῳ,
706 3701 788 3758 ὅτι
851 3699 1001 3771 λύπη
1062 3699 1156 3772 μοί
1217 3699 1328 3754 ἐστι
1385 3695 1627 3772 μεγάλη,
1685 3693 1776 3750 καὶ
1834 3691 1988 3750 ἀδιά-

341 3793 565 3854 λειπτος
621 3790 776 3863 ὀδύνη
845 3795 915 3866 τῇ
972 3787 1170 3866 καρδίᾳ
1232 3807 1358 3862 μου·
1413 3787 1678 3863 ηὐχόμην
1731 3787 1836 3862 γάρ
1892 3784 1988 3840 αὖ-

336 3883 434 3947 τὸς
477 3881 578 3957 ἐγὼ
634 3883 873 3953 ἀνάθεμα
924 3881 1056 3936 εἶναι
1089 3879 1197 3936 άπὸ
1255 3882 1356 3934 τοῦ
1404 3879 1640 3953 Χριστοῦ
1688 3875 1822 3950 ὑπὲρ
1877 3875 1986 3930 τῶν

331 3971 579 4053 ἀδελφῶν
648 3996 753 4047 μου
817 3977 928 4029 τῶν
1015 3973 1284 4047 συγγενῶν
1365 3989 1470 4042 μου
1562 3967 1700 4024 κατᾶ
1793 3966 1986 4042 σάρκαο

326 4064 522 4127 οἵτινές
600 4064 733 4121 εἰσιν
836 4059 1196 4138 Ἰσραηλῖται,
1273 4059 1346 4114 ὧν
1396 4060 1431 4129 ἡ
1464 4057 1709 4122 υἱοθεσία
1783 4056 1873 4112 καὶ
1949 4057 1985 4126 ἡ

324 4152 456 4227 δόξα
485 4153 576 4210 καὶ
601 4155 658 4210 αἱ
716 4151 972 4223 διαθῆκαι
1029 4150 1121 4206 καὶ
1177 4151 1212 4219 ἡ
1270 4148 1570 4224 νομοθεσία
1626 4147 1716 4202 καὶ
1783 4148 1819 4218 ἡ
1886 4142 1988 4202 λα-

318 4244 474 4316 τρεία
529 4244 623 4300 καὶ
681 4242 736 4298 αἱ
796 4240 1144 4316 ἐπαγγελίαι·
1203 4239 1276 4294 ὢν
1336 4238 1388 4293 οἱ
1441 4237 1680 4312 III-ripe:
1712 4279 1726 4308 ,
1784 4234 1874 4291 καὶ
1933 4235 1983 4312 ἐξ

319 4335 394 4389 ὧν
438 4333 467 4389 ὁ
513 4332 747 4409 Χριστὸς
803 4331 867 4386 τὸ
936 4329 1074 4386 κατά
1131 4327 1304 4404 σάρκα
1339 4369 1354 4395 ,
1414 4327 1442 4380 ὁ
1495 4323 1568 4381 ὢν
1626 4323 1716 4381 ἰπὶ
1771 4325 1985 4382 πάντων

317 4423 451 4485 Θεὸς
492 4421 798 4499 εὐλογητὸς
829 4418 904 4481 εἷς
937 4417 1064 4481 τοὺς
1104 4417 1325 4478 αἰῶνας.
1361 4420 1418 4471 Ἀ
1435 4418 1566 4489 μην.

398 4513 552 4590 Μὲγα
577 4509 946 4580 Θὲλειείπεῖν,
1009 4506 1094 4564 διὸ
1136 4504 1497 4585 προοδοποιεῖ
1548 4510 1630 4579 τῷ
1684 4511 1981 4575 πιστευθῆ-

319 4629 434 4676 ναι,
479 4588 627 4682 τρεῖς
683 4605 1076 4686 ἐπιφερόμενος
1138 4602 1436 4678 μάρτυρας,
1493 4601 1584 4656 τὸν
1636 4601 1888 4678 Χριστὸν,
1920 4599 1982 4655 τὸ
2013 4588 2061 4654 D

323 4698 480 4772 ἅγιον
538 4699 778 4771 Πνεῦμα,
809 4693 904 4752 καὶ
933 4694 1034 4763 τὴν
1062 4691 1255 4748 ἑαυτοῦ
1315 4687 1646 4764 συνείδησιν.
1703 4693 1839 4766 Ὅρα
1899 4686 1978 4744 δέ·

328 4811 356 4838 ιι
389 4785 704 4857 Ἀλήθειαν,
731 4784 886 4860 φησί,
936 4781 1086 4859 λὲγω
1117 4781 1172 4837 ἐν
1222 4783 1476 4856 Χμιστῷ.
1513 4805 1540 4832 ››
1594 4780 1698 4839 Καὶ
1730 4779 1791 4835 οὐ
1848 4779 1982 4856 ψεύ-

329 4871 633 4948 δομαι,καῖ
695 4877 731 4944 ἡ
766 4869 1072 4945 συνείδησίς
1123 4891 1218 4944 μοι
1277 4869 1354 4933 εἰς
1407 4875 1569 4926 τοῦτο
1620 4869 1826 4947 μάρτυς
1883 4870 1976 4926 σὸν

323 4969 410 5038 τῷ
441 4966 576 5042 άγίῳ
636 4963 928 5038 Πνεύματι.
990 4987 1018 5015 ‹‹
1048 4960 1327 5040 Ηύχόμην
1361 4960 1461 5036 γάρ
1493 4960 1654 5024 αὐτὸς
1695 4961 1806 5038 ἐγὼ
1845 4960 1978 5015 ἀνα-

322 5066 465 5127 θεμα
495 5056 632 5111 εῗναι
665 5053 773 5110 άπὸ
818 5057 916 5109 τοῦ
970 5054 1230 5126 Χριστοῦ.
1266 5074 1295 5102 »
1351 5051 1494 5125 Ὅρα
1548 5052 1646 5119 τήν
1704 5049 1972 5105 ἐπίτασιν·

317 5145 423 5202 οὐκ
453 5145 620 5217 εἶπεν,
643 5139 1026 5216 Ἥῦουλόμην,
1057 5139 1207 5208 ἀλλ’,
1240 5163 1265 5194 ιι
1285 5139 1576 5216 ιιύχόμην.
1613 5167 1635 5195 ι
1665 5171 1732 5182 -
1762 5139 1974 5217 [ΦΩΤ.]

313 5237 416 5295 Ὀν
450 5232 606 5292 οὖδὶν
667 5233 882 5290 δύναται
943 5231 1181 5308 χωρίσαι
1230 5235 1332 5300 τῆς
1391 5229 1607 5305 ἀγάπης
1666 5233 1765 5285 τοῦ
1817 5235 1973 5299 Θεοῦ,

312 5327 379 5383 ού
412 5327 643 5391 θάνατος
678 5322 1105 5396 ἀπειλούμενος,
1161 5319 1225 5375 οὐ
1273 5321 1386 5390 ζωή
1437 5319 1857 5392 προτεινομένοις,
1909 5320 1970 5377 οὔ

312 5417 384 5474 τὰ
411 5416 616 5483 ἒκεῖθιν
647 5413 860 5484 ἁπλῶς,
894 5411 972 5468 ού
1000 5411 1066 5466 τὰ
1125 5408 1372 5478 ἐνταῦθα,
1433 5408 1547 5488 οὐχ
1576 5409 1709 5483 ὅπερ
1769 5408 1828 5464 ἄν
1886 5431 1971 5474 τις

312 5505 612 5585 ἐπινοησῃο
647 5503 736 5563 διὰ
762 5507 927 5563 τοῦτο
953 5501 1054 5578 γάρ
1110 5499 1202 5557 καὶ
1251 5498 1524 5578 ’Λγγὲλων
1577 5498 1818 5575 ἐμνήσθη
1876 5498 1967 5558 καὶ

308 5598 632 5675 Δυνάμεων,
657 5595 748 5654 καὶ
783 5594 982 5672 βάθους
1029 5592 1122 5649 καὶ
1182 5588 1376 5665 ὕψους.
1428 5592 1522 5646 ’ον
1570 5589 1749 5647 τοίνυν
1815 5588 1968 5648 ούδὲν

307 5688 552 5772 χωρίσαι
611 5685 852 5756 δύναται,
912 5686 1031 5746 πῶς
1088 5679 1252 5743 αὐτὸς
1310 5679 1572 5743 ἑκουσίως
1628 5679 1963 5763 deploratur;

2173 3322 2320 3374 tione
2357 3319 2455 3390 qui
2487 3334 2612 3373 cum
2641 3317 2898 3388 gentibus
2918 3317 3223 3372 introducti
3254 3322 3404 3372 sunt.

2179 3427 2478 3481 Veritatem
2508 3425 2626 3481 dico
2661 3442 2765 3496 per
2795 3425 3091 3500 Christum,
3123 3440 3232 3479 non
3272 3425 3505 3480 mentior
3538 3439 3552 3479 :
3584 3430 3753 3480 attes-

2100 3525 2251 3574 tante
2278 3534 2393 3572 una
2420 3533 2629 3572 mecum
2659 3517 2993 3573 conscientia
3040 3531 3160 3571 mea
3190 3517 3249 3570 in
3301 3514 3520 3585 Spiritu
3546 3522 3758 3571 sancto.

2098 3609 2252 3679 quod
2279 3609 2514 3662 tristitia
2542 3608 2680 3662 mihi
2698 3608 2769 3662 sit
2796 3622 3002 3676 magna
3032 3612 3083 3660 et
3114 3606 3404 3660 continuus
3425 3604 3757 3661 dotor820

2098 3697 2252 3753 cordi
2279 3713 2419 3753 meo.
2451 3697 2704 3768 Optarim
2732 3698 2877 3751 enim
2908 3711 3008 3765 ego
3046 3694 3166 3764 ipse
3212 3695 3508 3750 anathema
3561 3710 3672 3750 esse
3718 3711 3755 3752 a

2100 3786 2312 3842 Christo
2341 3801 2446 3857 pro
2476 3785 2754 3854 fratribus
2784 3786 2917 3840 meis
2954 3786 3053 3855 qui
3083 3783 3220 3838 mihi
3250 3786 3474 3854 cognati
3499 3790 3629 3839 sunt
3657 3799 3748 3839 se-

2097 3876 2337 3933 cundum
2376 3891 2640 3931 carnem:
2699 3875 2799 3944 qui
2853 3879 2982 3928 sunt
3036 3873 3325 3941 Israelita,
3374 3889 3608 3943 quorum
3665 3879 3750 3930 est

2097 3965 2328 4036 adaptio
2352 3972 2404 4020 et
2435 3966 2620 4036 gloria
2651 3970 2703 4019 et
2733 3968 3113 4019 testamentum
3141 3978 3208 4018 ac
3239 3961 3511 4031 legistatio
3542 3962 3755 4019 cultus-

2097 4074 2200 4128 que
2231 4063 2283 4111 et
2307 4057 2694 4128 promissiones
2725 4070 2744 4109 :
2773 4070 3010 4126 quorum
3066 4058 3194 4108 sunt
3237 4059 3448 4124 patres,
3498 4055 3651 4125 iique
3680 4069 3752 4109 ea:

2095 4146 2296 4218 quibus
2323 4152 2402 4202 est
2434 4146 2678 4204 Christus
2703 4143 2847 4216 quod
2895 4145 2968 4199 ad
3015 4159 3232 4199 carnem
3263 4145 3484 4212 attinet,
3511 4145 3613 4216 qui
3673 4151 3753 4200 est

2093 4253 2260 4308 super
2288 4235 2479 4293 omnia
2507 4237 2649 4293 Deus
2679 4235 2991 4291 benedictus
3020 4235 3081 4288 in
3107 4233 3325 4290 secuta.
3351 4233 3536 4290 Amen.

2165 4517 2437 4590 Magnum
2465 4522 2556 4573 est
2587 4516 2746 4589 quod
2778 4515 2976 4572 dicere
3006 4519 3178 4587 parat
3211 4530 3224 4569 :
3257 4513 3390 4570 ideo
3420 4514 3574 4571 viam
3608 4533 3756 4588 prae-

2091 4606 2269 4662 struit
2297 4613 2364 4662 ut
2387 4605 2565 4662 fidem
2598 4605 2795 4673 faciat,
2829 4610 2949 4661 tres
2979 4603 3316 4676 producens
3349 4607 3551 4673 testes,
3584 4606 3754 4662 Chri-

2093 4695 2567 4768 stum,Spiritum
2594 4700 2866 4752 sanctum
2891 4710 2958 4749 ac
2971 4693 3276 4766 propriam
3288 4694 3741 4752 conscientiam.

2092 4784 2236 4840 Vide
2277 4791 2498 4840 autem.
2534 4807 2562 4835 «
2600 4785 2941 4848 Veritatem,
2995 4782 3210 4852 inquit,
3263 4781 3394 4836 dico
3443 4798 3550 4855 per
3578 4784 3746 4840 Chrio

2091 4880 2271 4936 stum.
2303 4890 2413 4930 nec
2458 4875 2736 4938 mentior,
2771 4879 2829 4928 et
2858 4873 2919 4927 in
2955 4871 3066 4926 hoc
3097 4869 3243 4926 mihi
3279 4871 3446 4927 testis
3487 4878 3578 4929 est
3603 4889 3750 4931 con-

2091 4964 2340 5021 scientia
2370 4962 2550 5019 simul
2581 4979 2716 5019 cum
2747 4961 2970 5034 Spiritu
3000 4965 3228 5016 sancto.
3254 4982 3283 5010 »
3310 4988 3380 5001 —-
3413 4982 3438 5014 ιτ
3473 4963 3744 5035 Optarim

2088 5054 2408 5111 anathema
2437 5069 2566 5109 esse
2597 5070 2631 5110 a
2660 5053 2914 5109 Christo.
2951 5073 2980 5102 ››
3016 5049 3157 5105 Vide
3196 5053 3743 5124 exaggerationem.

2087 5143 2394 5216 Siquidem
2424 5159 2545 5199 non
2577 5143 2744 5207 dixit,
2766 5140 2981 5206 Velim,
3014 5138 3118 5196 sed
3142 5162 3169 5190 ‹‹
3194 5140 3475 5212 Optarim.
3505 5164 3534 5194 »
3556 5144 3746 5210 Quem

2085 5234 2238 5289 nihil
2267 5238 2463 5306 potest
2509 5249 2545 5288 a
2573 5231 2895 5289 dilectione
2945 5231 3049 5286 Dei
3081 5245 3384 5302 separare,
3424 5247 3546 5288 non
3577 5249 3741 5293 mors

2085 5325 2596 5391 comminata,non
2626 5325 2744 5379 vita
2771 5319 3146 5394 prolongata,
3171 5326 3388 5386 non,ut
3420 5335 3540 5379 uno
3561 5325 3740 5383 verbo

2083 5411 2298 5481 dicam,
2330 5413 2422 5469 vel
2453 5430 2585 5486 quas
2617 5429 2650 5469 a
2687 5413 2888 5469 futuro
2942 5415 3084 5466 sunt
3131 5410 3373 5480 smculo,
3423 5412 3514 5468 vel
3545 5427 3678 5486 qua:
3710 5436 3744 5474 a

2079 5503 2384 5576 praesenti,
2417 5519 2537 5560 non
2569 5500 2864 5576 quidquid
2905 5503 3103 5573 potest
3159 5501 3455 5574 quispiam
3485 5507 3734 5562 commi-

2078 5593 2228 5650 nisci
2262 5609 2276 5650 :
2310 5592 2385 5650 ob
2414 5594 2526 5650 hoc
2557 5594 2720 5650 enim
2741 5597 2801 5649 et
2828 5589 3189 5665 Angelorum
3211 5592 3506 5661 meminit,
3533 5601 3590 5650 et
3620 5613 3729 5668 po-

2075 5687 2360 5741 testatum
2391 5689 2450 5740 et
2479 5682 2903 5756 profunditatis
2920 5686 2978 5738 et
2993 5677 3330 5738 altitudinis
3351 5698 3364 5735 :
3389 5697 3566 5752 quem
3586 5699 3722 5756 ergo
