4114 6384
361 299 481 361 499

1483 297 1895 361 CECUMENII
1941 296 2250 360 TRICCIE
2300 297 2653 360 EPISCOPI

3669 298 3794 359 500

369 429 523 489 nihil
549 447 822 503 separare
852 432 1371 503 potest.quomodo
1397 433 1521 506 ipse
1552 433 1709 489 ultro
1741 432 2013 501 discedit,

2149 429 2218 486 ιαὶ
2248 435 2416 486 ταῦτα
2449 432 2580 507 ὑπὲρ
2611 435 2717 486 τῶν
2750 431 2886 486 κατά
2915 431 3086 502 σάρκα
3117 434 3384 506 συγγενῶν
3422 448 3436 498 ;
3468 429 3560 485 καὶ
3592 427 3656 484 οὐ
3683 437 3790 502 μσ.

372 521 550 594 idque
584 527 827 593 propter
881 528 1162 594 cognatos
1223 523 1550 579 secundum
1585 539 1827 579 carnem
1852 521 1880 578 ‘i
1910 525 2025 578 Nec

373 613 565 668 solum
598 609 752 666 ultro
787 613 1228 683 separatur,sed
1251 621 1308 670 et
1339 615 1708 687 concupiscit
1736 632 1804 671 ac
1829 614 2026 686 requi-

371 699 450 757 rit
477 706 535 755 et
565 706 730 771 optat
757 703 1018 772 separari
1053 719 1087 757 a
1147 703 1244 758 Dei
1279 701 1597 760 dilectione
1628 720 1640 759 :
1675 726 1702 754 ‹‹
1737 704 2020 775 Optarim,

371 791 588 864 inquit,
623 807 727 865 ego
782 793 908 864 ipse
940 795 1260 851 anathema
1304 813 1432 852 esse
1464 813 1497 851 a
1528 796 1779 851 Christo.
1816 820 1843 844 ››
1875 793 2027 861 Quid

370 882 554 954 igitur
585 888 674 937 est
702 883 812 937 hoc
834 882 862 939 ‘2
888 884 1191 948 Quomodo
1225 887 1573 960 contingent
1622 903 1691 942 ea
1723 903 1853 957 quae
1889 890 2028 940 sunt

369 971 770 1043 impossibilia
798 971 825 1027 ?
857 973 1120 1029 Primum
1154 975 1393 1046 quidem
1447 977 1703 1030 dicimus
1752 977 1876 1030 liaac
1907 992 2026 1030 non

370 1077 500 1116 esse
533 1063 1055 1134 contrariaNeque
1073 1065 1230 1119 enim
1259 1067 1621 1121 contrarium
1649 1065 1833 1120 estita
1853 1064 2026 1121 Chri-

373 1156 533 1206 stum
569 1150 835 1223 diligere,
870 1159 934 1206 ut
969 1170 1162 1224 neque
1197 1171 1302 1226 per
1325 1155 1906 1228 supplicium,neque
1924 1173 2029 1228 per

378 1239 564 1295 ullam
595 1241 1056 1312 promissionem
1090 1244 1352 1315 separari
1385 1246 1578 1317 possis
1610 1247 1682 1301 ab
1719 1247 1848 1318 ejus
1879 1245 2026 1301 dile-

373 1329 594 1398 ctione,
673 1337 730 1386 et
806 1331 886 1386 ita
961 1332 1208 1405 diligere
1289 1334 1647 1404 proximum,
1720 1342 1786 1391 ut
1840 1336 2029 1407 ipsius

374 1419 626 1475 salutem
658 1421 950 1492 aequalem
965 1422 1145 1478 ducas
1165 1424 1403 1496 prOprio
1431 1425 1606 1480 saluti
1632 1426 1750 1481 imo
1771 1431 1829 1481 et
1852 1426 2031 1497 majo-

371 1524 518 1564 rem.
555 1511 679 1564 Non
739 1515 878 1564 sunt
936 1527 1070 1584 ergo
1104 1513 1229 1568 haac
1287 1516 1602 1584 contraria,
1656 1515 1801 1586 quin
1833 1515 2029 1587 potius

377 1597 486 1653 sibi
549 1599 802 1654 invicem
837 1602 1016 1656 etiam
1076 1602 1424 1659 conformia.
1473 1607 1618 1660 Nam
1652 1606 1753 1676 qui
1789 1607 2026 1660 fratrem

376 1704 547 1743 suum
579 1687 1120 1762 diligit,Dominum
1154 1709 1389 1765 quoque
1415 1694 1692 1767 diligit,et
1713 1695 2018 1750 ediverso.

377 1798 405 1825 ιι
440 1777 505 1831 In
540 1777 671 1846 hoc,
698 1778 912 1849 inquit,
946 1789 1308 1853 cognoscent
1345 1799 1553 1838 omnes
1586 1783 1743 1854 quod
1768 1784 1882 1838 mei
1907 1783 2029 1838 dis-

377 1865 558 1938 cipuli
592 1867 723 1922 sitis
755 1868 802 1924 si
848 1867 1176 1926 dilexeritis
1225 1872 1478 1928 invicem
1509 1874 1574 1927 37.
1617 1896 1644 1924 »
1682 1876 1810 1945 Ipse
1852 1874 2031 1929 etiam

376 1954 597 2010 Paulus
633 1955 821 2012 dicit:
855 1981 882 2008 «
919 1958 1234 2016 Plenitudo
1289 1961 1435 2033 legis
1487 1968 1579 2018 est
1631 1963 1871 2018 dilectio
1902 1961 1969 2017 ³⁸.
2000 1984 2028 2014 »

376 2044 750 2116 Rursumque
774 2047 1062 2103 Dominus
1086 2049 1157 2104 de
1179 2049 1497 2106 dilectione
1521 2051 1580 2105 in
1601 2053 1786 2107 Deum
1820 2058 1875 2107 et
1893 2068 2028 2124 pro-

373 2132 599 2188 ximum
631 2149 645 2190 :
675 2159 694 2183 ι
722 2136 788 2191 In
823 2135 1402 2209 his,inquit,duobus
1419 2141 1734 2212 praeceptis
1756 2142 2033 2197 universa

376 2221 470 2278 lex
520 2228 578 2278 et
620 2225 925 2296 prOphetaa
964 2227 1231 2298 pendent
1259 2230 1324 2297 3°,
1359 2252 1386 2279 ››
1414 2231 1562 2286 821
1599 2236 1663 2284 ut
1693 2247 1824 2302 qum
1857 2235 2035 2303 caput

379 2317 520 2368 sunt
545 2313 817 2370 omnium
850 2315 1476 2387 aliorum,dilectionis
1508 2327 1567 2375 et
1594 2320 1656 2375 in
1680 2321 1866 2376 Deum
1893 2327 1950 2375 et
1972 2321 2032 2376 in

378 2401 734 2473 proximum.

456 2491 668 2562 Utique
712 2491 868 2548 dicet
917 2494 1184 2568 aliquis:
1230 2498 1406 2569 Atqui
1464 2499 1576 2554 hoc
1634 2498 1762 2554 loco
1804 2498 2036 2554 videtur

382 2596 731 2652 praeponere
745 2581 1124 2638 dilectionem
1143 2587 1549 2656 proximorum
1567 2587 1873 2643 dilectioni
1899 2604 2036 2656 erga

383 2670 570 2725 Deum
605 2688 618 2725 :
655 2677 712 2726 et
733 2673 891 2728 hunc
923 2679 1087 2745 optat
1119 2692 1358 2748 negare,
1382 2683 1456 2737 ,ut
1487 2677 1622 2733 illos
1658 2678 1990 2734 lucrifaciat
2019 2695 2033 2736 :

380 2759 648 2815 Christus
670 2777 805 2816 vero
839 2761 983 2818 dicit
1007 2779 1020 2818 :
1055 2789 1080 2814 ι(
1109 2766 1215 2829 Qui
1239 2771 1399 2821 amat
1424 2773 1649 2838 patrem
1671 2774 2036 2823 autmatrem

379 2865 560 2921 supra
589 2866 704 2918 me,
732 2868 853 2906 non
878 2859 968 2908 est
988 2853 1203 2926 dignus
1225 2856 1296 2912 ⁴⁰.
1314 2877 1338 2906 ι
1361 2860 1434 2910 At
1464 2873 1583 2912 non
1617 2863 1705 2912 est
1727 2858 1837 2913 hoc
1860 2873 2040 2929 supra

378 2938 680 2995 Christum
706 2944 1077 2999 amare.Nam
1107 2945 1249 3016 quid
1279 2953 1403 3002 erat
1426 2946 1561 3002 illos
1588 2947 2038 3020 amare?nempe

376 3028 704 3086 familiares
760 3032 896 3088 illos
955 3035 1191 3090 efﬁcere
1249 3037 1504 3093 Christo.
1557 3037 1863 3104 Quomodo
1899 3054 2038 3110 ergo

381 3127 584 3192 posset
613 3121 749 3177 illos
779 3139 979 3179 amare
1030 3141 1209 3197 supra
1256 3127 1578 3196 Christum,
1612 3146 1746 3184 cum
1796 3129 1932 3184 illos
1963 3127 2037 3183 ad

386 3209 603 3266 Christi
635 3228 899 3268 amorem
923 3231 992 3270 ac
1022 3215 1425 3274 obedientiam
1458 3219 1694 3275 trahere
1715 3217 2038 3275 studebat?

393 3299 573 3372 Magis
606 3303 766 3356 enim
789 3309 880 3358 est
913 3305 1154 3361 verbum
1183 3308 1450 3379 ejus,qui
1485 3308 1768 3364 eximium
1787 3308 2049 3364 ostendit

395 3407 661 3446 amorem
687 3409 866 3463 quem
902 3394 1157 3451 habebat
1178 3412 1314 3470 erga
1344 3398 1955 3470 Christum,quoniam
1978 3398 2052 3454 si-

397 3479 524 3535 mul
557 3486 617 3536 et
636 3480 785 3537 alios
807 3483 880 3538 ad
905 3483 1097 3554 ipsum
1123 3486 1914 3559 impellebat.Recte,inquit,
1933 3486 2048 3542 nisi

333 3635 347 3647 ο
399 3569 664 3641 seipsum
721 3587 753 3626 a
807 3572 1038 3629 Christo
1072 3583 1394 3647 separaret,
1438 3578 1642 3634 dicens
1674 3595 1687 3634 :
1723 3602 1751 3628 ‹‹
1785 3578 2049 3649 Optarim

401 3674 508 3731 ego
540 3659 690 3732 ipse.
713 3681 738 3705 ιι
769 3667 878 3718 etc.
903 3663 1050 3728 Quid
1087 3681 1222 3738 ergo
1253 3666 1564 3723 dicemus?
1587 3666 1683 3722 Vel
1702 3666 1858 3738 quod
1883 3666 2050 3722 nullo

397 3747 577 3805 modo
607 3750 870 3823 seipsum
900 3754 1232 3825 separabat,
1258 3773 1454 3826 neque
1486 3757 1646 3812 enim
1675 3757 1824 3812 dixit
1857 3773 1868 3811 :
1903 3758 2050 3828 Opto

396 3838 509 3895 hoc
543 3840 693 3910 fieri,
727 3841 831 3898 sed
862 3844 1136 3900 ardorem
1171 3846 1524 3904 ostendebat
1561 3847 1841 3904 desiderii
1873 3863 2050 3918 quem

397 3946 535 4001 erga
563 3931 862 3988 Christum
899 3934 1174 4004 habebat,
1206 3953 1273 3992 ac
1305 3937 1568 3992 studium
1611 3954 1726 4008 quo
1759 3954 1820 3993 se
1855 3936 2050 4009 despi-

398 4017 616 4087 ciebat,
652 4027 718 4074 ut
746 4039 954 4077 omnes
984 4022 1058 4077 ad
1090 4025 1282 4093 ipsum
1318 4024 2051 4096 adduceret,maximeque

399 4105 654 4162 Judmos.
691 4109 832 4163 Nam
868 4117 926 4164 et
957 4111 1014 4164 hi
1049 4114 1282 4183 cognati
1318 4121 1489 4169 erant
1513 4121 1573 4168 et
1602 4113 1928 4186 plurimum
1960 4131 2054 4168 re-

402 4194 709 4251 sistebant.
743 4198 873 4254 Hrec
908 4199 1087 4271 igitur
1116 4203 1320 4257 volens
1355 4203 2049 4272 demonstrare,dicit:Si

399 4285 683 4356 possibile
715 4295 1084 4360 esset,utper
1117 4308 1304 4346 meam
1332 4293 1724 4364 perditionem
1755 4293 2051 4367 gloriﬁca-

399 4382 637 4431 caretur
665 4375 934 4433 Christus
965 4388 1022 4434 et
1050 4380 1234 4436 Juduri
1267 4383 1407 4438 salvi
1444 4385 1675 4440 fierent.
1709 4399 1904 4454 neque
1941 4384 2051 4440 hoc

399 4463 813 4520 detrectarem.
849 4468 1150 4539 Siquidem
1173 4472 1450 4543 optarim,
1475 4473 1743 4544 inquit,si
1769 4473 2051 4545 possibile

2133 541 2222 574 νον
2257 520 2520 583 ἑκουσίως
2554 519 2873 596 χωρίζεται,
2906 517 3051 576 ἀλλά
3079 520 3168 574 καὶ
3216 519 3472 593 ἐπιθυμεῖ
3523 518 3614 574 καὶ
3669 517 3791 573 ἐπι-

2137 615 2309 681 ζητεῖ,
2339 611 2429 666 καὶ
2460 607 2679 684 εὔχεται
2711 616 3052 686 χωρισθῆναι
3098 614 3198 678 τῆς
3259 607 3474 684 ἀγάπης
3523 613 3622 663 τοῦ
3655 611 3788 685 Χρι-

2136 703 2283 756 στοῦ.
2318 726 2344 752 ‹‹
2383 698 2650 776 Πύχόμην
2678 699 2800 774 γὰρ,
2833 697 3020 779 φησὶν,
3054 698 3216 760 αὐτὸς
3248 696 3357 774 ἐγὼ
3379 698 3618 771 ἀνάθεμα
3651 695 3791 753 εἶναι

2133 790 2240 845 ἀπὸ
2270 794 2365 844 τοῦ
2387 792 2644 863 Χριστοῦ.
2673 814 2700 840 »
2727 790 2786 843 Τί
2805 789 2897 844 οὗν
2928 787 3039 845 ἐστι
3059 792 3222 844 τοῦτο
3249 808 3262 852 ;
3289 790 3415 850 Πῶς
3449 782 3791 861 συμϐήσεται

2135 880 2202 935 τά
2231 874 2594 952 ἀσύμϐαζν]τα
2619 898 2632 947 ;
2666 883 2886 954 Ηρῶτον
2919 878 3014 952 μέν
3039 899 3211 956 φαμεν
3241 878 3322 933 ὃτι
3358 877 3456 932 οὐκ
3486 872 3598 932 ἔστι
3625 881 3794 932 ταῦτα

2135 967 2369 1024 ἐναντία.
2411 968 2487 1025 Οὔ
2523 973 2624 1045 γάρ
2658 966 2798 1023 ἐστιν
2832 967 3069 1023 ἐναντίον
3129 970 3191 1022 τὸ
3253 965 3466 1044 ἀγαπᾷν
3523 967 3616 1022 τὸν
3667 969 3794 1041 Χρι-

2138 1057 2260 1112 στὸν
2295 1059 2492 1126 οὕτως,
2526 1057 2666 1114 ὦστε
2699 1059 2838 1132 μήτε
2897 1054 2986 1112 διὰ
3042 1054 3343 1124 κολάσεως,
3380 1058 3519 1129 μήτε
3549 1052 3621 1111 δι’
3654 1055 3790 1112 ὐπο-

2139 1147 2378 1222 σχέσεως
2435 1147 2612 1218 πάσης
2681 1146 2998 1225 ἀφίστασθαι
3065 1154 3166 1216 τῆς
3199 1145 3414 1220 ἀγάπης
3455 1146 3640 1216 αὐτοῦ,
3702 1147 3793 1201 καὶ

2135 1239 2198 1292 τὸ
2229 1237 2440 1314 ἀγαπᾷν
2482 1239 2576 1292 τὸν
2615 1236 2852 1307 πλησίον
2909 1237 3108 1302 οὕτως,
3165 1235 3303 1292 ὥστε
3357 1236 3455 1304 τήν
3515 1234 3791 1310 σωτηρίαν

2138 1326 2314 1382 αὐτῶν
2345 1323 2468 1398 ξ’σην
2501 1326 2590 1382 καὶ
2623 1326 2846 1400 μείζονα
2872 1333 2973 1396 τῆς
3009 1323 3147 1387 ῗδίας
3180 1329 3430 1404 ἡγεῖσθαι
3490 1324 3792 1400 σωτηρίας.

2139 1416 2349 1474 Οὐκοῦν
2381 1417 2545 1471 ταῦτα
2576 1415 2808 1485 ἐναντία,
2850 1414 2996 1471 ἀλλά
3047 1415 3137 1470 καὶ
3200 1414 3416 1488 μᾶλλον
3477 1411 3792 1486 συνᾴδοντα,

2137 1507 2198 1564 Ὁ
2229 1507 2329 1578 γάρ
2363 1505 2587 1580 ἀγαπῶν
2638 1506 2730 1561 τὸν
2786 1502 3020 1582 ἀδελφὸν
3081 1503 3268 1576 αὐτοῦ,
3326 1505 3508 1582 ἀγαπᾷ
3563 1505 3652 1560 καὶ
3703 1504 3795 1558 τὸν

2139 1596 2436 1664 Δεσπότην,
2480 1596 2568 1650 καὶ
2611 1591 2872 1669 ἔμπαλιν,
2905 1619 2934 1647 ιι
2990 1594 3094 1652 Καὶ
3155 1594 3206 1650 ἐν
3263 1595 3440 1668 τούτῳ
3497 1595 3793 1671 γνώσονται

2138 1684 2332 1746 πάντες
2363 1684 2445 1738 ὅτι
2489 1683 2615 1756 ἐμοὶ
2675 1684 2914 1756 μαθηταί
2973 1682 3112 1754 ἐστε,
3170 1681 3258 1738 ἐὰν
3315 1684 3558 1761 ἀγαπᾶτε
3613 1680 3794 1754 ἀλλή-

2062 1807 2110 1872 B
2140 1772 2294 1836 λους.
2332 1798 2360 1825 ››
2391 1772 2495 1830 Καὶ
2543 1773 2708 1836 αὐτὸς
2759 1774 2787 1827 ὁ
2817 1772 3032 1834 nasia;
3091 1791 3245 1851 φησι·
3315 1799 3342 1827 ι(
3377 1773 3668 1850 Πληρωμα
3698 1777 3797 1828 τοῦ

2138 1864 2336 1937 νόμου,
2367 1865 2402 1933 ἡ
2434 1863 2643 1939 ἀγάπη.
2677 1885 2703 1917 ι
2752 1864 2848 1918 Καὶ
2882 1864 2910 1918 ὁ
2938 1863 3138 1938 Κύριος
3177 1863 3341 1919 πάλιν
3375 1865 3502 1939 περὶ
3559 1870 3662 1933 τῆς
3719 1863 3797 1925 εἷς

2139 1954 2266 2010 Θεὸν
2300 1953 2515 2028 ἀγάπης
2549 1954 2637 2008 καὶ
2670 1960 2770 2023 τῆς
2802 1952 2878 2015 εἰς
2930 1953 3022 2007 τὸν
3056 1952 3318 2024 πλησίον,
3378 1978 3406 2006 ι(
3434 1954 3518 2008 Ἐν
3548 1953 3795 2025 ταύταις,

2138 2044 2295 2124 φησὶ,
2327 2049 2446 2106 ταῖς
2475 2041 2626 2100 δυσὶν
2683 2042 2952 2111 ἐντολαῖς,
2986 2042 3115 2106 ὅλος
3149 2044 3178 2098 ὁ
3207 2043 3376 2118 νόμος
3435 2045 3525 2100 καὶ
3587 2044 3637 2099 οἱ
3668 2065 3801 2120 προς

2140 2144 2328 2216 φῆται,
2361 2163 2389 2190 ››
2425 2137 2502 2200 ὡς
2540 2137 2837 2215 κεφάλαιον
2898 2133 3083 2198 οὔσαις
3141 2141 3248 2191 τῶν
3307 2135 3495 2194 ἄλλων
3553 2137 3800 2212 πάντων,

2138 2231 2236 2292 τῆς
2271 2248 2329 2283 τε
2359 2228 2435 2290 εἰς
2467 2227 2596 2283 Θεὸν
2620 2227 2712 2282 καὶ
2741 2234 2842 2296 τῆς
2872 2225 2950 2288 εἷς
2980 2225 3070 2281 τὸν
3105 2224 3344 2298 πλησίον
3378 2226 3616 2304 ἀγάπης.

2213 2499 2339 2565 Ναὶ,
2373 2497 2554 2575 φησὶν,
2585 2497 2713 2554 ἀλλ’
2743 2496 2972 2554 ἐνταῦθα
3028 2498 3311 2573 προκρίνει
3369 2498 3470 2567 τὴν
3502 2501 3610 2554 τῶν
3641 2497 3798 2569 πλη-

2144 2588 2257 2642 σίον
2287 2588 2528 2662 ἀγάπην,
2559 2595 2663 2658 τῆς
2693 2589 2829 2663 πρὸς
2859 2589 2950 2644 τὸν
2986 2589 3138 2657 Θεὸν,
3179 2587 3267 2643 καὶ
3319 2584 3536 2664 εὔχεται
3595 2585 3798 2643 ἐκεῖνον

2145 2677 2577 2752 ἀπαρνήσασθαι,
2628 2682 2727 2732 τοῦ
2786 2677 3024 2739 ἐκείνους
3080 2673 3364 2752 κερδῆσαι.
3425 2677 3488 2733 Ὀ
3549 2673 3606 2732 δὲ
3664 2678 3800 2750 Χρι-

2145 2767 2268 2826 στὸς
2297 2766 2483 2843 φησὶν,
2534 2791 2561 2816 (ι
2596 2766 2658 2822 Ὁ
2689 2763 2865 2842 φιλῶν
2925 2766 3130 2838 πατέρα
3161 2764 3195 2834 ἢ
3231 2765 3443 2840 μητέρα
3502 2764 3634 2840 ὑπὲρ
3681 2763 3802 2837 ἐμὲ,

2146 2853 2244 2911 οὐκ
2278 2853 2389 2910 ἔστι
2413 2875 2518 2927 μου
2572 2851 2739 2924 ἄξιος.
2778 2879 2804 2900 η
2866 2854 3023 2912 Ἀλλ’
3081 2855 3182 2910 οὐκ
3239 2853 3350 2910 ἔστι
3404 2858 3566 2910 τοῦτο
3627 2851 3807 2932 φιλεῖν

2147 2944 2279 3019 ὑπὲρ
2309 2945 2401 2998 τὸν
2431 2945 2684 3017 Χριστόν.
2739 2942 2808 3000 Τί
2867 2945 2971 3020 γάρ
3023 2944 3092 3014 ἦν
3154 2945 3217 2999 τὸ
3275 2940 3456 3020 φιλεῖν
3517 2942 3804 3014 ἐκείνουςς

2145 3033 2222 3090 Τὸ
2253 3034 2367 3088 οἷον
2399 3033 2679 3088 οἰκειῶσαι
2708 3033 2908 3097 αὐτοὺς
2937 3038 3014 3106 τῷ
3073 3034 3310 3108 Χριστῷ.
3370 3038 3492 3096 Πῶς
3549 3033 3641 3088 οὖν
3692 3029 3810 3089 ἔστι

2151 3122 2328 3197 φιλεῖν
2397 3119 2632 3186 ἐκείνους
2689 3122 2820 3199 ὑπὲρ
2851 3123 2942 3178 τὸν
3002 3124 3263 3198 Χριστὸν,
3321 3123 3462 3178 ὅπου
3519 3121 3803 3184 κάκείνους

2156 3211 2232 3275 εἰς
2269 3214 2370 3282 την
2412 3211 2600 3289 φιλίαν
2659 3213 2749 3268 καὶ
2809 3213 3052 3282 ὑπακοήν
3127 3212 3349 3268 ἑλκύσαι
3435 3207 3659 3269 ἔσπευδε
3711 3217 3811 3268 τοῦ

2157 3301 2392 3378 Χριστοῦ
2425 3323 2438 3371 ;
2475 3301 2706 3358 Μᾶλλον
2766 3303 2870 3378 γάρ
2925 3301 3322 3364 ἐπιδεικν·5ντος
3379 3303 3480 3372 τήν
3515 3296 3802 3380 ὑπερϐάλο-

2158 3390 2360 3448 λουσαν
2389 3390 2605 3466 ἀγάπην
2634 3390 2700 3459 ἢν
2734 3392 2885 3467 εἶχεν
2919 3391 2995 3456 είς
3035 3392 3289 3466 Χριστὸν,
3326 3393 3408 3447 δτι
3439 3394 3528 3447 καὶ
3591 3392 3806 3468 ἑτέρους

2158 3478 2481 3552 συνήλαυνεν
2510 3479 2585 3542 είς
2646 3480 2827 3540 αὐτόν.
2891 3482 3016 3552 Ναὶ,
3078 3482 3262 3558 φησὶν,
3319 3481 3365 3536 εί
3430 3482 3506 3556 μὴ
3544 3481 3807 3558 ἐχώριζεν

2157 3571 2346 3628 ἑαυτὸν
2373 3575 2469 3626 τοῦ
2504 3575 2766 3647 Χριστοῦ,
2796 3569 2991 3648 λέγων’
3029 3597 3055 3624 ‹‹
3085 3571 3358 3647 Ηῦχόμην
3391 3571 3555 3634 αὐτὸς
3615 3571 3742 3648 ἐγὼ,
3777 3595 3806 3624 υ

2157 3663 2244 3716 καὶ
2287 3660 2430 3732 ἑξῆς.
2489 3661 2550 3715 Τί
2608 3661 2700 3717 οὗν
2743 3681 2960 3736 ααμενς
3020 3663 3089 3718 Ἢ
3149 3657 3232 3717 ὅτι
3285 3662 3360 3735 μὴ
3419 3661 3651 3738 γένοιτο,
3710 3661 3811 3717 οὐκ

2159 3751 2440 3827 ἰχώριζενε
2503 3751 2566 3806 οὐ
2629 3751 2729 3828 γάρ
2789 3751 2959 3816 εἶπεν,
3020 3747 3276 3827 Εὕχομαι
3328 3754 3491 3807 τοῦτο
3546 3749 3808 3827 γενέσθαι,

2159 3839 2304 3896 ἀλλὰ
2333 3841 2394 3896 τὸ
2427 3838 2685 3917 διάπυρον
2717 3845 2815 3896 τοῦ
2844 3841 3015 3896 πόθου
3047 3840 3180 3916 ὅπερ
3229 3840 3366 3917 πρὸς
3416 3841 3506 3896 τὸν
3576 3841 3806 3914 Χριστὸν

2159 3930 2328 4006 εἶχεν,
2358 3929 2448 3985 καὶ
2479 3932 2578 4000 την
2611 3927 2851 4000 σπουδὴν
2905 3931 2970 4000 ἢν
3004 3925 3375 3986 κατεϐάλλετο
3433 3928 3508 3992 εἷς
3537 3929 3599 3983 τὸ
3631 3949 3804 4003 προσ-

2159 4027 2374 4097 αγαγεῖν
2407 4023 2607 4084 πάντας
2663 4021 2831 4094 αὐτῷ,
2870 4021 2961 4078 καὶ
3015 4020 3252 4095 μάλιστα
3307 4022 3430 4082 τοὺς
3483 4014 3800 4079 Ἰουδαίους·

2160 4115 2438 4190 οὖτοιγάρ
2469 4115 2559 4169 καὶ
2615 4119 2909 4191 συγγενεῖς,
2967 4115 3057 4169 καὶ
3120 4111 3351 4188 μάλιστα
3402 4109 3802 4174 ἀντιπίπτοντες

2159 4202 2476 4279 ἐτύγχανον.
2536 4207 2720 4261 Ταῦτα
2769 4205 2859 4259 οὖν
2894 4212 3232 4278 παραστῆσαι
3291 4199 3654 4279 βουλόμενος,
3690 4221 3801 4277 φη-

2159 4293 2264 4360 σῖν,
2293 4293 2374 4349 ὅτι
2406 4294 2470 4350 Εἰ
2499 4296 2563 4363 ἦν
2597 4291 2820 4350 δυνατὸν
2854 4291 2945 4349 διά
2990 4301 3088 4364 τῆς
3132 4293 3271 4368 ἐμῆς
3304 4291 3582 4353 ἀπωλείας
3640 4287 3803 4359 δοξα-

2159 4387 2350 4452 σθῆναι
2406 4385 2500 4440 τὸν
2563 4386 2792 4458 Χριστὸν
2851 4384 2941 4440 καὶ
3001 4393 3241 4456 σωθῆναι
3300 4385 3424 4448 τοὺς
3479 4379 3802 4452 Ἰουδαίους,

2159 4469 2283 4527 οὐδὲ
2311 4471 2473 4528 τοῦτο
2537 4473 2594 4528 ἃν
2652 4473 3082 4550 παρῃτησάμην.
3136 4474 3414 4551 Ηύχόμην
3463 4471 3803 4550 γὰρ,ιρησῖν,

399 4561 576 4624 esset,
610 4555 657 4610 si
690 4555 918 4626 liceret,
942 4559 1154 4614 simihi
1191 4563 1314 4616 hinc
1348 4563 1506 4634 optio
1534 4563 1809 4618 daretur:
1841 4563 2038 4619 Utrum

2156 4561 2203 4618 εἷ’
2235 4561 2516 4638 ἐνεχώρει,
2551 4562 2595 4619 εἰ
2628 4563 2929 4640 ἐνεδέχετο,
2963 4563 3014 4620 εἷ’
3057 4585 3139 4628 τις
3203 4586 3298 4640 μοι
3365 4561 3566 4633 ταύτην
3625 4557 3805 4617 ἐδίδου

397 4646 565 4716 cupis
596 4647 797 4703 dirimi
829 4665 862 4704 a
891 4651 1144 4722 Christo,
1178 4661 1245 4709 ut
1275 4654 1472 4709 omnis
1503 4655 1664 4710 natio
1707 4655 2047 4711 Judaeorum

397 4736 658 4807 uniatur,
690 4739 1076 4812 Christusque
1107 4743 1490 4816 gloriﬁcetur,
1533 4751 1591 4800 et
1619 4745 2048 4818 promissiones

397 4827 587 4884 Patris
613 4831 1026 4903 compleantur
1054 4834 1081 4889 εἶ
1111 4851 1187 4890 an
1218 4835 1280 4890 in
1312 4835 1425 4892 hac
1454 4835 1677 4892 unione
1710 4842 1941 4906 esse,ut
1962 4835 2047 4892 sic

396 4921 521 4971 tota
545 4919 705 4974 natio
737 4921 1075 4978 Judzeorum
1109 4924 1386 4981 seditiose
1418 4931 1551 4999 agat
1578 4941 1647 4981 ac
1683 4931 1994 4997 separetur
2019 4922 2047 4978 ‘2

398 5003 448 5057 si
499 5021 636 5078 ergo
684 5009 810 5064 haec
863 5021 1360 5084 proponerentur,
1412 5015 1778 5086 praeferrem,
1830 5013 2044 5084 inquit,

397 5092 610 5148 Christi
643 5096 892 5167 gloriam
927 5102 1372 5174 multorumque
1403 5103 1658 5158 salutem
1696 5118 1874 5172 quam
1907 5119 2044 5172 pro-

395 5181 608 5251 priam.
649 5185 819 5242 Vides
849 5190 1123 5246 eximium
1151 5193 1364 5247 Christi
1392 5207 1653 5248 amorem
1677 5190 1706 5246 ‘2
1728 5193 2044 5262 Postquam

392 5269 466 5323 ab
498 5273 775 5330 omnibus
809 5294 938 5347 qua:
972 5289 1132 5350 sunt,
1176 5282 1392 5336 Christi
1442 5297 1708 5337 amorem
1752 5281 2042 5353 osrendit,

393 5362 668 5417 eumdem
697 5381 856 5421 nunc
913 5368 1284 5427 demonstrat
1313 5371 1386 5426 ab
1419 5371 1512 5428 his
1543 5389 1675 5443 quoa
1733 5388 1855 5427 non
1885 5377 2043 5442 sunt,

393 5452 682 5525 sexjuxta
702 5455 1079 5528 hypolhesim
1096 5461 1586 5534 periutellectum
1605 5469 2040 5536 supponuntur.

2157 4653 2258 4721 την
2283 4652 2506 4728 αἶ’ρεσιν.
2543 4652 2774 4729 Πότερον
2838 4653 3032 4730 βούλει
3086 4652 3371 4725 διαστῆναι
3429 4655 3688 4728 Χριστοῦ,
3716 4650 3808 4706 ἳνα

2158 4747 2261 4796 πᾶν
2306 4743 2368 4797 τὸ
2401 4738 2674 4800 ⁹ίουδαίων
2729 4740 2880 4806 ἔθνος
2936 4744 3134 4819 ἒνωθῇ,
3184 4744 3274 4799 καὶ
3334 4742 3570 4816 δοξασθῇ
3609 4742 3639 4796 ὁ
3669 4741 3804 4817 Χρι-

2159 4831 2306 4898 στὸς,
2336 4833 2424 4887 καὶ
2463 4831 2822 4908 πληρωθῶσιν
2852 4835 2905 4888 αἱ
2945 4831 3266 4910 ἐπαγγελίαι
3323 4835 3421 4889 τοῦ
3477 4831 3686 4908 Πατρός
3721 4847 3736 4901 ἶ
3767 4831 3803 4900 ἢ

2158 4921 2210 4978 ἑν
2237 4922 2404 4998 ταύτῃ
2436 4928 2506 4999 τῇ
2537 4923 2724 4980 ἆνώσει
2757 4923 3060 5001 [εἶναι],⁹ίνα
3088 4927 3151 4981 τὸ
3182 4921 3461 4984 Ἰουδαίων
3489 4917 3645 4984 ἔθνος
3677 4941 3808 4978 σταο

2158 5012 2314 5086 σιάζῃ
2347 5013 2438 5068 καὶ
2506 5012 2795 5081 διίσταται,
2855 5015 2944 5070 καὶ
3005 5014 3405 5092 βλατφημῆται
3462 5013 3489 5065 δ
3523 5011 3806 5085 Χριστόςί

2156 5101 2338 5159 Εἰοῦν
2368 5106 2536 5158 ταῦτα
2585 5106 2882 5178 προετίθει,
2937 5105 3287 5178 προετίμησα
3344 5101 3428 5168 ἂν,
3488 5099 3644 5176 φησῇ
3705 5099 3809 5171 τήν

2157 5186 2312 5262 δόξαν
2343 5192 2579 5268 Χριστοῦ
2608 5193 2698 5250 καὶ
2749 5194 2852 5262 τήν
2906 5198 3014 5250 τῶν
3070 5191 3301 5250 πολλῶν
3353 5189 3652 5265 σωτηρίαν,
3708 5190 3812 5256 τῆς

2156 5277 2317 5344 ἶδιας.
2351 5279 2506 5343 Εἶδες
2538 5275 2850 5356 ὑπερϐολὴν
2881 5283 3203 5361 ἀγαπήσεως
3239 5281 3477 5358 Χριστοῦ
3511 5296 3528 5348 ;
3584 5272 3807 5348 Ἐπειδὴ

2156 5368 2216 5425 ἐκ
2263 5373 2373 5425 τῶν
2433 5367 2596 5426 ὄντῶν
2655 5370 2868 5426 πάντων
2919 5375 3017 5443 την
3074 5372 3291 5448 ἀγάπην
3368 5366 3650 5440 ἑπεδίξατο
3705 5370 3804 5422 τοῦ

2155 5459 2414 5536 Χριστοῦ,
2446 5464 2536 5515 νῦν
2564 5460 2652 5515 καὶ
2685 5459 2745 5516 ἐκ
2801 5462 2907 5518 τῶν
2963 5465 3038 5537 μή
3074 5461 3243 5520 ὄντων
3309 5461 3428 5538 μὶν,
3484 5459 3603 5516 καθ’
3667 5455 3800 5514 ὑπό-

461 5621 508 5660 ³⁷
536 5623 701 5684 Joan.
729 5644 854 5694 xm,
887 5630 973 5686 34.
1007 5630 1054 5668 ⁸⁸
1086 5634 1251 5692 Rom.
1284 5651 1408 5703 xm,
1443 5637 1528 5690 10.
1562 5633 1610 5670 ³9
1641 5635 1838 5693 Matth.
1873 5651 2007 5701 nn,

2159 5633 2205 5690 Ψ
2234 5634 2436 5694 Matth.
2464 5652 2521 5704 Χ,
2555 5637 2642 5693 37.
