4114 6410
367 387 484 448 501

1457 381 1880 446 COMMENT.
1929 377 2291 440 lN‘EPIST.
2339 379 2442 439 AD
2487 379 2684 440 ROM.

3621 381 3798 449 ,ωε

368 528 514 583 θεσιν
555 514 614 573 δὶ
669 511 1128 591 λαμϐανομένων,
1187 511 1276 572 διὰ
1333 519 1430 572 τοῦ
1487 517 1768 589 νοήματος
1820 512 1998 570 τούτοι

2144 513 2329 568 Meam
2363 513 2545 568 etiam
2576 511 3053 585 salutem,inquit
3082 513 3141 568 in
3173 513 3484 586 hypothesi
3515 514 3590 570 ob
3607 515 3796 588 ipsius

364 608 568 677 ταύτην
602 607 957 685 παρίστησιν,
988 606 1074 664 ὅτι
1137 607 1232 664 Καὶ
1287 609 1388 678 τὴν
1445 605 1586 681 ἆμὴν
1645 603 1918 681 σωτηρίαν
1974 603 2026 658 ἐν

372 696 647 768 ὑποθέσει,
680 698 814 774 ὑπὲρ
842 703 945 768 τῆς
1001 693 1164 768 δόξης
1221 695 1389 753 αὐτοῦ
1440 696 1672 767 καὶτῆς
1730 695 1807 758 εἰς
1864 693 2024 750 αὐτὸν

365 791 474 844 τῶν
504 784 792 844 Ἰουδαίων
825 785 1183 864 ἐπιστροφῆς,
1221 780 1610 860 κατεϐαλὸμην
1665 785 1750 843 ἄν.
1784 783 1883 840 Καὶ
1924 783 2025 860 γὰρ

368 871 724 949 διιστάμενος
783 873 1001 939 Παῦλος
1071 875 1206 952 ὑπὶρ
1257 882 1360 946 τῆς
1417 872 1580 946 δόξης
1634 876 1733 930 τοῦ
1788 873 2026 949 Χριστοῦ

361 965 455 1022 καὶ
495 972 599 1035 τῆς
629 965 682 1022 ἑν
713 965 864 1038 αὐτῷ
891 970 1000 1021 τῶν
1030 963 1306 1023 Ἰουδαίων
1355 965 1617 1036 ἑνώσεως,
1680 965 1808 1039 ῥᾷον
1857 961 2024 1018 πάλιν

367 1056 572 1125 ὴνοῦτο
603 1056 692 1111 καὶ
731 1057 1061 1127 συνγςπτετο,
1093 1053 1277 1132 ὥσπερ
1306 1077 1390 1119 τις
1434 1053 1624 1117 πῶλος
1685 1055 1876 1128 μικρὸν
1924 1058 2025 1122 τῆς

368 1146 580 1221 μητρὸς
643 1145 1032 1210 ἀποσπασθείςο
1118 1146 1212 1202 καὶ
1292 1147 1466 1207 οὕτως
1523 1145 1689 1200 πάλιν
1745 1143 1906 1206 αὐτός
1963 1163 2022 1198 τε

355 1233 617 1305 ἰσώζετο,
649 1256 738 1289 και
771 1236 800 1290 ὁ
832 1234 1062 1309 λριστὸς
1093 1234 1181 1290 ἐπὶ
1225 1234 1392 1291 πλέον
1460 1235 1756 1311 ἐγοξάζετο,
1816 1233 1905 1288 καὶ
1958 1235 2020 1289 τὸ

353 1321 638 1382 Ἰουδαίων
669 1322 822 1390 ἔθνος
862 1324 1116 1397 ἐσώζετο,
1145 1324 1236 1380 καὶ
1293 1326 1349 1380 αἱ
1405 1321 1669 1393 διαθῆκαι
1716 1323 1805 1378 καὶ
1851 1323 2017 1401 ἐπαγ-

351 1412 533 1492 γελίαι
569 1414 648 1478 εἱς
705 1414 872 1491 πέρας
926 1413 1193 1490 ἤρχοντο.
1266 1413 1493 1472 Μᾶλλον
1550 1411 1628 1483 δὲ,
1693 1414 1868 1476 οὓτως
1925 1413 2015 1468 καὶ

351 1503 441 1560 ἐπὶ
491 1503 712 1568 τοότοις
774 1502 1148 1577 διιστάμενος,
1209 1503 1271 1560 οὐ
1329 1502 1592 1574 διίστατο,
1643 1502 1790 1559 ἀλλᾶ
1846 1502 2013 1559 πλέον

349 1597 570 1664 ὴνοῦτο.
603 1599 681 1652 Ἥ
732 1593 794 1648 οὐ
851 1591 1007 1649 δοκεῖ
1064 1616 1150 1649 σοι
1207 1594 1297 1650 ὅτε
1351 1595 1620 1668 Τιμόθεον
1679 1593 2016 1668 περιέτεμεν,

351 1683 442 1740 ’ὅτε
471 1684 630 1745 αὐτὸς
682 1684 974 1760 ἡγνίσατο,
1035 1682 1128 1739 ὅτε
1183 1686 1250 1738 τά
1288 1686 1386 1738 τοῦ
1444 1684 1622 1756 νόμου
1685 1680 1858 1738 ἰτέλει
1913 1685 2014 1752 τήν

363 1773 525 1847 γάριν
565 1772 872 1847 κηρὸσσων,
933 1772 1017 1828 ὅτι
1072 1774 1278 1849 τρόπον
1337 1773 1455 1828 τινὰ
1503 1773 1640 1848 πρὸς
1695 1775 1794 1842 τήν
1852 1772 2013 1846 χάριν

364 1861 538 1919 ἐδόκει
598 1859 915 1932 διίστασθαι,
975 1863 1064 1918 καὶ
1126 1863 1300 1934 ἑαυτῴ
1366 1863 1737 1918 ἑναντιοῦσθαι
1783 1881 1798 1932 ;
1856 1859 2016 1918 Ἀλλ’

358 1949 487 2006 οὔτε
518 1948 776 2022 διίστατο,
812 1950 936 2008 οὔτε
968 1953 1144 2026 ἑαυτῷ
1171 1954 1513 2024 ἠναντιοῦτο.
1554 1953 1714 2028 Ὑπὶρ
1755 1951 1857 2028 γάρ
1909 1958 2012 2020 τῆς

355 2046 608 2117 χάριτος,
637 2042 729 2097 καὶ
759 2046 857 2099 τοῦ
888 2048 1250 2120 προσαγαγεῖν
1283 2045 1486 2106 πάντας
1516 2047 1594 2115 τῷ
1644 2043 1889 2117 Χριστῷ,
1918 2040 2007 2096 καὶ

347 2135 519 2187 ταῦτα
548 2131 638 2188 καὶ
666 2132 734 2187 τά
787 2130 935 2189 ἄλλα
993 2133 1277 2207 σύμπαντα
1334 2131 1584 2209 ἔπραττε.
1637 2132 1807 2187 Τοῦτό
1867 2130 2008 2186 ἐστιν

345 2221 563 2295 ἀγάπης
582 2220 731 2292 ἀξίας
759 2221 1016 2298 Χριστοῦ,
1050 2223 1210 2279 τοῦτό
1268 2221 1382 2278 ἐστι
1409 2227 1599 2298 ψυχῆς
1631 2220 1772 2294 ’ὀλης
1813 2217 2006 2276 διόλου

338 2311 417 2376 είς
445 2315 537 2369 τὸν
567 2313 742 2378 πόθον
773 2313 1224 2394 ἀναφλεγομένης
1248 2317 1345 2370 τοῦ
1376 2317 1643 2388 Χριστοῦ.

406 2408 639 2475 ’Ἄλλως
671 2433 730 2468 τε
761 2410 841 2484 δὲ,
874 2410 1001 2468 οὐδε
1036 2412 1184 2490 λέγει
1229 2413 1470 2488 ἀνάθεμα
1523 2411 1792 2489 γενέσθαι,
1839 2432 2002 2468 τουτ-

338 2501 491 2558 ἐστιν
550 2502 658 2558 ἀπὸ
713 2507 811 2558 τοῦ
866 2507 959 2557 νῦν
1020 2504 1191 2560 αὐτοῦ
1258 2505 1598 2580 χωρισθῆναι
1659 2504 1841 2578 (τοῦτο
1899 2501 2001 2577 γάρ

337 2591 784 2666 ἀπευκτότατον),
821 2591 970 2648 ἀλλὰ
1017 2593 1257 2668 ἀνάθεμα
1306 2594 1466 2658 εἶναι,
1512 2593 1756 2648 τουτέστι
1815 2611 2001 2668 κεχω-

337 2681 596 2759 ρισμένος
651 2676 729 2738 ἔτι
795 2681 956 2754 εἶναι,
1024 2683 1114 2738 καὶ
1176 2685 1346 2756 μήπω
1403 2688 1482 2755 τῷ
1539 2687 1764 2756 Χριστῷ
1832 2702 2000 2757 προσ·

338 2770 541 2826 ελθεῖν.
573 2773 781 2840 Τοῦτο,
813 2771 1001 2850 φησὶν,
1032 2771 1297 2851 ηὒχόμην
1331 2769 1416 2836 ἄν,
1445 2771 1508 2825 τὸ
1565 2771 1664 2844 ἐμὲ
1715 2770 1876 2826 αὐτὸν
1922 2771 1999 2842 μή

338 2880 431 2914 πω
461 2857 789 2937 προσελθεῖν
841 2864 922 2933 τῷ
981 2865 1222 2937 Χριστῷ,
1275 2861 1402 2917 ἀλλ’
1456 2854 1534 2916 ἔτι
1586 2862 2001 2940 κεχωρισμένον

338 2949 512 3005 αὐτοῦ
541 2950 703 3018 εἶναι,
737 2949 786 3006 εἴ
812 2954 976 3006 τοῦτο
1033 2950 1108 3012 εἰς
1167 2952 1265 3019 τήν
1325 2950 1582 3026 ὑμετέραν
1643 2947 1852 3006 εἴσοδον
1911 2949 2000 3004 καὶ

334 3039 521 3096 πίστιν
552 3042 653 3109 τήν
685 3038 762 3103 εἷς
816 3040 980 3096 αὐτὸν
1037 3039 1326 3097 συνετέλει.
1385 3042 1474 3108 Μὴ
1528 3039 1633 3115 γὰρ
1686 3040 1769 3095 ὅτι
1828 3059 1999 3114 προσ-

334 3135 510 3200 ῆλθον
543 3129 782 3205 Χριστῷ,
816 3126 904 3184 διά
931 3133 1096 3184 τοῦτο
1128 3129 1219 3184 κιὶ
1263 3129 1405 3204 ὑμᾶς
1460 3149 1526 3203 με
1573 3126 1999 3206 προσκαλεῖσθαι

332 3220 626 3293 νομίσητε,
696 3219 852 3298 φησὶ,
920 3220 1008 3274 καί
1077 3221 1183 3294 πρὸ
1251 3218 1387 3293 ἐμοῦ
1476 3218 1616 3290 ὑμᾶς
1680 3214 1997 3292 ἐϐουλόμην

2050 1909 2101 1976 Β

2143 603 2394 676 gloriam
2423 602 2828 659 etJudaeorum
2846 601 2915 658 ad
2929 604 3123 675 ipsum
3141 605 3589 661 conversionem
3605 605 3795 662 omni-

2141 708 2217 748 no
2249 692 2874 766 negligerem.Etenim
2908 701 3214 766 separatus
3247 694 3463 752 Paulus
3485 710 3590 767 pro
3621 695 3794 751 Chri-

2141 783 2214 839 sti
2247 783 2434 856 gloria
2453 782 2857 840 etJudaeorum
2889 782 3532 854 inipsounione,facile
3556 799 3794 842 rursum

2139 873 2414 930 uniretur
2441 890 2510 930 ac
2543 873 3028 946 conjungeretur,
3083 873 3236 930 322
3286 872 3793 946 quemadmodum

2136 964 2340 1036 pullus
2361 964 2582 1036 aliquis
2613 965 2925 1037 paululum
2957 981 2991 1021 a
3023 972 3212 1020 matre
3244 963 3562 1021 distractus
3590 984 3602 1020 :
3636 973 3694 1023 et
3716 968 3798 1023 ita

2138 1069 2376 1110 rursum
2411 1055 2535 1126 ipse
2559 1056 2753 1111 salvus
2785 1054 2975 1123 ﬁeret,
3009 1072 3076 1110 ac
3107 1054 3374 1110 Christus
3400 1056 3586 1128 magis
3615 1056 3795 1128 glori-

2132 1149 2714 1218 caretur,genusque
2744 1145 3084 1201 Judaaorum
3137 1145 3498 1212 salvaretur;
3526 1152 3583 1200 et
3614 1151 3795 1202 testa-

2130 1239 2399 1288 mentum
2439 1251 2505 1290 ac
2538 1235 2967 1306 promissiones
3001 1234 3076 1290 ad
3120 1233 3301 1290 ﬁnem
3336 1233 3792 1290 deducerentur.

2129 1324 2280 1388 Quin
2309 1325 2506 1395 potius
2539 1325 2621 1380 ita
2651 1331 2709 1380 et
2734 1330 2985 1397 prOpter
3014 1325 3141 1380 haec
3166 1324 3538 1394 divisus,non
3569 1325 3793 1381 divide-

2127 1420 2310 1476 retur.
2344 1413 2446 1469 sed
2507 1415 2692 1487 magis
2754 1415 3048 1469 uniretur.
3134 1417 3349 1470 Annon
3402 1413 3506 1469 tibi
3563 1415 3795 1470 videtur

2127 1501 2364 1573 quando
2394 1501 2774 1558 Timotheum
2807 1503 3205 1572 circumcidit,
3240 1503 3480 1574 quando
3522 1504 3794 1575 expiatus

2127 1593 2481 1665 est,quando
2527 1610 2595 1650 ea
2626 1611 2757 1665 qua:
2790 1594 2936 1667 legis
2968 1599 3108 1650 sunt
3139 1593 3486 1666 perﬁciebat
3515 1611 3649 1651 cum
3671 1612 3796 1668 gra-

2129 1683 2271 1738 tiam
2305 1683 2686 1754 prmdicaret,
2738 1685 3177 1756 quodammado
3226 1684 3506 1742 adversus
3541 1685 3791 1757 gratiam

2127 1771 2350 1828 divisus
2388 1790 2516 1828 esse
2533 1773 3102 1846 videbatur,sibique
3118 1791 3452 1846 repugnare
3483 1773 3792 1844 lAtneque

2133 1861 2356 1917 divisus
2378 1868 2724 1934 erat,neque
2757 1863 2870 1917 sibi
2902 1863 3016 1934 ipsi
3065 1862 3506 1919 adversabatur.
3539 1861 3623 1919 Ob
3653 1879 3788 1936 gra-

2133 1949 2277 2006 tiam
2299 1949 2482 2014 enim,
2518 1958 2699 2024 utque
2731 1968 2940 2007 omnes
2971 1952 3202 2008 Christo
3233 1952 3710 2019 adduceret,haec
3731 1957 3791 2007 et

2121 2039 2239 2094 alia
2267 2040 2470 2095 omnia
2525 2039 2797 2096 faciebat.
2860 2042 2980 2096 Hoc
3013 2048 3102 2096 est
3160 2041 3501 2097 dilectionis
3550 2040 3783 2098 Christo

2121 2127 2352 2202 dignm;
2388 2129 2500 2184 hoc
2529 2129 2852 2184 estanimae
2886 2130 3177 2186 universa
3204 2131 3265 2185 in
3299 2130 3515 2186 Christi
3548 2129 3782 2187 deside-

2120 2218 2277 2274 rium
2309 2217 2546 2274 abunde
2578 2219 2985 2276 inﬂammatas.

2192 2417 2454 2490 Alioqui,
2490 2434 2685 2490 neque
2716 2419 2880 2488 dicit,
2940 2419 3257 2476 anathema
3310 2421 3459 2486 ﬁeri,
3521 2421 3628 2476 hoc
3683 2425 3773 2476 est

2119 2522 2278 2562 nunc
2309 2507 2381 2563 ab
2413 2507 2540 2579 ipso
2557 2508 2908 2580 separari,id
2924 2509 3083 2565 enim
3120 2526 3500 2582 nequaquam
3520 2509 3782 2582 optabile

2119 2596 2386 2652 videtur:
2421 2597 2525 2653 sed
2557 2598 2876 2654 anathema
2919 2616 3070 2668 esse,
3105 2599 3163 2656 id
3195 2605 3304 2668 est,
3331 2606 3638 2672 separatus
3673 2599 3782 2656 ad-

2112 2685 2226 2742 huc
2252 2702 2383 2742 esse
2415 2693 2472 2742 et
2502 2687 2767 2744 nondum
2799 2689 2874 2744 ad
2901 2689 3201 2745 Christum
3232 2689 3482 2746 venisse.
3520 2691 3666 2759 Hoc,
3691 2689 3783 2750 in.

2117 2775 2265 2846 quit,
2300 2777 2577 2848 optarim,
2610 2777 2903 2850 meipsum
2928 2779 3194 2835 nondum
3227 2779 3301 2834 ad
3347 2779 3648 2836 Christum
3677 2797 3773 2838 ve-

2115 2868 2296 2935 nisse,
2329 2868 2433 2925 sed
2464 2869 2660 2926 adhuc
2691 2870 2766 2926 ab
2803 2888 2870 2926 eo
2906 2878 3245 2944 separatum
3295 2889 3446 2942 esse,
3481 2873 3528 2929 si
3559 2873 3669 2930 hoc
3699 2874 3775 2930 ad

2117 2966 2376 3014 vestrum
2410 2959 2743 3033 ingressum
2762 2978 2827 3016 ac
2851 2960 3029 3017 fidem
3050 2962 3110 3017 in
3142 2963 3336 3034 ipsum
3369 2963 3773 3020 conferreLNe

2118 3065 2233 3115 me,
2268 3049 2484 3122 inquit,
2513 3050 2886 3106 arbitremini
2920 3051 2992 3106 ob
3025 3051 3082 3106 id
3131 3069 3336 3108 vocare
3367 3070 3466 3109 vos
3507 3052 3581 3109 ad
3601 3053 3774 3109 Chri-

2117 3140 2463 3212 stum,quod
2495 3157 2599 3212 ego
2631 3140 2706 3196 ad
2744 3158 2879 3198 eum
2914 3143 3175 3198 venerim
3205 3159 3218 3198 :
3252 3144 3371 3199 imo
3420 3144 3600 3200 etiam
3633 3150 3770 3201 ante

2116 3248 2209 3286 me
2244 3247 2520 3302 cuperem
2552 3249 2652 3288 vos
2675 3231 2748 3288 ad
2780 3231 2975 3304 ipsum
3005 3233 3353 3291 accurrisse.
3379 3234 3603 3290 Deinde
3628 3252 3773 3291 con-

337 3282 718 3385 προσδραμεῖν
746 3309 910 3380 αὐτῷ.
947 3309 1087 3366 Εἶπα
1136 3309 1257 3382 ἑξῆς
1308 3309 1453 3384 λέγει
1513 3310 1599 3364 καὶ
1654 3309 1750 3372 τάς
1799 3307 1996 3372 αίτίας.

2249 3282 2520 3302 __r-_-__
2565 3282 2649 3288 ν--
2677 3282 2748 3288 π
2781 3282 2975 3304 γη---
3007 3282 3353 3291 _--_------.
3379 3282 3602 3290 ---κη
3631 3282 3739 3291 η.-

2116 3327 2438 3392 sequenter
2467 3322 2635 3392 ponit
2666 3327 2725 3376 et
2772 3338 3002 3378 causas.
3028 3345 3056 3373 «
3099 3325 3214 3396 Ego
3248 3324 3432 3396 ipse.»
3465 3326 3590 3380 Non
3622 3325 3771 3382 alios

333 3423 364 3453 ιι
400 3399 582 3461 Αὐτὸς
607 3396 738 3472 ἐγώ.
775 3424 803 3451 »
826 3398 951 3474 Οὐχ
981 3397 1217 3472 ἑτέρους,
1249 3398 1406 3477 φησί,
1449 3403 1809 3475 προτιμῶμαι
1866 3399 1998 3472 ὑπὲρ

333 3488 477 3562 ὑμᾶς
509 3487 586 3554 εἷς
617 3489 683 3547 τὸ
726 3488 1048 3564 προσελθεῖν
1105 3493 1187 3562 τῷ
1245 3493 1487 3564 Χριστῷ,
1539 3487 1666 3544 ἀλλ’
1721 3485 1846 3544 οὐδὲ
1901 3487 1999 3563 ἐμὲ

336 3578 526 3638 αὐτόν.
559 3575 811 3652 Ε’λόμην
844 3579 950 3656 γάρ
993 3575 1054 3632 ἄν
1118 3580 1288 3652 μήπω
1329 3577 1652 3654 προσελθεῖν
1717 3579 1886 3650 αὐτῷ,
1935 3577 1995 3634 ἄν

340 3662 432 3720 δια
467 3667 662 3722 τούτου
721 3668 878 3741 ὑμεῖς
933 3669 1337 3743 προσήρχεσθε.
1392 3692 1420 3720 ιι
1455 3669 1728 3742 Ἀνάθεμα
1777 3668 1933 3728 εἶναι,
1967 3692 1996 3720 ››

346 3760 507 3810 Δοκεῖ
540 3756 629 3827 μὲν
662 3755 860 3813 team
895 3756 1030 3830 ὑπὲρ
1076 3761 1185 3811 τῶν
1245 3754 1496 3836 ἀδελφῶν
1553 3756 1642 3811 καὶ
1700 3761 1808 3813 τῶν
1868 3779 1996 3831 συγ-

341 3847 510 3918 γενῶν
567 3844 1004 3921 ἀλλοτριωθῆναι
1067 3850 1334 3921 Χριστοῦ.
1399 3843 1580 3903 Τοῦτο
1640 3846 1746 3922 γὰρ
1810 3848 1845 3916 ἡ
1898 3851 1996 3902 τοῦ

339 3933 672 4007 ἀναθὲματος
727 3933 978 4009 δύναμις.
1070 3937 1264 4009 Ὀμως
1347 3931 1586 4012 ἀκριϐῶς
1680 3940 1993 4010 θεωροῦντι.

333 4027 626 4099 φανήσεται
686 4025 818 4099 ὑπὲρ
874 4031 976 4095 τῆς
1032 4026 1252 4100 ἀγάπης
1333 4029 1432 4081 τοῦ
1512 4030 1746 4101 Χριστοῦ
1827 4029 1995 4082 ταῦτα

324 4115 588 4190 εἴρηκώς.
622 4119 780 4184 Πῶς;
819 4111 1045 4184 Ἐπειδὴ
1107 4115 1251 4191 ἑώρα
1301 4116 1393 4170 τὸν
1452 4117 1685 4191 Χριστὸν
1748 4113 1997 4195 βλασφη-

325 4207 613 4280 μούμενον
651 4206 756 4261 ὑπὸ
783 4210 889 4261 τῶν
921 4203 1224 4274 Ἰουδαίων,
1287 4205 1394 4277 ὃτι,
1452 4206 1634 4284 φησὶν,
1692 4207 1884 4282 Ἡμεῖς
1941 4208 1992 4263 οἱ

319 4305 419 4360 τὸν
448 4305 624 4379 νόμον
653 4305 745 4360 καὶ
792 4306 890 4367 τὰς
949 4303 1278 4380 ἐπαγγελίας
1341 4302 1642 4378 δεξάμενοι,
1707 4307 1795 4362 καὶ
1855 4325 1993 4382 προ-

321 4397 564 4470 πάτορες
596 4393 892 4450 αὐτοῦτοῦ
921 4394 1182 4468 Χριστου,
1223 4395 1298 4457 εἷς
1356 4394 1448 4458 οὕς
1505 4397 1572 4464 ἦν
1626 4397 1661 4465 ἡ
1723 4395 1988 4467 υἱοθεσία,

314 4479 729 4557 ἐκϐεϐλήμεθα,
808 4483 1163 4554 ἀντεισῆλθον
1219 4481 1277 4539 δὲ
1333 4482 1614 4561 ἄνθρωποι
1691 4483 1810 4559 ἄρτι
1867 4489 1978 4539 τῶν

317 4575 533 4650 βωμῶν
567 4573 655 4629 καὶ
685 4577 785 4640 τῆς
818 4573 1041 4644 κνίσσης
1073 4572 1401 4643 ἐξελθόντες.
1454 4575 1602 4630 Ἐπεὶ
1653 4574 1748 4629 οὗν
1801 4578 1970 4630 ταῦτα

2106 3409 2270 3465 vobis
2306 3418 2606 3483 antepono
2635 3411 2794 3484 quod
2827 3412 2899 3467 ad
2932 3413 3231 3468 Christum
3263 3415 3646 3481 accesserint,
3665 3415 3770 3472 sed

2106 3516 2300 3573 neque
2329 3519 2422 3557 me
2456 3501 2972 3576 ipsum.Eligerem
3025 3504 3189 3560 enim
3231 3505 3494 3562 nondum
3525 3505 3600 3562 ad
3631 3522 3767 3564 eum

2106 3591 2359 3658 venisse,
2394 3592 2442 3646 si
2477 3609 2582 3662 per
2613 3593 2723 3649 hoc
2756 3609 2856 3648 vos
2907 3594 3332 3650 accessissetis.
3367 3617 3396 3645 ‹‹
3435 3595 3769 3652 Anathema

2106 3699 2259 3739 esse.
2298 3707 2324 3733 υ
2356 3683 2603 3740 Videtur
2648 3685 2890 3756 quidem
2915 3703 3022 3758 pro
3083 3686 3366 3743 fratribus
3396 3704 3464 3744 ac
3497 3688 3764 3758 cognatis

2104 3773 2481 3830 abalienaria
2511 3775 2910 3845 Christo,nam
2943 3775 3002 3831 id
3016 3776 3289 3850 designat
3309 3801 3337 3828 ιι
3363 3777 3716 3836 Anathema.
3735 3801 3764 3828 »

2100 3867 2378 3921 Attamen
2411 3871 2614 3922 exacte
2647 3866 2904 3922 intuenti
2945 3868 3255 3939 apparebit
3284 3869 3358 3924 ob
3388 3869 3603 3925 Christi
3622 3870 3765 3926 dile-

2099 3955 2355 4011 ctionem
2373 3955 2499 4012 haec
2519 3955 3039 4022 dixisse.Quonam
3064 3958 3238 4014 modo
3263 3959 3444 4014 ?Cum
3459 3959 3760 4016 Christum

2094 4044 2487 4117 blasphemiis
2520 4047 2717 4119 appeti
2746 4046 2974 4103 videret
2997 4064 3032 4103 a
3059 4048 3298 4118 Iudaeis,
3322 4054 3526 4122 utpote
3550 4049 3759 4106 dicen-

2095 4135 2289 4192 tibus:
2327 4137 2442 4192 Nos
2472 4136 2572 4208 qui
2595 4136 2786 4209 legem
2816 4153 2884 4194 ac
2910 4138 3232 4209 prophetas
3264 4139 3624 4211 accepimus,
3651 4140 3754 4212 qui

2094 4226 2326 4281 Christo
2357 4227 2765 4300 progenitores
2791 4228 3298 4300 fuimus,quorum
3332 4233 3459 4285 erat
3487 4229 3756 4302 adoptio,

2095 4317 2270 4386 ejecti
2301 4332 2528 4384 sumus,
2567 4324 2624 4371 et
2671 4316 2800 4374 loco
2841 4317 3035 4373 nostri
3095 4318 3456 4375 introierunt
3487 4320 3762 4376 homines

2096 4405 2272 4462 modo
2303 4406 2377 4462 ab
2426 4408 2546 4464 aris
2588 4424 2656 4464 ac
2708 4407 2920 4464 nidore
2977 4409 3404 4467 sacriﬁciorum
3458 4410 3757 4468 idolorum

2093 4495 2337 4568 egressi.
2369 4496 2517 4562 Quia
2547 4495 2727 4568 igitur
2756 4498 2882 4554 haec
2912 4497 3181 4555 dicentes
3219 4506 3567 4566 noverat,ne
3595 4507 3757 4558 esset

2095 4584 2219 4640 ulla
2249 4585 2637 4657 blasphemiae
2667 4587 2951 4644 adversus
2980 4589 3282 4645 Christum
3311 4592 3566 4660 occasio,
3597 4591 3753 4648 828

316 4641 584 4741 λέγοντας
611 4659 757 4738 ᾔδει,
789 4663 922 4738 ὑπὲρ
959 4641 1058 4718 τοῦ
1091 4641 1169 4736 μὴ
1220 4664 1360 4718 εἶναι
1413 4665 1682 4742 πρόφασιν
1734 4662 1987 4741 βλασφη-

2111 4673 2394 4745 :upiebat,
2427 4682 2486 4730 et
2514 4675 2748 4733 Judwos
2777 4694 3094 4734 conversos
3125 4695 3276 4748 esse,
3299 4679 3447 4735 adeo
3478 4686 3544 4736 ut
3572 4681 3751 4736 etiam

323 4752 454 4827 μίας
481 4755 618 4809 κατὰ
644 4756 740 4809 τοῦ
785 4757 939 4821 Θεοῦ,
1008 4747 1285 4822 ἠϐούλετο
1340 4751 1656 4829 ἐπιπρέψαι
1711 4753 1800 4811 καῖ
1854 4754 1986 4818 τοὺς

316 4837 644 4912 Ἰουδαίους,
701 4843 778 4906 ὡς
837 4850 928 4897 καί
985 4841 1229 4916 ἀνάθεμα
1288 4842 1420 4919 ὗπὶρ
1501 4843 1698 4899 τούτου
1783 4842 1983 4900 ἐθέλειν

311 4932 746 5008 γενέσθαι,’ὀπερ
781 4927 1049 4988 δεικτικὸν
1082 4931 1193 4988 ἐστι
1253 4939 1354 5003 τῆς
1412 4932 1629 5010 ἀγάπης
1685 4938 1783 4990 τοῦ
1844 4940 1978 5010 Χρι-

2095 4763 2413 4818 anathema
2443 4763 2514 4820 ob
2540 4765 2649 4821 hoc
2682 4765 3188 4839 ﬁerivellet,quod
3215 4767 3749 4825 demonstrativum

2095 4857 2184 4907 est
2211 4851 2550 4909 dilectionis
2582 4853 2818 4909 Christi.
2845 4857 3030 4920 Quem
3063 4855 3223 4912 enim
3253 4857 3420 4913 nulla
3441 4857 3634 4929 potuit
3663 4874 3749 4914 se-

2093 4958 2304 5014 parare
2335 4950 2628 5011 creatura,
2664 4943 2960 5015 quomodo
3011 4951 3346 5018 separasset
3374 4947 3615 5004 dilectio
3648 4965 3750 5006 co-

309 5027 476 5079 στοῦ.
513 5023 608 5081 Ὅν
635 5022 740 5098 γὰρ
772 5018 1002 5096 οὐδεμία
1051 5022 1222 5083 κτίσις
1290 5023 1531 5099 χωρίσαι
1588 5021 1804 5102 ἴσχυσε,
1861 5028 1978 5086 πῶς

301 5109 376 5167 ἄν
408 5111 674 5188 ἐχώρισεν
707 5110 888 5186 ἀγάπη
921 5117 1198 5188 συγγενῶν
1260 5112 1352 5166 καὶ
1398 5110 1686 5191 ἀδελφῶνς
1743 5137 1772 5166 ιι
1804 5111 1976 5177 Αὐτὸς

303 5201 445 5277 ἐγώ.
480 5225 512 5255 υ
540 5204 602 5260 ’0
632 5198 987 5272 διδάσκαλος,
1021 5201 1177 5280 φησὶ,
1208 5204 1447 5271 πάντων,
1480 5203 1508 5257 ὁ
1543 5201 1770 5277 μυρίους
1807 5223 1975 5274 προσ-

297 5287 490 5347 δοκῶν
523 5293 840 5372 στεφάνους,
871 5291 901 5347 ὁ
931 5292 1145 5347 πάντων
1199 5292 1373 5347 αὐτοῦ
1429 5293 1529 5362 τήν
1577 5293 1794 5370 ἀγάπην
1837 5311 1975 5368 προ-

291 5386 508 5457 τιμῶν.
551 5408 576 5435 ιι
602 5384 738 5440 Ἀπὸ
766 5387 864 5438 τοῦ
919 5385 1178 5457 Χριστοῦ.
1219 5403 1240 5435 ε
1301 5381 1401 5438 Διὰ
1460 5384 1561 5452 τήν
1617 5384 1830 5459 ἀγάπην
1875 5388 1973 5439 τοῦ

289 5474 552 5547 Χριστοῦ
603 5479 768 5530 τοῦτο
825 5473 994 5531 εἶπεν.
1065 5467 1367 5531 Ἠϐοὗλετο
1425 5475 1541 5551 γὰρ
1597 5473 1759 5532 αὐτὸν
1827 5476 1973 5553 παρᾶ

294 5568 530 5623 πάντων
560 5563 900 5637 δοξάζεσθαι,
953 5564 1100 5622 ἀλλά
1151 5567 1228 5639 μή
1280 5563 1622 5642 βουλόμενος
1673 5563 1972 5642 δημοσιεῦ-

298 5676 401 5714 σαι
457 5657 532 5732 τὸ,
591 5655 841 5733 χάρισμα
891 5655 1162 5732 (χάρισμα
1208 5657 1332 5732 γὰρ,
1389 5654 1453 5712 τδ
1519 5655 1692 5720 οὕτως
1758 5658 1967 5738 ἀγαπᾷν

296 5746 403 5808 τὸν
443 5747 730 5825 Χριστὸν),
781 5747 908 5811 τοὺς
967 5751 1244 5824 συγγενεῖς
1298 5745 1509 5824 ἀγαπᾷν
1569 5746 1732 5804 αὐτὸν
1794 5747 1964 5806 πλέον

2089 5039 2403 5104 gnatorum
2435 5049 2503 5090 ac
2532 5032 2825 5089 fratrum?
2859 5056 2887 5085 ιι
2920 5036 3036 5109 Ego
3067 5036 3214 5108 ipse.
3250 5057 3279 5086 »
3301 5038 3752 5110 Praaceptor,in-

2089 5121 2238 5192 quit,
2293 5122 2586 5192 omnium,
2647 5123 2750 5196 qui
2809 5122 2975 5180 mille
3024 5131 3300 5197 exspecto
3335 5143 3611 5198 coronas,
3643 5131 3748 5201 qui

2087 5211 2253 5267 illius
2311 5212 2694 5270 dilectionem
2752 5216 2983 5272 cunctis
3035 5215 3214 5273 rebus
3271 5224 3592 5293 antepono.
3626 5243 3656 5273 ιι
3697 5225 3746 5278 Α

2087 5301 2336 5358 Christo.
2373 5326 2403 5353 »
2435 5305 2682 5376 Propter
2711 5304 2930 5361 Christi
2976 5322 3242 5363 amorem
3274 5307 3385 5366 hoc
3427 5310 3614 5380 dixit;
3647 5327 3746 5369 cu-

2083 5391 2285 5462 piebat
2315 5394 2476 5450 enim
2507 5395 2699 5466 ipsum
2733 5393 2806 5451 ab
2839 5395 3118 5452 omnibus
3147 5396 3601 5468 g10riflcari.sed
3631 5418 3742 5460 no-

2081 5478 2214 5536 lens
2247 5483 2628 5540 manifestum
2644 5485 2772 5541 fieri
2793 5486 2902 5542 hoc
2922 5485 3144 5543 donum
3173 5489 3493 5562 (siquidem
3515 5491 3740 5550 donum

2083 5577 2171 5627 est
2202 5573 2286 5629 ita
2313 5573 2606 5631 Christum
2639 5575 3218 5651 diligere),cognatos
3243 5597 3305 5636 se
3330 5581 3588 5653 amplius
3609 5583 3739 5639 dili-

2079 5675 2218 5733 gere
2231 5661 2526 5720 simulat.«
2541 5664 2653 5720 Pro
2674 5664 2958 5724 fratribus
2971 5668 3505 5727 meis.»Ostendere
3527 5669 3734 5727 volens

2080 5750 2442 5811 immensum
2475 5770 2649 5812 suum
2661 5770 2928 5813 amorem
2952 5773 3020 5814 ac
3037 5757 3298 5814 studium
3319 5774 3456 5832 erga
3471 5759 3730 5827 Judaaos,
