4114 6390
403 361 522 422 803

1527 353 1943 418 (ECUMENH
1992 353 2290 419 TRICCE
2332 358 2675 422 EPISGOPI

3694 360 3821 422 504

403 491 567 549 illico
599 490 696 546 ubi
729 487 1015 544 dixisset:
1053 511 1080 540 α
1114 488 1273 544 Nihil
1304 505 1398 546 me
1431 494 1624 562 potest
1655 504 1688 544 a
1719 486 1818 543 Dei
1851 504 2052 544 amore

2194 489 2541 565 υποκρίνεται.
2599 515 2623 546 α
2688 493 2743 548 Τ
2747 491 2846 567 πὲρ
2905 496 3011 548 τῶν
3066 488 3314 572 ἀδελφῶν
3375 510 3501 564 μου.
3555 514 3584 542 »
3637 489 3824 546 Θέλων

407 595 702 653 separare,
743 603 762 627 ιι
787 577 1122 652 subjungit:
1187 603 1214 630 «
1249 583 1324 636 At
1363 596 1469 653 pro
1501 577 1784 635 fratribus
1825 577 1995 645 meis,
2033 600 2060 628 ››

407 673 454 728 si
489 671 608 727 illis
639 669 785 726 utile
817 675 975 726 esset
1005 669 1078 726 ad
1110 687 1315 727 eorum
1348 670 1657 732 auxilium.
1683 669 1938 742 optarim
1972 686 2061 725 se~

409 763 639 836 parari:
663 763 778 818 hoc
808 761 968 818 enim
999 763 1293 837 Significat
1315 764 1735 820 «anathema.»
1758 794 1824 803 —
1855 783 1884 811 «
1909 762 2061 827 Quo-

404 869 538 909 rum
561 860 652 909 est
681 852 942 925 adoptio,
979 876 1005 902 υ
1035 862 1144 909 etc.
1198 855 1467 910 Ostendit
1520 855 1704 909 Deum
1739 851 1889 907 nihil
1915 868 2068 924 pra:-

409 943 740 998 termisisse
773 942 846 998 ad
868 942 1202 998 Judaeorum
1252 943 1710 999 beneficentiam
1735 958 1754 996 :
1784 941 1896 1013 ipsi
1930 956 2067 995 vero

409 1033 654 1104 propria
701 1033 1128 1105 ingratitudine
1178 1050 1244 1089 ac
1275 1033 1653 1105 improbitate
1686 1031 1758 1087 ab
1789 1029 2068 1086 omnibus

406 1122 922 1178 excideruntldeo
955 1124 1133 1178 etiam
1169 1124 1268 1178 Dei
1285 1123 1441 1179 dona
1454 1119 2067 1192 enumerat,adoptio-

405 1227 567 1278 nem,
601 1211 872 1285 gloriam,
907 1211 1366 1284 legislationem,
1390 1230 1457 1268 ac
1492 1213 1744 1284 reliqua.
1781 1230 1801 1257 α
1841 1211 1947 1276 Qui
1982 1213 2072 1264 est

408 1319 587 1374 super
643 1302 845 1357 omnia
899 1302 1137 1357 Deus.»
1198 1305 1301 1359 llic
1360 1303 1736 1376 apertissime
1799 1300 2070 1356 nominat

405 1393 723 1465 Apostolus
755 1393 1055 1449 Christum
1106 1393 1312 1449 Deum.
1357 1393 1676 1456 Erubesce,
1732 1389 2068 1446 miserrime

402 1484 562 1552 Arie,
596 1484 844 1540 audiens
879 1501 913 1541 a
946 1485 1128 1540 Paulo
1181 1485 1501 1558 gloriﬁcari
1546 1483 1847 1540 Christum
1888 1482 2068 1535 Deum

403 1591 665 1630 verum.«
704 1576 1058 1632 Benedictus
1087 1576 1149 1630 in
1185 1576 1469 1632 saecula.»
1500 1577 1632 1648 Ipse
1664 1590 1769 1646 pro
1792 1570 2072 1628 omnibus

407 1667 732 1739 gratiarum
763 1669 1060 1723 actionem
1097 1667 1324 1722 retulit.
1378 1673 1459 1722 Ac
1495 1667 1543 1721 si
1576 1665 1840 1721 diceret:
1875 1663 2072 1728 Quan-

410 1771 590 1828 quam
621 1755 805 1813 Judmi
840 1774 977 1830 erga
1022 1757 1212 1829 ipsum
1243 1757 1356 1812 sint
1411 1753 1787 1828 blasphemi:
1842 1759 1903 1808 at
1944 1767 2072 1824 ego,

2173 574 2346 651 δεῖξαι
2375 582 2478 649 τήν
2505 579 2706 662 ἄφατον
2764 580 2934 637 αὐτοῦ
2991 583 3234 660 στοργὴν
3288 580 3380 636 καὶ
3436 575 3678 652 σπουδήν
3724 579 3830 650 τήν

2179 668 2312 744 ὑπὲρ
2371 675 2480 725 τῶν
2541 667 2840 740 Ἰουδαίων,
2903 670 3092 727 αὐτίκα
3153 671 3287 744 μετά
3371 671 3435 727 τὸ
3492 669 3685 739 εἰπεῖν,
3743 668 3832 725 δτι

2176 781 2198 812 α
2235 755 2400 815 Οὐδέν
2443 781 2509 834 με
2567 757 2787 816 δύναται
2843 761 3080 837 χωρίσαι
3139 761 3247 817 ἀπὸ
3303 767 3403 830 τῆς
3461 761 3674 836 ἀγάπης
3728 761 3832 814 τοῦ

2174 848 2330 919 Θεοῦ,
2365 874 2394 902 ››
2425 848 2635 927 ἐπάγει,
2667 877 2694 902 ι(
2725 849 2880 908 Ἀλλ’
2913 851 3044 928 ὺπὶρ
3075 855 3181 907 τῶν
3216 849 3467 930 ἀδελιρῶν
3494 872 3622 926 μου,
3641 876 3668 903 »ι
3692 849 3830 922 εἷ’ἦν

2174 942 2338 994 τοῦτο
2375 939 2666 996 συντελοῦν
2706 940 2780 1002 εἷς
2821 939 3004 1011 ὄνησιν
3039 940 3238 1009 αὐτῶν,
3296 939 3551 1013 ηὐξάμην
3603 941 3663 995 ἄν
3709 959 3840 1016 χω-

2181 1032 2453 1103 ρισθῆναι.
2491 1033 2668 1087 Τοῦτο
2703 1031 2808 1107 γὰρ
2839 1032 2902 1086 τὸ
2937 1055 2961 1086 α
2992 1033 3266 1104 Ἀναθεμα
3301 1055 3322 1082 ι
3359 1032 3629 1105 σημαίνει.
3671 1056 3698 1083 ‹‹
3734 1032 3830 1087 Ὠν

2175 1121 2210 1188 ἡ
2247 1118 2509 1188 υἱοθεσία,
2539 1143 2567 1175 ι
2601 1119 2691 1176 καὶ
2734 1121 2801 1177 τὰ
2859 1122 3004 1192 ἑξῆς.
3064 1122 3237 1192 Δεῖξαι
3299 1120 3465 1194 θέλει,
3524 1122 3607 1177 ὅτι
3639 1121 3668 1177 6
3699 1119 3834 1185 Θεὸς

2179 1207 2330 1264 οὐδὲν
2388 1216 2631 1285 παρῆκεν
2685 1210 2760 1272 εἷς
2814 1211 2913 1278 τήν
2973 1215 3079 1266 τῶν
3148 1207 3422 1268 Ἰουδαίων
3504 1211 3830 1287 εὗεργεσίαν.

2178 1299 2344 1356 Αὐτοὶ
2378 1296 2455 1368 δὲ,
2492 1298 2665 1370 οἰκείᾳ
2703 1300 3068 1378 ἀγνωμοσύνῃ
3129 1302 3345 1356 πάντων
3404 1299 3672 1374 ἐξέπεσον.
3737 1301 3834 1356 Διὸ

2177 1389 2268 1444 καὶ
2299 1388 2589 1466 καταλέγει
2619 1389 2716 1452 τὰς
2749 1387 2954 1465 δωρεὰς
2982 1395 3080 1446 τοῦ
3111 1395 3268 1460 Θεοῦ,
3303 1391 3596 1458 υἱοθεσίαν,
3650 1387 3833 1462 δόξαν,

2178 1479 2528 1551 νομοθεσίαν,
2558 1478 2646 1534 καὶ
2676 1479 2772 1542 τὰς
2809 1477 3032 1543 λοιπάς.
3063 1503 3085 1530 ι
3109 1481 3169 1538 Ὁ
3201 1477 3274 1536 ὣν
3298 1480 3385 1536 ἐπὶ
3416 1482 3628 1537 πάντων
3643 1481 3834 1543 Θεός..

2180 1568 2441 1632 Ἐνταῦθα
2474 1566 2837 1643 λαμπρότατα
2889 1571 3018 1625 Θεὸν
3081 1570 3174 1626 τὸν
3230 1571 3461 1647 Χριστὸν
3523 1571 3840 1644 ὀνομάζειὸ

2182 1655 2540 1720 Ἀπόστολος.
2595 1657 2961 1735 Αἶσχύνθητι,
3024 1658 3306 1735 τρισάθλιε
3357 1667 3564 1736 ’Ἀρειε,
3621 1659 3840 1716 ἀκούων

2183 1748 2328 1822 παρὰ
2360 1745 2582 1804 Παύλου
2608 1744 3073 1824 δοξολογούμενον
3107 1751 3196 1806 τὸν
3232 1751 3463 1826 Χριστὸν
3517 1751 3644 1807 Θεὸν
3696 1748 3844 1821 ἀλη-

413 1847 628 1919 inquit,
654 1847 754 1919 qui
787 1864 1004 1903 arcana
1036 1849 1194 1915 novi,
1228 1848 1478 1919 ejusque
1505 1843 1941 1919 providentiam
1975 1858 2070 1898 co-

2194 1837 2343 1896 ὶινόν.
2379 1859 2410 1890 α
2467 1835 2788 1914 Εὐλογητὸς
2849 1837 2926 1902 εἷς
2979 1840 3107 1902 τοὺς
3157 1840 3380 1904 αἰῶνας·
3417 1866 3438 1892 ι
3500 1841 3684 1903 Αὐτὸς
3742 1841 3845 1911 τὴν

413 1937 795 2009 gnosco,novi
827 1937 986 2008 quod
1017 1937 1231 2010 dignus
1259 1936 1905 2009 sitglorilicari,utpote
1921 1933 2073 1988 Deus

422 2026 692 2082 Christus
723 2043 904 2099 super
933 2028 1135 2083 omnia
1165 2028 1224 2082 in
1249 2027 1483 2086 saecula.

2187 1926 2319 2003 ὑπὲρ
2349 1929 2568 1982 πάντων
2617 1927 2877 2004 ἀνήγαγεν
2935 1928 3304 2010 εὐχαριστίαν,
3365 1929 3552 1987 εἰπών.
3614 1929 3683 1986 Ei”
3737 1928 3845 2004 γὰρ

2183 2018 2272 2072 καὶ
2304 2014 2592 2086 Ἰουδαῖοι,
2634 2017 2790 2096 φησὶ,
2855 2017 3280 2094 βλασφημοῦσιν
3337 2019 3414 2084 είς
3472 2018 3657 2090 αὐτὸν,
3712 2017 3853 2076 ἀλλ’

421 2113 550 2189 ἐγὼ,
582 2115 768 2193 φησὶν,
802 2116 830 2169 6
867 2116 933 2170 τὰ
966 2113 1248 2191 ἀπόῤῥητα
1304 2113 1485 2186 εἶδὼς,
1543 2115 1634 2170 γαῖ
1690 2115 1788 2184 τὴν
1839 2111 2098 2185 πρόνοιαν
2159 2107 2324 2162 αὐτοῦ
2373 2105 2750 2182 ἐπιστάμενος,
2811 2105 2932 2165 οῖδα
2987 2110 3074 2166 δτι
3130 2107 3545 2189 δοξολογεῖσθαι
3601 2109 3849 2190 ὑπάρχει

419 2202 592 2277 ἄξιος,
623 2207 714 2259 οἶα
743 2205 894 2274 Θεὸς,
924 2206 951 2260 6
983 2208 1216 2281 Χριστὸς
1249 2204 1336 2259 ἐπὶ
1365 2205 1575 2261 πάντων
1608 2203 1684 2268 εἰς
1710 2204 1837 2265 τοὺς
1870 2201 2092 2262 αἰῶνας.

490 2305 586 2372 ΙΧ,
619 2308 736 2361 6-9.
772 2309 890 2361 Non
931 2313 1111 2361 autem
1137 2307 1250 2362 haec
1280 2305 1404 2362 dico
1435 2307 1584 2378 quod
1634 2305 1780 2360 velut
1809 2299 2079 2359 exciderit

419 2410 594 2450 sermo
615 2397 732 2450 Dei.
790 2397 906 2452 Non
937 2399 1081 2452 enim
1148 2413 1330 2453 omnes
1387 2395 1489 2467 qui
1517 2403 1645 2453 sunt
1677 2412 1746 2450 ea:
1794 2392 1984 2459 Israel,
2020 2390 2082 2446 hi

420 2491 550 2540 sunt
579 2485 769 2551 Israel,
802 2502 977 2557 neque
1029 2489 1344 2558 quicunque
1385 2494 1512 2542 sunt
1555 2502 1733 2542 semen
1772 2483 2076 2548 Abraham,

423 2590 611 2630 omnes
637 2582 763 2630 sunt
793 2575 902 2644 [ἱὶιί
925 2594 944 2629 .·
972 2577 1086 2643 sed,
1122 2578 1224 2632 Per
1253 2578 1406 2631 Isaac
1437 2576 1722 2631 vocabitur
1762 2574 2078 2637 tibisemen,

424 2664 523 2720 hoc
561 2671 660 2734 est,
691 2681 804 2720 non
859 2667 960 2736 qui
1005 2667 1112 2735 ﬁlii
1170 2669 1373 2732 cui-nis,
1430 2667 1490 2720 hi
1512 2672 1639 2720 sunt
1695 2665 1801 2734 ﬁlii
1841 2664 1955 2722 Dei.
1987 2659 2082 2715 sed

419 2755 527 2823 ﬁlii
549 2757 933 2824 promissionis
981 2763 1323 2826 reputantur
1352 2758 1409 2810 in
1469 2772 1647 2812 semen
1699 2752 2080 2810 Prnmissionis

419 2846 565 2899 enim
593 2860 766 2900 sermo
793 2844 883 2900 hic
917 2852 992 2900 est
1027 2860 1041 2899 :
1078 2847 1137 2900 ιη
1178 2853 1421 2916 tempore
1480 2845 1580 2901 hoc
1610 2845 1848 2910 veniam,
1893 2849 1943 2897 et
1974 2842 2080 2896 erit

417 2935 576 2992 Sara?
605 2935 775 3004 ﬁlius.

491 3125 648 3182 824
678 3125 846 3192 Ecce,
876 3123 1281 3196 inquit.etiam
1309 3122 1632 3180 anathema
1664 3121 1791 3178 fieri
1819 3120 1991 3188 cupio
2015 3125 2080 3174 ut

419 3213 607 3271 Judaei
643 3213 973 3282 credant,et
1006 3231 1080 3269 ne
1119 3214 1390 3269 videatur
1437 3213 1692 3269 mendax
1713 3211 1900 3266 fuisse
1928 3211 2080 3264 Deus

421 3304 486 3360 in
517 3304 610 3359 his
641 3321 772 3375 qua)
808 3304 1082 3376 promisit
1110 3310 1394 3360 :attamen
1427 3303 1476 3358 si
1502 3309 1704 3359 exacte
1737 3299 2082 3357 considera-

421 3394 914 3464 verimus,neque
947 3411 1104 3448 nunc
1138 3393 1356 3449 excidit
1383 3409 1611 3450 sermo:
1643 3409 1753 3449 nec
1775 3391 1943 3446 irrita
1973 3389 2083 3443 fuit

423 3482 526 3538 Dci
562 3482 1048 3553 promissio..\'am
1083 3484 1207 3536 hinc
1231 3481 1374 3549 dixi,
1408 3497 1530 3536 non
1562 3477 1897 3552 quodvelut
1926 3477 2085 3532 exci-

424 3571 581 3626 derit
610 3587 806 3626 sermo
831 3570 932 3626 Dei
961 3587 974 3625 :
1012 3570 1122 3626 hoc
1154 3577 1262 3639 est,
1299 3587 1418 3626 non
1449 3570 1592 3642 quia
1641 3567 1860 3624 excidit
1890 3582 2084 3621 sermo

426 3660 663 3730 Dei,sed
695 3677 810 3732 quo
861 3659 1245 3717 dilectionem
1295 3677 1436 3734 erga
1461 3660 1596 3716 illos
1645 3656 1978 3714 ostendam.
2004 3659 2085 3712 Ac

433 3754 718 3827 deinceps
749 3753 1011 3810 ostendit
1041 3770 1157 3826 quo
1190 3760 1360 3826 pacto
1376 3754 1477 3810 Dei
1511 3769 1707 3810 sermo
1730 3769 1798 3808 ac
1828 3749 2084 3824 promis-

433 3845 526 3902 sio
558 3845 658 3902 Dei
686 3844 762 3900 ad
784 3843 1079 3900 Abraham
1121 3861 1241 3900 non
1286 3843 1592 3900 exciderit.
1642 3844 1924 3909 Quasnam
1945 3840 1973 3896 ‘I
1995 3838 2087 3895 vel

434 3934 598 4008 quod
629 3951 834 3992 semen
867 3936 1187 4006 ejusjuxta
1208 3934 1668 4006 promissionem
1705 3930 1922 4004 aequali
1953 3945 2088 3985 cum

433 4025 612 4083 astris
640 4041 892 4081 numero
947 4025 1214 4080 futurum
1263 4029 1441 4080 esset.
1475 4023 1687 4078 Semen
1727 4026 1927 4078 autem
1959 4020 2089 4091 ejus

433 4114 764 4172 secundum
799 4113 1256 4186 promissionem
1289 4119 1378 4168 est
1410 4110 1861 4182 fideliumquia
1886 4108 2089 4163 divina

433 4203 810 4260 Providentia
832 4219 953 4258 non
1013 4202 1382 4258 exciderunt.
1422 4224 1442 4249 ι
1499 4201 1623 4256 Non
1656 4199 1857 4256 veluti.
1893 4221 1921 4250 ››
1963 4199 2088 4252 Non

435 4293 876 4362 solum,inquit,
909 4308 1030 4347 non
1064 4291 1282 4346 excidit
1331 4306 1526 4345 sermo
1561 4289 1685 4355 Dei,
1741 4289 1844 4345 sed
1894 4303 2088 4359 neque

434 4383 614 4440 veluti
647 4381 933 4438 exciderit
961 4397 974 4435 :
1010 4382 1118 4435 hoc
1151 4386 1260 4447 est,
1303 4379 1408 4436 sed
1440 4395 1633 4450 neque
1675 4395 1854 4451 prope
1887 4379 2000 4434 fuit
2024 4383 2092 4433 ut

439 4473 758 4532 excideret.
791 4469 880 4526 vel
913 4476 977 4525 ut
1018 4470 1305 4525 excidisse
1346 4468 1664 4525 videretur.
1699 4492 1726 4519 ‹‹
1770 4470 1895 4524 Non
1927 4469 2088 4523 enim

2263 2296 2388 2375 Οὐχ
2420 2296 2536 2353 οἷον
2578 2293 2636 2353 δὲ
2693 2299 2778 2354 ὃτι
2831 2297 3176 2355 ἐκπέπτωκεν
3235 2301 3263 2354 6
3323 2297 3488 2375 λόγος
3531 2301 3628 2355 τοῦ
3683 2305 3842 2358 Θεοῦ.

2191 2385 2267 2443 Οὐ
2332 2387 2436 2463 γὰρ
2504 2387 2700 2451 πάντες
2766 2388 2818 2444 οἱ
2884 2386 2934 2460 ἐξ
3007 2386 3252 2460 Ἰσραὴλ,
3350 2387 3504 2446 οὗτοι
3595 2389 3844 2465 Ἰσραήλ.

2191 2474 2306 2532 οὐδ’
2373 2478 2492 2532 ’ὀσοι
2560 2477 2662 2534 εἶσὶ
2733 2481 2951 2554 σπέρμα
3016 2474 3295 2555 Ἀϐραὰμ,
3393 2480 3590 2544 πάντες
3661 2481 3847 2538 τέκναο

2189 2564 2340 2635 ἀλλ’,
2409 2570 2495 2622 Ἐν
2566 2567 2745 2624 Ἰσαᾶγ
2812 2568 3153 2640 κληθήσεταί
3218 2589 3302 2623 σοι
3383 2569 3620 2645 σπέρμα,
3687 2590 3848 2627 τουτ-

2190 2657 2360 2728 έστιν,
2417 2657 2483 2712 οὐ
2539 2657 2606 2712 τὰ
2662 2658 2822 2713 τέκνα
2876 2660 2975 2727 τῆς
3032 2658 3252 2729 σαρκὸς,
3315 2662 3485 2714 ταῦτα
3535 2660 3693 2714 τέκνα
3751 2663 3852 2716 τοῦ

2191 2750 2346 2802 Θεοῦ·
2417 2743 2566 2802 ἀλλὰ
2631 2747 2696 2802 τὰ
2759 2747 2916 2804 τέκνα
2972 2755 3077 2819 τῆς
3141 2746 3496 2825 ἐπαγγελίας,
3565 2747 3850 2825 λογίζεται

2190 2835 2267 2898 εἰς
2362 2837 2601 2911 σπέρμα.
2677 2837 3041 2914 Ἐπαγγελίας
3135 2840 3237 2914 γὰρ
3304 2840 3332 2894 ὁ
3401 2836 3567 2917 λόγος

2189 2926 2340 2983 Κατά
2405 2925 2496 2981 τὸν
2564 2926 2752 3002 καιρὸν
2816 2931 3010 2983 τοῦτον
3099 2926 3417 3003 ἐλεύσομαι,
3511 2928 3602 2984 καὶ

2188 3020 2256 3090 τῇ
2290 3017 2475 3092 Σάῥρᾳ
2504 3016 2640 3080 υἱός.

3663 2837 3844 2902 οὗτος.

3695 2927 3843 2985 ἔσταο

2262 3121 2424 3196 Ἰδοὺ,
2459 3125 2615 3198 φησὶ,
2647 3125 2736 3180 καὶ
2768 3125 3007 3201 ἀνάθεμα
3058 3130 3207 3198 ζητῶ
3260 3125 3502 3202 γενέσθαι
3565 3127 3696 3204 ὑπὲρ
3744 3132 3849 3184 τοῦ

2189 3217 2471 3270 πιστεῦσαι
2537 3211 2850 3285 Ἰουδαίους,
2910 3215 3000 3271 καὶ
3079 3217 3165 3271 ἳνα
3251 3217 3329 3290 μὴ
3391 3213 3518 3293 δόξῃ
3590 3216 3846 3294 ἐψεῦσθαι

2192 3305 2374 3368 ὁΘεὸς
2409 3303 2492 3380 ἐφ’
2549 3304 2633 3366 οἷς
2694 3304 3048 3381 ἐπήγγελται.
3109 3307 3211 3364 Καὶ
3277 3307 3434 3382 ὅμως
3488 3308 3576 3364 ἐὰν
3638 3307 3844 3383 ¹ἴδωμεν

2191 3389 2453 3469 ἀκριϐῶς,
2516 3393 2644 3450 οὔτε
2700 3399 2787 3450 νῦν
2851 3395 3145 3466 ἐξέπεσενὸ
3189 3395 3381 3474 λόγος,
3439 3397 3530 3453 καὶ
3589 3401 3625 3469 ἡ
3682 3398 3846 3478 ἐπαγ-

2190 3481 2350 3558 γελία
2389 3486 2487 3538 τοῦ
2549 3487 2684 3538 Θεοῦ
2741 3483 2843 3539 οὐκ
2903 3482 3187 3559 ἐψεύσατο.
3241 3487 3422 3543 Ταῦτα
3483 3486 3610 3565 γὰρ,
3663 3488 3848 3564 φησῖν,

2193 3571 2367 3641 εἷπον,
2401 3571 2510 3648 οὐχ
2555 3574 2676 3627 οἷον
2741 3573 2824 3630 ὅτι
2885 3572 3228 3630 ἐκπέπτωκεν
3263 3575 3291 3631 6
3321 3573 3487 3650 λόγος
3545 3581 3643 3633 τοῦ
3690 3583 3850 3650 Θεου,

2192 3661 2492 3732 τουτέστιν,
2525 3660 2622 3717 οὐκ
2652 3661 2840 3734 ἐπειδὴ
2887 3663 3225 3720 ἐκπέπτωκεν
3255 3665 3283 3719 6
3315 3662 3486 3743 λόγος
3542 3671 3640 3723 τοῦ
3691 3671 3847 3739 Θεοῦ,

2194 3750 2327 3808 ἀλλ’
2351 3749 2446 3808 ’ίνα
2485 3753 2586 3823 τήν
2617 3754 2754 3830 πρὸς
2806 3752 3002 3817 αὐτοὺς
3059 3753 3276 3832 ἀγάπην
3338 3753 3683 3832 ἐνδείξωμαι.
3740 3757 3846 3815 Καὶ

2196 3842 2392 3900 λοιπὸν
2427 3839 2662 3898 δείκνυσι
2716 3847 2835 3907 πῶς
2868 3843 2896 3898 6
2926 3841 3096 3920 λόγος
3147 3849 3245 3900 τοῦ
3294 3849 3452 3917 Θεοῦ,
3510 3848 3600 3903 καὶ
3631 3849 3666 3918 ἠ
3707 3848 3850 3924 πρὸς

2195 3927 2452 4008 Ἀϐραὰμ
2481 3930 2776 4010 ἐπαγγελία
2813 3937 2911 3989 τοῦ
2969 3937 3104 3989 Θεοῦ
3162 3933 3260 3989 οὐκ
3313 3933 3644 3994 ἐκπέπτωκε.
3704 3939 3849 3994 Ποία

2199 4019 2374 4092 δῆτας
2406 4022 2468 4080 Ἥ
2500 4023 2563 4078 τὸ
2592 4023 2713 4078 κατ’
2741 4020 3069 4098 ἐπαγγελίαν
3109 4021 3275 4080 αὐτοῦ
3332 4022 3544 4101 σπέρμα
3607 4023 3850 4097 λέγουσα

2200 4109 2487 4184 ἰσάριθμον
2547 4107 2756 4175 ἔσεσθαι
2813 4115 2932 4172 τοῖς
2999 4111 3239 4188 ἄστροις.
3326 4111 3449 4167 Κατ’
3512 4109 3843 4188 ἐπαγγελίαν

2200 4196 2257 4255 8‘s
2286 4199 2450 4255 αὐτοῦ
2485 4203 2724 4276 σπέρμα,
2754 4201 2818 4256 τὸ
2845 4205 2955 4257 τῶν
3005 4206 3233 4272 πιστῶν,
3280 4201 3368 4258 καὶ
3417 4199 3516 4257 οὐκ
3564 4198 3852 4258 ἐκπεπτω-

2197 4290 2375 4346 κότων
2405 4297 2506 4360 τῆς
2539 4290 2684 4354 θείκς
2708 4288 2989 4366 προνοίας.
3025 4315 3052 4343 ‹‹
3083 4290 3208 4367 Οὐχ
3257 4293 3394 4348 οἷον.
3438 4315 3468 4343 η
3525 4324 3587 4334 —
3635 4292 3852 4366 [ΦΩΤ.]

2199 4380 2276 4437 Οὐ
2313 4379 2498 4452 μόνον,
2535 4380 2718 4457 φησὶν,
2751 4378 2852 4435 οὐκ
2897 4377 3241 4436 ἐκπέπτωκεν
3271 4381 3299 4435 6
3331 4379 3501 4458 λόγος
3547 4384 3643 4436 τοῦ
3691 4385 3854 4454 Θεοῦ,

2198 4467 2327 4524 ἀλλ’
2361 4466 2486 4524 οὐδὲ
2518 4470 2638 4525 οἷον
2670 4467 3031 4526 ἐκπέπτωκεν·
3066 4472 3201 4542 οἷον,
3234 4469 3362 4527 ἀλλ’
3392 4468 3519 4527 οόίδὲ
3551 4470 3710 4547 ἐγγὺς
3750 4473 3856 4548 γέ-

437 4579 646 4619 omnes
678 4561 777 4633 qui
811 4566 947 4616 sunt
981 4559 1310 4624 exlsrael,»
1345 4557 2081 4631 etc.thuomodo,inquit,

2200 4579 2326 4636 γονε
2357 4563 2454 4614 τοῦ
2487 4559 2751 4630 ἐκπεσεῖν,
2783 4560 2818 4630 ἢ
2853 4556 3030 4615 δοκεῖν
3082 4559 3506 4622 ἐκπεπτωκέναι.
3537 4586 3566 4614 ι(
3616 4560 3696 4620 Οὐ
3752 4563 3858 4639 γὰρ

430 4669 553 4710 non
585 4651 804 4708 excidit
833 4649 1074 4706 verbum
1111 4649 1260 4704 Dei?
1289 4647 1588 4721 quomodo
1616 4650 1635 4704 ἓ
1661 4649 1808 4715 Quia
1823 4665 1943 4705 non
1967 4665 2089 4704 om-

428 4761 536 4801 nes
566 4743 668 4816 qui
695 4748 926 4797 suntex
977 4740 1180 4806 lsrael,
1225 4739 1510 4796 Israelitm
1562 4745 1721 4798 sunt.
1759 4762 1787 4790 ››
1835 4739 1946 4795 hoc
1978 4744 2089 4808 est,

427 4851 638 4892 semen
669 4832 990 4889 Abraham.
1025 4829 1247 4888 Deinde
1281 4831 1392 4887 hoc
1434 4831 1732 4903 explanat.
1767 4833 1894 4886 Non
1929 4829 2089 4885 enim

433 4941 501 4980 eo
515 4923 674 4996 quod
704 4923 824 4978 sint
848 4921 1032 4993 aliqui
1051 4921 1444 4977 ﬁliicarnales
1467 4921 1790 4986 Abraham,
1807 4920 2090 4975 continuo

431 5015 558 5085 jam
590 5013 768 5068 etiam
801 5011 908 5066 lilii
951 5015 1090 5066 sunt
1139 5009 1468 5066 secundum
1519 5009 2004 5082 promissionem,
2036 5013 2096 5064 et

413 5101 660 5174 quibus
688 5099 1003 5171 promissio
1036 5100 1192 5156 facta
1222 5106 1348 5155 est:
1383 5099 1486 5155 sed
1517 5100 1617 5170 qui
1651 5098 2092 5154 sintﬁliiAbra-

443 5191 578 5246 ham
612 5190 772 5255 audi,
805 5189 1018 5260 inquit.
1071 5188 1459 5259 Scripturam.
1521 5187 1662 5242 Vide
1703 5193 1901 5243 autem
1934 5185 2095 5258 quod

433 5297 558 5337 non
590 5279 844 5335 dixerit:
877 5281 955 5333 Ex
997 5279 1196 5334 Jacob.
1235 5278 1340 5333 sed
1372 5302 1398 5327 «ι
1454 5277 1532 5332 Ex
1565 5275 1770 5345 Israel,
1804 5301 1824 5330 ι
1874 5292 1978 5349 pro
2013 5276 2093 5332 si-

435 5386 552 5443 gno
583 5369 816 5423 virtutis
847 5384 1074 5440 ponens
1109 5367 1434 5423 dictionem
1464 5390 1491 5417 ‹‹
1521 5367 1698 5423 Israel
1731 5390 1759 5417 ››
1791 5367 2094 5423 acdonum

437 5474 763 5532 supernum
796 5457 1138 5513 ostendens.
1169 5457 1222 5513 Si
1259 5474 1378 5513 non
1411 5473 1619 5512 omnes
1643 5456 1743 5529 qui
1781 5473 1850 5513 ex
1867 5457 2096 5514 semine

442 5557 583 5610 sunt
614 5547 994 5617 Abraham,hi
1027 5547 1205 5604 etiam
1239 5548 1345 5604 filii
1377 5556 1516 5605 sunt
1546 5548 1869 5614 Abraham,
1893 5549 2093 5606 mani-

441 5645 661 5702 festum
691 5648 849 5699 certe
870 5653 960 5697 est
989 5639 1172 5696 alium
1205 5655 1336 5696 esse
1367 5639 1611 5697 modum
1641 5640 1744 5714 qui
1767 5657 1870 5698 eos
1887 5639 2098 5698 reddat

441 5736 601 5794 ﬁlios
633 5732 922 5792 Abraham
949 5737 1168 5806 printer
1187 5731 1558 5790 nativitatem
1581 5747 1713 5806 qua:
1735 5731 1808 5789 ab
1829 5733 1960 5805 ipso
1983 5737 2090 5789 est.

2198 4649 2394 4711 πάντες
2417 4649 2472 4703 οἱ
2505 4649 2556 4720 ἐξ
2587 4647 2833 4724 Ἰσραὴλ,
2861 4674 2888 4703 ››
2911 4650 2999 4705 καὶ
3034 4652 3099 4704 τὰ
3129 4649 3271 4723 ἑξῆς.
3307 4649 3412 4707 Καὶ
3465 4656 3603 4719 πῶς,
3663 4651 3856 4729 φησὶν,

2202 4738 2300 4794 οὐκ
2330 4736 2569 4808 ἐξέπεσεν
2604 4739 2632 4794 6
2667 4737 2833 4815 λόγος
2857 4743 2953 4794 τοῦ
2985 4743 3155 4812 Θεοῦ,
3186 4744 3310 4803 Πῶς
3343 4761 3358 4812 ;
3418 4741 3540 4799 ⁴Οτι
3589 4739 3651 4796 οὐ
3705 4741 3853 4796 πάν-

2201 4849 2286 4891 τες
2320 4827 2370 4883 οἱ
2402 4827 2453 4899 ἐξ
2487 4827 2731 4903 Ἰσραὴλ,
2766 4826 3108 4902 Ἰσραηλῖταί
3142 4829 3267 4903 εἶσι,
3313 4831 3584 4896 τουτέστι,
3637 4829 3860 4906 σπέρμα

2202 4911 2475 4991 Ἀϐραάμ.
2509 4919 2646 4976 Εἶτα
2677 4917 2959 4996 σαφηνίζει
2991 4915 3139 4977 αὑτό.
3173 4918 3252 4976 Οὐ
3286 4918 3390 4996 γὰρ
3442 4917 3631 4992 ἐπειδή
3681 4941 3856 4991 τινες,

2203 5009 2357 5087 φησί,
2425 5007 2581 5064 τέκνα
2620 5008 2849 5082 σαρκικὰ
2900 5008 2996 5063 τοῦ
3055 5002 3330 5084 Ἀϐρααμ,
3383 5007 3494 5081 ἤδη
3551 5009 3642 5066 καὶ
3697 5009 3863 5067 τέκνα

2203 5098 2304 5153 εἶσὶ
2361 5103 2479 5154 κατ’
2535 5096 2882 5174 ἐπαγγελίαν,
2935 5098 3021 5152 καὶ
3086 5098 3168 5162 οἷς
3227 5101 3286 5169 ἡ’
3323 5097 3617 5176 ἐπαγγελία
3666 5097 3861 5172 ἐδόθη.

2203 5185 2379 5245 Ἀλλά
2409 5188 2540 5244 ποῖά
2589 5187 2698 5242 ἐστι
2756 5186 2914 5243 τέκνα
2975 5183 3245 5263 Ἀϐραάμ,
3305 5187 3490 5261 ἄκουε,
3547 5195 3705 5271 φησῖ,
3758 5197 3866 5261 τῆς

2207 5279 2445 5356 Γόαερῆς.
2479 5279 2620 5354 Ὅρα
2651 5275 2726 5334 δέ’
2761 5277 2876 5336 Οὐκ
2900 5276 3048 5334 εἶπεν
3081 5278 3168 5352 Ἐξ
3229 5273 3449 5351 Ἰακὼϐ,
3507 5279 3658 5351 ἀλλ’,
3689 5305 3720 5333 ‹‹
3767 5282 3863 5354 Ἐξ

2205 5366 2453 5442 Ἰσραήλ,
2522 5393 2542 5418 ι
2605 5366 2668 5424 τὸ
2711 5374 2810 5437 τῆς
2881 5367 3077 5443 ἀρετῆς
3147 5368 3434 5445 γνώρισμα
3487 5367 3748 5434 τεθεικὼς
3799 5370 3870 5426 τὸ

2208 5480 2238 5511 α
2268 5454 2516 5532 Ἰσραήλ,
2553 5483 2574 5512 ι
2607 5456 2700 5513 καὶ
2743 5453 2950 5520 δεικνὺς
2981 5459 3082 5528 τήν
3115 5455 3320 5516 ἄνωθεν
3349 5457 3576 5533 δωρεάν.
3618 5457 3682 5518 Ei
3727 5460 3868 5537 οὐχί

2204 5546 2425 5619 πάντες,
2459 5547 2644 5626 φησὶν,
2677 5547 2730 5604 οἱ
2779 5545 2838 5603 ἐκ
2882 5545 3191 5623 σπέρματος
3238 5542 3514 5626 Ἀϐραὰμ,
3568 5549 3720 5607 οὗτοι
3768 5549 3869 5607 καὶ

2201 5636 2364 5696 τέκνα
2395 5634 2668 5717 Ἀϐραὰμ,
2702 5635 2960 5710 δηλονότι
3017 5635 3195 5704 ἄλλος
3229 5637 3346 5696 ’ἐστί
3392 5641 3598 5718 τρόπος
3626 5641 3656 5698 ὁ
3684 5644 3865 5698 ποιῶν

2201 5730 2400 5795 αὐτοὺς
2427 5733 2585 5787 τέκνα
2615 5731 2716 5786 τοῦ
2745 5722 3020 5805 Ἀϐραὰμ,
3059 5727 3152 5786 καὶ
3207 5728 3338 5808 οὐχὶ
3368 5730 3404 5802 ἠ
3426 5729 3489 5805 ζέε
3533 5719 3702 5790 αὐτοῦ
3747 5732 3877 5812 γέν·
