4114 6444
459 380 580 440 505

1550 371 1958 434 COMMENT.
2006 371 2084 432 IN
2124 368 2370 433 r-EPIST.
2422 369 2526 430 AD
2571 366 2760 429 liOM.

3765 348 3888 412 506

464 526 645 580 νησις.
677 507 776 569 Τίς
809 502 866 561 δε
896 503 1090 574 οῦτος;
1139 507 1201 562 'O
1256 506 1354 574 τῆς
1411 500 1758 579 ἐπαγγελίας
1818 501 2117 572 τουτὲστιν,

2240 502 2375 569 Quis
2403 507 2604 558 autem
2635 497 2736 554 ille
2769 501 2860 554 est
2881 496 2909 553 ?
2933 489 3356 552 Promissionis
3380 506 3392 544 :
3412 489 3642 580 hocest
3670 481 3882 580 illifilii

463 597 665 655 ἐκεῖνοι
698 595 855 652 τέκνα
886 594 1040 664 εἰσὶν,
1073 595 1126 650 οἳ
1186 595 1276 649 καὶ
1333 599 1433 663 τῆς
1492 591 1814 669 ἐπαγγελίας
1870 590 2125 662 ἀξιωοὲν-

461 708 575 758 τες,
603 685 696 743 καὶ
727 683 1133 757 πληθυνθὲντες
1163 683 1239 748 ὡς
1269 684 1334 740 τὰ
1362 681 1531 760 ἄστρα
1565 685 1668 738 τοῦ
1719 681 1969 758 οὐρανοῦ,
2010 681 2127 736 οἷόν

465 778 602 834 εἰσιν
632 778 684 833 οἱ
724 774 934 843 πιστοὶ,
965 775 1262 841 τουτέστιν,
1321 773 1386 830 οὐ
1436 773 1506 828 τὰ
1557 772 1733 832 τὲκνα,
1784 797 1812 824 ‹‹
1845 771 2125 826 Τουτέστιν

464 868 534 924 οὐ
566 867 634 922 τὰ
663 866 822 922 τέκνα
849 871 953 934 τῆς
992 866 1210 940 σαρκὸς,
1245 888 1274 917 ››
1304 863 1394 919 καὶ
1451 862 1518 918 τὰ
1559 861 1707 933 ἑξῆς.
1762 859 1892 917 Εἶτα
1951 860 2126 934 ἑρμη-

462 956 738 1026 νεύειτήν
796 955 1226 1028 ἀναγνωσθεῖσαν
1277 953 1518 1033 Γραφῆν,
1549 951 1601 1006 τί
1659 949 1771 1006 ἐστι
1826 949 1910 1007 τὸ.
1971 973 1998 1001 ‹‹
2035 952 2122 1005 Ἐν

467 1048 653 1107 Ἰσαὰκ
711 1043 1049 1117 κληθήσεταί
1108 1067 1192 1101 σοι
1248 1045 1484 1120 σπὲρμα.
1546 1068 1574 1097 ››
1633 1045 1776 1113 Ὅτι,
1827 1039 2012 1123 φησῖν,
2073 1041 2124 1096 οἱ

463 1137 525 1194 ἐκ
582 1145 686 1208 τῆς
747 1133 1073 1211 ἐπαγγελίας
1126 1135 1230 1190 εἶσὶ
1285 1134 1460 1190 τὲκνα·
1523 1134 1639 1194 Οὐκ
1693 1133 1810 1188 εἶπε
1877 1129 1954 1204 δὲ,
2014 1134 2125 1189 Τοῦ

463 1223 748 1304 Ἀϐραὰμ,
806 1224 973 1296 ἀλλὰ,
1034 1250 1062 1279 ‹‹
1114 1228 1225 1284 Τοῦ
1283 1230 1438 1296 Θεοῦ,
1479 1247 1505 1278 ι
1569 1222 1781 1286 δεικνὺς
1838 1221 1966 1278 οὐδὲ
2030 1222 2122 1277 τὸν

462 1319 476 1340 ν
587 1317 600 1335 δ
730 1317 743 1334 ’³
843 1321 869 1332 -
993 1315 1020 1336 Ὗ
1226 1319 1251 1330 θ’
1321 1316 1334 1338 9
1503 1315 1516 1334 \
1676 1313 1684 1329 '
1821 1313 1834 1334 ,
2011 1312 2025 1332 Ι

484 1323 652 1376 Ισαακ
719 1314 912 1380 απλως
967 1337 1105 1370 ειναι
1159 1337 1254 1371 του
1338 1310 1593 1390 Αϐρααμ,
1655 1316 1741 1370 ὅτι
1780 1335 1841 1369 ου
1901 1311 2124 1387 δυναμει

465 1414 790 1483 σπέρματος
819 1403 1102 1481 ἐγεννήθη,
1153 1402 1299 1460 ἀλλὰ
1355 1402 1578 1480 δυνάμει
1637 1407 1734 1459 τοῦ
1791 1400 2123 1481 ἐπαγγειλα-

469 1497 660 1573 μένου,
687 1495 780 1551 ’ἕνα
819 1492 972 1571 δείξῃ
1009 1496 1095 1551 ὅτι
1128 1495 1181 1551 οἱ
1209 1497 1318 1564 τήνΔ
1362 1493 1628 1550 υἱοθεσίαν
1677 1488 1917 1573 ἔχοντες,
1971 1489 2124 1548 αὐτοί

467 1587 572 1643 εἶσι
603 1586 722 1642 κατ’
763 1582 1094 1660 ἐπαγγελίαν
1126 1583 1286 1639 τέκνα
1314 1588 1412 1640 τοῦ
1444 1579 1717 1657 Ἀϐραάμ.

547 1701 574 1728 ι(
605 1678 790 1734 Ταῦτα
819 1675 975 1730 τέκνα
1003 1678 1101 1730 τοῦ
1159 1677 1312 1730 Θεοῦ.
1351 1698 1378 1725 ››
1431 1675 1582 1729 Ἐπεὶ
1627 1672 1810 1746 τούτῳ
1855 1677 1936 1746 τῷ
1973 1670 2125 1747 λόγῳ

475 1766 564 1822 καὶ
594 1765 643 1820 οἱ
664 1762 970 1838 Ἰδουμαῖοι
992 1761 1180 1832 ἐπειδὴ
1205 1765 1470 1841 ἀπόγονοι
1490 1764 1625 1834 ἦσαν
1645 1758 2035 1840 Ἀϐραᾶμδσον
2061 1769 2125 1824 τὸ

2233 597 2376 649 sunt
2405 590 2506 664 qui
2540 589 2720 646 etiam
2763 585 3159 660 promissione
3208 580 3366 655 digni
3405 576 3592 635 habiti
3612 579 3787 664 sunt:
3825 576 3882 627 et

2231 663 2611 754 multiplicati
2641 685 2924 751 tanquam
2945 683 3103 733 astra
3115 673 3268 743 cceli,
3288 669 3467 727 veluti
3491 673 3630 724 sunt
3652 663 3881 754 fideles,

2233 774 2294 829 id
2334 751 2444 841 est,
2477 789 2598 829 non
2632 770 2738 828 filii
2789 767 3080 826 carnales.
3113 789 3140 817 ι(
3172 765 3292 820 Hoc
3349 769 3438 816 est
3484 775 3605 814 non
3637 755 3738 828 qui
3773 751 3883 808 filii

2234 864 2451 930 carnis,
2491 887 2510 911 ι»
2540 869 2648 920 etc.
2687 858 2910 918 Deinde
2941 856 3248 914 recitatam
3273 851 3699 922 interpretatur
3727 841 3885 899 Scri-

2232 951 2644 1026 pturam.quid
2671 952 2780 1007 sit:
2811 949 2962 1004 «Per
2991 949 3151 1004 Isaac
3165 941 3468 999 vocabitur
3489 938 3811 1026 tibisemen

2233 1022 2448 1116 nempe
2479 1022 2581 1115 qui
2629 1058 2698 1098 ex
2742 1037 3138 1113 promissione
3194 1039 3333 1088 sunt
3381 1029 3507 1086 ﬁlii.
3565 1027 3691 1082 Non
3735 1022 3886 1116 dixit

2232 1111 2466 1190 autem:
2498 1111 2694 1205 ipsius
2744 1111 3062 1194 Abraham,
3112 1123 3217 1182 sed
3250 1147 3276 1173 ‹‹
3313 1121 3453 1188 Dei;
3491 1139 3513 1169 ιι
3557 1111 3880 1170 ostendens

2232 1239 2428 1296 neque
2468 1226 2631 1280 Isaac
2682 1219 3036 1294 simpliciter
3094 1216 3282 1288 ipsius
3336 1209 3632 1268 Abraham
3671 1205 3878 1270 fuisse,

2235 1315 2377 1387 quia
2405 1331 2527 1370 non
2558 1314 2770 1368 virtute
2804 1309 3049 1367 seminis
3080 1312 3255 1363 natus
3271 1301 3490 1369 est,sed
3509 1301 3638 1370 ejus
3668 1296 3880 1350 virtute

2233 1405 2333 1477 qui
2365 1403 2755 1477 promiserat:
2793 1407 2860 1456 ut
2900 1397 3244 1456 ostenderet
3299 1391 3457 1466 quod
3497 1387 3882 1477 adoptionem

2231 1473 2539 1561 habentes,
2578 1493 2639 1548 hi
2699 1497 2840 1548 sunt
2895 1487 3224 1547 secundum
3278 1481 3737 1558 promissionem
3775 1473 3883 1530 filii

2232 1586 2550 1643 Abraham.

2311 1699 2331 1730 α
2360 1677 2426 1732 Hi
2463 1675 2723 1733 suntfllii
2758 1673 2913 1731 Dei»
2935 1671 3084 1728 825
3117 1667 3268 1734 Quia
3287 1665 3685 1722 hocsermone
3701 1657 3878 1714 etiam

2229 1767 2605 1838 Idummi.qui
2638 1782 2709 1822 ex
2739 1761 3036 1820 Abraham
3060 1745 3874 1826 trahebantoriginem,quod

478 1855 613 1910 κατὰ
643 1854 829 1929 σάρκα,
871 1851 1112 1932 ὤφειλον
1147 1853 1282 1909 εἶναι
1310 1853 1466 1908 τὲκνα
1495 1857 1592 1909 τοῦ
1641 1857 1796 1922 Θεοῦ,
1847 1850 1975 1908 ἀλλ’
2024 1853 2125 1908 οὐκ

2240 1858 2304 1914 ad
2331 1874 2571 1914 carnem
2611 1856 2844 1921 attinet,
2875 1853 3165 1910 deberent
3191 1864 3322 1907 esse
3353 1845 3457 1902 filii
3491 1839 3733 1932 Dei,ﬁsed
3754 1855 3876 1895 non

477 1943 598 1999 sici.
626 1943 766 1998 Κατᾶ
793 1944 965 2016 σάρκα
985 1941 1087 2019 γὰρ
1109 1941 1262 1998 αῦτοὶ
1283 1941 1499 2019 σπὲρμα
1526 1946 1624 1998 τοῦ
1670 1937 1944 2018 Ἀϐραὰμ,
1997 1940 2124 1997 ἀλλ’

469 2034 633 2104 ἡμεῖς
659 2029 820 2106 ἐσμεν
855 2031 1014 2086 τὲκνα
1041 2035 1139 2087 τοῦ
1173 2025 1448 2107 Ἀϐραὰμ,
1494 2031 1545 2087 οἱ
1591 2038 1692 2102 τῆς
1743 2032 1914 2102 αὐτῆς
1974 2029 2120 2102 αὐτῷ

465 2120 700 2183 πίστεως
728 2124 1138 2191 κοινωνοῦντες,
1165 2119 1255 2175 καὶ
1285 2120 1445 2176 τέκνα
1475 2124 1573 2175 τοῦ
1604 2124 1737 2176 Θεοῦ
1768 2117 1858 2174 διὰ
1894 2126 1994 2189 τῆς
2025 2140 2121 2174 κο·-

465 2206 794 2289 λυμϐηθρας
823 2215 921 2267 τοῦ
952 2211 1099 2276 θείου
1132 2211 1528 2287 βαπτίσματος.
1564 2236 1591 2264 ‹‹
1624 2209 1806 2268 Ἀλλὰ
1831 2211 1918 2285 ίτὰ
1964 2209 2123 2265 τέκνα

463 2303 570 2371 τῆς
602 2299 952 2377 ἐπαγγελίας.
999 2325 1029 2354 ››
1061 2302 1246 2372 Ὅσοι,
1277 2300 1432 2381 φησὶ,
1463 2301 1599 2356 κατὰ
1645 2301 1736 2356 τὸν
1782 2300 1968 2358 Ἰσαὰκ
2010 2321 2122 2375 γεν·

461 2389 882 2462 νηθῶσιν,οὗτοί
922 2389 1026 2446 εἶσι
1051 2389 1143 2446 καὶ
1176 2392 1394 2466 σπὲρμα
1424 2385 1678 2465 Ἀϐραὰμ
1705 2388 1794 2444 καὶ
1825 2389 1934 2444 υἱοί
1967 2393 2122 2445 Θεοῦ.

461 2481 526 2538 Ὀ
565 2481 671 2557 γὰρ
699 2479 901 2550 ⁹ισαόικ,
934 2480 1000 2535 οὐ
1030 2480 1165 2535 κατὰ
1194 2480 1364 2552 νόμον
1398 2479 1654 2556 ἐγεννήθη
1705 2478 1936 2559 φύσεως,
1979 2477 2125 2534 ἀλλὰ

464 2570 608 2625 κατὰ
673 2566 898 2643 δύναμιν
967 2568 1316 2645 ἐπαγγελίας.
1386 2570 1597 2627 Οὓκοῦν
1678 2570 1730 2624 οἱ
1803 2570 2122 2646 γεννώμενοι

465 2658 667 2727 οὕτως,
701 2659 808 2714 υἱοὶ
843 2653 1099 2734 Ἀϐραάμ
1128 2658 1284 2716 εἰσιν.
1355 2659 1541 2722 Οὕτως
1600 2657 1657 2714 δὲ
1700 2661 1865 2734 ἡμεῖς
1922 2657 2125 2735 γεννώ-

468 2762 610 2826 μεθα
639 2748 728 2806 διὰ
755 2757 856 2820 τῆς
895 2744 1310 2826 κολυμϐήθρας.
1373 2753 1614 2823 Ῥήμασι
1670 2750 1772 2826 γὰρ
1819 2749 1910 2805 καὶ
1964 2751 2126 2822 ἡμεῖς

463 2838 794 2916 ἐπαγγελίας
859 2840 1190 2916 γεννώμεθα’
1289 2841 1498 2914 ῥήμασι
1570 2841 1687 2913 μὶν,
1773 2836 1864 2894 διὰ
1929 2841 1992 2894 τὸ
2048 2837 2124 2901 εἰς

431 2928 642 3004 ,ὄνομα
673 2929 882 3005 ΙΙατρὸς
914 2927 1006 2984 καὶ
1057 2928 1186 2984 Υἱοῦ
1240 2928 1330 2984 καὶ
1389 2928 1544 3004 ἁγίου
1605 2927 1918 3004 Ηνεύματος
1978 2928 2128 3006 γίνε-

462 3033 589 3086 σθαι
623 3021 716 3083 τὰς
767 3020 820 3076 ἐν
876 3023 947 3094 τῇ
998 3014 1368 3096 κολυμϐήθρᾳ
1421 3017 1762 3084 καταδύσειςο
1825 3018 2126 3096 ἐπαγγελίᾳ

463 3109 545 3179 δὲ,
577 3111 711 3175 καθὸ
743 3110 795 3165 οἱ
825 3117 1106 3187 προφῆται
1137 3109 1246 3184 πρὸ
1275 3107 1506 3166 πολλῶν
1541 3110 1757 3189 χρόνων
1818 3111 1884 3166 τὸ
1930 3112 2128 3186 βαπτι-

2233 1948 2544 2003 sunt.Nam
2570 1945 2630 2000 hi
2671 1959 2878 2000 semen
2909 1941 3208 1998 Abraham
3235 1943 3376 1994 sunt
3403 1931 3732 1991 secundum
3752 1946 3880 1985 car-

2231 2053 2370 2093 nem
2396 2053 2408 2091 :
2440 2053 2644 2092 verum
2677 2051 2786 2090 nos
2808 2049 3014 2090 sumus
3037 2024 3583 2096 filiiAbraham,qui
3612 2020 3882 2093 inipsius

2235 2127 2350 2183 ﬁde
2381 2125 2896 2183 communicamus
2918 2137 3053 2178 cum
3083 2120 3346 2191 ipso,per
3366 2117 3666 2171 lavacrum
3700 2108 3884 2165 divini

2233 2217 2625 2290 baptismatis.
2643 2215 2792 2271 ..εεά
2813 2215 2921 2270 filii
2937 2209 3406 2286 promissionis.»
3423 2203 3886 2276 Quicunque,in-

2235 2307 2464 2380 quit,ad
2478 2306 2720 2363 modum
2732 2307 2894 2361 Isaac
2909 2303 3032 2360 nati
3047 2299 3354 2366 fuerint,hi
3369 2313 3572 2354 semen
3588 2293 3886 2351 Abraham

2236 2401 2376 2452 sunt
2404 2401 2463 2452 et
2491 2394 2598 2450 filii
2632 2395 2925 2452 Dei.Isaac
2947 2392 3108 2448 enim
3139 2406 3261 2447 non
3293 2385 3623 2444 secundum
3654 2389 3884 2439 natura

2235 2487 2426 2559 legem
2455 2489 2631 2540 natus
2648 2483 2869 2553 est,sed
2882 2481 3212 2539 secundum
3228 2480 3505 2534 virtutem
3536 2471 3883 2549 promissio-

2236 2579 2351 2633 nis.
2379 2581 2584 2649 ltaque
2616 2577 2717 2648 qui
2750 2576 2834 2631 ita
2861 2580 3211 2637 nascuntur,
3264 2572 3371 2628 filii
3402 2574 3544 2626 sunt
3571 2567 3882 2622 Abraham.

2237 2669 2440 2739 Itaque
2471 2672 2528 2722 et
2559 2683 2668 2722 nos
2686 2665 3103 2738 perlavacrum
3124 2656 3758 2730 nascimur,siquidem
3777 2669 3887 2710 nos

2236 2758 2416 2814 etiam
2448 2757 2640 2814 verbis
2687 2755 3100 2829 promissionis
3139 2753 3480 2810 nascimur:
3522 2748 3715 2805 verbis
3746 2746 3886 2820 qui-

2237 2849 2564 2922 dem,quod
2593 2850 2655 2904 in
2677 2849 2922 2904 nomine
2965 2846 3156 2903 Patris
3182 2852 3240 2900 et
3271 2844 3402 2901 Filii
3434 2849 3494 2898 et
3523 2840 3711 2897 sancti
3757 2836 3890 2910 Spi-

2237 2941 2387 2996 ritus
2427 2939 2574 2994 fiant
2603 2938 2666 2994 in
2724 2938 2955 2994 lavacro
3000 2934 3445 2999 demersiones;
3492 2929 3889 3004 promissione

2237 3025 2560 3098 vero,quod
2590 3025 2895 3098 propheta
2927 3023 3130 3081 multis
3152 3029 3289 3079 ante
3310 3018 3679 3091 temporibus
3696 3015 3886 3088 bapti-

2238 3132 2366 3172 sma
2395 3113 3088 3183 annuntiaverint,veluti
3102 3128 3238 3170 cum
3251 3111 3488 3180 dicitur,
3505 3104 3888 3172 u-Lavamini,

460 3219 579 3274 σμα
609 3196 1053 3276 εὖηγγελίσαντο.
1084 3199 1174 3262 Ὧς
1218 3200 1302 3272 τὸ,
1363 3222 1391 3250 ‹‹
1445 3199 1727 3254 Λούσασθε
1767 3197 1856 3253 καὶ
1899 3198 2124 3272 καθαροὶ
2156 3252 2204 3276 ,η
2241 3204 2446 3262 mundi
2481 3210 2668 3261 estote
2698 3203 2766 3261 ‘1.
2799 3226 2829 3256 »

509 3291 557 3346 ἐν
567 3291 703 3346 εσθε.
748 3313 777 3342 ››

509 3313 530 3346 ε
661 3313 703 3346 ε.
765 3313 777 3340 ›

463 3313 814 3452 γξέῠμόνῦν
867 3375 945 3446 Si,
999 3375 1146 3434 ἀλλὰ
1204 3377 1294 3432 καὶ
1352 3373 1633 3449 Ῥεϐέκκα,
1701 3376 1752 3452 ἐξ
1821 3377 1940 3440 ἑνὸς
2003 3379 2126 3434 κοί-

465 3491 567 3542 την
599 3464 829 3546 ἔχουσα,
877 3469 1058 3527 Ἰσαὰκ
1113 3465 1215 3524 τοῦ
1277 3469 1484 3543 πατρὸς
1538 3471 1726 3542 ἡμῶν.
1789 3470 1975 3540 Μήπω
2024 3468 2124 3547 γὰρ

464 3557 852 3634 γεννηθέντων.
927 3555 1068 3632 μηδὶ
1161 3558 1476 3633 πραξάντων
1539 3579 1593 3614 τι
1659 3558 1855 3634 ἀγαθὸν
1921 3561 1957 3629 ἢ
2024 3579 2125 3614 κα-

473 3648 706 3716 κὸν,’ἰνα
738 3650 775 3718 ὴ
831 3649 949 3704 κατ’
1009 3646 1254 3724 ἐκλογὴν
1306 3652 1404 3704 τοῦ
1461 3652 1596 3704 Θεοῦ
1651 3647 1906 3724 πρόθεσις
1967 3651 2126 3725 μένῃ,

477 3736 578 3792 οῦκ
636 3736 686 3808 ἒξ
748 3732 945 3816 ἔργων,
1014 3736 1143 3793 ἀλλ’
1212 3737 1273 3794 ἐκ
1345 3742 1442 3794 τοῦ
1517 3736 1842 3810 καλοῦντος,
1922 3737 2125 3815 ἐρῥήθη

479 3824 634 3899 αὐτῇ,
703 3826 782 3885 ὅτι
861 3828 924 3886 Ὀ
1018 3827 1218 3902 μείζων
1303 3825 1586 3883 δουλεύσει
1674 3833 1753 3901 τῷ
1854 3826 2127 3884 ἐλάσσονι.

473 3916 662 3980 Καθὼς
729 3916 1053 3996 γέγραπται·
1133 3917 1234 3973 Τὸν
1301 3913 1496 3974 Ἰακὼϐ
1561 3916 1850 3996 ἠγάπησα,
1919 3917 2012 3974 τὸν
2071 3915 2131 3972 δὲ

471 4007 639 4063 Ἠσαῦ
669 4003 923 4081 ἐμίσησα,

538 4095 640 4154 Καὶ
671 4096 746 4169 τί,
778 4095 935 4177 φησὶ,
966 4097 1302 4170 Θαυμαστὸυ,
1333 4097 1415 4152 ὅτι
1467 4102 1574 4152 τῶν
1627 4094 1902 4154 Ἰουδαίων
1945 4099 1997 4153 οἱ
2032 4097 2126 4172 μὶν

464 4185 847 4248 πιστεύσαντες
876 4185 952 4249 εἷς
1008 4181 1508 4262 σπὲρμαἈϐραᾶμ
1566 4185 1904 4262 λογίζονται,
1962 4189 2013 4243 οἱ
2074 4185 2130 4242 δὲ

467 4272 689 4332 ἄπιστοι
718 4273 819 4331 οὐκ
845 4269 967 4346 Eu;
1016 4278 1192 4333 Τοῦτο
1247 4276 1350 4351 γὰρ
1409 4277 1497 4332 καὶ
1561 4275 1650 4333 ἐπὶ
1704 4282 1814 4333 τῶν
1873 4277 2128 4334 παλαιῶν

467 4364 742 4442 εὑρήσεις.
772 4365 876 4422 Καὶ
907 4365 1012 4443 γὰρ
1046 4365 1074 4420 ὁ
1107 4365 1289 4424 Ἰσαὰκ
1321 4364 1600 4442 λογίζεται
1636 4369 1802 4441 μόνος
1833 4366 1909 4430 εἷς
1962 4370 2130 4442 σπέρο

471 4475 571 4527 μα,
602 4453 782 4511 καίτοι
813 4453 986 4511 ὄντων
1017 4455 1108 4510 καὶ
1137 4459 1244 4510 τῶν
1278 4454 1384 4512 ἀπὸ
1442 4455 1767 4533 Χεττούρας.
1833 4455 1909 4518 Οὐ
1966 4458 2130 4531 μόνον

467 4541 526 4600 δὶ
581 4548 771 4616 τοῦτο,
828 4544 1013 4624 φησὶν,
1075 4543 1220 4600 ἀλλὰ
1277 4545 1368 4601 καὶ
1426 4540 1677 4601 Ῥεϐέκκα
1749 4544 1801 4616 ἐξ
1858 4545 1977 4608 ἑνὸς
2035 4551 2132 4603 τοῦ

2155 3252 2206 3315 (J

2304 3380 2402 3449 1X,
2434 3381 2626 3435 10-13.
2687 3381 2806 3436 Non
2849 3376 3023 3433 solum
3053 3381 3237 3432 autem
3284 3374 3404 3440 hoc,
3427 3372 3521 3430 sed
3567 3377 3618 3428 et
3647 3370 3887 3426 Rebecca

2232 3489 2300 3528 ea:
2331 3488 2441 3528 uno
2475 3470 2788 3543 concipiens
2820 3471 2975 3526 Isaac
2990 3475 3153 3540 patre
3183 3473 3391 3524 nostra.
3425 3464 3556 3520 Cum
3573 3461 3717 3518 enim
3737 3476 3886 3514 non-

2232 3563 2361 3618 dum
2389 3564 2510 3618 nati
2541 3568 2734 3629 essent,
2789 3576 2965 3632 neque
2996 3560 3124 3616 boni
3179 3558 3484 3629 quidquam
3523 3556 3757 3625 egissent
3791 3555 3892 3604 aut

2229 3653 2402 3710 mali:
2437 3661 2498 3710 ut
2555 3653 2849 3710 secundum
2907 3651 3222 3707 eiectionem
3246 3650 3596 3721 propositum
3637 3644 3731 3700 Dei
3771 3657 3891 3696 ma-

2229 3751 2406 3811 neret,
2429 3761 2542 3800 non
2573 3761 2642 3800 ex
2669 3743 3036 3816 operibussed
3067 3759 3138 3799 ea:
3171 3746 3400 3798 uocante
3429 3739 3641 3794 dirtum
3663 3739 3740 3791 est
3764 3731 3852 3788 illi
3877 3746 3891 3784 :

2229 3835 2412 3905 Major
2438 3837 2636 3890 serviet
2690 3833 2917 3890 minori.
2972 3832 3441 3900 Quemadmodum
3478 3829 3750 3900 scriptum
3768 3832 3846 3881 est
3879 3825 3902 3868 θ

2229 3924 2396 3979 Iacob
2427 3924 2624 3988 dilexi,
2659 3925 2803 3980 Esau
2825 3939 2954 3980 vero
2985 3923 3111 3980 odio
3134 3921 3324 3977 habui.

2305 4079 2372 4133 Et
2404 4077 2547 4150 quid
2578 4078 2819 4147 mirum,
2878 4077 3095 4151 inquit,
3129 4077 3290 4150 quod
3328 4074 3666 4132 Judaeorum
3685 4073 3746 4129 hi
3778 4072 3887 4132 soli

2233 4167 2294 4224 in
2327 4184 2533 4225 semen
2562 4169 3227 4242 Abrahamreputentur
3253 4167 3354 4240 qui
3385 4162 3892 4232 crediderunt,in-

2233 4260 2462 4316 creduli
2491 4277 2626 4316 vero
2657 4277 2778 4317 non
2807 4260 2936 4316 ita?
2965 4262 3110 4316 Nam
3144 4266 3201 4316 et
3237 4260 3350 4315 hoc
3371 4259 3434 4314 in
3466 4257 3764 4314 veteribus
3795 4257 3887 4311 in-

2233 4350 2454 4408 venies.
2489 4351 2796 4423 Siquidem
2820 4351 2982 4407 lsaac
3012 4356 3324 4423 reputatur
3369 4349 3532 4406 solus
3563 4348 3627 4404 in
3659 4363 3886 4413 semen,

2236 4455 2370 4496 cum
2403 4446 2603 4497 tamen
2620 4441 2724 4497 alii
2746 4441 3289 4514 essentaChettura
3319 4438 3645 4496 filii.Necid
3669 4437 3884 4505 solum,

2237 4529 2340 4586 sed
2364 4536 2422 4586 et
2452 4531 2717 4588 Rebecca
2731 4548 2800 4588 ex
2818 4548 2888 4588 ex
2903 4549 3024 4588 uno
3038 4533 3201 4588 Isaac
3218 4536 3458 4604 accepto
3491 4528 3888 4596 semine,cum

466 4634 651 4691 Ἰσαὰκ
679 4633 896 4710 σπέρμα
934 4627 1160 4710 ἔχουσα,
1201 4634 1292 4691 καὶ
1338 4631 1435 4690 δύο
1484 4636 1804 4711 γεννήσασα,
1855 4635 1957 4690 οὐκ
1995 4631 2125 4712 ἔσχε

2241 4618 2391 4676 duos
2419 4621 2769 4694 peperisset,
2793 4639 2913 4677 non
2959 4621 3168 4678 habuit
3223 4621 3372 4678 duos
3403 4621 3505 4693 qui
3550 4619 3668 4676 Deo
3695 4618 3894 4692 place-

465 4724 596 4788 τοὺς
650 4720 749 4780 δύο
807 4723 1104 4800 ἀρέσαντας
1174 4729 1318 4798 Θεῷ,
1378 4721 1507 4780 οὐδὲ
1573 4722 1972 4800 λογιζομένους
2054 4726 2129 4790 εἷς

475 4814 686 4890 σπέρμα
754 4809 1029 4889 ’Δϐραάμ.
1107 4812 1300 4872 Καίτοι
1371 4816 1542 4888 μήπω
1606 4815 1956 4892 γεννηθέντες
2006 4815 2130 4872 οὕτε

475 4902 640 4960 καλὸν
671 4903 902 4979 ἔπραξαν
949 4901 1074 4960 οὔτε
1129 4905 1321 4962 κακόν.
1383 4905 1565 4976 Οὕτω,
1626 4905 1782 4982 φησὶ,
1841 4907 1933 4962 καὶ
1991 4908 2129 4962 Ἰου-

469 4989 637 5066 δαῖοι,
671 4995 724 5050 οἱ
759 4994 853 5068 μὲν
883 4994 1068 5050 πιστοὶ
1122 4994 1213 5050 καὶ
1255 4993 1472 5072 σπὲρμα
1529 4988 1789 5071 Ἀϐρααμ
1844 4997 1971 5068 εἱσι,
2035 4996 2126 5052 καὶ

464 5087 760 5156 σώζονται,
795 5086 846 5141 οἱ
879 5082 937 5141 δὲ
967 5087 1185 5142 ἄπιστοι
1242 5083 1340 5141 οὐκ
1397 5083 1497 5147 ἔτι.
1565 5087 1704 5158 αἘξ
1762 5087 1879 5150 ἑνὸς
1933 5087 2124 5160 κοίτην

464 5170 695 5252 ἔχουσα.
731 5198 761 5229 »ι
793 5175 881 5246 Ἐξ
939 5175 1013 5231 ὧν
1074 5174 1174 5231 οὐκ
1230 5171 1385 5255 ἔσχε,
1441 5176 1601 5253 φησὶ,
1655 5177 1784 5239 τοὺς
1842 5174 1939 5233 δύο
2001 5178 2127 5253 cipi-

461 5287 711 5330 σκοντας.
764 5290 795 5320 α
857 5267 1039 5338 Μήπω
1094 5268 1198 5342 γὰρ
1249 5268 1642 5341 γεννηθέντων.
1701 5292 1730 5320 n
1789 5269 1900 5326 Τοῦ
1957 5268 2126 5326 Ἡσαῦ

457 5356 555 5414 καὶ
583 5360 684 5415 τοῦ
713 5350 932 5416 Ἰακώϐ.

537 5475 560 5503 ι
591 5451 708 5507 Ἵνα
737 5449 774 5520 ἡ
804 5453 920 5505 κατ’
953 5447 1196 5527 ίκλογὴν
1249 5448 1508 5527 πρόθεσις
1562 5452 1658 5506 τοῦ
1705 5453 1846 5506 Θεοῦ
1901 5446 2059 5527 μένῃ.
2092 5475 2120 5505 ια

459 5538 774 5615 Τουτὲστιν,
806 5539 841 5612 ἠ
871 5538 1010 5614 κατὰ
1035 5538 1348 5618 πρόγνωσιν
1382 5537 1614 5620 ἐκλογή.
1654 5541 1866 5616 Εἰπὼν,
1906 5567 1935 5596 α
1969 5541 2121 5620 Πρό-

533 5696 578 5736 ⁴¹
612 5696 727 5758 Isa.
760 5699 804 5766 Ι,
829 5697 916 5755 18.

2237 4715 2394 4777 rent,
2428 4716 2531 4766 aut
2554 4711 2617 4766 in
2647 4727 2853 4768 semen
2883 4711 3181 4767 Abraham
3224 4714 3673 4784 reputarentur:
3709 4707 3890 4779 idque

2239 4815 2373 4855 cum
2405 4800 2673 4856 nondum
2706 4807 2906 4857 essent
2948 4802 3092 4868 nati,
3140 4817 3334 4872 neque
3374 4800 3599 4855 bonum
3631 4797 3894 4870 egissent

2237 4894 2339 4945 aut
2369 4889 2715 4946 malum.Sic
2745 4896 2804 4945 et
2826 4889 3044 4946 Iudaeis
3066 4889 3302 4945 :fideles
3329 4887 3571 4959 quidem
3603 4890 3662 4942 et
3685 4902 3890 4941 semen

2236 4979 2535 5036 Abraham
2567 4986 2709 5036 sunt
2738 4985 2794 5036 et
2825 4979 2967 5036 salvi
3002 4979 3172 5048 ﬁunt,
3206 4977 3478 5035 infideles
3499 4992 3634 5033 vero
3651 4977 3886 5032 nonita.

2242 5093 2262 5118 ι
2299 5071 2381 5125 Ex
2434 5087 2552 5126 uno
2605 5070 3030 5143 concipiens.»
3091 5070 3208 5126 Nec
3258 5075 3459 5125 tamen
3515 5067 3590 5124 ob
3648 5066 3709 5123 id
3741 5066 3891 5122 ducs

2235 5157 2448 5219 habuit
2477 5160 2577 5234 qui
2611 5162 2730 5217 Deo
2762 5160 3085 5233 placerent.
3119 5184 3146 5212 «
3173 5161 3322 5218 Cum
3351 5157 3621 5216 nondum
3637 5156 3764 5214 nati
3798 5171 3892 5212 es-

2236 5257 2387 5308 sent.
2419 5272 2448 5304 »
2483 5251 2637 5309 Esau
2658 5251 2932 5310 videlicet
2961 5249 3234 5309 etJacob.

2305 5457 2460 5515 820
2492 5481 2521 5510 ‹‹
2555 5459 2628 5516 Ut
2656 5456 3372 5516 secundum'electionem
3396 5455 3768 5530 propositum
3784 5453 3888 5510 Dei

2231 5555 2559 5605 maneret.»
2589 5548 2656 5606 Id
2686 5548 3014 5620 est,electio
3043 5564 3175 5622 quas
3203 5547 3549 5606 secundum
3570 5544 3886 5603 scientiam
