  <div class='ocr_page' id='page_1' title='image "/cluster/home/n/w/nwhite01/storage/ocr_20150623/118:no.1/coo.31924054870229/265.png"; bbox 0 0 4114 6440; ppageno 0'>
   <div class='ocr_carea' id='block_1_1' title="bbox 307 357 425 418">
    <p class='ocr_par' dir='ltr' id='par_1_1' title="bbox 307 357 425 418">
     <span class='ocr_line' id='line_1_1' title="bbox 307 357 425 418; baseline 0.017 -2"><span class='ocrx_word' id='word_1_1' title='bbox 307 357 425 418; x_wconf 79' lang='lat'>507</span> 
     </span>
    </p>
   </div>
   <div class='ocr_carea' id='block_1_2' title="bbox 1389 353 2553 418">
    <p class='ocr_par' dir='ltr' id='par_1_2' title="bbox 1389 353 2553 418">
     <span class='ocr_line' id='line_1_2' title="bbox 1389 353 2553 418; baseline 0 0"><span class='ocrx_word' id='word_1_2' title='bbox 1389 354 1810 418; x_wconf 71' lang='lat' dir='ltr'>(ECUMENII</span> <span class='ocrx_word' id='word_1_3' title='bbox 1855 353 2157 416; x_wconf 63' lang='lat' dir='ltr'>TRlOCxE</span> <span class='ocrx_word' id='word_1_4' title='bbox 2203 353 2553 418; x_wconf 75' lang='lat' dir='ltr'>EPISCOPI</span> 
     </span>
    </p>
   </div>
   <div class='ocr_carea' id='block_1_3' title="bbox 3615 362 3736 421">
    <p class='ocr_par' dir='ltr' id='par_1_3' title="bbox 3615 362 3736 421">
     <span class='ocr_line' id='line_1_3' title="bbox 3615 362 3736 421; baseline -0.008 0"><span class='ocrx_word' id='word_1_5' title='bbox 3615 362 3736 421; x_wconf 72' lang='lat'>508</span> 
     </span>
    </p>
   </div>
   <div class='ocr_carea' id='block_1_4' title="bbox 314 486 1957 567">
    <p class='ocr_par' dir='ltr' id='par_1_4' title="bbox 314 489 1957 562">
     <span class='ocr_line' id='line_1_4' title="bbox 314 489 1957 562; baseline -0.003 -12"><span class='ocrx_word' id='word_1_6' title='bbox 314 499 423 550; x_wconf 91' lang='lat' dir='ltr'>est.</span> <span class='ocrx_word' id='word_1_7' title='bbox 461 491 749 549; x_wconf 90' lang='lat' dir='ltr'>Dicendo:</span> <span class='ocrx_word' id='word_1_8' title='bbox 785 515 810 538; x_wconf 80' lang='grc' dir='ltr'><em>υ</em></span> <span class='ocrx_word' id='word_1_9' title='bbox 848 490 1222 562; x_wconf 87' lang='lat' dir='ltr'>Pr0positum</span> <span class='ocrx_word' id='word_1_10' title='bbox 1269 490 1392 559; x_wconf 86' lang='lat' dir='ltr'>Dei,</span> <span class='ocrx_word' id='word_1_11' title='bbox 1424 512 1452 540; x_wconf 85' lang='grc'><strong>››</strong></span> <span class='ocrx_word' id='word_1_12' title='bbox 1485 490 1801 546; x_wconf 85' lang='lat' dir='ltr'>consilium</span> <span class='ocrx_word' id='word_1_13' title='bbox 1833 489 1957 560; x_wconf 84' lang='lat' dir='ltr'>ejus</span> 
     </span>
    </p>
   </div>
   <div class='ocr_carea' id='block_1_5' title="bbox 2070 486 3730 567">
    <p class='ocr_par' dir='ltr' id='par_1_5' title="bbox 2077 486 3730 564">
     <span class='ocr_line' id='line_1_5' title="bbox 2077 486 3730 564; baseline 0.004 -24"><span class='ocrx_word' id='word_1_14' title='bbox 2077 498 2218 551; x_wconf 87' lang='grc' dir='ltr'>θεσιν</span> <span class='ocrx_word' id='word_1_15' title='bbox 2249 492 2346 545; x_wconf 79' lang='grc' dir='ltr'>τοῦ</span> <span class='ocrx_word' id='word_1_16' title='bbox 2378 493 2536 560; x_wconf 80' lang='grc' dir='ltr'>Θεοῦ,</span> <span class='ocrx_word' id='word_1_17' title='bbox 2568 513 2596 542; x_wconf 67' lang='grc' dir='ltr'>ν</span> <span class='ocrx_word' id='word_1_18' title='bbox 2629 491 2732 560; x_wconf 78' lang='grc' dir='ltr'>τὴν</span> <span class='ocrx_word' id='word_1_19' title='bbox 2768 486 2980 564; x_wconf 79' lang='grc' dir='ltr'>βουλὴν</span> <span class='ocrx_word' id='word_1_20' title='bbox 3015 487 3180 544; x_wconf 73' lang='grc' dir='ltr'>αύτοῦ</span> <span class='ocrx_word' id='word_1_21' title='bbox 3211 487 3506 562; x_wconf 76' lang='grc' dir='ltr'>ἐδήλωσεν.</span> <span class='ocrx_word' id='word_1_22' title='bbox 3523 491 3730 560; x_wconf 80' lang='grc' dir='ltr'>Εἰπὼν,</span> 
     </span>
    </p>
   </div>
   <div class='ocr_carea' id='block_1_6' title="bbox 314 578 1964 655">
    <p class='ocr_par' dir='ltr' id='par_1_6' title="bbox 314 578 1964 655">
     <span class='ocr_line' id='line_1_6' title="bbox 314 578 1964 655; baseline -0.014 -16"><span class='ocrx_word' id='word_1_23' title='bbox 314 581 666 655; x_wconf 78' lang='lat' dir='ltr'>signiﬁcavit</span> <span class='ocrx_word' id='word_1_24' title='bbox 689 605 701 642; x_wconf 75' lang='grc' dir='ltr'>ς</span> <span class='ocrx_word' id='word_1_25' title='bbox 727 578 932 635; x_wconf 90' lang='lat' dir='ltr'>dicens</span> <span class='ocrx_word' id='word_1_26' title='bbox 947 593 1146 634; x_wconf 81' lang='lat' dir='ltr'>vero:«</span> <span class='ocrx_word' id='word_1_27' title='bbox 1181 579 1518 635; x_wconf 78' lang='lat' dir='ltr'>secundum</span> <span class='ocrx_word' id='word_1_28' title='bbox 1550 579 1904 636; x_wconf 61' lang='lat' dir='ltr'>electionem</span> <span class='ocrx_word' id='word_1_29' title='bbox 1936 601 1964 629; x_wconf 85' lang='lat'>,,</span> 
     </span>
    </p>
   </div>
   <div class='ocr_carea' id='block_1_7' title="bbox 310 668 1965 742">
    <p class='ocr_par' dir='ltr' id='par_1_7' title="bbox 310 668 1965 742">
     <span class='ocr_line' id='line_1_7' title="bbox 310 668 1965 742; baseline -0.002 -15"><span class='ocrx_word' id='word_1_30' title='bbox 310 670 573 728; x_wconf 80' lang='lat' dir='ltr'>ostendit</span> <span class='ocrx_word' id='word_1_31' title='bbox 597 668 754 742; x_wconf 86' lang='lat' dir='ltr'>quod</span> <span class='ocrx_word' id='word_1_32' title='bbox 785 685 820 725; x_wconf 91' lang='lat' dir='ltr'>a</span> <span class='ocrx_word' id='word_1_33' title='bbox 850 685 913 724; x_wconf 85' lang='lat' dir='ltr'>se</span> <span class='ocrx_word' id='word_1_34' title='bbox 945 669 1188 724; x_wconf 86' lang='lat' dir='ltr'>invicem</span> <span class='ocrx_word' id='word_1_35' title='bbox 1219 669 1548 725; x_wconf 76' lang='lat' dir='ltr'>differrent.</span> <span class='ocrx_word' id='word_1_36' title='bbox 1574 669 1780 725; x_wconf 77' lang='lat' dir='ltr'>Nullus</span> <span class='ocrx_word' id='word_1_37' title='bbox 1802 669 1965 724; x_wconf 88' lang='lat' dir='ltr'>enim</span> 
     </span>
    </p>
   </div>
   <div class='ocr_carea' id='block_1_8' title="bbox 309 757 1964 832">
    <p class='ocr_par' dir='ltr' id='par_1_8' title="bbox 309 757 1964 832">
     <span class='ocr_line' id='line_1_8' title="bbox 309 757 1964 832; baseline -0.001 -16"><span class='ocrx_word' id='word_1_38' title='bbox 309 760 562 816; x_wconf 71' lang='lat' dir='ltr'>alterum</span> <span class='ocrx_word' id='word_1_39' title='bbox 595 776 715 832; x_wconf 66' lang='lat' dir='ltr'>pra:</span> <span class='ocrx_word' id='word_1_40' title='bbox 749 759 935 815; x_wconf 89' lang='lat' dir='ltr'>altero</span> <span class='ocrx_word' id='word_1_41' title='bbox 967 758 1273 830; x_wconf 77' lang='lat' dir='ltr'>eligit,nisi</span> <span class='ocrx_word' id='word_1_42' title='bbox 1306 758 1416 814; x_wconf 93' lang='lat' dir='ltr'>hoc</span> <span class='ocrx_word' id='word_1_43' title='bbox 1448 757 1521 814; x_wconf 89' lang='lat' dir='ltr'>ab</span> <span class='ocrx_word' id='word_1_44' title='bbox 1543 758 1658 814; x_wconf 90' lang='lat' dir='ltr'>alio</span> <span class='ocrx_word' id='word_1_45' title='bbox 1690 758 1964 829; x_wconf 88' lang='lat' dir='ltr'>inaliquo</span> 
     </span>
    </p>
   </div>
   <div class='ocr_carea' id='block_1_9' title="bbox 309 847 1962 920">
    <p class='ocr_par' dir='ltr' id='par_1_9' title="bbox 309 847 1962 920">
     <span class='ocr_line' id='line_1_9' title="bbox 309 847 1962 920; baseline -0.001 -15"><span class='ocrx_word' id='word_1_46' title='bbox 309 847 613 905; x_wconf 87' lang='lat' dir='ltr'>dissideat.</span> <span class='ocrx_word' id='word_1_47' title='bbox 667 848 884 904; x_wconf 89' lang='lat' dir='ltr'>Dicens</span> <span class='ocrx_word' id='word_1_48' title='bbox 937 854 1172 905; x_wconf 90' lang='lat' dir='ltr'>autem:</span> <span class='ocrx_word' id='word_1_49' title='bbox 1207 870 1234 898; x_wconf 86' lang='grc'>‹‹</span> <span class='ocrx_word' id='word_1_50' title='bbox 1293 849 1417 903; x_wconf 82' lang='grc' dir='ltr'>Νοη</span> <span class='ocrx_word' id='word_1_51' title='bbox 1471 863 1538 903; x_wconf 83' lang='lat' dir='ltr'>ex</span> <span class='ocrx_word' id='word_1_52' title='bbox 1599 848 1962 920; x_wconf 80' lang='lat' dir='ltr'>operibus.»</span> 
     </span>
    </p>
   </div>
   <div class='ocr_carea' id='block_1_10' title="bbox 309 935 1962 1009">
    <p class='ocr_par' dir='ltr' id='par_1_10' title="bbox 309 935 1962 1009">
     <span class='ocr_line' id='line_1_10' title="bbox 309 935 1962 1009; baseline 0.001 -19"><span class='ocrx_word' id='word_1_53' title='bbox 309 935 636 990; x_wconf 85' lang='lat' dir='ltr'>vocationis</span> <span class='ocrx_word' id='word_1_54' title='bbox 667 952 734 991; x_wconf 90' lang='lat' dir='ltr'>ac</span> <span class='ocrx_word' id='word_1_55' title='bbox 765 937 968 1009; x_wconf 76' lang='lat' dir='ltr'>gratiae</span> <span class='ocrx_word' id='word_1_56' title='bbox 998 936 1184 1007; x_wconf 87' lang='lat' dir='ltr'>ipsius</span> <span class='ocrx_word' id='word_1_57' title='bbox 1224 936 1694 1009; x_wconf 81' lang='lat' dir='ltr'>magnitudinem</span> <span class='ocrx_word' id='word_1_58' title='bbox 1714 936 1962 992; x_wconf 88' lang='lat' dir='ltr'>demon-</span> 
     </span>
    </p>
   </div>
   <div class='ocr_carea' id='block_1_11' title="bbox 311 1025 1967 1099">
    <p class='ocr_par' dir='ltr' id='par_1_11' title="bbox 311 1025 1967 1099">
     <span class='ocr_line' id='line_1_11' title="bbox 311 1025 1967 1099; baseline 0 -19"><span class='ocrx_word' id='word_1_59' title='bbox 311 1025 551 1093; x_wconf 79' lang='lat' dir='ltr'>stravit;</span> <span class='ocrx_word' id='word_1_60' title='bbox 587 1042 727 1081; x_wconf 89' lang='lat' dir='ltr'>nam</span> <span class='ocrx_word' id='word_1_61' title='bbox 755 1026 932 1081; x_wconf 89' lang='lat' dir='ltr'>etiam</span> <span class='ocrx_word' id='word_1_62' title='bbox 964 1041 1099 1081; x_wconf 90' lang='lat' dir='ltr'>cum</span> <span class='ocrx_word' id='word_1_63' title='bbox 1131 1025 1282 1080; x_wconf 89' lang='lat' dir='ltr'>nihil</span> <span class='ocrx_word' id='word_1_64' title='bbox 1309 1026 1536 1098; x_wconf 81' lang='lat' dir='ltr'>operati</span> <span class='ocrx_word' id='word_1_65' title='bbox 1560 1027 1880 1099; x_wconf 88' lang='lat' dir='ltr'>sint,eligit</span> <span class='ocrx_word' id='word_1_66' title='bbox 1908 1035 1967 1082; x_wconf 91' lang='lat' dir='ltr'>et</span> 
     </span>
    </p>
   </div>
   <div class='ocr_carea' id='block_1_12' title="bbox 312 1114 1964 1188">
    <p class='ocr_par' dir='ltr' id='par_1_12' title="bbox 312 1114 1964 1188">
     <span class='ocr_line' id='line_1_12' title="bbox 312 1114 1964 1188; baseline 0.001 -17"><span class='ocrx_word' id='word_1_67' title='bbox 312 1114 800 1172; x_wconf 86' lang='lat' dir='ltr'>asciscit.Verum</span> <span class='ocrx_word' id='word_1_68' title='bbox 831 1116 1045 1183; x_wconf 87' lang='lat' dir='ltr'>si,cum</span> <span class='ocrx_word' id='word_1_69' title='bbox 1078 1116 1227 1171; x_wconf 87' lang='lat' dir='ltr'>nihil</span> <span class='ocrx_word' id='word_1_70' title='bbox 1251 1117 1477 1188; x_wconf 87' lang='lat' dir='ltr'>operati</span> <span class='ocrx_word' id='word_1_71' title='bbox 1509 1117 1964 1188; x_wconf 82' lang='lat' dir='ltr'>sint,eligit,quo</span> 
     </span>
    </p>
   </div>
   <div class='ocr_carea' id='block_1_13' title="bbox 309 1205 1964 1278">
    <p class='ocr_par' dir='ltr' id='par_1_13' title="bbox 309 1205 1964 1278">
     <span class='ocr_line' id='line_1_13' title="bbox 309 1205 1964 1278; baseline -0.001 -16"><span class='ocrx_word' id='word_1_72' title='bbox 309 1212 482 1278; x_wconf 87' lang='lat' dir='ltr'>pacto</span> <span class='ocrx_word' id='word_1_73' title='bbox 517 1205 727 1278; x_wconf 81' lang='lat' dir='ltr'>eligit?</span> <span class='ocrx_word' id='word_1_74' title='bbox 756 1205 930 1260; x_wconf 88' lang='lat' dir='ltr'>nobis</span> <span class='ocrx_word' id='word_1_75' title='bbox 961 1205 1181 1261; x_wconf 89' lang='lat' dir='ltr'>etenim</span> <span class='ocrx_word' id='word_1_76' title='bbox 1209 1205 1420 1261; x_wconf 88' lang='lat' dir='ltr'>electio</span> <span class='ocrx_word' id='word_1_77' title='bbox 1435 1206 1502 1261; x_wconf 85' lang='lat' dir='ltr'>fit</span> <span class='ocrx_word' id='word_1_78' title='bbox 1532 1205 1594 1261; x_wconf 90' lang='lat' dir='ltr'>in</span> <span class='ocrx_word' id='word_1_79' title='bbox 1626 1205 1717 1261; x_wconf 92' lang='lat' dir='ltr'>his</span> <span class='ocrx_word' id='word_1_80' title='bbox 1748 1223 1880 1276; x_wconf 63' lang='lat' dir='ltr'>qua;</span> <span class='ocrx_word' id='word_1_81' title='bbox 1903 1207 1964 1260; x_wconf 89' lang='lat' dir='ltr'>in</span> 
     </span>
    </p>
   </div>
   <div class='ocr_carea' id='block_1_14' title="bbox 311 1295 1962 1368">
    <p class='ocr_par' dir='ltr' id='par_1_14' title="bbox 311 1295 1962 1368">
     <span class='ocr_line' id='line_1_14' title="bbox 311 1295 1962 1368; baseline 0.001 -19"><span class='ocrx_word' id='word_1_82' title='bbox 311 1295 512 1366; x_wconf 89' lang='lat' dir='ltr'>aliquo</span> <span class='ocrx_word' id='word_1_83' title='bbox 542 1295 950 1367; x_wconf 80' lang='lat' dir='ltr'>diﬂ‘erunt;qui</span> <span class='ocrx_word' id='word_1_84' title='bbox 975 1302 1173 1351; x_wconf 90' lang='lat' dir='ltr'>autem</span> <span class='ocrx_word' id='word_1_85' title='bbox 1201 1296 1354 1350; x_wconf 91' lang='lat' dir='ltr'>nihil</span> <span class='ocrx_word' id='word_1_86' title='bbox 1376 1296 1603 1368; x_wconf 85' lang='lat' dir='ltr'>Operati</span> <span class='ocrx_word' id='word_1_87' title='bbox 1624 1296 1831 1350; x_wconf 80' lang='lat' dir='ltr'>sintin</span> <span class='ocrx_word' id='word_1_88' title='bbox 1847 1313 1962 1367; x_wconf 89' lang='lat' dir='ltr'>quo</span> 
     </span>
    </p>
   </div>
   <div class='ocr_carea' id='block_1_15' title="bbox 311 1384 1963 1456">
    <p class='ocr_par' dir='ltr' id='par_1_15' title="bbox 311 1384 1963 1456">
     <span class='ocr_line' id='line_1_15' title="bbox 311 1384 1963 1456; baseline -0.001 -16"><span class='ocrx_word' id='word_1_89' title='bbox 311 1384 638 1440; x_wconf 72' lang='lat' dir='ltr'>differunt?</span> <span class='ocrx_word' id='word_1_90' title='bbox 667 1385 934 1442; x_wconf 81' lang='lat' dir='ltr'>Maxime.</span> <span class='ocrx_word' id='word_1_91' title='bbox 970 1386 1253 1441; x_wconf 83' lang='lat' dir='ltr'>Humanis</span> <span class='ocrx_word' id='word_1_92' title='bbox 1288 1402 1548 1456; x_wconf 83' lang='lat' dir='ltr'>namque</span> <span class='ocrx_word' id='word_1_93' title='bbox 1587 1386 1795 1452; x_wconf 91' lang='lat' dir='ltr'>oculis,</span> <span class='ocrx_word' id='word_1_94' title='bbox 1828 1401 1963 1440; x_wconf 91' lang='lat' dir='ltr'>cum</span> 
     </span>
    </p>
   </div>
   <div class='ocr_carea' id='block_1_16' title="bbox 309 1473 1961 1546">
    <p class='ocr_par' dir='ltr' id='par_1_16' title="bbox 309 1473 1961 1546">
     <span class='ocr_line' id='line_1_16' title="bbox 309 1473 1961 1546; baseline -0.001 -17"><span class='ocrx_word' id='word_1_95' title='bbox 309 1474 461 1529; x_wconf 88' lang='lat' dir='ltr'>nihil</span> <span class='ocrx_word' id='word_1_96' title='bbox 493 1475 739 1546; x_wconf 77' lang='lat' dir='ltr'>egerint,</span> <span class='ocrx_word' id='word_1_97' title='bbox 775 1475 836 1530; x_wconf 92' lang='lat' dir='ltr'>in</span> <span class='ocrx_word' id='word_1_98' title='bbox 864 1475 1031 1530; x_wconf 89' lang='lat' dir='ltr'>nullo</span> <span class='ocrx_word' id='word_1_99' title='bbox 1064 1475 1386 1530; x_wconf 74' lang='lat' dir='ltr'>differunt:</span> <span class='ocrx_word' id='word_1_100' title='bbox 1413 1473 1610 1530; x_wconf 90' lang='lat' dir='ltr'>divina</span> <span class='ocrx_word' id='word_1_101' title='bbox 1639 1480 1838 1530; x_wconf 90' lang='lat' dir='ltr'>autem</span> <span class='ocrx_word' id='word_1_102' title='bbox 1871 1474 1961 1529; x_wconf 91' lang='lat' dir='ltr'>fu-</span> 
     </span>
    </p>
   </div>
   <div class='ocr_carea' id='block_1_17' title="bbox 309 1563 1962 1637">
    <p class='ocr_par' dir='ltr' id='par_1_17' title="bbox 309 1563 1962 1637">
     <span class='ocr_line' id='line_1_17' title="bbox 309 1563 1962 1637; baseline 0 -18"><span class='ocrx_word' id='word_1_103' title='bbox 309 1564 425 1619; x_wconf 83' lang='lat' dir='ltr'>turi</span> <span class='ocrx_word' id='word_1_104' title='bbox 458 1565 938 1637; x_wconf 70' lang='lat' dir='ltr'>praecognitione,</span> <span class='ocrx_word' id='word_1_105' title='bbox 991 1565 1315 1636; x_wconf 90' lang='lat' dir='ltr'>plurimum</span> <span class='ocrx_word' id='word_1_106' title='bbox 1348 1565 1650 1620; x_wconf 70' lang='lat' dir='ltr'>differunt.</span> <span class='ocrx_word' id='word_1_107' title='bbox 1695 1565 1839 1620; x_wconf 81' lang='lat' dir='ltr'>Nam</span> <span class='ocrx_word' id='word_1_108' title='bbox 1863 1563 1962 1619; x_wconf 88' lang='lat' dir='ltr'>ille</span> 
     </span>
    </p>
   </div>
   <div class='ocr_carea' id='block_1_18' title="bbox 309 1653 1962 1727">
    <p class='ocr_par' dir='ltr' id='par_1_18' title="bbox 309 1653 1962 1727">
     <span class='ocr_line' id='line_1_18' title="bbox 309 1653 1962 1727; baseline -0.001 -20"><span class='ocrx_word' id='word_1_109' title='bbox 309 1653 551 1724; x_wconf 90' lang='lat' dir='ltr'>quidem</span> <span class='ocrx_word' id='word_1_110' title='bbox 583 1660 784 1727; x_wconf 86' lang='lat' dir='ltr'>gratus</span> <span class='ocrx_word' id='word_1_111' title='bbox 835 1654 951 1710; x_wconf 88' lang='lat' dir='ltr'>fuit</span> <span class='ocrx_word' id='word_1_112' title='bbox 981 1655 1118 1724; x_wconf 92' lang='lat' dir='ltr'>Deo,</span> <span class='ocrx_word' id='word_1_113' title='bbox 1177 1654 1274 1710; x_wconf 89' lang='lat' dir='ltr'>hic</span> <span class='ocrx_word' id='word_1_114' title='bbox 1329 1661 1526 1710; x_wconf 91' lang='lat' dir='ltr'>autem</span> <span class='ocrx_word' id='word_1_115' title='bbox 1572 1670 1712 1709; x_wconf 91' lang='lat' dir='ltr'>non.</span> <span class='ocrx_word' id='word_1_116' title='bbox 1741 1653 1962 1708; x_wconf 88' lang='lat' dir='ltr'>Electio</span> 
     </span>
    </p>
   </div>
   <div class='ocr_carea' id='block_1_19' title="bbox 307 1743 1965 1816">
    <p class='ocr_par' dir='ltr' id='par_1_19' title="bbox 307 1743 1965 1816">
     <span class='ocr_line' id='line_1_19' title="bbox 307 1743 1965 1816; baseline -0.001 -18"><span class='ocrx_word' id='word_1_117' title='bbox 307 1744 509 1814; x_wconf 84' lang='lat' dir='ltr'>itaque</span> <span class='ocrx_word' id='word_1_118' title='bbox 538 1760 659 1799; x_wconf 93' lang='lat' dir='ltr'>non</span> <span class='ocrx_word' id='word_1_119' title='bbox 690 1761 760 1799; x_wconf 83' lang='lat' dir='ltr'>ex</span> <span class='ocrx_word' id='word_1_120' title='bbox 793 1743 1073 1816; x_wconf 90' lang='lat' dir='ltr'>operibus</span> <span class='ocrx_word' id='word_1_121' title='bbox 1104 1744 1258 1799; x_wconf 89' lang='lat' dir='ltr'>facta</span> <span class='ocrx_word' id='word_1_122' title='bbox 1285 1751 1396 1808; x_wconf 85' lang='lat' dir='ltr'>est,</span> <span class='ocrx_word' id='word_1_123' title='bbox 1431 1750 1486 1799; x_wconf 91' lang='lat' dir='ltr'>et</span> <span class='ocrx_word' id='word_1_124' title='bbox 1512 1743 1873 1799; x_wconf 79' lang='lat' dir='ltr'>avocatione</span> <span class='ocrx_word' id='word_1_125' title='bbox 1906 1746 1965 1798; x_wconf 89' lang='lat' dir='ltr'>et</span> 
     </span>
    </p>
   </div>
   <div class='ocr_carea' id='block_1_20' title="bbox 305 1832 1960 1906">
    <p class='ocr_par' dir='ltr' id='par_1_20' title="bbox 305 1832 1960 1906">
     <span class='ocr_line' id='line_1_20' title="bbox 305 1832 1960 1906; baseline -0.001 -19"><span class='ocrx_word' id='word_1_126' title='bbox 305 1833 494 1906; x_wconf 85' lang='lat' dir='ltr'>gratia</span> <span class='ocrx_word' id='word_1_127' title='bbox 523 1834 677 1890; x_wconf 88' lang='lat' dir='ltr'>facta</span> <span class='ocrx_word' id='word_1_128' title='bbox 709 1835 894 1889; x_wconf 88' lang='lat' dir='ltr'>est.Et</span> <span class='ocrx_word' id='word_1_129' title='bbox 915 1833 1079 1906; x_wconf 89' lang='lat' dir='ltr'>juste</span> <span class='ocrx_word' id='word_1_130' title='bbox 1109 1833 1264 1889; x_wconf 84' lang='lat' dir='ltr'>facta</span> <span class='ocrx_word' id='word_1_131' title='bbox 1295 1839 1416 1889; x_wconf 90' lang='lat' dir='ltr'>est:</span> <span class='ocrx_word' id='word_1_132' title='bbox 1465 1834 1566 1888; x_wconf 90' lang='lat' dir='ltr'>sed</span> <span class='ocrx_word' id='word_1_133' title='bbox 1594 1832 1834 1904; x_wconf 86' lang='lat' dir='ltr'>justitia</span> <span class='ocrx_word' id='word_1_134' title='bbox 1854 1833 1960 1887; x_wconf 89' lang='lat' dir='ltr'>ho—</span> 
     </span>
    </p>
   </div>
   <div class='ocr_carea' id='block_1_21' title="bbox 308 1920 1964 1988">
    <p class='ocr_par' dir='ltr' id='par_1_21' title="bbox 308 1920 1964 1988">
     <span class='ocr_line' id='line_1_21' title="bbox 308 1920 1964 1988; baseline -0.002 -10"><span class='ocrx_word' id='word_1_135' title='bbox 308 1923 504 1978; x_wconf 87' lang='lat' dir='ltr'>mines</span> <span class='ocrx_word' id='word_1_136' title='bbox 535 1920 1292 1988; x_wconf 87' lang='lat' dir='ltr'>latebat.Quemadmodum</span> <span class='ocrx_word' id='word_1_137' title='bbox 1327 1940 1468 1979; x_wconf 89' lang='lat' dir='ltr'>sane</span> <span class='ocrx_word' id='word_1_138' title='bbox 1502 1929 1560 1979; x_wconf 93' lang='lat' dir='ltr'>et</span> <span class='ocrx_word' id='word_1_139' title='bbox 1587 1939 1748 1978; x_wconf 86' lang='lat' dir='ltr'>nunc</span> <span class='ocrx_word' id='word_1_140' title='bbox 1770 1921 1964 1977; x_wconf 89' lang='lat' dir='ltr'>adhuc</span> 
     </span>
    </p>
   </div>
   <div class='ocr_carea' id='block_1_22' title="bbox 305 2011 1965 2083">
    <p class='ocr_par' dir='ltr' id='par_1_22' title="bbox 305 2011 1965 2083">
     <span class='ocr_line' id='line_1_22' title="bbox 305 2011 1965 2083; baseline 0 -18"><span class='ocrx_word' id='word_1_141' title='bbox 305 2011 542 2083; x_wconf 86' lang='lat' dir='ltr'>justitia</span> <span class='ocrx_word' id='word_1_142' title='bbox 572 2011 718 2067; x_wconf 88' lang='lat' dir='ltr'>latet</span> <span class='ocrx_word' id='word_1_143' title='bbox 747 2028 879 2082; x_wconf 68' lang='lat' dir='ltr'>quas</span> <span class='ocrx_word' id='word_1_144' title='bbox 904 2012 1013 2068; x_wconf 84' lang='lat' dir='ltr'>fuit</span> <span class='ocrx_word' id='word_1_145' title='bbox 1043 2013 1358 2068; x_wconf 89' lang='lat' dir='ltr'>inillorum</span> <span class='ocrx_word' id='word_1_146' title='bbox 1375 2011 1670 2068; x_wconf 83' lang='lat' dir='ltr'>occisione</span> <span class='ocrx_word' id='word_1_147' title='bbox 1685 2011 1783 2082; x_wconf 90' lang='lat' dir='ltr'>qui</span> <span class='ocrx_word' id='word_1_148' title='bbox 1821 2012 1965 2066; x_wconf 89' lang='lat' dir='ltr'>vitu-</span> 
     </span>
    </p>
   </div>
   <div class='ocr_carea' id='block_1_23' title="bbox 311 2098 1962 2158">
    <p class='ocr_par' dir='ltr' id='par_1_23' title="bbox 311 2098 1962 2158">
     <span class='ocr_line' id='line_1_23' title="bbox 311 2098 1962 2158; baseline -0.001 -2"><span class='ocrx_word' id='word_1_149' title='bbox 311 2101 435 2156; x_wconf 90' lang='lat' dir='ltr'>lum</span> <span class='ocrx_word' id='word_1_150' title='bbox 459 2101 725 2158; x_wconf 86' lang='lat' dir='ltr'>fecerant</span> <span class='ocrx_word' id='word_1_151' title='bbox 751 2101 817 2158; x_wconf 59' lang='lat'>‘3.</span> <span class='ocrx_word' id='word_1_152' title='bbox 853 2106 995 2158; x_wconf 84' lang='lat' dir='ltr'>Cum</span> <span class='ocrx_word' id='word_1_153' title='bbox 1046 2103 1204 2158; x_wconf 90' lang='lat' dir='ltr'>enim</span> <span class='ocrx_word' id='word_1_154' title='bbox 1237 2118 1447 2158; x_wconf 90' lang='lat' dir='ltr'>omnes</span> <span class='ocrx_word' id='word_1_155' title='bbox 1496 2101 1745 2158; x_wconf 85' lang='lat' dir='ltr'>vitulum</span> <span class='ocrx_word' id='word_1_156' title='bbox 1776 2099 1832 2155; x_wconf 90' lang='lat' dir='ltr'>fe</span> <span class='ocrx_word' id='word_1_157' title='bbox 1850 2098 1962 2155; x_wconf 76' lang='lat' dir='ltr'>:is-</span> 
     </span>
    </p>
   </div>
   <div class='ocr_carea' id='block_1_24' title="bbox 308 2191 1965 2263">
    <p class='ocr_par' dir='ltr' id='par_1_24' title="bbox 308 2191 1965 2263">
     <span class='ocr_line' id='line_1_24' title="bbox 308 2191 1965 2263; baseline -0.001 -17"><span class='ocrx_word' id='word_1_158' title='bbox 308 2196 591 2256; x_wconf 86' lang='lat' dir='ltr'>sent,non</span> <span class='ocrx_word' id='word_1_159' title='bbox 616 2207 824 2247; x_wconf 90' lang='lat' dir='ltr'>omnes</span> <span class='ocrx_word' id='word_1_160' title='bbox 854 2191 1195 2263; x_wconf 85' lang='lat' dir='ltr'>interempti</span> <span class='ocrx_word' id='word_1_161' title='bbox 1214 2192 1599 2247; x_wconf 90' lang='lat' dir='ltr'>sunt.Verum</span> <span class='ocrx_word' id='word_1_162' title='bbox 1622 2204 1965 2261; x_wconf 83' lang='lat' dir='ltr'>quanquam</span> 
     </span>
    </p>
   </div>
   <div class='ocr_carea' id='block_1_25' title="bbox 309 2278 1963 2354">
    <p class='ocr_par' dir='ltr' id='par_1_25' title="bbox 309 2278 1963 2354">
     <span class='ocr_line' id='line_1_25' title="bbox 309 2278 1963 2354; baseline -0.001 -20"><span class='ocrx_word' id='word_1_163' title='bbox 309 2279 370 2334; x_wconf 91' lang='lat' dir='ltr'>in</span> <span class='ocrx_word' id='word_1_164' title='bbox 403 2280 616 2336; x_wconf 91' lang='lat' dir='ltr'>horum</span> <span class='ocrx_word' id='word_1_165' title='bbox 648 2280 1062 2337; x_wconf 86' lang='lat' dir='ltr'>interfectione</span> <span class='ocrx_word' id='word_1_166' title='bbox 1081 2280 1798 2354; x_wconf 87' lang='lat' dir='ltr'>justitialatuerit,tamen</span> <span class='ocrx_word' id='word_1_167' title='bbox 1828 2278 1963 2332; x_wconf 87' lang='lat' dir='ltr'>uni—</span> 
     </span>
    </p>
   </div>
   <div class='ocr_carea' id='block_1_26' title="bbox 307 2370 1969 2444">
    <p class='ocr_par' dir='ltr' id='par_1_26' title="bbox 307 2370 1969 2444">
     <span class='ocr_line' id='line_1_26' title="bbox 307 2370 1969 2444; baseline -0.001 -19"><span class='ocrx_word' id='word_1_168' title='bbox 307 2385 611 2427; x_wconf 87' lang='lat' dir='ltr'>versorum</span> <span class='ocrx_word' id='word_1_169' title='bbox 641 2372 829 2428; x_wconf 85' lang='lat' dir='ltr'>Judici</span> <span class='ocrx_word' id='word_1_170' title='bbox 873 2378 1078 2428; x_wconf 84' lang='lat' dir='ltr'>exacte</span> <span class='ocrx_word' id='word_1_171' title='bbox 1110 2379 1168 2428; x_wconf 90' lang='lat' dir='ltr'>et</span> <span class='ocrx_word' id='word_1_172' title='bbox 1215 2372 1439 2444; x_wconf 87' lang='lat' dir='ltr'>absque</span> <span class='ocrx_word' id='word_1_173' title='bbox 1471 2370 1594 2426; x_wconf 90' lang='lat' dir='ltr'>ullo</span> <span class='ocrx_word' id='word_1_174' title='bbox 1645 2386 1844 2425; x_wconf 90' lang='lat' dir='ltr'>errore</span> <span class='ocrx_word' id='word_1_175' title='bbox 1877 2385 1969 2423; x_wconf 88' lang='lat' dir='ltr'>co-</span> 
     </span>
    </p>
   </div>
   <div class='ocr_carea' id='block_1_27' title="bbox 310 2457 1966 2531">
    <p class='ocr_par' dir='ltr' id='par_1_27' title="bbox 310 2457 1966 2531">
     <span class='ocr_line' id='line_1_27' title="bbox 310 2457 1966 2531; baseline -0.002 -18"><span class='ocrx_word' id='word_1_176' title='bbox 310 2459 476 2531; x_wconf 87' lang='lat' dir='ltr'>gnita</span> <span class='ocrx_word' id='word_1_177' title='bbox 505 2467 595 2516; x_wconf 90' lang='lat' dir='ltr'>est</span> <span class='ocrx_word' id='word_1_178' title='bbox 649 2460 740 2516; x_wconf 89' lang='lat' dir='ltr'>Sic</span> <span class='ocrx_word' id='word_1_179' title='bbox 772 2468 830 2517; x_wconf 91' lang='lat' dir='ltr'>et</span> <span class='ocrx_word' id='word_1_180' title='bbox 857 2463 918 2517; x_wconf 90' lang='lat' dir='ltr'>in</span> <span class='ocrx_word' id='word_1_181' title='bbox 966 2461 1102 2516; x_wconf 89' lang='lat' dir='ltr'>aliis</span> <span class='ocrx_word' id='word_1_182' title='bbox 1131 2461 1465 2517; x_wconf 88' lang='lat' dir='ltr'>innumeris</span> <span class='ocrx_word' id='word_1_183' title='bbox 1497 2479 1509 2516; x_wconf 92' lang='lat'>:</span> <span class='ocrx_word' id='word_1_184' title='bbox 1561 2459 1740 2514; x_wconf 88' lang='lat' dir='ltr'>veluti</span> <span class='ocrx_word' id='word_1_185' title='bbox 1781 2459 1842 2512; x_wconf 91' lang='lat' dir='ltr'>in</span> <span class='ocrx_word' id='word_1_186' title='bbox 1872 2457 1966 2512; x_wconf 85' lang='lat' dir='ltr'>his</span> 
     </span>
    </p>
   </div>
   <div class='ocr_carea' id='block_1_28' title="bbox 310 2556 1968 2632">
    <p class='ocr_par' dir='ltr' id='par_1_28' title="bbox 310 2556 1968 2632">
     <span class='ocr_line' id='line_1_28' title="bbox 310 2556 1968 2632; baseline -0.002 -18"><span class='ocrx_word' id='word_1_187' title='bbox 310 2559 491 2614; x_wconf 91' lang='lat' dir='ltr'>etiam</span> <span class='ocrx_word' id='word_1_188' title='bbox 559 2576 691 2632; x_wconf 83' lang='lat' dir='ltr'>quae</span> <span class='ocrx_word' id='word_1_189' title='bbox 750 2561 1014 2632; x_wconf 89' lang='lat' dir='ltr'>quotidie</span> <span class='ocrx_word' id='word_1_190' title='bbox 1054 2560 1354 2616; x_wconf 88' lang='lat' dir='ltr'>aecidunt.</span> <span class='ocrx_word' id='word_1_191' title='bbox 1417 2557 1723 2630; x_wconf 90' lang='lat' dir='ltr'>Siquidem</span> <span class='ocrx_word' id='word_1_192' title='bbox 1781 2556 1968 2610; x_wconf 88' lang='lat' dir='ltr'>multa</span> 
     </span>
    </p>
   </div>
   <div class='ocr_carea' id='block_1_29' title="bbox 308 2645 1967 2720">
    <p class='ocr_par' dir='ltr' id='par_1_29' title="bbox 308 2645 1967 2720">
     <span class='ocr_line' id='line_1_29' title="bbox 308 2645 1967 2720; baseline -0.001 -19"><span class='ocrx_word' id='word_1_193' title='bbox 308 2647 540 2720; x_wconf 87' lang='lat' dir='ltr'>ignotas</span> <span class='ocrx_word' id='word_1_194' title='bbox 572 2648 744 2704; x_wconf 88' lang='lat' dir='ltr'>nobis</span> <span class='ocrx_word' id='word_1_195' title='bbox 771 2649 1052 2705; x_wconf 85' lang='lat' dir='ltr'>habentia</span> <span class='ocrx_word' id='word_1_196' title='bbox 1081 2655 1378 2708; x_wconf 66' lang='lat' dir='ltr'>causasct</span> <span class='ocrx_word' id='word_1_197' title='bbox 1399 2645 1967 2720; x_wconf 75' lang='lat' dir='ltr'>quaeinsipientibus</span> 
     </span>
    </p>
   </div>
   <div class='ocr_carea' id='block_1_30' title="bbox 307 2737 1964 2812">
    <p class='ocr_par' dir='ltr' id='par_1_30' title="bbox 307 2737 1964 2812">
     <span class='ocr_line' id='line_1_30' title="bbox 307 2737 1964 2812; baseline -0.003 -18"><span class='ocrx_word' id='word_1_198' title='bbox 307 2737 435 2795; x_wconf 84' lang='lat' dir='ltr'>sine</span> <span class='ocrx_word' id='word_1_199' title='bbox 468 2740 695 2796; x_wconf 86' lang='lat' dir='ltr'>ratione</span> <span class='ocrx_word' id='word_1_200' title='bbox 727 2739 855 2796; x_wconf 84' lang='lat' dir='ltr'>fieri</span> <span class='ocrx_word' id='word_1_201' title='bbox 886 2741 1180 2810; x_wconf 88' lang='lat' dir='ltr'>videntur,</span> <span class='ocrx_word' id='word_1_202' title='bbox 1207 2740 1502 2812; x_wconf 78' lang='lat' dir='ltr'>juxtahoc</span> <span class='ocrx_word' id='word_1_203' title='bbox 1534 2737 1706 2793; x_wconf 90' lang='lat' dir='ltr'>oculo</span> <span class='ocrx_word' id='word_1_204' title='bbox 1749 2752 1964 2801; x_wconf 68' lang='lat' dir='ltr'>causae,</span> 
     </span>
    </p>
   </div>
   <div class='ocr_carea' id='block_1_31' title="bbox 307 2826 1967 2901">
    <p class='ocr_par' dir='ltr' id='par_1_31' title="bbox 307 2826 1967 2901">
     <span class='ocr_line' id='line_1_31' title="bbox 307 2826 1967 2901; baseline -0.003 -18"><span class='ocrx_word' id='word_1_205' title='bbox 307 2828 429 2884; x_wconf 88' lang='lat' dir='ltr'>imo</span> <span class='ocrx_word' id='word_1_206' title='bbox 453 2830 720 2885; x_wconf 90' lang='lat' dir='ltr'>omnium</span> <span class='ocrx_word' id='word_1_207' title='bbox 751 2829 1074 2901; x_wconf 89' lang='lat' dir='ltr'>inspectori</span> <span class='ocrx_word' id='word_1_208' title='bbox 1097 2826 1876 2900; x_wconf 85' lang='lat' dir='ltr'>omniumquejudici,juste</span> <span class='ocrx_word' id='word_1_209' title='bbox 1909 2830 1967 2879; x_wconf 91' lang='lat' dir='ltr'>et</span> 
     </span>
    </p>
   </div>
   <div class='ocr_carea' id='block_1_32' title="bbox 305 2915 1962 2990">
    <p class='ocr_par' dir='ltr' id='par_1_32' title="bbox 305 2915 1962 2990">
     <span class='ocr_line' id='line_1_32' title="bbox 305 2915 1962 2990; baseline -0.002 -18"><span class='ocrx_word' id='word_1_210' title='bbox 305 2917 462 2974; x_wconf 88' lang='lat' dir='ltr'>facta</span> <span class='ocrx_word' id='word_1_211' title='bbox 493 2934 622 2975; x_wconf 88' lang='lat' dir='ltr'>esse</span> <span class='ocrx_word' id='word_1_212' title='bbox 667 2927 991 2975; x_wconf 89' lang='lat' dir='ltr'>censentur</span> <span class='ocrx_word' id='word_1_213' title='bbox 1020 2926 1080 2974; x_wconf 90' lang='lat' dir='ltr'>et</span> <span class='ocrx_word' id='word_1_214' title='bbox 1121 2935 1327 2975; x_wconf 88' lang='lat' dir='ltr'>revera</span> <span class='ocrx_word' id='word_1_215' title='bbox 1358 2922 1740 2990; x_wconf 80' lang='lat' dir='ltr'>peraguntur.</span> <span class='ocrx_word' id='word_1_216' title='bbox 1784 2915 1962 2970; x_wconf 86' lang='lat' dir='ltr'>Divus</span> 
     </span>
    </p>
   </div>
   <div class='ocr_carea' id='block_1_33' title="bbox 306 3005 1958 3080">
    <p class='ocr_par' dir='ltr' id='par_1_33' title="bbox 306 3005 1958 3080">
     <span class='ocr_line' id='line_1_33' title="bbox 306 3005 1958 3080; baseline -0.002 -18"><span class='ocrx_word' id='word_1_217' title='bbox 306 3014 503 3063; x_wconf 90' lang='lat' dir='ltr'>autem</span> <span class='ocrx_word' id='word_1_218' title='bbox 545 3009 763 3064; x_wconf 86' lang='lat' dir='ltr'>Paulus</span> <span class='ocrx_word' id='word_1_219' title='bbox 785 3009 868 3065; x_wconf 87' lang='lat' dir='ltr'>ait</span> <span class='ocrx_word' id='word_1_220' title='bbox 890 3007 1076 3074; x_wconf 89' lang='lat' dir='ltr'>:Quod</span> <span class='ocrx_word' id='word_1_221' title='bbox 1107 3009 1154 3064; x_wconf 93' lang='lat' dir='ltr'>si</span> <span class='ocrx_word' id='word_1_222' title='bbox 1189 3009 1368 3065; x_wconf 89' lang='lat' dir='ltr'>etiam</span> <span class='ocrx_word' id='word_1_223' title='bbox 1396 3007 1573 3080; x_wconf 81' lang='lat' dir='ltr'>nulla</span> <span class='ocrx_word' id='word_1_224' title='bbox 1595 3005 1836 3062; x_wconf 88' lang='lat' dir='ltr'>&#39;occulta</span> <span class='ocrx_word' id='word_1_225' title='bbox 1865 3020 1958 3059; x_wconf 90' lang='lat' dir='ltr'>ra-</span> 
     </span>
    </p>
   </div>
   <div class='ocr_carea' id='block_1_34' title="bbox 304 3096 1961 3170">
    <p class='ocr_par' dir='ltr' id='par_1_34' title="bbox 304 3096 1961 3170">
     <span class='ocr_line' id='line_1_34' title="bbox 304 3096 1961 3170; baseline -0.003 -18"><span class='ocrx_word' id='word_1_226' title='bbox 304 3096 386 3152; x_wconf 93' lang='lat' dir='ltr'>tio</span> <span class='ocrx_word' id='word_1_227' title='bbox 418 3096 510 3153; x_wconf 89' lang='lat' dir='ltr'>his</span> <span class='ocrx_word' id='word_1_228' title='bbox 541 3114 672 3170; x_wconf 73' lang='lat' dir='ltr'>qua:</span> <span class='ocrx_word' id='word_1_229' title='bbox 697 3097 850 3154; x_wconf 84' lang='lat' dir='ltr'>fiunt</span> <span class='ocrx_word' id='word_1_230' title='bbox 878 3099 1142 3155; x_wconf 83' lang='lat' dir='ltr'>inesset:</span> <span class='ocrx_word' id='word_1_231' title='bbox 1175 3115 1250 3155; x_wconf 90' lang='lat' dir='ltr'>ne</span> <span class='ocrx_word' id='word_1_232' title='bbox 1281 3101 1364 3154; x_wconf 89' lang='lat' dir='ltr'>ita</span> <span class='ocrx_word' id='word_1_233' title='bbox 1394 3096 1635 3170; x_wconf 90' lang='lat' dir='ltr'>quidem</span> <span class='ocrx_word' id='word_1_234' title='bbox 1659 3098 1961 3167; x_wconf 85' lang='lat' dir='ltr'>Oporteret</span> 
     </span>
    </p>
   </div>
   <div class='ocr_carea' id='block_1_35' title="bbox 303 3187 1955 3264">
    <p class='ocr_par' dir='ltr' id='par_1_35' title="bbox 303 3187 1955 3264">
     <span class='ocr_line' id='line_1_35' title="bbox 303 3187 1955 3264; baseline -0.001 -20"><span class='ocrx_word' id='word_1_235' title='bbox 303 3189 593 3259; x_wconf 90' lang='lat' dir='ltr'>quosdam</span> <span class='ocrx_word' id='word_1_236' title='bbox 624 3191 879 3264; x_wconf 82' lang='lat' dir='ltr'>graviter</span> <span class='ocrx_word' id='word_1_237' title='bbox 907 3193 1061 3247; x_wconf 91' lang='lat' dir='ltr'>ferre</span> <span class='ocrx_word' id='word_1_238' title='bbox 1093 3209 1158 3248; x_wconf 91' lang='lat' dir='ltr'>ac</span> <span class='ocrx_word' id='word_1_239' title='bbox 1208 3191 1466 3246; x_wconf 90' lang='lat' dir='ltr'>divinam</span> <span class='ocrx_word' id='word_1_240' title='bbox 1518 3187 1955 3244; x_wconf 86' lang='lat' dir='ltr'>Providentiam</span> 
     </span>
    </p>
   </div>
   <div class='ocr_carea' id='block_1_36' title="bbox 2077 573 3730 658">
    <p class='ocr_par' dir='ltr' id='par_1_36' title="bbox 2077 573 3730 658">
     <span class='ocr_line' id='line_1_36' title="bbox 2077 573 3730 658; baseline 0.006 -30"><span class='ocrx_word' id='word_1_241' title='bbox 2077 599 2104 628; x_wconf 88' lang='grc'>‹‹</span> <span class='ocrx_word' id='word_1_242' title='bbox 2135 579 2260 634; x_wconf 86' lang='grc' dir='ltr'>Κατ’</span> <span class='ocrx_word' id='word_1_243' title='bbox 2291 575 2552 656; x_wconf 67' lang='grc' dir='ltr'>ἐκλογήν,</span> <span class='ocrx_word' id='word_1_244' title='bbox 2590 604 2610 631; x_wconf 72' lang='grc' dir='ltr'>ι</span> <span class='ocrx_word' id='word_1_245' title='bbox 2641 573 2838 650; x_wconf 67' lang='grc' dir='ltr'>ἔδειξεν</span> <span class='ocrx_word' id='word_1_246' title='bbox 2869 579 2954 636; x_wconf 80' lang='grc' dir='ltr'>ὅτι</span> <span class='ocrx_word' id='word_1_247' title='bbox 3003 579 3093 635; x_wconf 81' lang='grc' dir='ltr'>καὶ</span> <span class='ocrx_word' id='word_1_248' title='bbox 3153 576 3396 658; x_wconf 69' lang='grc' dir='ltr'>διέφερον</span> <span class='ocrx_word' id='word_1_249' title='bbox 3440 578 3730 653; x_wconf 83' lang='grc' dir='ltr'>ἀλλήλων.</span> 
     </span>
    </p>
   </div>
   <div class='ocr_carea' id='block_1_37' title="bbox 2074 662 3734 748">
    <p class='ocr_par' dir='ltr' id='par_1_37' title="bbox 2074 662 3734 748">
     <span class='ocr_line' id='line_1_37' title="bbox 2074 662 3734 748; baseline 0.002 -26"><span class='ocrx_word' id='word_1_250' title='bbox 2074 662 2271 729; x_wconf 75' lang='grc' dir='ltr'>Οὐδεὶς</span> <span class='ocrx_word' id='word_1_251' title='bbox 2301 669 2404 744; x_wconf 74' lang='grc' dir='ltr'>γὰρ</span> <span class='ocrx_word' id='word_1_252' title='bbox 2447 669 2732 748; x_wconf 72' lang='grc' dir='ltr'>ἐκλέγεται</span> <span class='ocrx_word' id='word_1_253' title='bbox 2788 667 2971 742; x_wconf 64' lang='grc' dir='ltr'>ἕτερον</span> <span class='ocrx_word' id='word_1_254' title='bbox 3027 670 3116 747; x_wconf 68' lang='grc' dir='ltr'>ἀφ’</span> <span class='ocrx_word' id='word_1_255' title='bbox 3174 670 3384 744; x_wconf 72' lang='grc' dir='ltr'>ἐτέρου,</span> <span class='ocrx_word' id='word_1_256' title='bbox 3439 668 3486 726; x_wconf 79' lang='grc' dir='ltr'>εί</span> <span class='ocrx_word' id='word_1_257' title='bbox 3547 674 3622 745; x_wconf 80' lang='grc' dir='ltr'>μή</span> <span class='ocrx_word' id='word_1_258' title='bbox 3679 690 3734 726; x_wconf 88' lang='grc' dir='ltr'>τι</span> 
     </span>
    </p>
   </div>
   <div class='ocr_carea' id='block_1_38' title="bbox 2074 753 3736 835">
    <p class='ocr_par' dir='ltr' id='par_1_38' title="bbox 2074 753 3736 835">
     <span class='ocr_line' id='line_1_38' title="bbox 2074 753 3736 835; baseline 0.004 -27"><span class='ocrx_word' id='word_1_259' title='bbox 2074 753 2240 809; x_wconf 71' lang='grc' dir='ltr'>αὐτοῦ</span> <span class='ocrx_word' id='word_1_260' title='bbox 2272 753 2627 816; x_wconf 76' lang='grc' dir='ltr'>διαλλάσσοι.</span> <span class='ocrx_word' id='word_1_261' title='bbox 2661 757 2852 816; x_wconf 68' lang='grc' dir='ltr'>Εἰπὼν</span> <span class='ocrx_word' id='word_1_262' title='bbox 2885 755 2962 828; x_wconf 83' lang='grc' dir='ltr'>δὲ,</span> <span class='ocrx_word' id='word_1_263' title='bbox 2997 783 3024 810; x_wconf 74' lang='grc' dir='ltr'>ιι</span> <span class='ocrx_word' id='word_1_264' title='bbox 3058 758 3172 814; x_wconf 79' lang='grc' dir='ltr'>Οὐκ</span> <span class='ocrx_word' id='word_1_265' title='bbox 3203 757 3254 829; x_wconf 82' lang='grc' dir='ltr'>ἐξ</span> <span class='ocrx_word' id='word_1_266' title='bbox 3303 756 3497 834; x_wconf 78' lang='grc' dir='ltr'>ἔργων.</span> <span class='ocrx_word' id='word_1_267' title='bbox 3529 784 3557 812; x_wconf 75' lang='grc' dir='ltr'>ι)</span> <span class='ocrx_word' id='word_1_268' title='bbox 3591 777 3736 835; x_wconf 85' lang='grc' dir='ltr'>παρ-</span> 
     </span>
    </p>
   </div>
   <div class='ocr_carea' id='block_1_39' title="bbox 2075 842 3734 924">
    <p class='ocr_par' dir='ltr' id='par_1_39' title="bbox 2075 842 3734 924">
     <span class='ocr_line' id='line_1_39' title="bbox 2075 842 3734 924; baseline 0.001 -24"><span class='ocrx_word' id='word_1_269' title='bbox 2075 842 2262 916; x_wconf 75' lang='grc' dir='ltr'>έστησε</span> <span class='ocrx_word' id='word_1_270' title='bbox 2294 846 2357 902; x_wconf 85' lang='grc' dir='ltr'>τὸ</span> <span class='ocrx_word' id='word_1_271' title='bbox 2391 846 2613 921; x_wconf 85' lang='grc' dir='ltr'>μέγεθος</span> <span class='ocrx_word' id='word_1_272' title='bbox 2644 855 2745 919; x_wconf 79' lang='grc' dir='ltr'>τῆς</span> <span class='ocrx_word' id='word_1_273' title='bbox 2775 846 3028 918; x_wconf 79' lang='grc' dir='ltr'>κλήσεως</span> <span class='ocrx_word' id='word_1_274' title='bbox 3048 848 3260 918; x_wconf 76' lang='grc' dir='ltr'>καὶτῆς</span> <span class='ocrx_word' id='word_1_275' title='bbox 3284 851 3513 924; x_wconf 79' lang='grc' dir='ltr'>χάριτος</span> <span class='ocrx_word' id='word_1_276' title='bbox 3545 850 3734 918; x_wconf 77' lang='grc' dir='ltr'>αὐτοῦ,</span> 
     </span>
    </p>
   </div>
   <div class='ocr_carea' id='block_1_40' title="bbox 2074 933 3732 1014">
    <p class='ocr_par' dir='ltr' id='par_1_40' title="bbox 2074 933 3732 1014">
     <span class='ocr_line' id='line_1_40' title="bbox 2074 933 3732 1014; baseline 0.004 -24"><span class='ocrx_word' id='word_1_277' title='bbox 2074 935 2158 990; x_wconf 77' lang='grc' dir='ltr'>ὅτι</span> <span class='ocrx_word' id='word_1_278' title='bbox 2181 936 2270 990; x_wconf 79' lang='grc' dir='ltr'>καὶ</span> <span class='ocrx_word' id='word_1_279' title='bbox 2307 933 2476 1007; x_wconf 73' lang='grc' dir='ltr'>μηδὲν</span> <span class='ocrx_word' id='word_1_280' title='bbox 2511 937 2849 1013; x_wconf 78' lang='grc' dir='ltr'>πραξάντων,</span> <span class='ocrx_word' id='word_1_281' title='bbox 2883 934 3164 1014; x_wconf 77' lang='grc' dir='ltr'>ἐκλέγεται</span> <span class='ocrx_word' id='word_1_282' title='bbox 3194 937 3282 993; x_wconf 81' lang='grc' dir='ltr'>καὶ</span> <span class='ocrx_word' id='word_1_283' title='bbox 3315 935 3732 1013; x_wconf 79' lang='grc' dir='ltr'>προσκαλεῖται.</span> 
     </span>
    </p>
   </div>
   <div class='ocr_carea' id='block_1_41' title="bbox 2074 1021 3733 1105">
    <p class='ocr_par' dir='ltr' id='par_1_41' title="bbox 2074 1021 3733 1105">
     <span class='ocr_line' id='line_1_41' title="bbox 2074 1021 3733 1105; baseline 0.001 -24"><span class='ocrx_word' id='word_1_284' title='bbox 2074 1021 2234 1081; x_wconf 83' lang='grc' dir='ltr'>Ἀλλ’</span> <span class='ocrx_word' id='word_1_285' title='bbox 2262 1024 2309 1080; x_wconf 84' lang='grc' dir='ltr'>εί</span> <span class='ocrx_word' id='word_1_286' title='bbox 2345 1022 2515 1099; x_wconf 74' lang='grc' dir='ltr'>μηδὲν</span> <span class='ocrx_word' id='word_1_287' title='bbox 2556 1027 2872 1100; x_wconf 75' lang='grc' dir='ltr'>πραξάντων</span> <span class='ocrx_word' id='word_1_288' title='bbox 2904 1025 3211 1104; x_wconf 70' lang='grc' dir='ltr'>ἐκλέγεται,</span> <span class='ocrx_word' id='word_1_289' title='bbox 3253 1032 3370 1089; x_wconf 83' lang='grc' dir='ltr'>πῶς</span> <span class='ocrx_word' id='word_1_290' title='bbox 3405 1026 3686 1105; x_wconf 73' lang='grc' dir='ltr'>ἐκλέγεται</span> <span class='ocrx_word' id='word_1_291' title='bbox 3718 1047 3733 1098; x_wconf 87' lang='grc'>;</span> 
     </span>
    </p>
   </div>
   <div class='ocr_carea' id='block_1_42' title="bbox 2073 1112 3734 1194">
    <p class='ocr_par' dir='ltr' id='par_1_42' title="bbox 2073 1112 3734 1194">
     <span class='ocr_line' id='line_1_42' title="bbox 2073 1112 3734 1194; baseline 0.004 -27"><span class='ocrx_word' id='word_1_292' title='bbox 2073 1115 2107 1182; x_wconf 81' lang='grc' dir='ltr'>ἡ</span> <span class='ocrx_word' id='word_1_293' title='bbox 2145 1113 2374 1191; x_wconf 72' lang='grc' dir='ltr'>μὲνγὰρ</span> <span class='ocrx_word' id='word_1_294' title='bbox 2415 1112 2620 1190; x_wconf 84' lang='grc' dir='ltr'>ἐκλογῆ</span> <span class='ocrx_word' id='word_1_295' title='bbox 2678 1114 2766 1170; x_wconf 78' lang='grc' dir='ltr'>ἐπὶ</span> <span class='ocrx_word' id='word_1_296' title='bbox 2817 1121 2925 1171; x_wconf 87' lang='grc' dir='ltr'>τῶν</span> <span class='ocrx_word' id='word_1_297' title='bbox 2981 1116 3118 1171; x_wconf 81' lang='grc' dir='ltr'>κατὰ</span> <span class='ocrx_word' id='word_1_298' title='bbox 3171 1137 3226 1172; x_wconf 84' lang='grc' dir='ltr'>τι</span> <span class='ocrx_word' id='word_1_299' title='bbox 3282 1116 3488 1194; x_wconf 86' lang='grc' dir='ltr'>γίνεται</span> <span class='ocrx_word' id='word_1_300' title='bbox 3543 1113 3734 1194; x_wconf 72' lang='grc' dir='ltr'>διαφε-</span> 
     </span>
    </p>
   </div>
   <div class='ocr_carea' id='block_1_43' title="bbox 2076 1199 3734 1285">
    <p class='ocr_par' dir='ltr' id='par_1_43' title="bbox 2076 1199 3734 1285">
     <span class='ocr_line' id='line_1_43' title="bbox 2076 1199 3734 1285; baseline 0.002 -28"><span class='ocrx_word' id='word_1_301' title='bbox 2076 1206 2296 1276; x_wconf 77' lang='grc' dir='ltr'>ρὸντων·</span> <span class='ocrx_word' id='word_1_302' title='bbox 2333 1204 2385 1257; x_wconf 77' lang='grc' dir='ltr'>οἱ</span> <span class='ocrx_word' id='word_1_303' title='bbox 2417 1199 2474 1258; x_wconf 74' lang='grc' dir='ltr'>δὲ</span> <span class='ocrx_word' id='word_1_304' title='bbox 2510 1201 2679 1276; x_wconf 78' lang='grc' dir='ltr'>μηδὲν</span> <span class='ocrx_word' id='word_1_305' title='bbox 2728 1205 3043 1278; x_wconf 77' lang='grc' dir='ltr'>πράξαντες,</span> <span class='ocrx_word' id='word_1_306' title='bbox 3102 1205 3154 1260; x_wconf 82' lang='grc' dir='ltr'>τί</span> <span class='ocrx_word' id='word_1_307' title='bbox 3209 1202 3562 1285; x_wconf 73' lang='grc' dir='ltr'>ὂιαφέρουσις</span> <span class='ocrx_word' id='word_1_308' title='bbox 3624 1206 3734 1264; x_wconf 85' lang='grc' dir='ltr'>Ναὶ</span> 
     </span>
    </p>
   </div>
   <div class='ocr_carea' id='block_1_44' title="bbox 2071 1291 3731 1374">
    <p class='ocr_par' dir='ltr' id='par_1_44' title="bbox 2071 1291 3731 1374">
     <span class='ocr_line' id='line_1_44' title="bbox 2071 1291 3731 1374; baseline 0.003 -28"><span class='ocrx_word' id='word_1_309' title='bbox 2071 1293 2228 1348; x_wconf 73' lang='grc' dir='ltr'>πάνυ.</span> <span class='ocrx_word' id='word_1_310' title='bbox 2265 1293 2660 1366; x_wconf 83' lang='grc' dir='ltr'>Ἀνθρωπίνοις</span> <span class='ocrx_word' id='word_1_311' title='bbox 2710 1295 2803 1366; x_wconf 77' lang='grc' dir='ltr'>μὲν</span> <span class='ocrx_word' id='word_1_312' title='bbox 2859 1295 2964 1369; x_wconf 84' lang='grc' dir='ltr'>γάρ</span> <span class='ocrx_word' id='word_1_313' title='bbox 3022 1291 3338 1374; x_wconf 72' lang='grc' dir='ltr'>ὀφθαλμοῖς</span> <span class='ocrx_word' id='word_1_314' title='bbox 3395 1294 3510 1350; x_wconf 83' lang='grc' dir='ltr'>ἐπεὶ</span> <span class='ocrx_word' id='word_1_315' title='bbox 3571 1292 3731 1351; x_wconf 69' lang='grc' dir='ltr'>οὐδὲν</span> 
     </span>
    </p>
   </div>
   <div class='ocr_carea' id='block_1_45' title="bbox 2073 1377 3734 1463">
    <p class='ocr_par' dir='ltr' id='par_1_45' title="bbox 2073 1377 3734 1463">
     <span class='ocr_line' id='line_1_45' title="bbox 2073 1377 3734 1463; baseline 0.003 -28"><span class='ocrx_word' id='word_1_316' title='bbox 2073 1377 2325 1455; x_wconf 78' lang='grc' dir='ltr'>ἔπραξαν,</span> <span class='ocrx_word' id='word_1_317' title='bbox 2383 1379 2539 1437; x_wconf 75' lang='grc' dir='ltr'>οὐδὲν</span> <span class='ocrx_word' id='word_1_318' title='bbox 2594 1379 2934 1463; x_wconf 70' lang='grc' dir='ltr'>διαφέρουσι,</span> <span class='ocrx_word' id='word_1_319' title='bbox 2985 1384 3102 1454; x_wconf 82' lang='grc' dir='ltr'>θείᾳ</span> <span class='ocrx_word' id='word_1_320' title='bbox 3158 1379 3216 1438; x_wconf 71' lang='grc' dir='ltr'>δὲ</span> <span class='ocrx_word' id='word_1_321' title='bbox 3273 1384 3578 1459; x_wconf 77' lang='grc' dir='ltr'>προγνώσει</span> <span class='ocrx_word' id='word_1_322' title='bbox 3633 1389 3734 1440; x_wconf 78' lang='grc' dir='ltr'>τοῦ</span> 
     </span>
    </p>
   </div>
   <div class='ocr_carea' id='block_1_46' title="bbox 2075 1467 3731 1549">
    <p class='ocr_par' dir='ltr' id='par_1_46' title="bbox 2075 1467 3731 1549">
     <span class='ocr_line' id='line_1_46' title="bbox 2075 1467 3731 1549; baseline 0.002 -24"><span class='ocrx_word' id='word_1_323' title='bbox 2075 1467 2405 1544; x_wconf 84' lang='grc' dir='ltr'>μέλλοντος,</span> <span class='ocrx_word' id='word_1_324' title='bbox 2436 1469 2624 1527; x_wconf 74' lang='grc' dir='ltr'>πολλὰ</span> <span class='ocrx_word' id='word_1_325' title='bbox 2655 1468 2924 1549; x_wconf 63' lang='grc' dir='ltr'>διαφέρει.</span> <span class='ocrx_word' id='word_1_326' title='bbox 2979 1473 3082 1530; x_wconf 83' lang='grc' dir='ltr'>Καὶ</span> <span class='ocrx_word' id='word_1_327' title='bbox 3143 1472 3248 1547; x_wconf 79' lang='grc' dir='ltr'>γὰρ</span> <span class='ocrx_word' id='word_1_328' title='bbox 3307 1474 3335 1528; x_wconf 90' lang='lat'>6</span> <span class='ocrx_word' id='word_1_329' title='bbox 3379 1473 3474 1546; x_wconf 75' lang='grc' dir='ltr'>μὶν</span> <span class='ocrx_word' id='word_1_330' title='bbox 3537 1472 3731 1549; x_wconf 78' lang='grc' dir='ltr'>εὐηρέ-</span> 
     </span>
    </p>
   </div>
   <div class='ocr_carea' id='block_1_47' title="bbox 2073 1558 3733 1640">
    <p class='ocr_par' dir='ltr' id='par_1_47' title="bbox 2073 1558 3733 1640">
     <span class='ocr_line' id='line_1_47' title="bbox 2073 1558 3733 1640; baseline 0.002 -25"><span class='ocrx_word' id='word_1_331' title='bbox 2073 1580 2236 1630; x_wconf 81' lang='grc' dir='ltr'>στησε</span> <span class='ocrx_word' id='word_1_332' title='bbox 2267 1565 2347 1632; x_wconf 81' lang='grc' dir='ltr'>τῷ</span> <span class='ocrx_word' id='word_1_333' title='bbox 2378 1565 2516 1632; x_wconf 82' lang='grc' dir='ltr'>Θεῷ,</span> <span class='ocrx_word' id='word_1_334' title='bbox 2549 1563 2577 1616; x_wconf 98' lang='lat'>6</span> <span class='ocrx_word' id='word_1_335' title='bbox 2611 1558 2669 1616; x_wconf 77' lang='grc' dir='ltr'>δὲ</span> <span class='ocrx_word' id='word_1_336' title='bbox 2699 1563 2798 1617; x_wconf 76' lang='grc' dir='ltr'>οὐκ</span> <span class='ocrx_word' id='word_1_337' title='bbox 2822 1558 2926 1621; x_wconf 73' lang='grc' dir='ltr'>ἔτι.</span> <span class='ocrx_word' id='word_1_338' title='bbox 2962 1562 3122 1618; x_wconf 82' lang='grc' dir='ltr'>Ὠστε</span> <span class='ocrx_word' id='word_1_339' title='bbox 3147 1564 3181 1631; x_wconf 70' lang='grc' dir='ltr'>ἡ</span> <span class='ocrx_word' id='word_1_340' title='bbox 3236 1561 3442 1640; x_wconf 82' lang='grc' dir='ltr'>ἐκλογή</span> <span class='ocrx_word' id='word_1_341' title='bbox 3490 1563 3581 1618; x_wconf 84' lang='grc' dir='ltr'>καὶ</span> <span class='ocrx_word' id='word_1_342' title='bbox 3630 1563 3733 1619; x_wconf 86' lang='grc' dir='ltr'>οὐκ</span> 
     </span>
    </p>
   </div>
   <div class='ocr_carea' id='block_1_48' title="bbox 2073 1647 3731 1728">
    <p class='ocr_par' dir='ltr' id='par_1_48' title="bbox 2073 1647 3731 1728">
     <span class='ocr_line' id='line_1_48' title="bbox 2073 1647 3731 1728; baseline 0.002 -24"><span class='ocrx_word' id='word_1_343' title='bbox 2073 1648 2122 1719; x_wconf 79' lang='grc' dir='ltr'>ἐξ</span> <span class='ocrx_word' id='word_1_344' title='bbox 2179 1647 2353 1727; x_wconf 82' lang='grc' dir='ltr'>ἔργων</span> <span class='ocrx_word' id='word_1_345' title='bbox 2413 1649 2617 1728; x_wconf 87' lang='grc' dir='ltr'>γέγονε,</span> <span class='ocrx_word' id='word_1_346' title='bbox 2676 1652 2766 1706; x_wconf 87' lang='grc' dir='ltr'>καὶ</span> <span class='ocrx_word' id='word_1_347' title='bbox 2825 1652 2933 1706; x_wconf 84' lang='grc' dir='ltr'>ἀπὸ</span> <span class='ocrx_word' id='word_1_348' title='bbox 2989 1659 3090 1721; x_wconf 77' lang='grc' dir='ltr'>τῆς</span> <span class='ocrx_word' id='word_1_349' title='bbox 3146 1650 3398 1722; x_wconf 84' lang='grc' dir='ltr'>κλήσεως</span> <span class='ocrx_word' id='word_1_350' title='bbox 3471 1653 3561 1708; x_wconf 78' lang='grc' dir='ltr'>καὶ</span> <span class='ocrx_word' id='word_1_351' title='bbox 3627 1656 3731 1719; x_wconf 80' lang='grc' dir='ltr'>τῆς</span> 
     </span>
    </p>
   </div>
   <div class='ocr_carea' id='block_1_49' title="bbox 2071 1736 3726 1818">
    <p class='ocr_par' dir='ltr' id='par_1_49' title="bbox 2071 1736 3726 1818">
     <span class='ocr_line' id='line_1_49' title="bbox 2071 1736 3726 1818; baseline 0.003 -26"><span class='ocrx_word' id='word_1_352' title='bbox 2071 1739 2300 1813; x_wconf 78' lang='grc' dir='ltr'>χάριτος</span> <span class='ocrx_word' id='word_1_353' title='bbox 2331 1737 2539 1816; x_wconf 89' lang='grc' dir='ltr'>γέγονε.</span> <span class='ocrx_word' id='word_1_354' title='bbox 2569 1741 2672 1797; x_wconf 86' lang='grc' dir='ltr'>Καὶ</span> <span class='ocrx_word' id='word_1_355' title='bbox 2704 1736 2883 1797; x_wconf 84' lang='grc' dir='ltr'>δικαία</span> <span class='ocrx_word' id='word_1_356' title='bbox 2913 1741 3153 1818; x_wconf 82' lang='grc' dir='ltr'>γέγονεν,</span> <span class='ocrx_word' id='word_1_357' title='bbox 3216 1740 3361 1797; x_wconf 85' lang='grc' dir='ltr'>ἀλλᾶ</span> <span class='ocrx_word' id='word_1_358' title='bbox 3409 1742 3472 1798; x_wconf 85' lang='grc' dir='ltr'>τὸ</span> <span class='ocrx_word' id='word_1_359' title='bbox 3513 1737 3726 1798; x_wconf 86' lang='grc' dir='ltr'>δίκαιον</span> 
     </span>
    </p>
   </div>
   <div class='ocr_carea' id='block_1_50' title="bbox 2070 1827 3727 1907">
    <p class='ocr_par' dir='ltr' id='par_1_50' title="bbox 2070 1827 3727 1907">
     <span class='ocr_line' id='line_1_50' title="bbox 2070 1827 3727 1907; baseline 0.004 -25"><span class='ocrx_word' id='word_1_360' title='bbox 2070 1827 2198 1889; x_wconf 79' lang='grc' dir='ltr'>τοὺς</span> <span class='ocrx_word' id='word_1_361' title='bbox 2262 1828 2576 1903; x_wconf 84' lang='grc' dir='ltr'>ἀνθρώπους</span> <span class='ocrx_word' id='word_1_362' title='bbox 2635 1828 2940 1886; x_wconf 81' lang='grc' dir='ltr'>ἐλάνθανεν.</span> <span class='ocrx_word' id='word_1_363' title='bbox 3003 1833 3206 1907; x_wconf 81' lang='grc' dir='ltr'>Ὠσπερ</span> <span class='ocrx_word' id='word_1_364' title='bbox 3258 1829 3425 1887; x_wconf 88' lang='grc' dir='ltr'>πλέον</span> <span class='ocrx_word' id='word_1_365' title='bbox 3495 1831 3586 1888; x_wconf 87' lang='grc' dir='ltr'>καὶ</span> <span class='ocrx_word' id='word_1_366' title='bbox 3645 1829 3727 1888; x_wconf 74' lang='grc' dir='ltr'>ἔτι</span> 
     </span>
    </p>
   </div>
   <div class='ocr_carea' id='block_1_51' title="bbox 2072 1916 3720 1997">
    <p class='ocr_par' dir='ltr' id='par_1_51' title="bbox 2072 1916 3720 1997">
     <span class='ocr_line' id='line_1_51' title="bbox 2072 1916 3720 1997; baseline 0.003 -26"><span class='ocrx_word' id='word_1_367' title='bbox 2072 1921 2163 1972; x_wconf 83' lang='grc' dir='ltr'>νῦν</span> <span class='ocrx_word' id='word_1_368' title='bbox 2197 1916 2446 1983; x_wconf 74' lang='grc' dir='ltr'>λανθάνει</span> <span class='ocrx_word' id='word_1_369' title='bbox 2473 1919 2536 1973; x_wconf 89' lang='grc' dir='ltr'>τὸ</span> <span class='ocrx_word' id='word_1_370' title='bbox 2570 1916 2778 1975; x_wconf 83' lang='grc' dir='ltr'>δίκαιον</span> <span class='ocrx_word' id='word_1_371' title='bbox 2823 1921 2884 1976; x_wconf 82' lang='grc' dir='ltr'>τὸ</span> <span class='ocrx_word' id='word_1_372' title='bbox 2944 1919 3034 1975; x_wconf 79' lang='grc' dir='ltr'>ἐπὶ</span> <span class='ocrx_word' id='word_1_373' title='bbox 3080 1928 3180 1991; x_wconf 79' lang='grc' dir='ltr'>τῆς</span> <span class='ocrx_word' id='word_1_374' title='bbox 3239 1920 3559 1997; x_wconf 84' lang='grc' dir='ltr'>ἀναιρέσεως</span> <span class='ocrx_word' id='word_1_375' title='bbox 3611 1926 3720 1978; x_wconf 81' lang='grc' dir='ltr'>τῶν</span> 
     </span>
    </p>
   </div>
   <div class='ocr_carea' id='block_1_52' title="bbox 2078 2008 3726 2087">
    <p class='ocr_par' dir='ltr' id='par_1_52' title="bbox 2078 2008 3726 2087">
     <span class='ocr_line' id='line_1_52' title="bbox 2078 2008 3726 2087; baseline 0.003 -26"><span class='ocrx_word' id='word_1_376' title='bbox 2078 2009 2633 2087; x_wconf 70' lang='grc' dir='ltr'>μοσχοποιησὰντων.</span> <span class='ocrx_word' id='word_1_377' title='bbox 2723 2008 2938 2065; x_wconf 80' lang='grc' dir='ltr'>Πάντων</span> <span class='ocrx_word' id='word_1_378' title='bbox 3005 2010 3107 2086; x_wconf 83' lang='grc' dir='ltr'>γάρ</span> <span class='ocrx_word' id='word_1_379' title='bbox 3168 2010 3726 2086; x_wconf 77' lang='grc' dir='ltr'>μοσχοποιησαντων,</span> 
     </span>
    </p>
   </div>
   <div class='ocr_carea' id='block_1_53' title="bbox 2076 2097 3728 2178">
    <p class='ocr_par' dir='ltr' id='par_1_53' title="bbox 2076 2097 3728 2178">
     <span class='ocr_line' id='line_1_53' title="bbox 2076 2097 3728 2178; baseline 0.002 -26"><span class='ocrx_word' id='word_1_380' title='bbox 2076 2097 2138 2153; x_wconf 85' lang='grc' dir='ltr'>ού</span> <span class='ocrx_word' id='word_1_381' title='bbox 2168 2100 2360 2163; x_wconf 69' lang='grc' dir='ltr'>πάντες</span> <span class='ocrx_word' id='word_1_382' title='bbox 2390 2099 2748 2176; x_wconf 77' lang='grc' dir='ltr'>ἀνῃρέθησαν.</span> <span class='ocrx_word' id='word_1_383' title='bbox 2785 2099 2943 2157; x_wconf 86' lang='grc' dir='ltr'>’Δλλ’</span> <span class='ocrx_word' id='word_1_384' title='bbox 2993 2101 3037 2156; x_wconf 77' lang='grc' dir='ltr'>εἰ</span> <span class='ocrx_word' id='word_1_385' title='bbox 3087 2101 3176 2157; x_wconf 84' lang='grc' dir='ltr'>καὶ</span> <span class='ocrx_word' id='word_1_386' title='bbox 3225 2102 3352 2164; x_wconf 82' lang='grc' dir='ltr'>τοὺς</span> <span class='ocrx_word' id='word_1_387' title='bbox 3405 2101 3728 2178; x_wconf 80' lang='grc' dir='ltr'>ἀνθρώπους</span> 
     </span>
    </p>
   </div>
   <div class='ocr_carea' id='block_1_54' title="bbox 2075 2187 3732 2266">
    <p class='ocr_par' dir='ltr' id='par_1_54' title="bbox 2075 2187 3732 2266">
     <span class='ocr_line' id='line_1_54' title="bbox 2075 2187 3732 2266; baseline 0.002 -23"><span class='ocrx_word' id='word_1_388' title='bbox 2075 2189 2136 2243; x_wconf 90' lang='grc' dir='ltr'>τὸ</span> <span class='ocrx_word' id='word_1_389' title='bbox 2196 2187 2247 2244; x_wconf 80' lang='grc' dir='ltr'>ἐν</span> <span class='ocrx_word' id='word_1_390' title='bbox 2307 2193 2375 2263; x_wconf 78' lang='grc' dir='ltr'>τῇ</span> <span class='ocrx_word' id='word_1_391' title='bbox 2435 2190 2643 2246; x_wconf 87' lang='grc' dir='ltr'>τούτων</span> <span class='ocrx_word' id='word_1_392' title='bbox 2703 2189 2973 2266; x_wconf 84' lang='grc' dir='ltr'>ἀναιρέσει</span> <span class='ocrx_word' id='word_1_393' title='bbox 3033 2189 3331 2266; x_wconf 72' lang='grc' dir='ltr'>ἐκπέφευγε</span> <span class='ocrx_word' id='word_1_394' title='bbox 3385 2187 3590 2247; x_wconf 83' lang='grc' dir='ltr'>δίκαιον</span> <span class='ocrx_word' id='word_1_395' title='bbox 3651 2196 3732 2263; x_wconf 81' lang='grc' dir='ltr'>τῷ</span> 
     </span>
    </p>
   </div>
   <div class='ocr_carea' id='block_1_55' title="bbox 2078 2275 3729 2356">
    <p class='ocr_par' dir='ltr' id='par_1_55' title="bbox 2078 2275 3729 2356">
     <span class='ocr_line' id='line_1_55' title="bbox 2078 2275 3729 2356; baseline 0.001 -24"><span class='ocrx_word' id='word_1_396' title='bbox 2078 2283 2246 2353; x_wconf 84' lang='grc' dir='ltr'>Κριτῆ</span> <span class='ocrx_word' id='word_1_397' title='bbox 2275 2283 2381 2334; x_wconf 82' lang='grc' dir='ltr'>τῶν</span> <span class='ocrx_word' id='word_1_398' title='bbox 2423 2278 2570 2335; x_wconf 81' lang='grc' dir='ltr'>’ὀλων</span> <span class='ocrx_word' id='word_1_399' title='bbox 2599 2277 2839 2350; x_wconf 76' lang='grc' dir='ltr'>ἀκριϐῶς</span> <span class='ocrx_word' id='word_1_400' title='bbox 2889 2280 2975 2335; x_wconf 82' lang='grc' dir='ltr'>καὶ</span> <span class='ocrx_word' id='word_1_401' title='bbox 3037 2277 3398 2343; x_wconf 80' lang='grc' dir='ltr'>ἀδιαπτώτως</span> <span class='ocrx_word' id='word_1_402' title='bbox 3445 2275 3729 2356; x_wconf 76' lang='grc' dir='ltr'>ἔγνωσται,</span> 
     </span>
    </p>
   </div>
   <div class='ocr_carea' id='block_1_56' title="bbox 2074 2367 3732 2444">
    <p class='ocr_par' dir='ltr' id='par_1_56' title="bbox 2074 2367 3732 2444">
     <span class='ocr_line' id='line_1_56' title="bbox 2074 2367 3732 2444; baseline 0.002 -23"><span class='ocrx_word' id='word_1_403' title='bbox 2074 2368 2163 2422; x_wconf 80' lang='grc' dir='ltr'>καὶ</span> <span class='ocrx_word' id='word_1_404' title='bbox 2196 2367 2285 2424; x_wconf 79' lang='grc' dir='ltr'>ἐπὶ</span> <span class='ocrx_word' id='word_1_405' title='bbox 2322 2367 2530 2444; x_wconf 90' lang='grc' dir='ltr'>μυρίων</span> <span class='ocrx_word' id='word_1_406' title='bbox 2564 2367 2772 2440; x_wconf 75' lang='grc' dir='ltr'>ἄλλων,</span> <span class='ocrx_word' id='word_1_407' title='bbox 2806 2369 2882 2431; x_wconf 89' lang='grc' dir='ltr'>ὡς</span> <span class='ocrx_word' id='word_1_408' title='bbox 2913 2369 3003 2424; x_wconf 82' lang='grc' dir='ltr'>καὶ</span> <span class='ocrx_word' id='word_1_409' title='bbox 3044 2367 3132 2425; x_wconf 85' lang='grc' dir='ltr'>ἐπὶ</span> <span class='ocrx_word' id='word_1_410' title='bbox 3178 2374 3286 2424; x_wconf 83' lang='grc' dir='ltr'>τῶν</span> <span class='ocrx_word' id='word_1_411' title='bbox 3329 2371 3448 2426; x_wconf 86' lang='grc' dir='ltr'>καθ’</span> <span class='ocrx_word' id='word_1_412' title='bbox 3499 2371 3732 2441; x_wconf 74' lang='grc' dir='ltr'>ἑκάστην</span> 
     </span>
    </p>
   </div>
   <div class='ocr_carea' id='block_1_57' title="bbox 2077 2453 3731 2536">
    <p class='ocr_par' dir='ltr' id='par_1_57' title="bbox 2077 2453 3731 2536">
     <span class='ocr_line' id='line_1_57' title="bbox 2077 2453 3731 2536; baseline 0.003 -26"><span class='ocrx_word' id='word_1_413' title='bbox 2077 2453 2518 2530; x_wconf 75' lang='grc' dir='ltr'>συμϐπινόντων.</span> <span class='ocrx_word' id='word_1_414' title='bbox 2554 2455 2756 2516; x_wconf 73' lang='grc' dir='ltr'>Πολλὰ</span> <span class='ocrx_word' id='word_1_415' title='bbox 2809 2461 2913 2536; x_wconf 71' lang='grc' dir='ltr'>γὰρ</span> <span class='ocrx_word' id='word_1_416' title='bbox 2966 2458 3276 2536; x_wconf 87' lang='grc' dir='ltr'>ἀγνώστους</span> <span class='ocrx_word' id='word_1_417' title='bbox 3330 2462 3468 2535; x_wconf 63' lang='grc' dir='ltr'>ἡμῖν</span> <span class='ocrx_word' id='word_1_418' title='bbox 3527 2454 3731 2536; x_wconf 83' lang='grc' dir='ltr'>ἔχοντα</span> 
     </span>
    </p>
   </div>
   <div class='ocr_carea' id='block_1_58' title="bbox 2073 2545 3737 2622">
    <p class='ocr_par' dir='ltr' id='par_1_58' title="bbox 2073 2545 3737 2622">
     <span class='ocr_line' id='line_1_58' title="bbox 2073 2545 3737 2622; baseline 0.002 -21"><span class='ocrx_word' id='word_1_419' title='bbox 2073 2547 2202 2609; x_wconf 75' lang='grc' dir='ltr'>τοὺς</span> <span class='ocrx_word' id='word_1_420' title='bbox 2234 2545 2453 2621; x_wconf 83' lang='grc' dir='ltr'>λόγους,</span> <span class='ocrx_word' id='word_1_421' title='bbox 2488 2548 2577 2603; x_wconf 79' lang='grc' dir='ltr'>καὶ</span> <span class='ocrx_word' id='word_1_422' title='bbox 2609 2553 2727 2610; x_wconf 86' lang='grc' dir='ltr'>τοῖς</span> <span class='ocrx_word' id='word_1_423' title='bbox 2759 2548 3035 2612; x_wconf 84' lang='grc' dir='ltr'>ἀσυνέτοις</span> <span class='ocrx_word' id='word_1_424' title='bbox 3087 2545 3264 2622; x_wconf 75' lang='grc' dir='ltr'>ἄλογα</span> <span class='ocrx_word' id='word_1_425' title='bbox 3314 2545 3595 2619; x_wconf 80' lang='grc' dir='ltr'>δοκοῦντα,</span> <span class='ocrx_word' id='word_1_426' title='bbox 3644 2547 3737 2604; x_wconf 76' lang='grc' dir='ltr'>διά</span> 
     </span>
    </p>
   </div>
   <div class='ocr_carea' id='block_1_59' title="bbox 2071 2635 3734 2716">
    <p class='ocr_par' dir='ltr' id='par_1_59' title="bbox 2071 2635 3734 2716">
     <span class='ocr_line' id='line_1_59' title="bbox 2071 2635 3734 2716; baseline 0 -23"><span class='ocrx_word' id='word_1_427' title='bbox 2071 2641 2234 2693; x_wconf 74' lang='grc' dir='ltr'>τοῦτο</span> <span class='ocrx_word' id='word_1_428' title='bbox 2291 2642 2372 2710; x_wconf 79' lang='grc' dir='ltr'>τῷ</span> <span class='ocrx_word' id='word_1_429' title='bbox 2422 2638 2770 2713; x_wconf 78' lang='grc' dir='ltr'>παντεπόπτῃ</span> <span class='ocrx_word' id='word_1_430' title='bbox 2834 2639 2922 2693; x_wconf 81' lang='grc' dir='ltr'>καὶ</span> <span class='ocrx_word' id='word_1_431' title='bbox 3003 2638 3326 2716; x_wconf 66' lang='grc' dir='ltr'>παντεφὸρῳ</span> <span class='ocrx_word' id='word_1_432' title='bbox 3410 2646 3511 2708; x_wconf 74' lang='grc' dir='ltr'>τῆς</span> <span class='ocrx_word' id='word_1_433' title='bbox 3573 2635 3734 2710; x_wconf 83' lang='grc' dir='ltr'>δίκης</span> 
     </span>
    </p>
   </div>
   <div class='ocr_carea' id='block_1_60' title="bbox 2075 2725 3729 2806">
    <p class='ocr_par' dir='ltr' id='par_1_60' title="bbox 2075 2725 3729 2806">
     <span class='ocr_line' id='line_1_60' title="bbox 2075 2725 3729 2806; baseline 0.001 -24"><span class='ocrx_word' id='word_1_434' title='bbox 2075 2727 2368 2805; x_wconf 62' lang='grc' dir='ltr'>ὀφθαλμῷ,</span> <span class='ocrx_word' id='word_1_435' title='bbox 2402 2725 2626 2790; x_wconf 81' lang='grc' dir='ltr'>δικαίως</span> <span class='ocrx_word' id='word_1_436' title='bbox 2675 2727 2763 2783; x_wconf 82' lang='grc' dir='ltr'>καὶ</span> <span class='ocrx_word' id='word_1_437' title='bbox 2813 2728 3050 2803; x_wconf 79' lang='grc' dir='ltr'>κρίνεται</span> <span class='ocrx_word' id='word_1_438' title='bbox 3097 2734 3417 2806; x_wconf 76' lang='grc' dir='ltr'>γεγενῆσθαι</span> <span class='ocrx_word' id='word_1_439' title='bbox 3469 2729 3554 2783; x_wconf 81' lang='grc' dir='ltr'>καὶ</span> <span class='ocrx_word' id='word_1_440' title='bbox 3615 2725 3729 2784; x_wconf 88' lang='grc' dir='ltr'>δια-</span> 
     </span>
    </p>
   </div>
   <div class='ocr_carea' id='block_1_61' title="bbox 2072 2814 3724 2895">
    <p class='ocr_par' dir='ltr' id='par_1_61' title="bbox 2072 2814 3724 2895">
     <span class='ocr_line' id='line_1_61' title="bbox 2072 2814 3724 2895; baseline 0.001 -23"><span class='ocrx_word' id='word_1_441' title='bbox 2072 2838 2384 2893; x_wconf 77' lang='grc' dir='ltr'>πραττεται.</span> <span class='ocrx_word' id='word_1_442' title='bbox 2432 2818 2492 2875; x_wconf 75' lang='grc' dir='ltr'><strong>Ὀ</strong></span> <span class='ocrx_word' id='word_1_443' title='bbox 2553 2814 2610 2872; x_wconf 73' lang='grc' dir='ltr'>δὲ</span> <span class='ocrx_word' id='word_1_444' title='bbox 2667 2819 2814 2882; x_wconf 77' lang='grc' dir='ltr'>θεῖος</span> <span class='ocrx_word' id='word_1_445' title='bbox 2871 2815 3085 2880; x_wconf 79' lang='grc' dir='ltr'>Ιῐαῦλός</span> <span class='ocrx_word' id='word_1_446' title='bbox 3141 2839 3326 2895; x_wconf 74' lang='grc' dir='ltr'>φησιν,</span> <span class='ocrx_word' id='word_1_447' title='bbox 3387 2819 3471 2873; x_wconf 82' lang='grc' dir='ltr'>’ὁτι</span> <span class='ocrx_word' id='word_1_448' title='bbox 3529 2817 3574 2874; x_wconf 84' lang='grc' dir='ltr'>εί</span> <span class='ocrx_word' id='word_1_449' title='bbox 3633 2818 3724 2874; x_wconf 80' lang='grc' dir='ltr'>καὶ</span> 
     </span>
    </p>
   </div>
   <div class='ocr_carea' id='block_1_62' title="bbox 2075 2905 3724 2983">
    <p class='ocr_par' dir='ltr' id='par_1_62' title="bbox 2075 2905 3724 2983">
     <span class='ocr_line' id='line_1_62' title="bbox 2075 2905 3724 2983; baseline 0.002 -23"><span class='ocrx_word' id='word_1_450' title='bbox 2075 2906 2271 2981; x_wconf 74' lang='grc' dir='ltr'>μηδεές</span> <span class='ocrx_word' id='word_1_451' title='bbox 2331 2907 2493 2982; x_wconf 84' lang='grc' dir='ltr'>λόγος</span> <span class='ocrx_word' id='word_1_452' title='bbox 2549 2905 2863 2982; x_wconf 67' lang='grc' dir='ltr'>ἀπόρρητος</span> <span class='ocrx_word' id='word_1_453' title='bbox 2921 2905 3037 2974; x_wconf 75' lang='grc' dir='ltr'>ἐνῆν</span> <span class='ocrx_word' id='word_1_454' title='bbox 3121 2913 3241 2970; x_wconf 82' lang='grc' dir='ltr'>τοῖς</span> <span class='ocrx_word' id='word_1_455' title='bbox 3304 2910 3724 2983; x_wconf 88' lang='grc' dir='ltr'>πραττομένοις,</span> 
     </span>
    </p>
   </div>
   <div class='ocr_carea' id='block_1_63' title="bbox 2072 2994 3722 3072">
    <p class='ocr_par' dir='ltr' id='par_1_63' title="bbox 2072 2994 3722 3072">
     <span class='ocr_line' id='line_1_63' title="bbox 2072 2994 3722 3072; baseline 0 -20"><span class='ocrx_word' id='word_1_456' title='bbox 2072 2995 2187 3052; x_wconf 75' lang='grc' dir='ltr'>οὐδ’</span> <span class='ocrx_word' id='word_1_457' title='bbox 2226 2995 2398 3059; x_wconf 82' lang='grc' dir='ltr'>οὓτως</span> <span class='ocrx_word' id='word_1_458' title='bbox 2457 2995 2628 3072; x_wconf 73' lang='grc' dir='ltr'>ἐχρῆν</span> <span class='ocrx_word' id='word_1_459' title='bbox 2683 3018 2832 3059; x_wconf 88' lang='grc' dir='ltr'>τινας</span> <span class='ocrx_word' id='word_1_460' title='bbox 2892 2994 3212 3070; x_wconf 82' lang='grc' dir='ltr'>ἀδημονεῖν,</span> <span class='ocrx_word' id='word_1_461' title='bbox 3271 2997 3361 3052; x_wconf 88' lang='grc' dir='ltr'>καὶ</span> <span class='ocrx_word' id='word_1_462' title='bbox 3420 2995 3722 3070; x_wconf 83' lang='grc' dir='ltr'>ἐπικαλεῖν,</span> 
     </span>
    </p>
   </div>
   <div class='ocr_carea' id='block_1_64' title="bbox 2071 3082 3722 3161">
    <p class='ocr_par' dir='ltr' id='par_1_64' title="bbox 2071 3082 3722 3161">
     <span class='ocr_line' id='line_1_64' title="bbox 2071 3082 3722 3161; baseline 0.001 -19"><span class='ocrx_word' id='word_1_463' title='bbox 2071 3084 2214 3143; x_wconf 81' lang='grc' dir='ltr'>διατί</span> <span class='ocrx_word' id='word_1_464' title='bbox 2246 3087 2274 3141; x_wconf 91' lang='lat'>6</span> <span class='ocrx_word' id='word_1_465' title='bbox 2309 3087 2404 3159; x_wconf 76' lang='grc' dir='ltr'>μὲν</span> <span class='ocrx_word' id='word_1_466' title='bbox 2439 3085 2633 3154; x_wconf 72' lang='grc' dir='ltr'>οὕτως,</span> <span class='ocrx_word' id='word_1_467' title='bbox 2668 3087 2695 3141; x_wconf 85' lang='lat'>6</span> <span class='ocrx_word' id='word_1_468' title='bbox 2741 3083 2798 3140; x_wconf 64' lang='grc' dir='ltr'>δὲ</span> <span class='ocrx_word' id='word_1_469' title='bbox 2858 3087 3032 3147; x_wconf 78' lang='grc' dir='ltr'>οὕτως</span> <span class='ocrx_word' id='word_1_470' title='bbox 3078 3086 3171 3142; x_wconf 86' lang='grc' dir='ltr'>τὸν</span> <span class='ocrx_word' id='word_1_471' title='bbox 3223 3087 3342 3148; x_wconf 82' lang='grc' dir='ltr'>Βίον</span> <span class='ocrx_word' id='word_1_472' title='bbox 3403 3082 3722 3161; x_wconf 77' lang='grc' dir='ltr'>διαπορεύεο</span> 
     </span>
    </p>
   </div>
   <div class='ocr_carea' id='block_1_65' title="bbox 2068 3170 3724 3255">
    <p class='ocr_par' dir='ltr' id='par_1_65' title="bbox 2068 3170 3724 3255">
     <span class='ocr_line' id='line_1_65' title="bbox 2068 3170 3724 3255; baseline 0 -23"><span class='ocrx_word' id='word_1_473' title='bbox 2068 3173 2487 3247; x_wconf 81' lang='grc' dir='ltr'>ται.Ἐξουσίαν</span> <span class='ocrx_word' id='word_1_474' title='bbox 2521 3175 2625 3251; x_wconf 76' lang='grc' dir='ltr'>γὰρ</span> <span class='ocrx_word' id='word_1_475' title='bbox 2655 3170 2774 3255; x_wconf 82' lang='grc' dir='ltr'>ἕχει</span> <span class='ocrx_word' id='word_1_476' title='bbox 2833 3176 2859 3230; x_wconf 90' lang='grc' dir='ltr'>ὁ</span> <span class='ocrx_word' id='word_1_477' title='bbox 2918 3175 3168 3245; x_wconf 78' lang='grc' dir='ltr'>πλάστης</span> <span class='ocrx_word' id='word_1_478' title='bbox 3229 3172 3589 3252; x_wconf 73' lang='grc' dir='ltr'>δημιουργεῖν</span> <span class='ocrx_word' id='word_1_479' title='bbox 3648 3177 3724 3239; x_wconf 84' lang='grc' dir='ltr'>ὡς</span> 
     </span>
    </p>
   </div>
   <div class='ocr_carea' id='block_1_66' title="bbox 301 3261 1957 3348">
    <p class='ocr_par' dir='ltr' id='par_1_66' title="bbox 301 3276 1954 3348">
     <span class='ocr_line' id='line_1_66' title="bbox 301 3276 1954 3348; baseline -0.001 -15"><span class='ocrx_word' id='word_1_480' title='bbox 301 3294 602 3348; x_wconf 86' lang='lat' dir='ltr'>accusare,</span> <span class='ocrx_word' id='word_1_481' title='bbox 636 3297 742 3336; x_wconf 89' lang='lat' dir='ltr'>cur</span> <span class='ocrx_word' id='word_1_482' title='bbox 789 3280 886 3337; x_wconf 92' lang='lat' dir='ltr'>hic</span> <span class='ocrx_word' id='word_1_483' title='bbox 913 3281 1025 3336; x_wconf 91' lang='lat' dir='ltr'>isto</span> <span class='ocrx_word' id='word_1_484' title='bbox 1085 3280 1280 3348; x_wconf 90' lang='lat' dir='ltr'>modo,</span> <span class='ocrx_word' id='word_1_485' title='bbox 1314 3280 1416 3335; x_wconf 91' lang='lat' dir='ltr'>ille</span> <span class='ocrx_word' id='word_1_486' title='bbox 1467 3297 1601 3336; x_wconf 90' lang='lat' dir='ltr'>vero</span> <span class='ocrx_word' id='word_1_487' title='bbox 1643 3278 1746 3334; x_wconf 93' lang='lat' dir='ltr'>illo</span> <span class='ocrx_word' id='word_1_488' title='bbox 1782 3276 1954 3332; x_wconf 92' lang='lat' dir='ltr'>modo</span> 
     </span>
    </p>
   </div>
   <div class='ocr_carea' id='block_1_67' title="bbox 2070 3261 3720 3348">
    <p class='ocr_par' dir='ltr' id='par_1_67' title="bbox 2070 3263 3720 3344">
     <span class='ocr_line' id='line_1_67' title="bbox 2070 3263 3720 3344; baseline 0.001 -23"><span class='ocrx_word' id='word_1_489' title='bbox 2070 3264 2346 3342; x_wconf 84' lang='grc' dir='ltr'>βούλεται.</span> <span class='ocrx_word' id='word_1_490' title='bbox 2379 3269 2549 3321; x_wconf 79' lang='grc' dir='ltr'>Τοῦτο</span> <span class='ocrx_word' id='word_1_491' title='bbox 2578 3263 2656 3336; x_wconf 74' lang='grc' dir='ltr'>δὲ,</span> <span class='ocrx_word' id='word_1_492' title='bbox 2709 3266 2768 3320; x_wconf 87' lang='grc' dir='ltr'>ἐκ</span> <span class='ocrx_word' id='word_1_493' title='bbox 2817 3265 3154 3341; x_wconf 78' lang='grc' dir='ltr'>περιουσίας,</span> <span class='ocrx_word' id='word_1_494' title='bbox 3215 3266 3402 3344; x_wconf 75' lang='grc' dir='ltr'>φησὶν,</span> <span class='ocrx_word' id='word_1_495' title='bbox 3461 3265 3574 3323; x_wconf 77' lang='grc' dir='ltr'>ἐπεὶ</span> <span class='ocrx_word' id='word_1_496' title='bbox 3632 3269 3720 3322; x_wconf 78' lang='grc' dir='ltr'>καὶ</span> 
     </span>
    </p>
   </div>
   <div class='ocr_carea' id='block_1_68' title="bbox 297 3365 1956 3442">
    <p class='ocr_par' dir='ltr' id='par_1_68' title="bbox 297 3365 1956 3442">
     <span class='ocr_line' id='line_1_68' title="bbox 297 3365 1956 3442; baseline -0.001 -21"><span class='ocrx_word' id='word_1_497' title='bbox 297 3367 478 3423; x_wconf 88' lang='lat' dir='ltr'>vitam</span> <span class='ocrx_word' id='word_1_498' title='bbox 530 3369 833 3442; x_wconf 86' lang='lat' dir='ltr'>transigat.</span> <span class='ocrx_word' id='word_1_499' title='bbox 898 3369 1086 3425; x_wconf 86' lang='lat' dir='ltr'>Habet</span> <span class='ocrx_word' id='word_1_500' title='bbox 1117 3371 1274 3425; x_wconf 90' lang='lat' dir='ltr'>enim</span> <span class='ocrx_word' id='word_1_501' title='bbox 1338 3373 1693 3441; x_wconf 86' lang='lat' dir='ltr'>potestatem</span> <span class='ocrx_word' id='word_1_502' title='bbox 1739 3365 1956 3440; x_wconf 75' lang='lat' dir='ltr'>figulus</span> 
     </span>
    </p>
   </div>
   <div class='ocr_carea' id='block_1_69' title="bbox 297 3457 1954 3531">
    <p class='ocr_par' dir='ltr' id='par_1_69' title="bbox 297 3457 1954 3531">
     <span class='ocr_line' id='line_1_69' title="bbox 297 3457 1954 3531; baseline -0.001 -20"><span class='ocrx_word' id='word_1_503' title='bbox 297 3464 476 3530; x_wconf 88' lang='lat' dir='ltr'>prout</span> <span class='ocrx_word' id='word_1_504' title='bbox 498 3457 753 3514; x_wconf 90' lang='lat' dir='ltr'>voluerit</span> <span class='ocrx_word' id='word_1_505' title='bbox 782 3457 1215 3531; x_wconf 64' lang='lat' dir='ltr'>efﬂngereﬂoc</span> <span class='ocrx_word' id='word_1_506' title='bbox 1240 3465 1437 3513; x_wconf 90' lang='lat' dir='ltr'>tamen</span> <span class='ocrx_word' id='word_1_507' title='bbox 1472 3473 1540 3513; x_wconf 85' lang='lat' dir='ltr'>ex</span> <span class='ocrx_word' id='word_1_508' title='bbox 1567 3457 1954 3517; x_wconf 82' lang='lat' dir='ltr'>abundantia,</span> 
     </span>
    </p>
   </div>
   <div class='ocr_carea' id='block_1_70' title="bbox 299 3546 1955 3620">
    <p class='ocr_par' dir='ltr' id='par_1_70' title="bbox 299 3546 1955 3620">
     <span class='ocr_line' id='line_1_70' title="bbox 299 3546 1955 3620; baseline -0.001 -18"><span class='ocrx_word' id='word_1_509' title='bbox 299 3546 516 3618; x_wconf 89' lang='lat' dir='ltr'>inquit,</span> <span class='ocrx_word' id='word_1_510' title='bbox 551 3551 667 3602; x_wconf 89' lang='lat' dir='ltr'>est:</span> <span class='ocrx_word' id='word_1_511' title='bbox 722 3546 1207 3619; x_wconf 84' lang='lat' dir='ltr'>quandoquidem</span> <span class='ocrx_word' id='word_1_512' title='bbox 1266 3547 1550 3620; x_wconf 69' lang='lat' dir='ltr'>praedicto</span> <span class='ocrx_word' id='word_1_513' title='bbox 1591 3563 1827 3618; x_wconf 88' lang='lat' dir='ltr'>quoque</span> <span class='ocrx_word' id='word_1_514' title='bbox 1871 3561 1955 3601; x_wconf 89' lang='lat' dir='ltr'>re-</span> 
     </span>
    </p>
   </div>
   <div class='ocr_carea' id='block_1_71' title="bbox 300 3635 1954 3708">
    <p class='ocr_par' dir='ltr' id='par_1_71' title="bbox 300 3635 1954 3708">
     <span class='ocr_line' id='line_1_71' title="bbox 300 3635 1954 3708; baseline -0.002 -16"><span class='ocrx_word' id='word_1_515' title='bbox 300 3636 640 3708; x_wconf 87' lang='lat' dir='ltr'>sponsionis</span> <span class='ocrx_word' id='word_1_516' title='bbox 669 3636 845 3692; x_wconf 88' lang='lat' dir='ltr'>modo</span> <span class='ocrx_word' id='word_1_517' title='bbox 876 3638 1223 3708; x_wconf 73' lang='lat' dir='ltr'>utitur,cum</span> <span class='ocrx_word' id='word_1_518' title='bbox 1247 3637 1328 3693; x_wconf 90' lang='lat' dir='ltr'>ait</span> <span class='ocrx_word' id='word_1_519' title='bbox 1366 3637 1730 3707; x_wconf 90' lang='lat' dir='ltr'>Scripturam</span> <span class='ocrx_word' id='word_1_520' title='bbox 1759 3635 1954 3690; x_wconf 92' lang='lat' dir='ltr'>dicere</span> 
     </span>
    </p>
   </div>
   <div class='ocr_carea' id='block_1_72' title="bbox 299 3722 1954 3796">
    <p class='ocr_par' dir='ltr' id='par_1_72' title="bbox 299 3722 1954 3796">
     <span class='ocr_line' id='line_1_72' title="bbox 299 3722 1954 3796; baseline -0.001 -18"><span class='ocrx_word' id='word_1_521' title='bbox 299 3723 630 3778; x_wconf 87' lang='lat' dir='ltr'>Pharaoni:</span> <span class='ocrx_word' id='word_1_522' title='bbox 665 3745 692 3772; x_wconf 77' lang='grc' dir='ltr'>(ι</span> <span class='ocrx_word' id='word_1_523' title='bbox 726 3724 790 3778; x_wconf 91' lang='lat' dir='ltr'>In</span> <span class='ocrx_word' id='word_1_524' title='bbox 819 3724 929 3779; x_wconf 92' lang='lat' dir='ltr'>hoc</span> <span class='ocrx_word' id='word_1_525' title='bbox 961 3725 1155 3796; x_wconf 90' lang='lat' dir='ltr'>ipsum</span> <span class='ocrx_word' id='word_1_526' title='bbox 1185 3724 1429 3779; x_wconf 84' lang='lat' dir='ltr'>excitavi</span> <span class='ocrx_word' id='word_1_527' title='bbox 1465 3729 1518 3777; x_wconf 89' lang='lat' dir='ltr'>te</span> <span class='ocrx_word' id='word_1_528' title='bbox 1551 3724 1617 3787; x_wconf 67' lang='grc' dir='ltr'>δῖ’,</span> <span class='ocrx_word' id='word_1_529' title='bbox 1662 3745 1690 3772; x_wconf 87' lang='grc'>››</span> <span class='ocrx_word' id='word_1_530' title='bbox 1723 3722 1954 3777; x_wconf 86' lang='lat' dir='ltr'>etc.Hic</span> 
     </span>
    </p>
   </div>
   <div class='ocr_carea' id='block_1_73' title="bbox 301 3809 1954 3884">
    <p class='ocr_par' dir='ltr' id='par_1_73' title="bbox 301 3809 1954 3884">
     <span class='ocr_line' id='line_1_73' title="bbox 301 3809 1954 3884; baseline -0.002 -17"><span class='ocrx_word' id='word_1_531' title='bbox 301 3811 1000 3884; x_wconf 88' lang='lat' dir='ltr'>enim,quemadmodum</span> <span class='ocrx_word' id='word_1_532' title='bbox 1034 3813 1197 3882; x_wconf 84' lang='lat' dir='ltr'>dicit,</span> <span class='ocrx_word' id='word_1_533' title='bbox 1223 3811 1632 3867; x_wconf 88' lang='lat' dir='ltr'>irrationabile</span> <span class='ocrx_word' id='word_1_534' title='bbox 1663 3810 1866 3866; x_wconf 90' lang='lat' dir='ltr'>multis</span> <span class='ocrx_word' id='word_1_535' title='bbox 1879 3809 1954 3864; x_wconf 90' lang='lat' dir='ltr'>vi-</span> 
     </span>
    </p>
   </div>
   <div class='ocr_carea' id='block_1_74' title="bbox 299 3903 1950 3972">
    <p class='ocr_par' dir='ltr' id='par_1_74' title="bbox 299 3903 1950 3972">
     <span class='ocr_line' id='line_1_74' title="bbox 299 3903 1950 3972; baseline -0.001 -14"><span class='ocrx_word' id='word_1_536' title='bbox 299 3919 430 3958; x_wconf 89' lang='lat' dir='ltr'>sum</span> <span class='ocrx_word' id='word_1_537' title='bbox 462 3908 552 3960; x_wconf 91' lang='lat' dir='ltr'>est</span> <span class='ocrx_word' id='word_1_538' title='bbox 581 3903 954 3959; x_wconf 89' lang='lat' dir='ltr'>Pharaonem</span> <span class='ocrx_word' id='word_1_539' title='bbox 1014 3903 1334 3959; x_wconf 84' lang='lat' dir='ltr'>excitatum</span> <span class='ocrx_word' id='word_1_540' title='bbox 1376 3918 1506 3958; x_wconf 87' lang='lat' dir='ltr'>esse</span> <span class='ocrx_word' id='word_1_541' title='bbox 1547 3917 1615 3957; x_wconf 90' lang='lat' dir='ltr'>ac</span> <span class='ocrx_word' id='word_1_542' title='bbox 1651 3916 1950 3972; x_wconf 75' lang='lat' dir='ltr'>regnasse,</span> 
     </span>
    </p>
   </div>
   <div class='ocr_carea' id='block_1_75' title="bbox 302 3992 1948 4059">
    <p class='ocr_par' dir='ltr' id='par_1_75' title="bbox 302 3992 1948 4059">
     <span class='ocr_line' id='line_1_75' title="bbox 302 3992 1948 4059; baseline -0.002 -11"><span class='ocrx_word' id='word_1_543' title='bbox 302 4009 434 4048; x_wconf 92' lang='lat' dir='ltr'>cum</span> <span class='ocrx_word' id='word_1_544' title='bbox 466 3993 612 4049; x_wconf 91' lang='lat' dir='ltr'>adeo</span> <span class='ocrx_word' id='word_1_545' title='bbox 646 3993 1223 4059; x_wconf 90' lang='lat' dir='ltr'>scelestus,crudelis</span> <span class='ocrx_word' id='word_1_546' title='bbox 1256 4010 1322 4048; x_wconf 89' lang='lat' dir='ltr'>ac</span> <span class='ocrx_word' id='word_1_547' title='bbox 1354 3992 1721 4047; x_wconf 89' lang='lat' dir='ltr'>inhumanus</span> <span class='ocrx_word' id='word_1_548' title='bbox 1753 3995 1948 4046; x_wconf 90' lang='lat' dir='ltr'>esset:</span> 
     </span>
    </p>
   </div>
   <div class='ocr_carea' id='block_1_76' title="bbox 296 4080 1952 4155">
    <p class='ocr_par' dir='ltr' id='par_1_76' title="bbox 296 4080 1952 4155">
     <span class='ocr_line' id='line_1_76' title="bbox 296 4080 1952 4155; baseline -0.002 -18"><span class='ocrx_word' id='word_1_549' title='bbox 296 4098 501 4138; x_wconf 85' lang='lat' dir='ltr'>verum</span> <span class='ocrx_word' id='word_1_550' title='bbox 535 4083 862 4155; x_wconf 90' lang='lat' dir='ltr'>Scriptura,</span> <span class='ocrx_word' id='word_1_551' title='bbox 892 4082 998 4138; x_wconf 90' lang='lat' dir='ltr'>ubi</span> <span class='ocrx_word' id='word_1_552' title='bbox 1029 4099 1271 4139; x_wconf 90' lang='lat' dir='ltr'>causam</span> <span class='ocrx_word' id='word_1_553' title='bbox 1297 4081 1683 4153; x_wconf 84' lang='lat' dir='ltr'>docuit,quod</span> <span class='ocrx_word' id='word_1_554' title='bbox 1715 4080 1952 4135; x_wconf 87' lang='lat' dir='ltr'>irratio-</span> 
     </span>
    </p>
   </div>
   <div class='ocr_carea' id='block_1_77' title="bbox 298 4171 1671 4228">
    <p class='ocr_par' dir='ltr' id='par_1_77' title="bbox 298 4171 1671 4228">
     <span class='ocr_line' id='line_1_77' title="bbox 298 4171 1671 4228; baseline 0.001 -2"><span class='ocrx_word' id='word_1_555' title='bbox 298 4172 498 4227; x_wconf 90' lang='lat' dir='ltr'>nabile</span> <span class='ocrx_word' id='word_1_556' title='bbox 529 4171 838 4227; x_wconf 89' lang='lat' dir='ltr'>videbatur</span> <span class='ocrx_word' id='word_1_557' title='bbox 857 4171 931 4227; x_wconf 89' lang='lat' dir='ltr'>ad</span> <span class='ocrx_word' id='word_1_558' title='bbox 963 4171 1316 4228; x_wconf 87' lang='lat' dir='ltr'>rationabile</span> <span class='ocrx_word' id='word_1_559' title='bbox 1349 4171 1671 4228; x_wconf 89' lang='lat' dir='ltr'>transtulit.</span> 
     </span>
    </p>
   </div>
   <div class='ocr_carea' id='block_1_78' title="bbox 377 4260 1952 4335">
    <p class='ocr_par' dir='ltr' id='par_1_78' title="bbox 377 4260 1952 4335">
     <span class='ocr_line' id='line_1_78' title="bbox 377 4260 1952 4335; baseline -0.003 -19"><span class='ocrx_word' id='word_1_560' title='bbox 377 4262 525 4317; x_wconf 67' lang='lat'>327</span> <span class='ocrx_word' id='word_1_561' title='bbox 563 4263 740 4333; x_wconf 82' lang='lat' dir='ltr'>Atqui</span> <span class='ocrx_word' id='word_1_562' title='bbox 772 4263 884 4319; x_wconf 91' lang='lat' dir='ltr'>hoc</span> <span class='ocrx_word' id='word_1_563' title='bbox 943 4262 1139 4334; x_wconf 90' lang='lat' dir='ltr'>ipsum</span> <span class='ocrx_word' id='word_1_564' title='bbox 1188 4262 1345 4335; x_wconf 88' lang='lat' dir='ltr'>quod</span> <span class='ocrx_word' id='word_1_565' title='bbox 1376 4260 1732 4318; x_wconf 84' lang='lat' dir='ltr'>rationabile</span> <span class='ocrx_word' id='word_1_566' title='bbox 1775 4264 1864 4316; x_wconf 88' lang='lat' dir='ltr'>est</span> <span class='ocrx_word' id='word_1_567' title='bbox 1895 4265 1952 4314; x_wconf 90' lang='lat' dir='ltr'>et</span> 
     </span>
    </p>
   </div>
   <div class='ocr_carea' id='block_1_79' title="bbox 301 4348 1946 4421">
    <p class='ocr_par' dir='ltr' id='par_1_79' title="bbox 301 4348 1946 4421">
     <span class='ocr_line' id='line_1_79' title="bbox 301 4348 1946 4421; baseline -0.002 -15"><span class='ocrx_word' id='word_1_568' title='bbox 301 4348 671 4407; x_wconf 84' lang='lat' dir='ltr'>difficultatis</span> <span class='ocrx_word' id='word_1_569' title='bbox 704 4351 942 4421; x_wconf 89' lang='lat' dir='ltr'>solutio,</span> <span class='ocrx_word' id='word_1_570' title='bbox 967 4369 1204 4408; x_wconf 89' lang='lat' dir='ltr'>rursum</span> <span class='ocrx_word' id='word_1_571' title='bbox 1263 4352 1660 4407; x_wconf 83' lang='lat' dir='ltr'>haesitantiam</span> <span class='ocrx_word' id='word_1_572' title='bbox 1703 4354 1946 4404; x_wconf 91' lang='lat' dir='ltr'>conten-</span> 
     </span>
    </p>
   </div>
   <div class='ocr_carea' id='block_1_80' title="bbox 300 4437 1947 4514">
    <p class='ocr_par' dir='ltr' id='par_1_80' title="bbox 300 4437 1947 4514">
     <span class='ocr_line' id='line_1_80' title="bbox 300 4437 1947 4514; baseline -0.001 -20"><span class='ocrx_word' id='word_1_573' title='bbox 300 4437 466 4495; x_wconf 89' lang='lat' dir='ltr'>tiosis</span> <span class='ocrx_word' id='word_1_574' title='bbox 497 4456 566 4496; x_wconf 89' lang='lat' dir='ltr'>ac</span> <span class='ocrx_word' id='word_1_575' title='bbox 596 4440 840 4513; x_wconf 81' lang='lat' dir='ltr'>perﬁdis</span> <span class='ocrx_word' id='word_1_576' title='bbox 898 4458 1105 4514; x_wconf 89' lang='lat' dir='ltr'>parere</span> <span class='ocrx_word' id='word_1_577' title='bbox 1143 4447 1358 4514; x_wconf 91' lang='lat' dir='ltr'>potest.</span> <span class='ocrx_word' id='word_1_578' title='bbox 1403 4439 1747 4496; x_wconf 89' lang='lat' dir='ltr'>Dicentibus</span> <span class='ocrx_word' id='word_1_579' title='bbox 1789 4439 1947 4494; x_wconf 90' lang='lat' dir='ltr'>enim</span> 
     </span>
    </p>
   </div>
   <div class='ocr_carea' id='block_1_81' title="bbox 297 4529 1946 4603">
    <p class='ocr_par' dir='ltr' id='par_1_81' title="bbox 297 4529 1946 4603">
     <span class='ocr_line' id='line_1_81' title="bbox 297 4529 1946 4603; baseline -0.002 -18"><span class='ocrx_word' id='word_1_580' title='bbox 297 4529 456 4601; x_wconf 92' lang='lat' dir='ltr'>quod</span> <span class='ocrx_word' id='word_1_581' title='bbox 486 4537 800 4603; x_wconf 86' lang='lat' dir='ltr'>prOpterea</span> <span class='ocrx_word' id='word_1_582' title='bbox 829 4533 1202 4588; x_wconf 85' lang='lat' dir='ltr'>Pharaonem</span> <span class='ocrx_word' id='word_1_583' title='bbox 1234 4532 1295 4586; x_wconf 91' lang='lat' dir='ltr'>in</span> <span class='ocrx_word' id='word_1_584' title='bbox 1343 4546 1543 4603; x_wconf 82' lang='lat' dir='ltr'>regem</span> <span class='ocrx_word' id='word_1_585' title='bbox 1585 4529 1946 4596; x_wconf 83' lang='lat' dir='ltr'>excitaverit,</span> 
     </span>
    </p>
   </div>
   <div class='ocr_carea' id='block_1_82' title="bbox 2069 3355 3722 3434">
    <p class='ocr_par' dir='ltr' id='par_1_82' title="bbox 2069 3355 3722 3434">
     <span class='ocr_line' id='line_1_82' title="bbox 2069 3355 3722 3434; baseline 0 -21"><span class='ocrx_word' id='word_1_586' title='bbox 2069 3356 2159 3413; x_wconf 85' lang='grc' dir='ltr'>τὸν</span> <span class='ocrx_word' id='word_1_587' title='bbox 2191 3357 2587 3432; x_wconf 75' lang='grc' dir='ltr'>προειρημένον</span> <span class='ocrx_word' id='word_1_588' title='bbox 2614 3358 2818 3432; x_wconf 82' lang='grc' dir='ltr'>τρόπον</span> <span class='ocrx_word' id='word_1_589' title='bbox 2846 3363 2946 3427; x_wconf 77' lang='grc' dir='ltr'>τῆς</span> <span class='ocrx_word' id='word_1_590' title='bbox 2978 3355 3307 3434; x_wconf 76' lang='grc' dir='ltr'>ἀπολογίας,</span> <span class='ocrx_word' id='word_1_591' title='bbox 3337 3357 3388 3413; x_wconf 88' lang='grc' dir='ltr'>ἐν</span> <span class='ocrx_word' id='word_1_592' title='bbox 3431 3359 3517 3421; x_wconf 81' lang='grc' dir='ltr'>οἷς</span> <span class='ocrx_word' id='word_1_593' title='bbox 3571 3359 3722 3434; x_wconf 84' lang='grc' dir='ltr'>λέγει</span> 
     </span>
    </p>
   </div>
   <div class='ocr_carea' id='block_1_83' title="bbox 2068 3445 3721 3524">
    <p class='ocr_par' dir='ltr' id='par_1_83' title="bbox 2068 3445 3721 3524">
     <span class='ocr_line' id='line_1_83' title="bbox 2068 3445 3721 3524; baseline 0.002 -23"><span class='ocrx_word' id='word_1_594' title='bbox 2068 3446 2154 3502; x_wconf 83' lang='grc' dir='ltr'>’ὁτι</span> <span class='ocrx_word' id='word_1_595' title='bbox 2184 3449 2218 3516; x_wconf 80' lang='grc' dir='ltr'>ἡ</span> <span class='ocrx_word' id='word_1_596' title='bbox 2252 3447 2439 3524; x_wconf 73' lang='grc' dir='ltr'>Γραφὴ</span> <span class='ocrx_word' id='word_1_597' title='bbox 2474 3445 2623 3522; x_wconf 83' lang='grc' dir='ltr'>λέγει</span> <span class='ocrx_word' id='word_1_598' title='bbox 2652 3451 2731 3520; x_wconf 81' lang='grc' dir='ltr'>τῷ</span> <span class='ocrx_word' id='word_1_599' title='bbox 2764 3447 2989 3522; x_wconf 81' lang='grc' dir='ltr'>Φαραὼ,</span> <span class='ocrx_word' id='word_1_600' title='bbox 3037 3448 3120 3502; x_wconf 81' lang='grc' dir='ltr'>δτι</span> <span class='ocrx_word' id='word_1_601' title='bbox 3181 3469 3200 3496; x_wconf 82' lang='grc' dir='ltr'>ι</span> <span class='ocrx_word' id='word_1_602' title='bbox 3235 3447 3332 3509; x_wconf 67' lang='lat' dir='ltr'>El:</span> <span class='ocrx_word' id='word_1_603' title='bbox 3383 3447 3514 3504; x_wconf 79' lang='grc' dir='ltr'>αὐτὸ</span> <span class='ocrx_word' id='word_1_604' title='bbox 3560 3452 3721 3504; x_wconf 79' lang='grc' dir='ltr'>τοῦτο</span> 
     </span>
    </p>
   </div>
   <div class='ocr_carea' id='block_1_84' title="bbox 2068 3534 3720 3616">
    <p class='ocr_par' dir='ltr' id='par_1_84' title="bbox 2068 3534 3720 3616">
     <span class='ocr_line' id='line_1_84' title="bbox 2068 3534 3720 3616; baseline 0.002 -26"><span class='ocrx_word' id='word_1_605' title='bbox 2068 3534 2319 3610; x_wconf 77' lang='grc' dir='ltr'>ἐξήγειρά</span> <span class='ocrx_word' id='word_1_606' title='bbox 2349 3557 2426 3605; x_wconf 87' lang='grc' dir='ltr'>σε,</span> <span class='ocrx_word' id='word_1_607' title='bbox 2465 3559 2492 3588; x_wconf 85' lang='grc'><strong>››</strong></span> <span class='ocrx_word' id='word_1_608' title='bbox 2524 3535 2612 3590; x_wconf 87' lang='grc' dir='ltr'>καὶ</span> <span class='ocrx_word' id='word_1_609' title='bbox 2642 3535 2787 3608; x_wconf 75' lang='grc' dir='ltr'>ἑξῆς.</span> <span class='ocrx_word' id='word_1_610' title='bbox 2823 3538 3082 3593; x_wconf 75' lang='grc' dir='ltr'>Ἐνταῦθα</span> <span class='ocrx_word' id='word_1_611' title='bbox 3136 3538 3261 3612; x_wconf 72' lang='grc' dir='ltr'>γὰρ,</span> <span class='ocrx_word' id='word_1_612' title='bbox 3320 3537 3484 3593; x_wconf 78' lang='grc' dir='ltr'>οἱονεί</span> <span class='ocrx_word' id='word_1_613' title='bbox 3533 3558 3720 3616; x_wconf 67' lang='grc' dir='ltr'>φησιν,</span> 
     </span>
    </p>
   </div>
   <div class='ocr_carea' id='block_1_85' title="bbox 2069 3623 3717 3702">
    <p class='ocr_par' dir='ltr' id='par_1_85' title="bbox 2069 3623 3717 3702">
     <span class='ocr_line' id='line_1_85' title="bbox 2069 3623 3717 3702; baseline 0.002 -23"><span class='ocrx_word' id='word_1_614' title='bbox 2069 3625 2152 3680; x_wconf 77' lang='grc' dir='ltr'>ὅτι</span> <span class='ocrx_word' id='word_1_615' title='bbox 2182 3624 2416 3702; x_wconf 78' lang='grc' dir='ltr'>Ἅλογον</span> <span class='ocrx_word' id='word_1_616' title='bbox 2448 3626 2506 3680; x_wconf 83' lang='grc' dir='ltr'>ἄν</span> <span class='ocrx_word' id='word_1_617' title='bbox 2545 3623 2693 3696; x_wconf 78' lang='grc' dir='ltr'>ἔδοξε</span> <span class='ocrx_word' id='word_1_618' title='bbox 2719 3631 2838 3690; x_wconf 90' lang='grc' dir='ltr'>τοῖς</span> <span class='ocrx_word' id='word_1_619' title='bbox 2888 3623 3126 3686; x_wconf 82' lang='grc' dir='ltr'>πολλοῖς</span> <span class='ocrx_word' id='word_1_620' title='bbox 3180 3626 3243 3680; x_wconf 85' lang='grc' dir='ltr'>τὸ</span> <span class='ocrx_word' id='word_1_621' title='bbox 3297 3626 3578 3701; x_wconf 79' lang='grc' dir='ltr'>ὑψωθῆναι</span> <span class='ocrx_word' id='word_1_622' title='bbox 3627 3628 3717 3682; x_wconf 87' lang='grc' dir='ltr'>τὸν</span> 
     </span>
    </p>
   </div>
   <div class='ocr_carea' id='block_1_86' title="bbox 2069 3713 3716 3791">
    <p class='ocr_par' dir='ltr' id='par_1_86' title="bbox 2069 3713 3716 3791">
     <span class='ocr_line' id='line_1_86' title="bbox 2069 3713 3716 3791; baseline 0.001 -22"><span class='ocrx_word' id='word_1_623' title='bbox 2069 3715 2270 3790; x_wconf 79' lang='grc' dir='ltr'>Φαραὼ</span> <span class='ocrx_word' id='word_1_624' title='bbox 2300 3715 2388 3770; x_wconf 84' lang='grc' dir='ltr'>καὶ</span> <span class='ocrx_word' id='word_1_625' title='bbox 2423 3713 2766 3791; x_wconf 80' lang='grc' dir='ltr'>βασιλεῦσαι,</span> <span class='ocrx_word' id='word_1_626' title='bbox 2799 3716 2995 3791; x_wconf 81' lang='grc' dir='ltr'>μιαρὸν</span> <span class='ocrx_word' id='word_1_627' title='bbox 3037 3715 3213 3776; x_wconf 78' lang='grc' dir='ltr'>οὕτως</span> <span class='ocrx_word' id='word_1_628' title='bbox 3268 3714 3359 3770; x_wconf 84' lang='grc' dir='ltr'>καὶ</span> <span class='ocrx_word' id='word_1_629' title='bbox 3417 3715 3570 3790; x_wconf 80' lang='grc' dir='ltr'>ὠμὸν</span> <span class='ocrx_word' id='word_1_630' title='bbox 3625 3716 3716 3771; x_wconf 80' lang='grc' dir='ltr'>καὶ</span> 
     </span>
    </p>
   </div>
   <div class='ocr_carea' id='block_1_87' title="bbox 2064 3801 3712 3882">
    <p class='ocr_par' dir='ltr' id='par_1_87' title="bbox 2064 3801 3712 3882">
     <span class='ocr_line' id='line_1_87' title="bbox 2064 3801 3712 3882; baseline 0.001 -23"><span class='ocrx_word' id='word_1_631' title='bbox 2064 3803 2428 3879; x_wconf 80' lang='grc' dir='ltr'>ἀπάνθρωπον</span> <span class='ocrx_word' id='word_1_632' title='bbox 2463 3801 2608 3875; x_wconf 73' lang='grc' dir='ltr'>ὄντα,</span> <span class='ocrx_word' id='word_1_633' title='bbox 2633 3802 2759 3860; x_wconf 83' lang='grc' dir='ltr'>ἀλλ’</span> <span class='ocrx_word' id='word_1_634' title='bbox 2789 3807 2823 3875; x_wconf 77' lang='grc' dir='ltr'>ἡ</span> <span class='ocrx_word' id='word_1_635' title='bbox 2858 3806 3042 3882; x_wconf 72' lang='grc' dir='ltr'>Γραφή</span> <span class='ocrx_word' id='word_1_636' title='bbox 3075 3801 3333 3875; x_wconf 75' lang='grc' dir='ltr'>διδάξασα</span> <span class='ocrx_word' id='word_1_637' title='bbox 3380 3807 3481 3875; x_wconf 73' lang='grc' dir='ltr'>τήν</span> <span class='ocrx_word' id='word_1_638' title='bbox 3513 3804 3712 3874; x_wconf 68' lang='grc' dir='ltr'>αῗτίαν,</span> 
     </span>
    </p>
   </div>
   <div class='ocr_carea' id='block_1_88' title="bbox 2064 3894 3103 3974">
    <p class='ocr_par' dir='ltr' id='par_1_88' title="bbox 2064 3894 3103 3974">
     <span class='ocr_line' id='line_1_88' title="bbox 2064 3894 3103 3974; baseline 0.003 -23"><span class='ocrx_word' id='word_1_639' title='bbox 2064 3894 2140 3958; x_wconf 77' lang='grc' dir='ltr'>εἷς</span> <span class='ocrx_word' id='word_1_640' title='bbox 2173 3894 2403 3974; x_wconf 75' lang='grc' dir='ltr'>εὔλογον</span> <span class='ocrx_word' id='word_1_641' title='bbox 2438 3897 2766 3970; x_wconf 74' lang='grc' dir='ltr'>μετενήνοχε</span> <span class='ocrx_word' id='word_1_642' title='bbox 2793 3897 2855 3951; x_wconf 76' lang='grc' dir='ltr'>τὸ</span> <span class='ocrx_word' id='word_1_643' title='bbox 2876 3894 3103 3972; x_wconf 73' lang='grc' dir='ltr'>ἄλογον.</span> 
     </span>
    </p>
   </div>
   <div class='ocr_carea' id='block_1_89' title="bbox 2138 4263 3708 4342">
    <p class='ocr_par' dir='ltr' id='par_1_89' title="bbox 2138 4263 3708 4342">
     <span class='ocr_line' id='line_1_89' title="bbox 2138 4263 3708 4342; baseline 0 -24"><span class='ocrx_word' id='word_1_644' title='bbox 2138 4264 2352 4329; x_wconf 82' lang='grc' dir='ltr'>Καίτοι,</span> <span class='ocrx_word' id='word_1_645' title='bbox 2401 4263 2556 4342; x_wconf 76' lang='grc' dir='ltr'>φησὶ,</span> <span class='ocrx_word' id='word_1_646' title='bbox 2613 4264 2701 4319; x_wconf 86' lang='grc' dir='ltr'>καὶ</span> <span class='ocrx_word' id='word_1_647' title='bbox 2761 4264 2890 4320; x_wconf 79' lang='grc' dir='ltr'>αὐτὸ</span> <span class='ocrx_word' id='word_1_648' title='bbox 2955 4266 3017 4320; x_wconf 88' lang='grc' dir='ltr'>τὸ</span> <span class='ocrx_word' id='word_1_649' title='bbox 3069 4263 3320 4342; x_wconf 70' lang='grc' dir='ltr'>εὔλογον,</span> <span class='ocrx_word' id='word_1_650' title='bbox 3372 4267 3460 4321; x_wconf 82' lang='grc' dir='ltr'>καὶ</span> <span class='ocrx_word' id='word_1_651' title='bbox 3491 4267 3525 4336; x_wconf 78' lang='grc' dir='ltr'>ἠ</span> <span class='ocrx_word' id='word_1_652' title='bbox 3555 4263 3708 4326; x_wconf 89' lang='grc' dir='ltr'>λύσις</span> 
     </span>
    </p>
   </div>
   <div class='ocr_carea' id='block_1_90' title="bbox 2064 4351 3712 4432">
    <p class='ocr_par' dir='ltr' id='par_1_90' title="bbox 2064 4351 3712 4432">
     <span class='ocr_line' id='line_1_90' title="bbox 2064 4351 3712 4432; baseline 0.001 -25"><span class='ocrx_word' id='word_1_653' title='bbox 2064 4351 2264 4428; x_wconf 83' lang='grc' dir='ltr'>ἀπορία</span> <span class='ocrx_word' id='word_1_654' title='bbox 2293 4351 2460 4408; x_wconf 75' lang='grc' dir='ltr'>πάλιν</span> <span class='ocrx_word' id='word_1_655' title='bbox 2493 4359 2607 4416; x_wconf 89' lang='grc' dir='ltr'>τοῖς</span> <span class='ocrx_word' id='word_1_656' title='bbox 2638 4352 2973 4431; x_wconf 75' lang='grc' dir='ltr'>φιλονείκοις</span> <span class='ocrx_word' id='word_1_657' title='bbox 3031 4355 3120 4410; x_wconf 85' lang='grc' dir='ltr'>καὶ</span> <span class='ocrx_word' id='word_1_658' title='bbox 3159 4355 3448 4432; x_wconf 84' lang='grc' dir='ltr'>ἀγνώμοσι</span> <span class='ocrx_word' id='word_1_659' title='bbox 3493 4352 3712 4412; x_wconf 85' lang='grc' dir='ltr'>δύναται</span> 
     </span>
    </p>
   </div>
   <div class='ocr_carea' id='block_1_91' title="bbox 2062 4444 3710 4524">
    <p class='ocr_par' dir='ltr' id='par_1_91' title="bbox 2062 4444 3710 4524">
     <span class='ocr_line' id='line_1_91' title="bbox 2062 4444 3710 4524; baseline 0.002 -28"><span class='ocrx_word' id='word_1_660' title='bbox 2062 4448 2256 4499; x_wconf 86' lang='grc' dir='ltr'>τεκεῖν.</span> <span class='ocrx_word' id='word_1_661' title='bbox 2325 4444 2543 4519; x_wconf 81' lang='grc' dir='ltr'>Ἐροῦσι</span> <span class='ocrx_word' id='word_1_662' title='bbox 2599 4445 2721 4519; x_wconf 75' lang='grc' dir='ltr'>γὰρ,</span> <span class='ocrx_word' id='word_1_663' title='bbox 2810 4445 2893 4500; x_wconf 76' lang='grc' dir='ltr'>ὃτι</span> <span class='ocrx_word' id='word_1_664' title='bbox 2951 4445 3046 4500; x_wconf 60' lang='grc' dir='ltr'>Διά</span> <span class='ocrx_word' id='word_1_665' title='bbox 3104 4450 3266 4502; x_wconf 78' lang='grc' dir='ltr'>τοῦτο</span> <span class='ocrx_word' id='word_1_666' title='bbox 3324 4445 3564 4524; x_wconf 74' lang='grc' dir='ltr'>ἐξήγειρε</span> <span class='ocrx_word' id='word_1_667' title='bbox 3619 4446 3710 4500; x_wconf 85' lang='grc' dir='ltr'>τὸν</span> 
     </span>
    </p>
   </div>
   <div class='ocr_carea' id='block_1_92' title="bbox 2065 4529 3711 4610">
    <p class='ocr_par' dir='ltr' id='par_1_92' title="bbox 2065 4529 3711 4610">
     <span class='ocr_line' id='line_1_92' title="bbox 2065 4529 3711 4610; baseline 0.001 -23"><span class='ocrx_word' id='word_1_668' title='bbox 2065 4532 2267 4606; x_wconf 80' lang='grc' dir='ltr'>Φαραὼ</span> <span class='ocrx_word' id='word_1_669' title='bbox 2296 4531 2370 4595; x_wconf 77' lang='grc' dir='ltr'>εἷς</span> <span class='ocrx_word' id='word_1_670' title='bbox 2408 4531 2654 4608; x_wconf 89' lang='grc' dir='ltr'>βασιλέα,</span> <span class='ocrx_word' id='word_1_671' title='bbox 2689 4529 2778 4588; x_wconf 52' lang='grc' dir='ltr'>θίνα</span> <span class='ocrx_word' id='word_1_672' title='bbox 2806 4534 2870 4589; x_wconf 87' lang='grc' dir='ltr'>τὸ</span> <span class='ocrx_word' id='word_1_673' title='bbox 2897 4530 3072 4608; x_wconf 79' lang='grc' dir='ltr'>ὄνομα</span> <span class='ocrx_word' id='word_1_674' title='bbox 3101 4536 3268 4591; x_wconf 81' lang='grc' dir='ltr'>αὐτοῦ</span> <span class='ocrx_word' id='word_1_675' title='bbox 3309 4539 3407 4590; x_wconf 73' lang='grc' dir='ltr'>τοῦ</span> <span class='ocrx_word' id='word_1_676' title='bbox 3453 4555 3711 4610; x_wconf 83' lang='grc' dir='ltr'>τιμωρη-</span> 
     </span>
    </p>
   </div>
   <div class='ocr_carea' id='block_1_93' title="bbox 295 4619 1957 4701">
    <p class='ocr_par' dir='ltr' id='par_1_93' title="bbox 295 4619 1946 4696">
     <span class='ocr_line' id='line_1_93' title="bbox 295 4619 1946 4696; baseline -0.001 -22"><span class='ocrx_word' id='word_1_677' title='bbox 295 4626 361 4675; x_wconf 91' lang='lat' dir='ltr'>ut</span> <span class='ocrx_word' id='word_1_678' title='bbox 387 4636 607 4678; x_wconf 89' lang='lat' dir='ltr'>nomen</span> <span class='ocrx_word' id='word_1_679' title='bbox 637 4639 809 4678; x_wconf 89' lang='lat' dir='ltr'>suum</span> <span class='ocrx_word' id='word_1_680' title='bbox 848 4622 1302 4696; x_wconf 77' lang='lat' dir='ltr'>glorificaretur,</span> <span class='ocrx_word' id='word_1_681' title='bbox 1343 4621 1442 4676; x_wconf 91' lang='lat' dir='ltr'>ubi</span> <span class='ocrx_word' id='word_1_682' title='bbox 1476 4621 1647 4676; x_wconf 90' lang='lat' dir='ltr'>illum</span> <span class='ocrx_word' id='word_1_683' title='bbox 1679 4619 1946 4676; x_wconf 88' lang='lat' dir='ltr'>inaudito</span> 
     </span>
    </p>
   </div>
   <div class='ocr_carea' id='block_1_94' title="bbox 2070 4619 3711 4701">
    <p class='ocr_par' dir='ltr' id='par_1_94' title="bbox 2070 4621 3711 4701">
     <span class='ocr_line' id='line_1_94' title="bbox 2070 4621 3711 4701; baseline 0.002 -23"><span class='ocrx_word' id='word_1_684' title='bbox 2070 4621 2294 4697; x_wconf 70' lang='grc' dir='ltr'>ταμένου</span> <span class='ocrx_word' id='word_1_685' title='bbox 2352 4623 2517 4679; x_wconf 82' lang='grc' dir='ltr'>αὐτὸν</span> <span class='ocrx_word' id='word_1_686' title='bbox 2571 4624 2816 4700; x_wconf 83' lang='grc' dir='ltr'>τιμωρίᾳ</span> <span class='ocrx_word' id='word_1_687' title='bbox 2899 4623 3187 4700; x_wconf 82' lang='grc' dir='ltr'>παραδόξῳ</span> <span class='ocrx_word' id='word_1_688' title='bbox 3243 4627 3334 4680; x_wconf 78' lang='grc' dir='ltr'>καὶ</span> <span class='ocrx_word' id='word_1_689' title='bbox 3399 4626 3711 4701; x_wconf 77' lang='grc' dir='ltr'>θαυμαστῇ,</span> 
     </span>
    </p>
   </div>
   <div class='ocr_carea' id='block_1_95' title="bbox 296 4711 1949 4788">
    <p class='ocr_par' dir='ltr' id='par_1_95' title="bbox 296 4711 1949 4788">
     <span class='ocr_line' id='line_1_95' title="bbox 296 4711 1949 4788; baseline 0 -21"><span class='ocrx_word' id='word_1_690' title='bbox 296 4711 568 4785; x_wconf 89' lang='lat' dir='ltr'>miroque</span> <span class='ocrx_word' id='word_1_691' title='bbox 600 4715 891 4788; x_wconf 89' lang='lat' dir='ltr'>supplicio</span> <span class='ocrx_word' id='word_1_692' title='bbox 953 4715 1246 4787; x_wconf 90' lang='lat' dir='ltr'>punisset,</span> <span class='ocrx_word' id='word_1_693' title='bbox 1305 4713 1466 4769; x_wconf 92' lang='lat' dir='ltr'>illico</span> <span class='ocrx_word' id='word_1_694' title='bbox 1503 4712 1766 4769; x_wconf 88' lang='lat' dir='ltr'>dicetur:</span> <span class='ocrx_word' id='word_1_695' title='bbox 1799 4711 1949 4778; x_wconf 88' lang='lat' dir='ltr'>Quid</span> 
     </span>
    </p>
   </div>
   <div class='ocr_carea' id='block_1_96' title="bbox 298 4803 1950 4877">
    <p class='ocr_par' dir='ltr' id='par_1_96' title="bbox 298 4803 1950 4877">
     <span class='ocr_line' id='line_1_96' title="bbox 298 4803 1950 4877; baseline 0 -20"><span class='ocrx_word' id='word_1_696' title='bbox 298 4816 433 4874; x_wconf 87' lang='lat' dir='ltr'>ergo</span> <span class='ocrx_word' id='word_1_697' title='bbox 484 4804 678 4861; x_wconf 86' lang='lat' dir='ltr'>adhuc</span> <span class='ocrx_word' id='word_1_698' title='bbox 737 4805 1145 4877; x_wconf 89' lang='lat' dir='ltr'>conqueritur,</span> <span class='ocrx_word' id='word_1_699' title='bbox 1207 4804 1326 4859; x_wconf 92' lang='lat' dir='ltr'>imo</span> <span class='ocrx_word' id='word_1_700' title='bbox 1385 4803 1582 4876; x_wconf 84' lang='lat' dir='ltr'>potius</span> <span class='ocrx_word' id='word_1_701' title='bbox 1625 4819 1731 4858; x_wconf 90' lang='lat' dir='ltr'>cur</span> <span class='ocrx_word' id='word_1_702' title='bbox 1771 4803 1950 4859; x_wconf 89' lang='lat' dir='ltr'>etiam</span> 
     </span>
    </p>
   </div>
   <div class='ocr_carea' id='block_1_97' title="bbox 293 4888 1951 4964">
    <p class='ocr_par' dir='ltr' id='par_1_97' title="bbox 293 4888 1951 4964">
     <span class='ocr_line' id='line_1_97' title="bbox 293 4888 1951 4964; baseline 0.002 -22"><span class='ocrx_word' id='word_1_703' title='bbox 293 4888 496 4959; x_wconf 89' lang='lat' dir='ltr'>ipsum</span> <span class='ocrx_word' id='word_1_704' title='bbox 552 4893 828 4963; x_wconf 81' lang='lat' dir='ltr'>punivit?</span> <span class='ocrx_word' id='word_1_705' title='bbox 879 4895 1025 4948; x_wconf 88' lang='lat' dir='ltr'>Nam</span> <span class='ocrx_word' id='word_1_706' title='bbox 1085 4908 1220 4948; x_wconf 89' lang='lat' dir='ltr'>cum</span> <span class='ocrx_word' id='word_1_707' title='bbox 1295 4892 1578 4964; x_wconf 85' lang='lat' dir='ltr'>peccavit,</span> <span class='ocrx_word' id='word_1_708' title='bbox 1630 4890 1705 4946; x_wconf 89' lang='lat' dir='ltr'>ad</span> <span class='ocrx_word' id='word_1_709' title='bbox 1762 4889 1951 4960; x_wconf 91' lang='lat' dir='ltr'>ipsius</span> 
     </span>
    </p>
   </div>
   <div class='ocr_carea' id='block_1_98' title="bbox 295 4978 1949 5054">
    <p class='ocr_par' dir='ltr' id='par_1_98' title="bbox 295 4978 1949 5054">
     <span class='ocr_line' id='line_1_98' title="bbox 295 4978 1949 5054; baseline 0.002 -23"><span class='ocrx_word' id='word_1_710' title='bbox 295 4978 548 5049; x_wconf 81' lang='lat' dir='ltr'>gloriam</span> <span class='ocrx_word' id='word_1_711' title='bbox 579 4983 846 5052; x_wconf 88' lang='lat' dir='ltr'>peccavit</span> <span class='ocrx_word' id='word_1_712' title='bbox 872 5000 887 5050; x_wconf 91' lang='lat'><strong>;</strong></span> <span class='ocrx_word' id='word_1_713' title='bbox 914 4983 1032 5038; x_wconf 91' lang='lat' dir='ltr'>nisi</span> <span class='ocrx_word' id='word_1_714' title='bbox 1063 4983 1225 5038; x_wconf 91' lang='lat' dir='ltr'>enim</span> <span class='ocrx_word' id='word_1_715' title='bbox 1239 4987 1949 5054; x_wconf 89' lang='lat' dir='ltr'>peccasset,nequaquam</span> 
     </span>
    </p>
   </div>
   <div class='ocr_carea' id='block_1_99' title="bbox 293 5068 1946 5145">
    <p class='ocr_par' dir='ltr' id='par_1_99' title="bbox 293 5068 1946 5145">
     <span class='ocr_line' id='line_1_99' title="bbox 293 5068 1946 5145; baseline 0.002 -24"><span class='ocrx_word' id='word_1_716' title='bbox 293 5068 540 5138; x_wconf 89' lang='lat' dir='ltr'>punitus</span> <span class='ocrx_word' id='word_1_717' title='bbox 597 5070 844 5140; x_wconf 84' lang='lat' dir='ltr'>fuisset;</span> <span class='ocrx_word' id='word_1_718' title='bbox 906 5072 1066 5145; x_wconf 88' lang='lat' dir='ltr'>quod</span> <span class='ocrx_word' id='word_1_719' title='bbox 1125 5073 1173 5128; x_wconf 92' lang='lat' dir='ltr'>si</span> <span class='ocrx_word' id='word_1_720' title='bbox 1233 5072 1480 5144; x_wconf 91' lang='lat' dir='ltr'>punitus</span> <span class='ocrx_word' id='word_1_721' title='bbox 1537 5088 1658 5127; x_wconf 94' lang='lat' dir='ltr'>non</span> <span class='ocrx_word' id='word_1_722' title='bbox 1716 5070 1946 5139; x_wconf 88' lang='lat' dir='ltr'>fuisset,</span> 
     </span>
    </p>
   </div>
   <div class='ocr_carea' id='block_1_100' title="bbox 293 5159 1950 5235">
    <p class='ocr_par' dir='ltr' id='par_1_100' title="bbox 293 5159 1950 5235">
     <span class='ocr_line' id='line_1_100' title="bbox 293 5159 1950 5235; baseline 0.002 -24"><span class='ocrx_word' id='word_1_723' title='bbox 293 5172 676 5231; x_wconf 87' lang='lat' dir='ltr'>nequaquam</span> <span class='ocrx_word' id='word_1_724' title='bbox 707 5161 1072 5235; x_wconf 81' lang='lat' dir='ltr'>gloriﬁcatus</span> <span class='ocrx_word' id='word_1_725' title='bbox 1116 5161 1347 5218; x_wconf 88' lang='lat' dir='ltr'>fuisset.</span> <span class='ocrx_word' id='word_1_726' title='bbox 1394 5163 1576 5218; x_wconf 89' lang='lat' dir='ltr'>Porro</span> <span class='ocrx_word' id='word_1_727' title='bbox 1607 5160 1720 5217; x_wconf 93' lang='lat' dir='ltr'>hoc</span> <span class='ocrx_word' id='word_1_728' title='bbox 1752 5159 1950 5216; x_wconf 88' lang='lat' dir='ltr'>inten-</span> 
     </span>
    </p>
   </div>
   <div class='ocr_carea' id='block_1_101' title="bbox 297 5247 1947 5325">
    <p class='ocr_par' dir='ltr' id='par_1_101' title="bbox 297 5247 1947 5325">
     <span class='ocr_line' id='line_1_101' title="bbox 297 5247 1947 5325; baseline 0.002 -21"><span class='ocrx_word' id='word_1_729' title='bbox 297 5247 475 5305; x_wconf 89' lang='lat' dir='ltr'>debat</span> <span class='ocrx_word' id='word_1_730' title='bbox 498 5251 637 5319; x_wconf 78' lang='lat' dir='ltr'>;«Ut</span> <span class='ocrx_word' id='word_1_731' title='bbox 661 5253 1282 5325; x_wconf 79' lang='lat' dir='ltr'>Ostendam,inquit,in</span> <span class='ocrx_word' id='word_1_732' title='bbox 1313 5259 1369 5309; x_wconf 88' lang='lat' dir='ltr'>te</span> <span class='ocrx_word' id='word_1_733' title='bbox 1399 5252 1676 5308; x_wconf 88' lang='lat' dir='ltr'>virlutem</span> <span class='ocrx_word' id='word_1_734' title='bbox 1694 5267 1947 5319; x_wconf 84' lang='lat' dir='ltr'>meam;»</span> 
     </span>
    </p>
   </div>
   <div class='ocr_carea' id='block_1_102' title="bbox 296 5339 1944 5416">
    <p class='ocr_par' dir='ltr' id='par_1_102' title="bbox 296 5339 1944 5416">
     <span class='ocr_line' id='line_1_102' title="bbox 296 5339 1944 5416; baseline 0.002 -22"><span class='ocrx_word' id='word_1_735' title='bbox 296 5339 456 5410; x_wconf 90' lang='lat' dir='ltr'>quod</span> <span class='ocrx_word' id='word_1_736' title='bbox 496 5339 545 5395; x_wconf 89' lang='lat' dir='ltr'>si</span> <span class='ocrx_word' id='word_1_737' title='bbox 601 5341 856 5411; x_wconf 85' lang='lat' dir='ltr'>volebat,</span> <span class='ocrx_word' id='word_1_738' title='bbox 917 5345 1050 5416; x_wconf 90' lang='lat' dir='ltr'>quis</span> <span class='ocrx_word' id='word_1_739' title='bbox 1095 5345 1225 5415; x_wconf 81' lang='lat' dir='ltr'>ejus</span> <span class='ocrx_word' id='word_1_740' title='bbox 1282 5344 1561 5399; x_wconf 89' lang='lat' dir='ltr'>resistere</span> <span class='ocrx_word' id='word_1_741' title='bbox 1609 5348 1804 5414; x_wconf 91' lang='lat' dir='ltr'>potest</span> <span class='ocrx_word' id='word_1_742' title='bbox 1849 5359 1944 5398; x_wconf 83' lang='lat' dir='ltr'>vo-</span> 
     </span>
    </p>
   </div>
   <div class='ocr_carea' id='block_1_103' title="bbox 289 5427 1946 5507">
    <p class='ocr_par' dir='ltr' id='par_1_103' title="bbox 289 5427 1946 5507">
     <span class='ocr_line' id='line_1_103' title="bbox 289 5427 1946 5507; baseline 0.004 -24"><span class='ocrx_word' id='word_1_743' title='bbox 289 5427 557 5488; x_wconf 81' lang='lat' dir='ltr'>luntati?</span> <span class='ocrx_word' id='word_1_744' title='bbox 591 5432 761 5489; x_wconf 89' lang='lat' dir='ltr'>Vides</span> <span class='ocrx_word' id='word_1_745' title='bbox 801 5434 961 5507; x_wconf 90' lang='lat' dir='ltr'>quod</span> <span class='ocrx_word' id='word_1_746' title='bbox 1009 5433 1396 5492; x_wconf 87' lang='lat' dir='ltr'>dubitationis</span> <span class='ocrx_word' id='word_1_747' title='bbox 1449 5434 1688 5500; x_wconf 90' lang='lat' dir='ltr'>solutio,</span> <span class='ocrx_word' id='word_1_748' title='bbox 1722 5449 1946 5490; x_wconf 68' lang='lat' dir='ltr'>caussa-</span> 
     </span>
    </p>
   </div>
   <div class='ocr_carea' id='block_1_104' title="bbox 292 5520 1943 5598">
    <p class='ocr_par' dir='ltr' id='par_1_104' title="bbox 292 5520 1943 5598">
     <span class='ocr_line' id='line_1_104' title="bbox 292 5520 1943 5598; baseline 0.002 -20"><span class='ocrx_word' id='word_1_749' title='bbox 292 5535 410 5595; x_wconf 84' lang='lat' dir='ltr'>que</span> <span class='ocrx_word' id='word_1_750' title='bbox 433 5520 688 5581; x_wconf 89' lang='lat' dir='ltr'>redditio</span> <span class='ocrx_word' id='word_1_751' title='bbox 719 5523 814 5580; x_wconf 88' lang='lat' dir='ltr'>his</span> <span class='ocrx_word' id='word_1_752' title='bbox 843 5525 944 5597; x_wconf 90' lang='lat' dir='ltr'>qui</span> <span class='ocrx_word' id='word_1_753' title='bbox 967 5524 1181 5598; x_wconf 85' lang='lat' dir='ltr'>perfidi</span> <span class='ocrx_word' id='word_1_754' title='bbox 1207 5532 1346 5583; x_wconf 89' lang='lat' dir='ltr'>sunt</span> <span class='ocrx_word' id='word_1_755' title='bbox 1392 5525 1792 5582; x_wconf 67' lang='lat' dir='ltr'>haesitantiam</span> <span class='ocrx_word' id='word_1_756' title='bbox 1823 5540 1943 5582; x_wconf 88' lang='lat' dir='ltr'>non</span> 
     </span>
    </p>
   </div>
   <div class='ocr_carea' id='block_1_105' title="bbox 359 5699 1602 5775">
    <p class='ocr_par' dir='ltr' id='par_1_105' title="bbox 359 5699 1602 5775">
     <span class='ocr_line' id='line_1_105' title="bbox 359 5699 1602 5775; baseline -0.005 -11"><span class='ocrx_word' id='word_1_757' title='bbox 359 5699 407 5738; x_wconf 76' lang='lat'>“</span> <span class='ocrx_word' id='word_1_758' title='bbox 431 5701 612 5763; x_wconf 76' lang='lat' dir='ltr'>Exod.</span> <span class='ocrx_word' id='word_1_759' title='bbox 646 5715 822 5774; x_wconf 80' lang='lat' dir='ltr'>mu,</span> <span class='ocrx_word' id='word_1_760' title='bbox 855 5701 879 5757; x_wconf 85' lang='grc'><strong>1</strong></span> <span class='ocrx_word' id='word_1_761' title='bbox 916 5716 1082 5775; x_wconf 78' lang='lat' dir='ltr'>seqq.</span> <span class='ocrx_word' id='word_1_762' title='bbox 1113 5699 1162 5736; x_wconf 81' lang='grc'>⁴²</span> <span class='ocrx_word' id='word_1_763' title='bbox 1189 5699 1370 5758; x_wconf 81' lang='lat' dir='ltr'>Exod.</span> <span class='ocrx_word' id='word_1_764' title='bbox 1402 5715 1480 5768; x_wconf 76' lang='lat' dir='ltr'>ix,</span> <span class='ocrx_word' id='word_1_765' title='bbox 1514 5701 1602 5758; x_wconf 82' lang='grc'>16.</span> 
     </span>
    </p>
   </div>
   <div class='ocr_carea' id='block_1_106' title="bbox 2057 4709 3709 4793">
    <p class='ocr_par' dir='ltr' id='par_1_106' title="bbox 2057 4709 3709 4793">
     <span class='ocr_line' id='line_1_106' title="bbox 2057 4709 3709 4793; baseline 0.002 -27"><span class='ocrx_word' id='word_1_766' title='bbox 2057 4709 2368 4787; x_wconf 81' lang='grc' dir='ltr'>ἐνδοξασθῇ.</span> <span class='ocrx_word' id='word_1_767' title='bbox 2398 4713 2466 4771; x_wconf 88' lang='grc' dir='ltr'>Τί</span> <span class='ocrx_word' id='word_1_768' title='bbox 2494 4712 2585 4767; x_wconf 80' lang='grc' dir='ltr'>οὗν</span> <span class='ocrx_word' id='word_1_769' title='bbox 2617 4710 2699 4768; x_wconf 67' lang='grc' dir='ltr'>ἔτι</span> <span class='ocrx_word' id='word_1_770' title='bbox 2755 4716 3024 4793; x_wconf 72' lang='grc' dir='ltr'>μέμφεται</span> <span class='ocrx_word' id='word_1_771' title='bbox 3083 4714 3292 4786; x_wconf 55' lang='lat' dir='ltr'>adadv;</span> <span class='ocrx_word' id='word_1_772' title='bbox 3358 4713 3572 4789; x_wconf 80' lang='grc' dir='ltr'>μᾶλλον</span> <span class='ocrx_word' id='word_1_773' title='bbox 3630 4713 3709 4784; x_wconf 82' lang='grc' dir='ltr'>δὲ,</span> 
     </span>
    </p>
   </div>
   <div class='ocr_carea' id='block_1_107' title="bbox 2058 4799 3711 4880">
    <p class='ocr_par' dir='ltr' id='par_1_107' title="bbox 2058 4799 3711 4880">
     <span class='ocr_line' id='line_1_107' title="bbox 2058 4799 3711 4880; baseline 0.001 -23"><span class='ocrx_word' id='word_1_774' title='bbox 2058 4801 2110 4857; x_wconf 83' lang='grc' dir='ltr'>τί</span> <span class='ocrx_word' id='word_1_775' title='bbox 2165 4799 2243 4857; x_wconf 67' lang='grc' dir='ltr'>ἔτι</span> <span class='ocrx_word' id='word_1_776' title='bbox 2300 4801 2685 4878; x_wconf 71' lang='grc' dir='ltr'>ἐτιμωρήσατο</span> <span class='ocrx_word' id='word_1_777' title='bbox 2745 4803 2957 4874; x_wconf 87' lang='grc' dir='ltr'>αύτόν;</span> <span class='ocrx_word' id='word_1_778' title='bbox 3025 4807 3094 4862; x_wconf 75' lang='grc' dir='ltr'><strong>Ἀ</strong></span> <span class='ocrx_word' id='word_1_779' title='bbox 3153 4807 3256 4880; x_wconf 78' lang='grc' dir='ltr'>γὰρ</span> <span class='ocrx_word' id='word_1_780' title='bbox 3314 4804 3578 4880; x_wconf 72' lang='grc' dir='ltr'>ἥμαρτεν,</span> <span class='ocrx_word' id='word_1_781' title='bbox 3633 4803 3711 4866; x_wconf 81' lang='grc' dir='ltr'>είς</span> 
     </span>
    </p>
   </div>
   <div class='ocr_carea' id='block_1_108' title="bbox 2059 4885 3714 4968">
    <p class='ocr_par' dir='ltr' id='par_1_108' title="bbox 2059 4885 3714 4968">
     <span class='ocr_line' id='line_1_108' title="bbox 2059 4885 3714 4968; baseline 0.002 -25"><span class='ocrx_word' id='word_1_782' title='bbox 2059 4885 2220 4962; x_wconf 75' lang='grc' dir='ltr'>δόξαν</span> <span class='ocrx_word' id='word_1_783' title='bbox 2259 4890 2431 4946; x_wconf 74' lang='grc' dir='ltr'>αὐτοῦ</span> <span class='ocrx_word' id='word_1_784' title='bbox 2461 4891 2723 4965; x_wconf 70' lang='grc' dir='ltr'>ἥμαρτεν.</span> <span class='ocrx_word' id='word_1_785' title='bbox 2774 4891 2949 4966; x_wconf 85' lang='grc' dir='ltr'>Εἶμή</span> <span class='ocrx_word' id='word_1_786' title='bbox 3008 4893 3112 4968; x_wconf 75' lang='grc' dir='ltr'>γὰρ</span> <span class='ocrx_word' id='word_1_787' title='bbox 3172 4892 3436 4967; x_wconf 73' lang='grc' dir='ltr'>ἥμαρτεν,</span> <span class='ocrx_word' id='word_1_788' title='bbox 3496 4891 3598 4948; x_wconf 76' lang='grc' dir='ltr'>οὐκ</span> <span class='ocrx_word' id='word_1_789' title='bbox 3652 4889 3714 4947; x_wconf 75' lang='grc' dir='ltr'>ἂν</span> 
     </span>
    </p>
   </div>
   <div class='ocr_carea' id='block_1_109' title="bbox 2058 4977 3712 5057">
    <p class='ocr_par' dir='ltr' id='par_1_109' title="bbox 2058 4977 3712 5057">
     <span class='ocr_line' id='line_1_109' title="bbox 2058 4977 3712 5057; baseline 0.002 -23"><span class='ocrx_word' id='word_1_790' title='bbox 2058 4977 2462 5054; x_wconf 78' lang='grc' dir='ltr'>ἐτιμωρήσατο⁹</span> <span class='ocrx_word' id='word_1_791' title='bbox 2498 4981 2542 5037; x_wconf 81' lang='grc' dir='ltr'>εἷ</span> <span class='ocrx_word' id='word_1_792' title='bbox 2581 4984 2657 5056; x_wconf 78' lang='grc' dir='ltr'>μὴ</span> <span class='ocrx_word' id='word_1_793' title='bbox 2692 4981 3100 5057; x_wconf 69' lang='grc' dir='ltr'>ἐτιμωρήσατο,</span> <span class='ocrx_word' id='word_1_794' title='bbox 3161 4983 3270 5037; x_wconf 81' lang='grc' dir='ltr'>οὐκ</span> <span class='ocrx_word' id='word_1_795' title='bbox 3316 4982 3376 5037; x_wconf 76' lang='grc' dir='ltr'>ἄν</span> <span class='ocrx_word' id='word_1_796' title='bbox 3427 4979 3712 5054; x_wconf 75' lang='grc' dir='ltr'>ἐδοξάσθη.</span> 
     </span>
    </p>
   </div>
   <div class='ocr_carea' id='block_1_110' title="bbox 2056 5065 3714 5151">
    <p class='ocr_par' dir='ltr' id='par_1_110' title="bbox 2056 5065 3714 5151">
     <span class='ocr_line' id='line_1_110' title="bbox 2056 5065 3714 5151; baseline 0.001 -26"><span class='ocrx_word' id='word_1_797' title='bbox 2056 5067 2233 5125; x_wconf 84' lang='grc' dir='ltr'>Ἀλλὰ</span> <span class='ocrx_word' id='word_1_798' title='bbox 2259 5073 2422 5126; x_wconf 77' lang='grc' dir='ltr'>τοῦτο</span> <span class='ocrx_word' id='word_1_799' title='bbox 2455 5065 2738 5130; x_wconf 75' lang='grc' dir='ltr'>ἐϐούλετο.</span> <span class='ocrx_word' id='word_1_800' title='bbox 2773 5095 2797 5126; x_wconf 74' lang='grc' dir='ltr'>α</span> <span class='ocrx_word' id='word_1_801' title='bbox 2830 5074 3018 5135; x_wconf 86' lang='grc' dir='ltr'>Ὅπως</span> <span class='ocrx_word' id='word_1_802' title='bbox 3048 5071 3174 5150; x_wconf 74' lang='grc' dir='ltr'>γὰρ,</span> <span class='ocrx_word' id='word_1_803' title='bbox 3235 5071 3419 5151; x_wconf 74' lang='grc' dir='ltr'>φησὶν,</span> <span class='ocrx_word' id='word_1_804' title='bbox 3465 5067 3714 5143; x_wconf 78' lang='grc' dir='ltr'>ἐνδείξωο</span> 
     </span>
    </p>
   </div>
   <div class='ocr_carea' id='block_1_111' title="bbox 2060 5156 3718 5234">
    <p class='ocr_par' dir='ltr' id='par_1_111' title="bbox 2060 5156 3718 5234">
     <span class='ocr_line' id='line_1_111' title="bbox 2060 5156 3718 5234; baseline 0 -20"><span class='ocrx_word' id='word_1_805' title='bbox 2060 5178 2179 5232; x_wconf 81' lang='grc' dir='ltr'>μαι.</span> <span class='ocrx_word' id='word_1_806' title='bbox 2213 5184 2241 5212; x_wconf 80' lang='grc'>››</span> <span class='ocrx_word' id='word_1_807' title='bbox 2275 5162 2364 5217; x_wconf 80' lang='grc' dir='ltr'>καὶ</span> <span class='ocrx_word' id='word_1_808' title='bbox 2397 5162 2540 5232; x_wconf 67' lang='grc' dir='ltr'>ἑξῆς.</span> <span class='ocrx_word' id='word_1_809' title='bbox 2569 5162 2634 5218; x_wconf 74' lang='lat' dir='ltr'>El</span> <span class='ocrx_word' id='word_1_810' title='bbox 2667 5159 2724 5217; x_wconf 75' lang='grc' dir='ltr'>δὲ</span> <span class='ocrx_word' id='word_1_811' title='bbox 2762 5156 3044 5234; x_wconf 77' lang='grc' dir='ltr'>ἐϐούλετο,</span> <span class='ocrx_word' id='word_1_812' title='bbox 3103 5161 3188 5225; x_wconf 88' lang='grc' dir='ltr'>τίς</span> <span class='ocrx_word' id='word_1_813' title='bbox 3245 5161 3561 5232; x_wconf 77' lang='grc' dir='ltr'>ἀντιστῆναι</span> <span class='ocrx_word' id='word_1_814' title='bbox 3621 5158 3718 5216; x_wconf 85' lang='grc' dir='ltr'>δύ-</span> 
     </span>
    </p>
   </div>
   <div class='ocr_carea' id='block_1_112' title="bbox 2054 5249 3718 5327">
    <p class='ocr_par' dir='ltr' id='par_1_112' title="bbox 2054 5249 3718 5327">
     <span class='ocr_line' id='line_1_112' title="bbox 2054 5249 3718 5327; baseline 0.001 -23"><span class='ocrx_word' id='word_1_815' title='bbox 2054 5269 2209 5304; x_wconf 86' lang='grc' dir='ltr'>ναται</span> <span class='ocrx_word' id='word_1_816' title='bbox 2243 5249 2410 5306; x_wconf 76' lang='grc' dir='ltr'>αὐτοῦ</span> <span class='ocrx_word' id='word_1_817' title='bbox 2440 5255 2521 5323; x_wconf 79' lang='grc' dir='ltr'>τῷ</span> <span class='ocrx_word' id='word_1_818' title='bbox 2581 5250 2898 5326; x_wconf 85' lang='grc' dir='ltr'>βουλήματι</span> <span class='ocrx_word' id='word_1_819' title='bbox 2927 5269 2943 5322; x_wconf 83' lang='lat'><strong>;</strong></span> <span class='ocrx_word' id='word_1_820' title='bbox 2990 5252 3152 5327; x_wconf 78' lang='grc' dir='ltr'>Ὁρᾷς</span> <span class='ocrx_word' id='word_1_821' title='bbox 3210 5255 3328 5314; x_wconf 85' lang='grc' dir='ltr'>πῶς</span> <span class='ocrx_word' id='word_1_822' title='bbox 3356 5254 3392 5322; x_wconf 72' lang='grc' dir='ltr'>ἡ</span> <span class='ocrx_word' id='word_1_823' title='bbox 3418 5257 3521 5320; x_wconf 75' lang='grc' dir='ltr'>τῆς</span> <span class='ocrx_word' id='word_1_824' title='bbox 3575 5250 3718 5306; x_wconf 86' lang='grc' dir='ltr'>ἀπο-</span> 
     </span>
    </p>
   </div>
   <div class='ocr_carea' id='block_1_113' title="bbox 2057 5338 3716 5416">
    <p class='ocr_par' dir='ltr' id='par_1_113' title="bbox 2057 5338 3716 5416">
     <span class='ocr_line' id='line_1_113' title="bbox 2057 5338 3716 5416; baseline 0.001 -21"><span class='ocrx_word' id='word_1_825' title='bbox 2057 5339 2176 5416; x_wconf 88' lang='grc' dir='ltr'>ρίας</span> <span class='ocrx_word' id='word_1_826' title='bbox 2211 5338 2368 5404; x_wconf 88' lang='grc' dir='ltr'>λύσις</span> <span class='ocrx_word' id='word_1_827' title='bbox 2406 5345 2494 5397; x_wconf 73' lang='grc' dir='ltr'>καὶ</span> <span class='ocrx_word' id='word_1_828' title='bbox 2539 5350 2639 5412; x_wconf 79' lang='grc' dir='ltr'>τῆς</span> <span class='ocrx_word' id='word_1_829' title='bbox 2696 5341 2872 5408; x_wconf 75' lang='grc' dir='ltr'>αἶ’τίας</span> <span class='ocrx_word' id='word_1_830' title='bbox 2935 5339 3220 5411; x_wconf 76' lang='grc' dir='ltr'>ἀπόδοσις,</span> <span class='ocrx_word' id='word_1_831' title='bbox 3285 5342 3386 5399; x_wconf 75' lang='grc' dir='ltr'>οὐκ</span> <span class='ocrx_word' id='word_1_832' title='bbox 3441 5340 3601 5398; x_wconf 80' lang='grc' dir='ltr'>ἔλυσε</span> <span class='ocrx_word' id='word_1_833' title='bbox 3651 5341 3716 5396; x_wconf 80' lang='grc' dir='ltr'>τὸ</span> 
     </span>
    </p>
   </div>
   <div class='ocr_carea' id='block_1_114' title="bbox 2053 5431 3711 5511">
    <p class='ocr_par' dir='ltr' id='par_1_114' title="bbox 2053 5431 3711 5511">
     <span class='ocr_line' id='line_1_114' title="bbox 2053 5431 3711 5511; baseline 0.001 -25"><span class='ocrx_word' id='word_1_834' title='bbox 2053 5431 2432 5508; x_wconf 78' lang='grc' dir='ltr'>ἀπορούμενον</span> <span class='ocrx_word' id='word_1_835' title='bbox 2464 5439 2582 5496; x_wconf 87' lang='grc' dir='ltr'>τοῖς</span> <span class='ocrx_word' id='word_1_836' title='bbox 2609 5434 2944 5511; x_wconf 84' lang='grc' dir='ltr'>ἀγνώμοσιν,</span> <span class='ocrx_word' id='word_1_837' title='bbox 2993 5431 3142 5491; x_wconf 86' lang='grc' dir='ltr'>ἀλλά</span> <span class='ocrx_word' id='word_1_838' title='bbox 3192 5433 3284 5490; x_wconf 87' lang='grc' dir='ltr'>καὶ</span> <span class='ocrx_word' id='word_1_839' title='bbox 3332 5434 3517 5511; x_wconf 73' lang='grc' dir='ltr'>ἑτέρας</span> <span class='ocrx_word' id='word_1_840' title='bbox 3574 5432 3711 5489; x_wconf 75' lang='grc' dir='ltr'>ἄπο-</span> 
     </span>
    </p>
   </div>
   <div class='ocr_carea' id='block_1_115' title="bbox 2051 5525 3709 5604">
    <p class='ocr_par' dir='ltr' id='par_1_115' title="bbox 2051 5525 3709 5604">
     <span class='ocr_line' id='line_1_115' title="bbox 2051 5525 3709 5604; baseline 0.002 -24"><span class='ocrx_word' id='word_1_841' title='bbox 2051 5525 2174 5599; x_wconf 85' lang='grc' dir='ltr'>ρίας</span> <span class='ocrx_word' id='word_1_842' title='bbox 2223 5525 2446 5604; x_wconf 73' lang='grc' dir='ltr'>ἀφορμῆ</span> <span class='ocrx_word' id='word_1_843' title='bbox 2508 5527 2710 5604; x_wconf 80' lang='grc' dir='ltr'>γέγονε.</span> <span class='ocrx_word' id='word_1_844' title='bbox 2775 5529 2869 5584; x_wconf 88' lang='grc' dir='ltr'>Διὸ</span> <span class='ocrx_word' id='word_1_845' title='bbox 2924 5525 3144 5602; x_wconf 72' lang='grc' dir='ltr'>ἄμεινον</span> <span class='ocrx_word' id='word_1_846' title='bbox 3233 5528 3310 5604; x_wconf 72' lang='grc' dir='ltr'>μὴ</span> <span class='ocrx_word' id='word_1_847' title='bbox 3370 5531 3550 5600; x_wconf 73' lang='grc' dir='ltr'>ζητεῖν</span> <span class='ocrx_word' id='word_1_848' title='bbox 3608 5526 3709 5590; x_wconf 80' lang='grc' dir='ltr'>τὰς</span> 
     </span>
    </p>
   </div>
  </div>
