4114 6398
407 307 532 369 σοι)

1497 303 1907 366 COMMENT.
1956 302 2034 364 IN
2079 299 2332 364 EPIST.
2377 304 2482 366 AD
2526 306 2710 368 BOM.

3717 311 3840 373 810

410 441 672 505 τοιαύτας
738 439 936 512 αἰτίας,
976 442 1012 512 ἢ
1074 445 1394 512 ζητοῦντας,
1486 439 1752 514 μειζόνων
1820 439 2065 508 ἀποριῶν

2182 439 2452 511 absolvit,
2487 443 2632 514 quin
2665 444 2863 516 potius
2900 445 3148 502 alterius
3176 445 3580 519 ambiguitatis
3602 444 3832 502 occasio

417 532 596 594 αἰτίας
628 531 723 594 τὰς
765 528 950 593 λύσεις
991 535 1288 596 ποιεῖσθαι.
1319 533 1501 587 Τοῦτο
1556 531 1657 606 γὰρ
1712 527 2068 604 εὐγνωμόνων

413 622 760 696 πλασμάτων
816 621 906 676 καὶ
961 617 1201 690 δούλων,
1236 621 1312 696 μή
1340 619 1434 682 τὰς
1465 618 1640 682 αἰτίας
1688 617 1935 674 ἀπαιτεῖν
1980 618 2070 673 τὸν

417 711 770 788 Δημιουργὸν
802 709 894 767 καὶ
926 710 1225 781 Δεσπότην,
1286 707 1412 766 ἀλλ’
1473 709 1560 765 ἐπὶ
1590 713 1722 766 πᾶσι
1773 713 1891 770 τοῖς
1921 728 2075 783 γινο-

420 805 606 878 μένοις
666 803 1008 884 εὐχαριστεῖν
1067 805 1240 876 αὐτῷ,
1299 802 1393 858 κᾶν
1454 802 1518 858 οὗ
1596 801 1893 880 κατείληφε
1946 801 2073 863 τοὺς

415 894 616 970 λόγους
649 891 720 950 δι’
751 894 845 957 οὕς
878 895 1112 971 γίνεται,
1181 891 1394 968 μᾶλλον
1459 891 1516 949 δὲ
1573 894 1661 949 καί
1725 892 1809 948 ἐπὶ
1867 891 2075 946 τούτων

411 983 581 1041 πλέον
616 983 912 1063 ὀφείλομεν
947 983 1313 1060 εὐχαριστεῖν.
1357 982 1534 1053 Δῆλον
1592 983 1695 1058 γάρ
1752 982 1826 1046 ὡς
1878 981 1950 1035 ὧν
1993 981 2069 1053 μὴ

410 1072 843 1153 κατειλήφαμεν,
877 1071 965 1128 ἐπὶ
996 1071 1205 1128 τούτων
1241 1070 1461 1145 μείζους
1490 1070 1622 1126 εἰσὶν
1659 1070 1715 1123 οἱ
1771 1069 1926 1143 λόγοι
1982 1069 2072 1124 καὶ

411 1164 883 1237 θαυμασιώτεροι,
912 1163 1126 1233 καὶτῆς
1159 1163 1321 1236 ἡμῶν
1389 1161 1762 1236 ὁπερκείμενοι
1819 1157 2070 1228 καταλή-

407 1257 581 1329 ψεως.
648 1255 808 1309 Ὥστε
863 1252 1082 1327 μείζους
1115 1249 1198 1307 δεῖ
1249 1251 1338 1308 καὶ
1396 1251 1490 1314 τὰς
1551 1247 1855 1326 εὐεργεσίας
1903 1267 2072 1324 προσ-

408 1344 657 1420 άγεσθαι.
693 1341 869 1403 Αότὸς
925 1339 984 1398 δὲ
1034 1341 1268 1418 προϊὼν,
1327 1342 1416 1396 καὶ
1477 1347 1578 1409 τῆς
1640 1336 1889 1412 δευτέρας
1938 1337 2074 1392 ἀπο.

411 1435 531 1511 ρίας
562 1434 746 1505 τίθησι
776 1435 875 1503 τήν
911 1429 1089 1488 λῦσιν.
1153 1458 1179 1484 ιι
1241 1431 1346 1489 Τὸν
1401 1425 1599 1488 Ἰακὼϐ
1657 1429 1944 1507 ἠγάπησα,
1985 1428 2076 1482 τὸν

411 1521 666 1580 δὶἮσαῦ
689 1521 946 1596 ἐμίσησα.
1011 1545 1038 1574 ››
1103 1522 1190 1592 Μή
1250 1541 1340 1576 πω
1387 1527 1490 1596 γάρ
1541 1541 1593 1574 τι
1654 1519 1926 1594 πράξαντα
1981 1517 2074 1572 τὸν

409 1608 611 1687 Ῑακὼϐ,
694 1610 946 1669 ἐκαλεσεν
1025 1611 1333 1688 ἀγαπητόν·
1419 1637 1446 1664 ‹‹
1520 1611 1620 1666 Τὸν
1695 1612 1798 1687 γάρ
1856 1603 2075 1679 Ἰακὼϐ,

417 1705 603 1781 φησὶν,
631 1703 923 1777 ἠγάπησα,
953 1704 1045 1758 τὸν
1109 1700 1166 1758 δὶ
1218 1703 1386 1759 Ἡσαῦ
1435 1701 1695 1775 ἐμίσησα.
1740 1724 1767 1752 ››
1799 1731 1864 1744 -
1901 1723 1928 1751 «
1961 1698 2078 1772 Ἐρ.

2181 529 2337 588 facta
2368 538 2457 588 est
2483 533 2802 606 Propterea
2831 542 3072 608 prazstat
3102 535 3445 608 bujusmodi
3477 551 3685 591 causas
3715 551 3837 590 non

2181 622 2488 694 requirere
2521 641 2533 680 :
2564 623 2786 696 alioqui
2837 625 3200 698 inquirentes
3233 626 3495 683 efficient
3547 626 3707 698 ipsas
3736 642 3830 680 so-

2185 712 2443 770 lutiones
2474 730 2684 770 causas
2707 731 2835 772 esse
2884 716 3177 788 majorum
3211 715 3646 773 difﬁcultatum.
3685 715 3832 771 Nam

2186 801 2296 860 hoc
2335 811 2636 878 gratarum
2698 812 3105 862 creaturarum
3162 822 3230 862 ac
3289 821 3590 862 servorum
3645 810 3756 872 est,
3799 819 3834 860 a

2183 894 2459 951 Creatore
2491 913 2559 952 ac
2587 896 2834 952 Domino
2885 912 3095 951 causas
3128 913 3248 950 non
3297 902 3592 967 expetere,
3636 894 3740 952 sed
3771 893 3834 949 in

2188 983 2465 1040 omnibus
2498 1002 2628 1057 quae
2681 985 2832 1040 fiunt
2861 986 3079 1058 gratias
3115 984 3203 1039 illi
3261 1001 3454 1057 agere,
3489 999 3831 1056 quanquam

2191 1075 2452 1130 rationes
2465 1092 2587 1130 non
2599 1075 3364 1148 comprehendantpropter
3378 1091 3523 1146 quas
3543 1075 3835 1131 ﬁantzma-

2189 1165 2278 1236 gis
2309 1170 2508 1220 autem
2539 1165 2718 1220 etiam
2738 1182 2916 1236 super
2929 1165 3020 1220 his
3042 1163 3328 1220 debemus
3342 1163 3598 1234 amplius
3617 1164 3834 1236 gratias

2187 1257 2546 1328 agere.Nam
2587 1254 2970 1311 manifestum
3003 1259 3093 1310 est
3121 1253 3281 1325 quod
3316 1269 3520 1308 eorum
3553 1270 3684 1324 qua:
3718 1269 3836 1308 non

2188 1343 3016 1416 deprehendimus,majorum
3051 1349 3190 1399 sunt
3217 1360 3410 1398 causa:
3426 1342 3730 1414 magisque
3744 1342 3844 1398 ad-

2189 1435 2496 1502 mirandae,
2517 1441 2717 1506 etquae
2731 1440 2966 1491 nostras
2990 1434 3279 1491 excedant
3307 1434 3835 1506 apprehensiones.

2190 1526 2391 1596 Itaque
2424 1525 2682 1597 majores
2715 1525 2894 1582 etiam
2926 1525 3249 1597 gratiarum
3290 1524 3555 1581 actiones
3605 1529 3839 1596 oportet

2189 1616 2422 1671 offerre.
2458 1614 2776 1687 Apostolus
2807 1621 3005 1672 tamen
3029 1616 3090 1671 in
3122 1615 3509 1686 sequentibus
3541 1614 3719 1670 etiam
3751 1629 3838 1668 se-

2189 1705 2398 1761 cunda)
2430 1705 2801 1761 difficultatis
2819 1704 3599 1778 ponitsolutionem.«lacob
3632 1703 3839 1769 dilexi,

422 1794 565 1869 ῥήοη
621 1792 774 1868 αὐτῇ,
830 1817 858 1844 η
911 1791 1090 1871 ἤγουν
1151 1796 1220 1866 τῇ
1262 1785 1538 1862 Ῥεϐέκκα,
1579 1815 1605 1846 α
1661 1789 1745 1845 ὅτι
1775 1790 1836 1847 Ὀ
1871 1788 2065 1864 μείζων

2188 1794 2340 1850 Esau
2372 1811 2506 1851 vero
2536 1795 2672 1851 odio
2728 1795 2908 1851 habui
2944 1820 2970 1845 ››
3030 1797 3171 1852 Nam
3204 1795 3380 1852 Jacob
3435 1794 3536 1867 qui
3579 1793 3838 1849 nihilum

422 1880 696 1940 δουλεύσει
724 1887 806 1956 τῷ
839 1880 1110 1940 ἐλάσσονι.
1148 1908 1177 1937 ››
1211 1885 1278 1940 Ul
1314 1884 1408 1958 μὶν
1468 1885 1572 1963 γάρ
1628 1881 1906 1958 ἄνθρωποι
1937 1884 2073 1946 ’ἰσως

419 1973 552 2047 μετὰ
580 1973 641 2028 τὸ
671 1971 934 2048 γενέσθαι,
967 1973 994 2029 6
1026 1969 1084 2028 δὲ
1115 1973 1245 2035 Θεὸς
1278 1974 1376 2047 τρὸ
1405 1972 1665 2050 γενέσεως
1709 1971 1988 2029 ἐπίσταται
2009 1975 2074 2029 τὰ

409 2062 464 2118 ἕν
496 2066 576 2134 τῷ
607 2063 898 2139 ἀνθρώπῳ.

2189 1890 2408 1957 egerat,
2437 1885 2759 1957 appellavit
2789 1885 3071 1941 dilectum
3106 1908 3131 1934 ι‹
3158 1885 3358 1942 Jacob.
3385 1883 3600 1956 inquit.
3634 1881 3838 1949 dilexi,

2186 1977 2336 2032 Esau
2357 1993 2493 2032 vero
2517 1975 2652 2032 odio
2684 1975 2921 2033 habui.»
2955 2007 3020 2017 ——
3055 1999 3080 2022 α
3115 1977 3348 2032 Dictum
3382 1981 3473 2030 est
3502 1973 3609 2036 illi.
3637 1996 3660 2024 ι
3696 1979 3840 2045 puta

2187 2065 2487 2122 Rebeccae.
2523 2089 2550 2116 «
2585 2064 2771 2138 Major
2811 2066 3028 2122 serviet
3057 2065 3294 2121 minori.
3333 2088 3360 2114 »
3390 2062 3694 2136 Siquidem
3728 2063 3838 2118 ho-

406 2154 604 2210 mines
630 2154 900 2212 fortassis
931 2158 1067 2227 post
1095 2153 1485 2222 nativitatem,
1523 2155 1674 2210 Deus
1732 2170 1868 2210 vero
1925 2155 2105 2212 etiam
2157 2162 2294 2211 ante
2354 2156 2722 2212 nativitatem
2781 2155 2943 2211 novit
2991 2172 3123 2227 quua
3176 2155 3376 2210 futura
3423 2158 3562 2210 sunt
3614 2152 3678 2208 in
3735 2153 3837 2208 ho-

407 2260 595 2300 mine.

476 2331 544 2388 Τί
580 2331 670 2386 οῦν
706 2330 934 2408 ἐροῦμεν
970 2350 986 2402 ;
1033 2332 1127 2401 Μὴ
1186 2327 1371 2386 ἀδικία
1429 2331 1576 2408 παρὰ
1637 2336 1719 2404 τῷ
1777 2336 1894 2404 Θεῷ
1927 2351 1942 2400 ;
1976 2333 2070 2401 Μή

402 2421 643 2497 γένοιτο.
703 2426 794 2494 Τῷ
869 2420 972 2496 γάρ
1030 2423 1208 2495 Μωσῇ
1297 2418 1469 2498 λέγει·
1552 2419 1803 2492 Ἐλεήσω
1891 2422 1947 2476 ὅν
2011 2419 2072 2476 ἄν

403 2508 570 2580 ἐλεῶ,
647 2508 738 2566 καὶ
799 2509 1128 2585 οἰκτειρήσω
1197 2509 1256 2564 ὸν
1314 2507 1375 2564 ἄν
1443 2508 1720 2585 οἰκτείρω.
1777 2516 1922 2584 ’Ἀρα
1982 2507 2072 2564 οὖν

404 2599 468 2655 οὗ
529 2603 631 2654 τοῦ
692 2597 971 2666 θέλοντος,
1032 2595 1158 2654 οὐδὲ
1211 2603 1313 2654 τοῦ
1393 2599 1710 2674 τρέχοντος,
1769 2598 1915 2655 ἀλλὰ
1972 2603 2070 2654 τοῦ

401 2686 696 2752 ἐλεοῦντος
728 2693 882 2746 Θεοῦ.
915 2687 1072 2763 Λέγει
1099 2689 1201 2762 γάρ
1257 2690 1292 2758 ἡ
1352 2690 1538 2764 Γραφὴ
1573 2689 1651 2761 τῷ
1719 2690 1946 2764 Φαραώ·
1984 2689 2070 2743 ὸτι

403 2780 507 2842 Εἰς
540 2779 675 2834 αὐτὸ
704 2783 866 2835 τοῦτο
902 2778 1156 2856 ἐξήγειρά
1186 2798 1266 2848 σε,
1326 2779 1478 2840 ὃπως
1537 2776 1862 2852 ἐνδείξωμαι
1897 2779 1951 2832 ἐν
1983 2779 2069 2836 σοὶ

397 2875 502 2943 τήν
539 2870 765 2948 δύναμίν
803 2894 932 2946 μου,
967 2871 1058 2928 καὶ
1092 2872 1242 2935 ὅπως
1275 2869 1539 2949 διαγγελῇ
1571 2872 1632 2928 τὸ
1671 2868 1849 2947 ὄνομα
1877 2893 1983 2946 μου
2014 2872 2065 2928 ἐν

396 2963 546 3039 πάσῃ
580 2967 647 3038 τῇ
679 2967 776 3039 γῇ,
825 2963 968 3036 Ἀρα
1023 2960 1114 3018 οὖν
1157 2963 1216 3017 ὃν
1280 2961 1424 3026 θέλει
1477 2961 1643 3034 ἐλεεῖ,
1702 2963 1760 3018 ὸν
1814 2959 1870 3017 δὲ
1923 2962 2068 3019 θέλει

401 3055 725 3132 σκληρύνει.

478 3173 499 3199 α
535 3147 626 3216 Mi)
661 3143 845 3202 ἀδικία
875 3146 1022 3223 παρὰ
1050 3151 1128 3218 τῷ
1186 3150 1304 3219 Θεῷ
1338 3165 1351 3216 ;
1400 3148 1488 3216 Μὴ
1549 3147 1785 3222 γὲνοιτο.
1821 3169 1846 3198 n
1876 3145 1933 3198 '0
1967 3145 2064 3220 μὲν

394 3239 590 3308 Ἠσαῦ,
624 3235 921 3314 φησὶν,ὡς
987 3236 1152 3298 κακὸς
1210 3233 1479 3309 ἐμισήθη,
1538 3237 1566 3291 6
1626 3233 1684 3292 δὲ
1743 3229 1938 3291 Ἰακὼὸ
1988 3235 2063 3296 ὡς

398 3325 574 3388 καλὸς
596 3325 886 3400 ἠγαπήθη.
926 3347 948 3377 ε
982 3322 1051 3382 Τί
1078 3322 1172 3379 οὖν
1207 3341 1223 3394 ;
1260 3348 1287 3376 ››
1347 3323 1498 3382 Ἀντὶ
1550 3327 1670 3395 τοῦ,
1721 3324 1789 3381 Τί
1836 3322 2065 3397 ἆροῦμεν

401 3416 669 3492 περὶτῶν
703 3413 755 3470 ἐν
783 3417 852 3488 τῇ
909 3411 1106 3490 ἐρήμῳ
1166 3411 1493 3486 ἰουδαίωνς
1555 3414 1619 3470 οὗ
1677 3414 1874 3476 πάντες
1932 3411 2066 3485 ἱμο-

405 3504 803 3583 σχοποίησανς
858 3505 982 3565 Πῶς
1041 3503 1133 3557 οὖν
1195 3499 1431 3578 εἷ’ρηται,
1495 3525 1523 3555 ιι
1583 3499 1832 3574 Ἐλεήσω
1891 3499 1948 3556 ὅν
2003 3499 2067 3556 ἄν

413 3591 592 3663 ἐλεῶς
628 3616 651 3644 ι
687 3591 750 3650 Εἰ
782 3591 890 3666 γάρ
919 3587 1105 3646 ἀδικία
1162 3591 1264 3647 οὐκ
1319 3587 1430 3648 ἔστι
1480 3591 1629 3666 παρά
1682 3597 1763 3665 τῷ
1804 3595 1942 3663 Θεῷ,
1975 3589 2066 3645 καὶ

419 3681 572 3753 ’ὸμως
625 3681 839 3737 πάντων
912 3681 1470 3756 μοσχοποιησάντων,
1510 3707 1528 3732 ιι
1592 3679 1862 3752 Ἐλεήσω,
1894 3681 2064 3749 εἶπεν,

425 3771 484 3825 δν
515 3768 575 3824 ἄν
607 3769 794 3839 ὶλεῶρ)
823 3769 928 3848 ἄρα
959 3771 1208 3848 κρυφίοις
1236 3768 1587 3850 ὀφθαλμοῖςὸ
1617 3772 1746 3833 Θεὸς
1778 3765 2066 3843 ἐμϐατεύει

423 3859 499 3923 εἰς
529 3859 620 3924 τὰς
671 3866 776 3918 τῶν
834 3860 1136 3936 ἀνθρώπων
1193 3859 1442 3938 καρδίας,
1482 3860 1573 3917 καὶ
1631 3859 1744 3937 οὐχ
1797 3859 1982 3936 ὥσπερ
2011 3861 2064 3915 οἱ

414 3949 711 4024 ἅνθρωποι.
743 3950 954 4008 Οὐκοῦν
998 3947 1127 4006 οὐδὲ
1169 3949 1258 4006 ἐπὶ
1313 3955 1423 4006 τῶν
1451 3955 1544 4006 νῦν
1579 3948 1856 4010 Ἰουδαίων
1889 3939 2068 4007 διδικεῖ

409 4040 439 4096 6
470 4041 624 4111 Θεὸς,
655 4037 799 4096 ἀλλὰ
829 4039 919 4095 καὶ
947 4044 1041 4094 νῦν
1080 4039 1198 4096 ὅσοι
1264 4041 1360 4114 μὲν
1425 4042 1588 4112 ἄξιοι,
1650 4043 1936 4112 σώζονται’
1971 4063 2066 4098 πι-

407 4131 656 4186 στεύουσι
685 4129 809 4205 γάρ’
869 4129 987 4184 ὅσοι
1040 4127 1098 4185 δὲ
1145 4129 1376 4203 ἀνάξιοι,
1435 4128 1802 4188 ἀπόλλυνταιο
1848 4131 1914 4186 οὐ
1974 4153 2066 4186 πι-

404 4222 652 4277 στεύουσι
683 4221 806 4296 γάρ.
843 4242 869 4274 ε
901 4217 1152 4290 Ἐλεήσω
1185 4221 1244 4275 6'v
1300 4218 1360 4275 εἴν
1414 4219 1576 4279 ἐλεω.
1643 4248 1664 4278 ι
1735 4224 1824 4286 Ὠς
1879 4221 1926 4278 εί
1988 4226 2067 4279 εἱ-

403 4331 524 4368 πεν·
559 4310 704 4385 Ἐγὼ
735 4307 861 4365 οῖδα
895 4309 1034 4372 τίνες
1090 4308 1230 4381 ἄξιοι
1279 4311 1577 4386 σωτηρίας,
1634 4312 1724 4368 καὶ
1783 4313 1901 4368 ὅσοι
1961 4314 2065 4370 οὐκ

400 4399 566 4475 ἃειοι.
601 4399 663 4458 Et
693 4397 785 4455 οὖν
821 4401 1047 4470 Μωσῆς,
1091 4399 1277 4477 φησὶν,
1337 4401 1528 4476 ἠγνόει
1581 4402 1718 4464 τίνες
1777 4400 1939 4472 ἄξιοι,
1971 4407 2064 4460 καὶ

398 4492 541 4552 τίνες
600 4488 698 4546 οὐκ
757 4489 918 4563 ἄξιοι,
979 4485 1164 4564 σχολῇ
1222 4494 1352 4566 γοῦν
1410 4491 1576 4565 ἡμεῖς
1640 4492 1908 4566 γνοίημεν
1965 4493 2062 4556 τὰς

2253 2333 2348 2404 ΙΧ,
2385 2337 2462 2389 14-
2485 2336 2570 2389 18.
2606 2335 2750 2400 Quid
2779 2350 2909 2406 ergo
2938 2334 3180 2390 dicemus
3207 2337 3235 2391 ?
3273 2335 3410 2390 Nam
3439 2331 3726 2403 injustitia
3755 2335 3834 2386 est

2182 2424 2336 2495 apud
2365 2426 2534 2480 Deum
2565 2427 2592 2480 ?
2622 2425 2800 2481 Absit.
2834 2427 2975 2480 Mosi
3021 2428 3166 2480 enim
3196 2425 3331 2479 dicit
3362 2440 3380 2477 :
3413 2421 3708 2478 Miserebor
3737 2437 3834 2476 cu-

2173 2515 2488 2585 juscunque
2526 2517 2806 2580 misereor,
2873 2521 2924 2570 et
2981 2513 3403 2570 commiserabor
3459 2527 3834 2584 quemcunque

2182 2606 2735 2675 commiserorJgitur
2763 2621 2874 2660 non
2899 2607 3132 2661 volentis
3161 2611 3259 2670 est,
3289 2621 3386 2660 nec
3416 2603 3707 2664 currentis,
3740 2602 3835 2656 sed

2181 2696 2484 2751 miserentis
2514 2695 2633 2750 Dei.
2669 2695 2816 2752 Dicit
2846 2697 2990 2750 enim
3045 2695 3338 2765 Scriptura
3385 2693 3670 2750 Pharaoni
3718 2709 3737 2744 :
3767 2691 3831 2745 In

2179 2783 2276 2839 hoc
2300 2786 2477 2856 ipsum
2507 2787 2769 2841 suscitari
2796 2793 2867 2852 te,
2927 2792 2987 2840 ut
3017 2785 3354 2841 ostende-rem
3386 2783 3445 2839 in
3476 2790 3526 2838 te
3567 2784 3827 2838 virtutem

2179 2882 2432 2942 meam,et
2461 2882 2522 2931 ut
2544 2877 2908 2931 annuntietur
2934 2891 3131 2932 nomen
3174 2892 3350 2931 meum
3374 2878 3430 2929 in
3457 2875 3608 2929 omni
3653 2879 3824 2928 terra.

2178 2966 2372 3035 Itaque
2401 2965 2559 3036 cujus
2588 2967 2704 3022 vult
2761 2965 3070 3033 miseretur,
3126 2983 3288 3036 quem
3347 2972 3531 3020 autem
3581 2962 3699 3018 vult
3729 2961 3822 3017 ob-

2178 3053 2366 3109 durat.

2250 3143 2403 3200 3‘28
2431 3166 2457 3191 ‹‹
2487 3146 2636 3200 Num
2668 3145 2965 3217 injustitia
3023 3150 3114 3201 est
3167 3144 3325 3218 apud
3356 3141 3758 3200 Deum?Absit.
3798 3163 3825 3191 ››

2107 3211 2146 3276 C
2177 3234 2329 3290 Esau
2363 3233 2522 3290 enim
2554 3211 2837 3308 tanquam
2869 3235 3062 3291 malus
3102 3211 3238 3290 odio
3266 3233 3506 3290 habitus
3537 3230 3826 3298 est,Jacob

2173 3341 2309 3381 vero
2343 3331 2630 3396 tanquam
2663 3325 2855 3382 bonus
2887 3325 3141 3382 dilectus
3171 3331 3279 3382 est.
3327 3348 3354 3374 ‹‹
3389 3323 3539 3390 Quid
3571 3339 3706 3390 ergo
3737 3321 3765 3377 ?
3797 3344 3824 3371 ››

2175 3415 2294 3471 Hoc
2325 3422 2435 3482 est,
2466 3415 2617 3481 Quid
2675 3415 2746 3470 de
2793 3414 3010 3471 Judaais
3039 3415 3310 3471 dicemus
3343 3413 3443 3486 qui
3492 3412 3733 3467 fuerunt
3763 3411 3824 3466 in

2172 3503 2646 3561 deserto‘INonne
2681 3521 2890 3561 omnes
2914 3505 3163 3562 vitulum
3183 3504 3454 3560 fecerunt
3477 3501 3504 3558 ?
3525 3500 3822 3574 quomodo

2172 3592 2398 3649 dictum
2430 3600 2576 3650 estw
2624 3594 2948 3652 Miserebor
2976 3596 3386 3667 cujuscunque
3417 3592 3708 3648 misereor
3736 3590 3764 3646 ‘2
3792 3612 3820 3641 ››

2171 3683 2314 3738 Nam
2346 3685 2394 3738 si
2427 3683 2722 3755 injustitia
2752 3702 2869 3740 non
2926 3691 3018 3740 est
3067 3683 3226 3756 apud
3291 3685 3499 3750 Deum,
3533 3689 3592 3738 et
3622 3688 3822 3737 tamen

2169 3787 2302 3827 cum
2337 3789 2543 3828 omnes
2574 3773 2822 3829 vitulum
2877 3773 3178 3842 fecissent,
3212 3795 3239 3822 «
3274 3771 3619 3835 Miserebor,
3653 3769 3822 3838 dixit,

2170 3862 2580 3934 cujuscunque
2615 3862 2941 3919 misereor:
2982 3885 3009 3912 ››
3054 3869 3212 3918 certe
3244 3861 3568 3917 latentibus
3633 3859 3824 3914 oculis

2170 3951 2323 4006 Deus
2355 3952 2416 4006 in
2449 3951 2759 4007 hominum
2795 3953 2974 4008 corda
3003 3951 3355 4025 ingreditur,
3381 3957 3436 4007 et
3461 3967 3582 4006 non
3613 3965 3824 4022 quem-

2169 4040 2492 4097 admodum
2525 4042 2819 4098 homines.
2851 4043 3030 4115 lgitur
3065 4058 3258 4113 neque
3307 4057 3443 4098 cum
3473 4041 3692 4097 Judaeis
3719 4039 3822 4111 qui

2169 4147 2328 4187 nunc
2362 4137 2502 4188 sunt
2533 4133 2753 4205 injuste
2807 4133 2927 4206 agit
2959 4131 3249 4200 Deus;sed
3280 4137 3340 4187 et
3372 4148 3531 4188 nunc
3563 4131 3820 4203 quicun-

2170 4245 2285 4300 que
2320 4229 2480 4303 digni
2503 4235 2646 4287 sunt
2675 4231 3144 4302 salvantur,quia
3165 4229 3434 4298 credunt;
3477 4230 3821 4301 quicunque

2167 4337 2302 4376 vero
2335 4321 2588 4396 indigni,
2623 4329 2895 4395 pereunt,
2929 4323 3069 4395 quia
3098 4339 3220 4379 non
3271 4322 3538 4378 credunt.
3582 4343 3612 4372 ‹‹
3648 4321 3822 4375 Mise-

2166 4411 2344 4467 rebor
2372 4413 2784 4484 cujuscunque
2815 4413 3164 4469 misereor.»
3191 4419 3272 4469 Ac
3296 4413 3346 4468 si
3373 4411 3622 4468 dixisset
3654 4426 3666 4466 :
3701 4411 3815 4484 Ego

2166 4501 2301 4556 novi
2333 4502 2432 4573 qui
2465 4503 2585 4558 sint
2615 4501 2777 4576 digni
2809 4502 2998 4559 salute
3057 4508 3118 4558 et
3161 4502 3408 4574 quinam
3459 4500 3710 4574 indigni.
3761 4499 3818 4555 Si

400 4578 580 4642 αΐτίας
635 4585 744 4637 τῶν
795 4599 1128 4665 γινομενων.
1209 4579 1343 4636 Θεοῦ
1399 4581 1503 4656 γάρ
1545 4581 1785 4656 κρίματα
1842 4583 1925 4646 τίς
1975 4583 2056 4654 ἐξ-

2178 4591 2348 4662 igitur
2377 4593 2564 4648 Moses
2599 4573 2909 4665 ignorabat
2930 4573 3371 4665 quinamidigni
3401 4573 3611 4648 essent
3631 4596 3690 4646 et
3719 4590 3822 4662 qui

404 4672 643 4746 ιχνιάσει
678 4696 694 4741 ς
725 4668 845 4725 ἀντὶ
871 4672 994 4738 τοῦ,
1029 4664 1245 4731 Οὐδείς.
1283 4694 1309 4721 ‹‹
1344 4669 1484 4745 Ἀρα
1525 4669 1616 4726 οὖν
1647 4669 1709 4725 οὐ
1740 4675 1838 4726 τοῦ
1869 4670 2061 4736 θέλον-

403 4780 517 4834 τος,
551 4786 578 4813 ››
609 4759 699 4816 καὶ
726 4759 794 4814 τὰ
825 4759 969 4829 ἑξῆς.
1022 4763 1114 4812 Δεῖ
1171 4759 1267 4831 μὶν
1330 4759 1422 4814 οὗν
1483 4759 1662 4816 θέλειν
1695 4760 1785 4816 καὶ
1817 4762 2057 4843 τρέχειν,

406 4851 497 4906 καὶ
522 4851 617 4922 τήν
651 4852 844 4906 εαυτοῦ
872 4844 1099 4904 ἕκαστον
1159 4843 1390 4921 δύναμιν
1451 4847 1722 4925 πληροῦν.
1783 4849 1938 4922 Πλήν
1973 4852 2055 4906 δτι

405 4935 538 5020 δίχα
581 4937 794 5016 βουλῆς
855 4939 990 4993 Θεοῦ
1076 4933 1200 4993 οὔτε
1258 4937 1286 4992 6
1344 4937 1539 5011 θέλων,
1601 4937 1724 4997 οὔτε
1772 4941 1801 4995 6
1842 4943 2053 5018 τρέχων

398 5028 546 5086 ἀνύει
581 5051 635 5086 τι
666 5026 856 5097 πλὲον,
891 5023 1020 5102 ἄτερ
1049 5026 1148 5095 τῆς
1179 5029 1282 5082 τοῦ
1311 5032 1446 5082 Θεοῦ
1506 5029 1788 5104 βοηθείας.
1849 5031 2054 5087 Λοιπὸν

398 5119 494 5178 τὸν
530 5118 870 5196 βουλόμενον
898 5115 1186 5186 σώζεσθαι,
1238 5115 1324 5172 ’ὀτι
1379 5118 1468 5174 καὶ
1530 5118 1674 5175 θίλει
1707 5120 1736 5174 6
1784 5121 1913 5184 Θεὸς
1963 5141 2054 5194 καὶ

401 5209 568 5270 ἰλεεῖ.
625 5211 806 5268 Ταῦτα
864 5201 922 5262 δι
976 5204 1147 5261 πάντα
1223 5205 1368 5261 εῗπεν
1419 5208 1448 5262 6
1529 5209 1684 5286 ’ἅγιος
1739 5210 1875 5285 πρὸς
1926 5211 2054 5273 τοὺς

399 5299 820 5360 ἀντιπίπτοντας
851 5296 948 5351 καὶ-
973 5292 1258 5370 λέγοντας,
1288 5296 1347 5351 Τί
1408 5293 1474 5368 δή
1543 5318 1677 5356 ποτε
1721 5293 2052 5371 ἐκϐέϐληται

400 5386 800 5462 ὁἸουδαῒσμὸς
830 5384 975 5462 παρὰ
1004 5388 1084 5457 τῷ
1127 5387 1264 5458 Θεῷ,
1325 5386 1660 5464 ἀντεισήχθη
1719 5385 1775 5445 δὲ
1833 5391 1862 5445 6
1917 5391 2052 5466 Χρι-

399 5481 719 5556 στιανισμὸς
743 5477 834 5536 καὶ
866 5479 901 5548 ἡ
932 5474 1114 5537 πίστις
1148 5495 1162 5547 ;
1195 5473 1379 5532 Θὲλων
1436 5477 1526 5534 οὗν
1584 5480 1732 5554 ἡμᾶς
1763 5477 2048 5538 παιδεῦσαι

405 5575 483 5650 μή
533 5573 783 5629 ἀπαιτεῖν
840 5564 1060 5632 εὐθύνας
1114 5565 1206 5622 τὸν
1260 5567 1391 5623 Θεὸν
1450 5568 1524 5625 ὧν
1585 5569 1832 5646 πράττει,
1898 5568 2047 5627 ἀλλὰ

397 5663 570 5725 πάντα
597 5660 848 5744 ἡγεῖσθαι
898 5651 1064 5726 καλᾶ,
1115 5653 1211 5712 κᾶν
1267 5657 1432 5733 ἡμεῖς
1481 5657 1793 5741 ἀγνοῶμεν,
1860 5661 2046 5744 πολλὰ

2171 4678 2422 4752 indigni,
2458 4681 2643 4736 multo
2678 4682 2878 4737 minus
2911 4699 3018 4737 nos
3051 4697 3257 4737 eorum
3288 4696 3420 4752 qua:
3444 4681 3596 4736 ﬁunt
3612 4695 3821 4736 causas

2169 4784 2524 4841 cognoscere
2557 4786 2902 4841 possemus;
2926 4770 3028 4826 Dei
3053 4770 3210 4826 enim
3235 4769 3463 4841 judicia
3491 4769 3626 4841 quis
3655 4785 3818 4824 scru-

2168 4857 2686 4931 tabitur?profecto
2715 4859 2972 4916 nullus.u
3007 4860 3191 4932 Igitur
3218 4875 3339 4914 non
3362 4857 3614 4914 volentis
3645 4863 3752 4928 est,
3788 4881 3818 4907 n

2167 4955 2278 5006 etc.
2308 4950 2553 5022 Oportet
2584 4951 2879 5022 siquidem
2910 4950 3060 5008 velle
3117 4958 3177 5006 et
3206 4965 3467 5016 currere,
3515 4956 3576 5006 et
3601 4965 3814 5005 unum-

2169 5055 2466 5113 quemque
2487 5041 2680 5098 facere
2712 5044 2871 5115 quod
2902 5042 2962 5098 in
2995 5058 3058 5098 se
3088 5047 3468 5098 estzattamen
3498 5041 3640 5113 quia
3667 5039 3812 5097 abs-

2165 5146 2282 5202 que
2339 5131 2442 5186 Dei
2490 5131 2741 5189 consilio
2794 5147 2990 5204 neque
3047 5130 3250 5189 volens
3310 5147 3507 5204 neque
3566 5146 3815 5188 currens

2165 5219 2491 5294 quidquam
2519 5222 2776 5294 amplius
2802 5221 2930 5278 sine
2962 5223 3062 5278 Dei
3118 5222 3341 5279 auxilio
3372 5221 3626 5294 perficit.
3682 5220 3818 5278 reli-

2163 5326 2348 5382 quum
2381 5318 2472 5368 est
2501 5318 2566 5367 ut
2591 5312 2744 5369 Deus
2765 5327 2903 5369 eum
2936 5311 3037 5384 qui
3069 5311 3265 5369 salvus
3289 5311 3418 5370 fieri
3439 5311 3812 5386 cupit,etiam

2161 5401 2388 5470 velit,et
2414 5403 2545 5473 ejus
2572 5403 2944 5459 misereatur.
3005 5403 3140 5460 Haec
3197 5403 3401 5460 omnia
3443 5402 3592 5459 dixit
3642 5401 3810 5459 divus

2158 5490 2377 5548 Paulus
2407 5491 2688 5549 adversus
2743 5491 2878 5549 illos
2923 5493 3025 5566 qui
3082 5493 3388 5560 resistunt,
3450 5508 3518 5550 ac
3575 5491 3803 5548 dicunt'

2156 5579 2347 5648 Quare
2373 5580 2639 5656 abjectus
2671 5587 2760 5640 est
2785 5581 3126 5641 Judaismus
3155 5583 3313 5658 apud
3343 5583 3551 5652 Deum,
3584 5588 3646 5640 et
3672 5580 3802 5638 loco

2153 5667 2344 5744 ipsius
2373 5670 2653 5731 inductus
2683 5676 2776 5732 est
2793 5671 3278 5734 Christianismus
3305 5687 3374 5731 ac
3405 5668 3801 5730 ﬂdesWolena
