4114 6398
345 305 462 368 511

1471 307 1889 373 (ΕΟῙῙΜΕΝΙΙ
1934 305 2242 367 ΤΒΙΟΟᾸΞ
2284 303 2631 366 EPISCOPI

3651 303 3770 365 812

344 441 546 514 itaque
561 459 668 498 nos
681 442 978 500 instruere
1003 459 1080 500 ne
1097 459 1307 501 causas
1339 459 1374 500 a
1402 444 1521 502 Deo
1551 451 1893 518 repetamus
1906 458 1983 498 eo

2117 439 2506 516 Θεματοφορεῖ,
2553 437 2850 507 τουτέστιν,
2909 434 3016 492 ἀπὸ
3099 433 3326 492 πολλῶν
3385 433 3770 514 παραδειγμάο

341 547 474 588 rum
510 549 642 603 quae
673 539 974 604 operatur,
1036 533 1140 591 sed
1173 541 1388 592 cuncta
1426 533 1583 592 bona
1620 535 2002 599 arbitremur,

342 621 450 677 etsi
486 635 694 677 causas
719 621 1090 695 ignoremus,
1126 625 1315 681 multa
1345 625 1571 698 profert
1612 624 1686 681 ad
1731 622 2004 697 proposi-

339 709 605 766 tumzhoc
629 718 741 780 est,
775 729 809 768 a
842 714 1049 770 multis
1081 715 1369 788 exemplis
1431 722 1489 771 et
1527 715 1712 788 signis
1743 711 2000 769 difﬁcul-

336 803 518 854 tatem
537 799 598 854 in
613 797 826 856 divinis
835 804 858 873 j
871 801 1083 860 udiciis
1098 819 1207 860 con
1209 804 1512 876 jectandis
1535 804 2000 860 demonstrat.—

335 887 472 944 Item
504 895 553 945 et
579 889 696 946 alio
726 891 910 948 modo.
945 893 1071 949 Non
1120 894 1374 950 volentis
1405 893 1622 960 solum,
1650 909 1844 965 neque
1873 907 2000 948 cur-

336 977 526 1034 renlis
559 979 753 1036 solum
813 1000 828 1038 :
876 982 980 1038 sed
1038 1000 1186 1056 opus
1241 983 1419 1040 etiam
1480 990 1566 1039 est
1618 983 1996 1038 miseratione

339 1085 472 1140 quae
503 1067 786 1126 divinitus
813 1073 1106 1142 adveniat,
1141 1073 1484 1145 auxilioque
1531 1073 1692 1145 quod
1723 1072 1861 1128 inde
1892 1071 1994 1127 ad-

339 1158 734 1215 ministretur.
773 1168 886 1217 Aut
916 1162 1093 1218 etiam
1126 1165 1237 1219 hoc
1290 1163 1466 1219 modo
1518 1161 1771 1235 intelligi
1802 1165 1999 1233 potest

340 1247 500 1319 quod
532 1248 780 1306 dicitur:
813 1274 838 1300 «ι
878 1251 1061 1322 Igitur
1088 1269 1210 1309 non
1237 1253 1490 1308 volentis
1524 1258 1633 1316 est,
1669 1273 1697 1301 ››
1724 1258 1834 1306 etc.
1869 1253 1994 1306 Non

339 1341 405 1391 ut
443 1336 504 1392 in
537 1337 806 1395 confesso
839 1339 1091 1412 sitapud
1126 1342 1401 1413 Paulum,
1435 1342 1536 1398 sed
1569 1342 1755 1414 magis
1812 1339 1992 1395 veluti

2088 540 2220 584 ⁴”των
2264 530 2355 585 καὶ
2416 526 2686 604 σημείων,
2744 527 2808 583 τὸ
2864 523 3270 603 δυστέκμαρτον
3323 530 3433 582 τῶν
3481 529 3577 582 τοῦ
3633 529 3769 582 Θεοῦ

2112 618 2391 695 χριμάτων
2424 621 2680 695 παριστᾷ.
2717 651 2781 662 --
2821 619 2923 675 Καὶ
2983 613 3197 679 ἃλλως.
3260 613 3472 692 [ΦΩἸΣ]
3521 615 3602 675 Ού
3667 619 3766 673 τοῦ

2114 708 2368 774 θέλοντος
2395 711 2579 782 μὸνον,
2616 705 2742 766 οὐδὲ
2770 713 2866 764 τοῦ
2913 710 3207 784 τρέχοντος
3267 707 3453 783 μόνον,
3483 703 3629 763 ἀλλά
3684 703 3770 763 δεῖ

2109 798 2200 855 καὶ
2228 803 2326 855 τοῦ
2356 799 2534 856 Θεόθεν
2565 795 2744 868 ἐλέου,
2776 797 2866 853 καὶ
2925 803 3027 868 τῆς
3083 797 3281 854 ἐκεῖθεν
3315 795 3662 873 συμμαχίας.
3691 799 3764 854 Ἥ

2182 889 2197 910 \
2264 888 2291 906 θ’
2850 889 2864 905 η
2993 887 3014 908 υ
3198 885 3226 904 Ὗ
3347 885 3360 906 ἳ
3440 885 3450 904 Ι

2107 910 2198 944 και
2230 909 2403 952 ουτως
2436 885 2779 958 έκπληπτέον
2811 909 2895 957 το,
2933 912 2960 938 ‹‹
3018 897 3136 963 Δρα
3165 908 3258 942 ουν
3307 907 3368 942 ου
3400 883 3679 953 θέλοντος,
3736 909 3765 938 ››

2106 977 2195 1034 καὶ
2300 978 2442 1048 ἑξῆςο
2501 977 2611 1033 Οὐκ
2694 972 2836 1033 ἔστιν
2896 977 2973 1039 ὡς
3033 973 3236 1051 Παύλῳ
3293 975 3765 1053 ὁμολογούμενον,

2105 1065 2252 1140 ἀλλά
2303 1066 2514 1141 μᾶλλον
2572 1068 2646 1130 ὡς
2703 1067 2848 1143 παρᾶ
2904 1071 3012 1121 τῶν
3081 1067 3434 1141 ἀπορούντων
3484 1066 3766 1142 προτεινό-

2107 1179 2286 1232 μενον.
2323 1156 2384 1213 Εἰ
2415 1156 2514 1232 γάρ
2547 1156 2605 1211 ὅν
2636 1155 2804 1227 θέλει,
2861 1155 3024 1228 ἐλεεῖ,
3056 1157 3148 1212 καὶ
3178 1157 3326 1226 ἑξῆς.
3361 1155 3422 1212 Εἰ
3453 1156 3545 1212 οῦν
3579 1161 3766 1228 τοῦτο,

2107 1249 2261 1324 φησί,
2326 1248 2500 1321 μάτην
2567 1247 2799 1321 θέλομεν
2855 1250 2948 1304 καὶ
3003 1247 3178 1322 μάτην
3237 1248 3530 1323 τρέχομεν.
3587 1247 3692 1306 Καὶ
3729 1249 3765 1316 ὴ

2105 1335 2261 1413 ῥῆσις
2301 1334 2358 1393 δὲ
2389 1337 2466 1398 εἰς
2501 1331 2791 1414 βεϐαίωσιν
2818 1341 2918 1404 τῆς
2949 1335 3202 1412 ἀπορίας,
3236 1336 3362 1393 ἀλλ’
3395 1336 3494 1394 οὐκ
3532 1337 3611 1400 sic
3643 1334 3768 1392 ini-

338 1425 412 1482 ab
443 1425 855 1484 haesitantibus
885 1409 1179 1501 prolatum
1213 1437 1319 1488 est.
1382 1409 1525 1488 Nam
1585 1432 1634 1487 si
1666 1409 1838 1504 cujus
1867 1429 1983 1485 vult

2102 1409 2258 1482 λυσιν
2284 1429 2431 1490 τινὸς
2463 1409 2665 1501 ἑτέρας.

333 1517 672 1582 miseretur,
705 1525 842 1585 etc.,
893 1520 942 1575 si
973 1522 1105 1588 hoc,
1166 1521 1382 1594 inquit,
1415 1521 1498 1578 ita
1527 1528 1636 1587 est,
1672 1522 1732 1577 in
1763 1536 1979 1576 vanum
2025 1518 2297 1574 volumus
2350 1523 2410 1574 et
2466 1519 2526 1574 in
2557 1534 2771 1574 vanum
2803 1519 3119 1575 currimus.
3182 1521 3330 1592 Ergo
3363 1518 3590 1576 dictum
3647 1517 3762 1576 hoc

337 1605 406 1661 ad
440 1605 810 1664 difﬁcultatis
831 1609 944 1665 erit
973 1611 1511 1681 conﬁrmationem,
1531 1628 1652 1668 non
1680 1627 1877 1666 autem
1903 1610 1975 1666 ad
2009 1608 2269 1682 cujusvis
2298 1610 2544 1665 alterius
2577 1609 3080 1681 explanationem.

410 1697 562 1754 ατο
605 1697 828 1754 Deinde
860 1716 1092 1756 rursum
1124 1703 1396 1772 sequitur
1424 1702 1794 1758 difﬁcultatis
1818 1716 1984 1773 repe-

340 1786 468 1842 titio
497 1805 510 1842 :
543 1810 570 1838 ‹‹
604 1789 809 1860 Itaque
835 1791 1006 1862 cujus
1055 1792 1180 1846 vult
1211 1793 1546 1860 miseretur,
1578 1808 1754 1863 quem
1785 1798 1986 1847 autem

338 1877 463 1932 vult
492 1876 763 1934 obdurat.
799 1901 826 1930 ››
888 1879 1272 1938 Postmodum
1321 1882 1490 1954 quasi
1551 1899 1671 1938 non
1731 1881 1991 1937 sufficiat

340 1967 943 2042 difﬁcultatis.reique
955 1972 1226 2029 absurdae
1242 1973 1717 2047 magnitudinem
1741 1971 1992 2027 demon-

343 2063 584 2123 strasse,
622 2059 751 2130 ejus
791 2063 1178 2116 commutatio
1228 2063 1472 2134 ponitur
1502 2063 1563 2118 in
1595 2063 1655 2118 id
1687 2061 1846 2134 quod
1891 2061 1995 2117 ab-

345 2145 583 2202 surdius
616 2153 706 2202 est
756 2164 824 2204 ac
883 2151 1174 2220 majorem
1233 2150 1461 2206 habens
1515 2150 1990 2222 perplexitatem.

345 2237 546 2304 Nam,«
573 2237 721 2304 Quid
744 2238 938 2295 adhuc
969 2241 1276 2312 queritur?
1309 2263 1336 2290 ››
1369 2241 1453 2296 ait
1480 2283 1494 2308 ,
1529 2241 1780 2312 curjam
1814 2240 1998 2296 sumit

348 2326 707 2398 supplicium
737 2328 764 2383 ‘2
793 2329 1078 2384 voluntati
1112 2331 1271 2386 enim
1329 2331 1517 2402 ipsius
1549 2331 1682 2402 quis
1714 2330 1994 2386 resistere

336 2417 648 2488 potest?lta
674 2423 848 2475 aucta
878 2426 935 2474 et
965 2427 1311 2492 exasperata
1359 2420 1709 2476 difﬁcultate
1743 2421 1987 2476 solutio-

335 2520 474 2562 nem
508 2523 613 2579 per
643 2507 1109 2580 increpationem
1144 2511 1468 2582 subjungit,
1503 2510 1853 2566 terribiliter
1877 2509 1990 2565 ad-

335 2595 668 2664 modum,et
698 2606 1136 2669 consequenter
1183 2600 1265 2654 ita
1295 2599 1502 2655 dicens
1559 2616 1571 2654 :
1604 2623 1630 2648 ιι
1667 2601 1748 2654 Tu
1797 2599 1896 2670 qui
1929 2615 1993 2654 es

327 2684 428 2757 qui
453 2701 521 2740 ex
545 2686 788 2743 adverso
823 2687 1153 2760 respondes
1177 2687 1324 2744 Deo?
1356 2713 1382 2738 ››
1406 2689 1575 2760 quasi
1609 2689 1798 2745 dicat:
1833 2688 1984 2754 Quid

318 2774 543 2832 facisne
573 2792 644 2832 ex
672 2775 919 2834 adverso
952 2776 1324 2848 respondens
1341 2778 1494 2834 Deo?
1520 2777 1767 2834 Resistis
1781 2794 1848 2833 ac
1869 2795 1974 2850 op-

319 2881 549 2938 pugnas
582 2865 945 2922 voluntatem
984 2867 1528 2941 factumqueipsius
1551 2885 1626 2923 an
1658 2867 1976 2934 non?Quod

2174 1697 2306 1754 Εἶτα
2335 1695 2502 1752 πάλιν
2563 1695 2906 1773 ἐπανάληψις
2963 1704 3064 1768 τῆς
3115 1697 3365 1773 ἀπορίας*
3403 1722 3432 1752 ιι
3462 1698 3605 1774 Ἀρα
3653 1696 3747 1754 οὖν

2097 1789 2155 1842 δν
2189 1785 2336 1852 θέλει
2368 1784 2530 1854 ἐλεεῖ,
2565 1787 2628 1843 ὅν
2663 1784 2718 1842 δὲ
2752 1786 2896 1852 θέλει
2933 1785 3249 1863 σκληρύνει.
3290 1809 3316 1842 ι
3357 1788 3490 1846 Εἶτα
3546 1789 3620 1850 ὡς
3679 1789 3758 1860 μή

2109 1877 2438 1953 έξαρκούσης
2495 1884 2595 1946 τῆς
2651 1876 2904 1951 ἀπορίας,
2961 1882 3060 1934 τοῦ
3131 1879 3335 1934 ἀτόπου
3410 1877 3474 1933 τὸ
3537 1876 3763 1952 μέγεθος

2106 1975 2473 2038 παραστῆσαι,
2555 1969 2862 2044 μετάληψις
2942 1969 3111 2038 αὐτῆς
3169 1967 3257 2024 ἐπὶ
3308 1968 3371 2026 τὸ
3431 1967 3490 2024 ἐκ
3557 1967 3764 2039 ταύτης

2108 2058 2406 2115 ἀνακύπτον
2467 2057 2813 2132 ἀτοπώτερον
2872 2058 2961 2113 καὶ
3016 2059 3388 2134 ἀπορώτερον.
3447 2080 3472 2112 ε
3541 2056 3598 2112 Τί
3657 2059 3764 2132 γάρ

2106 2145 2185 2205 ἔτι
2222 2147 2492 2227 μέμφεται
2526 2166 2541 2218 ;
2581 2173 2608 2200 n
2635 2147 2788 2225 φησί·
2821 2147 2873 2205 τί
2930 2147 3126 2206 λοιπὸν
3186 2149 3411 2220 κολάζει
3451 2167 3465 2219 ;
3522 2148 3605 2212 τίς
3657 2149 3764 2227 γὰρ

2105 2239 2422 2308 ἀντιστῆναι
2483 2236 2701 2294 δύναται
2757 2242 2827 2312 τῇ
2909 2237 3088 2315 βουλῆ
3146 2238 3360 2308 αὐτοῦ,
3428 2239 3614 2301 Οὕτως
3663 2239 3768 2308 τὴν

2104 2327 2332 2400 ἀπορίαν
2365 2328 2602 2398 αὐξήσας
2633 2328 2722 2382 καὶ
2760 2327 3054 2404 τραχύνας,
3109 2327 3294 2406 ἐπάγει
3363 2327 3435 2384 δι’
3495 2327 3762 2402 ἐπιτιμή-

2104 2439 2239 2482 σεως
2263 2421 2362 2488 τὴν
2399 2417 2554 2474 λύσιν
2597 2417 2805 2495 σῳόόρα
2867 2415 3106 2493 δριμέως
3166 2418 3258 2475 καὶ
3316 2423 3609 2498 προσφυῶς
3667 2419 3766 2474 οὕ-

2101 2528 2179 2562 τω
2203 2506 2398 2582 λέγων·
2436 2533 2463 2560 ‹‹
2501 2507 2574 2562 Σὺ
2595 2505 2681 2570 τίς
2709 2506 2758 2562 εἶ
2786 2508 2816 2564 ὁ
2846 2507 3382 2582 ἀνταποκρινόμενος
3410 2511 3489 2579 τῷ
3546 2511 3697 2578 Θεῷς
3729 2530 3758 2558 ››

2103 2599 2238 2652 οἷον·
2272 2603 2349 2653 Συ
2380 2596 2429 2653 τί
2463 2601 2555 2652 νῦν
2582 2597 3395 2672 ποιεῖςάνταποκρινόμενοςτῷ
3415 2601 3562 2670 Θεῷ;
3583 2596 3766 2653 Ἀνθί-

2105 2707 2295 2742 στασαι
2324 2686 2415 2742 καὶ
2444 2685 2711 2760 πολεμεῖς
2739 2694 2806 2756 τῆ
2837 2685 3014 2762 βουλῆ
3047 2687 3214 2743 αὐτοῦ
3242 2685 3331 2743 καὶ
3358 2693 3425 2756 τῆ
3450 2687 3638 2759 πράξει
3670 2687 3766 2743 αύο

2102 2779 2274 2846 τοῦ,ἢ
2318 2773 2379 2831 οὔ
2411 2775 2502 2844 ;Εἷ
2541 2775 2636 2850 μέν
2665 2777 2766 2852 γάρ
2790 2775 2997 2846 oti/.13!
3025 2775 3324 2851 ἀντιλέγεις
3351 2775 3767 2850 ςτίάνταποκρί-

2099 2888 2163 2940 νῃ
2190 2869 2270 2939 τῷ
2301 2869 2417 2938 Θεῷ
2453 2885 2466 2935 ;
2502 2865 2550 2921 εί
2578 2863 2634 2920 δὲ
2667 2864 2977 2930 ἀνθίστασαι
3008 2866 3098 2920 καὶ
3139 2863 3439 2942 ἀντιλέγεις
3472 2865 3559 2922 καἲ
3593 2865 3761 2921 ἀντα-

326 2955 374 3010 si
407 2971 664 3021 non,cur
691 2956 1051 3013 contradicis
1077 2955 1104 3011 Τ
1134 2974 1240 3013 cur
1280 2974 1350 3014 ex
1382 2958 1627 3014 adverso
1660 2958 1983 3028 respondes

2098 2954 2468 3030 ποκρίνῃ,πῶς
2501 2953 2679 3031 λέγεις
2711 2955 2817 3023 ὅτι,
2841 2957 2973 3027 σιΤῷ
3003 2954 3107 3032 γάρ
3144 2941 3464 3031 βουλήματι
3486 2955 3650 3012 αὐτοῦ
3676 2954 3762 3020 τίς

327 3045 535 3102 1)εοῖὃί
564 3062 701 3103 vero
724 3047 950 3102 resistis
975 3052 1032 3101 et
1053 3046 1414 3104 contradicis
1445 3065 1512 3103 ac
1546 3064 1614 3103 ex
1627 3045 1874 3102 adverso
1889 3063 1983 3102 re~

325 3135 914 3207 spondes,quomodo
939 3135 1082 3191 ais:«
1110 3136 1416 3193 Voluntati
1452 3137 1581 3209 ejus
1609 3137 1741 3208 quis
1797 3137 1982 3191 resti-

321 3223 455 3280 tit‘h
477 3226 682 3297 Itaque
715 3226 764 3282 si
782 3232 942 3281 certe
975 3227 1583 3295 contradicis,frustra
1613 3233 1673 3282 et
1700 3225 1982 3282 adversus

318 3313 580 3385 teipsum
610 3315 814 3380 dicis,«
846 3315 995 3380 Quid
1027 3315 1222 3371 adhuc
1249 3317 1576 3388 queritur?»
1609 3316 1666 3370 Si
1689 3331 1828 3371 vero
1859 3332 1980 3371 non

317 3404 1111 3475 resistis,amplius,omnino
1143 3421 1262 3460 non
1294 3405 1457 3460 dices
1494 3423 1506 3460 :
1543 3427 1566 3455 (ι
1607 3403 1758 3470 Quid
1787 3404 1981 3460 adhuc

325 3493 644 3565 queritur:
688 3509 882 3564 neque
939 3493 1134 3549 illud:
1170 3516 1199 3544 ιι
1248 3495 1428 3567 Cujus
1478 3494 1600 3550 vult
1644 3495 1978 3560 miseretur,

329 3597 507 3654 quem
539 3589 739 3638 autem
775 3582 900 3638 vult
929 3581 1184 3639 obdurat
1241 3601 1316 3650 ς»
1371 3600 1566 3655 neque
1618 3585 1864 3642 omnino
1917 3587 1978 3642 in

325 3670 669 3743 hujusmodi
727 3672 1114 3745 cogitationes
1189 3673 1522 3732 abduceris.
1581 3681 1646 3729 ut
1701 3674 1979 3732 adversus

321 3761 659 3818 Creatorem
692 3762 884 3819 verbis
917 3762 1250 3820 contendas
1285 3765 1344 3820 in
1379 3765 1471 3820 his
1502 3781 1633 3836 quas
1665 3766 1979 3838 agit,mun-

317 3851 578 3924 dumque
590 3853 1090 3926 gubernat,utque
1109 3853 1483 3910 contradicas
1516 3854 1601 3908 illi
1627 3871 1694 3910 ac
1714 3855 1975 3914 resistas.

318 3941 406 3997 Ita
435 3957 572 4015 ergo
598 3941 696 3997 ubi
729 3942 942 3998 diffuse
989 3943 1428 3999 haesitationem
1463 3944 1690 4012 evertit,
1725 3945 1975 4002 alteram

322 4029 549 4087 inducit
581 4031 941 4088 solutionem
960 4030 1031 4087 ab
1059 4048 1264 4088 eorum
1281 4039 1496 4089 natura
1516 4049 1584 4089 ac
1614 4035 1976 4107 proprietate

325 4135 458 4191 qua:
485 4120 642 4192 apud
672 4136 781 4176 nos
840 4120 1204 4192 efﬁnguntur
1236 4138 1249 4176 :
1310 4122 1526 4194 partim
1569 4122 1808 4194 quidem
1843 4141 1974 4196 quas

326 4207 781 4266 admonitoriam
817 4211 1124 4266 contineat
1160 4211 1660 4268 consultationem
1717 4214 1837 4268 sive
1868 4213 1972 4270 do-

2099 3046 2422 3115 ἀνθέατηκεν
2444 3046 2676 3117 ςυὮστε
2708 3043 2754 3100 εἰ
2789 3043 2884 3118 μὲν
2931 3043 3270 3113 ἀνθίστασαι,
3307 3046 3478 3120 μάτην
3498 3045 3586 3102 καὶ
3619 3047 3764 3102 κατά

2096 3135 2295 3191 σαυτοῦ
2327 3132 2489 3209 ἐρεῖς,
2523 3157 2550 3188 ι(
2581 3133 2645 3192 Τί
2679 3130 2756 3190 ἔτι
2787 3140 3116 3216 μέμφεται.»
3149 3134 3215 3191 Εἰ
3244 3131 3302 3190 δὶ
3335 3135 3411 3208 μή
3445 3135 3760 3200 ἀνθίστασαι

2093 3223 2276 3280 οὐκέτι
2311 3223 2452 3300 ἐρεῖς
2483 3221 2687 3292 δλως,‹‹
2711 3221 2870 3282 Τίέτι
2905 3221 3368 3304 μέμφεται,ιούὸἒ
3388 3224 3510 3295 τὸ,ιι
3532 3225 3672 3299 Ἀρα
3687 3226 3744 3280 δν

2091 3314 2236 3371 Θέλιι
2269 3311 2432 3384 ἐλεεῖ,
2476 3315 2534 3369 δν
2594 3311 2651 3369 δὲ
2685 3312 2829 3371 θέλει
2885 3313 3202 3389 σκληρύνει,
3237 3338 3266 3366 ››
3299 3312 3413 3371 οὐδ’
3468 3315 3543 3378 εἰς
3597 3314 3754 3391 λογι-

2091 3403 2265 3478 σμοὺς
2296 3401 2400 3480 ἄρα
2439 3402 2588 3466 ὅλως
2648 3403 2926 3479 έξαχθήση
2953 3404 3260 3473 τοιούτους,
3319 3403 3624 3478 λογοθετεῖν
3660 3405 3752 3460 τὸν

2091 3496 2440 3570 Δημιουργὸν
2471 3495 2553 3573 ἐφ’
2583 3496 2669 3557 οἷς
2727 3495 2952 3569 πράττει
3001 3495 3093 3551 καὶ
3153 3495 3445 3568 οἰκονομεῖ
3501 3497 3598 3552 τὸν
3649 3495 3748 3551 κό-

2090 3605 2255 3658 σμον,
2288 3582 2404 3641 οὐδ’
2436 3584 2737 3662 ἀντιλέγειν
2799 3583 2948 3658 αὐτῷ
2994 3584 3082 3640 καὶ
3149 3584 3515 3644 ἀνθίστασθαι.
3556 3585 3748 3649 Οὕτως

2089 3675 2184 3731 οὖν
2206 3675 2590 3748 σπερματικῶς
2621 3673 2788 3730 εἰπὼν
2840 3677 2940 3745 τὴν
2994 3675 3304 3747 ἀνατροπὴν
3355 3683 3457 3746 τῆς
3488 3676 3747 3752 ἀπορίας,

2087 3767 2176 3821 καὶ
2209 3764 2390 3839 ἑτέραν
2422 3762 2582 3821 λύσιν
2615 3765 2722 3820 ἀπὸ
2770 3771 2870 3834 τῆς
2929 3768 3037 3820 τῶν
3090 3771 3216 3838 παρ’
3272 3767 3408 3841 ἡμῖν
3468 3763 3751 3843 δημιουρ-

2085 3855 2352 3932 γημάτων
2384 3854 2592 3934 φύσεως
2641 3855 2734 3910 καὶ
2791 3851 3069 3925 ἰδιότητος
3136 3854 3348 3929 ἐπάγει,
3406 3858 3570 3913 τοῦτο
3633 3857 3750 3931 μὲν,

2086 3946 2475 4021 παραινετικήν
2533 3944 2900 4020 περιέχουσαν
2962 3939 3286 4019 συμϐουλὴν
3337 3944 3429 4002 καὶ
3491 3942 3748 4001 διδασκα·

2085 4033 2227 4103 λίαν,
2257 4038 2419 4090 τοῦτο
2451 4031 2528 4104 δὲ,
2559 4033 2651 4090 καὶ
2680 4030 3062 4108 ἀντιῤῥητικὸν
3098 4031 3360 4110 ἔλεγχον.
3414 4034 3518 4091 Καὶ
3575 4037 3608 4102 ἡ
3645 4034 3741 4105 μὲν

2084 4127 2441 4200 παραινετική
2478 4119 2774 4198 συμϐουλὴ
2833 4125 2925 4180 καὶ
2987 4121 3315 4181 διδασκαλία
3364 4123 3614 4192 τοιαύτη·
3674 4122 3745 4182 Τί

2083 4214 2380 4292 ἀντιλέγεις
2431 4237 2444 4286 ;
2505 4215 2570 4273 Τί
2631 4214 3000 4290 ἀνταποκρίνῃ
3056 4220 3134 4287 τῷ
3219 4215 3439 4290 Πλάστῃ
3485 4214 3576 4270 καὶ
3632 4223 3745 4283 Δη-

327 4299 602 4364 ctrinam,
635 4300 850 4371 partim
873 4316 1009 4356 vero
1040 4301 1497 4374 increpatoriam
1543 4303 1973 4360 contradictio-

2098 4309 2339 4380 ιιουργῷ
2372 4328 2387 4374 ς
2420 4304 2673 4379 Μίμησαι
2730 4305 2796 4360 τὰ
2856 4303 3001 4360 ἄλλα
3057 4304 3380 4380 πλάσματα,
3433 4306 3461 4362 ὁ
3514 4303 3750 4382 λογικὸς

325 4405 484 4446 nem.
519 4391 589 4446 Et
613 4389 1011 4447 admonitoria
1040 4392 1280 4463 quidem
1333 4393 1690 4449 consultatio
1720 4395 1839 4450 sive
1869 4393 1974 4449 do-

321 4479 516 4536 ctrina
545 4479 679 4536 talis
704 4487 791 4536 est
825 4481 1004 4547 :Quid
1035 4481 1394 4538 contradicis
1425 4481 1452 4537 ?
1481 4498 1588 4538 cur
1611 4499 1680 4538 ex
1733 4483 1978 4540 adverso

321 4569 647 4642 respondes
679 4570 906 4627 Artiﬁci
921 4588 987 4628 ac
1001 4571 1540 4628 Creatori?lmitare
1563 4572 1682 4628 alia
1697 4574 1976 4647 ﬁgmenta

319 4666 383 4716 tu
414 4660 722 4718 rationalis
753 4661 1146 4728 irrationalia,
1171 4662 1468 4718 animatus
1491 4662 1838 4726 inanimata.
1873 4664 1976 4736 qui

323 4749 580 4822 amplius
611 4751 899 4807 factorem
962 4749 1206 4807 laudare
1265 4750 1444 4807 debes
1475 4768 1653 4824 quam
1683 4770 1822 4810 suos
1872 4754 1978 4810 illa

323 4841 554 4914 ﬁgulos.
593 4842 699 4899 Illa
729 4858 852 4899 non
885 4842 1324 4911 contradicunt,
1368 4858 1562 4914 neque
1595 4844 1794 4916 Opiﬁci
1824 4846 1978 4901 resi-

323 4932 729 5002 stuutzatqui
781 4937 998 4988 natura
1050 4947 1218 4988 serva
1275 4937 1432 5002 sunt,
1491 4940 1754 4989 attamen
1804 4933 1978 5006 juxta

321 5017 509 5089 ipsius
549 5019 914 5076 voluntatem
973 5026 1476 5089 transmutantur,
1517 5022 1720 5078 omnia
1761 5023 1974 5079 artiﬁci

320 5105 713 5164 credentia:at
743 5116 806 5164 tu
836 5125 1032 5181 neque
1082 5117 1313 5167 naturae
1365 5112 1719 5168 necessitate
1752 5127 1975 5177 servus,

313 5195 420 5252 sed
451 5211 725 5254 sermone
747 5197 1115 5263 honestatus,
1145 5199 1499 5272 arbitriique
1531 5200 1828 5269 libertate,
1851 5218 1973 5259 non

319 5285 483 5343 cedis
541 5286 788 5344 artiﬁcis
837 5288 1154 5358 voluntati,
1217 5305 1413 5361 neque
1477 5289 1974 5363 gubernationem

322 5391 487 5434 amas
529 5393 544 5433 :
577 5374 683 5435 sed
706 5376 899 5434 verbis
929 5378 1243 5436 contendis
1267 5396 1337 5436 ac
1393 5381 1642 5445 resistis.
1675 5387 1736 5437 et
1765 5398 1972 5440 eorum

320 5483 453 5542 qua
483 5468 638 5526 ﬁunt
664 5485 732 5526 ac
763 5467 1154 5541 providentur
1181 5484 1391 5527 causas
1424 5471 1673 5545 expetis.

395 5579 551 5638 880
585 5601 614 5631 ι(
643 5579 796 5636 Num
825 5577 970 5636 dicit
1003 5579 1354 5653 ﬁgmentum
1377 5580 1434 5638 ei
1474 5581 1576 5653 qui
1609 5587 1697 5638 se
1756 5582 1968 5642 tinnit:

315 5667 1024 5746 Curhoc'pactoftnxisti
1053 5685 1150 5729 me
1181 5671 1208 5728 ?
1237 5694 1262 5723 ο

2088 4396 2154 4452 τὰ
2185 4393 2435 4470 ἄλογα,ὁ
2467 4391 2721 4471 ἔμψυχος
2777 4396 2845 4450 τά
2908 4395 3117 4471 ἄψυχα,
3150 4396 3178 4450 ὁ
3236 4395 3404 4452 πλέον
3453 4400 3749 4472 χρεωστῶν

2089 4485 2335 4558 ἐξυμνεῖν
2366 4485 2458 4541 τὸν
2521 4483 2796 4556 Πλάστην,
2851 4481 2887 4554 ἤ
2938 4482 3114 4540 ἐκεῖνα
3155 4485 3282 4549 τοὺς
3338 4482 3752 4561 πλαστουργοὺς

2086 4574 2219 4639 τοὺς
2265 4571 2462 4637 ἰδίους.
2493 4575 2708 4632 Ἐκεῖνα
2765 4571 2866 4630 οὐκ
2919 4573 3196 4652 ἀντιλέγει
3255 4572 3384 4631 οὐδὲ
3441 4574 3748 4631 ἀνθίσταται

2085 4670 2166 4738 τῷ
2218 4661 2670 4740 δημιουργοῦντι,
2729 4664 2906 4720 καίτοι
2963 4663 3120 4744 φύσει
3179 4661 3532 4723 δουλεύοντα.
3593 4661 3750 4723 Ἀλλ’

2087 4755 2243 4829 ὅμως
2276 4754 2414 4830 πρὸς
2471 4753 2534 4809 τὸ
2593 4752 2797 4810 ἐκείνου
2860 4755 3406 4833 μετασχηματίζεται
3460 4753 3746 4830 βούλημα,

2085 4844 2256 4900 πάντα
2328 4847 2768 4919 παραχωροῦντα
2857 4848 2938 4916 τῷ
2993 4843 3235 4918 τεχνίτῃ.
3322 4844 3422 4899 Καὶ
3481 4842 3546 4899 σὺ
3606 4840 3750 4916 μηδὲ

2086 4933 2298 5014 φύσεως
2329 4933 2538 5010 ἀνάγκη
2571 4930 2867 5003 δουλεύων,
2925 4930 3075 4989 ἀλλά
3132 4932 3286 5011 λόγῳ
3343 4934 3602 5008 τιμηθεὶς
3653 4934 3746 4990 καὶ

2086 5023 2551 5094 αύτεξουσιότητι,
2587 5023 2698 5098 οὐχ
2732 5022 2972 5086 ὑπείκεις
3000 5028 3081 5094 τῷ
3118 5027 3217 5080 τοῦ
3265 5022 3576 5088 πλάσαντος
3609 5025 3746 5100 βου-

2086 5111 2302 5184 λήματι
2332 5113 2423 5169 καὶ
2457 5111 2697 5189 στέργεις
2727 5115 2825 5183 τὴν
2855 5108 3201 5189 κυϐέρνησιν,
3233 5111 3382 5170 ἀλλά
3425 5114 3742 5190 λογοθετιῖς

2083 5205 2174 5259 καὶ
2206 5203 2570 5276 ἀντιπίπτεις,
2599 5202 2688 5260 καὶ
2730 5203 2951 5267 εὐθύνας
2977 5205 3224 5268 ἀπαιτεῖς
3253 5209 3362 5262 τῶν
3407 5204 3742 5283 ’πραττομέ-

2083 5316 2191 5350 νων
2223 5293 2315 5350 καὶ
2346 5296 2787 5372 προνοουμένων.

2152 5605 2182 5635 α
2207 5582 2300 5653 Μὴ
2332 5579 2534 5658 έφεῖτὸ
2565 5579 2795 5657 πλάσμα
2840 5585 2922 5656 τῷ
2971 5580 3266 5658 πλάσαντι,
3325 5579 3390 5639 Τί
3447 5601 3515 5656 με
3546 5580 3741 5656 ἐποίη-

2078 5687 2223 5744 auc;
2263 5695 2296 5726 ιν
