4114 6406
389 445 508 507 513

1464 432 1872 498 ΟΟΜΜΕΝΤ.
1922 432 1998 492 lN
2043 431 2295 493 EPIST.
2349 429 2451 490 AD
2501 429 2690 492 ROM.

3696 434 3818 496 ΒΜ

455 574 592 636 Ἢδε
620 597 686 652 γε
712 575 830 631 κατ’
861 572 1098 651 ἔλεγχον
1128 569 1473 649 ἀντίρρησις,
1497 567 1748 638 τοιαύτη.
1775 570 2042 626 Ἀνταποο

2225 563 2626 623 Contradictio
2652 581 2789 623 vero
2814 581 2921 639 per
2949 566 3449 640 increpationem,
3492 567 3630 624 talis
3674 574 3765 626 est
3795 585 3810 627 :

381 667 538 745 κρίνῃ
605 670 686 740 τῷ
745 666 884 736 Θεῷ,
943 660 1129 741 φησὶν,
1209 659 1284 723 ὠς
1341 656 1483 714 ἄκων
1543 657 1897 732 ἁμαρτάνεις,
1957 653 2050 710 ἅτε

383 762 649 820 νικῶντος
705 753 874 810 αὐτοῦ
930 752 1029 820 τὴν
1079 751 1178 819 σὴν
1237 747 1464 830 γνώμην
1522 751 1620 803 τοῢ
1669 745 2048 824 βουλήματος,

384 847 478 905 καὶ
535 848 599 904 τὸ
657 842 1003 914 αὐτεξούσιον
1061 840 1232 915 ταύτῃ
1289 836 1715 915 περιῃρημένος.
1776 836 1882 894 Καὶ
1940 836 2050 908 μὴν

389 937 500 1014 οὐχ
529 936 747 1012 ὁρῶμεν
807 931 896 988 ἐπὶ
954 936 1062 988 τῶν
1122 933 1199 1004 μή
1257 927 1613 1000 αὐτεξουσῖων
1647 924 1986 1002 πλασμάτων
2020 924 2053 978 ἅ

389 1031 455 1087 σὺ
490 1033 684 1090 ποιεῖς.
714 1028 931 1084 Ἐκεῖνα
970 1023 1070 1078 οὐκ
1124 1020 1400 1100 ἀντιλέγει
1458 1025 1574 1079 τοῖς
1626 1017 1952 1088 πλάττουσι,
1984 1016 2052 1073 Τί

396 1141 464 1195 με
518 1117 713 1182 οὕτως,
765 1111 912 1171 ἀλλᾶ
971 1114 1049 1187 μὴ
1109 1111 1304 1177 οὕτως,
1354 1109 1657 1181 ἐποίησαςς
1708 1110 1743 1178 ἢ
1793 1103 1939 1176 τόδε,
1991 1105 2054 1163 Τί

393 1210 590 1278 οὕτως,
621 1206 771 1264 ἀλλὰ
804 1206 880 1280 μὴ
913 1201 1088 1265 οὕτως
1114 1225 1129 1272 ς
1159 1203 1194 1271 ἢ
1245 1201 1414 1270 ὅλως,
1445 1199 1516 1258 Τί
1550 1221 1616 1274 με
1648 1197 1945 1270 ἐποίησας;
1978 1197 2052 1252 Σὺ

391 1297 571 1357 δὲκαὶ
601 1294 929 1372 ἀντιλὲγεις,
987 1291 1081 1348 καὶ
1141 1289 1366 1356 εὐθύνας
1423 1288 1517 1344 τὸν
1581 1287 1829 1357 [Ιλάστην
1888 1285 2055 1342 ἀπαι-

384 1395 518 1452 τεῖς.
567 1385 684 1446 Οὐκ
735 1383 839 1460 ἄρα
894 1386 991 1440 τοῦ
1049 1379 1402 1454 αὐτεξουσίου
1462 1375 1770 1450 ἐστὲρησαι.
1806 1375 1919 1430 Οὐκ
1949 1373 2053 1450 ἄρα

389 1477 532 1535 ἄκων
591 1474 938 1552 ἁμαρτάνεις.
996 1472 1228 1532 Δικαίως
1284 1467 1386 1545 ἄρα
1435 1468 1524 1524 καὶ
1578 1463 1790 1542 κολείζῃ
1853 1465 1915 1521 συ
1961 1465 2052 1519 καὶ

390 1567 495 1625 ὑπὸ
532 1567 744 1642 μέμψιν
802 1562 1044 1631 πίπτεις,
1106 1558 1449 1629 αὐτεξούσιος
1506 1554 1578 1610 ὢν
1628 1555 1718 1610 καὶ
1766 1555 1843 1628 μὴ
1875 1553 2051 1627 πράτ-

393 1677 500 1712 των
531 1639 838 1712 ταδέοντα.
885 1649 992 1710 Καὶ
1049 1652 1216 1704 ταῦτα
1279 1647 1373 1723 μὶν
1427 1646 1551 1721 περὶ
1608 1643 1838 1701 τούτων.
1870 1644 1944 1700 Τὸ
1971 1639 2050 1712 ὂὶ,

403 1746 528 1802 «Ἣ
584 1743 680 1801 οὐκ
735 1737 856 1822 ἔχει
916 1741 944 1797 6
1000 1738 1268 1815 κεραμεὺς
1327 1733 1607 1809 ἐξουσίανς
1661 1757 1690 1787 n
1752 1732 1842 1789 καὶ
1906 1730 2051 1804 ἑξῆς,

406 1832 553 1892 ἄλλο
605 1833 740 1892 ἰστὶν
796 1831 1140 1912 ἐπιχείρημα
1195 1829 1333 1884 κατὰ
1404 1824 1836 1912 ἀντιπερίστασιν
1913 1841 2055 1912 προ-

404 1923 688 2002 αγόμενον.
724 1910 996 1990 Δεδόσθω,
1039 1917 1196 1999 ῳησὶ,
1227 1916 1364 1972 κατὰ
1389 1915 1480 1971 τὸν
1515 1916 1604 1971 σὸν
1640 1911 1832 1989 λόγον,
1863 1910 2048 1967 καίτοι

398 1997 746 2090 ἐλεγχθέντα,
778 2009 861 2067 ὅτι
894 2008 994 2066 οὐκ
1039 1997 1091 2064 εἴ
1140 2004 1505 2078 αὐτεξούσιος,
1538 2005 1624 2062 δτι
1655 2005 1683 2060 6
1715 2003 1844 2066 Θεὸς
1875 1997 2049 2062 οὕτως

395 2088 598 2158 ἔπλασέ
654 2116 733 2156 σε’
793 2094 912 2155 οὐδ’
966 2097 1141 2159 οὓτως
1179 2093 1291 2152 ἐστὶ
1343 2091 1552 2150 δίκαιον
1612 2089 1915 2166 ἀντιλέγειν
1962 2088 2053 2145 καὶ

398 2191 815 2270 μέμψεσθαιτῷ
845 2191 981 2261 Θεῷ.
1042 2185 1107 2244 Εἰ
1165 2186 1256 2241 καὶ
1316 2181 1485 2258 μηδὶν
1534 2183 1635 2258 γὰρ
1677 2179 1819 2239 ἄλλο
1851 2179 2055 2270 προνό-

396 2264 544 2356 μιον-
585 2279 735 2352 αύτῷ
787 2274 1088 2334 ἀποδοῦναι
1146 2273 1340 2352 βούλει
1394 2276 1474 2345 τῷ
1535 2271 1668 2346 ὑπὲρ
1725 2271 1898 2325 πάντα
1942 2264 2054 2324 ὅντι

389 2371 485 2427 καὶ
545 2367 715 2448 λόγον
778 2368 870 2424 καὶ
927 2362 1160 2434 ἔννοιαν,
1218 2361 1367 2420 ἀλλᾶ
1419 2363 1556 2424 τέως
1604 2362 1666 2416 τὸ
1713 2364 1843 2416 πᾶσι
1874 2359 2056 2414 κοινὸν

399 2447 652 2535 ὑπάρχον
706 2462 823 2520 τοῖς
875 2456 1026 2518 ’ὁπως
1058 2451 1124 2526 δὴ
1180 2473 1313 2510 ποτε
1342 2452 1725 2526 δημιουργοῖς,
1755 2449 1878 2505 λίαν
1911 2447 2052 2504 ἐστὶν

393 2553 558 2604 τοῦτο
585 2568 600 2618 ;
630 2545 801 2606 Οὐδὲν
850 2551 958 2602 τῶν
1006 2541 1545 2620 δημιουργημάτων,
1583 2542 1676 2598 τὸν
1708 2538 1909 2596 οἰκεῖον
1957 2535 2055 2607 δη-

397 2639 668 2712 μιουργὸν
729 2635 1094 2716 ἐπιμέμφεται
1179 2633 1270 2688 καὶ
1347 2630 1572 2697 εὐθύνει,
1633 2627 1761 2686 ἀλλ’
1811 2627 2054 2701 ἐξουσίαν

393 2725 771 2810 ἔχει’ὶιαστος
833 2725 1202 2803 δημιουργὸς,
1262 2721 1624 2799 δημιουργεῖν
1677 2720 1752 2783 ὡς
1799 2717 2056 2794 βούλεται

393 2807 488 2876 xi.
518 2818 802 2882 πλάττειν,
835 2817 924 2872 καὶ
987 2814 1274 2879 ἀνεύθυνος
1334 2811 1496 2882 ἐστιν,
1555 2810 1646 2866 καὶ
1681 2809 1921 2885 μάλιστα
1953 2807 2057 2864 ὑπὸ

395 2914 507 2966 τῶν
539 2905 904 2980 πλασμάτων.
951 2907 1112 2960 Ὥστε
1140 2905 1232 2960 καὶ
1280 2902 1367 2972 σὺ,
1425 2901 1472 2958 εί
1527 2901 1618 2955 καὶ
1649 2900 1726 2962 ὡς
1759 2899 1934 2974 λὲγεις
1966 2896 2056 2952 0‘5-

395 3019 507 3062 τως
560 2995 862 3067 ἐπλάσθης,
922 2993 1022 3050 οὐκ
1093 2991 1333 3076 ὀφείλεις
1392 2992 1695 3069 μέμςσεσθαι
1752 2989 1787 3058 ἣ
1843 2985 2059 3044 ἀντιλὲ-

397 3110 534 3166 γειν,
593 3086 734 3143 κατᾶ
784 3086 876 3141 τὸν
934 3083 1118 3140 κοινὸν
1178 3088 1285 3138 τῶν
1342 3079 1682 3154 πλασμάτων
1743 3078 1911 3150 νόμον
1969 3076 2058 3132 καὶ

394 3165 543 3252 ὅρον.
580 3201 606 3229 ‹‹
643 3177 801 3252 Λὲγει
856 3174 960 3254 γὰρ
1020 3175 1055 3244 ἡ
1115 3174 1302 3252 Γραφή
1357 3175 1435 3241 τῷ
1494 3168 1721 3245 Φαραώ,
1763 3191 1791 3220 ››
1847 3167 1935 3222 καὶ
1993 3165 2060 3222 τὰ

391 3270 540 3340 ἑξῆς.
594 3299 662 3311 --
714 3263 1262 3339 [ΟΙΚΟΥΜΕΝΙΟΓ.]
1314 3260 1528 3318 Τούτου
1563 3263 1662 3328 τήν
1696 3255 1877 3328 λύσιν,
1907 3257 2059 3314 κάτω

2155 657 2238 713 Ex
2266 655 2510 714 adverso
2542 655 2889 730 respondes,
2924 655 3141 728 inquit,
3187 656 3358 730 quasi
3409 661 3648 714 coactus
3675 675 3815 730 pec-

2155 753 2636 822 cares,tanquam
2667 748 2770 804 ille
2794 747 3060 805 vinceret
3081 754 3195 803 tuas
3219 750 3578 806 sententiam
3599 750 3811 808 volun-

2155 839 2316 899 tatis.
2350 839 2538 895 ethac
2567 839 2630 894 in
2662 844 2827 910 parte
2878 843 2977 893 tuo
3022 837 3339 912 privareris
3391 839 3658 896 arbitrio.
3710 844 3815 896 At-

2157 930 2258 1002 qui
2292 930 2352 984 in
2387 929 2687 1002 ﬁgmentis
2722 945 2854 1001 qua:
2876 928 3064 984 libera
3085 945 3206 984 non
3239 934 3523 986 sunt.non
3545 930 3814 988 videmus

2157 1035 2288 1090 quas
2321 1024 2382 1073 tu
2417 1018 2696 1074 facis.llla
2718 1019 2779 1073 in
2799 1035 2938 1074 suos
2962 1018 3174 1088 ﬁgulos
3192 1035 3314 1074 non
3336 1018 3812 1076 obmurmurant:

2159 1107 2309 1174 Quid
2345 1125 2436 1163 me
2485 1109 2597 1164 hoc
2627 1107 2718 1164 vel
2751 1108 2854 1164 illo
2888 1107 3060 1164 modo
3105 1107 3295 1165 fecisti
3329 1107 3357 1163 ?
3386 1115 3489 1164 aut
3513 1126 3618 1165 cur
3648 1110 3728 1165 ita
3759 1115 3818 1166 et

2155 1214 2277 1253 non
2310 1199 2392 1254 ita
2419 1198 2447 1254 ‘2
2478 1199 2598 1253 sive
2621 1202 3011 1262 omnino,Cur
3032 1214 3125 1254 me
3144 1197 3459 1254 formasti?
3488 1199 3570 1254 Tu
3599 1215 3736 1255 vero
3760 1205 3820 1255 et

2157 1293 2366 1344 contra
2396 1287 2564 1354 dicis,
2599 1294 2659 1344 et
2686 1304 2896 1344 causas
2928 1287 3000 1344 ab
3033 1287 3257 1360 Opiﬁce
3289 1288 3722 1361 expetis.Certe
3754 1289 3821 1346 li-

2157 1379 2300 1435 bero
2335 1378 2582 1435 arbitrio
2614 1396 2734 1436 non
2767 1379 3037 1452 privaris.
3071 1386 3231 1435 certe
3263 1395 3382 1436 non
3414 1385 3654 1436 coactus
3686 1397 3819 1454 pec-

2157 1485 2274 1526 cas.
2307 1471 2471 1526 Iuste
2503 1470 2702 1542 itaque
2735 1475 2794 1526 et
2822 1470 3056 1542 puniris
3088 1475 3145 1524 et
3175 1470 3239 1526 in
3282 1470 3817 1543 reprehensionem

2157 1559 2345 1628 cadis,
2382 1576 2517 1615 cum
2549 1559 2703 1615 liber
2732 1561 2812 1616 sis
2871 1575 2982 1616 nec
3014 1559 3196 1616 facias
3251 1576 3382 1631 quae
3437 1565 3691 1634 oportet.
3750 1561 3822 1618 Et

2158 1650 2284 1706 haec
2315 1649 2558 1722 quidem
2590 1649 2661 1706 de
2691 1650 2806 1706 bis.
2839 1651 3020 1705 Porro
3053 1648 3214 1722 quod
3244 1649 3464 1706 dicitur
3493 1667 3506 1706 ε
3543 1671 3572 1702 ‹‹
3603 1653 3822 1708 Annon

2156 1739 2336 1795 habet
2360 1739 2989 1812 potestatem,t‘1gulus,
3017 1761 3044 1787 »ι
3070 1739 3379 1806 etc.,aliud
3401 1745 3489 1798 est
3510 1755 3824 1814 argumen-

2159 1833 2284 1885 tum
2343 1827 2417 1885 ad
2475 1827 2908 1885 cobibitionem
2963 1827 3308 1885 adductum.
3371 1831 3536 1896 Dato,
3598 1829 3818 1902 inquit,

2152 1918 2324 1990 juxta
2357 1925 2522 1974 tuum
2555 1935 2894 1975 sermonem
2925 1917 3064 1974 licet
3087 1919 3217 1992 jam
3245 1919 3815 1994 conlutatum,quod

2165 2008 2320 2064 liber
2345 2025 2465 2064 non
2489 2008 2590 2075 sis,
2625 2007 2785 2080 quod
2815 2009 2970 2064 Deus
3001 2007 3084 2064 ita
3115 2014 3170 2064 te
3198 2007 3543 2066 formaverit
3574 2026 3588 2066 :
3616 2026 3814 2083 neque

2164 2100 2247 2156 ita
2286 2099 2521 2171 justum
2544 2103 2633 2154 est
2683 2099 2800 2154 Deo
2834 2097 3265 2166 contradicere,
3316 2098 3608 2172 illumque
3635 2115 3813 2158 accu-

2167 2204 2312 2245 sare.
2370 2188 2516 2244 Nam
2548 2188 2658 2243 etsi
2708 2187 2861 2244 nihil
2891 2187 3055 2244 aliud
3084 2189 3486 2262 praerogatisz
3517 2188 3607 2244 illi
3637 2189 3813 2246 retri-

2163 2280 2348 2336 buere
2378 2278 2542 2346 velis,
2605 2278 2706 2351 qui
2757 2294 2938 2352 supra
2969 2294 3208 2335 omnem
3260 2285 3350 2336 est
3379 2286 3439 2336 et
3467 2286 3729 2338 mentem
3761 2285 3825 2338 et

2166 2385 2505 2426 sermonem
2539 2387 2552 2426 :
2584 2375 2644 2426 at
2674 2369 2885 2426 saltem
2917 2368 3076 2442 quod
3092 2370 3370 2427 omnibus
3391 2387 3710 2429 commune
3733 2377 3826 2429 est

2167 2459 2416 2534 singulis
2436 2459 2978 2532 quomodocunque
3000 2477 3128 2516 rem
3159 2460 3826 2534 efﬁngentibusadmo-

2168 2552 2308 2610 dum
2342 2552 2668 2610 absurdum
2700 2557 2790 2609 est
2811 2557 2869 2607 et
2898 2551 3150 2622 impium
3183 2551 3255 2606 ab
3288 2567 3356 2606 eo
3388 2551 3619 2608 tollere.
3673 2551 3824 2618 Quid

2167 2643 2348 2716 igitur
2379 2642 2527 2698 illud
2558 2640 2705 2697 est?
2753 2640 2920 2707 Quod
2963 2640 3198 2697 nullum
3247 2641 3596 2714 ﬁgmentum
3653 2657 3826 2698 suum

2167 2733 2402 2806 plasten
2434 2732 2671 2790 incusat
2701 2736 2804 2787 aut
2845 2728 3167 2797 redarguit,
3201 2730 3306 2785 sed
3367 2729 3618 2786 liberam
3650 2729 3832 2787 habet

2168 2822 2532 2878 voluntatem
2563 2822 2816 2894 quisque
2844 2819 3039 2892 opifex
3071 2819 3302 2889 operari
3356 2825 3532 2892 prout
3579 2819 3832 2876 voluerit

2169 2929 2237 2967 ac
2266 2912 2509 2984 tingere.
2546 2917 2604 2966 et
2627 2910 3006 2966 accusatione
3029 2908 3603 2980 vacat.potissimum
3627 2914 3829 2965 autem

2170 3001 2328 3073 apud
2351 3017 2422 3058 ea
2451 3018 2582 3073 qum
2615 2999 2806 3056 ﬁnxit.
2839 3000 3043 3070 Itaque
3085 3004 3146 3054 et
3193 3004 3254 3054 tu
3289 2998 3467 3054 etiam
3502 2999 3552 3054 si
3585 3005 3650 3052 ut
3679 2997 3833 3054 dicis

2169 3090 2460 3147 formatus
2494 3089 2596 3156 sis,
2627 3105 2747 3144 non
2771 3087 2954 3143 debes
2985 3086 3283 3160 indignari
3303 3092 3406 3143 aut
3422 3085 3832 3144 contradicere

2164 3180 2337 3253 juxta
2365 3195 2747 3236 communem
2779 3178 3195 3251 ﬁgmentorum
3232 3176 3422 3250 legem
3454 3193 3523 3233 ac
3561 3175 3830 3234 modum.

2173 3293 2201 3320 α
2231 3270 2382 3326 Dicit
2407 3269 2712 3341 Scriptura
2757 3267 3072 3331 Pharaoni,
3112 3289 3138 3316 ››
3171 3271 3285 3322 etc.
3348 3267 3531 3338 Hujus
3589 3265 3835 3321 dilutio-

389 3357 569 3437 λέγει,
601 3355 707 3424 ὅτι,
739 3353 928 3436 φησὶν,
987 3353 1016 3409 6
1076 3351 1302 3427 Φαραὼ,
1365 3346 1456 3405 διὰ
1495 3350 1595 3418 τήν
1629 3347 1832 3404 οἰκείαν
1864 3346 2054 3402 κακίαν

2170 3376 2308 3417 nem
2342 3358 2590 3414 inferius
2622 3356 2822 3424 habet,
2855 3357 3063 3413 dicens
3093 3355 3253 3428 quod
3279 3356 3352 3412 ob
3387 3356 3690 3430 propriam
3715 3373 3837 3413 ma-

389 3446 586 3513 ἕπαθεν
671 3444 808 3519 ἅπερ
875 3440 1093 3514 ἔπαθεν,
1163 3441 1238 3503 ὡς
1304 3439 1401 3516 ὅγε
1457 3438 1587 3502 Θεὸς
1658 3444 1828 3494 σῶσαι
1894 3437 2056 3493 αὐτὸν

392 3535 580 3608 ἤθελε·
613 3539 908 3612 τοιγαροῦν
959 3531 1052 3589 καὶ
1101 3529 1496 3606 ὲμακροθύμει,
1549 3527 1736 3604 χώραν
1774 3528 1926 3601 αὐτῷ
1961 3547 2060 3601 με-

399 3627 615 3689 τανοίας
647 3623 794 3687 δούς.
832 3649 861 3678 ‹‹
894 3625 1012 3694 Τὴν
1055 3619 1285 3696 δύναμίν
1323 3640 1449 3695 μου.
1485 3642 1513 3669 ››
1561 3617 1799 3689 Δύναμις
1836 3619 1991 3685 Θεοῦ,
2023 3617 2058 3685 ὴ

415 3714 774 3788 μακροθυμία,
830 3711 922 3767 καὶ
974 3708 1204 3784 δύναμις
1261 3707 1514 3784 μεγίστη.
1553 3707 1648 3768 Τίς
1706 3706 1807 3782 γὰρ
1867 3705 1970 3760 οὐκ
2000 3702 2057 3758 ἂν

415 3798 726 3876 ἐκπλαγείη,
796 3804 1055 3857 τοσοῦτον
1135 3798 1666 3873 μακροθυμήσαντος
1723 3796 1824 3848 τοῦ
1882 3795 2060 3861 Θεοῦς

417 3889 591 3961 Φησῖν
623 3888 731 3961 οὖν,
776 3889 865 3946 ὅτι
918 3888 1014 3951 Εἰς
1046 3886 1208 3944 τοῦτό
1262 3906 1320 3942 σε
1371 3887 1771 3960 συγκεχώρηκα
1802 3877 2063 3959 βασιλεῖ’)-

407 4001 516 4055 σαι,
549 3979 698 4045 ὅπως
724 3985 878 4060 φανῶ
913 3977 1296 4054 μακρόθυμος.

474 4157 503 4187 ‹‹
531 4135 675 4208 Ἀρα
715 4133 806 4189 οὐν
839 4131 897 4189 δν
927 4128 1078 4197 θὲλει
1121 4127 1286 4196 ἐλεεῖ,
1324 4151 1350 4180 ››
1380 4126 1471 4182 καὶ
1500 4125 1568 4181 ti
1596 4125 1742 4197 ἑξῆς.
1775 4122 1880 4181 Τὸν
1915 4121 2061 4194 ἄξιον

397 4224 691 4293 ἰλεεῖσθαι,
736 4220 900 4293 ἐλεεῖ,
948 4222 1040 4278 τὸν
1090 4218 1149 4276 δὲ
1201 4216 1577 4293 σκληρὸν’καὶ
1625 4216 1844 4287 ἀπειθῆ,
1877 4212 2063 4284 σκλη-

395 4313 496 4388 ρὸν
529 4313 662 4369 εἶναι
695 4315 998 4387 συγχωρεῖ.
1031 4308 1110 4365 Οὐ
1143 4307 1248 4384 γὰρ
1305 4305 1534 4383 κρίσεως
1567 4305 1595 4360 6
1628 4304 1817 4380 παρὼν
1847 4304 2062 4379 καιρὸς,

390 4400 544 4459 ἀλλὰ
575 4400 864 4465 πολιτείας
893 4400 984 4456 καὶ
1016 4397 1523 4472 αὐτεξουσιότητος.
1574 4395 1652 4453 Τὸ
1683 4394 1786 4470 γὰρ
1818 4393 2066 4469 σκληρύ-

391 4513 498 4559 νει,
556 4491 675 4547 ἀντὶ
732 4496 852 4560 τοῦ,
913 4487 974 4562 ἐᾷ
1030 4488 1191 4544 αὐτὸν
1249 4485 1490 4560 σκληρὸν
1551 4484 1712 4553 εἶναι,
1759 4486 2066 4559 συγχωρῶν

393 4581 477 4645 εἷς
508 4587 572 4639 τὸ
598 4581 968 4653 αὐτεξούσιον.
1033 4601 1060 4631 α
1116 4579 1216 4636 ’Όν
1277 4573 1336 4632 δὲ
1389 4572 1536 4630 θέλει
1587 4571 1899 4648 σκληρύνει.
1935 4597 1964 4625 »
1995 4604 2068 4617 --

399 4673 814 4744 [ΓΡΠΓΟΡΙΟΥ
853 4670 1185 4742 ΝΥΣΣΗΣι]
1243 4666 1320 4725 Τὸ
1378 4663 1739 4740 ἐπληρῦνθαι
1789 4663 1934 4737 παρᾶ
1964 4666 2062 4718 τοῦ

402 4766 540 4816 Θεοῦ
569 4762 660 4816 τὸν
715 4760 1018 4839 Αίγύπτιον
1077 4757 1352 4834 τύραννον,
1395 4754 1506 4836 οὐχ
1563 4754 1639 4816 ὡς
1688 4753 1790 4820 τήν
1847 4751 2060 4808 ἀντιτυ-

402 4849 526 4906 πίαν
557 4849 608 4906 ἐν
632 4854 701 4925 τῇ
754 4854 909 4926 ψοχῇ
969 4847 1136 4905 αὐτοῦ
1189 4854 1290 4916 τῆς
1347 4846 1496 4910 θείας
1560 4840 1883 4919 βουλήσεως
1917 4841 2062 4899 ἐντι-

403 4939 585 5012 θείσης
645 4939 896 5010 νοητέον,
954 4936 1084 4995 ἀλλ’
1140 4937 1216 4999 ὡς
1268 4943 1370 5006 τῆς
1422 4929 1938 5010 προαιρέσεως,δια
1962 4939 2062 5002 τῆς

394 5031 536 5106 πρὸς
610 5031 710 5101 τὴν
778 5028 972 5085 κακίαν
1039 5025 1436 5104 προσκλίσεως,
1495 5023 1586 5081 τὸν
1651 5019 2066 5096 ἐκμαλασσοντα

392 5122 496 5191 τὴν
526 5119 839 5176 ἀντιτυπίαν
872 5117 1037 5194 λόγον
1070 5117 1134 5174 οὐ
1165 5114 1472 5197 δεχομένης
1519 5145 1586 5156 -
1615 5112 2063 5188 [ΒΑΣΙΛΕΙΟΥᾸ

396 5206 762 5280 Ἐσκλήουνεν
822 5209 851 5266 ὁ
907 5208 1038 5271 Θεὸς
1117 5206 1208 5263 τὸν
1292 5205 1518 5280 Φαραὼ,
1577 5205 1648 5276 τῇ
1710 5203 2066 5277 μακροθυμίᾳ

395 5299 493 5356 καὶ
547 5295 617 5376 τῇ
673 5307 774 5370 τῆς
822 5298 1095 5372 τιμωρίας
1148 5289 1421 5368 ἀναϐολῇ,
1455 5289 1737 5350 ἐπιτείνων
1765 5291 1933 5347 αὐτοῦ
1963 5293 2063 5362 τήν

398 5390 618 5459 κακίαν,
663 5389 757 5446 ἳνα
811 5387 889 5451 εἰς
943 5387 1035 5444 τὸν
1089 5382 1325 5468 ἔσχατον
1384 5381 1513 5459 ὅρον
1548 5380 1873 5456 αὐξηθείσης
1902 5379 2068 5438 αὐτοῦ

399 5483 504 5550 τῆς
533 5475 818 5556 πονηρίας,
848 5476 912 5534 τὸ
941 5472 1152 5534 δίκαιον
1205 5472 1291 5532 ἐπ’
1331 5469 1483 5546 αὐτῷ
1525 5472 1627 5548 τῇς
1657 5469 1806 5534 θείας
1837 5469 2068 5550 κρίσεως

403 5563 670 5648 διαφανῆ.

469 5720 646 5798 Ἐρεῖς
704 5717 799 5776 οὖν
859 5739 976 5793 μοι.
1037 5715 1103 5774 Τί
1158 5735 1240 5773 ετι
1295 5715 1612 5794 μὲμφεταις
1661 5715 1744 5786 τῷ
1796 5711 1898 5790 γὰρ
1933 5713 2067 5790 ﬂag,

399 5811 618 5888 λήματι
682 5810 846 5868 αὐτοῦ
910 5808 996 5874 τίς
1061 5804 1392 5881 avehat-nm;
1458 5806 1665 5882 Μενοῦν
1728 5817 1808 5882 γε,
1869 5801 1923 5860 ὦ
1972 5801 2094 5863 ἄν.-

2169 3451 2358 3508 litiam
2392 3464 2604 3521 passus
2645 3453 2733 3505 est
2759 3448 2985 3503 Pharao
3019 3463 3151 3520 quae
3178 3463 3390 3519 passus
3422 3453 3513 3502 est
3547 3451 3834 3518 tanquam

2172 3543 2326 3598 Deus
2359 3555 2502 3596 sane
2533 3539 2707 3594 illum
2748 3537 2974 3596 salvum
3024 3537 3219 3593 facere
3269 3536 3565 3594 voluerit:
3611 3536 3834 3593 idcirco

2172 3631 2345 3686 etiam
2362 3627 2669 3701 longanimi
2681 3634 2768 3683 ter
2782 3625 3224 3683 tolerabatdato
3239 3626 3667 3699 rcsipiscentiaa
3684 3625 3836 3684 loco.

2174 3742 2202 3770 «
2238 3719 2527 3774 Virtutem
2570 3733 2785 3784 mnam,
2821 3739 2849 3767 ››
2885 3717 2987 3771 Dei
3018 3715 3208 3772 virtus
3260 3714 3683 3788 longanimitas
3725 3720 3834 3780 est,

2174 3814 2232 3864 et
2261 3808 2443 3864 virtus
2479 3807 2755 3862 maxima.
2804 3805 2947 3872 Quis
2989 3805 3151 3861 enim
3201 3821 3322 3860 non
3355 3803 3708 3876 obtupescat
3735 3803 3838 3862 ubi

2173 3896 2741 3970 adeolonganimem
2765 3895 2918 3950 Deus
2943 3910 3072 3950 sese
3096 3891 3466 3967 praebuerit?
3491 3893 3643 3949 Dicit
3660 3909 3797 3965 ergo
3820 3908 3836 3948 :

2175 3989 2239 4044 in
2271 3987 2431 4043 hunc
2461 3986 2644 4042 tinem
2703 3983 2976 4058 permisit
3029 3989 3086 4039 te
3142 3997 3391 4056 regnare
3423 3989 3488 4039 ut
3517 3997 3840 4057 appaream

2173 4074 2559 4150 longanimis.

2246 4166 2391 4222 88l
2434 4187 2464 4215 ‹‹
2499 4169 2702 4236 Itaque
2734 4164 2907 4234 cujus
2938 4163 3065 4222 vult
3095 4161 3434 4220 miseretur.
3475 4183 3502 4212 »
3537 4160 3854 4220 etc.llliusr

2176 4257 2494 4313 miseretur
2525 4255 2627 4329 qui
2662 4255 3047 4311 miseratione
3070 4253 3286 4326 dignus
3318 4257 3408 4309 est
3442 4269 3456 4308 :
3483 4251 3696 4309 durum
3733 4268 3843 4316 aus

2176 4353 2298 4404 tem
2333 4353 2391 4402 et
2420 4351 2857 4406 contumacem.
2893 4345 3110 4401 durum
3143 4360 3275 4400 esse
3303 4343 3618 4416 permittit.
3641 4344 3842 4414 Neque

2177 4438 2338 4495 enim
2354 4437 2568 4508 judicii
2593 4453 2858 4509 praesens
2887 4442 3120 4507 tempus
3139 4441 3248 4499 est,
3270 4433 3374 4490 sed
3405 4433 3597 4492 civilis
3617 4434 3840 4508 politian

2175 4543 2244 4584 ac
2268 4527 2562 4583 libertatis
2585 4526 3092 4584 arbitrii.Obdurat
3113 4531 3338 4589 autem,
3370 4524 3481 4581 hoc
3505 4524 3842 4593 est,durum

2177 4633 2306 4673 esse
2326 4616 2848 4688 sinit.permittens
2870 4615 2944 4670 ad
2968 4613 3198 4670 arbitrii
3219 4614 3576 4669 libertatem.
3604 4637 3624 4662 ι
3652 4614 3840 4680 Quem

2089 4711 2372 4790 Dantem
2419 4706 2544 4761 vult
2599 4705 2932 4760 obdurat.»
2989 4735 3058 4746 —-
3112 4705 3452 4776 Tyrannum
3504 4704 3838 4776 Aigyptium

2175 4795 2322 4852 adeo
2345 4794 2530 4850 fuisse
2548 4793 2929 4858 obduratum,
2953 4810 3075 4848 non
3097 4798 3189 4849 est
3209 4790 3663 4866 intelligendum
3679 4792 3840 4864 quod

2176 4883 2374 4941 divino
2406 4883 2660 4940 consilio
2685 4883 2748 4938 in
2777 4884 2907 4955 ejus
2929 4882 3191 4939 animam
3217 4881 3412 4955 posita
3442 4880 3519 4938 sit
3546 4879 3834 4939 durities:

2178 4976 2281 5034 sed
2313 4975 2473 5048 quod
2517 4974 2790 5032 voluntas
2820 4974 2896 5031 ob
2953 4973 3407 5030 inclinationem
3451 4970 3528 5029 ad
3586 4971 3836 5042 malum,

2176 5082 2300 5123 non
2333 5065 2663 5138 susceperit
2692 5080 3029 5121 sermonem
3061 5063 3162 5136 qui
3194 5061 3477 5120 duritiem
3519 5061 3838 5120 emolliret.

2179 5185 2245 5198 —-
2276 5154 2599 5212 Obduravit
2629 5155 2782 5210 Deus
2828 5153 3221 5220 Pharaonem,
3282 5151 3735 5225 longanimitate
3767 5165 3837 5208 ac

2179 5246 2458 5320 supplicii
2518 5245 2863 5302 detentione
2921 5259 3145 5318 augens
3197 5242 3362 5301 illius
3413 5241 3728 5306 malitiam.
3769 5245 3836 5299 ut

2178 5335 2432 5396 adaucta
2455 5335 2518 5393 in
2537 5341 2883 5401 extremum
2896 5349 3086 5408 usque
3104 5333 3430 5394 terminum
3458 5333 3624 5393 illius
3641 5331 3831 5407 pravi-

2178 5431 2320 5498 tate,
2343 5425 3134 5503 juslitiadivinijudictiin
3147 5425 3694 5502 ,ipsmappueag

2251 5721 2348 5791 IX,
2375 5723 2557 5780 19-21.
2581 5743 2613 5772 «
2635 5723 2806 5780 Dices
2832 5737 2972 5796 ergo
2996 5721 3142 5781 mihi
3169 5737 3182 5777 :
3206 5719 3359 5789 Quid
3388 5719 3584 5779 adhuc
3630 5712 3854 5791 querio-

2178 5817 2275 5870 tur
2287 5810 2318 5869 τ
2329 5811 2622 5872 voluntati
2645 5813 2806 5871 enim
2819 5811 2950 5885 ejus
2965 5811 3099 5887 quis
3115 5809 3357 5868 restitit?
3376 5807 3616 5882 Atqui,0
3631 5806 3850 5874 homo,
