4114 6392
326 438 444 500 515

1446 430 1857 493 CECUMENII
1900 429 2209 494 TRIGCJE
2251 432 2606 497 EPISCOPI

3627 436 3750 500 516

325 576 427 626 «ιιι
441 570 572 642 quis
586 584 647 624 es
662 567 762 640 qui
782 583 852 623 ex
863 565 1107 623 adverso
1126 564 1490 639 respondeas
1504 564 1653 622 Deo?
1666 562 1925 621 .‘lumdice

2040 573 2284 640 -θρωπει
2352 567 2415 622 σδ
2480 566 2565 633 τίς
2632 569 2685 625 εἶ
2747 568 2775 624 6
2842 567 3374 646 ἀνταποκρινόμενος
3452 574 3534 643 τῷ
3595 572 3739 644 θεῷ⁹

314 682 343 712 ››
375 661 725 733 ﬁgmentum
744 658 797 714 ei
822 658 922 730 qui
944 675 1005 714 se
1032 657 1222 713 ﬁnxit:
1243 657 1394 724 Quid
1416 674 1510 714 me
1533 658 1616 713 ita
1637 655 1826 714 fecisti
1843 656 1970 712 ?An

2083 654 2176 726 Μὴ
2237 654 2351 732 ἐρεῖ
2403 657 2466 713 τὸ
2528 656 2760 732 πλάσμα
2815 664 2895 732 τῷ
2950 657 3238 716 πλάσαντι·
3270 660 3332 716 Τί
3366 681 3434 734 με
3477 658 3740 733 ἐποίησας

317 772 346 800 ‹‹
376 748 1053 820 nonhabetpotestatem
1071 746 1492 820 ﬁguluslutiex
1526 746 1734 803 eadem
1771 762 1925 801 mass

2081 743 2297 810 οὕτως;
2363 747 2432 805 Ἢ
2512 746 2610 803 οὐκ
2683 743 2803 829 ἔχει
2895 749 3137 822 ἐξουσίαν
3205 751 3234 805 6
3302 749 3570 827 κεραμεὺς
3643 754 3742 806 τοῦ

315 862 343 889 ‹‹
376 840 591 905 facere,
616 839 781 895 aliud
801 838 1043 911 quidem
1071 855 1170 895 vas
1202 839 1264 895 in
1294 838 1606 908 honorem,
1638 837 1802 894 aliud
1831 854 1965 893 vero

326 951 357 981 «
387 930 449 987 in
478 928 870 1001 ignominiam
905 928 934 984 ?
965 951 993 979 »

383 1021 685 1092 Tanquam
720 1036 789 1075 ex
820 1019 1212 1090 consequenti
1243 1018 1512 1075 fortassis
1544 1017 1708 1074 dices
1746 1034 1759 1073 :
1813 1018 1964 1084 Quid

310 1125 447 1183 ergo
480 1108 778 1182 reliquum
810 1113 901 1164 est
921 1108 1078 1179 apud
1100 1124 1209 1163 nos
1238 1106 1267 1163 ‘2
1296 1108 1369 1164 Ut
1389 1107 1679 1180 quidjam
1706 1123 1963 1179 conque-

305 1199 460 1257 ritur
490 1203 547 1255 et
578 1198 804 1272 punit‘!
833 1199 976 1254 Nam
1009 1198 1142 1270 quis
1173 1198 1398 1254 resistit
1431 1198 1561 1267 ejus
1610 1196 1861 1253 consilio
1894 1214 1960 1253 ac

305 1287 647 1345 voluntati?
676 1286 898 1344 Deinde
941 1304 1007 1343 os
1038 1287 1160 1342 illis
1193 1288 1432 1343 obturat
1470 1287 1571 1360 qui
1604 1293 1819 1343 cuncta
1861 1286 1959 1342 Dei

304 1396 487 1454 opera
503 1378 1110 1451 voluntinquirere,et
1133 1394 1339 1434 eorum
1367 1384 1525 1434 certe
1550 1377 1812 1434 rationes
1825 1395 1957 1450 quae

305 1469 433 1543 ipse
464 1469 606 1526 facit
633 1484 1011 1543 cognoscere.
1044 1467 1129 1524 Ob
1172 1484 1260 1536 ea,
1293 1468 1508 1540 inquit,
1566 1485 1697 1541 quas
1752 1467 1953 1535 discis,

305 1559 525 1633 gratias
556 1557 729 1626 habe,
762 1563 1007 1631 propter
1046 1557 1151 1613 illa
1171 1574 1306 1613 vero
1332 1574 1463 1629 quas
1491 1557 1728 1633 ignoras
1760 1574 1834 1614 ne
1866 1557 1957 1613 di-

309 1648 537 1716 scieris,
570 1664 765 1721 neque
794 1648 1071 1720 exquiras
1101 1653 1203 1704 aut
1234 1648 1466 1704 curiose
1499 1646 1802 1715 scruteris,
1825 1663 1955 1703 cer-

308 1738 539 1794 tissime
586 1753 951 1810 cognoscens
1008 1736 1169 1808 quod
1190 1737 1354 1809 juste
1411 1742 1692 1809 rectaque
1726 1736 1952 1793 ratione

303 1826 608 1901 procedat,
643 1842 986 1898 quanquam
1021 1833 1083 1882 tu
1114 1842 1355 1882 causam
1386 1826 1721 1899 ignores.Et
1751 1842 1949 1898 quan-

2077 835 2284 904 πηλοῦ,
2362 837 2423 894 ἐκ
2493 844 2593 895 τοῦ
2669 840 2836 897 αὐτοῦ
2937 843 3258 922 φυράματος
3345 849 3601 913 ποιῆσαι,
3674 842 3737 898 τὸ

2077 924 2172 997 μὲν
2203 926 2281 991 εἷς
2308 929 2477 1000 τιμὴν
2507 933 2716 1001 σκεῦος,
2750 931 2813 987 τὸ
2842 927 2899 987 δὶ
2930 931 3009 993 είς
3037 931 3261 1006 ἀτιμίαν
3289 951 3303 1002 ;

2143 1014 2234 1076 Ὠς
2267 1015 2315 1086 ἐξ
2348 1014 2678 1083 ἀκολουθίας
2722 1016 2856 1085 ἴσως
2910 1018 3078 1094 ἐρεῖς-
3137 1020 3202 1077 Τί
3259 1019 3353 1077 οὖν
3383 1020 3579 1077 λοιπὸν
3609 1023 3742 1097 παρ’

2072 1105 2220 1176 ἡμᾶς
2247 1124 2261 1172 ;
2293 1104 2354 1160 Τί
2382 1103 2465 1163 ’ἐτι
2520 1106 2787 1188 μέμφεται
2845 1109 2939 1165 καὶ
2996 1107 3219 1180 κολάζει
3248 1128 3263 1180 ;
3307 1110 3400 1174 Τίς
3430 1111 3535 1189 γὰρ
3566 1110 3734 1167 αὐτοῦ

2071 1193 2384 1257 ἀνθίσταται
2441 1199 2510 1270 τῇ
2571 1195 2752 1272 βουλῇ
2806 1199 2897 1255 καὶ
2953 1204 3033 1272 τῷ
3092 1200 3406 1274 θελήματι;
3442 1201 3578 1258 Εἶτα
3609 1200 3734 1257 ἑπι-

2070 1282 2315 1356 στομίζει
2348 1285 2474 1347 τοὺς
2506 1287 2712 1349 πάντας
2744 1285 3003 1351 θέλοντας
3056 1294 3243 1362 μαθεῖν
3273 1288 3307 1345 ἃ
3335 1294 3484 1345 ποιεῖ
3514 1290 3542 1345 6
3575 1290 3731 1360 Θεὸς,

2068 1371 2316 1434 καὶτοὺς
2350 1370 2549 1450 λόγους
2597 1374 2771 1431 αὐτῶν
2832 1377 2997 1452 ἤγουν
3054 1382 3162 1434 τῶν
3224 1380 3559 1456 πραγμάτων
3588 1376 3734 1436 είδὲ-

2066 1481 2173 1518 ναι.
2228 1463 2386 1539 Ὑπὶρ
2444 1464 2550 1538 γὰρ
2609 1465 2683 1520 ὧν
2745 1468 3053 1541 μαρθάνεις,
3116 1468 3304 1550 φησὶν,
3390 1470 3555 1547 χάριν
3610 1468 3728 1546 ἔχε·

2068 1550 2201 1625 ὑπὲρ
2279 1553 2353 1607 ῶν
2428 1552 2666 1630 ἀγνοεῖς,
2749 1557 2824 1630 μή
2905 1554 3248 1634 δυσχίραινε,
3338 1559 3414 1632 μή
3494 1558 3729 1631 ἐξέταζε,

2068 1639 2145 1711 μή
2249 1637 2733 1719 πολυπραγμόνει,
2836 1645 3152 1722 γινώσκων,
3251 1642 3729 1725 πληροφορούμε-

2062 1748 2181 1798 νος,
2223 1728 2309 1785 ὅτι
2349 1727 2576 1795 δικαίως
2634 1732 2725 1787 καὶ
2782 1733 2919 1789 κατὰ
2976 1735 3137 1809 ὀρθὸν
3195 1733 3361 1814 λόγον
3416 1731 3724 1813 προϐαίνει,

2061 1815 2157 1872 κᾶν
2187 1817 2249 1874 σὺ
2278 1819 2406 1883 τοὺς
2447 1818 2652 1897 λόγους
2680 1822 2900 1899 ἀγνοῆς.
2938 1824 3038 1879 Καὶ
3089 1821 3277 1897 ἐπειδὴ
3312 1823 3489 1888 οὕτως
3518 1820 3628 1883 ἔχει
3661 1826 3728 1883 τὸ

304 1916 626 1989 doquidem
658 1916 873 1971 veritas
905 1916 985 1971 ita
1010 1932 1072 1971 se
1104 1915 1302 1984 habet,
1338 1921 1399 1972 tu
1422 1916 1555 1988 quis
1586 1932 1718 1982 es,o
1749 1916 1925 1972 homo

2060 1906 2284 2004 ἀληθὲς,
2318 1931 2346 1960 ››
2386 1911 2459 1965 Σὺ
2509 1911 2594 1973 τίς
2643 1913 2709 1981 εἴ,
2762 1911 2809 1967 ὦ
2858 1911 3134 1989 ἄνθρωπε,
3168 1914 3723 1992 ἀνταποκρινόμενος,

298 2008 401 2079 qui
432 2023 502 2063 ex
533 2006 777 2063 adverso
814 2006 930 2061 Deo
962 2005 1285 2078 respondes
1317 2004 1345 2060 ?
1378 2006 1493 2061 hoc
1520 2010 1627 2074 est,
1653 2023 1947 2080 repugnas

296 2113 364 2154 ac
389 2095 656 2153 discutis.
690 2096 761 2151 Et
790 2094 941 2151 bene
996 2096 1081 2151 ait
1112 2111 1125 2149 :
1160 2116 1189 2144 «
1221 2096 1302 2151 Tu
1361 2095 1495 2168 quis
1527 2111 1590 2151 es
1629 2098 1653 2151 Ρ
1683 2117 1711 2145 ››
1743 2101 1943 2153 utrum

291 2185 403 2258 ipsi
419 2185 616 2241 socius
646 2200 709 2240 es
734 2185 795 2238 in
827 2183 1297 2256 principatu?an
1318 2183 1503 2256 judex
1518 2184 1814 2257 quispiam
1834 2201 1897 2242 es
1918 2185 1947 2241 ?

288 2296 318 2325 ‹‹
349 2277 498 2331 Num
531 2273 687 2330 dicet
716 2273 1087 2347 ﬁgmentum.
1125 2298 1146 2325 ι
1185 2274 1311 2329 Non
1369 2273 1497 2330 haec
1544 2274 1689 2330 dicit
1720 2275 1937 2333 tollens

290 2364 521 2421 arbitrii
556 2363 916 2429 libertatem,
953 2363 1202 2419 minime
1248 2365 1536 2436 gentium,
1583 2364 1687 2420 sed
1738 2370 1938 2422 osten-

288 2453 437 2511 dens
459 2452 617 2526 quod
642 2453 918 2509 omnibus
941 2453 1134 2508 modis
1159 2453 1275 2508 Deo
1310 2452 1722 2526 obtemperare
1762 2472 1940 2528 opor-

288 2548 428 2610 teat,
486 2557 827 2615 quanquam
886 2557 1092 2597 eorum
1124 2558 1255 2614 quae
1287 2542 1440 2598 ﬁunt
1479 2543 1743 2599 rationes
1776 2545 1938 2618 igno-

288 2648 530 2688 remus:
573 2631 729 2702 quod
758 2630 817 2686 in
860 2630 1131 2704 petendis
1162 2637 1265 2688 aut
1294 2648 1416 2688 non
1447 2633 1720 2704 petendis
1751 2650 1785 2688 a
1818 2633 1933 2690 Deo

285 2720 623 2778 rationibus
650 2737 977 2792 eorumque
996 2721 1534 2792 contingunt,332
1553 2721 1932 2779 obedientem

286 2828 417 2868 esse
439 2811 714 2867 convenit
732 2811 1240 2883 quemadmodum
1257 2811 1448 2867 lutum
1472 2817 1562 2868 est
1583 2812 1781 2886 ﬁgulo.
1797 2834 1825 2862 ‹‹
1843 2816 1933 2869 An

284 2917 406 2958 non
432 2900 611 2958 habet
634 2906 989 2974 potestatem
1020 2900 1235 2973 ﬁgulus
1266 2900 1398 2959 luti.
1433 2922 1461 2952 »
1482 2901 1689 2966 Habet,
1712 2902 1929 2974 inquit,

284 2997 641 3065 potestatem
674 2992 849 3059 Deus,
880 2992 982 3062 qui
1024 2992 1243 3047 excitat
1265 2996 1550 3059 mortuos,
1582 2997 1643 3047 ut
1667 2992 1774 3049 hos
1805 2995 1929 3066 qui-

282 3082 420 3139 dem
449 3082 524 3139 ad
555 3081 806 3155 gloriam
838 3081 1216 3145 excitet,illos
1238 3097 1374 3138 vero
1397 3082 1469 3138 ad
1487 3082 1924 3155 confusionem,

277 3173 452 3245 juxta
476 3170 926 3244 congruentiam
950 3187 1156 3227 eorum
1190 3187 1321 3244 quae
1336 3171 1407 3228 ab
1429 3188 1791 3246 unoquoque
1819 3173 1926 3230 ho-

2060 1993 2359 2068 τουτέστιν,
2391 2000 2419 2054 6
2450 1999 2905 2074 ἀντιτασσόμενος
2958 2003 3048 2058 καὶ
3108 2002 3380 2081 ὲρευνῶνς
3440 2006 3619 2061 Καλὸν
3669 2002 3730 2062 δί

2057 2085 2142 2157 τὸ,
2179 2110 2200 2137 ι
2239 2086 2314 2141 Σὺ
2343 2086 2426 2151 τίς
2457 2089 2545 2158 εἷς
2584 2111 2612 2141 ››
2646 2091 2937 2162 Κοινωνὸς,
2972 2093 3163 2171 φησὶν,
3196 2093 3250 2149 εἴ
3273 2101 3377 2165 τῆς
3408 2093 3592 2175 ἀρχῆς
3620 2094 3723 2150 αὖ-

2053 2180 2175 2248 τῷ;
2225 2175 2372 2234 ἀλλὰ
2416 2181 2612 2254 κριτής
2668 2202 2755 2244 τις
2806 2181 2896 2251 el;
2950 2207 2977 2235 ‹‹
3011 2186 3099 2255 Μὴ
3136 2183 3249 2257 ἐρεῖ
3276 2184 3339 2241 τὸ
3380 2183 3656 2260 πλάσμας
3691 2209 3722 2238 ››

2053 2265 2132 2324 Οὖ
2163 2267 2224 2323 τὸ
2254 2268 2595 2340 αὖτεξουσίον
2622 2268 2856 2346 ἀναιρῶν
2918 2271 3066 2350 λέγει
3096 2277 3286 2342 ταῦτα,
3318 2273 3497 2354 ἄπαγε
3524 2277 3537 2334 l
3571 2274 3722 2333 ἀλλὰ

2053 2352 2262 2420 δεικνὺς
2320 2358 2393 2421 ὡς
2453 2365 2582 2415 πᾶσι
2641 2362 2868 2437 τρόποις
2929 2365 3040 2439 χρὴ
3102 2363 3377 2429 πείθεσθαι
3571 2370 3715 2438 Θεῷ.

2049 2444 2145 2501 κᾶν
2204 2447 2489 2523 ἀγνοῶμεν
2550 2450 2675 2513 τοὺς
2728 2449 2928 2529 λόγους
2979 2457 3089 2510 τῶν
3147 2455 3474 2532 γινομένων,
3530 2454 3607 2515 ὡς
3661 2454 3719 2511 ἐν

2048 2541 2128 2609 τῷ
2158 2558 2219 2614 γε
2270 2538 2514 2595 ἀπαιτεῖν
2572 2545 2683 2597 τῶν
2736 2542 3037 2620 γινομένων
3092 2543 3310 2608 εὐθύνας
3364 2546 3457 2602 τὸν
3513 2546 3643 2603 Θεὸν
3673 2543 3709 2616 ἤ

2054 2628 2128 2700 μή
2170 2627 2439 2699 ἀπαιτεῖν,
2500 2633 2788 2687 πεπεῖσθαι
2845 2636 3135 2708 προσήκει,
3194 2634 3492 2711 καθάπερὸ
3525 2633 3713 2706 πηλὸς

2046 2721 2126 2789 τῷ
2155 2724 2403 2791 κεραμεῖ.
2437 2742 2467 2771 ‹‹
2499 2720 2569 2777 Ἥ
2602 2719 2703 2777 οὐκ
2756 2718 2897 2802 ἔχει,
2932 2721 3174 2795 ἐξουσίαν
3203 2744 3216 2794 ;
3250 2747 3278 2777 ››
3313 2726 3493 2801 Ἔχει,
3526 2725 3712 2805 φησὶν,

2044 2805 2290 2877 ἐξουσίαν
2339 2808 2367 2862 6
2422 2808 2551 2872 Θεὸς
2612 2810 2640 2864 6
2698 2808 2927 2887 ἐγείρων
2981 2811 3112 2877 τοὺς
3169 2812 3413 2890 νεκροὺς,
3451 2814 3579 2877 τοὺς
3612 2815 3712 2889 μὶν

2042 2894 2120 2952 εἷς
2174 2892 2348 2969 δόξαν,
2407 2898 2535 2962 τοὺς
2592 2896 2651 2955 δὶ
2705 2899 2784 2963 είς
2841 2900 3110 2979 αἰσχύνην
3168 2901 3393 2979 ἐγεῖραι,
3441 2905 3578 2960 κατὰ
3608 2906 3711 2975 τὴν

2040 2985 2334 3061 ἀναλογίαν
2368 2991 2477 3043 τῶν
2507 2988 2717 3063 ἑκάστῳ
2774 2989 3048 3068 ἀνθρώπῳ
3100 2987 3479 3070 βεϐιωμένων.
3510 2993 3705 3059 Οὕτως

2041 3079 2069 3134 6
2103 3078 2155 3135 ἐν
2186 3081 2365 3156 ἁγίοις
2398 3078 2666 3147 Μεθόδιος
2711 3084 2763 3140 ἐν
2823 3089 2906 3159 τῷ
2959 3086 3086 3161 Περὶ
3147 3085 3491 3149 ἀναστάσεως
3524 3086 3702 3163 λόγῳ.

2041 3189 2067 3217 α
2104 3168 2172 3225 Ὀ
2216 3168 2310 3241 μὲν
2359 3168 2434 3232 εἷς
2502 3173 2671 3244 τιμὴν
2741 3176 2960 3241 σκεῠοσ,
3027 3173 3058 3228 6'
3123 3170 3182 3229 δὲ
3246 3172 3324 3235 εἷς
3390 3173 3636 3249 ἀτιμίαν.
3674 3200 3703 3227 ››

280 3263 443 3319 mine
473 3267 604 3318 acta
633 3266 774 3317 sunt
804 3261 865 3316 in
898 3259 1032 3316 vita.
1065 3261 1147 3317 lta
1168 3260 1349 3317 habet
1378 3261 1546 3318 divus
1569 3263 1921 3333 Methodius,

2040 3255 2153 3325 Οὐκ
2202 3256 2391 3330 ἐπειδὴ
2446 3259 2575 3322 τοὺς
2632 3260 2726 3334 μὶν
2778 3260 3036 3337 ἀγαθοὺς,
3066 3261 3195 3326 τοὺς
3228 3259 3286 3320 δὶ
3316 3263 3382 3320 οὔ
3412 3263 3703 3331 τοιούτους

2040 3348 2229 3370 __,-‘_'Z
2270 3349 2393 3370 n,\,
2485 3346 2510 3370 Ἃ
2685 3351 2697 3370 Ι
2761 3348 2890 3370 9“!
3008 3351 3023 3370 9
3114 3351 3126 3370 Ι
3236 3354 3251 3370 \
3379 3352 3394 3370 ι
3503 3357 3528 3370 υ
3567 3361 3597 3370 μ
3668 3360 3697 3370 -

277 3350 432 3407 libro
456 3351 531 3407 De
550 3352 967 3406 resurrectione.
997 3371 1025 3399 ι(
1058 3348 1225 3406 Aliud
1249 3350 1491 3423 quidem
1509 3351 1688 3407 vasin
1732 3351 1917 3410 hono-

274 3456 424 3507 rem,
456 3437 620 3495 aliud
651 3453 787 3495 vero
810 3438 872 3494 in
903 3438 1314 3511 ignominiam.
1372 3461 1400 3490 ››
1436 3441 1562 3496 Non
1621 3441 1780 3513 quod
1809 3442 1918 3500 hos

274 3529 521 3604 quidem
550 3527 759 3593 bonos,
793 3526 942 3583 alios
973 3544 1109 3583 vero
1143 3527 1333 3584 malos
1376 3528 1556 3585 faciat
1605 3531 1775 3588 Deus.
1802 3534 1913 3589 Ne~

273 3634 596 3691 quaquam.
622 3615 724 3674 sed
756 3622 971 3673 cuncta
994 3616 1094 3672 Dei
1127 3632 1311 3689 opera
1339 3616 1496 3675 bona
1523 3623 1746 3684 sunt,et
1762 3623 1921 3694 quod

270 3707 345 3767 ad
378 3723 440 3764 se
474 3707 709 3768 attinet.
758 3706 872 3762 hoc
910 3711 1022 3766 est.
1048 3706 1222 3778 juxta
1279 3724 1451 3764 suum
1512 3709 1698 3782 ipsius
1732 3710 1919 3767 consi-

269 3797 419 3857 lium
451 3813 519 3854 ac
543 3796 928 3863 voluntatem,
982 3811 1192 3852 omnes
1246 3796 1429 3853 vellet
1484 3798 1702 3870 probos
1763 3817 1913 3871 esse,

266 3886 565 3945 studiosos
596 3903 663 3943 ac
694 3886 901 3942 ﬁdeles
937 3903 950 3941 :
985 3885 1089 3942 sed
1118 3886 1297 3943 veluti
1329 3904 1399 3944 ex
1425 3893 1716 3960 potestate
1734 3908 1913 3963 quam

264 3976 445 4034 habet
501 3976 655 4032 Deus
682 3981 750 4033 ut
799 3975 980 4032 faciat
1021 3991 1154 4047 quea
1210 3975 1483 4042 voluerit,
1510 3977 1621 4033 hoc
1677 3978 1751 4034 ab
1782 3981 1910 4052 ipso

259 4066 489 4123 dictum
520 4070 627 4121 est.
670 4063 925 4120 Pulchre
986 4069 1188 4120 autem
1241 4081 1309 4121 ac
1368 4064 1651 4122 decenter
1708 4070 1911 4125 omnia

254 4156 421 4225 facit,
479 4168 824 4226 quanquam
880 4169 992 4208 nos
1036 4169 1246 4210 causas
1285 4154 1647 4226 ignoremus,
1701 4162 1760 4213 et
1785 4159 1903 4216 ait:

255 4242 771 4312 Quemadmodum
825 4242 1041 4314 ﬁgulus
1097 4241 1255 4313 quod
1304 4242 1429 4299 vult
1475 4243 1634 4315 facit,
1677 4246 1902 4306 lutum-

258 4350 373 4407 que
404 4333 559 4390 nihil
590 4330 944 4389 contradicit
972 4337 1076 4388 aut
1105 4332 1439 4388 sciscitatur
1466 4350 1480 4389 :
1514 4334 1596 4390 ita
1624 4353 1819 4410 neque
1842 4346 1903 4399 tu

2029 3348 2236 3403 ποιεῖὸ
2268 3349 2421 3419 Θεὸς,
2480 3346 2697 3425 ἅπαγεί
2749 3348 2901 3408 ἀλλὰ
2954 3351 3132 3410 πάντά
3195 3354 3291 3427 μὶν
3339 3352 3406 3411 τὰ
3434 3357 3532 3410 τοῦ
3561 3360 3700 3412 Θεοῦ

2027 3439 2267 3519 χρηστὰ,
2299 3441 2435 3516 πρὸς
2462 3442 2668 3505 πάντας
2724 3439 2900 3511 κοίνά,
2957 3443 3050 3500 καὶ
3110 3442 3175 3501 τὸ
3223 3465 3287 3523 γε
3321 3446 3457 3516 ἧκον
3491 3445 3568 3510 εἷς
3598 3446 3699 3503 a6-

2025 3529 2140 3599 τὸν,
2170 3528 2417 3586 τουτέστι
2466 3530 2604 3589 κατὰ
2659 3532 2760 3603 τήν
2820 3532 3016 3590 ἑαυτοῦ
3077 3534 3288 3612 βουλὴν
3321 3534 3414 3592 καῖ
3446 3535 3693 3610 θελησιν,

2029 3613 2293 3675 ἐϐούλετο
2360 3619 2558 3683 πάντας
2644 3620 2981 3697 εὐδοκιμεῖν,
3046 3625 3136 3680 καὶ
3205 3623 3485 3700 ἐναρέτους
3556 3627 3692 3684 εἶναι

2027 3710 2117 3766 καὶ
2170 3711 2417 3775 πιστοῦς.
2478 3710 2643 3769 Ἀλλ’
2691 3713 2766 3778 ὡς
2814 3715 2951 3790 πρὸς
2992 3714 3092 3783 τήν
3137 3714 3377 3787 ἐξουσίαν
3409 3716 3476 3789 ἢν
3509 3712 3629 3794 ἔχει
3660 3718 3689 3775 6

2024 3801 2154 3864 Θεὸς
2186 3806 2361 3857 ποιεῖν
2397 3800 2430 3858 ἃ
2461 3800 2743 3879 βούλεται,
2803 3807 2970 3860 τοῦτο
3003 3805 3153 3878 αὐτῷ
3183 3803 3417 3881 εἴρηται.
3458 3808 3688 3878 Ηάντω;

2025 3895 2084 3954 δὲ
2112 3899 2299 3962 καλῶς
2326 3900 2418 3956 καὶ
2450 3900 2771 3977 πρεπόντως
2800 3907 2973 3974 ποιεῖ,
3002 3902 3099 3959 κᾶν
3129 3905 3294 3980 ἡμεῖς
3324 3903 3453 3969 τοὺς
3483 3903 3687 3983 λόγους

2021 3986 2329 4064 ἀγνοῶμεν,
2359 3991 2452 4046 καὶ
2484 4012 2671 4065 φησιν.
2704 3993 2906 4067 Ὥσπερ
2934 3993 2964 4050 6
2990 3991 3257 4070 κεραμεὺς
3281 3992 3313 4050 6'
3338 3992 3484 4058 θὲλει
3515 3998 3679 4065 ποιεῖ,

2016 4076 2106 4133 καὶ
2141 4079 2170 4133 6
2200 4077 2379 4146 πηλὸς
2431 4077 2582 4136 οὐδὲν
2611 4080 2888 4158 ἀντιλέγει
2946 4082 2982 4153 ἢ
3042 4082 3468 4161 περιεργάζεται·
3497 4081 3673 4144 οὕτως

2020 4164 2161 4241 μηδὲ
2192 4169 2276 4239 σὺ,
2310 4169 2465 4247 φησὶ,
2497 4173 2879 4248 περιεργάζου,
3016 4172 3221 4249 ἀγνοῶν
3271 4170 3608 4250 δυσχίραινε,
3643 4170 3675 4229 ἃ

2014 4254 2074 4312 ἄν
2105 4257 2133 4312 6
2166 4257 2295 4321 Θεός
2328 4279 2386 4315 σε
2412 4260 2624 4335 ἀγνοεῖν
2687 4258 2983 4336 βούληται.
3037 4263 3142 4321 Καὶ
3196 4262 3388 4339 ἄγνοιά
3423 4283 3509 4319 σοι
3537 4261 3675 4318 πάν-

2010 4366 2118 4411 τως
2150 4347 2431 4427 συμιρέρεν
2465 4347 2502 4420 ἤ
2534 4350 2637 4429 γὰρ
2696 4348 2755 4406 ἃν
2811 4348 3108 4429 ἐδιδάχθης
3153 4353 3229 4417 εἰς
3263 4350 3296 4408 ἃ
3326 4351 3427 4408 οὐκ
3455 4348 3680 4427 ἔμαθες.

258 4424 496 4519 curiose
518 4423 802 4519 scruteri-s
840 4427 943 4479 aut
970 4422 1338 4519 discutieris-
1360 4423 1520 4495 quod
1551 4425 1656 4483 illa
1686 4428 1921 4501 ignores
1951 4453 2083 4510 quas
2116 4422 2285 4497 Deus-
2305 4446 2357 4498 te
2390 4422 2643 4500 voluerit
2695 4422 3007 4518 ignorare.
3051 4422 3285 4501 Etenim
3341 4422 3684 4519 ignorantia

256 4512 643 4605 tihiomnino
672 4512 1003 4605 utilisest—z
1026 4510 1249 4605 alioqui
1271 4512 1517 4569 edoctus
1539 4530 1703 4605 esses
1725 4520 1783 4576 in
1808 4521 1900 4581 his
1933 4543 2065 4600 quas
2099 4545 2213 4585 non
2249 4529 2637 4605 intelligeres.

323 4603 419 4671 IX,
451 4603 635 4659 22-24.
666 4626 687 4651 ι
706 4601 873 4669 Quod
899 4601 945 4656 si
969 4602 1124 4658 Deus
1145 4601 1347 4658 volens
1371 4604 1687 4662 ostendere
1718 4609 1888 4681 iram,

2075 4616 2139 4674 Et
2215 4613 2273 4673 δι
2348 4601 2522 4682 θέλων
2596 4619 2625 4675 δ
2701 4619 2831 4683 Θεὸς
2903 4615 3235 4693 ἐνδείξασθαι
3300 4621 3402 4692 τὴν
3469 4620 3674 4698 ὀργήν,

254 4716 275 4743 ι
298 4698 357 4749 et
369 4699 570 4750 notam
587 4692 782 4751 facere
797 4692 1118 4766 potentiam
1130 4707 1318 4755 suam,
1344 4692 1681 4752 tulitmulta
1698 4697 1901 4775 longa—

250 4804 280 4836 α
305 4783 577 4841 nimitate
593 4799 731 4840 vasa
751 4781 854 4838 iras
875 4785 1161 4855 apparata
1179 4780 1242 4836 in
1262 4779 1567 4840 interitum
1591 4804 1605 4854 ;
1627 4792 1686 4842 et
1706 4794 1774 4844 ut
1788 4807 1895 4848 no-

251 4893 282 4924 ‹‹
300 4879 403 4931 ωε
418 4873 884 4930 faceretdivitias
896 4871 1098 4946 gloriae
1113 4888 1234 4927 suae
1247 4871 1307 4927 in
1320 4888 1457 4928 vasa
1470 4874 1896 4937 misericordia

249 4984 278 5014 «
315 4979 446 5034 qum
478 4963 829 5036 praeparavit
856 4964 918 5018 in
947 4962 1195 5036 gloriam
1228 4980 1242 5018 :
1278 4980 1428 5036 quos
1457 4969 1514 5020 et
1544 4969 1791 5034 vocavit,
1811 4970 1899 5027 ni-

252 5072 275 5102 ι
312 5051 529 5107 mirum
553 5068 663 5107 nos
694 5069 707 5107 :
743 5068 865 5109 non
896 5051 1091 5108 solum
1124 5067 1194 5107 ex
1222 5050 1458 5123 Judaais,
1492 5071 1695 5112 verum
1715 5059 1895 5116 etiam

247 5163 277 5193 κ
313 5158 382 5197 ex
404 5140 699 5214 gentibus.
735 5162 764 5191 »

317 5229 849 5304 Longanimitatem
880 5230 1066 5286 voluit
1094 5229 1433 5301 ostendere,
1468 5233 1571 5290 sed
1604 5236 1745 5308 quia
1789 5239 1891 5298 Dei

240 5318 789 5394 longanimitate-ad
808 5319 988 5376 vitam
1005 5319 1362 5391 flagitiosum
1377 5320 1599 5381 abusus
1612 5326 1895 5393 est,dein—

243 5425 383 5485 eeps
412 5407 592 5465 etiam
623 5408 775 5467 iram
807 5407 1089 5467 ostendit.
1114 5432 1134 5458 ι
1160 5409 1301 5466 Vide
1309 5410 1539 5481 judicia
1569 5413 1745 5471 Dei.»
1767 5419 1892 5475 Ah.

242 5505 346 5557 ter.
380 5499 493 5556 Per
521 5499 633 5557 hoc
661 5497 822 5574 quod
872 5498 958 5555 ait
1012 5514 1027 5555 :
1058 5519 1088 5551 α
1114 5498 1281 5567 Quod
1311 5499 1359 5556 si
1385 5500 1540 5559 Deus
1566 5504 1772 5564 volens
1792 5524 1889 5566 os-

243 5588 512 5649 tendere.
545 5596 693 5647 »ειη
703 5589 868 5664 prius
883 5595 1301 5660 argumentum
1330 5588 1891 5669 deelarat.pluribus

241 5678 394 5739 illud
449 5679 708 5739 dilatans
764 5694 833 5738 ac
862 5678 1280 5747 manifestans,
1313 5687 1418 5737 aut
1442 5685 1682 5758 proprie
1714 5687 1789 5746 ad
1820 5706 1891 5748 ea

247 5785 380 5843 qua
409 5769 568 5830 dicta
598 5775 742 5830 sunt
768 5769 1024 5829 alterum
1052 5768 1303 5839 inducit,
1335 5772 1493 5846 quod
1538 5774 1733 5836 eidem
1766 5794 1888 5840 ser-

2010 4706 2101 4761 καὶ
2158 4706 2416 4783 γνωρίσαι
2476 4709 2540 4764 τὸ
2600 4706 2824 4766 δυνατὸν
2885 4710 3073 4781 αὑτοῦ,
3135 4711 3362 4788 ἤνεγκεν
3423 4710 3477 4767 ἐν
3531 4710 3673 4768 πολε

2012 4791 2085 4868 λῇ
2166 4797 2519 4871 μακροθυμίᾳ
2592 4798 2757 4871 σκεύη
2836 4800 3007 4877 ὀργῆς
3078 4799 3491 4877 κατηρτισμένα
3594 4802 3672 4865 εἰς

2008 4881 2306 4941 ἀπώλειανο
2383 4887 2471 4942 καὶ
2573 4884 2665 4943 ’ίνα
2737 4889 2980 4965 γνωρίσῃ
3055 4889 3148 4946 τὸν
3255 4890 3497 4947 πλοῦτον
3570 4898 3673 4962 τῆς

2008 4969 2172 5045 δόξης
2248 4973 2413 5031 αὐτοῦ
2489 4974 2579 5032 ἐπὶ
2654 4975 2818 5050 σκεύη
2888 4977 3076 5042 ἐλέους
3148 4977 3181 5034 ἃ
3255 4980 3667 5056 προητοίμασεν

2006 5060 2083 5123 εἷς
2160 5060 2339 5134 δόξαν·
2416 5065 2510 5128 οὕς
2583 5065 2674 5123 καὶ
2749 5066 3025 5140 ἐκάλεσεν,
3101 5070 3269 5143 ἡμᾶς,
3359 5068 3423 5125 οὐ
3503 5068 3668 5144 μόνον

2005 5150 2057 5223 ἐξ
2087 5148 2392 5223 Ἰουδαίων,
2422 5153 2570 5212 ἀλλὰ
2600 5157 2690 5212 καὶ
2720 5156 2771 5229 ἐξ
2804 5156 2988 5223 ἐθνῶν.

2077 5244 2469 5320 Μακροθυμίαν
2526 5244 2797 5319 ἠθέλησεν
2855 5245 3210 5322 ἐνδείξασθαι,
3280 5247 3408 5308 ἀλλ’
3472 5245 3663 5319 ἐπειδή

2005 5329 2080 5395 εἷς
2136 5330 2398 5391 ἀπόνοιαν
2454 5338 2522 5410 τῇ
2583 5337 2933 5414 μακροθυμίᾳ
2989 5342 3087 5395 τοῦ
3163 5338 3298 5395 Θεοῦ
3356 5336 3663 5416 ἐχρήσατο,

2000 5422 2090 5480 καὶ
2147 5420 2345 5480 λοιπὸν
2402 5424 2574 5505 ὀργὴν
2646 5423 2961 5500 ἐνεδείξατο.
3020 5453 3050 5482 ‹‹
3108 5431 3247 5504 Ὅρα
3302 5427 3369 5485 τὰ
3423 5427 3670 5503 κρίματα

1999 5516 2098 5570 τοῦ
2127 5515 2281 5571 Θεοῦ.
2316 5536 2346 5567 ››
2392 5547 2459 5560 -
2511 5515 2613 5573 Καὶ
2662 5514 2873 5581 ἄλλως.
2922 5519 3140 5596 [ΦΩΤ.]
3189 5519 3288 5587 Τὸ,
3332 5542 3361 5570 «
3396 5517 3460 5576 Ei
3489 5513 3549 5575 δὶ
3577 5516 3668 5574 θέ-

1999 5599 2116 5660 λων
2145 5602 2174 5658 6
2206 5601 2337 5666 Θεὸς
2384 5602 2736 5679 ἐνδείξασθαι,
2768 5629 2798 5659 »
2842 5605 2879 5679 ἢ
2928 5611 3030 5666 τοῦ
3078 5607 3186 5687 πρὸ
3237 5606 3406 5664 αὐτοῦ
3447 5605 3663 5684 ἐπιχει·

1946 5751 1951 5757 ,
2000 5693 2281 5769 ρήματό(
2308 5691 2454 5751 ἐστιν
2509 5694 2911 5773 ἐξαγγελτικὸν,
2947 5693 3069 5754 ’διὰ
3129 5695 3403 5755 πλειόνων
3480 5694 3661 5753 ἐκεῖνο

2000 5779 2279 5840 πλατύνον
2331 5783 2421 5842 καὶ
2453 5783 2828 5866 ἆπαγγέλλον,
2860 5786 2896 5861 ἢ
2929 5783 3085 5852 ἰδίως
3120 5788 3256 5867 πρὸς
3284 5791 3401 5850 τοῖς
3432 5785 3665 5865 εἶρημι-
