4114 6406
319 413 439 476 517

1407 403 1823 467 ϐΟΜΜΕΝΤ.
1870 403 1952 466 IN
1994 403 2252 467 EPIST.
2300 407 2401 467 AD
2443 407 2627 468 ROM.

3625 409 3746 474 518

316 567 434 610 νοις
465 541 648 618 ἕτερον
691 543 919 622 εἰσάγει,
976 540 1056 604 εἲς
1110 542 1208 611 τὴν
1269 539 1436 609 αὐτὴν
1496 538 1747 595 ὑπόθεσιν
1796 557 1978 594 συντε-

2095 540 2214 597 viat
2242 541 2566 614 proposito.
2601 540 2892 614 Oportuit,
2943 541 3162 615 inquit,
3224 547 3428 600 notam
3483 545 3742 619 ﬂeripu-

320 635 476 694 λοῦν.
539 631 712 705 Ἐόει,
773 633 929 708 φησὶ,
1017 632 1383 709 γνωρισθῆναι
1451 629 1550 698 τήν
1615 628 1981 702 τιμωριτικήν

323 725 552 800 δύναμιν
612 728 711 781 τοῦ
769 725 926 790 Θεοῦ,
986 715 1096 776 ἔδει
1155 721 1254 789 τὴν
1316 713 1854 794 μακροθυμίαν,ἔδει
1893 719 1986 788 τήν

322 813 738 898 φιλανθρωπίαν
797 813 887 869 καὶ
948 812 1011 869 τὸ
1050 806 1228 874 ἔλεος,
1287 811 1378 865 καὶ
1437 810 1535 879 τὴν
1581 807 1784 888 ἄφατον
1818 806 1984 863 αὐτοῦ

323 895 484 978 δόξαν
547 905 639 961 καὶ
698 901 940 974 πολλήν.
996 905 1176 959 Ταῦτα
1235 897 1292 955 ’δὲ
1349 899 1509 954 πόθεν
1570 895 1881 966 δείκνυται;
1927 898 1986 953 ἐκ

322 1002 434 1053 τῶν
495 992 800 1051 δοκούντων
856 997 973 1054 τοῖς
1029 988 1268 1052 πολλοῖς
1327 986 1681 1066 παραλόγων.
1742 990 1836 1043 ’ὴκ
1888 991 1984 1042 τοῦ

325 1087 554 1163 Φαραὼ,
587 1084 648 1140 ὲκ
677 1088 773 1139 τοῦ
804 1082 1029 1139 καλέσαι
1058 1082 1151 1137 τὸν
1209 1081 1271 1135 οὐ
1331 1079 1487 1148 Λαὸν,
1520 1077 1676 1147 λαὸν,
1707 1077 1768 1134 ἐκ
1793 1083 1892 1134 τοῦ
1921 1078 1984 1133 τὸ

319 1175 682 1250 καταλειμμα
741 1179 1002 1241 σωθῆναι,
1088 1170 1180 1226 καὶ
1257 1169 1319 1225 ἐκ
1372 1171 1482 1224 τῶν
1558 1166 1979 1242 παραπλησίων.

318 1268 483 1323 ἰὶστε
539 1264 590 1337 ἐξ
651 1266 726 1320 ὧν
785 1265 838 1320 οἳ
895 1263 1205 1341 ἀγνώμονες
1262 1257 1475 1316 ἀδικίαν
1515 1258 1985 1336 καταψηφίζονται

317 1361 416 1413 τοῦ
443 1360 604 1420 Θεοῦ,
664 1355 717 1410 οἱ
780 1353 1121 1428 εὐγνώμονες
1178 1348 1394 1426 μεγάλα
1447 1346 1840 1424 κερδαίνουσιν,
1873 1347 1987 1404 Οὐκ

320 1444 426 1519 ἄρα
454 1448 490 1516 ἡ
522 1449 631 1502 τῶν
679 1445 1018 1521 πραγμάτων
1073 1441 1232 1520 φύσις
1284 1436 1401 1517 ἔχεί
1430 1440 1493 1495 τὸ
1525 1437 1755 1515 ἄπορον,
1790 1436 1916 1494 ἀλλ’
1948 1441 1982 1510 ἠ

321 1539 431 1592 τῶν
460 1531 928 1613 ἀγνωμονούντων
958 1534 1022 1588 τὸ
1055 1531 1411 1610 βλάσφημον.

394 1623 644 1686 Ἀλλως.
678 1623 778 1694 Τὸ,
819 1646 844 1676 α
870 1622 932 1680 Εἰ
960 1619 1019 1677 δὲ
1044 1621 1243 1692 θέλων,
1270 1646 1297 1671 ι)
1317 1620 1408 1676 καὶ
1439 1621 1584 1694 ἑξῆς,
1614 1623 1722 1675 τῶν
1751 1618 1858 1694 πρὸ
1888 1619 1986 1674 αῦ-

325 1717 422 1770 τοῦ
449 1710 707 1788 ἤρτηται.
757 1710 818 1769 El
872 1708 1072 1779 θέλων,
1123 1710 1306 1788 φησὶν,
1367 1710 1395 1765 6
1453 1709 1583 1772 Θεὸς
1633 1706 1984 1781 ἐνδείξασθαι,

329 1802 426 1858 καὶ
469 1799 556 1858 ’ἱνα
607 1802 874 1877 γνωρίσῃ,
934 1799 1028 1856 καὶ
1087 1799 1198 1856 ἐκεῖ
1249 1799 1625 1871 κληθήσονται
1683 1797 1794 1854 υἱοὶ
1851 1801 1986 1854 Θεοῦ

333 1898 529 1966 ζῶτος,
576 1892 659 1948 καὶ
721 1895 778 1950 τὸ
837 1889 1194 1966 κατάλειμμα
1229 1895 1327 1947 τοῦ
1383 1889 1606 1967 Ἰσραὴλ
1658 1890 1984 1961 σωθήσεται,
2016 1914 2063 1978 Β

335 1981 380 2037 εἰ
439 1985 598 2038 ταῦτα
651 1985 821 2049 ποιεῖ,
883 1982 944 2036 σὺ
1002 1980 1086 2043 τίς
1145 1980 1198 2037 εἴ
1251 1981 1279 2037 6
1319 1979 1848 2052 ἀνταποκρινόμενος
1904 1981 1983 2048 τῷ

325 2075 482 2142 Θεῷ;
537 2093 562 2124 ε
612 2067 974 2142 Ἐνδείξασθαι
1025 2071 1125 2138 τήν
1186 2070 1379 2148 ὀργήν.
1435 2092 1465 2121 ››
1523 2069 1862 2142 {OIKOI‘M.]
1912 2098 1985 2111 —

319 2161 438 2219 Οὐκ
463 2159 568 2236 ἄρα
599 2161 766 2235 ὀργῆς
809 2159 968 2217 πάθει
1016 2157 1143 2231 ἥλω
1183 2160 1336 2227 Θεὸς,
1368 2157 1578 2234 ἄπαγει
1631 2155 1761 2213 ἀλλ’
1791 2154 1980 2226 ἐπειδὴ

318 2254 490 2305 ταῦτα
545 2247 804 2320 ἐποίησεν
837 2248 870 2305 ἃ
899 2251 1064 2322 ἡμεῖς
1095 2248 1444 2325 ὀργιζόμενοι
1494 2252 1782 2322 ποιοῦμεν,
1815 2248 1982 2322 ὀργὴν

315 2339 382 2396 τὸ
412 2343 646 2417 πρᾶγμα
675 2339 737 2395 ἐκ
763 2343 860 2394 τοῦ
915 2343 1052 2410 ἡμῖν
1110 2339 1395 2414 γνωρίμου
1453 2336 1728 2394 ἐκάλεσεν.
1761 2362 1789 2389 ‹‹
1819 2338 1980 2394 ’Ήνεσ

314 2452 445 2500 γκεν
479 2429 532 2486 ἰν
563 2429 751 2503 πολλῇ
787 2429 1139 2504 μακροθυμίᾳ
1187 2429 1350 2499 σκεύη
1403 2429 1596 2506 ὀργῆς.
1635 2454 1656 2482 ι
1695 2426 1977 2495 Τουτὲστι,

316 2519 459 2576 πάνυ
518 2518 998 2594 ἐμακροθῦμησεν,
1057 2519 1134 2581 εἰς
1197 2519 1480 2591 μετάνοιαν
1543 2515 1690 2594 δι’γων
1738 2519 1830 2573 τὸν
1861 2523 1978 2572 Φα-

316 2609 582 2685 ραώ.ᾮς
614 2607 671 2664 δὲ
720 2607 819 2664 οὐκ
874 2609 1011 2678 ἦλθε
1068 2607 1204 2682 πρὸς
1259 2607 1666 2687 σωφρονισμὸν,
1698 2605 1979 2681 ἐτιμωρή-

316 2719 452 2755 σατο
500 2697 686 2754 αὐτόν.
745 2723 771 2753 ι
802 2698 978 2768 Σκεύη
1035 2697 1228 2772 ὀργῆς.
1262 2722 1290 2749 ››
1347 2698 1409 2756 Ὀ
1443 2699 1538 2771 μὶν
1569 2697 1699 2759 Θεὸς
1740 2695 1981 2771 ἐμακρο-

317 2787 562 2860 θῦμησεν
597 2786 683 2844 ἐπ’
732 2786 916 2857 αὐτὸν,
950 2789 978 2843 6
1011 2785 1070 2842 δὲ
1118 2789 1322 2862 Φαραὼ
1350 2785 1532 2862 γὲγονε
1562 2790 1748 2847 σκεῦος
1781 2784 1977 2861 ὸργῆς,

315 2874 615 2947 τουτέστιν,
677 2877 957 2952 ἅνθρωπος
1008 2877 1109 2945 τὴν
1166 2880 1265 2931 τοῦ
1321 2881 1456 2933 Θεοῦ
1507 2875 1754 2932 ἀνάπτων
1788 2876 1976 2951 ὀργὴν,

311 2967 481 3039 ἥτήν
543 2971 641 3022 τοῦ
700 2971 834 3023 Θεοῦ
891 2965 1060 3042 ὀργὴν
1119 2964 1524 3041 ἐπισπώμενος.
1583 2964 1682 3021 Καὶ
1723 2965 1976 3020 οὔτοῦτο

321 3055 510 3133 μόνον,
543 3057 713 3128 ἀλλὰ,
745 3056 836 3111 καὶ
877 3056 954 3118 εἰς
1001 3055 1278 3112 ἀπώλειαν
1322 3056 1780 3132 κατηρτισμένος,
1818 3075 1980 3111 τουτ-

319 3149 490 3216 ἐστιν,
523 3146 931 3220 ὁπηρτισμὲνος
989 3146 1080 3202 καὶ
1136 3143 1559 3218 τετελειωμένος
1607 3146 1745 3221 πρὸς
1775 3145 1838 3201 τὸ
1870 3141 1979 3200 δεῖν

319 3235 643 3294 ἀπολέσθαν
705 3232 896 3306 δηλῶν
953 3237 1038 3291 δτι
1095 3234 1260 3298 αὐτός
1318 3235 1458 3291 ἐστιν
1515 3235 1690 3298 α’ἰτιος
1744 3241 1842 3304 τῆς
1882 3238 1979 3289 τοῦ

319 3331 456 3384 Θεοῦ
486 3327 656 3401 ὀργῆς
683 3325 772 3381 καὶ
825 3331 926 3394 τῆς
986 3326 1178 3381 ἑαυτοῦ
1230 3323 1532 3386 ἀπωλείας.
1565 3323 1642 3381 Οὐ
1674 3325 1776 3400 γὰρ
1808 3320 1980 3386 αἶ’τιος

320 3417 348 3471 6
381 3416 510 3477 Θεὸς
542 3418 652 3470 τῶν
703 3419 907 3484 κακῶν,
965 3411 1093 3470 ἀλλ’
1151 3412 1372 3476 ἕκαστος
1432 3414 1619 3470 ἑαυτὸν
1653 3415 1979 3469 κατασκευά-

320 3511 402 3576 ζει
467 3508 660 3566 σκεῦος
719 3503 908 3581 ὀργῆς,
975 3503 1215 3579 καθάπερ
1280 3504 1371 3560 καὶ
1434 3508 1622 3568 σκεῦος
1666 3502 1984 3582 φιλανθρω-

320 3597 472 3664 πίας,
526 3594 828 3662 τουτέστιν,
888 3593 1096 3656 ἐλέους.
1159 3593 1348 3657 Οὕτως
1404 3591 1493 3649 καί
1554 3595 1582 3648 6
1641 3593 1869 3665 Φαραὼ,
1919 3591 1979 3647 οὐ

325 3685 478 3758 παρα
502 3685 594 3739 τὸν
649 3684 800 3755 Θεὸν,
858 3683 1008 3740 ἀλλὰ
1063 3684 1211 3757 παρὰ
1274 3684 1374 3753 τήν
1427 3683 1628 3738 οἰκείαν
1660 3684 1851 3738 κακίαν
1883 3685 1979 3738 πε-

330 3772 529 3826 πονθεν
577 3770 610 3826 a
652 3771 928 3832 πὲπονθεν.
989 3797 1016 3825 «
1054 3769 1466 3848 Κατηρτισμένα
1508 3771 1585 3835 εἷς
1614 3769 1913 3828 ἀπώλείαν.
1950 3795 1979 3821 ››

330 3859 414 3930 Τί,
476 3860 655 3937 φησὶν,
709 3863 938 3938 ἀλογίαν
993 3864 1414 3938 καταγινώσκεις
1469 3864 1566 3916 τοῦ
1625 3865 1796 3928 Θεοῦ;
1845 3861 1981 3916 κατᾶ

329 3950 677 4026 ὑποστιγμὴν
734 3951 1126 4028 ἀναγνωστέον.
1186 3951 1290 4011 Καὶ
1361 3947 1553 4019 ἐπειδὴ
1611 3949 1785 4013 οὕτως
1842 3971 1980 4023 συμ-

322 4038 522 4118 βαίνει,
583 4040 658 4110 τί,
716 4043 901 4112 ηησὶν,
961 4039 1189 4118 ἀλογίαν
1243 4039 1708 4114 καταγινώσκειςς
1768 4046 1982 4098 «Ἡνι-

315 4152 446 4210 γκεν
485 4130 564 4193 εἰς
622 4131 922 4188 ἀπώλειαν.
961 4157 983 4187 ι
1045 4129 1351 4189 ’Λπώλειαν
1382 4127 1439 4186 δὲ
1475 4133 1590 4198 νῦν,
1621 4130 1720 4199 τὴν
1752 4127 1980 4200 διαφθο-

315 4222 415 4297 ράν
461 4241 649 4300 ιρησιν.
701 4221 927 4296 Ἥνεγκε
977 4219 1055 4291 δὲ,
1119 4220 1305 4296 φησὶν,
1339 4222 1366 4276 6
1399 4221 1528 4282 Θεὸς
1574 4219 1650 4282 εἷς
1678 4218 1977 4286 ἀπώλειαν,

313 4309 417 4366 οὐκ
473 4310 548 4372 ὡς
605 4305 820 4386 ἔτυχεν,
898 4308 1029 4366 ἀλλ’
1092 4309 1331 4373 ἐκείνους
1401 4308 1820 4384 καταρτίσαντας
1877 4310 1976 4364 αὐ-

307 4399 441 4463 τοὺς
471 4400 549 4464 εἰς
578 4401 746 4473 σκεύη
807 4401 997 4479 ὀργῆς.
1060 4399 1216 4459 Ἀλλ’
1274 4400 1428 4475 ὅμως
1473 4400 1565 4456 οὗν
1611 4400 1702 4456 καὶ
1734 4399 1822 4455 ἐπὶ
1853 4399 1977 4456 τοῦ-

306 4511 421 4546 των
499 4492 681 4546 καίτοι
757 4491 1023 4546 τοιούτων
1113 4488 1337 4553 ἑαυτοὺς
1434 4507 1976 4563 παρασκευασαντων,

310 4578 506 4636 πολλὰ
563 4579 830 4656 πρότερον
881 4581 1332 4655 μακροθυμήσας,
1369 4577 1542 4640 οὓτως
1598 4576 1876 4653 ἐχρήσατο
1907 4580 1976 4651 τῇ

2093 631 2339 688 nitivam
2371 631 2474 688 Dei
2505 631 2854 705 potentiam,
2889 633 3154 704 Oportuit
3200 633 3744 706 longanimitatem,

2095 723 2360 793 oportuit
2389 722 2816 796 benignitatem
2847 728 2906 777 et
2931 723 3402 780 misericordiam
3437 741 3503 781 ac
3530 726 3738 782 ineffa-

2096 811 2278 868 bilem
2327 813 2766 884 maximamque
2815 812 3003 884 ipsius
3035 813 3304 885 gloriam.
3342 813 3508 870 Unde
3539 822 3738 872 autem

2095 901 2221 958 haec
2249 903 2650 959 ostenduntur
2676 903 2704 959 ‘2
2733 905 2814 958 Ex
2846 903 2938 958 his
2970 920 3101 974 quas
3129 903 3298 976 vulgo
3335 904 3612 960 videntur
3640 906 3740 962 in-

2096 992 2404 1050 credibilia
2425 994 2580 1049 333
2608 1011 2678 1050 ex
2710 994 3018 1048 Pharaone
3035 1035 3050 1058 ,
3075 1009 3144 1049 ex
3169 994 3280 1048 hoc
3304 993 3464 1065 quod
3484 1009 3619 1049 eum
3637 996 3739 1066 qui

2094 1098 2216 1138 non
2248 1091 2377 1139 erat
2407 1084 2680 1156 populus,
2714 1084 3006 1140 vocaverit
3034 1084 3321 1156 populum
3351 1099 3460 1146 :ex
3484 1101 3551 1138 eo
3583 1084 3742 1154 quod

2094 1173 2378 1245 reliquias
2406 1174 2588 1230 Israel
2621 1174 3138 1245 salvaverit.atque
3178 1191 3248 1228 ex
3278 1173 3594 1229 similibus.
3630 1176 3737 1230 Ita-

2094 1279 2209 1334 que
2240 1280 2344 1335 per
2374 1263 2432 1318 id
2457 1264 2616 1336 quod
2646 1263 2856 1336 perfidi
2890 1265 3072 1318 Deum
3097 1263 3737 1320 condemnaverintin-

2084 1353 2358 1424 jurtitiaa,
2391 1353 2451 1408 hi
2484 1354 2585 1425 qui
2633 1353 2787 1426 aequi
2815 1358 2974 1420 sunt,
3021 1353 3351 1425 plurimum
3390 1353 3539 1409 lucri
3584 1353 3742 1410 fece-

2094 1444 2478 1499 runtﬂerum
2498 1443 2678 1517 igitur
2707 1449 2921 1500 natura
2943 1443 3396 1516 perplexitatem
3415 1460 3535 1500 non
3560 1443 3740 1500 habet

2097 1532 2202 1588 sed
2232 1531 2600 1605 perfidorum
2632 1533 3028 1606 blasphemia.

2166 1621 2296 1678 Alio
2353 1623 2530 1678 modo.
2593 1623 2657 1679 Id
2710 1622 2869 1696 quod
2927 1622 3012 1678 ait
3087 1639 3102 1678 :
3167 1646 3187 1673 ι
3253 1623 3420 1690 Quod
3479 1624 3526 1680 si
3588 1623 3748 1680 Deus

2097 1712 2320 1781 volens,
2385 1734 2413 1762 »
2473 1718 2610 1779 etc.,
2681 1711 3158 1784 praecedentibus
3223 1713 3618 1770 connectitur.
3688 1712 3746 1768 Si

2093 1801 2544 1874 volens,inquit,
2568 1803 2724 1858 Deus
2742 1801 3079 1870 ostendere,
3103 1807 3287 1874 utque
3311 1809 3518 1860 notum
3547 1803 3744 1868 faciat,

2096 1897 2174 1958 et,
2235 1890 2393 1963 quod
2451 1891 2532 1947 ibi
2593 1891 2966 1948 vocabuntur
3023 1891 3131 1948 filii
3193 1893 3295 1948 Dei
3359 1893 3626 1962 viventis,
3689 1899 3749 1949 et

2093 1981 2252 2054 quod
2283 1981 2554 2053 reliquiae
2582 1981 2765 2038 Israel
2792 1981 2965 2038 salvas
3010 1982 3190 2038 fient:
3228 1983 3277 2038 si
3331 1983 3460 2038 haec
3485 1983 3647 2050 facit,
3681 1989 3743 2039 tu

2091 2072 2224 2144 quis
2253 2088 2318 2127 es
2348 2072 2450 2144 qui
2483 2088 2554 2128 ex
2584 2071 2830 2128 adverso
2860 2071 3192 2143 repondeas
3225 2073 3342 2128 Deo
3365 2072 3392 2128 ?
3435 2095 3464 2122 «
3519 2073 3740 2129 Osten-

2090 2162 2229 2218 dere
2260 2163 2435 2222 iram.
2472 2184 2499 2211 »
2564 2163 2691 2218 Non
2746 2178 2889 2218 sane
2951 2162 3055 2217 iraa
3114 2162 3331 2218 affectu
3386 2167 3594 2234 captus
3651 2167 3742 2219 est

2089 2253 2265 2319 Deus,
2296 2251 2452 2307 absit
2484 2250 2497 2307 l
2532 2252 2637 2308 sed
2667 2252 2952 2323 quoniam
2985 2252 3111 2308 haec
3136 2252 3279 2308 fecit
3301 2269 3432 2324 quas
3463 2268 3572 2308 nos
3605 2253 3742 2310 irati

2087 2342 2360 2404 facimus,
2402 2341 2623 2397 factum
2680 2343 2810 2412 ejus
2857 2342 3082 2397 vocavit
3127 2342 3298 2409 iram,
3332 2341 3406 2398 ab
3465 2359 3533 2399 eo
3582 2342 3741 2415 quod

2088 2430 2260 2487 nobis
2279 2431 2584 2505 cognitum
2616 2438 2724 2486 est.
2758 2453 2785 2480 ‹‹
2820 2431 2978 2488 Tulit
3032 2431 3224 2488 multa
3279 2431 3734 2505 longanimitate

2088 2539 2225 2578 vasa
2273 2523 2391 2578 iraa.
2459 2523 2578 2578 Hoc
2637 2527 2746 2590 est,
2806 2521 2919 2578 fuit
2973 2522 3294 2578 admodum
3352 2521 3733 2595 longanimis,

2088 2613 2461 2669 Pharaonem
2493 2612 2718 2668 ducens
2748 2611 2823 2668 ad
2854 2611 3268 2683 paenitentiam
3301 2627 3315 2667 :
3364 2627 3568 2668 verum
3599 2629 3734 2670 cum

2087 2719 2208 2758 non
2266 2701 2489 2757 rediret
2544 2701 2620 2757 ad
2699 2700 3078 2758 modestiam.
3135 2701 3430 2758 ultionem
3497 2701 3570 2758 de
3629 2702 3733 2758 illo

2087 2791 2362 2863 sumpsit.
2396 2813 2424 2840 «
2486 2791 2634 2846 Vasa
2681 2791 2804 2844 iraa.
2844 2811 2871 2838 »
2920 2789 3074 2845 Deus
3105 2789 3348 2861 quidem
3378 2789 3738 2857 Ionganimis

2085 2880 2198 2934 fuit
2227 2877 2385 2950 quod
2417 2877 2478 2934 in
2507 2894 2569 2934 se
2602 2879 2936 2934 erat.Porro
2969 2879 3196 2933 Pharao
3221 2893 3319 2932 vas
3344 2877 3456 2933 fuit
3477 2879 3601 2936 irae.
3627 2879 3739 2936 hoc

2089 2973 2198 3032 est,
2233 2968 2411 3023 homo
2445 2983 2805 3039 exasperans
2835 2966 2986 3021 iram
3017 2966 3142 3033 Dei,
3176 2966 3265 3022 vel
3296 2967 3400 3022 Dei
3431 2968 3738 3024 attrahens

2087 3060 2260 3116 iram.
2294 3060 2410 3114 Nec
2441 3059 2500 3114 id
2548 3059 2760 3125 solum,
2811 3073 3014 3113 verum
3074 3057 3255 3114 etiam
3313 3064 3633 3130 apparatus
3665 3058 3739 3115 ad

2089 3149 2420 3215 interitum,
2454 3147 2514 3203 id
2547 3147 2737 3212 est,ad
2769 3148 2880 3204 hoc
2910 3147 3183 3204 addictus
3203 3152 3260 3203 et
3291 3152 3656 3220 praaparatus
3674 3154 3742 3204 ut

2091 3237 2288 3311 perire
2319 3242 2656 3309 oporteret:
2692 3235 3082 3293 manifestans
3127 3237 3286 3308 quod
3343 3237 3471 3309 ipse
3501 3239 3604 3294 ira;
3637 3237 3739 3294 Dei

2092 3343 2273 3384 causa
2295 3332 2454 3382 esset
2474 3343 2714 3397 suaeque
2751 3326 2940 3398 ipsius
2961 3326 3336 3399 perditionis.
3366 3329 3566 3400 Neque
3581 3327 3741 3384 enim

2092 3417 2246 3472 Deus
2277 3432 2459 3472 causa
2479 3422 2570 3472 est
2589 3416 2909 3483 malorum,
2934 3415 3036 3471 sed
3069 3416 3322 3487 quisque
3354 3417 3613 3488 seipsum
3644 3433 3744 3472 vas

2092 3505 2276 3561 efficit
2304 3506 2430 3572 irae,
2463 3504 2970 3576 quemadmodum
2993 3509 3053 3560 et
3081 3521 3180 3561 vas
3209 3505 3596 3579 benignitatis
3625 3506 3745 3562 sive

2094 3595 2544 3652 misericordiae.
2593 3596 2681 3650 Ita
2729 3594 3024 3650 Pharaoni
3055 3611 3177 3650 non
3208 3596 3385 3661 Deus,
3419 3595 3524 3651 sed
3555 3595 3744 3668 ipsius

2091 3683 2322 3742 malitia
2346 3684 2459 3739 fuit
2488 3699 2668 3740 causa
2697 3689 2765 3740 ut
2795 3690 3100 3755 pateretur
3131 3701 3201 3740 ea
3231 3701 3362 3755 quaa
3389 3701 3598 3757 passus
3631 3690 3740 3742 est.

2092 3797 2119 3824 ‹‹
2154 3777 2452 3845 Apparata
2508 3774 2569 3829 in
2629 3773 2959 3830 interitum.
2996 3793 3023 3823 ››
3081 3778 3196 3829 Cur
3249 3775 3454 3840 Deum,
3517 3774 3736 3845 inquit,

2091 3861 3738 3935 irrationabilitatiscondemnas?persubdistinctionem

2089 3954 2407 4028 legendum
2440 3959 2546 4009 est.
2583 3955 2652 4008 Et
2681 3954 2969 4024 quoniam
3000 3954 3082 4010 ita
3111 3954 3423 4024 contingit,
3457 3970 3562 4009 cur
3591 3955 3741 4011 irra-

2088 4043 2506 4099 tionabilitatis
2562 4042 2928 4100 condemnas
2958 4043 2983 4099 7
3040 4043 3199 4100 Tulit
3236 4043 3310 4099 ad
3341 4043 3674 4100 interitum.
3713 4064 3736 4095 υ

2092 4134 2405 4190 Interitum
2437 4150 2574 4189 vero
2608 4133 2751 4190 dicit
2781 4133 2892 4189 hoc
2925 4132 3054 4189 loco
3105 4133 3524 4206 perditionem.
3583 4132 3741 4190 Tulit

2089 4229 2290 4280 autem
2349 4224 2503 4278 Deus
2561 4221 2636 4279 ad
2695 4222 3113 4295 perditionem.
3155 4239 3276 4278 non
3326 4240 3740 4296 quoscunque,

2089 4312 2195 4368 sed
2225 4327 2327 4368 eos
2355 4312 2454 4385 qui
2488 4329 2616 4368 sese
2641 4313 2701 4368 in
2731 4329 2869 4368 vasa
2890 4313 2992 4368 ira:
3023 4318 3474 4385 apparaverant.
3496 4314 3739 4369 Verum-

2090 4408 2292 4458 tamen
2351 4403 2527 4460 etiam
2578 4403 2642 4458 in
2703 4403 2818 4470 his,
2853 4419 3197 4476 quanquam
3231 4419 3294 4459 se
3327 4403 3477 4459 tales
3506 4419 3742 4476 compo-

2090 4497 2354 4555 suerant.
2391 4508 2524 4548 cum
2557 4498 2734 4548 antea
2763 4492 3090 4564 plurimum
3118 4491 3476 4566 longanimis
3507 4492 3741 4560 fuisset,

2088 4581 2173 4636 ita
2207 4579 2447 4637 demum
2486 4581 2661 4652 juxta
2716 4581 2776 4637 id
2835 4583 2995 4654 quod
3038 4599 3277 4654 aequum
3330 4588 3457 4638 erat
3512 4582 3743 4638 ultione

309 4669 454 4726 κατὰ
481 4670 544 4725 τὸ
578 4667 788 4726 δίκαιον
835 4668 1099 4744 τιμωρίᾳ.
1160 4674 1230 4725 "II
1292 4666 1505 4744 μᾶλλον
1541 4666 1713 4730 οὕτως
1743 4669 1978 4738 νοήσεις·

2092 4687 2234 4725 usus
2267 4686 2350 4725 es.
2385 4673 2504 4725 Aut
2539 4671 2624 4725 ita
2651 4671 2852 4742 potius
2881 4670 3183 4745 intelliges
3212 4689 3224 4727 :
3262 4692 3291 4722 ‹‹
3351 4671 3509 4726 Tulit
3552 4670 3743 4726 multa

315 4782 344 4810 ιι
377 4760 622 4835 ’[Ινεγκεν
682 4757 735 4816 ἐν
791 4755 982 4832 πολλῇ
1049 4756 1406 4835 μακροθυμίᾳ
1445 4757 1610 4828 σκεύη
1645 4755 1815 4833 ὀργῆς
1844 4777 1976 4812 κατ-

317 4850 617 4921 ηρτισμὲνα
677 4847 754 4911 εἰς
810 4846 1110 4906 ἀπώλειαν.
1153 4871 1183 4900 ››
1239 4849 1558 4926 Ύπήνεγκε,
1624 4845 1811 4925 φησὶν,
1881 4846 1975 4904 ὑπ·

314 4937 520 5010 ἔμεινε,
550 4939 641 4995 καὶ
673 4937 724 4995 ἰν
757 4936 948 5012 πολλῇ
983 4937 1352 5013 μακροθυμίᾳ.

391 5033 512 5092 Πῶς
564 5026 622 5086 δὲ
676 5027 729 5086 ἐν
787 5028 977 5103 πολλῇ
1036 5027 1430 5104 μακροθυμίᾳ;
1487 5030 1608 5088 ’Ότι
1658 5023 1857 5103 ἕτοιμα
1885 5028 1976 5086 καὶ

310 5119 698 5192 ἀπηρτισμένα
755 5115 880 5174 ὅντα
935 5117 1014 5182 εἰς
1069 5117 1372 5186 ἀπώλειαν,
1429 5118 1520 5175 καὶ
1600 5120 1832 5192 μονονοὺ
1887 5119 1975 5176 διὰ

305 5209 410 5277 τήν
474 5203 792 5284 ὑπερϐολήν
845 5213 948 5277 τῆς
1000 5206 1190 5270 κακίας
1251 5209 1661 5283 πεπληρωμένα
1719 5205 1842 5265 ὄντα
1892 5206 1972 5265 δι-

302 5298 465 5361 καίας
498 5297 693 5377 ὀγῆς,
727 5297 883 5371 ὅμως
931 5292 1012 5352 ἔτι
1059 5297 1313 5377 ἠνείχετο
1355 5299 1444 5353 καὶ
1476 5293 1820 5370 ὃιεϐσὶσταζεν
1853 5297 1971 5356 ἐπι-

299 5390 551 5470 στροφὴν
584 5384 970 5466 ἐκδεχόμενος.
1002 5388 1128 5444 Ὀτι
1161 5388 1256 5444 οὖν
1314 5388 1415 5444 οὐκ
1465 5387 1776 5445 ἀπόλλυται
1805 5393 1974 5445 ταῦτα

301 5479 496 5551 σκεύη,
554 5477 719 5535 παντί
780 5498 888 5534 που
947 5474 1142 5544 δῆλον·
1199 5479 1496 5554 κατήρτισε
1552 5479 1657 5556 γὰρ
1701 5479 1866 5537 ἑαυτᾶ
1893 5479 1971 5542 ἐς

297 5566 610 5627 ἀπώλειαν.
643 5566 987 5627 Ἀπόλλυται
1047 5562 1106 5624 δὲ
1170 5568 1308 5641 μετᾶ
1353 5569 1416 5624 τὸ
1463 5566 1757 5644 ἀπαρτίσαι
1785 5567 1968 5642 ima.

299 5659 434 5733 μετὰ
461 5661 528 5718 τὸ
554 5658 636 5724 εἷς
666 5657 825 5721 τέλος
878 5655 1073 5722 κακίας
1116 5655 1476 5735 ἀναδραμεῖν,
1522 5660 1659 5734 μετᾶ
1702 5661 1765 5717 τὸ
1800 5657 1970 5734 μηδὲν

295 5749 400 5807 ἀπὸ
448 5757 556 5821 τῆς
621 5747 1006 5823 μακροθυμίας
1066 5747 1400 5805 ἆπώνασθαι.
1436 5751 1535 5807 Καὶ
1577 5747 1848 5807 δείκνυται
1879 5747 1966 5806 διὰ

2088 4759 2540 4832 longanimitate
2599 4775 2738 4815 vasa
2784 4760 2887 4815 irin
2935 4766 3220 4832 apparata
3241 4759 3316 4816 ad
3342 4760 3672 4816 interitum.
3708 4778 3738 4809 κ

2087 4850 2621 4923 Toleravit,inquit,
2643 4851 3134 4923 sustinuit,idque
3157 4853 3312 4909 884
3335 4851 3523 4908 multa
3540 4851 3742 4925 longa-

2087 4941 2381 4999 nimitate.

2157 5031 2464 5099 Quomodo
2512 5037 2711 5106 autem
2768 5031 2960 5089 multa
3010 5033 3462 5106 longanimitate
3505 5031 3534 5088 ‘l
3588 5033 3740 5100 Quia

2087 5138 2223 5180 cum
2246 5125 2375 5194 jam
2406 5127 2544 5194 apta
2564 5127 2966 5195 etprmparata
2982 5129 3186 5180 essent
3212 5123 3287 5179 ad
3317 5122 3741 5195 perditionem,

2085 5229 2154 5272 ac
2185 5219 2428 5286 propter
2467 5212 2716 5269 nimiam
2747 5213 3035 5270 malitiam
3091 5217 3525 5287 propemodum
3573 5213 3740 5286 justa

2085 5303 2175 5359 ira
2205 5301 2452 5374 impleta
2496 5307 2744 5358 essent:
2804 5302 2999 5360 adhuc
3052 5309 3256 5360 tamen
3309 5303 3648 5376 perferebat
3677 5310 3737 5362 et

2084 5389 2380 5449 tolerabat
2409 5390 2483 5447 ad
2516 5393 2968 5450 conversionem
2999 5410 3102 5452 eos
3158 5399 3534 5467 exspectans.
3566 5394 3736 5462 Quod

2083 5497 2223 5556 ergo
2251 5481 2378 5554 ipse
2405 5495 2527 5537 non
2559 5480 2769 5555 perdat
2788 5482 2894 5540 illa
2921 5483 3330 5555 vasa,omnino
3347 5483 3732 5544 manifestum
3767 5549 3774 5552 _

2083 5577 2191 5633 est.
2263 5569 2462 5644 seipsa
2517 5571 2680 5631 enim
2760 5571 2837 5630 ad
2879 5573 3189 5632 interitum
3274 5577 3727 5650 apparaverunt.

2079 5661 2285 5720 Perdit
2337 5666 2543 5718 tamen
2594 5662 2701 5719 illa
2754 5669 3073 5740 postquam
3154 5665 3352 5739 seipsa
3428 5679 3726 5739 praepara-

2080 5757 2243 5817 runt,
2301 5757 2621 5823 postquam
2679 5753 2749 5808 ad
2805 5761 3134 5813 extremum
3196 5754 3437 5813 malitiae
3497 5768 3734 5828 procur-
