4114 6418
370 423 492 486 519

1493 405 1918 471 (ΕΟΠΜΕΝΙΙ
1961 405 2271 470 ΤΒῙΟΟΒ
2310 407 2677 472 ΕΡΙΒΟΟΡΙ

3672 415 3795 480 520

366 561 578 618 rerunt
606 572 621 624 ;
654 556 972 627 postquam
1029 546 1104 605 ab
1160 545 1291 619 ejus
1348 539 1800 618 longanimitate
1858 539 2008 597 nihil

2124 545 2228 611 τῆς
2254 538 2331 603 εἷς
2360 539 2556 606 αὐτοὺς
2597 538 2811 608 δικαίας
2863 542 3139 621 τιμωρίας
3170 548 3269 602 τοῦ
3299 549 3457 616 Θεοῦ,
3488 544 3668 604 καὶτὸ
3700 544 3793 605 δυ-

364 645 567 704 auxilii
620 644 1002 715 acceperunt.
1075 639 1146 693 Et
1211 633 1547 693 ostenditur
1633 649 1741 706 per
1784 632 2015 705 justam

365 736 467 795 Dei
501 734 563 791 in
594 733 731 789 illos
788 727 1366 787 animadversionem
1416 724 1595 781 etiam
1652 723 1843 796 ipsius
1903 737 2014 794 po-

370 826 576 890 tentia,
608 826 722 881 hoc
777 826 888 889 est,
942 819 1209 893 punitiva
1264 820 1545 889 potestas,
1608 819 1685 877 et,
1746 812 1851 868 ira
1910 811 2018 868 de-

369 915 746 983 monstratio,
799 927 1003 986 quam,
1062 910 1164 981 qui
1223 907 1373 963 tales
1429 909 1587 969 sunt,
1650 902 1811 977 digni
1877 906 2017 957 sunt

369 1015 438 1064 ut
464 1011 930 1077 consequantur.
966 1022 991 1045 οι
1018 1002 1089 1056 Et
1119 1003 1186 1054 ut
1214 1003 1385 1054 notas
1426 994 1651 1052 faceret
1694 992 1951 1049 divitias.
1985 1011 2015 1042 υ

369 1095 611 1156 Duobus
630 1093 826 1151 modis
855 1088 1236 1162 componitur
1264 1084 1422 1159 quod
1457 1084 1552 1141 hic
1590 1083 1829 1150 dicitur,
1861 1080 1952 1137 vel
1982 1096 2018 1137 a

366 1184 669 1245 communi
696 1198 876 1240 sensu
907 1175 1436 1250 subintelligendo,
1469 1174 1559 1230 vel
1577 1171 2014 1247 perdefectum,

365 1280 415 1337 Α
499 1273 804 1332 communi
890 1269 1134 1345 quidem
1219 1282 1399 1323 sensu
1489 1268 1725 1337 oportet
1805 1261 2015 1319 subin-

365 1367 634 1440 telligere
667 1362 879 1420 «tulit.
930 1384 951 1413 ι
988 1359 1147 1415 Tulit
1188 1372 1327 1413 vasa
1383 1356 1506 1422 ira,
1574 1358 1635 1409 et
1686 1352 1824 1408 tulit
1881 1366 2019 1407 vasa

374 1454 822 1517 misericordia.
857 1454 969 1508 Per
997 1447 1498 1505 defectum-vero:
1549 1444 1690 1516 quia
1718 1459 1840 1499 non
1870 1441 2020 1497 dixit

375 1547 450 1605 ad
519 1544 664 1619 quid
733 1542 874 1599 tulit
928 1555 1069 1596 vasa
1133 1533 1581 1602 misericordia,
1662 1532 1816 1589 sicut
1869 1530 2022 1587 dixit

372 1636 455 1694 ibi
479 1635 637 1710 quod
668 1649 805 1690 vasa
852 1632 955 1688 ira
1004 1629 1144 1688 tulit
1193 1626 1270 1684 ad
1325 1624 1655 1682 interitum.
1718 1622 1823 1678 Hic
1866 1637 2017 1710 ergo

372 1708 856 1785 subaudiendum
911 1725 1041 1776 est:
1092 1716 1177 1775 Ad
1224 1715 1473 1773 salutem
1510 1730 1524 1781 ;
1559 1711 1661 1769 Dei
1720 1708 2017 1782 siquidem

368 1815 699 1891 potentiam
721 1806 1186 1883 despicientibus
1202 1823 1271 1863 ac
1287 1801 1726 1891 negligentibus
1740 1815 2015 1856 necessa-

2122 630 2280 687 νατὸν
2314 631 2503 700 αὐτοῦ,
2561 632 2858 704 τουτέστιν,
2914 636 2949 705 ἡ
3008 636 3363 709 τιμωρητική
3406 632 3664 714 δύναμις,
3696 637 3787 694 καὶ

2125 722 2161 791 ἡ
2220 717 2445 794 ἔνδειξις
2497 729 2597 793 τῆς
2654 724 2848 801 ὀργῆς,
2907 725 2976 795 ἧς
3033 725 3166 782 εἰσιν
3225 723 3369 798 ἄξιοι
3411 729 3704 805 τυγχάνειν
3734 729 3786 785 cl

2123 816 2387 873 τοιοῦτοι,
2443 836 2473 866 ‹‹
2507 813 2604 870 Καὶ
2661 814 2747 871 ἳνα
2797 815 3067 894 γνωρίσῃ.
3102 840 3132 869 ››
3190 817 3315 874 Δυσὶ
3378 819 3607 892 τρόποις
3638 838 3781 895 σχηο

2129 901 2407 975 ματίζεται
2454 902 2580 962 τόδε
2621 905 2683 962 τὸ
2733 906 2923 983 ῥητὸν,
2957 907 3065 963 ἀπὸ
3111 912 3318 974 κοινοῦ,
3372 908 3464 964 καὶ
3503 906 3783 966 ἐλ-λειπτι-

2124 997 2258 1056 κῶς.
2319 995 2454 1052 Ἀπὸ
2505 1000 2694 1054 κοινοῦ
2749 998 2845 1073 μὲν
2900 998 3005 1074 γὰρ
3065 996 3148 1055 δεῖ
3202 995 3392 1056 λαϐεῖν
3440 1002 3529 1063 τὸ,
3561 1025 3591 1053 α
3625 1002 3786 1058 Ἤνε-

2126 1103 2271 1158 γκεν.
2327 1106 2356 1135 κ
2443 1086 2671 1165 Ἤνεγκε
2724 1087 2888 1161 σκεύη
2950 1087 3145 1164 ὀργῆς,
3203 1090 3291 1144 καὶ
3350 1089 3542 1166 ἤνεγκε
3588 1088 3785 1161 σκεύη-

2125 1170 2335 1235 ὲλέους.
2368 1172 2765 1239 Ἐλλειπτικῶς
2816 1174 2894 1247 δὲ,
2947 1176 3035 1235 δτι
3085 1178 3190 1234 οὑκ
3216 1178 3368 1234 εἶπεν
3398 1177 3475 1243 εἰς
3506 1179 3556 1237 τί
3589 1179 3787 1256 ἤνεγκε

2126 1263 2192 1318 τὰ
2245 1263 2407 1335 σκεύη
2466 1269 2564 1321 τοῦ
2611 1266 2819 1336 ὶλέους,
2877 1266 3061 1339 ὥσπερ
3092 1267 3203 1325 ἐκεῖ
3234 1270 3354 1325 εἶπε
3382 1272 3450 1326 τὰ
3479 1270 3643 1338 σκεύη
3679 1278 3786 1341 τῆς

2127 1350 2324 1428 ὸργῆς,
2373 1352 2458 1408 δτι
2504 1353 2580 1416 είς
2630 1355 2930 1412 ἀπώλειαν.
2984 1357 3369 1428 Ἑξακουστέον
3413 1359 3504 1415 οὗν
3538 1359 3785 1430 ἐνταῦθα,

2126 1442 2210 1512 τὸ,
2288 1441 2382 1504 Εἷς
2457 1444 2749 1521 σωτηρίαν.
2826 1447 2958 1509 Τοῖς
3038 1450 3140 1525 γὰρ
3215 1454 3618 1527 καταφρονοῦσι
3692 1450 3790 1507 καὶ

2128 1531 2434 1609 ὑπερορῶσι
2489 1541 2592 1605 τῆς
2651 1532 2934 1610 δυνάμεως
2984 1542 3082 1593 τοῦ
3135 1544 3297 1607 Θεοῦ,
3351 1539 3649 1615 ἀναγκαῖον
3693 1542 3789 1597 καὶ

2127 1620 2401 1701 συμφέρον
2431 1622 2498 1694 ἧν
2547 1624 2811 1701 γνωρίσαι
2868 1627 3063 1691 αὐτοῖς
3095 1625 3185 1684 διὰ
3213 1630 3487 1706 τιμωρίας
3518 1632 3581 1687 τὸ
3623 1629 3784 1689 δυνα-

2128 1711 2218 1767 τὸν
2271 1711 2363 1769 καὶ
2419 1714 2705 1780 πανσθενὶς
2758 1717 2849 1771 καὶ
2907 1716 3313 1775 πανεπίσκοπον
3364 1719 3551 1782 αὑτοῦ.
3594 1746 3624 1775 ‹‹
3657 1722 3789 1781 Ἐπὶ

2126 1802 2288 1873 σκεύη
2336 1800 2544 1865 ἐλέους.
2578 1827 2608 1856 ››
2668 1806 2897 1884 Ὠσπερ,
2956 1807 3144 1884 φησὶν,
3202 1807 3281 1871 εἷς
3337 1810 3403 1866 τὰ
3464 1812 3628 1885 σκεύη
3682 1818 3786 1883 τῆς

366 1888 524 1963 rium
550 1903 817 1975 utileque
849 1905 995 1965 erat,
1027 1902 1094 1955 ut
1124 1913 1231 1970 per
1261 1893 1622 1967 supplicium
1650 1890 1874 1980 faceret
1898 1888 2008 1944 illis

2127 1892 2321 1968 ὀργῆς,
2353 1893 2620 1966 τουτέστι,
2674 1895 2766 1952 τὸν
2827 1900 3031 1974 Φαραὼ
3088 1900 3316 1977 ἤνεγκεν
3372 1902 3789 1980 ὀργῆν,πολλὰ

361 2000 572 2054 notum
626 2007 806 2066 quam
837 1995 1047 2064 potens
1089 1991 1266 2053 esset,
1327 1982 1485 2057 quod
1543 1978 2014 2047 robustissimus,

361 2083 685 2156 omniaque
713 2079 1121 2138 considerans.
1156 2098 1184 2128 ‹‹
1216 2078 1280 2132 In
1311 2090 1451 2132 vasa
1510 2068 1958 2128 misericordia.
1983 2090 2013 2119 ››

361 2170 899 2242 Quemadmodum,
929 2168 1147 2242 inquit.
1181 2166 1242 2222 in
1275 2180 1415 2222 vasa
1464 2163 1589 2231 ira,
1631 2162 1898 2227 hoc.est,
1949 2158 2011 2214 in

358 2264 732 2322 Pharaonem
763 2260 901 2317 tulit
927 2255 1307 2323 iram,multa
1335 2254 1598 2328 primum
1627 2268 1772 2307 usus
1801 2250 2009 2322 longa-

360 2354 680 2411 nimitate:
725 2353 809 2408 ita
833 2354 912 2418 et,
973 2349 1037 2405 in
1093 2363 1235 2404 vasa
1290 2340 1741 2408 misericordia,
1793 2355 2010 2413 nempe

362 2445 426 2501 in
455 2461 566 2500 nos
596 2442 697 2517 qui
720 2441 880 2515 digni
913 2456 1119 2497 sumus
1169 2433 1602 2501 misericordia,
1653 2431 1791 2488 tulit
1837 2429 2010 2486 beni-

363 2535 672 2606 gnitatem.
704 2534 846 2589 Nam
880 2531 994 2588 hoc
1024 2525 1522 2586 subaudiendum.
1556 2546 1583 2573 ‹‹
1609 2524 1747 2589 Qua
1777 2536 2010 2594 prapa—

361 2623 532 2681 ravit.
589 2642 619 2672 υ
680 2618 1039 2693 Praparavit
1110 2622 1311 2673 autem
1385 2612 1527 2686 quia
1592 2609 2007 2668 misericordia

351 2711 624 2786 cognovit
649 2710 861 2784 dignos
897 2724 1003 2782 per
1035 2706 1424 2763 ﬁdem.Porro
1454 2702 1515 2758 id
1544 2702 1607 2756 in
1640 2700 1804 2755 illius
1823 2698 2004 2771 vergit

351 2805 623 2876 gloriam.
642 2828 670 2856 «
686 2803 1063 2876 Praparavit,
1091 2824 1117 2851 ››
1150 2805 1353 2873 utpote
1371 2796 1743 2871 prascius,et
1759 2807 2002 2866 cognos-

350 2912 494 2952 cens
525 2895 680 2968 quod
716 2895 996 2950 virtutem
1026 2896 1228 2949 essent
1283 2885 1700 2962 amplexaturi.
1762 2885 2001 2955 Prapa-

347 2985 496 3041 ravit
550 2986 753 3057 itaque
810 2983 990 3058 digna
1042 2998 1182 3038 vasa
1239 2975 1666 3036 misericordia
1743 2989 1865 3030 sua
1924 2970 1998 3027 ad

2126 1982 2391 2058 πρότερον
2418 1987 2871 2059 μακροθυμήσας,
2921 1987 3096 2049 οὕτως
3144 1990 3235 2046 καὶ
3270 1990 3346 2054 εἰς
3376 1990 3540 2066 σκεύη
3573 1991 3789 2064 ἐλέους,

2122 2072 2421 2165 τουτέστιν,
2453 2071 2531 2136 εἷς
2561 2071 2741 2146 ἀξίους
2793 2080 2891 2131 τοῦ
2921 2075 3191 2143 ἐλεεῖσθαι
3222 2081 3394 2152 ἡμᾶς,
3425 2081 3622 2158 ἤνεγκε
3651 2082 3786 2165 φιλ.

2121 2162 2451 2236 ανθρωπίαν.
2509 2168 2680 2220 Τοῦτο
2738 2165 2842 2243 γὰρ
2902 2168 3391 2228 συνυπακουστέον.
3451 2196 3480 2225 ι(
3525 2173 3597 2230 Ἀ
3653 2162 3789 2250 προ-

2120 2252 2437 2327 ητοίμασεν.
2463 2278 2492 2307 ››
2523 2256 2912 2331 Ηροητοίμασε
2954 2255 3033 2328 δὲ,
3083 2257 3199 2316 ἐπεὶ
3233 2258 3374 2337 ἔγνω
3404 2262 3588 2334 ἀξίους
3621 2262 3789 2322 ἐλέου

2119 2338 2210 2398 διὰ
2236 2343 2334 2411 τήν
2367 2341 2570 2401 πίστιν.
2601 2345 2777 2404 Τοῦτο
2840 2344 2919 2414 δὲ,
2979 2347 3055 2412 είς
3115 2345 3272 2422 δόξαν
3304 2351 3473 2408 αὑτοῦ
3503 2353 3781 2413 συντείνει.

2119 2457 2147 2486 ‹‹
2180 2434 2618 2511 Προητοίμασεν.
2653 2460 2681 2489 ››
2722 2469 2788 2480 --
2820 2439 3030 2516 [ΦΩΤ.]
3086 2440 3175 2504 Ὠς
3221 2443 3577 2517 προγνώστης
3608 2444 3701 2499 καὶ
3735 2446 3789 2503 εί

2118 2520 2226 2586 δὼς
2258 2526 2341 2581 ὃτι
2373 2523 2662 2582 σπουδαῖοι
2721 2525 2954 2586 ἔσονται.
3023 2530 3437 2605 Ιιροητοίμασεν
3479 2532 3570 2589 οὖν
3610 2533 3783 2591 αὐτοῦ

2114 2613 2181 2669 τὰ
2234 2612 2355 2688 ἄξια
2406 2614 2593 2679 ἐλέους
2627 2617 2817 2688 σκεύη,
2873 2617 2952 2681 εἷς
3010 2617 3189 2693 δόξαν,
3247 2621 3543 2690 τουτέστιν,
3596 2621 3674 2686 εἷς
3716 2624 3781 2680 τὸ

2115 2701 2440 2776 δοξασθῆναι
2469 2705 2623 2762 αὑτά.
2685 2707 2791 2763 Καὶ
2850 2709 2952 2784 γὰρ
3006 2711 3034 2765 6
3088 2708 3330 2775 πλοῦτος
3358 2719 3457 2781 τῆς
3488 2709 3652 2784 δόξης
3682 2713 3779 2770 a6-

2109 2798 2208 2850 τοῦ
2239 2792 2539 2872 ἐγνωρίσθη
2574 2794 2628 2851 ἐν
2675 2798 2836 2871 ἡμῖν,
2896 2797 2980 2853 ὅτι
3036 2803 3153 2863 τοῖς
3212 2797 3469 2863 εἰδώλοις
3499 2822 3779 2878 προσανα-

2108 2885 2414 2959 κειμένους,
2455 2885 2542 2941 καὶ
2578 2883 2813 2949 δούλους
2871 2888 3221 2965 ὑπάρχοντας
3253 2892 3441 2947 παθῶν
3467 2893 3554 2948 καὶ
3593 2894 3776 2968 ἀμαρ-

2106 2974 2247 3043 τίας,
2309 2974 2371 3030 οὑ
2432 2973 2598 3048 μόνον
2653 2975 2862 3032 τούτων
2916 2976 3314 3054 ἠλευθέρωσεν,
3364 2978 3513 3037 ἀλλὰ
3558 2981 3650 3038 καὶ
3681 2981 3779 3041 διὰ

236 5590 243 5597 ‘
330 5573 669 5641 clamaLAd
689 5577 831 5638 hac
846 5580 1489 5642 omnia-inmmtabilia
1508 5584 1942 5658 ipsiusjudicia
1961 5605 1978 5646 :

342 3074 616 3149 gloriam,
648 3075 761 3131 hoc
791 3079 901 3138 est,
929 3078 997 3130 ut
1025 3073 1157 3145 ipsa
1193 3071 1693 3146 glorificarentur.
1762 3061 1995 3119 Etenim

2119 3063 2379 3128 ιὶοθεσίσς
2411 3061 2683 3136 ἐδόξασεν.
2709 3089 2737 3118 ‹‹
2762 3065 2835 3122 Οὐ
2861 3065 3027 3140 μόνον
3053 3065 3106 3140 ἐξ
3127 3066 3428 3128 Ἰουδαίων.
3450 3093 3478 3124 »
3503 3072 3666 3147 Ὁρᾷς
3685 3070 3775 3129 ὅτι

342 3165 563 3222 divitia
637 3166 840 3240 gloria
916 3164 1106 3238 ipsius
1190 3168 1348 3220 nota
1424 3164 1564 3218 sunt
1644 3159 1708 3215 in
1794 3154 1990 3223 nobis,

2119 3153 2174 3208 οὐ
2210 3158 2534 3231 μονομερῶς
2574 3155 2603 3211 6
2652 3155 2806 3225 Θεὸς,
2848 3154 2996 3213 ἀλλὰ
3042 3159 3133 3213 καὶ
3187 3157 3239 3231 ἐξ
3287 3156 3567 3217 Ἰουδαίων
3597 3160 3687 3217 καὶ
3717 3161 3774 3235 ἐξ

344 3256 485 3329 quia
540 3272 677 3312 cum
736 3254 913 3311 idolis
986 3253 1450 3320 adhareremus,
1507 3248 1775 3322 fervique
1834 3260 1988 3302 esse-

2119 3244 2266 3299 ιθνῶν
2301 3243 2466 3314 σώζει
2523 3240 2613 3300 διὰ
2666 3252 2767 3315 τῆς
2816 3245 3052 3310 πίστεως
3089 3246 3217 3311 τοὺς
3254 3248 3433 3323 ἀξίους
3464 3228 3766 3323 σωτηρίαςξ

345 3360 481 3401 mus
527 3344 849 3401 affectuum
908 3348 967 3400 et
1013 3343 1289 3416 peccati:
1350 3356 1472 3397 non
1522 3338 1718 3395 solum
1773 3334 1867 3390 his
1925 3331 2216 3403 liberavit,
2270 3350 2479 3391 verum
2538 3334 2717 3392 etiam
2770 3352 2879 3410 per
2935 3336 3320 3411 adoptionem
3412 3340 3777 3416 gloriﬁcavit

413 3455 441 3483 ιι
472 3433 598 3488 Non
622 3431 817 3489 solum
848 3448 917 3489 ex
965 3431 1204 3490 Judais.
1241 3452 1269 3481 n
1302 3430 1501 3491 Vides.
1559 3426 1719 3500 quod
1753 3430 1905 3480 Deus
1934 3438 2057 3478 non
2087 3438 2160 3479 ex
2188 3439 2311 3481 una
2354 3429 2587 3483 tantum
2608 3431 2796 3499 parte,
2831 3427 2937 3485 sed
2970 3433 3089 3487 tam
3115 3444 3186 3489 ex
3206 3429 3424 3488 Judais
3457 3447 3637 3505 quam
3668 3449 3766 3493 ex.

342 3519 618 3596 gentibus
649 3519 841 3577 salvos
869 3519 1013 3578 facit
1041 3535 1150 3593 per
1178 3518 1361 3576 fidem
1392 3533 1494 3574 eos
1525 3517 1659 3591 quis
1691 3513 1883 3571 salute
1914 3510 2076 3586 digni
2109 3519 2268 3571 sunt.

415 3609 511 3671 1X.
541 3611 609 3665 25
643 3610 732 3664 27.
793 3610 943 3667 335
971 3609 1437 3677 Quemadmodum
1479 3613 1532 3664 et
1568 3609 1629 3662 in
1650 3607 1779 3664 Osee
1808 3603 1944 3660 dicit
1973 3617 1993 3657 :

2168 3604 2255 3664 Ὧς
2297 3600 2389 3657 καὶ
2465 3600 2515 3658 ἐν
2591 3607 2671 3678 τῷ
2744 3605 2909 3677 Ὢσηε
2983 3604 3153 3684 λέγει·
3230 3604 3460 3665 Καλέσω
3532 3610 3627 3667 τὸν
3701 3609 3767 3668 οὑ

348 3700 562 3757 Vocabo
587 3699 859 3771 populum
880 3697 981 3772 qui
998 3715 1148 3754 meus
1190 3714 1302 3754 non
1325 3695 1740 3768 erat,populum
1762 3706 1990 3750 meum:

2119 3688 2229 3745 tadv
2300 3711 2429 3764 μου,
2497 3688 2630 3748 λαόν
2702 3714 2833 3768 μου,
2899 3693 2990 3751 καὶ
3053 3696 3155 3765 τὴν
3222 3696 3323 3753 οὑκ
3358 3698 3733 3777 ἠγαπημένην

360 3744 374 3756 .
396 3744 559 3757 ..υ-ν..
587 3744 858 3771 ,ηρ-..νη
880 3744 978 3772 γ..
1001 3744 1146 3754 ...νην
1191 3744 1302 3754 ην.-
1325 3744 1367 3753 -.
1387 3744 1739 3768 smnpm.--
1976 3744 1985 3746 ι

337 3796 391 3847 et
416 3806 537 3846 eam
565 3805 690 3862 qua
720 3787 925 3846 dilecta
963 3805 1076 3845 non
1134 3794 1275 3851 erat.
1335 3787 1617 3844 dilectam.
1670 3787 1739 3842 Et
1779 3786 1883 3841 erit
1930 3783 1992 3838 in

2119 3744 2665 3857 lyannglév-rlvrqlviai
3186 3744 3755 3862 Ἴ

341 3879 454 3937 loco
474 3844 802 3937 ubi‘dictum
819 3844 1010 3950 fuerat
1047 3844 1149 3943 eis,
1168 3844 1294 3935 Non
1330 3878 1569 3950 papulas
1598 3892 1747 3932 meus
1765 3891 1878 3943 vos,
1910 3874 1992 3931 ibi

2119 3844 2306 3934 {6:on
2379 3844 2458 3930 0'6
2524 3869 2661 3935 λαός
2731 3894 2835 3947 μου
2914 3844 3117 3950 ὑμεῖς,⁵
3168 3873 3282 3932 ἐκεῖ
3314 3844 3326 3860 ⁸
3375 3844 3764 3951 κληθήὸὸνταιι

333 3969 678 4026 vocabuntur
731 3970 839 4040 ﬁlii
879 3970 974 4025 Dei
1035 3970 1284 4025 viventis.
1347 3969 1525 4024 Isaias
1569 3972 1756 4022 autem
1782 3965 1989 4021 clamat

2119 3960 2204 4018 ›ἰοὶ
2269 3965 2405 4019 Θεοῦ
2472 3965 2694 4033 ζῶντος.
2759 3963 2988 4027 ἹῙσαῖας
3079 3962 3138 4022 δὶ
3203 3968 3394 4043 κράζει
3461 3968 3593 4044 ὑπὲρ
3661 3972 3761 4025 τοῦ

333 4074 500 4132 super
526 4059 736 4115 Israel:
770 4059 832 4114 Si
858 4060 1032 4129 fuerit
1058 4073 1322 4116 numerus
1347 4058 1512 4115 Israel
1567 4062 1629 4113 ut
1666 4071 1838 4112 arena
1866 4070 1985 4111 ma-

2119 4051 2339 4126 [σραήλ’
2418 4051 2541 4109 Ἐάν
2603 4050 2642 4127 ᾖ
2710 4051 2740 4108 ὁ
2806 4053 3042 4129 ἀριθμὸς
3116 4058 3225 4112 τῶν
3301 4055 3437 4115 υῗῶν
3504 4053 3748 4130 Ἰσραήλ·

332 4149 434 4219 ris,
460 4148 714 4222 reliquiae
740 4149 910 4207 salvae
932 4155 1120 4206 erunt.

2119 4139 2167 4202 ὃς
2233 4141 2269 4210 ἠ
2333 4138 2520 4214 ἄμμος
2587 4147 2688 4211 τῆς
2748 4138 3053 4215 θαλάσσης,
3099 4143 3163 4201 τὸ
3226 4144 3569 4218 γατάλειμμα
3633 4163 3765 4205 σω-.

2089 4230 2334 4301 θήσεται.

2157 4321 2281 4379 Ὅτι
2328 4315 2406 4389 δὶ,
2456 4318 2645 4401 φησὶν,
2696 4321 2807 4399 οὐχ
2857 4321 3072 4395 ἁπλῶς,
3104 4321 3240 4392 οὐδ’,
3273 4325 3351 4388 ὡς
3381 4322 3439 4382 ἂν
3468 4321 3613 4381 εἴποι
3641 4344 3749 4395 τις,

2091 4414 2416 4485 μονομερῶς
2469 4407 2663 4468 ἔσωσεν
2721 4411 2751 4467 6
2808 4411 2941 4475 Θεὸς
2993 4411 3125 4477 τοὺς
3182 4413 3234 4486 ἐξ
3290 4414 3457 4472 ἐθνῶν
3502 4412 3754 4486 πιστοὺς,

378 4498 416 4598 ιι
446 4498 601 4601 Deus
631 4515 703 4603 ei:
732 4500 1009 4603 gentibus
1040 4500 1282 4603 ﬁdeles,‘
1312 4501 1416 4557 sed
1448 4501 1733 4574 quoniam
1791 4500 1983 4557 salute
2088 4494 2216 4555 ἀλλ’
2271 4497 2460 4569 ἐπειδὴ
2514 4497 2656 4572 ἄξιοι
2711 4499 2851 4571 ἦσαν
2903 4503 3199 4578 σωτηρίας,
3233 4507 3469 4582 παράγει
3496 4506 3590 4562 τὸν
3615 4525 3763 4582 προ-

332 4586 496 4662 digni
529 4591 1004 4664 erant,producit
1031 4597 1088 4648 et
1115 4592 1465 4665 prophetam
1499 4593 1600 4666 qui
1643 4593 1823 4649 tantis
1843 4598 1982 4649 ante

2119 4591 2266 4662 ιήτην
2299 4590 2407 4666 πρὸ
2436 4590 2711 4648 τοσούτων
2755 4592 2974 4667 χρόνων
3034 4598 3197 4652 τοῦτο
3244 4594 3759 4676 προαναφωνοῦντα.

335 4681 706 4753 temporibus
737 4681 850 4738 hoc
876 4687 1002 4738 erat
1030 4682 1403 4739 vaticinatus.
1437 4682 1581 4740 Ecce
1608 4684 1795 4749 fenim
1830 4684 1981 4742 Deus

2119 4679 2226 4738 ,δοὺ
2256 4682 2362 4760 γὰρ
2419 4683 2449 4739 6
2507 4679 2809 4753 Θεὸς,⁴καὶ
2869 4682 3026 4755 λαὸν,
3085 4685 3177 4743 καὶ
3230 4687 3598 4763 ἠγαπημένην
3630 4688 3763 4746 Ἐκ-

328 4769 617 4842 pOpulum
652 4776 710 4829 et
737 4771 1064 4829 Ecclesiam
1096 4773 1377 4830 dilectam
1402 4790 1471 4830 ac
1503 4773 1660 4831 ﬁlios
1683 4780 1853 4833 vocat
1878 4791 1980 4832 eos

2120 4769 2340 4843 λησίαν,
2416 4770 2506 4827 καὶ
2575 4770 2731 4835 υἱοὺς
2798 4771 2963 4830 καλεῖ
3000 4775 3131 4840 τοὺς
3194 4775 3248 4849 ἐξ
3306 4774 3499 4842 ἐθνῶν.
3542 4776 3609 4835 Τί
3683 4774 3757 4847 δὴ

462 4861 850 4919 crediderunt
878 4879 951 4960 ex
978 4863 1678 4938 gentibus.Quamobrem
1696 4865 1978 4924 tandem?

2119 4877 2259 4932 :ors;
2327 4862 2545 4925 πάντως
2574 4875 2578 4879 ’
2608 4859 2702 4919 διὰ
2766 4864 2867 4933 τήν
2936 4865 3119 4921 αὑτῶν
3188 4865 3623 4943 εὐγνωμοσύνην
3659 4867 3759 4925 καὶ

333 4948 549 5019 Utique
579 4957 823 5023 propter
852 4951 1095 5009 illorum
1143 4952 1647 5026 benevolentiam,
1673 4970 1743 5011 ac
1772 4955 1975 5012 ﬁdem.

2119 4950 2293 5007 πίστιν.
2366 4974 2386 5002 ι
2429 4951 2543 5019 Τὴν
2613 4950 2715 5007 οὐκ
2778 4952 3166 5029 ἠγαπημένην.
3212 4978 3242 5007 ››
3281 4957 3398 5026 Τἠν
3465 4955 3518 5027 ἐξ
3583 4955 3757 5012 ἰθνῶν

336 5054 366 5085 ‹‹
398 5036 539 5093 Eam
571 5054 705 5111 qua
735 5038 957 5098 dilecta
979 5058 1101 5098 non
1133 5047 1280 5099 erat.
1315 5064 1345 5093 ››
1375 5042 1702 5101 Ecclesiam
1744 5061 1878 5117 qua
1910 5060 1981 5102 ex

2119 5038 2441 5111 Εκκλησίαν,
2509 5042 2630 5111 ἣτις
2696 5040 2798 5099 οὐκ
2860 5042 3117 5120 ἡγᾶπητο
3182 5044 3470 5123 πρότερον.
3522 5044 3599 5105 Οὐ
3648 5045 3759 5123 γὰρ

333 5100 614 5231 gentibus
644 5136 999 5231 congregata
1029 5136 1119 5188 est
1150 5147 1321 5204 :qua
1351 5100 1532 5190 antea
1556 5149 1679 5190 non
1702 5100 1982 5208 diligeba;

2119 5100 2352 5231 em...
2401 5100 2553 5209 at;
2691 5140 2768 5199 oe
2824 5100 2959 5205 is.
3004 5100 3128 5231 pg...
3190 5100 3367 5218 se;
3514 5100 3596 5204 re
3652 5100 3761 5222 θέε

333 5216 840 5290 tur.Neque-enim
861 5221 1048 5278 Deum
1077 5221 1492 5295 cognoscebat.
1522 5243 1552 5275 «
1583 5224 1709 5279 Non
1725 5225 1981 5299 populus

2119 5231 2216 5299 θνη
2274 5227 2575 5306 ἀπηρνεῖτο
2630 5229 2660 5285 6
2733 5232 2867 5294 Θεὸς
2924 5229 3122 5304 πάλαι,
3183 5216 3274 5290 διὰ
3326 5235 3428 5304 τήν
3489 5216 3757 5290 δεισιδαιλ

336 5321 509 5410 meus
539 5310 897 5410 mssa-Nam
927 5316 1135 5410 gentes
1164 5310 1310 5410 olim
1335 5311 1591 5386 negabat
1620 5313 1773 5372 Deus
1809 5332 1982 5391 prop-

2119 5318 2303 5410 ιονίαν.
2362 5340 2393 5372 κ
2435 5315 2677 5410 -Ἢσαΐας
2835 5321 3036 5410 ,κράζει
3091 5322 3227 5410 ὑπὲρ
3282 5327 3380 5380 τοῦ
3439 5324 3687 5410 Ἰσραήλ.
3726 5345 3756 5377 ι

335 5400 964 5483 ter-superstitionem.
996 5420 1029 5453 cc
1076 5401 1258 5460 Isaias
1304 5409 1505 5462 autem
1536 5403 1753 5462 clamat
1804 5423 1985 5481 super

328 5484 607 5544 Israel.»
661 5487 842 5555 Nihil,
900 5489 1119 5564 inquit,
1172 5495 1433 5557 veretur,
1491 5493 1597 5553 sed
1664 5496 1983 5558 manifeste

405 4319 572 4386 Quod
600 4324 801 4377 autem
836 4334 959 4378 non
991 4326 1235 4388 temere,
1283 4320 1499 4392 inquit,
1552 4333 1770 4391 neque,
1831 4317 1988 4377 sicut

336 4407 564 4466 diceret
593 4408 913 4483 quispiam,
947 4427 1017 4468 ex
1048 4426 1171 4467 una
1202 4416 1429 4467 tantum
1461 4415 1650 4485 parte,
1683 4408 1876 4466 salvos
1906 4408 1985 4466 fe-

332 4498 416 4556 cit
446 4498 601 4555 Deus
631 4515 703 4556 ex
732 4500 1009 4572 gentibus
1040 4500 1269 4567 ﬁdeles,
1312 4501 1416 4557 sed
1448 4501 1733 4574 quoniam
1791 4500 1983 4557 salute

2089 5405 2285 5466 Οὑόὶν.
2316 5408 2502 5487 φησὶν,
2536 5405 3039 5483 ὑποστελλόμενος,
3090 5409 3241 5470 ἀλλᾶ
3287 5409 3594 5491 δεαρῥῄδην
3629 5414 3764 5489 βοᾷ·

2089 5498 2234 5572 Πρὸς
2290 5502 2461 5555 ταῦτα
2512 5498 2688 5555 πάντα
2733 5499 2804 5556 τὰ
2852 5498 3231 5590 ἀνεξιχνίαστα
3285 5502 3529 5579 κρίματα
3565 5500 3763 5569 αὑτοῦ,

842 5580 1978 5682 omnia-inseratabiliai_psiusjudicia:
2089 5611 2121 5644 α
2154 5587 2231 5673 Σεὸ
2286 5588 2373 5651 τίς
2430 5586 2562 5646 εῖ⁷δ
2618 5580 3156 5667 ἀνταποκρινόμὶνος
3204 5596 3296 5665 τῷ
3331 5582 3492 5681 θεῷς
3520 5614 3547 5646 ι
3604 5580 3765 5667 Κατὰ

326 5687 357 5719 κ
390 5667 475 5726 'I‘u
503 5667 726 5771 quises
755 5670 965 5771 quia:
988 5671 1245 5771 adverso.
1281 5673 1646 5771 respondeas
1694 5677 1834 5736 Deo.
1862 5700 1892 5730 »
1924 5681 1974 5740 Α

2119 5668 2465 5737 ,οινοΰτοῦτο
2519 5675 2835 5749 ἀκουστέον,
2889 5679 2940 5751 ἤ·
2973 5681 3115 5739 κατὰ
3149 5662 3763 5758 ἔλλειψωδὸκληπτέον.

329 5761 641 5819 communi
662 5774 842 5820 sensu
858 5761 974 5821 hoc
995 5761 1474 5824 subaudiendum
1496 5771 1609 5838 est,
1638 5766 1728 5825 vel
1748 5784 1857 5843 per
1883 5769 1985 5828 do-

2119 5773 2247 5841 liov,
2311 5793 2339 5824 ‹‹
2374 5768 2440 5830 Εἰ
2501 5766 2676 5834 eum
2737 5769 2767 5826 6
2826 5770 2959 5833 Θεὸς
3016 5764 3367 5848 ἰνδείξασθαι.
3404 5796 3434 5827 »
3465 5773 3602 5832 Εἶτα
3627 5768 3769 5830 τάδε
