4114 6402
353 389 473 452 523

1475 379 1900 455 (EGUMENII
1948 379 2251 445 T810045
2294 382 2647 455 EPISCOPI

3657 395 3776 457 524

359 524 461 582 bet
503 529 702 581 autem
751 525 810 577 et
837 519 1141 593 propriam
1172 517 1526 576 doctrinam.
1558 517 1715 576 Talis
1744 533 2004 593 namque

2115 516 2275 581 κίλας
2310 517 2547 578 διανοίας
2574 514 2992 596 περιλαμϐάνει.
3027 521 3135 580 Καὶ
3159 528 3248 579 νῦν
3313 522 3407 581 οὗν
3467 546 3624 602 φησι·
3680 526 3778 597 Μὴ

357 612 689 687 proprietas
720 616 811 665 est
838 608 1021 665 divini
1055 609 1297 682 eloquii.
1330 615 1389 665 et
1424 609 1668 681 adaptat
1696 614 1754 664 et
1807 609 2003 666 cohm-

357 717 489 758 rere
519 701 660 756 facit
690 700 1002 770 sequentia
1034 699 1369 772 prmteritis,
1402 714 1758 771 rursumque
1788 715 1894 770 per
1913 715 2005 755 ea-

353 790 481 846 drm
511 790 812 862 propriam
836 788 1064 845 stabi.it
1084 789 1538 853 intelligenliam
1558 806 1627 844 ac
1648 788 2002 845 doctrinam.

355 881 499 935 Nam
534 895 667 934 cum
694 879 781 949 _sit
828 878 1102 934 sensibus
1160 879 1618 941 fertilissimum,
1643 878 2006 933 brevissimis

354 968 551 1025 verbis
576 969 794 1025 multas
816 986 883 1025 ac
906 969 1095 1025 varias
1118 968 1536 1040 complectitur
1558 967 2004 1041 intelligentias.

353 1060 427 1116 Et
470 1076 630 1115 nunc
679 1075 816 1133 ergo
867 1056 1164 1114 dicitzNe
1214 1060 1454 1130 putetis.
1507 1073 1542 1114 ο
1589 1056 1795 1121 Judmi.
1848 1055 2007 1129 quod

355 1148 696 1221 evangelica
727 1147 1017 1221 legislatio
1049 1148 1203 1203 sicut
1224 1153 1282 1202 et
1303 1147 1556 1203 Mosaica
1584 1153 1889 1203 cessatura
1910 1147 2007 1215 sit,

354 1237 503 1293 381
542 1238 629 1293 illi
658 1244 786 1295 erat
815 1237 1003 1310 figura
1032 1242 1091 1292 et
1121 1236 1193 1293 ad
1248 1236 1429 1292 aliam
1485 1236 1845 1309 respiciebat
1872 1251 2006 1309 per-

351 1326 692 1384 fectionem.
727 1328 902 1383 Recte
933 1342 1069 1397 ergo
1101 1327 1369 1383 cessavit.
1402 1326 1711 1383 Dominica
1741 1341 1875 1381 vero
1921 1325 2007 1381 le-

352 1417 587 1489 gislatio
619 1417 880 1489 perfecta
910 1423 1001 1473 est
1033 1432 1046 1470 :
1078 1415 1154 1471 ad
1183 1417 1337 1472 hanc
1363 1417 1626 1488 respexit
1656 1416 1927 1484 Mosaica,
1952 1419 2013 1469 et

354 1508 533 1581 hujus
557 1514 730 1581 typus
748 1513 895 1563 erat.
931 1507 994 1563 In
1016 1506 1145 1578 ipsa
1174 1506 1335 1562 enim
1361 1512 1453 1562 est
1470 1521 1607 1562 vere
1629 1505 2009 1578 perfectaque

345 1596 696 1672 justificatio
729 1604 933 1653 nostra
962 1613 1031 1652 ac
1062 1597 1245 1660 salus.
1278 1602 1337 1653 et
1368 1602 1502 1669 post
1545 1597 1733 1668 ipsam
1768 1612 1888 1651 non
1920 1600 2008 1650 est

2112 610 2390 680 νομίζετε,
2422 610 2467 665 ὦ
2523 609 2801 675 Ἰουδαῖοι,
2862 612 2944 668 δτι
3002 614 3037 682 ἡ
3092 612 3417 688 εὐαγγελικὴ
3456 616 3778 691 νομοθεσία,

2115 694 2299 772 ὥσπερ
2356 700 2391 768 ἡ
2429 700 2722 767 Μωσαῖκὴ,
2772 702 3128 769 παυθνίσεται.
3193 703 3404 773 ἰ.κείνη
3462 704 3632 768 τύπος
3681 705 3776 776 ἦν,

2116 790 2250 863 πρὸς
2282 786 2462 858 ἄλλην
2496 785 2693 847 ἔϐλεπε
2734 789 3075 862 τελειότητα.
3127 793 3326 856 Καλῶς
3387 795 3479 849 οὗν
3542 796 3775 867 ἐπαύθη.

2114 877 2175 933 'll
2261 874 2319 933 δὶ
2396 882 2698 947 Δεσποτική
2786 881 3100 952 νομοθεσία,
3177 882 3578 957 τετελειωμένη
3640 884 3776 941 ἱστί’

2115 967 2254 1040 πρὸς
2319 967 2521 1035 ταότην
2576 963 2803 1024 ἔϐλεπεν
2852 973 2885 1039 ἡ
2948 974 3238 1041 Μωσαϊκή,
3298 972 3390 1027 καὶ
3447 973 3651 1044 ταύτης
3706 974 3776 1044 ἦν

2114 1054 2308 1117 τῦπος.
2363 1058 2450 1114 Ἐν
2512 1058 2654 1131 αὐτῇ
2714 1060 2818 1131 γάρ
2869 1058 3011 1115 ἐστιν
3066 1062 3101 1129 ἡ
3160 1059 3400 1130 ἁληθινὴ
3450 1061 3540 1117 καὶ
3592 1059 3780 1119 τελεία

2117 1140 2400 1208 δικαίωσις
2460 1148 2624 1220 ἡμῶν
2683 1145 2776 1201 καὶ
2834 1147 3101 1223 σωτηρία,
3161 1149 3248 1204 καὶ
3307 1150 3423 1223 μετ’
3472 1150 3642 1220 αὐτὴν
3677 1150 3784 1210 οὐκ

2116 1227 2258 1289 ἔστιν
2288 1234 2463 1309 ἑτέρα.
2515 1235 2611 1291 Διὸ
2668 1233 2893 1299 εἰκότως
2954 1236 3131 1306 ἐκείνη
3194 1240 3290 1312 μὲν
3358 1238 3650 1305 πέπαυται,
3683 1241 3780 1298 καὶ

2116 1316 2194 1379 ἔτι
2226 1321 2456 1388 τελείως
2512 1326 2870 1397 παυθήσεταγ
2932 1327 3065 1398 αὕτη
3119 1325 3202 1394 δὶ,
3261 1326 3549 1393 διαπαντὸς
3603 1329 3777 1392 ἔσται.

2116 1418 2294 1469 Ταῦτα
2352 1411 2411 1470 δὲ
2467 1411 2728 1484 δηλονότι
2791 1416 2948 1493 φησὶ,
3003 1418 3326 1493 προτρέπων
3404 1420 3481 1480 εἰς
3534 1421 3636 1489 τήν
3697 1421 3779 1486 είς

2127 1503 2356 1578 Χριστὸν
2382 1504 2589 1573 πίστιν,
2620 1503 2710 1560 καὶ
2739 1508 2839 1575 τὴν
2880 1504 3161 1563 πολιτείαν
3218 1508 3319 1579 την
3376 1508 3514 1564 κατὰ
3570 1512 3632 1568 τὸ
3664 1511 3782 1569 Εὔ-

2119 1589 2436 1671 αγγέλλιον.

354 1688 493 1744 alia.
546 1686 683 1742 Ideo
726 1686 938 1743 merito
986 1685 1091 1742 illa
1138 1685 1379 1759 quidem
1435 1686 1706 1753 cessavit,
1758 1692 1817 1742 et
1864 1683 2059 1741 adhuc
2088 1688 2349 1755 perfecte
2396 1685 2701 1743 cessabit:
2733 1685 2862 1744 haec
2900 1692 3101 1744 autem
3151 1703 3389 1763 semper
3428 1695 3561 1749 erzt.
3593 1692 3780 1751 Porro

356 1776 484 1835 haec
513 1777 1001 1833 dicitadhortans
1031 1776 1104 1833 ad
1135 1775 1313 1832 fidem
1346 1777 1405 1832 in
1436 1776 1757 1840 Christum,
1787 1774 2149 1847 dignamque
2181 1775 2492 1849 Evangelia
2516 1777 3043 1837 conversationem.

428 1889 457 1919 ι(
481 1866 630 1933 Quia
651 1882 985 1924 sermonem
1012 1865 1479 1925 abbreviatum.»
1504 1868 1847 1921 Sermonem
1865 1880 2004 1920 cum

355 1964 720 2015 summatum
752 1963 811 2012 et
838 1956 1241 2013 abbreviatum
1284 1955 1468 2021 dedit,
1502 1955 1720 2027 inquit,
1766 1962 2007 2011 contra-

2188 1887 2215 1914 «
2250 1869 2374 1919 *ωτι
2415 1861 2583 1940 λόγον
2641 1868 3105 1941 συντετμημένον.
3144 1890 3171 1918 »ι
3231 1867 3404 1944 Λόγον
3461 1868 3780 1926 συντετελε-

2119 1951 2315 2023 σμένον
2342 1955 2432 2009 καὶ
2458 1956 2894 2029 συντετμημὲνον
2941 1950 3131 2019 ἔδωκε,
3187 1958 3344 2035 φησὶ,
3403 1959 3688 2032 σίντομον.
3716 1964 3779 2019 Ὁ

358 2054 539 2104 ctum.
569 2045 958 2102 Abbreviatus
983 2052 1182 2102 autem
1233 2052 1292 2100 et
1333 2051 1782 2101 consummatus
1814 2059 2005 2099 sermo

2120 2037 2179 2096 δὲ
2208 2046 2649 2117 συντετμημένος
2676 2045 2768 2101 καὶ
2828 2043 3308 2119 συντετελεσμένος
3367 2043 3557 2126 λόγος,
3610 2050 3639 2105 6
3670 2054 3778 2121 τῆς

359 2134 497 2192 ﬁdei
521 2142 611 2191 est
632 2134 1106 2207 quijustificabit
1126 2134 1459 2191 credentes.
1487 2165 1551 2176 -
1574 2136 1696 2190 Alio
1728 2133 1886 2189 modo
1914 2133 2008 2188 Fi—

359 2223 495 2281 dem
529 2223 691 2280 dicit.
716 2247 744 2275 (ι
779 2226 924 2281 Nam
971 2225 1020 2280 si
1061 2226 1370 2281 confessus
1418 2224 1625 2289 fueris,
1658 2223 1872 2296 inquit,
1904 2239 2007 2279 ore

360 2321 463 2373 tuo
504 2316 821 2375 Dominum
867 2315 1089 2379 Iesum,
1125 2322 1183 2371 et
1230 2314 1557 2371 credideris
1595 2316 1657 2370 in
1696 2314 1874 2370 corde
1908 2319 2007 2369 tuo

352 2403 513 2478 quod
572 2405 726 2462 Deu‘s
789 2404 963 2460 illum
1016 2405 1291 2461 excitavit
1349 2421 1420 2461 ex
1478 2404 1750 2471 mortuis,
1811 2402 2007 2461 salvus

348 2495 469 2552 eris
498 2495 563 2550 “.
598 2518 628 2546 υ
665 2494 864 2551 Faciet
891 2501 1113 2560 autem,
1140 2494 1200 2552 id
1234 2500 1343 2562 est,
1389 2493 1578 2550 dabit.
1610 2493 1783 2549 Vides
1812 2493 2006 2549 brevi-

348 2590 531 2641 tatem
558 2600 627 2641 ac
658 2585 1234 2641 consummationem
1260 2601 1364 2640 seu
1388 2583 1814 2655 perfectionem
1836 2582 1862 2637 ?
1884 2582 2006 2637 Nisi

351 2673 642 2731 Dominus
670 2673 947 2739 Sabaoth,
976 2697 1001 2723 »ι
1026 2673 1085 2730 id
1119 2680 1227 2738 est,
1254 2675 1641 2739 exercituum,
1675 2672 2003 2743 copiarum,

353 2785 382 2815 ιι
414 2764 760 2837 reliquisset
812 2763 1006 2819 nobis.
1040 2784 1068 2814 »ι
1099 2765 1211 2818 Per
1236 2764 1363 2818 haec
1397 2763 1629 2819 territat
1665 2762 1803 2818 illos
1832 2768 1893 2818 et
1922 2761 2006 2817 in-

353 2861 576 2926 crepat,
609 2871 676 2911 ac
709 2854 757 2910 si
788 2853 1014 2910 diceret
1042 2870 1054 2908 :
1088 2854 1209 2909 Nisi
1260 2854 1501 2926 quidam
1546 2860 1806 2909 vestrum
1845 2858 2005 2909 certe

354 2943 635 3000 credituri
659 2950 862 3000 essent
883 2943 940 2997 in
973 2942 1291 3007 Christum.
1324 2960 1359 3000 a
1388 2942 1659 3000 Sodomis
1680 2949 1736 2998 et
1759 2942 2004 2999 Gomor-

353 3034 464 3090 rha
493 3034 555 3089 in
587 3033 753 3089 nullo
786 3033 1127 3098 ὤσει-τοῦδ,
1161 3049 1500 3105 quanquam
1534 3033 1607 3089 de
1651 3034 2005 3105 cognatione

353 3122 544 3180 Adam
574 3122 935 3195 gloriamini.
956 3122 1057 3178 Vel
1088 3124 1305 3195 potius.
1331 3123 1556 3179 dictum
1592 3118 2005 3195 propheticum

357 3213 427 3269 ad
462 3213 522 3269 id
554 3212 1011 3287 intelligendum
1036 3218 1126 3268 est
1156 3213 1313 3284 quod
1334 3212 1554 3269 dicitur
1585 3229 1599 3266 :
1634 3237 1657 3263 ιι
1687 3212 1884 3269 Faciet
1909 3211 2007 3268 ab-

354 3301 684 3359 breviatum
736 3319 1071 3360 sermonem
1106 3328 1127 3354 ι
1165 3320 1179 3370 ;
1223 3310 1506 3374 tanquam
1555 3302 1804 3359 dixisset
1835 3319 1848 3357 :
1882 3301 2005 3358 Nisi

349 3393 595 3451 fecisset
620 3392 906 3449 Dominus
938 3399 998 3447 et
1032 3391 1298 3448 dedisset
1345 3393 1668 3463 perfectam
1707 3390 2005 3464 Evangelii

351 3480 543 3554 legem
566 3496 673 3553 per
694 3481 907 3537 Filium
941 3497 1114 3537 suum
1133 3480 1520 3553 adjustitiam
1544 3487 1604 3537 et
1624 3481 1877 3537 salutem
1901 3495 2004 3536 no-

354 3578 562 3638 stram,
596 3585 806 3626 omnes
826 3577 892 3625 ut
911 3568 1165 3626 Sodoma
1186 3570 1324 3626 facti
1365 3570 1708 3638 fuissemus,
1733 3576 1844 3627 etc.
1862 3570 2007 3627 Nam

353 3676 559 3717 semen
610 3659 1011 3734 evangelicam
1059 3659 1250 3734 legem
1297 3658 1610 3733 significat,
1644 3660 1799 3717 sicut
1826 3660 2007 3718 etiam

352 3749 498 3807 dicit
519 3748 810 3811 Dominus
836 3766 849 3805 :
876 3770 903 3799 α
924 3748 1082 3805 Exiit
1109 3749 1208 3822 qui
1244 3748 1579 3807 seminabat
1606 3750 1680 3807 ad
1702 3751 2006 3808 seminan-

352 3839 493 3897 dum
516 3841 579 3896 “.
607 3863 636 3891 »
661 3872 725 3884 -
747 3863 773 3894 α
794 3840 1174 3912 Beliquisset.
1191 3861 1221 3891 »
1237 3845 1359 3896 Non
1376 3847 1604 3897 tantum
1628 3840 2004 3909 seminasset,

350 3928 567 4002 inquit.
591 3946 794 3987 verum
829 3928 1007 3986 etiam
1040 3937 1476 4002 prmservasset,
1496 3946 1572 3985 ne
1603 3947 1640 3986 ιι
1666 3930 2006 3987 volucribus

350 4027 682 4093 raperetur,
713 4026 817 4076 aut
845 4020 916 4075 ab
946 4020 1082 4076 aliis
1113 4020 1416 4091 quibusvis
1466 4020 1764 4077 ferocibus
1795 4026 1853 4077 et
1898 4022 2006 4077 im-

355 4110 597 4165 mundis
626 4110 936 4181 spiritibus
960 4109 1050 4164 vel
1080 4110 1540 4179 cogitationibus
1588 4127 2004 4182 corrumpere-

353 4204 451 4255 tur
477 4216 492 4267 ;
526 4198 631 4255 sed
662 4204 721 4256 et
752 4199 1109 4255 seminasset
1141 4205 1200 4255 et
1245 4206 1685 4272 praeservasset,
1727 4207 1793 4255 ut
1823 4207 1883 4256 et
1911 4218 2005 4256 re-

352 4288 563 4344 lictum
615 4295 774 4344 esset
822 4287 1016 4355 nobis,
1065 4294 1123 4344 et
1171 4289 1243 4345 ad
1291 4289 1586 4345 culturam
1637 4305 1706 4344 ac
1745 4288 2004 4345 fructum

352 4378 746 4450 provenisset.
779 4379 1096 4434 Possemus
1118 4385 1314 4434 autem
1341 4384 1399 4434 et
1423 4379 1671 4434 seminis
1712 4377 1844 4434 loco
1869 4396 2007 4450 apo-

350 4467 901 4541 stolosintelligere:
931 4468 1032 4542 qui
1057 4484 1125 4523 ex
1148 4467 1430 4524 omnibus
1450 4467 1669 4525 Judwis
1689 4467 1751 4523 in
1774 4484 2004 4525 morem

348 4556 597 4614 seminis
628 4556 823 4624 electi,
851 4556 982 4614 orbi
1013 4557 1208 4614 relicti
1242 4563 1403 4624 sunt,
1446 4573 1766 4630 omnesque
1797 4566 2004 4633 gentes

347 4652 415 4704 ut
441 4646 659 4711 Christi
689 4646 955 4706 Ecclesia
985 4645 1219 4714 ﬂerent,
1250 4646 1587 4707 coluerunt.
1621 4648 1854 4707 Etenim
1883 4649 2001 4708 fer-

347 4737 537 4809 menti
567 4737 853 4813 parabole
883 4754 1015 4810 qum
1059 4743 1150 4794 est
1176 4737 1238 4795 in
1285 4737 1623 4813 Evangelia,
1666 4755 1703 4795 a
1729 4739 2004 4812 pluribus

2116 2131 2350 2193 πίστεώς
2409 2133 2520 2188 ἐστι
2570 2134 2717 2196 ὅστις
2774 2134 3055 2190 δικαιώσει
3106 2135 3235 2198 τοὺς
3294 2139 3672 2199 πιστεύοντας.
3704 2169 3779 2183 --

2115 2216 2361 2306 Ἄλλως.
2392 2222 2504 2289 Τήν
2536 2221 2716 2278 πίστιν
2749 2219 2916 2297 λέγει.
2977 2246 3006 2275 ιι
3036 2223 3165 2280 Έᾶιν
3223 2223 3330 2302 γὰρ
3389 2224 3578 2306 φησὶν,
3612 2225 3778 2304 εἶ’πῃς

2115 2305 2168 2361 ἐν
2194 2310 2276 2378 τῷ
2306 2307 2537 2382 στόματί
2568 2328 2665 2366 σου
2700 2309 2897 2387 Κύριον
2951 2314 3185 2381 Ἰησοῦν,
3245 2313 3336 2367 καὶ
3395 2314 3685 2389 πιστεύσῃς
3720 2315 3775 2372 ἓν

2113 2399 2183 2469 τῇ
2204 2393 2404 2471 καρδίᾳ
2434 2418 2530 2453 σου
2572 2399 2657 2457 δτι
2689 2400 2719 2456 6
2748 2401 2880 2462 Θεὸς
2939 2400 3099 2457 αὐτὸν
3155 2401 3401 2480 ἤγειρεν,
3461 2405 3702 2479 σωθήσῃ.
3740 2429 3773 2459 ιι

2115 2488 2190 2543 Τὸ
2221 2481 2299 2557 δὲ,
2337 2490 2582 2560 υοιησει,
2613 2487 2735 2545 ἀντὶ
2791 2494 2911 2562 τοῦ,
2962 2492 3155 2549 Δώσει.
3189 2493 3350 2567 Ὀρός
3408 2500 3508 2563 τῆν
3564 2516 3774 2550 συντο-

2119 2574 2245 2649 μίαν
2274 2576 2365 2632 καὶ
2393 2578 2492 2647 τήν
2524 2580 2805 2636 τελείωσιν
2838 2599 2853 2651 ;
2890 2606 2912 2632 ι
2956 2581 3019 2636 Εἰ
3054 2584 3131 2656 μή
3192 2582 3396 2656 Κύριος
3455 2578 3709 2656 Σοϐαὼθ,
3742 2610 3775 2640 ιο

2116 2661 2398 2740 δυνάμεων
2433 2710 2450 2737 ,
2508 2673 2776 2743 στρατιῶν
2811 2713 2825 2737 ,
2911 2694 2940 2723 ιι
3001 2668 3347 2744 ἐγκατέλιπεν
3427 2674 3586 2748 ἡμῖν.
3624 2698 3654 2726 ››
3701 2706 3777 2721 -

2115 2753 2455 2828 [ψιιΤμιά
2497 2758 2628 2812 *ούτ
2761 2755 2873 2813 δ’“’
2972 2780 2999 2792 τ
3189 2760 3204 2782 ⁸
3479 2766 3501 2778 “
3605 2762 3617 2781 ’
3699 2769 3721 2781 “’

2132 2842 2145 2852 ⁸
2273 2796 2299 2852 ⁸.
2379 2846 2389 2852 _
2493 2797 2525 2852 ..
2609 2780 2706 2813 .ων
2795 2778 3058 2815 εοιττειαι
3114 2780 3205 2815 και
3277 2760 3504 2836 ἐπιτιμᾳ
3558 2783 3778 2852 αυτοις,

2115 2842 2191 2904 ὡς
2229 2842 2290 2900 Εἰ
2323 2846 2399 2916 μή
2434 2846 2648 2909 παντως
2679 2848 2819 2911 τινες
2852 2849 3005 2921 ὑμῶν
3038 2850 3388 2906 πιστεύσουσι
3422 2855 3501 2922 τῷ
3525 2842 3774 2927 Χριστῷ,

2115 2931 2385 3006 Σοδόμων
2414 2936 2506 2992 καὶ
2538 2936 2823 3012 Γομόρῥας
2855 2934 3011 2993 οὐδὶν
3062 2936 3124 2994 ἂν
3159 2935 3544 3016 διενηνοχότες
3603 2940 3779 3013 εἳητε,

2114 3020 2159 3076 εἷ
2208 3023 2298 3079 καὶ
2350 3024 2439 3080 ἐπὶ
2494 3028 2564 3092 τῆ
2624 3028 2902 3103 συγγενείᾳ
2946 3030 3043 3083 τοῦ
3090 3024 3346 3104 Ἀϐραὰμ
3400 3025 3774 3104 ἐναϐρύνεσοε.

2113 3113 2178 3170 Ἢ
2233 3112 2449 3187 μᾶλλον
2491 3114 2626 3189 πρὸς
2685 3116 2771 3184 τὸ,
2835 3142 2863 3169 ιι
2896 3121 3121 3188 Ποιησει
3175 3138 3267 3174 τον
3329 3120 3777 3195 συντετμημάνον

2113 3198 2300 3277 λόγον,
2334 3227 2362 3255 ››
2387 3202 2693 3276 ὲκληπτέον
2745 3206 2845 3275 τήν
2875 3208 3226 3281 προφητικήν
3286 3206 3462 3285 ῥῆσιν·
3524 3210 3672 3278 οἷον,
3704 3210 3774 3270 El

2117 3293 2194 3365 μή
2222 3290 2448 3364 ἐποίησε
2506 3298 2671 3351 τοῦτο
2728 3296 2757 3350 6
2816 3296 3044 3372 Κύριος,
3102 3296 3193 3353 καὶ
3249 3295 3449 3355 ἔδωκεν
3504 3302 3641 3372 ἡμῖν
3673 3302 3771 3359 τὸν

2116 3383 2328 3439 τὲλειον
2353 3387 2451 3439 τοῦ
2496 3382 2844 3462 Εὐαγγελίου
2873 3386 3040 3459 νόμον
3070 3384 3159 3442 διὰ
3200 3391 3297 3442 τοῦ
3338 3388 3466 3443 1⁵⁷ιοῦ
3491 3387 3657 3444 αὐτοῦ
3687 3389 3772 3455 εἰς

2119 3469 2396 3528 δικαίωσιν
2427 3473 2516 3529 καὶ
2550 3474 2820 3549 σωτηρίαν
2871 3476 3058 3550 ἡμῶν,
3102 3475 3297 3538 πάντες
3328 3474 3389 3532 ἂν
3415 3475 3491 3540 ὡς
3540 3476 3775 3553 Σόδομα

2114 3560 2479 3639 ὶγενηθημεν,
2505 3563 2594 3620 καί
2628 3563 2771 3635 ἑξῆς.
2805 3566 2883 3621 Ἰὸ
2911 3567 3013 3640 γαρ
3063 3565 3278 3641 σπέρμα
3324 3565 3418 3623 τὸν
3475 3565 3774 3646 εὐαγγελι-

2112 3652 2206 3708 κὸν
2238 3652 2405 3726 νόμον
2438 3652 2717 3729 σημαίνει,
2750 3653 2826 3716 ὡς
2856 3654 2945 3710 καὶ
2977 3654 3006 3710 ὁ
3041 3653 3243 3727 Κύριός
3273 3676 3460 3726 ωησιν,
3527 3682 3547 3709 ι
3585 3656 3769 3729 E5131-

2114 3743 2200 3798 θεν
2233 3743 2261 3799 6
2292 3744 2527 3816 σπείρων
2558 3748 2656 3801 τοῦ
2682 3750 2918 3820 σπεῖραι.
2956 3769 2983 3797 ››
3018 3746 3096 3802 Τὸ
3123 3741 3201 3816 δὲ,
3238 3768 3267 3797 ιι
3296 3742 3713 3821 Ἐγκαῖὲλιπεη
3743 3771 3776 3801 ιν

2111 3829 2238 3893 ’Ότι
2288 3834 2351 3891 οὐ
2413 3836 2606 3910 μόνον,
2657 3839 2841 3918 φηστν,
2898 3830 3164 3910 ἔσπειρεν,
3223 3834 3350 3893 ἀλλ’
3408 3834 3536 3894 οὐδὲ
3588 3837 3765 3894 εἷάσεν

2113 3923 2247 3981 αὐτα
2274 3924 2680 4002 ἀναρπασοῆναι
2709 3925 2817 3983 ὑπὸ
2845 3929 2953 3981 τῶν
3013 3930 3301 3994 πετεινῶν,
3332 3926 3368 3997 ἢ
3403 3923 3766 4005 διαφθαρῆναι

2115 4015 2218 4070 ὑπὸ
2277 4014 2475 4091 ἑτέρων
2523 4020 2686 4071 nva
2741 4015 2944 4093 ἀγρίων
3001 4017 3089 4071 καὶ
3148 4015 3463 4090 ἆκαθπὶρτων
3519 4016 3763 4086 πνευμά-

2112 4124 2222 4160 των
2254 4104 2289 4173 ii
2323 4102 2630 4182 λογισμῶν,
2663 4103 2809 4160 ἀλλὰ
2846 4105 2937 4162 καὶ
2982 4102 3218 4179 ἔσπειρε,
3273 4105 3363 4162 καί
3418 4101 3757 4174 διετήρησεν,

2114 4190 2252 4248 ὥστε
2300 4191 2788 4274 ἐγκαταλειφθῆναι
2845 4195 3005 4265 ἡμῖν,
3071 4195 3160 4251 καὶ
3221 4193 3298 4258 εἷς
3355 4192 3619 4269 γεώργιον
3667 4191 3764 4247 καὶ

2111 4282 2319 4357 καρπὸν
2363 4280 2673 4357 προελθεῖν.
2733 4283 2932 4339 Δύναιο
2991 4280 3038 4339 δ’
3094 4283 3157 4339 ἂι
3215 4284 3305 4339 καὶ
3365 4279 3581 4358 σπέρμα
3635 4278 3768 4345 τοὺς

2112 4372 2457 4435 ἂποστυλους
2487 4368 2760 4441 ἐκλαϐεῖν,
2810 4373 2866 4429 οἳ
2922 4373 2983 4430 ἐκ
3039 4374 3253 4431 πάντων
3312 4378 3422 4429 τῶν
3480 4369 3766 4430 Ἰουδαίων

2115 4460 2268 4534 δίκην
2302 4464 2612 4540 σπέρματος
2653 4465 3049 4542 ἀφαιρεθέντες,
3105 4469 3175 4539 τῇ
3234 4463 3537 4538 οἱκουμίνῃ
3577 4460 3775 4536 ἐγκατ-

2114 4549 2459 4625 ελείφθησαν,
2489 4553 2579 4609 καὶ
2608 4554 2676 4609 τὰ
2717 4551 2845 4626 ἔθνη
2880 4556 3056 4611 πάντα
3082 4551 3153 4629 τῇ
3199 4552 3503 4625 Ἐκκλησία
3528 4551 3770 4627 Χριστοῦ

2113 4641 2482 4720 ἐγεὼργησαν.
2516 4644 2620 4704 Καὶ
2651 4644 2757 4721 γὰρ
2788 4643 2842 4701 ἐν
2885 4648 2968 4718 τῷ
3032 4640 3361 4721 Εὐαγγελίῳ
3391 4645 3427 4714 ἡ
3459 4648 3562 4714 τῆς
3592 4642 3775 4717 ζύμης

2112 4728 2407 4809 παραϐολὴ
2468 4734 2561 4789 καὶ
2635 4734 2822 4797 αὐτοῖς
2888 4733 3275 4813 ἐφαρμόζουσα
3327 4736 3449 4796 τοῖς
3502 4731 3773 4807 πατράσιν

346 4830 570 4885 nostris
592 4828 861 4902 patribus
885 4828 1044 4884 dicta
1065 4834 1157 4884 est
1177 4828 1323 4902 ipsis
1345 4828 1535 4901 aptari
1555 4827 1623 4886 ⁴⁶.
1653 4829 1809 4886 888
1832 4829 2001 4896 Quod

2115 4824 2270 4896 ἡμῶν
2303 4823 2407 4879 οὐκ
2440 4820 2658 4895 ὀλίγοις
2688 4821 3083 4899 παρείληπται.
3115 4824 3281 4882 Ὅσον
3314 4820 3433 4890 οὖν,
3468 4820 3660 4899 φησὶν,
3691 4818 3775 4883 τίς

347 4933 485 4989 ergo
514 4918 854 4988 pertinebat
882 4917 957 4973 ad
991 4916 1329 4973 Judaeorum
1366 4917 1872 4986 incredulitatem,
1906 4920 1998 4974 in-

349 5006 499 5077 quit,
533 5011 597 5060 ut
625 5005 881 5062 Sodoma
902 5014 961 5062 et
989 5007 1315 5063 Comorrha
1345 5007 1481 5063 facti
1522 5009 1863 5074 fuissemus,
1898 5006 2004 5064 sed

348 5111 384 5149 a
417 5094 665 5149 Domino
696 5096 952 5151 Sabaoth
985 5096 1256 5152 relictum
1315 5096 1486 5152 nobis
1543 5113 1747 5152 semen
1789 5113 2003 5169 nempe

348 5183 601 5255 apostoli
657 5184 934 5240 adductis
983 5186 1043 5241 in
1096 5187 1350 5242 fructum
1395 5186 1692 5259 gentibus,
1724 5187 2003 5259 variaque

348 5273 774 5346 agricolatione
800 5284 1057 5331 ostensa.
1091 5276 1519 5347 promissiones
1548 5294 1681 5348 qua:
1713 5276 1787 5331 ad
1818 5276 2005 5333 Abra-

347 5362 485 5417 ham
517 5362 686 5419 factae
719 5371 877 5422 sunt.
902 5365 961 5419 in
998 5365 1117 5420 illis
1147 5367 1510 5437 germinatas
1534 5372 1592 5421 et
1622 5383 1995 5423 consumma-

346 5457 438 5508 tas
467 5452 647 5509 rebus
669 5453 1045 5509 demonstrat
1091 5477 1119 5506 «
1145 5456 1506 5528 Reliquisset
1535 5455 1730 5512 nobis.
1754 5477 1785 5508 ››
1808 5458 1878 5512 Et
1897 5474 2005 5529 per

344 5559 513 5601 suam
541 5544 815 5618 gratiam,
866 5552 927 5602 et
953 5552 1199 5620 propter
1236 5548 1587 5606 relictorum
1644 5546 2001 5621 benevolen-

409 5761 456 5800 “
487 5761 655 5822 Rom.
692 5762 745 5831 τ,
779 5764 832 5819 9.
911 5762 961 5802 ⁸
991 5762 1194 5822 Matth.
1227 5776 1349 5836 xm,
1383 5763 1435 5819 8.
1514 5762 1562 5801 “
1590 5762 1738 5824 ibid.
1771 5763 1860 5822 ει.

2110 4914 2209 4980 τήν
2240 4910 2519 4968 Ἰουδαίων
2548 4913 2677 4982 ἧκεν
2704 4912 2975 4981 ἀπιστίαν,
3010 4913 3084 4975 ὡς
3131 4909 3390 4988 Γόμορρα
3427 4911 3519 4966 καὶ
3547 4907 3776 4982 Σόδομα

2112 4999 2172 5057 ἂν
2206 5002 2554 5077 ἐγενήθημεν,
2590 5001 2735 5058 ἀλλὰ
2764 5006 2828 5058 τὸ
2859 5003 2965 5057 ἀπὸ
2998 5002 3201 5078 Κυρίου
3246 4996 3480 5065 Σαϐαὼθ
3539 4997 3772 5074 ἐγκαταο

2114 5091 2327 5169 iusst»
2365 5095 2502 5164 ἡμῖν
2567 5096 2801 5167 σπέρμα,
2863 5093 2919 5148 oi
2977 5089 3306 5162 ἀπόστολοι,
3365 5090 3455 5146 καὶ
3514 5091 3582 5145 τὰ
3643 5086 3772 5158 ἔθνη

2110 5185 2646 5260 καρποφορησαντες,
2700 5183 2789 5238 καὶ
2848 5181 3136 5258 πολύχουν
3167 5184 3231 5236 τὸ
3259 5182 3526 5259 γεώργιον
3556 5175 3778 5248 δείξαν-

2109 5292 2221 5337 τες,
2272 5273 2368 5335 τὶς
2402 5273 2479 5336 εἷς
2532 5274 2625 5329 τὸν
2687 5270 2939 5347 Ἀϐραὰμ
2991 5274 3360 5348 γεγενημὲνας
3418 5265 3777 5347 ἑπαφγελίας,

2112 5365 2402 5421 ἐπάὐτῶν
2460 5364 2720 5426 ἀειθοῦσας
2779 5364 2870 5419 καὶ
2926 5362 3311 5439 τελειουμένας
3379 5365 3487 5416 τῶν
3522 5354 3783 5435 πραγμά-

2108 5476 2217 5512 των
2249 5453 2607 5513 δεικνόουσιν.
2655 5479 2685 5508 ιι
2718 5454 3106 5534 Ἐγκατελιπεν
3158 5456 3320 5526 ἡμῖν.
3362 5478 3383 5502 ι
3422 5451 3523 5507 Δια
3567 5469 3626 5505 τε
3675 5447 3779 5515 τὴν

2111 5545 2276 5604 αὐτοῦ
2306 5547 2492 5625 χάριν,
2519 5546 2612 5603 καὶ
2653 5544 2743 5603 διὰ
2770 5547 2871 5615 τήν
2921 5548 3031 5603 τῶν
3057 5540 3536 5623 καταλειφθὲντων
3571 5538 3784 5619 εὐγνωε
