4122 6412
317 452 438 515 867

1434 446 1862 515 (ECUMENII
1907 443 2211 510 TRICCE
2256 443 2629 510 EPISCOPI.

3624 448 3749 510 568

318 590 498 659 puta:
530 582 658 641 Sive
691 584 1066 658 prophetiam
1089 583 1226 658 quis
1253 582 1490 641 habeat.
1524 583 1645 640 sive
1695 582 1972 639 ministe-

2108 577 2284 650 ἱήλατι
2318 578 2509 641 Οἷῖτως
2540 576 2632 635 οὖν
2659 576 2766 635 ἀπὸ
2793 580 2983 635 κοινοΰ
3011 577 3099 649 τὸ,
3140 602 3169 631 a
3202 580 3489 657 Ἔχοντες.
3519 605 3542 636 ι
3605 580 3750 637 κατὰ

320 676 474 730 rium
510 675 643 745 quis
676 675 873 731 habet.
939 675 1003 730 1d
1062 683 1262 731 autem
1320 679 1579 736 vocatur,
1613 690 1647 730 a
1676 672 1982 730 communi

322 780 504 820 sensu
537 766 809 836 repetitio
825 766 1075 820 etetiam
1091 782 1355 838 zeugma,
1382 764 1732 838 quiajungit
1753 762 1983 835 plurale

324 854 636 926 singulari,
672 861 729 910 et
746 854 1126 927 participium
1143 854 1319 909 verbo
1366 855 1443 909 lta
1464 870 1601 927 ergo
1617 872 1651 909 a
1677 862 1988 917 communi

327 958 508 1000 sensu
539 952 783 1016 accepta
814 943 1013 999 dictio.
1049 966 1077 993 ‹‹
1114 942 1411 998 Habentes
1444 966 1473 993 ››
1524 943 1697 1013 juxta
1744 958 1986 1015 zeugma

323 1032 560 1104 perlicit
589 1034 835 1089 tandem
869 1050 937 1088 ea
966 1034 1195 1089 ratione
1230 1032 1611 1100 sententiam,
1656 1032 1985 1104 impletque

323 1121 473 1178 loca.
511 1122 678 1179 Modo
700 1130 897 1180 autem
932 1124 1217 1179 defectivo
1240 1140 1443 1179 rursus
1475 1124 1838 1196 el‘tiguratur.
1878 1124 1986 1177 De-

326 1211 453 1269 ﬁcit
482 1214 640 1269 enim
667 1213 970 1285 quidpiam
1004 1213 1078 1268 ad
1109 1213 1298 1284 ipsam
1332 1212 1644 1268 sententia:
1680 1212 1988 1284 perfectio-

324 1317 467 1359 nem
492 1320 506 1370 ;
531 1309 673 1374 puta
699 1319 713 1358 :
739 1302 975 1359 Maneat
994 1305 1248 1375 quisque
1268 1303 1330 1358 in
1363 1302 1518 1358 dono
1545 1302 1702 1374 quod
1724 1303 1983 1374 accepit:

326 1398 465 1450 aut:
498 1392 826 1450 Contentus
857 1393 971 1460 sit;
1005 1398 1150 1448 aut:
1201 1392 1283 1447 Eo
1316 1391 1528 1448 ordine
1560 1391 1860 1465 procedat,
1894 1391 1987 1448 vel

326 1480 492 1538 aliud
518 1480 862 1552 hujusmodi
886 1496 902 1549 ;
929 1481 1109 1538 veluti
1137 1497 1152 1537 :
1172 1481 1299 1538 Sive
1329 1482 1706 1555 prophetiam
1723 1482 1859 1554 quis
1881 1481 1985 1538 ba-

325 1570 606 1630 beatsive
636 1572 1063 1640 ministerium,
1120 1577 1358 1629 maneat
1416 1572 1709 1644 quisque:
1768 1578 1829 1628 et
1885 1572 1987 1645 qui

326 1662 707 1737 prophetiam
733 1661 995 1724 habet.et
1012 1662 1113 1732 qui
1128 1661 1554 1730 ministerium,
1576 1667 1636 1717 et
1651 1662 1753 1733 qui
1775 1662 1990 1718 doctri-

329 1767 495 1816 nam,
530 1757 588 1808 et
618 1752 718 1823 qui
751 1750 1243 1817 exhortationem,
1274 1750 1537 1824 denique
1567 1752 1629 1807 in
1645 1750 1801 1808 dono
1833 1752 1989 1824 quis-

334 1854 450 1913 que
474 1838 632 1910 quod
652 1838 900 1910 accepit.
920 1840 991 1895 Et
1012 1839 1294 1911 frequens
1317 1845 1407 1896 est
1428 1839 1635 1896 talium
1660 1856 1802 1896 usus
1832 1840 1990 1913 apud

2090 670 2154 725 τὸ
2186 673 2390 745 ζεῦγμα
2419 664 2862 743 λαμϐανόμενον,
2914 672 3096 746 ἀπηρτ
3125 669 3328 743 σμένην
3387 672 3524 726 κατά
3579 669 3749 727 τούτο

2093 759 2229 823 τέως
2257 782 2357 830 την
2385 758 2589 816 ἔννοιαν
2647 760 2736 815 καὶ
2794 761 2861 816 τὶ
2919 760 3101 836 χωρία
3148 767 3316 818 ποιεῖ.
3379 760 3752 832 Ἐλλειπτικῷ

2095 846 2152 904 δὲ
2180 848 2346 905 πάλιν
2394 850 2822 926 ἐσχημάτισται,
2876 850 2960 905 ὅτι
2989 847 3171 907 λείπει
3218 872 3270 905 τι
3322 852 3459 926 πρὸς
3518 851 3749 909 αὐτοτε-

2092 939 2305 997 τέλειαν
2335 946 2431 997 τοῦ
2460 944 2761 1014 νοήματος.
2806 941 2940 999 Οῖον
2986 942 3050 996 τὸ
3109 940 3331 999 Μενέτω
3390 940 3442 997 ἐν
3475 940 3522 1015 ᾧ
3552 939 3752 999 ἔλαϐεν

2094 1026 2319 1092 ἕκαστος
2358 1030 2684 1111 χαρίσματι,
2716 1030 2776 1099 ἢ,
2800 1029 3118 1104 Ἀρκείαηω,
3269 1034 3593 1106 Στοιγείτω,
3626 1031 3662 1103 ἤ
3694 1054 3751 1088 τι

2093 1123 2366 1180 τοιοῦτον,
2399 1118 2553 1177 ιιῖον,
2593 1115 2713 1174 Εντε
2743 1117 3077 1195 προφητείαν
3134 1113 3253 1194 ἔχει
3281 1139 3388 1181 τις,
3421 1117 3533 1176 ε”τε
3565 1117 3755 1176 diam-

2091 1207 2232 1276 vicv,
2277 1207 2482 1280 μενέτω
2538 1207 2797 1275 ἱκαστος,
2847 1208 2935 1264 καί
2970 1210 2998 1264 6
3027 1210 3127 1276 τήν
3186 1211 3527 1285 προφητείαν
3577 1207 3756 1288 ἔχων.

2093 1298 2184 1356 καὶ
2242 1300 2271 1355 6
2325 1300 2426 1369 τήν
2487 1294 2763 1354 διακονίαν
2800 1343 2815 1368 ,
2870 1298 2961 1354 καὶ
3005 1301 3033 1355 6
3090 1300 3191 1367 τήν
3247 1297 3601 1356 διδατκαλίαν
3657 1299 3759 1357 καὶ

2096 1389 2125 1446 6
2180 1390 2279 1457 τήν
2333 1386 2680 1466 παράκλησιν
2766 1385 2912 1462 ἔχων
2949 1430 2964 1453 ,
3020 1386 3213 1453 ἀπλως
3284 1387 3532 1456 ἓκαστος,
3592 1386 3646 1446 ἐν
3705 1388 3760 1464 ᾧ

2094 1474 2261 1537 ἔλαϐε
2279 1478 2604 1554 χαρίσματι.
2632 1477 2736 1535 Καὶ
2762 1474 2949 1546 πολλή
2972 1475 3115 1534 ἐστιν
3139 1480 3174 1545 ἡ
3196 1481 3304 1534 τῶν
3318 1478 3583 1535 τοιούτων
3604 1485 3762 1555 χρῆ-

2097 1587 2181 1631 σις
2207 1568 2354 1642 παρά
2387 1571 2469 1639 τῷ
2498 1566 2789 1641 θαυμασίῳ
2818 1564 3046 1640 Παύλῳ.
3105 1566 3211 1626 Καὶ
3246 1568 3323 1643 μή
3380 1567 3667 1645 θαυμᾶτῃς
3699 1566 3754 1625 εἰ

2095 1656 2313 1730 ἀμαθῆς
2345 1654 2419 1712 ὢν
2468 1657 2697 1724 τούτων,
2749 1654 3021 1732 ἰκὲχρητο
3075 1654 3313 1722 τοὺτοις.
3379 1656 3443 1714 ἹΙ
3493 1657 3596 1734 γὰρ
3644 1658 3765 1738 χοὶ-

2099 1766 2185 1823 ρις
2213 1748 2248 1816 ἡ
2279 1745 2346 1802 τὰ
2373 1745 2545 1820 μείζω
2576 1748 2921 1826 χορηγοῦσα,
2965 1744 3056 1801 καὶ
3084 1749 3194 1801 τῶν
3252 1743 3485 1803 εὐτελῶν
3536 1743 3762 1805 πολλά-

2097 1855 2184 1898 κις
2217 1840 2448 1911 παρεῖχε
2477 1840 2576 1905 τήν
2608 1839 2828 1910 γνῶσιν,
2860 1834 2971 1912 οὐχ
2996 1835 3072 1898 ὡς
3098 1835 3238 1911 μέγα
3266 1857 3320 1893 τι
3349 1836 3557 1893 τούτων
3590 1836 3768 1914 ὑπαρ-

335 1928 602 1986 divinum
622 1930 1017 1986 Paulum.Nec
1035 1930 1270 1985 mireris
1287 1930 1334 1984 si
1350 1947 1485 1986 cum
1506 1931 1632 1986 hmo
1645 1948 1764 1986 non
1778 1931 1993 1986 dicerit

2108 1925 2335 2001 χὸντων.
2378 1924 2449 1982 Τί
2475 1922 2788 2000 γάρᾶνκαὶ
2841 1921 2927 1994 εἴη
2985 1926 3112 1993 περὶ
3168 1923 3340 1998 λέξεις
3398 1926 3490 1983 καὶ
3551 1925 3770 1984 συλλα-

334 2018 558 2076 talihus
581 2019 656 2074 sit
691 2035 834 2073 usus
882 2018 935 2073 Si
959 2017 1197 2089 quidem
1231 2018 1476 2089 gratiam
1497 2036 1627 2091 qua:
1643 2020 1871 2090 majora
1888 2019 1993 2075 tri-

336 2106 486 2166 buit.
514 2109 690 2163 etiam
711 2108 1024 2164 humilium
1042 2108 1441 2175 cognitionem
1472 2108 1819 2181 frequenter
1839 2127 1988 2180 prm-

333 2199 602 2254 statA'on
628 2197 783 2269 quod
802 2200 926 2254 hinc
949 2213 1224 2270 magnum
1248 2197 1479 2268 aliquid
1506 2198 1640 2253 sint.
1660 2198 1810 2264 Quid
1832 2199 1993 2254 enim

338 2296 430 2344 est
460 2295 854 2359 praeterquam
884 2289 1052 2343 labor
1108 2305 1177 2343 ac
1225 2287 1471 2343 nomina
1522 2287 1857 2355 hominum,
1892 2288 1995 2359 qui

337 2380 495 2435 circa
509 2379 801 2434 dictiones
815 2379 1145 2450 etsyllabas
1160 2393 1483 2451 earumque
1500 2380 1995 2450 compositionem

338 2468 558 2527 curiosi
584 2476 725 2523 sunt
749 2475 823 2524 et.
852 2469 1013 2525 anxii
1044 2468 1072 2523 ‘?
1104 2470 1228 2524 Non
1264 2486 1401 2542 ergo
1434 2470 1527 2524 his
1551 2484 1695 2526 usus
1726 2475 1816 2526 est
1866 2477 1996 2525 tan-

339 2559 663 2633 quamhazc
686 2574 902 2630 magna
927 2559 1197 2631 quoniam
1224 2559 1344 2613 sint
1368 2576 1379 2609 :
1404 2558 1506 2613 sed
1529 2565 1597 2616 ut
1620 2575 1721 2615 eos
1744 2560 1999 2616 confun-

338 2647 508 2703 deret
536 2663 634 2718 qui
664 2646 738 2702 ob
764 2648 877 2703 ista
898 2647 1225 2719 plurimum
1260 2648 1651 2715 extolluntur,
1684 2665 1904 2721 eosque
1925 2649 2003 2706 ad

339 2736 525 2795 animi
552 2736 904 2791 modestiam
937 2736 1270 2794 revocando
1293 2736 1690 2796 lucrifaceret.
1718 2755 1836 2810 quo
1875 2754 1998 2796 sum

336 2825 1692 2900 parerentadmonitioni.0mniaenimimpigre
1707 2828 2003 2901 aggre-iie'

337 2915 514 2973 batur
538 2916 772 2975 Paulus.
798 2914 1123 2971 dummodo
1146 2916 1397 2972 salutem
1426 2916 1606 2973 ferret
1628 2917 1996 2976 hominibus.

336 3006 476 3061 Ideo
508 3022 744 3078 quoque
789 3005 1105 3061 citationes
1162 3006 1533 3078 poeticorum
1572 3008 1903 3063 carminum
1940 3014 2002 3063 et

335 3095 550 3151 ϐροτω
583 3096 869 3161 historian,
890 3096 1324 3167 innumeraque
1343 3096 1687 3164 huiusmodi
1713 3114 1832 3154 non
1857 3114 2000 3154 cun-

334 3190 530 3242 ctatur
549 3184 1017 3255 proferremodo
1036 3185 1213 3240 etiam
1238 3201 1341 3256 per
1363 3184 1489 3241 hanc
1501 3185 1766 3258 aliquam
1798 3193 1999 3259 speret

335 3273 646 3331 hominum
674 3274 939 3345 arripere
962 3274 1215 3330 salutem
1259 3276 1428 3345 Papa:
1475 3281 1734 3346 quantus
1757 3277 1998 3334 animus

341 3379 410 3421 ac
436 3364 694 3419 studium
719 3362 731 3418 !
759 3363 912 3419 368
950 3364 1103 3418 Bene
1135 3370 1333 3419 autem
1369 3371 1430 3419 et
1458 3364 1559 3419 tali
1594 3382 1737 3421 usus
1761 3374 1851 3421 est
1880 3382 2005 3422 ser-

345 3469 594 3511 monum
616 3458 921 3527 genere.et
948 3469 1182 3508 rursum
1208 3454 1536 3524 apostolico
1560 3471 1629 3510 ac
1650 3455 1906 3526 simplici
1942 3462 2003 3512 et

342 3556 654 3616 generoso
678 3560 746 3598 ac
768 3540 1081 3597 illaborata
1109 3544 1450 3598 charactere
1476 3559 1595 3598 non
1630 3543 1896 3600 abstinet
1938 3546 2009 3602 Et

359 3632 517 3687 enim
540 3633 585 3686 si
608 3647 902 3702 nusquam
922 3630 1013 3685 his
1034 3647 1179 3686 usus
1204 3631 1430 3693 fuisset,
1456 3633 1554 3703 qui
1583 3633 1731 3690 nihil
1761 3650 1880 3689 non
1903 3652 2008 3693 au-

361 3721 519 3776 dent.
548 3720 1090 3792 impossibililalem
1117 3737 1181 3775 ac
1206 3721 1563 3793 imperitiam
1591 3731 2009 3780 causarentur:

357 3811 839 3884 quandoquidem
866 3810 1041 3866 etiam
1076 3827 1236 3866 nunc
1260 3812 1500 3882 quidem
1528 3812 1668 3869 talia
1690 3830 1807 3869 non
1839 3814 2012 3871 intel-

356 3903 629 3976 ligentes.
665 3902 860 3973 ipsum
895 3899 1292 3974 ignorantiam
1325 3900 1666 3972 huiusmodi
1692 3920 1887 3959 rerum
1911 3905 2011 3962 ha-

350 3992 551 4050 buisse
565 3992 1122 4062 suspicantur.quas
1135 3992 1368 4063 necipsi
1384 3991 1526 4047 intel
1539 3992 2009 4066 Iiguut.Rursum

357 4099 496 4137 vero
524 4082 570 4135 si
597 4088 880 4152 perpetuo
909 4080 1001 4135 his
1027 4080 1238 4136 fuisset
1259 4097 1414 4136 usus.
1441 4082 1751 4138 character
1769 4091 2007 4155 aposto-

352 4171 509 4229 licus
532 4172 689 4226 inter
708 4170 972 4239 abiectos
996 4169 1317 4225 haberetur
1359 4171 1689 4228 Prudenter
1712 4173 1911 4246 itaque
1941 4191 2011 4231 ac

356 4260 797 4337 sapientissime
823 4266 1145 4328 utrumque
1168 4259 1532 4327 dijudicavit.
1558 4261 1684 4317 Illis
1714 4262 2009 4334 siquidem

354 4367 502 4407 usus
533 4356 638 4406 est.
660 4354 725 4404 ut
749 4348 1132 4404 manifestum
1166 4352 1405 4414 taceret,
1437 4350 1660 4406 volenti
1686 4352 1856 4408 facile
1878 4369 2010 4409 esse

354 4456 527 4497 usum
543 4437 1112 4510 similiumquodque
1128 4454 1197 4493 ea
1212 4455 1330 4493 non
1351 4439 2011 4512 ignoraret.Permansit

358 4537 557 4587 autem
594 4529 652 4584 in
680 4527 1004 4600 apostolico
1036 4527 1398 4593 charactere,
1430 4546 1783 4604 generosum
1816 4536 2012 4592 etinc-

352 4620 687 4677 laboralum
712 4636 780 4675 ac
803 4634 1013 4690 purum
1037 4635 1395 4687 sermonem,
1435 4622 1684 4695 ejusque
1705 4626 2007 4697 propriam

2101 2010 2201 2076 ϐας
2284 2014 2374 2070 καὶ
2452 2015 2550 2083 τήν
2633 2014 2845 2071 τούτων
2900 2014 3160 2085 συνθέκην
3238 2013 3770 2092 μικρολογουμὲνων

2101 2104 2405 2179 ἀνθρώπων
2432 2105 2596 2168 πόνος
2622 2103 2713 2159 καὶ
2761 2103 3008 2170 ὀνόματα
3040 2123 3055 2174 ;
3088 2102 3320 2173 υῦκουν,
3371 2105 3447 2169 ὡς
3509 2104 3774 2182 μεγάλων

2102 2198 2264 2250 τινῶν
2351 2192 2562 2251 τούτων
2622 2189 2788 2248 ὄντων
2871 2192 3142 2270 ἐκέχρητο
3196 2194 3440 2265 τούτοις,
3497 2193 3627 2251 ἀλλ’
3686 2194 3776 2259 sic

2101 2286 2164 2339 τὸ
2209 2282 2595 2340 καταισἏύνειν
2647 2282 2777 2345 τοὺς
2829 2280 2919 2339 ἐπὶ
2947 2289 3066 2346 τοῖς
3096 2283 3373 2347 τοιούτοις
3438 2282 3574 2360 μέγα
3628 2305 3772 2363 φρο-

2100 2378 2349 2443 νοῦντας,
2381 2374 2469 2428 καὶ
2519 2372 2783 2448 κερδῆσαι
2839 2374 3041 2438 αὐτοὺς
3102 2374 3180 2439 είς
3237 2375 3773 2456 ταπεινοφροσύνην,

2103 2467 2195 2522 καὶ
2257 2466 2503 2535 ὑπακοὴν
2583 2466 2683 2534 τῆς
2766 2466 2938 2523 αὐτοῦ
3017 2466 3321 2528 νοάθεσίας.
3404 2467 3611 2524 Ἀοκνα
3668 2466 3780 2544 γὰρ

2108 2557 2357 2632 ὑπῆρχεν
2393 2556 2599 2612 ἅπαντα
2645 2554 2867 2630 Παύλῳ.
2927 2555 3040 2630 ὅσῳ
3096 2557 3373 2628 σωτηοίαν
3426 2553 3613 2632 {caput
3670 2556 3775 2613 ἀν-

2109 2650 2376 2722 θρώποις.
2440 2646 2533 2701 Διὸ
2590 2645 2683 2701 καὶ
2733 2648 2966 2722 χρήσεις
3022 2650 3328 2718 ποιητικῶν
3386 2645 3618 2722 στίχων,
3674 2647 3776 2703 καὶ

2109 2736 2352 2812 ἱστορίας
2382 2733 2739 2807 Ἑλληνικὰς,
2797 2736 2890 2791 καὶ
2960 2735 3128 2810 μυρία
3183 2739 3409 2793 τοιαῦτα
3464 2736 3566 2793 οὐκ
3625 2736 3784 2794 ὀκνεῖ

2110 2825 2489 2903 προκομίζειν,
2520 2823 2584 2880 ἃν
2617 2824 2784 2899 μόνον
2840 2826 2929 2881 καὶ
2986 2822 3076 2881 διὰ
3124 2824 3334 2881 τούτων
3384 2824 3600 2897 ἐλπίζει
3650 2828 3783 2883 τι.νᾶ

2114 2917 2387 2992 σωτηρίαν
2421 2915 2723 2991 ἀνθρώπων
2750 2914 3010 2991 ἆρπάσαι.
3053 2911 3220 2973 Βαϐαῖ
3275 2921 3378 2986 τῆς
3428 2914 3782 2987 τηλικαύτης

2113 3009 2303 3086 ψυχῆς
2331 3005 2422 3061 καὶ
2451 3002 2693 3075 σπουδῆς
2726 3006 2740 3063 i
2777 3004 2975 3068 Καλῶς
3003 3002 3063 3061 δὶ
3118 3005 3209 3060 καὶ
3262 3010 3345 3078 τῷ
3396 3005 3634 3079 τοιούτῳ
3680 3005 3776 3063 κέ-

2114 3115 2322 3171 χρηται
2350 3099 2458 3151 τῶν
2488 3093 2672 3173 λόγων
2712 3091 2866 3165 εἶ’δει,
2925 3093 3017 3149 καὶ
3076 3092 3269 3160 πάλιν,
3315 3098 3414 3151 τοῦ
3471 3094 3781 3151 ἀποστολι-

2113 3188 2214 3241 κοῦ
2240 3184 2327 3241 καὶ
2376 3184 2556 3241 ἁπλοῦ
2613 3183 2703 3239 καὶ
2762 3183 3008 3261 εὐγενοῦς
3063 3183 3155 3239 καὶ
3211 3182 3534 3260 ἀπεριέργου
3594 3204 3780 3260 χαρα-

2115 3281 2320 3345 κτῆρος
2371 3275 2474 3330 οὐκ
2528 3272 2840 3355 ἀφίσταται.
2908 3272 2969 3330 Εἰ
3004 3275 3098 3345 μὶν
3133 3274 3237 3349 γαρ
3291 3272 3405 3329 οὐδ’
3456 3273 3604 3331 ὅλως
3659 3271 3783 3332 ἐκέ-

2123 3384 2301 3443 xpeto
2358 3364 2600 3433 τούτοις,
2657 3361 2958 3439 ἀδυναμίιν
3003 3362 3069 3419 ἀν
3127 3365 3179 3419 οἱ
3231 3365 3404 3421 πάντα
3461 3365 3783 3441 τολμῶντες

2120 3456 2209 3510 καὶ
2265 3452 2587 3527 ἰδιωτισμον
2644 3454 2961 3530 ᾐτιάσαντο,
3012 3454 3151 3510 ὅπου
3201 3454 3294 3509 καὶ
3331 3458 3427 3510 νῦν
3484 3476 3625 3520 τινες
3686 3457 3769 3528 μή

2120 3543 2384 3607 συνιέντες
2414 3544 2482 3600 τὰ
2522 3547 2768 3610 τοιαῦτα,
2826 3542 3075 3620 ἀπειρίαν
3130 3542 3288 3600 αὐτὸν
3339 3549 3448 3601 τῶν
3506 3545 3775 3602 τοιούτων

2120 3632 2271 3707 ἔχειν
2320 3632 2373 3704 ἒξ
2431 3633 2505 3688 ῶν
2564 3630 2680 3688 οὐδ’
2733 3632 2889 3688 αὐτοὶ
2948 3636 3207 3690 συνιᾶσιν.
3268 3629 3783 3710 ὑπολαμϐάνουσιν,

2122 3720 2186 3780 Hi
2217 3719 2266 3778 δ’
2294 3722 2359 3777 αὖ
2390 3720 2555 3777 πάλιν
2589 3721 2807 3783 τούτοις
2846 3718 3139 3784 διαπαντὸς
3172 3720 3381 3797 ἔχεῆτο
3412 3724 3441 3778 6
3472 3724 3781 3781 ἀποστολι·

2117 3813 2213 3874 κεις
2272 3811 2560 3888 χαρακτήρ
2616 3808 2668 3865 ἐν
2721 3814 2837 3873 τοῖς
2889 3810 3337 3885 παρεωραμένοις
3390 3811 3617 3871 ἐτίθετο.
3683 3823 3788 3873 Δι-

2118 3902 2319 3977 ῄτησεν
2352 3901 2446 3957 οὖν
2474 3904 2707 3963 συνετῶς
2738 3900 2828 3955 καὶ
2861 3901 3155 3979 πανσὸφως
3204 3900 3374 3977 ἄμφω
3452 3904 3778 3977 Ἐχρήσατο

2123 3992 2349 4067 μὶν-(ἀρ
2405 3989 2652 4056 ἐκεῖνοις,
2710 3986 2849 4045 ὥστε
2906 3987 3075 4062 δεῖξαι
3132 3988 3318 4066 ῥᾴδιον
3372 3989 3515 4045 εἶναι
3576 3989 3783 4065 βουλο-

2123 4080 2266 4155 μένῳ
2294 4081 2358 4137 τὸ
2386 4085 2661 4151 τοιοῦτον,
2709 4080 2800 4135 καὶ
2857 4081 2960 4137 οὐκ
3015 4081 3212 4156 ἀγνοεῖ.
3270 4077 3540 4150 Ἐνέμεινε
3596 4074 3655 4135 δὶ
3692 4085 3775 4152 τῷ

2119 4168 2474 4243 ἀποστολικῷ
2532 4176 2866 4245 χαρακτῆρι,
2921 4173 3022 4242 τήν
3075 4163 3342 4244 εύγένειαν
3373 4166 3464 4223 καὶ
3521 4168 3584 4224 τὸ
3641 4169 3776 4225 ἀπε-

2121 4262 2336 4338 ρίεργον
2363 4260 2453 4316 καί
2481 4262 2715 4337 καθαρὸν
2754 4260 2845 4315 καὶ
2903 4258 3166 4338 αὐτοφυὲς
3195 4260 3292 4314 τοῦ
3347 4254 3525 4331 λόγου
3564 4262 3773 4332 τιμῶν,

2117 4351 2183 4408 Ti
2214 4351 2305 4407 οὖν
2338 4350 2414 4425 μὴ
2442 4349 2534 4405 καὶ
2583 4349 2634 4405 οἱ
2670 4348 2859 4406 λοιποὶ
2890 4348 3073 4413 οὕτως
3102 4348 3229 4411 τους
3284 4347 3490 4404 ἑαυτῶν
3549 4346 3785 4420 κατέμι-

2118 4441 2209 4513 ξαν
2241 4438 2446 4514 λόγους
2479 4457 2495 4508 ;
2526 4440 2715 4516 Ἀρκεῖ
2755 4437 2845 4494 καὶ
2904 4435 3062 4500 οὗτος
3097 4437 3265 4511 μόνος
3295 4436 3487 4507 δεῖξαι,
3543 4434 3631 4493 ὅτι
3688 4434 3789 4492 κά-

2115 4529 2317 4593 κείνοις
2350 4528 2475 4601 ῥᾷον
2503 4530 2569 4597 ἦν
2609 4526 2759 4603 eius?
2816 4521 3114 4583 ἐϐούλοντο
3173 4531 3372 4584 ποιεῖν.
3436 4523 3623 4583 Καῖτοι
3682 4525 3777 4582 καὶ

2118 4620 2171 4677 ἰν
2201 4625 2321 4682 ταῖς
2352 4618 2568 4675 ἑκείνων
2600 4614 2918 4680 ἐπιστολαῖς
2949 4612 3118 4685 ἔστιν,
3148 4616 3195 4672 εἰ
3234 4616 3327 4672 καὶ
3386 4615 3778 4691 σπανιώτερον,

351 4719 627 4769 naturam
647 4711 703 4763 in
728 4709 957 4765 honore
979 4707 1225 4765 habens.
1260 4710 1376 4764 Cur
1396 4726 1531 4785 ergo
1555 4720 1615 4768 et
1636 4715 1847 4786 reliqui
1882 4717 1999 4772 suis

2114 4710 2180 4768 τὰ
2206 4713 2429 4766 τοιαῦτα
2458 4707 2651 4783 εὑρεῖν.
2690 4707 2749 4763 Ei
2779 4703 2838 4762 δὶ
2864 4708 2947 4768 τὸ,
3008 4731 3036 4758 a
3068 4707 3335 4782 Ἔχοντες
3362 4724 3440 4779 χα
3481 4704 3701 4776 ίσματα,
3742 4727 3775 4756 ›ι

353 4800 731 4857 sermonibus
746 4798 884 4854 talia
908 4814 1024 4854 non
1041 4798 1610 4857 intermiscuerunt?
1625 4802 1819 4860 Sufflc.
1834 4811 1854 4859 t
1870 4805 2009 4863 huic

352 4889 530 4945 etiam
561 4889 748 4955 solus,
778 4887 852 4943 ad
868 4887 1305 4943 ostendendum
1329 4889 1490 4961 quod
1514 4891 1636 4947 illis
1658 4908 1896 4965 quoque
1922 4895 2005 4951 fa-

354 4977 469 5033 cile
498 4978 677 5032 fuerit
701 4977 811 5032 hoc
827 4977 1064 5033 efficere
1086 4976 1135 5032 si
1159 4976 1543 5034 voluisssent:
1571 4996 1910 5053 quanquam
1944 4984 2006 5041 in

352 5065 593 5121 illorum
626 5066 804 5121 etiam
837 5066 1105 5138 epistolis
1138 5065 1299 5132 talia,
1330 5067 1469 5123 licet
1498 5068 1711 5130 rarius.
1743 5072 2009 5144 reperire

357 5160 465 5211 est.
488 5153 547 5209 Si
577 5170 714 5209 vero
746 5168 881 5211 cum
926 5153 1182 5211 dicitur:
1233 5173 1264 5207 α
1296 5155 1593 5214 Habentes
1633 5158 1808 5223 dona.
1844 5184 1871 5210 ››
1902 5178 2005 5219 ne-

355 5259 654 5317 quaquam
688 5244 1116 5315 quiescendum
1165 5245 1245 5299 sit
1288 5260 1479 5317 usque
1510 5247 1585 5302 ad
1617 5264 1751 5305 eum
1784 5249 2005 5319 locum,

355 5355 383 5384 ιι
417 5332 757 5388 Benedicite
789 5332 1286 5404 persequentibus
1309 5352 1431 5405 vos,
1455 5336 1573 5392 alia
1601 5338 1843 5409 quidem
1870 5358 2004 5398 sen-

356 5423 541 5478 tentia
567 5428 847 5494 emerget,
878 5428 937 5476 et
961 5423 1138 5478 unius
1168 5421 1456 5481 duntaxat
1478 5424 1679 5498 figuraa
1710 5432 2004 5501 composi-

354 5512 438 5568 tio
470 5511 584 5566 erit
608 5509 714 5567 sed
743 5509 819 5566 ad
856 5510 1131 5582 spiritum
1163 5512 1343 5569 nimis
1373 5520 1656 5585 protensa
1702 5517 2002 5587 periodus.

363 5625 388 5656 α
419 5600 760 5659 Secundum
793 5601 1043 5674 gratiam
1102 5623 1130 5649 ››
1180 5601 1235 5657 Si
1270 5602 1422 5658 Dens
1454 5601 1717 5669 donavit,
1768 5608 1912 5678 quid
1943 5616 2004 5666 tu

355 5689 659 5752 extolleris
680 5690 694 5748 t
718 5706 912 5762 neque
933 5689 1096 5746 enim
1122 5695 1286 5747 tuum
1303 5699 1524 5749 rectum
1545 5710 1696 5767 opus
1716 5703 1857 5752 sunt
1877 5698 2008 5774 ipsa

359 5783 552 5841 dono:
586 5805 615 5833 «
647 5780 774 5847 Dei.
804 5779 1021 5853 inquit,
1051 5778 1277 5838 donum
1308 5787 1418 5840 est.
1454 5808 1476 5835 1
1532 5812 1599 5828 --
1627 5807 1655 5835 κ
1680 5784 1939 5845 Diversa,
1975 5811 1998 5842 .

2120 4797 2382 4874 μηδαμοῦ
2413 4798 2799 4865 ἀναπαυστὲον,
2845 4795 3011 4871 μέχρι
3042 4799 3161 4858 τοῦ,
3224 4819 3251 4846 α
3290 4791 3584 4868 Εύλογεῖτε
3639 4791 3774 4857 τους

2116 4887 2414 4949 διώκοντας
2446 4887 2611 4962 ὑμᾶς,
2647 4910 2675 4936 »ι
2712 4884 2861 4955 ἀλλη
2924 4885 3020 4958 μὶν
3073 4882 3287 4941 διάνοια
3343 4880 3627 4956 ἀνακύψει,
3664 4903 3777 4958 μ·-

2111 4980 2556 5056 νοσχημιὶτιστος
2614 4971 2660 5032 δ’
2717 4977 2753 5045 ἡ
2808 4975 3051 5046 σᾶνταξις
3102 4970 3277 5040 ἕσται,
3335 4972 3415 5036 εὶς
3470 4975 3681 5045 πνεῦμα
3710 4968 3774 5030 δί

2115 5069 2237 5129 λίαν
2270 5071 2306 5140 ἡ
2339 5064 2595 5141 περίοδος
2648 5063 3046 5139 ἀποτετιλμένη.
3109 5087 3137 5117 α
3170 5062 3324 5119 Κατά
3377 5061 3478 5131 τήν
3513 5062 3699 5136 χάριν.
3748 5083 3780 5113 ιι

2116 5159 2183 5219 Εἴ
2217 5158 2245 5216 ὀ
2276 5158 2406 5220 θεὸς
2434 5154 2751 5233 ἐχαρίσατο,
2803 5153 2867 5211 συ
2919 5154 2973 5211 τί
3024 5151 3160 5227 μέγα
3217 5156 3434 5232 φρονεῖς
3469 5168 3484 5217 ;
3557 5151 3634 5224 μὴ
3666 5149 3775 5225 γὰρ

2116 5249 2210 5307 σὸν
2238 5247 2573 5321 κατόρθωμα
2615 5244 2685 5299 τα
2712 5241 3033 5323 χαρίσματα
3065 5260 3081 5311 ;
3133 5266 3162 5293 ιι
3196 5243 3354 5313 Θεοῦ,
3386 5237 3576 5316 φησὶν,
3607 5239 3644 5308 ὴ
3683 5234 3781 5292 δό-

2115 5361 2199 5404 σις
2236 5362 2265 5390 »
2292 5371 2353 5382 -—
2387 5360 2418 5392 (ι
2441 5336 2702 5413 Διάφορα.
2738 5357 2766 5384 ι)
2792 5332 2980 5397 Καλῶς
2996 5334 3080 5403 τὸ,
3113 5355 3145 5387 α
3168 5332 3428 5409 Διάφορα,
3449 5355 3469 5383 ι
3504 5327 3598 5384 ἳνα
3619 5325 3775 5405 δείξῃ

2114 5431 2178 5487 ού
2206 5429 2269 5485 τὸ
2304 5427 2398 5502 μὶν
2434 5423 2590 5502 μέγα,
2620 5425 2684 5481 τὸ
2715 5421 2773 5480 δὲ
2807 5423 3023 5499 μ·κρόνο
3088 5419 3323 5502 Μεγὶλα
3379 5419 3482 5496 γὰρ
3538 5420 3771 5489 ἅπαντα,

2111 5517 2264 5578 ἀλλὰ
2293 5515 2519 5574 ποικῖλα
2548 5514 2636 5571 καὶ
2678 5510 2938 5590 ἁρμόδια.
2989 5540 3009 5564 α
3038 5516 3190 5572 Κατα
3221 5508 3516 5589 ἀναλογίαν
3547 5514 3651 5577 τῆς
3679 5507 3781 5563 πί-

2113 5629 2305 5671 στεως.
2342 5631 2369 5657 ι)
2445 5609 2553 5661 Νῦν
2610 5600 2873 5658 δείκνυσιν
2926 5603 3013 5659 δτι
3068 5606 3178 5657 τῶν
3233 5597 3543 5656 ὂοκοῧντων
3600 5596 3787 5669 μεέζός

2108 5722 2217 5761 νων
2245 5696 2631 5775 χαρίσμάτων,
2689 5693 2743 5750 οἳ
2794 5687 3157 5769 λαμϐάνοντέ.
3216 5689 3353 5769 εἰσιν
3409 5686 3582 5745 α”τιοι
3636 5688 3787 5762 πρὸς

2108 5793 2176 5853 τὸ
2203 5783 2416 5850 λαϐεῖν·
2445 5786 2512 5846 Ei
2540 5782 2649 5863 γὰρ
2692 5780 2785 5839 καὶ
2841 5786 3009 5863 χάρις
3065 5782 3204 5854 icti,
3259 5781 3526 5839 τοσοῦτον
3586 5776 3786 5854 pinei
