  <div class='ocr_page' id='page_1' title='image "/cluster/home/n/w/nwhite01/storage/ocr_20150623/118:no.1/coo.31924054870229/306.png"; bbox 0 0 4122 6376; ppageno 0'>
   <div class='ocr_carea' id='block_1_1' title="bbox 237 278 363 341">
    <p class='ocr_par' dir='ltr' id='par_1_1' title="bbox 237 278 363 341">
     <span class='ocr_line' id='line_1_1' title="bbox 237 278 363 341; baseline 0 0"><span class='ocrx_word' id='word_1_1' title='bbox 237 278 363 341; x_wconf 68' lang='lat'><strong>585</strong></span> 
     </span>
    </p>
   </div>
   <div class='ocr_carea' id='block_1_2' title="bbox 1385 278 2599 346">
    <p class='ocr_par' dir='ltr' id='par_1_2' title="bbox 1385 278 2599 346">
     <span class='ocr_line' id='line_1_2' title="bbox 1385 278 2599 346; baseline 0.004 -7"><span class='ocrx_word' id='word_1_2' title='bbox 1385 278 1780 339; x_wconf 80' lang='lat' dir='ltr'><strong>COMMENT.</strong></span> <span class='ocrx_word' id='word_1_3' title='bbox 1829 281 1918 339; x_wconf 93' lang='lat' dir='ltr'><strong>IN</strong></span> <span class='ocrx_word' id='word_1_4' title='bbox 1963 280 2217 341; x_wconf 82' lang='lat' dir='ltr'><strong>EPIST.</strong></span> <span class='ocrx_word' id='word_1_5' title='bbox 2262 283 2367 343; x_wconf 80' lang='lat' dir='ltr'><strong>AD</strong></span> <span class='ocrx_word' id='word_1_6' title='bbox 2417 284 2599 346; x_wconf 80' lang='lat' dir='ltr'><strong>BOM.</strong></span> 
     </span>
    </p>
   </div>
   <div class='ocr_carea' id='block_1_3' title="bbox 3586 293 3709 355">
    <p class='ocr_par' dir='ltr' id='par_1_3' title="bbox 3586 293 3709 355">
     <span class='ocr_line' id='line_1_3' title="bbox 3586 293 3709 355; baseline -0.016 0"><span class='ocrx_word' id='word_1_7' title='bbox 3586 293 3709 355; x_wconf 80' lang='grc'><strong>586</strong></span> 
     </span>
    </p>
   </div>
   <div class='ocr_carea' id='block_1_4' title="bbox 250 410 1970 493">
    <p class='ocr_par' dir='ltr' id='par_1_4' title="bbox 250 410 1943 488">
     <span class='ocr_line' id='line_1_4' title="bbox 250 410 1943 488; baseline -0.001 -21"><span class='ocrx_word' id='word_1_8' title='bbox 250 435 378 485; x_wconf 62' lang='grc' dir='ltr'>γης,</span> <span class='ocrx_word' id='word_1_9' title='bbox 404 413 514 468; x_wconf 79' lang='grc' dir='ltr'><strong>καὶ</strong></span> <span class='ocrx_word' id='word_1_10' title='bbox 547 413 761 477; x_wconf 79' lang='grc' dir='ltr'>παντὸς</span> <span class='ocrx_word' id='word_1_11' title='bbox 789 414 1092 488; x_wconf 79' lang='grc' dir='ltr'><strong>προσώπου</strong></span> <span class='ocrx_word' id='word_1_12' title='bbox 1147 410 1632 486; x_wconf 70' lang='grc' dir='ltr'>περιαιρουμένου,</span> <span class='ocrx_word' id='word_1_13' title='bbox 1695 412 1785 466; x_wconf 83' lang='grc' dir='ltr'><strong>καὶ</strong></span> <span class='ocrx_word' id='word_1_14' title='bbox 1842 418 1943 481; x_wconf 80' lang='grc' dir='ltr'><strong>τῆς</strong></span> 
     </span>
    </p>
   </div>
   <div class='ocr_carea' id='block_1_5' title="bbox 2081 410 3719 493">
    <p class='ocr_par' dir='ltr' id='par_1_5' title="bbox 2081 418 3719 493">
     <span class='ocr_line' id='line_1_5' title="bbox 2081 418 3719 493; baseline 0.009 -25"><span class='ocrx_word' id='word_1_15' title='bbox 2081 419 2277 482; x_wconf 57' lang='grc' dir='ltr'>ιιοιτείυ</span> <span class='ocrx_word' id='word_1_16' title='bbox 2297 422 2353 471; x_wconf 92' lang='lat' dir='ltr'><strong>et</strong></span> <span class='ocrx_word' id='word_1_17' title='bbox 2383 418 2636 490; x_wconf 78' lang='lat' dir='ltr'><strong>caligine</strong></span> <span class='ocrx_word' id='word_1_18' title='bbox 2660 436 2791 490; x_wconf 73' lang='lat' dir='ltr'><strong>qum</strong></span> <span class='ocrx_word' id='word_1_19' title='bbox 2805 421 3262 493; x_wconf 76' lang='lat' dir='ltr'><strong>cogitationibus</strong></span> <span class='ocrx_word' id='word_1_20' title='bbox 3280 424 3719 483; x_wconf 87' lang='lat' dir='ltr'><strong>obtendebatur</strong></span> 
     </span>
    </p>
   </div>
   <div class='ocr_carea' id='block_1_6' title="bbox 266 498 1949 577">
    <p class='ocr_par' dir='ltr' id='par_1_6' title="bbox 266 498 1949 577">
     <span class='ocr_line' id='line_1_6' title="bbox 266 498 1949 577; baseline -0.002 -19"><span class='ocrx_word' id='word_1_21' title='bbox 266 501 735 577; x_wconf 73' lang='grc' dir='ltr'><strong>ἐπιπροσθούσης</strong></span> <span class='ocrx_word' id='word_1_22' title='bbox 763 499 978 576; x_wconf 86' lang='grc' dir='ltr'>ἀχλύος</span> <span class='ocrx_word' id='word_1_23' title='bbox 1031 505 1147 563; x_wconf 89' lang='grc' dir='ltr'>τοῖς</span> <span class='ocrx_word' id='word_1_24' title='bbox 1203 498 1499 577; x_wconf 85' lang='grc' dir='ltr'><strong>λογισμοῖς</strong></span> <span class='ocrx_word' id='word_1_25' title='bbox 1557 499 1949 575; x_wconf 74' lang='grc' dir='ltr'>ἐκκαθαιρομέ-</span> 
     </span>
    </p>
   </div>
   <div class='ocr_carea' id='block_1_7' title="bbox 270 588 1951 668">
    <p class='ocr_par' dir='ltr' id='par_1_7' title="bbox 270 588 1951 668">
     <span class='ocr_line' id='line_1_7' title="bbox 270 588 1951 668; baseline -0.004 -19"><span class='ocrx_word' id='word_1_26' title='bbox 270 615 399 665; x_wconf 83' lang='grc' dir='ltr'>νης.</span> <span class='ocrx_word' id='word_1_27' title='bbox 432 594 771 666; x_wconf 77' lang='grc' dir='ltr'>Συνετμήθη</span> <span class='ocrx_word' id='word_1_28' title='bbox 806 592 919 658; x_wconf 81' lang='grc' dir='ltr'>οὖν,</span> <span class='ocrx_word' id='word_1_29' title='bbox 952 590 1138 668; x_wconf 80' lang='grc' dir='ltr'>φησὶν,</span> <span class='ocrx_word' id='word_1_30' title='bbox 1170 591 1207 660; x_wconf 80' lang='grc' dir='ltr'><strong>ἡ</strong></span> <span class='ocrx_word' id='word_1_31' title='bbox 1267 588 1381 660; x_wconf 78' lang='grc' dir='ltr'>νὺξ,</span> <span class='ocrx_word' id='word_1_32' title='bbox 1437 589 1737 658; x_wconf 72' lang='grc' dir='ltr'><strong>τουτέστιν,</strong></span> <span class='ocrx_word' id='word_1_33' title='bbox 1767 590 1795 643; x_wconf 99' lang='lat'><strong>6</strong></span> <span class='ocrx_word' id='word_1_34' title='bbox 1832 588 1951 664; x_wconf 77' lang='grc' dir='ltr'>βίος</span> 
     </span>
    </p>
   </div>
   <div class='ocr_carea' id='block_1_8' title="bbox 270 675 1949 757">
    <p class='ocr_par' dir='ltr' id='par_1_8' title="bbox 270 675 1949 757">
     <span class='ocr_line' id='line_1_8' title="bbox 270 675 1949 757; baseline -0.004 -19"><span class='ocrx_word' id='word_1_35' title='bbox 270 686 465 757; x_wconf 75' lang='grc' dir='ltr'>ἡμῶν,</span> <span class='ocrx_word' id='word_1_36' title='bbox 524 681 619 737; x_wconf 85' lang='grc' dir='ltr'>καὶ</span> <span class='ocrx_word' id='word_1_37' title='bbox 672 681 881 757; x_wconf 76' lang='grc' dir='ltr'><strong>ἐγγίζει</strong></span> <span class='ocrx_word' id='word_1_38' title='bbox 936 680 1000 735; x_wconf 84' lang='grc' dir='ltr'>τὸ</span> <span class='ocrx_word' id='word_1_39' title='bbox 1064 678 1250 749; x_wconf 80' lang='grc' dir='ltr'>τέλος,</span> <span class='ocrx_word' id='word_1_40' title='bbox 1321 679 1447 749; x_wconf 74' lang='grc' dir='ltr'>ἢτοι</span> <span class='ocrx_word' id='word_1_41' title='bbox 1506 680 1542 748; x_wconf 80' lang='grc' dir='ltr'>ἡ</span> <span class='ocrx_word' id='word_1_42' title='bbox 1602 678 1785 754; x_wconf 84' lang='grc' dir='ltr'>ἡμέρα</span> <span class='ocrx_word' id='word_1_43' title='bbox 1839 675 1949 749; x_wconf 69' lang='grc' dir='ltr'>ἤδη</span> 
     </span>
    </p>
   </div>
   <div class='ocr_carea' id='block_1_9' title="bbox 274 763 1951 844">
    <p class='ocr_par' dir='ltr' id='par_1_9' title="bbox 274 763 1951 844">
     <span class='ocr_line' id='line_1_9' title="bbox 274 763 1951 844; baseline -0.003 -14"><span class='ocrx_word' id='word_1_44' title='bbox 274 772 587 843; x_wconf 82' lang='grc' dir='ltr'>πλησιάζει</span> <span class='ocrx_word' id='word_1_45' title='bbox 616 776 717 841; x_wconf 77' lang='grc' dir='ltr'>τῆς</span> <span class='ocrx_word' id='word_1_46' title='bbox 742 768 1005 839; x_wconf 78' lang='grc' dir='ltr'><strong>τελευτῆς</strong></span> <span class='ocrx_word' id='word_1_47' title='bbox 1038 768 1130 824; x_wconf 85' lang='grc' dir='ltr'><strong>καὶ</strong></span> <span class='ocrx_word' id='word_1_48' title='bbox 1182 774 1283 838; x_wconf 79' lang='grc' dir='ltr'><strong>τῆς</strong></span> <span class='ocrx_word' id='word_1_49' title='bbox 1336 763 1774 831; x_wconf 84' lang='grc' dir='ltr'>ἀνταποδόσεως.</span> <span class='ocrx_word' id='word_1_50' title='bbox 1833 767 1951 844; x_wconf 82' lang='grc' dir='ltr'><strong>Χρή</strong></span> 
     </span>
    </p>
   </div>
   <div class='ocr_carea' id='block_1_10' title="bbox 275 854 1955 930">
    <p class='ocr_par' dir='ltr' id='par_1_10' title="bbox 275 854 1955 930">
     <span class='ocr_line' id='line_1_10' title="bbox 275 854 1955 930; baseline -0.004 -14"><span class='ocrx_word' id='word_1_51' title='bbox 275 861 497 916; x_wconf 73' lang='grc' dir='ltr'>οὖνκαὶ</span> <span class='ocrx_word' id='word_1_52' title='bbox 530 856 622 914; x_wconf 75' lang='grc' dir='ltr'><strong>διὰ</strong></span> <span class='ocrx_word' id='word_1_53' title='bbox 680 862 851 913; x_wconf 72' lang='grc' dir='ltr'>ταῦτα</span> <span class='ocrx_word' id='word_1_54' title='bbox 906 861 1081 913; x_wconf 79' lang='grc' dir='ltr'>πᾶσαν</span> <span class='ocrx_word' id='word_1_55' title='bbox 1136 854 1363 926; x_wconf 79' lang='grc' dir='ltr'>έντολήν</span> <span class='ocrx_word' id='word_1_56' title='bbox 1423 854 1724 930; x_wconf 89' lang='grc' dir='ltr'>προθύμως</span> <span class='ocrx_word' id='word_1_57' title='bbox 1772 854 1955 910; x_wconf 84' lang='grc' dir='ltr'>ἐπιτε-</span> 
     </span>
    </p>
   </div>
   <div class='ocr_carea' id='block_1_11' title="bbox 281 941 1952 1025">
    <p class='ocr_par' dir='ltr' id='par_1_11' title="bbox 281 941 1952 1025">
     <span class='ocr_line' id='line_1_11' title="bbox 281 941 1952 1025; baseline -0.005 -19"><span class='ocrx_word' id='word_1_58' title='bbox 281 949 432 1022; x_wconf 78' lang='grc' dir='ltr'>λεῖν,</span> <span class='ocrx_word' id='word_1_59' title='bbox 464 949 677 1025; x_wconf 80' lang='grc' dir='ltr'>ἀγαπᾷν</span> <span class='ocrx_word' id='word_1_60' title='bbox 712 944 1024 1017; x_wconf 73' lang='grc' dir='ltr'>ἀλλήλους,</span> <span class='ocrx_word' id='word_1_61' title='bbox 1053 941 1375 1001; x_wconf 82' lang='grc' dir='ltr'>ἀποδιδόναι</span> <span class='ocrx_word' id='word_1_62' title='bbox 1404 949 1536 999; x_wconf 85' lang='grc' dir='ltr'>πᾶσι</span> <span class='ocrx_word' id='word_1_63' title='bbox 1565 945 1663 1007; x_wconf 78' lang='grc' dir='ltr'><strong>τὰς</strong></span> <span class='ocrx_word' id='word_1_64' title='bbox 1705 941 1952 1022; x_wconf 77' lang='grc' dir='ltr'>δφειλάς,</span> 
     </span>
    </p>
   </div>
   <div class='ocr_carea' id='block_1_12' title="bbox 283 1031 1955 1111">
    <p class='ocr_par' dir='ltr' id='par_1_12' title="bbox 283 1031 1955 1111">
     <span class='ocr_line' id='line_1_12' title="bbox 283 1031 1955 1111; baseline -0.005 -15"><span class='ocrx_word' id='word_1_65' title='bbox 283 1040 687 1096; x_wconf 67' lang='grc' dir='ltr'>ὑποτάσσεσθαι</span> <span class='ocrx_word' id='word_1_66' title='bbox 744 1041 864 1098; x_wconf 88' lang='grc' dir='ltr'>ταῖς</span> <span class='ocrx_word' id='word_1_67' title='bbox 919 1036 1144 1110; x_wconf 83' lang='grc' dir='ltr'>ἀρχαῖς.</span> <span class='ocrx_word' id='word_1_68' title='bbox 1198 1033 1303 1091; x_wconf 84' lang='grc' dir='ltr'>Καὶ</span> <span class='ocrx_word' id='word_1_69' title='bbox 1361 1034 1466 1111; x_wconf 83' lang='grc' dir='ltr'><strong>γὰρ</strong></span> <span class='ocrx_word' id='word_1_70' title='bbox 1523 1033 1615 1089; x_wconf 83' lang='grc' dir='ltr'><strong>καὶ</strong></span> <span class='ocrx_word' id='word_1_71' title='bbox 1674 1031 1865 1108; x_wconf 80' lang='grc' dir='ltr'>ὀλίγος</span> <span class='ocrx_word' id='word_1_72' title='bbox 1926 1033 1955 1087; x_wconf 89' lang='lat'><strong>6</strong></span> 
     </span>
    </p>
   </div>
   <div class='ocr_carea' id='block_1_13' title="bbox 285 1119 1954 1201">
    <p class='ocr_par' dir='ltr' id='par_1_13' title="bbox 285 1119 1954 1201">
     <span class='ocr_line' id='line_1_13' title="bbox 285 1119 1954 1201; baseline -0.005 -17"><span class='ocrx_word' id='word_1_73' title='bbox 285 1129 465 1190; x_wconf 82' lang='grc' dir='ltr'>πόνος</span> <span class='ocrx_word' id='word_1_74' title='bbox 495 1124 632 1198; x_wconf 76' lang='grc' dir='ltr'>ἤδη,</span> <span class='ocrx_word' id='word_1_75' title='bbox 664 1126 767 1181; x_wconf 79' lang='grc' dir='ltr'><strong>οὐκ</strong></span> <span class='ocrx_word' id='word_1_76' title='bbox 792 1124 869 1187; x_wconf 72' lang='grc' dir='ltr'>εἷς</span> <span class='ocrx_word' id='word_1_77' title='bbox 904 1128 1079 1198; x_wconf 78' lang='grc' dir='ltr'>μῆκος</span> <span class='ocrx_word' id='word_1_78' title='bbox 1114 1125 1167 1179; x_wconf 74' lang='grc' dir='ltr'>οἱ</span> <span class='ocrx_word' id='word_1_79' title='bbox 1220 1123 1457 1201; x_wconf 85' lang='grc' dir='ltr'>ἀγῶνες,</span> <span class='ocrx_word' id='word_1_80' title='bbox 1505 1120 1559 1178; x_wconf 83' lang='grc' dir='ltr'><strong>εἷ’</strong></span> <span class='ocrx_word' id='word_1_81' title='bbox 1603 1143 1657 1177; x_wconf 90' lang='grc' dir='ltr'><strong>τι</strong></span> <span class='ocrx_word' id='word_1_82' title='bbox 1711 1122 1801 1177; x_wconf 83' lang='grc' dir='ltr'><strong>καὶ</strong></span> <span class='ocrx_word' id='word_1_83' title='bbox 1842 1119 1954 1177; x_wconf 86' lang='grc' dir='ltr'>δέοι</span> 
     </span>
    </p>
   </div>
   <div class='ocr_carea' id='block_1_14' title="bbox 286 1210 1957 1296">
    <p class='ocr_par' dir='ltr' id='par_1_14' title="bbox 286 1210 1957 1296">
     <span class='ocr_line' id='line_1_14' title="bbox 286 1210 1957 1296; baseline -0.004 -23"><span class='ocrx_word' id='word_1_84' title='bbox 286 1216 687 1296; x_wconf 84' lang='grc' dir='ltr'>ἀγωνίσασθαι,</span> <span class='ocrx_word' id='word_1_85' title='bbox 748 1213 1104 1271; x_wconf 80' lang='grc' dir='ltr'>έκτείνονται.</span> <span class='ocrx_word' id='word_1_86' title='bbox 1165 1213 1353 1287; x_wconf 75' lang='grc' dir='ltr'>Βραχὺ</span> <span class='ocrx_word' id='word_1_87' title='bbox 1411 1212 1516 1289; x_wconf 78' lang='grc' dir='ltr'><strong>γὰρ</strong></span> <span class='ocrx_word' id='word_1_88' title='bbox 1571 1210 1694 1267; x_wconf 93' lang='grc' dir='ltr'>λίαν</span> <span class='ocrx_word' id='word_1_89' title='bbox 1769 1212 1957 1288; x_wconf 82' lang='grc' dir='ltr'>γέγονε</span> 
     </span>
    </p>
   </div>
   <div class='ocr_carea' id='block_1_15' title="bbox 282 1303 1956 1381">
    <p class='ocr_par' dir='ltr' id='par_1_15' title="bbox 282 1303 1956 1381">
     <span class='ocr_line' id='line_1_15' title="bbox 282 1303 1956 1381; baseline -0.004 -14"><span class='ocrx_word' id='word_1_90' title='bbox 282 1311 352 1367; x_wconf 85' lang='grc' dir='ltr'>τὸ</span> <span class='ocrx_word' id='word_1_91' title='bbox 385 1308 610 1366; x_wconf 82' lang='grc' dir='ltr'>στάδιον</span> <span class='ocrx_word' id='word_1_92' title='bbox 640 1315 739 1378; x_wconf 81' lang='grc' dir='ltr'><strong>τῆς</strong></span> <span class='ocrx_word' id='word_1_93' title='bbox 774 1313 920 1378; x_wconf 80' lang='grc' dir='ltr'>ζωῆς</span> <span class='ocrx_word' id='word_1_94' title='bbox 948 1310 1133 1381; x_wconf 74' lang='grc' dir='ltr'>ἡμῶν.</span> <span class='ocrx_word' id='word_1_95' title='bbox 1186 1303 1395 1378; x_wconf 79' lang='grc' dir='ltr'>Μηδεὶς</span> <span class='ocrx_word' id='word_1_96' title='bbox 1453 1305 1699 1375; x_wconf 83' lang='grc' dir='ltr'>ὀκνείτω,</span> <span class='ocrx_word' id='word_1_97' title='bbox 1757 1306 1956 1369; x_wconf 82' lang='grc' dir='ltr'>πάντες</span> 
     </span>
    </p>
   </div>
   <div class='ocr_carea' id='block_1_16' title="bbox 282 1394 1955 1475">
    <p class='ocr_par' dir='ltr' id='par_1_16' title="bbox 282 1394 1955 1475">
     <span class='ocr_line' id='line_1_16' title="bbox 282 1394 1955 1475; baseline -0.004 -17"><span class='ocrx_word' id='word_1_98' title='bbox 282 1398 710 1474; x_wconf 77' lang='grc' dir='ltr'>σπουδάσωμεν.</span> <span class='ocrx_word' id='word_1_99' title='bbox 748 1424 769 1450; x_wconf 78' lang='grc' dir='ltr'><strong>ι</strong></span> <span class='ocrx_word' id='word_1_100' title='bbox 806 1401 945 1475; x_wconf 62' lang='grc' dir='ltr'>θΩρα</span> <span class='ocrx_word' id='word_1_101' title='bbox 975 1401 1123 1472; x_wconf 81' lang='grc' dir='ltr'>ἡμᾶς</span> <span class='ocrx_word' id='word_1_102' title='bbox 1153 1394 1287 1468; x_wconf 67' lang='grc' dir='ltr'>ἤδη.</span> <span class='ocrx_word' id='word_1_103' title='bbox 1343 1420 1372 1449; x_wconf 85' lang='grc'><strong>››</strong></span> <span class='ocrx_word' id='word_1_104' title='bbox 1406 1395 1622 1472; x_wconf 80' lang='grc' dir='ltr'>Ἐγγὺς,</span> <span class='ocrx_word' id='word_1_105' title='bbox 1683 1395 1839 1474; x_wconf 75' lang='grc' dir='ltr'>φησὶ,</span> <span class='ocrx_word' id='word_1_106' title='bbox 1892 1405 1955 1460; x_wconf 84' lang='grc' dir='ltr'>τὸ</span> 
     </span>
    </p>
   </div>
   <div class='ocr_carea' id='block_1_17' title="bbox 283 1485 1956 1563">
    <p class='ocr_par' dir='ltr' id='par_1_17' title="bbox 283 1485 1956 1563">
     <span class='ocr_line' id='line_1_17' title="bbox 283 1485 1956 1563; baseline -0.004 -16"><span class='ocrx_word' id='word_1_107' title='bbox 283 1491 481 1558; x_wconf 80' lang='grc' dir='ltr'>τέλος,</span> <span class='ocrx_word' id='word_1_108' title='bbox 512 1490 603 1546; x_wconf 87' lang='grc' dir='ltr'><strong>καὶ</strong></span> <span class='ocrx_word' id='word_1_109' title='bbox 638 1486 722 1544; x_wconf 94' lang='grc' dir='ltr'><strong>δεῖ</strong></span> <span class='ocrx_word' id='word_1_110' title='bbox 749 1490 900 1562; x_wconf 76' lang='grc' dir='ltr'>ἡμᾶς</span> <span class='ocrx_word' id='word_1_111' title='bbox 930 1487 1236 1563; x_wconf 72' lang='grc' dir='ltr'><strong>ἐπείγεσθαι</strong></span> <span class='ocrx_word' id='word_1_112' title='bbox 1285 1487 1362 1549; x_wconf 82' lang='grc' dir='ltr'><strong>είς</strong></span> <span class='ocrx_word' id='word_1_113' title='bbox 1418 1487 1518 1555; x_wconf 76' lang='grc' dir='ltr'><strong>τήν</strong></span> <span class='ocrx_word' id='word_1_114' title='bbox 1576 1490 1682 1541; x_wconf 79' lang='grc' dir='ltr'>τῶν</span> <span class='ocrx_word' id='word_1_115' title='bbox 1740 1485 1956 1560; x_wconf 83' lang='grc' dir='ltr'>ἀγαθῶν</span> 
     </span>
    </p>
   </div>
   <div class='ocr_carea' id='block_1_18' title="bbox 286 1575 1952 1658">
    <p class='ocr_par' dir='ltr' id='par_1_18' title="bbox 286 1575 1952 1658">
     <span class='ocr_line' id='line_1_18' title="bbox 286 1575 1952 1658; baseline -0.002 -22"><span class='ocrx_word' id='word_1_116' title='bbox 286 1577 471 1658; x_wconf 81' lang='grc' dir='ltr'>ἔργων</span> <span class='ocrx_word' id='word_1_117' title='bbox 501 1578 781 1657; x_wconf 83' lang='grc' dir='ltr'>ἐργασίαν.</span> <span class='ocrx_word' id='word_1_118' title='bbox 814 1603 842 1631; x_wconf 85' lang='grc'><em>‹‹</em></span> <span class='ocrx_word' id='word_1_119' title='bbox 900 1578 991 1649; x_wconf 80' lang='grc' dir='ltr'>Ἐξ</span> <span class='ocrx_word' id='word_1_120' title='bbox 1047 1578 1219 1633; x_wconf 76' lang='grc' dir='ltr'>’ὀπνου</span> <span class='ocrx_word' id='word_1_121' title='bbox 1275 1575 1576 1652; x_wconf 77' lang='grc' dir='ltr'>ἐγερθῆναι.</span> <span class='ocrx_word' id='word_1_122' title='bbox 1637 1599 1665 1627; x_wconf 86' lang='grc'><strong>››</strong></span> <span class='ocrx_word' id='word_1_123' title='bbox 1716 1578 1829 1645; x_wconf 82' lang='grc' dir='ltr'><strong>Τῆς</strong></span> <span class='ocrx_word' id='word_1_124' title='bbox 1859 1576 1952 1649; x_wconf 81' lang='grc' dir='ltr'><strong>ῥᾳ-</strong></span> 
     </span>
    </p>
   </div>
   <div class='ocr_carea' id='block_1_19' title="bbox 292 1664 1952 1744">
    <p class='ocr_par' dir='ltr' id='par_1_19' title="bbox 292 1664 1952 1744">
     <span class='ocr_line' id='line_1_19' title="bbox 292 1664 1952 1744; baseline -0.005 -18"><span class='ocrx_word' id='word_1_125' title='bbox 292 1669 497 1744; x_wconf 80' lang='grc' dir='ltr'>θυμίας</span> <span class='ocrx_word' id='word_1_126' title='bbox 557 1668 870 1733; x_wconf 80' lang='grc' dir='ltr'>ἀναστῆναι.</span> <span class='ocrx_word' id='word_1_127' title='bbox 936 1692 958 1719; x_wconf 80' lang='grc' dir='ltr'><strong>ι</strong></span> <span class='ocrx_word' id='word_1_128' title='bbox 1019 1669 1127 1726; x_wconf 79' lang='grc' dir='ltr'><strong>Νῦν</strong></span> <span class='ocrx_word' id='word_1_129' title='bbox 1179 1667 1281 1742; x_wconf 71' lang='grc' dir='ltr'><strong>γὰρ</strong></span> <span class='ocrx_word' id='word_1_130' title='bbox 1335 1664 1617 1740; x_wconf 73' lang='grc' dir='ltr'>ἐγγύτερον</span> <span class='ocrx_word' id='word_1_131' title='bbox 1677 1666 1839 1737; x_wconf 76' lang='grc' dir='ltr'>ἡμῶν</span> <span class='ocrx_word' id='word_1_132' title='bbox 1916 1666 1952 1733; x_wconf 79' lang='grc' dir='ltr'><strong>ἡ</strong></span> 
     </span>
    </p>
   </div>
   <div class='ocr_carea' id='block_1_20' title="bbox 291 1752 2033 1853">
    <p class='ocr_par' dir='ltr' id='par_1_20' title="bbox 291 1752 2033 1853">
     <span class='ocr_line' id='line_1_20' title="bbox 291 1752 2033 1853; baseline -0.005 -38"><span class='ocrx_word' id='word_1_133' title='bbox 291 1758 564 1832; x_wconf 84' lang='grc' dir='ltr'>σωτηρία.</span> <span class='ocrx_word' id='word_1_134' title='bbox 620 1781 648 1809; x_wconf 74' lang='grc' dir='ltr'>ι)</span> <span class='ocrx_word' id='word_1_135' title='bbox 706 1760 818 1814; x_wconf 76' lang='grc' dir='ltr'><strong>Τοῦ</strong></span> <span class='ocrx_word' id='word_1_136' title='bbox 876 1756 982 1832; x_wconf 84' lang='grc' dir='ltr'><strong>γὰρ</strong></span> <span class='ocrx_word' id='word_1_137' title='bbox 1042 1752 1311 1830; x_wconf 85' lang='grc' dir='ltr'>παρόντος</span> <span class='ocrx_word' id='word_1_138' title='bbox 1364 1754 1490 1829; x_wconf 84' lang='grc' dir='ltr'>βίου</span> <span class='ocrx_word' id='word_1_139' title='bbox 1543 1754 2033 1853; x_wconf 80' lang='grc' dir='ltr'>ὑποσυρομένουΒ</span> 
     </span>
    </p>
   </div>
   <div class='ocr_carea' id='block_1_21' title="bbox 283 1843 1951 1922">
    <p class='ocr_par' dir='ltr' id='par_1_21' title="bbox 283 1843 1951 1922">
     <span class='ocr_line' id='line_1_21' title="bbox 283 1843 1951 1922; baseline -0.005 -18"><span class='ocrx_word' id='word_1_140' title='bbox 283 1849 432 1904; x_wconf 85' lang='grc' dir='ltr'><strong>κατά</strong></span> <span class='ocrx_word' id='word_1_141' title='bbox 483 1848 699 1922; x_wconf 84' lang='grc' dir='ltr'>μικρὸν,</span> <span class='ocrx_word' id='word_1_142' title='bbox 762 1845 1052 1921; x_wconf 75' lang='grc' dir='ltr'>έγγύςερος</span> <span class='ocrx_word' id='word_1_143' title='bbox 1084 1847 1113 1900; x_wconf 93' lang='lat'><strong>6</strong></span> <span class='ocrx_word' id='word_1_144' title='bbox 1151 1848 1250 1911; x_wconf 83' lang='grc' dir='ltr'><strong>τῆς</strong></span> <span class='ocrx_word' id='word_1_145' title='bbox 1310 1845 1651 1908; x_wconf 78' lang='grc' dir='ltr'>ἀναστάσεως</span> <span class='ocrx_word' id='word_1_146' title='bbox 1714 1843 1804 1898; x_wconf 89' lang='grc' dir='ltr'>καὶ</span> <span class='ocrx_word' id='word_1_147' title='bbox 1852 1848 1951 1912; x_wconf 75' lang='grc' dir='ltr'><strong>τῆς</strong></span> 
     </span>
    </p>
   </div>
   <div class='ocr_carea' id='block_1_22' title="bbox 277 1931 1955 2012">
    <p class='ocr_par' dir='ltr' id='par_1_22' title="bbox 277 1931 1955 2012">
     <span class='ocr_line' id='line_1_22' title="bbox 277 1931 1955 2012; baseline -0.004 -19"><span class='ocrx_word' id='word_1_148' title='bbox 277 1937 574 2012; x_wconf 73' lang='grc' dir='ltr'>σωτηρίας</span> <span class='ocrx_word' id='word_1_149' title='bbox 608 1939 771 2010; x_wconf 71' lang='grc' dir='ltr'>ἡμῶν</span> <span class='ocrx_word' id='word_1_150' title='bbox 804 1935 1011 2009; x_wconf 81' lang='grc' dir='ltr'>γίνεται</span> <span class='ocrx_word' id='word_1_151' title='bbox 1040 1934 1253 2010; x_wconf 84' lang='grc' dir='ltr'>καιρὸς,</span> <span class='ocrx_word' id='word_1_152' title='bbox 1313 1934 1458 2007; x_wconf 75' lang='grc' dir='ltr'>παρὸ</span> <span class='ocrx_word' id='word_1_153' title='bbox 1514 1931 1606 1988; x_wconf 80' lang='grc' dir='ltr'><strong>ὅτε</strong></span> <span class='ocrx_word' id='word_1_154' title='bbox 1645 1933 1746 2001; x_wconf 82' lang='grc' dir='ltr'>τὴν</span> <span class='ocrx_word' id='word_1_155' title='bbox 1775 1932 1955 2007; x_wconf 71' lang='grc' dir='ltr'>ἀρχὴν</span> 
     </span>
    </p>
   </div>
   <div class='ocr_carea' id='block_1_23' title="bbox 278 2023 1955 2101">
    <p class='ocr_par' dir='ltr' id='par_1_23' title="bbox 278 2023 1955 2101">
     <span class='ocr_line' id='line_1_23' title="bbox 278 2023 1955 2101; baseline -0.004 -18"><span class='ocrx_word' id='word_1_156' title='bbox 278 2029 542 2101; x_wconf 71' lang='grc' dir='ltr'>ἤλθομεν</span> <span class='ocrx_word' id='word_1_157' title='bbox 575 2026 653 2089; x_wconf 83' lang='grc' dir='ltr'><strong>εἰς</strong></span> <span class='ocrx_word' id='word_1_158' title='bbox 680 2027 781 2095; x_wconf 78' lang='grc' dir='ltr'>τὴν</span> <span class='ocrx_word' id='word_1_159' title='bbox 814 2024 1018 2082; x_wconf 88' lang='grc' dir='ltr'>πίστιν.</span> <span class='ocrx_word' id='word_1_160' title='bbox 1048 2050 1075 2077; x_wconf 88' lang='grc'><strong>‹‹</strong></span> <span class='ocrx_word' id='word_1_161' title='bbox 1129 2026 1191 2083; x_wconf 87' lang='grc' dir='ltr'>Ἡ</span> <span class='ocrx_word' id='word_1_162' title='bbox 1228 2023 1493 2099; x_wconf 79' lang='grc' dir='ltr'>σωτηρία.</span> <span class='ocrx_word' id='word_1_163' title='bbox 1547 2047 1576 2075; x_wconf 90' lang='grc'><strong>››</strong></span> <span class='ocrx_word' id='word_1_164' title='bbox 1621 2023 1752 2081; x_wconf 83' lang='grc' dir='ltr'><strong>Ἐὰν</strong></span> <span class='ocrx_word' id='word_1_165' title='bbox 1808 2024 1955 2095; x_wconf 82' lang='grc' dir='ltr'><strong>ὦμεν</strong></span> 
     </span>
    </p>
   </div>
   <div class='ocr_carea' id='block_1_24' title="bbox 283 2109 1954 2190">
    <p class='ocr_par' dir='ltr' id='par_1_24' title="bbox 283 2109 1954 2190">
     <span class='ocr_line' id='line_1_24' title="bbox 283 2109 1954 2190; baseline -0.004 -18"><span class='ocrx_word' id='word_1_166' title='bbox 283 2119 360 2180; x_wconf 81' lang='grc' dir='ltr'><strong>ὡς</strong></span> <span class='ocrx_word' id='word_1_167' title='bbox 406 2113 494 2171; x_wconf 87' lang='grc' dir='ltr'><strong>δεῖ</strong></span> <span class='ocrx_word' id='word_1_168' title='bbox 523 2113 1043 2190; x_wconf 75' lang='grc' dir='ltr'>παρεσκευασμένοι,</span> <span class='ocrx_word' id='word_1_169' title='bbox 1086 2115 1360 2188; x_wconf 80' lang='grc' dir='ltr'>σωτήριος</span> <span class='ocrx_word' id='word_1_170' title='bbox 1406 2115 1543 2185; x_wconf 78' lang='grc' dir='ltr'>ἡμῖν</span> <span class='ocrx_word' id='word_1_171' title='bbox 1600 2109 1746 2167; x_wconf 80' lang='grc' dir='ltr'>ἔσται</span> <span class='ocrx_word' id='word_1_172' title='bbox 1792 2113 1954 2182; x_wconf 79' lang='grc' dir='ltr'>ἡτῆς</span> 
     </span>
    </p>
   </div>
   <div class='ocr_carea' id='block_1_25' title="bbox 289 2199 1958 2281">
    <p class='ocr_par' dir='ltr' id='par_1_25' title="bbox 289 2199 1958 2281">
     <span class='ocr_line' id='line_1_25' title="bbox 289 2199 1958 2281; baseline -0.004 -19"><span class='ocrx_word' id='word_1_173' title='bbox 289 2206 533 2281; x_wconf 75' lang='grc' dir='ltr'>κρίσεως</span> <span class='ocrx_word' id='word_1_174' title='bbox 560 2204 762 2279; x_wconf 77' lang='grc' dir='ltr'>ἠμέρα’</span> <span class='ocrx_word' id='word_1_175' title='bbox 807 2201 919 2259; x_wconf 76' lang='grc' dir='ltr'>εἷδὶ</span> <span class='ocrx_word' id='word_1_176' title='bbox 971 2204 1071 2276; x_wconf 81' lang='grc' dir='ltr'>μή,</span> <span class='ocrx_word' id='word_1_177' title='bbox 1138 2200 1409 2277; x_wconf 84' lang='grc' dir='ltr'>ὀλέθριος.</span> <span class='ocrx_word' id='word_1_178' title='bbox 1470 2200 1624 2271; x_wconf 74' lang='grc' dir='ltr'>Πλὴν</span> <span class='ocrx_word' id='word_1_179' title='bbox 1684 2199 1843 2265; x_wconf 80' lang='grc' dir='ltr'>αὐτὸς</span> <span class='ocrx_word' id='word_1_180' title='bbox 1898 2200 1958 2256; x_wconf 86' lang='grc' dir='ltr'><strong>έκ</strong></span> 
     </span>
    </p>
   </div>
   <div class='ocr_carea' id='block_1_26' title="bbox 292 2289 1956 2371">
    <p class='ocr_par' dir='ltr' id='par_1_26' title="bbox 292 2289 1956 2371">
     <span class='ocr_line' id='line_1_26' title="bbox 292 2289 1956 2371; baseline -0.003 -20"><span class='ocrx_word' id='word_1_181' title='bbox 292 2300 409 2351; x_wconf 78' lang='grc' dir='ltr'><strong>τῶν</strong></span> <span class='ocrx_word' id='word_1_182' title='bbox 461 2292 853 2371; x_wconf 84' lang='grc' dir='ltr'>χρηστοτέρων</span> <span class='ocrx_word' id='word_1_183' title='bbox 907 2290 1076 2364; x_wconf 87' lang='grc' dir='ltr'>δηλοῖ</span> <span class='ocrx_word' id='word_1_184' title='bbox 1152 2293 1252 2360; x_wconf 77' lang='grc' dir='ltr'><strong>τήν</strong></span> <span class='ocrx_word' id='word_1_185' title='bbox 1301 2292 1513 2368; x_wconf 80' lang='grc' dir='ltr'>ἡμέραν</span> <span class='ocrx_word' id='word_1_186' title='bbox 1569 2289 1792 2361; x_wconf 76' lang='grc' dir='ltr'>ἐκείνην.</span> <span class='ocrx_word' id='word_1_187' title='bbox 1829 2313 1859 2341; x_wconf 75' lang='grc' dir='ltr'>ι(</span> <span class='ocrx_word' id='word_1_188' title='bbox 1885 2293 1956 2346; x_wconf 77' lang='grc' dir='ltr'><strong>’Ἡ</strong></span> 
     </span>
    </p>
   </div>
   <div class='ocr_carea' id='block_1_27' title="bbox 292 2378 1957 2455">
    <p class='ocr_par' dir='ltr' id='par_1_27' title="bbox 292 2378 1957 2455">
     <span class='ocr_line' id='line_1_27' title="bbox 292 2378 1957 2455; baseline -0.004 -15"><span class='ocrx_word' id='word_1_189' title='bbox 292 2387 389 2440; x_wconf 80' lang='grc' dir='ltr'><strong>ὅτε</strong></span> <span class='ocrx_word' id='word_1_190' title='bbox 419 2382 832 2455; x_wconf 74' lang='grc' dir='ltr'>ἐπιστεύσαμεν.</span> <span class='ocrx_word' id='word_1_191' title='bbox 897 2405 925 2433; x_wconf 69' lang='grc' dir='ltr'><strong>η</strong></span> <span class='ocrx_word' id='word_1_192' title='bbox 978 2380 1141 2442; x_wconf 73' lang='grc' dir='ltr'>Εἴκὸς</span> <span class='ocrx_word' id='word_1_193' title='bbox 1195 2380 1262 2449; x_wconf 76' lang='grc' dir='ltr'><strong>ἦν</strong></span> <span class='ocrx_word' id='word_1_194' title='bbox 1291 2381 1519 2444; x_wconf 82' lang='grc' dir='ltr'>τούτους</span> <span class='ocrx_word' id='word_1_195' title='bbox 1576 2378 1629 2435; x_wconf 83' lang='grc' dir='ltr'>ἐν</span> <span class='ocrx_word' id='word_1_196' title='bbox 1655 2378 1802 2455; x_wconf 78' lang='grc' dir='ltr'><strong>ἀρχῆ</strong></span> <span class='ocrx_word' id='word_1_197' title='bbox 1862 2378 1957 2452; x_wconf 76' lang='grc' dir='ltr'>μὶν</span> 
     </span>
    </p>
   </div>
   <div class='ocr_carea' id='block_1_28' title="bbox 292 2467 1959 2547">
    <p class='ocr_par' dir='ltr' id='par_1_28' title="bbox 292 2467 1959 2547">
     <span class='ocr_line' id='line_1_28' title="bbox 292 2467 1959 2547; baseline -0.004 -19"><span class='ocrx_word' id='word_1_198' title='bbox 292 2476 371 2536; x_wconf 83' lang='grc' dir='ltr'><strong>ὡς</strong></span> <span class='ocrx_word' id='word_1_199' title='bbox 407 2472 640 2547; x_wconf 80' lang='grc' dir='ltr'>νεαροὺς</span> <span class='ocrx_word' id='word_1_200' title='bbox 669 2471 831 2543; x_wconf 81' lang='grc' dir='ltr'>ξέειν,</span> <span class='ocrx_word' id='word_1_201' title='bbox 862 2475 956 2525; x_wconf 82' lang='grc' dir='ltr'><strong>νῦν</strong></span> <span class='ocrx_word' id='word_1_202' title='bbox 998 2467 1058 2525; x_wconf 69' lang='grc' dir='ltr'>δὲ</span> <span class='ocrx_word' id='word_1_203' title='bbox 1115 2470 1595 2543; x_wconf 82' lang='grc' dir='ltr'>ἀπομεμαράνθαι.</span> <span class='ocrx_word' id='word_1_204' title='bbox 1633 2472 1807 2524; x_wconf 81' lang='grc' dir='ltr'>Τοῦτο</span> <span class='ocrx_word' id='word_1_205' title='bbox 1865 2467 1959 2523; x_wconf 82' lang='grc' dir='ltr'>οὖν</span> 
     </span>
    </p>
   </div>
   <div class='ocr_carea' id='block_1_29' title="bbox 288 2558 1958 2636">
    <p class='ocr_par' dir='ltr' id='par_1_29' title="bbox 288 2558 1958 2636">
     <span class='ocr_line' id='line_1_29' title="bbox 288 2558 1958 2636; baseline -0.004 -18"><span class='ocrx_word' id='word_1_206' title='bbox 288 2563 610 2630; x_wconf 74' lang='grc' dir='ltr'>αἰνίττεται,</span> <span class='ocrx_word' id='word_1_207' title='bbox 646 2559 730 2615; x_wconf 80' lang='grc' dir='ltr'><strong>ὅτι</strong></span> <span class='ocrx_word' id='word_1_208' title='bbox 762 2563 952 2632; x_wconf 76' lang='grc' dir='ltr'>’¹Οσον,</span> <span class='ocrx_word' id='word_1_209' title='bbox 986 2560 1145 2636; x_wconf 81' lang='grc' dir='ltr'>φησὶ,</span> <span class='ocrx_word' id='word_1_210' title='bbox 1177 2558 1467 2636; x_wconf 79' lang='grc' dir='ltr'>ἐγγύτερον</span> <span class='ocrx_word' id='word_1_211' title='bbox 1499 2561 1660 2633; x_wconf 79' lang='grc' dir='ltr'>ἡμῶν</span> <span class='ocrx_word' id='word_1_212' title='bbox 1707 2560 1742 2628; x_wconf 85' lang='grc' dir='ltr'>ἠ</span> <span class='ocrx_word' id='word_1_213' title='bbox 1776 2578 1958 2629; x_wconf 86' lang='grc' dir='ltr'>σωτη-</span> 
     </span>
    </p>
   </div>
   <div class='ocr_carea' id='block_1_30' title="bbox 291 2647 1957 2727">
    <p class='ocr_par' dir='ltr' id='par_1_30' title="bbox 291 2647 1957 2727">
     <span class='ocr_line' id='line_1_30' title="bbox 291 2647 1957 2727; baseline -0.002 -20"><span class='ocrx_word' id='word_1_214' title='bbox 291 2652 408 2727; x_wconf 86' lang='grc' dir='ltr'>ρία,</span> <span class='ocrx_word' id='word_1_215' title='bbox 438 2650 740 2722; x_wconf 72' lang='grc' dir='ltr'>τουτέστιν,</span> <span class='ocrx_word' id='word_1_216' title='bbox 774 2649 804 2703; x_wconf 91' lang='lat'><strong>6</strong></span> <span class='ocrx_word' id='word_1_217' title='bbox 833 2654 935 2719; x_wconf 84' lang='grc' dir='ltr'>τῆς</span> <span class='ocrx_word' id='word_1_218' title='bbox 983 2647 1213 2721; x_wconf 84' lang='grc' dir='ltr'>κρίσεως</span> <span class='ocrx_word' id='word_1_219' title='bbox 1269 2649 1458 2724; x_wconf 69' lang='grc' dir='ltr'>καιρὸς</span> <span class='ocrx_word' id='word_1_220' title='bbox 1514 2647 1606 2702; x_wconf 88' lang='grc' dir='ltr'><strong>καὶ</strong></span> <span class='ocrx_word' id='word_1_221' title='bbox 1661 2649 1957 2722; x_wconf 72' lang='grc' dir='ltr'>σωτήριος,</span> 
     </span>
    </p>
   </div>
   <div class='ocr_carea' id='block_1_31' title="bbox 291 2734 1560 2814">
    <p class='ocr_par' dir='ltr' id='par_1_31' title="bbox 291 2734 1560 2814">
     <span class='ocr_line' id='line_1_31' title="bbox 291 2734 1560 2814; baseline -0.002 -18"><span class='ocrx_word' id='word_1_222' title='bbox 291 2736 623 2809; x_wconf 79' lang='grc' dir='ltr'>σπουδάζειν</span> <span class='ocrx_word' id='word_1_223' title='bbox 654 2734 873 2812; x_wconf 75' lang='grc' dir='ltr'>μᾶλλον</span> <span class='ocrx_word' id='word_1_224' title='bbox 900 2739 1168 2814; x_wconf 83' lang='grc' dir='ltr'>προσήκει</span> <span class='ocrx_word' id='word_1_225' title='bbox 1199 2734 1235 2806; x_wconf 78' lang='grc' dir='ltr'>ἤ</span> <span class='ocrx_word' id='word_1_226' title='bbox 1268 2735 1560 2813; x_wconf 79' lang='grc' dir='ltr'>ῥᾳθυμεῖν.</span> 
     </span>
    </p>
   </div>
   <div class='ocr_carea' id='block_1_32' title="bbox 2063 507 3717 584">
    <p class='ocr_par' dir='ltr' id='par_1_32' title="bbox 2063 507 3717 584">
     <span class='ocr_line' id='line_1_32' title="bbox 2063 507 3717 584; baseline 0.008 -26"><span class='ocrx_word' id='word_1_227' title='bbox 2063 511 2402 577; x_wconf 86' lang='lat' dir='ltr'><strong>expurgata.</strong></span> <span class='ocrx_word' id='word_1_228' title='bbox 2436 508 2642 578; x_wconf 88' lang='lat' dir='ltr'><strong>Itaque</strong></span> <span class='ocrx_word' id='word_1_229' title='bbox 2671 507 3030 576; x_wconf 85' lang='lat' dir='ltr'><strong>abbreviata,</strong></span> <span class='ocrx_word' id='word_1_230' title='bbox 3064 511 3282 584; x_wconf 77' lang='lat' dir='ltr'><strong>inquit.</strong></span> <span class='ocrx_word' id='word_1_231' title='bbox 3314 520 3406 569; x_wconf 89' lang='lat' dir='ltr'><strong>est</strong></span> <span class='ocrx_word' id='word_1_232' title='bbox 3460 532 3600 579; x_wconf 83' lang='lat' dir='ltr'><strong>nox,</strong></span> <span class='ocrx_word' id='word_1_233' title='bbox 3656 516 3717 572; x_wconf 92' lang='lat' dir='ltr'><strong>id</strong></span> 
     </span>
    </p>
   </div>
   <div class='ocr_carea' id='block_1_33' title="bbox 2063 594 3719 671">
    <p class='ocr_par' dir='ltr' id='par_1_33' title="bbox 2063 594 3719 671">
     <span class='ocr_line' id='line_1_33' title="bbox 2063 594 3719 671; baseline 0.008 -24"><span class='ocrx_word' id='word_1_234' title='bbox 2063 598 2173 659; x_wconf 84' lang='lat' dir='ltr'><strong>est,</strong></span> <span class='ocrx_word' id='word_1_235' title='bbox 2206 594 2324 650; x_wconf 89' lang='lat' dir='ltr'><strong>vita</strong></span> <span class='ocrx_word' id='word_1_236' title='bbox 2361 602 2566 651; x_wconf 89' lang='lat' dir='ltr'><strong>nostra</strong></span> <span class='ocrx_word' id='word_1_237' title='bbox 2594 612 2662 652; x_wconf 89' lang='lat' dir='ltr'><strong>ac</strong></span> <span class='ocrx_word' id='word_1_238' title='bbox 2698 597 2837 653; x_wconf 88' lang='lat' dir='ltr'><strong>ﬁnis</strong></span> <span class='ocrx_word' id='word_1_239' title='bbox 2866 615 3049 671; x_wconf 80' lang='lat' dir='ltr'><strong>prape</strong></span> <span class='ocrx_word' id='word_1_240' title='bbox 3081 608 3171 656; x_wconf 89' lang='lat' dir='ltr'><strong>est</strong></span> <span class='ocrx_word' id='word_1_241' title='bbox 3202 618 3215 656; x_wconf 91' lang='lat'><strong>:</strong></span> <span class='ocrx_word' id='word_1_242' title='bbox 3252 602 3361 658; x_wconf 93' lang='lat' dir='ltr'><strong>hoc</strong></span> <span class='ocrx_word' id='word_1_243' title='bbox 3419 608 3527 670; x_wconf 88' lang='lat' dir='ltr'><strong>est,</strong></span> <span class='ocrx_word' id='word_1_244' title='bbox 3587 604 3719 661; x_wconf 86' lang='lat' dir='ltr'><strong>dies</strong></span> 
     </span>
    </p>
   </div>
   <div class='ocr_carea' id='block_1_34' title="bbox 2055 681 3719 764">
    <p class='ocr_par' dir='ltr' id='par_1_34' title="bbox 2055 681 3719 764">
     <span class='ocr_line' id='line_1_34' title="bbox 2055 681 3719 764; baseline 0.008 -27"><span class='ocrx_word' id='word_1_245' title='bbox 2055 681 2181 753; x_wconf 84' lang='lat' dir='ltr'><strong>jam</strong></span> <span class='ocrx_word' id='word_1_246' title='bbox 2213 685 2655 756; x_wconf 80' lang='lat' dir='ltr'><strong>appropinquat</strong></span> <span class='ocrx_word' id='word_1_247' title='bbox 2684 687 2884 741; x_wconf 88' lang='lat' dir='ltr'><strong>mortis</strong></span> <span class='ocrx_word' id='word_1_248' title='bbox 2915 704 2983 743; x_wconf 89' lang='lat' dir='ltr'><strong>ac</strong></span> <span class='ocrx_word' id='word_1_249' title='bbox 3015 690 3440 747; x_wconf 76' lang='lat' dir='ltr'><strong>retributionis.</strong></span> <span class='ocrx_word' id='word_1_250' title='bbox 3476 694 3719 764; x_wconf 80' lang='lat' dir='ltr'><strong>Oportet</strong></span> 
     </span>
    </p>
   </div>
   <div class='ocr_carea' id='block_1_35' title="bbox 2063 771 3719 854">
    <p class='ocr_par' dir='ltr' id='par_1_35' title="bbox 2063 771 3719 854">
     <span class='ocr_line' id='line_1_35' title="bbox 2063 771 3719 854; baseline 0.008 -28"><span class='ocrx_word' id='word_1_251' title='bbox 2063 771 2243 843; x_wconf 82' lang='lat' dir='ltr'><strong>igitur</strong></span> <span class='ocrx_word' id='word_1_252' title='bbox 2272 772 2425 829; x_wconf 88' lang='lat' dir='ltr'><strong>hanc</strong></span> <span class='ocrx_word' id='word_1_253' title='bbox 2455 774 2635 830; x_wconf 89' lang='lat' dir='ltr'><strong>etiam</strong></span> <span class='ocrx_word' id='word_1_254' title='bbox 2665 775 2739 830; x_wconf 91' lang='lat' dir='ltr'><strong>ob</strong></span> <span class='ocrx_word' id='word_1_255' title='bbox 2770 791 3011 831; x_wconf 81' lang='lat' dir='ltr'><strong>causam</strong></span> <span class='ocrx_word' id='word_1_256' title='bbox 3043 783 3316 851; x_wconf 89' lang='lat' dir='ltr'><strong>prompto</strong></span> <span class='ocrx_word' id='word_1_257' title='bbox 3345 782 3548 837; x_wconf 90' lang='lat' dir='ltr'><strong>animo</strong></span> <span class='ocrx_word' id='word_1_258' title='bbox 3571 799 3719 854; x_wconf 67' lang='lat' dir='ltr'><strong>prm-</strong></span> 
     </span>
    </p>
   </div>
   <div class='ocr_carea' id='block_1_36' title="bbox 2063 864 3718 935">
    <p class='ocr_par' dir='ltr' id='par_1_36' title="bbox 2063 864 3718 935">
     <span class='ocr_line' id='line_1_36' title="bbox 2063 864 3718 935; baseline 0.007 -19"><span class='ocrx_word' id='word_1_259' title='bbox 2063 866 2302 932; x_wconf 90' lang='lat' dir='ltr'><strong>ceptum</strong></span> <span class='ocrx_word' id='word_1_260' title='bbox 2332 878 2509 918; x_wconf 91' lang='lat' dir='ltr'><strong>omne</strong></span> <span class='ocrx_word' id='word_1_261' title='bbox 2548 865 2859 935; x_wconf 92' lang='lat' dir='ltr'><strong>perﬁcere,</strong></span> <span class='ocrx_word' id='word_1_262' title='bbox 2893 864 3138 935; x_wconf 78' lang='lat' dir='ltr'><strong>diligere</strong></span> <span class='ocrx_word' id='word_1_263' title='bbox 3170 867 3442 933; x_wconf 85' lang='lat' dir='ltr'><strong>invicem,</strong></span> <span class='ocrx_word' id='word_1_264' title='bbox 3465 871 3718 928; x_wconf 87' lang='lat' dir='ltr'><strong>reddere</strong></span> 
     </span>
    </p>
   </div>
   <div class='ocr_carea' id='block_1_37' title="bbox 2063 951 3719 1032">
    <p class='ocr_par' dir='ltr' id='par_1_37' title="bbox 2063 951 3719 1032">
     <span class='ocr_line' id='line_1_37' title="bbox 2063 951 3719 1032; baseline 0.007 -27"><span class='ocrx_word' id='word_1_265' title='bbox 2063 951 2341 1009; x_wconf 85' lang='lat' dir='ltr'><strong>omnibus</strong></span> <span class='ocrx_word' id='word_1_266' title='bbox 2368 952 2589 1019; x_wconf 86' lang='lat' dir='ltr'><strong>debita,</strong></span> <span class='ocrx_word' id='word_1_267' title='bbox 2624 953 2796 1009; x_wconf 89' lang='lat' dir='ltr'><strong>subdi</strong></span> <span class='ocrx_word' id='word_1_268' title='bbox 2827 955 3548 1030; x_wconf 86' lang='lat' dir='ltr'><strong>potestatibus.Siquidem</strong></span> <span class='ocrx_word' id='word_1_269' title='bbox 3578 978 3719 1032; x_wconf 89' lang='lat' dir='ltr'><strong>par-</strong></span> 
     </span>
    </p>
   </div>
   <div class='ocr_carea' id='block_1_38' title="bbox 2062 1042 3720 1121">
    <p class='ocr_par' dir='ltr' id='par_1_38' title="bbox 2062 1042 3720 1121">
     <span class='ocr_line' id='line_1_38' title="bbox 2062 1042 3720 1121; baseline 0.006 -27"><span class='ocrx_word' id='word_1_270' title='bbox 2062 1056 2168 1094; x_wconf 81' lang='lat' dir='ltr'><strong>vus</strong></span> <span class='ocrx_word' id='word_1_271' title='bbox 2199 1057 2436 1111; x_wconf 93' lang='lat' dir='ltr'><strong>quoque</strong></span> <span class='ocrx_word' id='word_1_272' title='bbox 2468 1057 2630 1097; x_wconf 86' lang='lat' dir='ltr'><strong>nunc</strong></span> <span class='ocrx_word' id='word_1_273' title='bbox 2659 1042 2828 1098; x_wconf 92' lang='lat' dir='ltr'><strong>labor</strong></span> <span class='ocrx_word' id='word_1_274' title='bbox 2857 1049 2948 1098; x_wconf 88' lang='lat' dir='ltr'><strong>est</strong></span> <span class='ocrx_word' id='word_1_275' title='bbox 2979 1061 2993 1098; x_wconf 93' lang='lat'><strong><em>:</em></strong></span> <span class='ocrx_word' id='word_1_276' title='bbox 3025 1060 3146 1100; x_wconf 94' lang='lat' dir='ltr'><strong>non</strong></span> <span class='ocrx_word' id='word_1_277' title='bbox 3200 1045 3261 1100; x_wconf 93' lang='lat' dir='ltr'><strong>in</strong></span> <span class='ocrx_word' id='word_1_278' title='bbox 3315 1046 3555 1120; x_wconf 89' lang='lat' dir='ltr'><strong>longum</strong></span> <span class='ocrx_word' id='word_1_279' title='bbox 3587 1067 3720 1121; x_wconf 90' lang='lat' dir='ltr'><strong>pro-</strong></span> 
     </span>
    </p>
   </div>
   <div class='ocr_carea' id='block_1_39' title="bbox 2063 1128 3724 1209">
    <p class='ocr_par' dir='ltr' id='par_1_39' title="bbox 2063 1128 3724 1209">
     <span class='ocr_line' id='line_1_39' title="bbox 2063 1128 3724 1209; baseline 0.006 -26"><span class='ocrx_word' id='word_1_280' title='bbox 2063 1128 2393 1184; x_wconf 88' lang='lat' dir='ltr'><strong>tenduntur</strong></span> <span class='ocrx_word' id='word_1_281' title='bbox 2421 1132 2770 1197; x_wconf 83' lang='lat' dir='ltr'><strong>certamina,</strong></span> <span class='ocrx_word' id='word_1_282' title='bbox 2798 1131 2939 1188; x_wconf 91' lang='lat' dir='ltr'><strong>licet</strong></span> <span class='ocrx_word' id='word_1_283' title='bbox 2967 1133 3279 1205; x_wconf 86' lang='lat' dir='ltr'><strong>paululum</strong></span> <span class='ocrx_word' id='word_1_284' title='bbox 3309 1140 3539 1192; x_wconf 87' lang='lat' dir='ltr'><strong>certare</strong></span> <span class='ocrx_word' id='word_1_285' title='bbox 3555 1154 3724 1209; x_wconf 91' lang='lat' dir='ltr'><strong>opor-</strong></span> 
     </span>
    </p>
   </div>
   <div class='ocr_carea' id='block_1_40' title="bbox 2064 1218 3722 1282">
    <p class='ocr_par' dir='ltr' id='par_1_40' title="bbox 2064 1218 3722 1282">
     <span class='ocr_line' id='line_1_40' title="bbox 2064 1218 3722 1282; baseline 0.005 -9"><span class='ocrx_word' id='word_1_286' title='bbox 2064 1220 2357 1275; x_wconf 88' lang='lat' dir='ltr'><strong>teat.Nam</strong></span> <span class='ocrx_word' id='word_1_287' title='bbox 2388 1218 2707 1276; x_wconf 88' lang='lat' dir='ltr'><strong>admodum</strong></span> <span class='ocrx_word' id='word_1_288' title='bbox 2738 1220 2913 1277; x_wconf 80' lang='lat' dir='ltr'><strong>breve</strong></span> <span class='ocrx_word' id='word_1_289' title='bbox 2945 1222 3168 1279; x_wconf 83' lang='lat' dir='ltr'><strong>factum</strong></span> <span class='ocrx_word' id='word_1_290' title='bbox 3188 1230 3278 1279; x_wconf 90' lang='lat' dir='ltr'><strong>est</strong></span> <span class='ocrx_word' id='word_1_291' title='bbox 3307 1226 3566 1281; x_wconf 84' lang='lat' dir='ltr'><strong>stadium</strong></span> <span class='ocrx_word' id='word_1_292' title='bbox 3590 1227 3722 1282; x_wconf 64' lang='lat' dir='ltr'><strong>vita;</strong></span> 
     </span>
    </p>
   </div>
   <div class='ocr_carea' id='block_1_41' title="bbox 2064 1312 3724 1377">
    <p class='ocr_par' dir='ltr' id='par_1_41' title="bbox 2064 1312 3724 1377">
     <span class='ocr_line' id='line_1_41' title="bbox 2064 1312 3724 1377; baseline 0.007 -16"><span class='ocrx_word' id='word_1_293' title='bbox 2064 1312 2312 1362; x_wconf 66' lang='lat' dir='ltr'><strong>nostrai:</strong></span> <span class='ocrx_word' id='word_1_294' title='bbox 2347 1325 2523 1364; x_wconf 91' lang='lat' dir='ltr'><strong>nemo</strong></span> <span class='ocrx_word' id='word_1_295' title='bbox 2554 1314 2886 1377; x_wconf 86' lang='lat' dir='ltr'><strong>cunctetur,</strong></span> <span class='ocrx_word' id='word_1_296' title='bbox 2920 1328 3129 1367; x_wconf 91' lang='lat' dir='ltr'><strong>omnes</strong></span> <span class='ocrx_word' id='word_1_297' title='bbox 3152 1313 3416 1370; x_wconf 91' lang='lat' dir='ltr'><strong>studium</strong></span> <span class='ocrx_word' id='word_1_298' title='bbox 3437 1315 3724 1372; x_wconf 89' lang='lat' dir='ltr'><strong>adhibea-</strong></span> 
     </span>
    </p>
   </div>
   <div class='ocr_carea' id='block_1_42' title="bbox 2065 1398 3724 1476">
    <p class='ocr_par' dir='ltr' id='par_1_42' title="bbox 2065 1398 3724 1476">
     <span class='ocr_line' id='line_1_42' title="bbox 2065 1398 3724 1476; baseline 0.007 -25"><span class='ocrx_word' id='word_1_299' title='bbox 2065 1413 2216 1452; x_wconf 81' lang='lat' dir='ltr'><strong>mus.</strong></span> <span class='ocrx_word' id='word_1_300' title='bbox 2253 1419 2281 1447; x_wconf 89' lang='grc'><strong>‹‹</strong></span> <span class='ocrx_word' id='word_1_301' title='bbox 2313 1398 2478 1463; x_wconf 90' lang='lat' dir='ltr'><strong>Quod</strong></span> <span class='ocrx_word' id='word_1_302' title='bbox 2509 1399 2655 1456; x_wconf 89' lang='lat' dir='ltr'><strong>hora</strong></span> <span class='ocrx_word' id='word_1_303' title='bbox 2684 1401 2762 1455; x_wconf 91' lang='lat' dir='ltr'><strong>sit</strong></span> <span class='ocrx_word' id='word_1_304' title='bbox 2809 1418 2920 1457; x_wconf 90' lang='lat' dir='ltr'><strong>nos</strong></span> <span class='ocrx_word' id='word_1_305' title='bbox 2940 1402 3093 1473; x_wconf 86' lang='lat' dir='ltr'><strong>jam.</strong></span> <span class='ocrx_word' id='word_1_306' title='bbox 3131 1424 3153 1454; x_wconf 75' lang='grc' dir='ltr'><strong>ι</strong></span> <span class='ocrx_word' id='word_1_307' title='bbox 3190 1406 3257 1459; x_wconf 88' lang='lat' dir='ltr'><strong>In</strong></span> <span class='ocrx_word' id='word_1_308' title='bbox 3302 1406 3594 1476; x_wconf 87' lang='lat' dir='ltr'><strong>proximo,</strong></span> <span class='ocrx_word' id='word_1_309' title='bbox 3627 1407 3724 1463; x_wconf 91' lang='lat' dir='ltr'><strong>in-</strong></span> 
     </span>
    </p>
   </div>
   <div class='ocr_carea' id='block_1_43' title="bbox 2064 1487 3722 1569">
    <p class='ocr_par' dir='ltr' id='par_1_43' title="bbox 2064 1487 3722 1569">
     <span class='ocr_line' id='line_1_43' title="bbox 2064 1487 3722 1569; baseline 0.005 -26"><span class='ocrx_word' id='word_1_310' title='bbox 2064 1487 2216 1557; x_wconf 89' lang='lat' dir='ltr'><strong>quit,</strong></span> <span class='ocrx_word' id='word_1_311' title='bbox 2247 1492 2338 1543; x_wconf 88' lang='lat' dir='ltr'><strong>est</strong></span> <span class='ocrx_word' id='word_1_312' title='bbox 2369 1489 2594 1555; x_wconf 81' lang='lat' dir='ltr'><strong>ﬁnis,et</strong></span> <span class='ocrx_word' id='word_1_313' title='bbox 2622 1490 2705 1545; x_wconf 89' lang='lat' dir='ltr'><strong>ita</strong></span> <span class='ocrx_word' id='word_1_314' title='bbox 2734 1506 2845 1545; x_wconf 89' lang='lat' dir='ltr'><strong>nos</strong></span> <span class='ocrx_word' id='word_1_315' title='bbox 2871 1508 3194 1563; x_wconf 87' lang='lat' dir='ltr'><strong>properare</strong></span> <span class='ocrx_word' id='word_1_316' title='bbox 3222 1500 3456 1566; x_wconf 87' lang='lat' dir='ltr'><strong>oportet</strong></span> <span class='ocrx_word' id='word_1_317' title='bbox 3483 1494 3559 1551; x_wconf 91' lang='lat' dir='ltr'><strong>ad</strong></span> <span class='ocrx_word' id='word_1_318' title='bbox 3579 1513 3722 1569; x_wconf 85' lang='lat' dir='ltr'><strong>ope-</strong></span> 
     </span>
    </p>
   </div>
   <div class='ocr_carea' id='block_1_44' title="bbox 2063 1575 3722 1657">
    <p class='ocr_par' dir='ltr' id='par_1_44' title="bbox 2063 1575 3722 1657">
     <span class='ocr_line' id='line_1_44' title="bbox 2063 1575 3722 1657; baseline 0.005 -29"><span class='ocrx_word' id='word_1_319' title='bbox 2063 1575 2357 1631; x_wconf 89' lang='lat' dir='ltr'><strong>rationem</strong></span> <span class='ocrx_word' id='word_1_320' title='bbox 2388 1576 2683 1633; x_wconf 90' lang='lat' dir='ltr'><strong>bonorum</strong></span> <span class='ocrx_word' id='word_1_321' title='bbox 2704 1595 2973 1651; x_wconf 92' lang='lat' dir='ltr'><strong>operum.</strong></span> <span class='ocrx_word' id='word_1_322' title='bbox 2993 1602 3021 1630; x_wconf 74' lang='grc' dir='ltr'>ι(</span> <span class='ocrx_word' id='word_1_323' title='bbox 3037 1582 3085 1635; x_wconf 87' lang='grc' dir='ltr'><strong>Α</strong></span> <span class='ocrx_word' id='word_1_324' title='bbox 3101 1598 3311 1637; x_wconf 88' lang='lat' dir='ltr'><strong>somno</strong></span> <span class='ocrx_word' id='word_1_325' title='bbox 3335 1585 3722 1657; x_wconf 72' lang='lat' dir='ltr'><strong>expergisci.»</strong></span> 
     </span>
    </p>
   </div>
   <div class='ocr_carea' id='block_1_45' title="bbox 2064 1664 3724 1743">
    <p class='ocr_par' dir='ltr' id='par_1_45' title="bbox 2064 1664 3724 1743">
     <span class='ocr_line' id='line_1_45' title="bbox 2064 1664 3724 1743; baseline 0.008 -27"><span class='ocrx_word' id='word_1_326' title='bbox 2064 1665 2112 1717; x_wconf 84' lang='grc' dir='ltr'><strong>Α</strong></span> <span class='ocrx_word' id='word_1_327' title='bbox 2143 1664 2393 1736; x_wconf 83' lang='lat' dir='ltr'><strong>segnitie</strong></span> <span class='ocrx_word' id='word_1_328' title='bbox 2454 1681 2794 1739; x_wconf 81' lang='lat' dir='ltr'><strong>exsurgere.</strong></span> <span class='ocrx_word' id='word_1_329' title='bbox 2828 1689 2857 1717; x_wconf 73' lang='grc' dir='ltr'>ιι</span> <span class='ocrx_word' id='word_1_330' title='bbox 2895 1669 3059 1724; x_wconf 87' lang='lat' dir='ltr'><strong>Nunc</strong></span> <span class='ocrx_word' id='word_1_331' title='bbox 3117 1671 3278 1725; x_wconf 89' lang='lat' dir='ltr'><strong>enim</strong></span> <span class='ocrx_word' id='word_1_332' title='bbox 3332 1672 3577 1743; x_wconf 89' lang='lat' dir='ltr'><strong>propior</strong></span> <span class='ocrx_word' id='word_1_333' title='bbox 3633 1678 3724 1729; x_wconf 89' lang='lat' dir='ltr'><strong>est</strong></span> 
     </span>
    </p>
   </div>
   <div class='ocr_carea' id='block_1_46' title="bbox 2064 1753 3724 1833">
    <p class='ocr_par' dir='ltr' id='par_1_46' title="bbox 2064 1753 3724 1833">
     <span class='ocr_line' id='line_1_46' title="bbox 2064 1753 3724 1833; baseline 0.007 -26"><span class='ocrx_word' id='word_1_334' title='bbox 2064 1758 2272 1809; x_wconf 87' lang='lat' dir='ltr'><strong>nostra</strong></span> <span class='ocrx_word' id='word_1_335' title='bbox 2301 1753 2484 1809; x_wconf 87' lang='lat' dir='ltr'><strong>salus.</strong></span> <span class='ocrx_word' id='word_1_336' title='bbox 2550 1777 2577 1804; x_wconf 86' lang='grc'><strong>››</strong></span> <span class='ocrx_word' id='word_1_337' title='bbox 2638 1757 2978 1813; x_wconf 68' lang='lat' dir='ltr'><strong>Praesertim</strong></span> <span class='ocrx_word' id='word_1_338' title='bbox 3037 1759 3197 1829; x_wconf 91' lang='lat' dir='ltr'><strong>quod</strong></span> <span class='ocrx_word' id='word_1_339' title='bbox 3249 1759 3365 1816; x_wconf 88' lang='lat' dir='ltr'><strong>vita</strong></span> <span class='ocrx_word' id='word_1_340' title='bbox 3420 1762 3724 1833; x_wconf 86' lang='lat' dir='ltr'><strong>paululum</strong></span> 
     </span>
    </p>
   </div>
   <div class='ocr_carea' id='block_1_47' title="bbox 2061 1845 3725 1920">
    <p class='ocr_par' dir='ltr' id='par_1_47' title="bbox 2061 1845 3725 1920">
     <span class='ocr_line' id='line_1_47' title="bbox 2061 1845 3725 1920; baseline 0.007 -23"><span class='ocrx_word' id='word_1_341' title='bbox 2061 1847 2339 1911; x_wconf 87' lang='lat' dir='ltr'><strong>retracta,</strong></span> <span class='ocrx_word' id='word_1_342' title='bbox 2372 1845 2620 1916; x_wconf 86' lang='lat' dir='ltr'><strong>pr0pius</strong></span> <span class='ocrx_word' id='word_1_343' title='bbox 2662 1845 2923 1901; x_wconf 84' lang='lat' dir='ltr'><strong>efﬁcitur</strong></span> <span class='ocrx_word' id='word_1_344' title='bbox 2977 1852 3212 1920; x_wconf 91' lang='lat' dir='ltr'><strong>tempus</strong></span> <span class='ocrx_word' id='word_1_345' title='bbox 3266 1852 3725 1907; x_wconf 85' lang='lat' dir='ltr'><strong>resurrectionis</strong></span> 
     </span>
    </p>
   </div>
   <div class='ocr_carea' id='block_1_48' title="bbox 2061 1933 3725 2007">
    <p class='ocr_par' dir='ltr' id='par_1_48' title="bbox 2061 1933 3725 2007">
     <span class='ocr_line' id='line_1_48' title="bbox 2061 1933 3725 2007; baseline 0.005 -18"><span class='ocrx_word' id='word_1_346' title='bbox 2061 1949 2130 1989; x_wconf 89' lang='lat' dir='ltr'><strong>ac</strong></span> <span class='ocrx_word' id='word_1_347' title='bbox 2161 1933 2372 1990; x_wconf 89' lang='lat' dir='ltr'><strong>salutis</strong></span> <span class='ocrx_word' id='word_1_348' title='bbox 2402 1940 2645 2001; x_wconf 77' lang='lat' dir='ltr'><strong>nostraa,</strong></span> <span class='ocrx_word' id='word_1_349' title='bbox 2680 1952 2860 2007; x_wconf 90' lang='lat' dir='ltr'><strong>quam</strong></span> <span class='ocrx_word' id='word_1_350' title='bbox 2894 1942 3018 1993; x_wconf 90' lang='lat' dir='ltr'><strong>tum</strong></span> <span class='ocrx_word' id='word_1_351' title='bbox 3051 1954 3187 1994; x_wconf 91' lang='lat' dir='ltr'><strong>cum</strong></span> <span class='ocrx_word' id='word_1_352' title='bbox 3248 1939 3421 1995; x_wconf 91' lang='lat' dir='ltr'><strong>initio</strong></span> <span class='ocrx_word' id='word_1_353' title='bbox 3451 1941 3725 1999; x_wconf 82' lang='lat' dir='ltr'><strong>venimus</strong></span> 
     </span>
    </p>
   </div>
   <div class='ocr_carea' id='block_1_49' title="bbox 2061 2021 3724 2102">
    <p class='ocr_par' dir='ltr' id='par_1_49' title="bbox 2061 2021 3724 2102">
     <span class='ocr_line' id='line_1_49' title="bbox 2061 2021 3724 2102; baseline 0.007 -26"><span class='ocrx_word' id='word_1_354' title='bbox 2061 2021 2137 2077; x_wconf 87' lang='lat' dir='ltr'><strong>ad</strong></span> <span class='ocrx_word' id='word_1_355' title='bbox 2169 2021 2407 2078; x_wconf 88' lang='lat' dir='ltr'><strong>ﬁdem.»</strong></span> <span class='ocrx_word' id='word_1_356' title='bbox 2431 2045 2457 2071; x_wconf 87' lang='lat'><strong>«</strong></span> <span class='ocrx_word' id='word_1_357' title='bbox 2483 2022 2712 2079; x_wconf 81' lang='lat' dir='ltr'><strong>Salus.»</strong></span> <span class='ocrx_word' id='word_1_358' title='bbox 2743 2024 2797 2078; x_wconf 91' lang='lat' dir='ltr'><strong>Si</strong></span> <span class='ocrx_word' id='word_1_359' title='bbox 2828 2024 3214 2094; x_wconf 89' lang='lat' dir='ltr'><strong>fuerimus,ut</strong></span> <span class='ocrx_word' id='word_1_360' title='bbox 3237 2034 3724 2102; x_wconf 71' lang='lat' dir='ltr'><strong>oportet,praapa-</strong></span> 
     </span>
    </p>
   </div>
   <div class='ocr_carea' id='block_1_50' title="bbox 2060 2110 3719 2187">
    <p class='ocr_par' dir='ltr' id='par_1_50' title="bbox 2060 2110 3719 2187">
     <span class='ocr_line' id='line_1_50' title="bbox 2060 2110 3719 2187; baseline 0.005 -22"><span class='ocrx_word' id='word_1_361' title='bbox 2060 2111 2195 2181; x_wconf 76' lang='lat' dir='ltr'><strong>rati,</strong></span> <span class='ocrx_word' id='word_1_362' title='bbox 2229 2110 2509 2166; x_wconf 88' lang='lat' dir='ltr'><strong>salutaris</strong></span> <span class='ocrx_word' id='word_1_363' title='bbox 2541 2110 2718 2166; x_wconf 92' lang='lat' dir='ltr'><strong>nobis</strong></span> <span class='ocrx_word' id='word_1_364' title='bbox 2751 2112 2865 2168; x_wconf 87' lang='lat' dir='ltr'><strong>erit</strong></span> <span class='ocrx_word' id='word_1_365' title='bbox 2896 2113 3111 2184; x_wconf 90' lang='lat' dir='ltr'><strong>judicii</strong></span> <span class='ocrx_word' id='word_1_366' title='bbox 3151 2115 3321 2171; x_wconf 91' lang='lat' dir='ltr'><strong>dies:</strong></span> <span class='ocrx_word' id='word_1_367' title='bbox 3371 2118 3465 2172; x_wconf 88' lang='lat' dir='ltr'><strong>sin</strong></span> <span class='ocrx_word' id='word_1_368' title='bbox 3496 2123 3719 2187; x_wconf 89' lang='lat' dir='ltr'><strong>autem,</strong></span> 
     </span>
    </p>
   </div>
   <div class='ocr_carea' id='block_1_51' title="bbox 2061 2199 3721 2271">
    <p class='ocr_par' dir='ltr' id='par_1_51' title="bbox 2061 2199 3721 2271">
     <span class='ocr_line' id='line_1_51' title="bbox 2061 2199 3721 2271; baseline 0.006 -18"><span class='ocrx_word' id='word_1_369' title='bbox 2061 2199 2509 2271; x_wconf 83' lang='lat' dir='ltr'><strong>perniciosus.A</strong></span> <span class='ocrx_word' id='word_1_370' title='bbox 2522 2200 3030 2257; x_wconf 91' lang='lat' dir='ltr'><strong>commodioribus</strong></span> <span class='ocrx_word' id='word_1_371' title='bbox 3044 2207 3243 2259; x_wconf 88' lang='lat' dir='ltr'><strong>tamen</strong></span> <span class='ocrx_word' id='word_1_372' title='bbox 3257 2204 3413 2260; x_wconf 92' lang='lat' dir='ltr'><strong>diem</strong></span> <span class='ocrx_word' id='word_1_373' title='bbox 3435 2205 3607 2262; x_wconf 90' lang='lat' dir='ltr'><strong>illum</strong></span> <span class='ocrx_word' id='word_1_374' title='bbox 3624 2207 3721 2263; x_wconf 84' lang='lat' dir='ltr'><strong>de-</strong></span> 
     </span>
    </p>
   </div>
   <div class='ocr_carea' id='block_1_52' title="bbox 2062 2292 3723 2357">
    <p class='ocr_par' dir='ltr' id='par_1_52' title="bbox 2062 2292 3723 2357">
     <span class='ocr_line' id='line_1_52' title="bbox 2062 2292 3723 2357; baseline 0.004 -11"><span class='ocrx_word' id='word_1_375' title='bbox 2062 2292 2351 2346; x_wconf 88' lang='lat' dir='ltr'><strong>nominat.</strong></span> <span class='ocrx_word' id='word_1_376' title='bbox 2381 2314 2409 2342; x_wconf 88' lang='grc'><strong>‹‹</strong></span> <span class='ocrx_word' id='word_1_377' title='bbox 2446 2292 2633 2357; x_wconf 86' lang='lat' dir='ltr'><strong>Quam</strong></span> <span class='ocrx_word' id='word_1_378' title='bbox 2668 2298 2794 2347; x_wconf 88' lang='lat' dir='ltr'><strong>tum</strong></span> <span class='ocrx_word' id='word_1_379' title='bbox 2827 2310 2961 2349; x_wconf 90' lang='lat' dir='ltr'><strong>cum</strong></span> <span class='ocrx_word' id='word_1_380' title='bbox 3003 2296 3408 2354; x_wconf 86' lang='lat' dir='ltr'><strong>credebamus.</strong></span> <span class='ocrx_word' id='word_1_381' title='bbox 3444 2317 3470 2350; x_wconf 75' lang='grc' dir='ltr'><strong>ι</strong></span> <span class='ocrx_word' id='word_1_382' title='bbox 3505 2299 3723 2355; x_wconf 87' lang='lat' dir='ltr'><strong>Verisi-</strong></span> 
     </span>
    </p>
   </div>
   <div class='ocr_carea' id='block_1_53' title="bbox 2063 2380 3716 2458">
    <p class='ocr_par' dir='ltr' id='par_1_53' title="bbox 2063 2380 3716 2458">
     <span class='ocr_line' id='line_1_53' title="bbox 2063 2380 3716 2458; baseline 0.005 -24"><span class='ocrx_word' id='word_1_383' title='bbox 2063 2380 2204 2435; x_wconf 90' lang='lat' dir='ltr'><strong>mile</strong></span> <span class='ocrx_word' id='word_1_384' title='bbox 2226 2387 2335 2449; x_wconf 90' lang='lat' dir='ltr'><strong>est,</strong></span> <span class='ocrx_word' id='word_1_385' title='bbox 2359 2380 2518 2451; x_wconf 87' lang='lat' dir='ltr'><strong>quod</strong></span> <span class='ocrx_word' id='word_1_386' title='bbox 2548 2380 2610 2435; x_wconf 88' lang='lat' dir='ltr'><strong>hi</strong></span> <span class='ocrx_word' id='word_1_387' title='bbox 2640 2381 2812 2437; x_wconf 88' lang='lat' dir='ltr'><strong>initio</strong></span> <span class='ocrx_word' id='word_1_388' title='bbox 2845 2383 3086 2453; x_wconf 90' lang='lat' dir='ltr'><strong>quidem</strong></span> <span class='ocrx_word' id='word_1_389' title='bbox 3117 2390 3413 2458; x_wconf 81' lang='lat' dir='ltr'><strong>tamquam</strong></span> <span class='ocrx_word' id='word_1_390' title='bbox 3445 2392 3716 2444; x_wconf 88' lang='lat' dir='ltr'><strong>recentes</strong></span> 
     </span>
    </p>
   </div>
   <div class='ocr_carea' id='block_1_54' title="bbox 2063 2470 3716 2549">
    <p class='ocr_par' dir='ltr' id='par_1_54' title="bbox 2063 2470 3716 2549">
     <span class='ocr_line' id='line_1_54' title="bbox 2063 2470 3716 2549; baseline 0.005 -23"><span class='ocrx_word' id='word_1_391' title='bbox 2063 2471 2127 2526; x_wconf 91' lang='lat' dir='ltr'><strong>in</strong></span> <span class='ocrx_word' id='word_1_392' title='bbox 2170 2470 2283 2525; x_wconf 88' lang='lat' dir='ltr'><strong>ﬁde</strong></span> <span class='ocrx_word' id='word_1_393' title='bbox 2312 2470 2628 2539; x_wconf 85' lang='lat' dir='ltr'><strong>ferverent,</strong></span> <span class='ocrx_word' id='word_1_394' title='bbox 2661 2472 3043 2542; x_wconf 87' lang='lat' dir='ltr'><strong>postmodum</strong></span> <span class='ocrx_word' id='word_1_395' title='bbox 3072 2491 3208 2531; x_wconf 90' lang='lat' dir='ltr'><strong>vero</strong></span> <span class='ocrx_word' id='word_1_396' title='bbox 3239 2475 3716 2549; x_wconf 87' lang='lat' dir='ltr'><strong>Ianguescerent,</strong></span> 
     </span>
    </p>
   </div>
   <div class='ocr_carea' id='block_1_55' title="bbox 2065 2560 3719 2633">
    <p class='ocr_par' dir='ltr' id='par_1_55' title="bbox 2065 2560 3719 2633">
     <span class='ocr_line' id='line_1_55' title="bbox 2065 2560 3719 2633; baseline 0.004 -17"><span class='ocrx_word' id='word_1_397' title='bbox 2065 2560 2178 2616; x_wconf 90' lang='lat' dir='ltr'><strong>hoc</strong></span> <span class='ocrx_word' id='word_1_398' title='bbox 2208 2577 2347 2630; x_wconf 77' lang='lat' dir='ltr'><strong>ergo</strong></span> <span class='ocrx_word' id='word_1_399' title='bbox 2369 2576 2529 2615; x_wconf 93' lang='lat' dir='ltr'><strong>nunc</strong></span> <span class='ocrx_word' id='word_1_400' title='bbox 2552 2560 2809 2615; x_wconf 87' lang='lat' dir='ltr'><strong>latenter</strong></span> <span class='ocrx_word' id='word_1_401' title='bbox 2828 2561 3049 2632; x_wconf 87' lang='lat' dir='ltr'><strong>innuit,</strong></span> <span class='ocrx_word' id='word_1_402' title='bbox 3082 2580 3150 2620; x_wconf 92' lang='lat' dir='ltr'><strong>ac</strong></span> <span class='ocrx_word' id='word_1_403' title='bbox 3181 2564 3230 2619; x_wconf 93' lang='lat' dir='ltr'><strong>si</strong></span> <span class='ocrx_word' id='word_1_404' title='bbox 3251 2564 3411 2621; x_wconf 90' lang='lat' dir='ltr'><strong>dicat</strong></span> <span class='ocrx_word' id='word_1_405' title='bbox 3442 2582 3455 2620; x_wconf 90' lang='lat'><strong>:</strong></span> <span class='ocrx_word' id='word_1_406' title='bbox 3489 2568 3719 2633; x_wconf 88' lang='lat' dir='ltr'><strong>Quanto</strong></span> 
     </span>
    </p>
   </div>
   <div class='ocr_carea' id='block_1_56' title="bbox 2066 2648 3724 2725">
    <p class='ocr_par' dir='ltr' id='par_1_56' title="bbox 2066 2648 3724 2725">
     <span class='ocr_line' id='line_1_56' title="bbox 2066 2648 3724 2725; baseline 0.004 -21"><span class='ocrx_word' id='word_1_407' title='bbox 2066 2648 2460 2721; x_wconf 89' lang='lat' dir='ltr'><strong>propinquior</strong></span> <span class='ocrx_word' id='word_1_408' title='bbox 2500 2654 2589 2704; x_wconf 89' lang='lat' dir='ltr'><strong>est</strong></span> <span class='ocrx_word' id='word_1_409' title='bbox 2618 2666 2779 2704; x_wconf 92' lang='lat' dir='ltr'><strong>nunc</strong></span> <span class='ocrx_word' id='word_1_410' title='bbox 2810 2656 3020 2707; x_wconf 90' lang='lat' dir='ltr'><strong>nostra</strong></span> <span class='ocrx_word' id='word_1_411' title='bbox 3065 2653 3245 2720; x_wconf 88' lang='lat' dir='ltr'><strong>salus,</strong></span> <span class='ocrx_word' id='word_1_412' title='bbox 3280 2653 3437 2710; x_wconf 75' lang='lat'><strong>380</strong></span> <span class='ocrx_word' id='word_1_413' title='bbox 3467 2654 3580 2711; x_wconf 93' lang='lat' dir='ltr'><strong>hoc</strong></span> <span class='ocrx_word' id='word_1_414' title='bbox 3611 2661 3724 2725; x_wconf 90' lang='lat' dir='ltr'><strong>est,</strong></span> 
     </span>
    </p>
   </div>
   <div class='ocr_carea' id='block_1_57' title="bbox 2059 2737 3729 2827">
    <p class='ocr_par' dir='ltr' id='par_1_57' title="bbox 2059 2737 3729 2827">
     <span class='ocr_line' id='line_1_57' title="bbox 2059 2737 3729 2827; baseline 0.004 -34"><span class='ocrx_word' id='word_1_415' title='bbox 2059 2737 2272 2811; x_wconf 90' lang='lat' dir='ltr'><strong>judicii</strong></span> <span class='ocrx_word' id='word_1_416' title='bbox 2293 2738 2421 2793; x_wconf 91' lang='lat' dir='ltr'><strong>dies</strong></span> <span class='ocrx_word' id='word_1_417' title='bbox 2454 2737 2754 2808; x_wconf 88' lang='lat' dir='ltr'><strong>salutaris,</strong></span> <span class='ocrx_word' id='word_1_418' title='bbox 2784 2740 2974 2812; x_wconf 89' lang='lat' dir='ltr'><strong>magis</strong></span> <span class='ocrx_word' id='word_1_419' title='bbox 2991 2740 3310 2815; x_wconf 85' lang='lat' dir='ltr'><strong>diligentas</strong></span> <span class='ocrx_word' id='word_1_420' title='bbox 3332 2759 3460 2827; x_wconf 85' lang='lat' dir='ltr'><strong>esse</strong></span> <span class='ocrx_word' id='word_1_421' title='bbox 3491 2750 3729 2817; x_wconf 88' lang='lat' dir='ltr'><strong>oportet</strong></span> 
     </span>
    </p>
   </div>
   <div class='ocr_carea' id='block_1_58' title="bbox 2069 2827 2732 2900">
    <p class='ocr_par' dir='ltr' id='par_1_58' title="bbox 2069 2827 2732 2900">
     <span class='ocr_line' id='line_1_58' title="bbox 2069 2827 2732 2900; baseline -0.005 -16"><span class='ocrx_word' id='word_1_422' title='bbox 2069 2833 2129 2884; x_wconf 91' lang='lat' dir='ltr'><strong>et</strong></span> <span class='ocrx_word' id='word_1_423' title='bbox 2155 2844 2277 2883; x_wconf 93' lang='lat' dir='ltr'><strong>non</strong></span> <span class='ocrx_word' id='word_1_424' title='bbox 2310 2843 2520 2900; x_wconf 88' lang='lat' dir='ltr'><strong>segnes</strong></span> <span class='ocrx_word' id='word_1_425' title='bbox 2552 2827 2732 2883; x_wconf 77' lang='lat' dir='ltr'><strong>efﬁci.</strong></span> 
     </span>
    </p>
   </div>
   <div class='ocr_carea' id='block_1_59' title="bbox 2140 2916 3734 2996">
    <p class='ocr_par' dir='ltr' id='par_1_59' title="bbox 2140 2916 3734 2996">
     <span class='ocr_line' id='line_1_59' title="bbox 2140 2916 3734 2996; baseline 0.005 -24"><span class='ocrx_word' id='word_1_426' title='bbox 2140 2916 2282 2983; x_wconf 80' lang='lat' dir='ltr'><strong>XIII,</strong></span> <span class='ocrx_word' id='word_1_427' title='bbox 2325 2918 2517 2971; x_wconf 77' lang='grc'><strong>12-14.</strong></span> <span class='ocrx_word' id='word_1_428' title='bbox 2552 2940 2580 2967; x_wconf 84' lang='grc'><em>‹‹</em></span> <span class='ocrx_word' id='word_1_429' title='bbox 2616 2919 2739 2972; x_wconf 83' lang='lat' dir='ltr'><strong>Nox</strong></span> <span class='ocrx_word' id='word_1_430' title='bbox 2766 2919 3094 2989; x_wconf 64' lang='lat' dir='ltr'><strong>praecessit,</strong></span> <span class='ocrx_word' id='word_1_431' title='bbox 3128 2920 3256 2977; x_wconf 90' lang='lat' dir='ltr'><strong>dies</strong></span> <span class='ocrx_word' id='word_1_432' title='bbox 3286 2927 3486 2978; x_wconf 88' lang='lat' dir='ltr'><strong>autem</strong></span> <span class='ocrx_word' id='word_1_433' title='bbox 3513 2940 3734 2996; x_wconf 89' lang='lat' dir='ltr'><strong>appro-</strong></span> 
     </span>
    </p>
   </div>
   <div class='ocr_carea' id='block_1_60' title="bbox 365 2984 1970 3083">
    <p class='ocr_par' dir='ltr' id='par_1_60' title="bbox 365 2984 1963 3064">
     <span class='ocr_line' id='line_1_60' title="bbox 365 2984 1963 3064; baseline -0.003 -19"><span class='ocrx_word' id='word_1_434' title='bbox 365 2995 426 3045; x_wconf 84' lang='grc' dir='ltr'><strong>’Π</strong></span> <span class='ocrx_word' id='word_1_435' title='bbox 460 2988 552 3059; x_wconf 74' lang='grc' dir='ltr'>νὺξ</span> <span class='ocrx_word' id='word_1_436' title='bbox 588 2988 917 3063; x_wconf 80' lang='grc' dir='ltr'>προέκοψεν,</span> <span class='ocrx_word' id='word_1_437' title='bbox 948 2989 983 3058; x_wconf 75' lang='grc' dir='ltr'><strong>ἡ</strong></span> <span class='ocrx_word' id='word_1_438' title='bbox 1018 2984 1074 3042; x_wconf 75' lang='grc' dir='ltr'>δὲ</span> <span class='ocrx_word' id='word_1_439' title='bbox 1105 2985 1286 3064; x_wconf 79' lang='grc' dir='ltr'>ἡμέρα</span> <span class='ocrx_word' id='word_1_440' title='bbox 1335 3008 1578 3063; x_wconf 82' lang='grc' dir='ltr'>ηγγικεν.</span> <span class='ocrx_word' id='word_1_441' title='bbox 1605 2987 1963 3060; x_wconf 87' lang='grc' dir='ltr'>Ἀποθώμεθα</span> 
     </span>
    </p>
   </div>
   <div class='ocr_carea' id='block_1_61' title="bbox 2081 2984 3733 3083">
    <p class='ocr_par' dir='ltr' id='par_1_61' title="bbox 2081 2984 3733 3083">
     <span class='ocr_line' id='line_1_61' title="bbox 2081 2984 3733 3083; baseline 0.007 -26"><span class='ocrx_word' id='word_1_442' title='bbox 2081 3029 2097 3057; x_wconf 65' lang='grc' dir='ltr'>κ</span> <span class='ocrx_word' id='word_1_443' title='bbox 2119 3006 2446 3078; x_wconf 86' lang='lat' dir='ltr'><strong>pinquavit.</strong></span> <span class='ocrx_word' id='word_1_444' title='bbox 2472 2984 2839 3077; x_wconf 73' lang='lat' dir='ltr'><strong>Abjiciamus</strong></span> <span class='ocrx_word' id='word_1_445' title='bbox 2861 3008 3041 3081; x_wconf 89' lang='lat' dir='ltr'><strong>igitur</strong></span> <span class='ocrx_word' id='word_1_446' title='bbox 3055 2984 3233 3080; x_wconf 84' lang='lat' dir='ltr'><strong>opera</strong></span> <span class='ocrx_word' id='word_1_447' title='bbox 3247 2984 3649 3083; x_wconf 74' lang='lat' dir='ltr'><strong>tenebrarum,</strong></span> <span class='ocrx_word' id='word_1_448' title='bbox 3674 3018 3733 3068; x_wconf 89' lang='lat' dir='ltr'><strong>et</strong></span> 
     </span>
    </p>
   </div>
   <div class='ocr_carea' id='block_1_62' title="bbox 306 3072 1970 3169">
    <p class='ocr_par' dir='ltr' id='par_1_62' title="bbox 306 3072 1963 3154">
     <span class='ocr_line' id='line_1_62' title="bbox 306 3072 1963 3154; baseline -0.004 -19"><span class='ocrx_word' id='word_1_449' title='bbox 306 3079 396 3135; x_wconf 77' lang='grc' dir='ltr'><strong>οὗν</strong></span> <span class='ocrx_word' id='word_1_450' title='bbox 427 3078 500 3134; x_wconf 73' lang='grc' dir='ltr'><strong>τὰ</strong></span> <span class='ocrx_word' id='word_1_451' title='bbox 528 3072 661 3154; x_wconf 79' lang='grc' dir='ltr'>ἔργα</span> <span class='ocrx_word' id='word_1_452' title='bbox 691 3080 790 3132; x_wconf 76' lang='grc' dir='ltr'>τοῦ</span> <span class='ocrx_word' id='word_1_453' title='bbox 819 3077 1064 3147; x_wconf 81' lang='grc' dir='ltr'>σκότους,</span> <span class='ocrx_word' id='word_1_454' title='bbox 1097 3077 1190 3131; x_wconf 85' lang='grc' dir='ltr'><strong>καὶ</strong></span> <span class='ocrx_word' id='word_1_455' title='bbox 1222 3073 1570 3150; x_wconf 80' lang='grc' dir='ltr'>ἐνδυσώμεθα</span> <span class='ocrx_word' id='word_1_456' title='bbox 1596 3076 1664 3132; x_wconf 81' lang='grc' dir='ltr'>τὰ</span> <span class='ocrx_word' id='word_1_457' title='bbox 1693 3073 1839 3131; x_wconf 78' lang='grc' dir='ltr'>ὅπλα</span> <span class='ocrx_word' id='word_1_458' title='bbox 1866 3079 1963 3130; x_wconf 81' lang='grc' dir='ltr'><strong>τοῦ</strong></span> 
     </span>
    </p>
   </div>
   <div class='ocr_carea' id='block_1_63' title="bbox 2081 3072 3732 3169">
    <p class='ocr_par' dir='ltr' id='par_1_63' title="bbox 2081 3094 3732 3169">
     <span class='ocr_line' id='line_1_63' title="bbox 2081 3094 3732 3169; baseline 0.008 -24"><span class='ocrx_word' id='word_1_459' title='bbox 2081 3117 2102 3145; x_wconf 74' lang='grc' dir='ltr'>κ</span> <span class='ocrx_word' id='word_1_460' title='bbox 2134 3094 2457 3149; x_wconf 89' lang='lat' dir='ltr'><strong>induamur</strong></span> <span class='ocrx_word' id='word_1_461' title='bbox 2486 3110 2655 3150; x_wconf 88' lang='lat' dir='ltr'><strong>arma</strong></span> <span class='ocrx_word' id='word_1_462' title='bbox 2704 3095 2856 3150; x_wconf 89' lang='lat' dir='ltr'><strong>lucis</strong></span> <span class='ocrx_word' id='word_1_463' title='bbox 2888 3113 2902 3151; x_wconf 90' lang='lat'><strong><em>:</em></strong></span> <span class='ocrx_word' id='word_1_464' title='bbox 2937 3102 3222 3169; x_wconf 86' lang='lat' dir='ltr'><strong>tanquam</strong></span> <span class='ocrx_word' id='word_1_465' title='bbox 3253 3098 3315 3154; x_wconf 92' lang='lat' dir='ltr'><strong>in</strong></span> <span class='ocrx_word' id='word_1_466' title='bbox 3346 3099 3442 3155; x_wconf 92' lang='lat' dir='ltr'><strong>die</strong></span> <span class='ocrx_word' id='word_1_467' title='bbox 3479 3102 3732 3157; x_wconf 90' lang='lat' dir='ltr'><strong>honeste</strong></span> 
     </span>
    </p>
   </div>
   <div class='ocr_carea' id='block_1_64' title="bbox 304 3158 1970 3259">
    <p class='ocr_par' dir='ltr' id='par_1_64' title="bbox 304 3163 1960 3259">
     <span class='ocr_line' id='line_1_64' title="bbox 304 3163 1960 3259; baseline 0 -36"><span class='ocrx_word' id='word_1_468' title='bbox 304 3170 512 3249; x_wconf 65' lang='grc' dir='ltr'>φωτὸς,</span> <span class='ocrx_word' id='word_1_469' title='bbox 544 3166 621 3230; x_wconf 74' lang='grc' dir='ltr'>ὥς</span> <span class='ocrx_word' id='word_1_470' title='bbox 650 3165 705 3222; x_wconf 79' lang='grc' dir='ltr'>ἐν</span> <span class='ocrx_word' id='word_1_471' title='bbox 734 3164 918 3240; x_wconf 79' lang='grc' dir='ltr'>ἡμέρᾳ</span> <span class='ocrx_word' id='word_1_472' title='bbox 948 3163 1307 3242; x_wconf 76' lang='grc' dir='ltr'>εὐσχημόνως</span> <span class='ocrx_word' id='word_1_473' title='bbox 1350 3167 1832 3259; x_wconf 55' lang='grc' dir='ltr'>περιπατήσωμεν.</span> <span class='ocrx_word' id='word_1_474' title='bbox 1864 3166 1960 3259; x_wconf 43' lang='lat' dir='ltr'><strong>Mf)</strong></span> 
     </span>
    </p>
   </div>
   <div class='ocr_carea' id='block_1_65' title="bbox 2081 3158 3733 3259">
    <p class='ocr_par' dir='ltr' id='par_1_65' title="bbox 2081 3183 3733 3259">
     <span class='ocr_line' id='line_1_65' title="bbox 2081 3183 3733 3259; baseline 0.008 -24"><span class='ocrx_word' id='word_1_475' title='bbox 2081 3208 2095 3235; x_wconf 84' lang='grc' dir='ltr'><strong>ι</strong></span> <span class='ocrx_word' id='word_1_476' title='bbox 2132 3183 2509 3240; x_wconf 87' lang='lat' dir='ltr'><strong>ambulemus</strong></span> <span class='ocrx_word' id='word_1_477' title='bbox 2537 3185 2659 3239; x_wconf 86' lang='lat' dir='ltr'><strong>Non</strong></span> <span class='ocrx_word' id='word_1_478' title='bbox 2678 3186 3215 3243; x_wconf 86' lang='lat' dir='ltr'><strong>comessationibus</strong></span> <span class='ocrx_word' id='word_1_479' title='bbox 3237 3193 3295 3243; x_wconf 90' lang='lat' dir='ltr'><strong>et</strong></span> <span class='ocrx_word' id='word_1_480' title='bbox 3321 3189 3733 3259; x_wconf 86' lang='lat' dir='ltr'><strong>ebrietatibus,</strong></span> 
     </span>
    </p>
   </div>
   <div class='ocr_carea' id='block_1_66' title="bbox 305 3252 1970 3342">
    <p class='ocr_par' dir='ltr' id='par_1_66' title="bbox 305 3252 1960 3331">
     <span class='ocr_line' id='line_1_66' title="bbox 305 3252 1960 3331; baseline -0.004 -18"><span class='ocrx_word' id='word_1_481' title='bbox 305 3259 523 3331; x_wconf 85' lang='grc' dir='ltr'>κώμοις</span> <span class='ocrx_word' id='word_1_482' title='bbox 554 3256 647 3311; x_wconf 77' lang='grc' dir='ltr'><strong>καὶ</strong></span> <span class='ocrx_word' id='word_1_483' title='bbox 695 3254 908 3329; x_wconf 84' lang='grc' dir='ltr'>μέθαις,</span> <span class='ocrx_word' id='word_1_484' title='bbox 971 3256 1048 3329; x_wconf 82' lang='grc' dir='ltr'>μή</span> <span class='ocrx_word' id='word_1_485' title='bbox 1096 3254 1306 3317; x_wconf 84' lang='grc' dir='ltr'>κοίταις</span> <span class='ocrx_word' id='word_1_486' title='bbox 1362 3254 1452 3310; x_wconf 84' lang='grc' dir='ltr'>καὶ</span> <span class='ocrx_word' id='word_1_487' title='bbox 1499 3252 1827 3329; x_wconf 83' lang='grc' dir='ltr'>ἀσελγείαις,</span> <span class='ocrx_word' id='word_1_488' title='bbox 1884 3254 1960 3327; x_wconf 85' lang='grc' dir='ltr'>μὴ</span> 
     </span>
    </p>
   </div>
   <div class='ocr_carea' id='block_1_67' title="bbox 2081 3252 3733 3342">
    <p class='ocr_par' dir='ltr' id='par_1_67' title="bbox 2081 3252 3733 3342">
     <span class='ocr_line' id='line_1_67' title="bbox 2081 3252 3733 3342; baseline 0.007 -17"><span class='ocrx_word' id='word_1_489' title='bbox 2081 3295 2100 3325; x_wconf 79' lang='grc' dir='ltr'><strong>ι</strong></span> <span class='ocrx_word' id='word_1_490' title='bbox 2134 3290 2255 3329; x_wconf 92' lang='lat' dir='ltr'><strong>non</strong></span> <span class='ocrx_word' id='word_1_491' title='bbox 2289 3272 2585 3328; x_wconf 88' lang='lat' dir='ltr'><strong>cubilibus</strong></span> <span class='ocrx_word' id='word_1_492' title='bbox 2618 3278 2676 3327; x_wconf 91' lang='lat' dir='ltr'><strong>et</strong></span> <span class='ocrx_word' id='word_1_493' title='bbox 2704 3273 3076 3342; x_wconf 90' lang='lat' dir='ltr'><strong>libidinibus,</strong></span> <span class='ocrx_word' id='word_1_494' title='bbox 3111 3293 3233 3332; x_wconf 90' lang='lat' dir='ltr'><strong>non</strong></span> <span class='ocrx_word' id='word_1_495' title='bbox 3259 3280 3637 3335; x_wconf 89' lang='lat' dir='ltr'><strong>contentione</strong></span> <span class='ocrx_word' id='word_1_496' title='bbox 3672 3252 3733 3335; x_wconf 81' lang='lat' dir='ltr'><strong>et</strong></span> 
     </span>
    </p>
   </div>
   <div class='ocr_carea' id='block_1_68' title="bbox 304 3340 1970 3427">
    <p class='ocr_par' dir='ltr' id='par_1_68' title="bbox 304 3340 1963 3425">
     <span class='ocr_line' id='line_1_68' title="bbox 304 3340 1963 3425; baseline -0.004 -23"><span class='ocrx_word' id='word_1_497' title='bbox 304 3345 559 3419; x_wconf 67' lang='grc' dir='ltr'>ἔριδικαὶ</span> <span class='ocrx_word' id='word_1_498' title='bbox 595 3342 777 3416; x_wconf 76' lang='grc' dir='ltr'>ζήλῳ.</span> <span class='ocrx_word' id='word_1_499' title='bbox 811 3340 963 3401; x_wconf 83' lang='grc' dir='ltr'>Ἀλλ’</span> <span class='ocrx_word' id='word_1_500' title='bbox 1016 3340 1308 3425; x_wconf 71' lang='grc' dir='ltr'>ἐνδύσασθε</span> <span class='ocrx_word' id='word_1_501' title='bbox 1361 3343 1454 3398; x_wconf 85' lang='grc' dir='ltr'>τὸν</span> <span class='ocrx_word' id='word_1_502' title='bbox 1512 3344 1711 3419; x_wconf 84' lang='grc' dir='ltr'>Κύριον</span> <span class='ocrx_word' id='word_1_503' title='bbox 1749 3344 1963 3413; x_wconf 72' lang='grc' dir='ltr'>Ἰησοῦν</span> 
     </span>
    </p>
   </div>
   <div class='ocr_carea' id='block_1_69' title="bbox 2081 3340 3739 3427">
    <p class='ocr_par' dir='ltr' id='par_1_69' title="bbox 2081 3361 3739 3427">
     <span class='ocr_line' id='line_1_69' title="bbox 2081 3361 3739 3427; baseline 0.007 -14"><span class='ocrx_word' id='word_1_504' title='bbox 2081 3386 2103 3413; x_wconf 75' lang='grc' dir='ltr'>ι(</span> <span class='ocrx_word' id='word_1_505' title='bbox 2119 3361 2502 3418; x_wconf 76' lang='lat' dir='ltr'><strong>mmulatione</strong></span> <span class='ocrx_word' id='word_1_506' title='bbox 2518 3379 2532 3427; x_wconf 85' lang='lat'><strong>;</strong></span> <span class='ocrx_word' id='word_1_507' title='bbox 2549 3362 2651 3417; x_wconf 89' lang='lat' dir='ltr'><strong>sed</strong></span> <span class='ocrx_word' id='word_1_508' title='bbox 2666 3362 2986 3419; x_wconf 90' lang='lat' dir='ltr'><strong>induimini</strong></span> <span class='ocrx_word' id='word_1_509' title='bbox 3002 3366 3319 3422; x_wconf 88' lang='lat' dir='ltr'><strong>Dominum</strong></span> <span class='ocrx_word' id='word_1_510' title='bbox 3329 3369 3529 3424; x_wconf 83' lang='lat' dir='ltr'><strong>Jesum</strong></span> <span class='ocrx_word' id='word_1_511' title='bbox 3542 3368 3739 3425; x_wconf 90' lang='lat' dir='ltr'><strong>Chris-</strong></span> 
     </span>
    </p>
   </div>
   <div class='ocr_carea' id='block_1_70' title="bbox 309 3429 1970 3531">
    <p class='ocr_par' dir='ltr' id='par_1_70' title="bbox 309 3429 1965 3510">
     <span class='ocr_line' id='line_1_70' title="bbox 309 3429 1965 3510; baseline -0.004 -18"><span class='ocrx_word' id='word_1_512' title='bbox 309 3434 562 3510; x_wconf 75' lang='grc' dir='ltr'>Χριστόν.</span> <span class='ocrx_word' id='word_1_513' title='bbox 599 3432 701 3489; x_wconf 76' lang='grc' dir='ltr'>Καὶ</span> <span class='ocrx_word' id='word_1_514' title='bbox 729 3438 830 3502; x_wconf 77' lang='grc' dir='ltr'>τῆς</span> <span class='ocrx_word' id='word_1_515' title='bbox 885 3431 1083 3507; x_wconf 83' lang='grc' dir='ltr'>σαρκὸς</span> <span class='ocrx_word' id='word_1_516' title='bbox 1136 3433 1399 3507; x_wconf 82' lang='grc' dir='ltr'>πρόνοιαν</span> <span class='ocrx_word' id='word_1_517' title='bbox 1461 3434 1538 3505; x_wconf 85' lang='grc' dir='ltr'>μὴ</span> <span class='ocrx_word' id='word_1_518' title='bbox 1596 3433 1839 3488; x_wconf 82' lang='grc' dir='ltr'>ποιεῖσθε</span> <span class='ocrx_word' id='word_1_519' title='bbox 1889 3429 1965 3493; x_wconf 82' lang='grc' dir='ltr'><strong>εἰς</strong></span> 
     </span>
    </p>
   </div>
   <div class='ocr_carea' id='block_1_71' title="bbox 2081 3429 3736 3531">
    <p class='ocr_par' dir='ltr' id='par_1_71' title="bbox 2082 3450 3736 3531">
     <span class='ocr_line' id='line_1_71' title="bbox 2082 3450 3736 3531; baseline 0.009 -30"><span class='ocrx_word' id='word_1_520' title='bbox 2082 3475 2105 3501; x_wconf 79' lang='grc' dir='ltr'><strong>ι</strong></span> <span class='ocrx_word' id='word_1_521' title='bbox 2126 3457 2283 3520; x_wconf 88' lang='lat' dir='ltr'><strong>tum;</strong></span> <span class='ocrx_word' id='word_1_522' title='bbox 2307 3456 2365 3506; x_wconf 91' lang='lat' dir='ltr'><strong>et</strong></span> <span class='ocrx_word' id='word_1_523' title='bbox 2383 3450 2582 3506; x_wconf 82' lang='lat' dir='ltr'><strong>carnis</strong></span> <span class='ocrx_word' id='word_1_524' title='bbox 2604 3468 2806 3507; x_wconf 88' lang='lat' dir='ltr'><strong>curam</strong></span> <span class='ocrx_word' id='word_1_525' title='bbox 2832 3468 2907 3507; x_wconf 89' lang='lat' dir='ltr'><strong>ne</strong></span> <span class='ocrx_word' id='word_1_526' title='bbox 2928 3452 3189 3512; x_wconf 84' lang='lat' dir='ltr'><strong>feceritis</strong></span> <span class='ocrx_word' id='word_1_527' title='bbox 3208 3456 3284 3512; x_wconf 88' lang='lat' dir='ltr'><strong>ad</strong></span> <span class='ocrx_word' id='word_1_528' title='bbox 3306 3458 3736 3531; x_wconf 81' lang='lat' dir='ltr'><strong>concupiscen-</strong></span> 
     </span>
    </p>
   </div>
   <div class='ocr_carea' id='block_1_72' title="bbox 312 3523 1970 3598">
    <p class='ocr_par' dir='ltr' id='par_1_72' title="bbox 312 3523 626 3596">
     <span class='ocr_line' id='line_1_72' title="bbox 312 3523 626 3596; baseline 0.003 -18"><span class='ocrx_word' id='word_1_529' title='bbox 312 3523 626 3596; x_wconf 78' lang='grc' dir='ltr'>ἐπιθυμίας.</span> 
     </span>
    </p>
   </div>
   <div class='ocr_carea' id='block_1_73' title="bbox 2081 3523 2343 3598">
    <p class='ocr_par' dir='ltr' id='par_1_73' title="bbox 2086 3541 2343 3598">
     <span class='ocr_line' id='line_1_73' title="bbox 2086 3541 2343 3598; baseline 0 -2"><span class='ocrx_word' id='word_1_530' title='bbox 2086 3562 2109 3590; x_wconf 75' lang='grc' dir='ltr'>ι</span> <span class='ocrx_word' id='word_1_531' title='bbox 2143 3541 2278 3598; x_wconf 89' lang='lat' dir='ltr'><strong>tias.</strong></span> <span class='ocrx_word' id='word_1_532' title='bbox 2316 3562 2343 3589; x_wconf 84' lang='grc'><strong>››</strong></span> 
     </span>
    </p>
   </div>
   <div class='ocr_carea' id='block_1_74' title="bbox 394 3605 1970 3707">
    <p class='ocr_par' dir='ltr' id='par_1_74' title="bbox 394 3605 1970 3685">
     <span class='ocr_line' id='line_1_74' title="bbox 394 3605 1970 3685; baseline 0 -23"><span class='ocrx_word' id='word_1_533' title='bbox 394 3635 423 3662; x_wconf 78' lang='grc' dir='ltr'>ι(</span> <span class='ocrx_word' id='word_1_534' title='bbox 465 3612 529 3667; x_wconf 77' lang='grc' dir='ltr'>Ἣ</span> <span class='ocrx_word' id='word_1_535' title='bbox 557 3610 643 3681; x_wconf 68' lang='grc' dir='ltr'><strong>νὺξ</strong></span> <span class='ocrx_word' id='word_1_536' title='bbox 676 3608 1000 3685; x_wconf 73' lang='grc' dir='ltr'>προέκοψεν.</span> <span class='ocrx_word' id='word_1_537' title='bbox 1035 3634 1064 3662; x_wconf 89' lang='grc'><strong>››</strong></span> <span class='ocrx_word' id='word_1_538' title='bbox 1125 3608 1309 3667; x_wconf 87' lang='grc' dir='ltr'>Νύκτα</span> <span class='ocrx_word' id='word_1_539' title='bbox 1374 3610 1465 3665; x_wconf 78' lang='grc' dir='ltr'><strong>τὸν</strong></span> <span class='ocrx_word' id='word_1_540' title='bbox 1515 3608 1760 3685; x_wconf 85' lang='grc' dir='ltr'>παρόντα</span> <span class='ocrx_word' id='word_1_541' title='bbox 1812 3605 1970 3663; x_wconf 86' lang='grc' dir='ltr'>καλεῖ</span> 
     </span>
    </p>
   </div>
   <div class='ocr_carea' id='block_1_75' title="bbox 2081 3605 3742 3707">
    <p class='ocr_par' dir='ltr' id='par_1_75' title="bbox 2156 3616 3742 3707">
     <span class='ocr_line' id='line_1_75' title="bbox 2156 3616 3742 3707; baseline 0.005 -26"><span class='ocrx_word' id='word_1_542' title='bbox 2156 3652 2185 3681; x_wconf 88' lang='grc'><strong>‹‹</strong></span> <span class='ocrx_word' id='word_1_543' title='bbox 2214 3632 2336 3686; x_wconf 82' lang='lat' dir='ltr'><strong>Nox</strong></span> <span class='ocrx_word' id='word_1_544' title='bbox 2368 3616 2706 3701; x_wconf 51' lang='lat' dir='ltr'><strong>praecessit.</strong></span> <span class='ocrx_word' id='word_1_545' title='bbox 2729 3654 2756 3681; x_wconf 89' lang='grc'><strong>››</strong></span> <span class='ocrx_word' id='word_1_546' title='bbox 2788 3633 3031 3688; x_wconf 83' lang='lat' dir='ltr'><strong>Noctem</strong></span> <span class='ocrx_word' id='word_1_547' title='bbox 3073 3641 3239 3691; x_wconf 87' lang='lat' dir='ltr'><strong>vocat</strong></span> <span class='ocrx_word' id='word_1_548' title='bbox 3268 3640 3627 3707; x_wconf 61' lang='lat' dir='ltr'><strong>praesentem</strong></span> <span class='ocrx_word' id='word_1_549' title='bbox 3657 3635 3742 3689; x_wconf 87' lang='lat' dir='ltr'><strong>vi-</strong></span> 
     </span>
    </p>
   </div>
   <div class='ocr_carea' id='block_1_76' title="bbox 331 3695 1970 3794">
    <p class='ocr_par' dir='ltr' id='par_1_76' title="bbox 331 3695 1970 3794">
     <span class='ocr_line' id='line_1_76' title="bbox 331 3695 1970 3794; baseline 0.001 -44"><span class='ocrx_word' id='word_1_550' title='bbox 331 3699 480 3771; x_wconf 62' lang='grc' dir='ltr'>βίον.</span> <span class='ocrx_word' id='word_1_551' title='bbox 534 3697 691 3756; x_wconf 71' lang='grc' dir='ltr'>Οὗδὶν</span> <span class='ocrx_word' id='word_1_552' title='bbox 746 3700 851 3776; x_wconf 77' lang='grc' dir='ltr'><strong>γὰρ</strong></span> <span class='ocrx_word' id='word_1_553' title='bbox 911 3697 1205 3774; x_wconf 75' lang='grc' dir='ltr'>ὀνειράτων</span> <span class='ocrx_word' id='word_1_554' title='bbox 1259 3695 1501 3794; x_wconf 61' lang='grc' dir='ltr'>διαφέρει</span> <span class='ocrx_word' id='word_1_555' title='bbox 1581 3699 1650 3753; x_wconf 84' lang='grc' dir='ltr'><strong>τά</strong></span> <span class='ocrx_word' id='word_1_556' title='bbox 1694 3696 1750 3794; x_wconf 64' lang='grc' dir='ltr'><strong>έν</strong></span> <span class='ocrx_word' id='word_1_557' title='bbox 1799 3698 1970 3794; x_wconf 49' lang='grc' dir='ltr'>αὐτῷ,</span> 
     </span>
    </p>
   </div>
   <div class='ocr_carea' id='block_1_77' title="bbox 2081 3695 3742 3794">
    <p class='ocr_par' dir='ltr' id='par_1_77' title="bbox 2090 3695 3742 3794">
     <span class='ocr_line' id='line_1_77' title="bbox 2090 3695 3742 3794; baseline 0.004 -21"><span class='ocrx_word' id='word_1_558' title='bbox 2090 3724 2235 3787; x_wconf 86' lang='lat' dir='ltr'><strong>tam,</strong></span> <span class='ocrx_word' id='word_1_559' title='bbox 2256 3695 2417 3790; x_wconf 52' lang='lat' dir='ltr'><strong>quo-d</strong></span> <span class='ocrx_word' id='word_1_560' title='bbox 2435 3718 2590 3774; x_wconf 90' lang='lat' dir='ltr'><strong>nihil</strong></span> <span class='ocrx_word' id='word_1_561' title='bbox 2611 3736 2647 3775; x_wconf 91' lang='lat' dir='ltr'><strong>a</strong></span> <span class='ocrx_word' id='word_1_562' title='bbox 2668 3720 2918 3775; x_wconf 90' lang='lat' dir='ltr'><strong>somniis</strong></span> <span class='ocrx_word' id='word_1_563' title='bbox 2940 3721 3223 3778; x_wconf 68' lang='lat' dir='ltr'><strong>diﬁ‘erant</strong></span> <span class='ocrx_word' id='word_1_564' title='bbox 3238 3695 3370 3794; x_wconf 34' lang='lat' dir='ltr'><strong>qluaa</strong></span> <span class='ocrx_word' id='word_1_565' title='bbox 3393 3724 3453 3779; x_wconf 92' lang='lat' dir='ltr'><strong>in</strong></span> <span class='ocrx_word' id='word_1_566' title='bbox 3478 3741 3549 3780; x_wconf 90' lang='lat' dir='ltr'><strong>ea</strong></span> <span class='ocrx_word' id='word_1_567' title='bbox 3569 3728 3742 3791; x_wconf 88' lang='lat' dir='ltr'><strong>sunt;</strong></span> 
     </span>
    </p>
   </div>
   <div class='ocr_carea' id='block_1_78' title="bbox 335 3784 1970 3882">
    <p class='ocr_par' dir='ltr' id='par_1_78' title="bbox 335 3784 1970 3882">
     <span class='ocr_line' id='line_1_78' title="bbox 335 3784 1970 3882; baseline -0.001 -40"><span class='ocrx_word' id='word_1_568' title='bbox 335 3786 575 3861; x_wconf 75' lang='grc' dir='ltr'>Ἠμέραν</span> <span class='ocrx_word' id='word_1_569' title='bbox 605 3784 763 3843; x_wconf 67' lang='grc' dir='ltr'>δἐτὸν</span> <span class='ocrx_word' id='word_1_570' title='bbox 802 3786 1083 3863; x_wconf 83' lang='grc' dir='ltr'>μέλΛοντα</span> <span class='ocrx_word' id='word_1_571' title='bbox 1135 3787 1363 3864; x_wconf 79' lang='grc' dir='ltr'>χρόνον,</span> <span class='ocrx_word' id='word_1_572' title='bbox 1398 3785 1488 3842; x_wconf 74' lang='grc' dir='ltr'>διὰ</span> <span class='ocrx_word' id='word_1_573' title='bbox 1532 3787 1598 3842; x_wconf 88' lang='grc' dir='ltr'>τὸ</span> <span class='ocrx_word' id='word_1_574' title='bbox 1650 3786 1718 3842; x_wconf 81' lang='grc' dir='ltr'>τὰ</span> <span class='ocrx_word' id='word_1_575' title='bbox 1763 3786 1970 3882; x_wconf 73' lang='grc' dir='ltr'>κρυπτᾶ</span> 
     </span>
    </p>
   </div>
   <div class='ocr_carea' id='block_1_79' title="bbox 2081 3784 3745 3882">
    <p class='ocr_par' dir='ltr' id='par_1_79' title="bbox 2085 3806 3745 3882">
     <span class='ocr_line' id='line_1_79' title="bbox 2085 3806 3745 3882; baseline 0.002 -19"><span class='ocrx_word' id='word_1_576' title='bbox 2085 3808 2244 3864; x_wconf 87' lang='lat' dir='ltr'><strong>diem</strong></span> <span class='ocrx_word' id='word_1_577' title='bbox 2292 3823 2425 3863; x_wconf 84' lang='lat' dir='ltr'><strong>vero</strong></span> <span class='ocrx_word' id='word_1_578' title='bbox 2473 3812 2710 3879; x_wconf 88' lang='lat' dir='ltr'><strong>tempus</strong></span> <span class='ocrx_word' id='word_1_579' title='bbox 2745 3806 3029 3879; x_wconf 87' lang='lat' dir='ltr'><strong>futurum,</strong></span> <span class='ocrx_word' id='word_1_580' title='bbox 3078 3812 3236 3882; x_wconf 91' lang='lat' dir='ltr'><strong>quod</strong></span> <span class='ocrx_word' id='word_1_581' title='bbox 3281 3813 3345 3867; x_wconf 92' lang='lat' dir='ltr'><strong>in</strong></span> <span class='ocrx_word' id='word_1_582' title='bbox 3384 3829 3454 3868; x_wconf 90' lang='lat' dir='ltr'><strong>eo</strong></span> <span class='ocrx_word' id='word_1_583' title='bbox 3494 3811 3745 3868; x_wconf 85' lang='lat' dir='ltr'><strong>manife-</strong></span> 
     </span>
    </p>
   </div>
   <div class='ocr_carea' id='block_1_80' title="bbox 333 3872 1970 3973">
    <p class='ocr_par' dir='ltr' id='par_1_80' title="bbox 333 3872 1970 3973">
     <span class='ocr_line' id='line_1_80' title="bbox 333 3872 1970 3973; baseline 0 -44"><span class='ocrx_word' id='word_1_584' title='bbox 333 3873 391 3929; x_wconf 84' lang='grc' dir='ltr'>ἐν</span> <span class='ocrx_word' id='word_1_585' title='bbox 450 3872 597 3947; x_wconf 80' lang='grc' dir='ltr'><strong>αύτῷ</strong></span> <span class='ocrx_word' id='word_1_586' title='bbox 639 3882 1010 3954; x_wconf 68' lang='grc' dir='ltr'>φανεροῦσθαι.</span> <span class='ocrx_word' id='word_1_587' title='bbox 1069 3901 1091 3928; x_wconf 78' lang='grc' dir='ltr'><strong>ι</strong></span> <span class='ocrx_word' id='word_1_588' title='bbox 1152 3877 1517 3973; x_wconf 75' lang='grc' dir='ltr'>Ἀποθώμεθα</span> <span class='ocrx_word' id='word_1_589' title='bbox 1574 3876 1665 3930; x_wconf 76' lang='grc' dir='ltr'>οὖν</span> <span class='ocrx_word' id='word_1_590' title='bbox 1718 3876 1787 3930; x_wconf 82' lang='grc' dir='ltr'><strong>τὰ</strong></span> <span class='ocrx_word' id='word_1_591' title='bbox 1844 3872 1970 3973; x_wconf 79' lang='grc' dir='ltr'>ἔργα</span> 
     </span>
    </p>
   </div>
   <div class='ocr_carea' id='block_1_81' title="bbox 2081 3872 3751 3973">
    <p class='ocr_par' dir='ltr' id='par_1_81' title="bbox 2088 3872 3751 3973">
     <span class='ocr_line' id='line_1_81' title="bbox 2088 3872 3751 3973; baseline 0.002 -20"><span class='ocrx_word' id='word_1_592' title='bbox 2088 3896 2301 3953; x_wconf 88' lang='lat' dir='ltr'><strong>standa</strong></span> <span class='ocrx_word' id='word_1_593' title='bbox 2322 3896 2443 3951; x_wconf 90' lang='lat' dir='ltr'><strong>sint</strong></span> <span class='ocrx_word' id='word_1_594' title='bbox 2471 3872 2724 3952; x_wconf 78' lang='lat' dir='ltr'><strong>occulta.</strong></span> <span class='ocrx_word' id='word_1_595' title='bbox 2755 3920 2776 3946; x_wconf 81' lang='grc' dir='ltr'><strong>ι</strong></span> <span class='ocrx_word' id='word_1_596' title='bbox 2806 3872 3175 3969; x_wconf 68' lang='lat' dir='ltr'><strong>Abjiciamus</strong></span> <span class='ocrx_word' id='word_1_597' title='bbox 3191 3900 3371 3973; x_wconf 90' lang='lat' dir='ltr'><strong>igitur</strong></span> <span class='ocrx_word' id='word_1_598' title='bbox 3386 3918 3568 3973; x_wconf 88' lang='lat' dir='ltr'><strong>opera</strong></span> <span class='ocrx_word' id='word_1_599' title='bbox 3588 3906 3751 3956; x_wconf 90' lang='lat' dir='ltr'><strong>tene-</strong></span> 
     </span>
    </p>
   </div>
   <div class='ocr_carea' id='block_1_82' title="bbox 325 3962 1970 4061">
    <p class='ocr_par' dir='ltr' id='par_1_82' title="bbox 325 3962 1970 4043">
     <span class='ocr_line' id='line_1_82' title="bbox 325 3962 1970 4043; baseline -0.001 -23"><span class='ocrx_word' id='word_1_600' title='bbox 325 3967 428 4020; x_wconf 81' lang='grc' dir='ltr'><strong>τοῦ</strong></span> <span class='ocrx_word' id='word_1_601' title='bbox 479 3962 715 4027; x_wconf 73' lang='grc' dir='ltr'>σκότους.</span> <span class='ocrx_word' id='word_1_602' title='bbox 777 3990 806 4018; x_wconf 86' lang='grc'><strong>››</strong></span> <span class='ocrx_word' id='word_1_603' title='bbox 862 3966 1039 4042; x_wconf 84' lang='grc' dir='ltr'>Ἒργα</span> <span class='ocrx_word' id='word_1_604' title='bbox 1097 3963 1322 4027; x_wconf 88' lang='grc' dir='ltr'>σκότους</span> <span class='ocrx_word' id='word_1_605' title='bbox 1373 3962 1527 4043; x_wconf 70' lang='grc' dir='ltr'>φησὶ,</span> <span class='ocrx_word' id='word_1_606' title='bbox 1583 3964 1680 4024; x_wconf 86' lang='grc' dir='ltr'><strong>τὰς</strong></span> <span class='ocrx_word' id='word_1_607' title='bbox 1738 3964 1970 4036; x_wconf 78' lang='grc' dir='ltr'>πονηρὰς</span> 
     </span>
    </p>
   </div>
   <div class='ocr_carea' id='block_1_83' title="bbox 2081 3962 3746 4061">
    <p class='ocr_par' dir='ltr' id='par_1_83' title="bbox 2089 3986 3746 4061">
     <span class='ocr_line' id='line_1_83' title="bbox 2089 3986 3746 4061; baseline 0.002 -19"><span class='ocrx_word' id='word_1_608' title='bbox 2089 3987 2354 4042; x_wconf 89' lang='lat' dir='ltr'><strong>brarum.</strong></span> <span class='ocrx_word' id='word_1_609' title='bbox 2382 4006 2405 4035; x_wconf 79' lang='grc' dir='ltr'><strong>ι</strong></span> <span class='ocrx_word' id='word_1_610' title='bbox 2436 3986 2628 4057; x_wconf 89' lang='lat' dir='ltr'><strong>Opera</strong></span> <span class='ocrx_word' id='word_1_611' title='bbox 2644 3986 3024 4042; x_wconf 88' lang='lat' dir='ltr'><strong>tenebrarum</strong></span> <span class='ocrx_word' id='word_1_612' title='bbox 3053 3988 3200 4044; x_wconf 90' lang='lat' dir='ltr'><strong>dicit</strong></span> <span class='ocrx_word' id='word_1_613' title='bbox 3228 4006 3437 4061; x_wconf 88' lang='lat' dir='ltr'><strong>pravas</strong></span> <span class='ocrx_word' id='word_1_614' title='bbox 3449 3991 3746 4058; x_wconf 88' lang='lat' dir='ltr'><strong>actiones;</strong></span> 
     </span>
    </p>
   </div>
   <div class='ocr_carea' id='block_1_84' title="bbox 321 4050 1970 4142">
    <p class='ocr_par' dir='ltr' id='par_1_84' title="bbox 321 4050 1970 4131">
     <span class='ocr_line' id='line_1_84' title="bbox 321 4050 1970 4131; baseline -0.001 -22"><span class='ocrx_word' id='word_1_615' title='bbox 321 4054 564 4128; x_wconf 71' lang='grc' dir='ltr'>πράξεις,</span> <span class='ocrx_word' id='word_1_616' title='bbox 610 4054 757 4110; x_wconf 74' lang='grc' dir='ltr'>ὅπλα</span> <span class='ocrx_word' id='word_1_617' title='bbox 821 4050 879 4110; x_wconf 77' lang='grc' dir='ltr'>δὲ</span> <span class='ocrx_word' id='word_1_618' title='bbox 910 4055 1092 4131; x_wconf 78' lang='grc' dir='ltr'>φωτὸς</span> <span class='ocrx_word' id='word_1_619' title='bbox 1148 4056 1250 4124; x_wconf 75' lang='grc' dir='ltr'>τὴν</span> <span class='ocrx_word' id='word_1_620' title='bbox 1304 4053 1523 4126; x_wconf 75' lang='grc' dir='ltr'>ἀρετήν.</span> <span class='ocrx_word' id='word_1_621' title='bbox 1582 4053 1670 4116; x_wconf 85' lang='grc' dir='ltr'>Ὦς</span> <span class='ocrx_word' id='word_1_622' title='bbox 1730 4054 1825 4127; x_wconf 71' lang='grc' dir='ltr'>μὶν</span> <span class='ocrx_word' id='word_1_623' title='bbox 1884 4053 1970 4107; x_wconf 81' lang='grc' dir='ltr'>οὗν</span> 
     </span>
    </p>
   </div>
   <div class='ocr_carea' id='block_1_85' title="bbox 2081 4050 3749 4142">
    <p class='ocr_par' dir='ltr' id='par_1_85' title="bbox 2091 4074 3749 4142">
     <span class='ocr_line' id='line_1_85' title="bbox 2091 4074 3749 4142; baseline 0.002 -11"><span class='ocrx_word' id='word_1_624' title='bbox 2091 4091 2258 4132; x_wconf 88' lang='lat' dir='ltr'><strong>arma</strong></span> <span class='ocrx_word' id='word_1_625' title='bbox 2288 4090 2423 4130; x_wconf 83' lang='lat' dir='ltr'><strong>vero</strong></span> <span class='ocrx_word' id='word_1_626' title='bbox 2466 4074 2639 4142; x_wconf 89' lang='lat' dir='ltr'><strong>lucis,</strong></span> <span class='ocrx_word' id='word_1_627' title='bbox 2681 4076 2979 4131; x_wconf 85' lang='lat' dir='ltr'><strong>virtutem.</strong></span> <span class='ocrx_word' id='word_1_628' title='bbox 3012 4078 3246 4134; x_wconf 90' lang='lat' dir='ltr'><strong>Etenim</strong></span> <span class='ocrx_word' id='word_1_629' title='bbox 3290 4080 3352 4135; x_wconf 92' lang='lat' dir='ltr'><strong>in</strong></span> <span class='ocrx_word' id='word_1_630' title='bbox 3384 4079 3629 4136; x_wconf 90' lang='lat' dir='ltr'><strong>modum</strong></span> <span class='ocrx_word' id='word_1_631' title='bbox 3651 4096 3749 4135; x_wconf 88' lang='lat' dir='ltr'><strong>ar-</strong></span> 
     </span>
    </p>
   </div>
   <div class='ocr_carea' id='block_1_86' title="bbox 322 4140 1970 4238">
    <p class='ocr_par' dir='ltr' id='par_1_86' title="bbox 322 4140 1970 4238">
     <span class='ocr_line' id='line_1_86' title="bbox 322 4140 1970 4238; baseline 0 -39"><span class='ocrx_word' id='word_1_632' title='bbox 322 4141 495 4211; x_wconf 76' lang='grc' dir='ltr'>ὅπλα,</span> <span class='ocrx_word' id='word_1_633' title='bbox 523 4142 902 4222; x_wconf 65' lang='grc' dir='ltr'>ἀσφαλίζεταν</span> <span class='ocrx_word' id='word_1_634' title='bbox 961 4144 1038 4208; x_wconf 86' lang='grc' dir='ltr'>ὡς</span> <span class='ocrx_word' id='word_1_635' title='bbox 1083 4140 1142 4198; x_wconf 74' lang='grc' dir='ltr'>δὲ</span> <span class='ocrx_word' id='word_1_636' title='bbox 1189 4144 1389 4220; x_wconf 78' lang='grc' dir='ltr'>φωτὸς,</span> <span class='ocrx_word' id='word_1_637' title='bbox 1445 4140 1773 4238; x_wconf 60' lang='grc' dir='ltr'>λαμπρύνει.</span> <span class='ocrx_word' id='word_1_638' title='bbox 1833 4165 1862 4194; x_wconf 75' lang='grc' dir='ltr'>κ</span> <span class='ocrx_word' id='word_1_639' title='bbox 1895 4142 1970 4201; x_wconf 75' lang='grc' dir='ltr'><strong>Ὧς</strong></span> 
     </span>
    </p>
   </div>
   <div class='ocr_carea' id='block_1_87' title="bbox 2081 4140 3751 4238">
    <p class='ocr_par' dir='ltr' id='par_1_87' title="bbox 2092 4164 3751 4238">
     <span class='ocr_line' id='line_1_87' title="bbox 2092 4164 3751 4238; baseline 0.003 -17"><span class='ocrx_word' id='word_1_640' title='bbox 2092 4181 2349 4234; x_wconf 90' lang='lat' dir='ltr'><strong>morum,</strong></span> <span class='ocrx_word' id='word_1_641' title='bbox 2369 4164 2624 4237; x_wconf 89' lang='lat' dir='ltr'><strong>protegit</strong></span> <span class='ocrx_word' id='word_1_642' title='bbox 2645 4165 2949 4221; x_wconf 87' lang='lat' dir='ltr'><strong>hominem</strong></span> <span class='ocrx_word' id='word_1_643' title='bbox 2970 4184 2983 4222; x_wconf 91' lang='lat'><strong>:</strong></span> <span class='ocrx_word' id='word_1_644' title='bbox 3003 4167 3079 4223; x_wconf 90' lang='lat' dir='ltr'><strong>ad</strong></span> <span class='ocrx_word' id='word_1_645' title='bbox 3097 4168 3340 4224; x_wconf 91' lang='lat' dir='ltr'><strong>modum</strong></span> <span class='ocrx_word' id='word_1_646' title='bbox 3360 4174 3560 4226; x_wconf 91' lang='lat' dir='ltr'><strong>autem</strong></span> <span class='ocrx_word' id='word_1_647' title='bbox 3577 4169 3751 4238; x_wconf 84' lang='lat' dir='ltr'><strong>lucis,</strong></span> 
     </span>
    </p>
   </div>
   <div class='ocr_carea' id='block_1_88' title="bbox 322 4229 1970 4331">
    <p class='ocr_par' dir='ltr' id='par_1_88' title="bbox 322 4229 1970 4331">
     <span class='ocr_line' id='line_1_88' title="bbox 322 4229 1970 4331; baseline -0.001 -42"><span class='ocrx_word' id='word_1_648' title='bbox 322 4232 376 4289; x_wconf 79' lang='grc' dir='ltr'>ἓν</span> <span class='ocrx_word' id='word_1_649' title='bbox 404 4231 591 4310; x_wconf 70' lang='grc' dir='ltr'>ἡμέρᾳ</span> <span class='ocrx_word' id='word_1_650' title='bbox 614 4233 1004 4309; x_wconf 78' lang='grc' dir='ltr'>εὐσχημόνως.</span> <span class='ocrx_word' id='word_1_651' title='bbox 1043 4257 1071 4285; x_wconf 85' lang='grc'><strong>››</strong></span> <span class='ocrx_word' id='word_1_652' title='bbox 1122 4267 1194 4276; x_wconf 89' lang='lat'><strong><em>—</em></strong></span> <span class='ocrx_word' id='word_1_653' title='bbox 1248 4234 1488 4331; x_wconf 81' lang='grc' dir='ltr'><strong>[ΦΩΤ.</strong></span> <span class='ocrx_word' id='word_1_654' title='bbox 1543 4238 1630 4297; x_wconf 75' lang='grc' dir='ltr'><strong>Ὠς</strong></span> <span class='ocrx_word' id='word_1_655' title='bbox 1684 4229 1793 4303; x_wconf 78' lang='grc' dir='ltr'>ἢδη</span> <span class='ocrx_word' id='word_1_656' title='bbox 1844 4251 1970 4331; x_wconf 77' lang='grc' dir='ltr'>παρ-</span> 
     </span>
    </p>
   </div>
   <div class='ocr_carea' id='block_1_89' title="bbox 2081 4229 3756 4331">
    <p class='ocr_par' dir='ltr' id='par_1_89' title="bbox 2094 4229 3756 4331">
     <span class='ocr_line' id='line_1_89' title="bbox 2094 4229 3756 4331; baseline 0.005 -23"><span class='ocrx_word' id='word_1_657' title='bbox 2094 4229 2429 4310; x_wconf 50' lang='lat' dir='ltr'><strong>illustre..-“</strong></span> <span class='ocrx_word' id='word_1_658' title='bbox 2464 4229 2789 4325; x_wconf 74' lang='lat' dir='ltr'><strong>Tamquam</strong></span> <span class='ocrx_word' id='word_1_659' title='bbox 2819 4255 2881 4310; x_wconf 91' lang='lat' dir='ltr'><strong>in</strong></span> <span class='ocrx_word' id='word_1_660' title='bbox 2933 4255 3030 4312; x_wconf 90' lang='lat' dir='ltr'><strong>die</strong></span> <span class='ocrx_word' id='word_1_661' title='bbox 3064 4257 3333 4314; x_wconf 90' lang='lat' dir='ltr'><strong>honeste.</strong></span> <span class='ocrx_word' id='word_1_662' title='bbox 3372 4282 3393 4309; x_wconf 76' lang='grc' dir='ltr'><strong>ι</strong></span> <span class='ocrx_word' id='word_1_663' title='bbox 3437 4259 3614 4325; x_wconf 87' lang='lat' dir='ltr'><strong>Quasi</strong></span> <span class='ocrx_word' id='word_1_664' title='bbox 3638 4229 3756 4331; x_wconf 77' lang='lat' dir='ltr'><strong>jam</strong></span> 
     </span>
    </p>
   </div>
   <div class='ocr_carea' id='block_1_90' title="bbox 304 4321 1988 4396">
    <p class='ocr_par' dir='ltr' id='par_1_90' title="bbox 304 4321 1988 4396">
     <span class='ocr_line' id='line_1_90' title="bbox 304 4321 1988 4396; baseline 0 -18"><span class='ocrx_word' id='word_1_665' title='bbox 304 4324 518 4394; x_wconf 49' lang='lat'><strong>6501);,</strong></span> <span class='ocrx_word' id='word_1_666' title='bbox 553 4322 629 4387; x_wconf 83' lang='grc' dir='ltr'><strong>ὡς</strong></span> <span class='ocrx_word' id='word_1_667' title='bbox 683 4321 1028 4395; x_wconf 72' lang='grc' dir='ltr'>ἐνεστηκυίας</span> <span class='ocrx_word' id='word_1_668' title='bbox 1083 4329 1185 4393; x_wconf 84' lang='grc' dir='ltr'><strong>τῆς</strong></span> <span class='ocrx_word' id='word_1_669' title='bbox 1242 4322 1367 4377; x_wconf 72' lang='grc' dir='ltr'>’ὀσον</span> <span class='ocrx_word' id='word_1_670' title='bbox 1424 4321 1576 4377; x_wconf 69' lang='grc' dir='ltr'>οὔπω</span> <span class='ocrx_word' id='word_1_671' title='bbox 1607 4322 1988 4396; x_wconf 74' lang='grc' dir='ltr'>παρεσομένης</span> 
     </span>
    </p>
   </div>
   <div class='ocr_carea' id='block_1_91' title="bbox 322 4406 1988 4486">
    <p class='ocr_par' dir='ltr' id='par_1_91' title="bbox 322 4406 1988 4486">
     <span class='ocr_line' id='line_1_91' title="bbox 322 4406 1988 4486; baseline -0.002 -19"><span class='ocrx_word' id='word_1_672' title='bbox 322 4411 562 4486; x_wconf 70' lang='grc' dir='ltr'>ἡμέρας,</span> <span class='ocrx_word' id='word_1_673' title='bbox 623 4410 771 4467; x_wconf 71' lang='grc' dir='ltr'>οὕτω</span> <span class='ocrx_word' id='word_1_674' title='bbox 830 4409 1287 4485; x_wconf 88' lang='grc' dir='ltr'>πολιτευσώμεθα</span> <span class='ocrx_word' id='word_1_675' title='bbox 1361 4409 1749 4486; x_wconf 78' lang='grc' dir='ltr'>εὐσχημόνως,</span> <span class='ocrx_word' id='word_1_676' title='bbox 1801 4410 1868 4467; x_wconf 90' lang='grc' dir='ltr'>Τί</span> <span class='ocrx_word' id='word_1_677' title='bbox 1930 4406 1988 4464; x_wconf 81' lang='grc' dir='ltr'><strong>δέ</strong></span> 
     </span>
    </p>
   </div>
   <div class='ocr_carea' id='block_1_92' title="bbox 2096 4344 3756 4417">
    <p class='ocr_par' dir='ltr' id='par_1_92' title="bbox 2096 4344 3756 4417">
     <span class='ocr_line' id='line_1_92' title="bbox 2096 4344 3756 4417; baseline 0.002 -18"><span class='ocrx_word' id='word_1_678' title='bbox 2096 4348 2415 4416; x_wconf 59' lang='lat' dir='ltr'><strong>prasente,</strong></span> <span class='ocrx_word' id='word_1_679' title='bbox 2469 4347 2757 4414; x_wconf 87' lang='lat' dir='ltr'><strong>tanquam</strong></span> <span class='ocrx_word' id='word_1_680' title='bbox 2797 4344 3079 4413; x_wconf 84' lang='lat' dir='ltr'><strong>instante,</strong></span> <span class='ocrx_word' id='word_1_681' title='bbox 3126 4353 3416 4417; x_wconf 87' lang='lat' dir='ltr'><strong>quantum</strong></span> <span class='ocrx_word' id='word_1_682' title='bbox 3464 4348 3756 4404; x_wconf 88' lang='lat' dir='ltr'><strong>hactenus</strong></span> 
     </span>
    </p>
   </div>
   <div class='ocr_carea' id='block_1_93' title="bbox 2100 4431 3759 4503">
    <p class='ocr_par' dir='ltr' id='par_1_93' title="bbox 2100 4431 3759 4503">
     <span class='ocr_line' id='line_1_93' title="bbox 2100 4431 3759 4503; baseline 0.003 -16"><span class='ocrx_word' id='word_1_683' title='bbox 2100 4448 2430 4503; x_wconf 87' lang='lat' dir='ltr'><strong>nunquam,</strong></span> <span class='ocrx_word' id='word_1_684' title='bbox 2482 4431 2682 4487; x_wconf 85' lang='lat' dir='ltr'><strong>futuro</strong></span> <span class='ocrx_word' id='word_1_685' title='bbox 2714 4432 2831 4501; x_wconf 89' lang='lat' dir='ltr'><strong>die,</strong></span> <span class='ocrx_word' id='word_1_686' title='bbox 2883 4433 2968 4489; x_wconf 86' lang='lat' dir='ltr'><strong>ita</strong></span> <span class='ocrx_word' id='word_1_687' title='bbox 3013 4434 3265 4491; x_wconf 90' lang='lat' dir='ltr'><strong>honeste</strong></span> <span class='ocrx_word' id='word_1_688' title='bbox 3315 4453 3759 4494; x_wconf 90' lang='lat' dir='ltr'><strong>conversemur.</strong></span> 
     </span>
    </p>
   </div>
   <div class='ocr_carea' id='block_1_94' title="bbox 324 4498 1970 4598">
    <p class='ocr_par' dir='ltr' id='par_1_94' title="bbox 324 4498 1961 4575">
     <span class='ocr_line' id='line_1_94' title="bbox 324 4498 1961 4575; baseline -0.001 -20"><span class='ocrx_word' id='word_1_689' title='bbox 324 4499 438 4556; x_wconf 81' lang='grc' dir='ltr'>έστι</span> <span class='ocrx_word' id='word_1_690' title='bbox 471 4500 556 4571; x_wconf 83' lang='grc' dir='ltr'><strong>τὸ,</strong></span> <span class='ocrx_word' id='word_1_691' title='bbox 591 4523 619 4550; x_wconf 79' lang='grc' dir='ltr'>ι(</span> <span class='ocrx_word' id='word_1_692' title='bbox 681 4500 1094 4575; x_wconf 78' lang='grc' dir='ltr'>Εύσχημόνως,</span> <span class='ocrx_word' id='word_1_693' title='bbox 1130 4522 1157 4551; x_wconf 86' lang='grc'><strong>››</strong></span> <span class='ocrx_word' id='word_1_694' title='bbox 1190 4499 1478 4574; x_wconf 73' lang='grc' dir='ltr'>ἓρμηνεύει</span> <span class='ocrx_word' id='word_1_695' title='bbox 1535 4498 1695 4562; x_wconf 82' lang='grc' dir='ltr'>αὐτὸς</span> <span class='ocrx_word' id='word_1_696' title='bbox 1745 4499 1961 4575; x_wconf 73' lang='grc' dir='ltr'>έπάγων</span> 
     </span>
    </p>
   </div>
   <div class='ocr_carea' id='block_1_95' title="bbox 2081 4498 3766 4598">
    <p class='ocr_par' dir='ltr' id='par_1_95' title="bbox 2099 4498 3766 4598">
     <span class='ocr_line' id='line_1_95' title="bbox 2099 4498 3766 4598; baseline 0.003 -22"><span class='ocrx_word' id='word_1_697' title='bbox 2099 4498 2343 4587; x_wconf 48' lang='lat' dir='ltr'><strong>Quid-sit</strong></span> <span class='ocrx_word' id='word_1_698' title='bbox 2374 4498 2574 4576; x_wconf 88' lang='lat' dir='ltr'><strong>autem</strong></span> <span class='ocrx_word' id='word_1_699' title='bbox 2593 4543 2622 4572; x_wconf 86' lang='lat'>«</span> <span class='ocrx_word' id='word_1_700' title='bbox 2646 4498 2927 4590; x_wconf 80' lang='lat' dir='ltr'><strong>Honeste,</strong></span> <span class='ocrx_word' id='word_1_701' title='bbox 2963 4543 2989 4574; x_wconf 76' lang='grc' dir='ltr'><strong>ι</strong></span> <span class='ocrx_word' id='word_1_702' title='bbox 3028 4524 3460 4597; x_wconf 89' lang='lat' dir='ltr'><strong>interpretatur</strong></span> <span class='ocrx_word' id='word_1_703' title='bbox 3480 4527 3608 4598; x_wconf 90' lang='lat' dir='ltr'><strong>ipse</strong></span> <span class='ocrx_word' id='word_1_704' title='bbox 3632 4526 3766 4582; x_wconf 85' lang='lat' dir='ltr'><strong>sub-</strong></span> 
     </span>
    </p>
   </div>
   <div class='ocr_carea' id='block_1_96' title="bbox 324 4587 1987 4668">
    <p class='ocr_par' dir='ltr' id='par_1_96' title="bbox 324 4587 1987 4668">
     <span class='ocr_line' id='line_1_96' title="bbox 324 4587 1987 4668; baseline -0.002 -22"><span class='ocrx_word' id='word_1_705' title='bbox 324 4614 354 4641; x_wconf 80' lang='grc'><strong><em>‹‹</em></strong></span> <span class='ocrx_word' id='word_1_706' title='bbox 377 4592 471 4660; x_wconf 74' lang='grc' dir='ltr'><strong>Μὴ</strong></span> <span class='ocrx_word' id='word_1_707' title='bbox 496 4590 737 4663; x_wconf 81' lang='grc' dir='ltr'>κώμοις,</span> <span class='ocrx_word' id='word_1_708' title='bbox 766 4614 794 4642; x_wconf 84' lang='lat'>»</span> <span class='ocrx_word' id='word_1_709' title='bbox 824 4589 915 4645; x_wconf 78' lang='grc' dir='ltr'><strong>καὶ</strong></span> <span class='ocrx_word' id='word_1_710' title='bbox 946 4590 1089 4663; x_wconf 71' lang='grc' dir='ltr'>ἑξῆς.</span> <span class='ocrx_word' id='word_1_711' title='bbox 1125 4613 1153 4643; x_wconf 78' lang='grc' dir='ltr'>ι(</span> <span class='ocrx_word' id='word_1_712' title='bbox 1214 4588 1600 4668; x_wconf 80' lang='grc' dir='ltr'>Εύσχημόνως</span> <span class='ocrx_word' id='word_1_713' title='bbox 1653 4610 1680 4641; x_wconf 80' lang='grc' dir='ltr'><strong>ιι</strong></span> <span class='ocrx_word' id='word_1_714' title='bbox 1743 4587 1802 4645; x_wconf 78' lang='grc' dir='ltr'><strong>δέ</strong></span> <span class='ocrx_word' id='word_1_715' title='bbox 1830 4611 1987 4663; x_wconf 74' lang='grc' dir='ltr'>φησι,</span> 
     </span>
    </p>
   </div>
   <div class='ocr_carea' id='block_1_97' title="bbox 323 4676 1987 4758">
    <p class='ocr_par' dir='ltr' id='par_1_97' title="bbox 323 4676 1987 4758">
     <span class='ocr_line' id='line_1_97' title="bbox 323 4676 1987 4758; baseline -0.001 -24"><span class='ocrx_word' id='word_1_716' title='bbox 323 4678 451 4735; x_wconf 79' lang='grc' dir='ltr'>λίαν</span> <span class='ocrx_word' id='word_1_717' title='bbox 482 4678 778 4754; x_wconf 73' lang='grc' dir='ltr'>ἐντρέπων,</span> <span class='ocrx_word' id='word_1_718' title='bbox 838 4679 924 4734; x_wconf 81' lang='grc' dir='ltr'><strong>ὅτι</strong></span> <span class='ocrx_word' id='word_1_719' title='bbox 983 4679 1029 4735; x_wconf 80' lang='grc' dir='ltr'>εἰ</span> <span class='ocrx_word' id='word_1_720' title='bbox 1068 4680 1156 4735; x_wconf 72' lang='grc' dir='ltr'><strong>καὶ</strong></span> <span class='ocrx_word' id='word_1_721' title='bbox 1225 4681 1301 4752; x_wconf 81' lang='grc' dir='ltr'>μή</span> <span class='ocrx_word' id='word_1_722' title='bbox 1359 4676 1587 4740; x_wconf 87' lang='grc' dir='ltr'>κόλασις</span> <span class='ocrx_word' id='word_1_723' title='bbox 1639 4679 1705 4748; x_wconf 85' lang='grc' dir='ltr'><strong>ἧν</strong></span> <span class='ocrx_word' id='word_1_724' title='bbox 1763 4678 1987 4758; x_wconf 83' lang='grc' dir='ltr'>ἀποκει-</span> 
     </span>
    </p>
   </div>
   <div class='ocr_carea' id='block_1_98' title="bbox 330 4765 1990 4844">
    <p class='ocr_par' dir='ltr' id='par_1_98' title="bbox 330 4765 1990 4844">
     <span class='ocr_line' id='line_1_98' title="bbox 330 4765 1990 4844; baseline -0.001 -21"><span class='ocrx_word' id='word_1_725' title='bbox 330 4768 469 4842; x_wconf 85' lang='grc' dir='ltr'>μένη</span> <span class='ocrx_word' id='word_1_726' title='bbox 501 4773 621 4831; x_wconf 85' lang='grc' dir='ltr'>τοῖς</span> <span class='ocrx_word' id='word_1_727' title='bbox 657 4768 1048 4844; x_wconf 78' lang='grc' dir='ltr'>ἁμαρτάνουσι,</span> <span class='ocrx_word' id='word_1_728' title='bbox 1092 4768 1183 4823; x_wconf 82' lang='grc' dir='ltr'><strong>καὶ</strong></span> <span class='ocrx_word' id='word_1_729' title='bbox 1241 4765 1549 4830; x_wconf 82' lang='grc' dir='ltr'>ἀπόλαυσις</span> <span class='ocrx_word' id='word_1_730' title='bbox 1606 4771 1724 4830; x_wconf 90' lang='grc' dir='ltr'>τοῖς</span> <span class='ocrx_word' id='word_1_731' title='bbox 1783 4787 1990 4842; x_wconf 86' lang='grc' dir='ltr'>κατορ-</span> 
     </span>
    </p>
   </div>
   <div class='ocr_carea' id='block_1_99' title="bbox 333 4854 1990 4933">
    <p class='ocr_par' dir='ltr' id='par_1_99' title="bbox 333 4854 1990 4933">
     <span class='ocr_line' id='line_1_99' title="bbox 333 4854 1990 4933; baseline 0 -20"><span class='ocrx_word' id='word_1_732' title='bbox 333 4860 547 4928; x_wconf 75' lang='grc' dir='ltr'>θοῦσιν,</span> <span class='ocrx_word' id='word_1_733' title='bbox 583 4854 691 4913; x_wconf 77' lang='grc' dir='ltr'>ἔδει</span> <span class='ocrx_word' id='word_1_734' title='bbox 746 4858 810 4913; x_wconf 85' lang='grc' dir='ltr'>τὸ</span> <span class='ocrx_word' id='word_1_735' title='bbox 868 4856 1096 4932; x_wconf 79' lang='grc' dir='ltr'>αἷσχρὸν</span> <span class='ocrx_word' id='word_1_736' title='bbox 1147 4857 1238 4913; x_wconf 88' lang='grc' dir='ltr'><strong>καὶ</strong></span> <span class='ocrx_word' id='word_1_737' title='bbox 1295 4856 1529 4933; x_wconf 75' lang='grc' dir='ltr'>ἀπρεπὲς</span> <span class='ocrx_word' id='word_1_738' title='bbox 1584 4857 1675 4912; x_wconf 85' lang='grc' dir='ltr'><strong>καὶ</strong></span> <span class='ocrx_word' id='word_1_739' title='bbox 1735 4857 1990 4933; x_wconf 85' lang='grc' dir='ltr'>ἀσχημο-</span> 
     </span>
    </p>
   </div>
   <div class='ocr_carea' id='block_1_100' title="bbox 336 4942 1995 5026">
    <p class='ocr_par' dir='ltr' id='par_1_100' title="bbox 336 4942 1995 5026">
     <span class='ocr_line' id='line_1_100' title="bbox 336 4942 1995 5026; baseline -0.001 -24"><span class='ocrx_word' id='word_1_740' title='bbox 336 4952 465 5003; x_wconf 73' lang='grc' dir='ltr'>νοῦν</span> <span class='ocrx_word' id='word_1_741' title='bbox 522 4945 846 5025; x_wconf 75' lang='grc' dir='ltr'>φεύγοντας,</span> <span class='ocrx_word' id='word_1_742' title='bbox 905 4942 1125 5026; x_wconf 81' lang='grc' dir='ltr'>ἔχεσθαι</span> <span class='ocrx_word' id='word_1_743' title='bbox 1178 4949 1281 5013; x_wconf 81' lang='grc' dir='ltr'><strong>τῆς</strong></span> <span class='ocrx_word' id='word_1_744' title='bbox 1335 4946 1551 5022; x_wconf 78' lang='grc' dir='ltr'>ἀρετῆς.</span> <span class='ocrx_word' id='word_1_745' title='bbox 1605 4947 1733 5003; x_wconf 79' lang='grc' dir='ltr'><strong>Ὃτε</strong></span> <span class='ocrx_word' id='word_1_746' title='bbox 1790 4943 1849 5002; x_wconf 75' lang='grc' dir='ltr'>δὲ</span> <span class='ocrx_word' id='word_1_747' title='bbox 1903 4947 1995 5001; x_wconf 79' lang='grc' dir='ltr'><strong>καὶ</strong></span> 
     </span>
    </p>
   </div>
   <div class='ocr_carea' id='block_1_101' title="bbox 336 5032 1995 5114">
    <p class='ocr_par' dir='ltr' id='par_1_101' title="bbox 336 5032 1995 5114">
     <span class='ocr_line' id='line_1_101' title="bbox 336 5032 1995 5114; baseline 0 -23"><span class='ocrx_word' id='word_1_748' title='bbox 336 5039 407 5092; x_wconf 68' lang='grc' dir='ltr'><strong>τὰ</strong></span> <span class='ocrx_word' id='word_1_749' title='bbox 436 5036 663 5114; x_wconf 78' lang='grc' dir='ltr'>ῥηθέντα</span> <span class='ocrx_word' id='word_1_750' title='bbox 691 5035 931 5112; x_wconf 73' lang='grc' dir='ltr'>ἑκατέρῳ</span> <span class='ocrx_word' id='word_1_751' title='bbox 955 5036 1062 5113; x_wconf 80' lang='grc' dir='ltr'><strong>βίῳ</strong></span> <span class='ocrx_word' id='word_1_752' title='bbox 1121 5032 1437 5106; x_wconf 83' lang='grc' dir='ltr'>ἀκολουθεῖ,</span> <span class='ocrx_word' id='word_1_753' title='bbox 1494 5034 1547 5090; x_wconf 89' lang='grc' dir='ltr'><strong>τί</strong></span> <span class='ocrx_word' id='word_1_754' title='bbox 1592 5035 1706 5110; x_wconf 76' lang='grc' dir='ltr'><strong>χρὴ</strong></span> <span class='ocrx_word' id='word_1_755' title='bbox 1767 5041 1943 5091; x_wconf 88' lang='grc' dir='ltr'>ποιεῖν</span> <span class='ocrx_word' id='word_1_756' title='bbox 1981 5055 1995 5106; x_wconf 91' lang='grc'>;</span> 
     </span>
    </p>
   </div>
   <div class='ocr_carea' id='block_1_102' title="bbox 340 5121 1997 5201">
    <p class='ocr_par' dir='ltr' id='par_1_102' title="bbox 340 5121 1997 5201">
     <span class='ocr_line' id='line_1_102' title="bbox 340 5121 1997 5201; baseline 0.001 -23"><span class='ocrx_word' id='word_1_757' title='bbox 340 5150 370 5178; x_wconf 73' lang='grc' dir='ltr'><strong><em>κ</em></strong></span> <span class='ocrx_word' id='word_1_758' title='bbox 404 5127 897 5201; x_wconf 68' lang='grc' dir='ltr'>Ιιεριπατήσωμεν.</span> <span class='ocrx_word' id='word_1_759' title='bbox 934 5149 962 5177; x_wconf 83' lang='grc'><strong>››</strong></span> <span class='ocrx_word' id='word_1_760' title='bbox 994 5130 1142 5182; x_wconf 88' lang='grc' dir='ltr'>”Ανω</span> <span class='ocrx_word' id='word_1_761' title='bbox 1199 5122 1435 5199; x_wconf 78' lang='grc' dir='ltr'>εἰρηκὼς</span> <span class='ocrx_word' id='word_1_762' title='bbox 1492 5121 1716 5198; x_wconf 76' lang='grc' dir='ltr'>μέλλειν</span> <span class='ocrx_word' id='word_1_763' title='bbox 1769 5127 1869 5195; x_wconf 83' lang='grc' dir='ltr'><strong>τήν</strong></span> <span class='ocrx_word' id='word_1_764' title='bbox 1896 5133 1997 5196; x_wconf 81' lang='grc' dir='ltr'>τῆς</span> 
     </span>
    </p>
   </div>
   <div class='ocr_carea' id='block_1_103' title="bbox 337 5212 1998 5292">
    <p class='ocr_par' dir='ltr' id='par_1_103' title="bbox 337 5212 1998 5292">
     <span class='ocr_line' id='line_1_103' title="bbox 337 5212 1998 5292; baseline 0 -22"><span class='ocrx_word' id='word_1_765' title='bbox 337 5214 574 5289; x_wconf 74' lang='grc' dir='ltr'>κρίσεως</span> <span class='ocrx_word' id='word_1_766' title='bbox 626 5216 862 5290; x_wconf 80' lang='grc' dir='ltr'>ἡμέραν,</span> <span class='ocrx_word' id='word_1_767' title='bbox 920 5218 1011 5268; x_wconf 77' lang='grc' dir='ltr'><strong>νῦν</strong></span> <span class='ocrx_word' id='word_1_768' title='bbox 1094 5214 1267 5285; x_wconf 72' lang='grc' dir='ltr'>αὐτὴν</span> <span class='ocrx_word' id='word_1_769' title='bbox 1328 5212 1576 5292; x_wconf 74' lang='grc' dir='ltr'>ἐφίστησι</span> <span class='ocrx_word' id='word_1_770' title='bbox 1633 5217 1817 5269; x_wconf 82' lang='grc' dir='ltr'>πτοῶν</span> <span class='ocrx_word' id='word_1_771' title='bbox 1906 5216 1998 5271; x_wconf 89' lang='grc' dir='ltr'>τὸν</span> 
     </span>
    </p>
   </div>
   <div class='ocr_carea' id='block_1_104' title="bbox 340 5302 2004 5384">
    <p class='ocr_par' dir='ltr' id='par_1_104' title="bbox 340 5302 2004 5384">
     <span class='ocr_line' id='line_1_104' title="bbox 340 5302 2004 5384; baseline 0.002 -26"><span class='ocrx_word' id='word_1_772' title='bbox 340 5305 642 5381; x_wconf 83' lang='grc' dir='ltr'>ἀκροατήν,</span> <span class='ocrx_word' id='word_1_773' title='bbox 699 5305 775 5362; x_wconf 84' lang='grc' dir='ltr'><strong>Τὸ</strong></span> <span class='ocrx_word' id='word_1_774' title='bbox 836 5302 916 5371; x_wconf 76' lang='grc' dir='ltr'>δὲ,</span> <span class='ocrx_word' id='word_1_775' title='bbox 959 5327 987 5355; x_wconf 84' lang='grc'><strong>‹‹</strong></span> <span class='ocrx_word' id='word_1_776' title='bbox 1049 5303 1544 5378; x_wconf 75' lang='grc' dir='ltr'>ΙΙεριπατήσωμεν,</span> <span class='ocrx_word' id='word_1_777' title='bbox 1606 5324 1634 5354; x_wconf 83' lang='grc'><strong>›&gt;</strong></span> <span class='ocrx_word' id='word_1_778' title='bbox 1720 5302 2004 5384; x_wconf 85' lang='grc' dir='ltr'>ἀνεπαχθῆ</span> 
     </span>
    </p>
   </div>
   <div class='ocr_carea' id='block_1_105' title="bbox 339 5387 2005 5470">
    <p class='ocr_par' dir='ltr' id='par_1_105' title="bbox 339 5387 2005 5470">
     <span class='ocr_line' id='line_1_105' title="bbox 339 5387 2005 5470; baseline 0.001 -21"><span class='ocrx_word' id='word_1_779' title='bbox 339 5399 612 5451; x_wconf 85' lang='grc' dir='ltr'>ποιεῖτον</span> <span class='ocrx_word' id='word_1_780' title='bbox 642 5393 828 5470; x_wconf 84' lang='grc' dir='ltr'>Λόγον.</span> <span class='ocrx_word' id='word_1_781' title='bbox 864 5393 969 5451; x_wconf 82' lang='grc' dir='ltr'><strong>Καὶ</strong></span> <span class='ocrx_word' id='word_1_782' title='bbox 1000 5394 1105 5470; x_wconf 81' lang='grc' dir='ltr'><strong>γὰρ</strong></span> <span class='ocrx_word' id='word_1_783' title='bbox 1165 5392 1354 5448; x_wconf 72' lang='grc' dir='ltr'>ἑαυτὸν</span> <span class='ocrx_word' id='word_1_784' title='bbox 1413 5387 1614 5467; x_wconf 79' lang='grc' dir='ltr'>ἔμιξεν.</span> <span class='ocrx_word' id='word_1_785' title='bbox 1676 5417 1704 5445; x_wconf 89' lang='grc'><em>‹‹</em></span> <span class='ocrx_word' id='word_1_786' title='bbox 1758 5395 1848 5464; x_wconf 78' lang='grc' dir='ltr'><strong>Μὴ</strong></span> <span class='ocrx_word' id='word_1_787' title='bbox 1902 5397 2005 5451; x_wconf 67' lang='grc' dir='ltr'>κώ.</span> 
     </span>
    </p>
   </div>
   <div class='ocr_carea' id='block_1_106' title="bbox 350 5481 2011 5559">
    <p class='ocr_par' dir='ltr' id='par_1_106' title="bbox 350 5481 2011 5559">
     <span class='ocr_line' id='line_1_106' title="bbox 350 5481 2011 5559; baseline 0.002 -19"><span class='ocrx_word' id='word_1_788' title='bbox 350 5506 473 5555; x_wconf 85' lang='grc' dir='ltr'>μοις</span> <span class='ocrx_word' id='word_1_789' title='bbox 500 5485 591 5541; x_wconf 79' lang='grc' dir='ltr'><strong>καὶ</strong></span> <span class='ocrx_word' id='word_1_790' title='bbox 656 5483 865 5559; x_wconf 83' lang='grc' dir='ltr'>μέθαις.</span> <span class='ocrx_word' id='word_1_791' title='bbox 901 5508 929 5535; x_wconf 84' lang='grc'><strong>››</strong></span> <span class='ocrx_word' id='word_1_792' title='bbox 976 5483 1054 5541; x_wconf 81' lang='grc' dir='ltr'><strong>Οὐ</strong></span> <span class='ocrx_word' id='word_1_793' title='bbox 1115 5484 1176 5539; x_wconf 83' lang='grc' dir='ltr'>τὸ</span> <span class='ocrx_word' id='word_1_794' title='bbox 1224 5482 1418 5553; x_wconf 88' lang='grc' dir='ltr'>πίνειν,</span> <span class='ocrx_word' id='word_1_795' title='bbox 1477 5481 1625 5538; x_wconf 79' lang='grc' dir='ltr'><strong>ἀλλά</strong></span> <span class='ocrx_word' id='word_1_796' title='bbox 1670 5483 1733 5538; x_wconf 91' lang='grc' dir='ltr'>τὸ</span> <span class='ocrx_word' id='word_1_797' title='bbox 1796 5485 2011 5557; x_wconf 87' lang='grc' dir='ltr'>μεθύειν</span> 
     </span>
    </p>
   </div>
   <div class='ocr_carea' id='block_1_107' title="bbox 348 5569 2012 5653">
    <p class='ocr_par' dir='ltr' id='par_1_107' title="bbox 348 5569 2012 5653">
     <span class='ocr_line' id='line_1_107' title="bbox 348 5569 2012 5653; baseline 0.004 -26"><span class='ocrx_word' id='word_1_798' title='bbox 348 5574 574 5631; x_wconf 81' lang='grc' dir='ltr'>κωλύει.</span> <span class='ocrx_word' id='word_1_799' title='bbox 608 5578 813 5649; x_wconf 82' lang='grc' dir='ltr'>Κῶμος</span> <span class='ocrx_word' id='word_1_800' title='bbox 847 5569 905 5628; x_wconf 77' lang='grc' dir='ltr'><strong>δέ</strong></span> <span class='ocrx_word' id='word_1_801' title='bbox 933 5572 1070 5641; x_wconf 74' lang='grc' dir='ltr'>έττι,</span> <span class='ocrx_word' id='word_1_802' title='bbox 1096 5573 1165 5627; x_wconf 75' lang='grc' dir='ltr'><strong>τὰ</strong></span> <span class='ocrx_word' id='word_1_803' title='bbox 1221 5572 1357 5645; x_wconf 81' lang='grc' dir='ltr'>μετὰ</span> <span class='ocrx_word' id='word_1_804' title='bbox 1415 5572 1587 5645; x_wconf 85' lang='grc' dir='ltr'>μέθης</span> <span class='ocrx_word' id='word_1_805' title='bbox 1654 5570 1744 5626; x_wconf 85' lang='grc' dir='ltr'><strong>καὶ</strong></span> <span class='ocrx_word' id='word_1_806' title='bbox 1802 5570 2012 5653; x_wconf 77' lang='grc' dir='ltr'>ὕϐρεως</span> 
     </span>
    </p>
   </div>
   <div class='ocr_carea' id='block_1_108' title="bbox 351 5658 2010 5738">
    <p class='ocr_par' dir='ltr' id='par_1_108' title="bbox 351 5658 2010 5738">
     <span class='ocr_line' id='line_1_108' title="bbox 351 5658 2010 5738; baseline 0.005 -22"><span class='ocrx_word' id='word_1_807' title='bbox 351 5658 648 5735; x_wconf 74' lang='grc' dir='ltr'>ᾆσματα,ὃ</span> <span class='ocrx_word' id='word_1_808' title='bbox 713 5664 805 5718; x_wconf 82' lang='grc' dir='ltr'><strong>καὶ</strong></span> <span class='ocrx_word' id='word_1_809' title='bbox 836 5660 1093 5738; x_wconf 86' lang='grc' dir='ltr'>παροινία</span> <span class='ocrx_word' id='word_1_810' title='bbox 1122 5658 1363 5737; x_wconf 85' lang='grc' dir='ltr'>λέγεται.</span> <span class='ocrx_word' id='word_1_811' title='bbox 1399 5683 1428 5713; x_wconf 86' lang='grc'><strong>‹‹</strong></span> <span class='ocrx_word' id='word_1_812' title='bbox 1482 5661 1586 5719; x_wconf 84' lang='grc' dir='ltr'><strong>Καὶ</strong></span> <span class='ocrx_word' id='word_1_813' title='bbox 1628 5660 1952 5738; x_wconf 85' lang='grc' dir='ltr'>ἀσελγείαις,</span> <span class='ocrx_word' id='word_1_814' title='bbox 1988 5694 2010 5723; x_wconf 74' lang='grc' dir='ltr'><strong>ιι</strong></span> 
     </span>
    </p>
   </div>
   <div class='ocr_carea' id='block_1_109' title="bbox 598 5778 1344 5844">
    <p class='ocr_par' dir='ltr' id='par_1_109' title="bbox 598 5778 1344 5844">
     <span class='ocr_line' id='line_1_109' title="bbox 598 5778 1344 5844; baseline 0.001 -4"><span class='ocrx_word' id='word_1_815' title='bbox 598 5782 865 5844; x_wconf 64' lang='lat' dir='ltr'><strong>Paron.</strong></span> <span class='ocrx_word' id='word_1_816' title='bbox 912 5780 1024 5842; x_wconf 77' lang='lat' dir='ltr'><strong>Gn.</strong></span> <span class='ocrx_word' id='word_1_817' title='bbox 1068 5778 1344 5843; x_wconf 77' lang='lat' dir='ltr'><strong>CXVIII.</strong></span> 
     </span>
    </p>
   </div>
   <div class='ocr_carea' id='block_1_110' title="bbox 2101 4611 3765 4681">
    <p class='ocr_par' dir='ltr' id='par_1_110' title="bbox 2101 4611 3765 4681">
     <span class='ocr_line' id='line_1_110' title="bbox 2101 4611 3765 4681; baseline 0.002 -14"><span class='ocrx_word' id='word_1_818' title='bbox 2101 4611 2298 4667; x_wconf 90' lang='lat' dir='ltr'><strong>dendo</strong></span> <span class='ocrx_word' id='word_1_819' title='bbox 2330 4626 2343 4665; x_wconf 89' lang='lat'><strong>:</strong></span> <span class='ocrx_word' id='word_1_820' title='bbox 2380 4611 2507 4666; x_wconf 86' lang='lat' dir='ltr'><strong>Non</strong></span> <span class='ocrx_word' id='word_1_821' title='bbox 2548 4613 3106 4681; x_wconf 90' lang='lat' dir='ltr'><strong>comessationibus,</strong></span> <span class='ocrx_word' id='word_1_822' title='bbox 3141 4636 3169 4664; x_wconf 88' lang='grc'><strong>››</strong></span> <span class='ocrx_word' id='word_1_823' title='bbox 3215 4620 3275 4671; x_wconf 90' lang='lat' dir='ltr'><strong>et</strong></span> <span class='ocrx_word' id='word_1_824' title='bbox 3304 4622 3535 4672; x_wconf 68' lang='lat' dir='ltr'><strong>caetera.</strong></span> <span class='ocrx_word' id='word_1_825' title='bbox 3586 4618 3765 4672; x_wconf 86' lang='lat' dir='ltr'><strong>Porro</strong></span> 
     </span>
    </p>
   </div>
   <div class='ocr_carea' id='block_1_111' title="bbox 2102 4697 3770 4775">
    <p class='ocr_par' dir='ltr' id='par_1_111' title="bbox 2102 4697 3770 4775">
     <span class='ocr_line' id='line_1_111' title="bbox 2102 4697 3770 4775; baseline 0.003 -21"><span class='ocrx_word' id='word_1_826' title='bbox 2102 4705 2263 4756; x_wconf 85' lang='lat' dir='ltr'><strong>recte</strong></span> <span class='ocrx_word' id='word_1_827' title='bbox 2293 4697 2618 4755; x_wconf 89' lang='lat' dir='ltr'><strong>admodum</strong></span> <span class='ocrx_word' id='word_1_828' title='bbox 2636 4699 2802 4766; x_wconf 88' lang='lat' dir='ltr'><strong>dicit,</strong></span> <span class='ocrx_word' id='word_1_829' title='bbox 2834 4723 2863 4751; x_wconf 85' lang='lat'><strong>«</strong></span> <span class='ocrx_word' id='word_1_830' title='bbox 2899 4702 3178 4758; x_wconf 83' lang='lat' dir='ltr'><strong>Honeste.</strong></span> <span class='ocrx_word' id='word_1_831' title='bbox 3214 4725 3245 4754; x_wconf 87' lang='lat'><em>»</em></span> <span class='ocrx_word' id='word_1_832' title='bbox 3268 4706 3419 4759; x_wconf 86' lang='lat' dir='ltr'><strong>Nam</strong></span> <span class='ocrx_word' id='word_1_833' title='bbox 3452 4704 3597 4759; x_wconf 90' lang='lat' dir='ltr'><strong>licet</strong></span> <span class='ocrx_word' id='word_1_834' title='bbox 3625 4720 3770 4775; x_wconf 87' lang='lat' dir='ltr'><strong>sup-</strong></span> 
     </span>
    </p>
   </div>
   <div class='ocr_carea' id='block_1_112' title="bbox 2103 4788 3767 4863">
    <p class='ocr_par' dir='ltr' id='par_1_112' title="bbox 2103 4788 3767 4863">
     <span class='ocr_line' id='line_1_112' title="bbox 2103 4788 3767 4863; baseline 0.002 -20"><span class='ocrx_word' id='word_1_835' title='bbox 2103 4788 2351 4861; x_wconf 90' lang='lat' dir='ltr'><strong>plicium</strong></span> <span class='ocrx_word' id='word_1_836' title='bbox 2388 4804 2510 4843; x_wconf 88' lang='lat' dir='ltr'><strong>non</strong></span> <span class='ocrx_word' id='word_1_837' title='bbox 2542 4794 2700 4844; x_wconf 87' lang='lat' dir='ltr'><strong>esset</strong></span> <span class='ocrx_word' id='word_1_838' title='bbox 2747 4791 3079 4862; x_wconf 89' lang='lat' dir='ltr'><strong>repositum</strong></span> <span class='ocrx_word' id='word_1_839' title='bbox 3112 4791 3629 4863; x_wconf 90' lang='lat' dir='ltr'><strong>delinquentibus,</strong></span> <span class='ocrx_word' id='word_1_840' title='bbox 3655 4808 3767 4848; x_wconf 90' lang='lat' dir='ltr'><strong>nec</strong></span> 
     </span>
    </p>
   </div>
   <div class='ocr_carea' id='block_1_113' title="bbox 2104 4878 3772 4954">
    <p class='ocr_par' dir='ltr' id='par_1_113' title="bbox 2104 4878 3772 4954">
     <span class='ocr_line' id='line_1_113' title="bbox 2104 4878 3772 4954; baseline 0.003 -22"><span class='ocrx_word' id='word_1_841' title='bbox 2104 4878 2308 4934; x_wconf 83' lang='lat' dir='ltr'><strong>fruitio</strong></span> <span class='ocrx_word' id='word_1_842' title='bbox 2368 4882 2528 4933; x_wconf 89' lang='lat' dir='ltr'><strong>recte</strong></span> <span class='ocrx_word' id='word_1_843' title='bbox 2588 4878 2918 4950; x_wconf 88' lang='lat' dir='ltr'><strong>operibus:</strong></span> <span class='ocrx_word' id='word_1_844' title='bbox 2982 4884 3286 4951; x_wconf 84' lang='lat' dir='ltr'><strong>Oporteret</strong></span> <span class='ocrx_word' id='word_1_845' title='bbox 3335 4880 3772 4954; x_wconf 86' lang='lat' dir='ltr'><strong>turpitudinem</strong></span> 
     </span>
    </p>
   </div>
   <div class='ocr_carea' id='block_1_114' title="bbox 2109 4964 3772 5043">
    <p class='ocr_par' dir='ltr' id='par_1_114' title="bbox 2109 4964 3772 5043">
     <span class='ocr_line' id='line_1_114' title="bbox 2109 4964 3772 5043; baseline 0.001 -22"><span class='ocrx_word' id='word_1_846' title='bbox 2109 4970 2168 5022; x_wconf 90' lang='lat' dir='ltr'><strong>et</strong></span> <span class='ocrx_word' id='word_1_847' title='bbox 2195 4964 2633 5037; x_wconf 86' lang='lat' dir='ltr'><strong>impudicitiam</strong></span> <span class='ocrx_word' id='word_1_848' title='bbox 2662 4981 2730 5022; x_wconf 91' lang='lat' dir='ltr'><strong>ac</strong></span> <span class='ocrx_word' id='word_1_849' title='bbox 2772 4966 3260 5024; x_wconf 88' lang='lat' dir='ltr'><strong>inverecundiam</strong></span> <span class='ocrx_word' id='word_1_850' title='bbox 3308 4968 3538 5043; x_wconf 85' lang='lat' dir='ltr'><strong>fugere,</strong></span> <span class='ocrx_word' id='word_1_851' title='bbox 3569 4974 3629 5025; x_wconf 91' lang='lat' dir='ltr'><strong>et</strong></span> <span class='ocrx_word' id='word_1_852' title='bbox 3656 4969 3772 5024; x_wconf 82' lang='lat' dir='ltr'><strong>vir-</strong></span> 
     </span>
    </p>
   </div>
   <div class='ocr_carea' id='block_1_115' title="bbox 2108 5054 3778 5129">
    <p class='ocr_par' dir='ltr' id='par_1_115' title="bbox 2108 5054 3778 5129">
     <span class='ocr_line' id='line_1_115' title="bbox 2108 5054 3778 5129; baseline 0.003 -18"><span class='ocrx_word' id='word_1_853' title='bbox 2108 5057 2221 5111; x_wconf 90' lang='lat' dir='ltr'><strong>tuti</strong></span> <span class='ocrx_word' id='word_1_854' title='bbox 2251 5054 2576 5111; x_wconf 70' lang='lat' dir='ltr'><strong>adhaarere.</strong></span> <span class='ocrx_word' id='word_1_855' title='bbox 2601 5057 2746 5111; x_wconf 89' lang='lat' dir='ltr'><strong>Cum</strong></span> <span class='ocrx_word' id='word_1_856' title='bbox 2764 5062 2963 5112; x_wconf 91' lang='lat' dir='ltr'><strong>autem</strong></span> <span class='ocrx_word' id='word_1_857' title='bbox 2983 5073 3053 5113; x_wconf 88' lang='lat' dir='ltr'><strong>ea</strong></span> <span class='ocrx_word' id='word_1_858' title='bbox 3066 5075 3199 5129; x_wconf 64' lang='lat' dir='ltr'><strong>quas</strong></span> <span class='ocrx_word' id='word_1_859' title='bbox 3217 5058 3377 5115; x_wconf 87' lang='lat' dir='ltr'><strong>dicta</strong></span> <span class='ocrx_word' id='word_1_860' title='bbox 3397 5065 3537 5115; x_wconf 91' lang='lat' dir='ltr'><strong>sunt</strong></span> <span class='ocrx_word' id='word_1_861' title='bbox 3556 5065 3778 5116; x_wconf 86' lang='lat' dir='ltr'><strong>utram-</strong></span> 
     </span>
    </p>
   </div>
   <div class='ocr_carea' id='block_1_116' title="bbox 2112 5145 3779 5222">
    <p class='ocr_par' dir='ltr' id='par_1_116' title="bbox 2112 5145 3779 5222">
     <span class='ocr_line' id='line_1_116' title="bbox 2112 5145 3779 5222; baseline 0.002 -22"><span class='ocrx_word' id='word_1_862' title='bbox 2112 5161 2228 5216; x_wconf 88' lang='lat' dir='ltr'><strong>que</strong></span> <span class='ocrx_word' id='word_1_863' title='bbox 2280 5151 2610 5215; x_wconf 91' lang='lat' dir='ltr'><strong>sequantur</strong></span> <span class='ocrx_word' id='word_1_864' title='bbox 2652 5146 2853 5213; x_wconf 89' lang='lat' dir='ltr'><strong>vitam,</strong></span> <span class='ocrx_word' id='word_1_865' title='bbox 2904 5145 3193 5217; x_wconf 88' lang='lat' dir='ltr'><strong>quidnam</strong></span> <span class='ocrx_word' id='word_1_866' title='bbox 3242 5148 3437 5205; x_wconf 84' lang='lat' dir='ltr'><strong>facere</strong></span> <span class='ocrx_word' id='word_1_867' title='bbox 3487 5148 3779 5222; x_wconf 83' lang='lat' dir='ltr'><strong>oportet?</strong></span> 
     </span>
    </p>
   </div>
   <div class='ocr_carea' id='block_1_117' title="bbox 2114 5233 3784 5310">
    <p class='ocr_par' dir='ltr' id='par_1_117' title="bbox 2114 5233 3784 5310">
     <span class='ocr_line' id='line_1_117' title="bbox 2114 5233 3784 5310; baseline 0.004 -23"><span class='ocrx_word' id='word_1_868' title='bbox 2114 5255 2144 5284; x_wconf 85' lang='lat'><strong>«</strong></span> <span class='ocrx_word' id='word_1_869' title='bbox 2180 5233 2591 5291; x_wconf 81' lang='lat' dir='ltr'><strong>Ambulemus.</strong></span> <span class='ocrx_word' id='word_1_870' title='bbox 2629 5259 2650 5284; x_wconf 83' lang='grc' dir='ltr'><strong>ι</strong></span> <span class='ocrx_word' id='word_1_871' title='bbox 2688 5236 2797 5291; x_wconf 90' lang='lat' dir='ltr'><strong>Ubi</strong></span> <span class='ocrx_word' id='word_1_872' title='bbox 2820 5236 3096 5308; x_wconf 91' lang='lat' dir='ltr'><strong>superius</strong></span> <span class='ocrx_word' id='word_1_873' title='bbox 3127 5235 3379 5294; x_wconf 85' lang='lat' dir='ltr'><strong>dixisset</strong></span> <span class='ocrx_word' id='word_1_874' title='bbox 3405 5238 3672 5295; x_wconf 82' lang='lat' dir='ltr'><strong>futurum</strong></span> <span class='ocrx_word' id='word_1_875' title='bbox 3688 5238 3784 5310; x_wconf 83' lang='lat' dir='ltr'><strong>ju-</strong></span> 
     </span>
    </p>
   </div>
   <div class='ocr_carea' id='block_1_118' title="bbox 2116 5323 3785 5398">
    <p class='ocr_par' dir='ltr' id='par_1_118' title="bbox 2116 5323 3785 5398">
     <span class='ocr_line' id='line_1_118' title="bbox 2116 5323 3785 5398; baseline 0.002 -19"><span class='ocrx_word' id='word_1_876' title='bbox 2116 5323 2257 5380; x_wconf 90' lang='lat' dir='ltr'><strong>dicii</strong></span> <span class='ocrx_word' id='word_1_877' title='bbox 2287 5323 2468 5393; x_wconf 89' lang='lat' dir='ltr'><strong>diem,</strong></span> <span class='ocrx_word' id='word_1_878' title='bbox 2496 5325 2694 5397; x_wconf 90' lang='lat' dir='ltr'><strong>ipsum</strong></span> <span class='ocrx_word' id='word_1_879' title='bbox 2724 5343 2883 5382; x_wconf 91' lang='lat' dir='ltr'><strong>nunc</strong></span> <span class='ocrx_word' id='word_1_880' title='bbox 2901 5326 3070 5398; x_wconf 88' lang='lat' dir='ltr'><strong>ponit</strong></span> <span class='ocrx_word' id='word_1_881' title='bbox 3100 5326 3175 5383; x_wconf 91' lang='lat' dir='ltr'><strong>ob</strong></span> <span class='ocrx_word' id='word_1_882' title='bbox 3198 5328 3425 5395; x_wconf 88' lang='lat' dir='ltr'><strong>oculos,</strong></span> <span class='ocrx_word' id='word_1_883' title='bbox 3450 5329 3785 5387; x_wconf 89' lang='lat' dir='ltr'><strong>auditorem</strong></span> 
     </span>
    </p>
   </div>
   <div class='ocr_carea' id='block_1_119' title="bbox 2118 5413 3790 5488">
    <p class='ocr_par' dir='ltr' id='par_1_119' title="bbox 2118 5413 3790 5488">
     <span class='ocr_line' id='line_1_119' title="bbox 2118 5413 3790 5488; baseline 0.002 -19"><span class='ocrx_word' id='word_1_884' title='bbox 2118 5413 2421 5470; x_wconf 86' lang='lat' dir='ltr'><strong>territans.</strong></span> <span class='ocrx_word' id='word_1_885' title='bbox 2474 5414 2686 5470; x_wconf 89' lang='lat' dir='ltr'><strong>Dicens</strong></span> <span class='ocrx_word' id='word_1_886' title='bbox 2716 5421 2938 5480; x_wconf 90' lang='lat' dir='ltr'><strong>autem,</strong></span> <span class='ocrx_word' id='word_1_887' title='bbox 2973 5439 3001 5465; x_wconf 90' lang='grc'><strong>‹‹</strong></span> <span class='ocrx_word' id='word_1_888' title='bbox 3038 5416 3453 5488; x_wconf 84' lang='lat' dir='ltr'><strong>Ambulemus,</strong></span> <span class='ocrx_word' id='word_1_889' title='bbox 3489 5442 3516 5470; x_wconf 81' lang='lat'><strong>»</strong></span> <span class='ocrx_word' id='word_1_890' title='bbox 3560 5433 3790 5474; x_wconf 89' lang='lat' dir='ltr'><strong>sermo-</strong></span> 
     </span>
    </p>
   </div>
   <div class='ocr_carea' id='block_1_120' title="bbox 2121 5501 3793 5577">
    <p class='ocr_par' dir='ltr' id='par_1_120' title="bbox 2121 5501 3793 5577">
     <span class='ocr_line' id='line_1_120' title="bbox 2121 5501 3793 5577; baseline 0.002 -21"><span class='ocrx_word' id='word_1_891' title='bbox 2121 5518 2261 5558; x_wconf 89' lang='lat' dir='ltr'><strong>nem</strong></span> <span class='ocrx_word' id='word_1_892' title='bbox 2283 5501 2506 5557; x_wconf 86' lang='lat' dir='ltr'><strong>invidia</strong></span> <span class='ocrx_word' id='word_1_893' title='bbox 2525 5520 2728 5559; x_wconf 85' lang='lat' dir='ltr'><strong>carere</strong></span> <span class='ocrx_word' id='word_1_894' title='bbox 2745 5504 2906 5573; x_wconf 81' lang='lat' dir='ltr'><strong>facit,</strong></span> <span class='ocrx_word' id='word_1_895' title='bbox 2932 5504 3197 5577; x_wconf 91' lang='lat' dir='ltr'><strong>seipsum</strong></span> <span class='ocrx_word' id='word_1_896' title='bbox 3218 5508 3396 5564; x_wconf 90' lang='lat' dir='ltr'><strong>etiam</strong></span> <span class='ocrx_word' id='word_1_897' title='bbox 3421 5507 3793 5564; x_wconf 85' lang='lat' dir='ltr'><strong>immiscens.</strong></span> 
     </span>
    </p>
   </div>
   <div class='ocr_carea' id='block_1_121' title="bbox 2123 5592 3793 5660">
    <p class='ocr_par' dir='ltr' id='par_1_121' title="bbox 2123 5592 3793 5660">
     <span class='ocr_line' id='line_1_121' title="bbox 2123 5592 3793 5660; baseline -0.001 -15"><span class='ocrx_word' id='word_1_898' title='bbox 2123 5610 2157 5644; x_wconf 83' lang='lat'><strong><em>«</em></strong></span> <span class='ocrx_word' id='word_1_899' title='bbox 2186 5592 2315 5647; x_wconf 87' lang='lat' dir='ltr'><strong>Non</strong></span> <span class='ocrx_word' id='word_1_900' title='bbox 2337 5593 2878 5649; x_wconf 86' lang='lat' dir='ltr'><strong>comessationibus</strong></span> <span class='ocrx_word' id='word_1_901' title='bbox 2910 5598 2969 5650; x_wconf 92' lang='lat' dir='ltr'><strong>et</strong></span> <span class='ocrx_word' id='word_1_902' title='bbox 2999 5593 3408 5652; x_wconf 87' lang='lat' dir='ltr'><strong>ebrietatibus.</strong></span> <span class='ocrx_word' id='word_1_903' title='bbox 3441 5619 3470 5647; x_wconf 84' lang='lat'><em>»</em></span> <span class='ocrx_word' id='word_1_904' title='bbox 3500 5598 3625 5651; x_wconf 90' lang='lat' dir='ltr'><strong>Non</strong></span> <span class='ocrx_word' id='word_1_905' title='bbox 3656 5606 3793 5660; x_wconf 86' lang='lat' dir='ltr'><strong>pro-</strong></span> 
     </span>
    </p>
   </div>
   <div class='ocr_carea' id='block_1_122' title="bbox 2127 5676 3798 5758">
    <p class='ocr_par' dir='ltr' id='par_1_122' title="bbox 2127 5676 3798 5758">
     <span class='ocr_line' id='line_1_122' title="bbox 2127 5676 3798 5758; baseline -0.005 -22"><span class='ocrx_word' id='word_1_906' title='bbox 2127 5680 2292 5737; x_wconf 89' lang='lat' dir='ltr'><strong>hibet</strong></span> <span class='ocrx_word' id='word_1_907' title='bbox 2311 5679 2540 5748; x_wconf 86' lang='lat' dir='ltr'><strong>bibere,</strong></span> <span class='ocrx_word' id='word_1_908' title='bbox 2564 5681 2668 5738; x_wconf 88' lang='lat' dir='ltr'><strong>sed</strong></span> <span class='ocrx_word' id='word_1_909' title='bbox 2697 5681 2980 5739; x_wconf 88' lang='lat' dir='ltr'><strong>inebriari</strong></span> <span class='ocrx_word' id='word_1_910' title='bbox 3008 5701 3023 5751; x_wconf 91' lang='lat'><strong>;</strong></span> <span class='ocrx_word' id='word_1_911' title='bbox 3052 5682 3231 5758; x_wconf 80' lang='grc' dir='ltr'>κῶρος</span> <span class='ocrx_word' id='word_1_912' title='bbox 3254 5688 3456 5740; x_wconf 85' lang='lat' dir='ltr'><strong>autem</strong></span> <span class='ocrx_word' id='word_1_913' title='bbox 3478 5676 3798 5738; x_wconf 67' lang='lat' dir='ltr'><strong>cantilena</strong></span> 
     </span>
    </p>
   </div>
   <div class='ocr_carea' id='block_1_123' title="bbox 3430 5802 3505 5860">
    <p class='ocr_par' dir='ltr' id='par_1_123' title="bbox 3430 5802 3505 5860">
     <span class='ocr_line' id='line_1_123' title="bbox 3430 5802 3505 5860; baseline 0 0"><span class='ocrx_word' id='word_1_914' title='bbox 3430 5802 3505 5860; x_wconf 88' lang='grc'>19</span> 
     </span>
    </p>
   </div>
  </div>
