4122 6392
353 280 466 340 381

1476 275 1721 338 (ΕΟοΜ
1735 274 1827 333 EN
1835 274 1858 334 Ι
1900 271 2212 333 'l‘RlCCAS
2257 274 2630 337 EPISCOPI.

3654 278 3784 337 588

358 413 639 471 dicuntur
670 426 802 481 quas
833 409 991 465 inter
1009 408 1399 469 vinolentiam
1429 414 1490 463 et
1504 407 1893 480 petulantiam
1921 421 2005 460 re-

2131 403 2208 463 Ού
2266 412 2366 476 τὴν
2430 410 2575 485 μῖξιν
2624 408 2851 482 ἀναιρεῖ,
2909 406 3055 463 ἀλλᾶ
3104 409 3205 479 τὴν
3264 408 3538 483 πορνείαν.
3586 430 3614 458 ‹‹
3677 409 3779 479 Μὴ

353 501 646 560 teruntur.
682 498 746 554 Id
769 502 969 555 autem
1000 497 1183 553 etiam
1218 495 1474 570 παροινία
1497 497 1853 569 appellatur.
1886 518 1913 545 «ι
1947 497 2012 549 Et

352 588 726 647 libidinibus.
763 609 792 637 ι)
833 588 960 642 Non
1004 603 1245 645 omnem
1279 587 1438 643 tollit
1464 586 1870 650 concubitum,
1906 584 2009 639 sed

350 684 641 750 stuprum.
666 698 689 730 ι
714 678 844 732 Non
861 677 1247 732 contentione
1279 683 1340 731 et
1369 676 1771 732 aemulatione.
1809 696 1836 724 »
1856 675 2010 729 Con-

349 768 615 825 tentione
628 764 858 823 dicitde
872 767 979 829 ira,
997 766 1379 822 mmulatione
1402 782 1537 821 vero
1549 764 1623 819 de
1639 764 1877 819 invidia.
1901 762 2012 818 Sed

345 855 668 913 induimini
693 854 1013 911 Dominum
1035 855 1235 910 Jesum
1260 853 1580 909 Christum.
1616 874 1644 902 ››
1659 853 1805 908 Nam
1828 850 1931 922 qui
1949 849 2014 904 ii-

2120 490 2282 569 ἔριδι.
2316 519 2343 547 υ
2373 529 2443 539 -
2477 520 2505 550 ‹‹
2534 494 2714 571 Ἐριδι
2746 520 2768 549 ι
2802 498 2925 572 περί
2952 499 3127 569 θυμοῦ
3170 495 3339 571 λέγει’
3376 521 3403 547 ι(
3439 494 3595 569 ζήλῳ
3628 519 3655 548 ιι
3690 494 3775 563 δὶ,

2119 585 2244 659 περὶ
2279 585 2595 660 βασκανίας.
2629 612 2657 639 ‹‹
2692 584 2851 642 Ἀλλ’
2899 584 3187 650 ἐνδύσασθε
3212 587 3302 640 τὸν
3337 585 3532 660 Κύριον
3563 587 3784 656 Ἰησοῦν

2120 674 2385 748 Χριστόν.
2437 698 2466 728 ››
2533 676 2595 731 ⁸0
2646 675 2749 751 γὰρ
2819 673 2977 730 αὐτὸν
3033 672 3408 748 ἐνδεδυμένος,
3442 674 3558 730 ἔχει
3642 677 3782 729 καθ-

2123 761 2257 818 ὀλου
2288 766 2387 834 τήν
2418 764 2638 840 ἀρετήν.
2697 769 2819 825 Πῶς
2860 762 2917 819 δὲ
2972 763 3132 819 αὐτὸν
3182 761 3466 833 ἐνδυτέονς
3503 762 3568 820 Ei
3598 764 3784 819 πάντα

2122 855 2258 925 ἡμῖν
2286 852 2451 916 αὐτὸς
2482 852 2590 924 εἴη,
2624 847 2822 909 ἔσωθεν
2870 854 2961 908 καὶ
3016 852 3209 926 ’ἔξωθεν
3279 852 3331 907 ἐν
3395 855 3533 929 ἡμῖν
3596 854 3787 933 φαινό-

348 948 474 1004 ium
489 945 706 1013 induit,
719 945 988 1015 undique
1006 945 1279 1000 virtutem
1295 943 1492 999 habet.
1508 943 1812 1009 Quomodo
1829 948 2005 998 autem

2125 961 2306 1015 μενος.
2340 943 2420 999 Τὸ
2451 940 2509 997 δὶ
2542 939 2683 1015 μηδέ
2736 962 2869 998 ποτε
2907 942 3072 997 αὐτοῦ
3129 940 3539 1013 ἀπολείπεσθαι,
3573 938 3789 1015 ἔνδυμα

349 1037 478 1108 ipse
508 1034 851 1092 induendus
873 1039 962 1089 est
980 1033 1009 1089 ‘P
1028 1034 1086 1089 Si
1108 1033 1282 1090 nobis
1312 1033 1515 1090 omnia
1546 1033 1644 1103 sit,
1676 1032 1929 1091 interius
1952 1037 2005 1088 et

2118 1031 2298 1089 καλεῖ.
2335 1055 2363 1083 κ
2399 1030 2496 1086 Καὶ
2526 1038 2627 1101 τῆς
2659 1030 2857 1108 σαρκὸς
2893 1031 3175 1107 πρόνοιαν.
3210 1054 3238 1082 ››
3280 1030 3464 1088 Εἰπὼν
3523 1031 3599 1106 μὴ
3663 1028 3788 1087 δεῖν

350 1124 613 1183 exterius
638 1139 931 1197 apparens
961 1123 1024 1178 in
1047 1123 1236 1182 nobis.
1263 1125 1441 1181 Vocat
1470 1127 1667 1178 autem
1701 1122 2005 1177 indumen-

2119 1125 2373 1193 προνοεῖν
2428 1126 2526 1191 τῆς
2584 1121 2805 1197 σαρκὸς,
2872 1120 3086 1197 ἐπάγει,
3146 1144 3174 1172 α
3232 1120 3329 1183 Είς
3386 1120 3700 1194 ἐπιθυμίας,
3757 1144 3789 1172 ››

353 1221 501 1283 tum,
533 1229 836 1286 nunquam
855 1213 927 1269 ab
949 1228 1018 1269 eo
1053 1213 1327 1269 deiicere.
1355 1234 1382 1262 (ι
1408 1216 1476 1266 Et
1504 1212 1702 1268 carnis
1734 1228 1958 1267 curam.
1981 1234 2003 1264 ι

2117 1208 2206 1263 ’ίνα
2240 1209 2317 1281 μή
2347 1209 2587 1284 νομίσῃς
2616 1210 2701 1265 ’ὁτι
2734 1207 2863 1265 οὐδὶ
2918 1208 2970 1264 ἐν
3002 1214 3118 1271 τοῖς
3164 1208 3476 1285 ἀναγκαίοις
3518 1206 3602 1264 δεῖ
3630 1212 3793 1283 ἡμᾶς

350 1305 498 1361 881
553 1304 766 1359 Dicens
816 1319 936 1358 non
980 1308 1255 1375 oportere
1300 1318 1543 1358 carnem
1576 1316 1787 1358 curare
1834 1301 1925 1355 vel
1956 1302 2005 1356 ei

2120 1300 2466 1374 προνοεῖσθαι
2497 1305 2597 1367 τῆς
2650 1299 2873 1374 σαρκὸς,
2906 1301 3024 1353 οἷον
3063 1298 3120 1355 ὲν
3155 1298 3354 1375 βρώσει
3407 1296 3443 1369 ἤ
3494 1295 3789 1376 ἐνδύματι.

350 1393 680 1466 providere,
696 1392 995 1465 adjunxit:
1021 1414 1051 1443 α
1077 1391 1166 1447 Ad
1197 1390 1713 1464 concupiscentiae
1737 1407 1752 1458 ;
1776 1412 1803 1439 ››
1825 1406 1901 1445 ne
1923 1406 2005 1445 ar-

2121 1387 2458 1462 υρονοητιον
2497 1392 2794 1467 τοιγαροῦν
2833 1387 3002 1457 αὐτῆς
3033 1388 3171 1464 πρὸς
3203 1385 3497 1462 διαμονήν,
3540 1388 3603 1444 οὗ
3644 1390 3793 1465 πρὸς

350 1481 588 1540 bitreris
617 1482 779 1554 quod
798 1497 911 1541 nec
932 1481 993 1537 in
1016 1481 1375 1541 necessariis
1404 1485 1675 1553 oporteat
1704 1496 1817 1535 nos
1844 1481 2009 1537 carni
2123 1474 2433 1552 ἀσελγείας.

351 1573 838 1646 providere,puta
865 1572 926 1627 in
976 1571 1109 1627 cibo
1137 1588 1205 1627 ac
1245 1571 1606 1629 indumento
1641 1570 2099 1627 .Providendum
2132 1576 2223 1626 est
2249 1571 2430 1641 igitur
2458 1570 2545 1625 illi
2571 1569 2648 1625 ad
2686 1572 3183 1643 permanentiam,
3216 1588 3338 1627 non
3369 1571 3443 1627 ad
3472 1571 3790 1630 libidines.

426 1662 576 1724 XIV.
616 1663 745 1721 i-e.
781 1684 808 1712 ‹‹
838 1661 983 1717 Eum
1016 1667 1214 1717 autem
1239 1661 1341 1733 qui
1371 1662 1647 1717 inﬁmus
1678 1665 1767 1715 est
1790 1659 1904 1715 ﬁde
1925 1676 2005 1715 as-

2205 1658 2314 1714 Τὸν
2383 1652 2441 1712 δὲ
2540 1656 2867 1714 ἀσθενοῦντα
2965 1662 3034 1734 τῇ
3110 1660 3289 1715 πίστει
3363 1655 3791 1735 προσλαμϐάνε-

353 1772 380 1805 a
416 1751 658 1819 sumite,
691 1766 811 1805 non
860 1751 935 1806 ad
995 1748 1458 1822 dijudicationes
1497 1748 2005 1820 disceptationum.

2130 1750 2243 1814 σθε,
2322 1747 2399 1820 μή
2477 1746 2553 1809 είς
2630 1746 2927 1824 διακρίσεις
3003 1747 3315 1823 λογισμῶν.
3366 1751 3463 1812 Ὃς
3524 1751 3620 1823 μὶν
3693 1771 3798 1806 πι-

350 1860 381 1890 ei
416 1837 584 1894 Alius
615 1837 861 1909 quidem
893 1837 1081 1897 credit
1103 1836 1326 1909 qumvis
1349 1835 1777 1894 edenda:alius
1790 1841 2013 1904 autem,

350 1949 380 1979 α
418 1927 520 1998 qui
546 1926 824 1983 inﬁrmus
849 1926 1132 1994 est,olera
1160 1926 1706 1994 edit.Quiedit,non
1739 1924 2017 1981 edentem

364 2038 384 2065 ι
426 2033 502 2073 ne
532 2015 822 2088 despiciat
852 2033 865 2083 ;
900 2021 959 2073 ct
988 2015 1091 2086 qui
1121 2031 1242 2071 non
1292 2015 1434 2083 edit,
1468 2015 1742 2071 edentem
1774 2031 1894 2070 non
1917 2014 2021 2086 ju-

361 2126 388 2157 ‹‹
416 2104 608 2171 dicet;
643 2106 796 2161 Deus
826 2103 987 2160 enim
1016 2104 1185 2163 illum
1212 2105 1642 2177 assumpsit.’l‘u
1678 2105 1809 2176 quis
1830 2120 1894 2159 es
1916 2103 2018 2175 qui

363 2216 391 2243 «
414 2194 652 2266 judicas
682 2194 947 2250 alienum
978 2193 1270 2250 famulum
1292 2193 1320 2249 ‘2
1348 2194 1597 2266 Proprio
1627 2194 1879 2249 Domino
1901 2197 2021 2250 stat

361 2307 383 2333 ι
415 2288 518 2342 aut
539 2283 716 2340 cadit.
739 2284 1044 2339 Statuetur
1068 2289 1268 2340 autem
1294 2301 1308 2352 ς
1334 2298 1473 2339 nam
1505 2288 1718 2356 potens
1749 2287 1840 2338 est
1861 2283 2018 2339 Deus

356 2395 385 2423 «ι
420 2377 682 2430 statuere
710 2372 902 2433 illum.
930 2393 959 2424 ιδ

428 2461 710 2521 Nonnulli
745 2462 845 2533 qui
876 2478 948 2517 ex
975 2461 1194 2518 Judmis
1224 2461 1619 2530 crediderant,
1678 2462 1792 2535 legi
1822 2462 2017 2518 adhuc

359 2551 978 2619 adhmrentes,multas
990 2567 1159 2609 escas
1179 2552 1882 2620 nbominabantur,veluti
1896 2569 2020 2608 car-

358 2658 465 2699 nes
488 2641 765 2714 poreinas
790 2657 803 2697 :
831 2647 993 2707 et,ne
1015 2641 1315 2698 manifesti
1338 2642 1575 2710 ﬁerent,
1607 2641 1735 2698 sola
1760 2642 2019 2699 edebant

351 2730 540 2797 olera,
562 2736 629 2787 ut
658 2731 1076 2803 temperantia
1103 2731 1408 2789 videretur
1433 2747 1564 2787 esse
1595 2730 1926 2787 observatio
1957 2736 2019 2787 et

352 2836 475 2875 non
507 2820 665 2890 quod
696 2820 1400 2875 abominarenturErant
1430 2825 1629 2875 autem
1663 2825 1722 2875 ot
1749 2820 1852 2875 alii
1875 2820 2015 2876 ﬁde-

349 2907 439 2964 les
470 2926 540 2967 ex
567 2907 807 2976 Judais,
841 2908 946 2979 qui
992 2924 1126 2965 cum
1167 2908 1422 2964 ﬁrmiter
1477 2907 1897 2974 credidissent,
1929 2909 2011 2964 ci-

349 2997 458 3057 bos
490 3015 612 3055 non
641 2997 1056 3055 observabant.
1091 2997 1181 3053 Ad
1218 2997 1326 3054 hos
1356 2997 1539 3072 igitur
1568 2998 1834 3054 sinceros
1866 2998 2011 3055 tide-

2129 1836 2304 1891 στεύει
2381 1841 2566 1913 φαγεῖν
2641 1838 2838 1906 πάντα,
2942 1838 2970 1892 ὁ
3073 1838 3130 1893 δὶ
3226 1840 3456 1894 ἀσθενῶν
3570 1838 3798 1919 λάχανα

2129 1926 2313 1985 ἐσθίει.
2383 1926 2446 1983 Ὀ
2518 1925 2712 1982 ἐσθίων
2797 1929 2894 1983 τὸν
2982 1930 3057 2002 μή
3120 1928 3366 1984 ἐσθίοντα
3424 1933 3499 2004 μή
3578 1929 3796 2004 ἐξουθε-

2126 2015 2311 2085 νείτω,
2388 2015 2475 2070 καὶ
2545 2017 2574 2071 ὁ
2644 2017 2722 2089 μὴ
2780 2015 2997 2086 ἐσθίων,
3056 2018 3150 2073 τὸν
3213 2018 3460 2084 ἐσθίοντα
3515 2021 3591 2092 μή
3652 2040 3793 2095 κρι-

2125 2104 2282 2162 νέτω.
2315 2105 2378 2161 Ὀ
2417 2104 2548 2167 Θεὸς
2579 2106 2686 2182 γάρ
2715 2106 2878 2163 αὑτὸν
2936 2103 3329 2182 προσελάϐετο.
3374 2110 3449 2164 Σὺ
3501 2109 3584 2171 τίς
3651 2112 3705 2165 εἴ
3760 2111 3793 2166 ὁ

2125 2196 2327 2272 κρίνων
2367 2193 2663 2271 ἀλλότριον
2698 2195 2914 2267 οἰκέτην
2950 2215 2963 2265 ;
2993 2200 3075 2269 τῷ
3108 2195 3230 2270 ἰδίῳ
3288 2198 3474 2273 Κυρίῳ
3513 2201 3697 2270 στήκει
3748 2199 3790 2270 ἢ

2127 2286 2334 2346 πίπτει,
2390 2287 2722 2356 Σταθήσεται
2779 2282 2855 2343 δέ.
2918 2286 3150 2349 Δυνατὸς
3205 2288 3309 2363 γάρ
3366 2286 3508 2344 ἔστιν
3564 2289 3594 2343 ὁ
3648 2291 3789 2354 Θεὸς

2127 2382 2321 2446 στῆσαι
2351 2374 2531 2431 αὐτόν.

2198 2467 2371 2523 Ἦσαν
2402 2460 2461 2519 δέ
2487 2484 2628 2527 τινες
2678 2462 2728 2533 ἐξ
2790 2460 3068 2520 Ἰουδαίων
3126 2465 3527 2538 πιστεύσαντες,
3588 2466 3794 2534 οἵτινες

2126 2547 2205 2609 ἔτι
2236 2558 2334 2608 τοῦ
2364 2554 2540 2621 νόμου
2577 2551 2864 2627 ἐχόμενοι,
2895 2551 3085 2609 πολλᾶ
3139 2558 3248 2610 τῶν
3285 2557 3598 2631 βρωμάτων
3636 2554 3799 2615 ἐϐδε-

2129 2639 2414 2712 λύσσοντο,
2456 2643 2576 2697 οἷον
2611 2641 2802 2716 χοίρια
2828 2642 2980 2719 κρέα.
3026 2644 3131 2700 Καὶ
3171 2641 3261 2699 διὰ
3297 2646 3362 2699 τὸ
3407 2646 3483 2719 μὴ
3542 2646 3798 2723 γίνεσθαι

2128 2728 2316 2800 δῆλοι,
2376 2728 2594 2805 λάχανα
2649 2731 2838 2799 ἤσθιον
2893 2731 3048 2805 μόνα,
3112 2730 3203 2788 ’ἱνα
3261 2731 3390 2810 δόξῃ
3446 2734 3794 2812 ἐγκρατείας,

2128 2819 2274 2876 ἀλλά
2310 2820 2385 2892 μὴ
2423 2817 2740 2894 βδελυγμοῦ
2773 2821 2910 2875 εἶναι
2972 2824 3007 2890 ἡ
3053 2825 3459 2899 παρατήρησις.
3494 2828 3663 2883 Ἦσαν
3726 2827 3799 2885 δὲ

2126 2910 2215 2963 καὶ
2245 2906 2410 2964 ἃλλοι
2451 2907 2557 2963 ἀπὸ
2617 2906 2895 2967 Ἰουδαίων
2958 2912 3166 2981 πιστοὶ,
3227 2910 3279 2971 ο’ί
3333 2910 3561 2989 ἑδραίως
3619 2936 3793 2973 πεπι-

2129 2998 2432 3068 στευκότες,
2465 2996 2527 3051 οὐ
2557 3001 2962 3074 παρετηροῦντο
2993 2999 3061 3054 τὰ
3094 3000 3381 3077 βρώματα.
3441 3003 3583 3079 Πρὸς
3649 3007 3791 3061 τού-

349 3086 440 3143 les
464 3103 804 3145 sermonem
835 3086 1120 3161 dirigens,
1151 3087 1503 3161 perstringit
1556 3104 1660 3143 eos
1711 3088 1813 3158 qui
1844 3087 2005 3143 cibos

2126 3106 2254 3151 τους
2306 3090 2592 3164 τοιγαροῦν
2648 3084 2966 3163 εἰλικρινεῖς
3016 3089 3242 3153 πιστοὺς
3303 3090 3601 3148 ἀποτείνων
3688 3095 3794 3151 τὸν

351 3177 871 3246 abominabantur,
903 3178 1174 3235 inﬁrmos
1204 3179 1319 3235 ﬁde
1350 3178 1679 3252 appellans.
1714 3178 1859 3235 Vide
1904 3194 2011 3234 au-

354 3273 474 3323 tem
502 3268 654 3324 mihi
673 3268 1054 3339 prudentiam
1068 3272 1129 3324 et
1148 3268 1474 3324 efﬁcaciam
1493 3284 1561 3324 ac
1578 3268 2009 3341 providentiam

352 3356 542 3423 Pauli,
574 3357 835 3430 benigne
864 3358 1113 3430 corripit
1139 3373 1276 3413 eum
1311 3359 1410 3429 qui
1444 3358 1825 3414 discernebat
1854 3359 2013 3414 inter

350 3445 555 3503 cibos:
590 3446 732 3503 hinc
762 3446 1027 3518 quidem,
1078 3463 1154 3502 ne
1185 3446 1234 3502 si
1293 3448 1482 3502 solam
1514 3446 1789 3502 intendat
1812 3447 2009 3518 objur-

349 3537 673 3609 gationem,
704 3536 1144 3592 resiliat:illinc
1175 3554 1312 3592 vero
1332 3555 1406 3593 ne
1445 3538 1595 3593 bene
1618 3554 1789 3611 agere
1807 3537 2007 3594 videa-

353 3632 473 3695 tur,
502 3626 552 3682 si
586 3631 826 3687 maneat
854 3642 976 3682 non
1008 3632 1338 3699 correptus.
1372 3627 1510 3683 Ideo
1557 3628 1641 3683 ait
1673 3629 2006 3683 :Assumite

351 3732 513 3783 eum,
539 3716 681 3788 quia
701 3717 977 3775 inﬁrmus
1007 3722 1116 3773 est.
1166 3718 1250 3772 Ne
1285 3717 1527 3790 judices
1558 3734 1694 3773 eum
1720 3733 1734 3773 :
1765 3733 1949 3789 quare
1980 3715 2009 3772 ι

347 3807 476 3861 Non
507 3806 668 3878 quod
693 3804 849 3862 male
879 3822 1001 3865 non
1030 3812 1200 3880 agat:
1235 3807 1339 3862 sed
1369 3807 1528 3879 quod
1575 3806 1762 3863 alium
1788 3806 2006 3863 habeat

351 3895 670 3957 Dominum
725 3895 826 3968 qui
886 3896 1084 3968 ipsum
1159 3895 1409 3967 judicet.
1456 3897 1571 3951 Per
1625 3897 1737 3951 hoc
1820 3896 2001 3952 etiam

348 4000 486 4042 eum
517 3984 902 4055 consolando,
953 3990 1022 4041 ut
1078 3985 1358 4053 diximus,
1410 3985 1484 4039 de
1533 4002 1654 4042 non
1713 3986 2000 4043 condem-

345 4073 548 4130 nando
568 4075 877 4145 proximo:
906 4090 1265 4146 rursumque
1295 4074 1444 4130 dans
1476 4074 1809 4148 intelligere
1840 4075 1999 4147 quod

344 4161 456 4218 etsi
487 4161 586 4216 hic
609 4161 782 4217 illum
812 4177 930 4217 non
955 4162 1205 4235 judioet,
1232 4162 1461 4235 judicio
1483 4166 1683 4218 tamen
1707 4162 1999 4218 obnoxius

343 4250 512 4306 estis
542 4249 646 4321 qui
676 4249 843 4306 cibos
907 4251 1197 4306 observat.
1260 4250 1698 4321 Propemodum
1740 4251 1945 4307 dicens
1983 4269 1999 4309 :

339 4341 691 4410 Quanquam
708 4338 889 4395 etiam
919 4339 1018 4398 hic
1047 4345 1105 4394 te
1134 4356 1255 4395 non
1278 4340 1530 4412 judicet,
1563 4341 1882 4396 Dominum
1916 4346 2002 4399 ta-

2124 3173 2311 3251 λόγον,
2343 3179 2449 3231 τῶν
2489 3176 2557 3231 τὰ
2616 3176 2883 3251 βρώματα
2945 3173 3392 3257 βδελυττομένων
3422 3182 3789 3257 καθάπτεται,

2119 3261 2474 3328 ἀσθενοῦντας
2527 3262 2713 3320 καλῶν
2770 3268 2838 3342 τῇ
2906 3264 3107 3325 πίστει.
3163 3300 3228 3310 -—
3272 3271 3478 3344 [ΦΩΤ.]
3526 3272 3664 3348 Ὃρα
3721 3271 3789 3330 δέ

2124 3375 2219 3428 μοι
2249 3354 2310 3408 τὸ
2337 3354 2555 3409 συνετὸν
2586 3352 2677 3409 καὶ
2710 3351 3065 3432 δραστήριον,
3122 3356 3210 3411 καὶ
3249 3360 3618 3434 προνοητικὸν
3676 3367 3784 3423 τοῦ

2119 3442 2361 3499 Παύλου.
2419 3443 2799 3516 Δεξιούμενος,
2830 3441 3157 3516 ἐπιπλήττει
3215 3447 3307 3503 τὸν
3372 3454 3491 3513 τοῖς
3522 3448 3785 3531 βρώμασι

2119 3530 2557 3610 διακρινόμενον,
2593 3533 2657 3587 τὸ
2718 3533 2834 3605 μὲν,
2888 3531 2982 3590 ’ίνα
3040 3537 3114 3609 μὴ
3178 3536 3557 3616 ἀποσκιρτήσῃ
3607 3542 3780 3619 ἀκρά-

2114 3642 2213 3676 του
2234 3625 2331 3675 τοῦ
2388 3618 2629 3696 ἐλέγχου
2685 3622 3141 3697 προτεινομένου,
3170 3625 3233 3679 τὸ
3291 3623 3370 3696 δὲ,
3397 3625 3489 3684 ’ίνα
3525 3630 3604 3706 μή
3642 3618 3783 3707 δόξῃ

2114 3710 2283 3769 καλὸν
2312 3715 2489 3767 ποιεῖν
2558 3710 2960 3785 ἀνεπιτίμητος
2996 3713 3195 3786 μένων.
3238 3717 3355 3791 Διὸ,
3411 3716 3791 3794 Προσλαμόἀ-

2112 3803 2263 3857 νεσθε
2285 3800 2465 3869 αὐτὸν,
2526 3800 2714 3879 φησὶν,
2776 3804 2860 3859 ὅτι
2918 3801 3145 3874 ἀσθενής
3212 3804 3372 3865 ἐστιν.
3418 3810 3509 3878 Μὴ
3580 3810 3787 3885 κρίνῃς

2113 3891 2297 3960 αὐτὸν,
2330 3890 2484 3969 φησί.
2519 3891 2669 3951 Διατί
2704 3910 2718 3959 ;
2751 3890 2874 3969 Ούχ
2905 3891 2989 3949 ὅτι
3019 3892 3080 3947 οὗ
3124 3901 3276 3951 ποιεῖ’
3304 3896 3488 3967 κακὸν,
3523 3896 3652 3954 ἀλλ’
3686 3900 3778 3956 ὅτι

2114 3913 2297 3960 αυτον,
2372 3913 2484 3961 ησι.
2519 3913 2669 3951 Διατι
2704 3913 2718 3959 ;
2751 3913 2874 3969 υυχ
2905 3913 2989 3949 οτι
3019 3914 3080 3947 ου
3124 3916 3265 3951 ποιε-
3304 3913 3488 3967 κακον,
3523 3913 3650 3954 ἀλλ’
3686 3913 3778 3956 δτι

2114 3981 2314 4061 Κύριον
2330 3913 2462 4055 Exn
2492 3978 2689 4051 ἄλλον,
2741 3980 2836 4036 τὸν
2897 3981 3148 4058 κρίνοντα
3204 3984 3381 4054 αὐτὸν,
3437 3983 3617 4058 τούτῳ
3676 3992 3780 4047 καί

2105 4069 2310 4127 ἐκεῖνον
2344 4071 2857 4147 παραμυθούμενος,
2890 4071 2965 4136 ὡς
3004 4070 3225 4153 ἔφημεν,
3265 4071 3351 4131 ἒ.πί
3408 4077 3485 4145 τῷ
3545 4072 3623 4148 μή
3676 4096 3773 4129 κα-

2110 4157 2452 4237 τακρίνεσθαι
2487 4158 2591 4214 ὑπὸ
2621 4163 2718 4217 τοῦ
2775 4156 3035 4231 πλησίον,
3077 4162 3164 4216 καὶ
3218 4156 3399 4224 διδοὺς
3458 4158 3620 4218 πᾶλιν
3682 4160 3768 4218 ὲν-

2109 4252 2277 4316 νοεῖν,
2309 4245 2391 4302 ὅτι
2422 4246 2519 4301 κᾶν
2548 4247 2710 4309 οὗτος
2740 4246 2901 4303 αὐτὸν
2962 4250 3025 4305 οὐ
3076 4248 3257 4325 κρίνῃ,
3315 4246 3444 4307 ἀλλ’
3503 4250 3596 4307 οὗν
3663 4251 3775 4308 ὑπὸ

2109 4339 2285 4415 κρῖμά
2334 4335 2467 4404 ἐστι,
2528 4336 3008 4413 παρατηρούμενος
3066 4338 3133 4394 τά
3192 4339 3480 4416 βρώματα.
3543 4341 3605 4398 Εἰ
3670 4342 3780 4419 γὰρ

342 4427 690 4527 men'habes
719 4428 821 4499 qui
848 4434 909 4484 te
930 4429 1164 4501 judicet
1197 4445 1211 4483 :
1243 4430 1378 4485 ideo
1411 4436 1467 4486 te
1523 4429 1596 4486 ab
1650 4431 1995 4503 hujusmodi

2117 4426 2199 4481 καὶ
2231 4424 2388 4488 οὗτος
2422 4425 2482 4481 οὐ
2523 4426 2697 4503 κρίνει
2741 4448 2819 4492 σε,
2879 4428 3183 4508 μονονουχὶ
3226 4429 3425 4509 λέγων,
3458 4430 3585 4487 ἀλλ’
3624 4428 3787 4509 ἔχεις

2117 4514 2272 4539 Ινθγν,
2362 4517 2447 4539 A3,
2506 4516 2594 4539 -.-'
2632 4516 2751 4539 A,,,',
2826 4538 2857 4539 κν
2963 4525 2977 4539 Δ
3023 4518 3038 4537 \
3109 4515 3189 4539 βο
3399 4527 3427 4539 ~
3652 4520 3667 4539 I

335 4515 707 4588 parsimonia
757 4532 827 4573 ac
851 4517 1026 4577 sorde
1076 4522 1311 4590 oportet
1361 4518 1680 4577 abstinere.
1719 4521 2000 4577 Prohibet

333 4611 534 4662 autem
564 4622 643 4661 ne
666 4605 742 4662 do
770 4605 919 4662 cibis
950 4606 1105 4662 alius
1134 4606 1318 4663 alium
1340 4607 1575 4679 judicet
1606 4625 1620 4663 :
1652 4625 1726 4664 ne
1756 4610 1994 4666 circaﬁ-

329 4694 427 4759 dei
459 4695 633 4752 initia
660 4694 736 4751 de
765 4695 859 4751 his
887 4696 1322 4753 contendentes
1346 4712 1415 4754 ao
1444 4698 1797 4776 rixantes,in
1828 4699 1956 4771 peri
1974 4730 1993 4741 ο

328 4785 531 4845 ouium
557 4801 630 4841 ex
651 4784 767 4841 hoc
781 4784 1153 4852 venirent,ne
1166 4787 1344 4845 etiam
1361 4788 1520 4843 circa
1532 4788 1799 4845 laetitiam
1812 4788 1992 4844 dissi-

328 4872 577 4931 derent:
608 4874 764 4932 .8)
796 4881 856 4932 et
896 4876 958 4931 in
988 4892 1059 4931 eo
1089 4876 1250 4947 quod
1308 4892 1543 4933 summa
1574 4882 1719 4943 erat,
1771 4894 1991 4949 nempe

331 4962 450 5019 ﬁde
479 4963 543 5019 in
562 4964 886 5034 Christum,
909 4965 1198 5022 damnum
1210 4971 1578 5037 paterentur.
1601 4965 1950 5038 Quidigitur
1965 4968 1994 5021 Ἰ

329 5052 386 5109 Si
409 5068 570 5109 nunc
598 5053 903 5112 videamus
931 5056 1091 5114 circa
1119 5057 1285 5113 cibos
1312 5056 1589 5114 Judaicas
1620 5056 1984 5113 observatio-

329 5157 437 5198 nes
463 5147 819 5211 servantem,
864 5161 1067 5202 annon
1106 5146 1637 5203 condemnabimus
1658 5145 1688 5200 ?
1714 5146 1983 5201 Maxime.

328 5230 633 5296 Quomodo
663 5248 801 5305 ergo
820 5233 950 5289 ait:
985 5260 1003 5285 ι
1046 5235 1129 5290 Ne
1171 5233 1452 5307 judicetis
1494 5238 1561 5287 ut
1605 5249 1725 5287 non
1749 5233 1983 5306 judice.

325 5318 474 5375 mini
500 5317 570 5377 “.
591 5319 620 5375 9
642 5341 670 5370 ››
686 5320 902 5377 Nonde
914 5321 1030 5377 ﬁde
1051 5328 1156 5377 aut
1183 5322 1256 5378 de
1279 5322 1371 5377 his
1392 5337 1526 5391 quas
1556 5320 1631 5376 ad
1651 5320 1830 5377 ﬁdem
1843 5339 1982 5378 con-

325 5408 532 5466 ἤπιοι
575 5416 809 5483 oportet
834 5411 949 5467 hoc
977 5410 1268 5482 accipere.
1320 5409 1524 5465 Absit!
1554 5411 1754 5482 Neque
1784 5412 1858 5468 de
1888 5412 1982 5467 his

398 5583 473 5627 κ’
506 5584 707 5641 Matth.
743 5600 840 5652 vn,
867 5586 919 5639 i.

2114 4514 2311 4590 Κύριον
2358 4517 2450 4571 τὸν
2505 4516 2755 4593 κρίνοντά
2813 4538 2890 4578 σε,
2952 4518 3045 4573 Διὸ
3105 4515 3189 4576 δεῖ
3246 4539 3304 4574 σε
3360 4527 3460 4592 τῆς
3514 4520 3785 4592 τοιαύτης

2106 4603 2440 4684 ἀποσχέσθαι
2502 4604 2925 4683 σμικρολογίας.
2987 4603 3202 4662 Κωλύει
3247 4605 3303 4664 δὲ
3343 4609 3469 4684 περὶ
3541 4611 3787 4688 βρωμά-

2103 4717 2211 4749 των
2252 4692 2453 4769 κρίνειν
2492 4692 2800 4764 ἀλλήλους,
2857 4693 2950 4752 ’ίνα
3008 4698 3087 4769 μὴ
3153 4699 3273 4754 κατ’
3304 4698 3481 4776 ἀρχὰς
3507 4707 3614 4770 τῆς
3671 4700 3778 4757 πί·-

2103 4803 2269 4846 στεως
2302 4781 2427 4857 περῖ
2471 4785 2639 4837 ταῦτα
2697 4780 2964 4861 ἐρίζοντες
3026 4784 3118 4841 καί
3177 4785 3639 4867 φιλονεικοῦντες,
3709 4788 3784 4846 ἐκ

2102 4873 2305 4932 τούτου
2361 4872 2451 4928 καὶ
2522 4872 2598 4935 εἰς
2664 4872 2800 4930 αὐτὰ
2873 4875 2941 4929 τὰ
2996 4874 3183 4951 καίρια
3236 4874 3519 4951 διαστῆναι
3580 4877 3783 4936 κινδυ-

2100 4962 2353 5032 νεύσωσι,
2396 4962 2484 5021 καὶ
2549 4961 2607 5021 τὸ
2661 4961 2983 5037 κεφάλαιον,
3039 4966 3211 5038 αὐτὴν
3248 4967 3347 5037 τήν
3400 4968 3477 5034 εἰς
3536 4970 3777 5045 Χριστὸν

2100 5051 2279 5106 πίστιν
2315 5052 2660 5124 ζημιωθῶσι.
2704 5051 2771 5111 Τί
2804 5052 2895 5108 οὗν
2932 5074 2945 5123 ;
2980 5052 3039 5109 ἄν
3102 5053 3311 5130 ἴδωμεν
3366 5062 3459 5112 νῦν
3521 5058 3644 5137 περὶ
3700 5058 3784 5115 τὰ

2103 5141 2368 5220 βρώματα
2416 5138 2730 5206 Ἰουδαϊκῶς
2790 5147 3304 5225 παρατηρούμενον,
3336 5147 3398 5204 οὐ
3460 5149 3540 5226 μὴ
3598 5168 3784 5207 κατα-

2097 5230 2373 5311 κρίνωμεν
2402 5250 2415 5300 ;
2448 5231 2554 5287 Καὶ
2590 5230 2828 5309 μάλιστά
2852 5255 2931 5312 γε.
2976 5238 3102 5299 Πῶς
3145 5234 3240 5292 οὖν
3272 5258 3430 5315 φησι,
3465 5261 3495 5290 ‹‹
3526 5240 3616 5308 Μὴ
3644 5236 3787 5309 κρί-

2095 5341 2232 5388 νετε,
2258 5320 2348 5376 καὶ
2382 5320 2445 5375 οὐ
2472 5321 2548 5394 μή
2580 5327 2807 5399 κριθῆτε
2842 5342 2855 5393 ;
2891 5348 2919 5376 ››
2952 5323 3030 5382 Ού
3061 5325 3186 5401 περὶ
3218 5332 3322 5396 τῆς
3346 5326 3632 5398 πίστεωςῆ
3653 5331 3782 5383 τῶν

2095 5409 2171 5472 εἰς
2230 5409 2413 5466 πίστιν
2469 5408 2892 5487 συντελούντων,
2963 5418 3127 5473 τοῦτο
3217 5412 3301 5472 δεῖ
3377 5411 3788 5493 ἰκλαμϐἀνειν,
