4122 6390
230 350 352 418 ne

1322 356 1738 425 COMMENT.
1787 354 1862 417 ΙΝ
1910 353 2155 419 EPIST.
2205 363 2309 423 AD
2358 360 2546 432 llOM.

3548 386 3668 451 590

226 491 336 565 (μῆ
370 487 593 566 γίνοιτο
622 494 682 568 i),
718 488 850 550 οὐδὲ
878 494 1002 571 περὶ
1057 499 1166 595 τῷν
1224 491 1448 595 rivatim;
1504 488 1883 595 αιξραττομένω·⁴

2011 492 2113 595 qni
2174 496 2341 595 nullo
2401 500 2663 595 absurda
2743 514 3125 581 perpetrant;
3186 515 3292 571 sed
3358 516 3434 574 de
3516 516 3668 595 ope-

230 577 485 648 ἱιτόπων,
514 579 667 636 ἀλλὰ
694 582 960 658 περὶτῶν
998 583 1136 638 κατὰ
1187 583 1281 640 τὸν
1338 582 1457 659 βίον
1526 575 1718 656 ἔργων,
1779 577 1900 652 περὶ

230 672 347 724 τῶν
379 664 831 743 ὖπονοουμίνων,
869 670 996 746 περὶ
1044 676 1178 743 τῶν,
1225 672 1301 735 ὡς
1346 669 1509 733 αὐτὸς
1557 669 1586 723 ὁ
1631 666 1905 736 Δεσπότης

228 753 368 831 ἕνην
410 759 655 839 κάρφους
694 758 865 836 λόγον
894 758 1160 841 ἐχόντων.
1217 759 1347 834 Περὶ
1396 759 1604 816 τούτων
1655 756 1759 835 γὰρ
1809 754 1900 811 καὶ

228 853 345 903 τῶν
372 847 834 919 τοιούτων,οΰδὶ
872 849 1052 924 στόμα
1112 848 1294 926 διᾶραι
1353 847 1455 919 δεῖ,
1512 845 1604 903 καὶ
1666 843 1903 919 μάλιστα

231 939 327 1001 οἷς
388 937 841 1015 συμπαρατίθησι
899 944 980 1013 τῷ
1029 940 1415 1016 προειρημένῳ
1470 934 1755 1016 κεφαλαίῳ
1808 935 1896 991 καὶ

227 1026 447 1105 ἕτερον.
481 1028 582 1083 Καί
613 1050 802 1109 φησιν,
844 1027 930 1085 ὅτι
987 1028 1047 1084 οὐ
1110 1028 1272 1103 μόνον
1337 1026 1426 1085 ἐπὶ
1480 1030 1578 1082 τοῦ
1630 1040 1898 1100 προειρη-

232 1117 410 1191 μὲνου
450 1116 514 1173 οὖ
573 1114 657 1174 δεῖ
709 1118 1043 1194 κατακρίνειν
1102 1118 1193 1174 καὶ
1250 1117 1542 1192 ἰξουθενεῖν
1596 1114 1689 1172 τὸν
1747 1110 1900 1184 πλη-

230 1208 378 1279 σίον,
412 1206 547 1265 ἀλλ’
579 1206 705 1266 οὐδὲ
733 1207 822 1265 ἆπῖ
848 1215 947 1266 τοῦ
978 1211 1215 1285 ῥηθῆναι
1248 1208 1576 1283 μέλλοντος.
1636 1208 1793 1264 Ἔστι
1842 1202 1899 1261 δὲ

225 1303 401 1355 τοῦτο
432 1303 709 1355 τοιοῦτον
738 1299 808 1358 Ol
841 1299 937 1374 μὲν
975 1296 1186 1375 ἡμέραν
1244 1297 1371 1374 παρ’
1432 1296 1635 1374 ἡμέραν
1684 1295 1896 1366 ἢσθιον,

229 1390 285 1443 οἶ
317 1385 380 1444 δί
411 1390 536 1444 καθ’
568 1391 796 1465 ἡμέραν.
858 1390 1036 1462 Φησῖν
1075 1390 1186 1459 οὗν,
1232 1388 1317 1445 ’ὁτι
1371 1386 1434 1443 οὐ
1490 1385 1574 1443 δεῖ
1628 1384 1754 1445 οὐδὲ
1804 1383 1897 1440 ἐπὶ

228 1478 449 1533 τούτων
487 1476 689 1553 κρίνειν
744 1477 836 1535 καὶ
883 1477 1225 1553 κατακρίνειν
1274 1475 1582 1549 ἀλλήλους*
1633 1470 1759 1531 οὔτε
1800 1475 1893 1529 τὸν

227 1569 508 1627 ἐσθίοντα·
555 1573 804 1643 νηστεύει
860 1573 968 1650 γὰρ
1023 1574 1052 1628 ὁ
1108 1570 1347 1643 πλησίον
1400 1571 1493 1627 καὶ
1550 1570 1894 1648 ἇγαθοποιεῖ,

226 1664 413 1718 ποιῶν
439 1662 573 1718 ante
604 1660 695 1718 διὰ
720 1663 817 1719 τὸν
847 1663 999 1721 Θεὸν·
1031 1660 1157 1720 οὔτε
1193 1660 1362 1718 πάλιν
1417 1663 1511 1718 τὸν
1565 1659 1896 1732 νηστεύοντα

227 1750 315 1807 δεῖ
344 1752 691 1828 κατακρίνειν
717 1752 812 1808 τὸν
845 1754 921 1828 μὴ
977 1752 1303 1822 νηστεύοντα
1365 1751 1493 1827 παρ’
1543 1750 1776 1824 ἡμέραν*
1828 1747 1893 1803 οὗ

226 1843 336 1918 γὰρ
396 1842 731 1915 νομοθεσίας
785 1841 954 1915 ἐστὶν,
1006 1839 1103 1897 ’ἱνα
1157 1844 1193 1911 ἡ
1268 1834 1583 1929 παράϐασις,
1657 1839 1892 1929 προξενῇ
1926 1863 1970 1929 Β

222 1927 617 2005 κρῖμα,ἆλλά
650 1932 823 2004 μόνης
877 1929 1268 2007 προαιρέσεως.
1332 1929 1486 1998 «Μὴ
1545 1927 1621 1991 εἰς
1678 1925 1894 2002 διακρί-

223 2042 339 2084 σεις
375 2018 785 2097 διαλογισμῶν.
821 2044 850 2073 π
883 2022 1003 2079 Μία
1034 2025 1131 2096 μὶν
1170 2020 1288 2078 κατ’
1340 2020 1517 2077 αὐτῶν
1562 2018 1782 2095 πληγὴ,
1828 2019 1892 2074 τὸ

219 2109 426 2178 εἶπεῖν,
506 2109 858 2175 ἀσθενοῦντας
914 2114 985 2185 τῇ
1050 2110 1252 2171 πίστει.
1338 2109 1565 2186 Δευτὲρα
1643 2104 1722 2178 δὲ,
1806 2107 1890 2185 τὸ,

224 2224 255 2252 ιι
286 2194 812 2275 Προσλαμϐἀνεσθε.
868 2223 892 2251 ιι
956 2201 1199 2257 Δείκνυσι
1256 2198 1359 2275 γὰρ
1416 2197 1613 2261 αὐτοὺς
1669 2196 1890 2269 πολλῆς

217 2286 525 2364 δεομένους
578 2287 893 2364 ἒπιμελίας.
952 2291 1150 2366 Τρὶτη,
1205 2307 1294 2358 το,
1352 2313 1380 2341 ι(
1414 2289 1507 2360 Mi;
1560 2286 1639 2350 εἷς
1690 2284 1892 2363 διακρί-

219 2399 331 2442 σεις
391 2376 798 2455 διαλογισμῶν.
852 2403 882 2432 )›
950 2377 1128 2449 Δηλοῖ
1209 2379 1317 2454 γὰρ
1372 2381 1637 2434 τοσοῦτον
1691 2376 1889 2441 αὐτοὺς

218 2469 546 2538 πταίοντας,
605 2469 680 2533 ὡς
733 2468 827 2525 καὶ
892 2468 1020 2532 τούς
1077 2473 1469 2532 κοινωνοῦντας
1544 2469 1733 2529 αὐτοῖς
1787 2473 1888 2539 τῆς

218 2559 416 2641 giliis:
450 2557 844 2638 διακρίνεσθαι,
883 2561 973 2618 καὶ
1034 2562 1390 2637 χωρίζεσθαι.
1443 2584 1472 2613 ι(
1502 2561 1605 2625 ’ος
1653 2561 1746 2635 μὲν
1796 2581 1890 2616 πισ-

219 2651 400 2707 στεύει
424 2655 618 2732 φαγεῖν
651 2652 847 2708 πάντα.
883 2674 912 2703 ››
943 2651 1005 2709 Ὁ
1064 2651 1159 2725 μὶν
1199 2648 1533 2726 εἰλικρινῶς,
1587 2650 1743 2728 φησί,
1793 2670 1887 2706 πι-

219 2741 426 2797 στεύων
490 2741 583 2796 καὶ
646 2738 922 2816 μηδεμίαν
982 2734 1131 2817 ἔχων
1185 2738 1493 2809 Ἰουδαϊκὴν
1563 2741 1889 2814 παρατήρη-

221 2850 327 2903 σιν,
384 2828 565 2886 πάντα
653 2824 1007 2895 ἄϐδελύκτως
1095 2827 1279 2886 ἐσθίει.
1361 2827 1745 2904 Ἀνακηρύττει
1829 2826 1888 2885 δὶ

223 2919 386 2976 αὐτὸν
414 2919 528 2975 ἀπὸ
558 2920 659 2989 τῆς
688 2919 947 2981 πίστεως.
984 2942 1014 2970 ιι
1042 2918 1106 2977 Ὁ
1137 2914 1196 2973 δέ
1226 2944 1252 2970 ν
1282 2938 1367 2996 γε,
1399 2918 1556 2996 φησὶ,
1610 2918 1735 2994 περὶ
1781 2917 1886 2988 τήν

226 3009 404 3065 πίστιν
434 3035 464 3063 ιι
498 3008 763 3080 ἀσθενῶν,
823 3009 1038 3087 λάχανα
1088 3006 1274 3073 ἐσθίει.
1319 3031 1348 3059 ››
1414 3009 1506 3065 Ἐν
1561 3011 1744 3082 ταυτῷ
1794 3007 1884 3065 καὶ

227 3094 505 3174 διελέγχει
564 3094 753 3169 αὐτὸν,
798 3096 886 3152 ’ὁτι
955 3092 1026 3151 δι’
1080 3094 1181 3151 οὐκ
1236 3093 1633 3168 ἐπαινουμένην
1691 3092 1884 3170 ζγκράι

222 3208 364 3243 τειαν
420 3186 597 3243 ἐσθίει
647 3184 718 3241 τὰ
778 3184 1015 3261 λάχανα,
1066 3183 1166 3240 κᾶν
1247 3187 1410 3239 τοῦτο
1495 3183 1885 3261 ὑποκρίνηται1

224 3276 365 3334 ἀλλᾶ
393 3277 538 3333 κατὰ
570 3275 842 3333 ἆσθῦνειαν
889 3276 1142 3339 πίστεως.
1187 3300 1207 3327 ι
1263 3275 1326 3332 Ὁ
1380 3272 1593 3346 ἕσθίων,
1646 3274 1739 3329 τὸν
1802 3277 1878 3349 μὴ

222 3364 467 3435 ἐσθίοντα
526 3366 607 3441 μὴ
669 3363 1029 3440 ἐξουθενείτω,
1089 3387 1118 3417 ιι
1202 3364 1313 3421 Οὐκ
1394 3364 1533 3436 εἶπε,
1622 3363 1884 3441 Διορθοῦ-

224 3458 353 3526 σθω,
385 3454 560 3528 ἀλλὰ,
600 3480 620 3508 ι
654 3454 746 3526 Μὴ
780 3452 1139 3527 ἐξουθενείτω,
1176 3478 1203 3509 »
1265 3452 1471 3517 δεικνὺς
1521 3455 1605 3509 ὅτι
1653 3455 1882 3530 καταγὲ-

225 3545 413 3609 lam.
457 3545 723 3633 πράττει.Δ
763 3567 793 3598 ιι
834 3547 925 3633 Δεῖ
976 3544 1081 3633 γαρ
1138 3544 1301 3601 αὑτὸν
1360 3542 1670 3621 ἀδελφικῶς
1728 3541 1882 3621 διορ-

671 3630 781 3715 οὗχ
837 3632 913 3698 ὡς
973 3630 1270 3710 βδελυκτὸν
1327 3633 1634 3707 ἐξουθενεῖν.
1692 3657 1722 3687 ‹‹
1786 3636 1876 3704 Μὴ

624 3704 883 3800 λιβάσπερ
916 3704 1020 3800 γάρ
1064 3723 1115 3779 οἱ
1173 3720 1263 3781 διὰ
1320 3704 1499 3779 πίστιν
1549 3719 1877 3798 ἀδιακρίτως

246 3800 729 3887 πάνταέσθῐοδῆἓς,
780 3811 1094 3885 ἐξουθὲνουν
1146 3812 1274 3875 τοὺς
1331 3813 1874 3890 παρατηρουμὲνους,

235 3898 419 3965 οὕτως
470 3898 653 3957 ἐκεῖνοι
703 3904 934 3967 τούτους
988 3903 1063 3966 ὡς
1122 3902 1570 3979 γαστριμάργους
1639 3898 1870 3977 ἔκρινον.

286 4066 431 4140 Ὅρα
462 4061 540 4121 δὲδ
570 4066 693 4123 Ἐπὶ
720 4070 833 4123 τῶν
864 4065 1154 4121 ἰσθιὸντων
1185 4065 1372 4138 εἰπὼν,
1405 4090 1433 4118 ιι
1465 4068 1525 4123 Ὀ
1584 4067 1717 4129 Οεὸς
1769 4067 1873 4144 γὰρ

215 4157 372 4214 αὐτὸν
404 4153 802 4235 προσελάϐετο,
838 4181 866 4212 »
924 4158 1012 4215 ἐπὶ
1068 4163 1178 4213 τῶν
1221 4157 1725 4232 παρατηρουμένων
1780 4158 1876 4215 οὐ·

217 4245 300 4303 δ’ἐν
330 4252 586 4304 τοιοῦτον
617 4248 783 4308 εἶπεν,
848 4271 878 4301 ιι
907 4249 970 4306 '0
1026 4247 1158 4309 θεὸς
1211 4247 1315 4323 γὰρ
1372 4246 1535 4302 αὐτὸν
1595 4248 1871 4323 προσελά-

217 4331 360 4395 ϐετο,
397 4361 427 4389 ››
456 4337 520 4395 Ὀ
551 4340 684 4402 Θεὸς
707 4337 812 4414 γὰρ
844 4335 1026 4409 αὐτὸν,
1057 4334 1216 4414 φησὶ,
1267 4334 1407 4409 πρὸς
1455 4336 1643 4392 ἑαυτὸν
1688 4335 1871 4418 ἐφειλ-

213 4424 440 4499 κύσατο,
496 4428 589 4481 καὶ
642 4425 931 4500 ἀπήλλαξε
985 4425 1163 4496 πάσης
1249 4420 1555 4495 Ἰουδαϊκῆς
1622 4446 1873 4501 παρατη-

2011 581 2176 639 ribus
2202 585 2369 675 circa
2400 590 2599 660 vitam,
2631 592 2704 649 de
2734 596 2829 651 his
2851 613 2983 669 quas
3007 599 3068 655 in
3088 603 3427 675 suspicione
3449 581 3671 669 haben-

2011 675 2146 728 tur:
2180 674 2254 730 de
2287 677 2378 732 his
2411 694 2542 750 quas
2593 682 2653 737 in
2702 685 2946 742 modum
2995 674 3236 747 festucis
3284 702 3441 763 sunt,
3492 706 3672 771 prout

2012 761 2138 832 ipse
2165 764 2451 824 Dominus
2468 768 2806 838 dicebat,de
2831 775 2926 831 his
2949 778 3111 834 enim
3141 796 3208 836 ac
3232 761 3524 843 similibus
3556 804 3665 846 ne-

2011 866 2127 922 que
2158 870 2226 909 os
2255 858 2488 927 aperire
2519 867 2787 932 Oportet:
2825 870 2884 920 et
2912 869 3171 925 maxime
3193 873 3351 942 quod
3381 878 3663 947 praedicto

2009 942 2188 1013 capiti
2209 944 2462 1002 alterum
2488 965 2726 1023 quoque
2754 954 2921 1010 addit
2940 957 3168 1026 dicens,
3197 976 3318 1017 non
3339 942 3401 1018 in
3431 982 3501 1021 eo
3532 972 3665 1024 tan-

2008 1036 2134 1087 tum
2168 1035 2327 1105 quod
2358 1038 2674 1108 praeditum
2709 1049 2796 1099 est
2831 1062 2950 1101 non
3010 1054 3284 1119 oportere
3329 1055 3664 1124 proximum

2008 1126 2392 1182 contemnere
2420 1132 2960 1191 autcondemnare:
2985 1137 3088 1193 sed
3101 1155 3296 1210 neque
3322 1141 3385 1197 in
3412 1158 3481 1199 eo
3508 1147 3664 1217 quod

2007 1212 2299 1284 sequitur.
2330 1219 2434 1272 Est
2462 1224 2661 1276 autem
2693 1221 2844 1278 illud
2876 1225 3013 1282 tale.
3041 1226 3155 1282 Alii
3178 1229 3425 1299 quidem
3450 1212 3666 1291 distin-

2006 1300 2116 1356 ctis
2141 1317 2246 1359 seu
2259 1304 2685 1365 discriminatis
2715 1311 2926 1369 diebus
2950 1315 3227 1386 edebant,
3246 1320 3349 1375 alii
3372 1336 3508 1380 vero
3541 1325 3666 1382 sin-

2004 1390 2180 1461 gulis.
2213 1393 2366 1484 Dicit
2395 1412 2534 1471 ergo
2566 1399 2726 1470 quod
2756 1418 2831 1457 ne
2881 1403 2945 1458 in
2997 1405 3092 1461 his
3143 1408 3383 1479 quidem
3433 1418 3669 1484 oportet

2005 1482 2500 1552 mutuojudicare
2518 1494 2620 1543 aut
2639 1490 3045 1549 condemnare
3075 1495 3348 1567 invicem,
3383 1482 3580 1573 neque
3610 1503 3663 1559 is

2003 1570 2103 1640 qui
2134 1570 2276 1640 edit,
2308 1573 2563 1632 alterum
2591 1580 2969 1637 condemnet.
2996 1585 3233 1656 Jejunat
3281 1590 3442 1645 enim
3462 1570 3664 1662 proxi-

2001 1672 2137 1716 mus
2167 1665 2227 1717 et
2255 1663 2577 1735 benefacit,
2625 1685 2759 1725 cum
2814 1671 2926 1729 hoc
2984 1674 3105 1746 agit
3151 1683 3393 1749 prOpter
3450 1680 3659 1738 Deum.

2002 1750 2203 1821 Neque
2234 1768 2472 1810 rursum
2500 1755 2551 1811 is
2599 1758 2701 1829 qui
2748 1759 2988 1832 jejunat
3035 1765 3436 1825 condemnare
3487 1769 3665 1828 debet

2000 1837 2172 1895 illum
2187 1842 2288 1913 qui
2314 1860 2431 1899 non
2452 1844 2693 1918 jejunat
2714 1849 3144 1910 discriminatis
3165 1855 3376 1914 diebus
3397 1859 3532 1929 (hoc
3545 1865 3658 1929 est,

2006 1928 2107 1999 qui
2139 1930 2389 2005 singulis
2418 1933 2632 1992 diebus
2663 1937 2806 2011 edit)
2834 1956 2847 2008 ;
2876 1957 2998 1997 non
3023 1944 3183 1999 enim
3209 1928 3489 2020 prmcepti
3514 1949 3661 2024 legis

2003 2022 2114 2082 est,
2147 2025 2212 2074 ut
2242 2025 2631 2096 transgressio
2678 2027 2974 2097 judicium
3023 2034 3250 2102 afferat,
3308 2036 3410 2091 sed
3472 2022 3661 2094 solius

2001 2104 2345 2164 voluntatis.
2386 2131 2417 2160 «
2449 2112 2574 2167 Non
2633 2113 2707 2169 ad
2765 2113 3226 2187 dijudicationes
3274 2120 3657 2196 disceptatio-

2001 2208 2168 2249 num.
2192 2218 2219 2247 »
2244 2196 2441 2255 Semel
2468 2200 2710 2271 quidem
2731 2202 2872 2259 ferit
2895 2205 3032 2262 illos
3063 2225 3200 2264 cum
3215 2210 3462 2282 diceret,
3496 2236 3525 2265 ιι
3561 2214 3658 2269 ln—

2003 2282 2208 2340 ilrmos
2220 2285 2395 2355 ﬁde3n
2414 2289 2676 2345 secundo
2692 2293 3122 2365 vero,dicens,«
3138 2301 3455 2356 Assumite.
3469 2324 3495 2350 »
3512 2303 3655 2357 Nam

1999 2372 2266 2429 ostendit
2295 2391 2396 2432 eos
2426 2377 2616 2435 multa
2662 2397 2807 2437 cura
2854 2398 3045 2453 egere.
3096 2388 3290 2443 Tertio
3341 2406 3477 2445 cum
3534 2392 3654 2447 ait:

1968 2482 2030 2531 rs
2066 2464 2191 2518 Non
2222 2464 2296 2521 ad
2329 2464 2791 2538 dijudicationes
2829 2471 3351 2546 disceptationum.
3408 2503 3436 2530 ‹‹
3470 2480 3659 2552 Siqui.

1999 2551 2135 2608 dem
2157 2553 2220 2609 in
2246 2559 2477 2612 tantum
2509 2574 2610 2614 eos
2641 2559 2761 2616 labi
2790 2561 3107 2634 signiﬁcat,
3142 2572 3208 2622 ut
3227 2567 3317 2622 illi
3342 2569 3522 2625 etiam
3551 2587 3652 2647 qui

2000 2658 2135 2698 cum
2166 2643 2252 2699 eis
2284 2645 2345 2700 in
2376 2646 2639 2703 amicitia
2689 2653 3217 2711 communicabant
3254 2643 3656 2730 dijudicareni

1997 2748 2067 2787 ac
2078 2742 2519 2805 separarentur.
2540 2759 2568 2787 ιι
2589 2738 2758 2795 Alius
2779 2741 3020 2812 quidem
3035 2745 3622 2818 creditquaeviseden
3638 2780 3655 2792 -

1997 2821 2093 2877 da.
2126 2845 2156 2873 »
2185 2825 2295 2889 Qui
2327 2825 2578 2895 sincere,
2611 2829 2829 2902 inquit,
2864 2832 3073 2901 credit,
3106 2836 3455 2909 nullamque
3478 2839 3660 2897 habet

1995 2908 2301 2970 Iudaicam
2326 2915 3035 2988 observationem,omnia
3051 2924 3179 2981 sine
3209 2927 3655 2988 abominatione

1997 3000 2138 3058 edit.
2166 3004 2556 3062 Commendat
2584 3014 2782 3065 autem
2814 3011 3010 3082 ipsum
3041 3029 3076 3069 a
3105 3015 3240 3072 tlde.
3295 3038 3324 3068 ιι
3353 3019 3517 3075 Alius
3546 3037 3656 3076 au-

1996 3096 2117 3146 tem
2142 3092 2243 3164 qui
2263 3094 2538 3152 infirmus
2563 3097 2849 3169 est(circa
2876 3101 3097 3174 fidem),
3130 3104 3295 3161 olera
3346 3108 3486 3163 edit.
3521 3131 3549 3161 γι
3585 3111 3653 3165 In

1995 3180 2107 3238 hoc
2135 3183 2312 3239 etiam
2337 3186 2726 3258 reprehendit
2742 3206 2899 3257 eum,
2933 3192 3094 3262 quod
3114 3210 3235 3250 non
3258 3195 3499 3254 laudata
3519 3199 3654 3255 abs-

1996 3271 2251 3328 tinentia
2280 3274 2445 3330 olera
2484 3275 2706 3347 ederet,
2740 3294 3083 3351 quanquam
3115 3283 3225 3339 hoc
3245 3285 3515 3358 ﬁngeret,
3551 3289 3655 3345 sed

1995 3359 2133 3415 fidei
2163 3361 2533 3420 infirmitate.
2576 3388 2605 3415 «
2639 3366 2748 3433 Qui
2782 3367 2924 3437 edit,
2956 3386 3078 3426 non
3113 3372 3391 3431 edentem
3414 3393 3534 3432 non
3559 3378 3657 3433 de-

1993 3449 2223 3521 spiciat.
2250 3473 2278 3501 »
2306 3455 2432 3509 Non
2456 3453 2631 3510 dixit:
2656 3456 2942 3526 Corrigat.
2976 3460 3081 3516 sed
3109 3483 3138 3511 ‹‹
3162 3464 3243 3517 Ne
3274 3463 3586 3538 despiciat,
3624 3490 3652 3519 ››

1992 3540 2315 3597 ostendens
2346 3542 2505 3614 quod
2535 3544 2788 3602 ridicule
2821 3547 3013 3603 faciat.
3049 3552 3297 3624 Oportet
3326 3556 3488 3611 enim
3530 3557 3652 3613 fra-

1992 3634 2157 3687 terne
2191 3633 2530 3699 emendare,
2582 3641 2790 3692 etnon
2840 3641 3125 3710 tanquam
3175 3642 3645 3703 abominandum

1988 3717 2319 3790 despicere.
2361 3743 2387 3771 «
2421 3723 2502 3777 Ne
2532 3722 2839 3794 despiciat.
2875 3746 2903 3775 ››
2936 3728 3237 3799 Siquidem
3268 3732 3428 3787 velut
3455 3734 3517 3789 hi
3540 3737 3643 3807 qui

1986 3823 2094 3879 per
2114 3807 2295 3864 fidem
2317 3809 2577 3865 edebant
2607 3814 2810 3869 omnia
2829 3815 2957 3871 sine
2972 3817 3644 3893 judicio,despiciebant

1986 3896 2369 3954 observantes
2399 3900 2583 3968 cibos,
2610 3901 2692 3956 ita
2711 3901 2797 3957 illi
2821 3903 2930 3960 hos
2954 3910 3237 3977 tanquam
3271 3910 3483 3966 edaces
3504 3928 3639 3970 ven-

1987 3985 2180 4058 trique
2209 3987 2439 4044 deditos
2463 3988 2835 4061 judicabant.

2056 4084 2210 4141 888
2261 4086 2404 4142 Vide
2460 4094 2655 4143 autem
2718 4089 2875 4162 quod
2930 4093 3003 4149 de
3053 4095 3365 4153 edentibus
3439 4098 3636 4157 dixit:

1987 4194 2015 4226 ιι
2046 4175 2199 4231 Deus
2232 4177 2393 4233 enim
2425 4178 2595 4234 illum
2623 4183 2983 4254 assumpsit:
3019 4206 3046 4234 »
3079 4185 3151 4241 de
3190 4186 3640 4247 observantibus

1983 4269 2179 4320 autem
2214 4265 2376 4322 cibos
2408 4266 2558 4323 nihil
2592 4269 2707 4325 tale
2738 4270 2904 4328 dixit.
2928 4296 2952 4324 α
2980 4275 3133 4331 Deus
3163 4277 3321 4332 enim
3348 4278 3518 4335 illum
3542 4297 3637 4336 as-

1984 4356 2257 4427 sumpsit.
2280 4378 2308 4407 »
2326 4357 2468 4412 Nam
2485 4357 2656 4426 Deus,
2679 4358 3079 4431 inquit,illum
3104 4365 3178 4421 ad
3200 4382 3262 4421 se
3284 4370 3545 4437 attraxit,
3580 4375 3639 4425 et

1982 4446 2142 4500 omni
2201 4446 2444 4502 Iudaica
2504 4446 2914 4507 observatione
2985 4453 3276 4511 liberavit.
3357 4458 3637 4516 Famulus

214 4516 451 4591 ρήσεως.
496 4547 568 4559 -
622 4516 923 4591 [ΣΕΥΗΡ.]
983 4514 1046 4569 Ὃ
1104 4510 1164 4569 δὲ
1219 4512 1435 4619 οίκὲῖης
1492 4520 1751 4619 Χριστοξ,
1809 4516 1867 4572 ὅν

1995 4529 2401 4604 3hristi,quem
2416 4532 2686 4591 Christus
2700 4539 3044 4611 assumpsit,
3063 4510 3295 4598 alienius
3317 4510 3458 4601 estna
3483 4545 3633 4619 lege.

212 4600 646 4681 προσελάϐετοὸ
678 4604 940 4679 Χριστὸς,
998 4601 1297 4709 ἀλλότριός
1353 4602 1463 4709 ἐστι
1518 4608 1637 4708 τοῦ⁸
1672 4606 1869 4709 νόριον.

1995 4618 2123 4685 Quis
2150 4636 2286 4694 ergo
2318 4638 2381 4676 es
2412 4628 2476 4677 tu
2508 4624 2607 4694 qui
2633 4640 2703 4680 ex
2732 4625 2860 4699 lege
2880 4627 3117 4699 judicas
3148 4647 3285 4687 eum
3314 4635 3414 4706 qui
3446 4650 3481 4690 a
3505 4634 3634 4709 lege

213 4695 312 4758 Τίς
344 4696 441 4750 οὖν
474 4692 584 4750 εἶὸ
611 4694 813 4771 κρίνων
864 4694 969 4749 ἀπὸ
1015 4696 1116 4749 τοῦ
1171 4692 1348 4767 νόμου
1402 4693 1498 4748 τὸν
1544 4697 1642 4749 τοῦ
1695 4694 1870 4769 νόμου

214 4782 557 4860 ἆλλὸτριονς
592 4809 619 4837 ιι
654 4785 731 4839 Συ
759 4785 845 4845 τίς
876 4784 927 4838 εἴ
955 4785 984 4839 ὁ
1033 4781 1274 4858 κρίνων;
1310 4804 1336 4833 ››
1394 4782 1540 4857 Ηρὸς
1588 4784 1679 4838 τὸν
1730 4782 1872 4840 εἱλι-

213 4880 371 4949 κρινῆ
427 4874 622 4930 πιστὸν
650 4874 681 4929 ὁ
710 4873 875 4951 λόγος
928 4871 1095 4945 αὐτῷ.
1154 4877 1255 4930 Ἐκ
1310 4869 1368 4927 δὲ
1422 4871 1621 4928 τούτου
1674 4870 1869 4946 δῆλον,

213 4963 295 5018 ὃτι
324 4963 389 5018 οὑ
425 4961 600 5037 μόνον
633 4960 963 5034 ἔξουθένουν,
1024 4958 1172 5017 ἀλλὰ
1226 4962 1318 5016 καὶ
1374 4957 1582 5036 ἔκρινον
1634 4962 1760 5027 τοὺς
1803 4969 1871 5022 τε

214 5048 431 5130 λάχανα
463 5051 767 5117 ἐσθίοντας.
800 5076 830 5103 ‹‹
864 5049 1196 5127 Ἀλλότριον
1224 5049 1460 5122 οἰκέτην.
1495 5074 1525 5104 »
1556 5055 1669 5109 Τοῦ
1708 5060 1868 5130 Θεοῦ,

214 5141 401 5219 ensi»,
464 5136 601 5212 ἔστι,
655 5142 748 5197 καὶ
799 5145 880 5214 τῷ
938 5143 1055 5212 Θεῷ
1109 5136 1349 5218 διαφέρει
1419 5140 1512 5196 καὶ
1569 5143 1603 5211 ἡ
1658 5148 1868 5208 πτῶσις

210 5230 381 5285 αὑτοῦ
409 5230 504 5287 καὶ
534 5232 571 5302 ἦ
601 5227 838 5307 ἓτερσις.
870 5231 990 5288 Οὐκ
1016 5225 1208 5297 ὶπειὸἡ
1240 5230 1334 5284 οὖν
1389 5229 1490 5284 οὑκ
1544 5229 1664 5302 ἄξια
1720 5240 1870 5290 ποιεῖ

206 5319 600 5393 κατακρίσεως,
637 5322 714 5393 μὴ
743 5323 893 5395 κρῖνε
922 5317 1106 5391 αὐτὸν,
1153 5317 1342 5397 φησὶν,
1397 5315 1527 5376 ἀλλ’
1568 5320 1654 5376 ’ὁτι
1697 5321 1866 5380 ἄλλό-

199 5408 354 5483 τριός
386 5410 531 5467 ἐστιν
560 5409 803 5483 οἷκὲτης.
840 5432 869 5461 ιι
904 5409 1239 5479 Σταθήσεται
1272 5403 1349 5464 δέ.
1383 5435 1410 5462 η
1472 5406 1641 5465 Πάλιν
1681 5415 1866 5485 unﬁt-

198 5516 283 5552 τει
341 5498 473 5563 τοὺς
525 5499 772 5567 ἀσθενεῖς
826 5496 920 5553 καὶ
1002 5494 1526 5573 παρατηρουμένους
1591 5500 1658 5555 τὰ
1717 5503 1862 5580 βρώ-

204 5605 370 5659 ματα.
432 5589 616 5646 Εἰπὼν
706 5586 839 5667 γὰρ,
910 5610 940 5638 α

1982 4707 2216 4765 alienus
2242 4710 2376 4764 est?
2407 4732 2434 4760 ιι
2466 4712 2549 4766 Tu
2581 4712 2713 4782 quis
2740 4730 2802 4769 es
2833 4716 2935 4787 qui
2962 4716 3199 4788 judicas
3220 4720 3249 4774 εἴ
3279 4743 3300 4773 ι
3357 4720 3445 4776 Ad
3494 4707 3633 4779 eum

1984 4797 2084 4869 qui
2117 4797 2348 4854 sincere
2380 4799 2570 4855 credit
2603 4801 2713 4873 ipsi
2747 4819 2942 4861 sermo
3003 4812 3110 4863 est.
3161 4809 3341 4864 Porro
3393 4827 3465 4867 ex
3522 4812 3635 4868 hoc

1982 4883 2367 4942 manifestum
2400 4890 2491 4942 est
2520 4887 2677 4960 quod
2710 4906 2830 4946 non
2863 4891 3061 4948 solum
3084 4894 3512 4967 despiciebant,
3539 4916 3635 4957 ve-

1981 4991 2115 5031 rum
2135 4975 2312 5032 etiam
2323 4975 2677 5048 judicabant
2693 4996 2793 5035 eos
2816 4981 2918 5053 qui
2942 4982 3105 5039 olera
3127 4985 3401 5042 edebant.
3428 5008 3455 5038 «
3476 4988 3637 5046 Alie-

1980 5080 2124 5121 num
2154 5065 2466 5122 famulum.
2502 5088 2531 5117 »
2566 5067 2688 5135 Dei,
2720 5067 2937 5141 inquit,
2965 5076 3073 5143 est,
3103 5079 3161 5130 et
3190 5074 3262 5131 ad
3291 5076 3472 5133 Deum
3506 5096 3639 5152 per-

1980 5153 2131 5210 tinet
2164 5171 2337 5210 casus
2367 5155 2557 5228 ipsius
2604 5162 2707 5213 aut
2757 5158 3054 5218 excitatio.
3115 5164 3242 5220 Non
3296 5182 3431 5240 ergo
3478 5168 3636 5241 quod

1978 5242 2474 5301 condemnatione
2505 5246 2684 5317 digna
2709 5264 2829 5303 non
2860 5254 3014 5323 agat,
3045 5268 3120 5307 ne
3151 5253 3349 5326 ipsum
3373 5257 3632 5330 judices,

1978 5333 2080 5389 sed
2111 5333 2270 5405 quod
2299 5332 2530 5390 alienus
2562 5335 2639 5391 sit
2662 5335 2942 5394 famulus.
2972 5362 2999 5390 «
3034 5341 3338 5400 Statuetur
3357 5353 3578 5404 autem.
3604 5370 3633 5399 η

1975 5425 2200 5478 Rursus
2230 5422 2504 5479 inﬁrmos
2534 5424 2693 5498 ferit,
2725 5444 2943 5499 nempe
2983 5430 3085 5501 qui
3112 5432 3277 5489 cibos
3299 5434 3632 5493 observant.

1976 5510 2186 5567 Dicens
2218 5512 2403 5581 enim,
2434 5535 2460 5564 ιι
2491 5513 2813 5583 διοιυοιιιν,
2844 5539 2872 5568 ››
2893 5519 3157 5577 ostendit
3178 5522 3314 5579 illos
3335 5525 3633 5593 vacillare,

999 5587 1352 5682 Ztaﬂﬂcetaf,
1412 5606 1439 5640 ε
1528 5582 1697 5660 δηλοῖ
1778 5594 1863 5652 ὅτι

1997 5600 2151 5674 dque
2183 5600 2330 5658 adeo
2362 5607 2429 5658 ut
2457 5603 2576 5659 Deo
2610 5603 2686 5660 sit
2708 5604 2855 5678 ipsis
2874 5623 3022 5679 opus
3046 5611 3145 5682 qui
3175 5628 3278 5668 eos
3298 5582 3630 5670 confirmet.

198 5673 541 5749 σαλεύονται,
570 5677 667 5734 καί
698 5678 995 5733 τοσοῦτον.
1029 5673 1103 5737 ὣς
1132 5678 1270 5732 Θεοῦ
1300 5671 1506 5731 δεῖσθαι
1538 5678 2053 5758 περῥοποιοῦντος.
