4122 6376
435 347 546 406 591

1558 327 1984 401 (ECUMENII
2027 326 2337 387 TBICCAE
2386 327 2758 391 EPISCOPI.

3737 333 3852 395 592

506 476 652 543 XIV,
692 478 745 540 ὕ,
787 475 839 526 6.
900 469 1060 525 Alius
1117 469 1340 539 quidem
1385 465 1617 537 judicat
1668 464 1815 519 diem
1870 478 1907 517 a
1960 462 2086 516 die:

2274 459 2368 520 ’ος
2436 459 2531 533 μέν
2592 461 2763 538 κρίνει
2831 462 3042 539 ἡμέραν
3106 465 3233 538 παρ’
3317 462 3549 540 ἡμέραν,
3646 466 3706 528 ὅς
3797 464 3857 521 δὲ

433 567 575 622 alius
603 578 728 619 vero
750 559 977 631 judicat
1007 574 1223 613 omnem
1253 558 1419 611 diem.
1450 555 1830 624 Unusquisque
1841 550 2092 622 propriae

432 656 601 711 menti
626 652 953 720 satisfaciat.
992 650 1097 714 Qui
1130 653 1291 703 curat
1320 648 1488 715 diem,
1532 645 1763 700 Domino
1811 646 2012 695 curat:
2041 645 2096 693 et

434 746 532 815 qui
560 759 672 798 non
702 747 862 798 curat
890 740 1055 803 diem,
1087 739 1317 793 Domino
1342 752 1453 791 non
1481 741 1661 791 curat.
1682 734 1787 799 Qui
1806 731 1940 798 edit,
1973 732 2092 785 Do-

436 835 587 888 mino
620 830 757 898 edit,
796 830 1010 899 gratias
1044 829 1192 883 enim
1226 827 1345 896 agit
1372 826 1480 880 Deo
1510 840 1523 877 :
1555 829 1609 878 et
1653 820 1755 892 qui
1795 836 1907 876 non
1955 818 2093 887 edit,

435 924 670 979 Domino
698 936 812 976 non
842 918 975 988 edit,
998 925 1048 973 et
1076 918 1290 988 gratias
1319 914 1439 985 agit
1469 915 1601 969 Deo.

511 1096 849 1154 Verisimile
878 1100 970 1151 est
997 1093 1156 1167 quod
1189 1090 1465 1148 nonnulli
1498 1089 1599 1162 qui
1629 1089 1693 1143 in
1723 1085 2097 1158 diesjejuna-

439 1189 585 1244 bant
617 1205 722 1243 seu
753 1185 1154 1252 abstinebant,
1188 1200 1257 1238 eo
1299 1188 1564 1253 tempore
1617 1174 2100 1235 condemnabant

443 1295 545 1334 eos
576 1277 676 1348 qui
711 1292 832 1330 non
865 1274 1147 1330 continue
1180 1269 1598 1328 abstinebant:
1660 1267 1878 1339 quibus
1909 1265 2099 1320 inter-

441 1368 588 1423 dicit
615 1383 689 1422 ne
732 1363 1138 1421 condemnent
1195 1368 1299 1418 aut
1358 1360 1746 1416 vehementer
1793 1358 2095 1411 accusent.

441 1459 639 1529 Nuper
668 1455 829 1511 enim
860 1453 935 1509 ad
968 1451 1146 1508 fidem
1204 1454 1511 1517 venerant,
1562 1454 1622 1503 et
1667 1445 1978 1502 verebatur
2020 1458 2097 1498 ne

440 1545 631 1601 multa
647 1543 943 1600 accusatio
972 1559 1073 1597 eos
1096 1540 1343 1596 omnino
1366 1556 1401 1594 a
1417 1538 1533 1594 fide
1566 1539 1889 1609 separaret,
1920 1548 2096 1588 accu-

440 1634 776 1692 sationibus
831 1632 907 1687 ad
967 1631 1115 1687 iram
1175 1633 1542 1701 provocatos.
1605 1649 1633 1676 «
1679 1623 2097 1694 Unusquisque

438 1724 692 1797 propria:
720 1722 928 1777 menti.
953 1743 974 1772 ι
1001 1722 1128 1775 Νοιι
1147 1719 1220 1774 de
1242 1717 1524 1775 omnibus
1546 1715 1824 1787 accipias,
1849 1734 1876 1764 «
1907 1712 2096 1767 Unus~

443 1813 698 1884 quisque
727 1811 986 1883 proprias
1018 1808 1205 1864 menti
1256 1805 1602 1873 s-.tisfaciat,
1639 1826 1666 1854 »
1696 1803 1798 1859 sed
1849 1801 1921 1856 de
1970 1800 2098 1856 solo

436 1901 696 1974 jejunio,
729 1899 907 1970 idque
940 1894 1476 1953 condescendendo
1507 1894 1610 1962 ait,
1660 1892 1801 1965 quia
1848 1890 2095 1946 Romani

444 2007 637 2062 nuper
669 1988 806 2044 ﬁdei
836 1986 1231 2044 adhaeserant.
1291 1982 1457 2050 Quod
1511 1983 1560 2038 si
1617 1981 1795 2039 etiam
1851 1980 1924 2035 de
1982 1980 2099 2034 ﬁde

443 2079 795 2153 praedictum
826 2075 1071 2131 verbum
1102 2072 1427 2146 acceperis,
1460 2077 1584 2127 toto
1637 2069 1783 2126 omlo
1833 2068 2096 2125 aberras.

444 2172 619 2227 Juxta
645 2167 947 2240 pr0priam
980 2169 1178 2221 autem
1210 2168 1474 2219 mentem
1505 2161 1757 2233 quisque
1780 2159 1892 2215 sibi
1924 2158 2098 2214 satis-

440 2256 661 2312 faciat:
696 2253 788 2310 vel
844 2251 1003 2324 quod
1060 2250 1394 2306 benefaciat
1451 2249 1500 2303 si
1552 2264 1789 2319 semper
1836 2245 2095 2319 jejunet,

433 2346 553 2400 sive
584 2343 913 2399 abstineat:
948 2340 1039 2395 vel
1096 2338 1257 2411 quod
1307 2354 1429 2393 non
1488 2335 1826 2393 benefaciat
1863 2335 1914 2390 si
1970 2351 2093 2390 non

434 2450 672 2506 semper
692 2433 947 2505 jejunet.
979 2453 1007 2481 ‹‹
1032 2430 1141 2495 Qui
1172 2434 1343 2484 curat
1361 2428 1545 2497 diem,
1568 2426 1818 2482 Domino
1841 2430 2029 2481 curat.
2061 2443 2088 2475 ι

433 2526 561 2579 Νοιι
594 2528 685 2578 est
712 2522 824 2577 hoc
855 2520 1100 2575 verbum
1152 2518 1223 2573 de
1279 2517 1418 2573 ﬁdei
1466 2517 1740 2589 dogmate
1790 2514 2091 2586 accipien-

432 2613 574 2670 dum
604 2630 617 2668 :
651 2612 711 2667 id
740 2610 900 2685 quod
931 2614 990 2665 et
1020 2610 1148 2681 ipse
1179 2607 1474 2681 praedixit.
1516 2606 1825 2676 Siquidem
1874 2610 1933 2661 et
1991 2605 2088 2659 hic

428 2712 486 2760 et
512 2704 614 2759 ille
646 2702 752 2758 uni
784 2700 1130 2756 innituntur
1160 2712 1596 2769 scopo,nempe
1618 2695 1818 2752 divino
1849 2693 2085 2750 honori.

432 2799 580 2850 Nam
614 2792 715 2864 qui
748 2792 907 2847 diem
941 2793 1110 2845 curat
1138 2787 1463 2843 arbitratur
1495 2801 1555 2840 se
1590 2783 1690 2840 Dei
1740 2784 1932 2857 legem
1977 2783 2085 2838 ob-

430 2899 703 2949 servare;
737 2880 893 2937 384
923 2878 1025 2951 qui
1056 2894 1192 2934 vero
1240 2875 1369 2932 dies
1417 2874 1586 2930 nullo
1638 2874 1703 2929 in
1751 2873 1862 2928 hoc
1909 2871 2089 2928 habet

424 2972 790 3034 discrimine,
824 2985 1061 3025 omnem
1095 2967 1254 3023 diem
1280 2974 1563 3036 tauquam
1582 2981 1617 3019 a
1641 2965 1757 3018 Deo
1779 2962 2085 3018 conditum

427 3062 610 3121 simili
644 3060 826 3116 habet
854 3059 915 3113 in
947 3058 1192 3113 honore.
1227 3088 1298 3096 —
1326 3055 1543 3109 Aliud:
1577 3053 1743 3120 Quod
1769 3052 1890 3108 ait:
1918 3074 1946 3101 ‹‹
1974 3051 2082 3118 Qui

427 3157 596 3209 curat
626 3150 807 3214 diem,
840 3147 1089 3204 Domino
1122 3150 1308 3212 curat,
1345 3150 1403 3199 et
1432 3144 1535 3216 qui
1559 3160 1677 3198 non
1702 3147 1870 3198 curat
1899 3141 2082 3209 diem,

2201 547 2368 622 κρίνει
2426 555 2599 604 πᾶσαν
2670 552 2897 626 ἡμέραν.
2966 555 3233 615 "Exacto:
3301 550 3353 607 ἐν
3426 556 3507 625 τῷ
3578 551 3702 627 ἰδίῳ
3770 560 3858 609 νοῖ

2199 635 2682 717 πληροφορείσθω.
2770 641 2831 699 Ὀ
2915 646 3124 721 φρονῶν
3189 642 3287 711 τὴν
3371 642 3605 717 ἡμέραν,
3665 644 3854 718 Κυρίῳ

2201 733 2407 805 φρονεῖ,
2452 730 2543 784 καὶ
2599 731 2628 785 6
2691 730 2769 803 μή
2827 735 3041 809 φρονῶν
3095 733 3196 801 τήν
3253 730 3490 806 ἡμέραν,
3551 731 3731 807 Κυρίῳ
3791 732 3853 788 οὐ

2202 822 2410 893 φρονεῖ.
2481 818 2577 873 Καὶ
2646 821 2674 874 6
2740 817 2951 891 ἐσθίων,
3023 820 3205 893 Κυρίῳ
3267 820 3453 875 ἐσθίεν
3538 820 3857 897 εὐχαριστεῖ

2200 905 2305 980 γὰρ
2333 911 2413 979 τῷ
2443 906 2700 979 Θεῷ-καί
2761 909 2789 962 ὁ
2847 910 2923 982 μὴ
2982 909 3196 979 ἐσθίων,
3260 909 3447 982 Κυρίῳ
3505 907 3610 964 οὐκ
3664 907 3852 981 ἐσθίει,

2200 994 2291 1049 καὶ
2316 993 2630 1071 εὐχαριστεῖ
2658 1001 2737 1069 τῷ
2768 1002 2905 1069 Θεῷ.

2274 1083 2433 1146 Εἰκὸς
2461 1086 2553 1154 ἧν,
2587 1085 2738 1150 τινὰς
2766 1092 2873 1141 τῶν
2933 1090 3178 1165 συνεχῶς
3236 1086 3633 1158 νηστευόντων,
3689 1106 3855 1141 κατα-

2201 1172 2403 1247 κρίνειν
2431 1175 2557 1236 τοὺς
2594 1176 2669 1248 μη
2701 1181 2947 1252 συνεχῶς
3002 1175 3381 1247 νηστεύοντας,
3440 1175 3522 1237 οἷς
3580 1175 3643 1231 τὸ
3691 1196 3855 1231 κατα-

2200 1264 2400 1339 κρίνειν
2450 1266 2540 1322 καὶ
2622 1265 2828 1344 σφόδρα
2903 1266 3156 1344 ἐγκαλεῖν
3245 1267 3593 1344 ἀπαγορεύει.
3682 1269 3854 1325 Ἦσαν

2203 1355 2309 1431 γὰρ
2364 1354 2624 1427 νεηλυδες
2674 1357 2727 1413 ἐν
2793 1363 2863 1433 τῇ
2919 1360 3122 1428 πίστει,
3188 1359 3278 1415 καὶ
3362 1356 3621 1415 ἐδεδοίκει
3680 1362 3757 1433 μή
3819 1361 3854 1428 ἡ

2201 1442 2389 1515 πολλὴ
2419 1440 2700 1522 ἔγκλησις,
2731 1446 2915 1505 τέλεον
2943 1448 3137 1512 αὐτοὺς
3168 1449 3443 1524 ἀποσχίσῃ
3475 1455 3576 1519 τῆς
3598 1449 3853 1517 πίστεως,

2205 1533 2547 1610 ὀργισθέντας
2610 1542 2730 1599 ταῖς
2802 1536 3145 1613 έγκλήσεσιν.
3215 1563 3243 1591 ‹‹
3301 1542 3563 1601 Ἐκαστος
3642 1536 3694 1592 ἐν
3779 1542 3859 1610 τῷ

2204 1621 2330 1690 ἰδίῳ
2357 1623 2463 1680 νοΐ.
2497 1650 2519 1679 δ
2559 1627 2652 1695 Μὴ
2688 1625 2812 1703 περὶ
2843 1628 3062 1683 πάντων
3123 1624 3246 1702 δέξῃ
3295 1629 3379 1697 τὸ,
3426 1653 3455 1681 ι(
3485 1629 3751 1688 Ἕκαστος
3803 1625 3856 1682 ἐν

2202 1716 2283 1784 τῷ
2339 1710 2462 1786 ἰδίῳ
2517 1712 2600 1768 νοΐ
2658 1713 3127 1795 πληροφορείσθω
3185 1739 3216 1770 ››
3274 1715 3402 1772 ἀλλ’
3462 1715 3551 1772 ἐπὶ
3607 1715 3858 1787 νηστείας

2129 1844 2175 1909 Β
2208 1801 2394 1874 μόνον,
2426 1808 2516 1858 καί
2563 1808 2726 1860 τοῦτο
2787 1800 3255 1879 συγκαταϐαίνων,
3307 1803 3496 1875 ἐπειδή
3542 1805 3858 1881 ἆρτιπαγεῖς

2214 1891 2243 1909 ν
2384 1891 2397 1909 ς
2498 1897 2518 1908 -
2623 1894 2634 1909 ,
2845 1895 2858 1909 .
2921 1897 2979 1909 ..κ
3115 1900 3138 1909 -
3443 1893 3468 1909 ,ι
3659 1893 3672 1909 .
3842 1895 3856 1909 .

2208 1891 2345 1960 ἦσαν
2379 1891 2429 1947 ἐν
2459 1897 2528 1967 τῇ
2573 1894 2752 1949 πίστει
2813 1895 2864 1950 οἱ
2921 1897 3213 1970 Ῥωμαῖοι.
3268 1896 3356 1957 Ὠς
3415 1893 3530 1970 εἷ’γε
3585 1893 3675 1950 καὶ
3733 1895 3860 1971 περὶ

2209 1981 2442 2044 πίστεως
2497 1980 2625 2058 δέχῃ
2685 1983 2748 2039 τὸ
2809 1983 3123 2058 εἰρημένον,
3182 1989 3281 2040 τοῦ
3339 1985 3536 2046 παντὸς
3591 1983 3859 2054 ἐζέπεσες.

2207 2070 2353 2125 Κατά
2406 2068 2464 2126 δὲ
2520 2072 2615 2127 τὸν
2676 2069 2811 2127 ἴδιον
2869 2077 2994 2128 νοῦν
3062 2070 3285 2135 ἕκαστος
3369 2071 3857 2150 πληροφορείσθω,

2205 2156 2358 2229 ἤδτι
2411 2158 2595 2222 καλῶς
2653 2163 2797 2217 ποιεί
2854 2184 3091 2233 νηστεων
3154 2163 3258 2235 ἀεὶ,
3314 2161 3350 2233 ἤ
3405 2163 3490 2217 ὅτι
3548 2162 3610 2217 οὐ
3670 2159 3858 2226 καλῶς

2204 2256 2373 2319 ποιεῖ,
2407 2251 2469 2306 οὐ
2499 2252 2776 2322 νηστεύων
2830 2251 2930 2309 ἀεί.
2996 2276 3017 2303 ι
3072 2255 3133 2311 Ὀ
3187 2272 3403 2329 φρονῶν
3459 2252 3559 2320 τήν
3619 2250 3852 2326 ἡμέραν,

2203 2339 2388 2414 Κυρίῳ
2419 2345 2629 2418 φρονεῖ.
2663 2365 2690 2393 ιι
2724 2339 2802 2398 Οὐ
2834 2338 3045 2397 δεκτέον
3105 2342 3167 2396 τὸ
3225 2340 3385 2417 ῥητὸν
3434 2339 3523 2396 ἐπὶ
3583 2337 3860 2416 δόγματος

2201 2429 2459 2492 πίστεως.
2516 2433 2707 2503 Ὅμως
2764 2429 2855 2486 καί
2938 2430 3097 2492 αὐτὸς
3183 2435 3432 2506 προεῖπε.
3522 2429 3860 2507 Ἀμφότεροι

2201 2517 2326 2594 γὰρ,
2357 2517 2516 2579 οὗτός
2549 2540 2605 2574 τε
2637 2519 2909 2590 κάκεῖνος,
2942 2519 3020 2575 ἐνὶ
3054 2525 3301 2595 χρῶνται
3334 2523 3543 2592 σκοπῷ,
3592 2521 3730 2592 τιμῇ
3788 2522 3860 2592 τῇ

2199 2607 2322 2680 περὶ
2364 2606 2456 2662 τὸν
2511 2607 2664 2665 Θεόν.
2723 2610 2792 2666 Ὃ
2860 2629 2920 2664 τε
2974 2608 3080 2684 γάρ
3135 2608 3698 2682 παραφυλαττόμενος
3755 2609 3859 2677 τήν

2198 2691 2427 2771 ἡμέραν,
2465 2694 2637 2752 οἰέται
2669 2702 2802 2753 Θεοῦ
2832 2697 3002 2771 νόμον
3053 2697 3325 2774 πληροῦνο
3361 2696 3392 2753 ὅ
3432 2719 3492 2753 τε
3543 2695 3855 2773 ἀδιαφορῶν

2196 2786 2320 2860 περὶ
2353 2789 2538 2854 τοῦτο,
2571 2792 2742 2841 πᾶσαν
2776 2786 2851 2848 ὡς
2906 2787 3009 2843 ὑπὸ
3069 2792 3208 2843 Θεοῦ
3266 2788 3569 2864 γενομένην
3619 2786 3855 2861 ἡμέραν,

2198 2871 2268 2930 δι’
2300 2876 2498 2949 ὁμοίας
2530 2873 2647 2951 ἔχει
2676 2884 2866 2950 τιμῆς.
2915 2910 2983 2920 --
3022 2875 3275 2940 νιιλλως.
3337 2879 3543 2952 ]ΦΘΤ.]
3592 2876 3693 2946 Τὸ,
3732 2901 3761 2928 κ
3791 2877 3856 2935 Ὀ

2195 2968 2409 3043 φρονῶν
2438 2967 2537 3035 τήν
2559 2964 2787 3041 ἡμέραν,
2821 2966 3001 3042 Κυρίῳ
3050 2972 3258 3045 φρονεῖ,
3316 2966 3406 3021 καὶ
3440 2966 3468 3021 ὁ
3501 2967 3579 3039 μή
3632 2970 3852 3042 φρονῶν

2192 3054 2290 3123 τήν
2352 3055 2582 3128 ἡμέραν.
2644 3056 2833 3130 Κυρίῳ
2894 3054 2955 3110 οὐ
3016 3061 3223 3129 φρονεῖ,
3267 3080 3296 3107 ››
3350 3056 3579 3131 φανερὸν
3636 3054 3698 3111 ἐκ
3751 3059 3852 3110 τοῦ

2194 3141 2599 3219 προειρημένου
2630 3146 2765 3217 ἡμῖν
2800 3143 2883 3199 ὅτι
2940 3144 3101 3200 τοῦτο
3162 3145 3334 3221 Λέγει,
3387 3144 3472 3201 ὅτι
3529 3145 3591 3203 Ὁ
3646 3144 3851 3220 κρίνων

429 3241 678 3296 Domino
711 3255 829 3294 non
860 3242 1048 3303 curat,
1085 3260 1106 3289 ε
1172 3232 1555 3299 manifestum
1609 3237 1700 3287 est
1754 3231 1914 3303 quod
1972 3230 2083 3285 hoc

2240 3201 2250 3219 .
2653 3201 2685 3217 ι.
3241 3201 3251 3221 .
3322 3201 3333 3212 ι
3566 3201 3577 3203 ε
3686 3201 3696 3220 .

2197 3232 2284 3288 καὶ
2346 3232 2706 3307 λογιζόμενος
2763 3234 2932 3289 καλὸν
2994 3236 3130 3289 εἶναι
3190 3236 3306 3290 καθ’
3360 3235 3572 3310 ἡμέραν
3630 3254 3851 3314 φαγειν,

428 3329 600 3385 nobis
631 3326 944 3399 signiticet.
978 3324 1087 3389 Qui
1115 3322 1349 3395 judicat
1400 3328 1459 3377 et
1514 3321 1806 3376 existimat
1857 3320 2080 3374 bonum

428 3434 559 3473 esse
590 3415 750 3470 omni
783 3414 879 3468 die
911 3413 1108 3467 edere.
1142 3412 1393 3466 Domino
1442 3414 1648 3465 curat:
1695 3410 1807 3464 hoc
1859 3414 1968 3475 est,
2020 3406 2081 3461 in

427 3505 680 3562 Domino
740 3504 851 3558 hoc
911 3501 1236 3567 existimat,
1298 3506 1357 3554 et
1439 3503 1681 3569 propter
1766 3497 2081 3552 Dominum

425 3597 540 3651 hoc
567 3593 728 3650 facit.
762 3594 832 3646 Et
856 3591 957 3662 qui
989 3606 1108 3645 non
1140 3588 1375 3662 judicat
1423 3588 1558 3654 hoc,
1617 3603 1811 3658 neque
1859 3586 2081 3641 bonum

423 3684 748 3742 arbitratur
803 3680 964 3736 omni
1023 3678 1119 3735 die
1205 3678 1404 3745 edere,
1465 3682 1709 3749 propter
1765 3676 2081 3731 Dominum

418 3776 503 3830 ita
548 3772 784 3845 judicat
833 3775 893 3826 et
948 3768 1289 3825 arbitratur.
1354 3768 1487 3822 llazc
1564 3766 1723 3821 enim
1795 3766 2080 3837 praedicta

422 3868 561 3919 sunt
589 3862 701 3934 ipsi
731 3875 912 3916 causa
961 3863 1025 3913 ut
1081 3858 1194 3913 hoc
1240 3856 1518 3929 judicet:
1582 3861 1725 3927 puta
1782 3861 1847 3910 ut
1900 3872 2082 3909 unus-

423 3954 678 4025 quisque
736 3949 992 4023 proprim
1073 3947 1256 4003 menti
1342 3944 1686 4001 satisfaciat.
1773 3944 2081 4009 Quomodo

424 4044 538 4098 hoc
569 4040 741 4095 dicis.
775 4037 1006 4093 Paule?
1065 4036 1242 4102 Bene,
1304 4034 1519 4105 inquit,
1576 4033 1745 4087 dixi:
1798 4034 2080 4104 quoniam

428 4136 488 4185 et
539 4129 639 4200 qui
700 4143 880 4198 super
938 4125 1098 4180 diem
1155 4123 1394 4195 jejunat
1479 4123 1599 4177 sive
1659 4121 1939 4188 abstinet,
2025 4126 2085 4176 et

428 4218 531 4288 qui
578 4215 702 4271 edit
758 4214 919 4270 omni
978 4213 1095 4279 die,
1153 4210 1329 4266 ambo
1384 4209 1443 4263 in
1503 4209 1737 4264 Domini
1798 4209 2083 4281 placitum

425 4307 539 4362 hoc
568 4305 797 4361 faciunt
829 4319 842 4357 :
877 4318 986 4357 nec
1014 4306 1248 4373 oportet
1274 4300 1357 4354 ut‘
1387 4297 1459 4353 ob
1518 4299 1631 4352 hoc
1688 4297 1842 4353 alius
1899 4298 2083 4354 alium

426 4395 549 4451 ullo
608 4393 785 4449 modo
838 4391 1090 4463 judicat.
1150 4386 1374 4443 Deinde
1436 4387 1612 4442 etiam
1678 4403 1918 4442 causam
1976 4389 2077 4445 ad-

425 4484 516 4539 dit
546 4482 788 4537 dicens:
821 4479 1052 4535 Etenim
1086 4478 1135 4532 is
1187 4477 1287 4549 qui
1339 4477 1479 4545 edit,
1531 4476 1750 4546 gratias
1795 4477 1915 4549 agit
1962 4479 2080 4534 Deo

2188 3326 2265 3393 τῷ
2297 3323 2483 3397 Κυρίῳ
2514 3329 2722 3399 φρονεῖ,
2765 3324 3059 3394 τουτέστιν,
3120 3324 3171 3379 ἐν
3233 3325 3415 3397 Κυρίῳ
3468 3328 3629 3379 τοῦτο
3686 3321 3856 3402 λογί-

2194 3415 2358 3480 ζεται,
2413 3410 2686 3466 τουτέστιν
2748 3409 2837 3466 διὰ
2876 3412 2967 3467 τὸν
3021 3413 3216 3487 Κύριον
3268 3411 3400 3468 αὐτὸ
3452 3418 3622 3471 ποιεῖ.
3685 3413 3788 3471 Καὶ
3819 3413 3850 3468 6

2195 3500 2271 3572 μὴ
2304 3500 2501 3575 κρίνων
2530 3504 2712 3568 τοῦτο,
2750 3499 2892 3574 μηδέ
2952 3500 3305 3578 λογιζόμενος
3364 3500 3447 3557 ὅτι
3506 3501 3676 3558 καλόν
3736 3500 3852 3558 ἐστι

2190 3589 2311 3651 καθ’
2367 3587 2575 3662 ἡμέρχν
2646 3594 2856 3664 φαγεῖν,
2912 3587 3000 3643 διὰ
3059 3589 3151 3644 τὸν
3211 3590 3407 3666 Κύριον
3461 3593 3631 3645 τοῦτο
3682 3587 3847 3664 κρίνει

2189 3674 2358 3730 καλόν
2400 3678 2542 3731 εἶναι
2601 3676 2689 3731 καί
2750 3675 3051 3755 λογίζεται.
3111 3675 3276 3735 Λῗτια
3332 3678 3436 3755 γάρ
3496 3678 3639 3735 ἐστιν
3702 3677 3851 3751 αὖτῷ

2186 3769 2355 3819 ταῦτα
2385 3763 2649 3839 ε’ἰρημένα
2677 3769 2795 3836 τοῦ,
2836 3788 2857 3816 ι
2887 3768 3152 3828 Ἕκαστος
3181 3766 3235 3821 ἐν
3264 3772 3343 3839 τῷ
3385 3764 3507 3841 ἰδίῳ
3554 3765 3641 3823 νοί
3696 3774 3855 3837 πλη-

2193 3854 2547 3933 ροφορείσθω.
2608 3882 2633 3907 υ
2695 3861 2819 3920 Πῶς
2875 3854 3057 3934 λέγεις
3113 3861 3299 3928 τοῦτο,
3351 3855 3591 3926 Παῦλες
3649 3854 3860 3921 Καλῶς

2192 3945 2366 4013 εἷπον,
2418 3946 2600 4021 φησὶν,
2662 3942 2850 4013 ἐπειδὴ
2909 3944 3055 4000 καίὁ
3086 3945 3355 4018 νηστεύων
3407 3946 3541 4020 ὑπὲρ
3603 3946 3854 4019 ἡμέραν,

2189 4033 2280 4089 καὶ
2340 4034 2368 4088 6
2421 4033 2609 4089 ἐσθίων
2668 4036 2786 4089 καθ’
2845 4035 3079 4110 ἡμέραν,
3149 4037 3224 4097 εἰς
3277 4034 3550 4111 ἀρέσκειαν
3638 4034 3850 4107 Κυρίου

2189 4126 2350 4177 τοῦτο
2390 4127 2630 4193 ποιοῦσι,
2690 4124 2781 4179 καὶ
2841 4124 2903 4179 οὐ
2962 4123 3045 4180 δεῖ
3096 4116 3290 4201 κρίνέιν
3345 4118 3491 4184 ὅλως
3547 4117 3848 4191 ἀλλήλους

2191 4209 2279 4266 ἐπὶ
2310 4210 2509 4284 τούτῳ.
2544 4213 2680 4269 Εἶτα
2708 4214 2798 4268 καὶ
2837 4211 3083 4270 ἐπιτείνει
3141 4214 3239 4283 τὴν
3292 4210 3487 4280 αἰτίαν,
3536 4209 3629 4266 καί
3683 4230 3848 4285 φησιο

2193 4300 2294 4355 Καὶ
2327 4301 2428 4374 γὰρ
2460 4301 2489 4355 6
2519 4298 2735 4371 ἐσθίων,
2764 4302 3082 4380 εὐχαριστεῖ
3108 4306 3188 4375 τῷ
3217 4307 3332 4376 Θεῷ
3393 4301 3445 4356 ἐν
3500 4304 3581 4373 τῷ
3627 4298 3855 4368 ἐσθίειν,

2192 4384 2506 4444 ὃτιὲδωκεν
2555 4390 2864 4467 ἀνθρώποις
2923 4393 3117 4467 πόρον,
3175 4393 3269 4447 καὶ
3328 4387 3611 4467 συνέχειαν
3674 4395 3857 4460 ζωῆς.

2194 4478 2353 4533 Καὶό
2410 4479 2684 4550 νηστεύων
2741 4480 3079 4557 εὐχαριστεῖ,
3139 4480 3224 4536 ὅτι
3282 4478 3480 4536 ἔδωκεν
3537 4480 3859 4555 ἀνθρώποις

425 4573 487 4629 in
514 4590 583 4629 eo
615 4570 776 4644 quod
808 4569 958 4633 edis,
988 4567 1147 4639 quod
1177 4566 1521 4622 hominibus
1582 4566 1853 4622 tribuerit
1904 4568 2082 4623 iacul-

2197 4570 2475 4642 καρτερίαν
2507 4569 2597 4623 καὶ
2650 4571 2957 4644 ὑπομονὴν,
3010 4569 3101 4626 καί
3161 4568 3449 4645 μεθόδους,
3507 4566 3577 4624 δι’
3634 4570 3708 4624 ὧν
3765 4591 3860 4632 τις

423 4669 595 4731 tates,
630 4660 847 4733 quibus
877 4659 1056 4714 vitam
1088 4657 1509 4713 continuarent
1540 4672 1553 4711 :
1589 4661 1649 4711 et
1696 4656 1796 4727 qui
1840 4657 2082 4730 jejunat

422 4758 526 4809 aut
554 4751 837 4817 abstinet,
870 4747 1089 4820 gratias
1120 4746 1261 4819 agit,
1294 4745 1475 4816 quod
1502 4745 1845 4801 hominibus
1896 4746 2081 4802 absti-

423 4843 690 4898 nentiam
721 4837 954 4894 dederit
982 4853 1049 4893 ac
1082 4834 1481 4902 tolerantiam,
1525 4834 1618 4889 his
1665 4834 1910 4906 insuper
1962 4841 2079 4892 trao

426 4932 566 4986 ditis
588 4928 805 5001 quibus
834 4931 1031 4999 potest
1050 4924 1348 4996 quispiam
1370 4922 1566 4979 carnis
1598 4921 1906 4979 devincere
1937 4925 2080 4980 alie-

428 5029 579 5079 ctus.
612 5021 722 5085 Qui
752 5036 887 5073 vero
919 5018 1034 5073 alio
1069 5016 1275 5088 quovis
1305 5012 1482 5069 modo
1514 5013 1639 5069 edit
1667 5019 1769 5069 aut
1800 5014 2077 5087 abstinet,

418 5109 649 5181 judicio
680 5107 971 5163 obnoxius
1001 5111 1093 5160 est
1124 5122 1137 5158 :
1172 5102 1469 5175 quomodo
1518 5102 1760 5157 fuerunt
1806 5104 2079 5174 quaadam

426 5198 704 5253 haereses.
740 5197 872 5251 Ηωο
907 5210 1042 5267 ergo
1077 5192 1149 5248 de
1201 5190 1513 5247 edentibus
1564 5197 1623 5244 et
1663 5190 2079 5262 jejunantibus

422 5286 542 5341 sive
575 5282 1009 5340 abstinentibus
1063 5279 1300 5352 proprie
1353 5277 1740 5350 intelligenda
1788 5286 1967 5336 sunt:
2020 5289 2081 5339 at

418 5393 539 5430 non
571 5375 643 5429 de
674 5371 980 5444 quibusvis
1012 5370 1167 5425 aliis.
1202 5369 1330 5424 Non
1363 5366 1521 5421 enim
1554 5367 1627 5422 ad
1659 5370 1860 5425 omnia
1889 5388 2078 5429 canon

414 5465 513 5520 hic
536 5460 1030 5535 pertinet,sed,ut
1051 5455 1618 5527 diximus,specialis
1650 5462 1758 5525 est,
1794 5464 1853 5514 et
1884 5461 2077 5517 solum

418 5555 532 5610 hoc
572 5553 809 5623 aliaque
868 5547 1212 5619 hujusmodi
1273 5544 1708 5616 complectitur.
1772 5549 2077 5620 Siquidem

420 5660 617 5717 neque
646 5643 705 5699 in
728 5643 1077 5713 argumento
1105 5635 1280 5708 paulo
1305 5639 1440 5691 ante
1465 5632 1622 5691 dicto
1645 5638 1915 5710 quadrat,
1936 5647 2079 5713 puta

2191 4653 2409 4712 δύναται
2467 4658 2841 4734 περιγενέσθαι
2896 4664 3005 4715 τῶν
3058 4667 3161 4731 τῆς
3219 4660 3419 4735 σαρκὸς
3457 4660 3668 4717 παθῶν.
3699 4659 3761 4716 Ὁ
3797 4656 3863 4714 δὲ

2190 4744 2378 4809 ἄλλως
2406 4768 2524 4809 πως
2555 4746 2748 4803 ἐσθίων
2808 4747 2845 4818 ἤ
2902 4748 3198 4821 νηστεύων,
3251 4750 3603 4824 κατάκριτος,
3665 4747 3859 4822 ὥσπερ

2187 4841 2295 4891 τῶν
2322 4838 2579 4911 αἱρέσεων
2610 4858 2769 4900 τινες.
2816 4840 3003 4895 Ταῦτα
3059 4835 3150 4892 οὖν
3209 4837 3337 4913 περὶ
3394 4841 3504 4893 τῶν
3558 4836 3863 4907 νηστευόν-

2191 4945 2320 4994 των,
2349 4937 2438 4981 καί
2471 4926 2755 4991 ἐσθιόντων
2802 4925 2994 4990 ἰδικῶς
3044 4925 3373 4999 ἐκληπτέον,
3430 4926 3579 4983 ἆ).λὰ
3631 4927 3710 5001 μή
3764 4920 3863 4981 ἐπὶ

2190 5014 2377 5071 ἄλλων
2431 5020 2616 5073 τινῶν.
2678 5018 2758 5074 Οὐ
2816 5018 2923 5093 γὰρ
2982 5015 3071 5072 ἐπὶ
3128 5018 3303 5073 πάντα
3361 5018 3389 5072 6
3446 5016 3627 5072 κανὼν
3688 5012 3862 5078 οὗτος

2190 5103 2572 5177 διήκει,ὰλλ’,
2627 5108 2701 5168 ὡς
2756 5101 2985 5185 ἔφημεν,
3045 5104 3222 5171 ἰδικός
3274 5104 3444 5176 ἐστιν,
3504 5104 3594 5161 ἐπὶ
3649 5103 3867 5160 τούτου

2194 5196 2359 5269 μόνον
2392 5194 2483 5249 καὶ
2537 5198 2645 5249 τῶν
2708 5194 2917 5268 ὁμοίιον
2968 5190 3550 5270 περιλαμϐανόμενος.
3596 5194 3688 5250 Διὸ
3737 5190 3868 5248 οὑδ’

2189 5283 2274 5339 ἐπὶ
2308 5288 2405 5339 τοῦ
2461 5284 2565 5356 πρὸ
2629 5287 2828 5359 μικροῦ
2886 5282 3181 5359 εἰρημένου
3236 5284 3543 5362 κεφαλαίου
3598 5281 3873 5357 ἁρμόζει,

2190 5375 2306 5428 οἷον
2364 5371 2452 5427 ἐπὶ
2504 5376 2600 5427 τοῦ
2652 5371 2703 5427 ἐν
2752 5377 2871 5435 τοῖς
2927 5375 3187 5448 βρώμασι
3241 5369 3687 5447 διακρινομένου·
3755 5370 3877 5425 Καὶ

2188 5463 2291 5538 γὰρ
2320 5461 2523 5523 ἐκεῖνος
2583 5464 2660 5534 μή
2719 5461 2940 5534 ἐσθίων,
2999 5463 3132 5521 οὐχὶ
3190 5462 3267 5524 εἰς
3319 5459 3477 5533 δόξαν
3529 5462 3629 5516 οὑκ
3688 5458 3879 5515 ἐσθίει

2185 5558 2284 5607 τοῦ
2315 5555 2573 5627 Χριστοῦ,
2607 5548 2736 5605 ἀλλ’
2768 5551 2842 5612 ὡς
2872 5550 3104 5621 ὰσθενής
3159 5550 3250 5608 καί
3300 5551 3634 5627 ᾂστηρικτος
3681 5548 3736 5602 ἐν
3789 5552 3881 5623 τῇ

2186 5642 2382 5698 πίστει.
2417 5639 2575 5697 ’Λλλ’
2605 5638 2805 5695 ἐκεῖνον
2842 5641 2938 5713 μὲν
2971 5642 3035 5698 οὗ
3080 5639 3164 5698 δεῖ
3222 5641 3567 5715 κατακρίνειν
3620 5635 3712 5693 διὰ
3767 5638 3884 5696 τὸν
