2061 3215
162 235 228 264 593

726 237 923 268 COMMENT.
949 239 987 268 IN
1013 238 1138 269 EPIST.
1162 241 1213 269 AD
1237 241 1332 271 RUM.

1824 244 1883 274 594

162 303 273 340 καιρὸν,
291 304 333 331 δτι
349 304 425 343 ἀρχὴ
442 306 493 332 τοῦ
508 304 688 342 κηρύγματος
703 306 749 340 ἦν.
764 306 815 333 Τὸν
832 304 860 333 δὲ
874 305 986 333 ἓσθίονττ

1056 307 1091 334 de
1108 315 1143 335 eo
1159 308 1208 343 qui
1230 309 1308 337 inter
1334 310 1414 337 cibos
1444 311 1604 339 discernit:
1635 312 1686 339 ille
1716 312 1795 339 enim
1823 320 1882 340 non

163 350 227 377 καθ’
248 349 353 387 ἡμέραν
384 349 431 376 καὶ
460 350 623 383 νηστεύοντα
653 350 719 387 ὑπὲρ
749 351 866 388 ἡμέραν,
897 350 927 378 οὐ
958 349 999 378 δεῖ

164 393 244 424 ὅλως
261 392 318 422 οὐδ’
346 392 440 431 ἕτερον
472 393 529 422 οὐδ’
563 394 647 432 ἑτέρῳ
674 395 779 432 μέμψιν
807 395 925 433 ἐπάγειν,
956 394 998 422 ὅτι

164 438 254 476 ἄμρῳ
270 438 308 470 εἷς
319 437 399 473 δόξαν
416 438 516 476 Κυρίου
542 441 668 466 ποιοῦσιν
697 439 712 466 ὅ
740 442 861 467 ποιοῦσι.
885 440 938 467 Καὶ
967 440 1000 467 τὰ

164 482 264 521 ἐρεξῆς
295 482 343 510 ὅσα
371 483 433 520 περὶ
458 484 509 517 τήν
538 483 622 518 αὐτὴν
652 482 756 511 ἔννοιαν
787 484 938 522 στρέφεται,
955 483 999 511 ἐπὶ

162 530 222 555 τῶν
236 528 426 563 νηστευόντων
457 528 522 565 ὕπὶρ
551 528 668 565 ἡμέραν,
697 528 742 556 καὶ
770 528 915 556 ἐσθιόντων
941 529 999 556 καθ’

162 573 285 610 ἡμέραν,
300 571 454 608 ἐκληπτέον
476 573 570 610 μόνον·
587 574 658 607 οἷον,
674 585 688 599 (ί
720 572 757 600 Σὺ
786 571 816 600 δὲ
843 572 869 600 τί
898 574 999 611 κρίνεις

160 619 209 645 τὸν
226 615 347 657 ἀδελφόν
363 628 411 644 σου
428 626 435 651 ;
453 629 467 643 ιι
482 618 539 652 καὶ,
558 629 570 644 ε
595 618 666 654 ’Ἄρα
694 617 741 645 οὖν
780 615 890 648 ἕκαστος
919 619 999 654 ἡμῶν

160 662 226 699 περὶ
244 663 341 690 ἑαυτοῦ
356 661 441 700 λόγον
459 660 539 689 δώσει
556 665 596 699 τῷ
611 665 680 698 Θεῷ,
698 674 712 688 ››

1054 353 1154 388 edens,
1171 363 1360 391 nequaquam
1377 357 1413 384 ad
1442 358 1549 384 Christi
1576 358 1700 394 gloriam
1727 366 1785 386 non
1811 359 1881 392 edit,

1054 398 1105 425 sed
1120 401 1261 434 tanquam
1279 400 1438 428 imbecillis
1456 405 1486 429 et
1501 402 1638 429 infirmus
1654 403 1682 430 in
1700 403 1767 430 fide.
1781 404 1836 431 Sed
1851 403 1884 430 il‘

1054 442 1116 470 lum
1128 444 1249 478 quidem
1260 453 1318 472 non
1333 448 1451 481 oportet
1460 446 1660 474 condemnare
1673 450 1793 483 propter
1808 451 1882 475 tem-

1054 487 1135 522 poris
1149 489 1346 522 occasionem,
1360 490 1429 525 quia
1439 491 1660 526 przedicationis
1672 492 1789 519 initium
1800 496 1861 519 erat
1874 501 1880 519 :

1054 531 1141 559 illum
1156 541 1224 560 vero
1237 534 1286 569 qui
1304 535 1436 569 quotidie
1453 535 1523 570 edit,
1553 538 1604 563 aut
1626 544 1694 563 eum
1722 537 1771 571 qui
1795 545 1883 572 super

1055 576 1133 604 diem
1146 577 1274 614 jejunat,
1291 588 1387 615 neque
1404 580 1482 607 hunc
1495 589 1592 616 neque
1616 581 1744 608 alterum
1769 585 1884 617 oportet

1055 621 1177 649 omnino
1193 624 1382 651 accusatione
1399 626 1538 661 persequi
1555 634 1560 652 :
1578 626 1665 653 ambo
1680 626 1759 652 enim
1770 626 1806 653 ad
1822 626 1882 662 glo-

1055 665 1130 693 riam
1148 667 1197 694 Dei
1213 667 1325 695 faciunt
1341 670 1420 705 quod
1435 669 1558 697 faciunt.
1570 671 1605 696 Et
1616 670 1772 705 sequentia
1784 671 1884 698 omnia

161 717 352 745 quzecunque
369 709 405 736 ad
421 708 504 736 illam
520 710 698 744 torquentur
713 708 952 744 intelligentiam,
969 708 1005 736 de
1018 708 1225 745 jejunantibus
1238 713 1282 740 vel
1293 713 1512 742 abstinentibus
1524 723 1614 750 super
1642 714 1722 742 diem
1747 717 1777 741 et
1792 715 1882 742 eden-

160 755 242 782 tibus
259 754 403 789 quotidie,
420 753 595 789 accipienda
609 755 725 780 tantum
742 756 822 787 sunt,
839 753 927 789 quale
943 755 988 780 est
1002 752 1094 781 illud:
1114 766 1124 778 ι
1138 756 1179 783 Tu
1195 760 1294 785 autem
1317 758 1389 793 quid
1409 758 1529 794 judicas
1554 759 1676 786 fratrem
1703 761 1784 786 tuum
1796 759 1809 786 ‘2
1822 767 1836 782 ι)
1854 762 1883 786 ιιι

162 799 239 827 illud
252 808 259 826 :
280 810 292 821 ιι
308 799 400 834 Igitur
414 798 621 833 unusquisque
634 801 771 825 nostrum
787 798 823 825 de
839 798 937 833 seipso
952 797 1100 826 rationem
1115 800 1198 828 dabit
1213 802 1282 830 Deo.
1300 813 1314 827 η

199 844 271 872 Εἶτα
301 840 393 870 λαϐὼν
425 841 547 869 ἐντεῦθεν
581 842 733 881 ἀφορμήν,
760 842 805 869 καὶ

161 889 204 916 ὃτι
222 887 322 925 Κύριον
337 885 441 924 ἔχομεν
458 886 502 914 καὶ
518 887 615 922 κριτὴν
642 885 686 913 ἐπὶ
714 888 764 913 τοῦ
792 886 929 923 βήματος,
959 885 997 916 εἷς

158 932 323 970 παραίνεσιν
339 931 431 969 ἀνοίγει
459 931 505 958 τὸν
534 930 617 968 λόγον
647 930 807 966 καθολικήν.
838 931 884 965 Τί,
915 930 993 969 φησὶ,

157 979 243 1005 τοῦτο
258 975 278 1012 ἤ
295 976 381 1003 ἐκεῖνο
402 975 477 1014 λέγω
494 985 501 1010 ;
517 975 595 1003 Οὕτω
622 974 664 1002 δεῖ
678 975 746 1012 πρὸς
763 974 907 1010 ἀλλήλους
936 973 995 1002 δια-

157 1022 281 1056 κεῖσθαι,
298 1020 367 1048 ὥστε
387 1020 414 1048 ἒν
437 1019 546 1057 μηδενὶ,
568 1018 600 1047 τὸ
626 1019 690 1046 ὅσον
719 1019 760 1059 ἐφ’
786 1020 865 1056 ἡμῖν,
883 1018 992 1057 ἐπάγειν

161 1066 307 1101 ἀλλήλοις
322 1066 489 1102 πρόσκομμα
552 1063 715 1093 σκάνδαλον,
746 1077 760 1090 ι(
778 1065 825 1099 Τῷ
852 1062 962 1101 ἀδελφῷ
979 1075 993 1090 ››

162 1109 189 1138 δὲ
203 1110 382 1147 εἶ’ρῃκεν,καξ
405 1108 434 1136 ἐκ
462 1111 510 1136 τοῦ
541 1109 675 1145 ὀνόματος
704 1107 863 1143 δυσωπῆσαι
893 1107 991 1140 θέλων·

161 1169 175 1181 ‹‹
200 1156 248 1189 Τί,
279 1155 356 1193 φησὶ,
386 1152 599 1188 σκανδαλίζεις;
627 1165 642 1180 ››
667 1152 800 1193 Ἀδελφός
831 1153 878 1180 σού
908 1152 991 1189 ἐστιν,

163 1201 249 1237 μέλος
268 1200 316 1226 σού
332 1199 412 1233 ἐστιν,
426 1197 470 1225 ἕνα
487 1199 592 1236 Ιῐατέρα
616 1196 704 1235 ἔχετε,
732 1196 777 1225 ἕνα
806 1197 990 1236 Δημιουργόν.

161 1247 171 1256 ι
265 1246 277 1254 ν
327 1245 332 1252 ~
433 1246 446 1251 ε
483 1244 489 1252 π
517 1245 522 1253 ν
554 1244 561 1254 ε
592 1245 607 1251 -ι
676 1244 683 1252 1
765 1244 770 1252 ν
792 1242 804 1252 ’κ
922 1243 930 1253 \
979 1243 988 1252 κ

172 1249 211 1274 Αν
246 1256 292 1272 ουν
321 1250 447 1282 αναιρεθῃ
478 1255 512 1283 αφ
551 1255 627 1280 υμων
655 1254 688 1271 τα
723 1242 860 1271 σκανοαλα
884 1253 930 1270 και
958 1253 992 1270 τα

158 1291 377 1328 προσκόμματα,
393 1289 494 1324 πολλῷ
517 1288 625 1324 μᾶλλον
640 1289 844 1326 ἀναιρεθήσεται
871 1288 904 1316 τὸ
929 1287 991 1325 κρί-

156 1347 210 1364 νειν
240 1336 286 1362 καὶ
316 1334 496 1371 κατακρίνειν.
536 1333 610 1371 Οὐχὶ
640 1333 722 1370 μόνον
754 1334 785 1361 τὸ
813 1332 857 1360 ἐπὶ
899 1332 989 1369 τούτῳ

155 1381 256 1418 κρίνειν
274 1380 317 1407 καὶ
338 1379 519 1416 κατακρίνειν,
551 1378 569 1413 ἢ
597 1378 643 1406 ἓπὶ
672 1379 772 1415 τούτῳ,
801 1377 865 1405 ἄλλ’
894 1377 989 1408 ἁπλῶς

154 1427 198 1453 καὶ
215 1424 338 1452 καθόλου
354 1424 559 1460 ἀναιρεθήσεται
575 1424 607 1450 τὸ
617 1423 718 1460 κρίνειν
740 1422 814 1454 ὅλως
843 1421 988 1458 ἀλλήλους

154 1471 198 1498 καὶ
215 1469 397 1506 κατακρίνειν.
414 1469 465 1496 Καὶ
481 1468 542 1495 τότε
555 1464 628 1495 ἔσται
644 1467 683 1500 ὡς
711 1467 739 1495 ἀ)
749 1468 824 1503 ηθῶς
854 1468 868 1494 ὅ
887 1478 917 1495 τε
949 1468 987 1504 μή

158 1516 320 1553 κρινόμενος
335 1515 580 1551 τρισμακάριστος,
594 1513 639 1540 καὶ
656 1513 670 1540 ὁ
702 1514 740 1549 μὴ
768 1513 869 1551 κρίνων
899 1522 987 1550 παρα-

156 1561 286 1595 πλήσιος,
309 1559 334 1586 ἐν
353 1560 436 1595 ἀρετῇ
456 1559 500 1585 καὶ
530 1557 653 1596 ἁγιότητι
671 1558 779 1592 ζώντων
809 1558 901 1593 ἡμῶν,
941 1556 986 1583 καὶ

841 842 946 878 ἁναμνή
951 851 999 874 σας

1090 844 1164 873 885
1184 846 1294 875 Deinde
1317 851 1436 881 sumpta
1464 848 1533 875 hinc
1558 848 1713 875 occasione
1736 856 1769 875 ac
1795 857 1881 875 men-

1054 889 1133 917 tione
1148 890 1225 918 iacta
1241 892 1321 927 quod
1336 893 1494 920 Dominum
1510 893 1655 920 habemus
1664 892 1833 928 etjudicem
1849 893 1879 920 in

1054 934 1192 961 tribunali
1210 935 1375 969 sedentem,
1392 937 1428 963 ad
1445 936 1615 972 generalem
1642 936 1879 964 admonitionem

1049 979 1193 1005 convertit
1209 987 1391 1008 sermonem.
1411 980 1487 1013 Quid
1503 980 1559 1008 hoc
1574 983 1625 1008 aut
1640 981 1715 1008 illud
1732 980 1797 1008 dico
1809 980 1823 1008 ‘I
1837 981 1879 1007 in-

1048 1022 1122 1057 quit.
1139 1024 1183 1051 Ita
1197 1027 1314 1059 oportet
1328 1025 1365 1052 ad
1390 1033 1440 1052 eos
1469 1025 1594 1053 invicem
1623 1028 1726 1052 mutuo
1756 1026 1878 1053 affectos

1048 1075 1113 1094 esse
1128 1070 1161 1094 ut
1176 1068 1204 1094 in
1222 1069 1304 1096 nullo
1321 1072 1466 1104 quantum
1482 1070 1511 1096 in
1527 1069 1612 1097 nobis
1629 1072 1674 1096 est
1700 1069 1876 1097 inducamus

1047 1111 1123 1139 alius
1130 1112 1180 1139 alii
1192 1113 1387 1141 offensionem
1400 1117 1450 1141 aut
1460 1114 1767 1141 offendiculumﬂixit
1774 1116 1874 1141 autem

1047 1167 1061 1180 ‹‹
1077 1156 1182 1190 Fratri,
1199 1168 1213 1181 η
1229 1157 1330 1185 volens
1346 1162 1376 1185 et
1390 1158 1511 1186 nomine
1527 1158 1656 1186 ﬂectere.
1677 1170 1687 1183 ι
1705 1159 1811 1192 Quare,
1827 1159 1874 1185 in-

1046 1201 1121 1236 quit,
1138 1202 1288 1229 offendis?
1304 1213 1315 1227 υ
1334 1203 1435 1230 Frater
1451 1206 1519 1230 tuus
1534 1206 1588 1236 est,
1603 1203 1770 1230 membrum
1788 1206 1872 1230 tuum

1046 1247 1101 1279 est,
1116 1254 1208 1273 unum
1222 1246 1340 1274 habetis
1364 1248 1492 1281 Patrem,
1520 1255 1613 1275 unum
1643 1248 1822 1275 Creatorem.
1844 1248 1872 1274 Si

1045 1298 1113 1326 ergo
1131 1290 1254 1318 sublatas
1270 1291 1381 1319 fuerint
1396 1300 1413 1319 a
1427 1292 1509 1319 vobis
1525 1292 1704 1320 offensiones
1733 1294 1763 1319 et
1786 1300 1871 1319 scan-

1045 1335 1123 1368 dala,
1139 1336 1233 1364 multo
1248 1338 1342 1373 magis
1358 1337 1666 1373 aufereturjudicium
1682 1339 1712 1364 et
1730 1337 1871 1365 condem—

1044 1380 1125 1407 natio
1138 1388 1144 1407 :
1162 1389 1221 1408 non
1237 1381 1334 1409 solum
1349 1390 1386 1409 ne
1400 1382 1438 1409 ob
1454 1383 1510 1410 hoc
1525 1385 1576 1410 aut
1590 1382 1665 1409 illud
1684 1382 1826 1418 judicetis
1841 1385 1871 1409 et

1044 1426 1247 1454 condemnetis
1259 1435 1265 1454 ι
1275 1427 1326 1454 sed
1338 1427 1515 1463 simpliciter
1527 1428 1594 1455 etin
1607 1430 1701 1455 totum
1708 1427 1869 1459 auferetur,

1043 1478 1081 1497 ne
1097 1471 1219 1498 omnino
1235 1471 1311 1499 alius
1327 1472 1419 1499 alium
1431 1472 1573 1507 judicetis
1598 1474 1628 1499 et
1651 1471 1868 1500 condemnetis.

1042 1516 1077 1542 Et
1092 1517 1162 1543 tunc
1177 1524 1243 1543 vere
1260 1517 1316 1543 erit
1341 1519 1370 1543 et
1398 1517 1448 1551 qui
1479 1525 1537 1544 non
1559 1516 1712 1552 judicatur
1740 1516 1869 1543 maxime

1041 1559 1156 1592 beatus,
1174 1563 1203 1587 et
1217 1561 1369 1595 proximus
1385 1560 1467 1587 illius
1497 1560 1546 1595 qui
1572 1568 1631 1587 non
1654 1560 1780 1595 judicat,
1801 1568 1868 1587 cum

156 1608 201 1633 τοῦ
217 1606 320 1642 κρίνειν
347 1604 393 1630 καὶ
420 1603 566 1640 κρίνεσθαι,
597 1604 683 1629 πᾶσαν
713 1601 743 1629 ἐκ
772 1600 885 1629 πολλῶν
907 1611 986 1636 ποιη-

1044 1612 1097 1632 nos
1114 1605 1143 1631 in
1156 1604 1263 1632 virtute
1278 1607 1307 1632 et
1322 1604 1478 1632 sanctitate
1493 1605 1664 1638 vixerimus,
1695 1607 1724 1631 et
1749 1612 1868 1631 omnem

156 1651 280 1686 σαμένων
298 1649 444 1688 πρόιρασιν.
463 1651 495 1674 Ὤ
525 1646 633 1675 Παύλου
663 1650 757 1684 φωνῆς
775 1647 780 1674 ί
798 1644 820 1672 ὤ
836 1644 986 1682 οἰκοδόμου

158 1694 286 1731 θεμέλιος
306 1696 311 1721 Ξ
328 1695 418 1722 Τοῦτο
433 1693 551 1730 κρίνατε,
567 1692 645 1730 φησὶ,
675 1692 705 1719 τὸ
721 1692 759 1728 μή
788 1690 984 1728 τιθέναι-πρόσ-

157 1751 254 1775 κομμι
278 1741 318 1774 τῲ
347 1737 458 1776 ἁδελψῷ
487 1739 502 1771 ἦ
543 1735 703 1764 σκάνδαλον·
733 1735 834 1771 ταύτην
862 1734 985 1771 κρηπῖδα

159 1785 271 1821 πρώτην
284 1781 479 1813 καταϐάλεσθε.
508 1783 554 1809 "Av
584 1781 652 1816 αὕτη
682 1780 798 1818 ὲδρασῦῇ
829 1780 855 1808 ἐν
874 1781 938 1817 ὑμῖν
965 1781 981 1815 ἡ

162 1829 274 1863 κρηπὶς,
290 1829 348 1864 ρᾷον
369 1828 403 1854 τὰ
432 1826 504 1854 ἄλλα
533 1825 727 1862 ἐποικοδομεῖν
749 1826 831 1853 ἐστιν.
849 1837 863 1851 ‹‹
893 1825 943 1852 Καὶ
968 1825 982 1852 ὁ

172 1871 210 1905 μὴ
226 1873 324 1907 φρονῶν
338 1873 385 1905 τὴν
403 1870 519 1907 ἡμέραν.
538 1880 550 1896 ι
581 1872 612 1898 Ὀ
642 1869 742 1904 οὕτως,
773 1869 850 1908 φησὶ,
874 1871 980 1908 φρονῶν

169 1914 240 1941 ὥπε
260 1916 315 1947 καθ’
341 1916 439 1953 ἡμέραν
469 1914 617 1950 νηστεύειν,
643 1913 688 1942 διὰ
714 1914 759 1942 τὸν
787 1914 883 1950 Κύριον
910 1913 981 1942 οὕτω

163 1962 267 1996 φρονεῖ,
297 1960 340 1987 Καὶ
365 1962 378 1988 ὁ
410 1962 516 1999 φρονῶν
545 1959 614 1987 ὥστε
639 1960 699 1986 καθ’
726 1959 831 1996 ἡμέραν
863 1960 901 1995 μὴ
931 1970 981 1993 νη-

159 2005 271 2038 στεύειν,
288 2003 330 2032 ὃιΞι
345 2006 390 2032 τὸν
408 2005 504 2042 Κύριον
523 2004 608 2035 οὕτως
630 2006 734 2041 φρονεῖ.
751 2006 805 2031 [liv
833 2002 861 2031 δὲ
889 2004 903 2031 ὃ
938 2002 982 2031 διὰ

156 2051 201 2076 τὸν
221 2050 318 2086 Κύριον
334 2050 448 2087 γίνεται,
469 2049 553 2076 καλόν
572 2048 639 2083 ἐστι,
670 2048 759 2087 φησίν.
777 2061 791 2074 ‹‹
818 2048 983 2086 Εὖχαριστεῖ

155 2095 204 2131 γάρ
234 2106 273 2130 τῳ
303 2098 371 2131 Θεῳ,
390 2107 403 2119 n
425 2094 456 2121 Εἱ
487 2094 543 2128 οὖν,
571 2093 649 2130 φησὶ,
678 2094 709 2121 τὸ
736 2093 842 2131 γαίριον
868 2093 981 2131 γίνεται,

154 2141 183 2167 τὸ
210 2139 256 2168 διὰ
284 2140 392 2168 πάντων
423 2139 624 2176 εὐχαριττεῖοπιι
657 2139 703 2166 τὸν
728 2139 804 2173 Θεὸν,
833 2139 859 2166 τί
888 2138 983 2176 διαᾳέ-

153 2186 231 2221 geat);
260 2185 321 2222 περὶ
349 2188 401 2218 τῆς
430 2184 554 2218 νηστείας
583 2182 654 2210 οὕτω
679 2181 803 2220 σοοδρως
837 2193 844 2218 ;
873 2184 981 2222 Ὀλίγον

154 2230 205 2268 γάρ
240 2230 272 2257 τὸ
304 2230 395 2265 μέσον.
428 2225 670 2266 Συγκαταϐατικῶς
700 2228 748 2264 μὲν
778 2228 863 2259 οὕτως
894 2227 980 2266 λέγει.

1035 1648 1190 1684 judicandi
1206 1650 1257 1675 aut
1272 1648 1490 1675 condemnandi
1507 1648 1694 1675 occasionem
1715 1656 1750 1675 ex
1765 1647 1868 1675 multis

1038 1692 1259 1721 abstulerimus.
1278 1693 1299 1721 Ο
1315 1693 1397 1720 Pauli
1424 1701 1536 1726 vocem,
1554 1701 1570 1720 ο
1588 1692 1742 1720 architecti
1765 1692 1869 1719 funda—

1037 1741 1170 1766 mentum
1185 1737 1191 1765 ί
1209 1739 1268 1765 Hoc
1284 1738 1335 1772 ait,
1349 1738 1483 1774 judicate
1500 1746 1536 1765 ne
1551 1740 1678 1774 ponatur
1704 1737 1867 1764 offendicu-

1037 1784 1099 1811 lum
1111 1784 1195 1811 fratri
1207 1786 1258 1811 aut
1269 1784 1393 1811 offensio
1403 1792 1409 1811 :
1422 1784 1498 1811 hanc
1509 1784 1636 1819 primam
1652 1783 1846 1819 basimjacite
1859 1791 1864 1809 :

1036 1829 1060 1856 si
1070 1829 1126 1857 hoc
1139 1829 1318 1864 principium
1330 1829 1360 1855 in
1371 1828 1452 1856 vobis
1464 1828 1554 1855 fuerit
1566 1828 1743 1863 perfectum,
1759 1829 1867 1854 (διείργει

1034 1873 1122 1900 facile
1137 1873 1227 1900 fuerit
1250 1873 1498 1908 superaedificare.
1527 1884 1540 1897 ς.
1557 1873 1592 1899 Et
1616 1873 1666 1907 qui
1692 1881 1751 1899 non
1775 1874 1860 1899 curat

1035 1918 1124 1945 diem.
1142 1928 1157 1943 »
1173 1918 1225 1945 Vel
1239 1918 1281 1944 ita
1295 1917 1368 1944 dicit
1382 1925 1388 1943 :
1404 1917 1455 1944 Cui
1472 1925 1550 1944 curas
1566 1919 1657 1944 estut
1671 1917 1803 1952 quotidie
1815 1916 1860 1951 je-

1032 1963 1120 1999 junet
1134 1965 1185 1989 aut
1199 1961 1357 1995 abstineat,
1374 1964 1495 1997 propter
1511 1961 1669 1988 Dominum
1685 1961 1726 1988 ita
1736 1961 1860 1988 affectus

1035 2010 1089 2042 est;
1100 2007 1159 2034 imo
1167 2007 1213 2034 cui
1226 2015 1303 2034 cura:
1318 2008 1363 2033 est
1373 2008 1405 2033 ut
1421 2005 1553 2041 quotidie
1565 2005 1763 2041 nonjejunet,
1775 2005 1862 2041 juxta

1036 2052 1194 2080 Dominum
1203 2051 1291 2087 sapit.
1303 2050 1450 2085 Quidquid
1459 2053 1558 2078 autem
1570 2053 1691 2086 propter
1706 2050 1863 2077 Dominum

1035 2098 1083 2129 sit,
1100 2097 1212 2124 bonum
1227 2098 1280 2123 est.
1301 2106 1314 2121 ιι
1330 2095 1446 2123 Gratias
1461 2095 1540 2122 enim
1557 2095 1617 2131 agit
1633 2096 1703 2122 Deo.
1719 2105 1733 2120 »
1752 2095 1779 2121 Si
1810 2095 1864 2130 igi-

1035 2144 1082 2170 tur
1098 2143 1300 2177 opportunum
1314 2140 1444 2168 efficitur
1457 2148 1541 2175 opus,
1566 2142 1599 2167 ut
1622 2140 1681 2167 Deo
1697 2148 1749 2175 per
1765 2139 1866 2166 omnia

1035 2187 1137 2223 gratia)
1146 2189 1279 2222 agantur,
1299 2193 1390 2221 quare
1403 2185 1482 2212 circa
1487 2184 1637 2220 jejunium
1651 2184 1725 2212 adeo
1737 2184 1864 2211 disside-

1036 2231 1096 2258 tis?
1115 2232 1241 2259 Parvum
1270 2230 1350 2257 enim
1379 2232 1423 2257 est
1451 2229 1622 2257 discrimen.
1652 2229 1862 2257 Condescendo

155 2274 230 2308 Πλὴν
245 2277 304 2305 πῶς
318 2273 427 2301 δύναται
441 2274 550 2309 Χριστῷ
565 2272 735 2310 εὐχαριστεῖν
752 2273 765 2300 ὁ
793 2273 831 2309 μή
862 2272 957 2300 ἐσθίων
973 2284 980 2309 ;

1044 2276 1158 2312 quidem
1174 2276 1216 2302 ita
1231 2274 1302 2301 dicit
1317 2283 1323 2302 :
1340 2275 1476 2301 Attamen
1487 2274 1634 2309 quomodo
1646 2273 1862 2309 potestChristo

151 2320 194 2349 Ὡς
209 2320 261 2356 γάρ
276 2321 324 2346 τοῦ
339 2318 426 2354 νόμον
443 2317 590 2354 ἐχόμενος,
607 2317 658 2344 οὐκ
683 2316 774 2345 ἐσθίει.
803 2317 850 2344 Καὶ
881 2316 979 2345 λοιπὸν

153 2363 312 2401 εὐχαριστεῖ
325 2374 365 2399 τῳ
382 2366 450 2399 Θεῳ,
468 2363 480 2388 ὁ
498 2361 604 2393 ἐσθίων.

187 2451 286 2483 Οὐδεὶς
312 2452 363 2489 γὰρ
392 2453 473 2488 ἡμῶν
504 2451 591 2478 tau-:6)
616 2451 660 2487 ζῇ,
693 2450 737 2477 καὶ
776 2449 865 2481 οὐδεὶς
894 2450 981 2487 ἑαυτῳ

153 2499 329 2533 ἀποθνήσκει.
346 2497 408 2525 Ἐὰν
428 2506 457 2523 τε
476 2495 527 2533 γὰρ
562 2495 661 2531 ζῶμεν,
689 2498 728 2522 τῶ
758 2497 851 2533 Κυρίῳ
880 2498 980 2533 ζῶμεν·

153 2543 199 2570 ἐάν
215 2553 245 2570 τε
259 2543 484 2577 ἀποθνήσκωμεν,
504 2550 544 2576 τῳ
559 2539 652 2577 Κυρίῳ
678 2539 894 2577 ἀποθνήσκομεν.
920 2542 981 2569 Ἐάν

152 2597 182 2614 τε
212 2587 258 2614 οὖν
283 2588 385 2623 ζῶμεν,
415 2584 458 2612 ἐάν
491 2595 521 2612 τε
548 2584 775 2620 ἀποθνήσκωμεν,
804 2584 853 2611 τοῖ’)
883 2586 980 2622 Κυρίου

153 2631 243 2668 ἐσμέν.
278 2630 324 2662 Εἷς
351 2632 433 2658 τοῦτο
467 2629 518 2667 γὰρ
547 2629 669 2666 Χριστὸς
697 2628 743 2655 καὶ
781 2628 906 2664 ἀπέθανε,
935 2631 980 2657 καὶ

153 2676 263 2711 ἀνέστη,
292 2676 338 2704 καὶ
379 2672 486 2709 ἔζησεν,
514 2673 559 2701 ἳνα
587 2672 631 2700 καὶ
664 2675 766 2711 νεκρῶν
795 2673 840 2700 καὶ
870 2674 979 2709 ζώντων

152 2721 292 2759 κυριεύσῃ.

186 2767 323 2803 Ἐχομεν,
341 2765 421 2805 φησὶ,
449 2763 589 2802 Κύριονῷ
616 2764 661 2790 καὶ
692 2765 780 2800 ζῶμεν
807 2764 851 2791 ἑὰν
881 2766 979 2801 ζῶμεν,

153 2812 176 2847 ᾧ
190 2812 236 2839 καὶ
262 2811 473 2847 ἀποθνήσκομεν
507 2809 552 2836 ἐὰν
582 2808 809 2844 ἀποθνήσκωμεν.
831 2808 861 2836 Εἰ
878 2809 923 2836 οὗν
940 2820 980 2845 τῳ

155 2856 245 2893 Κυρίῳ
261 2855 381 2896 διαφέρει
397 2856 478 2892 ἡμῶν
503 2855 521 2889 ἡ
552 2854 608 2888 ζωὴ
626 2853 669 2880 καὶ
703 2853 716 2879 ὁ
746 2853 869 2887 θάνατος,
900 2853 980 2886 αὐτὸς

156 2901 331 2939 οἰκονομήσει
347 2900 381 2928 τὰ
395 2900 454 2932 καθ’
468 2900 555 2935 ἡμᾶς,
571 2898 616 2925 καὶ
645 2896 676 2925 οὒ
705 2898 786 2935 χρεία
815 2898 916 2935 κρίνειν
932 2899 978 2926 τὸν

1035 2321 1145 2357 gratias
1161 2328 1247 2355 agere
1263 2319 1288 2346 is
1316 2319 1365 2353 qui
1389 2327 1449 2346 non
1471 2318 1560 2345 edit?
1588 2319 1659 2345 Nam
1691 2318 1775 2353 quasi
1805 2318 1861 2354 legi

1037 2365 1193 2392 adhaerens
1208 2372 1266 2391 non
1283 2363 1352 2391 edit.
1369 2365 1514 2390 Caeterqu
1530 2363 1554 2389 is
1579 2362 1629 2398 qui
1655 2362 1726 2396 edit,
1751 2363 1861 2398 gratias

1036 2410 1097 2446 agit
1112 2410 1180 2436 Deo.

1072 2454 1129 2489 XV,
1146 2455 1204 2480 7-9.
1223 2464 1236 2478 «
1253 2452 1357 2480 Nullus
1373 2452 1451 2479 enim
1467 2454 1602 2479 nostrum
1618 2451 1672 2479 sibi
1703 2451 1758 2487 ipsi
1781 2451 1859 2485 vivit,

1036 2510 1051 2524 ι(
1069 2501 1097 2525 et
1112 2497 1212 2525 nullus
1224 2499 1362 2524 nostrum
1386 2495 1442 2523 sibi
1468 2495 1524 2531 ipsi
1552 2495 1687 2523 moritur.
1713 2496 1784 2522 Nam
1801 2496 1860 2523 sive

1036 2555 1051 2569 ‹‹
1067 2544 1209 2576 vivamus,
1225 2542 1348 2569 Domino
1364 2540 1487 2568 vivimus
1508 2550 1515 2574 ;
1533 2540 1592 2568 sive
1609 2540 1781 2576 moriamur,
1809 2542 1862 2569 Do-

1038 2599 1051 2613 ‹‹
1067 2588 1147 2615 mino
1163 2587 1318 2614 morimur.
1337 2586 1399 2613 Sive
1415 2594 1482 2621 ergo
1511 2585 1642 2613 vivamus
1655 2585 1729 2620 [sive
1754 2587 1863 2614 moria-

1036 2644 1049 2657 (ι
1067 2640 1144 2665 mur,
1161 2631 1278 2659 Domini
1295 2639 1407 2658 sumus.
1424 2630 1458 2657 In
1487 2630 1543 2657 hoc
1569 2630 1647 2657 enim
1676 2630 1811 2658 Christus
1836 2635 1864 2659 et

1036 2688 1048 2702 α
1067 2679 1202 2704 mortuus
1218 2679 1263 2703 est
1278 2678 1307 2703 et
1320 2674 1483 2702 resurrexit
1496 2682 1530 2702 ac
1546 2674 1662 2707 revixit,
1679 2677 1712 2702 ut
1731 2678 1760 2703 et
1784 2685 1865 2704 mor-

1036 2731 1049 2747 »
1067 2721 1126 2748 tuis
1142 2723 1171 2747 et
1185 2720 1257 2748 vivis
1272 2720 1453 2747 dominetur.
1472 2731 1482 2744 ι

1072 2765 1231 2797 Habemus,
1248 2764 1355 2800 inquit,
1372 2763 1530 2791 Dominum
1556 2763 1603 2790 cui
1635 2766 1664 2791 et
1688 2765 1810 2792 vivimus
1836 2766 1860 2793 si

1035 2810 1170 2843 vivimus,
1187 2810 1234 2837 cui
1247 2810 1337 2837 etiam
1352 2809 1498 2836 morimur
1514 2809 1538 2836 si
1554 2809 1709 2837 morimur.
1725 2810 1802 2837 886
1831 2810 1860 2837 Si

1035 2864 1103 2892 ergo
1118 2855 1154 2882 ad
1169 2856 1327 2882 Dominum
1343 2855 1401 2882 vita
1419 2862 1557 2889 morsque
1572 2854 1710 2889 pertinet,
1725 2854 1787 2889 ipse
1798 2855 1858 2882 dis-

1034 2901 1126 2936 ponet
1140 2908 1206 2935 quai
1221 2908 1275 2927 nos
1288 2900 1475 2935 contingunt,
1489 2906 1584 2933 neque
1600 2897 1858 2933 oportetjudicare
