  <div class='ocr_page' id='page_1' title='image "/cluster/home/n/w/nwhite01/storage/ocr_20150623/118:no.1/coo.31924054870229/311.png"; bbox 0 0 4122 6422; ppageno 0'>
   <div class='ocr_carea' id='block_1_1' title="bbox 385 443 503 503">
    <p class='ocr_par' dir='ltr' id='par_1_1' title="bbox 385 443 503 503">
     <span class='ocr_line' id='line_1_1' title="bbox 385 443 503 503; baseline 0 -1"><span class='ocrx_word' id='word_1_1' title='bbox 385 443 503 503; x_wconf 78' lang='lat'>595</span> 
     </span>
    </p>
   </div>
   <div class='ocr_carea' id='block_1_2' title="bbox 1509 438 2708 505">
    <p class='ocr_par' dir='ltr' id='par_1_2' title="bbox 1509 438 2708 505">
     <span class='ocr_line' id='line_1_2' title="bbox 1509 438 2708 505; baseline 0.003 -6"><span class='ocrx_word' id='word_1_2' title='bbox 1509 438 1934 500; x_wconf 75' lang='lat' dir='ltr'>(ECUMENII</span> <span class='ocrx_word' id='word_1_3' title='bbox 1981 439 2288 500; x_wconf 69' lang='lat' dir='ltr'>TIllCCJE</span> <span class='ocrx_word' id='word_1_4' title='bbox 2331 439 2708 505; x_wconf 80' lang='lat' dir='ltr'>EPISCOPI.</span> 
     </span>
    </p>
   </div>
   <div class='ocr_carea' id='block_1_3' title="bbox 3693 444 3820 506">
    <p class='ocr_par' dir='ltr' id='par_1_3' title="bbox 3693 444 3820 506">
     <span class='ocr_line' id='line_1_3' title="bbox 3693 444 3820 506; baseline 0.016 -2"><span class='ocrx_word' id='word_1_5' title='bbox 3693 444 3820 506; x_wconf 72' lang='lat'>596</span> 
     </span>
    </p>
   </div>
   <div class='ocr_carea' id='block_1_4' title="bbox 384 566 2049 652">
    <p class='ocr_par' dir='ltr' id='par_1_4' title="bbox 384 569 2044 646">
     <span class='ocr_line' id='line_1_4' title="bbox 384 569 2044 646; baseline -0.002 -17"><span class='ocrx_word' id='word_1_6' title='bbox 384 573 721 646; x_wconf 83' lang='lat' dir='ltr'>proximum</span> <span class='ocrx_word' id='word_1_7' title='bbox 753 575 856 625; x_wconf 88' lang='lat' dir='ltr'>aut</span> <span class='ocrx_word' id='word_1_8' title='bbox 886 569 1210 641; x_wconf 79' lang='lat' dir='ltr'>despicere.</span> <span class='ocrx_word' id='word_1_9' title='bbox 1266 592 1294 621; x_wconf 75' lang='grc' dir='ltr'>ι(</span> <span class='ocrx_word' id='word_1_10' title='bbox 1328 572 1473 626; x_wconf 85' lang='lat' dir='ltr'>Nam</span> <span class='ocrx_word' id='word_1_11' title='bbox 1524 571 1642 626; x_wconf 84' lang='lat' dir='ltr'>sive</span> <span class='ocrx_word' id='word_1_12' title='bbox 1692 570 1978 626; x_wconf 81' lang='lat' dir='ltr'>vivamus.</span> <span class='ocrx_word' id='word_1_13' title='bbox 2016 593 2044 619; x_wconf 82' lang='lat'>»</span> 
     </span>
    </p>
   </div>
   <div class='ocr_carea' id='block_1_5' title="bbox 2163 566 3818 652">
    <p class='ocr_par' dir='ltr' id='par_1_5' title="bbox 2163 566 3818 652">
     <span class='ocr_line' id='line_1_5' title="bbox 2163 566 3818 652; baseline 0.009 -29"><span class='ocrx_word' id='word_1_14' title='bbox 2163 566 2398 639; x_wconf 77' lang='grc' dir='ltr'>πλησίον</span> <span class='ocrx_word' id='word_1_15' title='bbox 2430 574 2467 643; x_wconf 73' lang='grc' dir='ltr'>ἣ</span> <span class='ocrx_word' id='word_1_16' title='bbox 2499 572 2812 644; x_wconf 70' lang='grc' dir='ltr'>ἐξουθενεῖν.</span> <span class='ocrx_word' id='word_1_17' title='bbox 2849 600 2878 630; x_wconf 84' lang='lat'><strong>«</strong></span> <span class='ocrx_word' id='word_1_18' title='bbox 2909 575 3036 634; x_wconf 81' lang='grc' dir='ltr'>Ἐάν</span> <span class='ocrx_word' id='word_1_19' title='bbox 3077 596 3150 632; x_wconf 60' lang='grc' dir='ltr'>⁴τε</span> <span class='ocrx_word' id='word_1_20' title='bbox 3207 574 3315 652; x_wconf 66' lang='grc' dir='ltr'>γὰρ</span> <span class='ocrx_word' id='word_1_21' title='bbox 3348 579 3549 648; x_wconf 78' lang='grc' dir='ltr'>ζῶμεν.</span> <span class='ocrx_word' id='word_1_22' title='bbox 3585 599 3614 628; x_wconf 82' lang='grc'><strong>&gt;›</strong></span> <span class='ocrx_word' id='word_1_23' title='bbox 3654 577 3818 641; x_wconf 83' lang='grc' dir='ltr'>Ζωῆς</span> 
     </span>
    </p>
   </div>
   <div class='ocr_carea' id='block_1_6' title="bbox 382 659 2034 734">
    <p class='ocr_par' dir='ltr' id='par_1_6' title="bbox 382 659 2034 734">
     <span class='ocr_line' id='line_1_6' title="bbox 382 659 2034 734; baseline -0.002 -14"><span class='ocrx_word' id='word_1_24' title='bbox 382 665 513 734; x_wconf 89' lang='lat' dir='ltr'>Ipse</span> <span class='ocrx_word' id='word_1_25' title='bbox 545 660 842 732; x_wconf 86' lang='lat' dir='ltr'>siquidem</span> <span class='ocrx_word' id='word_1_26' title='bbox 871 659 1032 714; x_wconf 89' lang='lat' dir='ltr'>solus</span> <span class='ocrx_word' id='word_1_27' title='bbox 1065 659 1196 714; x_wconf 73' lang='lat' dir='ltr'>vita)</span> <span class='ocrx_word' id='word_1_28' title='bbox 1228 676 1294 714; x_wconf 90' lang='lat' dir='ltr'>ac</span> <span class='ocrx_word' id='word_1_29' title='bbox 1327 661 1536 716; x_wconf 88' lang='lat' dir='ltr'>mortis</span> <span class='ocrx_word' id='word_1_30' title='bbox 1569 659 1746 715; x_wconf 89' lang='lat' dir='ltr'>habet</span> <span class='ocrx_word' id='word_1_31' title='bbox 1776 664 2034 732; x_wconf 63' lang='lat' dir='ltr'>potestav</span> 
     </span>
    </p>
   </div>
   <div class='ocr_carea' id='block_1_7' title="bbox 383 748 2037 806">
    <p class='ocr_par' dir='ltr' id='par_1_7' title="bbox 383 748 2037 806">
     <span class='ocr_line' id='line_1_7' title="bbox 383 748 2037 806; baseline -0.002 0"><span class='ocrx_word' id='word_1_32' title='bbox 383 756 524 806; x_wconf 88' lang='lat' dir='ltr'>tem.</span> <span class='ocrx_word' id='word_1_33' title='bbox 560 773 587 800; x_wconf 85' lang='grc'>‹‹</span> <span class='ocrx_word' id='word_1_34' title='bbox 622 750 687 804; x_wconf 87' lang='lat' dir='ltr'>In</span> <span class='ocrx_word' id='word_1_35' title='bbox 722 748 833 804; x_wconf 91' lang='lat' dir='ltr'>hoc</span> <span class='ocrx_word' id='word_1_36' title='bbox 879 748 1039 803; x_wconf 89' lang='lat' dir='ltr'>enim</span> <span class='ocrx_word' id='word_1_37' title='bbox 1097 748 1362 803; x_wconf 82' lang='lat' dir='ltr'>Christus</span> <span class='ocrx_word' id='word_1_38' title='bbox 1424 754 1480 803; x_wconf 91' lang='lat' dir='ltr'>et</span> <span class='ocrx_word' id='word_1_39' title='bbox 1536 755 1807 805; x_wconf 87' lang='lat' dir='ltr'>mortuus</span> <span class='ocrx_word' id='word_1_40' title='bbox 1865 755 1974 803; x_wconf 88' lang='lat' dir='ltr'>est.</span> <span class='ocrx_word' id='word_1_41' title='bbox 2011 770 2037 799; x_wconf 83' lang='grc'><strong>››</strong></span> 
     </span>
    </p>
   </div>
   <div class='ocr_carea' id='block_1_8' title="bbox 384 837 2038 909">
    <p class='ocr_par' dir='ltr' id='par_1_8' title="bbox 384 837 2038 909">
     <span class='ocr_line' id='line_1_8' title="bbox 384 837 2038 909; baseline -0.002 -14"><span class='ocrx_word' id='word_1_42' title='bbox 384 841 696 896; x_wconf 80' lang='lat' dir='ltr'>Rationem</span> <span class='ocrx_word' id='word_1_43' title='bbox 732 837 1041 909; x_wconf 76' lang='lat' dir='ltr'>subjunxit</span> <span class='ocrx_word' id='word_1_44' title='bbox 1069 855 1174 893; x_wconf 90' lang='lat' dir='ltr'>cur</span> <span class='ocrx_word' id='word_1_45' title='bbox 1205 855 1315 893; x_wconf 88' lang='lat' dir='ltr'>nos</span> <span class='ocrx_word' id='word_1_46' title='bbox 1348 844 1405 893; x_wconf 88' lang='lat' dir='ltr'>et</span> <span class='ocrx_word' id='word_1_47' title='bbox 1434 839 1694 893; x_wconf 74' lang='lat' dir='ltr'>viventes</span> <span class='ocrx_word' id='word_1_48' title='bbox 1725 843 1784 893; x_wconf 91' lang='lat' dir='ltr'>et</span> <span class='ocrx_word' id='word_1_49' title='bbox 1819 839 2038 895; x_wconf 91' lang='lat' dir='ltr'>mortui</span> 
     </span>
    </p>
   </div>
   <div class='ocr_carea' id='block_1_9' title="bbox 385 927 2042 995">
    <p class='ocr_par' dir='ltr' id='par_1_9' title="bbox 385 927 2042 995">
     <span class='ocr_line' id='line_1_9' title="bbox 385 927 2042 995; baseline -0.002 -11"><span class='ocrx_word' id='word_1_50' title='bbox 385 929 604 984; x_wconf 79' lang='lat' dir='ltr'>Christi</span> <span class='ocrx_word' id='word_1_51' title='bbox 628 927 836 984; x_wconf 87' lang='lat' dir='ltr'>simus.</span> <span class='ocrx_word' id='word_1_52' title='bbox 870 927 957 984; x_wconf 73' lang='lat' dir='ltr'>Ad</span> <span class='ocrx_word' id='word_1_53' title='bbox 989 927 1116 981; x_wconf 79' lang='lat' dir='ltr'>haec</span> <span class='ocrx_word' id='word_1_54' title='bbox 1147 931 1340 982; x_wconf 88' lang='lat' dir='ltr'>autem</span> <span class='ocrx_word' id='word_1_55' title='bbox 1376 927 1554 982; x_wconf 90' lang='lat' dir='ltr'>etiam</span> <span class='ocrx_word' id='word_1_56' title='bbox 1587 927 1737 982; x_wconf 90' lang='lat' dir='ltr'>illud</span> <span class='ocrx_word' id='word_1_57' title='bbox 1759 927 2042 995; x_wconf 76' lang='lat' dir='ltr'>ostendit,</span> 
     </span>
    </p>
   </div>
   <div class='ocr_carea' id='block_1_10' title="bbox 389 1016 2045 1089">
    <p class='ocr_par' dir='ltr' id='par_1_10' title="bbox 389 1016 2045 1089">
     <span class='ocr_line' id='line_1_10' title="bbox 389 1016 2045 1089; baseline -0.002 -16"><span class='ocrx_word' id='word_1_58' title='bbox 389 1017 550 1089; x_wconf 88' lang='lat' dir='ltr'>quod</span> <span class='ocrx_word' id='word_1_59' title='bbox 591 1017 638 1072; x_wconf 92' lang='lat' dir='ltr'>si</span> <span class='ocrx_word' id='word_1_60' title='bbox 671 1021 834 1071; x_wconf 88' lang='lat' dir='ltr'>tanta</span> <span class='ocrx_word' id='word_1_61' title='bbox 858 1016 1014 1071; x_wconf 89' lang='lat' dir='ltr'>circa</span> <span class='ocrx_word' id='word_1_62' title='bbox 1046 1032 1154 1072; x_wconf 88' lang='lat' dir='ltr'>nos</span> <span class='ocrx_word' id='word_1_63' title='bbox 1209 1033 1353 1071; x_wconf 90' lang='lat' dir='ltr'>usus</span> <span class='ocrx_word' id='word_1_64' title='bbox 1404 1022 1494 1071; x_wconf 90' lang='lat' dir='ltr'>est</span> <span class='ocrx_word' id='word_1_65' title='bbox 1545 1016 1930 1088; x_wconf 83' lang='lat' dir='ltr'>providentia,</span> <span class='ocrx_word' id='word_1_66' title='bbox 1981 1023 2045 1072; x_wconf 88' lang='lat' dir='ltr'>ut</span> 
     </span>
    </p>
   </div>
   <div class='ocr_carea' id='block_1_11' title="bbox 391 1107 2040 1179">
    <p class='ocr_par' dir='ltr' id='par_1_11' title="bbox 391 1107 2040 1179">
     <span class='ocr_line' id='line_1_11' title="bbox 391 1107 2040 1179; baseline -0.002 -15"><span class='ocrx_word' id='word_1_67' title='bbox 391 1109 573 1164; x_wconf 89' lang='lat' dir='ltr'>etiam</span> <span class='ocrx_word' id='word_1_68' title='bbox 633 1108 1098 1179; x_wconf 81' lang='lat' dir='ltr'>cruciﬁgeretur,</span> <span class='ocrx_word' id='word_1_69' title='bbox 1149 1123 1528 1178; x_wconf 79' lang='lat' dir='ltr'>nequaquam</span> <span class='ocrx_word' id='word_1_70' title='bbox 1578 1125 1688 1162; x_wconf 88' lang='lat' dir='ltr'>nos</span> <span class='ocrx_word' id='word_1_71' title='bbox 1735 1107 2040 1178; x_wconf 84' lang='lat' dir='ltr'>despiciet.</span> 
     </span>
    </p>
   </div>
   <div class='ocr_carea' id='block_1_12' title="bbox 394 1194 2045 1252">
    <p class='ocr_par' dir='ltr' id='par_1_12' title="bbox 394 1194 2045 1252">
     <span class='ocr_line' id='line_1_12' title="bbox 394 1194 2045 1252; baseline -0.001 0"><span class='ocrx_word' id='word_1_72' title='bbox 394 1199 541 1252; x_wconf 89' lang='lat' dir='ltr'>Nam</span> <span class='ocrx_word' id='word_1_73' title='bbox 575 1195 623 1251; x_wconf 88' lang='lat' dir='ltr'>si</span> <span class='ocrx_word' id='word_1_74' title='bbox 650 1196 837 1250; x_wconf 89' lang='lat' dir='ltr'>nostri</span> <span class='ocrx_word' id='word_1_75' title='bbox 888 1195 1067 1250; x_wconf 88' lang='lat' dir='ltr'>etiam</span> <span class='ocrx_word' id='word_1_76' title='bbox 1114 1194 1258 1251; x_wconf 90' lang='lat' dir='ltr'>dum</span> <span class='ocrx_word' id='word_1_77' title='bbox 1317 1196 1534 1251; x_wconf 81' lang='lat' dir='ltr'>mortui</span> <span class='ocrx_word' id='word_1_78' title='bbox 1586 1211 1792 1251; x_wconf 87' lang='lat' dir='ltr'>sumus</span> <span class='ocrx_word' id='word_1_79' title='bbox 1841 1211 2045 1251; x_wconf 88' lang='lat' dir='ltr'>curam</span> 
     </span>
    </p>
   </div>
   <div class='ocr_carea' id='block_1_13' title="bbox 397 1283 2045 1357">
    <p class='ocr_par' dir='ltr' id='par_1_13' title="bbox 397 1283 2045 1357">
     <span class='ocr_line' id='line_1_13' title="bbox 397 1283 2045 1357; baseline -0.001 -18"><span class='ocrx_word' id='word_1_80' title='bbox 397 1283 594 1348; x_wconf 85' lang='lat' dir='ltr'>habet,</span> <span class='ocrx_word' id='word_1_81' title='bbox 628 1284 814 1339; x_wconf 90' lang='lat' dir='ltr'>multo</span> <span class='ocrx_word' id='word_1_82' title='bbox 848 1284 1034 1357; x_wconf 77' lang='lat' dir='ltr'>magis</span> <span class='ocrx_word' id='word_1_83' title='bbox 1067 1284 1206 1339; x_wconf 88' lang='lat' dir='ltr'>dum</span> <span class='ocrx_word' id='word_1_84' title='bbox 1238 1284 1505 1340; x_wconf 84' lang='lat' dir='ltr'>vivimus.</span> <span class='ocrx_word' id='word_1_85' title='bbox 1542 1285 1660 1340; x_wconf 83' lang='lat' dir='ltr'>Hoc</span> <span class='ocrx_word' id='word_1_86' title='bbox 1692 1285 1872 1340; x_wconf 86' lang='lat' dir='ltr'>etiam</span> <span class='ocrx_word' id='word_1_87' title='bbox 1903 1283 2045 1339; x_wconf 88' lang='lat' dir='ltr'>dicit</span> 
     </span>
    </p>
   </div>
   <div class='ocr_carea' id='block_1_14' title="bbox 395 1374 2045 1446">
    <p class='ocr_par' dir='ltr' id='par_1_14' title="bbox 395 1374 2045 1446">
     <span class='ocr_line' id='line_1_14' title="bbox 395 1374 2045 1446; baseline 0 -16"><span class='ocrx_word' id='word_1_88' title='bbox 395 1375 677 1431; x_wconf 84' lang='lat' dir='ltr'>adversus</span> <span class='ocrx_word' id='word_1_89' title='bbox 707 1391 805 1429; x_wconf 90' lang='lat' dir='ltr'>eos</span> <span class='ocrx_word' id='word_1_90' title='bbox 838 1374 938 1445; x_wconf 89' lang='lat' dir='ltr'>qui</span> <span class='ocrx_word' id='word_1_91' title='bbox 972 1374 1373 1430; x_wconf 85' lang='lat' dir='ltr'>condemnant</span> <span class='ocrx_word' id='word_1_92' title='bbox 1402 1375 1560 1446; x_wconf 88' lang='lat' dir='ltr'>quod</span> <span class='ocrx_word' id='word_1_93' title='bbox 1583 1375 1960 1430; x_wconf 89' lang='lat' dir='ltr'>inﬁrmorum</span> <span class='ocrx_word' id='word_1_94' title='bbox 1983 1375 2045 1430; x_wconf 89' lang='lat' dir='ltr'>in</span> 
     </span>
    </p>
   </div>
   <div class='ocr_carea' id='block_1_15' title="bbox 395 1463 2050 1528">
    <p class='ocr_par' dir='ltr' id='par_1_15' title="bbox 395 1463 2050 1528">
     <span class='ocr_line' id='line_1_15' title="bbox 395 1463 2050 1528; baseline 0.001 -10"><span class='ocrx_word' id='word_1_95' title='bbox 395 1464 511 1518; x_wconf 89' lang='lat' dir='ltr'>ﬁde</span> <span class='ocrx_word' id='word_1_96' title='bbox 545 1480 746 1519; x_wconf 88' lang='lat' dir='ltr'>curam</span> <span class='ocrx_word' id='word_1_97' title='bbox 780 1463 1000 1519; x_wconf 86' lang='lat' dir='ltr'>habeat</span> <span class='ocrx_word' id='word_1_98' title='bbox 1028 1464 1203 1528; x_wconf 89' lang='lat' dir='ltr'>Deus,</span> <span class='ocrx_word' id='word_1_99' title='bbox 1238 1463 1310 1518; x_wconf 95' lang='lat' dir='ltr'>ob</span> <span class='ocrx_word' id='word_1_100' title='bbox 1344 1464 1698 1519; x_wconf 84' lang='lat' dir='ltr'>immensam</span> <span class='ocrx_word' id='word_1_101' title='bbox 1749 1463 1908 1519; x_wconf 88' lang='lat' dir='ltr'>circa</span> <span class='ocrx_word' id='word_1_102' title='bbox 1937 1478 2050 1519; x_wconf 81' lang='lat' dir='ltr'>nos</span> 
     </span>
    </p>
   </div>
   <div class='ocr_carea' id='block_1_16' title="bbox 396 1551 2050 1625">
    <p class='ocr_par' dir='ltr' id='par_1_16' title="bbox 396 1551 2050 1625">
     <span class='ocr_line' id='line_1_16' title="bbox 396 1551 2050 1625; baseline 0 -18"><span class='ocrx_word' id='word_1_103' title='bbox 396 1553 854 1625; x_wconf 84' lang='lat' dir='ltr'>providentiam,</span> <span class='ocrx_word' id='word_1_104' title='bbox 881 1557 938 1606; x_wconf 90' lang='lat' dir='ltr'>et</span> <span class='ocrx_word' id='word_1_105' title='bbox 955 1568 1089 1606; x_wconf 90' lang='lat' dir='ltr'>cum</span> <span class='ocrx_word' id='word_1_106' title='bbox 1113 1553 1215 1622; x_wconf 86' lang='lat' dir='ltr'>qui</span> <span class='ocrx_word' id='word_1_107' title='bbox 1239 1551 1354 1607; x_wconf 90' lang='lat' dir='ltr'>ﬁde</span> <span class='ocrx_word' id='word_1_108' title='bbox 1372 1553 1626 1624; x_wconf 89' lang='lat' dir='ltr'>pusillus</span> <span class='ocrx_word' id='word_1_109' title='bbox 1653 1557 1743 1609; x_wconf 85' lang='lat' dir='ltr'>est</span> <span class='ocrx_word' id='word_1_110' title='bbox 1767 1552 2050 1609; x_wconf 83' lang='lat' dir='ltr'>adhorta-</span> 
     </span>
    </p>
   </div>
   <div class='ocr_carea' id='block_1_17' title="bbox 396 1641 2048 1709">
    <p class='ocr_par' dir='ltr' id='par_1_17' title="bbox 396 1641 2048 1709">
     <span class='ocr_line' id='line_1_17' title="bbox 396 1641 2048 1709; baseline -0.001 -11"><span class='ocrx_word' id='word_1_111' title='bbox 396 1648 514 1709; x_wconf 90' lang='lat' dir='ltr'>tur,</span> <span class='ocrx_word' id='word_1_112' title='bbox 542 1642 697 1698; x_wconf 88' lang='lat' dir='ltr'>facta</span> <span class='ocrx_word' id='word_1_113' title='bbox 712 1642 1144 1698; x_wconf 80' lang='lat' dir='ltr'>beneﬁcmrum</span> <span class='ocrx_word' id='word_1_114' title='bbox 1158 1641 1261 1698; x_wconf 90' lang='lat' dir='ltr'>Dei</span> <span class='ocrx_word' id='word_1_115' title='bbox 1287 1643 1613 1700; x_wconf 87' lang='lat' dir='ltr'>mentione.</span> <span class='ocrx_word' id='word_1_116' title='bbox 1643 1663 1669 1695; x_wconf 84' lang='grc' dir='ltr'>ιι</span> <span class='ocrx_word' id='word_1_117' title='bbox 1692 1644 1758 1700; x_wconf 85' lang='lat' dir='ltr'>Et</span> <span class='ocrx_word' id='word_1_118' title='bbox 1777 1648 2048 1700; x_wconf 88' lang='lat' dir='ltr'>mortuus</span> 
     </span>
    </p>
   </div>
   <div class='ocr_carea' id='block_1_18' title="bbox 398 1731 2051 1804">
    <p class='ocr_par' dir='ltr' id='par_1_18' title="bbox 398 1731 2051 1804">
     <span class='ocr_line' id='line_1_18' title="bbox 398 1731 2051 1804; baseline -0.001 -15"><span class='ocrx_word' id='word_1_119' title='bbox 398 1738 491 1789; x_wconf 88' lang='lat' dir='ltr'>est</span> <span class='ocrx_word' id='word_1_120' title='bbox 520 1738 578 1788; x_wconf 89' lang='lat' dir='ltr'>et</span> <span class='ocrx_word' id='word_1_121' title='bbox 604 1733 950 1789; x_wconf 82' lang='lat' dir='ltr'>resurrexit.</span> <span class='ocrx_word' id='word_1_122' title='bbox 986 1754 1013 1782; x_wconf 84' lang='grc'>››</span> <span class='ocrx_word' id='word_1_123' title='bbox 1045 1731 1211 1798; x_wconf 90' lang='lat' dir='ltr'>Quod</span> <span class='ocrx_word' id='word_1_124' title='bbox 1240 1731 1434 1802; x_wconf 87' lang='lat' dir='ltr'>nobis,</span> <span class='ocrx_word' id='word_1_125' title='bbox 1469 1733 1682 1804; x_wconf 89' lang='lat' dir='ltr'>inquit,</span> <span class='ocrx_word' id='word_1_126' title='bbox 1716 1732 2051 1790; x_wconf 84' lang='lat' dir='ltr'>dominare-</span> 
     </span>
    </p>
   </div>
   <div class='ocr_carea' id='block_1_19' title="bbox 403 1821 2051 1892">
    <p class='ocr_par' dir='ltr' id='par_1_19' title="bbox 403 1821 2051 1892">
     <span class='ocr_line' id='line_1_19' title="bbox 403 1821 2051 1892; baseline -0.001 -16"><span class='ocrx_word' id='word_1_127' title='bbox 403 1826 519 1890; x_wconf 88' lang='lat' dir='ltr'>tur,</span> <span class='ocrx_word' id='word_1_128' title='bbox 543 1821 709 1892; x_wconf 87' lang='lat' dir='ltr'>prius</span> <span class='ocrx_word' id='word_1_129' title='bbox 730 1821 855 1892; x_wconf 86' lang='lat' dir='ltr'>ipse</span> <span class='ocrx_word' id='word_1_130' title='bbox 870 1821 1066 1892; x_wconf 79' lang='lat' dir='ltr'>justas</span> <span class='ocrx_word' id='word_1_131' title='bbox 1097 1837 1305 1876; x_wconf 83' lang='lat' dir='ltr'>causas</span> <span class='ocrx_word' id='word_1_132' title='bbox 1331 1821 1624 1892; x_wconf 85' lang='lat' dir='ltr'>deposuit.</span> <span class='ocrx_word' id='word_1_133' title='bbox 1663 1843 1690 1874; x_wconf 85' lang='grc' dir='ltr'>ιι</span> <span class='ocrx_word' id='word_1_134' title='bbox 1721 1822 1792 1877; x_wconf 88' lang='lat' dir='ltr'>Ut</span> <span class='ocrx_word' id='word_1_135' title='bbox 1823 1828 1882 1876; x_wconf 87' lang='lat' dir='ltr'>et</span> <span class='ocrx_word' id='word_1_136' title='bbox 1911 1821 2051 1877; x_wconf 89' lang='lat' dir='ltr'>vivis</span> 
     </span>
    </p>
   </div>
   <div class='ocr_carea' id='block_1_20' title="bbox 2145 658 3813 739">
    <p class='ocr_par' dir='ltr' id='par_1_20' title="bbox 2145 658 3813 739">
     <span class='ocr_line' id='line_1_20' title="bbox 2145 658 3813 739; baseline 0.004 -27"><span class='ocrx_word' id='word_1_137' title='bbox 2145 660 2250 732; x_wconf 78' lang='grc' dir='ltr'>γὰρ</span> <span class='ocrx_word' id='word_1_138' title='bbox 2309 660 2470 726; x_wconf 82' lang='grc' dir='ltr'>αὐτὸς</span> <span class='ocrx_word' id='word_1_139' title='bbox 2525 661 2618 717; x_wconf 85' lang='grc' dir='ltr'>καὶ</span> <span class='ocrx_word' id='word_1_140' title='bbox 2677 664 2912 727; x_wconf 74' lang='grc' dir='ltr'>θανάτου</span> <span class='ocrx_word' id='word_1_141' title='bbox 2972 665 3140 738; x_wconf 79' lang='grc' dir='ltr'>μόνος</span> <span class='ocrx_word' id='word_1_142' title='bbox 3201 658 3321 739; x_wconf 68' lang='grc' dir='ltr'>ἔχει</span> <span class='ocrx_word' id='word_1_143' title='bbox 3384 665 3484 733; x_wconf 74' lang='grc' dir='ltr'>τὴν</span> <span class='ocrx_word' id='word_1_144' title='bbox 3543 662 3813 735; x_wconf 77' lang='grc' dir='ltr'>ἐξουσίαν.</span> 
     </span>
    </p>
   </div>
   <div class='ocr_carea' id='block_1_21' title="bbox 2150 747 3820 828">
    <p class='ocr_par' dir='ltr' id='par_1_21' title="bbox 2150 747 3820 828">
     <span class='ocr_line' id='line_1_21' title="bbox 2150 747 3820 828; baseline 0.003 -24"><span class='ocrx_word' id='word_1_145' title='bbox 2150 769 2178 797; x_wconf 77' lang='grc' dir='ltr'>(ι</span> <span class='ocrx_word' id='word_1_146' title='bbox 2215 747 2306 810; x_wconf 83' lang='grc' dir='ltr'>Εἰς</span> <span class='ocrx_word' id='word_1_147' title='bbox 2335 753 2498 806; x_wconf 88' lang='grc' dir='ltr'>τοῦτο</span> <span class='ocrx_word' id='word_1_148' title='bbox 2529 751 2632 826; x_wconf 77' lang='grc' dir='ltr'>γὰρ</span> <span class='ocrx_word' id='word_1_149' title='bbox 2664 752 2892 826; x_wconf 86' lang='grc' dir='ltr'>Χριστὸς</span> <span class='ocrx_word' id='word_1_150' title='bbox 2950 753 3040 808; x_wconf 87' lang='grc' dir='ltr'>καὶ</span> <span class='ocrx_word' id='word_1_151' title='bbox 3096 753 3350 816; x_wconf 69' lang='grc' dir='ltr'>ἀπέθανε.</span> <span class='ocrx_word' id='word_1_152' title='bbox 3413 773 3442 805; x_wconf 78' lang='grc' dir='ltr'>ιι</span> <span class='ocrx_word' id='word_1_153' title='bbox 3494 753 3593 808; x_wconf 83' lang='grc' dir='ltr'>Τὸν</span> <span class='ocrx_word' id='word_1_154' title='bbox 3650 753 3820 828; x_wconf 85' lang='grc' dir='ltr'>λογι-</span> 
     </span>
    </p>
   </div>
   <div class='ocr_carea' id='block_1_22' title="bbox 2151 837 3818 915">
    <p class='ocr_par' dir='ltr' id='par_1_22' title="bbox 2151 837 3818 915">
     <span class='ocr_line' id='line_1_22' title="bbox 2151 837 3818 915; baseline 0.004 -25"><span class='ocrx_word' id='word_1_155' title='bbox 2151 837 2287 908; x_wconf 81' lang='grc' dir='ltr'>σμὸν</span> <span class='ocrx_word' id='word_1_156' title='bbox 2345 837 2602 915; x_wconf 63' lang='grc' dir='ltr'>ἐπήγαγε,</span> <span class='ocrx_word' id='word_1_157' title='bbox 2657 846 2756 896; x_wconf 88' lang='grc' dir='ltr'>τοῦ</span> <span class='ocrx_word' id='word_1_158' title='bbox 2812 843 2902 897; x_wconf 83' lang='grc' dir='ltr'>καὶ</span> <span class='ocrx_word' id='word_1_159' title='bbox 2963 846 3174 911; x_wconf 81' lang='grc' dir='ltr'>ζῶντας</span> <span class='ocrx_word' id='word_1_160' title='bbox 3227 844 3380 915; x_wconf 76' lang='grc' dir='ltr'>ἡμᾶς</span> <span class='ocrx_word' id='word_1_161' title='bbox 3439 842 3532 897; x_wconf 83' lang='grc' dir='ltr'>καὶ</span> <span class='ocrx_word' id='word_1_162' title='bbox 3600 843 3818 897; x_wconf 84' lang='grc' dir='ltr'>ἀποθα-</span> 
     </span>
    </p>
   </div>
   <div class='ocr_carea' id='block_1_23' title="bbox 2150 927 3819 1005">
    <p class='ocr_par' dir='ltr' id='par_1_23' title="bbox 2150 927 3819 1005">
     <span class='ocr_line' id='line_1_23' title="bbox 2150 927 3819 1005; baseline 0.005 -27"><span class='ocrx_word' id='word_1_163' title='bbox 2150 927 2339 990; x_wconf 83' lang='grc' dir='ltr'>νόντας</span> <span class='ocrx_word' id='word_1_164' title='bbox 2370 930 2500 984; x_wconf 74' lang='grc' dir='ltr'>εἶναι</span> <span class='ocrx_word' id='word_1_165' title='bbox 2530 933 2626 983; x_wconf 84' lang='grc' dir='ltr'>τοῦ</span> <span class='ocrx_word' id='word_1_166' title='bbox 2684 934 2941 1003; x_wconf 77' lang='grc' dir='ltr'>Χριστοῦ.</span> <span class='ocrx_word' id='word_1_167' title='bbox 2998 932 3143 1005; x_wconf 81' lang='grc' dir='ltr'>Πρὸς</span> <span class='ocrx_word' id='word_1_168' title='bbox 3202 927 3261 986; x_wconf 78' lang='lat' dir='ltr'>3‘s</span> <span class='ocrx_word' id='word_1_169' title='bbox 3315 931 3536 996; x_wconf 74' lang='grc' dir='ltr'>τούτοις</span> <span class='ocrx_word' id='word_1_170' title='bbox 3590 929 3819 988; x_wconf 69' lang='grc' dir='ltr'>κάκεῖνο</span> 
     </span>
    </p>
   </div>
   <div class='ocr_carea' id='block_1_24' title="bbox 2152 1013 3827 1096">
    <p class='ocr_par' dir='ltr' id='par_1_24' title="bbox 2152 1013 3827 1096">
     <span class='ocr_line' id='line_1_24' title="bbox 2152 1013 3827 1096; baseline 0.003 -24"><span class='ocrx_word' id='word_1_171' title='bbox 2152 1013 2442 1090; x_wconf 83' lang='grc' dir='ltr'>δείκνυσιν,</span> <span class='ocrx_word' id='word_1_172' title='bbox 2478 1017 2582 1088; x_wconf 65' lang='grc' dir='ltr'>ὅτι,</span> <span class='ocrx_word' id='word_1_173' title='bbox 2618 1019 2806 1096; x_wconf 73' lang='grc' dir='ltr'>φησὶν,</span> <span class='ocrx_word' id='word_1_174' title='bbox 2841 1019 2902 1077; x_wconf 76' lang='grc' dir='ltr'>Εἰ</span> <span class='ocrx_word' id='word_1_175' title='bbox 2949 1021 3186 1096; x_wconf 73' lang='grc' dir='ltr'>τοσαύτῃ</span> <span class='ocrx_word' id='word_1_176' title='bbox 3249 1021 3375 1096; x_wconf 86' lang='grc' dir='ltr'>περὶ</span> <span class='ocrx_word' id='word_1_177' title='bbox 3433 1023 3580 1094; x_wconf 77' lang='grc' dir='ltr'>ἡμᾶς</span> <span class='ocrx_word' id='word_1_178' title='bbox 3639 1019 3827 1096; x_wconf 68' lang='grc' dir='ltr'>ἐχρή-</span> 
     </span>
    </p>
   </div>
   <div class='ocr_carea' id='block_1_25' title="bbox 2151 1107 3820 1186">
    <p class='ocr_par' dir='ltr' id='par_1_25' title="bbox 2151 1107 3820 1186">
     <span class='ocr_line' id='line_1_25' title="bbox 2151 1107 3820 1186; baseline 0.001 -23"><span class='ocrx_word' id='word_1_179' title='bbox 2151 1128 2288 1163; x_wconf 83' lang='grc' dir='ltr'>σατο</span> <span class='ocrx_word' id='word_1_180' title='bbox 2346 1107 2576 1178; x_wconf 75' lang='grc' dir='ltr'>προνοίᾳ</span> <span class='ocrx_word' id='word_1_181' title='bbox 2635 1109 2708 1171; x_wconf 84' lang='grc' dir='ltr'>ὡς</span> <span class='ocrx_word' id='word_1_182' title='bbox 2761 1109 2852 1164; x_wconf 89' lang='grc' dir='ltr'>καὶ</span> <span class='ocrx_word' id='word_1_183' title='bbox 2911 1111 3316 1186; x_wconf 78' lang='grc' dir='ltr'>σταυρωθῆναι,</span> <span class='ocrx_word' id='word_1_184' title='bbox 3374 1110 3473 1165; x_wconf 81' lang='grc' dir='ltr'>οὐκ</span> <span class='ocrx_word' id='word_1_185' title='bbox 3529 1108 3591 1164; x_wconf 76' lang='grc' dir='ltr'>ἄν</span> <span class='ocrx_word' id='word_1_186' title='bbox 3652 1113 3820 1183; x_wconf 76' lang='grc' dir='ltr'>ἡμῶν</span> 
     </span>
    </p>
   </div>
   <div class='ocr_carea' id='block_1_26' title="bbox 2151 1196 3821 1276">
    <p class='ocr_par' dir='ltr' id='par_1_26' title="bbox 2151 1196 3821 1276">
     <span class='ocr_line' id='line_1_26' title="bbox 2151 1196 3821 1276; baseline 0.001 -24"><span class='ocrx_word' id='word_1_187' title='bbox 2151 1199 2571 1275; x_wconf 78' lang='grc' dir='ltr'>καταφρονήσει.</span> <span class='ocrx_word' id='word_1_188' title='bbox 2631 1197 2700 1255; x_wconf 77' lang='lat' dir='ltr'>El‘</span> <span class='ocrx_word' id='word_1_189' title='bbox 2750 1199 2852 1273; x_wconf 83' lang='grc' dir='ltr'>γὰρ</span> <span class='ocrx_word' id='word_1_190' title='bbox 2904 1196 2996 1253; x_wconf 75' lang='grc' dir='ltr'>καῖ</span> <span class='ocrx_word' id='word_1_191' title='bbox 3054 1199 3438 1263; x_wconf 75' lang='grc' dir='ltr'>ἀποθανόντων</span> <span class='ocrx_word' id='word_1_192' title='bbox 3483 1201 3646 1274; x_wconf 78' lang='grc' dir='ltr'>ἡμῶν</span> <span class='ocrx_word' id='word_1_193' title='bbox 3674 1220 3821 1276; x_wconf 85' lang='grc' dir='ltr'>προ-</span> 
     </span>
    </p>
   </div>
   <div class='ocr_carea' id='block_1_27' title="bbox 2149 1284 3826 1362">
    <p class='ocr_par' dir='ltr' id='par_1_27' title="bbox 2149 1284 3826 1362">
     <span class='ocr_line' id='line_1_27' title="bbox 2149 1284 3826 1362; baseline 0.002 -22"><span class='ocrx_word' id='word_1_194' title='bbox 2149 1291 2282 1354; x_wconf 83' lang='grc' dir='ltr'>νοεῖ,</span> <span class='ocrx_word' id='word_1_195' title='bbox 2325 1284 2524 1358; x_wconf 82' lang='grc' dir='ltr'>πολλῷ</span> <span class='ocrx_word' id='word_1_196' title='bbox 2578 1285 2791 1358; x_wconf 83' lang='grc' dir='ltr'>μᾶλλον</span> <span class='ocrx_word' id='word_1_197' title='bbox 2850 1289 3094 1358; x_wconf 81' lang='grc' dir='ltr'>ζώντων.</span> <span class='ocrx_word' id='word_1_198' title='bbox 3154 1291 3331 1347; x_wconf 87' lang='grc' dir='ltr'>Τοῦτο</span> <span class='ocrx_word' id='word_1_199' title='bbox 3387 1285 3444 1343; x_wconf 69' lang='grc' dir='ltr'>δὲ</span> <span class='ocrx_word' id='word_1_200' title='bbox 3495 1289 3631 1362; x_wconf 84' lang='grc' dir='ltr'>πρὸς</span> <span class='ocrx_word' id='word_1_201' title='bbox 3687 1289 3826 1353; x_wconf 80' lang='grc' dir='ltr'>τοὺς</span> 
     </span>
    </p>
   </div>
   <div class='ocr_carea' id='block_1_28' title="bbox 2149 1373 3824 1455">
    <p class='ocr_par' dir='ltr' id='par_1_28' title="bbox 2149 1373 3824 1455">
     <span class='ocr_line' id='line_1_28' title="bbox 2149 1373 3824 1455; baseline 0.001 -25"><span class='ocrx_word' id='word_1_202' title='bbox 2149 1373 2572 1450; x_wconf 70' lang='grc' dir='ltr'>κατακρίνοντας</span> <span class='ocrx_word' id='word_1_203' title='bbox 2602 1375 2775 1453; x_wconf 67' lang='grc' dir='ltr'>λέγει,</span> <span class='ocrx_word' id='word_1_204' title='bbox 2817 1376 2902 1434; x_wconf 73' lang='grc' dir='ltr'>ὅτι</span> <span class='ocrx_word' id='word_1_205' title='bbox 2962 1383 3334 1455; x_wconf 73' lang='grc' dir='ltr'>φροντισθῶσι</span> <span class='ocrx_word' id='word_1_206' title='bbox 3389 1377 3538 1455; x_wconf 86' lang='grc' dir='ltr'>παρᾶ</span> <span class='ocrx_word' id='word_1_207' title='bbox 3591 1382 3707 1452; x_wconf 83' lang='grc' dir='ltr'>Θεῷ</span> <span class='ocrx_word' id='word_1_208' title='bbox 3769 1381 3824 1433; x_wconf 78' lang='grc' dir='ltr'>οἱ</span> 
     </span>
    </p>
   </div>
   <div class='ocr_carea' id='block_1_29' title="bbox 2153 1463 3826 1545">
    <p class='ocr_par' dir='ltr' id='par_1_29' title="bbox 2153 1463 3826 1545">
     <span class='ocr_line' id='line_1_29' title="bbox 2153 1463 3826 1545; baseline 0.004 -25"><span class='ocrx_word' id='word_1_209' title='bbox 2153 1463 2386 1530; x_wconf 78' lang='grc' dir='ltr'>ἀσθενεῖς</span> <span class='ocrx_word' id='word_1_210' title='bbox 2441 1469 2510 1538; x_wconf 81' lang='grc' dir='ltr'>τῇ</span> <span class='ocrx_word' id='word_1_211' title='bbox 2565 1464 2766 1536; x_wconf 88' lang='grc' dir='ltr'>πίστει,</span> <span class='ocrx_word' id='word_1_212' title='bbox 2828 1463 2918 1522; x_wconf 75' lang='grc' dir='ltr'>διὰ</span> <span class='ocrx_word' id='word_1_213' title='bbox 2972 1468 3074 1536; x_wconf 77' lang='grc' dir='ltr'>τήν</span> <span class='ocrx_word' id='word_1_214' title='bbox 3133 1466 3404 1538; x_wconf 80' lang='grc' dir='ltr'>τοσαύτην</span> <span class='ocrx_word' id='word_1_215' title='bbox 3479 1467 3643 1524; x_wconf 83' lang='grc' dir='ltr'>αὐτοῦ</span> <span class='ocrx_word' id='word_1_216' title='bbox 3691 1485 3826 1545; x_wconf 82' lang='grc' dir='ltr'>περὶ</span> 
     </span>
    </p>
   </div>
   <div class='ocr_carea' id='block_1_30' title="bbox 2152 1553 3826 1634">
    <p class='ocr_par' dir='ltr' id='par_1_30' title="bbox 2152 1553 3826 1634">
     <span class='ocr_line' id='line_1_30' title="bbox 2152 1553 3826 1634; baseline 0.002 -24"><span class='ocrx_word' id='word_1_217' title='bbox 2152 1554 2358 1616; x_wconf 77' lang='grc' dir='ltr'>πάντας</span> <span class='ocrx_word' id='word_1_218' title='bbox 2383 1554 2665 1628; x_wconf 60' lang='grc' dir='ltr'>πρόνοιαν</span> <span class='ocrx_word' id='word_1_219' title='bbox 2723 1556 2814 1612; x_wconf 72' lang='grc' dir='ltr'>καὶ</span> <span class='ocrx_word' id='word_1_220' title='bbox 2869 1557 2963 1612; x_wconf 87' lang='grc' dir='ltr'>τὸν</span> <span class='ocrx_word' id='word_1_221' title='bbox 3023 1554 3385 1634; x_wconf 84' lang='grc' dir='ltr'>ὀλιγόπιστον</span> <span class='ocrx_word' id='word_1_222' title='bbox 3443 1553 3501 1612; x_wconf 63' lang='lat' dir='ltr'>Si</span> <span class='ocrx_word' id='word_1_223' title='bbox 3550 1555 3826 1632; x_wconf 70' lang='grc' dir='ltr'>ἐντρέπει,</span> 
     </span>
    </p>
   </div>
   <div class='ocr_carea' id='block_1_31' title="bbox 2154 1643 3827 1718">
    <p class='ocr_par' dir='ltr' id='par_1_31' title="bbox 2154 1643 3827 1718">
     <span class='ocr_line' id='line_1_31' title="bbox 2154 1643 3827 1718; baseline 0.003 -20"><span class='ocrx_word' id='word_1_224' title='bbox 2154 1647 2260 1698; x_wconf 82' lang='grc' dir='ltr'>τῶν</span> <span class='ocrx_word' id='word_1_225' title='bbox 2295 1643 2614 1718; x_wconf 77' lang='grc' dir='ltr'>εὐεργεσιῶν</span> <span class='ocrx_word' id='word_1_226' title='bbox 2645 1643 3080 1718; x_wconf 76' lang='grc' dir='ltr'>ὑπομιμνήσκων</span> <span class='ocrx_word' id='word_1_227' title='bbox 3105 1649 3204 1701; x_wconf 87' lang='grc' dir='ltr'>τοῦ</span> <span class='ocrx_word' id='word_1_228' title='bbox 3259 1649 3419 1704; x_wconf 83' lang='grc' dir='ltr'>Θεοῦ.</span> <span class='ocrx_word' id='word_1_229' title='bbox 3455 1669 3478 1699; x_wconf 76' lang='grc' dir='ltr'>ε</span> <span class='ocrx_word' id='word_1_230' title='bbox 3545 1647 3647 1702; x_wconf 86' lang='grc' dir='ltr'>Καὶ</span> <span class='ocrx_word' id='word_1_231' title='bbox 3707 1647 3827 1703; x_wconf 78' lang='grc' dir='ltr'>ἀπ-</span> 
     </span>
    </p>
   </div>
   <div class='ocr_carea' id='block_1_32' title="bbox 2156 1731 3824 1810">
    <p class='ocr_par' dir='ltr' id='par_1_32' title="bbox 2156 1731 3824 1810">
     <span class='ocr_line' id='line_1_32' title="bbox 2156 1731 3824 1810; baseline 0.004 -24"><span class='ocrx_word' id='word_1_232' title='bbox 2156 1731 2311 1786; x_wconf 68' lang='grc' dir='ltr'>ἑθανε</span> <span class='ocrx_word' id='word_1_233' title='bbox 2338 1731 2428 1786; x_wconf 86' lang='grc' dir='ltr'>καὶ</span> <span class='ocrx_word' id='word_1_234' title='bbox 2475 1731 2695 1802; x_wconf 72' lang='grc' dir='ltr'>ἀνέστη.</span> <span class='ocrx_word' id='word_1_235' title='bbox 2731 1756 2758 1784; x_wconf 86' lang='grc'><strong>››</strong></span> <span class='ocrx_word' id='word_1_236' title='bbox 2821 1734 3200 1807; x_wconf 80' lang='grc' dir='ltr'>Δικαιώματα,</span> <span class='ocrx_word' id='word_1_237' title='bbox 3259 1735 3416 1809; x_wconf 73' lang='grc' dir='ltr'>φησὶ,</span> <span class='ocrx_word' id='word_1_238' title='bbox 3477 1734 3824 1810; x_wconf 79' lang='grc' dir='ltr'>προαπέθετο</span> 
     </span>
    </p>
   </div>
   <div class='ocr_carea' id='block_1_33' title="bbox 2154 1813 3820 1900">
    <p class='ocr_par' dir='ltr' id='par_1_33' title="bbox 2154 1813 3820 1900">
     <span class='ocr_line' id='line_1_33' title="bbox 2154 1813 3820 1900; baseline 0.002 -26"><span class='ocrx_word' id='word_1_239' title='bbox 2154 1824 2256 1887; x_wconf 78' lang='grc' dir='ltr'>τῆς</span> <span class='ocrx_word' id='word_1_240' title='bbox 2313 1813 2582 1894; x_wconf 74' lang='grc' dir='ltr'>ἡμετέρας</span> <span class='ocrx_word' id='word_1_241' title='bbox 2630 1816 2967 1884; x_wconf 82' lang='grc' dir='ltr'>δεσποτείας.</span> <span class='ocrx_word' id='word_1_242' title='bbox 3026 1842 3057 1879; x_wconf 82' lang='grc' dir='ltr'>ιι</span> <span class='ocrx_word' id='word_1_243' title='bbox 3113 1823 3229 1879; x_wconf 82' lang='grc' dir='ltr'>Ἵνα</span> <span class='ocrx_word' id='word_1_244' title='bbox 3285 1820 3374 1878; x_wconf 85' lang='grc' dir='ltr'>καὶ</span> <span class='ocrx_word' id='word_1_245' title='bbox 3448 1825 3655 1900; x_wconf 80' lang='grc' dir='ltr'>νεκρῶν</span> <span class='ocrx_word' id='word_1_246' title='bbox 3720 1825 3820 1881; x_wconf 82' lang='grc' dir='ltr'>καὶ</span> 
     </span>
    </p>
   </div>
   <div class='ocr_carea' id='block_1_34' title="bbox 403 1908 2049 2012">
    <p class='ocr_par' dir='ltr' id='par_1_34' title="bbox 403 1910 2049 1982">
     <span class='ocr_line' id='line_1_34' title="bbox 403 1910 2049 1982; baseline 0.001 -16"><span class='ocrx_word' id='word_1_247' title='bbox 403 1916 461 1966; x_wconf 92' lang='lat' dir='ltr'>et</span> <span class='ocrx_word' id='word_1_248' title='bbox 477 1910 726 1966; x_wconf 83' lang='lat' dir='ltr'>mortuis</span> <span class='ocrx_word' id='word_1_249' title='bbox 748 1910 1106 1966; x_wconf 89' lang='lat' dir='ltr'>dominetur.</span> <span class='ocrx_word' id='word_1_250' title='bbox 1135 1934 1156 1962; x_wconf 79' lang='grc' dir='ltr'>ι</span> <span class='ocrx_word' id='word_1_251' title='bbox 1208 1910 1329 1965; x_wconf 83' lang='grc' dir='ltr'>Ηοο</span> <span class='ocrx_word' id='word_1_252' title='bbox 1359 1916 1468 1965; x_wconf 90' lang='lat' dir='ltr'>est.</span> <span class='ocrx_word' id='word_1_253' title='bbox 1502 1911 1720 1966; x_wconf 89' lang='lat' dir='ltr'>animis</span> <span class='ocrx_word' id='word_1_254' title='bbox 1752 1915 1811 1966; x_wconf 87' lang='lat' dir='ltr'>et</span> <span class='ocrx_word' id='word_1_255' title='bbox 1837 1927 2049 1982; x_wconf 84' lang='lat' dir='ltr'>corpo-</span> 
     </span>
    </p>
   </div>
   <div class='ocr_carea' id='block_1_35' title="bbox 2163 1908 3819 2012">
    <p class='ocr_par' dir='ltr' id='par_1_35' title="bbox 2163 1908 3819 1987">
     <span class='ocr_line' id='line_1_35' title="bbox 2163 1908 3819 1987; baseline 0.004 -25"><span class='ocrx_word' id='word_1_256' title='bbox 2163 1909 2378 1977; x_wconf 86' lang='grc' dir='ltr'>ζώντων</span> <span class='ocrx_word' id='word_1_257' title='bbox 2407 1908 2690 1986; x_wconf 79' lang='grc' dir='ltr'>κυριεύσῃ.</span> <span class='ocrx_word' id='word_1_258' title='bbox 2725 1933 2754 1962; x_wconf 78' lang='grc'>››</span> <span class='ocrx_word' id='word_1_259' title='bbox 2785 1910 3069 1980; x_wconf 79' lang='grc' dir='ltr'>Τουτὲστι,</span> <span class='ocrx_word' id='word_1_260' title='bbox 3118 1915 3315 1987; x_wconf 79' lang='grc' dir='ltr'>ψυχῶν</span> <span class='ocrx_word' id='word_1_261' title='bbox 3371 1911 3462 1968; x_wconf 88' lang='grc' dir='ltr'>καὶ</span> <span class='ocrx_word' id='word_1_262' title='bbox 3521 1913 3819 1986; x_wconf 85' lang='grc' dir='ltr'>σωμάτων.</span> 
     </span>
    </p>
   </div>
   <div class='ocr_carea' id='block_1_36' title="bbox 399 2002 2048 2069">
    <p class='ocr_par' dir='ltr' id='par_1_36' title="bbox 399 2002 2048 2069">
     <span class='ocr_line' id='line_1_36' title="bbox 399 2002 2048 2069; baseline -0.001 -11"><span class='ocrx_word' id='word_1_263' title='bbox 399 2002 601 2058; x_wconf 85' lang='lat' dir='ltr'>ribus:</span> <span class='ocrx_word' id='word_1_264' title='bbox 623 2002 711 2058; x_wconf 90' lang='lat' dir='ltr'>illi</span> <span class='ocrx_word' id='word_1_265' title='bbox 735 2003 894 2058; x_wconf 89' lang='lat' dir='ltr'>enim</span> <span class='ocrx_word' id='word_1_266' title='bbox 927 2009 1067 2058; x_wconf 89' lang='lat' dir='ltr'>sunt</span> <span class='ocrx_word' id='word_1_267' title='bbox 1097 2002 1485 2069; x_wconf 81' lang='lat' dir='ltr'>immortales,</span> <span class='ocrx_word' id='word_1_268' title='bbox 1522 2002 1635 2057; x_wconf 85' lang='lat' dir='ltr'>ista</span> <span class='ocrx_word' id='word_1_269' title='bbox 1664 2017 1798 2056; x_wconf 88' lang='lat' dir='ltr'>vero</span> <span class='ocrx_word' id='word_1_270' title='bbox 1828 2005 2048 2057; x_wconf 81' lang='lat' dir='ltr'>morta-</span> 
     </span>
    </p>
   </div>
   <div class='ocr_carea' id='block_1_37' title="bbox 394 2090 2048 2150">
    <p class='ocr_par' dir='ltr' id='par_1_37' title="bbox 394 2090 2048 2150">
     <span class='ocr_line' id='line_1_37' title="bbox 394 2090 2048 2150; baseline -0.003 0"><span class='ocrx_word' id='word_1_271' title='bbox 394 2093 497 2150; x_wconf 90' lang='lat' dir='ltr'>lia.</span> <span class='ocrx_word' id='word_1_272' title='bbox 535 2095 619 2149; x_wconf 79' lang='lat' dir='ltr'>ita</span> <span class='ocrx_word' id='word_1_273' title='bbox 645 2092 825 2150; x_wconf 85' lang='lat' dir='ltr'>habet</span> <span class='ocrx_word' id='word_1_274' title='bbox 880 2092 1048 2148; x_wconf 89' lang='lat' dir='ltr'>divus</span> <span class='ocrx_word' id='word_1_275' title='bbox 1100 2091 1434 2147; x_wconf 81' lang='lat' dir='ltr'>Methodius</span> <span class='ocrx_word' id='word_1_276' title='bbox 1481 2090 1634 2146; x_wconf 91' lang='lat' dir='ltr'>libro</span> <span class='ocrx_word' id='word_1_277' title='bbox 1683 2091 1756 2146; x_wconf 79' lang='lat' dir='ltr'>De</span> <span class='ocrx_word' id='word_1_278' title='bbox 1802 2106 2048 2146; x_wconf 82' lang='lat' dir='ltr'>resurre-</span> 
     </span>
    </p>
   </div>
   <div class='ocr_carea' id='block_1_38' title="bbox 395 2187 596 2238">
    <p class='ocr_par' dir='ltr' id='par_1_38' title="bbox 395 2187 596 2238">
     <span class='ocr_line' id='line_1_38' title="bbox 395 2187 596 2238; baseline 0 0"><span class='ocrx_word' id='word_1_279' title='bbox 395 2187 596 2238; x_wconf 77' lang='lat' dir='ltr'>ctione.</span> 
     </span>
    </p>
   </div>
   <div class='ocr_carea' id='block_1_39' title="bbox 463 2286 2051 2359">
    <p class='ocr_par' dir='ltr' id='par_1_39' title="bbox 463 2286 2051 2359">
     <span class='ocr_line' id='line_1_39' title="bbox 463 2286 2051 2359; baseline -0.003 -15"><span class='ocrx_word' id='word_1_280' title='bbox 463 2291 616 2357; x_wconf 84' lang='lat' dir='ltr'><strong>XIV,</strong></span> <span class='ocrx_word' id='word_1_281' title='bbox 650 2289 850 2344; x_wconf 84' lang='grc'>40-13.</span> <span class='ocrx_word' id='word_1_282' title='bbox 885 2310 912 2338; x_wconf 83' lang='grc' dir='ltr'>κ</span> <span class='ocrx_word' id='word_1_283' title='bbox 933 2289 1015 2342; x_wconf 90' lang='lat' dir='ltr'>Tu</span> <span class='ocrx_word' id='word_1_284' title='bbox 1038 2303 1172 2343; x_wconf 89' lang='lat' dir='ltr'>vero</span> <span class='ocrx_word' id='word_1_285' title='bbox 1194 2303 1302 2342; x_wconf 91' lang='lat' dir='ltr'>cur</span> <span class='ocrx_word' id='word_1_286' title='bbox 1309 2286 1547 2359; x_wconf 84' lang='lat' dir='ltr'>judicas</span> <span class='ocrx_word' id='word_1_287' title='bbox 1569 2286 1812 2342; x_wconf 80' lang='lat' dir='ltr'>fratrem</span> <span class='ocrx_word' id='word_1_288' title='bbox 1837 2291 2002 2341; x_wconf 88' lang='lat' dir='ltr'>tuum</span> <span class='ocrx_word' id='word_1_289' title='bbox 2023 2286 2051 2340; x_wconf 77' lang='lat' dir='ltr'>‘I</span> 
     </span>
    </p>
   </div>
   <div class='ocr_carea' id='block_1_40' title="bbox 392 2375 2050 2448">
    <p class='ocr_par' dir='ltr' id='par_1_40' title="bbox 392 2375 2050 2448">
     <span class='ocr_line' id='line_1_40' title="bbox 392 2375 2050 2448; baseline 0.001 -20"><span class='ocrx_word' id='word_1_290' title='bbox 392 2397 423 2428; x_wconf 76' lang='grc' dir='ltr'>ιι</span> <span class='ocrx_word' id='word_1_291' title='bbox 455 2381 573 2433; x_wconf 84' lang='lat' dir='ltr'>Aut</span> <span class='ocrx_word' id='word_1_292' title='bbox 602 2377 782 2432; x_wconf 87' lang='lat' dir='ltr'>etiam</span> <span class='ocrx_word' id='word_1_293' title='bbox 811 2383 875 2431; x_wconf 92' lang='lat' dir='ltr'>tu</span> <span class='ocrx_word' id='word_1_294' title='bbox 906 2391 1012 2431; x_wconf 89' lang='lat' dir='ltr'>cur</span> <span class='ocrx_word' id='word_1_295' title='bbox 1043 2375 1300 2448; x_wconf 85' lang='lat' dir='ltr'>despicis</span> <span class='ocrx_word' id='word_1_296' title='bbox 1321 2376 1567 2431; x_wconf 86' lang='lat' dir='ltr'>fratrem</span> <span class='ocrx_word' id='word_1_297' title='bbox 1589 2375 1800 2430; x_wconf 82' lang='lat' dir='ltr'>tuum?</span> <span class='ocrx_word' id='word_1_298' title='bbox 1829 2379 2050 2430; x_wconf 87' lang='lat' dir='ltr'>Omnes</span> 
     </span>
    </p>
   </div>
   <div class='ocr_carea' id='block_1_41' title="bbox 401 2465 2051 2536">
    <p class='ocr_par' dir='ltr' id='par_1_41' title="bbox 401 2465 2051 2536">
     <span class='ocr_line' id='line_1_41' title="bbox 401 2465 2051 2536; baseline 0 -17"><span class='ocrx_word' id='word_1_299' title='bbox 401 2489 422 2518; x_wconf 78' lang='grc' dir='ltr'>ε</span> <span class='ocrx_word' id='word_1_300' title='bbox 459 2469 620 2523; x_wconf 89' lang='lat' dir='ltr'>enim</span> <span class='ocrx_word' id='word_1_301' title='bbox 647 2471 978 2523; x_wconf 86' lang='lat' dir='ltr'>statuemur</span> <span class='ocrx_word' id='word_1_302' title='bbox 1003 2471 1142 2522; x_wconf 79' lang='lat' dir='ltr'>ante</span> <span class='ocrx_word' id='word_1_303' title='bbox 1173 2466 1434 2521; x_wconf 83' lang='lat' dir='ltr'>tribunal</span> <span class='ocrx_word' id='word_1_304' title='bbox 1463 2465 1702 2521; x_wconf 84' lang='lat' dir='ltr'>Christi.</span> <span class='ocrx_word' id='word_1_305' title='bbox 1755 2465 2051 2536; x_wconf 87' lang='lat' dir='ltr'>Scriptum</span> 
     </span>
    </p>
   </div>
   <div class='ocr_carea' id='block_1_42' title="bbox 395 2554 2049 2628">
    <p class='ocr_par' dir='ltr' id='par_1_42' title="bbox 395 2554 2049 2628">
     <span class='ocr_line' id='line_1_42' title="bbox 395 2554 2049 2628; baseline -0.002 -16"><span class='ocrx_word' id='word_1_306' title='bbox 395 2579 424 2606; x_wconf 87' lang='lat'><strong><em>«</em></strong></span> <span class='ocrx_word' id='word_1_307' title='bbox 462 2561 548 2612; x_wconf 82' lang='lat' dir='ltr'>est</span> <span class='ocrx_word' id='word_1_308' title='bbox 582 2557 784 2612; x_wconf 89' lang='lat' dir='ltr'>enim:</span> <span class='ocrx_word' id='word_1_309' title='bbox 818 2556 956 2611; x_wconf 84' lang='lat' dir='ltr'>Vivo</span> <span class='ocrx_word' id='word_1_310' title='bbox 1015 2570 1139 2628; x_wconf 77' lang='lat' dir='ltr'>ego,</span> <span class='ocrx_word' id='word_1_311' title='bbox 1187 2555 1335 2611; x_wconf 89' lang='lat' dir='ltr'>dicit</span> <span class='ocrx_word' id='word_1_312' title='bbox 1374 2555 1684 2611; x_wconf 88' lang='lat' dir='ltr'>Dominus.</span> <span class='ocrx_word' id='word_1_313' title='bbox 1738 2554 1872 2609; x_wconf 85' lang='lat' dir='ltr'>Mihi</span> <span class='ocrx_word' id='word_1_314' title='bbox 1920 2570 2049 2609; x_wconf 89' lang='lat' dir='ltr'>sese</span> 
     </span>
    </p>
   </div>
   <div class='ocr_carea' id='block_1_43' title="bbox 398 2643 2048 2718">
    <p class='ocr_par' dir='ltr' id='par_1_43' title="bbox 398 2643 2048 2718">
     <span class='ocr_line' id='line_1_43' title="bbox 398 2643 2048 2718; baseline -0.001 -17"><span class='ocrx_word' id='word_1_315' title='bbox 398 2665 428 2695; x_wconf 90' lang='grc'>‹‹</span> <span class='ocrx_word' id='word_1_316' title='bbox 459 2646 661 2701; x_wconf 90' lang='lat' dir='ltr'>ﬁectet</span> <span class='ocrx_word' id='word_1_317' title='bbox 686 2661 863 2701; x_wconf 89' lang='lat' dir='ltr'>omne</span> <span class='ocrx_word' id='word_1_318' title='bbox 889 2659 1066 2718; x_wconf 79' lang='lat' dir='ltr'>genu,</span> <span class='ocrx_word' id='word_1_319' title='bbox 1100 2650 1158 2700; x_wconf 88' lang='lat' dir='ltr'>et</span> <span class='ocrx_word' id='word_1_320' title='bbox 1187 2645 1384 2700; x_wconf 86' lang='lat' dir='ltr'>omnis</span> <span class='ocrx_word' id='word_1_321' title='bbox 1415 2645 1618 2717; x_wconf 79' lang='lat' dir='ltr'>lingua</span> <span class='ocrx_word' id='word_1_322' title='bbox 1647 2643 2048 2699; x_wconf 87' lang='lat' dir='ltr'>conﬁtebitur.</span> 
     </span>
    </p>
   </div>
   <div class='ocr_carea' id='block_1_44' title="bbox 399 2734 2050 2807">
    <p class='ocr_par' dir='ltr' id='par_1_44' title="bbox 399 2734 2050 2807">
     <span class='ocr_line' id='line_1_44' title="bbox 399 2734 2050 2807; baseline 0.001 -20"><span class='ocrx_word' id='word_1_323' title='bbox 399 2756 428 2787; x_wconf 78' lang='grc' dir='ltr'>α</span> <span class='ocrx_word' id='word_1_324' title='bbox 461 2737 598 2793; x_wconf 91' lang='lat' dir='ltr'>Deo.</span> <span class='ocrx_word' id='word_1_325' title='bbox 633 2734 1054 2807; x_wconf 77' lang='lat' dir='ltr'>Unusquisque</span> <span class='ocrx_word' id='word_1_326' title='bbox 1088 2735 1267 2807; x_wconf 81' lang='lat' dir='ltr'>igitur</span> <span class='ocrx_word' id='word_1_327' title='bbox 1298 2740 1569 2790; x_wconf 85' lang='lat' dir='ltr'>nostrum</span> <span class='ocrx_word' id='word_1_328' title='bbox 1612 2734 1683 2788; x_wconf 92' lang='lat' dir='ltr'>de</span> <span class='ocrx_word' id='word_1_329' title='bbox 1717 2734 1912 2804; x_wconf 88' lang='lat' dir='ltr'>seipso</span> <span class='ocrx_word' id='word_1_330' title='bbox 1957 2749 2050 2788; x_wconf 85' lang='lat' dir='ltr'>ra-</span> 
     </span>
    </p>
   </div>
   <div class='ocr_carea' id='block_1_45' title="bbox 403 2822 2050 2896">
    <p class='ocr_par' dir='ltr' id='par_1_45' title="bbox 403 2822 2050 2896">
     <span class='ocr_line' id='line_1_45' title="bbox 403 2822 2050 2896; baseline -0.002 -15"><span class='ocrx_word' id='word_1_331' title='bbox 403 2848 424 2875; x_wconf 78' lang='grc' dir='ltr'>ι</span> <span class='ocrx_word' id='word_1_332' title='bbox 461 2826 687 2882; x_wconf 88' lang='lat' dir='ltr'>tionem</span> <span class='ocrx_word' id='word_1_333' title='bbox 719 2825 885 2882; x_wconf 83' lang='lat' dir='ltr'>dabit</span> <span class='ocrx_word' id='word_1_334' title='bbox 915 2827 1054 2882; x_wconf 87' lang='lat' dir='ltr'>Deo.</span> <span class='ocrx_word' id='word_1_335' title='bbox 1088 2827 1168 2879; x_wconf 88' lang='lat' dir='ltr'>Ne</span> <span class='ocrx_word' id='word_1_336' title='bbox 1199 2826 1446 2896; x_wconf 87' lang='lat' dir='ltr'>posthac</span> <span class='ocrx_word' id='word_1_337' title='bbox 1476 2825 1654 2896; x_wconf 79' lang='lat' dir='ltr'>igitur</span> <span class='ocrx_word' id='word_1_338' title='bbox 1684 2824 1838 2879; x_wconf 87' lang='lat' dir='ltr'>alius</span> <span class='ocrx_word' id='word_1_339' title='bbox 1869 2822 2050 2878; x_wconf 84' lang='lat' dir='ltr'>alium</span> 
     </span>
    </p>
   </div>
   <div class='ocr_carea' id='block_1_46' title="bbox 402 2912 2054 2986">
    <p class='ocr_par' dir='ltr' id='par_1_46' title="bbox 402 2912 2054 2986">
     <span class='ocr_line' id='line_1_46' title="bbox 402 2912 2054 2986; baseline 0.002 -22"><span class='ocrx_word' id='word_1_340' title='bbox 402 2936 425 2964; x_wconf 77' lang='grc' dir='ltr'>α</span> <span class='ocrx_word' id='word_1_341' title='bbox 453 2913 817 2986; x_wconf 87' lang='lat' dir='ltr'>judicemus,</span> <span class='ocrx_word' id='word_1_342' title='bbox 849 2928 1053 2969; x_wconf 87' lang='lat' dir='ltr'>verum</span> <span class='ocrx_word' id='word_1_343' title='bbox 1084 2912 1234 2968; x_wconf 92' lang='lat' dir='ltr'>illud</span> <span class='ocrx_word' id='word_1_344' title='bbox 1255 2913 1525 2984; x_wconf 87' lang='lat' dir='ltr'>judicate</span> <span class='ocrx_word' id='word_1_345' title='bbox 1556 2913 1743 2986; x_wconf 76' lang='lat' dir='ltr'>magis</span> <span class='ocrx_word' id='word_1_346' title='bbox 1767 2927 1844 2967; x_wconf 90' lang='lat' dir='ltr'>ne</span> <span class='ocrx_word' id='word_1_347' title='bbox 1873 2927 2054 2983; x_wconf 87' lang='lat' dir='ltr'>pona-</span> 
     </span>
    </p>
   </div>
   <div class='ocr_carea' id='block_1_47' title="bbox 398 3002 1710 3060">
    <p class='ocr_par' dir='ltr' id='par_1_47' title="bbox 398 3002 1710 3060">
     <span class='ocr_line' id='line_1_47' title="bbox 398 3002 1710 3060; baseline 0.002 -6"><span class='ocrx_word' id='word_1_348' title='bbox 398 3026 427 3054; x_wconf 83' lang='grc'>‹‹</span> <span class='ocrx_word' id='word_1_349' title='bbox 464 3009 557 3059; x_wconf 84' lang='lat' dir='ltr'>tur</span> <span class='ocrx_word' id='word_1_350' title='bbox 589 3003 837 3060; x_wconf 78' lang='lat' dir='ltr'>offensio</span> <span class='ocrx_word' id='word_1_351' title='bbox 869 3002 1036 3060; x_wconf 81' lang='lat' dir='ltr'>fratri</span> <span class='ocrx_word' id='word_1_352' title='bbox 1068 3008 1171 3058; x_wconf 86' lang='lat' dir='ltr'>aut</span> <span class='ocrx_word' id='word_1_353' title='bbox 1199 3002 1651 3059; x_wconf 79' lang='lat' dir='ltr'>olfendiculum.</span> <span class='ocrx_word' id='word_1_354' title='bbox 1685 3020 1710 3046; x_wconf 71' lang='grc' dir='ltr'>ιι</span> 
     </span>
    </p>
   </div>
   <div class='ocr_carea' id='block_1_48' title="bbox 467 3196 2051 3271">
    <p class='ocr_par' dir='ltr' id='par_1_48' title="bbox 467 3196 2051 3271">
     <span class='ocr_line' id='line_1_48' title="bbox 467 3196 2051 3271; baseline -0.001 -14"><span class='ocrx_word' id='word_1_355' title='bbox 467 3201 727 3258; x_wconf 83' lang='lat' dir='ltr'>Rursum</span> <span class='ocrx_word' id='word_1_356' title='bbox 759 3215 952 3255; x_wconf 89' lang='lat' dir='ltr'>sermo</span> <span class='ocrx_word' id='word_1_357' title='bbox 985 3198 1072 3254; x_wconf 89' lang='lat' dir='ltr'>illi</span> <span class='ocrx_word' id='word_1_358' title='bbox 1105 3203 1197 3254; x_wconf 90' lang='lat' dir='ltr'>est</span> <span class='ocrx_word' id='word_1_359' title='bbox 1221 3196 1294 3254; x_wconf 84' lang='lat' dir='ltr'>ad</span> <span class='ocrx_word' id='word_1_360' title='bbox 1326 3213 1461 3254; x_wconf 90' lang='lat' dir='ltr'>eum</span> <span class='ocrx_word' id='word_1_361' title='bbox 1495 3199 1595 3270; x_wconf 86' lang='lat' dir='ltr'>qui</span> <span class='ocrx_word' id='word_1_362' title='bbox 1629 3198 1745 3254; x_wconf 89' lang='lat' dir='ltr'>ﬁde</span> <span class='ocrx_word' id='word_1_363' title='bbox 1794 3198 2051 3271; x_wconf 89' lang='lat' dir='ltr'>pusillus</span> 
     </span>
    </p>
   </div>
   <div class='ocr_carea' id='block_1_49' title="bbox 2162 1997 3820 2075">
    <p class='ocr_par' dir='ltr' id='par_1_49' title="bbox 2162 1997 3820 2075">
     <span class='ocr_line' id='line_1_49' title="bbox 2162 1997 3820 2075; baseline 0.003 -21"><span class='ocrx_word' id='word_1_364' title='bbox 2162 1998 2232 2054; x_wconf 76' lang='grc' dir='ltr'><strong>Αἱ</strong></span> <span class='ocrx_word' id='word_1_365' title='bbox 2267 1999 2360 2071; x_wconf 75' lang='grc' dir='ltr'>μὶν</span> <span class='ocrx_word' id='word_1_366' title='bbox 2391 2000 2496 2075; x_wconf 82' lang='grc' dir='ltr'>γάρ</span> <span class='ocrx_word' id='word_1_367' title='bbox 2528 1998 2664 2054; x_wconf 57' lang='grc' dir='ltr'>εἶσιν</span> <span class='ocrx_word' id='word_1_368' title='bbox 2694 1997 2969 2067; x_wconf 80' lang='grc' dir='ltr'>ἀθάνατοι,</span> <span class='ocrx_word' id='word_1_369' title='bbox 3000 2000 3067 2055; x_wconf 78' lang='grc' dir='ltr'>τὰ</span> <span class='ocrx_word' id='word_1_370' title='bbox 3097 1997 3154 2055; x_wconf 79' lang='grc' dir='ltr'>δὶ</span> <span class='ocrx_word' id='word_1_371' title='bbox 3212 2002 3398 2071; x_wconf 80' lang='grc' dir='ltr'>θνητά.</span> <span class='ocrx_word' id='word_1_372' title='bbox 3449 2002 3635 2068; x_wconf 75' lang='grc' dir='ltr'>Οὕτως</span> <span class='ocrx_word' id='word_1_373' title='bbox 3661 2003 3752 2058; x_wconf 80' lang='grc' dir='ltr'>καὶ</span> <span class='ocrx_word' id='word_1_374' title='bbox 3789 2004 3820 2059; x_wconf 84' lang='grc' dir='ltr'><strong>ὁ</strong></span> 
     </span>
    </p>
   </div>
   <div class='ocr_carea' id='block_1_50' title="bbox 2156 2083 3534 2167">
    <p class='ocr_par' dir='ltr' id='par_1_50' title="bbox 2156 2083 3534 2167">
     <span class='ocr_line' id='line_1_50' title="bbox 2156 2083 3534 2167; baseline 0.004 -25"><span class='ocrx_word' id='word_1_375' title='bbox 2156 2087 2314 2162; x_wconf 73' lang='grc' dir='ltr'>ἅγιος</span> <span class='ocrx_word' id='word_1_376' title='bbox 2342 2083 2611 2152; x_wconf 70' lang='grc' dir='ltr'>Μεθόδιος</span> <span class='ocrx_word' id='word_1_377' title='bbox 2632 2086 2682 2144; x_wconf 79' lang='grc' dir='ltr'>ἐν</span> <span class='ocrx_word' id='word_1_378' title='bbox 2714 2093 2795 2161; x_wconf 79' lang='grc' dir='ltr'>τῷ</span> <span class='ocrx_word' id='word_1_379' title='bbox 2828 2088 2957 2163; x_wconf 78' lang='grc' dir='ltr'>Περὶ</span> <span class='ocrx_word' id='word_1_380' title='bbox 2991 2087 3329 2152; x_wconf 77' lang='grc' dir='ltr'>ἀναστάσεως</span> <span class='ocrx_word' id='word_1_381' title='bbox 3361 2088 3534 2167; x_wconf 86' lang='grc' dir='ltr'>λόγῳ.</span> 
     </span>
    </p>
   </div>
   <div class='ocr_carea' id='block_1_51' title="bbox 2230 2281 3821 2366">
    <p class='ocr_par' dir='ltr' id='par_1_51' title="bbox 2230 2281 3821 2366">
     <span class='ocr_line' id='line_1_51' title="bbox 2230 2281 3821 2366; baseline 0.003 -28"><span class='ocrx_word' id='word_1_382' title='bbox 2230 2283 2304 2338; x_wconf 79' lang='grc' dir='ltr'>Σὺ</span> <span class='ocrx_word' id='word_1_383' title='bbox 2381 2281 2440 2338; x_wconf 75' lang='grc' dir='ltr'><strong>δὲ</strong></span> <span class='ocrx_word' id='word_1_384' title='bbox 2494 2284 2547 2339; x_wconf 91' lang='grc' dir='ltr'>τί</span> <span class='ocrx_word' id='word_1_385' title='bbox 2597 2285 2801 2357; x_wconf 85' lang='grc' dir='ltr'>κρίνεις</span> <span class='ocrx_word' id='word_1_386' title='bbox 2859 2287 2951 2340; x_wconf 90' lang='grc' dir='ltr'>τὸν</span> <span class='ocrx_word' id='word_1_387' title='bbox 3006 2283 3241 2366; x_wconf 71' lang='grc' dir='ltr'>ἀδελφόν</span> <span class='ocrx_word' id='word_1_388' title='bbox 3306 2307 3450 2357; x_wconf 77' lang='grc' dir='ltr'>σους</span> <span class='ocrx_word' id='word_1_389' title='bbox 3507 2287 3544 2356; x_wconf 77' lang='grc' dir='ltr'>ἥ</span> <span class='ocrx_word' id='word_1_390' title='bbox 3601 2287 3689 2344; x_wconf 77' lang='grc' dir='ltr'>καὶ</span> <span class='ocrx_word' id='word_1_391' title='bbox 3751 2289 3821 2344; x_wconf 78' lang='grc' dir='ltr'>σὺ</span> 
     </span>
    </p>
   </div>
   <div class='ocr_carea' id='block_1_52' title="bbox 2153 2370 3822 2454">
    <p class='ocr_par' dir='ltr' id='par_1_52' title="bbox 2153 2370 3822 2454">
     <span class='ocr_line' id='line_1_52' title="bbox 2153 2370 3822 2454; baseline 0.004 -27"><span class='ocrx_word' id='word_1_392' title='bbox 2153 2370 2207 2428; x_wconf 90' lang='grc' dir='ltr'>τί</span> <span class='ocrx_word' id='word_1_393' title='bbox 2287 2371 2581 2446; x_wconf 71' lang='grc' dir='ltr'>ἐξουθενεῖς</span> <span class='ocrx_word' id='word_1_394' title='bbox 2669 2373 2763 2428; x_wconf 85' lang='grc' dir='ltr'>τὸν</span> <span class='ocrx_word' id='word_1_395' title='bbox 2844 2372 3080 2454; x_wconf 73' lang='grc' dir='ltr'>ἀδελφόν</span> <span class='ocrx_word' id='word_1_396' title='bbox 3155 2396 3251 2430; x_wconf 90' lang='grc' dir='ltr'>σου</span> <span class='ocrx_word' id='word_1_397' title='bbox 3311 2396 3325 2444; x_wconf 87' lang='lat'><strong>;</strong></span> <span class='ocrx_word' id='word_1_398' title='bbox 3425 2377 3630 2438; x_wconf 77' lang='grc' dir='ltr'>Πάντες</span> <span class='ocrx_word' id='word_1_399' title='bbox 3710 2378 3822 2454; x_wconf 82' lang='grc' dir='ltr'>γάρ</span> 
     </span>
    </p>
   </div>
   <div class='ocr_carea' id='block_1_53' title="bbox 2155 2461 3826 2540">
    <p class='ocr_par' dir='ltr' id='par_1_53' title="bbox 2155 2461 3826 2540">
     <span class='ocr_line' id='line_1_53' title="bbox 2155 2461 3826 2540; baseline 0.004 -24"><span class='ocrx_word' id='word_1_400' title='bbox 2155 2461 2619 2536; x_wconf 73' lang='grc' dir='ltr'>παραστησόμεθα</span> <span class='ocrx_word' id='word_1_401' title='bbox 2698 2467 2778 2535; x_wconf 80' lang='grc' dir='ltr'>τῷ</span> <span class='ocrx_word' id='word_1_402' title='bbox 2888 2465 3099 2537; x_wconf 81' lang='grc' dir='ltr'>βήματι</span> <span class='ocrx_word' id='word_1_403' title='bbox 3208 2467 3304 2520; x_wconf 89' lang='grc' dir='ltr'>τοῦ</span> <span class='ocrx_word' id='word_1_404' title='bbox 3383 2466 3642 2540; x_wconf 86' lang='grc' dir='ltr'>Χριστοῦ.</span> <span class='ocrx_word' id='word_1_405' title='bbox 3721 2467 3826 2522; x_wconf 83' lang='grc' dir='ltr'>Γέ-</span> 
     </span>
    </p>
   </div>
   <div class='ocr_carea' id='block_1_54' title="bbox 2155 2550 3829 2629">
    <p class='ocr_par' dir='ltr' id='par_1_54' title="bbox 2155 2550 3829 2629">
     <span class='ocr_line' id='line_1_54' title="bbox 2155 2550 3829 2629; baseline 0.003 -24"><span class='ocrx_word' id='word_1_406' title='bbox 2155 2569 2393 2627; x_wconf 83' lang='grc' dir='ltr'>γραπται</span> <span class='ocrx_word' id='word_1_407' title='bbox 2453 2553 2580 2625; x_wconf 80' lang='grc' dir='ltr'>γὰρ,</span> <span class='ocrx_word' id='word_1_408' title='bbox 2635 2555 2718 2606; x_wconf 82' lang='grc' dir='ltr'>Ζῶ</span> <span class='ocrx_word' id='word_1_409' title='bbox 2781 2550 2916 2626; x_wconf 77' lang='grc' dir='ltr'>ἐγὼ,</span> <span class='ocrx_word' id='word_1_410' title='bbox 3005 2553 3149 2629; x_wconf 65' lang='grc' dir='ltr'>λέγει</span> <span class='ocrx_word' id='word_1_411' title='bbox 3228 2553 3457 2627; x_wconf 76' lang='grc' dir='ltr'>Κύριος,</span> <span class='ocrx_word' id='word_1_412' title='bbox 3535 2555 3617 2610; x_wconf 82' lang='grc' dir='ltr'>ὃτι</span> <span class='ocrx_word' id='word_1_413' title='bbox 3692 2554 3829 2628; x_wconf 70' lang='grc' dir='ltr'>ἐμοὶ</span> 
     </span>
    </p>
   </div>
   <div class='ocr_carea' id='block_1_55' title="bbox 2153 2638 3828 2718">
    <p class='ocr_par' dir='ltr' id='par_1_55' title="bbox 2153 2638 3828 2718">
     <span class='ocr_line' id='line_1_55' title="bbox 2153 2638 3828 2718; baseline 0.004 -25"><span class='ocrx_word' id='word_1_414' title='bbox 2153 2638 2358 2713; x_wconf 78' lang='grc' dir='ltr'>κάμψει</span> <span class='ocrx_word' id='word_1_415' title='bbox 2417 2642 2520 2696; x_wconf 83' lang='grc' dir='ltr'>πᾶν</span> <span class='ocrx_word' id='word_1_416' title='bbox 2577 2640 2732 2715; x_wconf 90' lang='grc' dir='ltr'>γόνυ,</span> <span class='ocrx_word' id='word_1_417' title='bbox 2791 2641 2881 2696; x_wconf 84' lang='grc' dir='ltr'>καὶ</span> <span class='ocrx_word' id='word_1_418' title='bbox 2952 2647 3095 2696; x_wconf 81' lang='grc' dir='ltr'>πᾶσα</span> <span class='ocrx_word' id='word_1_419' title='bbox 3155 2641 3379 2718; x_wconf 82' lang='grc' dir='ltr'>γλῶσσα</span> <span class='ocrx_word' id='word_1_420' title='bbox 3464 2641 3828 2718; x_wconf 71' lang='grc' dir='ltr'>ἰξομολογή-</span> 
     </span>
    </p>
   </div>
   <div class='ocr_carea' id='block_1_56' title="bbox 2158 2728 3829 2810">
    <p class='ocr_par' dir='ltr' id='par_1_56' title="bbox 2158 2728 3829 2810">
     <span class='ocr_line' id='line_1_56' title="bbox 2158 2728 3829 2810; baseline 0.004 -27"><span class='ocrx_word' id='word_1_421' title='bbox 2158 2749 2306 2785; x_wconf 85' lang='grc' dir='ltr'>σεται</span> <span class='ocrx_word' id='word_1_422' title='bbox 2394 2731 2474 2802; x_wconf 79' lang='grc' dir='ltr'>τῷ</span> <span class='ocrx_word' id='word_1_423' title='bbox 2555 2734 2690 2802; x_wconf 82' lang='grc' dir='ltr'>Θεῷ.</span> <span class='ocrx_word' id='word_1_424' title='bbox 2755 2736 2892 2806; x_wconf 82' lang='grc' dir='ltr'>Ἀρα</span> <span class='ocrx_word' id='word_1_425' title='bbox 2976 2729 3067 2786; x_wconf 80' lang='grc' dir='ltr'>οὖν</span> <span class='ocrx_word' id='word_1_426' title='bbox 3145 2729 3372 2794; x_wconf 66' lang='grc' dir='ltr'>ἕκαστος</span> <span class='ocrx_word' id='word_1_427' title='bbox 3457 2735 3618 2805; x_wconf 78' lang='grc' dir='ltr'>ἡμῶν</span> <span class='ocrx_word' id='word_1_428' title='bbox 3692 2728 3829 2810; x_wconf 84' lang='grc' dir='ltr'>περῖ</span> 
     </span>
    </p>
   </div>
   <div class='ocr_carea' id='block_1_57' title="bbox 2157 2816 3828 2896">
    <p class='ocr_par' dir='ltr' id='par_1_57' title="bbox 2157 2816 3828 2896">
     <span class='ocr_line' id='line_1_57' title="bbox 2157 2816 3828 2896; baseline 0.004 -23"><span class='ocrx_word' id='word_1_429' title='bbox 2157 2819 2350 2874; x_wconf 60' lang='grc' dir='ltr'>ἑαυτοῦ</span> <span class='ocrx_word' id='word_1_430' title='bbox 2409 2816 2578 2896; x_wconf 89' lang='grc' dir='ltr'>λόγον</span> <span class='ocrx_word' id='word_1_431' title='bbox 2641 2817 2800 2875; x_wconf 84' lang='grc' dir='ltr'>δώσει</span> <span class='ocrx_word' id='word_1_432' title='bbox 2857 2825 2939 2892; x_wconf 81' lang='grc' dir='ltr'>τῷ</span> <span class='ocrx_word' id='word_1_433' title='bbox 3005 2826 3144 2894; x_wconf 78' lang='grc' dir='ltr'>Θεῷ.</span> <span class='ocrx_word' id='word_1_434' title='bbox 3198 2823 3410 2894; x_wconf 68' lang='grc' dir='ltr'>Μηκέτι</span> <span class='ocrx_word' id='word_1_435' title='bbox 3477 2822 3574 2878; x_wconf 83' lang='grc' dir='ltr'>οὗν</span> <span class='ocrx_word' id='word_1_436' title='bbox 3631 2820 3828 2895; x_wconf 76' lang='grc' dir='ltr'>ἀλλή-</span> 
     </span>
    </p>
   </div>
   <div class='ocr_carea' id='block_1_58' title="bbox 2160 2905 3826 2986">
    <p class='ocr_par' dir='ltr' id='par_1_58' title="bbox 2160 2905 3826 2986">
     <span class='ocr_line' id='line_1_58' title="bbox 2160 2905 3826 2986; baseline 0.004 -24"><span class='ocrx_word' id='word_1_437' title='bbox 2160 2905 2290 2968; x_wconf 88' lang='grc' dir='ltr'>λους</span> <span class='ocrx_word' id='word_1_438' title='bbox 2357 2909 2666 2984; x_wconf 84' lang='grc' dir='ltr'>κρίνωμεν,</span> <span class='ocrx_word' id='word_1_439' title='bbox 2729 2907 2874 2966; x_wconf 84' lang='grc' dir='ltr'>ἀλλὰ</span> <span class='ocrx_word' id='word_1_440' title='bbox 2932 2913 3094 2967; x_wconf 83' lang='grc' dir='ltr'>τοῦτο</span> <span class='ocrx_word' id='word_1_441' title='bbox 3153 2911 3374 2986; x_wconf 80' lang='grc' dir='ltr'>κρίνατε</span> <span class='ocrx_word' id='word_1_442' title='bbox 3443 2910 3686 2984; x_wconf 80' lang='grc' dir='ltr'>μᾶλλον,</span> <span class='ocrx_word' id='word_1_443' title='bbox 3754 2913 3826 2969; x_wconf 84' lang='grc' dir='ltr'>τὸ</span> 
     </span>
    </p>
   </div>
   <div class='ocr_carea' id='block_1_59' title="bbox 2161 2999 3822 3078">
    <p class='ocr_par' dir='ltr' id='par_1_59' title="bbox 2161 2999 3822 3078">
     <span class='ocr_line' id='line_1_59' title="bbox 2161 2999 3822 3078; baseline 0.004 -25"><span class='ocrx_word' id='word_1_444' title='bbox 2161 3000 2238 3070; x_wconf 77' lang='grc' dir='ltr'>μή</span> <span class='ocrx_word' id='word_1_445' title='bbox 2297 2999 2500 3054; x_wconf 79' lang='grc' dir='ltr'>τιθίναι</span> <span class='ocrx_word' id='word_1_446' title='bbox 2562 2999 2901 3074; x_wconf 84' lang='grc' dir='ltr'>πρόσκομμα</span> <span class='ocrx_word' id='word_1_447' title='bbox 2972 3006 3054 3074; x_wconf 77' lang='grc' dir='ltr'>τῷ</span> <span class='ocrx_word' id='word_1_448' title='bbox 3128 2999 3352 3078; x_wconf 82' lang='grc' dir='ltr'>ἀδελ.φῷ</span> <span class='ocrx_word' id='word_1_449' title='bbox 3460 3001 3497 3074; x_wconf 75' lang='grc' dir='ltr'><strong>ἤ</strong></span> <span class='ocrx_word' id='word_1_450' title='bbox 3575 3001 3822 3062; x_wconf 71' lang='grc' dir='ltr'>σκάνδα-</span> 
     </span>
    </p>
   </div>
   <div class='ocr_carea' id='block_1_60' title="bbox 2157 3084 2274 3142">
    <p class='ocr_par' dir='ltr' id='par_1_60' title="bbox 2157 3084 2274 3142">
     <span class='ocr_line' id='line_1_60' title="bbox 2157 3084 2274 3142; baseline 0.009 -1"><span class='ocrx_word' id='word_1_451' title='bbox 2157 3084 2274 3142; x_wconf 91' lang='grc' dir='ltr'>λον.</span> 
     </span>
    </p>
   </div>
   <div class='ocr_carea' id='block_1_61' title="bbox 2230 3195 3826 3275">
    <p class='ocr_par' dir='ltr' id='par_1_61' title="bbox 2230 3195 3826 3275">
     <span class='ocr_line' id='line_1_61' title="bbox 2230 3195 3826 3275; baseline 0.006 -27"><span class='ocrx_word' id='word_1_452' title='bbox 2230 3195 2372 3269; x_wconf 85' lang='grc' dir='ltr'>Πρὸς</span> <span class='ocrx_word' id='word_1_453' title='bbox 2403 3195 2495 3250; x_wconf 82' lang='grc' dir='ltr'>τὸν</span> <span class='ocrx_word' id='word_1_454' title='bbox 2529 3195 2888 3273; x_wconf 87' lang='grc' dir='ltr'>ὀλιγόπιστον</span> <span class='ocrx_word' id='word_1_455' title='bbox 2917 3197 3087 3253; x_wconf 82' lang='grc' dir='ltr'>πάλιν</span> <span class='ocrx_word' id='word_1_456' title='bbox 3143 3197 3289 3272; x_wconf 80' lang='grc' dir='ltr'>αὐτῷ</span> <span class='ocrx_word' id='word_1_457' title='bbox 3338 3199 3366 3253; x_wconf 98' lang='lat'>6</span> <span class='ocrx_word' id='word_1_458' title='bbox 3417 3197 3611 3275; x_wconf 85' lang='grc' dir='ltr'>λόγος.</span> <span class='ocrx_word' id='word_1_459' title='bbox 3643 3222 3673 3252; x_wconf 74' lang='grc' dir='ltr'>ι(</span> <span class='ocrx_word' id='word_1_460' title='bbox 3709 3201 3826 3259; x_wconf 81' lang='grc' dir='ltr'>Καὶ</span> 
     </span>
    </p>
   </div>
   <div class='ocr_carea' id='block_1_62' title="bbox 397 3283 2049 3380">
    <p class='ocr_par' dir='ltr' id='par_1_62' title="bbox 397 3287 2049 3360">
     <span class='ocr_line' id='line_1_62' title="bbox 397 3287 2049 3360; baseline -0.002 -12"><span class='ocrx_word' id='word_1_461' title='bbox 397 3294 506 3348; x_wconf 87' lang='lat' dir='ltr'>est.</span> <span class='ocrx_word' id='word_1_462' title='bbox 548 3307 570 3339; x_wconf 73' lang='grc' dir='ltr'>ι</span> <span class='ocrx_word' id='word_1_463' title='bbox 603 3289 793 3345; x_wconf 84' lang='lat' dir='ltr'>Etiam</span> <span class='ocrx_word' id='word_1_464' title='bbox 826 3294 888 3344; x_wconf 93' lang='lat' dir='ltr'>tu</span> <span class='ocrx_word' id='word_1_465' title='bbox 920 3305 1026 3344; x_wconf 90' lang='lat' dir='ltr'>cur</span> <span class='ocrx_word' id='word_1_466' title='bbox 1054 3287 1310 3360; x_wconf 81' lang='lat' dir='ltr'>despicis</span> <span class='ocrx_word' id='word_1_467' title='bbox 1342 3287 1589 3343; x_wconf 84' lang='lat' dir='ltr'>fratrem</span> <span class='ocrx_word' id='word_1_468' title='bbox 1624 3292 1790 3343; x_wconf 89' lang='lat' dir='ltr'>tuum</span> <span class='ocrx_word' id='word_1_469' title='bbox 1811 3287 1840 3344; x_wconf 82' lang='lat'><strong>?</strong></span> <span class='ocrx_word' id='word_1_470' title='bbox 1873 3311 1900 3339; x_wconf 70' lang='grc' dir='ltr'>η</span> <span class='ocrx_word' id='word_1_471' title='bbox 1948 3288 2049 3345; x_wconf 87' lang='lat' dir='ltr'>llic</span> 
     </span>
    </p>
   </div>
   <div class='ocr_carea' id='block_1_63' title="bbox 2163 3283 3823 3380">
    <p class='ocr_par' dir='ltr' id='par_1_63' title="bbox 2163 3283 3823 3366">
     <span class='ocr_line' id='line_1_63' title="bbox 2163 3283 3823 3366; baseline 0.006 -28"><span class='ocrx_word' id='word_1_472' title='bbox 2163 3283 2220 3338; x_wconf 75' lang='grc' dir='ltr'>σὺ</span> <span class='ocrx_word' id='word_1_473' title='bbox 2250 3283 2302 3339; x_wconf 87' lang='grc' dir='ltr'>τί</span> <span class='ocrx_word' id='word_1_474' title='bbox 2334 3285 2628 3357; x_wconf 74' lang='grc' dir='ltr'>ἐξουθενεῖς</span> <span class='ocrx_word' id='word_1_475' title='bbox 2649 3286 2744 3341; x_wconf 82' lang='grc' dir='ltr'>τὸν</span> <span class='ocrx_word' id='word_1_476' title='bbox 2773 3285 3012 3364; x_wconf 78' lang='grc' dir='ltr'>ἀδελφόν</span> <span class='ocrx_word' id='word_1_477' title='bbox 3052 3309 3149 3343; x_wconf 82' lang='grc' dir='ltr'>σου</span> <span class='ocrx_word' id='word_1_478' title='bbox 3175 3308 3189 3357; x_wconf 77' lang='grc' dir='ltr'>ς</span> <span class='ocrx_word' id='word_1_479' title='bbox 3226 3311 3254 3340; x_wconf 73' lang='grc' dir='ltr'>ιι</span> <span class='ocrx_word' id='word_1_480' title='bbox 3287 3288 3430 3364; x_wconf 83' lang='grc' dir='ltr'>Πρὸς</span> <span class='ocrx_word' id='word_1_481' title='bbox 3475 3291 3568 3345; x_wconf 86' lang='grc' dir='ltr'>τὸν</span> <span class='ocrx_word' id='word_1_482' title='bbox 3600 3287 3823 3366; x_wconf 66' lang='grc' dir='ltr'>ἑδραῖον</span> 
     </span>
    </p>
   </div>
   <div class='ocr_carea' id='block_1_64' title="bbox 396 3375 2050 3449">
    <p class='ocr_par' dir='ltr' id='par_1_64' title="bbox 396 3375 2050 3449">
     <span class='ocr_line' id='line_1_64' title="bbox 396 3375 2050 3449; baseline -0.002 -13"><span class='ocrx_word' id='word_1_483' title='bbox 396 3395 592 3436; x_wconf 88' lang='lat' dir='ltr'>sermo</span> <span class='ocrx_word' id='word_1_484' title='bbox 625 3378 698 3434; x_wconf 85' lang='lat' dir='ltr'>ad</span> <span class='ocrx_word' id='word_1_485' title='bbox 730 3394 867 3433; x_wconf 87' lang='lat' dir='ltr'>eum</span> <span class='ocrx_word' id='word_1_486' title='bbox 899 3378 1000 3448; x_wconf 86' lang='lat' dir='ltr'>qui</span> <span class='ocrx_word' id='word_1_487' title='bbox 1026 3377 1141 3432; x_wconf 90' lang='lat' dir='ltr'>ﬁde</span> <span class='ocrx_word' id='word_1_488' title='bbox 1163 3377 1371 3432; x_wconf 90' lang='lat' dir='ltr'>ﬁrmus</span> <span class='ocrx_word' id='word_1_489' title='bbox 1394 3382 1484 3432; x_wconf 87' lang='lat' dir='ltr'>est</span> <span class='ocrx_word' id='word_1_490' title='bbox 1515 3375 1806 3449; x_wconf 79' lang='lat' dir='ltr'>dirigitur.</span> <span class='ocrx_word' id='word_1_491' title='bbox 1830 3378 2050 3433; x_wconf 85' lang='lat' dir='ltr'>Fratris</span> 
     </span>
    </p>
   </div>
   <div class='ocr_carea' id='block_1_65' title="bbox 397 3465 2049 3538">
    <p class='ocr_par' dir='ltr' id='par_1_65' title="bbox 397 3465 2049 3538">
     <span class='ocr_line' id='line_1_65' title="bbox 397 3465 2049 3538; baseline -0.002 -12"><span class='ocrx_word' id='word_1_492' title='bbox 397 3473 597 3526; x_wconf 87' lang='lat' dir='ltr'>autem</span> <span class='ocrx_word' id='word_1_493' title='bbox 629 3468 869 3522; x_wconf 87' lang='lat' dir='ltr'>nomine</span> <span class='ocrx_word' id='word_1_494' title='bbox 902 3466 1074 3522; x_wconf 88' lang='lat' dir='ltr'>solvit</span> <span class='ocrx_word' id='word_1_495' title='bbox 1105 3465 1224 3521; x_wconf 88' lang='lat' dir='ltr'>illis</span> <span class='ocrx_word' id='word_1_496' title='bbox 1257 3465 1720 3522; x_wconf 82' lang='lat' dir='ltr'>contentionem.</span> <span class='ocrx_word' id='word_1_497' title='bbox 1757 3467 2049 3538; x_wconf 88' lang='lat' dir='ltr'>Scriptum</span> 
     </span>
    </p>
   </div>
   <div class='ocr_carea' id='block_1_66' title="bbox 398 3554 2052 3628">
    <p class='ocr_par' dir='ltr' id='par_1_66' title="bbox 398 3554 2052 3628">
     <span class='ocr_line' id='line_1_66' title="bbox 398 3554 2052 3628; baseline -0.002 -14"><span class='ocrx_word' id='word_1_498' title='bbox 398 3562 489 3614; x_wconf 89' lang='lat' dir='ltr'>est</span> <span class='ocrx_word' id='word_1_499' title='bbox 515 3556 713 3613; x_wconf 90' lang='lat' dir='ltr'>enim:</span> <span class='ocrx_word' id='word_1_500' title='bbox 753 3577 772 3605; x_wconf 81' lang='grc' dir='ltr'>ι</span> <span class='ocrx_word' id='word_1_501' title='bbox 808 3555 946 3610; x_wconf 81' lang='lat' dir='ltr'>Vivo</span> <span class='ocrx_word' id='word_1_502' title='bbox 978 3571 1103 3627; x_wconf 79' lang='lat' dir='ltr'>ego,</span> <span class='ocrx_word' id='word_1_503' title='bbox 1140 3577 1168 3605; x_wconf 85' lang='lat'><strong><em>»</em></strong></span> <span class='ocrx_word' id='word_1_504' title='bbox 1203 3560 1312 3611; x_wconf 86' lang='lat' dir='ltr'>etc.</span> <span class='ocrx_word' id='word_1_505' title='bbox 1358 3554 1602 3610; x_wconf 89' lang='lat' dir='ltr'>Videtur</span> <span class='ocrx_word' id='word_1_506' title='bbox 1657 3554 1896 3626; x_wconf 84' lang='lat' dir='ltr'>quidem</span> <span class='ocrx_word' id='word_1_507' title='bbox 1945 3573 2052 3628; x_wconf 87' lang='lat' dir='ltr'>per</span> 
     </span>
    </p>
   </div>
   <div class='ocr_carea' id='block_1_67' title="bbox 395 3642 2051 3722">
    <p class='ocr_par' dir='ltr' id='par_1_67' title="bbox 395 3642 2051 3722">
     <span class='ocr_line' id='line_1_67' title="bbox 395 3642 2051 3722; baseline -0.001 -21"><span class='ocrx_word' id='word_1_508' title='bbox 395 3645 724 3722; x_wconf 67' lang='lat' dir='ltr'>prophetia;</span> <span class='ocrx_word' id='word_1_509' title='bbox 770 3642 1190 3700; x_wconf 88' lang='lat' dir='ltr'>deductionem</span> <span class='ocrx_word' id='word_1_510' title='bbox 1250 3642 1321 3698; x_wconf 89' lang='lat' dir='ltr'>ad</span> <span class='ocrx_word' id='word_1_511' title='bbox 1375 3643 1729 3699; x_wconf 84' lang='lat' dir='ltr'>modestiam</span> <span class='ocrx_word' id='word_1_512' title='bbox 1778 3660 2051 3700; x_wconf 88' lang='lat' dir='ltr'>revocare</span> 
     </span>
    </p>
   </div>
   <div class='ocr_carea' id='block_1_68' title="bbox 399 3733 2050 3807">
    <p class='ocr_par' dir='ltr' id='par_1_68' title="bbox 399 3733 2050 3807">
     <span class='ocr_line' id='line_1_68' title="bbox 399 3733 2050 3807; baseline -0.002 -15"><span class='ocrx_word' id='word_1_513' title='bbox 399 3735 660 3800; x_wconf 89' lang='lat' dir='ltr'>ﬁdelem,</span> <span class='ocrx_word' id='word_1_514' title='bbox 696 3751 769 3789; x_wconf 90' lang='lat' dir='ltr'>ne</span> <span class='ocrx_word' id='word_1_515' title='bbox 794 3733 1197 3807; x_wconf 90' lang='lat' dir='ltr'>judaizantem</span> <span class='ocrx_word' id='word_1_516' title='bbox 1232 3733 1607 3804; x_wconf 86' lang='lat' dir='ltr'>despiceret:</span> <span class='ocrx_word' id='word_1_517' title='bbox 1643 3739 1826 3790; x_wconf 86' lang='lat' dir='ltr'>totam</span> <span class='ocrx_word' id='word_1_518' title='bbox 1853 3740 2050 3790; x_wconf 88' lang='lat' dir='ltr'>tamen</span> 
     </span>
    </p>
   </div>
   <div class='ocr_carea' id='block_1_69' title="bbox 397 3823 2050 3900">
    <p class='ocr_par' dir='ltr' id='par_1_69' title="bbox 397 3823 2050 3900">
     <span class='ocr_line' id='line_1_69' title="bbox 397 3823 2050 3900; baseline -0.001 -18"><span class='ocrx_word' id='word_1_519' title='bbox 397 3824 752 3900; x_wconf 86' lang='lat' dir='ltr'>particulam</span> <span class='ocrx_word' id='word_1_520' title='bbox 777 3824 1080 3896; x_wconf 81' lang='lat' dir='ltr'>dixit,ejus</span> <span class='ocrx_word' id='word_1_521' title='bbox 1104 3825 1203 3896; x_wconf 90' lang='lat' dir='ltr'>qui</span> <span class='ocrx_word' id='word_1_522' title='bbox 1225 3823 1415 3879; x_wconf 86' lang='lat' dir='ltr'>adhuc</span> <span class='ocrx_word' id='word_1_523' title='bbox 1431 3823 1763 3895; x_wconf 84' lang='lat' dir='ltr'>judaizaret</span> <span class='ocrx_word' id='word_1_524' title='bbox 1782 3827 2050 3881; x_wconf 89' lang='lat' dir='ltr'>animum</span> 
     </span>
    </p>
   </div>
   <div class='ocr_carea' id='block_1_70' title="bbox 397 3909 2051 3984">
    <p class='ocr_par' dir='ltr' id='par_1_70' title="bbox 397 3909 2051 3984">
     <span class='ocr_line' id='line_1_70' title="bbox 397 3909 2051 3984; baseline -0.001 -14"><span class='ocrx_word' id='word_1_525' title='bbox 397 3911 747 3970; x_wconf 88' lang='lat' dir='ltr'>concutiens</span> <span class='ocrx_word' id='word_1_526' title='bbox 777 3929 790 3967; x_wconf 91' lang='lat'>:</span> <span class='ocrx_word' id='word_1_527' title='bbox 825 3912 921 3968; x_wconf 91' lang='lat' dir='ltr'>hic</span> <span class='ocrx_word' id='word_1_528' title='bbox 953 3909 1194 3983; x_wconf 85' lang='lat' dir='ltr'>quidem</span> <span class='ocrx_word' id='word_1_529' title='bbox 1221 3911 1434 3984; x_wconf 89' lang='lat' dir='ltr'>judicii</span> <span class='ocrx_word' id='word_1_530' title='bbox 1459 3913 1784 3981; x_wconf 88' lang='lat' dir='ltr'>mentione,</span> <span class='ocrx_word' id='word_1_531' title='bbox 1810 3912 1888 3967; x_wconf 89' lang='lat' dir='ltr'>ibi</span> <span class='ocrx_word' id='word_1_532' title='bbox 1915 3927 2051 3969; x_wconf 84' lang='lat' dir='ltr'>vero</span> 
     </span>
    </p>
   </div>
   <div class='ocr_carea' id='block_1_71' title="bbox 397 3999 2048 4070">
    <p class='ocr_par' dir='ltr' id='par_1_71' title="bbox 397 3999 2048 4070">
     <span class='ocr_line' id='line_1_71' title="bbox 397 3999 2048 4070; baseline -0.001 -11"><span class='ocrx_word' id='word_1_533' title='bbox 397 3999 614 4059; x_wconf 84' lang='lat' dir='ltr'>Christi</span> <span class='ocrx_word' id='word_1_534' title='bbox 653 3999 960 4057; x_wconf 89' lang='lat' dir='ltr'>beneﬁciis</span> <span class='ocrx_word' id='word_1_535' title='bbox 1019 4002 1357 4057; x_wconf 82' lang='lat' dir='ltr'>exhortans.</span> <span class='ocrx_word' id='word_1_536' title='bbox 1418 4001 1650 4056; x_wconf 85' lang='lat' dir='ltr'>Etenim</span> <span class='ocrx_word' id='word_1_537' title='bbox 1711 4003 1758 4056; x_wconf 91' lang='lat' dir='ltr'>si</span> <span class='ocrx_word' id='word_1_538' title='bbox 1819 4017 2048 4070; x_wconf 86' lang='lat' dir='ltr'>omnes,</span> 
     </span>
    </p>
   </div>
   <div class='ocr_carea' id='block_1_72' title="bbox 395 4091 2052 4164">
    <p class='ocr_par' dir='ltr' id='par_1_72' title="bbox 395 4091 2052 4164">
     <span class='ocr_line' id='line_1_72' title="bbox 395 4091 2052 4164; baseline -0.001 -17"><span class='ocrx_word' id='word_1_539' title='bbox 395 4093 614 4164; x_wconf 87' lang='lat' dir='ltr'>inquit,</span> <span class='ocrx_word' id='word_1_540' title='bbox 643 4097 778 4146; x_wconf 90' lang='lat' dir='ltr'>ante</span> <span class='ocrx_word' id='word_1_541' title='bbox 809 4091 1109 4146; x_wconf 89' lang='lat' dir='ltr'>Christum</span> <span class='ocrx_word' id='word_1_542' title='bbox 1135 4093 1468 4146; x_wconf 86' lang='lat' dir='ltr'>statuemur</span> <span class='ocrx_word' id='word_1_543' title='bbox 1493 4109 1504 4146; x_wconf 90' lang='lat'>:</span> <span class='ocrx_word' id='word_1_544' title='bbox 1535 4097 1593 4146; x_wconf 88' lang='lat' dir='ltr'>et</span> <span class='ocrx_word' id='word_1_545' title='bbox 1619 4091 1766 4164; x_wconf 86' lang='lat' dir='ltr'>ipse,</span> <span class='ocrx_word' id='word_1_546' title='bbox 1790 4108 1909 4147; x_wconf 90' lang='lat' dir='ltr'>non</span> <span class='ocrx_word' id='word_1_547' title='bbox 1933 4091 2052 4158; x_wconf 83' lang='lat' dir='ltr'>lex,</span> 
     </span>
    </p>
   </div>
   <div class='ocr_carea' id='block_1_73' title="bbox 397 4180 2055 4252">
    <p class='ocr_par' dir='ltr' id='par_1_73' title="bbox 397 4180 2055 4252">
     <span class='ocr_line' id='line_1_73' title="bbox 397 4180 2055 4252; baseline -0.001 -16"><span class='ocrx_word' id='word_1_548' title='bbox 397 4182 692 4237; x_wconf 86' lang='lat' dir='ltr'>rationem</span> <span class='ocrx_word' id='word_1_549' title='bbox 723 4197 757 4236; x_wconf 86' lang='lat' dir='ltr'>a</span> <span class='ocrx_word' id='word_1_550' title='bbox 786 4180 960 4236; x_wconf 88' lang='lat' dir='ltr'>nobis</span> <span class='ocrx_word' id='word_1_551' title='bbox 992 4180 1185 4252; x_wconf 80' lang='lat' dir='ltr'>exiget</span> <span class='ocrx_word' id='word_1_552' title='bbox 1213 4197 1225 4235; x_wconf 91' lang='lat'>:</span> <span class='ocrx_word' id='word_1_553' title='bbox 1260 4197 1366 4235; x_wconf 85' lang='lat' dir='ltr'>cur</span> <span class='ocrx_word' id='word_1_554' title='bbox 1397 4186 1462 4234; x_wconf 92' lang='lat' dir='ltr'>tu</span> <span class='ocrx_word' id='word_1_555' title='bbox 1491 4181 1603 4252; x_wconf 78' lang='lat' dir='ltr'>legi</span> <span class='ocrx_word' id='word_1_556' title='bbox 1637 4180 1973 4249; x_wconf 70' lang='lat' dir='ltr'>adhaerens,</span> <span class='ocrx_word' id='word_1_557' title='bbox 1997 4186 2055 4236; x_wconf 89' lang='lat' dir='ltr'>et</span> 
     </span>
    </p>
   </div>
   <div class='ocr_carea' id='block_1_74' title="bbox 399 4267 2051 4342">
    <p class='ocr_par' dir='ltr' id='par_1_74' title="bbox 399 4267 2051 4342">
     <span class='ocr_line' id='line_1_74' title="bbox 399 4267 2051 4342; baseline -0.001 -16"><span class='ocrx_word' id='word_1_558' title='bbox 399 4287 520 4326; x_wconf 89' lang='lat' dir='ltr'>non</span> <span class='ocrx_word' id='word_1_559' title='bbox 569 4270 866 4325; x_wconf 89' lang='lat' dir='ltr'>Christum</span> <span class='ocrx_word' id='word_1_560' title='bbox 919 4267 1106 4324; x_wconf 86' lang='lat' dir='ltr'>semel</span> <span class='ocrx_word' id='word_1_561' title='bbox 1169 4268 1620 4342; x_wconf 73' lang='lat' dir='ltr'>apprehendis.’</span> <span class='ocrx_word' id='word_1_562' title='bbox 1653 4293 1672 4317; x_wconf 86' lang='lat'><strong>-</strong></span> <span class='ocrx_word' id='word_1_563' title='bbox 1727 4270 1863 4324; x_wconf 84' lang='lat' dir='ltr'>Mihi</span> <span class='ocrx_word' id='word_1_564' title='bbox 1920 4284 2051 4326; x_wconf 87' lang='lat' dir='ltr'>sese</span> 
     </span>
    </p>
   </div>
   <div class='ocr_carea' id='block_1_75' title="bbox 399 4358 2051 4431">
    <p class='ocr_par' dir='ltr' id='par_1_75' title="bbox 399 4358 2051 4431">
     <span class='ocr_line' id='line_1_75' title="bbox 399 4358 2051 4431; baseline 0.001 -16"><span class='ocrx_word' id='word_1_565' title='bbox 399 4359 600 4415; x_wconf 85' lang='lat' dir='ltr'>ﬂectet</span> <span class='ocrx_word' id='word_1_566' title='bbox 638 4374 814 4414; x_wconf 91' lang='lat' dir='ltr'>omne</span> <span class='ocrx_word' id='word_1_567' title='bbox 871 4374 1044 4431; x_wconf 75' lang='lat' dir='ltr'>genu.</span> <span class='ocrx_word' id='word_1_568' title='bbox 1085 4382 1110 4407; x_wconf 88' lang='grc'><strong>››</strong></span> <span class='ocrx_word' id='word_1_569' title='bbox 1170 4358 1316 4414; x_wconf 75' lang='lat'>887</span> <span class='ocrx_word' id='word_1_570' title='bbox 1383 4359 1661 4415; x_wconf 90' lang='lat' dir='ltr'>Omnium</span> <span class='ocrx_word' id='word_1_571' title='bbox 1718 4358 2051 4416; x_wconf 89' lang='lat' dir='ltr'>dominium</span> 
     </span>
    </p>
   </div>
   <div class='ocr_carea' id='block_1_76' title="bbox 399 4446 2050 4522">
    <p class='ocr_par' dir='ltr' id='par_1_76' title="bbox 399 4446 2050 4522">
     <span class='ocr_line' id='line_1_76' title="bbox 399 4446 2050 4522; baseline 0.001 -19"><span class='ocrx_word' id='word_1_572' title='bbox 399 4449 539 4503; x_wconf 88' lang='lat' dir='ltr'>huic</span> <span class='ocrx_word' id='word_1_573' title='bbox 572 4447 815 4504; x_wconf 87' lang='lat' dir='ltr'>subesse</span> <span class='ocrx_word' id='word_1_574' title='bbox 838 4454 1171 4504; x_wconf 82' lang='lat' dir='ltr'>attestatur.</span> <span class='ocrx_word' id='word_1_575' title='bbox 1199 4471 1224 4497; x_wconf 90' lang='grc'>‹‹</span> <span class='ocrx_word' id='word_1_576' title='bbox 1253 4450 1319 4502; x_wconf 86' lang='lat' dir='ltr'>Et</span> <span class='ocrx_word' id='word_1_577' title='bbox 1341 4447 1538 4503; x_wconf 87' lang='lat' dir='ltr'>omnis</span> <span class='ocrx_word' id='word_1_578' title='bbox 1569 4448 1774 4522; x_wconf 81' lang='lat' dir='ltr'>lingua</span> <span class='ocrx_word' id='word_1_579' title='bbox 1806 4446 2050 4505; x_wconf 87' lang='lat' dir='ltr'>conﬁte-</span> 
     </span>
    </p>
   </div>
   <div class='ocr_carea' id='block_1_77' title="bbox 399 4535 2050 4611">
    <p class='ocr_par' dir='ltr' id='par_1_77' title="bbox 399 4535 2050 4611">
     <span class='ocr_line' id='line_1_77' title="bbox 399 4535 2050 4611; baseline 0.002 -20"><span class='ocrx_word' id='word_1_580' title='bbox 399 4535 580 4596; x_wconf 83' lang='lat' dir='ltr'>bitur.</span> <span class='ocrx_word' id='word_1_581' title='bbox 613 4554 639 4585; x_wconf 74' lang='grc' dir='ltr'>ι»</span> <span class='ocrx_word' id='word_1_582' title='bbox 672 4538 917 4610; x_wconf 86' lang='lat' dir='ltr'>Propria</span> <span class='ocrx_word' id='word_1_583' title='bbox 968 4537 1244 4592; x_wconf 87' lang='lat' dir='ltr'>videlicet</span> <span class='ocrx_word' id='word_1_584' title='bbox 1291 4545 1554 4609; x_wconf 86' lang='lat' dir='ltr'>peccata,</span> <span class='ocrx_word' id='word_1_585' title='bbox 1607 4555 1674 4593; x_wconf 81' lang='lat' dir='ltr'>ex</span> <span class='ocrx_word' id='word_1_586' title='bbox 1722 4538 1853 4611; x_wconf 86' lang='lat' dir='ltr'>ipsa</span> <span class='ocrx_word' id='word_1_587' title='bbox 1910 4555 2050 4595; x_wconf 89' lang='lat' dir='ltr'>con-</span> 
     </span>
    </p>
   </div>
   <div class='ocr_carea' id='block_1_78' title="bbox 2160 3373 3826 3460">
    <p class='ocr_par' dir='ltr' id='par_1_78' title="bbox 2160 3373 3826 3460">
     <span class='ocr_line' id='line_1_78' title="bbox 2160 3373 3826 3460; baseline 0.004 -30"><span class='ocrx_word' id='word_1_588' title='bbox 2160 3377 2228 3449; x_wconf 79' lang='grc' dir='ltr'>τῇ</span> <span class='ocrx_word' id='word_1_589' title='bbox 2259 3374 2435 3431; x_wconf 79' lang='grc' dir='ltr'>πίστει</span> <span class='ocrx_word' id='word_1_590' title='bbox 2469 3373 2497 3430; x_wconf 87' lang='lat'>6</span> <span class='ocrx_word' id='word_1_591' title='bbox 2529 3375 2699 3452; x_wconf 87' lang='grc' dir='ltr'>λόγος</span> <span class='ocrx_word' id='word_1_592' title='bbox 2734 3376 2915 3440; x_wconf 76' lang='grc' dir='ltr'>οὗτος.</span> <span class='ocrx_word' id='word_1_593' title='bbox 2949 3377 3047 3451; x_wconf 83' lang='grc' dir='ltr'>Τῷ</span> <span class='ocrx_word' id='word_1_594' title='bbox 3077 3376 3134 3434; x_wconf 71' lang='grc' dir='ltr'>δὶ</span> <span class='ocrx_word' id='word_1_595' title='bbox 3165 3378 3395 3452; x_wconf 82' lang='grc' dir='ltr'>ὀνόματι</span> <span class='ocrx_word' id='word_1_596' title='bbox 3424 3377 3521 3436; x_wconf 79' lang='grc' dir='ltr'>τοῦ</span> <span class='ocrx_word' id='word_1_597' title='bbox 3551 3376 3826 3460; x_wconf 70' lang='grc' dir='ltr'>ἀδελφοῦ,</span> 
     </span>
    </p>
   </div>
   <div class='ocr_carea' id='block_1_79' title="bbox 2161 3461 3831 3542">
    <p class='ocr_par' dir='ltr' id='par_1_79' title="bbox 2161 3461 3831 3542">
     <span class='ocr_line' id='line_1_79' title="bbox 2161 3461 3831 3542; baseline 0.005 -24"><span class='ocrx_word' id='word_1_598' title='bbox 2161 3461 2281 3518; x_wconf 80' lang='grc' dir='ltr'>λύει</span> <span class='ocrx_word' id='word_1_599' title='bbox 2315 3464 2502 3527; x_wconf 84' lang='grc' dir='ltr'>αὐτοῖς</span> <span class='ocrx_word' id='word_1_600' title='bbox 2531 3466 2632 3533; x_wconf 77' lang='grc' dir='ltr'>τήν</span> <span class='ocrx_word' id='word_1_601' title='bbox 2667 3463 2797 3542; x_wconf 81' lang='grc' dir='ltr'>ἔριν.</span> <span class='ocrx_word' id='word_1_602' title='bbox 2843 3491 2870 3520; x_wconf 79' lang='grc' dir='ltr'>ι(</span> <span class='ocrx_word' id='word_1_603' title='bbox 2911 3472 2998 3522; x_wconf 82' lang='grc' dir='ltr'>Ζῶ</span> <span class='ocrx_word' id='word_1_604' title='bbox 3028 3466 3155 3542; x_wconf 78' lang='grc' dir='ltr'>ἐγὼ,</span> <span class='ocrx_word' id='word_1_605' title='bbox 3200 3491 3228 3519; x_wconf 81' lang='lat' dir='ltr'>n</span> <span class='ocrx_word' id='word_1_606' title='bbox 3257 3467 3348 3522; x_wconf 78' lang='grc' dir='ltr'>καὶ</span> <span class='ocrx_word' id='word_1_607' title='bbox 3378 3468 3445 3524; x_wconf 82' lang='grc' dir='ltr'>τὰ</span> <span class='ocrx_word' id='word_1_608' title='bbox 3489 3469 3629 3541; x_wconf 63' lang='grc' dir='ltr'>ἑξῆς.</span> <span class='ocrx_word' id='word_1_609' title='bbox 3663 3479 3831 3527; x_wconf 79' lang='grc' dir='ltr'>Δοκεῖ</span> 
     </span>
    </p>
   </div>
   <div class='ocr_carea' id='block_1_80' title="bbox 2168 3550 3821 3636">
    <p class='ocr_par' dir='ltr' id='par_1_80' title="bbox 2168 3550 3821 3636">
     <span class='ocr_line' id='line_1_80' title="bbox 2168 3550 3821 3636; baseline 0.005 -29"><span class='ocrx_word' id='word_1_610' title='bbox 2168 3553 2263 3629; x_wconf 73' lang='grc' dir='ltr'>μὲν</span> <span class='ocrx_word' id='word_1_611' title='bbox 2295 3550 2383 3608; x_wconf 75' lang='grc' dir='ltr'>διὰ</span> <span class='ocrx_word' id='word_1_612' title='bbox 2413 3561 2515 3623; x_wconf 80' lang='grc' dir='ltr'>τῆς</span> <span class='ocrx_word' id='word_1_613' title='bbox 2558 3563 2894 3632; x_wconf 79' lang='grc' dir='ltr'>παραγωγῆς</span> <span class='ocrx_word' id='word_1_614' title='bbox 2931 3563 3033 3626; x_wconf 87' lang='grc' dir='ltr'>τῆς</span> <span class='ocrx_word' id='word_1_615' title='bbox 3091 3555 3448 3636; x_wconf 68' lang='grc' dir='ltr'>προφητείας,</span> <span class='ocrx_word' id='word_1_616' title='bbox 3508 3559 3600 3614; x_wconf 84' lang='grc' dir='ltr'>καὶ</span> <span class='ocrx_word' id='word_1_617' title='bbox 3657 3578 3821 3616; x_wconf 85' lang='grc' dir='ltr'>κατα-</span> 
     </span>
    </p>
   </div>
   <div class='ocr_carea' id='block_1_81' title="bbox 2164 3640 3828 3719">
    <p class='ocr_par' dir='ltr' id='par_1_81' title="bbox 2164 3640 3828 3719">
     <span class='ocr_line' id='line_1_81' title="bbox 2164 3640 3828 3719; baseline 0.004 -23"><span class='ocrx_word' id='word_1_618' title='bbox 2164 3640 2412 3697; x_wconf 74' lang='grc' dir='ltr'>στίλλειν</span> <span class='ocrx_word' id='word_1_619' title='bbox 2443 3644 2534 3698; x_wconf 81' lang='grc' dir='ltr'>τὸν</span> <span class='ocrx_word' id='word_1_620' title='bbox 2562 3643 2776 3714; x_wconf 84' lang='grc' dir='ltr'>πιστὸν,</span> <span class='ocrx_word' id='word_1_621' title='bbox 2810 3644 2886 3706; x_wconf 83' lang='grc' dir='ltr'>εἶς</span> <span class='ocrx_word' id='word_1_622' title='bbox 2939 3645 3004 3700; x_wconf 85' lang='grc' dir='ltr'>τὸ</span> <span class='ocrx_word' id='word_1_623' title='bbox 3063 3645 3142 3719; x_wconf 80' lang='grc' dir='ltr'>μὴ</span> <span class='ocrx_word' id='word_1_624' title='bbox 3201 3643 3494 3718; x_wconf 72' lang='grc' dir='ltr'>ἰξουθενεῖν</span> <span class='ocrx_word' id='word_1_625' title='bbox 3546 3649 3641 3703; x_wconf 84' lang='grc' dir='ltr'>τὸν</span> <span class='ocrx_word' id='word_1_626' title='bbox 3693 3650 3828 3706; x_wconf 87' lang='grc' dir='ltr'>Ἰου-</span> 
     </span>
    </p>
   </div>
   <div class='ocr_carea' id='block_1_82' title="bbox 2164 3725 3824 3810">
    <p class='ocr_par' dir='ltr' id='par_1_82' title="bbox 2164 3725 3824 3810">
     <span class='ocr_line' id='line_1_82' title="bbox 2164 3725 3824 3810; baseline 0.004 -28"><span class='ocrx_word' id='word_1_627' title='bbox 2164 3725 2440 3798; x_wconf 77' lang='grc' dir='ltr'>δαῒζοντα,</span> <span class='ocrx_word' id='word_1_628' title='bbox 2471 3728 2622 3800; x_wconf 75' lang='grc' dir='ltr'>πλὴν</span> <span class='ocrx_word' id='word_1_629' title='bbox 2656 3729 2790 3786; x_wconf 74' lang='grc' dir='ltr'>ὃλον</span> <span class='ocrx_word' id='word_1_630' title='bbox 2819 3732 2882 3786; x_wconf 86' lang='grc' dir='ltr'>τὸ</span> <span class='ocrx_word' id='word_1_631' title='bbox 2911 3731 3122 3810; x_wconf 84' lang='grc' dir='ltr'>χωρίον</span> <span class='ocrx_word' id='word_1_632' title='bbox 3182 3731 3323 3804; x_wconf 77' lang='grc' dir='ltr'>εἶπε,</span> <span class='ocrx_word' id='word_1_633' title='bbox 3361 3735 3660 3790; x_wconf 78' lang='grc' dir='ltr'>κατασείων</span> <span class='ocrx_word' id='word_1_634' title='bbox 3718 3738 3824 3806; x_wconf 80' lang='grc' dir='ltr'>τὴν</span> 
     </span>
    </p>
   </div>
   <div class='ocr_carea' id='block_1_83' title="bbox 2162 3816 3823 3901">
    <p class='ocr_par' dir='ltr' id='par_1_83' title="bbox 2162 3816 3823 3901">
     <span class='ocr_line' id='line_1_83' title="bbox 2162 3816 3823 3901; baseline 0.005 -30"><span class='ocrx_word' id='word_1_635' title='bbox 2162 3818 2349 3893; x_wconf 76' lang='grc' dir='ltr'>ψυχὴν</span> <span class='ocrx_word' id='word_1_636' title='bbox 2406 3821 2504 3874; x_wconf 87' lang='grc' dir='ltr'>τοῦ</span> <span class='ocrx_word' id='word_1_637' title='bbox 2557 3816 2950 3890; x_wconf 69' lang='grc' dir='ltr'>Ἰουδαῒζοντος</span> <span class='ocrx_word' id='word_1_638' title='bbox 3008 3816 3106 3891; x_wconf 72' lang='grc' dir='ltr'>ἔτι,</span> <span class='ocrx_word' id='word_1_639' title='bbox 3164 3819 3272 3878; x_wconf 81' lang='grc' dir='ltr'>ὧδε</span> <span class='ocrx_word' id='word_1_640' title='bbox 3333 3823 3429 3898; x_wconf 80' lang='grc' dir='ltr'>μὶν</span> <span class='ocrx_word' id='word_1_641' title='bbox 3484 3826 3554 3898; x_wconf 76' lang='grc' dir='ltr'>τῇ</span> <span class='ocrx_word' id='word_1_642' title='bbox 3624 3826 3823 3901; x_wconf 72' lang='grc' dir='ltr'>μνήμῃ</span> 
     </span>
    </p>
   </div>
   <div class='ocr_carea' id='block_1_84' title="bbox 2161 3905 3823 3988">
    <p class='ocr_par' dir='ltr' id='par_1_84' title="bbox 2161 3905 3823 3988">
     <span class='ocr_line' id='line_1_84' title="bbox 2161 3905 3823 3988; baseline 0.004 -27"><span class='ocrx_word' id='word_1_643' title='bbox 2161 3914 2263 3976; x_wconf 77' lang='grc' dir='ltr'>τῆς</span> <span class='ocrx_word' id='word_1_644' title='bbox 2317 3908 2567 3981; x_wconf 82' lang='grc' dir='ltr'>κρίσεως,</span> <span class='ocrx_word' id='word_1_645' title='bbox 2625 3905 2737 3964; x_wconf 77' lang='grc' dir='ltr'>ἄνω</span> <span class='ocrx_word' id='word_1_646' title='bbox 2798 3907 2855 3964; x_wconf 72' lang='grc' dir='ltr'>δὲ</span> <span class='ocrx_word' id='word_1_647' title='bbox 2911 3915 3031 3972; x_wconf 87' lang='grc' dir='ltr'>ταῖς</span> <span class='ocrx_word' id='word_1_648' title='bbox 3089 3909 3421 3988; x_wconf 71' lang='grc' dir='ltr'>εὐεργεσίαις</span> <span class='ocrx_word' id='word_1_649' title='bbox 3490 3913 3659 3966; x_wconf 83' lang='grc' dir='ltr'>αὐτοῦ</span> <span class='ocrx_word' id='word_1_650' title='bbox 3718 3918 3823 3968; x_wconf 82' lang='grc' dir='ltr'>τοῦ</span> 
     </span>
    </p>
   </div>
   <div class='ocr_carea' id='block_1_85' title="bbox 2164 3995 3818 4075">
    <p class='ocr_par' dir='ltr' id='par_1_85' title="bbox 2164 3995 3818 4075">
     <span class='ocr_line' id='line_1_85' title="bbox 2164 3995 3818 4075; baseline 0.001 -22"><span class='ocrx_word' id='word_1_651' title='bbox 2164 3998 2404 4072; x_wconf 76' lang='grc' dir='ltr'>Χριστοῦ</span> <span class='ocrx_word' id='word_1_652' title='bbox 2434 3995 2723 4072; x_wconf 72' lang='grc' dir='ltr'>ἐντρέπων.</span> <span class='ocrx_word' id='word_1_653' title='bbox 2755 3999 2823 4056; x_wconf 82' lang='grc' dir='ltr'>Εἰ</span> <span class='ocrx_word' id='word_1_654' title='bbox 2873 4000 2978 4075; x_wconf 85' lang='grc' dir='ltr'>γάρ</span> <span class='ocrx_word' id='word_1_655' title='bbox 3033 4005 3115 4073; x_wconf 74' lang='grc' dir='ltr'>τῷ</span> <span class='ocrx_word' id='word_1_656' title='bbox 3159 4002 3397 4075; x_wconf 80' lang='grc' dir='ltr'>Χριστῷ,</span> <span class='ocrx_word' id='word_1_657' title='bbox 3428 3999 3581 4075; x_wconf 81' lang='grc' dir='ltr'>φησὶ,</span> <span class='ocrx_word' id='word_1_658' title='bbox 3613 3999 3818 4062; x_wconf 76' lang='grc' dir='ltr'>πάντες</span> 
     </span>
    </p>
   </div>
   <div class='ocr_carea' id='block_1_86' title="bbox 2164 4085 3814 4164">
    <p class='ocr_par' dir='ltr' id='par_1_86' title="bbox 2164 4085 3814 4164">
     <span class='ocr_line' id='line_1_86' title="bbox 2164 4085 3814 4164; baseline -0.001 -23"><span class='ocrx_word' id='word_1_659' title='bbox 2164 4086 2646 4158; x_wconf 80' lang='grc' dir='ltr'>παραστησόμεθα,</span> <span class='ocrx_word' id='word_1_660' title='bbox 2680 4089 2770 4143; x_wconf 79' lang='grc' dir='ltr'>καὶ</span> <span class='ocrx_word' id='word_1_661' title='bbox 2807 4087 2970 4151; x_wconf 75' lang='grc' dir='ltr'>αὐτὸς</span> <span class='ocrx_word' id='word_1_662' title='bbox 3001 4092 3170 4164; x_wconf 78' lang='grc' dir='ltr'>ἡμᾶς,</span> <span class='ocrx_word' id='word_1_663' title='bbox 3229 4089 3317 4144; x_wconf 80' lang='grc' dir='ltr'>καὶ</span> <span class='ocrx_word' id='word_1_664' title='bbox 3366 4085 3472 4164; x_wconf 78' lang='grc' dir='ltr'>οὐχ</span> <span class='ocrx_word' id='word_1_665' title='bbox 3528 4088 3554 4140; x_wconf 90' lang='lat'>6</span> <span class='ocrx_word' id='word_1_666' title='bbox 3607 4086 3814 4160; x_wconf 86' lang='grc' dir='ltr'>νόμος,</span> 
     </span>
    </p>
   </div>
   <div class='ocr_carea' id='block_1_87' title="bbox 2165 4174 3821 4254">
    <p class='ocr_par' dir='ltr' id='par_1_87' title="bbox 2165 4174 3821 4254">
     <span class='ocr_line' id='line_1_87' title="bbox 2165 4174 3821 4254; baseline 0.001 -24"><span class='ocrx_word' id='word_1_667' title='bbox 2165 4174 2389 4237; x_wconf 77' lang='grc' dir='ltr'>εὐθύνας</span> <span class='ocrx_word' id='word_1_668' title='bbox 2448 4176 2757 4247; x_wconf 80' lang='grc' dir='ltr'>ἀπαιτήσει·</span> <span class='ocrx_word' id='word_1_669' title='bbox 2812 4179 2864 4233; x_wconf 87' lang='grc' dir='ltr'>τί</span> <span class='ocrx_word' id='word_1_670' title='bbox 2924 4177 2986 4233; x_wconf 79' lang='grc' dir='ltr'>σὺ</span> <span class='ocrx_word' id='word_1_671' title='bbox 3042 4177 3146 4254; x_wconf 77' lang='grc' dir='ltr'>ἔχῃ</span> <span class='ocrx_word' id='word_1_672' title='bbox 3206 4182 3300 4234; x_wconf 87' lang='grc' dir='ltr'>τοῦ</span> <span class='ocrx_word' id='word_1_673' title='bbox 3351 4177 3549 4251; x_wconf 82' lang='grc' dir='ltr'>νόμου,</span> <span class='ocrx_word' id='word_1_674' title='bbox 3600 4176 3692 4232; x_wconf 79' lang='grc' dir='ltr'>καὶ</span> <span class='ocrx_word' id='word_1_675' title='bbox 3753 4177 3821 4232; x_wconf 73' lang='grc' dir='ltr'>οὐ</span> 
     </span>
    </p>
   </div>
   <div class='ocr_carea' id='block_1_88' title="bbox 2163 4261 3825 4343">
    <p class='ocr_par' dir='ltr' id='par_1_88' title="bbox 2163 4261 3825 4343">
     <span class='ocr_line' id='line_1_88' title="bbox 2163 4261 3825 4343; baseline 0.001 -24"><span class='ocrx_word' id='word_1_676' title='bbox 2163 4263 2403 4334; x_wconf 75' lang='grc' dir='ltr'>καθάπαξ</span> <span class='ocrx_word' id='word_1_677' title='bbox 2460 4261 2810 4340; x_wconf 77' lang='grc' dir='ltr'>ἐπιλαμϐάνῃ</span> <span class='ocrx_word' id='word_1_678' title='bbox 2862 4270 2959 4322; x_wconf 82' lang='grc' dir='ltr'>τοῦ</span> <span class='ocrx_word' id='word_1_679' title='bbox 3039 4271 3272 4343; x_wconf 76' lang='grc' dir='ltr'>Χριστοῦ</span> <span class='ocrx_word' id='word_1_680' title='bbox 3334 4292 3348 4337; x_wconf 72' lang='grc' dir='ltr'>ς</span> <span class='ocrx_word' id='word_1_681' title='bbox 3408 4288 3436 4318; x_wconf 83' lang='grc'>‹‹</span> <span class='ocrx_word' id='word_1_682' title='bbox 3490 4267 3617 4324; x_wconf 90' lang='grc' dir='ltr'>Ὃτι</span> <span class='ocrx_word' id='word_1_683' title='bbox 3692 4264 3825 4338; x_wconf 72' lang='grc' dir='ltr'>ἐμοὶ</span> 
     </span>
    </p>
   </div>
   <div class='ocr_carea' id='block_1_89' title="bbox 2163 4352 3827 4431">
    <p class='ocr_par' dir='ltr' id='par_1_89' title="bbox 2163 4352 3827 4431">
     <span class='ocr_line' id='line_1_89' title="bbox 2163 4352 3827 4431; baseline 0.001 -24"><span class='ocrx_word' id='word_1_684' title='bbox 2163 4352 2368 4426; x_wconf 71' lang='grc' dir='ltr'>κάμψει</span> <span class='ocrx_word' id='word_1_685' title='bbox 2399 4358 2504 4407; x_wconf 80' lang='grc' dir='ltr'>πᾶν</span> <span class='ocrx_word' id='word_1_686' title='bbox 2537 4354 2755 4431; x_wconf 86' lang='grc' dir='ltr'>γόνυ.»</span> <span class='ocrx_word' id='word_1_687' title='bbox 2811 4356 2920 4424; x_wconf 75' lang='grc' dir='ltr'>Τὴν</span> <span class='ocrx_word' id='word_1_688' title='bbox 2983 4354 3235 4411; x_wconf 78' lang='grc' dir='ltr'>ἁπάντων</span> <span class='ocrx_word' id='word_1_689' title='bbox 3296 4355 3446 4411; x_wconf 83' lang='grc' dir='ltr'>αὐτῶ</span> <span class='ocrx_word' id='word_1_690' title='bbox 3506 4352 3827 4410; x_wconf 82' lang='grc' dir='ltr'>δεσποτείαν</span> 
     </span>
    </p>
   </div>
   <div class='ocr_carea' id='block_1_90' title="bbox 2169 4443 3826 4521">
    <p class='ocr_par' dir='ltr' id='par_1_90' title="bbox 2169 4443 3826 4521">
     <span class='ocr_line' id='line_1_90' title="bbox 2169 4443 3826 4521; baseline 0.007 -26"><span class='ocrx_word' id='word_1_691' title='bbox 2169 4448 2451 4515; x_wconf 85' lang='grc' dir='ltr'>μαρτυρεῖ.</span> <span class='ocrx_word' id='word_1_692' title='bbox 2486 4469 2512 4495; x_wconf 79' lang='grc' dir='ltr'>ιι</span> <span class='ocrx_word' id='word_1_693' title='bbox 2548 4445 2650 4500; x_wconf 80' lang='grc' dir='ltr'>Καὶ</span> <span class='ocrx_word' id='word_1_694' title='bbox 2682 4449 2824 4499; x_wconf 82' lang='grc' dir='ltr'>πᾶσα</span> <span class='ocrx_word' id='word_1_695' title='bbox 2854 4443 3082 4520; x_wconf 83' lang='grc' dir='ltr'>γλῶσσα</span> <span class='ocrx_word' id='word_1_696' title='bbox 3136 4443 3623 4521; x_wconf 71' lang='grc' dir='ltr'>ἐξομολογήσεται.</span> <span class='ocrx_word' id='word_1_697' title='bbox 3661 4467 3689 4496; x_wconf 87' lang='grc'>››</span> <span class='ocrx_word' id='word_1_698' title='bbox 3718 4445 3826 4506; x_wconf 81' lang='grc' dir='ltr'>Τὰς</span> 
     </span>
    </p>
   </div>
   <div class='ocr_carea' id='block_1_91' title="bbox 2165 4531 3828 4608">
    <p class='ocr_par' dir='ltr' id='par_1_91' title="bbox 2165 4531 3828 4608">
     <span class='ocr_line' id='line_1_91' title="bbox 2165 4531 3828 4608; baseline 0.002 -23"><span class='ocrx_word' id='word_1_699' title='bbox 2165 4531 2360 4595; x_wconf 83' lang='grc' dir='ltr'>είκείας</span> <span class='ocrx_word' id='word_1_700' title='bbox 2430 4534 2699 4608; x_wconf 80' lang='grc' dir='ltr'>ἁμαρτίας</span> <span class='ocrx_word' id='word_1_701' title='bbox 2780 4532 2832 4605; x_wconf 76' lang='grc' dir='ltr'><strong>ἐξ</strong></span> <span class='ocrx_word' id='word_1_702' title='bbox 2911 4534 3082 4591; x_wconf 76' lang='grc' dir='ltr'>αὐτοῦ</span> <span class='ocrx_word' id='word_1_703' title='bbox 3165 4538 3263 4590; x_wconf 82' lang='grc' dir='ltr'>τοῦ</span> <span class='ocrx_word' id='word_1_704' title='bbox 3343 4531 3672 4604; x_wconf 75' lang='grc' dir='ltr'>συνειδότος,</span> <span class='ocrx_word' id='word_1_705' title='bbox 3730 4533 3828 4589; x_wconf 71' lang='grc' dir='ltr'>ἅτε</span> 
     </span>
    </p>
   </div>
   <div class='ocr_carea' id='block_1_92' title="bbox 404 4619 2049 4738">
    <p class='ocr_par' dir='ltr' id='par_1_92' title="bbox 404 4627 2049 4738">
     <span class='ocr_line' id='line_1_92' title="bbox 404 4627 2049 4700; baseline 0.001 -17"><span class='ocrx_word' id='word_1_706' title='bbox 404 4627 673 4694; x_wconf 86' lang='lat' dir='ltr'>scientia,</span> <span class='ocrx_word' id='word_1_707' title='bbox 700 4633 980 4698; x_wconf 84' lang='lat' dir='ltr'>tanquam</span> <span class='ocrx_word' id='word_1_708' title='bbox 1015 4629 1253 4700; x_wconf 82' lang='lat' dir='ltr'>preprio</span> <span class='ocrx_word' id='word_1_709' title='bbox 1277 4627 1491 4699; x_wconf 84' lang='lat' dir='ltr'>judici.</span> <span class='ocrx_word' id='word_1_710' title='bbox 1520 4658 1584 4669; x_wconf 69' lang='grc' dir='ltr'>-ο</span> <span class='ocrx_word' id='word_1_711' title='bbox 1606 4627 1790 4685; x_wconf 80' lang='lat' dir='ltr'>Aliud.</span> <span class='ocrx_word' id='word_1_712' title='bbox 1819 4629 2049 4685; x_wconf 90' lang='lat' dir='ltr'>Dictum</span> 
     </span>
     <span class='ocr_line' id='line_1_93' title="bbox 409 4715 2020 4738; baseline 0 0"><span class='ocrx_word' id='word_1_713' title='bbox 409 4723 489 4738; x_wconf 67' lang='grc' dir='ltr'>--Α</span> <span class='ocrx_word' id='word_1_714' title='bbox 532 4718 589 4738; x_wconf 77' lang='grc'>,1-</span> <span class='ocrx_word' id='word_1_715' title='bbox 628 4719 737 4738; x_wconf 56' lang='grc' dir='ltr'>“-Α</span> <span class='ocrx_word' id='word_1_716' title='bbox 775 4718 941 4738; x_wconf 70' lang='grc' dir='ltr'>“-ι..-</span> <span class='ocrx_word' id='word_1_717' title='bbox 986 4716 1132 4738; x_wconf 49' lang='grc' dir='ltr'>----Α.ι</span> <span class='ocrx_word' id='word_1_718' title='bbox 1167 4715 1259 4738; x_wconf 69' lang='lat' dir='ltr'>L3-</span> <span class='ocrx_word' id='word_1_719' title='bbox 1295 4717 1522 4738; x_wconf 69' lang='grc' dir='ltr'>.....11....Δ</span> <span class='ocrx_word' id='word_1_720' title='bbox 1569 4718 1788 4738; x_wconf 52' lang='lat' dir='ltr'>:_‘j_&#39;__4</span> <span class='ocrx_word' id='word_1_721' title='bbox 1844 4718 1938 4738; x_wconf 68' lang='lat' dir='ltr'>--J</span> <span class='ocrx_word' id='word_1_722' title='bbox 1966 4719 2020 4738; x_wconf 71' lang='lat'>2--</span> 
     </span>
    </p>
   </div>
   <div class='ocr_carea' id='block_1_93' title="bbox 2163 4619 3828 4738">
    <p class='ocr_par' dir='ltr' id='par_1_93' title="bbox 2163 4619 3828 4738">
     <span class='ocr_line' id='line_1_94' title="bbox 2163 4619 3828 4700; baseline 0.001 -25"><span class='ocrx_word' id='word_1_723' title='bbox 2163 4625 2346 4696; x_wconf 81' lang='grc' dir='ltr'>κριτῇ.</span> <span class='ocrx_word' id='word_1_724' title='bbox 2404 4652 2474 4664; x_wconf 90' lang='lat'>—-</span> <span class='ocrx_word' id='word_1_725' title='bbox 2530 4619 2778 4685; x_wconf 69' lang='grc' dir='ltr'>Ἄλλως.</span> <span class='ocrx_word' id='word_1_726' title='bbox 2841 4624 3186 4697; x_wconf 73' lang='grc' dir='ltr'>[ΟΙΚΟΥΜ.]</span> <span class='ocrx_word' id='word_1_727' title='bbox 3261 4625 3493 4700; x_wconf 81' lang='grc' dir='ltr'>Εἳρηται</span> <span class='ocrx_word' id='word_1_728' title='bbox 3546 4624 3671 4699; x_wconf 82' lang='grc' dir='ltr'>περὶ</span> <span class='ocrx_word' id='word_1_729' title='bbox 3725 4625 3828 4679; x_wconf 82' lang='grc' dir='ltr'>τοῦ</span> 
     </span>
     <span class='ocr_line' id='line_1_95' title="bbox 2164 4708 3824 4738; baseline 0 0"><span class='ocrx_word' id='word_1_730' title='bbox 2164 4713 2294 4738; x_wconf 70' lang='grc' dir='ltr'>ο--ῗῖ</span> <span class='ocrx_word' id='word_1_731' title='bbox 2328 4710 2415 4738; x_wconf 59' lang='grc' dir='ltr'>.-.Α</span> <span class='ocrx_word' id='word_1_732' title='bbox 2451 4711 2662 4738; x_wconf 64' lang='grc' dir='ltr'>11,.--ὶ-</span> <span class='ocrx_word' id='word_1_733' title='bbox 2747 4711 2824 4738; x_wconf 66' lang='grc' dir='ltr'>ι’--</span> <span class='ocrx_word' id='word_1_734' title='bbox 2884 4710 3045 4738; x_wconf 57' lang='grc' dir='ltr'>...ζ-ἱ-</span> <span class='ocrx_word' id='word_1_735' title='bbox 3101 4712 3270 4738; x_wconf 81' lang='grc' dir='ltr'>---Ι-.--</span> <span class='ocrx_word' id='word_1_736' title='bbox 3335 4711 3528 4738; x_wconf 57' lang='grc' dir='ltr'>-.ἱὶιμμ</span> <span class='ocrx_word' id='word_1_737' title='bbox 3606 4713 3706 4738; x_wconf 61' lang='grc' dir='ltr'>-.λη</span> <span class='ocrx_word' id='word_1_738' title='bbox 3766 4708 3824 4738; x_wconf 62' lang='lat' dir='ltr'>X‘.</span> 
     </span>
    </p>
   </div>
   <div class='ocr_carea' id='block_1_94' title="bbox 403 4708 2049 4798">
    <p class='ocr_par' dir='ltr' id='par_1_94' title="bbox 403 4715 2049 4798">
     <span class='ocr_line' id='line_1_96' title="bbox 403 4715 2049 4798; baseline 0.001 -27"><span class='ocrx_word' id='word_1_739' title='bbox 403 4723 494 4773; x_wconf 87' lang='lat' dir='ltr'>est</span> <span class='ocrx_word' id='word_1_740' title='bbox 524 4718 595 4773; x_wconf 90' lang='lat' dir='ltr'>de</span> <span class='ocrx_word' id='word_1_741' title='bbox 628 4719 742 4773; x_wconf 92' lang='lat' dir='ltr'>Deo</span> <span class='ocrx_word' id='word_1_742' title='bbox 775 4718 946 4772; x_wconf 89' lang='lat' dir='ltr'>Patre</span> <span class='ocrx_word' id='word_1_743' title='bbox 979 4716 1135 4789; x_wconf 92' lang='lat' dir='ltr'>quod</span> <span class='ocrx_word' id='word_1_744' title='bbox 1167 4715 1262 4772; x_wconf 91' lang='lat' dir='ltr'>hic</span> <span class='ocrx_word' id='word_1_745' title='bbox 1294 4717 1527 4798; x_wconf 86' lang='lat' dir='ltr'>nullum</span> <span class='ocrx_word' id='word_1_746' title='bbox 1559 4718 1811 4790; x_wconf 82' lang='lat' dir='ltr'>judicat,</span> <span class='ocrx_word' id='word_1_747' title='bbox 1837 4718 2049 4790; x_wconf 88' lang='lat' dir='ltr'>sedju-</span> 
     </span>
    </p>
   </div>
   <div class='ocr_carea' id='block_1_95' title="bbox 2163 4708 3828 4798">
    <p class='ocr_par' dir='ltr' id='par_1_95' title="bbox 2164 4708 3828 4788">
     <span class='ocr_line' id='line_1_97' title="bbox 2164 4708 3828 4788; baseline 0.001 -24"><span class='ocrx_word' id='word_1_748' title='bbox 2164 4713 2297 4764; x_wconf 88' lang='grc' dir='ltr'>Θεοῦ</span> <span class='ocrx_word' id='word_1_749' title='bbox 2328 4710 2417 4764; x_wconf 81' lang='grc' dir='ltr'>καὶ</span> <span class='ocrx_word' id='word_1_750' title='bbox 2451 4711 2684 4784; x_wconf 74' lang='grc' dir='ltr'>Ματρὸς,</span> <span class='ocrx_word' id='word_1_751' title='bbox 2744 4711 2828 4766; x_wconf 83' lang='grc' dir='ltr'>ὅτι</span> <span class='ocrx_word' id='word_1_752' title='bbox 2880 4710 3045 4774; x_wconf 80' lang='grc' dir='ltr'>αὐτὸς</span> <span class='ocrx_word' id='word_1_753' title='bbox 3101 4712 3274 4788; x_wconf 89' lang='grc' dir='ltr'>κρίνει</span> <span class='ocrx_word' id='word_1_754' title='bbox 3333 4711 3548 4780; x_wconf 65' lang='grc' dir='ltr'>οὐδένα,</span> <span class='ocrx_word' id='word_1_755' title='bbox 3605 4713 3707 4780; x_wconf 76' lang='grc' dir='ltr'>τὴν</span> <span class='ocrx_word' id='word_1_756' title='bbox 3764 4708 3828 4767; x_wconf 72' lang='lat' dir='ltr'>6i:</span> 
     </span>
    </p>
   </div>
   <div class='ocr_carea' id='block_1_96' title="bbox 403 4806 2050 4880">
    <p class='ocr_par' dir='ltr' id='par_1_96' title="bbox 403 4806 2050 4880">
     <span class='ocr_line' id='line_1_98' title="bbox 403 4806 2050 4880; baseline -0.001 -17"><span class='ocrx_word' id='word_1_757' title='bbox 403 4809 624 4864; x_wconf 89' lang='lat' dir='ltr'>dicium</span> <span class='ocrx_word' id='word_1_758' title='bbox 657 4807 821 4863; x_wconf 90' lang='lat' dir='ltr'>dedit</span> <span class='ocrx_word' id='word_1_759' title='bbox 851 4808 997 4862; x_wconf 86' lang='lat' dir='ltr'>Filio</span> <span class='ocrx_word' id='word_1_760' title='bbox 1028 4807 1092 4861; x_wconf 73' lang='grc'>⁵⁵.</span> <span class='ocrx_word' id='word_1_761' title='bbox 1158 4807 1530 4863; x_wconf 72' lang='lat' dir='ltr'>Manifestum:</span> <span class='ocrx_word' id='word_1_762' title='bbox 1583 4826 1719 4880; x_wconf 71' lang='lat' dir='ltr'>ergo</span> <span class='ocrx_word' id='word_1_763' title='bbox 1774 4806 1933 4878; x_wconf 88' lang='lat' dir='ltr'>quod</span> <span class='ocrx_word' id='word_1_764' title='bbox 1977 4807 2050 4862; x_wconf 91' lang='lat' dir='ltr'>de</span> 
     </span>
    </p>
   </div>
   <div class='ocr_carea' id='block_1_97' title="bbox 392 4895 2052 4970">
    <p class='ocr_par' dir='ltr' id='par_1_97' title="bbox 392 4895 2052 4970">
     <span class='ocr_line' id='line_1_99' title="bbox 392 4895 2052 4970; baseline -0.004 -18"><span class='ocrx_word' id='word_1_765' title='bbox 392 4899 596 4970; x_wconf 86' lang='lat' dir='ltr'>judice</span> <span class='ocrx_word' id='word_1_766' title='bbox 629 4895 852 4952; x_wconf 88' lang='lat' dir='ltr'>dictum</span> <span class='ocrx_word' id='word_1_767' title='bbox 867 4895 1046 4952; x_wconf 85' lang='lat' dir='ltr'>fuerit</span> <span class='ocrx_word' id='word_1_768' title='bbox 1073 4912 1107 4950; x_wconf 91' lang='lat' dir='ltr'>a</span> <span class='ocrx_word' id='word_1_769' title='bbox 1135 4895 1341 4964; x_wconf 88' lang='lat' dir='ltr'>Paulo,</span> <span class='ocrx_word' id='word_1_770' title='bbox 1375 4917 1402 4947; x_wconf 83' lang='lat'><strong>«</strong></span> <span class='ocrx_word' id='word_1_771' title='bbox 1436 4895 1828 4951; x_wconf 88' lang='lat' dir='ltr'>Conﬁtebitur</span> <span class='ocrx_word' id='word_1_772' title='bbox 1861 4897 1996 4964; x_wconf 91' lang='lat' dir='ltr'>Deo,</span> <span class='ocrx_word' id='word_1_773' title='bbox 2024 4918 2052 4945; x_wconf 84' lang='lat'><strong>»</strong></span> 
     </span>
    </p>
   </div>
   <div class='ocr_carea' id='block_1_98' title="bbox 401 4983 2054 5055">
    <p class='ocr_par' dir='ltr' id='par_1_98' title="bbox 401 4983 2054 5055">
     <span class='ocr_line' id='line_1_100' title="bbox 401 4983 2054 5055; baseline -0.002 -14"><span class='ocrx_word' id='word_1_774' title='bbox 401 4992 459 5041; x_wconf 90' lang='lat' dir='ltr'>et</span> <span class='ocrx_word' id='word_1_775' title='bbox 491 5009 518 5035; x_wconf 91' lang='grc'>‹‹</span> <span class='ocrx_word' id='word_1_776' title='bbox 551 4987 864 5041; x_wconf 81' lang='lat' dir='ltr'>Rationem</span> <span class='ocrx_word' id='word_1_777' title='bbox 898 4984 1063 5040; x_wconf 88' lang='lat' dir='ltr'>dabit</span> <span class='ocrx_word' id='word_1_778' title='bbox 1095 4985 1232 5038; x_wconf 92' lang='lat' dir='ltr'>Deo.</span> <span class='ocrx_word' id='word_1_779' title='bbox 1267 5007 1291 5030; x_wconf 71' lang='grc' dir='ltr'>ιι</span> <span class='ocrx_word' id='word_1_780' title='bbox 1323 4986 1528 5055; x_wconf 87' lang='lat' dir='ltr'>Itaque</span> <span class='ocrx_word' id='word_1_781' title='bbox 1587 4983 1855 5039; x_wconf 84' lang='lat' dir='ltr'>Christus</span> <span class='ocrx_word' id='word_1_782' title='bbox 1900 4985 2054 5039; x_wconf 89' lang='lat' dir='ltr'>Deus</span> 
     </span>
    </p>
   </div>
   <div class='ocr_carea' id='block_1_99' title="bbox 400 5072 2054 5144">
    <p class='ocr_par' dir='ltr' id='par_1_99' title="bbox 400 5072 2054 5144">
     <span class='ocr_line' id='line_1_101' title="bbox 400 5072 2054 5144; baseline -0.001 -14"><span class='ocrx_word' id='word_1_783' title='bbox 400 5080 508 5141; x_wconf 86' lang='lat' dir='ltr'>est,</span> <span class='ocrx_word' id='word_1_784' title='bbox 544 5075 722 5128; x_wconf 87' lang='lat' dir='ltr'>etiam</span> <span class='ocrx_word' id='word_1_785' title='bbox 751 5073 798 5128; x_wconf 90' lang='lat' dir='ltr'>si</span> <span class='ocrx_word' id='word_1_786' title='bbox 831 5073 1235 5144; x_wconf 89' lang='lat' dir='ltr'>nolintimpii.</span> <span class='ocrx_word' id='word_1_787' title='bbox 1268 5097 1294 5123; x_wconf 91' lang='grc'>‹‹</span> <span class='ocrx_word' id='word_1_788' title='bbox 1328 5073 1407 5128; x_wconf 83' lang='lat' dir='ltr'>Ne</span> <span class='ocrx_word' id='word_1_789' title='bbox 1439 5074 1685 5144; x_wconf 87' lang='lat' dir='ltr'>posthac</span> <span class='ocrx_word' id='word_1_790' title='bbox 1706 5072 2054 5144; x_wconf 76' lang='lat' dir='ltr'>igituralius</span> 
     </span>
    </p>
   </div>
   <div class='ocr_carea' id='block_1_100' title="bbox 401 5159 2053 5234">
    <p class='ocr_par' dir='ltr' id='par_1_100' title="bbox 401 5159 2053 5234">
     <span class='ocr_line' id='line_1_102' title="bbox 401 5159 2053 5234; baseline -0.001 -17"><span class='ocrx_word' id='word_1_791' title='bbox 401 5163 584 5218; x_wconf 89' lang='lat' dir='ltr'>alium</span> <span class='ocrx_word' id='word_1_792' title='bbox 609 5159 970 5234; x_wconf 86' lang='lat' dir='ltr'>judicemus.</span> <span class='ocrx_word' id='word_1_793' title='bbox 1005 5186 1028 5208; x_wconf 83' lang='lat'><strong>»</strong></span> <span class='ocrx_word' id='word_1_794' title='bbox 1062 5163 1318 5216; x_wconf 86' lang='lat' dir='ltr'>Rursum</span> <span class='ocrx_word' id='word_1_795' title='bbox 1349 5161 1540 5232; x_wconf 88' lang='lat' dir='ltr'>primo</span> <span class='ocrx_word' id='word_1_796' title='bbox 1563 5163 1750 5217; x_wconf 66' lang='lat' dir='ltr'>haeret</span> <span class='ocrx_word' id='word_1_797' title='bbox 1769 5163 2053 5232; x_wconf 85' lang='lat' dir='ltr'>sermoni,</span> 
     </span>
    </p>
   </div>
   <div class='ocr_carea' id='block_1_101' title="bbox 401 5249 2054 5321">
    <p class='ocr_par' dir='ltr' id='par_1_101' title="bbox 401 5249 2054 5321">
     <span class='ocr_line' id='line_1_103' title="bbox 401 5249 2054 5321; baseline 0.001 -16"><span class='ocrx_word' id='word_1_798' title='bbox 401 5267 475 5305; x_wconf 88' lang='lat' dir='ltr'>ne</span> <span class='ocrx_word' id='word_1_799' title='bbox 509 5249 721 5304; x_wconf 90' lang='lat' dir='ltr'>timore</span> <span class='ocrx_word' id='word_1_800' title='bbox 755 5249 1023 5304; x_wconf 89' lang='lat' dir='ltr'>videatur</span> <span class='ocrx_word' id='word_1_801' title='bbox 1054 5249 1264 5304; x_wconf 81' lang='lat' dir='ltr'>fecisse</span> <span class='ocrx_word' id='word_1_802' title='bbox 1289 5249 1502 5321; x_wconf 84' lang='lat' dir='ltr'>judicii</span> <span class='ocrx_word' id='word_1_803' title='bbox 1536 5251 1923 5318; x_wconf 89' lang='lat' dir='ltr'>mentionem,</span> <span class='ocrx_word' id='word_1_804' title='bbox 1948 5251 2054 5307; x_wconf 86' lang='lat' dir='ltr'>sed</span> 
     </span>
    </p>
   </div>
   <div class='ocr_carea' id='block_1_102' title="bbox 401 5337 2052 5414">
    <p class='ocr_par' dir='ltr' id='par_1_102' title="bbox 401 5337 2052 5414">
     <span class='ocr_line' id='line_1_104' title="bbox 401 5337 2052 5414; baseline 0.002 -22"><span class='ocrx_word' id='word_1_805' title='bbox 401 5337 657 5408; x_wconf 86' lang='lat' dir='ltr'>quadam</span> <span class='ocrx_word' id='word_1_806' title='bbox 691 5338 986 5393; x_wconf 89' lang='lat' dir='ltr'>sermonis</span> <span class='ocrx_word' id='word_1_807' title='bbox 1019 5338 1473 5409; x_wconf 82' lang='lat' dir='ltr'>consequentia.</span> <span class='ocrx_word' id='word_1_808' title='bbox 1508 5362 1536 5388; x_wconf 80' lang='grc'>‹‹</span> <span class='ocrx_word' id='word_1_809' title='bbox 1571 5341 1650 5394; x_wconf 90' lang='lat' dir='ltr'>Ne</span> <span class='ocrx_word' id='word_1_810' title='bbox 1681 5344 1938 5414; x_wconf 87' lang='lat' dir='ltr'>ponatur</span> <span class='ocrx_word' id='word_1_811' title='bbox 1964 5341 2052 5395; x_wconf 88' lang='lat' dir='ltr'>of-</span> 
     </span>
    </p>
   </div>
   <div class='ocr_carea' id='block_1_103' title="bbox 399 5427 2057 5498">
    <p class='ocr_par' dir='ltr' id='par_1_103' title="bbox 399 5427 2057 5498">
     <span class='ocr_line' id='line_1_105' title="bbox 399 5427 2057 5498; baseline 0.003 -18"><span class='ocrx_word' id='word_1_812' title='bbox 399 5427 612 5481; x_wconf 85' lang='lat' dir='ltr'>fensio.</span> <span class='ocrx_word' id='word_1_813' title='bbox 649 5451 670 5479; x_wconf 80' lang='grc' dir='ltr'>ι</span> <span class='ocrx_word' id='word_1_814' title='bbox 707 5429 824 5482; x_wconf 82' lang='lat' dir='ltr'>Hoc</span> <span class='ocrx_word' id='word_1_815' title='bbox 857 5432 915 5481; x_wconf 92' lang='lat' dir='ltr'>et</span> <span class='ocrx_word' id='word_1_816' title='bbox 944 5427 1014 5482; x_wconf 87' lang='lat' dir='ltr'>ad</span> <span class='ocrx_word' id='word_1_817' title='bbox 1051 5444 1186 5482; x_wconf 90' lang='lat' dir='ltr'>eum</span> <span class='ocrx_word' id='word_1_818' title='bbox 1221 5427 1320 5498; x_wconf 88' lang='lat' dir='ltr'>qui</span> <span class='ocrx_word' id='word_1_819' title='bbox 1355 5427 1586 5483; x_wconf 89' lang='lat' dir='ltr'>sincere</span> <span class='ocrx_word' id='word_1_820' title='bbox 1645 5428 1838 5485; x_wconf 88' lang='lat' dir='ltr'>ﬁdelis</span> <span class='ocrx_word' id='word_1_821' title='bbox 1877 5433 1969 5485; x_wconf 90' lang='lat' dir='ltr'>est</span> <span class='ocrx_word' id='word_1_822' title='bbox 1999 5435 2057 5485; x_wconf 88' lang='lat' dir='ltr'>et</span> 
     </span>
    </p>
   </div>
   <div class='ocr_carea' id='block_1_104' title="bbox 402 5515 2055 5590">
    <p class='ocr_par' dir='ltr' id='par_1_104' title="bbox 402 5515 2055 5590">
     <span class='ocr_line' id='line_1_106' title="bbox 402 5515 2055 5590; baseline 0.002 -21"><span class='ocrx_word' id='word_1_823' title='bbox 402 5515 475 5569; x_wconf 87' lang='lat' dir='ltr'>ad</span> <span class='ocrx_word' id='word_1_824' title='bbox 508 5516 680 5571; x_wconf 89' lang='lat' dir='ltr'>illum</span> <span class='ocrx_word' id='word_1_825' title='bbox 713 5516 814 5586; x_wconf 86' lang='lat' dir='ltr'>qui</span> <span class='ocrx_word' id='word_1_826' title='bbox 839 5515 1313 5588; x_wconf 87' lang='lat' dir='ltr'>adhucjudaizat</span> <span class='ocrx_word' id='word_1_827' title='bbox 1343 5521 1599 5587; x_wconf 83' lang='lat' dir='ltr'>aptatur.</span> <span class='ocrx_word' id='word_1_828' title='bbox 1627 5520 1771 5573; x_wconf 82' lang='lat' dir='ltr'>Nam</span> <span class='ocrx_word' id='word_1_829' title='bbox 1795 5523 1853 5573; x_wconf 89' lang='lat' dir='ltr'>et</span> <span class='ocrx_word' id='word_1_830' title='bbox 1873 5520 1924 5573; x_wconf 87' lang='lat' dir='ltr'>is</span> <span class='ocrx_word' id='word_1_831' title='bbox 1955 5521 2055 5590; x_wconf 90' lang='lat' dir='ltr'>qui</span> 
     </span>
    </p>
   </div>
   <div class='ocr_carea' id='block_1_105' title="bbox 400 5601 2057 5676">
    <p class='ocr_par' dir='ltr' id='par_1_105' title="bbox 400 5601 2057 5676">
     <span class='ocr_line' id='line_1_107' title="bbox 400 5601 2057 5676; baseline 0.002 -15"><span class='ocrx_word' id='word_1_832' title='bbox 400 5605 700 5676; x_wconf 86' lang='lat' dir='ltr'>perfectus</span> <span class='ocrx_word' id='word_1_833' title='bbox 734 5609 880 5673; x_wconf 88' lang='lat' dir='ltr'>erat,</span> <span class='ocrx_word' id='word_1_834' title='bbox 914 5601 1326 5660; x_wconf 80' lang='lat' dir='ltr'>offendebatur</span> <span class='ocrx_word' id='word_1_835' title='bbox 1357 5602 1765 5663; x_wconf 86' lang='lat' dir='ltr'>observatione</span> <span class='ocrx_word' id='word_1_836' title='bbox 1787 5607 2057 5664; x_wconf 89' lang='lat' dir='ltr'>ciborum</span> 
     </span>
    </p>
   </div>
   <div class='ocr_carea' id='block_1_106' title="bbox 472 5731 928 5800">
    <p class='ocr_par' dir='ltr' id='par_1_106' title="bbox 472 5731 928 5800">
     <span class='ocr_line' id='line_1_108' title="bbox 472 5731 928 5800; baseline -0.013 -10"><span class='ocrx_word' id='word_1_837' title='bbox 472 5733 522 5767; x_wconf 74' lang='grc'>⁸⁵</span> <span class='ocrx_word' id='word_1_838' title='bbox 548 5733 714 5792; x_wconf 74' lang='lat' dir='ltr'>Josn.</span> <span class='ocrx_word' id='word_1_839' title='bbox 748 5746 800 5800; x_wconf 77' lang='grc' dir='ltr'>γ,</span> <span class='ocrx_word' id='word_1_840' title='bbox 838 5731 928 5786; x_wconf 82' lang='lat'>22.</span> 
     </span>
    </p>
   </div>
   <div class='ocr_carea' id='block_1_107' title="bbox 2164 4796 3825 4878">
    <p class='ocr_par' dir='ltr' id='par_1_107' title="bbox 2164 4796 3825 4878">
     <span class='ocr_line' id='line_1_109' title="bbox 2164 4796 3825 4878; baseline 0.002 -26"><span class='ocrx_word' id='word_1_841' title='bbox 2164 4799 2338 4874; x_wconf 84' lang='grc' dir='ltr'>κρίσιν</span> <span class='ocrx_word' id='word_1_842' title='bbox 2395 4796 2596 4854; x_wconf 71' lang='grc' dir='ltr'>δέδωκε</span> <span class='ocrx_word' id='word_1_843' title='bbox 2651 4804 2729 4872; x_wconf 79' lang='grc' dir='ltr'>τῷ</span> <span class='ocrx_word' id='word_1_844' title='bbox 2789 4802 2919 4873; x_wconf 75' lang='grc' dir='ltr'>Υἱῷ.</span> <span class='ocrx_word' id='word_1_845' title='bbox 2980 4799 3161 4872; x_wconf 78' lang='grc' dir='ltr'>Δῆλον</span> <span class='ocrx_word' id='word_1_846' title='bbox 3221 4802 3314 4856; x_wconf 74' lang='grc' dir='ltr'>οὖν</span> <span class='ocrx_word' id='word_1_847' title='bbox 3390 4801 3464 4863; x_wconf 81' lang='grc' dir='ltr'>ὡς</span> <span class='ocrx_word' id='word_1_848' title='bbox 3539 4802 3664 4878; x_wconf 81' lang='grc' dir='ltr'>περὶ</span> <span class='ocrx_word' id='word_1_849' title='bbox 3723 4806 3825 4857; x_wconf 89' lang='grc' dir='ltr'>τοῦ</span> 
     </span>
    </p>
   </div>
   <div class='ocr_carea' id='block_1_108' title="bbox 2164 4884 3828 4966">
    <p class='ocr_par' dir='ltr' id='par_1_108' title="bbox 2164 4884 3828 4966">
     <span class='ocr_line' id='line_1_110' title="bbox 2164 4884 3828 4966; baseline 0.001 -23"><span class='ocrx_word' id='word_1_850' title='bbox 2164 4891 2354 4962; x_wconf 79' lang='grc' dir='ltr'>κριτοῦ</span> <span class='ocrx_word' id='word_1_851' title='bbox 2411 4884 2626 4962; x_wconf 75' lang='grc' dir='ltr'>εἷ’ρηται</span> <span class='ocrx_word' id='word_1_852' title='bbox 2682 4893 2762 4961; x_wconf 80' lang='grc' dir='ltr'>τῷ</span> <span class='ocrx_word' id='word_1_853' title='bbox 2815 4887 3020 4961; x_wconf 82' lang='grc' dir='ltr'>Παύλῳ</span> <span class='ocrx_word' id='word_1_854' title='bbox 3076 4889 3160 4959; x_wconf 84' lang='grc' dir='ltr'>τὸ,</span> <span class='ocrx_word' id='word_1_855' title='bbox 3221 4913 3250 4941; x_wconf 74' lang='grc' dir='ltr'>α</span> <span class='ocrx_word' id='word_1_856' title='bbox 3319 4888 3828 4966; x_wconf 78' lang='grc' dir='ltr'>Ἐξομολογήσεται</span> 
     </span>
    </p>
   </div>
   <div class='ocr_carea' id='block_1_109' title="bbox 2164 4976 3833 5054">
    <p class='ocr_par' dir='ltr' id='par_1_109' title="bbox 2164 4976 3833 5054">
     <span class='ocr_line' id='line_1_111' title="bbox 2164 4976 3833 5054; baseline 0.001 -22"><span class='ocrx_word' id='word_1_857' title='bbox 2164 4982 2244 5049; x_wconf 80' lang='grc' dir='ltr'>τῷ</span> <span class='ocrx_word' id='word_1_858' title='bbox 2273 4982 2405 5048; x_wconf 82' lang='grc' dir='ltr'>Θεῷ.</span> <span class='ocrx_word' id='word_1_859' title='bbox 2439 5000 2468 5030; x_wconf 84' lang='grc'><strong>››</strong></span> <span class='ocrx_word' id='word_1_860' title='bbox 2529 4976 2626 5032; x_wconf 80' lang='grc' dir='ltr'>Καὶ</span> <span class='ocrx_word' id='word_1_861' title='bbox 2679 4977 2762 5046; x_wconf 86' lang='grc' dir='ltr'>τὸ,</span> <span class='ocrx_word' id='word_1_862' title='bbox 2827 5001 2847 5028; x_wconf 80' lang='grc' dir='ltr'>ι</span> <span class='ocrx_word' id='word_1_863' title='bbox 2911 4976 3088 5053; x_wconf 87' lang='grc' dir='ltr'>Λόγον</span> <span class='ocrx_word' id='word_1_864' title='bbox 3151 4976 3423 5052; x_wconf 83' lang='grc' dir='ltr'>δώσειτῷ</span> <span class='ocrx_word' id='word_1_865' title='bbox 3453 4983 3588 5051; x_wconf 79' lang='grc' dir='ltr'>Θεῷ.</span> <span class='ocrx_word' id='word_1_866' title='bbox 3624 5003 3652 5030; x_wconf 85' lang='grc'><strong>››</strong></span> <span class='ocrx_word' id='word_1_867' title='bbox 3685 4980 3833 5054; x_wconf 67' lang='lat' dir='ltr'>&quot;Aps:</span> 
     </span>
    </p>
   </div>
   <div class='ocr_carea' id='block_1_110' title="bbox 2170 5064 3833 5146">
    <p class='ocr_par' dir='ltr' id='par_1_110' title="bbox 2170 5064 3833 5146">
     <span class='ocr_line' id='line_1_112' title="bbox 2170 5064 3833 5146; baseline 0.002 -23"><span class='ocrx_word' id='word_1_868' title='bbox 2170 5069 2300 5130; x_wconf 83' lang='grc' dir='ltr'>θεὸς</span> <span class='ocrx_word' id='word_1_869' title='bbox 2355 5069 2383 5122; x_wconf 88' lang='lat'>6</span> <span class='ocrx_word' id='word_1_870' title='bbox 2441 5065 2696 5140; x_wconf 82' lang='grc' dir='ltr'>Χριστὸς,</span> <span class='ocrx_word' id='word_1_871' title='bbox 2757 5065 2854 5123; x_wconf 73' lang='grc' dir='ltr'>κᾶν</span> <span class='ocrx_word' id='word_1_872' title='bbox 2916 5069 2968 5123; x_wconf 76' lang='grc' dir='ltr'>οἳ</span> <span class='ocrx_word' id='word_1_873' title='bbox 3027 5064 3237 5132; x_wconf 77' lang='grc' dir='ltr'>ἀσεϐεῖς</span> <span class='ocrx_word' id='word_1_874' title='bbox 3315 5069 3394 5144; x_wconf 80' lang='grc' dir='ltr'>μή</span> <span class='ocrx_word' id='word_1_875' title='bbox 3491 5068 3833 5146; x_wconf 82' lang='grc' dir='ltr'>βούλωνται.</span> 
     </span>
    </p>
   </div>
   <div class='ocr_carea' id='block_1_111' title="bbox 2174 5155 3843 5236">
    <p class='ocr_par' dir='ltr' id='par_1_111' title="bbox 2174 5155 3843 5236">
     <span class='ocr_line' id='line_1_113' title="bbox 2174 5155 3843 5236; baseline 0.001 -24"><span class='ocrx_word' id='word_1_876' title='bbox 2174 5181 2201 5211; x_wconf 76' lang='grc' dir='ltr'>ι(</span> <span class='ocrx_word' id='word_1_877' title='bbox 2231 5155 2442 5229; x_wconf 78' lang='grc' dir='ltr'>Μηκέτι</span> <span class='ocrx_word' id='word_1_878' title='bbox 2471 5156 2561 5212; x_wconf 83' lang='grc' dir='ltr'>οῦν</span> <span class='ocrx_word' id='word_1_879' title='bbox 2593 5156 2886 5229; x_wconf 76' lang='grc' dir='ltr'>ἀλλήλους</span> <span class='ocrx_word' id='word_1_880' title='bbox 2915 5156 3209 5232; x_wconf 82' lang='grc' dir='ltr'>κρίνωμεν.</span> <span class='ocrx_word' id='word_1_881' title='bbox 3247 5182 3276 5211; x_wconf 80' lang='lat'><em>»</em></span> <span class='ocrx_word' id='word_1_882' title='bbox 3333 5158 3447 5214; x_wconf 80' lang='grc' dir='ltr'>ιῐάλ</span> <span class='ocrx_word' id='word_1_883' title='bbox 3460 5181 3504 5214; x_wconf 93' lang='grc' dir='ltr'>ιν</span> <span class='ocrx_word' id='word_1_884' title='bbox 3552 5164 3648 5215; x_wconf 78' lang='grc' dir='ltr'>τοῦ</span> <span class='ocrx_word' id='word_1_885' title='bbox 3676 5159 3843 5236; x_wconf 79' lang='grc' dir='ltr'>πρώ-</span> 
     </span>
    </p>
   </div>
   <div class='ocr_carea' id='block_1_112' title="bbox 2169 5244 3844 5328">
    <p class='ocr_par' dir='ltr' id='par_1_112' title="bbox 2169 5244 3844 5328">
     <span class='ocr_line' id='line_1_114' title="bbox 2169 5244 3844 5328; baseline 0.001 -24"><span class='ocrx_word' id='word_1_886' title='bbox 2169 5268 2266 5304; x_wconf 84' lang='grc' dir='ltr'>του</span> <span class='ocrx_word' id='word_1_887' title='bbox 2299 5244 2488 5328; x_wconf 75' lang='grc' dir='ltr'>ἔχεται</span> <span class='ocrx_word' id='word_1_888' title='bbox 2522 5246 2835 5323; x_wconf 68' lang='grc' dir='ltr'>λόγου,“ίνα</span> <span class='ocrx_word' id='word_1_889' title='bbox 2862 5251 2938 5322; x_wconf 81' lang='grc' dir='ltr'>μή</span> <span class='ocrx_word' id='word_1_890' title='bbox 3001 5245 3129 5324; x_wconf 79' lang='grc' dir='ltr'>δόξῃ</span> <span class='ocrx_word' id='word_1_891' title='bbox 3183 5247 3272 5304; x_wconf 80' lang='grc' dir='ltr'>διὰ</span> <span class='ocrx_word' id='word_1_892' title='bbox 3327 5245 3501 5326; x_wconf 71' lang='grc' dir='ltr'>φόϐον</span> <span class='ocrx_word' id='word_1_893' title='bbox 3558 5258 3657 5320; x_wconf 79' lang='grc' dir='ltr'>τῆς</span> <span class='ocrx_word' id='word_1_894' title='bbox 3711 5251 3844 5325; x_wconf 85' lang='grc' dir='ltr'>κρί-</span> 
     </span>
    </p>
   </div>
   <div class='ocr_carea' id='block_1_113' title="bbox 2175 5335 3843 5414">
    <p class='ocr_par' dir='ltr' id='par_1_113' title="bbox 2175 5335 3843 5414">
     <span class='ocr_line' id='line_1_115' title="bbox 2175 5335 3843 5414; baseline 0.001 -22"><span class='ocrx_word' id='word_1_895' title='bbox 2175 5357 2310 5400; x_wconf 86' lang='grc' dir='ltr'>σεως</span> <span class='ocrx_word' id='word_1_896' title='bbox 2347 5344 2681 5409; x_wconf 81' lang='grc' dir='ltr'>μνησθῆναι,</span> <span class='ocrx_word' id='word_1_897' title='bbox 2725 5335 2875 5392; x_wconf 75' lang='grc' dir='ltr'>ἀλλὰ</span> <span class='ocrx_word' id='word_1_898' title='bbox 2929 5335 3018 5392; x_wconf 82' lang='grc' dir='ltr'>διά</span> <span class='ocrx_word' id='word_1_899' title='bbox 3071 5359 3194 5394; x_wconf 82' lang='grc' dir='ltr'>τινα</span> <span class='ocrx_word' id='word_1_900' title='bbox 3248 5337 3419 5414; x_wconf 86' lang='grc' dir='ltr'>λόγου</span> <span class='ocrx_word' id='word_1_901' title='bbox 3479 5338 3843 5405; x_wconf 75' lang='grc' dir='ltr'>ἀκολουθῗαν,</span> 
     </span>
    </p>
   </div>
   <div class='ocr_carea' id='block_1_114' title="bbox 2179 5426 3846 5505">
    <p class='ocr_par' dir='ltr' id='par_1_114' title="bbox 2179 5426 3846 5505">
     <span class='ocr_line' id='line_1_116' title="bbox 2179 5426 3846 5505; baseline 0.004 -24"><span class='ocrx_word' id='word_1_902' title='bbox 2179 5453 2207 5481; x_wconf 73' lang='grc' dir='ltr'>(ι</span> <span class='ocrx_word' id='word_1_903' title='bbox 2238 5429 2315 5485; x_wconf 88' lang='grc' dir='ltr'>Τὸ</span> <span class='ocrx_word' id='word_1_904' title='bbox 2351 5428 2428 5500; x_wconf 80' lang='grc' dir='ltr'>μή</span> <span class='ocrx_word' id='word_1_905' title='bbox 2461 5428 2662 5482; x_wconf 74' lang='grc' dir='ltr'>τιθέναι</span> <span class='ocrx_word' id='word_1_906' title='bbox 2695 5426 3050 5502; x_wconf 83' lang='grc' dir='ltr'>πρόσκομμα.</span> <span class='ocrx_word' id='word_1_907' title='bbox 3087 5451 3115 5480; x_wconf 92' lang='grc'><strong>››</strong></span> <span class='ocrx_word' id='word_1_908' title='bbox 3164 5431 3348 5485; x_wconf 87' lang='grc' dir='ltr'>Τοῦτο</span> <span class='ocrx_word' id='word_1_909' title='bbox 3408 5429 3499 5484; x_wconf 78' lang='grc' dir='ltr'>καὶ</span> <span class='ocrx_word' id='word_1_910' title='bbox 3558 5431 3694 5505; x_wconf 84' lang='grc' dir='ltr'>πρὸς</span> <span class='ocrx_word' id='word_1_911' title='bbox 3739 5431 3846 5487; x_wconf 81' lang='grc' dir='ltr'>τὸν</span> 
     </span>
    </p>
   </div>
   <div class='ocr_carea' id='block_1_115' title="bbox 2176 5511 3842 5595">
    <p class='ocr_par' dir='ltr' id='par_1_115' title="bbox 2176 5511 3842 5595">
     <span class='ocr_line' id='line_1_117' title="bbox 2176 5511 3842 5595; baseline 0.004 -23"><span class='ocrx_word' id='word_1_912' title='bbox 2176 5517 2446 5593; x_wconf 65' lang='grc' dir='ltr'>εἴλικρινῆ</span> <span class='ocrx_word' id='word_1_913' title='bbox 2479 5516 2693 5588; x_wconf 81' lang='grc' dir='ltr'>πιστὸν,</span> <span class='ocrx_word' id='word_1_914' title='bbox 2735 5515 2824 5571; x_wconf 75' lang='grc' dir='ltr'>καὶ</span> <span class='ocrx_word' id='word_1_915' title='bbox 2875 5517 2970 5572; x_wconf 88' lang='grc' dir='ltr'>τὸν</span> <span class='ocrx_word' id='word_1_916' title='bbox 3026 5511 3104 5572; x_wconf 68' lang='grc' dir='ltr'>ἔτι</span> <span class='ocrx_word' id='word_1_917' title='bbox 3165 5515 3532 5589; x_wconf 77' lang='grc' dir='ltr'>Ἰουδαΐζοντα</span> <span class='ocrx_word' id='word_1_918' title='bbox 3579 5520 3842 5595; x_wconf 76' lang='grc' dir='ltr'>ἁρμόζει.</span> 
     </span>
    </p>
   </div>
   <div class='ocr_carea' id='block_1_116' title="bbox 2173 5603 3846 5685">
    <p class='ocr_par' dir='ltr' id='par_1_116' title="bbox 2173 5603 3846 5685">
     <span class='ocr_line' id='line_1_118' title="bbox 2173 5603 3846 5685; baseline 0.004 -24"><span class='ocrx_word' id='word_1_919' title='bbox 2173 5607 2275 5665; x_wconf 77' lang='grc' dir='ltr'>Καὶ</span> <span class='ocrx_word' id='word_1_920' title='bbox 2306 5606 2406 5683; x_wconf 78' lang='grc' dir='ltr'>γὰρ</span> <span class='ocrx_word' id='word_1_921' title='bbox 2439 5608 2467 5661; x_wconf 85' lang='grc' dir='ltr'>ὁ</span> <span class='ocrx_word' id='word_1_922' title='bbox 2498 5604 2710 5668; x_wconf 75' lang='grc' dir='ltr'>τέλειος</span> <span class='ocrx_word' id='word_1_923' title='bbox 2769 5603 3184 5677; x_wconf 73' lang='grc' dir='ltr'>ἰσκανδαλίζετο</span> <span class='ocrx_word' id='word_1_924' title='bbox 3239 5612 3308 5684; x_wconf 81' lang='grc' dir='ltr'>τῇ</span> <span class='ocrx_word' id='word_1_925' title='bbox 3347 5613 3458 5665; x_wconf 82' lang='grc' dir='ltr'>τῶν</span> <span class='ocrx_word' id='word_1_926' title='bbox 3519 5611 3846 5685; x_wconf 75' lang='grc' dir='ltr'>βρωμάτων</span> 
     </span>
    </p>
   </div>
  </div>
