4122 6372
272 500 387 558 597

1374 491 1798 557 COMMENT.
1848 490 1925 550 ΙΝ
1977 485 2227 550 EPIST.
2268 487 2376 549 AD
2425 488 2612 550 ROM.

3593 495 3712 556 B98

272 629 660 704 παρατηρήσει
691 629 790 684 τοὺ
822 625 1086 700 πλησίον,
1126 628 1214 683 καὶ
1277 627 1304 680 6
1363 625 1430 682 τὰ
1489 623 1759 700 βρώματα
1805 639 1940 694 παρ-

2059 621 2334 692 proximi,
2368 627 2428 676 et
2457 622 2505 677 is
2535 621 2637 693 qui
2667 621 2832 678 cibos
2857 621 3225 693 observabat,
3260 625 3592 682 vehementi
3621 628 3709 683 in-

275 719 634 792 αιτούμενος,
690 720 761 790 τῇ
851 715 1061 792 σφοδρᾷ
1118 714 1409 788 ἐπιπλήξει
1471 717 1572 770 τοῦ
1633 709 1941 785 εἰλικρινῶς

274 814 502 869 πιστοῦ.
559 815 721 866 Ὥστε
783 814 882 881 μιᾷ
938 803 1234 881 συμϐουλῇ
1289 806 1415 868 τοὺς
1475 802 1570 860 δύο
1630 800 1942 877 διορθοῦται

274 900 582 974 ἀπέχεσθαι
612 897 848 970 τούτων,
888 897 921 953 ἃ
951 897 1223 954 σκανάλου
1271 896 1542 972 πρόφασις
1597 897 1678 965 τῷ
1707 888 1944 961 πλησίον

272 995 512 1064 γίνεται.

347 1077 488 1137 Οἶδα
591 1078 681 1135 καὶ
756 1077 1043 1150 πέτεισμαι
1135 1076 1186 1132 ιν

272 1167 438 1224 οὐδὲν
512 1169 696 1222 κοινὸν
773 1162 845 1221 δι’
917 1167 1108 1234 αὐτοῦ,
1150 1165 1200 1220 εἰ
1277 1166 1352 1238 μὴ
1428 1167 1510 1235 τῷ
1585 1159 1944 1238 λογιζομὲνῳ

271 1281 323 1314 τι
385 1257 575 1312 κοινὸν
634 1256 797 1324 εἶναι,
859 1255 1048 1328 ἐκείνῳ
1104 1255 1290 1310 κοινόν
1324 1297 1338 1312 .
1396 1251 1460 1310 Εἰ
1529 1249 1587 1306 δὶ
1646 1247 1735 1304 διὰ
1794 1249 1943 1322 βρῶ-

276 1369 352 1421 μα
409 1348 440 1403 6
497 1343 738 1423 ἀδελφός
819 1365 916 1399 σου
991 1343 1242 1400 λυπεῖται
1277 1389 1292 1413 ,
1351 1341 1450 1396 οὐκ
1506 1336 1582 1397 ἔτι
1635 1338 1771 1393 κατά
1817 1334 1946 1410 ἀγά-

273 1459 385 1507 πην
472 1439 814 1512 περιπατεῖς.
896 1433 988 1502 Μή
1072 1436 1153 1504 τῷ
1243 1428 1494 1506 βρώματί
1580 1447 1676 1486 σου
1737 1425 1941 1482 ἐκεῖνον

275 1522 582 1596 ἀπόλλυε,
672 1523 802 1597 ὑπὲρ
864 1523 925 1578 οὗ
985 1520 1216 1596 Χριστός
1273 1521 1546 1583 ἀπέθανε.
1612 1518 1704 1586 Μὴ
1770 1513 1946 1590 βλασ-

273 1613 576 1694 φημείσθω
635 1612 730 1668 οὖν
772 1614 926 1686 ὑμῶν
998 1613 1061 1668 τὸ
1138 1610 1356 1684 ἀγαθόν.
1460 1608 1538 1666 Οὐ
1639 1605 1743 1682 γὰρ
1803 1603 1945 1660 ἑστιν

272 1691 308 1774 ἧ
372 1703 636 1780 βασιλεία
693 1707 793 1758 τοῦ
878 1706 1012 1758 Θεοῦ
1100 1701 1308 1776 βρὼσις
1380 1698 1471 1754 καὶ
1542 1696 1724 1761 πόσις,
1797 1691 1943 1749 ἀλλά

273 1792 603 1863 δικαιοσύνη
660 1793 753 1848 καὶ
853 1791 1046 1866 εἰρήνη
1149 1789 1242 1845 καὶ
1344 1789 1513 1863 χαρὰ,
1617 1785 1670 1840 ἐν
1775 1781 1943 1839 Πνεῦ-

277 1904 410 1955 ματι
446 1877 608 1957 ἅγίῳ.
678 1882 742 1937 Ὁ
796 1881 900 1956 γὰρ
960 1879 1012 1935 ἦν
1071 1879 1287 1939 τούτοις
1346 1875 1616 1933 δουαεύων
1679 1877 1757 1945 τῷ
1811 1877 1943 1945 Χρι-

1265 1073 1446 1150 Κυρῖῳ
1545 1075 1781 1144 Ἰησοῦ,
1857 1067 1942 1124 ὅτι

2050 714 2391 784 crepatione
2422 713 2586 769 illius
2621 713 2721 785 qui
2755 713 2986 770 sincere
3016 715 3316 773 credebat.
3351 717 3473 774 Uno
3505 717 3707 789 itaque

2049 800 2300 856 consilio
2322 801 2472 858 duos
2525 803 2785 874 corrigit,
2837 808 2904 857 ut
2933 802 3006 858 ab
3058 803 3152 858 his
3204 803 3544 862 abstineant
3569 821 3703 877 quas

2048 891 2320 961 proximo
2353 892 2504 948 fiunt
2531 892 2763 948 occasio
2791 891 3076 948 scandali.

2118 1073 2261 1139 XIV,
2296 1075 2361 1127 14
2405 1074 2486 1130 l8.
2519 1097 2546 1124 «
2583 1074 2712 1130 Scio
2746 1073 2985 1145 quidem
3017 1079 3076 1130 et
3103 1089 3455 1146 persuasum
3508 1077 3696 1132 habeo

2055 1185 2076 1212 ι
2111 1179 2218 1234 per
2249 1163 2565 1218 Dominum
2595 1164 2816 1227 Jesum,
2843 1163 2994 1218 nihil
3047 1179 3178 1219 esse
3227 1179 3545 1220 commune
3597 1183 3704 1237 per

2051 1274 2078 1301 ‹‹
2112 1251 2347 1323 ipsum:
2383 1253 2494 1308 nisi
2530 1251 2690 1322 quod
2721 1253 2774 1308 ei
2808 1253 2909 1324 qui
2950 1254 3254 1308 existimat
3305 1254 3532 1326 aliquid
3574 1271 3705 1310 esse

2051 1364 2078 1391 ‹‹
2112 1357 2453 1410 commune,
2487 1343 2572 1398 illi
2621 1357 2938 1398 commune
2986 1349 3094 1398 est.
3134 1345 3346 1399 Verum
3381 1345 3430 1399 si
3463 1350 3710 1416 propter

2051 1452 2080 1481 ιι
2113 1431 2308 1488 cibum
2343 1431 2527 1488 frater
2559 1439 2693 1488 tuus
2747 1432 3153 1500 contristatur,
3177 1432 3306 1503 jam
3346 1449 3469 1488 non
3501 1448 3714 1489 secun-

2050 1543 2078 1572 α
2114 1522 2256 1577 dum
2288 1521 2640 1577 cbaritatem
2671 1521 2963 1577 ambulas.
2990 1523 3068 1577 Ne
3099 1522 3228 1577 cibo
3259 1527 3355 1578 tuo
3380 1522 3550 1578 illum
3578 1537 3687 1595 per

2053 1631 2078 1663 σ
2107 1611 2212 1667 das
2237 1628 2342 1683 pro
2366 1628 2482 1682 quo
2505 1611 2775 1667 Christus
2799 1617 3072 1666 mortuus
3102 1618 3210 1667 est.
3246 1614 3325 1668 Ne
3355 1613 3534 1685 igitur
3563 1628 3706 1670 con-

2053 1724 2080 1751 (ι
2115 1701 2281 1757 viciis
2311 1701 2610 1757 afficiatur
2657 1701 2880 1757 bonum
2911 1705 3192 1757 vestrum.
3228 1704 3354 1757 Non
3405 1708 3495 1758 est
3551 1703 3712 1759 enim

2052 1815 2080 1842 «
2115 1807 2363 1864 regnum
2392 1791 2496 1848 Dei
2527 1792 2696 1848 cibus
2745 1797 2804 1847 et
2846 1797 3060 1863 potus:
3096 1791 3200 1847 sed
3248 1793 3485 1864 justitia
3514 1800 3574 1849 et
3597 1808 3709 1866 pax

2051 1906 2078 1932 ιι
2115 1889 2172 1938 et
2202 1881 2482 1955 gaudium
2516 1883 2576 1938 in
2608 1883 2828 1954 Spiritu
2870 1887 3098 1937 sancto.
3161 1885 3304 1938 Nam
3363 1884 3464 1954 qui
3524 1884 3584 1938 in
3615 1884 3706 1938 his

275 1976 390 2044 στῷ
427 2014 441 2040 ,
502 1970 790 2044 εὐάρεστος
849 1974 930 2042 τῷ
981 1973 1096 2040 θεῷ
1129 2012 1143 2038 ,
1219 1967 1309 2023 καὶ
1396 1963 1626 2040 δόκιμος
1682 1966 1800 2026 τοῖς
1856 1960 1940 2015 ἀν-

2054 1997 2080 2022 ιι
2117 1973 2296 2028 servit
2322 1973 2572 2039 Christo,
2603 1976 2880 2043 acceptus
2913 1977 3003 2026 est
3033 1973 3150 2026 Deo
3178 1978 3236 2027 et
3290 1973 3573 2043 probatus
3602 1975 3706 2028 ho-

275 2063 549 2137 θρώποις.

350 2155 475 2206 Ἐτι
535 2149 660 2223 περὶ
711 2157 812 2218 τῆς
869 2155 978 2204 τῶν
1044 2146 1353 2224 βρωμάτων
1420 2145 1852 2220 παρατηρήσεως
1912 2144 1940 2198 6

280 2245 456 2323 λόγος
511 2245 685 2316 αὐτῷ.
721 2243 870 2300 Ἐπεὶ
907 2239 1002 2297 οῦν
1055 2242 1216 2312 εἶπεν,
1277 2265 1304 2292 (ι
1339 2237 1476 2298 Οἶδα
1522 2236 1612 2293 καὶ
1643 2238 1940 2310 πεπεισμαι

278 2337 367 2391 ὅτι
430 2331 589 2389 οὐδὲν
627 2334 810 2388 κοινὸν
849 2357 899 2401 ››,
950 2329 1039 2386 ’ἕνα
1102 2333 1176 2403 μή
1234 2328 1359 2404 εἴπῃ
1412 2325 1551 2384 ὁὲτι
1608 2325 1937 2396 Ἰουδαέζωνο

275 2425 378 2478 Καὶ
410 2424 484 2490 τί,
519 2423 563 2478 εἰ
597 2422 660 2477 σὸ
695 2421 1058 2494 πεπεισμένος
1108 2422 1178 2488 εἴ,
1209 2423 1307 2474 τοῦ
1346 2419 1520 2490 νόμου
1577 2416 1640 2472 τὸ
1696 2415 1936 2470 ἐναντίον

271 2511 674 2586 εἰσηγουμένου
711 2530 724 2579 ;
754 2509 1080 2585 προστίθησι
1125 2509 1209 2578 τὸ,
1270 2532 1298 2561 ιι
1333 2509 1423 2564 Ἐν
1458 2506 1640 2580 Κυρίῳ
1669 2505 1874 2575 Ἰησοῦ,
1911 2529 1934 2558 ι

272 2599 487 2662 δεικνὺς
519 2600 604 2656 ὅτι
637 2601 764 2673 παρ’
795 2599 960 2655 αὐτοῦ
1004 2603 1173 2655 ταῦτα
1224 2596 1510 2670 μεμάθηκε
1567 2595 1656 2650 καὶ
1718 2591 1935 2663 πεπλη-

274 2691 601 2770 ροφόρηται,
639 2689 728 2746 καὶ
770 2687 871 2744 οὐκ
925 2688 1017 2766 ἀφ’
1071 2689 1262 2742 ἑαυτοῦ
1315 2684 1482 2759 λέγει.
1545 2685 1723 2742 (Ότι
1781 2681 1936 2740 οὐδὲν

269 2781 538 2836 κοινόν.»
593 2812 665 2822 —
743 2777 956 2852 [q>uT.J
1007 2777 1274 2834 Ἐντεῦθεν
1332 2774 1497 2830 πάλιν
1558 2773 1634 2836 εἰς
1691 2773 1759 2828 τὰ
1812 2772 1934 2847 περὶ

273 2870 589 2945 βρωμάτων
650 2868 940 2932 ἐπάνεισι,
985 2867 1076 2922 καὶ
1172 2870 1423 2940 παραινεῖ
1491 2864 1618 2926 τοὺς
1677 2860 1937 2925 δυνατοὺς

272 2961 406 3015 κατά
462 2959 567 3028 τήν
624 2958 853 3027 πίστιν,
917 2949 1417 3028 ἀντιλαμϐάνεσθαι
1501 2959 1609 3008 τῶν
1675 2952 1933 3021 ἀσθενῶν,

274 3050 361 3104 καὶ
392 3045 666 3103 δεῖκνυσιν
701 3045 751 3118 is
810 3044 884 3100 ὧν
919 3044 1090 3119 λέγει,
1122 3042 1297 3118 καλὸγ
1331 3043 1424 3116 μὶν
1488 3041 1578 3097 καὶ
1634 3041 1696 3096 τὸ
1730 3039 1934 3096 ἐκεῖνον

277 3139 326 3195 ἐν
386 3139 646 3214 βρώμασι
756 3133 1218 3209 διακρινόμενον,
1293 3136 1578 3206 πειρᾶσθαι
1664 3127 1936 3204 διορθοῦν,

279 3227 502 3300 ἄμεινον
537 3223 598 3281 δὶ
655 3225 719 3280 τὸ
749 3222 1114 3280 ἀδυνατοῦντα
1170 3222 1221 3277 ιν
1278 3221 1480 3292 τούτῳ,
1551 3218 1934 3294 ὑπερορᾷν,τὸ

280 3316 575 3389 ἐλάττωμα
617 3357 632 3384 ,
693 3314 784 3368 καὶ
843 3316 1205 3388 χειραγωγεῖν
1255 3309 1415 3366 παντὶ
1473 3308 1661 3385 τρόπῳ
1745 3306 1832 3363 ἐπὶ
1870 3307 1933 3362 τὸ
1975 3345 2019 3413 C

377 3402 439 3413 ιη
636 3404 649 3413 .
720 3406 744 3413 _
919 3401 933 3413 .
984 3402 996 3413 .
1102 3399 1115 3413 .
1173 3399 1186 3413 .
1360 3401 1691 3413 ,Λημηῆη
1777 3393 1896 3413 nm

279 3402 536 3479 κερδῆσαι
561 3404 651 3459 καὶ
679 3406 850 3458 σῶσαι
875 3401 1038 3458 αὐτὸν
1060 3399 1240 3457 αὐτόν.
1265 3433 1333 3442 -
1360 3401 1692 3473 [ΘΕΟΔΩΡ.]
1720 3423 1746 3448 ‹ι
1773 3393 1935 3451 Οὐδὲν

282 3495 434 3568 φησὶ,
470 3493 647 3548 κοινὸν
683 3489 753 3547 δι’
783 3491 969 3549 αὐτοῦ.
1001 3514 1030 3543 η
1063 3493 1178 3548 Ἵνα
1217 3491 1324 3566 γὰρ
1375 3490 1450 3562 μή
1484 3487 1712 3564 λίγωσι,
1747 3488 1821 3541 Σὺ
1851 3484 1934 3548 τίς

286 3580 357 3635 ὣν
417 3582 850 3654 ἀντινομνιθετεῖς
907 3581 1133 3653 Μωσῇ;
1200 3579 1290 3635 τὸν
1351 3577 1593 3638 Μωσὲως
1661 3575 1936 3644 Δεσπότην

297 3669 374 3728 εἷς
409 3669 562 3740 μέσον
592 3671 842 3746 παράγει,
876 3666 1144 3726 διδάσκων
1203 3669 1278 3731 ὡς
1333 3666 1495 3729 αὐτὸς
1553 3666 1649 3728 τὰς
1705 3664 1935 3737 νομικὰς

306 3776 692 3830 παρατηρησεις
753 3755 952 3816 ἔπαυσε
988 3803 1001 3828 ,
1075 3758 1166 3814 καὶ
1234 3753 1386 3812 οὐδὲν
1471 3752 1615 3811 εἶάσε
1698 3753 1938 3827 νομίζειν

302 3847 602 3920 ἀκαθαρτον
655 3846 864 3923 ἔδεσμα.
910 3881 977 3891 -
1011 3850 1300 3920 [EEI‘HP']
1357 3847 1434 3904 T6
1491 3847 1615 3922 γὰρ,
1672 3870 1699 3898 ιι
1733 3845 1810 3899 Δι’
1842 3843 1938 3898 αὖ·

290 3941 409 4007 τοῦ,
446 3960 475 3990 ιι
499 3939 752 4012 τουτέστι,
785 3937 875 3996 διὰ
912 3939 1011 4007 τὴν
1073 3937 1434 4014 εὐαγγελικήν
1490 3936 1658 3992 αὐτοῦ
1708 3936 1937 4007 νομοθε-

285 4027 429 4084 σίαν.
466 4050 492 4078 ιι
523 4025 692 4084 Οὐδὲν
722 4029 908 4083 κοινὸν
953 4024 1022 4081 δι’
1051 4025 1239 4092 αὐτοῦ,
1274 4050 1302 4078 ››
1333 4025 1607 4081 τουτὲστιν
1639 4023 1939 4097 ἀκάθαρτον

283 4119 352 4189 τῇ
385 4116 563 4191 φύσει.
599 4140 627 4168 ιι
661 4118 738 4172 Δι’
797 4116 986 4184 αὐτοῦ,
1016 4113 1285 4183 τουτὲσοι,
1338 4119 1436 4170 τοῦ
1494 4117 1648 4171 Θεοῦ.
1710 4113 1806 4167 Διὰ
1834 4112 1938 4180 τήν

280 4208 391 4274 νῦν,
444 4205 602 4279 φησὶ,
646 4203 890 4270 δοθεῖσαν
946 4206 1108 4280 χάριν
1167 4205 1296 4278 παρ’
1353 4202 1536 4272 αὐτοῦ,
1597 4200 1750 4257 οὐδὶν
1784 4200 1938 4275 φύσει

280 4295 463 4348 κοινὸν
497 4337 512 4364 ,
575 4293 704 4349 ἀλλ’
763 4295 870 4350 ἀπὸ
943 4301 1045 4360 τῆς
1100 4292 1435 4367 πραιρὲσεως
1499 4295 1596 4347 τοῦ
1657 4291 1940 4366 μετιόντος

280 4381 491 4460 γίνεται
545 4380 728 4439 κοινόν
769 4427 780 4441 .
837 4386 997 4447 ’Ὸθεν
1061 4383 1149 4438 καὶ
1243 4381 1434 4454 ἐκείνῳ
1522 4380 1675 4455 μόνῳ
1734 4379 1939 4454 γίνεται

275 4474 484 4542 κοινὸν,
519 4473 650 4552 οὐχὶ
683 4471 742 4528 δὲ
771 4473 861 4529 καὶ
902 4479 1082 4529 πᾶσιν.
1123 4497 1144 4524 ιι
1194 4470 1415 4544 Ἐκείνῳ
1445 4471 1598 4547 ςγάρ,
1632 4468 1788 4545 φησὶ,
1820 4489 1941 4523 κοι-

278 4562 392 4618 νόν.
423 4588 451 4613 u
487 4595 546 4606 --
583 4587 611 4616 «
646 4564 706 4620 Ei
739 4561 795 4618 δὲ
828 4561 917 4618 διὰ
939 4563 1138 4638 βρῶμα
1170 4563 1198 4618 6
1222 4558 1459 4638 ἀδελφός
1491 4580 1587 4614 σου
1607 4558 1884 4614 λυπεῖται.
1915 4581 1937 4609 ι

281 4651 578 4721 Ὠνείὸιζον
635 4653 739 4727 γάρ
791 4651 985 4714 αὐτοὺς
1053 4652 1106 4706 οἱ
1171 4650 1356 4707 πιστοὶ
1417 4650 1490 4711 ὡς
1540 4645 1940 4716 ἰουδα³ιζοντας

2052 2084 2081 2114 ιι
2115 2061 2394 2118 minibus.
2430 2083 2457 2112 »ι

2126 2226 2335 2281 Adhuc
2367 2224 2482 2296 ipsi
2515 2223 2587 2280 de
2619 2223 2888 2280 ciborum
2919 2223 3328 2279 observatione
3365 2240 3560 2280 sermo
3592 2230 3701 2282 est.

2052 2317 2199 2381 Quia
2231 2331 2365 2386 ergo
2399 2313 2587 2368 dixit:
2624 2335 2651 2362 «
2688 2312 2818 2368 Scio
2848 2318 2907 2366 et
2934 2328 3284 2384 persuasum
3316 2312 3504 2368 habeo
3553 2314 3708 2370 nihil

2053 2421 2182 2460 esse
2213 2419 2531 2459 commune
2564 2419 2576 2470 ;
2610 2418 2685 2458 ne
2725 2401 2885 2456 dicat
2938 2401 2988 2456 is
3020 2401 3121 2473 qui
3143 2401 3342 2457 adhuc
3401 2402 3587 2458 haeret
3646 2405 3707 2458 in

2048 2493 2392 2550 Judaismo:
2426 2493 2497 2546 Et
2543 2491 2686 2564 quid
2730 2491 2778 2546 si
2814 2498 2875 2546 tu
2930 2507 3252 2562 persuasus
3306 2492 3387 2547 sis
3447 2508 3582 2548 cum
3612 2492 3708 2548 lex

2051 2583 2420 2640 contrarium
2443 2581 2673 2648 doceat,
2689 2579 2854 2636 addit
2877 2597 2890 2635 :
2911 2603 2938 2630 ιι
2955 2582 3068 2635 Per
3081 2581 3397 2636 Dominum
3417 2582 3616 2638 Jesum
3639 2599 3652 2648 ;
3678 2603 3704 2632 η

2049 2672 2372 2729 ostendens
2405 2670 2564 2742 quod
2597 2670 2669 2726 ab
2710 2670 2838 2742 ipso
2891 2670 3017 2725 haec
3047 2669 3325 2725 didicerit
3379 2676 3435 2726 et
3490 2672 3708 2727 certior

2047 2764 2238 2819 factus
2271 2762 2366 2826 sit,
2395 2767 2454 2816 et
2484 2777 2605 2816 non
2635 2776 2670 2816 a
2700 2760 2895 2831 seipso
2927 2759 3106 2816 dicat.
3140 2784 3158 2808 α
3198 2759 3354 2816 Nihil
3385 2777 3702 2817 commune

2050 2868 2199 2908 esse.
2238 2875 2265 2901 ››
2305 2851 2452 2905 Hinc
2479 2867 2687 2906 rursus
2712 2847 2786 2904 ad
2809 2865 2878 2905 ea
2907 2849 3062 2903 redit
3090 2866 3222 2920 quas
3253 2848 3324 2905 de
3356 2849 3506 2907 cibis
3544 2850 3702 2908 dicta

2050 2947 2224 2997 sunt:
2250 2946 2306 2995 et
2337 2945 2609 3012 potentes
2641 2939 2702 2994 in
2735 2938 2854 2994 ﬁde
2883 2939 3168 2995 admonet
3196 2944 3261 2994 ut
3289 2939 3544 2996 infirmis
3575 2957 3704 2996 suc-

2049 3035 2310 3085 currant.
2341 3031 2421 3084 Ex
2449 3029 2542 3083 bis
2573 3028 2751 3083 etiam
2783 3045 2914 3097 quae
2958 3027 3123 3092 dicit,
3183 3028 3445 3084 ostendit
3472 3028 3698 3084 bonum

2050 3118 2292 3191 quidem
2323 3134 2452 3174 esse
2488 3116 2593 3172 niti
2643 3115 2815 3172 illum
2847 3116 3139 3188 corrigere
3191 3116 3292 3186 qui
3347 3116 3501 3172 inter
3531 3117 3698 3172 cibos

2049 3206 2368 3280 dijudicat:
2399 3205 2558 3276 quod
2589 3205 2637 3260 si
2667 3205 2763 3260 hic
2806 3204 3020 3276 corrigi
3055 3209 3334 3275 nequeat,
3367 3205 3520 3262 888
3575 3222 3703 3260 me-

2048 3297 2166 3352 lius
2184 3301 2326 3352 tunc
2340 3311 2467 3350 esse
2491 3295 2788 3350 defectum
2811 3295 2968 3350 hunc
2991 3299 3396 3364 contemnere,
3420 3295 3704 3366 omnique

2050 3387 2224 3442 modo
2255 3385 2421 3441 illum
2455 3383 2860 3441 manuducere
2893 3401 3008 3455 quo
3041 3383 3268 3440 lucriﬁt
3296 3400 3367 3440 ac
3423 3384 3701 3443 salvetur.

2048 3499 2075 3527 ‹‹
2111 3476 2290 3542 Nihil,
2320 3475 2534 3546 inquit.
2569 3490 2698 3530 esse
2750 3490 3068 3530 commune
3127 3490 3234 3545 per
3291 3474 3510 3546 ipsum.
3546 3496 3574 3524 »
3621 3477 3702 3531 Ne

2047 3566 2209 3620 enim
2241 3564 2479 3619 dicant:
2529 3563 2611 3618 Tu
2643 3563 2776 3634 quis
2834 3579 2898 3619 es
2959 3561 3058 3633 qui
3115 3562 3307 3634 legem
3374 3561 3530 3620 feras
3562 3563 3703 3619 Mosi

2048 3653 2456 3721 contrariam?
2476 3653 2651 3708 Mosis
2684 3651 3001 3708 Dominum
3035 3652 3096 3707 in
3129 3651 3392 3708 medium
3409 3651 3704 3724 producit,

2048 3743 2267 3798 docens
2290 3741 2450 3812 quod
2480 3742 2606 3813 ipse
2641 3741 2859 3812 legales
2890 3741 3332 3796 observationes
3354 3758 3586 3797 cessare
3615 3741 3703 3796 ἴση

2047 3829 2571 3901 cerit,nullumque
2589 3827 2854 3884 edulium
2877 3828 3007 3884 duci
3028 3829 3328 3900 impurum
3344 3829 3702 3901 permiserit.

2047 3922 2190 3976 Nam
2222 3919 2336 3974 hoc
2392 3918 2692 3986 signiﬁcat
2723 3940 2750 3967 ιι
2786 3920 2898 3973 Per
2929 3919 3146 3988 ipsum,
3181 3939 3209 3968 ››
3270 3917 3327 3972 id
3369 3923 3477 3984 est,
3532 3919 3703 3989 juxta

2046 4011 2239 4083 legem
2271 4005 2690 4079 evangelicam.
2722 4010 2856 4076 Aut,
2883 4004 3039 4062 Nihil
3061 4023 3379 4062 commune
3411 4002 3484 4061 δι’
3512 4003 3702 4075 αὐτοῦ,

2048 4101 2160 4156 hoc
2191 4104 2300 4165 est,
2336 4115 2443 4170 per
2475 4114 2560 4164 se,
2583 4114 2654 4152 ex
2683 4102 2916 4153 natura.
2972 4097 3101 4152 Sive
3150 4091 3218 4149 δι’
3276 4095 3444 4151 αὐτοῦ
3475 4113 3582 4168 per
3610 4097 3705 4168 ip-

2050 4207 2204 4260 sum,
2230 4204 2444 4259 nempe
2491 4189 2697 4246 Deum.
2757 4188 2868 4243 Per
2897 4186 3118 4256 datam,
3171 4186 3388 4258 inquit,
3441 4203 3601 4243 nunc
3631 4186 3703 4243 ab

2050 4279 2178 4350 ipso
2210 4278 2458 4351 gratiam
2493 4276 2642 4333 nihil
2684 4281 2900 4332 natura
2955 4293 3271 4332 commune
3304 4280 3413 4340 est,
3474 4275 3579 4331 sed
3631 4275 3705 4330 ab

2052 4368 2391 4425 accedentis
2424 4367 2728 4422 voluntate
2750 4367 2815 4421 lit
2835 4383 3176 4422 commune.
3205 4365 3368 4421 Unde
3391 4366 3570 4422 etiam
3593 4364 3705 4421 soli

2050 4459 2137 4513 illi
2160 4459 2576 4525 ﬁtcommune,
2593 4473 2713 4513 non
2726 4462 2926 4512 autem
2948 4455 3248 4512 omnibus.
3274 4457 3418 4511 Nam
3433 4454 3542 4510 ait:
3566 4477 3593 4503 ιι
3611 4453 3703 4512 Illi

2051 4562 2368 4603 commune
2385 4552 2495 4604 est.
2514 4569 2664 4595 »—-«
2700 4547 2912 4601 Verum
2939 4545 3246 4616 sipropter
3285 4544 3484 4600 cibum
3519 4545 3705 4600 frater

2049 4642 2187 4692 tuus
2219 4635 2622 4690 contristatur.
2655 4655 2682 4685 »
2715 4633 3017 4705 Siquidem
3051 4633 3259 4689 ﬁdeles
3291 4633 3524 4689 sincere
3571 4649 3700 4689 cre-

282 4735 382 4805 ἕτι,
441 4741 534 4796 καὶ
590 4738 679 4796 διὰ
733 4739 898 4796 τοῦτδ
951 4738 1468 4816 παρατηρουμένους
1525 4738 1593 4794 τὰ
1650 4737 1937 4813 βρώματα.

2054 4725 2258 4783 dentes
2289 4722 2726 4795 exprobrabant
2779 4722 2900 4776 illis
2948 4723 3049 4792 qui
3080 4720 3453 4778 Judaismum
3505 4720 3701 4776 adhuc

285 4829 361 4886 Οὐ
393 4830 658 4905 βούλεται
690 4831 782 4885 οὗν
845 4829 1064 4901 αὐτοὺς,
1098 4828 1149 4884 ἐν
1186 4833 1303 4890 τοῖς
1337 4829 1412 4901 μή
1471 4825 1609 4883 πάνυ
1673 4825 1941 4903 μεγάλοις

286 4917 628 4988 πλήττεσθαι
681 4916 954 4998 σφοδρῶς,
1015 4913 1357 4996 φοϐούμενος
1422 4919 1496 4985 μὴ
1538 4918 1655 4978 πῶς
1690 4915 1942 4990 ὀλιγοθυ-

291 5012 565 5081 μήσαντες
602 5055 616 5076 ,
681 5007 866 5063 τέλεον
935 5009 1213 5064 ἀποστωσι
1261 5008 1359 5074 τῆς
1416 5005 1671 5068 πίστεως.
1727 5004 1789 5060 Εἰ
1848 5008 1941 5060 οὖν

285 5099 376 5152 καὶ
413 5095 586 5171 μηδὲν
643 5097 693 5152 ἐν
739 5097 994 5170 βρώμασι
1047 5096 1252 5163 κοινὸν,
1287 5095 1442 5173 φησὶ,
1509 5093 1657 5163 τλήν
1691 5093 1942 5168 ἀπόσχου

284 5193 385 5256 τῆς
419 5184 663 5266 σφοδρᾶς
697 5183 1014 5261 ἐγκλήσεως
1046 5189 1142 5240 τοῦ
1197 5180 1435 5262 ἀδελφοῦ
1490 5180 1606 5236 σοῦ’
1653 5181 1943 5255 οἰκονομιο

282 5281 394 5338 κῶς
429 5276 744 5348 οἰκονομῶν
807 5272 898 5330 διὰ
953 5276 1052 5344 τὴν
1110 5270 1406 5348 εἰρημίνην
1461 5270 1658 5326 αἰτίαν.
1716 5273 1858 5345 "Op:
1889 5268 1947 5327 δὶ

282 5367 402 5439 τῆμ
432 5371 531 5421 τοῦ
565 5365 722 5441 άγίου
783 5364 994 5442 σοφίαν·
1057 5363 1156 5418 Τὸν
1209 5361 1394 5418 τέλεον
1455 5359 1827 5439 πληροφορῶν
1862 5359 1944 5417 ὅτι

286 5456 387 5511 οὐκ
415 5451 534 5513 ἔστι
583 5457 792 5524 κοινὸν,
847 5455 934 5509 καὶ
989 5453 1079 5510 τὸν
1135 5450 1490 5531 ὀλιγόπιστον
1553 5452 1812 5514 ὡσαύτως
1844 5448 1944 5507 δει·

284 5546 463 5601 κνῦων
515 5547 844 5610 ἀσθενοῦντα
903 5542 961 5598 ἐκ
1012 5549 1113 5611 τῆς
1200 5541 1665 5614 παρατηρήσεως,
1747 5567 1774 5594 ιι
1835 5540 1950 5599 Οὐκ

290 5635 394 5708 ἔτι,
427 5639 759 5719 φησὶ,κατᾶ.
817 5636 1033 5711 ἀγάπην
1085 5639 1398 5709 περιπατεῖς
1451 5658 1480 5688 ››
1546 5633 1812 5692 Βούλεται
1844 5635 1947 5710 γὰρ

295 5729 438 5784 εἶναι
464 5729 712 5805 ἀγάπην,
755 5723 939 5793 εἰδὼς,
995 5723 1172 5781 πάντά
1224 5720 1293 5779 δι’
1350 5723 1521 5794 αὐτῆς
1576 5724 1714 5780 κατὰ
1772 5726 1950 5800 μήρος

291 5821 717 5898 κατορθοῦσθαι.
786 5840 807 5866 ι
844 5817 936 5885 Μὴ
992 5819 1072 5886 τῷ
1126 5812 1374 5888 βρώματί
1409 5817 1504 5869 σου
1541 5813 1742 5870 ἐκεῖνον
1775 5813 1950 5869 ἀπόλ-

2052 4813 2476 4885 sequebantur,
2509 4816 2568 4867 et
2597 4811 2678 4866 ita
2709 4810 2873 4866 cibos
2925 4809 3334 4866 observabant.
3393 4811 3520 4866 Non
3575 4809 3701 4866 vult

2051 4919 2187 4976 ergo
2219 4901 2356 4957 illos
2387 4903 2448 4957 in
2480 4902 2573 4956 his
2600 4917 2731 4970 quas
2758 4917 2876 4955 non
2900 4899 3046 4956 adeo
3076 4915 3294 4972 magna
3323 4903 3480 4967 sunt,
3513 4900 3699 4972 gravi-

2053 4999 2143 5050 ter
2173 4992 2414 5063 corripi,
2446 4991 2665 5047 veritus
2691 5007 2766 5047 ne
2797 4989 2946 5046 forte
3005 4990 3224 5061 pusillo
3283 4989 3421 5046 facti
3477 4991 3700 5058 animo,

2054 5081 2292 5138 tandem
2324 5097 2359 5136 a
2390 5079 2504 5137 fide
2536 5079 2886 5135 desciscant.
2913 5081 3285 5150 Quanquam,
3311 5079 3526 5150 inquit,
3551 5079 3705 5136 nihil

2054 5173 2116 5227 in
2150 5170 2298 5225 cibis
2327 5185 2644 5226 commune
2677 5169 2773 5234 sit,
2806 5167 3037 5224 abstine
3069 5174 3265 5224 tamen
3306 5184 3342 5225 a
3370 5169 3707 5228 vehementi

2055 5261 2525 5333 reprehensione
2546 5259 2747 5315 fratris
2771 5259 2874 5326 tui,
2899 5257 3333 5330 dispensatorio
3350 5259 3527 5315 modo
3551 5259 3708 5318 ordi-

2055 5367 2207 5406 nans
2253 5355 2494 5422 prOpter
2538 5349 2757 5404 dictam
2815 5365 3076 5404 causam.
3116 5347 3254 5404 Vide
3313 5353 3512 5406 autem
3545 5349 3711 5407 Pauli

2060 5431 2436 5511 sapientiam.
2458 5439 2712 5496 Omnino
2743 5438 2962 5494 certior
2991 5437 3180 5495 factus
3199 5438 3356 5508 quod
3378 5439 3528 5495 nihil
3549 5454 3712 5497 com-

2059 5547 2240 5586 mune
2274 5530 2371 5596 sit,
2401 5535 2458 5585 et
2490 5529 2572 5585 ita
2603 5529 2717 5585 ﬁde
2745 5529 3032 5601 pusillum
3059 5546 3190 5586 esse
3221 5529 3546 5587 ostendens
3577 5545 3712 5584 eum

2061 5620 2163 5693 qui
2197 5636 2266 5675 ex
2299 5619 2570 5676 ciborum
2601 5619 3011 5675 observatione
3043 5619 3465 5675 inﬁrmaretur.
3498 5639 3519 5667 ι
3561 5619 3709 5679 Jam,

2062 5727 2278 5799 inquit,
2311 5743 2430 5782 non
2455 5726 2786 5782 secundum
2817 5725 3167 5782 cbaritatem
3191 5724 3481 5779 ambulas.
3510 5741 3537 5770 ››
3569 5719 3708 5772 Vult

2063 5818 2224 5875 enim
2255 5817 2606 5872 cbaritatem
2624 5833 2775 5882 esse,
2801 5816 2994 5870 sciens
3025 5812 3228 5868 omnia
3256 5828 3362 5882 per
3380 5809 3544 5865 illam
3568 5821 3709 5878 pau-
