4122 6444
343 525 461 590 599

1469 520 1900 587 mCUMENlI
1941 515 2250 580 TRICCE
2293 519 2676 585 EPISCOPI.

3641 515 3771 577 600

339 661 509 717 latim
541 658 776 732 corrigi.
816 677 838 707 ι
874 660 954 713 Ne
984 659 1116 714 cibo
1149 664 1247 714 tuo
1280 659 1451 715 illum
1492 658 1727 731 perdas.
1755 674 1784 707 ιι
1840 654 2002 709 Licet

2128 651 2231 709 λυε.
2300 675 2330 702 ››
2404 654 2495 723 Μὴ
2555 651 2744 723 ἐπειδὴ
2814 654 2876 708 σὺ
2933 649 3105 708 πάντα
3160 649 3352 712 ἐσθίεις
3405 650 3596 712 πιστὸς
3665 648 3771 714 ὢν,

337 756 422 817 tu,
457 764 593 804 cum
626 748 709 802 sis
742 747 959 813 ﬁdelis,
985 748 1188 803 omnia
1220 747 1360 804 edas
1387 765 1463 803 ne
1484 747 1657 802 illum
1682 745 1998 799 vehemen-

340 844 430 894 ter
458 837 853 908 increpando,
915 837 1153 909 penitus
1186 854 1219 892 a
1249 838 1365 892 ﬁde
1397 838 1623 909 ejicias.
1683 834 1916 889 Etenim
1940 849 1996 886 e-

339 927 486 981 tiam
517 942 623 997 pro
657 925 763 981 illo
793 926 1065 981 Christus
1090 931 1360 981 mortuus
1392 930 1499 981 est.
1526 926 1850 995 Propterea
1878 920 2002 975 dis-

341 1014 688 1088 pensatorio
720 1014 896 1069 modo
929 1014 1109 1069 debes
1140 1014 1228 1068 illi
1271 1012 1772 1070 condescendere.
1802 1044 1873 1051 —
1898 1008 2003 1064 Hic

347 1102 561 1161 suadet
601 1103 810 1159 ﬁdeles
842 1120 1079 1175 quoque
1108 1119 1143 1159 a
1171 1104 1319 1159 cibis
1348 1104 1648 1160 abstinere
1678 1108 1745 1157 ut
1774 1102 2001 1157 conde-

349 1192 671 1249 scendatur
701 1192 816 1248 ﬁde
847 1192 1103 1264 pusillis,
1129 1193 1287 1263 quod
1317 1194 1575 1248 etiamin
1605 1207 1890 1264 processu
1910 1189 2001 1245 di-

352 1283 454 1337 cit.
510 1304 538 1332 ‹‹
600 1284 679 1337 Ne
738 1282 916 1354 igitur
967 1282 1248 1337 conviciis
1307 1282 1604 1337 afﬁciatur
1654 1281 1877 1337 bonum
1909 1295 2005 1334 ve-

351 1378 562 1428 strum.
599 1391 625 1423 »
658 1372 1007 1429 Accusando
1042 1373 1201 1427 enim
1235 1377 1295 1427 et
1322 1388 1560 1443 semper
1589 1368 2002 1426 contendendo

348 1458 422 1514 ob
455 1460 725 1515 ciborum
784 1460 1261 1515 observationem
1321 1459 1603 1515 adversus
1653 1459 1848 1526 illum,
1880 1473 2003 1512 non

348 1548 545 1605 solum
578 1548 779 1604 reddis
811 1565 947 1603 eum
978 1549 1345 1620 pervicacem
1379 1565 1392 1603 :
1428 1548 1534 1604 sed
1582 1549 1761 1604 etiam
1792 1546 2006 1603 alienis

350 1653 385 1692 a
417 1638 533 1693 ﬁde
566 1637 779 1692 tribuis
809 1638 1206 1703 occasionem,
1229 1643 1294 1692 ut
1322 1638 1502 1693 ﬁdem
1523 1642 1791 1693 nostram
1818 1636 2010 1691 convi-

355 1730 465 1784 ciis
487 1729 752 1784 afﬁciant
770 1734 1014 1800 propter
1033 1728 1379 1800 bujusmodi
1432 1745 1680 1800 pugnas.
1712 1727 1857 1783 Nam
1901 1726 2009 1782 bo-

355 1834 502 1873 num
532 1822 703 1873 vocat
732 1817 932 1872 ﬁdem.
969 1818 1123 1872 Bene
1147 1817 1389 1888 quidem
1412 1817 1609 1879 doces.
1642 1817 1743 1872 sed
1764 1820 2010 1872 conten-

356 1907 440 1962 tio
477 1906 873 1962 conviciorem
903 1922 1082 1961 causa
1127 1906 1404 1963 efﬁcitur.
1432 1908 1513 1963 Ne
1569 1905 1851 1962 conviciis
1880 1904 2009 1961 afﬁ-

2108 735 2360 813 ἐγκαλῶν
2413 739 2669 818 σφοδρως
2723 741 2935 814 ἐκείνῳ,
2988 736 3227 815 ἐκϐάλῃς
3258 739 3419 793 αὐτὸν
3451 737 3772 809 τὲλεοντῆς

2106 826 2356 890 πίστεως.
2417 832 2514 886 Καὶ
2576 833 2680 908 γὰρ
2738 832 2830 886 καὶ
2890 831 3022 905 ὑπὲρ
3079 829 3244 884 αὐτοῦ
3284 830 3312 883 ὁ
3369 829 3605 904 Χριστὸς
3661 829 3772 884 ἀπ-

2105 917 2308 981 έθανεν.
2373 921 2531 984 Ὅθεν
2593 919 2830 1002 ὀφείλεις
2889 920 3261 994 οἰκονομικῶς
3320 915 3770 995 συγκαταϐαίνειν

2107 1005 2274 1079 αὐτῷ.
2303 1042 2371 1051 -
2397 1011 2608 1083 [ΦΩΤ.]
2641 1008 2771 1065 Ὧδε
2792 1007 2849 1065 δὲ
2869 1004 3236 1083 συμϐουλεύει
3258 1008 3349 1063 καὶ
3379 1007 3509 1069 τοὺς
3534 1008 3772 1074 πιστοὺς

2108 1094 2405 1171 ἀπέχεσθαι
2465 1099 2817 1174 βρωμάτων,
2904 1096 2993 1153 διὰ
3070 1099 3169 1166 την
3229 1102 3337 1152 τῶν
3399 1096 3773 1172 ολιγοπίστων

2107 1181 2523 1261 συγκατάϐασιν,
2566 1187 2702 1264 ὅπερ
2757 1189 2844 1244 καὶ
2904 1187 3113 1264 προϊὼν
3172 1185 3340 1262 λέγει·
3410 1212 3430 1237 ι
3463 1189 3555 1257 Μὴ
3591 1189 3772 1262 βλασ-

2107 1275 2399 1353 φημείσθω
2447 1278 2543 1332 οὗν
2602 1278 2755 1351 ὑμῶν
2822 1278 2915 1333 τὸν
2976 1275 3259 1353 ἀγαθόν.»
3321 1274 3607 1351 Ἐγκαλῶν
3664 1278 3775 1352 γὰρ

2107 1363 2197 1418 καὶ
2256 1364 2334 1419 ἀεὶ
2417 1365 2744 1441 φιλονεικῶν
2820 1367 2956 1443 πρὸς
3014 1364 3173 1420 αὐτὸν
3235 1362 3324 1421 διὰ
3377 1367 3478 1434 την
3535 1367 3777 1442 τήρησιν

2104 1456 2214 1506 τῶν
2272 1454 2606 1528 βρωμάτων,
2686 1453 2748 1509 ού
2839 1455 3005 1528 μόνον
3090 1452 3251 1509 αὐτὸν
3314 1452 3771 1531 φιλονεικότερον

2107 1546 2305 1610 ποιεῖς,
2337 1540 2482 1597 ἀλλὰ
2512 1544 2601 1598 καὶ
2631 1544 2903 1620 πρόφασιν
2939 1539 3103 1604 δίδως
3164 1547 3281 1606 τοῖς
3340 1541 3534 1614 ἔξωθεν
3599 1542 3781 1620 βλασ-

2110 1635 2313 1707 φημιῖν
2342 1634 2502 1704 ἡμῶν
2560 1635 2660 1703 τήν
2713 1632 2890 1688 πίστιν
2954 1630 3044 1686 διὰ
3097 1632 3193 1695 τὰς
3246 1630 3501 1693 τοιαύτας
3561 1632 3776 1710 μάχας.

2109 1719 2186 1776 Τὸ
2235 1717 2434 1793 ἀγαθὸν
2501 1720 2626 1797 γὰρ,
2688 1723 2803 1775 οἷον
2864 1722 2899 1791 ἡ
2931 1719 3135 1790 πίστις,
3194 1719 3350 1798 φησί.
3411 1719 3608 1785 Καλῶς
3672 1722 3777 1795 μὲν

2112 1805 2407 1880 διδάσκεις,
2447 1809 2574 1866 ἀλλ’
2620 1813 2655 1882 ἡ
2691 1811 2847 1891 μάχη
2905 1812 3054 1867 αίτία
3121 1809 3479 1888 βλασφημίας
3537 1812 3776 1889 γίνεται.

2113 1929 2179 1938 -
2212 1921 2239 1949 ‹‹
2278 1899 2366 1967 Μὴ
2405 1897 2840 1977 βλασφημείσθω
2872 1901 2964 1955 οῦν
3000 1900 3153 1974 ὑμῶν
3186 1900 3249 1955 τὸ
3281 1900 3500 1977 ἀγαθόν.
3538 1924 3565 1952 ››
3599 1901 3776 1977 Ἀγα-

357 1997 549 2053 ciatur
578 1996 801 2052 bonum
841 2003 1185 2052 vestrum.»
1242 1999 1469 2052 Bonum
1531 1998 1793 2068 quidem,
1853 1996 2006 2053 889

2128 1985 2206 2041 )ov
2240 1986 2336 2060 μὲν
2368 1986 2495 2062 γὰρ,
2525 1988 2588 2041 τὸ
2636 1984 2727 2042 διὰ
2781 1989 2844 2043 τὸ
2901 1984 3294 2061 ἐστηριγμένον
3329 1991 3461 2044 εἶναι
3486 1992 3556 2063 τῇ
3592 1991 3778 2045 πίστει

355 2102 495 2142 nam
527 2085 645 2141 ﬁde
674 2086 1095 2141 conﬁrmatum
1136 2090 1226 2141 est
1251 2102 1374 2140 non
1430 2085 1849 2158 dijudicandos
1880 2100 2010 2140 esse

355 2174 559 2230 cibos:
620 2175 724 2230 sed
755 2174 1184 2230 contendentes
1216 2180 1274 2229 et
1302 2174 1687 2230 vehementer
1746 2175 2009 2229 rixantes

355 2264 636 2320 adversus
668 2280 768 2319 eos
826 2264 929 2335 qui
987 2263 1343 2336 dijudicant,
1402 2263 1598 2319 facitis
1656 2264 1880 2319 bonum
1910 2280 2012 2319 ve-

359 2356 547 2409 strum
579 2352 737 2409 afﬁci
770 2353 1075 2409 conviciis.

431 2441 522 2496 Illi
556 2458 818 2513 namque
849 2441 1151 2514 redarguti
1205 2442 1652 2514 compelluntur
1697 2441 2013 2498 adversum

363 2548 463 2587 vos
493 2531 690 2586 dicere
740 2530 899 2601 quod
928 2531 1041 2586 hoc
1062 2548 1184 2587 non
1214 2548 1286 2586 ex
1327 2530 1443 2586 ﬁde
1464 2531 1716 2602 faciatis,
1741 2531 1844 2587 sed
1874 2548 2017 2587 ven-

361 2620 472 2675 tris
504 2621 751 2676 curandi
799 2621 1006 2694 gratia.
1050 2622 1255 2691 Itaque
1288 2621 1467 2676 etiam
1496 2622 1544 2676 si
1576 2619 1740 2676 aliud
1769 2620 1924 2676 nihil
1956 2621 2018 2675 in

362 2726 543 2766 causa
572 2715 751 2777 esset,
797 2710 1059 2782 oportuit
1116 2709 1188 2765 ab
1236 2709 1579 2781 bujusmodi
1638 2710 2019 2766 contentione

360 2800 660 2855 abstinere
688 2799 867 2871 :quin
898 2799 1095 2871 potius
1124 2798 1237 2854 hoc
1268 2800 1464 2871 ipsum
1488 2815 1562 2855 ne
1585 2799 1866 2855 conviciis
1888 2798 2022 2854 afﬁ-

369 2889 561 2945 ciatur
589 2888 813 2944 bonum
844 2894 1125 2954 vestrum,
1160 2888 1306 2943 satis
1366 2905 1495 2943 esse
1519 2888 1723 2944 debuit
1774 2893 1841 2943 ut
1889 2906 2019 2960 per-

367 2978 646 3034 suaderet
672 2977 837 3033 vobis
858 2978 1308 3033 contentionem
1338 2977 1660 3033 dissolvere
1692 2977 1754 3032 in
1785 2994 2024 3033 concor-

369 3067 532 3124 diam
560 3073 619 3123 et
648 3084 935 3123 amorem.
960 3071 1164 3138 Neque
1183 3067 1345 3122 enim
1377 3065 1487 3122 hoc
1519 3070 1608 3121 est
1637 3072 2023 3123 contemnere

370 3178 503 3233 quaa
529 3160 665 3216 ﬁdei
700 3165 859 3227 sunt,
886 3159 990 3215 sed
1018 3159 1336 3227 honorare,
1361 3158 1735 3230 prohibendo
1760 3159 2025 3214 convicia

370 3249 585 3320 quibus
629 3249 988 3305 afﬁceretur.
1044 3248 1388 3304 Veresimile
1422 3264 1660 3320 quoque
1719 3254 1810 3304 est
1865 3247 2024 3319 quod

367 3339 647 3394 nonnulli
668 3356 703 3395 a
721 3339 837 3394 ﬁde
859 3338 1039 3394 alieni
1064 3338 1376 3394 audientes
1403 3339 1839 3405 contentiones,
1857 3338 2024 3393 Chri-

373 3429 704 3483 stianorum
736 3428 1010 3500 dogmata
1030 3427 1281 3482 irrident
1313 3443 1379 3482 ac
1403 3426 1793 3494 subsannant,
1828 3428 2026 3482 convi-

377 3516 607 3586 ciisque
637 3514 924 3571 afﬁciunt.
958 3515 1042 3571 Ob
1075 3532 1206 3586 quas
1241 3515 1443 3570 omnia
1471 3515 1688 3570 melius
1717 3521 1875 3571 esset
1903 3516 2032 3572 loco

380 3606 811 3677 intempestivae
840 3606 1241 3661 contentionis
1273 3606 1599 3661 concordes
1630 3606 1788 3662 circa
1818 3623 2032 3678 oppor-

380 3700 528 3750 tuna
558 3699 617 3750 et
645 3694 973 3749 conformia
1003 3695 1296 3761 charitati,
1333 3711 1572 3750 omnem
1619 3694 1933 3750 calumniae
1965 3712 2032 3751 ac

372 3784 761 3856 blasphemia)
783 3789 1134 3856 praetextum
1160 3790 1489 3855 amputare.
1524 3785 1656 3840 Haec
1689 3786 1842 3839 enim
1893 3792 2034 3842 sunt

374 3890 508 3944 qum
539 3873 613 3928 ad
645 3889 894 3945 regnum
926 3874 1209 3929 ccelorum
1236 3873 1645 3942 introducunt,
1679 3891 1894 3946 nempe
1917 3892 2030 3946 pax

371 3962 434 4016 in
458 3962 594 4031 ﬁde,
618 3960 900 4035 gaudium
920 3963 984 4018 in
1008 3963 1229 4035 Spiritu
1252 3963 1824 4036 sancto,etjustitia.
1851 3987 1877 4014 «
1904 3966 2027 4019 Non

370 4056 462 4107 est
491 4052 653 4107 enim
697 4068 948 4125 regnum
979 4052 1080 4107 Dei
1106 4051 1273 4107 cibus
1318 4057 1376 4107 et
1422 4057 1617 4123 potus.
1657 4074 1685 4102 »
1743 4052 2030 4108 Cohibere

372 4137 497 4192 vult
524 4138 660 4194 illos
695 4139 767 4194 ab
800 4139 1305 4195 accusationibus.
1358 4139 1661 4209 Siquidem
1692 4157 1799 4211 per
1829 4140 2028 4196 cibum

374 4230 434 4281 et
462 4231 688 4298 potum,
723 4228 939 4299 inquit,
991 4244 1241 4299 regnum
1272 4229 1374 4282 Dei
1426 4244 1547 4282 non
1577 4244 1897 4299 possumus
1944 4229 2031 4284 in-

374 4314 562 4387 gredi.
593 4347 665 4356 —
694 4315 814 4370 Alio
866 4316 1047 4371 modo.
1102 4317 1314 4372 Dicens
1341 4333 1352 4369 :
1383 4338 1410 4365 ‹‹
1444 4318 1570 4371 Non
1599 4322 1689 4372 est
1716 4317 1877 4372 enim
1925 4334 2028 4373 re-

375 4420 560 4478 gnum
587 4406 685 4461 Dei
718 4405 886 4460 cibus
917 4411 976 4461 et
1004 4411 1199 4477 potus,
1234 4426 1262 4455 »
1295 4405 1560 4461 ostendit
1579 4408 2027 4464 contentionem

376 4493 619 4549 illorum
651 4494 810 4549 circa
838 4495 1001 4549 cibos
1023 4495 1607 4551 vehementissimam
1641 4512 1769 4552 esse
1787 4513 1855 4553 ac
1873 4497 2029 4554 ultra

377 4582 621 4652 limites,
650 4589 709 4639 et
738 4582 854 4638 tale
888 4583 1193 4655 quidpiam
1225 4584 1494 4641 insinuat
1518 4604 1529 4640 :
1556 4585 1613 4639 Si
1644 4603 1891 4658 regnum
1929 4589 2023 4643 Dei

377 4671 543 4727 cibus
575 4688 641 4727 ac
668 4677 841 4744 potus
880 4678 1057 4741 esset,
1104 4690 1224 4728 non
1265 4673 1650 4731 decertaretis
1707 4677 2027 4733 vehemen-

2067 3383 2111 3452 C

2123 2077 2199 2149 μὴ
2263 2074 2624 2151 διακρίνεσθαι
2684 2077 2735 2133 ἐν
2790 2083 2907 2139 τοῖς
2984 2079 3289 2153 βρώμασιν.
3356 2080 3658 2154 Ἐριζοντες
3714 2078 3781 2136 δὲ

2118 2164 2209 2218 καὶ
2241 2161 2768 2243 διαφιλονεικοῦντες
2809 2163 3018 2245 σφόδρα
3074 2166 3212 2240 πρὸς
3266 2166 3393 2231 τοὺς
3426 2164 3788 2242 διακρινομὲ-

2118 2271 2266 2322 νους,
2298 2258 2509 2309 ποιεῖτε
2537 2254 2600 2308 τὸ
2630 2253 2828 2328 ἀγαθὸν
2865 2254 3018 2327 ὑμῶν
3054 2251 3525 2333 βλασφημεῖσθαι.

2197 2438 2596 2515 Έλεγχόμενοι
2653 2442 2758 2519 γὰρ
2816 2441 3013 2498 ἐκεῖνοῖ
3042 2487 3058 2513 ,
3131 2442 3542 2500 συνελαύνονται
3602 2443 3794 2522 λέγειν

2125 2528 2264 2603 πρὸς
2292 2528 2454 2602 ὑμᾶς,
2487 2529 2563 2592 ὡς
2605 2529 2667 2585 ού
2730 2528 2818 2585 διὰ
2874 2532 3058 2587 πίστιν
3120 2536 3282 2587 τοῦτο
3346 2538 3580 2599 ποιεῖτε,
3640 2533 3801 2589 ἀλλὰ

2124 2618 2225 2686 τὴν
2248 2615 2481 2694 γαστέρα
2528 2620 2933 2695 θεραπεύοντες.
2987 2620 3052 2678 Εἰ
3109 2622 3203 2675 οὗν
3254 2621 3346 2677 καὶ
3399 2623 3475 2696 μή
3526 2620 3596 2677 δι’
3643 2620 3797 2678 ἄλλο

2127 2727 2181 2762 τι
2214 2704 2388 2781 ἐχρῆν
2448 2714 2549 2777 τῆς
2606 2709 2731 2784 περὶ
2795 2712 2957 2766 τοῦτο
3016 2705 3195 2785 ἔριδος
3246 2710 3605 2784 ἀποσχέσθαι,
3660 2710 3800 2768 ἀλλ’

2134 2795 2227 2850 οῦν
2259 2795 2348 2849 καὶ
2382 2795 2513 2852 αύτὸ
2542 2802 2705 2853 τοῦτο
2735 2798 2797 2853 τὸ
2832 2801 2906 2871 μή
2965 2798 3409 2877 βλασφημεῖσθαι
3467 2801 3530 2856 τὸ
3588 2800 3801 2876 ἀγαθὸν

2135 2886 2307 2957 ὑμῶν,
2340 2885 2519 2940 ἱκανόν
2550 2884 2694 2941 ἐστιν
2740 2887 2816 2949 εἷς
2853 2889 2917 2943 τὸ
2961 2894 3143 2944 πεῖσαι
3187 2890 3349 2963 ὑμᾶς,
3407 2890 3509 2960 τήν
3564 2886 3676 2966 ἔριν
3710 2890 3798 2954 εἰς

2132 2973 2391 3048 ὁμόνοιαν
2420 2977 2511 3031 καὶ
2561 2975 2775 3055 ἆγᾶίπην
2838 2975 3118 3037 διαλῦσαι.
3186 2981 3261 3035 Οὐ
3301 2980 3405 3056 γάρ
3457 2979 3567 3036 ἔστι
3625 2984 3797 3037 τοῦτο

2135 3063 2401 3139 ὗπερορᾷν
2430 3064 2499 3119 τὰ
2544 3071 2647 3135 τῆς
2706 3067 2958 3136 πίστεως,
3018 3066 3166 3123 ἀλλὰ
3222 3072 3407 3142 τιμᾷν,
3461 3067 3513 3124 ἐν
3568 3073 3645 3142 τῷ
3690 3069 3797 3133 τὰς

2131 3153 2251 3207 κατ’
2280 3153 2450 3222 αὐτῆς
2477 3151 2713 3209 κωλύειν
2777 3155 3150 3234 βλασφημίας.
3204 3157 3367 3220 Εἰκὸς
3425 3155 3482 3213 δὲ
3530 3159 3619 3214 καὶ
3679 3164 3799 3215 τῶν

2134 3238 2236 3312 ἔξω
2265 3243 2439 3311 τινὰς,
2479 3243 2575 3306 τὰς
2633 3238 2816 3317 ἔριδας
2878 3242 3252 3313 διακούοντας,
3312 3244 3571 3323 ἐπιγελᾷν
3601 3248 3692 3302 καὶ
3722 3249 3797 3304 τὰ

2132 3333 2242 3385 τῶν
2301 3336 2638 3405 Χριστιανῶν
2695 3332 2985 3409 χλευάζειν
3041 3335 3132 3389 καὶ
3197 3334 3568 3414 βλασφημεῖνο
3630 3335 3701 3392 δι’
3760 3337 3797 3393 ἃ

2137 3418 2309 3473 πάντα
2338 3421 2559 3491 ἄμεινον
2600 3421 2691 3494 ἧν,
2726 3421 2844 3478 ἀντὶ
2873 3428 2972 3477 τοῦ
3030 3422 3223 3498 ἐρίζειν
3251 3424 3378 3499 περὶ
3432 3426 3499 3480 τὰ
3558 3427 3635 3499 μὴ
3667 3426 3794 3481 καί-

2139 3526 2249 3582 ρια,
2305 3508 2672 3581 ὁμονοοῦντας
2723 3510 2845 3585 περί
2912 3510 2979 3566 τὰ
3030 3513 3218 3587 καίρια
3272 3514 3363 3568 καὶ
3417 3516 3796 3591 συνερμοσμὲ-

2134 3616 2258 3659 νους
2312 3600 2381 3671 τῇ
2439 3598 2644 3673 ἀγάπῃ,
2695 3603 2868 3654 πᾶσαν
2958 3596 3226 3667 διαϐολῆς
3282 3603 3373 3657 καὶ
3430 3602 3791 3683 βλασφημίας

2135 3687 2403 3764 πρόφασιν
2453 3687 2770 3747 ἐκκόπτειν.
2827 3692 3010 3747 Ταῦτα
3061 3690 3161 3767 γὰρ
3222 3690 3337 3748 ἐστι
3389 3693 3460 3748 τὰ
3511 3693 3800 3771 εἶσάγοντα

2134 3774 2212 3838 είς
2242 3776 2342 3845 τήν
2374 3776 2654 3853 βασιλείαν
2684 3782 2790 3833 τῶν
2825 3780 3090 3856 οὐρανῶν
3125 3782 3160 3850 ἡ
3219 3778 3273 3835 ἐν
3331 3783 3512 3838 πίστει
3572 3783 3797 3859 εἰρήνη,

2134 3867 2168 3934 ἡ
2204 3864 2254 3919 ὲν
2288 3865 2430 3941 ἁγίῳ
2461 3866 2735 3939 Ηνεύματι
2794 3872 2961 3943 χαρὰ,
3021 3870 3112 3923 καὶ
3143 3872 3178 3939 ἡ
3212 3866 3582 3942 δικαίοσύνην.
3650 3896 3680 3923 ‹‹
3713 3873 3797 3931 Οὐ

2131 3953 2235 4030 γὰρ
2270 3953 2412 4009 ἐστίν
2446 3958 2481 4025 ἡ
2514 3954 2761 4032 βασίλεία
2786 3963 2885 4013 τοῦ
2942 3962 3078 4013 Θεοῦ
3138 3959 3341 4035 βρῶσις
3397 3960 3487 4014 καὶ
3542 3960 3721 4020 πόσις.
3760 3986 3794 4011 η

2133 4047 2341 4097 Παῦσαι
2387 4042 2644 4119 βούλεται
2679 4044 2911 4109 ἐκείνους
2965 4051 3075 4103 τῶν
3130 4046 3512 4125 ἐγκλημάτων.
3546 4046 3623 4104 Ού
3677 4050 3789 4124 γὰρ

2135 4127 2224 4185 διὰ
2251 4131 2508 4206 βρώσεως
2529 4132 2563 4202 ἢ
2588 4135 2823 4204 πόσεως,
2847 4135 3034 4212 φησὶν,
3068 4133 3266 4211 ἔχομεν
3289 4132 3548 4189 εἰσελθεῖν
3580 4134 3657 4197 εἷς
3683 4136 3784 4204 τήν

2139 4218 2415 4293 βασιλείαν
2470 4224 2569 4275 τοῦ
2624 4226 2805 4278 Θεοῦ.
2864 4257 2936 4266 -
2992 4224 3251 4287 Ἀλλως.
3312 4226 3521 4298 [ΦΩΤ.]
3578 4224 3790 4294 Εἶπὼν,

2137 4331 2163 4358 ‹‹
2196 4307 2274 4364 Οὐ
2329 4306 2432 4385 γάρ
2492 4308 2634 4365 ἐστιν
2690 4313 2725 4381 ἠ
2789 4312 3038 4388 βασιλεία
3092 4317 3190 4369 τοῦ
3248 4317 3381 4369 Θεοῦ
3437 4314 3643 4388 βρῶσις
3698 4316 3798 4369 καὶ

2133 4396 2314 4467 πόσις,
2349 4395 2648 4455 »δείκνυσι
2696 4403 2794 4469 τήν
2851 4402 2975 4476 περῖ
3023 4404 3089 4458 τὰ
3153 4403 3420 4478 βρώματα
3475 4403 3625 4457 αὐτῶ
3679 4398 3797 4479 ἔριν

2132 4484 2507 4563 σφοδροτάτην
2548 4488 2710 4545 οὖσαν
2742 4491 2832 4545 καὶ
2880 4489 3018 4567 πὲρα
3073 4495 3171 4546 τοῦ
3205 4492 3429 4568 μέτρου.
3495 4493 3593 4547 Καὶ
3624 4492 3801 4548 αἰνίτ-

2130 4597 2301 4647 τεται,
2335 4574 2411 4640 ὥς
2445 4578 2505 4635 Ei
2535 4580 2602 4648 ἧν
2640 4578 2897 4655 βασιλεία
2924 4587 3025 4637 τοῦ
3057 4586 3191 4637 Θεοῦ
3226 4582 3430 4658 βρῶσις
3483 4581 3574 4638 καὶ
3632 4582 3802 4644 πόσις

2134 4666 2235 4722 οὐκ
2263 4666 2322 4721 ἂν
2351 4665 2521 4723 πλέον
2554 4665 2968 4745 διηγωνίσασθε·
3002 4668 3116 4745 ἅμα
3148 4668 3206 4727 δὲ
3259 4672 3350 4727 καὶ
3411 4671 3803 4747 ἐντρεπτικῶς,

376 4763 515 4818 tius.
547 4761 734 4817 Simul
766 4761 944 4817 etiam
999 4762 1393 4818 adhortando.
1430 4764 1483 4819 Si
1517 4782 1622 4836 pro
1654 4765 1747 4820 his
1776 4766 1858 4822 ita
1885 4784 2020 4823 con-

2138 4755 2221 4810 ὅτι
2264 4756 2327 4813 Εἰ
2360 4757 2492 4833 ὑπὲρ
2521 4756 2731 4814 τούτων
2767 4761 2942 4823 οὕτως
2976 4766 3204 4829 ποιεῖτε,
3257 4761 3311 4816 τί
3367 4763 3480 4836 χρή
3539 4760 3803 4837 πράττειν

374 4851 641 4918 tenditis,
665 4851 809 4924 quid
829 4851 1023 4908 facere
1047 4858 1281 4924 Oportet
1301 4870 1407 4923 pro
1451 4854 1686 4925 justitia
1711 4860 1768 4909 et
1795 4872 1939 4926 pace
1968 4862 2028 4912 et

373 4941 586 5014 gaudio
609 4941 670 4995 in
694 4940 915 5012 Spiritu
935 4949 1141 4996 sancto
1166 4941 1194 4995 ‘?
1219 4962 1244 4993 ι
1266 4941 1377 4996 Sed
1387 4941 1641 5013 justitia.
1677 4963 1705 4991 ››
1727 4944 1865 5008 Quae
1889 4951 2029 5000 sunt

377 5045 514 5101 ergo
534 5045 666 5100 quae
689 5028 750 5083 in
772 5046 1021 5101 regnum
1056 5030 1156 5083 Dei
1189 5030 1887 5101 introducunt?justitia,
1916 5034 2027 5089 hoc

380 5123 489 5184 est,
521 5119 639 5172 vita
669 5117 972 5172 studiosa:
1007 5133 1117 5187 pax
1169 5135 1305 5190 erga
1360 5118 1626 5183 fratrem,
1660 5123 1720 5174 et
1746 5120 2027 5192 gaudium

378 5223 449 5261 ex
481 5205 818 5260 concordia.
853 5205 1147 5270 Quoniam
1180 5212 1380 5261 autem
1412 5207 1703 5280 contingit
1733 5225 1937 5279 pacem
1971 5214 2030 5264 et

376 5294 658 5366 gaudium
681 5310 810 5349 esse
842 5294 1021 5349 etiam
1046 5295 1108 5349 in
1127 5294 1421 5366 turpibus,
1454 5296 1639 5361 addit,
1665 5296 1777 5352 «In
1808 5299 2030 5369 Spiritu

378 5388 567 5449 sanct,
596 5404 622 5431 ››
641 5387 922 5454 tanquam
954 5383 1180 5439 diceret
1208 5401 1221 5437 :
1259 5385 1418 5439 Hanc
1448 5385 1579 5440 dico
1611 5402 1817 5456 pacem
1839 5392 1898 5442 et
1918 5388 2031 5445 hoc

378 5470 657 5543 gaudium
683 5488 815 5541 quas
842 5471 905 5525 in
925 5472 1145 5543 Spiritu
1166 5478 1369 5527 sancto
1400 5473 1760 5545 efﬁciuntur,
1784 5475 1895 5532 hoc
1917 5484 2027 5545 est,

377 5578 485 5635 per
513 5562 796 5633 Spiritum
829 5567 1100 5617 sanctum
1144 5564 1643 5619 introducuntur:
1694 5588 1723 5616 «
1752 5568 1893 5623 Nam
1928 5569 2028 5640 qui

380 5654 443 5707 in
472 5650 573 5706 his
606 5652 785 5707 servit
813 5651 1064 5706 Christo.
1105 5674 1130 5701 »
1171 5653 1305 5707 Haec
1362 5653 1444 5708 ita
1491 5653 1715 5710 faciens
1748 5663 2031 5729 tanquam

379 5743 613 5799 debitor
642 5748 699 5798 et
728 5743 832 5813 qui
860 5741 934 5797 ad
966 5742 1027 5796 id
1061 5742 1373 5814 obligatur,
1408 5760 1543 5799 cum
1572 5745 1782 5802 timore
1812 5764 1881 5803 ac
1909 5754 2030 5804 tre-

380 5849 569 5903 more,
602 5833 755 5888 sicut
784 5831 979 5887 ﬁdelis
1008 5831 1113 5889 Dei
1145 5848 1365 5887 servus.
1400 5832 1508 5899 Qui
1540 5834 1700 5891 enim
1730 5835 1792 5891 in
1823 5837 1917 5892 his
1947 5843 2034 5892 tu-

2137 4844 2268 4919 ὑπὲρ
2302 4843 2674 4917 δίκαιοσύνης,
2701 4849 2789 4902 καὶ
2819 4848 3066 4923 είρηνης,
3123 4850 3214 4904 καὶ
3265 4856 3366 4919 τῆς
3422 4856 3805 4924 πνευματικῆς

2136 4938 2314 5008 χαρᾶς
2349 4954 2362 5003 ;
2397 4963 2423 4986 ιι
2457 4931 2635 4990 Ἀλλὰ
2665 4933 3004 5007 δικαιοσύνη.
3043 4960 3070 4989 ››
3102 4938 3239 4992 Ποία
3270 4937 3362 4992 οὗν
3416 4937 3530 4992 ἐστι
3589 4939 3655 4993 τὰ
3683 4937 3807 4992 εἰσ-

2136 5022 2343 5097 άγοντα
2373 5023 2449 5085 εἷς
2496 5026 2595 5092 τήν
2628 5024 2911 5099 βασιλείαν
2947 5045 2961 5095 ;
3023 5026 3373 5096 Δικαιοσύνη,
3431 5027 3732 5092 τουτέστιν,
3770 5029 3804 5083 ὁ

2138 5111 2383 5186 ἐνάρετος
2441 5113 2580 5188 βίος,
2638 5116 2672 5183 ἡ
2719 5115 2855 5186 πρὸς
2884 5115 2976 5169 τὸν
3004 5113 3242 5192 ἀδελφὸν
3275 5115 3490 5189 εἰρήνη,
3543 5116 3631 5170 καί
3671 5118 3706 5185 ἡ
3738 5115 3810 5172 ἐκ

2136 5209 2236 5271 τῆς
2269 5201 2527 5274 ὁμονοίας
2569 5203 2735 5277 χαρά.
2770 5201 2992 5273 Ἐπειδὴ
3036 5201 3095 5259 δὲ
3146 5203 3224 5260 ἔνι
3278 5204 3471 5279 εἰρήνη
3529 5206 3618 5260 καὶ
3652 5206 3809 5279 χαρὰ

2138 5290 2228 5347 ἐπὶ
2258 5291 2536 5367 αἶσχροῖς,
2569 5293 2891 5367 προστίθησι
2909 5295 2992 5363 τὸ,
3014 5318 3042 5345 ‹‹
3068 5295 3158 5351 Ἐν
3184 5294 3459 5368 Πνεύματι
3483 5294 3637 5370 ἁγίῳ,
3672 5318 3697 5348 ν
3725 5295 3811 5358 ὡς

2141 5384 2356 5443 είεῖπε.
2416 5386 2630 5456 Ταύτην
2690 5383 2839 5462 λέγω
2886 5388 2987 5454 τήν
3048 5386 3240 5461 εἷ’ρήνη
3295 5386 3387 5442 καὶ
3440 5387 3639 5463 χαρὰν,
3699 5388 3813 5456 τὴν

2139 5473 2192 5530 ἐν
2220 5474 2492 5547 Πνεύματι
2526 5473 2662 5548 ἁγίῳ
2699 5473 3016 5549 γινομένην,
3065 5478 3336 5543 τουτέστι,
3371 5474 3458 5531 δια
3490 5480 3589 5531 τοῦ
3642 5476 3813 5550 ἁγίου

2141 5562 2450 5636 Πνεύματος
2510 5563 2932 5638 είσηγουμὲνην.
2987 5590 3015 5616 (ι
3048 5566 3109 5622 Ὀ
3140 5565 3244 5642 γὰρ
3304 5564 3357 5621 ἐν
3422 5567 3642 5629 τούτοις
3673 5563 3812 5620 δουο

2142 5654 2316 5710 λεύων
2347 5658 2426 5725 τῷ
2455 5655 2696 5727 Χριστῷ,
2728 5678 2756 5705 ››
2790 5655 2979 5717 Οὕτως
3043 5657 3288 5730 βράττων
3344 5658 3482 5713 αὐτὰ
3513 5658 3587 5720 ὡς
3619 5676 3813 5733 χρεω-

2142 5748 2301 5810 στῶν,
2336 5743 2410 5803 ὡς
2443 5740 2752 5820 ὀφειλέτης,
2791 5744 2930 5816 μετᾶ
2960 5740 3134 5823 φόϐου
3192 5746 3282 5801 καὶ
3345 5747 3478 5818 μετὰ
3534 5764 3814 5820 συντριμ-

2144 5837 2273 5908 μοῦ,
2305 5834 2380 5892 ὡς
2410 5831 2601 5893 πιστὸς
2648 5829 2847 5894 δοῦλος
2888 5838 3044 5893 Θεοῦ.
3105 5836 3214 5891 «Ὁ
3273 5834 3380 5911 γὰρ
3436 5835 3813 5913 φυσιούμενος
