4122 6440
440 497 555 558 601

1548 497 1948 560 COMMENT.
1992 496 2082 557 ιΝ
2126 492 2375 555 EPIS’I‘.
2421 493 2528 553 AD
2572 493 2769 553 BOM.

3749 494 3871 554 602

443 628 538 683 καὶ
568 627 1033 703 ἀλαζονευόμενος
1085 629 1137 684 ἐν
1196 626 1435 697 τούτοις,
1498 627 1623 685 οὕτε
1680 626 1928 685 δουλεύει
1988 630 2094 699 Θεῷ

2219 624 2414 681 midus
2445 628 2537 680 est
2564 630 2625 681 et
2650 640 2954 698 arrogans,
2984 641 3108 681 non
3152 622 3307 680 800
3338 624 3520 680 servit
3565 626 3705 693 Deo,
3758 641 3867 681 ne-

448 714 574 773 οὗτε
603 717 889 793 εὐάρεστος
918 720 1087 775 αὐτοῦ
1119 718 1282 776 ἐστιν.
1315 720 1437 775 Ἔνι
1494 717 1552 774 δὲ
1602 719 1696 774 καὶ
1745 718 1852 774 ἀπὸ
1880 715 2105 773 κενοδο-

447 807 565 877 ξίας
594 807 862 883 ἐγκαλεῖν,
892 811 985 863 καὶ
1017 808 1079 864 ού
1137 806 1226 864 διὰ
1282 803 1449 886 φόϐον
1481 810 1517 881 ἢ
1550 808 1768 881 ἀγάπην
1827 813 1982 865 Θεοῦ.
2013 808 2106 863 Διὸ

448 896 660 974 ἐπάγει·
693 922 720 948 ‹‹
746 898 804 951 Ὁ
833 898 939 974 γάρ
969 896 1023 953 ἐν
1054 898 1269 960 τούτοις
1300 896 1578 953 δουλεύων
1607 903 1689 972 τῷ
1746 897 1985 973 Χριστῷ,
2018 921 2048 950 ››
2078 896 2110 953 6'

447 985 618 1055 ἐστιν,
649 985 702 1041 ἐν
737 984 1055 1063 δικαιοσύνῃ
1088 986 1177 1043 καὶ
1209 993 1357 1063 χαρᾷ
1384 988 1473 1043 καὶ
1508 987 1700 1063 εἰρήνῃ
1732 991 2098 1062 πνευματικῇ.

447 1100 480 1129 σε
512 1076 609 1131 Καὶ
653 1074 887 1149 δόκιμος
909 1081 1027 1138 τοῖς
1056 1076 1386 1151 ἀνθρώποις.
1420 1100 1448 1129 ››
1492 1078 1580 1146 Μὴ
1636 1077 1799 1150 μόνον
1851 1074 1927 1144 δὲ,
1961 1075 2108 1132 ἀλλὰ

442 1163 540 1219 καὶ
597 1164 649 1218 οἱ
705 1162 988 1239 ἄνθρωποί
1054 1184 1111 1218 σε
1165 1162 1531 1237 θαυμάσουσιν
1591 1164 1825 1240 ὁρῶντες
1884 1163 2104 1237 εἰρήνην

442 1249 648 1328 ἔχοντα
702 1251 794 1307 καὶ
858 1252 1033 1328 χαράν
1091 1252 1183 1308 καὶ
1242 1251 1592 1323 δικαιοσύνην
1626 1297 1640 1323 ,
1694 1253 1837 1329 παρὸ
1895 1249 1987 1308 διὰ
2038 1252 2108 1307 τά

440 1340 613 1417 χοίρα
644 1340 841 1397 ἐσθίειν
871 1338 1209 1420 ἀδιαφόρως.

520 1433 663 1506 Ἄρα
693 1431 786 1487 οὖν
827 1431 893 1487 τὰ
946 1437 1048 1501 τῆς
1105 1431 1327 1505 εἰρήνης
1381 1428 1678 1505 διώκομεν,
1730 1429 1821 1486 καὶ
1879 1432 1948 1486 τά
2002 1437 2104 1500 τῆς

440 1518 754 1595 οἴκοδομῆς
806 1529 911 1592 τῆς
991 1521 1069 1584 εἰς
1153 1520 1463 1593 ἀλλήλους.
1550 1523 1641 1592 Μὴ
1725 1517 1899 1576 ἕνεκεν
1958 1520 2108 1596 βρώ-

445 1632 620 1684 ματος
677 1609 916 1667 κατάλυε
998 1611 1062 1665 τὸ
1140 1604 1294 1687 ἔργον
1380 1615 1478 1666 τοῦ
1549 1614 1701 1668 Θεοῦ.
1763 1610 1947 1667 Πάντα
2008 1610 2103 1682 μὶν

437 1702 697 1776 καθαρά,
753 1698 903 1756 ἀλλά
958 1701 1123 1756 κακὸν
1186 1705 1266 1772 τῷ
1322 1701 1596 1776 ἀνθρώπῳ
1651 1704 1733 1773 τῷ
1790 1697 1878 1755 διὰ
1933 1719 2106 1775 προσ-

438 1791 731 1862 κόμματος
787 1789 1018 1845 ἐσθίοντι
1055 1835 1068 1849 ,
1139 1788 1322 1846 Καλὸν
1401 1790 1465 1845 τὸ
1550 1791 1628 1862 μὴ
1706 1795 1895 1868 φαγεῖν
1950 1786 2105 1862 κρέα,

445 1876 593 1952 μηδὲ
619 1884 763 1935 πιεῖν
794 1878 965 1951 οἶνον,
1001 1877 1144 1953 μηδὲ
1173 1878 1224 1934 ἐν
1258 1880 1304 1952 ᾧ
1363 1881 1392 1935 6
1426 1875 1664 1956 ἀδελφός
1695 1899 1791 1934 σου
1822 1878 2105 1954 προσκόπ-

437 1989 546 2033 τει,
579 1969 614 2038 ἧ
639 1965 1074 2039 σκανδαλίζεται,
1105 1968 1142 2038 ἢ
1174 1967 1401 2033 ἀσθενεῖ.

514 2057 666 2115 Ἐπεὶ
698 2055 789 2113 οὖν
838 2061 1008 2113 ταῦτα
1062 2056 1518 2133 ἀνωμολόγηται,
1572 2059 1726 2133 φησὶ,
1780 2057 1871 2114 καὶ
1930 2054 2101 2113 δὲδει-

448 2166 575 2201 κται
614 2147 696 2201 δτι
751 2144 923 2202 καλὸν
976 2150 1012 2217 ἠ
1073 2145 1290 2222 εἷρήνη,
1337 2147 1560 2218 ταύτην,
1625 2147 1780 2227 φησὶ,
1817 2146 2105 2222 μετεχρώ-

451 2246 610 2307 μεθα,
645 2231 719 2290 δι’
745 2235 814 2305 ἧς
865 2230 1015 2292 ἔσται
1068 2236 1159 2291 καὶ
1187 2237 1223 2307 ἠ
1257 2236 1470 2291 πάντων
1528 2233 1896 2309 οἷκοδοδομή.
1960 2258 1984 2288 ι
2012 2237 2102 2306 Μὴ

444 2321 620 2380 ἕνεκεν
653 2325 967 2401 βρώματος.
1004 2348 1029 2378 ι
1065 2324 1143 2384 Ού
1178 2324 1363 2399 μόνον,
1396 2325 1584 2406 φησὶν,
1642 2325 1744 2380 οὐκ
1789 2322 2104 2398 οῗκοδομεῖς

443 2411 693 2487 ἐγκαλῶν
739 2413 820 2470 ἀεὶ
882 2412 973 2469 διὰ
1023 2414 1091 2470 τά
1160 2416 1455 2491 βρώματα,
1512 2413 1660 2470 ἀλλὰ
1716 2414 1809 2470 καὶ
1862 2414 1928 2484 ἢν
1986 2412 2103 2490 ἔχει

438 2502 619 2559 πίστιν
651 2503 965 2574 καταλύεις,
1013 2502 1488 2582 φιλονεικοτὲρους
1546 2503 1746 2567 αὐτοὺς
1778 2508 1972 2573 ποιῶν,
2012 2503 2102 2559 καὶ

440 2593 749 2663 ἀποστῆναι
781 2592 970 2650 τέλεον
1000 2601 1102 2664 τῆς
1130 2594 1367 2655 πίστεως
1399 2594 1740 2669 παροξύνων,
1792 2614 1815 2644 ε
1847 2593 1919 2648 Τὸ
1950 2589 2104 2669 ἔργον

437 2688 536 2739 103
557 2688 715 2739 Θεοῦ.
753 2707 781 2734 ››
814 2682 1148 2757 [ΟῙΚΟΥΜ.]
1180 2684 1242 2740 Ὀ
1277 2683 1429 2751 Θεὸς,
1475 2685 1632 2761 φησὶ,
1667 2679 1757 2738 διὰ
1812 2687 1911 2738 τοῦ
1942 2703 2102 2737 σταυ-

436 2777 537 2847 ροῦ
567 2769 922 2845 ᾠκοδόμησε,
955 2770 1018 2826 σὺ
1052 2768 1111 2827 δὲ
1137 2773 1238 2840 τήν
1280 2768 1584 2844 οἷκοδομήν
1614 2772 1782 2827 αὐτοῦ
1811 2769 2103 2835 καταλύεις

439 2860 532 2917 διὰ
564 2864 789 2937 βρῶμα.
823 2862 1025 2936 ¹Ἱῖοργον
1058 2857 1116 2916 δὲ
1145 2864 1244 2917 τοῦ
1272 2865 1409 2917 Θεοῦ
1467 2858 1640 2938 λέγει,
1698 2862 1797 2931 τὴν
1831 2861 2102 2927 σωτηρίαν

436 2955 548 3007 τῶν
600 2951 925 3026 ἀνθρώπων.
977 2974 1005 3003 ‹‹
1040 2951 1222 3006 Πάντα
1274 2950 1369 3024 μὶν
1425 2950 1655 3025 καθαρά.
1692 2973 1720 3003 υ
1775 2956 1889 3006 ’Ίνα
1922 2952 1999 3023 μή
2030 2953 2100 3024 τῇ

435 3039 629 3115 πολλῇ
658 3045 769 3096 τῶν
800 3039 1151 3117 ὑγιαινόντων
1181 3039 1473 3111 ἐπιπλήξει
1508 3034 1788 3116 βεϐαιώσῃ
1839 3044 1921 3111 τῷ
1950 3038 2104 3104 ἀσθε-

435 3135 521 3185 νεῖ
547 3131 613 3187 τὸ
644 3131 1080 3206 παρατηρεῖσθαι
1110 3130 1178 3186 τὰ
1207 3128 1497 3205 βρώματα,
1518 3130 1606 3185 καὶ
1637 3129 1715 3193 εἰς
1740 3129 1905 3185 αὐτὸν
1926 3133 2103 3204 χωρεῖ

434 3218 652 3276 λοιπόν.
686 3220 864 3274 Πάντα
902 3219 996 3293 μὲν
1031 3219 1261 3294 καθαρὰ,
1294 3218 1459 3292 φησὶν
1492 3217 1639 3274 ἀλλὰ
1657 3217 1820 3274 κακὸν
1851 3223 1931 3290 τῷ
1966 3219 2101 3292 μετὰ

434 3306 744 3372 συνειδότος
767 3313 1016 3384 πονηροῦ
1050 3307 1306 3364 ἐσθίοντι.
1341 3331 1370 3359 ιι
1402 3309 1496 3378 Τῷ
1527 3304 1617 3363 διὰ
1663 3305 2096 3382 προσκόμματος

434 3395 693 3462 ἐσθίοντι.
728 3422 757 3449 n
817 3397 922 3453 Καὶ
994 3396 1096 3473 γάρ
1150 3397 1196 3452 εί
1254 3396 1607 3473 ἀναγκασθεὶς
1657 3395 1855 3473 φάγῃςο
1910 3395 2094 3476 φησὶν,

437 3489 586 3545 οόεὲν
643 3486 942 3568 ὠφέλησας
975 3505 989 3520 °
1057 3489 1193 3561 μετᾶ
1247 3488 1352 3566 γὰρ
1407 3484 1731 3563 διακρίσεως
1792 3482 2097 3563 βὲϐρωκας.

437 3576 513 3634 Οὔ
538 3578 643 3653 γάρ
670 3576 734 3632 τὸ
778 3581 966 3655 φαγεῖν
1017 3581 1168 3632 ποιεῖ
1221 3597 1279 3631 σε
1342 3576 1602 3651 καθαρὸν,
1660 3573 1789 3632 ἀλλ’
1819 3579 1854 3653 ἡ
1884 3576 2096 3653 καθαρᾶ

444 3666 630 3738 γνώμη
654 3667 772 3739 μεθ’
801 3666 872 3737 ἧς
905 3664 1124 3728 ἐσθίεις.
1157 3689 1187 3718 ‹‹
1222 3663 1403 3722 Καλὸν
1435 3665 1498 3721 τὸ
1534 3666 1611 3739 μὴ
1643 3669 1828 3743 φαγεῖν
1873 3666 2026 3741 κρὲα.
2061 3690 2090 3718 ››

452 3756 695 3817 Ἔνταῦθα
741 3756 809 3811 οὖ
845 3754 1013 3829 μόνον
1068 3758 1149 3826 τῷ
1204 3755 1382 3827 πιστῷ
1436 3759 1692 3829 παραινεῖ
1749 3755 1826 3827 μὴ
1884 3754 2091 3834 σφόδρα

456 3842 790 3903 καθάπτεσθαι
875 3847 974 3898 τοῦ
1029 3843 1403 3908 ἀσθενοῦντος,
1462 3841 1612 3898 ἀλλᾶ
1668 3841 1761 3898 καί
1819 3863 2091 3919 συγκατα-

448 3921 600 3997 ϐῆναι
628 3931 795 4006 αὐτῷ,
820 3930 914 3987 καὶ
951 3934 1025 4006 μὴ
1075 3936 1260 4010 φαγεῖν
1304 3932 1456 4006 κρέα,
1519 3928 1661 4006 μηδὲ
1715 3935 1886 3987 πιεῖεν
1914 3933 2085 3988 οῖνον’

435 4016 547 4075 Κᾶν
578 4019 718 4077 ἄλλο
745 4042 799 4077 τι
833 4018 967 4088 δέοι,
1019 4022 1354 4094 παραίτησαι
1391 4019 1481 4076 διὰ
1508 4022 1609 4091 τὴν
1667 4020 1942 4095 σωτηρίαν
1989 4027 2088 4077 τοῦ

431 4104 670 4188 ἀδελφοῦ
725 4130 824 4165 σοι)
852 4153 867 4167 .
957 4109 1226 4185 Μεγίστην
1303 4110 1405 4185 γὰρ
1465 4104 1582 4186 ἕχει
1642 4105 2089 4186 συγκαταϐάσεως

427 4197 684 4275 ἀφορμήν
717 4198 1044 4270 ἡάσθένεια.
1110 4221 1138 4252 α
1172 4196 1337 4270 Μηδὶ
1392 4198 1446 4254 ἐν
1503 4200 1549 4273 ᾧ
1615 4200 1644 4255 6
1702 4196 1937 4278 ἀδελφός
1990 4221 2087 4256 σου

424 4286 782 4361 προσκόπτει.
818 4312 847 4339 ››
877 4292 1011 4362 Ὂρα
1041 4292 1160 4349 πῶς
1190 4285 1244 4341 ἐν
1276 4291 1355 4359 τῷ
1384 4287 1522 4363 πρὸς
1547 4288 1643 4344 τὸν
1683 4289 1874 4344 πιστὸν
1911 4287 2084 4366 λόγῳ,

422 4379 532 4430 τῶν
590 4376 967 4454 όλιγοπίστων
1025 4375 1405 4447 καθάπτεται,
1487 4376 1539 4431 ἐν
1593 4378 1749 4450 ᾧτινι
1807 4377 2086 4456 πράγματι

421 4465 780 4539 προσκόπτει,
812 4465 944 4541 ὅπερ
975 4470 1083 4521 τῶν
1145 4463 1548 4546 τυφλουμὲνων
1606 4462 1773 4525 ἴδιον.
1834 4464 2084 4522 Σκανδα-

421 4553 621 4624 Αίξεται
681 4552 740 4610 δὲ
774 4599 788 4625 ,
851 4553 983 4632 ὅπερ
1044 4551 1512 4611 εὖσκανδαλίστων
1546 4597 1560 4612 .
1617 4556 1890 4623 Ἀσθενεῖ,
1948 4556 2083 4631 ὅπερ

422 4641 831 4721 ἆλιγοπίστων.

494 4918 570 4972 Σὺ
627 4917 809 4973 πίστιν
874 4915 1022 4994 ἔχεις
1057 4961 1072 4986 ,
1128 4918 1266 4973 κατὰ
1348 4917 1571 4973 σεαυτὸν
1623 4912 1741 4993 ἔχε.
1798 4915 2083 4993 Μακάριος

422 5010 453 5062 6
500 5009 576 5081 μή
630 5007 830 5080 κρίνων
890 5008 1077 5063 ἑαυτὸν
1133 5008 1185 5063 ἐν
1245 5006 1291 5080 ᾧ
1345 5003 1673 5081 δοκιμάζει.
1730 5006 1794 5065 Ὁ
1852 5004 1909 5061 δὲ
1965 5003 2082 5063 δια·

359 5174 371 5180 -
420 5097 739 5172 κρινόμενος
773 5142 788 5165 ,
842 5095 931 5152 ἐὰν
991 5097 1139 5177 φάγῃ
1172 5141 1186 5165 ,
1247 5093 1682 5172 κατακέκριται,
1732 5093 1819 5152 δτι
1866 5094 1966 5151 οὐκ
2022 5095 2082 5152 ἐκ

419 5186 674 5249 πίστεως.
707 5191 822 5242 Πᾶν
862 5183 921 5241 δὲ
976 5186 1006 5241 ’ὀ
1064 5185 1165 5241 οὐκ
1224 5185 1284 5242 ἐκ
1331 5185 1591 5256 πίστεως,
1652 5184 1892 5262 ἁμαρτία
1942 5184 2075 5242 ἔστί.

489 5366 677 5423 Πίστιν
705 5363 955 5436 ἐνταῦθα,
1005 5364 1108 5433 τήν
1167 5364 1433 5440 περὶτῶν
1485 5361 1860 5440 προκειμένων
1903 5353 2074 5442 λέγει,

415 5456 535 5510 οἷον
570 5454 904 5530 βρωμάτων*
939 5453 1015 5514 ὡς
1044 5454 1145 5528 ἦγε
1201 5452 1326 5528 περὶ
1375 5450 1689 5530 δογμάτων,
1748 5451 1803 5508 ἐν
1858 5457 1939 5527 τῷ
1967 5475 2075 5533 φα-

412 5548 555 5620 νερῷ
584 5543 978 5617 ὁμολογεῖσθαι
1035 5546 1197 5596 πᾶσιν
1257 5539 1489 5618 ὀφέίλει.
1554 5566 1581 5594 ιι
1616 5547 1728 5603 Πᾶς
1788 5541 1882 5616 μὲν
1943 5542 2071 5618 γάρ,

412 5632 598 5712 φησὶν,
659 5631 808 5692 ὅστις
863 5628 1190 5705 ὁμολογήσῃ
1249 5629 1302 5685 ἐν
1335 5629 1460 5705 ἐμοὶ
1518 5624 1794 5708 ἔμπροσθε
1847 5634 1957 5685 τῶν
1989 5629 2073 5685 ἆν-

415 5719 674 5793 θρώπων,
711 5742 732 5769 ι
794 5717 887 5772 καὶ
940 5717 1083 5795 ἑξῆς.
1146 5719 1409 5776 Ἐνταῦθα
1457 5716 1516 5775 δὲ
1546 5762 1564 5792 ,
1620 5718 1710 5776 καὶ
1765 5718 2067 5793 κενοδοξεῖν

487 5827 536 5862 ⁵⁸
564 5826 769 5883 Matth.
803 5842 862 5895 χ,
893 5827 982 5883 31.

2217 732 2331 788 que
2364 715 2455 770 illi
2485 720 2763 786 acceptus
2795 720 2900 770 est.
2938 715 3235 790 Coutingit
3262 720 3322 771 et
3350 732 3421 771 ex
3450 713 3620 769 inani
3676 713 3865 787 gloria

2216 806 2536 877 corripere,
2564 810 2624 861 et
2669 821 2790 860 non
2822 822 2894 860 ex
2920 805 3132 861 timore
3187 811 3291 860 aut
3339 804 3657 860 dilectione
3714 805 3820 859 Dei
3851 820 3867 861 :

2214 896 2347 951 ideo
2380 895 2598 951 subdit.
2634 896 2777 950 Nam
2811 895 2913 966 qui
2943 895 3003 950 in
3040 894 3133 950 his
3163 895 3341 950 servit
3365 893 3618 958 Christo,
3646 910 3867 966 nempe

2216 986 2280 1040 in
2303 985 2539 1057 justitia
2570 990 2629 1039 et
2656 985 2870 1057 gaudio
2900 1001 3166 1057 paceque
3229 982 3544 1056 spirituali.
3577 1005 3605 1033 «
3638 985 3709 1037 Et
3736 1000 3866 1055 pro-

2215 1074 2391 1129 batus
2421 1073 2788 1129 hominibus.
2823 1095 2850 1123 »
2882 1076 3009 1129 Non
3043 1073 3240 1129 solum
3271 1076 3472 1128 autem
3502 1072 3637 1138 hoc,
3662 1088 3866 1129 verum

2216 1164 2666 1220 admirabantur
2694 1170 2751 1219 te
2790 1164 3103 1220 homines:
3149 1163 3418 1218 videntes
3473 1161 3629 1233 quod
3661 1178 3867 1233 pacem

2215 1254 2435 1310 habeas
2475 1257 2534 1309 et
2555 1254 2835 1326 gaudium
2867 1270 2935 1309 ac
2957 1253 3257 1326 justitiam
3278 1269 3298 1307 :
3327 1255 3617 1323 prasterea
3646 1256 3704 1306 et
3732 1269 3867 1323 por-

2215 1344 2380 1399 cinas
2411 1359 2618 1399 carnes
2648 1342 2815 1398 nullo
2846 1342 3193 1398 discrimine
3234 1342 3396 1398 edas.

2285 1433 2426 1501 XIV,
2454 1434 2632 1490 l9-2l.
2658 1434 2910 1504 «Itaque
2932 1448 3063 1504 quas
3083 1432 3247 1504 pacis
3274 1437 3415 1488 sunt
3444 1437 3778 1489 sectemur:
3813 1436 3872 1487 et

2215 1545 2244 1573 ι(
2269 1539 2401 1593 quas
2423 1526 2646 1576 mutuae
2671 1522 2828 1577 inter
2855 1537 2967 1576 nos
2989 1520 3423 1576 aediﬁcationis.
3449 1523 3531 1577 Ne
3550 1520 3669 1576 cibi
3691 1536 3871 1576 causa

2215 1632 2244 1662 ιι
2276 1610 2549 1667 destruas
2580 1627 2729 1682 opus
2747 1610 2871 1665 Dei.
2906 1610 3119 1666 Omnia
3138 1608 3382 1681 quidem
3407 1622 3578 1682 pura,
3603 1608 3709 1664 sed
3738 1625 3867 1665 ma.

2217 1722 2246 1751 «
2276 1701 2403 1756 lum
2434 1706 2525 1756 est
2566 1700 2791 1756 homini
2824 1699 2925 1772 qui
2947 1716 3054 1772 per
3108 1699 3534 1756 oifendiculum
3585 1699 3865 1754 vescitur.

2214 1813 2242 1841 ιι
2271 1791 2499 1846 Bonum
2533 1795 2624 1845 est
2652 1807 2774 1845 non
2800 1789 2977 1845 edere
3026 1805 3257 1856 carnes,
3315 1803 3513 1860 neque
3541 1787 3744 1843 bibere
3775 1788 3868 1842 vi-

2212 1902 2242 1932 «
2275 1897 2442 1949 num,
2473 1896 2670 1951 neque
2702 1879 3009 1951 quidpiam
3047 1878 3243 1935 facere
3272 1878 3337 1933 in
3367 1894 3484 1949 quo
3514 1878 3699 1933 frater
3726 1881 3862 1932 tuus

2220 1995 2246 2026 σι
2268 1972 2545 2045 impingit
2562 1976 2665 2027 aut
2683 1970 3007 2026 offenditur
3026 1974 3129 2026 aut
3156 1969 3514 2024 infirmatur.
3550 1994 3573 2022 ι

2286 2063 2431 2117 Cum
2460 2077 2596 2133 ergo
2627 2061 2755 2115 haec
2802 2060 2863 2114 in
2918 2058 3189 2115 confesso
3224 2059 3363 2125 sint,
3395 2058 3612 2129 inquit,
3673 2057 3866 2129 sitque

2213 2155 2520 2206 ostensum
2550 2150 2769 2205 bonam
2801 2166 2931 2204 esse
2962 2165 3193 2221 pacem,
3224 2148 3285 2203 in
3316 2148 3426 2203 hac
3457 2164 3567 2202 nos
3598 2162 3868 2203 exercea-

2211 2256 2487 2311 mus,per
2506 2255 2684 2311 quam
2706 2238 3013 2311 continget
3030 2238 3211 2294 etiam
3232 2237 3503 2292 omnium
3524 2236 3862 2292 mdiﬂcatio.

2211 2350 2239 2378 «
2265 2329 2345 2384 Ne
2376 2327 2492 2383 cibi
2518 2344 2714 2384 causa.
2742 2349 2769 2377 ››
2800 2329 2926 2383 Non
2958 2327 3176 2394 solum,
3208 2326 3426 2397 inquit,
3449 2341 3571 2381 non
3602 2324 3863 2381 aediﬁcas

2211 2416 2353 2471 dum
2383 2422 2627 2489 propter
2649 2416 2814 2473 cibos
2836 2433 3072 2489 semper
3106 2432 3349 2472 accusas
3384 2432 3397 2471 :
3432 2415 3537 2471 sed
3593 2420 3653 2470 et
3682 2414 3865 2470 ﬁdem

2212 2521 2393 2575 quam
2425 2504 2606 2560 habet
2624 2504 2920 2575 dissolvis,
2949 2504 3378 2578 pervicaciores
3404 2504 3567 2576 ipsos
3592 2503 3864 2559 efficiens

2210 2609 2279 2649 ac
2310 2593 2575 2663 irritans,
2600 2593 2787 2650 donec
2808 2594 3049 2670 penitus
3078 2611 3113 2650 a
3134 2593 3251 2649 fide
3277 2593 3632 2649 desciscant.
3655 2615 3684 2644 ιι
3704 2593 3865 2665 Opus

2211 2679 2336 2737 Dei.
2376 2706 2397 2732 ι
2432 2688 2610 2750 Deus,
2642 2683 2858 2755 inquit,
2888 2680 3000 2756 per
3029 2683 3371 2756 passionem
3401 2683 3748 2751 mdificavit;
3799 2687 3866 2740 tu

2208 2787 2346 2826 vero
2362 2772 2548 2844 ipsius
2572 2772 2892 2828 aediﬁcium
2918 2779 3159 2845 propter
3179 2773 3381 2829 cibum
3403 2773 3863 2844 dissolvis.0pus

2209 2867 2409 2918 autem
2440 2862 2542 2917 Dei
2575 2869 2736 2919 vocat
2770 2863 3079 2919 hominum
3119 2863 3395 2919 salutem.
3426 2884 3455 2914 ιι
3488 2863 3704 2919 Omnia
3732 2862 3868 2932 qui-

2210 2950 2346 3007 dem
2377 2968 2543 3023 pura.
2574 2973 2602 3001 ››
2635 2953 2715 3007 Ne
2745 2952 2936 3008 multa
2974 2952 3348 3024 correptione
3397 2951 3553 3008 facta
3581 2951 3865 3008 adversus

2211 3057 2312 3097 eos
2346 3041 2448 3112 qui
2481 3057 2697 3097 sanum
2755 3041 3057 3097 habebant
3074 3041 3395 3113 judicium,
3428 3041 3743 3097 conﬁrmet
3769 3041 3867 3096 in-

2208 3131 2449 3187 ﬁrmum
2467 3131 2540 3187 ad
2554 3131 2825 3188 ciborum
2856 3132 3353 3198 observationem,
3374 3131 3657 3203 deinceps
3681 3132 3862 3187 etiam

2206 3217 2280 3274 ad
2311 3218 2482 3275 illum
2514 3221 2688 3275 vertit
2718 3236 3077 3276 sermonem.
3125 3220 3337 3276 Omnia
3394 3219 3637 3291 quidem
3688 3236 3861 3291 pura,

2207 3308 2423 3380 inquit,
2458 3310 2561 3366 sed
2586 3311 2810 3367 malum
2834 3316 2925 3366 est
2943 3310 3173 3366 homini
3205 3311 3302 3382 qui
3325 3328 3461 3367 cum
3491 3311 3862 3367 conscientia

2206 3399 2351 3455 mali
2381 3400 2656 3455 vescitur.
2694 3421 2717 3452 ε
2750 3401 2859 3466 Qui
2890 3417 2997 3473 per
3035 3399 3465 3457 offendiculum
3519 3401 3797 3457 vescitur.
3827 3423 3858 3452 »

2207 3489 2439 3545 Etenim
2471 3490 2520 3545 si
2551 3495 2789 3546 coactus
2818 3491 2980 3556 edas,
3020 3490 3174 3546 nihil
3232 3491 3344 3545 hoc
3388 3489 3497 3545 tibi
3526 3491 3860 3562 profuerit:

2207 3579 2349 3650 quia
2379 3597 2515 3635 cum
2546 3579 2979 3653 dijudicatione
3009 3580 3206 3637 edisti.
3241 3583 3442 3652 Neque
3469 3580 3630 3635 enim
3662 3580 3859 3652 ipsum

2205 3669 2379 3725 edere
2412 3669 2597 3725 efﬁcit
2625 3675 2681 3724 te
2710 3686 2948 3742 purum,
2984 3669 3088 3725 sed
3119 3687 3270 3742 pura
3327 3686 3498 3725 mens
3529 3686 3648 3741 qua
3704 3668 3854 3726 edis.

2202 3780 2231 3808 «
2267 3759 2490 3814 Bonum
2522 3765 2614 3814 est
2640 3775 2762 3814 non
2793 3758 2969 3815 edere
3017 3775 3247 3815 carnes.
3276 3781 3297 3809 ι
3356 3759 3460 3814 Hic
3490 3774 3611 3814 non
3660 3758 3853 3814 solum

2199 3845 2482 3902 admonet
2525 3846 2766 3903 ﬁdelem
2798 3865 2872 3904 ne
2903 3848 3156 3919 graviter
3208 3848 3464 3904 lacessat
3520 3847 3849 3916 inﬁrmum,

2200 3952 2401 3993 verum
2433 3936 2613 3992 etiam
2636 3942 2703 3992 ut
2725 3937 2800 3993 ad
2832 3938 3024 4008 ipsum
3058 3954 3188 3993 sese
3218 3936 3528 3994 demittat:
3563 3943 3620 3992 et
3639 3954 3851 3994 carnes

2198 4042 2318 4082 non
2353 4025 2509 4095 edat,
2540 4043 2649 4082 nec
2686 4027 2889 4081 vinum
2948 4025 3131 4095 bibat,
3190 4030 3249 4080 et
3278 4027 3325 4080 si
3379 4025 3522 4097 quid
3553 4026 3716 4082 aliud
3744 4027 3849 4082 ob-

2198 4132 2431 4171 servare
2461 4121 2732 4188 oporteat.
2751 4116 2825 4170 ob
2844 4115 3045 4172 fratris
3071 4115 3505 4171 salutem.Nam
3526 4116 3850 4172 maximam

2198 4204 2378 4261 habet
2440 4205 2968 4261 condescensionis
3059 4204 3435 4260 occasionem
3506 4205 3846 4261 inﬁrmitas.

2198 4316 2226 4346 «
2263 4296 2464 4367 Neque
2489 4294 2795 4366 quippiam
2844 4293 3039 4350 facere
3070 4294 3132 4349 in
3165 4310 3282 4365 quo
3311 4293 3496 4349 frater
3541 4298 3680 4351 tuus
3735 4294 3849 4349 im-

2196 4385 2403 4459 pingit.
2434 4407 2461 4434 »
2490 4385 2634 4440 Vide
2665 4384 2965 4457 quomodo
2997 4385 3059 4440 in
3090 4400 3366 4440 sermone
3398 4383 3537 4439 fidei
3568 4401 3671 4441 eos
3692 4402 3851 4440 mor-

2197 4475 2335 4530 deat
2355 4475 2457 4546 qui
2480 4475 2594 4530 ﬁde
2616 4475 2991 4547 pusillisunt.
3020 4479 3080 4530 In
3104 4475 3308 4546 quavis
3328 4490 3391 4529 re
3418 4474 3552 4530 talis
3574 4475 3851 4548 impingit

2195 4562 2355 4635 quod
2385 4580 2677 4620 caecorum
2708 4566 3015 4637 proprium
3048 4569 3140 4620 est
3169 4582 3186 4634 ;
3219 4564 3365 4619 39]
3396 4563 3721 4620 offenditur
3742 4581 3849 4620 au-

2193 4659 2314 4708 tem
2347 4653 2507 4724 quod
2537 4669 2741 4709 eorum
2771 4654 3080 4726 proprium
3112 4658 3203 4709 est
3231 4653 3331 4724 qui
3362 4653 3536 4709 facile
3563 4653 3849 4710 oil‘ensio-

2113 4724 2159 4788 D
2191 4758 2333 4797 nem
2363 4743 2691 4814 patiuntur.
2750 4724 3096 4799 Inﬁrmatur
3123 4758 3259 4797 vero
3294 4758 3307 4797 :
3368 4742 3529 4813 quod
3576 4742 3848 4798 imbecil-

2191 4829 2342 4885 lium
2374 4834 2465 4886 est
2494 4835 2553 4886 et
2577 4829 2693 4885 ﬁde
2724 4830 3100 4903 pusillorum.

2265 4921 2414 4989 XIV,
2446 4922 2516 4974 22
2551 4921 2639 4974 23.
2664 4939 2695 4973 ιι
2716 4922 2798 4976 Tu
2831 4919 3007 4975 ﬁdem
3029 4917 3212 4974 habes
3237 4935 3250 4974 :
3274 4918 3434 4990 apud
3459 4919 3845 4991 temetipsum

2194 5033 2222 5060 «
2256 5011 2407 5067 habe
2433 5028 2635 5068 coram
2665 5012 2805 5068 Deo.
2838 5012 3052 5067 Beatus
3078 5010 3180 5082 qui
3210 5026 3333 5065 non
3378 5009 3611 5082 judicat
3659 5026 3845 5066 seme-

2194 5124 2220 5151 ‹‹
2259 5101 2478 5172 tipsum
2511 5102 2572 5156 in
2605 5118 2672 5157 eo
2706 5099 2866 5172 quod
2896 5099 3126 5172 probat.
3160 5100 3267 5165 Qui
3299 5115 3434 5155 vero
3462 5098 3772 5172 dijudicat,
3794 5100 3845 5155 si

2192 5213 2219 5240 ι(
2254 5189 2465 5259 ederit,
2498 5189 2929 5246 condemnatus
2961 5194 3070 5255 est,
3106 5189 3247 5260 quia
3272 5204 3395 5244 non
3440 5205 3510 5244 ex
3550 5189 3666 5245 ﬂde
3699 5188 3839 5244 edit.

2192 5280 2425 5335 «Porro
2458 5279 2750 5352 quidquid
2799 5295 2920 5334 non
2942 5296 3013 5334 ex
3046 5278 3162 5334 fide
3184 5283 3295 5346 est,
3327 5284 3637 5351 peccatum
3665 5282 3775 5334 est.
3809 5301 3839 5329 »

2261 5373 2463 5428 Fidem
2486 5372 2583 5429 hic
2615 5372 2844 5429 dicitde
2860 5373 2950 5428 his
2965 5389 3094 5444 quae
3110 5372 3421 5445 praemissa
3440 5379 3598 5440 sunt,
3624 5388 3838 5445 nempe

2188 5461 2261 5517 de
2291 5462 2473 5518 cibis:
2501 5462 2983 5534 quandoquidem
3016 5478 3146 5517 eam
3161 5478 3295 5534 quas
3317 5461 3390 5518 de
3420 5461 3837 5536 dogmatisest,

2184 5552 2364 5609 debet
2383 5554 2634 5625 quisque
2657 5570 2856 5610 coram
2872 5552 3152 5608 omnibus
3173 5552 3459 5624 profiteri.
3482 5554 3625 5606 Nam
3649 5574 3677 5601 «
3706 5552 3840 5608 0m-

2183 5642 2301 5713 nis,
2341 5643 2557 5715 inquit,
2591 5643 2692 5715 qui
2724 5642 3032 5699 confessus
3059 5641 3240 5697 fuerit
3267 5642 3330 5697 in
3359 5656 3453 5695 me
3484 5654 3683 5694 coram
3724 5640 3835 5694 ho-

2182 5731 2446 5788 minibus
2465 5732 2534 5803 56,
2569 5755 2598 5784 ι)
2629 5737 2691 5789 et
2718 5738 2950 5788 cratera.
2986 5732 3093 5787 Hic
3147 5734 3347 5785 autem
3400 5727 3667 5783 insinuat
3694 5742 3834 5782 eum
