4122 6396
259 443 376 504 603

1377 440 1788 502 (ECUMENII
1837 441 2145 504 TRICCAE
2193 446 2539 510 EPISCOPI

3553 446 3672 510 604

262 591 495 648 quoque
527 574 788 630 inaniter
818 572 1062 644 gloriari
1092 575 1194 645 qui
1248 574 1545 646 perfectus
1577 581 1722 630 erat.
1777 574 1912 630 Per-

2028 576 2309 634 αἰνίττεται
2335 580 2427 635 τὸν
2455 580 2686 639 τίλειον.
2721 580 2966 639 Τὲλειον.
3026 584 3095 652 εἴ,
3153 583 3286 662 φησί
3342 582 3432 637 καὶ
3490 583 3672 657 ἀπηρ-

256 667 464 732 fectus,
499 663 712 735 inquit,
748 679 811 718 es
842 667 900 718 et
930 663 1197 718 numeris
1255 664 1533 719 omnibus
1588 663 1856 736 expletus
1887 665 1913 720 ?

259 755 401 828 quid
423 755 700 809 virtutem
733 759 998 808 ostentus
1020 753 1047 806 ?
1075 753 1304 808 noverit
1342 755 1497 808 Deus
1518 770 1666 810 rem.
1702 776 1730 804 ››
1767 757 1910 810 Bea-

256 852 352 903 tus
383 850 474 900 est
502 845 602 914 qui
637 858 759 898 non
780 842 1013 914 judicat
1059 844 1321 915 seipsum
1355 844 1416 897 in
1465 859 1532 897 eo
1567 844 1725 914 quod
1774 861 1908 915 pro-

259 936 379 992 bat.
417 954 444 984 »
473 935 594 988 Hoc
623 938 733 998 est,
765 932 826 986 in
863 948 931 986 eo
990 932 1148 1002 quod
1179 931 1515 1003 probaverit
1569 937 1768 988 utrum
1801 934 1910 989 hoc

257 1023 434 1081 modo
466 1039 544 1079 an
575 1021 681 1077 illo
711 1022 790 1076 sit
817 1020 1110 1094 agendum
1139 1037 1151 1074 :
1212 1027 1351 1092 puta
1407 1027 1606 1076 utrum
1665 1022 1775 1075 hoc
1835 1022 1913 1076 sit

260 1113 558 1170 edendum
583 1126 784 1168 annon
807 1111 880 1164 sit
903 1109 1219 1165 edendum.
1247 1111 1554 1176 Quomodo
1577 1117 1773 1166 autem
1798 1111 1909 1166 hoc

260 1202 420 1258 erit?
452 1203 530 1256 Ex
581 1199 946 1255 conscientia
992 1214 1159 1270 pura.
1227 1199 1331 1254 Ubi
1390 1200 1552 1254 enim
1609 1200 1906 1255 dixisset:

265 1313 294 1346 α
320 1291 490 1364 Apud
524 1292 901 1362 temetipsum
951 1289 1100 1344 habe
1160 1289 1358 1358 fidem,
1395 1313 1422 1339 ››
1489 1293 1617 1345 ait:
1677 1290 1908 1345 etiamsi

261 1397 470 1439 omnes
495 1388 552 1438 te
582 1386 865 1438 accusent
891 1380 1328 1451 dispensatorie
1369 1379 1677 1452 quidpiam
1728 1395 1908 1452 agen-

260 1480 400 1539 tem,
438 1477 538 1526 aut
585 1476 829 1542 propter
880 1469 1133 1526 salutem
1193 1471 1394 1525 fratris
1435 1471 1540 1536 tui,
1574 1469 1749 1524 modo
1807 1475 1910 1525 tua

259 1561 626 1618 conscientia
655 1574 776 1616 non
805 1563 1045 1615 accuset
1074 1565 1152 1626 te,
1176 1556 1384 1614 beatus
1415 1575 1498 1614 es.
1531 1561 1610 1613 Ex
1641 1560 1734 1613 his
1766 1573 1909 1613 sane

256 1650 562 1707 infirmum
596 1651 745 1706 clam
776 1649 1052 1720 percutit.
1076 1651 1220 1704 Nam
1254 1650 1301 1703 si
1336 1663 1407 1702 ex
1437 1648 1802 1704 conscientia
1823 1653 1912 1702 est

255 1741 525 1798 fidelium
557 1753 778 1795 corona
808 1744 866 1793 et
894 1738 1168 1805 felicitas,
1201 1738 1406 1808 utique
1448 1742 1508 1791 et
1543 1737 1908 1792 condemna-

253 1831 357 1885 tio.
383 1832 463 1885 Ne
487 1845 623 1902 ergo
655 1843 727 1884 ex
774 1826 1202 1899 dijudicatione
1251 1826 1324 1881 ob
1365 1826 1785 1882 necessitatem
1817 1843 1910 1880 ve-

255 1919 474 1983 stiaris,
508 1917 724 1988 inquit.
756 1936 785 1966 ‹‹
817 1917 925 1982 Qui
957 1933 1077 1971 non
1108 1915 1340 1988 judicat
1371 1916 1655 1987 seipsum.
1701 1943 1768 1956 -—
1796 1915 1911 1970 Ob-
1939 1945 1986 2011 Β

250 2007 576 2081 jectionem
601 2006 792 2063 solvit.
817 2005 968 2071 Quid
984 2020 1119 2076 ergo
1143 2005 1549 2073 dicetaliquis,
1572 2022 1646 2060 an
1670 2010 1912 2076 propter

259 2097 567 2152 infirmum
599 2108 794 2166 neque
820 2109 924 2167 ego
958 2094 1128 2149 edam
1151 2094 1178 2149 ?
1215 2111 1357 2149 num
1390 2093 1465 2149 ad
1515 2095 1709 2164 ipsum
1741 2109 1909 2148 acce—

257 2187 394 2242 dam
415 2185 443 2241 ?
473 2186 622 2240 Num
654 2184 769 2256 ipsi
799 2184 1014 2240 similis
1046 2182 1318 2238 efﬂciar?
1350 2183 1437 2238 Ad
1462 2183 1574 2238 hoc
1605 2200 1740 2256 ergo
1771 2199 1912 2254 pro-

254 2274 577 2348 pemodum
607 2273 772 2340 dicit,
805 2273 990 2328 Absit.
1026 2275 1170 2328 Nam
1205 2271 1354 2328 fides
1403 2278 1504 2328 tua
1559 2288 1759 2328 coram
1792 2273 1908 2326 Deo

253 2379 404 2437 pura
434 2369 524 2419 est
554 2369 611 2418 et
658 2365 1004 2434 incorrupta
1035 2368 1259 2418 manet.
1298 2362 1544 2428 Deinde,
1580 2361 1723 2434 quid
1754 2362 1909 2430 dico,

257 2455 474 2526 inquit,
510 2452 669 2524 quod
700 2452 849 2508 nihil
881 2468 951 2507 ex
1001 2453 1114 2507 hoc
1146 2452 1491 2507 nocumenti
1550 2452 1826 2523 recipias,
1855 2457 1913 2507 et

259 2543 421 2614 quod
452 2542 600 2597 fides
630 2547 732 2598 tua
761 2547 1001 2597 maneat
1030 2557 1228 2596 coram
1261 2542 1376 2596 Deo
1403 2541 1430 2595 ?
1469 2542 1651 2596 etiam
1681 2541 1914 2613 purita-

258 2639 379 2688 tem
410 2632 517 2687 tibi
550 2632 661 2703 ipsi
694 2631 999 2696 concilias,
1029 2631 1077 2684 si
1097 2636 1338 2702 propter
1365 2629 1564 2685 fratris
1593 2631 1912 2686 utilitatem

256 2739 324 2779 ac
363 2722 618 2778 salutem
651 2734 774 2776 non
823 2719 1102 2775 vescaris.
1137 2721 1370 2789 Beatus,
1408 2712 1623 2789 inquit,
1659 2719 1759 2790 qui
1793 2735 1913 2774 non

259 2813 619 2868 condemnat
669 2812 934 2882 seipsum
968 2810 1029 2864 in
1078 2826 1146 2864 eo
1181 2809 1339 2880 quod
1371 2809 1600 2880 probat,
1634 2808 1746 2863 hoc
1803 2815 1912 2876 est,

259 2903 360 2974 qui
393 2901 822 2956 conscientiam
857 2913 1025 2956 suam
1073 2898 1252 2954 habet
1309 2898 1420 2953 sibi
1483 2904 1863 2954 attestantem
1899 2915 1912 2954 :

260 3013 380 3054 non
404 3001 463 3054 in
488 2999 600 3054 hoc
624 2998 818 3054 solum
842 2997 1000 3068 quod
1022 3000 1264 3069 propter
1279 2997 1478 3052 fratris
1501 2997 1754 3054 salutem
1770 3014 1804 3052 a
1832 2997 1916 3052 ci-

261 3087 1078 3144 bisabstinet:verumetiam
1132 3087 1194 3141 in
1235 3087 1394 3142 omni
1446 3086 1799 3158 simpliciter
1828 3101 1915 3154 re,

266 3193 683 3252 quamcunque
716 3184 920 3235 exacta
987 3178 1336 3252 probatione
1396 3178 1778 3251 perpenderit
1806 3177 1916 3233 bo-

263 3285 404 3325 nam
418 3285 545 3324 esse
569 3269 992 3326 :deindeillam
1015 3269 1224 3324 fecerit
1240 3267 1666 3324 conscientiam
1688 3267 1916 3324 habens

263 3364 644 3414 attestantem
663 3373 675 3412 :
692 3358 827 3414 talis
849 3359 1057 3414 beatus
1088 3364 1178 3413 est
1204 3359 1379 3425 392
1410 3364 1636 3412 tantum
1661 3359 1830 3413 abest
1854 3362 1920 3411 ut

263 3453 692 3503 nocumentum
726 3446 969 3518 aliquod
1002 3446 1181 3518 hujus
1213 3448 1402 3518 gratia
1448 3447 1716 3518 recipiat.
1763 3470 1790 3496 ‹‹
1815 3447 1923 3511 Qui

264 3552 402 3592 vero
435 3535 742 3607 dijudicat.
800 3535 920 3590 Hoc
978 3548 1214 3591 rursum
1274 3536 1346 3591 ad
1405 3551 1613 3590 sanum
1666 3537 1728 3591 in
1786 3535 1923 3592 flde.

267 3627 384 3682 Cur
407 3625 566 3680 enim
598 3625 770 3681 illum
802 3625 960 3697 cogis
992 3624 1166 3679 edere
1226 3625 1326 3696 qui
1388 3623 1654 3680 nondum
1695 3625 1922 3680 confir-

268 3721 463 3770 matus
487 3715 628 3770 est?
647 3730 722 3769 an
745 3714 941 3769 nescis
965 3714 1122 3786 quod
1147 3715 1194 3769 is
1213 3714 1314 3785 qui
1339 3713 1646 3786 dijudicat,
1684 3715 1733 3770 si
1782 3714 1924 3770 ede-

266 3806 345 3860 rit
375 3803 808 3859 condemnatus
841 3808 966 3872 est;
1002 3804 1141 3875 quia
1164 3819 1285 3860 non
1329 3819 1397 3858 ex
1421 3801 1536 3858 fide
1559 3803 1698 3871 edit,
1725 3804 1826 3860 sed
1853 3819 1923 3859 ex

266 3895 621 3951 necessitate
655 3899 757 3949 aut
786 3894 1011 3966 pudore
1033 3894 1060 3949 ?
1091 3909 1285 3966 neque
1311 3894 1469 3948 enim
1493 3893 1746 3948 credidit
1773 3893 1924 3948 illud

266 3999 482 4056 purum
515 3999 665 4050 esse,
693 3985 851 4040 etita
871 3984 1016 4040 edit.
1040 3984 1279 4055 Curipsi
1305 3999 1441 4056 ergo
1475 3983 1923 4038 condemnatio-

269 4075 364 4130 nis
395 4090 573 4130 causa
589 4073 863 4137 efﬂceris,
887 4088 1105 4146 cogens
1127 4074 1324 4145 ipsum
1347 4073 1419 4128 ad
1443 4073 1761 4139 edendum,
1787 4087 1922 4128 cum

270 4164 531 4236 patiatur
561 4161 1008 4216 offendiculum.
1066 4162 1290 4217 Deinde
1350 4161 1731 4233 postmodum
1763 4159 1925 4216 affir-

272 4253 491 4307 mando
516 4251 660 4306 dicit
690 4251 847 4322 quod
890 4249 1178 4323 quidquid
1207 4250 1418 4306 fecerit
1447 4251 1744 4322 quispiam
1804 4265 1924 4304 non

271 4357 342 4396 ex
375 4341 512 4408 fide,
545 4341 607 4395 in
639 4355 708 4395 eo
740 4345 964 4411 peccat.

342 4437 484 4503 XVI,
517 4438 710 4492 25-27.
739 4458 762 4490 α
788 4437 852 4491 Ei
879 4440 1078 4492 autem
1101 4437 1199 4508 qui
1224 4439 1434 4508 potens
1467 4441 1555 4492 est
1579 4453 1681 4492 vos
1703 4439 1921 4494 confir-

271 4548 300 4578 ιι
333 4541 496 4582 mare
519 4526 691 4598 juxta
722 4525 1106 4598 Evangelium
1139 4541 1338 4581 meum
1359 4531 1415 4580 et
1435 4526 1920 4598 praedicationem

271 4639 300 4668 ‹‹
333 4616 469 4672 Jesu
493 4616 708 4674 Christi
737 4633 748 4670 :
782 4615 1110 4672 secundum
1149 4614 1574 4672 revelationem
1629 4618 1920 4689 mysterii,

276 4729 302 4758 «
329 4705 697 4779 temporibus
718 4706 958 4763 azternis
983 4707 1163 4774 taciti,
1187 4722 1347 4762 nunc
1369 4722 1504 4763 vero
1529 4707 1920 4765 manifestati:
1959 4691 1999 4757 Π

277 4820 297 4850 ε
335 4803 393 4852 et
422 4815 528 4869 per
557 4799 890 4869 Scripturas
922 4796 1298 4869 propheticas
1330 4793 1658 4853 secundum
1694 4813 1919 4869 praece-

270 4909 298 4936 ιι
328 4892 490 4959 ptum
528 4888 734 4943 mterni
768 4887 893 4956 Dei,
923 4884 995 4942 ad
1029 4884 1429 4942 obedientiam
1462 4885 1623 4954 fidei,
1655 4903 1762 4958 per
1790 4902 1918 4942 om-

274 5000 294 5026 ι
335 4991 441 5031 nes
472 4981 678 5050 gentes
709 4975 915 5048 agniti,
950 4975 1063 5031 soli
1095 4975 1348 5047 sapienti
1398 4975 1515 5029 Deo
1564 4989 1670 5046 per
1719 4976 1920 5030 Jesum

271 5088 297 5115 ι(
333 5065 656 5131 Christum,
689 5063 782 5120 cui
811 5064 998 5136 gloria
1022 5064 1082 5118 in
1111 5064 1347 5119 saecula.
1382 5066 1591 5118 Amen.
1623 5081 1647 5112 ιι

344 5154 721 5228 Hyperbaton
754 5159 879 5208 est:
935 5175 962 5201 «
1005 5152 1068 5207 Ei
1102 5159 1299 5208 autem
1332 5151 1432 5224 qui
1465 5158 1678 5223 potens
1709 5156 1797 5206 est
1825 5166 1926 5206 vos

270 5244 631 5300 confirmare
663 5241 725 5294 in
776 5240 1014 5295 smcula.
1050 5243 1255 5296 Amen.
1293 5260 1316 5289 ι
1353 5268 1421 5279 —-
1475 5261 1502 5289 «
1541 5241 1650 5294 Vos
1709 5237 1927 5294 confir-

274 5347 460 5388 mare.
498 5352 524 5380 ››
555 5331 838 5385 Precatur
869 5329 1151 5399 deinceps
1181 5343 1286 5400 pro
1319 5326 1740 5384 imbecillibus.
1779 5328 1924 5382 Nam

274 5420 620 5494 precatione
651 5417 773 5473 illis
805 5434 953 5489 opus
983 5423 1110 5472 erat
1139 5416 1226 5472 vel
1271 5416 1544 5471 consilio.
1582 5415 1792 5471 Dicens
1822 5433 1925 5472 au-

272 5518 393 5567 tem
423 5533 447 5560 ιι
487 5509 864 5574 confirmare,
899 5507 1195 5578 signiﬁcat
1243 5521 1342 5561 eos
1372 5505 1669 5561 vacillare.
1704 5505 1928 5561 Deinde

273 5601 518 5657 modum
533 5599 715 5654 etiam
738 5595 1210 5651 confirmationis
1239 5593 1485 5651 inducit.
1512 5596 1729 5650 «Juxta
1747 5597 1930 5651 Evan-

275 5689 494 5764 gelium
524 5704 745 5744 meum.
783 5707 810 5736 »
846 5685 917 5740 Ut
945 5684 1046 5750 ita,
1089 5681 1305 5754 inquit,
1336 5684 1532 5738 vivant
1585 5683 1738 5739 sicut
1758 5684 1933 5757 jubet

276 5779 680 5852 Evangelium.
708 5778 944 5830 -ltem
995 5772 1108 5829 alio
1156 5773 1332 5827 modo.
1387 5773 1526 5827 Post
1572 5773 1928 5831 admonitio-

2015 669 2270 738 τισμὲνος
2305 687 2318 736 ;
2348 669 2401 724 τί
2429 672 2730 743 πομπεύεις
2759 672 2858 740 τὴν
2892 671 3086 744 ἀρετήν
3125 690 3138 739 ;
3199 673 3360 728 Ἱστιυ
3391 673 3419 726 6
3451 672 3582 734 Θεὸς
3608 673 3674 726 τὸ

2015 761 2265 833 πρῑγμα.
2301 781 2325 812 ε
2359 760 2638 834 Μακάριός
2696 759 2830 826 ἇστι,
2890 761 3045 838 φησὶ,
3107 761 3136 814 6
3195 763 3270 832 μὴ
3331 761 3670 836 κατακρίνων

2017 843 2204 900 ἑαυτὸν
2237 843 2288 900 ἐν
2319 845 2364 918 ᾧ
2397 845 2701 919 δοκιμάζει.
2734 871 2762 899 ››
2795 849 3107 920 Τουτέστιν,
3137 849 3189 902 ἐν
3221 849 3266 921 ᾧ
3299 849 3356 902 ἂν
3391 846 3668 923 δοκιμάσῃ

2015 934 2300 1010 πράγματι
2330 933 2618 1006 τοιῶσδεῆ
2651 934 2900 1006 τοιῶσδε,
2948 938 3065 992 οἷον
3124 943 3309 1014 φαγεῖν
3362 935 3490 992 τόδε
3519 937 3554 1006 ἢ
3589 939 3668 1010 μή

2015 1029 2228 1102 φαγεῖν.
2266 1027 2386 1087 ΙΙῶς
2419 1022 2475 1080 δὲ
2504 1021 2650 1080 ἔσται
2671 1031 2873 1094 τοῦτο;
2909 1026 3044 1082 Ἀπὸ
3068 1029 3306 1100 καθαροῦ
3339 1023 3666 1089 συνειδότος.

2017 1110 2239 1184 Ἐπειδὴ
2301 1117 2406 1189 γὰρ
2465 1115 2600 1185 εἶπε,
2662 1139 2690 1167 ιι
2754 1116 2903 1172 Κατὰ
2962 1116 3180 1170 σεαυτὸν
3241 1115 3336 1192 ἔχε
3395 1117 3599 1187 πίστιν,
3635 1138 3664 1168 ιι

2015 1203 2203 1279 φησὶν,
2243 1203 2327 1259 ὅτι
2361 1206 2467 1261 Κέὶν
2509 1207 2705 1267 πάντες
2745 1226 2802 1260 σε
2838 1205 3160 1282 μὲμφωνται
3220 1206 3591 1279 οἰκονομικῶς
3620 1226 3675 1261 τι

2015 1298 2297 1362 ποιοῦντα,
2449 1292 2536 1350 διὰ
2577 1296 2851 1368 σωτηρίαν
2906 1299 3003 1350 τοῦ
3043 1293 3282 1372 ἀδελφοῦ
3341 1314 3460 1366 σου,
3517 1297 3579 1351 τὸ
3614 1295 3673 1352 δὲ

2017 1382 2110 1436 σὸν
2143 1381 2387 1449 συνειδὸς
2417 1386 2481 1439 οὐ
2520 1385 2816 1459 κατακρίνῃ
2879 1403 2956 1454 σε,
3021 1386 3286 1459 μακάριος
3342 1385 3409 1440 εἴ.
3469 1387 3565 1442 Ἐκ
3601 1383 3669 1456 δὴ

2017 1469 2222 1525 τούτων
2255 1473 2347 1527 τὸν
2390 1473 2580 1542 ἀσθενῆ
2641 1471 2896 1544 πλήττει.
2933 1472 2992 1528 Εἰ
3023 1474 3125 1549 γάρ
3165 1473 3224 1528 ἐκ
3277 1478 3376 1529 τοῦ
3431 1471 3677 1529 συνειδό-

2015 1579 2107 1620 τος
2145 1561 2173 1614 6
2232 1562 2491 1638 στέφανος
2547 1563 2641 1616 καὶ
2673 1563 2701 1615 6
2737 1565 3082 1635 μακαρισμὸς
3127 1567 3234 1617 τῶν
3291 1568 3521 1630 πιστῶν,
3583 1560 3680 1632 δη-

2018 1646 2203 1703 λονότι
2259 1650 2350 1704 καὶ
2407 1653 2441 1719 ἡ
2499 1650 2836 1726 κατάκρισις.
2899 1652 2993 1718 Μή
3055 1652 3147 1706 οὖν
3205 1652 3345 1706 κατὰ
3401 1648 3671 1726 διάκρισιν

2017 1733 2160 1792 ἔσθιε
2194 1780 2211 1811 ,
2267 1736 2356 1792 διὰ
2413 1741 2512 1808 τήν
2570 1740 2833 1814 ἀνάγκην,
2887 1740 3069 1818 φησίν.
3135 1763 3163 1793 ι(
3220 1744 3278 1793 ’0
3339 1742 3414 1814 μὴ
3473 1761 3674 1815 κρινων

2018 1827 2225 1884 ἑαυτόν.
2263 1851 2283 1878 ι
2321 1859 2387 1872 ---
2429 1829 2637 1901 [ΦΩΤ.]
2670 1831 3023 1885 Ἀντιπίπτον
3059 1828 3198 1886 λύει.
3234 1829 3296 1886 Τί
3341 1830 3455 1897 οὖν,
3482 1831 3675 1906 φησὶν,

2018 1914 2077 1970 ἂν
2112 1914 2199 1971 διά
2228 1917 2318 1970 τὸν
2352 1917 2544 1987 ἀσθενῆ
2583 1916 2722 1990 μηδὲ
2774 1919 2880 1992 ἆγὼ
2939 1920 3097 1996 φάγω
3131 1937 3144 1988 ;
3203 1917 3280 1976 Οὔ
3312 1913 3678 1995 παραϐάλλο-

2029 2027 2127 2078 μαι
2158 2005 2304 2075 αῦτῷ
2340 2026 2354 2074 ;
2387 2007 2451 2061 οὐ
2479 2007 2702 2082 γίνομαι
2748 2008 2898 2080 αὐτῷ
2925 2007 3119 2081 ὅμοιος
3149 2027 3164 2077 ;
3200 2009 3341 2083 Πρὸς
3372 2006 3464 2062 οὖν
3512 2011 3677 2063 τοῦτο

2029 2097 2325 2175 μονονουχὶ
2359 2095 2530 2170 λέγει,
2564 2095 2647 2151 ὅτι
2697 2098 2784 2165 Μή
2817 2097 3034 2172 γένοιτο
3070 2099 3081 2153 ί
3113 2098 3176 2154 Ἠ
3207 2098 3309 2172 γὰρ
3369 2099 3550 2160 πίστις
3580 2118 3678 2152 σου

2023 2183 2256 2239 ἐνώπιον
2341 2188 2438 2240 τοῦ
2521 2190 2655 2242 Θεοῦ
2716 2186 2927 2262 καθαρά
2980 2187 3068 2241 καὶ
3129 2181 3434 2258 ἀκίϐδηλος
3505 2189 3677 2261 μίνει.

2025 2273 2185 2338 Εἶτα,
2219 2272 2284 2328 Τί
2316 2269 2373 2326 δὲ
2405 2269 2548 2348 λέγω
2576 2272 2658 2328 ὅτι
2692 2271 2846 2328 οὐὸὶν
2907 2268 3275 2350 παραϐλάπτῃ
3337 2273 3398 2330 ix
3449 2275 3676 2345 τούτου,

2023 2363 2116 2419 καί
2143 2365 2224 2419 ὅτι
2257 2366 2291 2433 ἡ
2326 2365 2508 2426 πίστις
2559 2386 2656 2420 σου
2691 2363 2837 2438 μᾶνει
2890 2363 3122 2421 ἑνώπιον
3178 2370 3276 2420 τοῦ
3324 2369 3459 2421 Θεοῦ
3493 2385 3508 2435 ς
3567 2367 3676 2423 Καὶ

2029 2455 2372 2528 μακαρισμὸν
2402 2455 2678 2529 πρὸξενεῖς
2726 2458 2954 2527 σεαυτῷ,
2989 2453 3075 2509 ἐὰν
3107 2453 3194 2510 διὰ
3249 2457 3352 2526 τὴν
3407 2454 3676 2533 ὦφὲλειαν

2024 2543 2119 2598 καί
2167 2543 2438 2618 σωτηρίαν
2493 2547 2588 2598 τοῦ
2643 2539 2884 2621 ἀδελφοῦ
2951 2543 3013 2598 οῦ
3069 2545 3313 2622 τρώγῃς.
3368 2546 3678 2620 Μακάριος,

2025 2632 2190 2712 φησὶν
2223 2675 2236 2701 ,
2297 2635 2324 2688 6
2382 2634 2456 2703 μή
2518 2631 2854 2708 κατακρίνων
2914 2633 3098 2688 ἑαυτὸν
3156 2633 3207 2689 ἑν
3269 2637 3314 2707 ᾧ
3368 2631 3682 2708 δοκιμάζει,

2023 2723 2299 2777 τουτέστιν
2334 2763 2350 2790 ,
2406 2723 2435 2777 6
2492 2717 2635 2797 ἔχων
2707 2723 2772 2777 τὸ
2841 2720 3082 2785 συνειδὸς
3135 2725 3304 2780 αὐτοῦ
3366 2729 3680 2799 μαρτυροῦν

2025 2809 2194 2884 αὐτῷ.
2254 2811 2370 2868 Οὐκ
2421 2810 2473 2866 ἐν
2503 2811 2684 2884 τούτῳ
2745 2811 2931 2885 μόνον,
2963 2810 3014 2866 ἐν
3045 2814 3090 2885 ᾧ
3121 2810 3211 2868 διὰ
3271 2815 3370 2882 τὴν
3405 2814 3678 2888 σωτηρίαν

2023 2905 2120 2956 τοῦ
2165 2898 2405 2980 ἀδελφοῦ
2453 2901 2714 2976 ἀπεχεται
2769 2901 3104 2976 βρωμάτων,
3163 2901 3310 2958 ἀλλᾶ
3365 2903 3456 2959 καὶ
3489 2901 3685 2968 ἁπλῶς

2025 2988 2078 3046 ἄν
2109 2990 2267 3045 παντὶ
2316 2990 2601 3068 πράγματι
2632 2991 2660 3044 ’ὸ
2693 2989 2752 3046 ἂν
2789 2987 2878 3044 διὰ
2909 2987 3136 3060 δοκικῆς
3191 2987 3472 3066 ἀκριϐοῦς,
3514 3012 3686 3047 κατα-

2025 3081 2197 3153 νοήσῃ
2249 3076 2334 3134 ὅτι
2385 3080 2586 3154 ἀγαθόν
2648 3079 2813 3152 ἐστιν,
2863 3079 3068 3137 ἔπειταο
3129 3083 3340 3158 πράττῃ
3395 3083 3547 3152 αὐτὸ,
3579 3085 3684 3154 τὴν

2026 3166 2331 3240 συνείδησιν
2410 3165 2557 3249 ἔχων
2617 3175 2998 3247 μαρτυροῦσαν
3033 3215 3046 3228 .
3116 3171 3396 3248 Μακάριός
3454 3173 3597 3230 ἰστιν
3652 3173 3684 3229 6

2028 3263 2298 3324 τοιοῦτος,
2357 3264 2617 3315 τοσοῦτον
2671 3261 2864 3336 ἀπέχει
2922 3265 3020 3316 τοῦ
3055 3257 3270 3337 βλάϐην
3327 3262 3448 3318 τινὰ
3510 3259 3687 3318 ἵνεκεν

2026 3348 2225 3402 τούτου
2257 3345 2522 3419 δέξασθαι.
2569 3373 2598 3400 «
2629 3352 2695 3407 Ὀ
2725 3348 2783 3404 δὶ
2821 3348 3250 3424 διακρινόμενος.
3287 3376 3314 3405 ››
3369 3355 3548 3410 Τοῦτο
3581 3353 3688 3407 πά-

2031 3433 2118 3492 λιν
2142 3433 2280 3511 πρὸς
2315 3437 2408 3492 τὸν
2469 3437 2797 3514 ὑγιαίνοντα.
2831 3441 2894 3498 Τί
2954 3441 3055 3515 γάρ
3116 3442 3282 3497 αὐτὸν
3337 3437 3560 3517 ὖκὸιάζῃ
3595 3463 3694 3522 φα-

2029 3530 2170 3598 γεῖν,
2201 3521 2356 3580 οὔπω
2414 3525 2804 3605 ἰστηριγμὲνον
2841 3548 2854 3598 ;
2919 3529 3030 3585 Οὐκ
3081 3527 3234 3592 οἶδας
3295 3532 3378 3586 ὅτι
3410 3532 3438 3586 6
3472 3521 3688 3607 διακρι-

2028 3615 2252 3687 νόμενος
2295 3615 2382 3670 ἐὰν
2443 3617 2586 3692 φάγῃ
2640 3619 3073 3693 κατακίκριται;
3120 3619 3204 3674 ὅτι
3267 3621 3344 3692 μή
3405 3619 3567 3676 ἐσθίει
3627 3621 3690 3677 ἐκ

2028 3703 2523 3776 πιστεως,ἆΑλ’ἐξ
2581 3705 2817 3783 ἀνάγκης
2873 3708 2908 3776 ἣ
2973 3704 3177 3769 αἰδοῦς*
3239 3706 3364 3764 οὐδὲ
3420 3708 3526 3786 γάρ
3566 3709 3692 3764 inl-

2029 3814 2243 3850 στευσεν
2290 3794 2420 3850 αὐτὸ
2477 3794 2710 3870 καθαρὸν
2767 3797 2920 3865 εἶναι,
2976 3796 3067 3852 καὶ
3127 3796 3301 3861 οὕτως
3356 3792 3566 3878 ἔφαγεν.
3620 3801 3691 3856 Τί

2031 3884 2122 3938 οῦν
2179 3884 2326 3957 αὐτῷ
2382 3884 2651 3962 πρόφασις
2708 3887 2834 3962 γίνῃ
2897 3886 3266 3960 κατακρίσεως
3297 3931 3311 3955 ,
3371 3887 3688 3963 ἀναγκάζων

2029 3973 2191 4027 αὐτὸν
2247 3972 2439 4028 ἐσθίειν
2495 3971 3043 4048 σκανδαλιζόμενον;
3104 3977 3242 4032 Εἶτα
3302 3973 3492 4030 λοιπὸν
3547 3972 3684 4028 κατὰ

2029 4058 2329 4136 ἀπόφανσιν
2357 4059 2526 4136 λέγει,
2561 4062 2645 4115 ὅτι
2685 4065 2788 4116 πᾶν
2843 4063 2871 4116 ὃ
2905 4063 2964 4116 ἂν
3025 4081 3107 4124 τις
3165 4064 3294 4133 ποιῇ
3345 4059 3444 4114 οὐκ
3500 4058 3559 4114 ἐκ
3589 4059 3684 4113 πί-

2037 4167 2224 4216 στεως,
2259 4151 2576 4222 ἁμαρτάνει.

2102 4436 2190 4506 Τῷ
2247 4429 2302 4490 δὲ
2361 4433 2636 4509 δυναμὲνῳ
2693 4436 2834 4511 ὑμᾶς
2895 4437 3138 4515 στηρίξαι
3199 4436 3338 4493 κατά
3392 4436 3455 4492 τὸ
3515 4435 3691 4513 Εὐαγ-

2028 4521 2212 4600 γὲλιόν
2276 4545 2415 4598 μου,
2462 4527 2550 4579 καὶ
2601 4525 2666 4580 τὸ
2723 4527 2982 4602 κήρυγμα
3036 4529 3220 4596 Ἰησοῦ
3277 4527 3514 4600 Χριστοῦ
3558 4524 3695 4579 κατὰ

2033 4611 2378 4688 ἀποκάλυψιν
2470 4614 2771 4690 μυστηρίου
2807 4660 2820 4684 ,
2899 4616 3126 4690 χρόνοις
3219 4614 3467 4676 αἰωνίοις
3551 4633 3697 4669 σεσι-

2032 4704 2305 4776 γημένου,
2362 4704 2759 4781 φανερωθέντος
2842 4701 2897 4758 δὲ
2971 4709 3076 4758 νῦν·
3167 4701 3257 4758 διά
3339 4725 3396 4758 τε
3468 4707 3690 4780 Γραφῶν

2031 4797 2412 4872 προνρητικῶν,
2467 4795 2584 4846 κατ’
2646 4791 2911 4870 ἐπιταγὴν
2967 4799 3063 4848 τοῦ
3122 4793 3343 4848 αἰωνίου
3403 4797 3558 4861 Θεοῦ,
3616 4793 3693 4854 εἰς

2036 4882 2281 4951 ὑπακοήν
2334 4883 2593 4949 πίστεως,
2655 4882 2731 4943 είς
2782 4883 2958 4936 πάντα
3032 4882 3098 4937 τά
3183 4878 3305 4952 ἔθνη
3363 4883 3687 4956 γνωρισθέν-

2031 4989 2124 5034 τος
2159 5014 2172 5039 ,
2237 4970 2390 5042 μόνῳ
2445 4974 2596 5050 σοφῷ
2677 4975 2794 5043 Θεῷ
2855 4968 2943 5026 διὰ
3002 4973 3185 5041 Ἰησοῦ
3245 4973 3501 5044 Χριστοῦ,
3553 4971 3598 5042 ᾧ
3659 4972 3694 5039 ἡ

2035 5057 2161 5130 δόξα
2201 5058 2276 5119 είς
2305 5058 2432 5121 τοὺς
2466 5059 2684 5122 αἰῶνας.
2717 5061 2920 5134 Ἀμήν,

2106 5149 2185 5205 Τὸ
2219 5143 2537 5224 ὑπερϐατόν.
2572 5173 2600 5200 ‹‹
2634 5153 2720 5222 Τῷ
2772 5147 2827 5204 δὲ
2891 5147 3169 5223 δυναμὲνῳ
3231 5151 3372 5223 ὑμᾶς
3429 5149 3698 5224 στηρίξαι,

2038 5236 2164 5308 δόξα
2196 5236 2270 5298 είς
2303 5236 2428 5293 τοὺς
2461 5238 2680 5298 αἰῶνας.
2715 5240 2918 5312 Ἀμήν.
2953 5263 2979 5288 ι)
3003 5273 3070 5280 -
3105 5265 3131 5290 (ι
3163 5241 3329 5312 Ὑμᾶς
3365 5240 3633 5312 στηρίξαι.
3669 5264 3697 5291 ››

2037 5325 2245 5382 Λοιπὸν
2295 5325 2584 5401 ὲπεῦχεται
2634 5331 2750 5388 τοῖς
2809 5326 3100 5383 ἂσθενέσιν.
3163 5326 3350 5402 Εὗχῆς
3405 5325 3506 5401 δὰρ
3539 5327 3697 5403 εἶχον

2035 5417 2229 5490 χρείαν
2263 5415 2500 5488 μᾶλλον,
2527 5414 2562 5484 ἢ
2598 5410 2941 5489 συμϐουλῆς.
2975 5414 3162 5474 Εἰπὼν
3195 5414 3253 5472 δὲ
3304 5440 3331 5465 u
3367 5415 3637 5491 στηρίξαι,
3675 5441 3702 5469 »

2039 5502 2208 5576 δηλοῖ
2248 5503 2330 5558 ὅτι
2393 5501 2735 5562 σαλεύονται.
2790 5506 2926 5562 Εἶτα
2979 5503 3168 5582 ἐπάγει
3196 5506 3287 5560 καί
3345 5505 3436 5560 τὸν
3493 5505 3700 5581 τρόπον

2038 5599 2138 5649 τοῦ
2169 5598 2503 5668 στηριγμοῦ.
2539 5618 2565 5644 ‹‹
2623 5594 2767 5648 Κατὰ
2820 5595 2882 5648 τὸ
2942 5593 3283 5669 Εὖαγγέλιον
3343 5614 3469 5666 μου.
3508 5619 3536 5646 ››
3593 5599 3711 5653 Ἰνα

2044 5682 2222 5746 οὕτως
2258 5689 2412 5752 ζιυσι,
2445 5683 2600 5760 φησὶ,
2635 5683 2709 5744 ὡς
2764 5683 2827 5738 τὸ
2886 5681 3225 5759 Εὐαγγὲλιον
3268 5680 3598 5760 διαγορεύει.
3637 5715 3710 5729 --

2043 5773 2142 5830 Καὶ
2176 5770 2385 5835 ἄλλως.
2412 5776 2427 5845 [
2457 5773 2779 5844 ΟΙΚΟΥΜ.]
2812 5773 2960 5829 Μετὰ
3013 5775 3112 5842 τήν
3168 5772 3488 5848 παραίνεσιν
3521 5771 3713 5828 εἶ’ωθεν
