4122 6364
388 415 517 478 605

1484 416 1894 480 COMMENT.
1944 418 2022 480 IN
2070 414 2324 479 EPIST.
2370 417 2474 479 AD
2519 418 2703 480 ROM.

3711 414 3831 476 606

390 548 671 627 εὔχεσθαι,
721 551 750 605 8
802 550 894 606 καὶ
953 550 1180 614 ἐνταῦθα
1233 555 1404 620 ποιεῖ,
1464 551 1597 626 ὁπὶρ
1626 555 1736 608 τῶν
1769 549 2049 607 ἀτελεστι-

2176 567 2316 607 nem
2347 565 2585 624 semper
2612 552 2840 625 precari
2876 551 3048 620 solet,
3105 551 3266 622 quod
3323 551 3504 606 etiam
3559 551 3620 605 id
3665 542 3830 607 facit’

398 662 510 718 ρων
545 641 875 717 εὐχόμενος,
928 639 1022 696 καὶ
1078 640 1141 695 οὐ
1197 639 1361 713 μόνον
1407 639 1562 716 λόγῳ
1594 638 1893 709 παιδεύων,
1925 640 2069 697 ἀλλὰ

396 732 489 786 καὶ
522 733 624 801 τήν
656 730 803 806 παρά
861 735 998 786 Θεοῦ
1056 730 1378 806 συμμαχίαν
1439 729 1687 806 εἰσάγων.
1721 731 1783 788 Ἡ
1835 727 1892 786 δὲ
1934 730 2067 786 ἀκο-

399 818 597 876 λουθία
626 827 726 889 τῆς
757 817 1055 889 συντάξεως
1084 817 1294 874 τοιάδεί
1332 844 1360 871 ‹‹
1517 817 1574 874 δὲ
1616 817 1892 893 δυναμένῳ
1926 821 2066 892 ὑμᾶς

399 908 652 985 στηρίξαι
684 905 776 963 διὰ
806 909 991 978 Ἰησοῦ
1019 909 1278 981 Χριστοῦ,
1327 910 1363 978 ἡ
1417 906 1546 980 δόξα
1576 907 1654 971 εἷς
1682 907 1811 970 τοὺς
1841 908 2064 980 αἰῶνας,

395 1001 606 1070 Ἀμην,
640 1021 668 1050 ιι
697 998 777 1054 Τὸ
806 997 932 1073 γὰρ,
967 997 1035 1069 ᾧ,
1069 995 1285 1072 ἄρθρον,
1344 995 1405 1052 ἐκ
1458 1001 1718 1072 περισσοῦ
1747 1003 1940 1065 κεῖται,
1977 995 2065 1053 διὰ

393 1087 462 1141 τὸ
493 1083 702 1150 δεῖσθαι
733 1085 825 1141 τὸν
887 1084 1052 1161 λόγον
1116 1084 1534 1159 ἐπαναλήψεως,
1567 1083 1943 1160 παραληφθὲν.
1973 1090 2061 1158 Τῷ

393 1172 680 1248 δυναμένῳ
715 1175 856 1248 ὑμᾶς
889 1173 1016 1236 τοὺς
1071 1173 1308 1245 ἀτελεῖς,
1336 1176 1465 1237 τοὺς
1498 1173 1896 1248 σαλευομένους
1929 1196 2062 1246 στη-

395 1264 564 1339 ρίξαι.
599 1268 760 1333 Πῶςς
796 1289 815 1312 ι
855 1263 1002 1320 Κατά
1024 1263 1110 1328 τὸ,
1138 1262 1485 1340 Εὐαγγέλιόν
1522 1283 1665 1336 μους
1702 1288 1729 1316 ››
1759 1263 2058 1325 τουτέστιν.

393 1355 510 1410 Ἵνα
539 1351 809 1428 κατίχητε
837 1353 867 1408 ἃ
899 1349 1159 1408 διδάσκω.
1193 1354 1273 1409 Τὸ
1322 1351 1400 1421 δὲ,
1435 1378 1462 1405 ‹‹
1497 1353 1834 1429 Εὐαγγὲλιὸν
1868 1375 1994 1426 μου,
2030 1379 2058 1406 ››

387 1442 508 1512 καὶ,
534 1463 562 1494 ιι
585 1445 683 1496 τοῦ
713 1442 950 1516 Χριστοῦ
977 1443 1040 1498 τὸ
1067 1444 1348 1518 κήρυγμα,
1374 1465 1402 1494 »ν
1434 1439 1651 1501 ἵνείσιν.
1678 1443 1797 1517 Οὐχ
1817 1444 2060 1517 ἡμίτερα

393 1530 502 1607 γὰρ
541 1531 610 1587 τά
639 1527 911 1606 δόγματα,
945 1528 1072 1586 ἀλλ’
1123 1531 1329 1587 ἐκείνου
1361 1532 1412 1586 οἱ
1452 1532 1638 1604 νόμοι.
1673 1556 1703 1584 ‹‹
1738 1531 1888 1588 Κατά
1919 1531 2058 1588 ἀπο-

391 1618 632 1693 κάλυψιν
696 1619 1007 1694 μυστηρίου
1064 1644 1092 1674 ››
1153 1619 1427 1694 Μεγίστης
1479 1627 1650 1692 τιμῆς
1711 1621 2057 1693 σημεῖον,τὸ

397 1708 718 1783 μυστηρίων
777 1711 926 1782 ἡμᾶς
1014 1709 1260 1783 γενέσθαι
1343 1709 1665 1778 κοινωνοὺς,
1733 1709 2058 1786 πράγματος

391 1799 570 1856 πάλαι
606 1800 700 1871 μὶν
731 1797 1178 1874 προωρισμίνου,
1207 1799 1465 1876 φανέντος
1501 1796 1557 1856 6‘s
1583 1804 1675 1855 νῦν
1707 1799 1796 1856 διὰ
1826 1802 2054 1875 Ιιραφῶν

396 1892 780 1967 προφητικῶν.

466 1979 630 2032 ’Ὥστε
687 1977 738 2032 τί
794 1970 941 2055 φοϐῇ
1002 1975 1064 2032 σὺ
1119 1977 1146 2032 6
1210 1977 1459 2047 ἀσθενὴς,
1522 1978 1600 2051 μή
1657 1976 1902 2052 ἀποστῇς
1960 1982 2058 2034 τοῦ

391 2065 591 2138 νόμου,
625 2064 818 2129 ἆσθίων
849 2064 918 2122 τά
966 2065 1198 2144 χοίρια;
1233 2062 1374 2122 Ἰδοὺ
1423 2067 1528 2143 γὰρ
1573 2069 1628 2124 αἱ
1660 2067 1866 2144 Γραιφαῖ
1895 2073 2061 2124 πᾶσαι

388 2159 558 2212 τοῦτο
601 2155 664 2210 16
716 2157 1016 2228 μυστήριον
1049 2153 1404 2231 κηρύττουσι,
1461 2155 1524 2211 τὸ
1575 2158 1677 2225 τὴν
1737 2154 2058 2236 ἀδιαφορίαν

391 2250 512 2300 τῶκ
545 2243 853 2322 βρωμάτων
887 2241 1122 2321 εἰσάγον.
1158 2243 1333 2303 Ἀλλὰ
1385 2246 1477 2301 καὶ
1527 2247 1642 2300 κατ’
1676 2245 1936 2320 ἐπιταγὴν
1965 2249 2062 2303 τοῦ

394 2333 622 2389 αἰωνίου
653 2337 789 2389 Θεοῦ
819 2331 986 2390 ἰστιν.
1046 2331 1284 2402 Οὐκοῦν,
1341 2331 1402 2388 οὐ
1465 2329 1546 2390 δεῖ
1605 2338 1722 2406 Θεῷ
1752 2333 2061 2390 ἀντιτάττε-

397 2433 542 2492 σθαι,
603 2421 752 2478 ἀλλά
808 2421 1078 2478 πιστεύειν
1137 2421 1227 2477 καὶ
1289 2423 1603 2480 ὑπακούειν.
1656 2425 1927 2490 ’Υπακοῆς
1956 2423 2060 2497 γὰρ

402 2515 438 2583 ἡ
499 2513 680 2574 πίστις
740 2508 934 2578 δεῖται,
998 2512 1061 2567 οὐ
1125 2510 1675 2589 φιλοπραγμοσύνης.
1737 2511 1916 2570 Ἀλλά
1971 2511 2061 2568 καὶ

407 2602 579 2658 πάντα
603 2600 670 2656 τὰ
698 2597 826 2670 ἔθνη
879 2599 1024 2656 οὕτω
1080 2601 1342 2658 πιστεύει.
1403 2607 1540 2659 Hist
1595 2603 1700 2678 γὰρ
1733 2601 2058 2679 ἐγνωρίσθη.

403 2693 528 2752 HG»;
552 2690 647 2745 οὗν
674 2689 840 2753 αὐτὸς
863 2687 943 2748 ἔτι
963 2694 1040 2762 τῷ
1061 2691 1216 2765 νόμῳ
1241 2687 1555 2762 ὃουλεύεις;
1582 2716 1609 2744 ‹‹
1637 2691 1804 2764 Μόνῳ
1831 2690 1889 2748 δὲ
1911 2698 2062 2774 σοφῷ

399 2783 539 2852 Θεῷ,
574 2803 603 2831 ιο
636 2779 772 2847 εἶπε,
822 2779 962 2853 πρὸς
992 2776 1414 2848 ἀντιδιαστολήν
1471 2778 1718 2856 ἀγγέλων
1751 2781 1842 2836 καὶ
1873 2783 2060 2855 ἡμῶν,

397 2868 432 2940 ἤ
462 2874 574 2925 τῶν
636 2865 1006 2943 ψευδωνύμων
1041 2874 1200 2938 θεῶν,
1261 2869 1322 2924 οὐ
1380 2873 1476 2925 τοῦ
1536 2871 1664 2926 ι’ἱοῦ
1695 2870 1730 2940 ἢ
1759 2871 1858 2928 106
1893 2875 2058 2928 Πνεύ-

400 2979 591 3033 ματος.
623 2958 874 3036 Ἀπαγεί
936 2958 998 3016 Ὁ
1054 2959 1180 3020 Υἱὸς
1222 2959 1325 3034 γάρ
1371 2957 1514 3014 ἔστιν
1563 2962 1599 3030 ὴ
1631 2960 1791 3038 σοφία
1819 2965 1917 3016 τοῦ
1949 2967 2061 3020 Πασ-

395 3049 547 3124 τρός.
583 3047 752 3120 Δίδτῷ
791 3047 882 3102 οὗν
943 3049 979 3117 ἡ
1040 3045 1169 3117 δόξα
1218 3052 1298 3120 τῷ
1355 3047 1721 3126 φανερώσαντι
1751 3051 1813 3105 τὸ
1848 3053 2057 3124 μυστή-

396 3159 536 3214 ριον,
571 3136 634 3192 ού
690 3140 772 3210 τῷ
826 3136 982 3209 νόμῳ
1041 3137 1086 3210 ᾧ
1143 3133 1524 3212 προσεδρεύεις
1571 3135 1650 3194 ἔτι
1695 3138 1780 3208 σὺ,
1813 3160 2060 3214 παρατηο

393 3227 668 3302 ρούμινος
699 3227 766 3281 τὰ
802 3226 1087 3302 βρώματα.
1121 3227 1198 3283 Τὸ
1233 3223 1309 3297 δὲ,
1343 3251 1372 3280 ι(
1410 3227 1508 3283 Διά
1540 3229 1721 3298 Ἰησοῦ
1750 3233 2051 3304 Χριστοῦ,››

394 3316 608 3376 δύναται
674 3316 792 3390 μὶν,
868 3315 943 3378 ὡς
1032 3316 1286 3392 ἀνωτέρω
1369 3315 1605 3390 εἷ’ρηται,
1692 3323 2053 3394 συνταχθῆναι

394 3412 494 3480 τῷ,
525 3430 555 3462 ιι
589 3401 887 3480 Δυναμένῳ
920 3405 1057 3478 ὑμᾶς
1104 3407 1352 3481 στηρίξαι
1400 3403 1490 3463 διὰ
1519 3409 1701 3478 Ἰησοῦ
1732 3415 2001 3484 Χριστοῦ.
2036 3433 2056 3462 ι

397 3497 563 3560 Δύτὸς
606 3496 710 3571 γὰρ
766 3492 1028 3568 ἰγνώρισε
1086 3494 1150 3552 τὸ
1214 3497 1518 3570 μυστήριον
1577 3502 1694 3560 τοῖς
1751 3495 1972 3570 ἔθνεσιν,
2034 3500 2063 3553 ὁ

400 3606 523 3647 τους
561 3584 806 3657 μαθητὰς
871 3581 1200 3648 ἀποστείλας
1261 3583 1337 3646 εἷς
1398 3585 1462 3642 τὸ
1521 3591 1856 3658 μαθητεῦσαι
1890 3589 2065 3644 πάντα

419 3671 485 3725 τὸ.
533 3669 672 3742 ἰθνη.
730 3673 808 3727 Τὸ
870 3669 948 3743 δὲ,
1007 3673 1075 3744 ᾦ,
1135 3674 1414 3747 περισσόν,
1469 3698 1497 3726 ‹‹
1541 3674 1638 3730 Καὶ
1695 3674 1757 3731 τὰ
1807 3678 2066 3753 κήρυγμα

427 3758 600 3829 Ἰησοῦ
625 3762 874 3836 Χριστοῦ.
909 3784 936 3814 »
1002 3795 1069 3804 -—
1129 3764 1335 3836 [@1211]
1391 3762 1450 3818 Τί
1482 3759 1539 3818 δέ
1570 3762 1681 3819 ἐστι
1711 3766 1774 3821 τὸ
1803 3768 2065 3842 κηρυγμα

426 3849 517 3902 τοῦ
550 3849 744 3920 Ἰησοῦς
811 3873 834 3902 ι
872 3851 982 3905 Ἵνα
1037 3851 1348 3926 γινώσκωσί
1408 3871 1484 3920 σε,
1544 3852 1702 3930 φησὶ,
1751 3853 1840 3910 καὶ
1872 3853 1929 3910 ὅν
1958 3855 2066 3910 ἀπ-

415 3933 648 3998 έστειλας
689 3939 922 4010 Ἰησοῦν.
958 3961 985 3988 ιι
1014 3969 1083 3980 -·
1116 3963 1143 3990 ‹‹
1174 3939 1236 3996 Ὀ
1290 3939 1550 4012 ἑωρακὼς
1583 3939 1704 4012 ἐμὲ,
1736 3940 1944 4016 ἑώρακε
1971 3944 2062 3999 τὸν

414 4025 619 4100 Πατέρα
674 4050 702 4078 ››
730 4058 798 4068 -
829 4051 857 4079 ‹‹
894 4025 1038 4104 Ἐγὼ
1070 4027 1158 4082 καὶ
1201 4027 1228 4080 ὁ
1280 4029 1466 4102 Ηατήρ
1497 4025 1552 4081 ἓν
1580 4027 1761 4102 ἐσμεν.
1797 4055 1825 4082 ››
1860 4030 1956 4086 Καὶ
1991 4031 2067 4094 ὠς

408 4114 436 4168 6
494 4117 693 4190 llitpoc
753 4115 939 4194 φησὶν,
999 4114 1082 4170 ὃτι
1142 4113 1300 4178 αὐτός
1352 4114 1500 4176 ἐστιν
1535 4117 1562 4172 6
1597 4118 1718 4181 Υἱὸς
1775 4123 1873 4175 τοῦ
1931 4121 2066 4178 Θεοῦ

408 4205 504 4256 τοῦ
557 4207 778 4274 ζῶντος.
842 4203 946 4260 Καὶ
1001 4205 1085 4261 δτι
1139 4204 1238 4272 τήν
1286 4204 1461 4280 κρίσιν
1510 4209 1682 4261 πᾶσαν
1713 4207 1741 4262 6
1771 4209 1894 4273 Υἱὸς
1924 4204 2066 4289 ἔχει.

409 4292 534 4362 Καὶ,
570 4317 596 4344 ‹‹
631 4291 987 4368 Πορευθέντες
1053 4291 1425 4367 μαθητεύσατε
1481 4297 1657 4350 πάντα
1685 4297 1752 4352 τὰ
1781 4292 1931 4369 ἔθνη,
1967 4300 2070 4373 βα-

408 4384 689 4454 πτίζοντες
720 4383 916 4446 αὐτοὺς
974 4385 1050 4449 εἰς
1102 4386 1164 4438 τὸ
1221 4380 1399 4457 ὄνομα
1452 4390 1550 4441 τοῦ
1593 4388 1821 4461 Πατρὸς,
1852 4389 1942 4445 καὶ
1973 4392 2070 4445 τοῦ

409 4473 558 4542 ΥῙοῦ,
614 4472 704 4529 καὶ
762 4477 860 4528 τοῦ
921 4474 1080 4550 ἁγίου
1141 4472 1481 4546 Ηνεύματος,
1520 4498 1540 4526 ι
1604 4473 1694 4531 καὶ
1750 4477 1818 4531 τά
1874 4477 2068 4550 ὃμοια.

408 4585 439 4615 ιι
473 4563 571 4618 Καὶ
623 4562 686 4618 τὸ
743 4563 1001 4636 κήρυγμα
1056 4563 1239 4634 ἰησοῦ
1300 4565 1560 4638 Χριστοῦ.
1599 4563 1760 4627 »Τίς
1821 4563 1878 4621 δὲ
1930 4565 2070 4622 ἐστιν

407 4651 568 4713 οὗτος
597 4652 626 4706 6
657 4652 868 4722 Ἰησοῦς
900 4651 1133 4726 Χριστός
1169 4672 1186 4723 ;
1215 4652 1276 4710 Ὀ
1305 4650 1354 4722 ἐξ
1414 4652 1596 4728 ἀρχῆς
1649 4654 1742 4729 μὶν
1797 4655 1965 4712 συνὼν
1990 4661 2068 4730 τῷ

413 4739 604 4815 Πατρέ,
635 4740 964 4819 φανερωθεὶς
996 4739 1099 4815 [δὲ]
1139 4744 1250 4798 νῦν.
1313 4743 1435 4802 Πῶς
1468 4738 1526 4798 δὲ
1554 4743 1921 4822 φανερωθεὶς;
1955 4748 2066 4805 Τοῦ

413 4828 741 4904 μυστηρίου,
773 4830 958 4910 φησὶν,
1008 4827 1508 4907 ἀποκαλυφθὲντος.
1568 4835 1658 4890 Ἐν
1714 4833 1938 4909 χρόνοις
1964 4835 2066 4910 γὰρ

406 4916 654 4980 αἱιυνίοις
683 4922 845 4974 τοῦτο
876 4919 1238 4994 σεσιγημένου
1298 4921 1538 4994 ὑπῆρχε,
1605 4921 1754 4997 μόνῳ
1783 4928 1863 4996 τῷ
1897 4924 2066 5000 Πατρὶ

403 5006 495 5062 καὶ
522 5011 602 5081 τῷ
631 5008 742 5079 Υἱῷ
779 5008 868 5062 καὶ
925 5011 1004 5080 τῷ
1056 5009 1333 5081 Πνεύματι
1389 5009 1810 5087 γινωσκόμενυνο
1866 5017 1957 5068 νῦν
1989 5011 2066 5084 δὲ,

403 5099 501 5151 τοῦ
535 5095 843 5170 μυστηρίου
901 5090 1409 5175 ἀποκαλυφθέντος,
1471 5097 1548 5160 εἷς
1607 5099 1780 5154 πάντα
1831 5101 1898 5156 τὰ
1941 5097 2065 5174 ἔθνη

406 5181 722 5259 ἐφανερώθη
777 5184 804 5239 6
836 5186 1101 5259 Χριστὸς,
1159 5186 1285 5247 Υἱὸς
1341 5182 1415 5240 ὥν
1448 5189 1544 5242 τοῦ
1599 5191 1734 5244 Θεοῦ
1788 5188 1878 5246 καὶ
1937 5192 2066 5247 Θεὸς

416 5273 734 5346 ὁμοούσιος.
787 5271 964 5333 ’Λλλά
1021 5278 1138 5336 πῶς
1193 5273 1546 5354 ἐιρανιρώθη;
1589 5277 1686 5334 Διά
1712 5283 1821 5336 τῶν
1851 5300 2068 5358 προφη.

415 5366 546 5428 τῶν,
606 5359 695 5416 διὰ
753 5367 860 5418 τῶν
921 5367 1147 5436 Γραφῶν
1207 5363 1410 5425 αὐτῶν.
1444 5365 1542 5420 Καὶ
1571 5364 1734 5430 πόθεν
1763 5368 1914 5425 οὗτοι
1947 5368 2070 5427 ἐλά-

410 5449 583 5520 λησαν
641 5450 734 5506 καὶ
793 5445 1067 5527 ἔγραψαν;
1126 5455 1545 5517 Ἐπιτάττοντος
1597 5453 1688 5514 καὶ
1741 5454 2067 5530 ἐμπνέοντος

408 5538 597 5604 αὐτοῖς
628 5545 728 5597 τοῦ
785 5543 1057 5618 παναγίου
1121 5541 1460 5616 ῙΙνεύματος·
1519 5548 1684 5603 τοῦτο
1715 5545 1818 5624 γὰρ
1849 5545 2070 5604 αἰώνιον

479 5668 522 5703 ⁵⁷
549 5667 719 5723 Joan.
755 5683 892 5737 xvn,
927 5670 980 5723 3.

408 5771 606 5826 uvm,
643 5759 732 5824 19,
764 5757 853 5812 ιο.

1103 5665 1150 5704 δ’
1180 5670 1344 5725 Joan.
1378 5683 1487 5736 xiv,
1521 5673 1574 5725 9.

1706 5670 1757 5708 5°
1787 5673 1953 5729 Joan.
1986 5689 2046 5741 κ,
2079 5676 2168 5731 30.

2180 656 2356 697 orans
2388 659 2494 712 pro
2525 641 3101 713 imperfectioribus:
3137 658 3257 697 non
3289 639 3484 696 solum
3529 640 3705 696 verbo
3736 641 3831 696 in-

2179 735 2437 796 struens,
2473 730 2576 786 sed
2606 731 2786 786 etiam
2817 730 3104 786 auxilium
3130 745 3164 785 a
3193 731 3311 785 Deo
3343 730 3620 786 atl‘erens.
3671 731 3828 787 Con-

2177 834 2402 889 sequen
2413 819 2492 876 tia
2511 825 2711 875 autem
2729 819 3348 876 coordinationistalis
3364 824 3456 874 est
3491 842 3517 868 ‹‹
3539 819 3600 874 Ei
3628 824 3829 876 autem

2176 909 2275 978 qui
2311 915 2521 980 potens
2545 914 2636 964 est
2663 925 2764 965 vos
2793 909 3149 965 conﬁrmare
3171 924 3276 978 per
3303 909 3501 964 Jesum
3530 908 3829 964 Christum

2174 995 2366 1068 gloria
2396 998 2455 1053 in
2489 1013 2726 1064 srecu,a.
2762 1002 2970 1054 Amen.
3009 1017 3036 1047 η
3064 997 3361 1052 Αινιὶοιιὶιιε
3378 1012 3513 1051 vero
3533 995 3599 1067 ᾧ,
3622 997 3683 1053 id
3714 1002 3825 1064 est,

2173 1085 2292 1153 cui,
2327 1087 2626 1158 superﬂue
2657 1088 2842 1159 ponit,
2877 1086 3008 1142 ideo
3060 1091 3423 1156 assumptus,
3473 1086 3631 1156 quod
3677 1103 3824 1157 opus

2173 1180 2331 1230 esset
2353 1176 2834 1247 repetitiones.Ei
2857 1177 2956 1247 qui
2981 1182 3192 1247 potens
3218 1180 3420 1230 estvos
3444 1175 3823 1246 imperfectos

2171 1269 2230 1319 et
2252 1264 2597 1322 vacillantes
2619 1265 2990 1322 confirmare.
3020 1264 3366 1331 Quomodo?
3389 1265 3611 1320 «Juxta
3636 1264 3827 1319 Evan-

2169 1353 2388 1426 gelium
2405 1356 2785 1411 meum.»Hoc
2799 1355 3085 1420 est,uthis
3099 1371 3232 1425 qua)
3247 1353 3429 1409 doceo
3444 1353 3823 1409 adhwreatis.

2167 1441 2372 1495 Porro.
2409 1462 2433 1493 ιι
2471 1443 2661 1497 Meum
2692 1442 3092 1515 Evangelium,
3127 1464 3154 1492 .›
3187 1451 3264 1506 et,
3306 1466 3325 1490 ι
3363 1441 3578 1496 Christi
3607 1440 3831 1513 prandi-

2167 1528 2342 1594 catio,
2371 1548 2398 1576 »
2426 1547 2612 1586 unum
2631 1538 2790 1586 sunt.
2814 1533 2939 1587 Non
2963 1531 3126 1586 enim
3148 1535 3352 1586 nostra
3370 1536 3508 1585 sunt
3527 1529 3826 1601 dogmata,

2170 1619 2275 1674 sed
2309 1619 2495 1690 ipsius
2525 1619 2707 1692 leges.
2770 1643 2798 1671 «
2831 1619 3171 1677 Secundum
3228 1619 3654 1674 revelationem
3705 1634 3831 1689 my-

2169 1707 2354 1762 sterii.
2383 1729 2410 1756 ››
2438 1708 2626 1779 Magni
2650 1709 2888 1780 signum
2921 1707 3165 1763 honoris
3197 1707 3356 1778 quod
3390 1707 3660 1778 mysterii
3695 1707 3795 1762 siti

2166 1792 2307 1849 facti
2331 1795 2683 1866 participes:
2711 1797 2794 1850 rei
2813 1796 2957 1853 olim
2984 1796 3226 1868 quidem
3244 1796 3827 1868 praedetinitsemunc

2097 1925 2143 1991 Β
2172 1899 2309 1938 vero
2341 1900 2448 1956 per
2477 1884 2810 1956 Scripturas
2841 1886 3223 1958 propheticas
3249 1885 3612 1957 apparentis.

2246 1973 2400 2028 893
2433 1973 2583 2040 Quid
2614 1975 2812 2046 itaque
2847 1975 3022 2032 times
3045 1981 3129 2043 tu,
3157 1974 3496 2043 imbecillis,
3547 1990 3643 2044 ne,
3703 1990 3837 2047 por-
3913 1989 3916 1992 ’

2166 2061 2332 2118 cinas
2363 2079 2574 2119 carnes
2605 2062 2809 2132 edens,
2843 2081 2878 2120 θ.
2909 2063 3036 2138 lege
3086 2062 3358 2119 discedas
3387 2063 3416 2120 ‘I
3472 2061 3616 2119 Ecce
3667 2063 3832 2120 enim

2167 2150 2484 2224 Scripturas
2516 2167 2726 2208 omnes
2755 2153 3086 2226 praedicant
3133 2153 3246 2208 hoc
3288 2153 3640 2224 mysterium
3673 2153 3832 2224 quod

2169 2241 2438 2300 ciborum
2462 2242 2928 2300 indiderentiam
2950 2243 3201 2313 inducit,
3226 2249 3285 2298 et
3315 2241 3644 2299 secundum
3677 2261 3833 2316 prae-

2169 2335 2409 2402 ceptum
2440 2332 2648 2388 mterni
2674 2332 2796 2386 Dei.
2823 2333 2950 2388 Non
2973 2349 3110 2406 ergo
3142 2331 3262 2389 Deo
3285 2348 3616 2405 repugnare
3649 2349 3829 2405 opor-

2169 2425 2272 2487 tet,
2309 2420 2414 2475 sed
2446 2419 2689 2476 credere
2723 2436 2790 2476 ac
2822 2420 3099 2478 obedire:
3135 2438 3274 2478 nam
3308 2420 3458 2477 fides
3475 2437 3598 2476 non
3630 2421 3829 2476 curio-

2173 2509 2371 2578 sitate,
2401 2508 2506 2565 sed
2537 2508 2878 2566 obedientia
2910 2510 3154 2584 indiget.
3191 2511 3343 2577 Quin
3377 2516 3434 2566 et
3461 2516 3669 2583 gentes
3705 2526 3836 2566 om-

2175 2615 2283 2654 nes
2305 2599 2387 2654 ita
2407 2597 2687 2656 credunt:
2712 2598 2993 2656 omnibus
3014 2600 3174 2656 enim
3201 2599 3464 2655 innotuit
3488 2616 3501 2653 :
3533 2599 3830 2670 quomodo

2169 2703 2305 2759 ergo
2320 2691 2384 2744 tu
2399 2687 2523 2760 ipse
2540 2687 2735 2744 adhuc
2754 2687 2867 2762 legi
2896 2688 3119 2744 servis?
3140 2691 3342 2758 Porro,
3367 2713 3394 2739 ιι
3420 2688 3540 2744 Soli
3575 2688 3829 2760 sapienti

2167 2777 2308 2845 Deo,
2346 2799 2366 2826 ι
2394 2776 2562 2844 dixit,
2597 2775 2672 2832 ad
2692 2776 3140 2834 distinctionem
3161 2777 3511 2851 angelorum
3537 2782 3596 2832 et
3615 2778 3825 2844 nostri,

2165 2871 2269 2922 aut
2297 2865 2447 2921 falso
2479 2865 2926 2922 nominatorum
2957 2867 3228 2936 deorum,
3261 2883 3383 2923 non
3413 2866 3545 2922 Filii
3567 2871 3670 2921 aut
3700 2864 3824 2938 Spi-

2165 2957 2316 3012 ritus
2347 2957 2558 3013 sancti.
2578 2957 2748 3013 Absit
2770 2955 2784 3012 Ι
2813 2959 2956 3013 Nam
2979 2957 3161 3014 Filius
3180 2958 3476 3030 sapientia
3496 2957 3686 3012 Patris
3709 2963 3818 3016 est.

2163 3046 2282 3118 Ipsi
2315 3062 2452 3119 ergo
2483 3046 2672 3118 gloria
2702 3047 2803 3119 qui
2836 3047 3186 3118 mysterium
3241 3047 3665 3114 manifestavit,
3699 3064 3819 3102 non

2165 3137 2277 3210 legi
2309 3137 2403 3194 cui
2436 3137 2629 3194 adhuc
2660 3135 2950 3207 adhmres,
2985 3139 3148 3195 cibos
3172 3139 3512 3196 observans.
3539 3140 3705 3204 Quod
3725 3156 3824 3195 au-

2167 3235 2286 3285 tem
2321 3229 2522 3286 addit:
2554 3257 2579 3283 οι
2611 3231 2723 3285 Per
2746 3230 2948 3286 Jesum
2978 3230 3279 3288 Christum
3315 3253 3365 3298 »,
3397 3238 3612 3304 potest,
3663 3231 3826 3287 velut

2171 3323 2346 3374 antea
2375 3318 2600 3375 dictum
2633 3324 2742 3390 est,
2775 3320 3056 3394 conjungi
3114 3322 3495 3393 prazcedenti.
3548 3345 3576 3374 α
3607 3323 3671 3378 Ei
3721 3322 3823 3394 qui

2168 3414 2382 3478 potens
2413 3413 2506 3465 est
2533 3425 2636 3464 vos
2668 3410 3024 3467 confirmare
3056 3427 3163 3483 per
3190 3413 3389 3468 Jesum
3439 3413 3759 3470 Christum.
3794 3435 3822 3464 ››

2169 3497 2300 3570 Ipse
2323 3498 2484 3554 enim
2517 3499 2871 3572 mysterium
2911 3500 3187 3573 gentibus
3247 3503 3668 3569 manifestavit,
3722 3503 3822 3575 qui

2171 3586 2497 3660 discipulos
2527 3588 2726 3644 emisit
2757 3588 2832 3644 ad
2862 3590 3198 3648 docendum
3229 3608 3438 3648 omnes
3468 3595 3826 3666 gentes.'Ar-

2172 3675 2388 3732 ticulus
2421 3693 2556 3733 vero
2587 3677 2654 3747 ᾧ,
2681 3677 2741 3732 id
2771 3683 2880 3747 est,
2937 3701 2960 3724 «
2995 3680 3111 3746 cui,
3147 3700 3169 3726 ω
3203 3683 3542 3754 superfluus
3588 3687 3696 3740 est.
3756 3714 3827 3723 —

2171 3786 2198 3814 ιι
2236 3765 2306 3818 Et
2337 3765 2622 3837 κήρυγμα,
2652 3766 2712 3820 id
2743 3771 2835 3821 est
2862 3769 3227 3838 prmconium
3296 3787 3402 3827 seu
3450 3771 3825 3842 praedicatio-

2174 3867 2336 3918 nem,
2363 3854 2500 3908 Jesu
2530 3854 2768 3910 Christi.
2803 3879 2826 3908 ι
2864 3857 3014 3922 Quid
3069 3863 3159 3914 est
3205 3864 3403 3915 autem
3462 3860 3826 3930 praeconium

2171 3943 2311 3999 Jesn
2345 3942 2373 3997 *Γ
2409 3963 2430 3994 ι
2468 3944 2542 3998 Ut
2569 3951 2945 4016 cognoscant,
2979 3947 3196 4018 inquit,
3228 3952 3283 4004 te
3315 3954 3374 4004 et
3402 3966 3579 4020 quem
3610 3950 3826 4005 misisti

2173 4032 2372 4088 Jesum
2405 4032 2706 4089 Christum
2730 4032 2799 4100 ⁵⁷,
2828 4057 2856 4084 »
2893 4066 2957 4076 —
2984 4058 3010 4086 ‹‹
3046 4037 3154 4102 Qui
3178 4037 3460 4104 viditme,
3492 4037 3638 4092 vidit
3659 4039 3831 4094 etPa-

2173 4126 2328 4176 trem
2364 4118 2431 4178 ⁸⁸.
2463 4142 2492 4173 ››
2525 4151 2594 4163 -—
2643 4144 2672 4173 ιι
2705 4124 2821 4196 Ego
2877 4129 2934 4180 et
2989 4126 3163 4180 Pater
3218 4143 3405 4182 unum
3464 4143 3670 4183 sumus
3700 4127 3763 4181 ³⁸.
3799 4151 3822 4180 ι

2174 4212 2244 4266 Et
2270 4211 2425 4267 sicut
2452 4211 2536 4266 ait
2565 4213 2796 4280 Petrus,
2846 4215 3004 4285 quod
3058 4215 3185 4287 ipse
3226 4217 3304 4272 sit
3348 4217 3530 4272 Filius
3577 4217 3679 4273 ille
3728 4217 3831 4273 Dei

2175 4301 2424 4356 viventis
2445 4299 2512 4354 ³ο.
2535 4303 2606 4357 Ει
2625 4302 3091 4374 quodjudicium
3115 4321 3289 4361 omne
3308 4306 3490 4363 Filius
3518 4305 3735 4362 habeat
3760 4303 3830 4363 σί.

2177 4392 2300 4458 Et,«
2322 4390 2545 4446 Euntes
2566 4390 2772 4448 docete
2786 4408 2996 4450 omnes
3011 4399 3237 4466 gentes,
3253 4394 3618 4467 baptizantes
3639 4412 3740 4452 eos
3770 4395 3832 4452 in

2177 4479 2422 4535 nomine
2447 4479 2662 4546 Patris,
2691 4485 2750 4536 et
2767 4481 2921 4551 Filii,
2945 4488 3002 4536 et
3033 4482 3284 4554 Spiritus
3317 4485 3505 4540 sancti
3528 4483 3594 4553 δ’,
3626 4506 3653 4535 ››
3687 4491 3738 4539 et
3765 4487 3834 4541 si-

2178 4570 2358 4626 milia.
2389 4592 2416 4622 ι(
2440 4571 2510 4626 Ει
2525 4571 3011 4642 praedicationem
3031 4576 3170 4630 Jesu
3187 4575 3460 4632 Christi.»
3476 4578 3617 4642 Quis
3631 4581 3830 4633 autem

2181 4665 2272 4714 est
2295 4659 2391 4714 hic
2411 4660 2580 4715 Jesus
2606 4661 2871 4716 Christus
2889 4663 2916 4718 ‘2
2938 4664 2994 4718 Is
3015 4664 3116 4734 qui
3139 4663 3214 4720 ab
3236 4664 3408 4720 initio
3430 4671 3558 4721 erat
3587 4664 3831 4736 quidem

2179 4764 2314 4804 cum
2348 4750 2543 4813 Patre,
2579 4766 2740 4805 nunc
2770 4757 2968 4807 autem
2999 4752 3414 4810 manifestatus
3445 4759 3550 4810 est.
3587 4755 3657 4809 Et
3712 4771 3830 4826 quo

2182 4836 2358 4892 modo
2381 4837 2797 4894 manifestatus
2819 4840 2956 4896 est?
2986 4841 3282 4912 Mysterio,
3306 4842 3792 4912 inquit,revelato
3815 4858 3828 4909 ;

2179 4941 2320 4981 nam
2350 4927 2590 4982 mternis
2627 4927 2992 5000 temporibus
3024 4929 3267 4986 tacitum
3300 4937 3463 4987 erat:
3515 4931 3626 4989 soli
3672 4933 3830 4988 Patri

2179 5021 2239 5071 et
2268 5015 2414 5072 Filio
2446 5019 2504 5071 et
2524 5016 2768 5088 Spiritui
2801 5024 3006 5075 sancto
3038 5019 3338 5091 cognitum
3372 5028 3712 5081 eratznunc
3734 5041 3834 5081 aue

2182 5111 2297 5162 tem
2330 5105 2586 5163 revelato
2618 5107 2928 5178 mysterio,
2949 5109 3009 5163 in
3031 5125 3240 5166 omnes
3267 5117 3474 5183 gentes
3495 5115 3836 5171 manifesta-

2182 5199 2275 5250 tus
2307 5201 2399 5251 est
2426 5196 2712 5265 Christus,
2744 5196 2902 5268 quod
2931 5197 3114 5255 Filius
3146 5198 3246 5256 Dei
3281 5202 3357 5256 sit
3384 5219 3452 5258 ac
3490 5204 3642 5260 Dens
3674 5204 3835 5277 ejus-

2181 5285 2318 5342 dem
2349 5285 2717 5342 substantim.
2752 5285 2866 5342 Sed
2897 5288 3195 5358 quomodo
3228 5290 3642 5350 manifestatus
3698 5301 3836 5352 est?

2182 5375 2296 5428 Per
2324 5375 2668 5447 prophetas,
2694 5392 2801 5448 per
2825 5376 3160 5449 Scripturas
3189 5378 3450 5438 illorum.
3485 5385 3556 5438 Et
3584 5385 3740 5442 unde
3772 5385 3833 5441 hi

2179 5461 2362 5520 locuti
2396 5469 2537 5520 sunt
2564 5481 2632 5520 ac
2662 5465 3068 5537 scripserunt?
3103 5467 3356 5528 Jubente
3381 5486 3450 5527 ac
3500 5472 3832 5545 inspirante

2181 5553 2561 5610 sanctissimo
2593 5552 2857 5625 Spiritu:
2891 5555 3051 5611 hunc
3083 5555 3243 5614 enim
3302 5565 3592 5616 mter-num
3643 5562 3829 5617 Deum

2301 5677 2348 5715 ⁸ο
2377 5677 2579 5735 Matth.
2613 5691 2728 5748 xvi,
2767 5682 2853 5738 16.
2993 5679 3035 5716 ⁴¹
3069 5681 3234 5736 Joan.
3269 5697 3320 5748 v,
3352 5683 3441 5738 22.
3544 5681 3594 5716 "
3622 5683 3823 5740 Matth.
