4122 6416
246 439 365 499 607

1364 440 1773 504 (ΕΟΟΜΕΝΠ
1818 436 2126 497 TRICCE
2170 438 2521 500 EPISCOPI

3540 441 3661 500 608

245 578 430 641 vocat,
466 572 577 627 hoc
605 576 713 639 est,
741 588 860 628 non
919 573 1335 645 temporalem.
1393 574 1560 641 Quod
1608 588 1743 645 ergo
1802 575 1885 625 est

2004 570 2133 624 Θεὸν
2164 567 2345 639 καλεῖ,
2373 569 2670 637 τουτέστιν,
2704 567 2964 649 ἄχρονον.
3013 571 3078 626 Τί
3133 570 3224 624 οῦν
3260 569 3324 625 τὸ
3353 564 3513 647 ἔργον
3545 575 3658 627 τῶν

244 676 392 732 opus
422 660 903 731 propheticarum
937 661 1399 733 Scripturarum,
1429 680 1576 734 quas
1606 679 1713 734 per
1762 661 1888 733 Spi-

246 749 426 804 ritum
452 748 632 804 locuti
664 748 845 805 sunt?
890 756 956 805 ut
982 751 1464 807 manifestaretur
1486 752 1754 807 Christus
1775 767 1897 806 om-

246 836 423 892 nibus
443 837 1051 909 gentibusQuomcdo
1069 839 1256 894 ?Dum
1278 840 1365 894 illi
1388 840 1698 895 obedirent
1730 840 1891 909 fidei,

243 928 400 983 894
421 944 528 999 per
549 944 652 983 eos
672 928 774 1000 qui
796 929 989 1000 ipsam
1012 929 1132 985 illis
1162 930 1668 986 annuntiaverunt
1699 947 1712 985 :
1746 949 1892 1003 quo-

244 1033 377 1071 rum
408 1016 729 1088 plurimam
759 1023 989 1089 partem
1019 1019 1184 1074 Pauli
1209 1035 1421 1075 cursus
1443 1021 1891 1089 etEvanqelium

244 1107 513 1179 perfecit.
547 1109 739 1164 Habes
769 1109 949 1182 igitur
978 1115 1037 1165 et
1072 1111 1168 1166 hic
1211 1111 1591 1184 conjunctam
1640 1112 1895 1168 Trinita-

244 1203 393 1257 tom.
418 1200 483 1253 In
503 1215 573 1254 eo
596 1199 836 1270 quidem
867 1198 1024 1270 quod
1048 1200 1299 1255 dicitur:
1335 1222 1363 1251 «
1392 1201 1654 1272 Sapienti
1685 1202 1828 1270 Deo,
1861 1223 1891 1252 ››

246 1289 481 1343 Patrem
506 1307 520 1356 ;
552 1306 661 1361 per
690 1289 838 1344 illud
868 1295 1067 1346 autem
1089 1291 1248 1362 quod
1274 1292 1356 1346 ait
1381 1308 1394 1345 :
1428 1314 1456 1342 ‹‹
1487 1293 1685 1347 Jesum
1716 1292 1891 1348 Chri-

241 1382 421 1443 stum,
459 1398 487 1425 »
516 1377 763 1448 planum
798 1383 888 1433 est
916 1379 1074 1449 quod
1106 1380 1317 1434 Filium
1344 1398 1359 1448 ;
1407 1387 1688 1436 caeterum
1722 1399 1793 1437 ex
1822 1398 1892 1438 eo

239 1465 397 1536 quod
430 1464 759 1521 secundum
794 1473 1157 1539 praeceptum
1189 1468 1396 1523 aeterni
1430 1470 1529 1524 Dei
1572 1471 1895 1542 prophetas

238 1554 322 1608 ait
350 1554 699 1610 vaticinatos
728 1555 935 1625 fuisse,
968 1557 1253 1627 Spiritum
1299 1564 1591 1614 sanctum.
1651 1561 1721 1613 Et
1764 1560 1896 1615 vide

240 1648 473 1698 acutam
507 1644 698 1699 aciem
731 1644 1010 1700 eublimis
1041 1662 1108 1701 ac
1136 1662 1271 1701 vere
1301 1647 1559 1703 caelestis
1590 1647 1895 1704 discursus

239 1732 461 1787 mentis
487 1733 676 1788 Pauli.
706 1733 1012 1804 Siquidem
1046 1735 1331 1807 quoniam
1389 1736 1721 1807 sapientem
1771 1754 1895 1793 0m-

237 1821 380 1877 nino
420 1822 703 1894 Spiritum
752 1839 903 1894 esse,
959 1823 1263 1880 nullorum
1310 1832 1473 1898 patet
1527 1826 1885 1883 calumnim:

2001 664 2359 736 προφητικῶν
2390 664 2631 738 Γραφῶν,
2692 658 2754 721 ἂς
2811 656 2901 714 διά
2955 662 3052 714 τοῦ
3100 658 3411 732 Πνεύματος
3442 658 3650 732 ἐλάλη-

2002 767 2139 817 σαν;
2176 753 2547 824 Γνωρισθῆναι
2603 750 2695 803 τὸν
2757 749 2987 824 Χριστὸν
3045 755 3205 803 πᾶσιν
3261 743 3453 813 ἔθνεσι.
3491 754 3657 819 Πῶς;

2000 836 2445 893 Ὑπακουσάντων
2502 839 2681 893 αὐτῶν
2738 841 2807 911 τῇ
2865 837 3065 903 πίστει,
3126 835 3216 893 διὰ
3273 843 3381 893 τῶν
3427 838 3659 915 εὐαγγε-

2000 923 2311 999 λισαμένων
2344 927 2540 989 αὐτοῖς
2570 928 2790 998 ταύτην.
2850 929 2942 982 Ὧν
2999 927 3061 982 τὸ
3118 933 3378 982 πλεῖστον
3428 934 3594 1003 μὲρος
3626 930 3656 984 ὁ

1997 1020 2095 1071 τοῦ
2125 1014 2345 1071 Παύλου
2379 1014 2584 1091 δρόμος
2612 1017 2703 1072 καὶ
2735 1016 2797 1071 τὸ
2830 1014 3162 1092 Εὖαγγὲλιον
3200 1016 3414 1086 ἢνυσεν.

2068 1106 2263 1181 Ἔχεις
2315 1106 2407 1161 οὗν
2466 1108 2735 1162 κάνταῦθα
2793 1109 2892 1177 την
2945 1104 3157 1181 Τριάδα
3215 1107 3650 1182 συναπτομένην.

1998 1193 2094 1248 Διὰ
2154 1195 2249 1266 μὶν
2298 1198 2415 1265 τοῦ,
2460 1220 2488 1247 ‹‹
2525 1199 2690 1268 Σοῳῶ
2742 1199 2879 1265 Θεῷ,
2916 1219 2943 1246 ››
3001 1196 3093 1249 τὸν
3156 1196 3384 1268 Πατέρω
3446 1193 3535 1251 διὰ
3594 1193 3654 1251 δὲ

1994 1285 2113 1351 τοῦ,
2147 1307 2175 1334 (ι
2210 1285 2392 1341 Ἰῑισοῦ
2422 1286 2679 1359 Χριστοῦ,
2716 1307 2742 1334 ι)
2801 1281 3063 1354 δηλονότι
3119 1285 3208 1338 τὸν
3271 1285 3414 1339 Υἱόν·
3476 1282 3562 1340 διὰ
3595 1282 3661 1341 δὲ

1996 1375 2113 1441 τοῦ,
2146 1373 2264 1427 κατ’
2294 1372 2552 1447 ἐπιταγήν
2606 1376 2705 1428 τοῦ
2764 1371 2986 1428 αῗωνίου
3020 1376 3178 1439 Θεοῦ,
3209 1374 3336 1436 τοὺς
3368 1377 3660 1452 προφήτας

1996 1466 2393 1539 προφητεῦσαι,
2421 1462 2486 1517 τὸ
2516 1457 2672 1538 ἅγιον
2708 1465 2948 1536 Πνεῦμα.
3009 1462 3115 1517 Καὶ
3172 1462 3273 1537 ὅρα
3299 1469 3402 1531 τῆς
3435 1463 3659 1538 ὑψηλῆς

1997 1550 2089 1605 καὶ
2149 1549 2222 1612 ὠς
2274 1549 2500 1621 ἀληθῶς
2558 1548 2973 1626 οὐρανοδρόμου
3032 1548 3278 1613 διανοίας
3330 1551 3553 1608 Παύλου
3592 1554 3659 1609 τὸ

2000 1639 2257 1709 ὁξυωπὲς.
2320 1641 2468 1697 Ἐπεὶ
2523 1642 2629 1716 γὰρ
2685 1639 2760 1703 ὠς
2818 1640 3015 1696 ἐπίπαν
3063 1642 3125 1696 τὸ
3179 1643 3276 1715 μὲν
3308 1642 3473 1717 σοφὸν
3510 1644 3653 1698 εἶναι

2002 1736 2242 1807 Πνεῦμα,
2276 1732 2338 1787 οὗ
2391 1730 2749 1806 προσίσταταί
2804 1752 2934 1800 τισι,
2987 1732 3049 1786 τὸ
3109 1728 3166 1787 δὲ
3224 1732 3464 1811 ἄχρονον
3494 1732 3658 1803 εἶναι,

1999 1822 2353 1899 προσίσταται
2386 1826 2506 1883 τοῖς
2537 1819 2801 1888 πολλοῖς,
2850 1816 3057 1894 ἤμειψε
3103 1826 3293 1876 ταῦτα’
3326 1821 3415 1876 καὶ
3444 1822 3507 1876 τὸ
3539 1822 3659 1895 μὶν,

234 1910 419 1968 fuisse
444 1930 580 1969 vero
602 1914 675 1969 ab
699 1919 945 1984 aaterno,
977 1915 1302 1971 multorum
1352 1917 1578 1988 patitur
1606 1917 1885 1989 objectio-

2001 1913 2031 1968 ὅ
2060 1912 2305 1987 προῦστη
2340 1908 2399 1964 ἃν
2437 1930 2601 1978 τισιν,
2654 1908 2700 1964 εί
2758 1909 2834 1982 μὴ
2898 1908 3113 1971 Παῦλος
3143 1905 3295 1977 ἐϐόα,
3325 1910 3536 1982 τίθησιν
3569 1910 3662 1966 ἰπὶ

232 2017 361 2072 nes,
386 2003 512 2059 haec
533 2004 922 2075 permutavit:
946 2009 1005 2059 et
1021 2003 1132 2059 hoc
1164 2003 1405 2074 quidem
1432 2006 1590 2076 quod
1620 2007 1882 2062 nonnul-

232 2093 323 2148 los
352 2094 608 2151 habebat
638 2094 1107 2151 contradictores
1136 2097 1252 2151 nisi
1284 2097 1507 2153 Paulus
1541 2098 1879 2167 clamasset,

230 2183 400 2252 ponit
415 2182 488 2238 de
513 2183 757 2256 Spirilu,
781 2190 1072 2239 aaternum
1094 2186 1280 2242 Deum
1304 2202 1519 2241 vocans
1545 2203 1559 2241 :
1592 2187 1743 2243 illud
1772 2205 1880 2244 au-

234 2280 356 2329 tem
395 2272 556 2343 quod
584 2273 758 2329 facile
789 2278 964 2345 captu
987 2279 1131 2343 erat,
1155 2280 1222 2329 ut
1242 2274 1475 2331 etiamsi
1506 2276 1579 2331 de
1602 2277 1730 2348 ipso
1759 2295 1882 2333 non

231 2364 606 2431 testiﬁcetur,
629 2369 828 2418 tamen
845 2361 916 2417 de
939 2363 1159 2435 Spiritu
1191 2364 1595 2436 conciperent,
1627 2366 1780 2420 nihil
1811 2383 1883 2422 ex

230 2455 345 2509 hoc
367 2453 607 2521 timens,
630 2451 886 2524 ponitde
912 2457 1098 2520 Patre,
1122 2469 1338 2509 vocans
1362 2469 1498 2509 eum
1520 2456 1877 2526 sapientem.

234 2546 433 2615 Neque
467 2541 627 2598 enlm
657 2541 970 2597 verebatur
991 2559 1065 2598 ne
1096 2543 1231 2614 quis
1261 2560 1296 2599 a
1325 2543 1652 2600 multorum
1682 2547 1881 2603 cordi-

230 2632 343 2688 bus
374 2630 636 2688 auferret
660 2631 752 2687 vel
783 2632 1140 2703 sapientiam
1173 2649 1208 2687 a
1256 2633 1498 2704 Spiritu,
1529 2634 1621 2690 vel
1653 2637 1885 2692 interni-

229 2727 413 2777 tatem
442 2737 477 2778 a
514 2723 709 2778 Patre.
740 2721 1006 2793 Idipsum
1036 2726 1235 2776 autem
1269 2727 1328 2777 et
1351 2722 1423 2778 de
1453 2723 1621 2779 Filio.
1649 2727 1793 2781 Nam
1827 2731 1885 2782 et

230 2812 391 2884 quod
421 2811 524 2879 ait,
585 2833 605 2859 ι
640 2809 1029 2882 Temporibus
1077 2811 1340 2881 aeternis,
1374 2835 1401 2860 ››
1452 2818 1528 2880 et,
1582 2836 1603 2863 ι
1640 2814 1884 2871 Manife-

231 2904 395 2968 stati,
423 2926 445 2955 ι
483 2901 876 2957 aaternitatem
907 2900 1193 2973 praedicat
1222 2901 1392 2957 Filii:
1427 2902 1487 2958 id
1536 2920 1751 2960 curans
1809 2905 1883 2962 ad

233 2993 394 3065 quod
421 2993 689 3048 futurum
707 2995 834 3046 erat
853 2997 918 3047 ut
938 2990 1211 3046 nonnulli
1236 2991 1651 3065 impingerent.
1668 2996 1882 3061 Quem-

234 3083 557 3141 admodum
589 3097 725 3154 ergo
756 3080 898 3136 dum
927 3079 1110 3135 Filius
1139 3096 1208 3137 ac
1252 3081 1503 3153 Spiritus
1552 3084 1693 3139 dicti
1746 3092 1884 3142 sunt

234 3175 462 3241 mterni,
495 3174 675 3230 etiam
704 3173 880 3226 Pater
910 3186 977 3224 ex
1008 3172 1396 3241 consequenti
1429 3172 1603 3229 datur
1630 3174 1883 3249 intelligi

1988 2007 2085 2059 τοῦ
2118 1999 2454 2073 Πνεύματος,
2486 1998 2711 2053 αἰώνιον
2760 1998 2889 2053 Θεὸν
2925 1997 3134 2056 καλῶν.
3167 1999 3240 2054 Τὸ
3273 1996 3356 2069 δὶ,
3395 1998 3426 2054 ὅ
3453 2000 3542 2055 καὶ
3580 2000 3662 2074 μὴ

1994 2094 2395 2166 μαρτυροῦντος
2428 2086 2702 2159 εὔληπτον
2754 2088 2995 2161 νομίζειν
3052 2088 3140 2144 ἐπὶ
3180 2094 3279 2144 τοῦ
3313 2089 3655 2163 Πνεύματος.

1988 2184 2151 2236 τοῦτο
2190 2180 2374 2250 τίθησι
2437 2174 2605 2251 μηδὲν
2666 2173 2859 2240 δεδιὼς
2920 2174 3008 2232 ἐπὶ
3064 2181 3162 2232 τοῦ
3214 2177 3445 2253 Πατρὸς,
3478 2179 3648 2255 σοφὸν

1989 2268 2310 2327 ἀποκαλῶν.
2369 2266 2448 2325 Οὔ
2507 2266 2613 2342 γὰρ
2669 2263 2861 2322 ἐδεδίει
2915 2269 2990 2341 μή
3060 2287 3142 2328 τις
3202 2268 3478 2344 ἀφαιρήσῃ
3538 2271 3649 2322 τῶν

1988 2358 2242 2427 πολλῶν,
2301 2358 2336 2427 ἢ
2396 2356 2459 2412 τὸ
2518 2357 2682 2436 σοιρὸν
2756 2359 2854 2410 τοῦ
2916 2356 3247 2429 Πνεύματος,
3301 2354 3338 2426 -ὶς
3395 2357 3458 2411 τὸ
3510 2354 3646 2410 αἰώ-

1987 2468 2103 2503 νιον
2131 2446 2239 2501 ἀπὸ
2267 2449 2363 2500 τοῦ
2422 2444 2656 2516 Πατρὸς,
2713 2446 2776 2499 τὸ
2840 2443 2972 2499 αὐτὸ
3029 2440 3087 2498 δὲ
3132 2444 3224 2499 καὶ
3250 2443 3338 2499 ἐπί
3368 2447 3464 2499 τοῦ
3494 2444 3646 2499 Υἱοῦ.

1990 2538 2085 2605 Τὸ,
2119 2559 2146 2587 ‹‹
2179 2535 2406 2609 Χρόνοις
2435 2533 2701 2598 αῗωνίοις,
2736 2557 2764 2584 ››
2808 2534 2900 2588 καὶ
2936 2535 3021 2602 τὸ,
3077 2557 3105 2585 ‹‹
3140 2534 3577 2609 Φανερωθὲντος,
3616 2556 3646 2585 ››

1991 2628 2054 2683 τὸ
2084 2626 2323 2702 ἃχρονον
2353 2624 2611 2700 κηρύσσει
2670 2628 2767 2680 τοῦ
2825 2625 2975 2693 Υίοῦ,
3030 2623 3158 2699 περὶ
3207 2623 3237 2679 ὅ
3284 2624 3651 2697 προσκόπτειν

1991 2722 2229 2800 ἔμελλόν
2284 2744 2447 2794 τινες,
2532 2726 2694 2778 τοῦτο
2777 2723 3222 2798 προθεραπεύων.
3293 2724 3495 2798 Ὠσπερ
3558 2722 3652 2777 οὗν

1993 2815 2253 2890 ῥηθέντος
2283 2817 2381 2869 τοῦ
2429 2813 2558 2868 Υίοῦ
2615 2812 2704 2867 καὶ
2755 2810 2853 2866 τοῦ
2911 2813 3244 2886 Πνεώματος
3274 2811 3522 2882 αἰωνίου,
3552 2814 3653 2868 καὶ

1992 2905 2083 2960 τὸν
2141 2902 2350 2977 Πατέρα
2407 2901 2631 2957 αἰώνιον
2690 2903 2724 2971 ἡ
2788 2899 3089 2957 ἀκολουθία
3146 2898 3365 2956 δίδωσιν
3421 2901 3652 2971 ἐννοεῖν,

1992 2991 2137 3049 οὕτω
2169 2996 2337 3070 σοφοῦ
2395 2991 2657 3065 ῥηθέντος
2712 2994 2810 3045 τοῦ
2873 2990 3103 3062 Πατρὸς,
3133 2989 3222 3045 καὶ
3256 2991 3284 3045 ὁ
3313 2990 3439 3052 Υίὸς
3465 2991 3552 3045 καὶ
3586 2993 3655 3047 τὸ

1992 3086 2206 3156 Πνεῦμα
2263 3080 2489 3143 εἰκότως
2548 3079 2600 3135 ἑν
2672 3078 2897 3156 ἀῤῥήτῳ
2981 3079 3073 3135 καὶ
3134 3085 3425 3155 θεοπρεπεῖ
3481 3081 3653 3158 σοφίᾳ

1989 3172 2233 3243 νοηθεῖεν
2266 3169 2351 3241 ἂν,
2382 3170 2474 3225 καὶ
2532 3167 2658 3224 οὔτε
2713 3167 2778 3224 τὸ
2835 3168 3058 3223 αἰώνιον
3112 3173 3210 3224 τοῦ
3243 3168 3454 3245 Πατρὸς
3486 3169 3650 3247 ἀφαι-

230 3270 490 3320 asternus
526 3281 539 3317 :
571 3262 656 3317 ita
683 3260 827 3317 dum
858 3261 1033 3315 Pater
1060 3259 1253 3316 dictus
1284 3267 1375 3316 est
1405 3263 1665 3334 sapiens,
1698 3265 1875 3322 etiam

1995 3260 2196 3335 ρεθείη,
2254 3259 2379 3314 οὔτε
2434 3258 2497 3313 τὸ
2555 3258 2720 3332 σοφὸν
2777 3262 2875 3313 τοῦ
2934 3256 3246 3330 Πνεύματος
3300 3254 3337 3326 ἧ
3386 3261 3487 3312 τοῦ
3516 3259 3650 3314 Υίοῦ

228 3355 417 3410 F.1ius
448 3369 515 3408 ac
548 3350 799 3422 Spiritus
829 3348 1042 3404 merito
1091 3349 1381 3405 ineffabili
1431 3366 1500 3406 ac
1547 3352 1745 3409 divina
1787 3371 1880 3409 sa~

227 3443 457 3516 pientia
483 3440 711 3512 pollere
741 3437 991 3510 intelligi
1025 3444 1312 3510 possunt:
1347 3444 1407 3493 et
1429 3456 1624 3511 neque
1647 3443 1885 3497 aeterni-

228 3540 320 3589 tas
342 3549 377 3587 a
404 3531 576 3586 Patre
601 3533 795 3601 potest
818 3526 1069 3582 auferri:
1095 3544 1290 3598 neque
1313 3528 1497 3585 Filius
1516 3531 1884 3603 autSpiritus

234 3625 464 3695 queunt
486 3618 780 3692 sapientia
801 3618 1038 3690 privari.
1065 3617 1134 3672 Et
1154 3617 1312 3688 quod
1336 3618 1407 3674 de
1430 3620 1602 3675 Patre
1626 3620 1770 3676 dicit
1788 3622 1884 3677 hic

234 3711 406 3766 divus
425 3706 921 3775 Paulus,dictioni
936 3726 964 3755 ‹‹
984 3705 1242 3777 Sapienti
1264 3727 1291 3755 »
1305 3706 1689 3780 contingens“
1703 3709 1882 3777 Soli,»

231 3816 366 3855 vere
398 3803 527 3855 erat
553 3795 860 3868 sapientia;
885 3795 1159 3867 Spiritus,
1192 3801 1251 3850 et
1288 3797 1507 3852 mentis
1537 3815 1669 3869 quas
1700 3799 1882 3855 Paulo

230 3903 511 3945 concessa
541 3891 668 3942 erat
696 3902 731 3941 a
760 3885 1000 3957 Spiritu.
1030 3884 1177 3941 Nam
1198 3885 1261 3940 in
1284 3886 1397 3942 hoc
1412 3887 1612 3958 posuit
1631 3910 1659 3937 ‹‹
1686 3888 1805 3943 Soli
1830 3910 1882 3957 υ,

226 3980 289 4034 in
333 3994 448 4049 quo
498 3975 777 4032 omnibus
827 3979 917 4029 est
973 3972 1394 4039 indubitatum,
1445 3974 1626 4031 etiam
1656 3977 1749 4032 his
1781 3977 1880 4048 qui

225 4073 366 4123 sunt
394 4066 652 4121 maxime
677 4063 1035 4135 pervicaces,
1071 4062 1229 4134 quod
1271 4062 1457 4119 Filius
1507 4080 1577 4119 ac
1626 4065 1882 4135 Spiritus

224 4156 337 4211 hoc
363 4153 575 4226 privati
602 4168 722 4207 non
755 4152 894 4207 sint.
931 4153 1047 4206 Cur
1075 4152 1187 4206 hoc
1245 4150 1435 4206 fecit?
1482 4153 1556 4207 Ut
1598 4153 1773 4209 etiam
1821 4154 1883 4209 in

228 4243 685 4315 quibuscunque
716 4239 850 4295 aliis
880 4239 1095 4295 divinis
1126 4239 1402 4296 sensibus
1430 4257 1496 4295 ac
1535 4242 1885 4299 nominibus

230 4331 551 4387 dictienem
586 4350 613 4379 «
644 4328 848 4384 Solum
876 4349 904 4377 »
934 4328 1277 4399 adjunctam
1307 4328 1588 4396 audieris,
1640 4348 1762 4386 non
1812 4332 1884 4387 ad

231 4419 677 4475 distinctionem
710 4416 841 4472 Filii
901 4432 969 4471 ac
1017 4417 1271 4488 Spiritus
1317 4433 1519 4473 vocem
1563 4419 1882 4493 intelligas,

231 4510 336 4566 sed
361 4509 434 4565 ad
480 4508 748 4563 omnium
805 4505 1046 4579 quidem
1104 4508 1361 4563 aliorum
1412 4508 1881 4579 distinctionem,

1988 3347 2410 3422 ἀποστερηθείη.
2444 3346 2546 3403 Καὶ
2574 3347 2637 3401 τὸ
2670 3345 2838 3402 εἰπεῖν
2897 3344 2954 3401 ὂὶ
3010 3347 3099 3402 τὸν
3134 3352 3276 3411 θεῖον
3310 3345 3526 3403 Παῦλον
3557 3347 3649 3404 ἐπὶ

1986 3442 2085 3494 τοῦ
2115 3437 2323 3513 Πατρὸς
2362 3434 2605 3506 ἐνθαῦθα,
2629 3439 2734 3508 τῷ,
2785 3440 2969 3515 Σοφῷ,
3015 3436 3318 3509 συνάψαντα
3344 3437 3429 3508 τὸ,
3462 3437 3651 3511 Μόνῳ,

1983 3533 2106 3596 τῆς,
2141 3526 2216 3591 ὡς
2244 3523 2469 3594 ἀληθῶς
2521 3525 2613 3594 ἦν,
2672 3528 2771 3580 τοῦ
2829 3523 3144 3597 Πνεύματος
3176 3525 3390 3603 σοφίας,
3424 3525 3514 3580 καὶ
3546 3529 3653 3595 τῆς

1985 3614 2186 3680 ἐκεῖθεν
2245 3614 2668 3691 χορθγουμένης
2727 3611 2930 3686 Παύλῳ
3001 3610 3264 3678 διανοίας.
3327 3616 3414 3672 Ἐν
3471 3615 3655 3690 τούτῳ

1984 3706 2087 3782 γὰρ
2117 3706 2323 3769 τέθεικε
2375 3704 2460 3771 τὸ,
2523 3726 2552 3756 ιι
2582 3702 2767 3776 Μόνῳ,
2799 3725 2827 3753 ››
2886 3701 2942 3757 ἑν
2999 3703 3045 3775 ᾧ
3104 3703 3266 3759 πᾶσίν
3301 3703 3445 3760 ἐστιν
3474 3703 3653 3778 ἀναμ-

1986 3800 2240 3883 φίϐολον,
2271 3803 2359 3858 καὶ
2393 3806 2510 3864 τοῖς
2536 3799 2658 3857 λίαν
2714 3799 3075 3872 οιλονείκοις,
3106 3799 3189 3856 ὅτι
3221 3803 3309 3857 καὶ
3344 3803 3372 3857 ὁ
3404 3803 3529 3866 Υἱὸς
3555 3803 3650 3857 καὶ

1984 3893 2048 3948 τὸ
2072 3898 2290 3965 Πνεῦμα
2346 3891 2447 3947 οὐκ
2508 3890 2867 3964 ἀπεστέρηται
2927 3890 3146 3947 τούτου.
3182 3891 3250 3948 Τί
3286 3889 3446 3946 τοῦτο
3477 3893 3651 3961 ποιή-

1985 4002 2119 4052 σας;
2154 3984 2270 4039 Ἵνα
2299 3980 2391 4036 καὶ
2449 3978 2503 4034 ἐν
2562 3981 2645 4042 οἷς
2704 3977 2764 4035 ἂν
2821 3978 3022 4052 ἑτέροις
3053 3980 3371 4056 θεοπρεπὲσι
3399 3980 3642 4050 νοήμασι

1985 4072 2075 4127 καὶ
2137 4071 2370 4144 ὀνόμασι
2418 4071 2502 4139 τὸ,
2563 4095 2589 4121 ‹‹
2625 4069 2824 4138 Μόνον,
2862 4094 2889 4121 ››
2950 4067 3441 4139 ἐπισυναπτὸμενον
3474 4064 3640 4121 ἀκού-

1988 4182 2106 4233 σῃς,
2138 4161 2212 4233 μὴ
2243 4159 2383 4235 πρὸς
2438 4156 2855 4228 ἀντιδιαστολήν
2913 4161 3012 4213 τοῦ
3072 4158 3198 4213 Υἱοῦ
3225 4155 3312 4211 καὶ
3340 4158 3439 4209 τοῦ
3470 4154 3640 4211 Πθεύ-

1990 4269 2158 4322 ματος
2188 4249 2287 4317 τὴν
2317 4249 2505 4327 φωνην
2539 4241 2818 4315 ἐκλάϐοις,
2863 4244 3010 4302 ἀλλά
3061 4246 3198 4320 πρὸς
3228 4241 3641 4311 ἀντιδιαστολήν

1991 4339 2088 4411 μὲν
2135 4342 2243 4392 τῶν
2300 4333 2487 4390 ἄλλων
2546 4336 2818 4404 ἁπάντων,
2877 4331 3069 4390 ἕνωσιν
3132 4331 3190 4389 δε
3233 4333 3323 4388 καὶ
3362 4332 3648 4408 συνάφειαν

1986 4430 2085 4492 τῆς
2122 4430 2467 4503 μοναρχικῆς
2510 4421 2759 4498 Τριάδος.
2808 4425 2871 4481 Ὀ
2918 4423 3019 4499 γὰρ
3065 4422 3290 4487 ἐνταῦθα
3316 4425 3483 4477 τοῦτο
3511 4425 3653 4476 νοεῖν

1989 4520 2232 4593 ιιανερῶς
2285 4513 2580 4581 ὑποτιθεὲς,
2642 4513 2729 4567 καὶ
2797 4511 2881 4567 ἐπὶ
2945 4516 3054 4567 τῶν
3112 4509 3516 4587 παραπλησίων
3547 4510 3651 4579 τήν

224 4599 589 4657 monarchiaa
610 4615 746 4653 vero
768 4597 1072 4653 Trinitatis
1093 4598 1381 4653 unionem
1408 4614 1476 4654 ac
1506 4600 1878 4672 conjunctio-

1993 4602 2158 4673 αὐτὴν
2201 4601 2480 4676 ὑπόληψιν
2515 4598 2661 4676 ἔχειν
2727 4596 3119 4655 διακελεύεται.
3177 4601 3455 4661 ’Ἤκουσας
3488 4597 3657 4676 σοφὸν

223 4707 382 4748 nem.
406 4690 554 4746 Nam
577 4689 673 4744 hic
695 4688 1036 4761 exprimens
1056 4688 1159 4743 ubi
1174 4687 1350 4744 facile
1371 4689 1711 4746 intellectus
1742 4708 1880 4747 con-

221 4781 458 4853 cipitur,
485 4778 662 4852 jubet
690 4778 870 4833 etiam
903 4777 964 4831 in
999 4777 1297 4833 similibus
1329 4778 1601 4835 eamdem
1661 4779 1881 4835 habere

225 4872 591 4943 Opinionem.
625 4869 859 4925 Audisti
893 4869 1225 4940 sapientem
1255 4870 1538 4925 Patrem?
1569 4874 1629 4925 et
1667 4870 1880 4925 Filium

228 4978 295 5019 ac
326 4962 612 5034 Spiritum
643 4977 764 5015 una
813 4960 1060 5031 concipe
1093 4959 1443 5031 sapientem.
1493 4959 1643 5016 895
1695 4961 1883 5014 Eter—

228 5068 374 5106 num
406 5050 527 5104 dixi
560 5049 775 5104 Filium
804 5064 873 5105 ac
899 5049 1182 5119 Spiritum
1202 5048 1231 5103 ?
1262 5049 1467 5105 eodem
1504 5048 1683 5104 etiam
1709 5048 1882 5103 modo

228 5142 463 5195 Patrem
496 5138 644 5192 mihi
667 5136 953 5208 intellige.
990 5139 1205 5210 Regem
1230 5136 1351 5191 dixi
1383 5139 1642 5205 Patrem,
1674 5142 1881 5208 poten-

226 5235 369 5295 tem,
404 5242 753 5298 magnaeque
784 5226 1154 5281 auctoritatis
1178 5225 1206 5280 ?
1232 5226 1314 5280 ita
1338 5242 1574 5297 quoque
1594 5230 1653 5281 et
1672 5226 1886 5281 Filium

224 5333 293 5372 ac
316 5316 604 5387 Spiritum
628 5314 963 5387 gloriﬁcaro
984 5315 1400 5385 oportet.Bene
1422 5313 1543 5371 dixi
1568 5335 1592 5365 ι
1614 5306 1838 5383 Sclum,
1859 5339 1885 5366 ››

224 5411 293 5459 ut
317 5403 706 5475 singulariter
728 5403 1001 5458 Trinitati
1034 5403 1091 5458 id
1123 5402 1282 5474 quod
1312 5403 1612 5459 excellens
1637 5410 1764 5460 erat
1791 5419 1885 5459 re-

232 5511 553 5562 servarem,
586 5509 706 5549 non
735 5499 803 5548 ut
831 5493 1023 5563 ipsam
1083 5492 1429 5565 dignitatem
1482 5492 1887 5549 discendendo

231 5588 552 5644 auferrem.
583 5586 730 5641 Cum
757 5608 785 5635 ‹‹
819 5583 1018 5639 Solum
1044 5608 1071 5634 ››
1099 5584 1495 5652 addo,omnia
1516 5583 1632 5639 alia
1658 5602 1887 5658 separo,

227 5680 420 5751 ipsam
433 5692 569 5732 vero
594 5673 1040 5748 perdictionem
1063 5673 1311 5728 «Solum
1339 5696 1367 5723 ››
1382 5675 1568 5747 magis
1580 5676 1721 5729 unio
1739 5692 1751 5730 :
1768 5692 1888 5730 non

239 5785 367 5825 eam
391 5769 453 5822 in
474 5771 674 5838 partes
707 5762 976 5820 dividens
1006 5779 1137 5834 quae
1168 5764 1426 5819 naturali
1456 5764 1649 5821 forma
1672 5764 1890 5819 indivi-

1990 4693 2087 4749 τὸν
2147 4692 2390 4765 Πατέρας
2449 4690 2541 4745 καὶ
2598 4690 2690 4745 τὸν
2752 4688 2875 4742 Υἱὸν
2933 4689 3023 4743 καὶ
3080 4689 3144 4744 τὸ
3202 4691 3423 4760 Πνεῦμα
3472 4689 3660 4757 συνεξ-

1991 4788 2222 4843 άκουσον
2255 4784 2440 4863 σοφόν.
2475 4783 2622 4839 Αίών
2635 4804 2712 4838 ιον
2746 4783 2899 4838 εἶπον
2946 4784 3041 4837 τὸν
3073 4782 3199 4838 Ϊὶὸν
3229 4783 3265 4853 ἢ
3297 4782 3361 4837 τὸ
3393 4785 3615 4854 Ηνεῦμα
3641 4796 3657 4846 ;

1990 4876 2081 4931 καὶ
2108 4876 2203 4931 τὸν
2238 4873 2448 4949 Πατέρα
2505 4871 2647 4928 οὕτω
2710 4893 2806 4945 μοι
2864 4871 3080 4942 νόησον.
3115 4869 3353 4928 Βασιλέα
3381 4870 3534 4926 εἷπον
3560 4870 3658 4925 τὸν

1995 4965 2225 5038 Πατέρα,
2285 4959 2532 5028 δυνατὸν,
2590 4961 2984 5031 ἐξουσιαστήν;
3043 4960 3130 5014 καὶ
3190 4960 3281 5015 τὸν
3319 4959 3443 5014 Υὶὸν
3470 4959 3559 5014 καὶ
3590 4960 3659 5014 τὸ

1993 5058 2216 5126 Πνεῦμα
2247 5051 2390 5107 οὕτω
2422 5048 2664 5121 δοξάζειν
2725 5052 2861 5128 χρή,
2897 5073 2924 5102 ι(
2959 5049 3162 5117 Μόνον,
3198 5073 3226 5101 ››
3260 5049 3415 5105 εἶπον
3444 5048 3657 5115 καλῶς,

1988 5140 2085 5196 ’ίνα
2130 5143 2198 5215 τῇ
2260 5136 2525 5213 μοναδικῇ
2607 5136 2803 5213 Τριαδι
2860 5140 3189 5212 συντηρήσει)
3244 5138 3307 5193 τὸ
3360 5136 3658 5212 ἐξαίρετον,

1994 5231 2106 5305 οὐχ
2130 5230 2220 5284 ’ἱνα
2269 5227 2464 5304 σχίσας
2523 5226 2714 5296 αὐτὴν,
2774 5226 3065 5307 ἀφαιρήσω
3094 5227 3156 5282 τὸ
3191 5226 3428 5301 ἀξίωμα.
3463 5252 3489 5278 ιι
3525 5226 3657 5283 Μό-

1992 5341 2108 5389 νον,
2141 5341 2166 5373 ι
2202 5320 2330 5374 ὅταν
2363 5319 2606 5393 συνάψω,
2654 5317 2702 5372 τ’
2754 5315 2902 5373 ἄλλα
2929 5317 3104 5372 πάντα
3151 5314 3484 5389 διαστέλλει),
3518 5315 3663 5371 ἐκεί-

1994 5429 2094 5479 νην
2124 5403 2181 5462 δέ
2213 5405 2428 5480 μᾶλλον
2481 5402 2573 5461 διὰ
2599 5409 2719 5474 τοῦ,
2773 5429 2801 5455 ‹‹
2835 5403 3036 5473 Μόνον,
3069 5427 3096 5457 ι
3135 5406 3394 5474 ὲνοποιῶ,
3424 5407 3525 5474 τῆς
3558 5427 3668 5481 φυ-

1995 5501 2153 5563 σικῆς
2187 5493 2428 5571 σχέσεως
2477 5494 2543 5550 ού
2596 5494 2833 5568 μερίζων
2888 5494 2950 5548 τὸ
3000 5491 3343 5561 ἀδιάστατον,
3378 5492 3524 5549 ἀλλά
3568 5516 3671 5548 συ·-

2000 5585 2245 5662 σφίγγων
2289 5589 2410 5647 ταῖς
2468 5587 2577 5638 τῶν
2631 5581 2915 5657 ἀκροατῶν
2973 5578 3237 5646 διανοίαις
3281 5584 3384 5652 τήν
3417 5583 3672 5653 ἑνότητα.

2005 5700 2025 5726 ι
2083 5675 2190 5730 Καὶ
2228 5673 2293 5729 τὸ
2351 5674 2610 5745 κήρυγμα
2666 5671 2854 5741 Ἰησοῦ
2907 5674 3174 5746 Χριστοῦ.
3227 5696 3254 5725 ››
3315 5672 3376 5729 Ὀ
3433 5673 3674 5747 Χριστὸς

2001 5763 2137 5820 αὖτά
2166 5761 2413 5837 ἐκήρυξε,
2463 5762 2647 5839 φησίν
2713 5761 2911 5815 οὐκοῦν
2955 5759 3053 5815 οὐκ
3081 5760 3381 5836 ἀνθρώπων
3415 5763 3468 5816 οἱ
3499 5761 3673 5833 νόμοι
