4122 6380
383 362 511 423 609

1476 347 1894 412 COMMENT.
1941 345 2021 406 IN
2064 343 2322 405 EPIST.
2368 343 2471 402 AD
2515 341 2697 402 ltOM.

3694 346 3816 407 610

388 498 495 550 τοῦ
527 486 897 565 Εὑαγγελίου,
932 485 1055 542 ἀλλ’
1089 484 1255 540 αὐτοῦ
1300 488 1400 540 τοῦ
1456 483 1716 557 Χριστοῦ.
1747 482 1824 538 Τὸ
1893 479 2048 552 ἀξιό-

2187 477 2358 533 ibitis
2390 482 2499 545 est,
2532 478 2634 534 sed
2665 478 2957 534 unitatem
3006 480 3066 534 in
3123 481 3461 536 auditorum
3513 483 3814 539 mentibus

389 605 590 640 πιστον
620 581 677 637 δὲ
732 579 910 636 αὐτῶν
972 576 1255 647 δείκνυσιν,
1314 574 1421 632 ἀπό
1459 595 1517 631 τε
1544 578 1643 629 τοῦ
1699 571 2056 651 κηρύγματος

390 674 488 729 καὶ
516 677 618 728 τοῦ
657 670 950 744 ὀνόματος.
1015 665 1349 741 [εὐαγγέλιον
1404 665 1510 742 γὰρ
1567 662 1802 737 λέγεται.
1888 666 2051 717 Ποῖον

394 764 459 821 δὶ
520 763 587 818 τὸ
641 764 905 835 κήρυγμα
959 763 1056 814 τοῦ
1114 759 1354 831 Χριστοῦ
1414 775 1429 824 ;
1488 753 1653 816 Αὐτὸς
1700 755 1728 808 6
1797 752 2052 829 Χριστός.

395 878 427 907 ιι
462 851 614 910 Κατᾶ
645 847 992 923 ἀποκάλυψιν
1026 845 1346 920 μυστηρίου.
1384 868 1411 897 ››
1442 846 1554 902 Τοῦ
1592 840 1867 912 δοθέντος,
1898 841 2055 921 φησὶ,

395 942 539 998 κατὰ
568 936 915 1012 ἀποκάλυψιν
948 934 1276 1010 μυστηρίου.
1312 932 1479 989 ΙΙοίου
1515 958 1531 1002 ς
1560 937 1659 988 τοῦ
1695 931 2057 1006 σεσιγημένου

400 1032 500 1105 μὲν
568 1028 622 1084 ἐν
675 1032 794 1089 τοῖς
850 1020 1226 1101 προλαϐοῦσιν
1282 1022 1528 1083 αἰωνίοις
1583 1022 1825 1097 χρόνοις,
1858 1022 1887 1075 6'
1944 1019 2056 1075 ἐστι

393 1117 667 1180 πολλοῖς,
695 1114 1098 1197 φανερωθέντος
1131 1111 1190 1168 δὲ
1218 1117 1334 1167 νῦν.
1372 1110 1691 1184 Σημείωσαι
1723 1107 1780 1164 δὲ
1808 1108 1871 1164 τὸ
1921 1108 2057 1197 εἶναι

392 1207 532 1263 αὐτὸ
563 1195 784 1271 πολλῆς
812 1210 982 1277 τιμῆς
1019 1200 1221 1277 δῶρον,
1288 1199 1351 1255 οὐ
1413 1199 1578 1273 μόνον
1629 1196 1688 1254 ἐκ
1750 1201 1851 1253 τοῦ
1881 1195 2060 1272 κηρός

394 1296 589 1367 ξαντος
642 1296 909 1369 Χριστοῦ,
955 1291 1047 1347 καὶ
1102 1289 1163 1346 ἐκ
1217 1293 1316 1345 τοῦ
1390 1286 1644 1363 λέγεσθαι
1696 1284 2055 1363 Εὐαγγέλιον,

391 1386 549 1442 ἀλλά
575 1384 665 1440 καὶ
707 1382 768 1438 ἐκ
793 1386 892 1439 τοῦ
920 1382 1013 1436 νῦν
1069 1383 1206 1454 ἡμῖν
1237 1377 1373 1434 κατά
1425 1375 1630 1454 δωρεὰν
1663 1378 2057 1456 φανερωθῆναι,

395 1475 446 1531 εἰ
474 1472 570 1529 καὶ
599 1474 664 1542 ἧν
697 1472 1054 1545 προαιώνιον.
1090 1469 1175 1539 Ἐξ
1208 1468 1392 1546 ἀρχῆς
1423 1466 1524 1542 γὰρ
1573 1466 1641 1536 ἦν
1676 1467 1703 1522 ὁ
1735 1465 1879 1532 Υἱὸς,
1912 1461 2062 1519 ἀλλά

390 1568 489 1618 νῦν
520 1560 793 1638 ἐγνώσθη,
837 1556 1201 1635 ἀγνοούμενος
1258 1557 1321 1612 τὸ
1376 1554 1522 1632 πρίν.
1587 1578 1615 1606 ιι
1682 1553 1779 1609 Διά
1834 1575 1892 1609 τε
1924 1559 2061 1628 Γρα-

396 1657 516 1731 φῶν
550 1653 930 1728 προφητικῶν.
967 1671 995 1699 ››
1028 1650 1154 1710 Ηῶς
1186 1642 1265 1714 δὶ,
1299 1644 1489 1719 φησὶν,
1521 1642 1870 1723 ἐφανερώθης
1899 1668 1919 1694 ι
1967 1641 2063 1698 Διά

405 1743 637 1817 Γραφῶν
693 1740 1073 1813 προφητικῶν,
1136 1759 1165 1787 ››
1222 1735 1399 1796 οὕτως
1455 1733 1552 1789 τοῦ
1610 1732 1821 1809 [ἰατρὸς
1875 1731 2063 1786 ἐπιτά-

402 1833 595 1900 ξαντος
619 1828 886 1902 γενέσθαι.
942 1822 1129 1899 Ταῦτῃ
1191 1820 1248 1879 δὲ
1307 1823 1400 1879 τὸν
1460 1820 1686 1877 ἄπιστον
1747 1822 1821 1883 εἰς
1880 1819 2061 1876 πίστιν

401 1918 791 1993 προτρέπεται.
860 1914 924 1973 Τί
986 1914 1092 1989 γὰρ
1151 1907 1298 1990 φοϐῇ
1376 1909 1692 1988 εἰλικρινῶς
1764 1910 1911 1982 αὖτῷ
1969 1931 2061 1965 πι-

405 2012 626 2064 στεῦσαι
661 2024 684 2071 ,'
748 2006 819 2063 Οἱ
874 2010 1156 2081 προφῆται
1214 2001 1392 2071 εἶπον,
1449 2002 1479 2055 6
1546 1996 1676 2063 Θεὸς
1733 1998 2059 2056 ἐνετείλατο.

401 2122 432 2149 ιι
466 2097 564 2159 Εἷς
624 2096 869 2164 ὑπακοήν
927 2093 1182 2154 πίστεως.
1262 2115 1292 2145 η
1353 2092 1624 2161 Ὑπακοῆς
1687 2090 1788 2166 γὰρ
1874 2090 2065 2167 χρείαν

392 2208 490 2267 χει
531 2188 567 2257 ἠ
605 2186 821 2255 πίστις,
856 2182 954 2240 ’ίνα
991 2184 1068 2256 μή
1127 2203 1214 2245 τις
1275 2182 1724 2258 περιεργάζηται,
1786 2177 1930 2234 διατί
1972 2183 2061 2233 νῦν

407 2275 751 2354 ἐφανερώθη,
808 2273 901 2329 καὶ
959 2270 1102 2327 διατί
1166 2270 1340 2327 πάλαι
1397 2268 1639 2345 ἑσιγᾶτο.
1672 2293 1701 2321 ιι
1752 2268 1843 2331 Εἰς
1895 2269 2067 2323 πάντα

405 2367 477 2422 τὰ
502 2362 650 2434 ἔθνη.
686 2386 714 2414 ιι
742 2364 835 2432 Μὴ
876 2356 1074 2441 φοϐοῦ,
1106 2360 1292 2440 φησὶν,
1324 2359 1389 2414 οὐ
1424 2356 1487 2413 σὺ
1551 2359 1712 2432 μόνος
1770 2356 2066 2427 maniam,

404 2452 674 2510 ἀλλὰκαὶ
703 2456 849 2508 πᾶσα
879 2452 915 2520 ἡ
966 2448 1289 2522 οἰκουμένη.
1349 2472 1377 2501 ιι
1432 2447 1602 2520 Μόνῳ
1657 2450 1809 2524 σοφῷ
1867 2450 2004 2518 Θεῷ.
2039 2468 2067 2497 »

407 2544 555 2618 Πρὸς
586 2535 1003 2608 ἀντιδιαστολὴν
1050 2542 1158 2593 τῶν
1227 2533 1595 2612 ψευδωνύμων
1638 2537 1798 2603 θεῶν,
1854 2534 1916 2591 οὐ
1973 2539 2070 2590 τοῦ

407 2634 680 2709 Χριστοῦ,
706 2630 742 2700 ἢ
766 2633 862 2684 τοῦ
904 2628 1242 2699 Πνεῦματος,
1288 2628 1364 2699 μὴ
1398 2624 1616 2700 γένοιτο
1651 2627 1664 2682 ί
1695 2648 1723 2677 ιι
1758 2625 1855 2680 Διά
1885 2627 2071 2695 Ἰησοῦ

407 2724 673 2797 Χριστοῦ.
713 2743 740 2770 ››
788 2717 1190 2793 Γνωρισῡὲντος
1251 2716 1303 2771 ἐν
1360 2722 1479 2778 τοῖς
1540 2713 1709 2771 ἔθνεσι
1771 2712 1861 2769 διὰ
1887 2716 2072 2786 Ἰησοῦ

406 2813 666 2887 Χριστοῦ,
702 2808 778 2870 ὡς
808 2807 899 2863 καὶ
931 2806 1288 2883 κηρῦξαντος.
1347 2806 1553 2862 Λοιπὸν
1610 2802 1699 2859 διά
1762 2803 1930 2876 μέσου
1985 2804 2072 2873 τὸ,

405 2928 434 2957 ιι
469 2901 645 2974 Μόνῳ
664 2902 820 2978 σοφῷ
849 2902 967 2970 Θεῷ
997 2899 1033 2968 ἡ
1057 2893 1205 2966 δόξα.
1246 2917 1276 2948 ιο
1318 2895 1470 2951 ια”Η
1502 2891 1696 2958 οὕτως.
1731 2894 2074 2969 [ΟῙΚΟΥΜ.]

398 3018 427 3046 ιι
457 2990 556 3064 Τῷ
586 2988 645 3046 δὲ
684 2986 969 3063 δυναμένῳ
1002 2986 1142 3059 ὑμᾶς
1176 2983 1424 3060 στηρίξαι
1472 2983 1624 3058 μόνῳ
1656 2981 1810 3061 σοφῷ
1860 2986 1998 3053 Θεῷ,
2044 3005 2072 3033 ››

402 3080 665 3154 Στηρίξαι
698 3075 756 3133 δὲ
780 3081 951 3145 πῶς;
1016 3101 1043 3128 ιι
1104 3074 1202 3129 Διὰ
1255 3074 1437 3140 Ἰησοῦ
1496 3074 1757 3149 Χριστοῦ,
1817 3072 1863 3143 ᾧ
1921 3068 2072 3141 δόξα,

403 3170 587 3251 φησὶν,
611 3169 692 3230 εἰς
726 3167 855 3230 τοὺς
887 3164 1111 3227 αἰῶνας.
1156 3164 1356 3237 Ἀμήν.
1386 3186 1414 3213 ››
1447 3194 1516 3205 -
1544 3186 1572 3215 ιι
1604 3164 1670 3238 ᾮ
1700 3163 1736 3230 ἡ
1771 3157 2073 3230 δόξα,››Τὸ,

405 3250 451 3336 ᾧ
479 3260 833 3334 παρέλκεται.
869 3289 934 3300 ε·-
961 3256 1180 3331 [dull]
1214 3257 1307 3322 T6,
1383 3278 1403 3304 ιι
1466 3257 1531 3332 ᾯ
1570 3255 1604 3322 ἡ
1641 3250 1790 3323 δόξα,
1844 3275 1873 3303 ››
1931 3250 2069 3325 πρὸς

400 3353 468 3409 τᾶ
491 3350 621 3427 τρία
648 3347 968 3415 ἀκουστέον,
1001 3346 1075 3408 ὡς
1096 3345 1182 3415 τὸ,
1234 3365 1256 3395 ιι
1315 3347 1406 3416 Τῷ
1466 3340 1525 3397 δὲ
1582 3338 1867 3415 δυναμένῳ
1936 3339 2075 3413 ὑμᾶς

404 3439 648 3516 στηρίξαι
685 3437 837 3513 μόνῳ
868 3437 1007 3507 Θεῷ,
1050 3457 1077 3485 η
1111 3433 1201 3488 καὶ
1233 3431 1309 3495 ὡς
1336 3431 1424 3500 τὸ,
1458 3454 1486 3482 ιι
1531 3430 1663 3487 Κατ’
1690 3429 1951 3505 ἐπιταγὴν
1974 3431 2074 3482 τοῦ

408 3529 631 3585 αἰωνίου
660 3531 865 3594 Θεοῦμ)
898 3524 991 3580 καὶ
1022 3522 1098 3587 ὡς
1120 3522 1205 3590 τὸ,
1266 3544 1294 3573 ))
1354 3519 1454 3575 Διά
1508 3521 1690 3591 Ἰησοῦ
1743 3521 2009 3594 Χριστοῦ.
2042 3538 2075 3568 »

418 3621 530 3687 Τῆς
556 3614 790 3693 Τριάδος
847 3615 952 3689 γὰρ
1011 3609 1101 3667 διά
1156 3610 1363 3667 το·5των
1422 3608 1797 3683 δηλουμένης,
1855 3608 1946 3663 καὶ
2004 3608 2075 3680 τῇ

436 3704 622 3779 Ἕριάδι
645 3709 744 3776 τήν
778 3704 939 3775 δόξαν
966 3704 1267 3776 ἀνήνεγκεν.

2162 568 2351 641 magis
2409 569 2844 643 constringens.
2904 591 2932 619 ιι
3000 572 3069 624 Ει
3150 572 3619 642 prmlicationem
3677 575 3813 629 Jesu

2160 658 2401 714 Christi.
2428 678 2458 707 η
2489 659 2778 725 Christus,
2807 658 3022 729 inquit,
3057 660 3181 716 haec
3228 661 3565 732 prmdicavit
3604 678 3618 717 :
3654 663 3815 735 leges

2163 748 2363 819 itaque
2395 746 2696 821 Evangelii
2754 763 2874 802 non
2923 749 3236 804 hominum
3277 756 3436 816 sunt,
3492 751 3596 806 sed
3628 752 3816 823 ipsius

2161 835 2400 890 Christi.
2437 836 2604 901 Quod
2638 841 2838 892 autem
2870 836 2987 891 fide
3019 837 3212 910 dignae
3243 840 3380 906 sint,
3404 841 3668 896 ostendit
3696 848 3754 896 et
3784 857 3820 896 a

2161 926 2584 999 praedicatione
2618 931 2676 981 et
2703 944 2738 982 a
2767 927 3012 982 nomine
3038 944 3050 981 :
3084 944 3225 982 nam
3256 929 3635 1001 Evangelium
3667 930 3817 986 dici-

2163 1021 2279 1072 tur.
2312 1018 2451 1082 Qum
2482 1022 2574 1072 est
2603 1023 2802 1073 autem
2824 1016 3041 1073 Christi
3074 1018 3415 1089 praedicatio
3436 1019 3464 1073 ?
3496 1021 3628 1091 Ipse
3657 1021 3822 1076 Chri-

2164 1112 2312 1162 stus.
2351 1127 2380 1157 ιι
2412 1106 2752 1162 Secundum
2784 1107 3207 1163 revelationem
3265 1109 3557 1181 mysterii.
3591 1132 3621 1160 »
3653 1111 3817 1176 Quod

2163 1196 2572 1270 Evangelium,
2607 1197 2830 1268 inquit.
2863 1196 3068 1252 datum
3101 1204 3192 1253 est
3226 1200 3555 1255 secundum
3595 1201 3822 1255 revela-

2164 1286 2388 1342 tionem
2422 1286 2709 1358 mysterii.
2743 1286 2944 1351 Qualis
2972 1287 2999 1341 ‘?
3026 1286 3207 1342 Taciti
3250 1288 3493 1359 quidem
3526 1290 3822 1361 prioribus

2165 1374 2407 1430 internis
2449 1374 2838 1446 temporibus,
2903 1376 3012 1429 hoc
3068 1379 3158 1430 est
3212 1376 3439 1442 multis,
3496 1394 3657 1433 nunc
3688 1395 3824 1433 vero

2165 1463 2551 1519 manifestati.
2584 1463 2929 1536 Signiﬁcare
2984 1464 3108 1519 vult
3163 1467 3364 1538 magni
3396 1466 3644 1522 honoris
3693 1484 3824 1524 esse

2169 1552 2549 1621 donum,non
2582 1569 2651 1607 ex
2683 1553 2794 1608 hoc
2820 1553 3018 1609 solum
3044 1555 3203 1625 quod
3233 1554 3383 1611 illud
3413 1556 3826 1627 praedicaverit

2168 1642 2463 1709 Christus,
2526 1647 2585 1696 et
2641 1641 2802 1712 quod
2859 1642 3241 1716 Evangelium
3298 1644 3559 1713 dicatur,
3615 1662 3823 1703 verum

2170 1731 2351 1787 etiam
2378 1748 2448 1786 ex
2478 1746 2547 1785 eo
2581 1730 2740 1802 quod
2780 1748 2939 1787 nunc
2987 1733 3168 1805 gratis
3220 1734 3665 1791 manifestatum
3724 1736 3823 1805 sit,

2101 1868 2141 1930 Β
2172 1836 2517 1891 quanquam
2555 1827 2692 1875 ante
2725 1820 2945 1877 saecula
2971 1821 3171 1876 fuerit.
3204 1824 3350 1878 Nam
3393 1823 3466 1879 ab
3497 1824 3670 1880 initio
3701 1831 3830 1881 erat

2175 1909 2355 1930 Πξιξ---
2416 1908 2511 1930 --.1
2553 1926 2707 1930 ---μα
2752 1910 3009 1930 -_-_:n_-,
3054 1916 3127 1930 Αᾷι
3176 1929 3211 1930 η
3248 1929 3267 1930 ,,
3336 1929 3339 1930 ,
3408 1913 3419 1924 α
3531 1914 3543 1925 ι

2175 1909 2382 1977 Filius,
2411 1908 2516 1964 sed
2553 1926 2711 1964 nunc
2743 1910 3014 1982 cognitus
3045 1916 3134 1966 est
3165 1929 3301 1967 cum
3330 1913 3496 1984 prius
3527 1914 3830 1986 ignorare-

2175 2004 2291 2055 tur.
2332 2019 2352 2046 ι
2388 2000 2457 2053 Ει
2484 2015 2591 2069 per
2641 1999 2976 2070 Scripturas
3033 2001 3432 2072 propheticas.
3460 2021 3486 2053 ι
3524 2004 3831 2068 Quomodo

2174 2093 2375 2144 autem
2396 2088 2843 2144 manifestatum
2873 2094 2961 2143 est
2993 2088 3018 2142 ?
3050 2088 3264 2161 inquit.
3294 2112 3322 2141 «
3356 2092 3469 2146 Per
3498 2092 3831 2165 Scripturas

2174 2177 2574 2249 propheticas,
2618 2199 2646 2226 »
2678 2193 2814 2232 cum
2848 2182 3020 2232 Pater
3061 2178 3145 2233 ita
3196 2179 3325 2234 fieri
3371 2180 3677 2251 jussisset.
3727 2186 3833 2237 Per

2176 2268 2289 2322 hoc
2320 2270 2518 2322 autem
2549 2265 2926 2321 incredulum
2947 2266 3022 2323 ad
3054 2267 3234 2323 ﬁdem
3258 2269 3621 2325 exhortatur.
3683 2272 3830 2327 Nam

2177 2355 2321 2428 quid
2355 2355 2618 2428 trepidas
2647 2355 2735 2409 illi
2768 2354 2999 2411 sincere
3024 2356 3265 2413 credere
3285 2357 3313 2413 Ἰ
3343 2357 3831 2430 Prophetmdixe-

2176 2450 2338 2515 runt,
2365 2447 2523 2501 Deus
2564 2445 2868 2517 prmoepit.
2920 2469 2947 2496 ιι
3006 2446 3093 2501 Ad
3150 2446 3554 2504 obedientiam
3606 2449 3768 2504 fidei.
3804 2472 3832 2500 »

2178 2538 2325 2592 Nam
2356 2534 2505 2590 ﬁdes
2536 2533 2879 2590 obedientia
2906 2552 3056 2607 opus
3085 2536 3284 2603 habet,
3319 2553 3396 2593 ne
3426 2538 3561 2609 quis
3602 2538 3834 2595 curiose

2181 2628 2480 2680 scrutetur
2509 2622 2776 2695 quamob
2807 2641 3051 2681 causam
3083 2641 3244 2682 nunc
3275 2627 3721 2683 manifestatum
3736 2629 3835 2699 sit,

2182 2718 2241 2768 et
2270 2729 2452 2784 quare
2480 2712 2624 2767 olim
2656 2713 2986 2769 tacebatur.
3022 2735 3051 2764 ιι
3074 2715 3188 2769 Per
3219 2730 3426 2770 omnes
3455 2720 3723 2788 gentes.»
3754 2718 3835 2771 Ne

2181 2804 2413 2871 timeas,
2439 2803 2652 2875 inquit,
2679 2820 2800 2859 non
2836 2811 2898 2859 tu
2930 2805 3091 2860 solus
3120 2804 3336 2875 credis,
3369 2806 3474 2863 sed
3508 2811 3569 2862 et
3595 2808 3836 2862 univer-

2182 2912 2283 2950 sus
2314 2892 2496 2949 orbis.
2532 2916 2560 2944 ιι
2595 2893 2711 2949 Soli
2742 2895 2999 2965 sapienti
3032 2896 3171 2951 Deo.
3207 2917 3235 2945 »
3267 2896 3356 2952 Ad
3386 2896 3835 2953 distinctionem

2184 3001 2255 3039 ex
2276 2982 2520 3038 adverso
2552 2982 2702 3038 falso
2727 2983 3026 3039 dictorum
3046 2983 3318 3050 deorum,
3342 3002 3464 3041 non
3495 2986 3714 3041 Christi
3745 2986 3839 3041 vel

2183 3072 2473 3145 Spiritus:
2505 3072 2711 3129 Absit!
2745 3096 2772 3123 ιι
2809 3075 2921 3129 Per
2946 3075 3146 3130 Jesum
3204 3074 3528 3132 Christum.
3562 3097 3592 3126 »
3643 3076 3841 3149 Agniti

2186 3162 2342 3217 inter
2371 3179 2580 3217 omnes
2610 3168 2815 3235 gentes
2848 3179 2954 3234 per
2980 3164 3180 3219 Jesum
3233 3164 3559 3233 Christum,
3616 3170 3685 3219 ut
3738 3164 3845 3236 qui

2103 3238 2145 3303 C
2186 3252 2366 3305 etiam
2397 3250 2757 3323 praedicavit.
2810 3252 3099 3306 Craterum
3160 3269 3268 3324 per
3324 3253 3845 3325 interpositionem

2186 3338 2334 3395 dicit
2365 3354 2378 3394 :
2415 3360 2444 3389 ιι
2477 3338 2596 3394 Soli
2629 3339 2883 3411 sapienti
2908 3341 3025 3395 Deo
3059 3340 3268 3413 gloria.
3306 3364 3334 3391 ››
3373 3341 3461 3397 Vel
3507 3342 3605 3397 hoc
3635 3342 3794 3397 modo
3828 3357 3845 3397 ε

2190 3450 2217 3480 ιι
2249 3428 2311 3483 Ei
2343 3433 2543 3484 autem
2576 3430 2677 3500 qui
2710 3434 2922 3501 potens
2944 3435 3034 3485 est
3068 3448 3169 3486 vos
3199 3432 3558 3487 confirmare
3599 3432 3711 3488 soli
3761 3448 3850 3488 sa-

2187 3518 2372 3591 pienti
2397 3519 2536 3575 Deo.
2564 3539 2594 3569 ››
2625 3520 2750 3585 Quo
2781 3524 2981 3575 autem
3014 3520 3190 3576 modo
3250 3522 3606 3578 confirmare
3628 3522 3656 3577 ‘I
3685 3543 3712 3573 ιι
3740 3523 3853 3577 Per

2186 3610 2387 3664 Jesum
2420 3608 2718 3663 Christum
2747 3625 2760 3663 :
2786 3608 2879 3664 cui
2911 3609 3101 3682 gloria
3122 3610 3183 3665 in
3218 3611 3458 3668 saecula.
3492 3613 3745 3668 Amen.»
3783 3639 3855 3652 ——-

2190 3719 2218 3749 ιι
2253 3697 2356 3752 Cui
2388 3697 2598 3769 gloria.
2633 3718 2661 3747 ››
2693 3697 2849 3753 ³96
2874 3697 2980 3755 Cui
3008 3698 3291 3770 parelcon
3317 3705 3426 3769 est,
3459 3701 3571 3756 hoc
3604 3706 3715 3767 est,
3748 3716 3856 3772 per

451 3796 944 3867 interpositionem
975 3794 1265 3851 additum.
1314 3823 1367 3832 —
1405 3790 1572 3856 Quod
1610 3789 1829 3846 dicitur
1861 3804 1875 3845 :
1909 3811 1937 3838 ιι
1969 3786 2073 3843 Cui
2122 3786 2334 3859 gloria,
2368 3808 2389 3837 ι
2428 3786 2502 3841 ad
2560 3786 2673 3840 tria
2716 3785 3159 3859 adjungendum
3223 3794 3333 3855 est,
3368 3794 3532 3860 puta,
3570 3811 3591 3838 ιι
3628 3789 3690 3843 Ei
3751 3788 3852 3859 qui

446 3892 647 3958 potens
673 3894 761 3943 est
792 3904 892 3941 vos
926 3885 1281 3940 conﬁrmare
1314 3880 1425 3936 soli
1459 3880 1712 3952 sapienti
1744 3880 1902 3947 Deo;
1938 3900 1958 3926 ι

2002 3880 2061 3931 et
2111 3897 2139 3926 ιι
2178 3874 2514 3930 Secundum
2572 3880 2936 3946 praeceptum
2994 3876 3199 3931 interni
3243 3876 3390 3943 Dei;
3445 3899 3467 3929 ι
3532 3894 3600 3933 ac
3658 3877 3857 3949 tertio,

438 3975 599 4031 cPer
623 3977 822 4033 Iesum
850 3973 1174 4030 Christum.
1207 3992 1236 4022 »
1271 3972 1386 4026 Per
1417 3969 1544 4025 haec
1600 3969 1766 4025 enim
1831 3966 2214 4023 manifestata
2272 3964 2556 4019 Trinitate
2615 3963 2865 4035 gloriam
2919 3981 3157 4036 quoque
3213 3965 3418 4020 retulit
3473 3965 3549 4021 ad
3603 3965 3857 4022 Trinita-

432 4072 567 4121 tem.

1068 4150 1320 4206 ΚΕΦΑᾹ.
1355 4147 1457 4203 ΙΘ“.

608 4240 741 4316 Περὶ
776 4238 1067 4313 μιμήσεως
1110 4244 1214 4307 τῆς
1271 4237 1512 4311 Χριστοῦ
1554 4234 1909 4306 ἀνεξικακίας.

500 4345 831 4425 Ὀφείλομεν
890 4340 951 4400 δὶ
1007 4346 1172 4417 ἡμεῖς
1225 4342 1278 4397 οἱ
1334 4338 1560 4397 δυνατοὶ
1616 4340 1683 4395 τὰ
1738 4339 2093 4414 ἀσθενήματα

430 4442 543 4493 τῶν
619 4434 895 4493 ἀδυνάτων
982 4434 1300 4509 βαστάζειν,
1386 4428 1477 4486 καὶ
1539 4431 1616 4505 μὴ
1700 4430 1913 4495 ἑαυτοῖς
1977 4430 2096 4503 ἀρέ-

432 4547 602 4585 σκειν.
661 4530 930 4587 Ἕκαστος
1007 4526 1168 4596 ἡμῶν
1247 4525 1329 4594 τῷ
1392 4518 1632 4590 πλησίον
1692 4519 1963 4595 ἀρεσκέτω
2016 4519 2093 4582 εἰς

428 4617 495 4673 τὸ
578 4615 781 4692 ἀγαθὸν
830 4613 966 4689 πρὸς
1041 4608 1364 4685 οἰκοδομήν.
1438 4608 1538 4665 Καὶ
1594 4609 1694 4684 γὰρ
1774 4609 1802 4663 6
1860 4608 2095 4685 Χριστὸς

437 4706 550 4782 οὐχ
579 4706 755 4779 ἑαυτῷ
810 4704 1024 4779 ἤρεσεν,
1083 4698 1250 4773 ἀλλὰ,
1308 4699 1490 4765 καθὼς
1548 4697 1875 4775 γέγραπται,
1942 4719 1962 4748 ι
2025 4699 2095 4755 Οἱ

440 4793 748 4867 ὀνειδισμοὶ
859 4796 971 4848 τῶν
1048 4787 1424 4859 ὀνειδιζόντων
1527 4807 1585 4841 σε
1666 4785 1925 4842 ἐπέπεσον
2011 4784 2095 4842 ἐπ’

441 4884 563 4957 ἰμέ.
595 4907 626 4937 κ
656 4886 798 4941 ’Ὅσα
834 4882 939 4957 γὰρ
998 4881 1346 4956 προεγράφη,
1372 4964 1377 4965 ν
1407 4877 1482 4939 εἰς
1534 4875 1636 4945 τὴν
1689 4876 1957 4952 ἡμετέραν
2019 4875 2104 4934 δι-
2133 4900 2171 4965 D

440 4970 739 5030 δασκαλίαν
789 4970 1149 5050 προεγράφη,
1209 4966 1297 5022 ἳνα
1363 4964 1453 5022 διᾶ
1504 4968 1603 5029 τῆς
1667 4966 1955 5039 ὑπομονῆς
2009 4969 2100 5026 καὶ

439 5070 542 5133 τῆς
597 5059 997 5136 παρακλήσεως
1049 5064 1161 5115 τῶν
1221 5060 1474 5134 Γραφῶν,
1531 5056 1630 5124 τὴν
1707 5054 1904 5111 ἐλπίδα
1956 5051 2099 5135 ἔχω-

449 5172 544 5226 μεν
554 5195 568 5209 .

516 5242 660 5317 Πρὸς
703 5241 830 5303 τοὺς
894 5240 1233 5315 ὑγιαίνοντας
1290 5236 1475 5312 τρέπει
1538 5234 1632 5289 τὸν
1700 5233 1891 5310 λόγον,
1951 5233 2101 5294 διδά.

442 5351 586 5386 σκων
630 5327 742 5386 δεῖν
799 5322 1245 5405 συγκαταϐαίνειν
1302 5330 1420 5388 τοῖς
1469 5322 1732 5379 ἀσθενέσι.
1790 5325 2106 5397 Χρεωστοῦ-

449 5440 544 5492 μεν
582 5420 686 5496 γὰρ
721 5423 907 5488 τοῦτο,
949 5416 1134 5497 φησίν.
1190 5419 1324 5486 Ὅρα
1372 5411 1428 5468 δὲ
1481 5417 1598 5474 πῶς
1654 5410 1916 5482 εὐτελίζει
1972 5415 2101 5480 τοῦς

444 5507 704 5572 ἀσθενεῖς.
738 5507 874 5582 Περὶ
902 5506 997 5579 μὲν
1029 5506 1134 5582 γὰρ
1178 5509 1285 5558 τῶν
1346 5500 1535 5558 ἄλλων
1592 5500 1778 5578 φησὶν,
1815 5522 1838 5552 ι
1868 5503 1937 5560 Οἱ
2006 5501 2102 5560 δο-

440 5597 614 5654 νατοί·
677 5622 706 5649 »
793 5596 919 5671 περὶ
994 5595 1203 5663 τούτων
1258 5589 1334 5662 δὶ,
1398 5614 1426 5643 ιι
1505 5591 1588 5648 Τὰ
1661 5589 2033 5665 ἀσθενήματα.
2069 5618 2100 5647 ››

445 5687 610 5759 καὶ,ιι
639 5691 762 5747 Τῶν
823 5683 1117 5741 ἀδυνάτων·
1157 5712 1178 5740 ι
1233 5682 1325 5737 καὶ
1377 5682 1462 5750 τὸ,
1521 5705 1548 5732 ιι
1615 5680 1931 5756 Ιιαοτάζειν,
2007 5684 2099 5740 καὶ

2836 4144 3068 4200 CAPUT
3106 4144 3247 4199 XIX.

2514 4246 2592 4300 De
2620 4243 2942 4301 imitatione
2979 4243 3281 4301 clementia:
3312 4244 3541 4302 Christi.

2274 4349 2389 4416 XV,
2422 4350 2537 4407 1-4.
2573 4372 2601 4400 ιι
2626 4349 2924 4406 Debemus
2954 4355 3154 4407 autem
3187 4350 3437 4423 nos,qui
3469 4354 3745 4423 potentes
3768 4366 3859 4405 su-

2204 4460 2233 4489 ιι
2248 4437 2791 4502 mus,inﬂrmitates
2812 4439 3229 4512 impotentium
3243 4439 3601 4512 bajulare,et
3620 4456 3743 4495 non
3757 4456 3861 4495 no-

2205 4549 2233 4577 «
2263 4525 2357 4581 bis
2383 4526 2529 4598 ipsis
2550 4527 2806 4599 placere.
2842 4529 3263 4601 Unusquisque
3294 4535 3563 4585 nostrum
3588 4528 3860 4601 proximo

2207 4637 2234 4665 ιι
2263 4613 2496 4686 placeat
2525 4616 2587 4670 in
2617 4615 2838 4671 bonum
2867 4621 2927 4673 et
2950 4617 3668 4673 aedificationem.Etenim
3692 4617 3862 4672 Chri-

2208 4724 2236 4752 ιι
2262 4706 2387 4758 stus
2416 4719 2537 4757 non
2571 4703 2682 4759 sibi
2734 4705 2845 4776 ipsi
2892 4703 3137 4776 placuit,
3174 4704 3298 4772 sed,
3356 4704 3863 4776 quemadmodum

2207 4813 2236 4842 ιι
2271 4790 2559 4862 scriptum
2591 4797 2711 4848 est:
2747 4814 2777 4843 ιι
2828 4792 3161 4864 Opprobria
3217 4792 3710 4864 opprobrantium
3755 4793 3863 4848 tibi

2207 4902 2235 4932 ιι
2268 4879 2615 4936 ceciderunt
2644 4897 2825 4953 super
2852 4897 2968 4936 me.
3004 4903 3033 4932 ιι
3056 4882 3434 4953 Qumcunque
3465 4881 3625 4937 enim
3644 4881 3868 4954 scripta

2217 4991 2244 5020 ιι
2276 4968 2522 5037 sunt,ad
2549 4973 2815 5025 nostram
2839 4968 3173 5025 doctrinam
3198 4969 3342 5025 olim
3365 4970 3587 5043 scripta
3608 4976 3768 5039 sunt,
3801 4975 3870 5026 ut

2219 5078 2241 5109 ι
2284 5074 2390 5129 per
2418 5057 2767 5129 patientiam
2808 5064 2866 5113 et
2909 5058 3383 5114 exhortationem
3426 5059 3867 5131 Scripturarum

2215 5170 2243 5198 ιι
2275 5164 2440 5220 spem
2472 5147 2817 5204 habeamus.
2856 5171 2877 5198 ι

2282 5235 2369 5292 Ad
2398 5253 2499 5293 eos
2531 5238 2632 5309 qui
2666 5238 2797 5293 sani
2848 5242 3019 5294 erant
3047 5237 3112 5293 in
3144 5236 3259 5293 fide
3316 5239 3610 5294 convertit
3640 5255 3868 5295 sermo-

2211 5344 2372 5396 nem,
2398 5326 2618 5383 docens
2637 5333 2911 5401 oportere
2941 5327 3079 5383 illos
3101 5328 3585 5386 condescendere
3608 5330 3875 5385 imbecil-

2210 5416 2702 5473 libus.Debitores
2718 5418 2877 5472 enim
2895 5416 3071 5489 hujus
3085 5419 3463 5475 sumus.Vide
3476 5424 3677 5475 autem
3691 5434 3870 5490 quam

2209 5512 2479 5563 attenuet
2497 5523 2567 5562 ac
2589 5507 2833 5580 dejiciat
2852 5506 3354 5564 imbecilles.Nam
3376 5508 3448 5565 de
3467 5508 3602 5565 aliis
3626 5507 3868 5578 quidem

2176 5650 2187 5658 ,
2208 5597 2321 5653 ait:
2344 5618 2372 5646 ιι
2390 5594 2688 5664 Potentes,
2705 5615 2731 5647 ι
2758 5595 2831 5653 de
2852 5596 2947 5652 his
2968 5613 3163 5667 vero,«
3180 5596 3601 5654 Inﬁrmitates»
3621 5599 3682 5649 et
3702 5614 3730 5643 ιι
3750 5598 3868 5648 lm-

2209 5685 2542 5759 potentium
2568 5710 2597 5737 »
2618 5703 2686 5743 ac
2709 5708 2737 5737 ιι
2765 5685 3057 5760 Bajulare.
3077 5708 3104 5735 δ»
3137 5715 3205 5726 —-
3231 5704 3252 5731 ι
3281 5686 3351 5740 Et
3379 5702 3500 5741 non
3530 5680 3702 5738 nobis
3720 5680 3867 5753 ipsis
