4122 6424
202 350 319 413 611

1285 346 1702 409 (ΕΟΟΜΕΝΙΙ
1750 345 2052 410 TRICCIE
2096 347 2448 413 EPIBGOPI

3503 352 3631 415 612

206 484 464 557 placere,
477 482 613 538 »sed
626 480 894 553 proximo
909 479 1146 551 placere
1167 496 1274 551 per
1293 480 1850 539 condescensionem

1975 480 2053 553 μὴ
2086 479 2298 543 ῑαύτοϊς
2328 480 2598 558 ἀρέσκειν,
2631 504 2660 534 η
2690 478 2839 538 ἀλλὰ
2870 504 2898 534 ι(
2938 485 3016 554 τῷ
3077 478 3315 552 πλησίον
3352 506 3372 532 ι
3409 480 3498 539 διὰ
3527 489 3629 552 τῆς

208 580 268 632 et
287 573 474 633 nostri
507 570 953 627 demissionem.
977 571 1196 626 Potens
1227 587 1291 627 es
1311 576 1371 626 et
1400 570 1594 628 fidelis
1610 570 1637 626 ?
1657 571 1864 643 Capiat

210 662 295 717 tui
326 659 755 733 experientiam
793 658 1072 715 inﬁrmus
1128 674 1236 733 per
1266 659 1858 720 condescensionem.

207 753 448 822 Oportet
468 748 628 805 enim
646 764 1142 820 unumquemque
1167 755 1439 806 nostrum
1453 748 1721 821 proximo
1734 749 1860 820 pla-

205 861 357 902 cere.
392 844 505 901 Sed
536 843 821 915 quoniam
854 843 1032 899 etiam
1072 843 1135 899 in
1164 843 1322 899 malo
1354 842 1591 915 placere
1620 843 1856 899 contin-

204 934 305 1007 git.
338 933 572 991 addidit
604 951 617 990 :
650 956 680 986 «
720 935 783 990 In
804 933 1029 990 bonum
1060 932 1135 989 ad
1164 932 1645 989 aediﬁcationem.
1667 954 1695 984 ››
1714 934 1860 989 Nam

203 1025 317 1081 hoc
345 1023 575 1082 faciens
608 1023 804 1096 ipsum
828 1022 1150 1080 mdiﬁcabis
1171 1039 1241 1080 ac
1270 1022 1549 1095 corriges.
1567 1044 1596 1074 α
1626 1023 1861 1081 Etenim

205 1114 476 1173 Christus
507 1130 629 1172 non
660 1115 772 1171 sibi
807 1114 918 1185 ipsi
947 1112 1189 1185 placuit.
1226 1135 1254 1165 κ
1314 1114 1369 1168 Si
1424 1113 1735 1179 voluisset,
1766 1113 1863 1169 in—

208 1205 359 1276 quit,
384 1204 543 1277 quod
575 1222 749 1262 suum
777 1209 904 1260 erat
933 1208 1220 1274 spectare,
1255 1219 1635 1275 nequaquam
1649 1218 1861 1275 passus

204 1294 457 1353 fuisset:
489 1294 708 1352 licebat
736 1294 897 1349 enim
946 1293 1057 1365 ipsi
1107 1293 1180 1349 ab
1231 1292 1470 1364 injuriis
1527 1291 1860 1348 immunem

207 1403 338 1443 esse
373 1403 387 1441 :
419 1391 480 1443 at
497 1403 618 1443 non
647 1385 762 1442 sibi
783 1384 896 1457 ipsi
929 1384 1376 1456 placuit,neque
1408 1384 1499 1442 sui
1525 1399 1729 1440 curam
1759 1383 1861 1439 ha-

206 1477 355 1545 buit,
390 1477 494 1534 sed
515 1476 646 1549 ejus
675 1476 836 1537 quod
865 1475 1038 1531 nobis
1064 1475 1210 1531 utile
1240 1480 1387 1531 erat.
1439 1505 1506 1517 —-
1536 1475 1732 1532 Aliud.
1766 1477 1862 1532 Li-

208 1566 380 1625 cebat
405 1566 519 1638 ipsi
553 1581 675 1623 non
707 1565 923 1637 exponi
967 1565 1324 1636 opprobriis,
1392 1581 1513 1620 non
1541 1565 1664 1637 pati
1726 1582 1860 1638 qua)

203 1673 414 1728 passus
444 1660 553 1725 est,
587 1656 636 1711 si
663 1655 823 1727 quod
852 1671 1028 1711 suum
1050 1658 1183 1711 erat
1208 1655 1717 1726 spectasset.801
1746 1652 1859 1711 Sed

206 1747 348 1804 dum
379 1744 541 1818 quod
571 1750 845 1801 nostrum
879 1748 1007 1800 erat
1053 1743 1327 1816 pectavit,
1362 1743 1520 1815 quod
1551 1745 1858 1817 preprium

1970 566 2437 644 συγκαταϐάσεως.
2464 570 2695 636 Δυνατὸς
2738 572 2788 626 εἴ
2839 570 2931 627 καὶ
2983 572 3174 634 πιστός
3208 590 3221 641 ;
3254 566 3471 628 λαϐέτω
3529 591 3627 627 σου

1967 665 2155 735 πεῖραν
2217 662 2244 717 ὁ
2302 661 2533 731 ἀσθενὴς
2586 659 2676 717 διὰ
2725 668 2825 732 τῆς
2859 658 3329 738 συγκαταϐάσεως.
3380 667 3473 717 Δεῖ
3520 661 3627 737 γὰρ

1964 748 2191 807 ’ἑκαστον
2221 753 2386 822 ἡμῶν
2412 756 2491 824 τῷ
2520 750 2760 822 πλησίον
2811 752 3074 827 εῖιρίσκειν⁹
3134 750 3262 808 ἀλλ’
3319 749 3508 822 ὶπειδή
3548 747 3626 807 ἔνι

1966 838 2206 914 ἀρέσκειν
2237 841 2327 898 καὶ
2357 839 2445 896 ἰπὶ
2467 845 2641 913 κακῷ,
2671 839 3033 916 προσέθηκεν,
3066 867 3094 893 ‹‹
3146 841 3240 903 hic
3298 842 3363 898 τὸ
3418 840 3625 917 ἀγαθὸν

1966 928 2103 1003 πρὸς
2136 925 2462 1003 οἰκοδομήν.
2516 953 2544 982 ››
2603 932 2783 989 Τοῦτο
2823 930 2924 1005 γὰρ
2972 934 3172 999 ποιῶν,
3234 927 3625 1004 οἰκοδομήσεις

1966 1016 2124 1074 αὐτὸν
2172 1018 2263 1073 καὶ
2321 1015 2666 1098 διορθώσεις.
2727 1041 2757 1072 ι(
2817 1018 2921 1077 Καὶ
2969 1019 3070 1095 γὰρ
3128 1020 3157 1075 ὁ
3209 1019 3441 1094 Χριστὸς
3514 1017 3626 1094 οὐχ

1966 1104 2138 1178 ἑαυτῷ
2167 1101 2381 1181 ἤρεσεν.
2434 1135 2459 1158 ι»
2519 1106 2582 1165 Εἰ
2638 1105 2898 1177 ⁴ἠθέλησε,
2941 1107 3131 1185 φησὶν,
3188 1109 3217 1164 ὁ
3270 1107 3505 1180 Χριστὸς
3558 1108 3627 1163 τὸ

1965 1203 2156 1258 ἑαυτοῦ
2220 1208 2464 1275 σκοπεῖν,
2509 1205 2614 1261 οὐκ
2687 1203 2748 1260 ἄν
2817 1203 3031 1270 ἓπαθεν.
3105 1207 3264 1276 Ἐξῆν
3318 1207 3421 1282 γὰρ
3474 1204 3627 1261 αὐτῶ

1968 1290 2111 1364 μηδὶ
2151 1288 2496 1368 ὑϐρισθῆναι,
2526 1293 2656 1350 ἀλλ’
2685 1296 2797 1371 οὐχ
2853 1296 3030 1351 ἑαυτῶ
3083 1294 3298 1372 ἤρεσεν,
3356 1293 3483 1351 οὐδε
3525 1299 3629 1350 τοῦ

1967 1380 2108 1439 ἰδίου
2139 1382 2469 1460 ἐφρόντισεν,
2539 1383 2688 1440 ἆλλᾶ
2739 1389 2839 1441 τοῦ
2895 1386 3171 1461 ἡμετέρου
3230 1387 3627 1463 συμφέροντος.

1965 1503 2035 1516 --
2062 1471 2312 1539 νΛλλως.
2344 1474 2727 1549 [ΙΩΔΝΝΟΥ.]
2752 1473 2907 1547 Ἐξῇν
2940 1477 3090 1531 αὐτῶ
3124 1476 3201 1550 μὴ
3235 1473 3629 1546 ὀνειδισθῆναι,

1970 1563 2048 1634 μὴ
2074 1563 2263 1617 παθεῖν
2295 1562 2430 1638 ἅπερ
2488 1555 2701 1635 ἔπαθεν,
2772 1562 2881 1639 εἷ’γε
2936 1565 3000 1622 τὸ
3055 1565 3250 1621 ἑαυτοῦ
3297 1563 3625 1636 ἐσκόπησεν.

1967 1648 2145 1708 Ἀλλᾶ
2167 1651 2231 1706 τὸ
2259 1653 2423 1724 ἡμῶν
2488 1654 2787 1724 σκοπήσας,
2845 1651 2909 1708 τὸ
2967 1653 3161 1709 εαυτοῦ
3208 1650 3453 1730 παρεῖδε,
3531 1653 3625 1708 καὶ

1972 1734 2229 1815 ὑϐρίσθη,
2286 1741 2377 1797 καὶ
2416 1741 2660 1817 πονηρὰν
2707 1743 2855 1819 παρᾶ
2920 1741 3159 1806 πολλοῖς
3216 1740 3382 1801 ἔλαϐε
3440 1741 3622 1814 δόξαν.

204 1842 332 1893 erat
358 1833 640 1907 neglexit,
673 1839 733 1889 et
761 1833 983 1906 injuria
1014 1835 1260 1889 effectus
1291 1836 1469 1897 est,et
1492 1832 1712 1888 malam
1732 1848 1850 1905 gra-

1968 1854 1994 1880 α
2029 1827 2208 1888 ⁷Λλλδι
2235 1830 2418 1895 καθὼς⁵
2449 1832 2764 1907 γέγραπται.
2808 1855 2834 1883 »ι
2885 1829 3078 1903 Οὐδὲν,
3132 1832 3288 1911 φησὶ,
3328 1831 3476 1907 ξένον
3529 1831 3621 1907 γὲ.

202 1926 347 1981 tiam
377 1922 534 1996 apud
563 1923 787 1978 multos
831 1922 1058 1978 retulit.
1094 1943 1121 1972 «ι
1182 1921 1293 1977 Sed
1352 1920 1858 1992 quemadmodum

201 2014 490 2086 scriptum
523 2017 634 2069 est.
672 2031 701 2064 »ο
733 2011 911 2081 Nihil,
945 2011 1161 2082 inquit,
1193 2025 1408 2066 novum
1456 2009 1679 2066 factum
1721 2015 1811 2066 est
1842 2027 1856 2077 ;

200 2103 441 2175 sed,qui
472 2103 536 2158 in
566 2101 749 2157 veteri
781 2100 909 2174 lege
942 2100 1047 2156 tibi
1081 2099 1523 2172 cpprohrarunt
1544 2103 1604 2155 et
1633 2104 1689 2155 te
1712 2116 1859 2155 con-

202 2190 448 2247 tumelia
464 2190 854 2255 aﬂ‘ecerunt,o
884 2188 1040 2244 Deus
1071 2189 1264 2257 Pater,
1287 2186 1543 2242 hietiam
1576 2185 1858 2243 adversus

202 2296 299 2338 me
328 2279 546 2337 Filium
602 2284 772 2335 tuum
826 2282 1136 2334 venerunt.
1169 2297 1198 2329 α
1259 2277 1640 2346 Ουωουιιᾳιιθ
1695 2275 1857 2332 enim

201 2370 423 2442 scripta
448 2373 607 2438 sunt,
639 2390 659 2422 ε
699 2372 812 2424 etc.
873 2368 1006 2422 Haec
1044 2366 1119 2423 ad
1169 2370 1458 2431 nostram,
1510 2364 1724 2436 inquit,
1758 2365 1860 2420 do-

198 2460 453 2517 ctrinam
485 2459 709 2531 scripta
738 2463 878 2514 sunt
906 2461 972 2513 ut
999 2457 1268 2512 imitetur
1296 2460 1356 2511 et
1382 2454 1762 2511 toleremus.«
1784 2455 1859 2510 Ut

201 2567 309 2622 per
336 2548 707 2621 patientiam.
744 2569 771 2599 »
799 2548 872 2603 Ut
900 2545 1190 2603 admoniti
1219 2560 1255 2600 a
1293 2543 1632 2615 Scripturis,
1665 2547 1724 2598 et
1751 2558 1859 2614 per

205 2639 492 2710 scriptam
521 2637 602 2693 ibi
634 2636 987 2709 patientiam
1014 2634 1210 2690 nervis
1241 2631 1481 2699 additis,
1514 2631 1576 2687 in
1604 2647 1711 2702 spe
1750 2631 1853 2686 Dei

200 2742 680 2799 permaneamus.
706 2728 850 2782 Nam
882 2723 1173 2797 patientia
1228 2737 1392 2793 spem
1426 2719 1697 2786 exstruit,
1731 2736 1858 2777 rur-

202 2834 456 2889 sumque
487 2832 625 2890 spes
646 2815 994 2888 patientiam
1026 2830 1130 2868 seu
1155 2809 1556 2867 tolerantiam.

275 2910 393 2975 XV,
417 2907 540 2963 6-8.
571 2927 599 2959 ι(
631 2907 789 2962 Deus
819 2909 1018 2961 autem
1051 2900 1353 2974 patientia;
1385 2904 1446 2956 et
1481 2899 1854 2955 exhortatio-

202 3020 229 3050 ‹‹
264 2998 356 3053 nis
386 2996 489 3053 det
510 2996 676 3053 vobis
708 2994 867 3050 idem
897 2992 1121 3049 sentire
1179 2991 1337 3047 inter
1381 3006 1483 3045 vos
1512 2994 1719 3044 mutuo
1750 3005 1853 3045 se-

204 3110 231 3140 ‹‹
266 3086 531 3145 cundum
551 3086 751 3143 Iesum
768 3083 1102 3140 Christum:
1132 3085 1199 3136 ut
1226 3078 1598 3135 unanimiter
1618 3095 1737 3135 uno
1753 3095 1856 3136 ore

1962 1916 2294 1993 γονεν,ἁλλ’
2324 1919 2378 1974 οἱ
2410 1918 2463 1973 ἑν
2507 1924 2577 1994 τῇ
2638 1918 2854 1991 Παλαιᾷ
2906 1918 3265 1984 ὀνειδίσαντες
3320 1920 3410 1977 καί
3465 1917 3626 1997 ὑϐρί-

1965 2007 2155 2069 σαντίς
2194 2028 2270 2079 σε,
2306 2009 2403 2063 Θεὶ
2433 2010 2633 2084 Πάτερ,
2694 2008 2846 2065 οὗτοι
2892 2009 2985 2065 καὶ
3041 2010 3179 2066 κατὰ
3216 2015 3314 2067 τοῦ
3339 2011 3469 2066 Υἱοῦ
3525 2031 3626 2066 σου

1965 2094 2102 2169 ἰμοῦ
2130 2094 2322 2168 ἦλθον.
2357 2121 2384 2148 ‹‹
2425 2098 2563 2154 Ὃσα
2590 2097 2693 2173 γὰρ
2724 2100 3066 2176 προεγράφη,
3132 2124 3153 2149 ι
3206 2100 3297 2157 καὶ
3351 2099 3421 2155 τὰ
3475 2100 3623 2173 ἑξῆς,

1960 2189 2148 2255 ταῦτα,
2236 2186 2393 2263 φησὶ,
2451 2186 2588 2261 πρὸς
2669 2185 2940 2262 ἡμετέραν
3003 2184 3364 2244 διδασκαλίαν
3423 2187 3626 2266 γέγρα-

1961 2301 2112 2354 πται,
2143 2280 2239 2337 ’ἱνα
2300 2284 2624 2358 μιμώμεθα,
2683 2285 2773 2340 καὶ
2836 2284 3221 2359 ὑπομίνωμεν.
3275 2311 3303 2339 ‹‹
3363 2289 3478 2341 Ἵνα
3534 2283 3629 2341 διὰ

1960 2379 2059 2443 τῆς
2103 2373 2412 2446 ὑπομονῆς,
2449 2396 2477 2424 »ι
2508 2374 2641 2443 Ἵνα,
2665 2373 2823 2452 φησὶ,
2865 2373 3343 2450 παρακαλούμενοι
3379 2372 3483 2431 ὑπϐ
3511 2378 3623 2430 τῶν

1964 2465 2215 2538 Γραφῶν,
2271 2462 2363 2518 καὶ
2422 2460 2513 2516 διὰ
2567 2469 2667 2531 τῆς
2722 2462 2834 2518 ἐκεῖ
2886 2462 3278 2539 γεγραμμένης
3338 2464 3627 2537 ὑπομονῆς

1961 2550 2340 2624 νευρούμενοι,
2405 2549 2657 2623 μένωμεν
2718 2550 2796 2612 εἰς
2836 2552 2937 2620 τήν
2999 2550 3195 2607 ἐλπίδα
3244 2555 3341 2608 τοῦ
3371 2556 3527 2608 Θεοῦ.
3555 2553 3619 2610 ἹΙ

1961 2638 2068 2712 γὰρ
2100 2638 2378 2711 ὑπομονὴ,
2409 2645 2512 2707 τῆς
2541 2636 2772 2703 ἐλπίδος
2801 2638 2915 2695 tori
2971 2642 3458 2712 κατασκευαστική’
3525 2642 3619 2697 καὶ

1961 2725 1996 2793 ἡ
2030 2722 2187 2787 ἐλπὶς
2219 2724 2410 2791 πάλιν,
2440 2726 2541 2795 τῆς
2575 2725 2880 2799 ὑπομονῆς.

2032 2902 2098 2959 Ὀ
2130 2899 2188 2957 δὶ
2226 2902 2357 2965 Θεὸς
2399 2909 2503 2973 τῆς
2550 2903 2836 2977 ὑπομονῆς
2902 2893 2995 2960 καί
3042 2907 3144 2972 τῆς
3197 2904 3622 2981 παρακλήσεως,

1963 2987 2079 3063 δῴη
2118 2991 2245 3064 ὑμῖν
2275 2992 2339 3047 τὸ
2371 2991 2502 3047 αὐτὸ
2532 2997 2751 3067 φρονεῖν
2805 2991 2857 3047 ἰν
2919 2991 3198 3065 ἀλλήλοις
3226 2993 3363 3050 κατὰ
3393 2996 3628 3070 Χριστὸν

1964 3082 2199 3151 Ἰησοῦν,
2228 3078 2327 3135 ’ἕνα
2356 3080 2710 3154 ὁμοθυμαδὸν
2739 3080 2789 3137 ἂν
2823 3081 2897 3136 ἑνὶ
2930 3082 3161 3155 στόματι
3222 3080 3487 3155 δοξάζητε
3529 3084 3624 3140 τὸν

203 3175 595 3250 «glorificetis
619 3175 803 3231 Deum
842 3176 901 3229 et
938 3173 1172 3227 Patrem
1227 3168 1456 3225 Domini
1499 3167 1687 3225 nostri
1717 3168 1850 3225 Jesu

1969 3170 2221 3228 Θεὸνκαί
2256 3171 2469 3265 Πατέρα
2494 3175 2594 3225 τοῦ
2649 3171 2854 3247 Κυρίου
2912 3174 3074 3247 ἡμῶν
3128 3173 3310 3243 Ἰησοῦ
3363 3172 3627 3246 Χριστοῦ.

201 3286 229 3321 ε
255 3266 873 3336 Christi.Quapropter
900 3261 1185 3317 assumite
1214 3276 1314 3314 vos
1345 3258 1599 3314 invicem
1633 3258 1850 3315 sicutet

1970 3261 2063 3316 Διὸ
2093 3254 2582 3336 προσλαμϐάνεσθε
2603 3258 2911 3330 ἀλλήλους,
2944 3260 3125 3322 καθὼς
3157 3261 3247 3316 καὶ
3306 3262 3336 3318 ὁ
3386 3263 3631 3337 Χριστὸς

205 3375 232 3410 ε
262 3355 532 3412 Christus
561 3351 887 3424 assumpsit
908 3368 1020 3406 nos
1049 3349 1127 3405 ad
1155 3348 1406 3421 gloriam
1438 3347 1558 3402 Dei.
1579 3347 1718 3403 Dico
1750 3364 1854 3403 au-

197 3451 374 3502 «tem
404 3445 706 3503 Christum
735 3444 937 3498 Iesum
990 3439 1332 3495 ministrum
1384 3437 1610 3492 factum
1669 3436 1854 3492 fuisse

196 3555 226 3586 ιι
253 3531 763 3598 circumcisionis,
797 3529 873 3585 ad
924 3525 1367 3584 conﬁrmandae
1424 3523 1852 3596 promissiones

186 3646 217 3676 ‹‹
250 3623 521 3697 patribus
547 3622 754 3679 factas.
789 3643 818 3673 ››

261 3710 703 3783 Ostenditquod
720 3727 856 3766 cum
872 3707 1191 3780 Scripturis
1219 3710 1278 3763 et
1302 3704 1544 3761 illarum
1577 3704 1848 3761 doctrina

187 3820 255 3860 ac
288 3801 698 3859 exhortatione
730 3816 880 3872 opus
911 3798 990 3853 sit
1018 3797 1199 3854 etiam
1260 3792 1557 3867 precibus,
1619 3798 1685 3849 ut
1741 3794 1845 3850 Dei

186 3892 557 3950 attrahamus
579 3889 889 3947 auxilium.
918 3909 946 3940 «
974 3889 1082 3943 Det
1110 3885 1273 3942 vobis
1332 3885 1492 3940 idem
1525 3884 1767 3939 sentire.
1812 3904 1843 3935 »ν

188 3981 580 4037 Dilectionem
601 3985 872 4036 mutuam
903 3977 1049 4049 ipsis
1092 3980 1390 4048 precatur.
1413 3973 1525 4031 Sed
1557 3973 1839 4045 quoniam

188 4068 479 4140 contingit
499 4066 885 4123 dilectionem
915 4063 1135 4119 habere
1167 4063 1347 4118 etiam
1380 4062 1442 4115 in
1472 4060 1653 4128 malo,
1687 4061 1843 4116 hanc

186 4157 259 4212 ab
290 4156 396 4211 illa
426 4155 798 4227 distinguens
828 4152 1155 4224 subjungit,
1187 4173 1214 4201 ‹‹
1275 4147 1612 4205 Secundum
1641 4150 1840 4204 Jesum

186 4244 505 4300 Christum.
541 4244 615 4301 Ut
641 4241 1026 4300 unanimiter.
1061 4263 1089 4294 ι)
1122 4241 1263 4306 Quae
1290 4244 1380 4296 est
1403 4243 1600 4294 autem
1614 4237 1841 4293 utilitas

185 4331 476 4391 habendae
507 4338 728 4390 mutuae
750 4327 1349 4394 dilectionis,etidem
1374 4326 1843 4385 sentiendiinter

189 4440 249 4480 se
282 4419 852 4491 mutuo?ld,inquit,
883 4435 1064 4475 causa
1094 4416 1448 4485 efﬁcitur,ut
1477 4414 1842 4473 unanimiter

185 4526 425 4583 unoque
457 4507 655 4566 animo
677 4507 1014 4583 gloriﬁcent
1040 4506 1244 4562 Deum.
1261 4526 1284 4559 ε
1299 4506 1841 4577 QuaprOpterassu-

186 4600 330 4658 mite
359 4616 458 4656 vos
488 4598 763 4655 invicem.
799 4619 828 4649 n
853 4585 1345 4670 Quandoquidem
1368 4593 1494 4650 haec
1524 4593 1608 4648 ita
1637 4610 1700 4652 se
1731 4594 1836 4652 ha-

183 4688 583 4762 bent,inquit,
603 4688 943 4745 «Assumite
965 4704 1070 4743 vos
1101 4685 1411 4753 invicem,»
1439 4684 1551 4740 hoc
1585 4687 1692 4755 est,
1724 4686 1835 4742 Re-

186 4778 593 4837 conciliamini
624 4779 878 4837 invicem
916 4777 1076 4837 inter
1109 4792 1225 4833 vos.
1260 4776 1638 4847 Rursumque
1668 4775 1835 4832 Chri-

188 4874 344 4926 stum
356 4870 530 4927 afi‘ert
557 4869 620 4925 in
638 4867 1127 4943 exemplum.Hoc
1140 4870 1337 4923 autem
1348 4862 1638 4923 facientes
1649 4863 1836 4925 Deum

185 4975 294 5031 per
313 4964 583 5017 mutuam
605 4959 988 5017 dilectionem
1001 4953 1469 5031 glorificabitis.«
1486 4952 1575 5011 Ad
1586 4952 1837 5027 gloriam

184 5047 313 5105 Dei.
349 5068 378 5097 ››
409 5046 790 5120 Hyperbaton
820 5053 949 5105 est:
985 5043 1330 5103 «Assumite
1360 5058 1459 5100 vos
1489 5041 1742 5101 invicem
1761 5041 1837 5101 ad

183 5135 437 5208 gloriam
472 5134 595 5190 Dei.
631 5157 659 5185 »
691 5168 759 5176 —
791 5156 813 5186 ι
849 5137 988 5192 Dico
1010 5139 1210 5191 autem
1237 5132 1537 5191 Christum
1567 5131 1835 5202 Iesum,»

186 5229 299 5282 etc.
334 5224 447 5279 Eos
478 5223 581 5298 qui
604 5224 666 5283 in
712 5225 1017 5285 Judaismo
1048 5223 1244 5281 adhuc
1296 5218 1607 5281 haerebant
1636 5236 1839 5295 repre.

180 5310 416 5378 hendit,
449 5317 508 5368 et
540 5313 660 5370 ait:
693 5314 960 5373 Christus
990 5313 1238 5371 veniens
1268 5308 1429 5367 Patri
1483 5315 1836 5384 coaperatus

184 5406 296 5470 est,
327 5406 394 5458 ut
422 5401 853 5475 promissiones
883 5403 1134 5461 Abrahae
1192 5399 1345 5457 datae
1395 5397 1470 5457 ad
1512 5398 1837 5459 terminum

184 5488 644 5549 deducerentur.

251 5580 613 5657 Coeperatus
646 5587 738 5642 est
765 5588 966 5643 autem
996 5595 1236 5642 omnem
1253 5575 1835 5655 complendolegem,

182 5670 361 5733 etiam
384 5670 775 5735 circumcisus
859 5672 1011 5730 τοι
1070 5671 1215 5732 Nam
1273 5667 1388 5728 hoc
1440 5672 1609 5728 vocat
1656 5669 1837 5729 mini-

1967 3343 2540 3425 προσελάὸποὴμίς,
2573 3348 2649 3412 είς
2682 3347 2839 3419 δόξαν
2887 3354 3041 3406 Θεοῦ.
3090 3351 3252 3425 Λέγω
3283 3348 3342 3406 δὶ
3394 3352 3632 3427 Χριστὸν

1967 3437 2179 3508 Ἰησοῦν
2284 3434 2534 3492 διάκονον
2638 3445 2957 3513 γεγενῆσθαι
3058 3443 3386 3515 περιτομῆς,
3494 3442 3627 3517 ὑπὶρ

1963 3524 2224 3597 ἀληθείας
2254 3530 2393 3582 Θεοῦ
2424 3525 2500 3589 εἰς
2530 3527 2594 3581 τὸ
2647 3523 2945 3601 βεϐαιῶσαι
3002 3529 3099 3592 τὰς
3165 3526 3488 3606 ἐπαγγελίας
3518 3535 3633 3586 τῶν

1960 3626 2230 3690 πατέρων.

2031 3705 2307 3761 Δείκνυσιν
2338 3705 2421 3760 ὅτι
2458 3706 2592 3778 μετὰ
2648 3710 2754 3761 τῶν
2817 3710 3045 3785 Γραφῶν
3075 3708 3166 3762 καὶ
3217 3714 3320 3780 τῆς
3351 3706 3404 3781 ἑξ
3436 3709 3616 3767 αὐτῶν

1957 3792 2313 3857 διδασκαλίας
2337 3794 2431 3850 καὶ
2462 3793 2888 3871 παρακλήσεως,
2918 3798 3010 3852 καὶ
3069 3795 3252 3872 εὐχῶν
3283 3796 3442 3873 χρεία
3470 3799 3608 3872 πρὸς

1954 3884 2016 3939 τὸ
2045 3883 2440 3940 ἐπισπάσασθαι
2468 3885 2572 3953 τὴν
2608 3888 2707 3940 τοῦ
2738 3889 2874 3941 Θεοῦ
2908 3887 3191 3961 βοήθειαν,
3227 3910 3256 3940 ‹‹
3314 3888 3438 3959 Δῲη
3474 3888 3606 3959 ὑμῖν

1948 3973 2013 4028 τὸ
2043 3972 2176 4029 αὐτὸ
2206 3977 2446 4051 φρονεῖν.
2482 3996 2511 4025 n
2563 3975 2806 4049 Ἀγάπην
2866 3974 3050 4036 αὐτοῖς
3107 3974 3416 4050 ἅπεύχεται,
3475 3972 3602 4029 ἀλλ’

1954 4058 2142 4130 ἐπειδὴ
2206 4059 2283 4116 ἔνι
2333 4061 2424 4115 καὶ
2502 4059 2590 4116 ἐπὶ
2641 4067 2789 4135 κακῷ
2838 4062 3049 4138 ἀγάπη,
3116 4061 3336 4138 διαιρῶν
3392 4062 3601 4132 ἐκείνης

1949 4149 2169 4219 ταύτην,
2218 4146 2425 4225 ἐπάγει·
2458 4174 2486 4201 ι(
2543 4152 2688 4206 Κατᾶ
2742 4152 2974 4227 Χριστὸν
3030 4156 3258 4226 Ἰησοῦν,
3312 4150 3407 4206 ’ἱνα
3463 4151 3603 4224 ὁμο-

1952 4236 2220 4310 θυμαδόν.
2252 4262 2274 4289 ε
2311 4237 2376 4295 Τί
2411 4237 2468 4294 Si
2493 4239 2557 4294 τὸ
2598 4235 2797 4318 ὄφελος
2834 4246 2932 4300 τοῦ
2962 4242 3179 4318 ἀγάπην
3221 4239 3388 4318 ἴχειν,
3421 4240 3510 4295 καὶ
3538 4240 3603 4295 τὸ

1951 4327 2080 4384 αὐτὸ
2113 4332 2330 4401 φρονεῖν
2378 4332 2497 4401 μετ’
2548 4327 2815 4401 ἀλλήλων
2849 4351 2862 4402 ;
2898 4329 3108 4403 Δί’τιον,
3168 4332 3325 4413 φησὶ,
3378 4330 3604 4405 γίνεται,

1947 4421 2044 4475 τοῦ
2066 4418 2268 4482 πάντας
2299 4416 2652 4494 ὁμοθυμαδὸν
2688 4425 2788 4494 μιᾷ
2818 4424 2976 4497 ψυχῇ
3031 4420 3272 4494 δοξάζειν
3299 4421 3390 4483 τὸν
3449 4422 3607 4480 Θεόνο

1948 4529 1980 4564 ιι
2015 4507 2108 4564 Διὸ
2168 4503 2662 4584 προσλαμϐάνεσθε
2720 4508 3031 4582 ἀλλήλους.
3078 4537 3107 4565 ››
3165 4511 3390 4583 Ἐπειδή
3440 4516 3610 4570 ταῦτα

1870 4579 1916 4643 ί)
1950 4594 2123 4662 οὕτως
2152 4579 2294 4676 ἔχει,
2328 4579 2484 4674 φησὶ,
2510 4621 2538 4651 ιι
2574 4579 3067 4676 Προσλαμδάνεσοε
3095 4579 3608 4674 ἀλλήλους,»τουτο

1948 4689 2082 4759 ἐστι,
2119 4687 2567 4746 Καταλλάσσεσθε
2625 4689 2852 4754 ἑαυτοῖς.
2908 4691 3012 4751 Καὶ
3070 4691 3241 4752 πάλιν
3298 4692 3349 4751 ἐν
3384 4691 3610 4751 ὑποδεί-

1947 4799 2119 4856 γματι
2171 4779 2264 4837 τὸν
2319 4779 2550 4854 Χριστὸν
2602 4780 2774 4857 φέρει.
2822 4783 3000 4841 Τοῦτο
3058 4781 3116 4838 δὶ
3165 4780 3473 4853 ποιοῦντες,
3510 4782 3605 4839 τὸν

1947 4867 2076 4927 Θεὸν
2108 4866 2358 4941 δοξάσετε
2389 4864 2481 4926 διὰ
2508 4870 2607 4937 τῆς
2653 4870 2895 4944 ἀγάπης.
2929 4895 2958 4923 ‹‹
3017 4870 3112 4934 Ε’λς
3174 4868 3332 4944 δόξαν
3381 4876 3538 4931 Θεοῦ.
3578 4894 3608 4923 »

1945 4958 2019 5014 Τὸ
2054 4956 2379 5033 ὑπερϐατόν·
2416 4982 2443 5011 «
2476 4955 2972 5035 Προσλαμϐἀνεσθε
3008 4959 3298 5033 ἂλλήλους
3341 4960 3418 5023 εἷς
3448 4959 3613 5032 δόξαν

1947 5050 2103 5105 Θεοῦ,
2141 5071 2168 5099 »
2194 5080 2264 5090 —-—
2297 5070 2324 5101 «
2359 5047 2516 5124 Λέγω
2544 5046 2602 5111 δὲ
2629 5051 2859 5125 Χριστὸν
2896 5052 3132 5124 Ἰησοῦν,
3168 5074 3195 5105 υ
3218 5051 3309 5111 καὶ
3339 5050 3409 5108 τὰ
3458 5052 3603 5121 ἑξῆς.

1946 5136 2080 5197 Τοῖς
2125 5130 2516 5203 ἰουδα“ιζουσιν
2574 5134 2817 5212 ἐγκαλεῖ,
2876 5138 2967 5193 καί
3025 5140 3303 5217 φησιν·⁹0
3368 5140 3604 5215 Χριστὸς

1945 5222 2119 5283 ἐλθὼν
2151 5224 2443 5297 συνέπραξε
2468 5230 2548 5298 τῷ
2609 5227 2803 5304 Ila-cpi,
2852 5229 2938 5293 ,εἰς
2991 5229 3056 5287 τὸ
3110 5229 3207 5292 τὰς
3251 5229 3382 5306 παρ’
3433 5230 3604 5289 αὐτοῦ

1947 5306 2192 5377 δοθείσας
2222 5316 2343 5377 τοῖς
2373 5312 2514 5390 ἀμφὶ
2554 5315 2647 5375 τὸν
2685 5310 2936 5392 Ἀϐραὰμ
2992 5315 3325 5396 ἄπαγγιλίας
3381 5317 3458 5379 εἰς
3513 5314 3608 5374 ne-

1945 5420 2040 5475 ρας
2071 5399 2269 5461 ἐλθεῖν.

2016 5580 2319 5660 Συνὲπραξε
2347 5580 2408 5640 δὲ
2461 5585 2553 5641 τὸν
2611 5586 2781 5659 νόμον
2844 5586 3051 5647 ἅπαντα
3108 5586 3451 5664 πληρώσας,
3511 5587 3605 5644 καὶ

1943 5671 2321 5748 περιτμηθείς.
2381 5674 2560 5735 Τοῦτο
2617 5675 2717 5750 γὰρ
2805 5673 2952 5751 λέγει
3004 5679 3067 5737 τὸ
3127 5674 3378 5736 διάκονον
3448 5696 3602 5751 γεγε·
