4122 6384
270 299 391 359 615

1394 284 1811 348 (ECUMENII
1854 285 2165 345 TRICCAi
2207 286 2562 350 EPISCUPI

3576 290 3698 348 616

279 456 309 485 ‹‹
337 447 473 488 cum
505 425 722 500 populo
750 423 900 495 ejus.
930 443 957 469 υ
979 423 1044 476 Et
1078 436 1314 475 rursum
1341 436 1353 474 :
1381 441 1409 469 «
1438 418 1694 475 Laudale
1717 419 1924 485 Deum,

2038 421 2154 475 τοῦ.
2191 442 2219 470 ι)
2256 419 2358 477 Καὶ
2400 419 2585 492 πάλιν,
2621 446 2649 473 ‹‹
2711 421 2927 478 Αἰνεῖτε
2967 421 3060 477 τὸν
3120 420 3344 495 Κύριον,
3399 421 3574 475 πάντα
3627 420 3700 474 τὰ

271 545 300 573 ‹‹
335 535 543 578 omnes
572 519 798 588 gentes,
820 516 881 568 et
908 510 1243 567 collaudate
1260 524 1633 574 eum,omnes
1664 506 1921 578 populi.»

273 633 301 661 ‹‹
332 611 710 674 Rursumque
740 600 886 656 dicit
914 600 1097 656 Isaias
1123 615 1136 654 ;
1168 620 1190 649 ι
1242 599 1369 653 Erit
1418 597 1586 652 radix
1609 598 1789 652 Jessm
1816 611 1828 649 :
1872 600 1932 650 et

275 723 304 752 «
337 698 439 771 qui
470 697 747 766 exsurget
803 690 877 749 ad
936 689 1357 762 imperandum
1414 686 1712 760 gentibus,
1765 685 1825 739 in
1860 701 1927 741 eo

273 812 300 841 α
343 793 548 861 gentes
589 782 935 856 sperabunt.
968 802 997 832 »

339 912 525 970 Judaei
558 909 804 982 quidem
836 905 1265 979 promissiones
1308 902 1513 958 saltem
1555 903 1927 971 acceperant,

273 1018 606 1077 quanquam
629 998 781 1055 nihil
829 996 968 1052 inde
1026 994 1301 1051 utilitatis
1358 992 1751 1065 accepissent,
1812 990 1926 1045 nisi

269 1094 542 1151 Christus
569 1107 667 1146 eas
698 1086 1133 1143 conﬁrmasset.
1167 1084 1281 1138 Vos
1310 1087 1533 1147 autem,
1573 1084 1802 1153 gentes,
1834 1078 1925 1131 in-

269 1183 421 1254 quit,
454 1179 527 1236 de
557 1177 683 1234 sola
701 1174 1067 1247 benignitate
1098 1189 1165 1227 ac
1197 1170 1570 1225 humanitate
1595 1168 1779 1222 Deum
1798 1165 1923 1220 lau-

270 1272 412 1328 dare
446 1268 712 1325 debetis:
746 1260 1232 1336 quandoquidem
1259 1275 1454 1331 neque
1496 1256 1924 1330 promissiones

269 1355 709 1424 habebatis,sed
728 1351 1201 1409 misericordiam
1227 1348 1529 1405 consecuti
1559 1345 1721 1411 estis,
1738 1349 1923 1400 totam

269 1466 395 1506 rem
451 1448 812 1517 exsequente
866 1442 1091 1515 gratia:
1143 1434 1365 1511 quanto
1413 1437 1601 1507 magis
1655 1450 1793 1507 ergo
1855 1450 1925 1488 ex

268 1537 485 1596 Christi
516 1535 703 1609 gratia
734 1529 1209 1589 misericordiam
1249 1526 1551 1584 consecuti
1586 1524 1921 1591 estis,tanto

266 1627 456 1700 magis
496 1624 597 1681 Dei
629 1622 931 1679 debitores
970 1619 1134 1687 estis,
1166 1623 1233 1673 ut
1278 1615 1526 1689 portetis
1571 1631 1670 1669 eos
1720 1613 1822 1684 qui
1853 1628 1925 1666 ex

263 1713 485 1771 Iudaeis
515 1710 735 1785 pusilla
764 1709 880 1766 ﬁde
913 1713 1074 1764 sunt.
1128 1709 1211 1762 Ea
1267 1706 1429 1761 enim
1475 1702 1579 1759 Dei
1608 1702 1798 1775 gloria
1834 1706 1924 1755 est

268 1801 588 1861 concordia
608 1807 667 1857 et
694 1818 807 1873 pax
836 1805 1068 1856 vestra:
1097 1814 1234 1854 cum
1267 1796 1363 1852 his
1393 1809 1652 1864 namque
1684 1792 1925 1847 disserit

269 1894 373 1966 qui
404 1910 473 1948 ex
504 1890 781 1965 gentibus
808 1888 1015 1945 ﬁdeles
1050 1880 1930 1957 erant,quimaximeurgebant

270 1983 653 2039 observantes
680 1981 864 2035 cibos.
895 2009 968 2020 —
998 1978 1276 2049 Nonnus,
1299 1976 1358 2028 in
1382 1978 1559 2028 totum
1598 1987 1719 2026 eum
1751 1970 1929 2025 locum

270 2073 339 2129 ab
369 2089 434 2129 ea
450 2077 654 2144 parte:
684 2068 821 2125 Dico
850 2074 1035 2123 autem
1092 2063 1369 2123 Christum
1423 2064 1625 2118 Iesum.
1672 2081 1699 2109 »
1728 2060 1745 2131 ]
1782 2060 1924 2114 Pro-

268 2161 477 2219 missio
508 2160 664 2216 facta
695 2163 822 2214 erat
846 2157 921 2213 ad
947 2155 1245 2211 Abraham
1277 2169 1408 2225 qua)
1441 2151 1707 2207 diceret:
1737 2170 1767 2199 ι(
1800 2146 1927 2203 Tibi

268 2251 420 2309 dabo
452 2255 676 2306 terram
696 2247 766 2316 ⁵³,
797 2270 825 2297 ››
849 2251 961 2302 etc.
996 2268 1025 2296 α
1084 2246 1198 2300 Per
1254 2258 1460 2299 semen
1492 2245 1660 2296 tuum
1688 2237 1928 2294 benedi-

270 2346 482 2398 centur
510 2355 721 2395 omnes
751 2341 958 2411 gentes
976 2336 1061 2402 ‘t;
1097 2356 1125 2385 »
1185 2332 1289 2388 sed
1337 2335 1472 2404 post
1526 2331 1674 2395 haec,
1716 2343 1926 2382 omnes

272 2430 374 2503 qui
404 2430 477 2484 de
510 2427 739 2484 semine
789 2425 1085 2481 Abraham
1120 2427 1309 2488 erant,
1342 2418 1584 2475 obnoxii
1616 2417 1756 2473 facti
1788 2420 1930 2472 sunt

273 2516 567 2590 supplicio
593 2532 605 2570 :
639 2514 735 2571 lex
766 2514 926 2569 enim
951 2529 1073 2568 non
1100 2515 1330 2566 servata
1358 2509 1505 2563 iram
1540 2506 1625 2561 eis
1640 2503 1928 2577 operaba-

271 2612 391 2678 tur,
424 2612 483 2663 et
510 2606 757 2679 insuper
786 2603 1183 2677 promissione
1239 2600 1347 2655 illa
1395 2597 1468 2654 ad
1520 2601 1719 2669 patres
1772 2594 1929 2651 facta

269 2696 556 2770 privabat.

343 2840 498 2896 λίθο
527 2837 835 2894 Accedens
865 2835 1046 2908 igitur
1086 2831 1271 2887 Filius
1315 2832 1666 2901 cooperatur
1696 2830 1787 2881 est
1814 2826 1926 2881 Pa-

270 2930 443 2997 tri,ut
470 2927 900 3001 promissiones
929 2923 1064 2979 illas
1088 2938 1251 2978 veras
1280 2918 1577 2975 redderet.
1610 2913 1927 2986 Complens

268 3020 432 3075 enim
459 3023 642 3075 totam
671 3017 867 3089 legem
899 3015 961 3070 in
992 3030 1111 3085 qua
1142 3012 1319 3067 etiam
1352 3012 1479 3064 erat
1525 3004 1923 3071 circumcisio,

267 3114 326 3164 et
354 3109 465 3165 hac
493 3109 587 3163 via
607 3113 667 3163 et
696 3122 804 3178 per
825 3119 1063 3160 crucem
1095 3099 1388 3157 libertatis
1418 3097 1511 3152 his
1527 3097 1625 3167 qui
1648 3095 1709 3149 in
1730 3100 1925 3149 trans-

2039 502 2187 578 ἔθνη,
2218 509 2306 563 καὶ
2337 507 2650 565 ἐπαινέσατε
2709 510 2887 581 αὐτὸν,
2940 510 3132 572 πάντες
3191 511 3242 565 οἱ
3302 508 3450 567 λαοί.
3506 531 3532 560 ιι
3601 512 3700 571 Καὶ

2036 596 2204 651 πάλιν
2228 598 2450 661 Ἡσαϊας
2505 598 2684 665 λέγει’
2717 624 2745 651 ‹‹
2805 601 2996 656 Ἔσται
3057 602 3091 669 ἡ
3152 597 3274 676 ῥίζα
3327 602 3424 653 τοῦ
3482 597 3699 666 Ἰεσσαὶ,

2036 685 2127 828 ἔαί
2172 687 2201 740 6
2260 686 2610 761 ἀνιστάμενος
2658 685 2847 764 ἄρχειν
2920 687 3111 761 ἐθνῶν,
3187 686 3269 742 ἐπ’
3350 687 3495 743 αύτῶ
3572 682 3701 753 ἔθνη

2067 772 2336 828 λπιοῦσιν.
2378 802 2397 827 ι

2067 772 2336 831 λπιοῦσιν.
2378 802 2397 827 ι

2108 918 2176 975 Οἱ
2212 917 2306 991 μὲν
2341 915 2597 974 Ἰουδαῖοι
2646 916 2743 973 κᾶν
2804 917 3132 994 ἐπαγγελίας
3189 918 3326 987 ἦσαν
3384 916 3694 992 δεξάμενοι,

2037 1006 2203 1061 εἶκαὶ
2238 1005 2407 1080 μηδὲν
2453 1006 2506 1079 ἐξ
2539 1008 2714 1063 αὐτῶν
2768 1006 3159 1084 ὠφελήθησαν,
3218 1006 3261 1062 εί
3325 1007 3401 1079 μὴ
3461 1007 3692 1081 Χριστὸς

2035 1099 2197 1160 αὐτὰς
2229 1094 2574 1156 ἐϐεϐαίωσεν.
2621 1101 2806 1174 Ὑμεῖς
2861 1098 2941 1165 δὲ,
3001 1101 3158 1178 φησὶ,
3215 1101 3284 1156 τὰ
3339 1094 3492 1170 ἔθνη,
3556 1100 3691 1173 ὑπὲρ

2038 1193 2208 1265 μόνης
2288 1192 2699 1269 φιλανθρωπίαις
2754 1192 2999 1268 ὀφείλετε
3055 1190 3296 1265 δοξάζειν
3355 1192 3449 1248 τὸν
3534 1193 3692 1263 Θεὸν,

2033 1278 2221 1350 ἐπειδὴ
2258 1284 2399 1354 μήτε
2428 1280 2756 1357 ἐπαγγελίας
2787 1279 2987 1357 εἷ’χετε,
3045 1279 3176 1337 ἀλλ’
3230 1280 3530 1352 ἠλεήθητε,
3587 1287 3694 1350 τῆς

2033 1371 2263 1446 χάριτος
2292 1370 2355 1426 τὸ
2387 1375 2489 1425 πᾶν
2517 1371 2853 1442 ποιησάσης.
2886 1372 3051 1428 Ὅσον
3111 1371 3229 1440 οῦν,
3285 1371 3472 1444 φησὶν,
3512 1368 3691 1440 ἠλεή-

2034 1471 2164 1530 θητε
2198 1460 2387 1538 χάριτι
2444 1463 2715 1533 Χριστοῦ,
2769 1463 3031 1515 τοσοῦτον
3087 1457 3365 1539 ὀφειλέται
3424 1459 3540 1514 ἐστὶ
3595 1462 3695 1514 τοῦ

2032 1554 2190 1623 Θεοῦ,
2252 1550 2328 1614 εἰς
2380 1551 2444 1605 τὸ
2504 1549 2787 1625 βαστάζειν
2845 1547 2974 1612 τοὺς
3026 1546 3415 1623 ὀλιγοπίστους
3449 1548 3500 1619 ἐξ
3553 1549 3692 1604 Ἰου-

2032 1639 2223 1696 δαίων.
2253 1642 2429 1696 Τοῦτο
2458 1638 2560 1716 γὰρ
2601 1635 2729 1708 δόξα
2751 1642 2910 1706 Θεοῦ,
2941 1640 2976 1709 ἡ
3028 1638 3261 1710 ὁμόνοια
3320 1638 3474 1711 ὑμῶν
3505 1638 3597 1693 καὶ
3655 1639 3691 1707 ἡ

2033 1729 2250 1804 εἰρήνη.
2286 1726 2605 1803 Διαλέγεται
2634 1726 2736 1804 γὰρ
2760 1732 2880 1789 τοῖς
2912 1725 2961 1797 ἐξ
2996 1727 3163 1791 ἐθνῶν
3196 1732 3434 1798 πιστοῖς,
3472 1724 3525 1781 οἳ
3586 1726 3694 1799 μά-

1956 1793 2001 1858 B
2035 1818 2196 1875 λιστα
2218 1817 2517 1889 ἐπέκειντο,
2547 1821 2670 1881 τοῖς
2714 1816 3220 1892 παρατηρουμένοις
3273 1818 3341 1871 τά
3399 1817 3689 1892 βρώματα.

2034 1940 2104 1953 —
2186 1910 2512 1981 [ΙΩΔΝΝΟΥ
2546 1896 2689 1973 ,ἐίς
2747 1906 2809 1960 τὸ
2887 1904 3019 1961 ὅλον
3076 1906 3326 1981 χωρίον,
3381 1905 3487 1961 ἀπὸ
3567 1909 3688 1974 τοῦ,

2034 2022 2064 2051 ‹‹
2125 2001 2277 2072 Λέγω
2327 1994 2385 2051 δὲ
2435 1996 2671 2070 Χριστὸν
2732 1997 2967 2066 Ἰησοῦν.
3057 2019 3082 2047 ι»
3158 1995 3495 2073 Ἐπαγγελία
3549 1996 3692 2072 πρὸς

2030 2087 2124 2142 τὸν
2184 2080 2439 2160 ’Δὸραᾶμ
2495 2085 2566 2154 ἦν
2622 2082 2953 2161 γεγενημένη
3016 2084 3266 2161 λέγουσα⁴
3305 2109 3333 2139 ι(
3367 2085 3463 2140 Σοὶ
3525 2081 3690 2139 δώσω

2031 2177 2131 2247 τήν
2165 2182 2291 2251 γῆν
2328 2198 2355 2228 ››
2384 2174 2498 2244 καὶ,
2531 2197 2560 2225 ‹‹
2595 2174 2681 2229 Ἐν
2713 2172 2794 2247 τῷ
2843 2172 3114 2247 σπέρματί
3170 2195 3267 2229 σου
3324 2171 3695 2250 εύλογηθήσε-

2031 2285 2118 2320 ται
2150 2264 2326 2320 πάντα
2352 2263 2421 2318 τὰ
2447 2258 2597 2333 ἔθνηο
2640 2285 2665 2315 ι
2713 2261 2842 2317 ἀλλ’
2895 2261 3138 2340 ἐγένοντο
3194 2262 3474 2323 κολάσεως
3533 2260 3693 2317 ὑπεύ-

2034 2366 2187 2419 θυνοι
2220 2354 2355 2428 μιτὰ
2383 2356 2551 2408 ταῦτα
2581 2352 2634 2406 οἱ
2662 2355 2761 2407 τοῦ
2792 2352 3102 2427 σπέρματος
3150 2349 3409 2429 Ἀϐραὰμ
3436 2354 3691 2415 ἅπαντες.

2032 2444 2096 2501 Ὀ
2123 2443 2225 2521 γὰρ
2256 2441 2426 2515 νόμος
2485 2439 2657 2517 ὀργὴν
2710 2438 2895 2505 αὐτοῖς
2949 2441 3229 2517 εἰργάζετο
3278 2435 3692 2516 παραϐαινόμε-

2030 2553 2144 2603 νος,
2192 2533 2280 2586 καὶ
2337 2536 2438 2600 τῆς
2494 2528 2824 2606 ἐπαγγελίας
2877 2530 3155 2607 ἀπεστέρει
3221 2529 3419 2586 λοιπὸν
3479 2528 3693 2600 ἐκείνης

2030 2626 2133 2689 τῆς
2163 2622 2270 2674 τῶν
2295 2618 2570 2693 Ῑιατέρων.
2990 2629 2994 2633 ·

2104 2831 2545 2910 Παραγενόμενος
2595 2830 2776 2885 τοίνυν
2828 2832 2856 2887 6
2902 2832 3045 2900 Υἱὸς,
3105 2831 3396 2907 συνέπραξε
3450 2834 3530 2904 τῷ
3582 2838 3689 2887 Πα-

2031 2924 2142 2997 τρὶ,
2174 2921 2250 2986 εἷς
2281 2921 2343 2976 τὸ
2371 2920 2468 2982 τὰς
2520 2917 2842 2996 ἐπαγγελίας
2873 2920 3171 2992 ἀληθεῦσαι
3219 2921 3447 2985 ἐκείνας.
3505 2920 3690 2978 Πάντα

2033 3009 2137 3087 γάρ
2166 3009 2259 3063 τὸν
2287 3007 2460 3081 νόμον
2508 3005 2812 3082 πληρώσας
2844 3006 2897 3060 ἐν
2931 3008 2977 3079 ᾧ
3029 3006 3119 3062 καὶ
3150 3009 3422 3082 περιτομὴ
3474 3008 3564 3076 ἦν,
3594 3008 3689 3063 καὶ

2030 3098 2198 3173 ταύτῃ
2234 3096 2326 3151 καὶ
2359 3092 2449 3151 διὰ
2476 3098 2574 3150 τοῦ
2632 3093 2866 3172 σταυροῦ
2925 3095 3241 3171 ἀπαλλάξας
3298 3100 3424 3160 τοὺς
3475 3096 3563 3153 ἐπὶ
3616 3101 3690 3172 τῇ

266 3198 573 3271 gressione
605 3200 796 3261 erant,
820 3210 943 3249 non
966 3190 1237 3264 permisit
1268 3187 1540 3244 excidere
1566 3182 1911 3258 promissio-

2036 3184 2354 3263 παραϐάσει,
2412 3187 2511 3240 ούκ
2565 3184 2743 3263 ἀφῆκε
2809 3183 3080 3241 διαπεσεῖν
3155 3187 3253 3255 τήν
3331 3163 3690 3262 ἐπαγγελίαν..

267 3284 683 3351 nem.Quando
715 3299 851 3355 ergo
882 3281 1026 3337 dicit
1043 3279 1387 3335 ministrum
1420 3271 1918 3338 circumcisionis,

267 3375 380 3430 hoc
411 3374 574 3441 dicit,
609 3371 769 3444 quod
798 3387 935 3426 cum
960 3369 1219 3425 venisset
1248 3371 1551 3434 totamque
1591 3362 1783 3433 legem
1805 3360 1917 3415 im-

269 3462 512 3535 plesset,
546 3461 724 3516 etiam
751 3457 1139 3515 circumcisus
1171 3460 1230 3509 et
1273 3468 1477 3508 semen
1511 3450 1807 3505 Abraham
1840 3448 1921 3503 fa-

270 3555 423 3621 ctus,
445 3547 893 3621 solvitlegalem
926 3543 1433 3607 maledictionem,
1468 3540 1615 3594 iram
1637 3538 1738 3593 Dei
1759 3537 1922 3592 seda-

265 3640 369 3710 vit,
403 3644 571 3712 aptos
602 3637 861 3708 denique
892 3635 1034 3691 fecit
1062 3639 1128 3689 ut
1157 3633 1217 3687 in
1248 3636 1554 3705 posterum
1574 3627 1922 3700 promissio-

266 3748 407 3789 nem
440 3727 922 3801 susciperent.Ne
951 3740 1086 3797 ergo
1109 3723 1315 3778 dicant
1332 3720 1391 3775 bi
1409 3719 1507 3790 qui
1524 3723 1918 3773 accusantur:

267 3819 574 3889 Quomodo
597 3834 734 3891 ergo
756 3814 1023 3872 Christus
1054 3810 1442 3869 circumcisus
1474 3815 1580 3873 est,
1616 3813 1919 3877 totamque

264 3913 456 3986 legem
488 3906 814 3977 servavit,si
848 3923 878 3961 e
909 3904 1141 3961 diverso
1173 3902 1361 3973 ipsam
1396 3898 1647 3955 evertit?
1668 3897 1783 3952 ait:
1805 3898 1922 3951 Ne-

268 4019 382 4075 que
412 4000 573 4057 enim
641 4003 707 4053 ut
761 3997 854 4051 lex
917 3999 1191 4051 maneret
1246 3991 1359 4046 hoc
1415 3989 1659 4054 fecerat,
1723 3986 1827 4042 sed
1857 3990 1924 4040 ut

266 4093 459 4164 ipsam
490 4089 766 4146 solveret.
783 4091 843 4141 et
870 4085 943 4140 ab
974 4084 1141 4139 illius
1172 4080 1592 4137 maledictione
1618 4078 1919 4133 liberaret.

268 4178 495 4235 Deinde
521 4194 596 4232 ne
647 4176 708 4231 id
729 4178 983 4231 verteret
1003 4172 1067 4226 in
1088 4176 1384 4225 tumorem
1426 4184 1527 4223 eos
1559 4166 1657 4237 qui
1692 4183 1759 4221 ex
1778 4182 1923 4238 gen—

268 4267 430 4323 tibus
461 4269 651 4333 erant,
683 4262 827 4318 dicit
859 4277 871 4314 :
912 4280 934 4308 ι
970 4260 1044 4314 Ut
1096 4262 1302 4331 gentes
1359 4272 1466 4327 pro
1515 4253 1926 4309 misericordia

270 4355 607 4424 gloriﬁcent
640 4353 895 4407 Deum.»
927 4349 1046 4403 Hoc
1078 4351 1168 4401 est
1194 4349 1395 4400 autem
1418 4343 1578 4414 quod
1608 4341 1754 4398 dicit
1785 4359 1798 4397 :
1830 4342 1923 4397 Ju-

271 4443 385 4499 daei
424 4442 668 4513 quidem
694 4436 1125 4510 promissiones
1184 4432 1395 4489 saltem
1441 4435 1827 4503 acceperant;
1862 4434 1925 4484 tu

2027 3285 2188 3335 Ὅταν
2248 3277 2342 3330 οῦν
2390 3273 2536 3350 λέγει
2591 3271 2846 3330 διάκονον
2907 3283 3238 3353 περιτομῆς,
3293 3281 3462 3332 τοῦτο
3519 3275 3694 3352 λέγει,

2029 3369 2114 3423 ’ὁτι
2147 3366 2318 3421 ἐλθὼν
2353 3365 2442 3421 καὶ
2474 3364 2646 3421 πάντα
2673 3367 2765 3421 τὸν
2798 3367 2969 3441 νόμον
3010 3368 3332 3444 πληρώσας,
3391 3369 3481 3423 καὶ
3538 3387 3693 3443 περι-

2028 3455 2285 3528 τμηθεὶς,
2314 3453 2407 3508 καὶ
2439 3452 2732 3529 γενόμενος
2782 3455 2998 3529 σπέρμα
3052 3459 3149 3510 τοῦ
3199 3450 3478 3530 Ἀϐραὰμ,
3536 3453 3697 3511 ἔλυσε

2031 3546 2132 3615 την
2177 3544 2415 3619 κατάραν
2470 3544 2571 3611 τὴν
2638 3545 2897 3616 νομικὴν,
2955 3543 3152 3600 ἔπαυσε
3200 3546 3302 3614 τήν
3364 3544 3536 3620 ὀργὴν
3594 3550 3693 3600 τοῦ

2030 3636 2188 3703 Θεοῦ,
2214 3628 2560 3701 ἐπιτηδείους
2589 3630 2783 3686 λοιπὸν
2817 3630 3044 3702 ἐποίησε
3082 3634 3217 3695 τοὺς
3271 3630 3576 3707 μὲλλοντας
3609 3629 3693 3687 δέ-

2031 3724 2222 3797 χεσθαι
2254 3722 2354 3790 τήν
2387 3717 2743 3795 ἐπαγγελίαν.
2775 3725 2894 3780 Ἵνα
2925 3722 3017 3777 οὗν
3050 3724 3127 3795 μὴ
3179 3721 3408 3799 λέγωσιν
3440 3723 3593 3778 οὗτοι
3631 3723 3688 3778 οἱ

2034 3810 2464 3888 ἐγκαλούμενον
2495 3810 2618 3871 ΙΙῶς
2645 3810 2735 3864 οὗν
2788 3811 2816 3865 6
2873 3812 3104 3887 Χριστὸς
3159 3811 3560 3888 περιετέμνετο,
3591 3811 3685 3865 καὶ

2031 3903 2206 3957 πάντα
2233 3902 2327 3957 τὸν
2359 3902 2528 3975 νόμον
2561 3898 2842 3980 ἐφύλαξεν,
2875 3901 2920 3956 εἰ
2978 3902 3312 3972 τούναντίον,
3371 3901 3536 3955 αὐτὸν
3592 3920 3689 3955 πε-

2032 3991 2274 4068 ριτρέπει
2310 4010 2323 4061 ;
2355 3990 2647 4069 φησίν’ού
2705 3991 2809 4068 γὰρ
2860 3990 2953 4048 ’ίνα
3014 3994 3167 4068 μείνῃ
3224 3992 3252 4046 6
3308 3989 3477 4063 νόμος
3518 3991 3682 4042 τοῦτο

2032 4080 2313 4151 ἐποίησεν,
2354 4078 2483 4136 ἀλλ’
2521 4081 2614 4134 ἳνα
2659 4080 2820 4136 αὐτὸν
2888 4078 3048 4156 λύσῃ,
3112 4080 3201 4137 καὶ
3261 4076 3545 4150 ἀπαλλάξῃ
3577 4082 3680 4143 τῆς

2031 4167 2239 4225 ἐκείνου
2269 4167 2527 4243 κατάρας.
2559 4173 2693 4223 Εἶτα
2728 4169 2821 4223 ἳνα
2854 4171 2929 4243 μὴ
2979 4174 3142 4227 τοῦτο
3200 4169 3414 4248 φυσησῃ
3471 4164 3598 4226 τοὺς
3630 4162 3685 4234 ἐξ

2032 4257 2228 4328 ἐθνῶν,
2264 4256 2415 4336 φησί.
2448 4281 2476 4309 ‹‹
2508 4257 2583 4312 Τὰ
2614 4254 2670 4312 δὲ
2700 4255 2826 4329 ἔθνη
2897 4259 3028 4335 ὑπὲρ
3087 4258 3273 4321 ἐλέους
3330 4253 3549 4326 δοξάσαι
3596 4254 3690 4309 τὸν

2033 4347 2186 4404 Θεόν.
2224 4370 2251 4397 ››
2282 4349 2351 4405 "0
2383 4342 2439 4400 δὲ
2471 4346 2638 4422 λέγει,
2669 4349 2920 4404 τοιοῦτόν
2952 4346 3117 4403 ἐστιν’
3152 4349 3220 4407 Ol.
3281 4346 3376 4422 μὶν
3438 4345 3491 4417 ἐξ
3548 4347 3691 4400 ’ίου-

2033 4436 2226 4508 δαίων,
2257 4435 2355 4493 κᾶν
2388 4436 2713 4513 ἐπαγγελίας
2745 4439 2923 4518 εἶχον
2961 4440 3023 4494 σὺ
3079 4438 3137 4495 δὲ
3193 4437 3318 4495 οὐδὲ
3344 4443 3532 4508 τοῦτο,
3566 4435 3694 4492 ἀλλ’

268 4548 403 4588 vero
425 4546 500 4586 ne
535 4529 594 4585 id
655 4526 921 4599 quidem,
982 4522 1087 4580 sed
1145 4523 1273 4579 sola
1321 4521 1686 4593 benignitate
1725 4519 1920 4575 salvus

2036 4527 2135 4583 ίιπὸ
2167 4523 2575 4604 φιλανθρωπίας
2607 4524 2817 4598 ἐσώθης
2850 4528 3047 4601 μόνης,
3080 4527 3130 4584 εἰ
3176 4527 3266 4583 καὶ
3323 4526 3391 4583 τὰ
3453 4523 3696 4600 μάλιστα

266 4622 460 4679 factus
490 4625 617 4676 est:
648 4631 995 4690 quanquam
1023 4629 1135 4669 nec
1166 4612 1253 4667 illi
1278 4628 1312 4667 a
1332 4609 1728 4683 promissione
1747 4607 1921 4679 quid-

269 4728 450 4784 quam
481 4708 847 4767 eminentius
866 4704 1237 4772 habuissent,
1262 4702 1379 4757 nisi
1410 4698 1925 4757 advenissetChri—

270 4779 417 4858 stus.
443 4800 640 4857 Gloria
651 4803 851 4855 autem
866 4794 970 4851 Dei
995 4798 1084 4849 est
1105 4791 1265 4864 quod
1295 4779 1598 4864 conjuncti
1616 4787 1924 4860 sint,quod

272 4890 469 4962 ipsum
490 4887 859 4944 unanimiter
876 4883 1257 4948 benedicant,
1286 4879 1443 4951 quod
1470 4879 1926 4935 imbecilliorem

270 4978 489 5032 ferant.
524 4996 552 5026 α
584 4979 832 5046 PrOpter
855 4975 968 5028 hoc
997 4970 1326 5027 conﬁtebor
1345 4969 1446 5024 tibi
1483 4968 1543 5022 in
1575 4967 1871 5041 gentibus.
1903 4989 1922 5015 ι

274 5063 707 5119 Testimonium
728 5060 973 5133 profert,
1000 5057 1325 5115 ostendens
1365 5055 1524 5126 quod
1575 5057 1929 5127 conjunctos

276 5158 549 5225 oporteat
577 5170 706 5208 esse
728 5151 964 5207 Iudaeos
984 5149 1282 5223 gentibus.
1308 5179 1372 5187 —-
1405 5146 1536 5202 Alio
1567 5147 1747 5202 modo.
1782 5146 1931 5201 Illud

279 5248 477 5299 autem
509 5263 539 5291 «
571 5240 915 5296 Conﬁtebor
945 5238 1051 5293 tibi
1080 5239 1141 5293 in
1173 5236 1469 5309 gentibus,
1505 5236 1774 5303 Domine,
1798 5258 1825 5288 ››
1863 5254 1935 5292 ex

277 5347 535 5404 persona
562 5329 779 5385 Christi
818 5329 1040 5383 dictum
1072 5334 1200 5383 est:
1233 5317 1347 5381 hoc
1372 5325 1822 5396 est,praadicabo
1854 5332 1931 5398 te,

279 5422 596 5489 Pateremi,
629 5421 783 5476 inter
812 5423 1037 5491 gentes.
1073 5440 1100 5469 ι(
1137 5421 1208 5473 Ει
1237 5418 1338 5489 qui
1371 5421 1646 5488 exsurget
1692 5418 1765 5473 ad
1820 5418 1932 5475 im-

350 5578 395 5614 ⁸³
419 5578 561 5634 Gen.
595 5580 717 5647 xm,
754 5576 838 5628 t5.
871 5570 916 5606 ⁶⁴
941 5572 1085 5625 Gen.
1119 5586 1216 5636 xu,
1248 5570 1300 5623 3.

2034 4615 2148 4674 οὐδ’
2177 4615 2402 4679 ἐκείνοις
2430 4638 2484 4673 τι
2526 4614 2699 4673 πλέον
2752 4616 2965 4693 ἐγένετο
2994 4618 3102 4673 άπὸ
3127 4620 3227 4687 τῆς
3256 4614 3609 4692 ἐπαγγελίας,
3645 4615 3694 4670 εί

2037 4710 2113 4782 μή
2147 4707 2468 4784 παρεγένετο
2494 4709 2523 4761 6
2549 4707 2800 4783 Χριστός.
2840 4707 2977 4781 Δόξα
3007 4705 3066 4764 δὲ
3096 4712 3253 4778 Θεοῦ,
3283 4707 3346 4763 τὸ
3400 4708 3696 4784 συνῆφθαι,

2033 4799 2096 4854 τὸ
2156 4793 2513 4871 ὁμοθυμαδὸν
2574 4797 2859 4875 εὐφημεῖν,
2913 4799 2976 4853 τὸ
3036 4797 3322 4872 βαστάζειν
3380 4795 3475 4851 τὸν
3531 4795 3697 4850 ἀσθε-

2037 4886 2301 4961 νέστερον.
2341 4909 2369 4942 ι
2400 4886 2498 4941 Διὰ
2527 4889 2687 4942 τοῦτο
2720 4884 3207 4963 ἐξομολογησομαί
3238 4907 3322 4940 σοι
3354 4882 3409 4940 ἓν
3441 4882 3630 4939 ἔθνεσι.
3670 4909 3699 4936 ››

2037 4978 2152 5045 Τήν
2190 4976 2487 5051 μαρτυρίαν
2520 4977 2694 5053 φέρει,
2720 4973 2933 5038 δεικνὺς
2974 4976 3058 5031 ὅτι
3120 4982 3390 5051 συνῆφθαι
3448 4971 3532 5029 δεῖ
3569 4972 3700 5036 τοὺς

2039 5065 2090 5138 ἐξ
2121 5061 2404 5122 Ἰουδαίων
2435 5070 2553 5126 τοῖς
2582 5058 2804 5129 ἔθνεσιν,
2835 5099 2907 5107 —
2929 5064 3178 5128 "Anium.
3238 5064 3318 5122 Τὸ
3376 5059 3457 5133 δὲ,
3492 5086 3519 5113 ‹‹
3582 5062 3704 5133 Ἐξ-

2040 5149 2478 5229 ομολογήσομαί
2508 5173 2594 5207 σοι
2653 5152 2707 5207 ἐν
2767 5148 2957 5223 ἔθνεσι,
3021 5153 3211 5228 Κύριε,
3245 5176 3274 5203 »
3305 5149 3366 5205 ἐκ
3396 5149 3703 5224 προσώπου

2042 5243 2140 5296 τοῦ
2169 5241 2403 5316 Χριστοῦ
2429 5239 2666 5318 εἷ’ρηται,
2695 5240 2811 5298 ἀντὶ
2844 5245 2962 5310 τοῦ,
2996 5241 3232 5317 Κηρύξω
3282 5259 3360 5306 σε,
3422 5233 3468 5293 ὦ
3500 5236 3703 5311 Πάτερ,

2043 5328 2096 5384 ἐν
2126 5337 2244 5391 τοῖς
2276 5327 2466 5387 ἔθνεσι.
2497 5356 2525 5385 ‹‹
2559 5330 2665 5388 Καὶ
2696 5334 2725 5387 ὁ
2781 5332 3138 5406 ἀνιστάμενος
3194 5328 3386 5405 ἃρχειν
3447 5326 3633 5391 ἐθνῶν.
3674 5351 3704 5379 η

2043 5419 2144 5488 Τὸ,
2175 5420 2289 5490 καὶ,
2320 5417 2669 5494 παρέλκεται,
2699 5420 2794 5476 ’ίνα
2823 5423 2892 5494 ᾕ‹‹
2926 5423 3115 5479 Ἔσται
3168 5423 3228 5489 ἡ,
3272 5418 3394 5494 ῥίζα
3423 5421 3521 5473 τοῦ
3568 5417 3708 5471 Ἰεσ-
