4122 6388
298 365 420 423 61⁸1

1382 361 1793 424 COMMENT.
1845 361 1919 419 IN
1967 361 2217 422 EPIST.
2263 365 2370 424 AD
2419 366 2605 425 ΗΘΜ.

3591 377 3712 438 618

296 519 412 564 σαι,
446 521 475 550 »
508 495 646 553 Ποία
676 495 816 568 αὕτη
849 515 862 566 ;
894 495 949 552 Ὀ
1002 494 1379 569 ἀνιστάμενος,
1439 496 1620 575 φησὶν,
1654 494 1846 573 ἄρχειν
1873 494 1958 560 έθ⁹

2085 500 2408 572 perandum
2465 502 2761 575 gentibus.
2797 527 2826 556 »
2859 507 3210 578 Conjunctio
3250 507 3362 578 καὶ,
3423 510 3484 567 id
3514 517 3626 577 est,
3655 522 3731 583 et,

299 591 438 654 νῶν,
471 586 749 642 τουτέστιν
784 586 814 640 ὁ
844 585 1101 662 Χριστός.

378 869 423 921 Ο
484 862 540 919 δὶ
597 865 728 926 Θεὸς
780 871 880 934 τῆς
947 862 1172 927 ἐλπίδος
1229 864 1526 941 πληρώσαι
1598 866 1738 936 ὑμᾶς
1793 861 1971 934 πάσης

301 958 485 1029 χαρᾶς
539 953 629 1008 καὶ
689 953 939 1030 εἰρήνης,
999 953 1052 1010 ἐν
1110 960 1191 1027 τῷ
1240 955 1510 1010 πιστεύειν
1546 954 1623 1016 εἷς
1669 952 1732 1008 τὸ
1781 973 1970 1028 περισο

296 1045 478 1097 σεύειν
539 1042 682 1113 ὑμᾶς
741 1047 795 1097 ἐν
853 1046 921 1117 τῇ
1007 1042 1215 1114 ἐλπίδι,
1267 1043 1318 1099 ἐν
1378 1041 1602 1117 δυνάμει
1659 1041 1972 1116 Ηνεύματος

297 1131 486 1206 ἁγίου.
525 1135 826 1205 [Ιέπεισμαι
889 1130 966 1200 δὲ,
1025 1131 1258 1212 ἀδελφοὶ
1323 1154 1452 1207 μου,
1508 1132 1599 1186 καὶ
1656 1131 1822 1194 αὐτὸς
1859 1129 1971 1207 ἐγὼ

296 1222 427 1296 περὶ
500 1221 675 1293 ὑμῶν,
745 1220 830 1277 ὅτι
881 1222 971 1276 καὶ
1031 1222 1186 1278 αὐτοὶ
1261 1221 1449 1294 μεστοὶ
1503 1220 1620 1276 ἐστε
1684 1219 1968 1296 ἀγαθωσύ-

289 1310 880 1386 νης,πεπληρωμένοι
938 1313 1116 1384 πάσης
1176 1314 1454 1392 γνώσεως,
1531 1310 1821 1387 δυνάμενοι
1880 1309 1971 1366 καὶ

299 1399 513 1464 ἄλλους
544 1407 835 1466 νουθετεῖν.

381 1489 551 1546 Πάλιν
614 1490 691 1554 είς
750 1491 925 1567 εὐχήν
979 1490 1135 1564 ἦλθε,
1196 1491 1366 1568 λέγει’
1444 1494 1506 1550 Ὁ
1565 1493 1716 1560 Θεὸς,
1785 1503 1970 1569 φησιν³

300 1579 612 1651 ἀπαλλάξει
646 1580 784 1654 ὑμᾶς
834 1587 934 1650 τῆς
991 1583 1127 1654 πρὸς
1187 1579 1477 1652 ἀλλήλους
1510 1581 1719 1656 μάχης,
1751 1580 1841 1636 καὶ
1871 1579 1971 1648 τῆς

295 1668 449 1734 ἔνθεν
506 1670 761 1742 ἀθυμίας.
826 1694 852 1724 (ι
886 1671 948 1729 Ὁ
1007 1672 1140 1734 Θεὸς
1199 1678 1300 1739 τῆς
1359 1669 1672 1732 ἐλπίδος.»
1714 1667 1971 1732 Ἐλπίδος

299 1759 444 1827 ἐστὶ,
477 1761 634 1839 φησὶ,
663 1760 820 1830 Θεὸς,
848 1761 876 1814 ὁ
908 1760 1040 1824 Θεὸς
1071 1763 1255 1834 ἡμῶν.

377 1853 541 1906 Ὥστε
570 1849 757 1914 καλῶς
822 1851 1133 1929 ἐπεύχομαι
1195 1854 1344 1927 ὑμῖν.
1402 1852 1646 1944 Ἐλπίζω
1687 1853 1791 1928 γὰρ
1823 1851 1973 1944 ἐνερ-
2003 1879 2049 1944 Β

299 1951 474 2018 γῆσαι
505 1949 606 2012 τῆν
661 1943 862 2022 εὐχὴν,
911 1942 974 1998 ἂν
1032 1943 1186 1999 αὐτοὶ
1244 1946 1410 2017 μόνον
1445 1943 1756 2019 βούλοισθε.
1793 1947 1880 2000 Ἐν
1914 1941 1972 1998 δὲ

300 2040 386 2106 τῷ
415 2035 707 2104 πιστεύειν,
741 2041 919 2114 χαρᾶς
947 2036 1035 2090 καὶ
1084 2036 1308 2108 εἰρήνης
1357 2043 1459 2106 τῆς
1489 2036 1630 2092 κατᾶ
1652 2035 1779 2098 τοὺς
1810 2033 1973 2110 λογι-

305 2125 484 2199 σμοὺς
515 2124 919 2200 πληρούμενοι,
944 2126 1077 2201 ὅπερ
1112 2125 1265 2200 ὑμῶν
1304 2127 1712 2206 ὑπερεύχομαι,
1735 2126 1854 2182 ἐστὲ
1880 2126 1971 2181 καὶ

307 2216 364 2270 ἐν
422 2219 491 2288 τῇ
545 2215 730 2271 ἐλπίδι
788 2215 1221 2292 περισσεύοντες,
1279 2218 1396 2272 οἷον
1455 2216 1848 2286 πλουτοῦντες,
1880 2214 1970 2270 καὶ

307 2302 564 2379 δαψιλῶς
596 2301 948 2378 διακείμενοι.
1008 2310 1190 2364 Ταῦτα
1247 2303 1305 2361 8‘s
1353 2303 1442 2361 διὰ
1489 2315 1590 2378 τῆς
1623 2306 1849 2381 χάριτος
1878 2303 1969 2360 καὶ

306 2391 594 2468 δυνάμεως
661 2400 756 2450 τού
822 2397 1091 2472 παναγίου
1169 2396 1524 2472 παραγίνεται
1632 2396 1966 2468 ΙΙνεύματος.

307 2516 376 2527 -
409 2483 656 2546 Ἀλλως·
718 2484 956 2559 Είὶχεται
1012 2484 1196 2546 αὐτὸῖς
1250 2485 1336 2541 ἳνα
1392 2485 1733 2560 πληρωθῶσι
1791 2485 1969 2557 πάσης

299 2578 481 2649 χαρᾶς
513 2575 565 2628 οἱ
599 2575 648 2647 ἐξ
683 2573 961 2630 Ἰουδαίων
1018 2575 1194 2647 (οὗτοι
1263 2575 1367 2653 γὰρ
1423 2576 1672 2648 ἠθύμουν
1718 2574 1969 2644 ἐκπλητ-

298 2664 574 2736 τόμενοι),
606 2663 698 2718 καὶ
729 2664 978 2738 εἰρήνης,
1013 2664 1070 2718 οἳ
1102 2663 1152 2735 ἐξ
1181 2664 1373 2728 ἐθνῶν.
1409 2665 1574 2723 Οὗτοι
1615 2669 1717 2740 γαρ
1751 2660 1971 2719 ἐδόκουν

303 2749 566 2825 ἀπεχθῶν
595 2745 741 2826 ἔχειν
772 2751 907 2826 πρὸς
965 2751 1091 2814 τοὺς
1152 2751 1230 2806 ἔτι
1284 2756 1364 2826 τῷ
1393 2753 1552 2825 νόμῳ
1585 2751 1970 2832 ἐξεχομένους,

306 2840 525 2911 μᾶλλον
558 2838 615 2895 δί
648 2841 952 2918 ἀμιρότέροι
986 2841 1332 2918 ἀμφοτέρων.
1369 2869 1389 2892 ιι
1418 2844 1606 2914 Ἐντῷ
1638 2841 1968 2899 πιστεύειν.»

306 2931 486 2987 Τοῦτο
508 2930 608 3004 γὰρ
643 2935 769 3005 παρ’
810 2932 972 3002 ἡμῶν
1028 2929 1376 2998 εἶσενεκτέον,
1410 2932 1506 2999 τὴν
1539 2951 1744 2986 πεστιν.
1776 2933 1870 2987 Ἐκ
1899 2927 1966 3002 δὴ

301 3018 502 3073 τούτου
535 3018 682 3074 ἔσται
711 3022 850 3091 ἡμῖν
908 3019 970 3074 τὸ
1027 3020 1243 3074 πάντων
1302 3019 1478 3075 αἶ’τιον
1507 3025 1615 3075 τῶν
1641 3019 1877 3094 ἀγαθῶν.
1903 3020 1967 3076 Ἠ

306 3108 382 3169 εἰς
413 3109 545 3164 Θεὸν
576 3105 756 3170 ἐλπίς.
789 3115 888 3163 “liv
924 3112 1039 3181 μεθ’
1071 3104 1391 3184 ὑπερϐολῆς
1437 3109 1750 3185 ἐπεύχεται.
1784 3109 1879 3173 Εἷς
1904 3108 1970 3164 τὸ

307 3198 644 3273 περισσεύειν
674 3199 780 3275 γὰρ
810 3220 998 3276 φησιν,
1021 3197 1153 3272 ὅπερ
1182 3198 1280 3253 οὐκ
1311 3195 1501 3260 ἄλλως
1533 3197 1702 3266 ἔσται,
1728 3198 1772 3253 εί
1798 3199 1874 3269 μή
1899 3201 1968 3270 τῇ

310 3285 537 3362 δδναμει
577 3293 676 3342 τοῦ
733 3288 1051 3349 Ιινεύνατος.
1107 3289 1167 3346 Ὁ
1219 3289 1401 3343 τοίνυν
1432 3287 1493 3342 τὸ
1552 3291 1768 3360 ΙΙνεῦμα
1798 3283 1964 3362 ἔχων,

307 3381 372 3432 τὰ
403 3379 576 3433 πάντα
607 3372 748 3453 ἔχει.
802 3402 830 3430 ‹‹
863 3380 1163 3449 Πέπεισμαι
1197 3374 1272 3432 δέ.
1313 3401 1340 3429 η
1401 3377 1474 3431 Ού
1533 3375 1750 3450 δέομαι,
1811 3377 1967 3453 φησὶ,

315 3473 498 3541 μαθεῖν
541 3469 669 3543 παρ’
726 3465 947 3540 ἑτέρων,
1012 3465 1159 3522 ἀλλά
1217 3466 1746 3544 πεπληροφόρημαι.
1799 3493 1825 3518 ‹‹
1863 3473 1968 3521 Με-

312 3556 430 3612 cro".
483 3556 603 3612 ἐστε
659 3555 1034 3631 ἀγαθωσύνης.
1087 3581 1111 3611 ι)
1172 3556 1558 3633 Ἀγαθωσύνην
1628 3554 1810 3626 καλεῖ,
1869 3558 1967 3627 τήν

317 3645 722 3720 ἀπηρτισμένην
754 3646 970 3722 ἀρετήν.
1003 3648 1075 3702 Τὸ
1131 3643 1209 3715 δὲ,
1278 3669 1299 3696 ι
1340 3647 1550 3718 μεστοὶ,
1586 3678 1609 3703 ››
1669 3646 1968 3708 ἐπιτάσεώς

332 3733 442 3788 ἔστι
499 3737 658 3810 ῥῆμα.
722 3763 743 3789 ι
777 3737 1216 3812 Πεπληρωμένοι
1273 3738 1451 3808 πάσης
1511 3737 1782 3812 γνώσεως.
1821 3761 1849 3790 ››
1907 3737 1968 3794 Τί

335 3823 436 3897 γὰρ
469 3825 550 3878 δτι
597 3826 919 3904 φιλάδελφός
981 3827 1092 3883 ἐστί
1147 3848 1254 3894 τις,
1318 3826 1377 3882 οὐ
1437 3825 1735 3901 δυνάμενος
1781 3824 1839 3882 δὲ
1895 3825 1971 3888 είς

330 3910 450 3968 δέον
479 3917 543 3988 τῇ
573 3915 741 3993 ἀγάπῃ
774 3919 1086 3994 χρήσασθαι
1114 3935 1127 3986 ;
1161 3917 1262 3973 Διὰ
1311 3918 1478 3972 τοῦτό
1529 3937 1686 3992 φησυ
1721 3941 1748 3969 ι(
1786 3919 1970 3987 Πάσης

320 4005 587 4078 γνώσεως.
622 4031 649 4058 ι)
712 4006 1011 4081 Δυνάμενω
1065 4008 1154 4063 καὶ
1213 4003 1420 4070 ἄλλους
1468 4010 1756 4064 νουθετεῖν.
1800 4041 1866 4052 -
1897 4007 1971 4063 Οὐ

318 4097 482 4169 μόνον
513 4097 576 4153 ού
604 4095 802 4170 δεῖσθε,
837 4097 992 4177 φησὶ,
1037 4100 1430 4174 παραινέσεως,
1463 4098 1611 4156 ἀλλᾶ
1639 4099 1733 4155 καὶ
1763 4097 1971 4164 ἄλλους

313 4180 610 4245 διδάσκετε.

958 4339 1227 4394 ΚΕΦΑΛ.
1267 4338 1330 4393 Κ.

378 4444 510 4522 Περὶ
541 4443 889 4523 λειτουργίας
919 4445 1109 4516 αὐτοῦ,
1143 4451 1243 4515 τῆς
1293 4443 1344 4502 έν
1379 4445 1647 4520 Ἀνατολῇ
1680 4445 1768 4503 καὶ
1802 4447 1901 4502 Δύ-

1095 4537 1194 4574 σει.

2077 590 2374 661 superﬂue
2407 591 2810 664 interponitur
2837 602 2904 650 ut
2934 597 3011 651 sit
3040 597 3134 652 hic
3158 614 3368 654 sensus
3395 616 3408 654 :
3433 622 3461 650 «
3487 601 3611 655 Erit
3638 619 3732 658 ra-

2077 677 2175 732 dix
2207 679 2406 735 Jessaa.
2447 704 2468 728 ι
2499 682 2783 746 Quaenam
2810 684 2963 740 illa?
2993 709 3019 737 «
3055 685 3162 752 Qui
3193 696 3488 761 exsurget.
3511 691 3730 764 inquit,

2076 767 2151 822 ad
2182 769 2600 840 imperandum
2631 773 2928 844 gentibus,
2964 774 3023 828 id
3055 783 3162 843 est,
3192 777 3478 834 Christus.

2147 857 2259 922 XV,
2296 861 2378 924 13,
2416 861 2499 914 14.
2536 884 2560 909 ‹‹
2597 862 2752 916 Deus
2775 867 2973 918 autem
3007 864 3133 935 spei
3166 865 3413 937 impleat
3437 884 3535 923 vos
3567 870 3737 925 omni

2077 966 2104 994 ‹‹
2129 946 2343 1017 gaudio
2367 955 2424 1002 et
2442 965 2587 1020 pace
2611 951 2671 1004 in
2691 951 3077 1018 credendo,in
3099 953 3302 1020 hoc,ut
3319 956 3655 1012 exuberetis
3676 958 3744 1013 in

2084 1056 2108 1086 c
2132 1052 2234 1107 spe
2260 1053 2364 1106 per
2385 1039 2712 1109 potentiam
2737 1040 2990 1111 Spiritus
3019 1043 3227 1098 sancti.
3248 1045 3577 1101 Persuasus
3612 1061 3747 1103 sum

2077 1147 2102 1173 «
2130 1131 2350 1192 autem,
2383 1130 2596 1183 fratres
2630 1129 2768 1196 mei,
2793 1137 2851 1184 et
2879 1146 2984 1203 ego
3017 1131 3143 1203 ipse
3176 1131 3249 1187 de
3281 1133 3469 1201 vobis,
3506 1135 3668 1205 quod
3691 1141 3750 1191 et

2079 1236 2105 1263 «
2131 1214 2244 1286 ipsi
2267 1216 2427 1287 pleni
2462 1218 2604 1272 estis
2623 1217 3146 1291 bonitate,impleti
3165 1221 3331 1276 omni
3358 1224 3710 1296 scientia,po
3725 1255 3744 1267 -

2078 1328 2105 1354 (ι
2135 1311 2326 1361 tentes
2354 1307 2533 1362 etiam
2565 1308 2815 1363 invicem
2850 1309 3004 1365 alius
3035 1311 3221 1366 alium
3253 1312 3598 1372 admonere.
3635 1337 3659 1367 ι

2151 1397 2406 1451 Rursum
2438 1398 2512 1453 ad
2538 1399 2869 1454 orationem
2900 1400 3080 1468 venit,
3133 1407 3191 1455 et
3241 1402 3362 1456 ait:
3398 1403 3554 1459 Deus
3587 1403 3742 1460 libe-

2077 1485 2233 1540 rabit
2253 1503 2353 1541 vos
2384 1503 2418 1541 a
2443 1493 2650 1544 mutua
2671 1489 2829 1544 inter
2847 1506 2949 1544 vos
2969 1506 3188 1562 pugna,
3215 1492 3364 1547 40!
3397 1498 3454 1548 et
3485 1493 3556 1550 ab
3581 1494 3743 1550 omni

2078 1577 2351 1648 angustia
2373 1593 2504 1646 quaa
2555 1578 2693 1634 inde
2751 1581 3041 1651 provenit.
3078 1602 3106 1630 «
3139 1581 3292 1638 Deus
3325 1583 3474 1653 spei.
3505 1602 3533 1634 ιι
3583 1583 3742 1658 Spei,

2080 1666 2296 1737 inquit,
2331 1669 2486 1725 Deus
2512 1674 2602 1726 est
2631 1671 2784 1726 Deus
2815 1677 3038 1728 noster.

2149 1854 2352 1926 Itaque
2382 1856 2534 1912 bene
2564 1873 2776 1929 precor
2804 1858 2986 1913 vobis.
3025 1860 3204 1930 Spero
3237 1861 3400 1916 enim
3433 1860 3739 1918 efﬁcacem

2077 1943 2202 1998 fore
2235 1946 2588 2014 orationem,
2632 1948 2682 2001 si
2712 1947 2887 2002 modo
2919 1948 3031 2020 ipsi
3072 1949 3287 2004 velitis.
3344 1951 3411 2004 In
3438 1950 3738 2007 credendo

2077 2039 2276 2088 autem
2307 2035 2535 2107 impleti
2569 2037 2697 2091 sitis
2718 2037 2930 2109 gaudio
2964 2044 3021 2092 et
3052 2054 3216 2109 pace,
3242 2055 3374 2110 qua:
3406 2040 3738 2096 secundum

2077 2123 2465 2195 cogitationes
2483 2125 2767 2195 est(quod
2795 2143 2898 2196 pro
2925 2126 3088 2182 vobis
3111 2131 3376 2199 excepto)
3405 2129 3534 2182 sitis
3557 2130 3742 2184 etiam

2077 2210 2139 2264 in
2173 2228 2276 2282 spe
2309 2212 2704 2269 exuberantes
2739 2215 2858 2270 sive
2909 2214 3079 2271 ditati
3137 2224 3195 2271 et
3249 2216 3484 2273 abunde
3516 2219 3742 2274 affecti.

2077 2302 2210 2354 Haec
2240 2308 2437 2356 autem
2471 2318 2578 2373 per
2605 2304 2858 2375 gratiam
2890 2320 2958 2359 ac
3003 2305 3332 2376 potentiam
3377 2306 3740 2363 sanctissimi

2078 2388 2330 2460 Spiritus
2355 2392 2729 2465 contingunt.
2754 2425 2823 2434 —
2844 2395 2971 2450 Alio
2995 2397 3172 2450 modo.
3199 2397 3339 2452 Orat
3359 2403 3424 2452 ut
3453 2398 3744 2469 implean-

2077 2484 2174 2534 tur
2203 2481 2366 2536 omni
2395 2482 2609 2554 gaudio
2644 2483 2850 2539 ﬁdeles
2881 2485 2981 2556 qui
3033 2501 3103 2539 ex
3132 2485 3350 2540 Iudaeis
3381 2492 3552 2542 erant
3581 2489 3744 2557 (nam

2077 2568 2137 2623 hi
2171 2571 2370 2626 animo
2401 2571 2772 2644 angebantur
2825 2574 2898 2629 ab
2957 2573 3094 2629 aliis
3143 2575 3500 2649 objurgati):
3535 2583 3595 2631 et
3622 2577 3738 2632 im-

2077 2658 2356 2729 pleantur
2386 2676 2529 2732 pace
2564 2662 2665 2732 qui
2698 2669 2870 2718 erant
2899 2680 2969 2718 ex
3013 2665 3310 2734 gentibus,
3344 2665 3405 2720 lli
3439 2665 3737 2736 siquidem

2076 2747 2322 2804 inimico
2354 2752 2555 2806 animo
2593 2751 2945 2808 videbantur
2974 2769 3036 2809 se
3068 2753 3286 2810 habere
3337 2770 3476 2827 erga
3506 2772 3608 2811 eos
3637 2755 3741 2826 qui

2079 2836 2192 2910 legi
2217 2839 2410 2894 adhuc
2433 2840 2856 2897 adhmrebant:
2886 2843 3072 2914 magis
3094 2848 3293 2898 autem
3316 2845 3559 2916 utrique
3585 2851 3747 2900 utro-

2078 2941 2193 2995 que
2216 2927 2584 2998 repleantur.
2612 2952 2635 2983 ιι
2661 2931 2729 2984 In
2755 2930 3120 2986 credendo.»
3151 2931 3270 2986 Ηοο
3311 2933 3472 2987 enim
3504 2949 3539 2988 a
3569 2933 3742 2989 nobis

2078 3013 2457 3072 inferendum
2489 3023 2596 3084 est,
2632 3035 2849 3091 nempe
2883 3019 3050 3074 ﬁdes.
3090 3021 3169 3075 Ex
3202 3020 3312 3076 hoc
3340 3037 3483 3076 sane
3511 3039 3648 3093 spes
3680 3022 3745 3078 in

2078 3107 2261 3158 Deum
2293 3106 2466 3161 nobis
2524 3108 2785 3172 accedet,
2846 3109 3118 3163 omnium
3177 3125 3358 3164 causa
3400 3111 3739 3167 bonorum:

2077 3208 2255 3261 quam
2281 3195 2682 3266 maximopere
2712 3205 3004 3267 precatur.
3037 3198 3107 3252 Ut
3130 3197 3491 3262 exuberetis,
3523 3201 3745 3271 inquit,

2078 3280 2237 3350 quod
2268 3299 2389 3337 non
2419 3283 2536 3338 alio
2568 3284 2736 3339 modo
2767 3286 3090 3358 continget,
3125 3286 3242 3341 nisi
3276 3304 3384 3358 per
3414 3291 3748 3358 potentiam

2078 3369 2348 3440 Spiritus.
2383 3374 2492 3438 Qui
2525 3390 2661 3447 ergo
2704 3375 2988 3446 Spiritum
3048 3375 3254 3441 habet,
3312 3377 3520 3433 omnia
3550 3379 3749 3436 habet.

2079 3485 2107 3512 «
2140 3466 2467 3522 Persuasus
2499 3486 2631 3524 sum
2661 3475 2882 3524 autem.
2920 3493 2947 3518 ››
2981 3471 3106 3526 Non
3138 3487 3291 3543 opus
3335 3477 3427 3527 est
3455 3473 3624 3542 mihi,
3654 3474 3750 3528 in-

2080 3554 2228 3623 quit,
2262 3561 2326 3610 ut
2351 3556 2422 3611 ab
2453 3557 2586 3613 aliis
2619 3557 2868 3622 discam,
2926 3559 3030 3614 sed
3092 3560 3314 3615 certior
3366 3561 3560 3618 factus
3594 3580 3748 3620 sum.

2080 3663 2108 3692 ‹‹
2141 3643 2308 3698 Pleni
2333 3646 2477 3700 estis
2500 3647 2786 3702 bonitate.
2817 3672 2845 3699 »
2874 3649 3206 3704 Bonitatem
3230 3658 3399 3706 vocat
3417 3653 3748 3723 perfectam

2079 3734 2576 3805 virtutem.Pleni,
2609 3755 2744 3794 vero
2777 3739 2958 3794 dictio
2991 3740 3288 3797 intensiva
3317 3749 3427 3797 est.
3454 3765 3481 3793 ‹‹
3511 3743 3750 3815 Impleti

2080 3823 2242 3876 omni
2276 3824 2546 3882 scientia.
2585 3849 2613 3876 »
2654 3827 2805 3891 Quid
2836 3834 3035 3883 autem
3067 3829 3335 3899 proderit
3363 3830 3412 3885 si
3444 3831 3746 3903 quispiam

2078 3911 2291 3968 fratres
2322 3913 2551 3988 diligat,
2582 3915 2698 3970 nisi
2729 3916 2804 3972 ad
2836 3916 2896 3970 id
2947 3918 3106 3986 quod
3135 3935 3283 3988 opus
3315 3925 3405 3974 est
3433 3922 3624 3992 possit
3651 3922 3739 3978 uti

2080 4000 2398 4059 dilectione
2420 4004 2447 4059 ?
2471 4005 2720 4077 PrOpter
2749 4005 2861 4061 hoc
2883 4005 3046 4074 dicit,
3070 4028 3097 4057 ‹‹
3122 4007 3296 4062 Omni
3319 4008 3587 4066 scientia.
3618 4032 3647 4061 ›ι
3670 4039 3740 4052 -

2083 4113 2109 4141 ‹‹
2143 4092 2423 4149 Potentes
2455 4095 2630 4151 etiam
2657 4095 2908 4151 invicem
2939 4095 3094 4152 alius
3125 4096 3311 4154 alium
3340 4098 3685 4156 admouere.
3713 4124 3734 4150 ι

2082 4183 2208 4238 Non
2241 4183 2435 4241 solum
2463 4200 2586 4241 non
2640 4186 2826 4258 egetis
2883 4185 3318 4260 admonitione,
3367 4187 3474 4245 sed
3503 4196 3563 4246 et
3590 4188 3743 4248 alios

2083 4269 2328 4328 docetis.

2711 4366 2943 4421 CAPUT
2991 4366 3112 4425 XX.

2086 4451 2156 4506 De
2214 4455 2526 4511 ministerio
2577 4457 2749 4526 ipsius
2805 4455 2974 4512 Pauli
3027 4457 3089 4511 in
3137 4457 3396 4528 partibus
3428 4457 3664 4517 Orientis
3691 4476 3745 4533 σε

2755 4542 3081 4600 Occidentis.

375 4627 806 4706 Τολμηρότερον
895 4627 952 4685 δὲ
1024 4623 1230 4706 ἔγραψα
1309 4629 1460 4704 ὑμῖν,
1535 4626 1786 4707 ἀδελφοὶ,
1865 4629 1971 4684 ἀπὸ

2154 4633 2274 4700 XV,
2287 4633 2465 4699 15,16.
2489 4653 2518 4685 κ
2531 4633 2833 4690 Audacius
2850 4640 3052 4690 autem
3076 4635 3288 4708 scripsi
3309 4636 3719 4712 vobis,t‘ratres

311 4721 533 4796 μέρους,
598 4719 673 4783 ὡς
764 4717 1266 4794 ἐπαναμιμνήσκων
1364 4719 1502 4790 ὑμᾶς
1566 4715 1656 4774 διὰ
1692 4720 1790 4787 τήν
1859 4717 1961 4792 χά-

310 4830 396 4882 ριν
453 4809 554 4879 τήν
615 4806 865 4873 δοθεῖσάν
929 4829 1023 4882 μοι
1086 4809 1191 4864 ὑπὸ
1240 4812 1336 4863 τοῦ
1393 4812 1549 4881 Θεοῦ,
1611 4807 1689 4870 εἷς
1735 4809 1798 4864 τὸ
1831 4807 1964 4864 εἶναί

314 4919 384 4967 με
463 4895 785 4976 λειτουργὸν
863 4901 1043 4971 Ἰησοῦ
1121 4898 1356 4968 Χριστοῦ
1424 4897 1502 4961 εἷς
1580 4897 1649 4952 τὰ
1708 4895 1830 4967 ἔθνη
1883 4897 1968 4951 ἰε-

313 4994 652 5066 ρουργοῦντα
707 4990 770 5045 τὸ
827 4986 1151 5064 Εὐαγγέλιον
1205 4992 1303 5044 τοῦ
1384 4992 1538 5058 Θεοῦ,
1597 4988 1688 5043 ἳνα
1745 4990 1968 5064 γένηται

310 5082 349 5148 ἡ
397 5080 690 5159 προσφορᾶ
743 5084 852 5136 τῶν
908 5080 1068 5136 ἐθνῶν
1125 5074 1540 5154 εὐπρόσδεκτος,
1573 5081 1882 5154 ἡγιασμένη
1916 5079 1969 5134 ἐν

310 5171 592 5244 Πνεύματι
616 5172 776 5246 ἁγίῳ.

385 5289 412 5313 ιι
447 5262 874 5337 Τολμηρότερον
926 5260 1033 5315 ἀπὸ
1097 5259 1320 5334 μέρους.
1359 5284 1380 5310 ι
1446 5257 1590 5316 Ἀντὶ
1621 5264 1740 5330 τοῦ,
1774 5261 1974 5335 τρόπον

303 5355 452 5420 τινὰ,
484 5351 575 5408 καί
606 5351 656 5408 εἲ
707 5372 791 5414 τις
851 5353 927 5424 μή
985 5351 1086 5419 τήν
1149 5345 1392 5404 διάνοιαν
1429 5348 1569 5419 ὅλην
1603 5348 1817 5424 βλέπει,
1848 5351 1973 5408 ἀλλ’

305 5440 476 5506 αὐτὰς
507 5443 604 5504 τὰς
657 5438 827 5512 λέξεις
874 5439 932 5495 ἐκ
984 5440 1185 5514 μέρους
1229 5437 1704 5513 πολυπραγμονεῖ,
1751 5442 1978 5515 γυμνώ-

306 5553 408 5593 σας
438 5540 540 5602 τῆς
574 5531 832 5594 διανοίας.
869 5529 934 5588 Εἲ
978 5550 1061 5591 τις
1113 5528 1206 5585 οὗν
1251 5527 1311 5584 ἐκ
1369 5527 1566 5602 μέρους
1596 5536 1808 5600 σκοπεῖ,
1836 5529 1978 5606 δόξει

309 5621 556 5696 ἃν,αύτῷ
587 5620 964 5698 σκληρότερὸν
1015 5640 1081 5692 με
1137 5620 1224 5673 καὶ
1280 5618 1615 5698 τραχύτερον
1648 5621 1774 5694 ὑμῖν
1806 5643 1978 5699 προσ-

310 5719 608 5789 ενεχθῆναι
656 5709 744 5768 διὰ
789 5714 898 5769 τῶν
967 5711 1336 5789 γραμμάτων,
1386 5706 1520 5765 ἀλλ’
1565 5709 1696 5786 ἆγὼ,
1754 5714 1830 5777 ὡς
1884 5715 1982 5774 ἐπ.

643 5836 878 5894 PATA‘J'.
899 5879 913 5893 .
961 5832 1072 5893 GR.
1122 5830 1380 5894 CXVIII.

2075 4745 2101 4772 ‹‹
2133 4727 2424 4793 exparte:
2457 4728 2742 4794 tanquam
2775 4723 3317 4782 commonefaciens
3345 4742 3446 4782 vos
3489 4733 3700 4799 propta

2080 4834 2105 4865 (ι
2131 4811 2381 4884 gratiam
2403 4826 2416 4865 :
2441 4827 2573 4881 quas
2595 4812 2733 4868 data
2754 4817 2845 4868 est
2863 4811 3009 4867 mihi
3034 4827 3068 4867 a
3085 4812 3306 4880 Deo,ut
3328 4813 3440 4868 sim
3462 4814 3743 4871 minister

2083 4923 2109 4951 «
2131 4902 2268 4957 Jesu
2293 4901 2509 4956 Christi
2541 4900 2604 4956 in
2635 4908 2841 4974 gentes
2863 4909 3066 4958 sancte
3096 4901 3525 4960 administrans
3554 4905 3744 4962 Evan-

2081 5015 2109 5044 ‹‹
2132 4992 2355 5065 gelium
2395 4989 2522 5056 Dei,
2570 4992 2722 5048 ιον
2753 4996 2820 5046 ut
2849 4991 2955 5047 ﬁat
2982 4992 3204 5048 oblatio
3236 4994 3504 5066 gentium
3535 5011 3745 5070 accep-

2085 5104 2110 5135 ι
2138 5081 2360 5150 tabilis,
2392 5081 2763 5137 sanctificata
2793 5098 2901 5153 per
2925 5082 3212 5153 Spiritum
3241 5092 3539 5140 sanctum.
3572 5106 3602 5136 »

2157 5286 2185 5314 «
2217 5263 2513 5319 Audacius
2544 5279 2612 5316 ex
2644 5267 2828 5333 parte.
2862 5284 2890 5311 ››
2925 5261 3043 5317 Ηοο
3075 5267 3185 5326 est,
3219 5261 3750 5334 quodammodo,et

2087 5355 2136 5408 si
2169 5354 2302 5424 quis
2342 5369 2463 5409 non
2521 5351 2720 5407 videat
2779 5357 2961 5406 totam
3020 5354 3404 5418 sententiam,
3436 5355 3541 5410 sed
3571 5355 3751 5410 verba

2088 5445 2217 5516 ipsa
2245 5459 2317 5498 ex
2347 5448 2513 5515 parte
2533 5442 2827 5498 curiosius
2849 5447 3149 5496 scrutetur
3169 5442 3300 5498 sine
3333 5429 3668 5499 intellectu.
3689 5444 3750 5498 Si

2089 5551 2225 5607 ergo
2257 5551 2328 5589 ex
2357 5541 2523 5606 parte
2554 5535 2910 5603 consideret,
2944 5535 3254 5608 apparebit
3283 5553 3427 5592 sane
3459 5537 3569 5604 illi,
3590 5534 3750 5608 quod

2089 5625 2392 5682 duriorem
2422 5641 2489 5682 ac
2519 5625 2887 5699 asperiorem
2918 5641 3012 5682 me
3046 5626 3210 5683 vobis
3239 5625 3616 5683 exhibuerim
3641 5639 3750 5695 per

2091 5719 2341 5788 litteras,
2375 5715 2478 5773 sed
2500 5731 2606 5788 ego
2627 5722 2912 5787 tanquam
2935 5715 3481 5773 commonefaciens
3511 5710 3744 5783 scripsi.

3423 5833 3505 5893 20
