4122 6378
351 339 471 406 619

1476 332 1899 395 CECUMENII
1947 329 2248 392 TRICCE
2291 329 2644 394 EPISCOPI

3651 327 3772 390 820

354 477 424 530 Et
455 489 692 530 rursum
729 488 974 529 necesse
1006 471 1119 526 fuit
1147 471 1294 526 mihi
1329 471 1610 535 scribere,
1645 469 1802 542 quod
1824 468 1995 540 grati:

2122 465 2559 542 ἀναμιμνήσκων
2591 466 2821 545 ἔγραψα.
2857 465 2958 523 Καὶ
3005 465 3168 521 πάλιν
3223 462 3462 540 ἀνάγκην
3491 463 3644 542 εἶχον
3676 468 3776 517 τοῦ

353 565 498 621 mihi
531 582 564 618 a
597 565 714 620 Deo
743 563 879 618 data
911 561 988 616 sit
1019 562 1076 616 in
1102 562 1212 616 hoc
1237 569 1304 617 ut
1325 560 1708 634 praedicarem
1741 576 1808 613 ac
1841 557 2006 613 doce-

353 671 473 708 rem
503 659 748 726 gentes:
788 651 1056 707 Minister
1089 652 1247 706 enim
1288 669 1418 707 sum
1451 649 1686 706 Christi.
1721 655 2006 718 tanquam

349 742 610 797 famulus
643 748 701 796 et
729 741 1147 797 obsecundans
1205 742 1393 812 ipsius
1426 739 1731 794 voluntati.
1769 738 1838 791 Et
1866 735 2006 807 quid

351 831 616 902 operaris
637 831 665 886 ‘2
695 831 906 886 Sancte
935 829 1310 896 administro,
1339 830 1553 899 inquit,
1588 827 1706 881 sive
1739 826 2006 881 sacriﬁco

349 921 736 994 Evangelium
769 921 938 993 ejus:
995 921 1107 976 hoc
1158 927 1265 983 est,
1314 919 1566 974 hostiam
1602 919 1778 972 istam
1809 917 1860 972 ei
1896 915 2010 969 im-

349 1011 531 1074 molo,
566 1027 782 1082 nempe
818 1010 1194 1083 Evangelium
1231 1009 1439 1081 ipsius.
1464 1009 1529 1062 Et
1551 1006 1848 1079 quomodo
1873 1021 2010 1060 con-

350 1099 527 1172 tingit
557 1099 868 1154 immolare
911 1115 977 1154 ac
1025 1099 1360 1154 sacrificare
1395 1097 1774 1169 Evangelium
1796 1095 1822 1148 ?
1852 1094 2005 1150 Oll'e-

353 1188 558 1258 rendo,
594 1188 808 1260 inquit,
843 1187 928 1242 illi
961 1194 1167 1260 gentes
1195 1203 1326 1259 qum
1359 1203 1465 1258 per
1495 1185 1644 1241 illud
1674 1183 2010 1251 credunt,et

350 1282 417 1332 ut
446 1278 590 1349 ipsae
618 1278 763 1332 ﬁant
785 1277 1180 1350 acceptabiles
1203 1284 1261 1331 et
1288 1275 1671 1332 sanctiﬁcata:
1699 1291 1805 1346 per
1825 1273 2011 1345 Spiri-

350 1375 477 1423 tum
511 1374 799 1424 sanctum.
822 1367 1185 1424 Adducendo
1218 1368 1415 1438 itaque
1447 1366 1521 1420 ad
1551 1365 2010 1437 ﬁdem,Evange-

353 1458 502 1513 lium
536 1459 636 1514 Dei
672 1459 986 1514 sacrificat.
1050 1459 1155 1512 Vel
1217 1459 1396 1513 dictio
1429 1457 1838 1531 Ἰερουργοῦντα
1869 1456 2008 1510 sim-

351 1546 565 1619 plicius
596 1546 987 1619 intelligenda
1018 1552 1127 1607 est,
1154 1550 1220 1600 ut
1242 1545 1534 1617 significet
1564 1550 1767 1599 sancte
1793 1559 1860 1599 ac
1882 1542 2010 1597 dili-

350 1643 558 1709 genter
590 1642 959 1707 operantem,
985 1652 1107 1690 non
1138 1641 1361 1690 temere
1385 1650 1452 1689 ac
1484 1633 1882 1706 negligenter;
1912 1636 2015 1686 aut

351 1730 462 1784 hoc
493 1746 629 1801 ergo
664 1728 859 1794 modo,
893 1735 995 1784 aut
1051 1729 1250 1800 potius
1284 1727 1397 1782 isto
1436 1725 1849 1797 accipiendum
1884 1729 2009 1778 est:

2118 558 2362 636 γράφειν,
2418 557 2501 613 ὃτι
2562 555 2812 632 χάρισμά
2873 576 2966 630 μοι
3027 553 3134 610 ἀπὸ
3194 559 3327 610 Θεοῦ
3382 551 3567 624 ἐδόθη,
3602 552 3678 615 εἷς
3713 550 3778 608 τὸ

2114 651 2406 720 κηρύσσειν
2459 650 2547 704 καὶ
2617 646 2887 705 διδζσκειν
2953 651 3020 704 τά
3080 647 3232 720 ἔθνη.
3293 645 3625 724 Λειτουργὸς
3675 645 3776 720 γάρ

2119 737 2233 811 εἰμι
2268 740 2529 813 Χριστοῦ,
2591 739 2710 795 οἷον
2771 739 3044 813 ὑπουργὸς
3096 737 3186 794 καὶ
3248 737 3543 811 ὑπηρέτης.
3589 735 3695 791 Καὶ
3727 734 3780 788 τί

2115 825 2318 904 ἐργάζῃ
2349 846 2362 896 ;
2397 829 2711 905 Ἰερουργῶ,
2745 828 2902 903 φησὶ,
2932 829 2994 883 τὸ
3031 825 3360 903 Εὑαγγέλιον
3404 825 3591 890 αὐτοῦ,
3622 843 3781 879 τουτ-

2116 914 2227 970 έστι
2282 918 2472 971 θυσίαν
2529 916 2677 989 αὑτῷ
2734 917 2934 988 ταύτην
2998 917 3132 985 θύω,
3186 916 3248 971 τὸ
3308 911 3642 992 Εὑαγγέλιον
3675 911 3777 968 αὑ-

2114 1008 2231 1059 τοῦ.
2269 1005 2367 1061 Καὶ
2415 1010 2530 1068 πῶς
2589 1002 2702 1061 ἔστι
2759 1006 2906 1070 θύειν
2961 1004 3052 1061 καὶ
3109 1005 3402 1080 ἱερουργεῖν
3435 1004 3496 1060 τὸ
3532 1002 3774 1078 Εὐαγγέο

2117 1089 2275 1162 λιονς
2332 1095 2427 1150 Ἐκ
2480 1099 2578 1150 τοῦ
2638 1092 2960 1175 προσφέρειν
3019 1095 3188 1166 αὐτῷ,
3223 1094 3377 1170 φησὶ,
3410 1095 3476 1147 τὰ
3509 1091 3579 1147 δι’
3608 1092 3776 1147 αὑτοῦ

2116 1182 2437 1238 πιστεύοντα
2467 1181 2617 1255 ἔθνη,
2676 1185 2767 1240 καὶ
2819 1183 3054 1259 γίνεσθαι
3112 1184 3247 1239 αὐτὰ
3285 1180 3652 1258 εὑπρόσδεκτα
3683 1180 3775 1236 καὶ

2115 1273 2424 1348 ἡγιασμένοι
2479 1273 2530 1328 ἐν
2592 1273 2864 1347 Πνεύματι
2951 1275 3110 1350 ἁγίῳ.
3169 1277 3327 1330 Ὥστε
3393 1273 3422 1328 ὁ
3479 1271 3774 1350 προσάγων

2114 1363 2184 1434 τῇ
2267 1364 2468 1434 πίστει,
2550 1365 2613 1419 τὸ
2702 1363 3028 1440 Εὐαγγέλιον
3112 1369 3208 1420 τοῦ
3289 1367 3421 1419 Θεοῦ
3477 1365 3771 1439 ἱερουργεῖ.

2116 1453 2186 1508 ’Ἡ
2276 1453 2658 1528 ἱερουργοῦντα
2767 1453 3064 1509 ἀκουστέον
3153 1453 3546 1527 ἁπλούστερον,
3633 1452 3774 1521 οἷον,

2119 1539 2279 1613 ἱερῶς
2339 1541 2707 1618 ἐργαζόμενον
2786 1543 2877 1598 καὶ
2960 1539 3291 1612 σπουδαίως,
3351 1541 3498 1597 ἀλλὰ
3562 1542 3637 1614 μὴ
3699 1540 3776 1601 ὡς

2118 1627 2282 1709 ἔτυχε
2333 1633 2423 1686 καὶ
2480 1629 2873 1706 ἠμελημένως.
2933 1635 3004 1690 Ἦ
3061 1634 3153 1688 οῦν
3213 1633 3409 1703 οὓτως,
3464 1633 3498 1702 ἢ
3556 1628 3771 1705 μᾶλλον

2119 1718 2295 1781 οὕτως
2381 1719 2701 1792 ἐκληπτέον·
2789 1719 3215 1798 Τολμηρότερον
3289 1719 3498 1797 ἔγραψα
3555 1718 3614 1776 ἐκ
3675 1723 3772 1794 μέ-

351 1818 650 1874 Audacius
682 1819 889 1890 scripsi
950 1835 1020 1873 ex
1079 1824 1247 1888 parte
1279 1816 1462 1879 vobis,
1499 1815 1678 1871 etiam
1723 1820 1995 1884 tanquam

2119 1828 2246 1881 ρους
2307 1810 2460 1884 ὑμῖν,
2520 1810 2612 1866 καὶ
2669 1812 2743 1873 ὡς
2827 1809 3328 1887 ἐπαναμιμνήσκων
3385 1811 3618 1888 γράψας.
3704 1811 3770 1867 Ἥ

352 1907 938 1964 commonefaciendo
986 1907 1272 1962 scribens.
1307 1905 1610 1978 Siquidem
1659 1903 2009 1960 incumbens

351 1999 495 2052 mihi
533 1998 856 2054 necessitas
883 2005 941 2054 et
963 1996 1373 2052 vehementius
1397 2003 1455 2050 et
1485 1995 1830 2068 diligentius
1864 1993 2005 2048 scri-

349 2088 488 2142 bere
521 2087 800 2158 postulat.
829 2089 944 2160 Ego
971 2103 1104 2142 vero
1127 2103 1309 2142 ausus
1331 2101 1462 2142 sum
1495 2091 1552 2141 et
1582 2089 1847 2139 exactam
1871 2082 2010 2137 dili-

349 2179 608 2250 gentiam
641 2177 937 2246 omittere,
962 2185 1020 2233 et
1045 2195 1162 2233 non
1193 2185 1476 2248 tanquam
1507 2181 1839 2248 prmceptor
1861 2173 2008 2229 scri-

350 2270 522 2324 bere:
548 2268 652 2324 sed
677 2269 929 2325 multum
957 2269 1254 2340 parcendo
1280 2276 1338 2324 et
1358 2275 1641 2339 tanquam
1671 2280 2009 2322 commone-

349 2359 594 2427 faciens,
655 2358 773 2414 sive
842 2359 1039 2431 potius
1125 2359 1198 2414 ad
1256 2357 1606 2412 memoriam
1663 2356 2004 2410 reducens:

352 2465 694 2520 quanquam
719 2449 998 2504 deberem
1019 2456 1077 2504 et
1098 2450 1360 2504 exactius
1385 2455 1443 2503 et
1461 2447 1870 2502 vehementius
1895 2444 2006 2498 hoc

353 2538 547 2593 facere
571 2554 583 2591 :
604 2538 682 2600 ad
709 2537 819 2592 hoc
842 2539 1001 2592 enim
1037 2538 1293 2609 primum
1314 2555 1346 2592 a
1367 2537 1555 2610 gratia
1578 2535 1828 2591 traditus
1851 2549 2004 2599 sum,

355 2635 412 2683 et
443 2628 502 2682 in
547 2627 657 2682 hoc
715 2633 780 2682 ut
834 2627 1209 2682 manifestem
1269 2643 1336 2682 ac
1393 2628 1644 2681 serviam
1700 2623 2006 2680 ordinatus

359 2733 510 2771 sum.
547 2717 750 2787 Itaque
783 2716 828 2770 si
855 2716 989 2786 quis
1014 2716 1172 2771 dicat
1194 2716 1462 2771 fortassis
1481 2713 1640 2786 quod
1665 2714 1726 2768 in
1758 2714 1852 2768 his
1875 2729 2006 2783 quas

355 2806 564 2877 scripsi
597 2805 896 2878 obiurgavi
931 2822 1047 2867 vos.
1080 2812 1137 2861 et
1168 2805 1528 2876 quibusdam
1557 2811 1818 2859 vestrum
1848 2803 2007 2857 visus

351 2911 481 2950 sum
515 2894 861 2966 praestitisse
891 2911 985 2950 me
1015 2894 1181 2949 vobis
1210 2895 1511 2950 duriorem
1539 2911 1550 2948 :
1579 2900 1808 2948 tantum
1840 2891 2009 2947 abest

347 2991 412 3040 ut
441 3001 546 3052 ego
578 2986 690 3039 hoc
719 2984 986 3051 fecerim,
1019 2989 1082 3038 ut
1139 2984 1317 3039 etiam
1367 3001 1572 3039 verear
1600 2999 1674 3038 ne
1706 2981 2005 3054 quomodo

344 3088 549 3143 ptenas
581 3073 739 3128 luam
774 3074 931 3144 quod
955 3073 1101 3129 adeo
1133 3090 1382 3146 parcens
1413 3091 1481 3129 ac
1512 3071 1717 3129 timide
1751 3072 2001 3142 scripse-

342 3163 478 3229 rim,
506 3169 789 3235 tanquam
820 3180 1003 3219 ausus
1036 3164 1147 3218 sim
1180 3164 1379 3219 minus
1410 3164 1602 3219 facere
1637 3178 1815 3234 quam
1847 3176 1996 3232 Opus

342 3252 533 3324 exigat
563 3254 968 3324 praeceptoris.
1009 3253 1242 3308 Etenim
1293 3253 1521 3324 majora
1550 3269 1618 3308 ac
1648 3252 1821 3323 plura
1849 3251 1994 3306 scri-

341 3342 480 3397 bere
511 3342 811 3408 deberem,
833 3349 898 3400 ut
929 3343 1028 3414 qui
1051 3343 1126 3399 ad
1155 3343 1490 3399 docendum
1523 3343 1825 3398 adhibitus
1848 3343 1993 3396 sim:

346 3446 507 3486 nunc
538 3447 674 3486 vero
703 3433 872 3502 quasi
907 3431 1191 3488 audacius
1250 3433 1555 3504 quidpiam
1586 3432 1829 3494 faciens.
1867 3436 1998 3486 tan-

346 3526 468 3575 tum
492 3521 791 3591 parcendo
808 3538 876 3576 ac
892 3521 1040 3576 adeo
1062 3522 1354 3593 meipsum
1374 3521 1741 3576 demittenda
1762 3521 1995 3592 scripsi.

343 3639 411 3648 ——-
439 3610 565 3664 Alio
596 3610 777 3666 modo.
809 3611 964 3666 403
997 3612 1246 3666 Romani
1279 3611 1340 3665 in
1373 3611 1658 3683 dignitate
1689 3610 1995 3666 constituti

344 3704 536 3764 erant,
571 3714 637 3755 ac
671 3700 884 3756 mirum
919 3701 979 3756 in
1013 3701 1256 3756 modum
1288 3701 1497 3756 cristas
1527 3699 1993 3771 erigebant,ideo

342 3790 622 3846 conciliat
677 3806 801 3855 eos.
862 3791 1066 3850 dicens
1123 3809 1444 3850 seausum
1487 3791 1704 3848 fuisse:
1739 3791 1992 3848 multum

341 3880 500 3936 enim
531 3881 694 3953 ipsos
725 3881 834 3938 hoc
866 3882 1042 3938 verbo
1063 3883 1302 3955 frangit.
1335 3885 1449 3938 Nec
1481 3883 1543 3937 id
1570 3882 1714 3938 satis
1745 3888 1854 3947 est,
1888 3881 1992 3939 sed

337 3968 604 4025 addidit:
644 3995 669 4024 ι
700 3972 779 4027 Ex
835 3978 1022 4043 parte,
1055 3995 1083 4023 »
1115 3974 1228 4029 hoc
1281 3979 1390 4042 est,
1425 3973 1640 4028 leniter
1668 3979 1728 4027 et
1754 3973 1991 4029 brevius

336 4065 393 4114 et
419 4074 539 4113 non
571 4060 741 4130 quasi
774 4060 1015 4125 docens,
1049 4060 1152 4116 sed
1183 4061 1258 4118 ad
1289 4062 1642 4117 memoriam
1673 4062 1985 4118 reducens.

333 4169 358 4195 ‹‹
396 4145 646 4202 Fratres.
682 4170 710 4196 »
744 4149 1016 4220 Oportuit
1067 4151 1228 4206 enim
1278 4167 1379 4205 eos
1411 4150 1512 4222 qui
1559 4151 1755 4206 acrius
1786 4152 1986 4223 objur-

329 4235 446 4305 gati
481 4242 680 4291 essent
709 4238 932 4293 affatim
964 4237 1173 4294 lenire.
1197 4259 1222 4284 α
1249 4240 1552 4310 Tanquam
1582 4241 1985 4296 commonefa-

330 4324 515 4379 ciens.
549 4346 578 4374 ››
615 4325 865 4395 Leniter,
897 4327 1111 4399 inquit,
1147 4328 1495 4399 quomodo?
1550 4328 1726 4385 veluti
1760 4330 1833 4386 ad
1859 4347 1982 4386 me:

329 4414 580 4469 moriam
616 4415 943 4472 revocando
997 4416 1350 4481 admonens,
1386 4418 1498 4474 hoc
1528 4425 1636 4486 est,
1671 4420 1982 4491 paululum

329 4505 894 4562 commonefaciens.
935 4507 1282 4577 Hujusmodi
1340 4514 1539 4564 autem
1583 4510 1981 4580 signiﬁcantia

2117 1898 2222 1975 γὰρ
2281 1898 2595 1973 ἐπικειμένη
2660 1922 2754 1973 μοι
2815 1901 3043 1978 ἀνάγκη,
3102 1901 3192 1956 καὶ
3253 1898 3618 1978 σφοδρότερον
3677 1899 3771 1954 καὶ

2112 1981 2495 2062 ἀκριϐέστερον
2535 1992 2756 2068 γράφειν
2809 1991 3043 2049 ἀπαιτεῖ,
3107 1990 3248 2065 Ἐγὼ
3281 1987 3337 2044 δὲ
3366 1987 3652 2061 ἐτόλμησα
3681 1987 3772 2042 καὶ

2111 2091 2213 2152 τῆς
2265 2080 2544 2158 ἀκριϐείας
2600 2089 2933 2165 καθυφεῖναι,
2993 2088 3083 2142 καὶ
3143 2088 3254 2163 οὐχ
3305 2087 3380 2171 ἁίς
3441 2083 3774 2148 διδάσκαλος

2111 2173 2352 2249 γράφειν,
2385 2169 2532 2228 ἀλλὰ
2595 2175 2729 2247 μετᾶ
2786 2172 3007 2245 πολλῆς
3068 2172 3308 2255 φειδοῦς,
3340 2169 3431 2229 καὶ
3465 2174 3539 2236 ὡς
3574 2173 3774 2229 ἐπανα-

2116 2264 2458 2336 μιμνήσκων,
2499 2264 2677 2319 καίτοι
2731 2270 3028 2344 χρεωστῶν
3086 2265 3177 2320 καὶ
3236 2259 3614 2340 ἀκριϐέστερον
3674 2264 3768 2320 καὶ

2112 2349 2492 2428 σφοδρότερον.
2529 2352 2624 2415 Εἲς
2653 2359 2815 2409 τοῦτο
2869 2355 2972 2429 γὰρ
3031 2354 3134 2410 ὑπὸ
3164 2361 3264 2424 τῆς
3298 2355 3531 2430 χάριτος
3563 2374 3766 2427 προκε-

2113 2441 2420 2518 γείρισμαι,
2451 2443 2542 2498 καὶ
2574 2442 2624 2498 ἐν
2675 2442 2854 2516 τούτῳ
2913 2444 3204 2518 ὑπουργεῖν
3242 2443 3332 2500 καὶ
3367 2442 3642 2500 δουλεύειν
3676 2439 3769 2498 τέ’-

2112 2548 2340 2602 ταγμαι·
2403 2532 2476 2594 ὡς
2532 2530 2592 2586 ἃν
2656 2531 2714 2587 εἴ
2759 2553 2842 2596 τις
2903 2528 3108 2608 ἔλεγεν
3145 2534 3302 2596 Ἴσως
3348 2532 3398 2586 ἐν
3448 2532 3534 2595 οἷς
3562 2527 3775 2607 ἔγραψα

2112 2619 2446 2692 καθηψάμην
2482 2621 2657 2693 ὑμῶν,
2689 2621 2778 2676 καὶ
2829 2619 2984 2691 ἔδοξά
3040 2643 3180 2678 τισιν
3212 2623 3365 2695 ὑμῶν
3398 2620 3770 2696 σκληρότερον

2115 2707 2242 2779 ὑμῖν
2298 2716 2750 2784 προσενεχθῆναι.
2813 2711 2954 2786 Ἐγὼ
3023 2709 3078 2767 δὲ
3140 2711 3388 2783 τοσούτῳ
3447 2708 3551 2767 δέω
3605 2715 3776 2766 τοῦτο

2111 2804 2362 2866 ποιῆσαι,
2396 2797 2479 2854 ὅτι
2535 2801 2624 2854 καὶ
2674 2795 2953 2876 φοϐοῦμαι
3010 2803 3084 2875 μή
3135 2823 3252 2864 πως
3283 2801 3428 2856 οὕτω
3464 2799 3597 2874 μετᾶ
3627 2797 3779 2857 πολ-

2113 2885 2218 2956 λῆς
2276 2884 2496 2968 φειδοῦς
2552 2889 2641 2944 καὶ
2703 2889 3014 2958 ὑποστολῆς
3093 2891 3329 2968 γράψας,
3397 2891 3487 2945 καὶ
3547 2889 3777 2954 εὐθύνας

2115 2979 2312 3055 ὑφέξω,
2344 2979 2420 3041 ὡς
2451 2978 2738 3051 τολμήσας
2769 2975 2998 3036 ἔλαττον
3047 2976 3205 3056 ἔργον
3241 2977 3570 3036 διδασκάλου
3601 2987 3778 3049 ποιῆ-

2111 3075 2217 3124 σαιζ
2252 3067 2355 3125 Καὶ
2380 3069 2481 3143 γὰρ
2547 3069 2769 3142 μείζονα
2825 3071 3050 3151 γράφειν
3102 3071 3194 3125 καὶ
3252 3069 3449 3138 πλείω,
3484 3069 3558 3130 ὡς
3587 3069 3649 3124 τὸ
3683 3066 3773 3124 δι·-

2109 3153 2321 3213 δάσκειν
2377 3157 2877 3232 ἐμπεπιστευμένος
2938 3164 3225 3236 χρεωστῶ,
3279 3163 3370 3214 νῦν
3429 3156 3485 3214 δὲ
3544 3159 3616 3221 ὡς
3651 3179 3772 3237 φει-

2109 3245 2360 3321 δόμενος,
2403 3249 2492 3303 καὶ
2551 3249 2625 3313 ὡς
2682 3248 2968 3324 τολμηρόν
3027 3271 3079 3304 τι
3133 3251 3405 3324 πράττων,
3439 3248 3611 3311 οὑτως
3644 3253 3770 3321 ὑφει

2112 3337 2289 3410 μένως
2322 3334 2551 3413 ἔγραψα.
2588 3371 2652 3380 —
2684 3336 2930 3401 Ἀλλως.
2961 3340 3053 3395 Ἐν
3083 3338 3352 3411 ἀξιώματι
3381 3338 3518 3407 ἦσαν
3549 3339 3602 3393 οἱ
3635 3341 3769 3395 Ρω-

2114 3433 2287 3500 μαῖοι,
2319 3428 2410 3482 καὶ
2467 3427 2686 3498 πολλὴν
2745 3429 2899 3509 εἶχον
2955 3428 3294 3506 φλεγμονήν.
3355 3429 3448 3485 Διὸ
3481 3428 3768 3506 θεραπεύει

2107 3525 2302 3590 αὑτοὺς
2335 3526 2394 3581 ἐκ
2421 3531 2517 3582 τοῦ
2549 3527 2717 3602 λόγου
2774 3533 2892 3595 τοῦ,
2951 3526 3296 3600 Ἐτόλμησα.
3354 3529 3496 3583 Πάνυ
3526 3528 3632 3604 γὰρ
3662 3550 3765 3584 κα-

2105 3615 2279 3687 τακλᾷ
2334 3616 2561 3680 τούτους
2615 3614 2704 3672 διὰ
2761 3617 2956 3673 τούτου
3012 3621 3110 3672 τοῦ
3165 3617 3434 3693 ῥήματος.
3497 3617 3602 3676 Καὶ
3640 3615 3764 3673 οὐδὲ

2101 3707 2282 3778 τούτῳ
2313 3705 2579 3781 ἀρκεῖται,
2640 3703 2786 3762 ἀλλά
2842 3707 3195 3778 προσέθηκεν·
3248 3729 3268 3757 ι
3303 3707 3440 3764 Ἀπὸ
3475 3709 3699 3782 μέρους.
3736 3731 3766 3760 »ρ

2101 3793 2410 3854 Τουτέστιν.
2443 3793 2651 3871 Ἥρὲμα
2682 3795 2770 3851 καὶ
2804 3794 2893 3850 διά
2929 3795 3198 3872 βραχέων,
3231 3796 3320 3850 καὶ
3361 3797 3471 3876 οὐχ
3501 3795 3576 3860 ὡς
3605 3793 3767 3852 διδά-

2103 3903 2268 3949 σκων,
2326 3880 2454 3939 ἀλλ’
2512 3883 2961 3958 ἀναμιμνήσκων.
3029 3911 3048 3936 ι
3095 3882 3379 3963 Ἀδελφοί.
3415 3909 3444 3937 ν
3477 3881 3627 3940 Ἔδει
3656 3884 3765 3958 γάρ

2099 3971 2294 4036 αὐτοὺς
2349 3980 2855 4055 κατασκωφθέντας,
2914 3977 3116 4038 ἱκανῶς
3175 3977 3264 4031 καὶ
3321 3974 3522 4032 λεᾶναι.
3581 3996 3612 4024 ‹‹
3663 3973 3759 4036 Ὠς

2100 4061 2622 4136 ἐπαναμιμνήσκων.
2684 4089 2713 4116 ››
2800 4064 3028 4140 ’Πρέμα,
3105 4064 3257 4146 φησί.
3319 4067 3479 4130 nam;
3538 4060 3750 4114 Ὠσανεὶ

2096 4149 2434 4223 ἀναμνήσας,
2512 4152 2782 4222 τουτέστι,
2870 4155 3061 4230 μικρὸν
3146 4153 3490 4226 ἂναμνὴσας-
3541 4150 3604 4206 Ἠ
3693 4146 3775 4205 δὲ.

2093 4240 2322 4310 τοιαύτη
2382 4244 2630 4315 σημασία
2683 4247 2790 4298 τῶν
2852 4241 3072 4314 λέξεων,
3132 4243 3353 4314 κολάζει
3383 4243 3444 4297 τὸ
3481 4241 3555 4314 μὴ
3617 4251 3752 4303 καθ-

2094 4329 2230 4387 όλου
2261 4331 2456 4396 αὐτοὺς
2487 4334 2924 4406 ἀναμεμνῆσθαι.
2976 4336 3132 4398 Ὅθεν
3167 4332 3229 4389 οὗ
3260 4355 3417 4414 φησι,
3450 4329 3754 4417 Διδσὶσκων⁹

2093 4419 2242 4489 ἀλλ’,
2282 4447 2301 4471 ι
2339 4420 2826 4495 Ἀναμιμνήσκων.
2861 4449 2889 4478 ››
2921 4457 2988 4468 -—
3020 4450 3047 4478 «
3083 4425 3182 4479 Διὰ
3209 4426 3309 4494 τήν
3343 4423 3506 4498 χάριν
3535 4424 3634 4490 τήν
3667 4419 3761 4477 δο-

2089 4510 2266 4566 θεῖσάν
2297 4532 2412 4584 μοι.
2439 4535 2466 4562 ››
2493 4513 2608 4568 υύκ
2630 4512 2762 4586 ἐμὸς
2795 4515 2824 4570 ὸ
2845 4514 3033 4582 πόνος,
3065 4514 3255 4592 φησὶν,
3281 4511 3428 4569 ἀλλὰ
3452 4512 3614 4587 χάρις
3641 4510 3756 4567 ἐστί

328 4593 671 4651 dictionum
692 4595 964 4667 prohibet
1002 4613 1077 4653 ne
1110 4598 1171 4652 in
1203 4603 1387 4654 totum
1421 4598 1710 4655 admoniti
1742 4616 1871 4657 esse
1898 4603 1982 4657 vi-

2104 4605 2282 4656 Bsoin
2311 4600 2556 4657 Δείκνυσι
2585 4599 2642 4657 δὲ
2664 4603 2744 4658 ὃτι
2784 4600 2910 4658 οὐδὲ
2935 4603 3239 4675 ἀναμνῆσαι
3265 4602 3322 4658 ἂν
3350 4599 3675 4675 ἐτόλμησεν,
3708 4601 3759 4655 εἶ

330 4683 604 4754 deantur.
627 4687 795 4744 Unde
818 4705 937 4744 non
959 4689 1106 4744 dicit
1129 4690 1376 4756 Docens,
1399 4690 1504 4748 sed
1526 4718 1550 4739 ιι
1577 4693 1984 4751 Commonefa-

325 4776 573 4844 ciens,»
634 4795 740 4836 seu
799 4778 872 4833 ad
933 4780 1284 4835 memoriam
1334 4772 1638 4838 revocans.
1675 4807 1702 4834 α
1737 4785 1984 4856 Propter

325 4869 571 4936 gratiam
596 4885 727 4939 qua:
750 4869 887 4924 data
910 4876 998 4925 est
1017 4869 1164 4925 mihi
1185 4887 1221 4926 a
1241 4871 1377 4926 Deo.
1418 4894 1440 4921 ν
1467 4874 1592 4929 Non
1626 4889 1792 4930 meus
1815 4875 1983 4931 labor

326 4960 434 5018 est,
470 4955 681 5025 inquit.
707 4956 810 5012 sed
840 4960 1028 5030 gratia
1055 4961 1168 5015 Uei.
1198 4959 1466 5015 Ostendit
1495 4968 1696 5016 autem
1727 4962 1887 5033 quod
1906 4979 1981 5020 ne

323 5042 646 5098 admonere
679 5046 920 5114 quidem
969 5047 1179 5103 fuisset
1231 5064 1434 5113 ausus,
1486 5049 1599 5104 nisi
1632 5057 1837 5121 gentes
1866 5051 1977 5123 ipsi

318 5133 570 5188 fuissent
603 5136 978 5202 concreditm,
1007 5139 1192 5192 multa
1214 5146 1412 5194 autem
1443 5141 1630 5194 utitur
1661 5141 1973 5198 modestia.

317 5245 344 5266 ‹‹
379 5223 443 5274 In
473 5229 676 5292 gentes
706 5225 1149 5282 administrans.
1178 5250 1204 5277 »
1240 5229 1442 5298 Itaque
1476 5245 1510 5283 a
1540 5229 1707 5284 vobis
1739 5247 1974 5302 quoque

308 5311 538 5379 justum
569 5313 679 5368 fuit
709 5321 774 5368 ut
794 5314 1052 5370 audirer.
1078 5340 1104 5365 ‹‹
1135 5318 1552 5387 Acceptabilis.
1580 5342 1608 5368 ››
1632 5320 1773 5374 Cum
1798 5321 1975 5392 igitur

313 5400 719 5456 concreditum
753 5403 896 5458 mihi
957 5405 1031 5458 sit
1089 5405 1201 5460 hoc
1254 5406 1605 5479 obsequium
1645 5415 1704 5464 et
1733 5425 1968 5466 sacrum

312 5489 735 5557 ministerium,
769 5493 914 5548 mihi
945 5495 1140 5550 studio
1175 5502 1284 5560 est,
1316 5503 1381 5553 ut
1411 5499 1472 5552 in
1502 5513 1651 5570 opus
1678 5499 1968 5557 deducam

312 5578 414 5635 Dei
447 5580 763 5638 consilium
792 5597 804 5647 ;
839 5580 899 5638 id
924 5588 1123 5640 autem
1159 5590 1268 5648 est,
1301 5590 1365 5642 ut
1397 5585 1617 5643 oblatio
1649 5595 1841 5646 vestra
1871 5605 1966 5646 ac-

313 5669 624 5740 ceptabilis
656 5669 777 5728 ﬂat.
811 5703 878 5712 —
908 5673 1046 5727 Item
1079 5674 1190 5727 alio
1214 5676 1524 5733 modo.Non
1554 5683 1619 5734 ut
1649 5694 1754 5752 ego
1784 5680 1967 5754 glori-

2098 4691 2172 4762 μή
2206 4691 2272 4746 τὰ
2301 4684 2422 4760 ἔθνη
2448 4690 2823 4747 ἐπεπίστευτο.
2861 4689 3056 4749 Ηολλὰ
3088 4689 3145 4748 δὲ
3179 4693 3476 4767 μετριάζει.
3511 4717 3537 4740 α
3565 4691 3658 4752 Εἷς
3687 4692 3761 4745 τά

2090 4771 2214 4849 ἔθνη
2247 4779 2655 4853 ἱερουργοῦντα.
2692 4805 2721 4832 ››
2777 4781 2990 4838 Οὐκοῦν
3047 4783 3138 4836 καὶ
3181 4783 3310 4852 παρ’
3343 4780 3498 4853 ὑμῶν
3529 4777 3759 4843 δικαίως

2093 4865 2152 4921 ἂν
2213 4867 2551 4937 άκοοσθείην.
2604 4867 3096 4944 «Εὐπρόσδεκτος.
3132 4893 3160 4922 ι)
3220 4873 3528 4948 Τοιγαροῦν
3583 4867 3757 4942 ἐμπι-

2092 4965 2327 5027 στευθεὶς
2384 4966 2586 5036 ταύτην
2661 4968 2759 5036 τὴν
2843 4967 3186 5045 λειτουργίαν
3267 4968 3358 5022 καὶ
3419 4965 3752 5042 ἱερουργίαν,

2090 5053 2332 5124 σπουδήν
2363 5050 2481 5135 ἔχω
2513 5056 2591 5118 εἰς
2623 5054 2784 5131 ἔργον
2815 5059 3039 5135 ἀγαγεῖν
3085 5061 3185 5127 τὴν
3222 5059 3433 5133 βουλὴν
3460 5063 3562 5113 τοῦ
3591 5059 3752 5113 Θεοῦ.

2087 5146 2148 5201 ἹΙ
2181 5143 2236 5200 δὲ
2266 5143 2432 5212 ἐστιν,
2491 5144 2889 5222 εὐπρύσδεκτον
2949 5149 3104 5220 ὑμῶν
3165 5149 3413 5222 γενέσθαι
3444 5150 3544 5217 τήν
3575 5165 3755 5222 προσ-

2085 5233 2274 5312 φοράν.
2323 5266 2393 5276 -
2443 5235 2538 5288 Καὶ
2592 5234 2798 5301 ἄλλως.
2862 5237 2987 5316 Ούχ
3034 5236 3127 5292 ’ἕνα
3175 5237 3286 5311 ἐγὼ
3340 5237 3606 5308 δοξασθῶ,
3659 5233 3755 5292 διὰ

2080 5326 2244 5377 τοῦτο
2273 5323 2364 5377 καὶ
2397 5322 2527 5396 ὑμῖν
2559 5320 2784 5400 ἔγραψα,
2817 5326 2946 5382 ἀλλ’
3000 5327 3096 5381 ἳνα
3153 5328 3243 5381 καὶ
3279 5328 3435 5400 ὑμεῖς
3471 5325 3604 5400 μετὰ
3635 5330 3752 5380 τῶν

2080 5409 2272 5465 ἄλλων
2304 5412 2471 5466 ἐθνῶν
2506 5415 2739 5484 σωθῆτε,
2772 5415 2863 5469 καὶ
2915 5415 3092 5479 οῦτῶς
3137 5417 3355 5492 γένηται
3388 5417 3423 5485 ἡ
3459 5415 3756 5490 προσφορᾶ

2076 5506 2184 5556 τῶν
2217 5501 2406 5571 ἐθνῶν,
2440 5499 2772 5577 ὁλοκλήρως
2834 5503 3252 5581 εὐπρόσδεκτος.
3286 5531 3312 5558 ι(
3347 5506 3432 5561 Ἐν
3470 5504 3751 5577 Πνεύματι

2079 5589 2237 5666 ἁγίῳ.
2272 5614 2299 5641 ››
2358 5596 2481 5654 Πῶς
2540 5588 2587 5646 δ’
2647 5592 2706 5646 ἂν
2767 5589 2948 5651 ἔσεσθε
3004 5592 3395 5669 ὠπρόσδεγτοι
3453 5595 3543 5651 καὶ
3583 5597 3753 5670 ἡγια-

2079 5679 2398 5753 σμένοι;Εί
2457 5675 2636 5757 ἔχετε,
2686 5683 2843 5762 φησὶ,
2901 5683 2965 5739 τὸ
3018 5690 3258 5761 Πνεῦμα.
3317 5687 3438 5749 Πῶς
3471 5682 3529 5740 δὶ
3578 5687 3749 5743 τοῦτο
