4122 6446
301 432 397 508 6'21

1372 450 1781 512 COMMENT.
1832 447 1908 508 IN
1956 444 2202 507 EPIST.
2251 447 2351 505 AD
2399 443 2597 504 ROM.

3585 450 3704 508 622

299 584 678 658 παραγίνεταις
715 583 816 637 Διὰ
873 580 996 658 βίου
1050 581 1322 652 ἀλήπτου.
1381 585 1468 646 Ὦς
1511 582 1624 657 οἵγε
1657 584 1733 655 μὴ
1767 581 1942 657 ὀρθῶς

2071 582 2218 647 icer,
2253 587 2565 653 propterea
2595 579 2758 636 vobis
2815 597 3048 652 quoque
3109 581 3340 653 scripsi,
3375 582 3480 640 sed
3509 588 3574 640 ut
3603 598 3704 641 vos

301 674 552 750 βιοῦντες,
588 670 849 728 διώκουσι
883 675 945 729 τὸ
976 675 1125 749 ἅγιον
1158 681 1378 750 Πνεῦμα
1409 675 1499 730 ἀφ’
1530 674 1756 729 ἑαυτῶν.

2049 672 2228 728 etiam
2259 687 2395 726 cum
2426 671 2658 726 caeteris
2686 671 2960 742 gentibus
3013 671 3185 726 salva)
3231 673 3379 736 sitis,
3413 679 3591 744 atque
3623 674 3706 730 ita

299 765 549 838 gentium
613 764 835 820 oblatio
896 765 999 821 fiat
1055 767 1312 838 perfecte
1345 765 1749 838 acceptabilis.
1811 786 1838 814 «
1890 765 2002 818 Per
2058 761 2342 832 Spiritum
2375 766 2666 816 sanctum.
2698 782 2722 810 ιι
2762 760 3066 825 Quomodo
3123 778 3258 816 vero
3306 762 3702 833 acceptabiles

298 860 350 910 et
376 855 725 910 sanctificati
759 854 972 910 eritis?
1003 856 1058 910 Si
1086 856 1435 923 habueritis,
1467 856 1682 928 inquit,
1718 853 2023 926 Spiritum.
2057 853 2239 906 Porro
2290 851 2391 904 ille
2441 849 2737 921 quomodo
2771 849 3060 905 accedet?
3091 851 3196 906 Per
3225 852 3402 908 vitam
3433 852 3705 923 inculpa-

297 951 432 1001 tam.
466 944 572 1010 Qui
605 961 746 1018 ergo
777 960 896 1000 non
927 952 1085 1001 recte
1120 946 1336 1012 vivunt,
1371 947 1655 1018 Spiritum
1689 950 1960 1000 sanctum
1992 957 2027 998 a
2061 958 2121 996 se
2154 940 2473 1012 repellunt.

357 1035 513 1106 Ἔχω
573 1030 664 1086 οῦν
725 1031 997 1106 καύχησιν
1058 1032 1109 1087 iv
1169 1038 1396 1108 Χριστῷ
1450 1037 1636 1105 ἰησοῦ
1691 1033 1758 1088 τὰ
1799 1032 1936 1108 πρὸς

291 1120 556 1176 τὸνθεόν.
620 1120 698 1176 Οὐ
757 1123 864 1196 γάρ
913 1119 1186 1194 τολμήσω
1240 1120 1430 1178 λαλεῖν
1489 1145 1542 1178 τι
1601 1124 1676 1178 ὧν
1728 1123 1792 1176 οὗ
1819 1142 1942 1176 κατ-

290 1209 572 1288 ειργάσατο
655 1211 888 1285 Χριστὸς
946 1207 1016 1265 δι’
1076 1211 1233 1284 ἐμοῦ,
1313 1213 1392 1276 εἷς
1447 1213 1692 1280 ὑπακοὴν
1751 1207 1937 1282 ἔθνων,

288 1299 440 1375 λόγῳ
498 1300 588 1355 καὶ
649 1295 813 1376 ἔργῳ,
868 1299 921 1355 iv
980 1298 1202 1374 δυνάμει
1264 1303 1509 1374 σημείων
1555 1303 1644 1358 καὶ
1676 1303 1939 1377 τεράτων,

289 1391 335 1445 iv
376 1387 605 1463 δυνάμει
665 1390 981 1462 Ηνεόματος
1041 1394 1196 1460 Θεοῦ,
1259 1391 1396 1447 ὥστε
1459 1413 1524 1465 με
1582 1393 1688 1447 ἀπὸ
1743 1393 1941 1467 Ἰερου-

289 1479 479 1552 σαλήμ
535 1478 623 1534 καὶ
681 1478 870 1552 κόχλῳ
931 1479 1094 1556 μέχρι
1168 1484 1264 1535 τοῦ
1321 1481 1655 1557 Ἰλλυρικοῦ,
1723 1479 1940 1552 πεπλη‹

289 1569 520 1644 ρωκέναι
552 1571 614 1623 τὸ
644 1567 987 1644 Εὗαγγέλιον
1017 1574 1116 1624 τοῦ
1149 1573 1414 1646 Χριστοῦ.

353 1663 671 1734 Καυχῶμαι
701 1663 988 1734 τοιγαροῦν
1037 1659 1134 1715 οὐκ
1166 1659 1217 1715 iv
1266 1661 1508 1734 ἐμαυτῷ,
1543 1659 1666 1717 οὐδὲ
1698 1660 1748 1716 iv
1784 1681 1946 1716 σπου-

290 1745 350 1824 δῇ
381 1748 523 1822 ἐμῇ,
569 1746 696 1803 ἀλλ’
727 1747 780 1802 iv
807 1750 1046 1823 Χριστῷ,
1106 1749 1158 1804 ἐν
1209 1757 1326 1813 τοῖς
1385 1751 1670 1827 πράγμασι
1700 1757 1816 1815 τοῖς
1848 1753 1948 1807 ἀν-

287 1844 487 1910 ήκουσι
519 1839 609 1892 καὶ
643 1836 962 1918 διαφέρουσι
1011 1845 1089 1912 τῷ
1141 1841 1333 1914 Πατρί.
1374 1843 1517 1917 ’Ἀρα
1547 1845 1581 1910 ἡ
1615 1841 1691 1906 είς
1720 1843 1948 1916 Χριστὸν

289 1927 499 1995 πίστις,
530 1932 609 1999 τῷ
643 1927 809 2000 [Ιατρὶ
869 1926 1132 2004 διαφέρει·
1201 1935 1396 2005 Πρῶτοι
1456 1931 1550 2003 μὲν
1597 1932 1700 2005 γάρ
1738 1932 1952 2007 μετριά-

285 2035 373 2080 σας
411 2016 494 2079 εἷς
525 2018 586 2071 τὸ
620 2015 822 2092 λέγειν,
883 2041 910 2069 ‹‹
943 2016 1370 2095 Τολμηρότερον
1431 2017 1488 2075 δὲ
1517 2015 1746 2096 ἔγραψα,
1784 2045 1810 2070 ι)
1858 2024 1950 2075 νῦν

2123 1031 2312 1095 XV,”
2343 1034 2428 1084 t9.
2467 1053 2492 1080 α
2522 1029 2718 1085 Habeo
2741 1030 2920 1103 igitur
2947 1029 3362 1103 gloriationem
3388 1031 3450 1086 in
3470 1030 3702 1086 Christo

2051 1143 2078 1170 (ι
2105 1121 2239 1175 Jesu
2256 1121 2314 1173 in
2331 1120 2422 1174 his
2439 1137 2564 1190 quas
2581 1118 3149 1175 suntadDeum.Non
3167 1121 3324 1174 enim
3340 1119 3532 1175 ausim
3547 1119 3708 1190 loqui

2058 1231 2083 1262 α
2098 1208 2424 1280 quidquam
2439 1225 2640 1264 eorum
2657 1226 2787 1280 quae
2801 1226 2919 1264 non
2934 1209 3400 1264 eﬂ'ecitChristus
3414 1225 3520 1281 per
3534 1225 3621 1263 me
3635 1207 3710 1264 ad

2053 1319 2081 1348 «
2101 1298 2500 1354 obedientiam
2519 1299 2784 1369 gentium
2799 1298 2973 1354 verbo
2989 1305 3370 1370 etopere,per
3386 1298 3711 1369 potentiam

2054 1409 2082 1438 «
2108 1389 2412 1460 signorum
2430 1404 2496 1444 ac
2515 1389 3005 1460 prodigiorum,in
3026 1389 3292 1460 potentia
3305 1388 3557 1460 Spiritus
3575 1387 3709 1444 Dei:

2061 1497 2087 1530 ιι
2107 1482 2172 1532 ut
2203 1477 2274 1532 ab
2305 1478 2631 1534 Jerusalem
2660 1483 2718 1534 et
2747 1477 3309 1549 circumjacentibus
3342 1477 3488 1531 locis
3517 1491 3709 1548 usque

2055 1588 2082 1615 ‹‹
2104 1567 2178 1624 ad
2207 1568 2511 1639 Illyricum
2570 1568 2943 1640 impleverim
2997 1567 3378 1639 Evangelium
3409 1566 3645 1621 Christi.
3679 1586 3707 1617 n

2131 1678 2360 1734 Glorior
2391 1678 2570 1749 igitur
2625 1693 2744 1732 non
2799 1677 2858 1730 in
2917 1676 3166 1747 meipso,
3201 1691 3393 1747 neque
3424 1676 3486 1730 in
3517 1674 3712 1731 studio

2057 1767 2326 1837 meo,sed
2357 1769 2418 1822 in
2448 1767 2768 1832 (Lhristo,in
2793 1766 2972 1822 rebus
2995 1783 3125 1838 quae
3158 1765 3456 1838 pertinent
3486 1782 3554 1822 ac
3583 1763 3714 1820 red-

2062 1865 2204 1916 eunt
2236 1857 2308 1913 ad
2342 1856 2778 1912 Patrem.Fides
2810 1856 3010 1927 itaque
3065 1855 3127 1911 in
3158 1855 3456 1911 Christum
3488 1853 3563 1910 ad
3596 1856 3713 1909 Pa-

2060 1956 2212 2004 trem
2235 1947 2784 2018 pertinet.Primum
2807 1946 3102 2016 siquidem
3125 1945 3418 2000 modestia
3437 1961 3582 2000 usus
3605 1950 3715 2008 est,

2061 2038 2301 2094 dicens:
2336 2039 2490 2092 401
2524 2036 2824 2091 Audacius
2872 2041 3071 2090 autem
3105 2035 3337 2105 scripsi,
3371 2050 3528 2090 nunc
3559 2034 3716 2104 seip-

288 2105 500 2179 ἐπαίρει
535 2106 744 2167 ἑαυτὸν,
801 2105 949 2174 πλην
1005 2105 1056 2161 iv
1121 2108 1336 2184 Χριστῷ
1369 2111 1566 2180 Ἰησοῦ.
1603 2142 1670 2152 -
1701 2108 1948 2174 Ἀλλως.

2071 2139 2191 2182 50m
2215 2125 2726 2190 attollit,attamen
2748 2124 2810 2178 in
2832 2124 3064 2178 Christo
3093 2124 3250 2179 Jesu.
3285 2155 3353 2163 —
3383 2123 3511 2177 Αιὶο
3532 2123 3710 2176 modo.

286 2194 499 2270 [ΦΩΤ.]
563 2193 629 2250 Τί
685 2193 822 2263 οῦν;
895 2195 957 2249 σὺ
1017 2195 1396 2268 ἐνεπιστεῦθης
1452 2199 1554 2267 τήν
1610 2203 1720 2254 τῶν
1779 2198 1942 2254 ἐθνῶν

287 2283 648 2362 προσφοράνς
708 2285 836 2354 Ναὶ,
895 2284 1050 2361 φησί.
1109 2287 1206 2341 Καὶ
1264 2289 1646 2362 καυχήσασθαι
1687 2285 1942 2362 δύναμιιι,

287 2374 334 2430 iv
364 2375 464 2436 οἷς
495 2375 838 2451 εἰργασάμην
870 2375 924 2430 ἐν
957 2376 1157 2438 αὐτοῖς.
1189 2382 1251 2434 Ἡ
1283 2375 1340 2432 δὲ
1383 2378 1653 2453 ica-31ml:
1685 2399 1810 2452 μου,
1843 2381 1947 2436 οὐκ

284 2461 332 2519 iv
361 2463 520 2538 ἐμοὶ,
553 2463 850 2533 τουτέστιν,
903 2463 1004 2519 οὐκ
1053 2464 1104 2520 iv
1161 2469 1230 2539 τῇ
1273 2464 1493 2540 δυνάμει
1525 2467 1559 2536 ἤ
1592 2471 1660 2540 τῇ
1694 2466 1848 2543 ῖσχόϊ
1875 2472 1944 2542 τῇ

283 2550 410 2625 ἐμῇ,
454 2549 582 2606 ἀλλ’
613 2551 666 2606 iv
699 2553 921 2628 Χριστῷ
951 2555 1158 2625 Ἰησοῦ.
1191 2554 1292 2612 Καὶ
1326 2555 1428 2628 γὰρ
1461 2555 1560 2611 εἴτι
1595 2555 1656 2611 ἂν
1687 2555 1826 2611 εἶ’πω
1854 2556 1944 2612 καὶ

286 2645 694 2719 κασχήσωμαι,
727 2641 883 2698 οὐδὲν
915 2641 1058 2699 ἄλλο
1078 2642 1350 2718 τολμήσω
1373 2643 1573 2722 λέγειν,
1601 2645 1730 2703 ἀλλ’
1753 2645 1786 2716 ἢ
1813 2647 1945 2722 άπερ

283 2734 310 2789 ὁ
364 2733 603 2806 Χριστὸς
661 2729 714 2788 ἐν
757 2730 882 2804 ἐμοὶ
941 2733 1332 2810 κατειργάσατο
1391 2736 1466 2798 εἰς
1522 2737 1585 2790 τὸ
1647 2737 1947 2792 ὑπακοῦσαι

285 2826 371 2879 καὶ
402 2828 695 2879 πιστεῦσαι
725 2823 792 2878 τὰ
836 2821 984 2895 ἔθνη.
1035 2823 1105 2880 Τί
1165 2823 1256 2880 οῦν
1306 2827 1738 2902 κατειργάσατο;
1774 2827 1946 2903 Λόγον

289 2913 358 2977 εἰς
419 2914 487 2970 τὸ
545 2912 835 2988 κηρ·3ττειν
919 2907 1110 2985 ἔδωιιιιε³
1199 2921 1404 2986 σημεῖα
1467 2915 1559 2970 καὶ
1615 2917 1812 2990 τέρατα
1870 2915 1948 2978 εἷς

287 3006 346 3060 τὸ
376 3005 682 3081 εὐεργετεῖν
739 3003 830 3058 καὶ
889 3001 1090 3058 πείθειν
1147 3002 1483 3079 ἐχορήγησε.
1544 3004 1733 3072 Τέλος,
1777 3006 1950 3067 οὕτως

291 3089 494 3164 ηὔξησε
529 3093 620 3146 καὶ
681 3089 948 3147 ὲπλάτυνε
1003 3091 1094 3146 καὶ
1149 3091 1395 3167 ἐστήριξε
1446 3095 1546 3164 τὴν
1581 3091 1651 3148 δι’
1681 3095 1816 3165 ἐμοῦ
1847 3115 1947 3163 κη-

295 3179 626 3256 ρυττομένην
671 3182 879 3248 πίστιν,
943 3179 1084 3237 ὥστε
1137 3183 1242 3237 ἀπὸ
1273 3181 1641 3256 Ἰερουσαλῆμ
1672 3183 1723 3254 ἐξ
1754 3185 1823 3252 ἧς
1851 3185 1950 3253 τῆν

295 3275 520 3348 πρώτην
549 3271 744 3345 ἤνεγκε
778 3269 1020 3345 βλάστην
1078 3271 1168 3325 καὶ
1218 3269 1393 3346 πέρις,
1441 3272 1607 3346 μέχσι
1637 3277 1734 3327 τοῦ
1765 3271 1948 3329 Ἰλλυ-

300 3367 452 3438 ρικοῦ
501 3359 896 3435 διαριζωθῆναι
948 3360 1036 3414 καὶ
1087 3356 1378 3437 διαφυῆναι
1428 3362 1518 3414 καὶ
1561 3359 1857 3436 πληρῶσαι
1887 3363 1950 3417 τὸ

299 3455 550 3530 κήρυγμα
605 3453 706 3520 τήν
765 3450 1030 3521 τοσαύτην
1089 3450 1440 3523 οἰκουμένην.
1501 3451 1709 3509 Οὐκοῦν

301 3542 390 3598 καὶ
445 3544 573 3617 ὑμῖν
631 3538 843 3620 ἔγραψα
924 3541 1014 3595 καὶ
1103 3540 1392 3613 ὑπέμνησα
1446 3545 1550 3594 τῶν
1611 3541 1662 3595 iv
1726 3541 1951 3604 ἐκείνοις

304 3632 771 3709 κατορθωθέντων,
834 3629 1048 3706 θαρᾇεῖν
1108 3631 1196 3684 καὶ
1253 3631 1376 3705 περὶ
1432 3631 1572 3703 ὑμᾶς
1625 3631 1952 3704 ὑποτιθεμέ-

313 3741 444 3789 vim,
465 3722 554 3777 καὶ
575 3724 674 3792 τὴν
707 3720 947 3794 ἐξουσίαν
1007 3721 1095 3773 καὶ
1157 3716 1337 3773 ἄδειαν
1391 3723 1488 3774 τοῦ
1520 3722 1786 3775 νουθετεῖν
1819 3722 1954 3790 μετὰ

323 3813 423 3866 τοῦ
444 3813 732 3885 Ilva-Spuma
763 3809 1139 3886 ἐγγυωμένων.
1203 3834 1231 3862 ‹‹
1266 3810 1344 3867 Οὐ
1401 3810 1502 3884 γάρ
1553 3809 1825 3883 τολμήσω
1858 3810 1954 3866 λα-

319 3906 441 3966 λεῖν
468 3929 534 3966 τι.
564 3934 590 3959 ιι
623 3904 836 3974 Ἐπειδὴ
863 3905 1028 3972 εἶπεν,
1054 3929 1082 3956 ‹‹
1107 3903 1268 3978 Ἐχω
1296 3900 1479 3978 καόχη
1492 3923 1585 3974 μα,
1614 3927 1639 3953 ›;
1665 3903 1958 3976 προστίθη-

312 4001 530 4062 σιν,8τι
585 4000 661 4059 Οό
717 4000 959 4072 κόμπος,
1022 3995 1180 4071 φησὶ,
1237 3991 1498 4066 ῥημάτων
1549 3991 1615 4046 τά
1672 3991 1953 4067 εἰρημένα.

301 4089 447 4151 Οὖδὶ
474 4096 575 4172 γάρ
606 4091 780 4148 εἰπεῖν
835 4088 1034 4161 τολμῶ
1090 4090 1199 4141 τῶν
1263 4084 1339 4158 μὴ
1398 4085 1542 4158 παρὰ
1591 4084 1827 4158 Χριστοῦ
1865 4105 1958 4156 μοι

297 4184 763 4261 ¹παραιιχεθέντων
824 4179 900 4242 εἷς
955 4179 1054 4247 τὴν
1112 4179 1220 4229 τῶν
1281 4173 1446 4238 ἐθνῶν
1503 4173 1828 4249 ἱερουργίαν,
1870 4174 1960 4229 καὶ

293 4272 387 4331 ἵνα
424 4298 530 4351 μου
584 4275 652 4330 τά
710 4269 836 4343 ἔθνη
899 4267 1197 4342 ὑπακούσῃ,
1229 4264 1376 4323 ἀλλὰ
1405 4266 1494 4321 καὶ
1528 4266 1770 4338 σημείων
1805 4269 1964 4338 ποιη-

300 4386 444 4434 σεις,
474 4367 564 4422 καὶ
593 4365 835 4440 τεράτων
865 4357 1148 4432 ἐπιδείξεις
1203 4377 1294 4428 μοι
1349 4355 1782 4430 παρεσχέθησαν.
1816 4355 1965 4412 Ἀνά-

289 4460 382 4534 γει
417 4459 528 4535 γάρ
561 4454 759 4514 λοιπὸν
816 4451 1023 4519 ἑαυτὸν,
1083 4445 1273 4514 ἐπειδή
1332 4441 1561 4535 σφόδρα,
1596 4443 1648 4499 ἐν
1706 4450 1824 4535 τοῖς
1853 4443 1965 4501 ἂνω

284 4533 657 4603 ἓταπείνωσεν
716 4542 928 4607 ἑαυτὸν,
991 4539 1178 4608 εἰπὼν,
1239 4559 1267 4588 ‹‹
1299 4533 1721 4610 Τολμηρότερον
1761 4533 1968 4612 ἔγραψα

287 4637 460 4713 ὑμῖν,
493 4662 521 4701 Διι
550 4633 646 4690 ἵνα
678 4635 754 4706 μή
789 4631 864 4693 ὡς
896 4627 1171 4693 εὐτελοῦς,
1205 4620 1524 4713 ἀπόϐλητος
1559 4625 1586 4679 ὁ
1618 4621 1789 4701 λόγος
1818 4624 1971 4700 γένη·

285 4712 407 4787 ται.
454 4751 484 4780 ‹‹
510 4728 612 4784 Ὧν
646 4725 709 4780 οὗ
765 4721 1155 4796 κατειργάσατο
1213 4715 1441 4793 Χριστὸς
1500 4712 1571 4770 δι’
1600 4713 1756 4787 ἐμοῦ,
1793 4739 1820 4766 ››
1855 4715 1969 4770 Δεῖ.

285 4840 496 4877 κνυσιν
544 4816 627 4872 ὅτι
667 4811 822 4872 οὐδὲν
879 4813 945 4882 ἦν
1005 4809 1193 4874 αὐτοῦ,
1250 4805 1402 4863 ἀλλά
1454 4807 1516 4861 τὸ
1575 4809 1674 4860 πᾶν
1709 4807 1968 4882 Χριστοῦ·

282 4903 319 4964 (ξ
357 4912 468 4968 Ἐν
528 4904 764 4977 δυνάμει
828 4901 1146 4974 Πνε·5ματος
1204 4900 1359 4955 Θεοῦ.
1396 4896 1529 4954 »Τὸ
1562 4896 1780 4969 ἀξίωμα
1835 4895 1959 4974 λέγε

282 5005 390 5058 τοῦ
467 4996 621 5073 ἁγίου
683 4993 1020 5065 Πνεόματος,
1075 4989 1158 5044 δτι
1217 4990 1401 5046 Ταῦτα
1449 4985 1748 5057 πεποίηκα,
1783 4987 1972 5063 φησῖν,

281 5092 490 5166 ἤγουν
524 5086 722 5161 τέρατα
751 5083 843 5140 καὶ
875 5086 1098 5155 σημεῖα,
1153 5082 1222 5152 τῇ
1278 5076 1501 5151 δυνάμει
1534 5077 1719 5132 αὐτοῦ.
1759 5100 1784 5131 α
1819 5079 1978 5136 Ὥστε

289 5196 367 5254 με
405 5179 530 5235 ἀπὸ
560 5172 927 5253 Ἰερουσαλὴμ
977 5171 1065 5228 καὶ
1123 5168 1333 5243 κύκλῳ.
1371 5194 1398 5221 ››
1459 5169 1663 5224 Λοιπὸν
1694 5169 1729 5237 ἡ
1761 5166 1979 5224 ἀπόδει.

288 5271 379 5341 ξις
417 5273 535 5326 τῶν
598 5264 927 5341 ε’ρημένων,
982 5267 1087 5318 τῶν
1151 5264 1408 5336 μαθητῶν
1463 5260 1527 5314 τὸ
1585 5257 1825 5329 πλῆθος.
1879 5261 1978 5317 Διὰ

277 5365 469 5416 τοῦτο
521 5356 581 5413 3i
636 5357 778 5422 εἶπε,
835 5381 865 5408 ιι
899 5351 1120 5428 Κόκλῳ,
1160 5378 1186 5404 υ
1241 5353 1332 5408 ἳνα
1376 5353 1451 5426 μή
1484 5352 1585 5418 τὴν
1617 5354 1736 5409 κατ’
1767 5352 1974 5408 εὐθεῖαν

283 5449 437 5506 ὁδὸν
474 5447 811 5519 ένθυμηθῗς.
861 5443 1008 5502 ἀλλὰ
1062 5445 1236 5500 πάντα
1296 5445 1363 5498 τά
1423 5444 1596 5518 πέριξ.
1634 5468 1662 5495 ››
1693 5442 1804 5500 Οὐκ
1833 5445 1976 5513 εἶπε,

282 5538 645 5611 Κεκηρόξαι,
679 5534 807 5592 ἀλλ’
835 5535 866 5591 8
895 5541 1081 5610 μεῖζον
1109 5536 1200 5605 ἦν,
1255 5560 1283 5588 ιι
1314 5524 1765 5611 Πεπληρωκέναι.
1807 5558 1832 5589 ιο
1870 5535 1977 5594 ’ῐλ-

280 5627 540 5706 λυρικόν
603 5624 661 5683 δὲ
715 5625 848 5699 ἐστι,
907 5626 975 5683 τὰ
1029 5620 1235 5703 ἔσχατα
1291 5634 1389 5696 τῆς
1446 5630 1534 5682 νῦν
1565 5627 1978 5703 ὀνομαζομένης

276 5713 651 5793 Βολγαρίας.

1965 4889 1980 4922 ι

2059 2215 2208 2281 Quid
2233 2231 2369 2287 ergo
2386 2213 2414 2268 ?
2441 2213 2642 2268 Tibine
2674 2212 3014 2268 concredita
3045 2219 3134 2267 est
3163 2212 3426 2285 gentium
3450 2211 3670 2267 oblatio
3687 2209 3716 2265 ‘i

2059 2305 2292 2374 Utique,
2328 2304 2541 2374 inquit,
2601 2308 2659 2358 et
2714 2302 2954 2375 gloriari
2987 2317 3230 2373 possum
3262 2302 3333 2357 de
3365 2301 3458 2356 his
3490 2315 3620 2371 qum
3654 2300 3716 2356 in

2057 2395 2178 2448 illis
2205 2399 2483 2465 operatus
2516 2408 2667 2448 sum.
2703 2392 2985 2448 Gloriatio
3042 2407 3177 2447 vero
3219 2407 3351 2447 mea
3378 2406 3498 2446 non
3529 2394 3619 2446 est
3650 2389 3710 2446 in

2057 2500 2174 2548 me,
2209 2484 2322 2539 hoc
2351 2488 2460 2548 est,
2517 2483 2577 2538 in
2634 2482 2855 2538 viribus
2912 2487 2970 2537 et
3027 2483 3291 2554 potentia
3325 2497 3480 2545 mea,
3514 2480 3617 2536 sed
3649 2481 3712 2536 in

2057 2573 2288 2629 Christo
2319 2574 2474 2629 Jesu.
2511 2572 2741 2628 Etenim
2788 2572 2833 2627 si
2886 2571 3030 2643 quid
3059 2572 3266 2627 dixero
3297 2577 3398 2627 aut
3426 2571 3713 2644 gloriatus

2056 2664 2246 2734 fuero,
2273 2663 2422 2718 nihil
2453 2661 2618 2719 aliud
2647 2661 2878 2718 audebo
2909 2662 3104 2718 dicere
3137 2677 3313 2734 quam
3347 2677 3418 2718 ea
3447 2677 3578 2734 quae
3611 2675 3718 2733 per

2059 2769 2154 2810 me
2183 2753 2450 2808 Christus
2481 2753 2676 2809 effecit
2723 2753 2785 2808 in
2837 2752 2948 2808 hoc
2977 2759 3044 2809 ut
3071 2762 3277 2824 gentes
3309 2753 3620 2810 obedirent
3647 2767 3717 2810 ac

2059 2842 2392 2900 crederent.
2417 2843 2569 2908 Quid
2591 2843 2769 2916 igitur
2800 2843 3040 2899 effecit?
3070 2844 3416 2900 Sermonem
3449 2843 3615 2900 dedit
3642 2841 3718 2900 ad

2059 2933 2503 3004 praedicandum
2527 2951 2539 2988 :
2567 2935 2733 3007 signa
2755 2940 2813 2991 et
2834 2934 3103 3007 prodigia
3127 2934 3202 2991 ad
3226 2931 3719 2990 benefaciendum

2060 3043 2128 3083 ac
2159 3028 2640 3100 persuadendum
2698 3029 2922 3084 tribuit.
2984 3028 3244 3084 Tandem
3286 3028 3434 3084 adeo
3468 3026 3720 3084 auxitet

2061 3116 2328 3173 dilatavit
2361 3133 2428 3173 ac
2460 3117 2832 3172 confirmavit
2862 3117 3039 3174 fidem
3073 3134 3178 3188 per
3207 3134 3301 3174 me
3334 3116 3718 3188 praedicatam

2060 3212 2125 3263 ut
2155 3224 2188 3262 a
2216 3209 2566 3273 Jerusalem,
2624 3225 2696 3264 ex
2752 3225 2869 3280 qua
2899 3211 3158 3281 primum
3195 3226 3439 3282 germen
3471 3209 3627 3274 tulit,
3662 3215 3721 3265 et

2061 3297 2628 3369 circumjacentibus
2675 3299 3017 3372 regionibus
3062 3316 3251 3372 usque
3284 3300 3359 3356 ad
3392 3299 3715 3372 Illyricum,

2061 3387 2293 3444 radices
2319 3388 2514 3444 ﬁxerit
2535 3405 2602 3445 ac
2626 3389 2931 3446 inhaaserit
2954 3396 3011 3446 et
3029 3389 3358 3462 impleverit
3377 3389 3719 3461 prmdicatio

1764 3452 1951 3553 κ’λξλῖυς
1993 3477 2034 3542 C
2065 3486 2259 3536 tantas
2289 3480 2600 3537 hominum
2661 3486 2870 3537 terras.
2907 3452 3132 3553 Itaque.
3168 3482 3316 3538 bene
3349 3452 3528 3538 etiam
3558 3480 3723 3537 vobis

2066 3571 2274 3642 scripsi
2308 3588 2376 3627 ac
2407 3571 2670 3643 suggessi
2695 3572 2766 3627 de
2790 3572 2881 3627 his
2909 3589 3039 3644 quae
3066 3572 3223 3644 apud
3250 3573 3386 3628 illos
3411 3577 3544 3628 acta
3565 3576 3724 3640 sunt,

2066 3662 2292 3718 audens
2323 3663 2502 3718 etiam
2549 3680 2648 3718 vos
2699 3663 3019 3719 admonere
3069 3680 3188 3719 una
3219 3680 3352 3719 cum
3385 3663 3619 3734 spiritu,
3652 3670 3725 3718 de

2066 3753 2160 3808 his
2191 3770 2321 3823 quae
2356 3753 2514 3809 vobis
2558 3755 2862 3824 proposita
2917 3760 3054 3810 sunt
3112 3771 3182 3809 ac
3240 3754 3728 3825 promissajuxta

2067 3844 2396 3916 potentiam
2429 3860 2498 3899 ac
2528 3843 2889 3900 libertatem.
2926 3867 2954 3892 ‹‹
2991 3845 3116 3898 Non
3148 3844 3306 3898 enim
3336 3844 3529 3899 ausim
3561 3842 3726 3914 loqui

2071 3935 2420 4004 quidquam.
2459 3954 2482 3984 ν
2524 3935 2846 4005 Postquam
2905 3933 3094 3989 dixit:
3132 3955 3160 3982 «
3195 3934 3393 3989 Habeo
3421 3935 3731 4006 gloriatio-

2070 4040 2207 4079 nem
2222 4073 2230 4083 .
2243 4023 2439 4080 uaddit
2459 4041 2578 4080 non
2599 4023 2910 4081 verborum
2927 4026 3279 4092 arrogantia:
3293 4042 3422 4082 esse
3447 4024 3730 4097 praedicta.

2072 4131 2265 4186 neque
2299 4115 2478 4178 enim,
2499 4114 2908 4186 inquit,audeo
2940 4116 3265 4186 quidquam
3300 4117 3497 4172 dicere
3521 4133 3729 4174 eorum

2075 4223 2206 4277 quae
2238 4223 2357 4262 non
2389 4213 2525 4262 sunt
2584 4207 2730 4261 mihi
2786 4215 2845 4262 a‘
2881 4207 3113 4264 Christo
3144 4206 3363 4264 tradita
3392 4207 3468 4264 ad
3500 4223 3732 4264 sacram

2075 4299 2339 4369 gentium
2371 4296 2971 4363 administrationem,
2990 4302 3172 4369 utque
3195 4304 3400 4366 gentes
3422 4297 3568 4354 mihi
3599 4297 3737 4354 obe-

2077 4387 2262 4443 diant.
2289 4388 2412 4442 Imo
2434 4393 2492 4444 et
2513 4387 2818 4460 signorum
2842 4389 3219 4459 operationes
3237 4405 3304 4445 ac
3326 4388 3735 4463 prodigiorum

2080 4476 2620 4534 demonstrationes
2643 4478 2788 4534 mihi
2814 4477 2964 4534 datae
2986 4479 3272 4535 suntJam
3293 4481 3451 4535 enim
3472 4480 3736 4552 seipsum

2081 4569 2319 4634 attollit,
2354 4570 2492 4640 quia
2523 4569 2583 4624 in
2615 4569 3088 4640 praecedentibus
3127 4571 3510 4628 vehementer
3540 4588 3603 4628 se
3633 4571 3740 4629 de-

2082 4658 2640 4729 presserat,’dicens
2669 4675 2682 4713 :
2716 4658 3039 4715 Audiacius
3059 4660 3268 4730 scripsi
3290 4659 3475 4725 vobis,
3508 4677 3582 4717 ne
3611 4666 3741 4716 tan-

2084 4766 2261 4821 quam
2295 4748 2427 4803 vilis
2456 4748 2716 4804 hominis
2739 4765 2935 4806 sermo
2967 4748 3134 4805 ﬂeret
3165 4750 3452 4822 abjectus.
3476 4775 3502 4800 «
3522 4752 3740 4807 Eorum

2011 4860 2058 4925 D
2086 4838 2368 4910 qumjnon
2404 4837 2602 4894 effecit
2627 4837 3033 4910 Christus‘Fper
3065 4856 3178 4896 me.
3221 4862 3248 4888 »
3281 4839 3550 4896 Ostendit
3579 4841 3742 4912 quod

2085 4929 2235 4985 nihil
2268 4928 2627 5001 erat-ipsius,
2663 4929 2793 5000 sed,‘
2815 4935 3006 4987 totum
3045 4930 3282 4987 Christi.
3317 4953 3344 4982 «
3378 4931 3743 5004 In"potentia

2088 5019 2340 5092 Spiritus
2371 5018 2496 5075 Dei.
2519 5021 2566 5068 »τ’
2586 5017 3111 5091 Dignitatem‘dicit
3140 5020 3394 5092 Spiritus
3424 5022 3548 5080 Dei.
3583 5023 3741 5095 Haec,

2087 5109 2300 5180 inquit,
2362 5108 2497 5172 feci,
2557 5107 2676 5163 sive
2734 5108 3003 5178 prodigia
3061 5110 3180 5165 sive
3241 5111 3408 5182 signa
3448 5118 3741 5185 potestate

2088 5189 2293 5270 ipsius.
2331 5221 2359 5248 «
2393 5198 2465 5254 Ut
2495 5196 2567 5252 ab
2599 5197 3022 5267 Jerusalem'fet
3059 5199 3624 5273 circumjacentibus
3655 5203 3744 5264 lo-

2090 5288 2193 5343 cis.
2232 5311 2252 5336 -
2291 5289 2472 5343 Porro
2503 5287 2876 5358 eorum’qum
2937 5288 3095 5343 dicta
3127 5295 3263 5344 sunt
3294 5289 3746 5361 demonstratio,

2089 5371 2520 5448 diScipulorum
2552 5383 2641 5433 est
2669 5377 3509 5450 multitudo.Propterea"dixit
3534 5400 3546 5438 :
3568 5406 3596 5431 «
3620 5385 3749 5440 Cir-

2089 5467 2755 5538 cumjacentibus'locis,
2808 5485 2883 5524 ne
2943 5476 3165 5526 rectam
3196 5472 3351 5528 viam
3382 5473 3747 5542 consideres,

2092 5559 2195 5616 sed
2218 5555 2424 5616 Omnes
2445 5560 2670 5631 positas
2700 5559 2761 5615 in
2791 5561 3044 5618 circuitu
3064 5563 3358 5636 regiones.
3387 5585 3410 5615 ν
3431 5565 3556 5620 Non
3578 5564 3748 5628 dixit,

2091 5648 2560 5714 Prmdicaverim,
2583 5647 2686 5705 sed
2711 5649 2870 5721 quod
2894 5652 3090 5725 majus
3114 5657 3240 5710 erat
3258 5653 3706 5726 «:lmpleverim.
3722 5675 3745 5702 ι

2091 5737 2396 5812 Illyricum
2453 5744 2651 5796 autem
2711 5740 3035 5797 novissima
3092 5757 3228 5814 pars
3288 5746 3376 5796 est
3434 5743 3561 5811 ejus
3617 5738 3750 5809 qua;

2091 5827 2368 5906 Bulgaria
2394 5827 2628 5886 dicitur.
3435 5835 3437 5838 ‘
3702 5841 3716 5848 ·
