4122 6436
319 403 436 471 623

1441 407 1860 471 (ECUMENII
1906 405 2211 470 ΊῊΙΟΟΑΞ
2260 409 2613 471 EPISCOPI

3617 404 3754 466 624

390 545 540 601 405
575 543 696 606 XV,
727 542 910 598 20-24.
946 568 972 593 α
1008 545 1094 601 Ita
1122 561 1258 602 vero
1291 546 1564 602 adnitens
1597 546 1941 619 Evangeliun

2053 604 2058 611 _
2162 542 2351 604 Οὕτως
2436 542 2493 599 δὲ
2574 542 3039 624 φιλοτιμούμενον
3116 542 3574 621 εὐαγγελίζεσθαι,
3633 541 3746 623 οὐχ

319 659 343 685 ‹‹
370 635 744 698 annuntiare,
778 651 896 689 non
927 634 1026 689 ubi
1061 636 1404 692 nominatus
1433 643 1558 692 erat
1587 637 1874 699 Christus,
1899 651 1972 690 ne

316 749 338 778 α
363 726 814 798 superalienum
833 727 1283 784 fundamentum
1299 729 1654 784 mditicarein
1675 746 1686 782 :
1705 729 1807 783 sed
1821 728 1974 784 sicut

314 839 340 865 ‹‹
365 816 650 887 scriptum
670 816 1012 880 estzQuibus
1030 833 1149 872 non
1162 819 1680 873 estaununtiatum
1704 817 1775 872 de
1796 817 1970 882 eo,vi-

311 928 336 954 «
360 905 781 976 debunt,etqui
798 922 914 960 non
929 907 1266 972 audierunt,
1287 907 1636 980 intelligent.
1658 909 1967 978 Quaprop-

314 1017 333 1044 ε
349 1001 444 1052 ter
455 995 1011 1067 etiamimpediebar
1025 999 1362 1068 frequenter
1373 999 1692 1068 quominus
1706 999 1964 1053 venirem

312 1107 336 1138 α
359 1086 434 1142 ad
454 1101 746 1148 vos.nunc
767 1102 902 1141 vero
925 1102 1059 1142 cum
1078 1102 1196 1142 non
1219 1088 1476 1159 amplius
1501 1088 1748 1144 habeam
1770 1089 1966 1144 locum

314 1174 424 1231 «in
448 1174 540 1230 his
564 1174 928 1248 regionibus,
965 1175 1329 1232 desiderium
1356 1182 1555 1232 autem
1584 1177 1835 1233 habeam
1868 1194 1966 1233 ve-

314 1287 334 1312 ι
359 1261 563 1320 niendi
597 1263 672 1320 ad
687 1281 787 1320 vos
814 1265 1157 1337 multisjam
1181 1267 1510 1332 annis,utsi
1531 1265 1874 1338 proﬁciscar
1902 1269 1963 1323 in

307 1375 334 1404 ι(
367 1353 1065 1425 Ηὶεραηὶαω.;νθῐιίαωιιά
1107 1371 1224 1412 vos.
1263 1355 1444 1427 Spero
1484 1357 1643 1412 enim
1675 1373 1770 1412 me
1801 1362 1963 1412 tran-

305 1467 332 1493 «
368 1443 595 1499 seundo
636 1445 898 1502 visurum
919 1453 1107 1511 vos,et
1125 1463 1158 1503 a
1181 1446 1346 1502 vobis
1363 1447 1775 1504 deducendum
1797 1448 1959 1516 illuc,

305 1557 330 1582 ‹‹
366 1534 414 1587 si
454 1539 658 1590 tamen
675 1542 870 1591 vestra
885 1536 1321 1592 consuetudine
1338 1538 1502 1607 prius
1517 1553 1587 1592 ex
1601 1545 1768 1609 parte
1781 1538 1949 1593 fuero

301 1645 328 1672 «
362 1623 656 1695 expletus.
695 1648 715 1674 ι

369 1717 649 1781 Conatus,
682 1715 897 1786 inquit,
932 1722 988 1770 et
1019 1717 1209 1789 gloria
1244 1717 1389 1771 mihi
1427 1723 1553 1772 erat
1586 1717 1664 1771 ibi
1699 1719 1958 1789 Evange-

299 1804 448 1861 lium
509 1807 862 1863 annuntiare
918 1809 1021 1863 ubi
1081 1809 1347 1864 nondum
1392 1809 1734 1865 nominatus
1765 1810 1956 1865 fuerat

2080 631 2219 686 ὅπου
2278 633 2574 706 ὡντμασθη
2661 634 2913 707 Χριστὸς,
2969 632 3060 688 ’ίνα
3121 635 3196 707 μὴ
3284 631 3370 690 ἐπ’
3437 629 3734 696 ἀλλότριον

2079 719 2334 792 θεμέλιον
2436 719 2740 795 οἰκοδομῶ,
2871 720 3019 779 ἀλλᾶ
3127 723 3308 787 καθὼς
3411 724 3731 800 γέγραπται.

2077 810 2175 872 Οἷς
2225 811 2324 866 οὐκ
2399 810 2679 889 ἀνηγγέλη
2761 811 2882 884 περὶ
2959 814 3148 883 αὐτοῦ,
3223 809 3468 886 ἕψοντας
3547 812 3638 866 καὶ
3679 810 3734 867 οἳ

2076 897 2179 952 οὐκ
2253 900 2540 970 ἀκηκόασι,
2619 907 2933 972 συνήσουσι.
3012 901 3105 956 Διὸ
3178 901 3268 957 καὶ
3353 900 3733 973 ἐνεκοπτόμην

2071 990 2139 1042 τὰ
2186 987 2373 1046 πολλα
2428 995 2525 1046 τοῦ
2584 991 2758 1047 ἐλθεῖν
2818 992 2953 1066 πρὸς
3015 992 3178 1065 ὑμᾶς.
3239 991 3370 1047 Νυνὶ
3423 990 3480 1046 at
3536 992 3732 1065 μηκέτι

2071 1077 2236 1133 τόπον
2295 1072 2440 1155 ἔχων
2524 1080 2574 1136 ἐν
2661 1087 2777 1144 τοῖς
2862 1079 3094 1153 κλίμασι
3147 1081 3387 1151 τούτοις,
3447 1080 3737 1146 ἐπιποθίαν

2073 1163 2128 1221 δέ
2184 1166 2328 1243 ἔχων
2387 1173 2484 1226 τοῦ
2539 1169 2718 1226 ἐλθεῖν
2779 1172 2914 1246 πρὸς
2977 1171 3116 1245 ὑμᾶς
3175 1171 3280 1226 ἀπὸ
3310 1167 3539 1228 πολλῶν
3573 1171 3733 1226 ἒτῶνο

2070 1257 2144 1318 ὡς
2228 1257 2318 1312 ξαν
2403 1260 2726 1334 πορεύωμαι
2786 1258 2865 1325 εἴς
2945 1263 3047 1328 την
3114 1260 3376 1332 Σπανίαν,
3433 1259 3733 1334 ἐλεύσομαι

2067 1345 2202 1419 πρὸς
2263 1346 2423 1420 ὑμᾶς.
2509 1348 2754 1419 Ἐλπίζω
2842 1350 2946 1425 γὰρ
3027 1347 3456 1424 διαπορεύμενος
3545 1352 3736 1414 θεασα-

2068 1435 2187 1488 σθαι
2248 1437 2410 1510 ὑμᾶς,
2463 1439 2552 1494 καὶ
2616 1439 2701 1516 ὑφ’
2763 1441 2914 1513 ὑμῶν
2966 1440 3389 1518 προπεμφθῆναι
3454 1438 3588 1508 ἐκεῖ,
3638 1438 3731 1494 ἐὰν

2069 1524 2222 1596 ὑμῶν
2254 1529 2472 1600 πρῶτον
2507 1525 2612 1583 ἀπὸ
2650 1529 2849 1602 μέρους
2882 1525 3212 1602 ἐμπλησθῶ.

2136 1705 2444 1780 Φιλοτιμία
2473 1704 2530 1762 δέ
2563 1728 2658 1782 μοι
2692 1707 2860 1784 ἤγουν
2895 1705 3024 1781 δόξα
3073 1709 3163 1778 ἦν,
3196 1707 3383 1785 φησῖν,
3417 1709 3528 1764 ἐκεῖ
3559 1709 3723 1783 εὐαγ-

2059 1796 2394 1875 γελίζεσθαι,
2426 1794 2551 1852 ἔνθα
2599 1795 2752 1853 οὔπω
2808 1799 2876 1868 ἦν
2936 1798 3262 1870 ὀνομασθεὶς
3292 1798 3320 1853 ὁ
3355 1797 3614 1874 Χριστός.
3649 1796 3719 1856 Τί

298 1893 584 1952 Christus.
619 1897 807 1962 Quare
828 1897 855 1951 ?
886 1899 965 1952 Ne
998 1915 1178 1969 super
1206 1899 1467 1955 alienum
1500 1899 1941 1955 fundamentum

2065 1894 2131 1967 δή
2166 1915 2335 1964 ποτες
2398 1897 2509 1953 Ἵνα
2571 1898 2672 1970 μή,
2731 1899 2920 1972 φησὶν,
2977 1895 3065 1951 ἐπ’
3120 1895 3415 1971 ἀλλότριον
3469 1896 3728 1968 θεμέλιον

297 1983 654 2041 mdiﬁcarem
685 2003 698 2039 :
738 2009 764 2039 α
796 1988 920 2042 Non
950 1988 1049 2043 ubi
1084 1989 1424 2044 nominatus
1453 1997 1580 2045 erat
1603 1989 1893 2045 Christus.
1923 2011 1946 2040 ν

296 2072 423 2126 Non
453 2072 612 2144 quod
643 2080 994 2131 caeterorum
1013 2076 1420 2147 apostolorum
1443 2077 1788 2132 societatem
1823 2077 1951 2133 des-

293 2159 551 2229 picerem
580 2178 592 2214 :
627 2161 730 2216 sed
760 2163 918 2234 quod
963 2164 1400 2220 contentiosum
1436 2181 1502 2220 ac
1535 2165 1823 2235 injustum
1849 2166 1946 2236 juo

291 2247 575 2316 dicarem,
607 2250 857 2323 gloriam
890 2253 1100 2308 alienis
1150 2253 1409 2308 debitam
1441 2255 1720 2325 operibus
1750 2253 1946 2310 subri-

290 2363 451 2418 pere.
486 2371 514 2398 «
549 2350 629 2404 Ne
663 2365 843 2421 super
873 2351 1140 2408 alienum
1200 2352 1655 2410 fundamentum
1687 2353 1947 2410 aediﬁca-

287 2453 435 2492 rem.
473 2460 499 2485 ››
532 2438 806 2496 Alienum
836 2440 1286 2498 fundamentum
1316 2443 1458 2498 dicit
1487 2443 1945 2515 prmdicatorum

289 2524 642 2583 doctrinam.
677 2528 954 2584 Alienum
985 2547 1031 2582 Vt
1059 2547 1121 2586 ro
1144 2547 1262 2586 non
1294 2532 1632 2587 diversitate
1659 2533 1943 2605 prwdica-

289 2614 600 2680 tionis,sed
632 2618 858 2672 ratione
893 2621 1182 2675 mercedis
1213 2637 1279 2676 ac
1311 2621 1551 2678 laboris.
1591 2644 1614 2672 (ι
1651 2621 1763 2677 Sed
1793 2623 1943 2678 sicut

291 2705 576 2774 scriptum
610 2713 718 2761 est.
755 2730 780 2755 n
815 2709 1082 2764 Ostendit
1115 2710 1273 2781 quod
1330 2711 1442 2768 hoc
1487 2727 1664 2784 agens
1695 2710 1946 2783 prophe-

288 2793 434 2849 tiam
470 2795 732 2867 impleat.
767 2817 797 2850 «
830 2798 1198 2871 Quapropter
1218 2801 1397 2857 etiam
1431 2801 1799 2872 impediebar
1828 2801 1942 2854 fre-

291 2891 562 2954 quenter.
598 2911 617 2933 ι
653 2889 793 2957 Ejus
846 2890 1003 2960 quod
1035 2891 1096 2945 in
1153 2892 1322 2946 initio
1355 2891 1620 2946 dixerat:
1655 2915 1680 2942 ι‹
1718 2891 1942 2963 Saepius

287 2976 568 3046 proposui
602 2979 799 3034 venire
831 2980 906 3034 ad
965 2999 1084 3046 vos,
1121 3007 1137 3028 -
1203 2983 1496 3037 rationem
1539 2999 1696 3038 nunc
1726 2981 1936 3038 reddit.

283 3063 427 3119 Nam
463 3065 751 3134 doctrina,
787 3068 1000 3140 inquit,
1055 3071 1210 3126 circa
1253 3080 1457 3143 gentes
1489 3089 1582 3127 me
1615 3072 1937 3144 prohibuit.

281 3150 477 3208 Πολλά
512 3159 786 3224 multum,
821 3159 931 3215 hoc
963 3166 1072 3223 est.
1107 3179 1279 3234 saepe.
1311 3183 1331 3208 ι
1358 3164 1497 3218 Cum
1533 3180 1652 3218 non
1681 3162 1939 3234 amplius

279 3242 474 3298 locum
509 3246 784 3303 habeam.
825 3273 843 3297 -
885 3251 1081 3317 Vides,
1116 3251 1328 3322 inquit,
1362 3254 1519 3323 quod
1558 3270 1677 3308 non
1709 3252 1938 3324 cupidi—

2064 1983 2369 2058 οῗκοδομῶ.
2409 2011 2429 2036 ε
2467 1985 2592 2061 Οὐχ
2622 1986 2759 2040 ὅπου
2790 1984 3087 2058 ὠνομάτθη
3121 1986 3369 2062 Χριστός.
3407 2010 3435 2039 ››
3491 1987 3614 2062 Οὐχ
3646 1987 3725 2050 ὡς

2054 2074 2442 2150 ἀπευχόμενος
2492 2078 2598 2130 τῶν
2653 2072 2865 2130 λοιπῶν
2927 2073 3250 2131 αποστὸλων
3281 2077 3380 2142 τήν
3414 2074 3731 2145 κοινωνίαν,

2053 2163 2182 2220 ἀλλ’
2241 2163 2315 2226 ὡς
2375 2165 2760 2220 πλεονεκτικὸν
2819 2164 2907 2219 καὶ
2968 2162 3153 2220 ἁδικον
3211 2164 3425 2241 κρίνων,
3481 2167 3579 2235 τήν
3611 2170 3726 2220 τῶν

2054 2251 2366 2326 ἀλλοτρίων
2427 2248 2600 2328 ἔργων
2660 2248 2816 2320 δόξαν
2877 2252 3230 2328 ὑφαρπάζειν,
3293 2253 3463 2309 «Ἵνα
3524 2253 3599 2325 μὴ
3633 2250 3726 2306 ἐπ’

2052 2339 2350 2415 ἀλλότριον
2387 2337 2641 2412 θεμέλιον
2702 2337 3004 2411 οἰκοδομῶ.
3042 2367 3064 2395 ι
3100 2340 3428 2414 Ἀλλότριον
3465 2338 3727 2414 θεμέλιον

2052 2430 2316 2508 φησὶ·τήν
2349 2433 2456 2484 τῶν
2516 2427 2703 2484 ἄλλων
2759 2429 3014 2506 κηρύκων
3075 2428 3329 2505 διδαχῆν.
3383 2429 3714 2506 Ἀλλότριον

2053 2518 2129 2583 δὲ,
2165 2519 2228 2574 ού
2261 2516 2350 2573 διὰ
2405 2519 2468 2572 τὸ
2526 2515 2756 2573 ἀλλοῖον
2813 2524 2907 2573 ’τοῦ
2965 2519 3343 2595 κηρύγματος,
3405 2517 3550 2575 ἀλλᾶ
3579 2521 3723 2575 κατὰ

2050 2609 2140 2662 τὸν
2168 2611 2265 2662 τοῦ
2298 2611 2494 2680 μισθοῦ
2553 2605 2722 2682 λόγον
2775 2607 2866 2662 καὶ
2917 2612 3015 2662 τοῦ
3045 2609 3319 2681 καμάτου.
3361 2631 3382 2658 α
3415 2607 3596 2664 Ἀλλᾶ
3625 2629 3724 2663 κα-

2051 2699 2159 2762 θὼς
2221 2699 2602 2775 γέγραπται.»
2670 2697 2948 2752 Δείκνυσιν
3005 2697 3089 2753 ὅτι
3150 2702 3310 2754 τοῦτο
3369 2703 3568 2768 ποιῶν,
3619 2698 3711 2753 καὶ

2049 2788 2386 2867 προφητείαν
2421 2787 2692 2860 ἐπλήρου.
2727 2811 2756 2841 ιι
2790 2790 2883 2844 Διὸ
2933 2789 3021 2843 καὶ
3071 2787 3446 2862 ἐνεκοπτόμην
3477 2791 3542 2845 τα
3570 2787 3717 2844 πολ-

2049 2876 2142 2934 λα.
2179 2904 2198 2928 n
2233 2881 2338 2932 Τοῦ
2368 2875 2421 2932 ἐν
2464 2878 2611 2952 ἀρχῇ
2671 2875 2821 2948 αύτῷ
2882 2877 3193 2953 εἰρημένου,
3249 2879 3332 2934 ὅτι
3364 2905 3392 2931 ‹‹
3432 2876 3718 2944 Πολλάκις

2047 2968 2360 3043 προεθέμην
2393 2966 2569 3030 ἐλθεῖν
2605 2969 2740 3041 πρὸς
2773 2963 2936 3038 ὕμᾶς,
2972 2993 2999 3021 ››
3054 2973 3142 3022 νῦν
3187 2971 3286 3034 τήν
3321 2969 3496 3024 αἰτίαν
3530 2966 3729 3033 ἀποδί,

2049 3053 2231 3110 ὃωσιν·
2269 3057 2415 3121 Ὀτι,
2449 3056 2606 3132 φησί,
2664 3059 2698 3126 ἡ
2759 3057 2894 3130 πρὸς
2947 3058 3013 3113 τὰ
3067 3054 3187 3128 ἔθνη
3224 3054 3551 3115 διδασκαλία
3585 3058 3726 3114 ἑκώ-

2047 3143 2176 3200 λυσέ
2204 3165 2289 3217 με.
2319 3168 2345 3196 ιι
2369 3145 2444 3200 Τὰ
2469 3143 2675 3200 πολλά.
2703 3171 2729 3196 ››
2755 3147 2884 3202 Οἱον
2920 3145 3214 3208 πολλάκις.
3242 3174 3267 3199 υ
3295 3148 3507 3218 Μηκέτι
3535 3147 3719 3204 τόπον

2045 3230 2210 3308 ἔχων.
2248 3260 2273 3284 »ι
2302 3234 2459 3308 Ὁρᾷς
2489 3232 2573 3287 ὅτι
2606 3233 2667 3288 οὐ
2697 3240 2798 3304 τῆς
2831 3235 3001 3304 αὐτῆς
3055 3234 3216 3306 δόξης
3251 3236 3528 3310 ἐφιέμενος
3559 3235 3720 3312 ἰέγρικ⁶

277 3340 397 3389 tate
432 3350 551 3389 sua:
582 3336 783 3407 gloriae
816 3311 1122 3410 scripserit
1179 3311 1326 3396 eisi
1365 3311 1557 3413 neque
1616 3349 1681 3398 ut
1719 3311 1938 3399 dicitur

2053 3327 2171 3397 laev;
2203 3324 2267 3379 οὐ
2301 3322 2380 3391 δὲ,
2411 3323 2486 3386 ὡς
2513 3320 2571 3377 ἃν
2600 3321 2742 3379 εἷ’ποι
2768 3345 2873 3390 τις,
2898 3324 3213 3380 κολακεύων
3244 3326 3440 3390 αὐτοὺς
3465 3327 3538 3388 ὡς
3564 3323 3724 3382 δυνά-

277 3425 619 3480 assenlandi
654 3426 895 3483 illorum
922 3431 1130 3502 gratia,
1154 3439 1220 3488 ut
1240 3433 1341 3503 qui
1375 3435 1660 3504 primates
1691 3435 1937 3490 essent?

279 3513 330 3568 ei
357 3513 599 3584 quidem
632 3519 1060 3587 propemodum
1095 3521 1207 3576 hoc
1238 3522 1756 3589 scribit.Quoniam
1788 3541 1937 3596 Opus

280 3603 568 3676 complevi
601 3612 659 3660 et
689 3606 840 3662 nihil
888 3615 976 3664 est
1031 3611 1188 3680 quod
1240 3628 1432 3685 agam,
1467 3613 1598 3670 volo
1629 3615 1826 3670 venire
1859 3615 1935 3670 ad

279 3708 402 3749 vos.
439 3713 469 3746 ιι
503 3694 874 3752 Desiderium
907 3706 1103 3755 autem
1137 3700 1410 3758 habeam.
1449 3727 1469 3752 ι
1507 3705 1586 3758 Ne
1618 3704 1753 3759 illos
1785 3704 1934 3776 deji-

281 3798 412 3839 cere
445 3783 736 3852 videatur,
780 3788 1050 3844 scribens
1085 3809 1098 3847 :
1159 3792 1306 3858 Quia
1361 3793 1409 3848 si
1469 3794 1619 3849 nihil
1654 3800 1742 3850 est
1775 3793 1936 3866 quod

280 3887 469 3946 agam,
503 3875 735 3931 veniam
757 3877 829 3932 ad
856 3894 976 3944 vos,
1001 3879 1308 3955 subjungit
1331 3899 1344 3937 :
1369 3904 1397 3932 ‹‹
1427 3883 1797 3941 Desiderium
1826 3885 1932 3939 ba-

279 3960 453 4018 beam
485 3965 832 4036 multisjam
859 3969 1053 4032 annis,
1077 3992 1103 4018 ››
1129 3970 1238 4026 hoc
1256 3977 1346 4027 est
1376 3972 1739 4029 desiderium
1772 3990 1931 4029 com-

276 4052 443 4123 plere
475 4053 652 4109 nitor.
693 4080 714 4103 «ι
753 4056 823 4112 Ut
881 4059 930 4112 si
987 4058 1330 4129 proﬁciscar
1388 4062 1450 4116 in
1508 4063 1872 4134 Hispaniam.
1904 4084 1929 4114 υ

275 4139 356 4193 Ne
389 4155 624 4196 rursum
670 4142 1031 4201 adulationis
1062 4163 1197 4220 ergo
1257 4150 1478 4206 dixisse
1537 4152 1932 4218 existimetur,

282 4248 308 4275 ‹‹
347 4227 717 4285 Desiderium
759 4233 1011 4289 habeam
1068 4237 1274 4293 multis
1323 4241 1451 4308 jam
1484 4241 1678 4304 annis,
1715 4263 1741 4290 ››
1776 4240 1935 4312 quod

270 4314 496 4372 dictum
530 4324 619 4372 est
660 4321 921 4393 corrigit,
965 4322 1206 4380 dicens:
1243 4327 1396 4382 408
1431 4327 1512 4382 Ob
1549 4328 1660 4384 hoc
1691 4329 1933 4401 potissi-

270 4420 437 4460 mum
470 4407 671 4462 venire
703 4410 898 4482 cupio,
951 4418 1017 4467 ut
1075 4413 1134 4468 in
1195 4415 1537 4487 Hispaniam
1572 4418 1931 4490 proﬁciscar.

274 4515 302 4543 ‹‹
338 4494 520 4565 Spero
553 4497 714 4552 enim
776 4515 867 4555 me
927 4502 1292 4560 transeundo
1350 4507 1612 4564 visurum
1661 4526 1780 4575 vos,
1816 4515 1872 4565 et
1902 4525 1936 4564 a

266 4583 431 4640 vobis
490 4585 992 4646 deducendum.»
1050 4593 1132 4649 Ne
1192 4594 1412 4662 dicant,
1475 4599 1639 4654 Facis
1684 4615 1793 4655 nos
1829 4600 1935 4654 viaa

2046 3434 2197 3474 στας.
2232 3413 2336 3469 Καὶ
2363 3413 2466 3487 γὰρ
2503 3413 2804 3488 μονονουχῖ
2834 3418 2995 3468 τοῦτο
3027 3435 3244 3493 γραφει·
3278 3413 3505 3486 Ἐπειδὴ
3537 3417 3599 3471 τὸ
3631 3412 3720 3492 ἕρ-

2043 3524 2140 3577 γον
2175 3502 2542 3578 πεπλήρωκα,
2578 3501 2734 3558 οὐδὲν
2765 3501 2880 3578 ἔχω
2912 3511 3163 3574 ποιῆσαι,
3189 3506 3335 3569 θέλω
3366 3504 3542 3562 ἐλθεῖν
3575 3509 3718 3572 πρὸς

2045 3592 2204 3664 ὑμᾶς.
2230 3613 2260 3647 ι(
2289 3592 2608 3649 Ἐπιποθίαν
2638 3590 2695 3647 δὲ
2717 3588 2883 3668 ἔχων.
2916 3617 2944 3645 ››
2970 3595 3081 3650 *Ἱνα
3106 3595 3182 3667 μή
3208 3593 3336 3670 δόξῃ
3362 3596 3713 3666 έξευτελίζειν

2045 3681 2245 3744 αὐτοὺς
2276 3683 2524 3758 γράφων,
2585 3682 2694 3753 ὅτι,
2755 3681 2940 3753 Μηδὲν
2996 3681 3142 3759 ἔχων
3189 3693 3442 3756 ποιῆσαι,
3475 3685 3712 3763 ἔρχομαι

2040 3773 2176 3846 πρὸς
2213 3773 2372 3847 ὑμᾶς,
2434 3771 2642 3846 έπαγει,
2704 3796 2729 3824 ‹‹
2767 3773 3086 3838 Ἐπιποθίαν
3143 3769 3291 3850 ἔχων
3344 3779 3452 3846 πρὸ
3485 3777 3716 3835 πολλῶν

2045 3862 2203 3931 ὲτῶν,
2240 3886 2267 3915 ››
2321 3864 2419 3932 τήν
2483 3859 2776 3934 έπιθυμίαν
2847 3863 3050 3933 ταύτην
3109 3864 3326 3921 σπεύδω
3392 3865 3717 3942 πληρῶσαι.

2041 3976 2068 4002 ‹‹
2102 3952 2194 4012 Ὠς
2259 3950 2345 4006 ἐὰν
2403 3949 2726 4025 πορεύωμαι
2790 3949 2866 4014 είς
2920 3953 3020 4021 τήν
3071 3956 3328 4010 Σπανίαν.
3380 3979 3400 4007 ι
3462 3959 3571 4012 Ἵνα
3633 3959 3713 4028 μὴ

2037 4036 2204 4095 πάλιν
2239 4043 2476 4112 νομισθῇ
2535 4038 2673 4094 κατᾶ
2728 4038 3019 4095 κολακείαν
3077 4041 3345 4117 εἰρηκέναι
3375 4043 3458 4110 τὸ,
3499 4067 3525 4094 ι‹
3559 4044 3711 4099 Ἐπιο

2039 4127 2233 4183 ποθίαν
2293 4122 2439 4202 ἔχων
2496 4127 2602 4182 ἀπὸ
2661 4125 2888 4184 πολλῶν
2925 4130 3082 4200 ἑτῶν,
3122 4157 3142 4181 ι
3208 4129 3429 4199 λολάζει
3459 4131 3524 4186 τὸ
3556 4130 3714 4205 εἷρη-

2047 4213 2223 4289 μένον,
2258 4215 2454 4293 λέγων,
2519 4215 2598 4271 ὅτι
2661 4217 2761 4272 Δια
2815 4223 2978 4274 τοῦτο
3035 4218 3271 4293 μάλιστα
3321 4218 3498 4284 ἐλθεῖν
3531 4219 3701 4294 θέλω,

2038 4303 2133 4360 ’ίνα
2167 4305 2241 4368 εἷς
2273 4307 2371 4375 τὴν
2435 4305 2672 4361 Σπανίαν
2728 4304 2970 4367 ἀπέλθω.
3037 4335 3065 4363 ‹‹
3110 4308 3356 4380 Ἐλπίζω
3385 4309 3486 4386 γὰρ
3519 4307 3710 4368 διαπο-

2043 4394 2330 4469 ρευὸμενος
2390 4395 2673 4460 θεάσασθαι
2737 4396 2903 4470 ὑμᾶς,
2957 4399 3047 4452 καὶ
3107 4397 3200 4474 ἀφ’
3260 4401 3410 4474 ὑμῶν
3462 4421 3715 4475 προπεμ-

2042 4487 2261 4559 φθῆναι.
2295 4509 2322 4536 ››
2357 4485 2494 4542 Εἶτα
2521 4483 2610 4539 ἳνα
2643 4487 2720 4557 μὴ
2757 4485 3020 4560 λεγωσιν,
3052 4487 3216 4544 Ὀδοῦ
3249 4489 3522 4568 πάρεργον
3556 4493 3711 4562 ἡμᾶς

2041 4577 2198 4648 ποιῇ,
2233 4573 2416 4650 ἐπάγει
2474 4575 2536 4630 τὸ
2596 4599 2623 4626 ι(
2657 4576 2778 4653 Ἀφ’
2839 4576 2995 4648 ὑμῶν
3052 4587 3505 4652 προπεμφθῆναι,
3542 4603 3569 4632 n
3615 4578 3718 4637 ’ίνα

258 4676 667 4733 accessionem
701 4690 920 4751 praeter
948 4687 1344 4756 prapositum,
1372 4688 1714 4763 subjungit:
1746 4714 1771 4739 «
1800 4691 1867 4745 Et
1899 4705 1934 4746 a

2053 4663 2206 4720 πάλιν
2267 4667 2368 4732 τὴν
2428 4665 2642 4738 ἀγάπην
2701 4661 3023 4737 ἐνδείξηται.
3082 4667 3464 4739 Ἀλλ’ὲπειὸἡ
3500 4669 3599 4726 ούκ
3630 4672 3700 4740 ἦν

260 4764 424 4819 vobis
459 4765 894 4828 deducendum.
936 4795 961 4819 ››
993 4780 1058 4830 ut
1081 4791 1286 4832 rursus
1309 4775 1692 4836 dilectionem
1725 4787 1934 4836 osten-

281 4845 400 4906 dat.
434 4852 544 4908 Sed
566 4872 847 4927 quoniam
872 4857 932 4914 .d
954 4876 1074 4916 non
1101 4865 1244 4919 satis
1275 4871 1422 4931 erat,
1456 4865 1642 4932 addit,
1670 4893 1693 4915 «
1720 4868 1930 4939 Exple-

315 4953 388 4994 us
415 4941 581 4998 fuero
607 4988 619 5008 ,
656 4971 681 4993 ιι
716 4949 873 5018 quod
929 4952 1111 5021 patris
1172 4955 1366 5024 potius
1422 4963 1548 5012 erat
1578 4971 1756 5028 quam
1793 4975 1929 5028 pras-

250 5035 528 5096 ceptoris.
571 5057 596 5080 ‹‹
636 5035 715 5089 Ex
751 5045 914 5107 parte
948 5042 1220 5110 expletus
1272 5044 1458 5101 fuero.
1500 5070 1523 5092 ››
1561 5047 1678 5102 Hoc
1712 5053 1822 5112 est,
1860 5047 1922 5103 in

249 5123 440 5186 parte.
478 5121 714 5178 Nullun
748 5128 910 5180 enim
944 5135 1179 5200 tempus
1233 5133 1490 5202 perfecte
1546 5137 1787 5206 eXplere
1827 5153 1920 5192 me

258 5212 465 5287 poseet
501 5217 696 5266 vestra
718 5213 1058 5284 dilectione,
1083 5237 1192 5276 nec
1218 5225 1685 5280 conversationis
1721 5235 1926 5282 \estraa

262 5294 599 5353 satietatem
652 5302 981 5373 inducere;
1044 5310 1148 5364 sed
1205 5318 1440 5383 gratqu
1502 5319 1591 5369 est
1660 5317 1805 5372 mihi
1863 5325 1934 5374 ut

266 5383 477 5439 saltem
514 5404 582 5441 ex
616 5399 778 5461 parte
813 5395 1084 5466 implear.

323 5472 658 5536 XV,25-29.«
689 5482 851 5538 Nunc
874 5492 1071 5541 autem
1102 5487 1448 5558 proﬁciscor
1474 5492 1800 5551 Jerusalem
1826 5498 1929 5554 mi-

258 5585 284 5612 ‹‹
311 5562 574 5620 nistrans
589 5572 808 5626 sanctis
840 5573 1066 5630 Placuit
1081 5577 1240 5632 enim
1262 5579 1613 5637 Macedoniae
1629 5587 1926 5645 etAchaias

268 5675 295 5703 α
315 5658 802 5746 communionem
818 5663 1078 5736 aliquam
1095 5666 1287 5725 facere
1307 5670 1366 5727 in
1383 5686 1673 5746 pauperes
1690 5684 1922 5735 sanctos

254 5761 280 5789 α
300 5742 400 5836 qui
416 5752 551 5802 sunt
566 5742 1677 5836 Hierosolymis.Placuitnainqueipsis
1695 5771 1753 5820 et
1767 5766 1926 5822 debi-

253 5850 280 5879 «
298 5835 455 5889 tores
469 5843 607 5895 sunt
619 5839 932 5899 illorum..\'
940 5857 1036 5899 am
1055 5844 1102 5900 si
1119 5846 1529 5917 spiritualibus
1545 5835 1750 5911 eorum
1766 5871 1917 5912 com-

2043 4754 2344 4828 ἀξιόχρεων
2373 4758 2557 4821 τοῦτο,
2591 4753 2916 4827 προστίθησι
2939 4756 3023 4824 τὸ,
3058 4779 3078 4808 τ
3110 4758 3477 4830 Ἐμπλησθῶ,
3508 4783 3535 4811 ι)
3569 4759 3708 4835 ὅπερ

2041 4845 2245 4915 πατρὸς
2304 4845 2365 4912 ἦν
2429 4839 2673 4915 μᾶλλον,
2733 4841 2770 4913 ἤ
2823 4841 3179 4903 διδασκάλου.
3235 4873 3263 4900 ι(
3328 4849 3464 4905 Ἀπὸ
3500 4851 3710 4926 μέρους

2040 4929 2370 5005 ἐμπλησθῶ.
2413 4955 2439 4982 »
2495 4931 2629 4988 Οἷον
2686 4932 2737 4986 ἐν
2802 4935 2974 5008 μέρει.
3033 4933 3227 4998 Οᾶδεῖς
3257 4936 3358 5013 γαρ
3391 4939 3593 5012 χρόνος
3623 4959 3714 4994 τε-

2041 5019 2229 5086 λείως,
2262 5020 2448 5098 φησὶν,
2482 5019 2766 5093 ἒμπλῆσαι
2829 5043 2895 5097 με
2953 5023 3174 5079 δύναται
3234 5033 3333 5094 τῆν
3398 5029 3548 5099 ὑμῶν
3579 5027 3715 5102 ἀγά,

2039 5133 2171 5180 πης,
2205 5108 2334 5166 οὐδὲ
2392 5110 2693 5181 έμποιῆσαί
2753 5134 2847 5184 μοι
2905 5115 3066 5190 κόρον
3125 5121 3224 5184 τῆς
3263 5117 3418 5189 ὑμῶν
3450 5117 3707 5192 ὁμιλίας,

2037 5199 2166 5256 ἀλλ’
2195 5198 2470 5274 ἀγαπητόν
2527 5198 2636 5254 ἔστί
2700 5221 2818 5274 μοι,
2874 5202 2963 5258 ἳνα
3021 5202 3118 5259 κᾶν
3181 5211 3421 5282 μερικῶς
3473 5207 3708 5280 ἐμπλη-

2041 5292 2172 5348 σθῶ.

2107 5488 2242 5546 Νυνὶ
2301 5483 2358 5542 δέ
2432 5485 2737 5562 πορεύομαι
2823 5489 2901 5551 εἷς
2981 5492 3366 5567 Ἰερουσαλὴμ,
3431 5492 3706 5552 διακονων

2032 5584 2154 5641 τοῖς
2209 5576 2405 5653 ὁγίοις.
2468 5573 2778 5649 Εύδόκηααν
2835 5580 2935 5655 γὰρ
2988 5578 3296 5638 Μακεδονία
3351 5589 3441 5640 καί
3496 5585 3712 5658 Ἀχαΐα

2032 5667 2319 5726 κοινωνίαν
2400 5669 2524 5723 τινὰ
2611 5671 2938 5739 ποιήσασθαι
3023 5671 3100 5734 εἰς
3186 5675 3316 5736 τοὺς
3431 5674 3715 5753 πτωχοὺς

2032 5765 2137 5816 τῶν
2226 5756 2420 5831 ἁγίων,
2503 5759 2611 5811 τῶν
2724 5754 2775 5812 tv
2890 5759 3280 5836 Ἰερουσαλήμ.
3374 5763 3706 5833 Εύδόκησαν

2035 5853 2163 5931 γὰρ,
2219 5847 2312 5904 καὶ
2371 5843 2647 5926 aeuum
2705 5847 2882 5905 αὐτῶν
2942 5848 3099 5908 εἰσιν.
3154 5851 3219 5910 Et
3263 5850 3363 5930 γὰρ
3393 5857 3511 5918 τοῖς
3536 5872 3706 5912 mea.
