4122 6374
356 448 479 512 625

1461 455 1874 520 OOMMENT.
1921 455 2000 515 IN
2047 449 2295 516 EPIST.
2343 455 2446 516 AD
2495 457 2680 520 RUM.

3663 471 3786 532 626

359 589 616 661 ματικοῖς
682 586 860 644 αὐτῶν
927 583 1287 660 ἐκοινώνησαν
1346 589 1414 645 τὰ
1505 587 1656 660 ἔθνη,
1725 587 1984 670 ὀφείλουσ

2128 611 2159 641 ‹‹
2182 589 2640 651 municaverunt
2657 599 2886 669 gentes,
2909 597 3131 657 debent
3155 602 3337 659 etiam
3352 601 3414 660 in
3440 604 3781 664 carnalibus

352 673 447 732 καὶ
494 673 546 731 ἐν
602 680 719 738 τοῖς
775 681 1057 752 σαρκικοῖς
1116 674 1511 758 λειτουργῆσαι
1564 678 1771 743 αὐτοῖς.
1832 681 2016 737 Τοῦτα

1921 788 2012 824 τον

1531 859 1558 915 ὖ
1569 865 1686 933 μῶν
1754 859 1830 920 εἰς
1911 859 2011 926 τήν

348 944 620 1002 Σπανίαν.
681 943 822 1004 Οἶδα
875 943 934 1001 δὶ
997 945 1083 1003 ὅτι
1149 946 1452 1026 ἐρχόμενος
1519 949 1658 1022 πρὸς
1726 949 1889 1022 ὑμᾶς,
1956 947 2010 1012 ἐν

337 1034 695 1112 πληρώματι
743 1037 1002 1116 εὐλογίας
1054 1042 1152 1093 τοῦ
1208 1038 1552 1118 Εὐαγγελίου
1606 1045 1705 1096 τοῦ
1772 1042 2010 1117 Χριστοῢ

353 763 450 822 οὖν
533 763 873 838 ἐπιτελέσας,
936 766 1028 821 καὶ
1132 767 1565 845 σφραγισάμενος
1631 769 1818 832 αὐτοῖς

350 856 568 930 καρπὸν
640 861 860 925 τοῦτον,
931 854 1303 930 ἀπελεύσομαι
1372 855 1443 913 δι’

335 1122 414 1183 ιλ
424 1124 548 1181 εύσο
557 1148 676 1199 μαι.

419 1216 646 1284 Ἐπιτδή
680 1217 820 1288 εἷπε,
860 1216 1068 1290 Μηκέτι
1099 1219 1266 1276 τόπον
1305 1213 1452 1293 ἕγων
1503 1220 1557 1277 ἐν
1609 1224 1728 1282 τοῖς
1772 1218 2006 1296 κλίμασι

331 1305 587 1375 τούτοις,
621 1301 862 1381 ἔρχομαι
891 1307 1032 1381 πρὸς
1063 1307 1226 1381 ὑμᾶς,
1259 1305 1463 1382 ἔμελλε
1489 1305 1548 1365 δὶ
1574 1305 1654 1365 ἔτι
1697 1307 2004 1384 βραδύνειν,

326 1397 440 1452 ἳνα
475 1399 550 1468 μή
584 1394 888 1471 χλευᾶσθαι
941 1394 1234 1469 νομίσωσι,
1293 1395 1443 1476 λέγει
1501 1399 1602 1469 τήν
1667 1397 1846 1454 αἰτίαν
1902 1405 2003 1470 τῆς

323 1481 423 1542 ἔτι
461 1482 808 1560 μελλήσεως.
841 1509 870 1537 ‹‹
903 1489 1174 1543 Διακονῶν
1230 1491 1346 1548 τοῖς
1379 1486 1578 1560 ἁγίοις.
1615 1508 1642 1536 η
1677 1486 1743 1545 Εἰ
1790 1485 2006 1554 Παῦλος

324 1571 618 1644 διάκονος,
644 1572 896 1644 ἐννόησον
929 1575 993 1628 τὸ
1027 1575 1288 1652 μέγιστον
1318 1579 1418 1632 τοῦ
1447 1575 1784 1652 πράγματος.
1815 1600 1840 1630 π
1894 1577 2004 1634 E6-

331 1661 586 1736 δόκησαν
621 1664 725 1742 γὰρ
756 1661 1062 1720 Μακεδονία
1090 1664 1182 1719 καὶ
1238 1664 1464 1741 Ἀχαΐα.
1497 1689 1525 1719 »
1579 1665 1657 1724 Ού
1709 1667 1871 1739 μόνον
1901 1668 2001 1736 τὴν

330 1753 522 1810 αἰτίαν
542 1753 687 1811 θέλει
711 1754 882 1810 εἰπεῖν
899 1761 1003 1824 τῆς
1032 1747 1111 1811 ἔτι
1141 1753 1482 1829 μελλήσιως,
1513 1754 1662 1814 ἀλλὰ
1689 1755 1998 1834 προτρέψα-

332 1855 473 1909 σθαι
504 1844 702 1909 αὐτοὺς
731 1843 942 1916 ὁμοίως
969 1850 1086 1907 τοῖς
1118 1842 1314 1907 ἄλλοις
1369 1847 1583 1921 πέμψαι
1639 1851 1757 1908 τοῖς
1797 1846 1850 1902 ἐν
1899 1848 2000 1904 Ἱε-

2129 706 2159 736 α
2191 685 2534 743 ministrare
2565 687 2731 762 ipsis.
2767 690 2886 746 Hoc
2915 690 3095 761 igitur
3123 693 3223 750 ubi
3255 695 3557 767 perfecere
3588 703 3649 754 et
3675 698 3779 756 ob-

2130 796 2152 823 .
2189 776 2490 848 signavero
2521 777 2669 849 ipsis
2700 779 2956 836 fructum
2996 782 3175 848 hunc,
3209 791 3475 842 revertur
3519 805 3626 860 per
3673 806 3774 846 vos

2126 883 2154 912 «ι
2181 864 2243 918 in
2278 865 2643 937 Hispaniam.
2678 867 2808 922 Scio
2838 876 3038 926 autem
3081 873 3238 942 quod
3293 874 3393 930 ubi
3440 894 3652 934 venere
3695 879 3772 934 ad

2128 970 2306 1018 «vos.
2389 954 2452 1010 in
2536 955 2911 1028 plenitudine
2979 960 3414 1021 benedictionis
3471 968 3768 1041 Evangelii

2121 1062 2151 1092 α
2182 1042 2398 1100 Christi
2428 1046 2682 1102 veniam.
2716 1068 2745 1096 »

2187 1237 2337 1305 Quia
2361 1239 2630 1298 dixerat:
2661 1241 2805 1299 Cum
2838 1259 2958 1301 non
2988 1246 3249 1319 amplius
3293 1246 3490 1306 locum
3515 1250 3770 1312 habeam

2115 1325 2179 1382 in
2200 1325 2294 1383 his
2316 1329 2677 1403 regionibus.
2703 1332 2933 1388 veniam
2958 1333 3032 1389 ad
3057 1352 3175 1398 vos,
3205 1336 3401 1394 adhuc
3424 1346 3624 1397 autem
3651 1359 3773 1398 mo-

2113 1433 2240 1473 ram
2272 1417 2538 1475 facturus
2570 1427 2715 1484 erat.
2749 1439 2826 1477 ne
2860 1438 2924 1478 se
2954 1424 3172 1502 illusos‘
3194 1442 3326 1483 esse
3379 1428 3767 1500 arbitrentur,

2113 1522 2354 1563 causam
2385 1509 2533 1564 dicit
2561 1512 2972 1569 cunctationes
3003 1513 3199 1571 adhuc
3229 1516 3572 1574 detinentis.
3607 1545 3636 1573 (ι
3661 1523 3770 1578 Mi-

2113 1596 2377 1654 nistrans
2407 1600 2653 1656 sanctis.
2685 1623 2706 1648 ι
2738 1601 2795 1656 Si
2820 1603 3040 1659 Paulus
3058 1605 3336 1662 minister
3357 1611 3766 1686 erat,concipe

2110 1686 2200 1741 rei
2229 1687 2725 1757 magnitudinem.
2789 1713 2816 1741 «
2844 1692 3076 1749 Placuit
3105 1695 3264 1752 enim
3295 1698 3650 1755 Macedonia;
3706 1707 3766 1757 et

2111 1774 2371 1832 Achaiae.
2393 1798 2422 1826 »
2445 1779 2570 1834 Non
2595 1779 2788 1835 solum
2808 1797 3049 1838 causam
3071 1783 3294 1842 referre
3307 1786 3765 1848 vultdetinentis

2111 1863 2304 1920 adhuc
2335 1868 2768 1925 cunctationis:
2807 1871 2909 1928 sed
2940 1871 3164 1929 hortari
3192 1891 3429 1947 quoque
3456 1893 3558 1935 eos
3587 1884 3654 1934 ut
3683 1880 3764 1936 si-

330 1931 660 2008 ρουσαλήμ.
694 1937 869 1991 Τοῦτο
897 1935 998 2010 γὰρ
1040 1933 1300 2009 βούλεται
1356 1933 1502 2008 αύτῷ
1557 1937 1620 1992 τὸ
1671 1936 1846 2033 ⁸εξττεῖν
1879 1936 1984 2033 ’κα

2110 1953 2334 2010 militer
2363 1955 2497 2011 aliis
2535 1958 2776 2015 mittant
2831 1961 2932 2033 qui
2966 1969 3107 2019 sunt
3131 1931 3568 2024 in‘JerusaIem.
3617 1971 3760 2027 Nam

326 2022 475 2084 τοὺς
517 2021 859 2092 πέμποντας.
920 2018 1259 2092 Εὖδόκησαν,
1319 2022 1434 2078 ἀντὶ
1486 2028 1606 2093 τοῦ,
1666 2019 1998 2096 ἐϐουλεύθη-

328 2132 462 2168 σαν.
497 2111 560 2165 Οἱ
591 2108 643 2165 ἐν
673 2107 989 2183 Μακεδονίᾳ
1026 2111 1239 2186 ὁμοίως
1279 2112 1367 2168 καὶ
1427 2113 1485 2167 οἱ
1527 2113 1576 2168 ἐν
1630 2112 1834 2194 Ἀχαΐᾳ
1869 2113 1999 2184 ἠθέ-

328 2197 519 2271 λησαν
575 2205 806 2268 ποιῆσαι
871 2195 1271 2275 ἐλεημοσύνην·
1327 2226 1355 2254 ‹‹
1415 2201 1714 2259 Κοινωνίαν
1765 2204 1907 2259 τινά·
1969 2227 1996 2255 ››

333 2289 648 2349 Κοινωνίαν
705 2285 763 2346 δέ
820 2288 980 2345 καλεῖ
1035 2289 1134 2359 τὴν
1193 2287 1598 2364 ἐλεημοσύνην,
1650 2291 1785 2367 paea
1839 2291 1996 2349 αύτοὶ

335 2377 438 2452 μὶν
473 2379 741 2458 χρήματα
767 2377 1098 2452 πέμπουσιν,
1133 2378 1186 2435 οἱ
1217 2377 1276 2435 δέ
1327 2379 1479 2456 ἃγιοι
1525 2381 1623 2448 τήν
1675 2380 1812 2456 πρὸς
1867 2382 1996 2437 Θεὸν

323 2466 644 2544 παρρησίαν
674 2467 1127 2549 συνεισφέρουσιν.
1188 2491 1216 2521 ι(
1256 2469 1350 2531 Εἰς
1396 2470 1524 2532 τοὺς
1575 2469 1839 2546 πτωχοὺς
1886 2475 1995 2528 τῶν

326 2557 524 2632 ἁγίων.
563 2580 590 2607 ››
623 2555 803 2626 Διπλῆ
836 2559 872 2628 ἡ
903 2564 1004 2626 τῆς
1033 2556 1328 2620 ἐπιδόσεως
1373 2559 1603 2637 ἀνάγκη,
1644 2556 1733 2615 διά
1784 2581 1842 2616 τε
1889 2564 1988 2630 τὴν

325 2650 540 2717 πενίαν,
573 2649 664 2703 καὶ
695 2644 785 2703 διὰ
824 2649 924 2715 τήν
979 2648 1200 2724 ἀρετήν.
1260 2674 1288 2701 ιι
1323 2651 1419 2705 Καὶ
1482 2649 1756 2728 ὀφειλέται
1815 2651 1992 2708 αὐτῶν

319 2739 481 2794 εἰσιν.
517 2761 547 2788 ν
589 2739 687 2794 Διὶ
716 2737 768 2792 τί
801 2734 858 2792 δὲ
889 2742 1052 2793 τοῦτο
1085 2745 1260 2794 ποιεῖν
1324 2734 1716 2796 ἐϐουλεύσαντο
1746 2760 1759 2810 ;
1816 2743 1987 2808 Ισασι,

325 2828 486 2906 φησὶ,
521 2829 932 2902 χρεωστοῦντες
959 2831 1143 2886 τοῦτο.

394 3123 511 3182 Ούκ
577 3123 682 3196 ἄρα
709 3119 848 3176 κατᾶ
911 3118 1317 3192 ἐλεημοσύνην,
1375 3121 1523 3182 ἀλλὰ
1607 3127 1744 3181 κατὰ
1813 3127 1984 3202 Χρέος

319 3213 653 3285 πίμπουσιν.
693 3235 720 3264 α
758 3209 819 3268 Εἰ
846 3210 951 3287 γὰρ
982 3216 1101 3276 τοῖς
1152 3219 1544 3284 πνευματικοῖς
1597 3216 1774 3271 αὐτῶν
1832 3216 1984 3272 ἐκοι-

2106 2043 2221 2098 hoc
2249 2043 2373 2100 vult
2409 2062 2544 2102 cum
2577 2049 2755 2104 etiam
2786 2050 2924 2107 illos
2977 2053 3249 2110 nominat
3288 2057 3390 2127 qui
3444 2058 3759 2117 miserunt.

2105 2126 2449 2202 Εὑδιςκησαν,
2483 2135 2544 2191 id
2575 2143 2684 2203 est,
2718 2139 2944 2210 placuit
2998 2142 3106 2209 eis,
3158 2143 3277 2200 sive
3310 2126 3760 2205 consultatione

2103 2219 2260 2277 facta
2291 2227 2649 2294 statuerunt,
2683 2226 2744 2282 id
2776 2233 2884 2298 est,
2917 2231 3019 2302 qui
3051 2232 3114 2288 in
3143 2232 3488 2292 Macedonia
3516 2243 3658 2293 sunt
3700 2243 3760 2295 et

2103 2308 2326 2367 Achaia
2353 2312 2667 2372 voluerunt
2697 2316 3139 2392 eleemosynam
3170 2320 3387 2379 facere.
3419 2346 3446 2374 ››
3478 2325 3756 2385 Commu-

2101 2398 2346 2456 nionem
2403 2402 2688 2474 aliquam.
2726 2428 2754 2456 »
2819 2409 2998 2465 Vocat
3053 2418 3252 2469 autem
3312 2414 3754 2488 eleemosynam

2103 2492 2590 2551 communionem
2629 2513 2641 2549 :
2678 2501 2964 2570 tanquam
3011 2501 3124 2574 ipsi
3173 2505 3415 2576 quidem
3469 2510 3756 2579 pecunias

2101 2581 2364 2643 mittant.
2390 2586 2578 2640 sancti
2598 2604 2732 2642 vero
2759 2588 3092 2646 libertatem
3119 2611 3256 2667 erga
3281 2597 3463 2651 Deum
3481 2598 3540 2652 in
3567 2615 3754 2654 unum

2098 2671 2426 2729 conferant.
2461 2697 2490 2725 «
2523 2677 2587 2731 In
2647 2695 2940 2750 pauperes
2989 2690 3244 2740 sanctos.
3285 2709 3310 2733 ››
3361 2687 3588 2761 Duplex
3627 2693 3755 2745 erat

2097 2764 2661 2822 communicationis
2675 2771 2904 2824 necessi
2917 2777 3089 2836 tas,et
3102 2781 3344 2845 propter
3356 2783 3759 2849 paupertatem

2097 2857 2157 2907 et
2186 2858 2430 2924 propter
2459 2855 2756 2914 virtutem.
2792 2881 2819 2908 «
2855 2861 2925 2914 Et
2946 2860 3248 2918 debitores
3275 2871 3414 2921 sunt
3438 2867 3699 2924 illorum.
3723 2892 3751 2920 ››

2094 2941 2286 3006 Quare
2347 2949 2546 2999 autem
2605 2945 2718 3001 hoc
2771 2953 3110 3006 statuerunt
3163 2953 3408 3011 facere?
3461 2957 3751 3022 Quoniam

2095 3029 2276 3097 huius
2309 3048 2370 3086 se
2402 3041 2772 3106 cognoscunt
2803 3053 2933 3094 esse
2965 3039 3284 3097 debitores.

2164 3119 2312 3174 407
2369 3122 2494 3177 Non
2527 3123 2726 3194 itaque
2759 3141 2828 3180 ex
2861 3126 3260 3200 eleemosyna.
3297 3131 3400 3186 sed
3432 3149 3502 3188 ex
3551 3133 3750 3190 debito

2090 3207 2356 3264 mittunt.
2399 3231 2426 3261 ι
2457 3211 2600 3266 Nam
2633 3212 2682 3267 si
2714 3214 3125 3286 spiritualibus
3156 3235 3362 3275 eorum
3412 3225 3747 3279 communi-

315 3304 589 3374 νώνησαν,
629 3324 656 3351 ››
699 3301 907 3356 Λοιπὸν
937 3297 1092 3376 λέγει
1121 3304 1242 3362 πῶς
1272 3300 1405 3357 είσιν
1438 3302 1617 3360 αὐτῶν
1678 3305 1974 3382 ὀφειλέται.

2099 3304 2440 3353 caverunt.»
2453 3300 2904 3374 Consequenter
2917 3307 3063 3362 dicit
3081 3310 3379 3381 quomodo
3401 3312 3520 3367 sint
3537 3329 3745 3371 eorum

317 3397 398 3450 Δι’
423 3391 644 3460 αὐτοὺς,
679 3391 837 3469 φησὶ.
869 3389 1108 3464 μάλιστα
1137 3388 1304 3460 ἦλθεν
1335 3394 1362 3448 ὁ
1393 3394 1646 3470 Χριστός.
1708 3397 1838 3472 Περὶ
1870 3398 1975 3472 γὰρ

317 3488 426 3540 τῶν
452 3481 512 3536 ἐκ
560 3485 869 3557 περιτομῆς
927 3481 1136 3536 πιστῶν
1169 3481 1198 3536 ὁ
1238 3479 1405 3557 λόγος
1452 3482 1623 3556 αύτῷ,
1654 3487 1745 3540 καὶ
1797 3485 1974 3543 αὐτῶν

322 3571 394 3640 ἦν
423 3572 488 3628 τὰ
518 3571 687 3646 ἀγαθᾶ
743 3570 835 3625 καὶ
903 3570 959 3624 αἱ
1026 3568 1363 3644 ἐπαγγελίαι.
1433 3572 1636 3647 Ὠσπερ
1703 3575 1796 3630 οὖν
1859 3582 1976 3639 τοῖς

332 3663 714 3729 πνευματικαῖς
745 3656 924 3714 ούτῶν
956 3658 1284 3729 ἐκοινώνησε
1310 3660 1379 3715 τὰ
1434 3655 1586 3732 ἔθνη,
1634 3661 1808 3721 οὕτως
1863 3666 1976 3740 γρὴ

338 3745 534 3805 αὐτοὺς
559 3747 645 3801 καὶ
699 3746 754 3802 ἐν
813 3751 937 3809 τοῖς
1006 3753 1289 3819 σαρκικοῖς
1345 3745 1736 3824 λειτουργῆσαι
1767 3750 1974 3815 αὐτοῖς.

335 3831 450 3891 Οὖκ
474 3829 548 3888 ἔτι
581 3831 633 3888 δὲ
661 3833 807 3913 λέγει
839 3841 1193 3905 κοινωνῆσαι,
1253 3833 1402 3891 ἀλλὰ
1463 3836 1876 3914 λειτουργῆσαι,
1927 3838 1978 3895 ἐν

327 3923 468 3992 τάξει
529 3919 789 3978 διακόνων
853 3922 1048 3982 αὐτοὺς
1108 3924 1296 3987 τιθεῖς,
1355 3929 1470 3986 τοῖς
1540 3926 1722 4000 ἁγίοις
1773 3926 1979 4008 ρόρους

323 4011 636 4070 τελούντων
668 4013 745 4074 ὡς
790 4010 1127 4087 βασιλεῦσιν.
1164 4037 1192 4065 (ι
1224 4013 1329 4071 Καὶ
1383 4016 1828 4090 σφραγισάμενος
1879 4017 1978 4073 αύ-

320 4105 460 4161 τοῖς.
496 4125 525 4154 η
555 4101 645 4162 Ὠς
674 4099 728 4156 ἐν
760 4099 948 4174 ασύλῳ
976 4102 1132 4174 τόπῳ
1161 4102 1252 4156 καὶ
1290 4101 1524 4182 ἀσφαλεῖ
1582 4103 1805 4176 μέλλων
1849 4107 1978 4162 ἀπο-

309 4190 574 4258 τίθεσθαι,
602 4191 715 4264 (καὶ
756 4191 861 4266 γὰρ
893 4188 944 4246 ἐν
983 4190 1232 4266 οὐρανοῖς
1309 4187 1546 4263 ἔμελλεν
1603 4193 1978 4265 ἀποτίθεσθαι,

316 4279 496 4352 φησὶ),
537 4279 630 4334 καὶ
680 4281 1134 4359 σφραγισάμενος.
1199 4303 1226 4331 ‹‹
1270 4280 1379 4336 Τὸν
1427 4281 1632 4354 καρπὸν
1687 4287 1905 4340 τοῦτον.
1944 4307 1972 4335 ››

316 4368 535 4442 Καρπὸν
571 4368 733 4424 καλεῖ
761 4368 861 4435 τήν
899 4365 1299 4440 ἐλεημοσύνην,
1359 4365 1573 4432 δεικνὺς
1622 4368 1975 4446 ,κερδαίνοντα

315 4457 533 4532 μᾶλλον
565 4460 658 4514 τὸν
691 4459 1023 4534 παρέχοντα.
1059 4482 1088 4510 ‹‹
1122 4458 1215 4521 El:
1247 4461 1348 4530 τήν
1380 4460 1639 4516 Σπανίαν.
1673 4461 1849 4518 Πέλιν
1869 4472 1973 4534 τῆς

315 4549 555 4612 Σπανίας
593 4549 888 4624 μέμνηται,
948 4546 1160 4610 δεικνὺς
1214 4549 1276 4606 τὸ
1333 4551 1469 4626 πρὸς
1514 4553 1643 4616 τοὺς
1699 4553 1973 4618 Σπανίους

317 4637 551 4718 φίλτρον
597 4663 625 4690 ‹‹
660 4641 747 4696 Ἐν
774 4637 1137 4711 πληρώματι,
1167 4661 1192 4691 ι
1229 4639 1320 4694 καὶ
1348 4640 1416 4695 τὰ
1445 4641 1590 4712 ἐξῆς.
1659 4644 1972 4714 Τουτέστιν,

314 4707 456 4784 ὸῖὸα
486 4727 571 4784 ὅτι
601 4727 903 4804 ἐρχόμενος
937 4729 1073 4802 πρὸς
1133 4728 1272 4791 ὑ·ιᾶς
1327 4734 1618 4801 κομῶντας
1673 4729 1808 4794 ὒλᾶς
1858 4739 1974 4795 τοῖς
2008 4698 2053 4764 D

311 4817 540 4896 ἀγαθοῖς
569 4817 810 4894 εὑρήσω·
831 4817 905 4874 Τὸ
925 4819 1050 4895 γὰρ,
1080 4843 1107 4868 α
1132 4819 1220 4875 Ἐν
1239 4818 1578 4892 πληρώματι
1599 4821 1856 4900 εὐλογίας
1877 4829 1974 4879 τοῦ

307 4905 675 4982 Εὐαγγελίου,
694 4933 714 4961 ι
745 4907 806 4962 τὸ
829 4908 1044 4962 πάντων
1065 4905 1210 4968 ἐντὸς
1233 4905 1506 4964 εἶναι’τῶν
1539 4910 1754 4982 ἀγαθῶν
1777 4911 1972 4975 αὐτοὺς

306 4997 587 5068 σημαίνει.
624 4997 778 5051 -Ἥ
833 4993 1029 5059 οὕτως.
1094 4998 1643 5077 [OIKOTMENIQT.]
1698 4998 1837 5058 Οἶδα
1887 5002 1969 5058 ὅτι

307 5085 612 5166 ἐρχόμενος
644 5085 785 5160 πρὸς
810 5085 872 5141 τὸ
904 5085 1201 5162 πληρῶσαι
1236 5085 1380 5158 tua;
1408 5093 1510 5156 τῆς
1539 5086 1600 5143 ἐκ
1643 5093 1742 5144 τοῦ
1797 5089 1968 5166 Εὐαγ-

313 5175 510 5252 γελὶου
576 5175 828 5250 εὐλογίας
888 5171 1205 5248 ἐλεύσομαι,
1264 5174 1346 5231 ὅτι
1428 5176 1566 5252 πρὸς
1620 5177 1814 5252 ἀρετήν
1878 5181 1969 5235 καὶ

307 5265 490 5321 πίστιν
527 5263 763 5338 ἀλείψω.

385 5353 697 5431 Παρακαλῶ
761 5350 818 5410 δὲ
885 5353 1049 5428 ὑμᾶς,
1126 5350 1379 5423 ἀδελφοὶ,
1448 5353 1538 5412 διὰ
1600 5362 1696 5413 τοῦ
1768 5359 1966 5434 Κυρίου

306 5446 468 5518 ἡμῶν
524 5446 704 5513 Ἰησοῦ
775 5446 1036 5519 Χριστοὺ,
1104 5443 1194 5498 καὶ
1265 5440 1355 5499 διὰ
1418 5451 1518 5514 τῆς
1584 5445 1800 5523 ἀγάπης
1868 5453 1964 5506 τοῦ

296 5533 642 5610 Πνεύματος,
713 5532 1194 5608 συναγωνίσασθαί
1262 5553 1353 5606 μοι
1442 5533 1494 5590 ἐν
1590 5542 1708 5599 ταῖς
1794 5557 1963 5612 προσ-

307 5629 496 5699 ευχαῖς
533 5625 666 5699 ὑπὲρ
715 5621 851 5696 ἔμοῦ
907 5621 1044 5697 πρὸς
1105 5621 1199 5676 τὸν
1262 5623 1412 5693 Θεὸν,
1472 5625 1560 5679 ἳνα
1621 5625 1801 5700 ῥυσθῶ
1854 5627 1962 5683 ἀπὸ

296 5717 405 5768 τῶν
440 5713 812 5776 ἀπειθούντων
868 5711 919 5765 ἐν
975 5714 1044 5783 τῇ
1116 5708 1374 5783 Ἰουδαίᾳ,
1443 5714 1534 5768 καὶ
1592 5715 1679 5770 ἳνα
1737 5719 1770 5785 ἡ
1842 5715 1962 5771 δια-

297 5802 456 5860 κονία
526 5822 658 5880 μου,
724 5803 761 5874 ἡ
828 5801 906 5868 εἰς
969 5797 1354 5878 Ἰερουσαλὴμ,
1423 5801 1812 5882 εὐπρόσδεκτος
1869 5805 1961 5885 γέ-

2091 3387 2430 3445 debitores:
2474 3399 2718 3464 propter
2775 3394 2955 3466 ipsos,
3015 3396 3232 3470 inquit.
3294 3401 3549 3458 maxime
3587 3405 3750 3461 venit

2087 3475 2356 3533 Christus
2384 3495 2397 3536 :
2434 3479 2504 3535 de
2537 3481 2814 3539 ﬁdelibus
2846 3485 3007 3542 enim
3039 3489 3366 3561 sermoipsi
3393 3497 3520 3547 erat
3549 3494 3648 3565 qui
3673 3511 3744 3552 ex

2087 3565 2543 3624 circumcisione
2573 3576 2858 3626 venerant
2889 3589 2902 3628 :
2938 3578 2996 3628 et
3035 3575 3083 3629 si
3118 3575 3358 3633 illorum
3384 3587 3556 3635 erant
3583 3581 3741 3638 bona

2088 3671 2155 3710 ac
2179 3657 3144 3726 promissiones.Quemadmodum
3169 3683 3305 3740 ergo
3328 3669 3739 3741 spiritualibus

2088 3743 2314 3800 illorum
2329 3750 3243 3824 communicaveruntgentes,ita
3258 3765 3742 3832 oportetquoque

2087 3835 2249 3907 ipsas
2279 3837 2341 3891 in
2373 3838 2714 3894 carnalibus
2735 3841 3078 3898 ministrare
3093 3845 3233 3899 illis.
3257 3847 3382 3902 Jam
3400 3855 3598 3906 autem
3619 3867 3741 3908 non

2089 3924 2252 3989 dicit,
2296 3925 2771 3997 Communicare,
2803 3931 2905 3987 sed
2939 3955 2966 3982 «
3001 3934 3352 4001 Ministrare,
3385 3959 3411 3985 ››
3445 3939 3506 3993 in
3532 3939 3744 3998 ordine

2086 4014 2501 4071 ministrorum
2527 4034 2628 4072 eos
2652 4022 3007 4093 ponens,qui
3036 4027 3257 4082 sanctis
3276 4026 3497 4083 tributa
3517 4029 3745 4100 pende-

2086 4111 2223 4160 rent
2256 4111 2538 4178 tanquam
2574 4108 2831 4182 regibus.
2871 4131 2896 4163 ιι
2932 4112 2996 4166 Et
3023 4113 3411 4186 obsignavero
3434 4119 3539 4174 eis.
3576 4142 3603 4169 »
3635 4121 3744 4178 Ve-

2089 4195 2197 4251 luti
2229 4197 2289 4252 in
2324 4198 2488 4268 asylo
2522 4205 2766 4272 tutoque
2798 4202 2927 4258 loco
2959 4207 3256 4276 repositus
3308 4209 3384 4264 sit
3425 4211 3744 4284 (siquidem

2087 4285 2150 4341 in
2183 4285 2330 4341 ccelo
2364 4289 2737 4359 repositurus
2789 4295 2938 4362 erat)
2986 4293 3177 4351 dicit:
3237 4299 3306 4354 Et
3359 4299 3743 4373 obsignavero

2088 4375 2174 4430 eis
2233 4375 2352 4430 sive
2408 4377 2602 4449 sigillo
2663 4381 2995 4438 munivero.
3052 4407 3080 4434 ‹‹
3141 4387 3417 4444 Fructum
3478 4390 3658 4447 hunc.
3713 4413 3743 4443 η

2087 4463 2364 4521 Fructum
2400 4472 2568 4522 vocat
2598 4468 3062 4544 eleemosynam.
3106 4477 3428 4534 ostendens
3458 4479 3614 4550 quod
3649 4481 3740 4537 lu-

2087 4571 2253 4610 crum
2279 4559 2468 4630 magis
2498 4559 2674 4616 faciat
2705 4562 2755 4617 is
2779 4564 2878 4634 qui
2912 4564 3139 4620 tribuit.
3175 4590 3201 4617 υ
3232 4569 3298 4624 In
3322 4570 3686 4642 Hispaniam.
3713 4596 3740 4623 ››

2087 4645 2342 4699 Rursum
2365 4647 2664 4718 Hispaniae
2680 4653 3392 4714 meminit,vehementem
3416 4661 3742 4717 ostendens

2086 4750 2350 4789 amorem
2385 4753 2564 4806 qnem
2595 4739 2814 4796 habeat
2835 4758 2972 4815 erga
3002 4745 3315 4817 Hispanos.
3345 4749 3459 4804 «In
3485 4750 3744 4821 plenitu-

2087 4820 2246 4889 dine,
2282 4845 2310 4872 ››
2344 4829 2455 4879 etc.
2492 4826 2610 4882 Hoc
2642 4833 2755 4893 est,
2787 4830 2908 4885 scio
2941 4833 3100 4902 quod
3130 4833 3230 4891 ubi
3263 4834 3338 4889 ad
3369 4853 3469 4892 vos
3491 4820 3736 4907 venero,

2083 4912 2383 4969 inveniam
2411 4932 2508 4971 vos
2538 4916 2708 4972 bonis
2754 4919 2906 4975 fetos
2951 4938 3018 4977 ac
3063 4930 3325 4980 ornatos.
3373 4927 3538 4993 Quod
3577 4931 3738 4987 enim

2081 5001 2211 5057 ait:
2248 5025 2274 5052 ‹‹
2318 5004 2383 5059 In
2438 5005 2813 5076 plenitudine
2866 5010 3304 5070 benedictionis
3357 5019 3672 5092 Evangelii,
3709 5043 3736 5070 η

2083 5091 2381 5164 significat
2411 5093 2572 5166 ipsos
2603 5096 2806 5153 omnia
2834 5099 2895 5153 in
2940 5117 3000 5155 se
3057 5102 3276 5160 habere
3324 5105 3500 5164 bona.
3528 5091 3600 5150 ί-
3639 5111 3740 5166 Vel

2080 5181 2181 5237 hoc
2222 5183 2398 5238 modo.
2436 5184 2566 5240 Scio
2599 5186 2753 5256 quod
2787 5187 2888 5242 ubi
2940 5206 3174 5258 venero,
3227 5193 3302 5249 ad
3357 5195 3732 5269 implendum

2080 5287 2183 5326 vos
2215 5271 2635 5329 benedictione
2669 5277 2969 5349 Evangelii
3001 5280 3261 5338 veniam.

2149 5361 2266 5428 XV,
2305 5363 2492 5418 30-33.
2538 5386 2563 5414 «
2599 5365 2712 5421 Oro
2743 5372 2940 5424 autem
2971 5385 3094 5434 vos,
3125 5371 3362 5437 fratres.
3395 5392 3504 5446 per
3533 5379 3735 5436 Domi-

2079 5470 2107 5499 ‹‹
2137 5466 2281 5507 num
2323 5459 2594 5510 nostrum
2624 5457 2826 5512 Jesum
2857 5457 3178 5530 Christum,
3212 5467 3272 5518 et
3299 5481 3408 5536 per
3463 5468 3732 5527 dilectio-

2077 5559 2104 5587 «
2143 5555 2282 5594 nem
2315 5541 2606 5612 Spiritus:
2639 5550 2707 5601 ut
2737 5546 2916 5602 simul
2946 5566 3180 5607 mecum
3215 5557 3452 5610 certetis
3501 5557 3560 5611 in
3593 5575 3731 5629 pre-

2075 5648 2105 5676 «
2137 5629 2475 5687 cationibus
2506 5651 2611 5704 pro
2646 5651 2740 5690 me
2773 5636 2848 5691 ad
2877 5637 3062 5692 Deum
3095 5639 3282 5696 fusis:
3315 5648 3381 5696 ut
3406 5643 3624 5698 liberer
3652 5647 3724 5701 ab

2079 5735 2100 5762 α
2136 5717 2461 5775 incredulis
2495 5723 2554 5776 in
2583 5722 2784 5778 Judeea
2809 5741 2823 5778 :
2853 5731 2921 5781 ut
2951 5728 3351 5784 ministerium
3382 5732 3493 5784 hoc
3519 5747 3719 5790 meum

2076 5828 2096 5855 α
2134 5822 2336 5865 versus
2365 5810 2714 5885 Jerusalem,
2745 5823 3054 5888 acceptum
3086 5817 3190 5876 ﬂat
3227 5818 3487 5885 sanctis:
3538 5825 3609 5876 ut
3652 5823 3717 5881 in
