4122 6394
328 471 456 552 est
1448 489 1866 554 COMMENT.
1915 489 1994 551 IN
2036 489 2283 555 EPIST.
2330 494 2434 555 AD
2469 495 2658 559 nou.
3648 497 3767 571 630

414 647 442 675 ιι
474 620 576 680 Καὶ
606 625 916 699 παραστῆτε
945 621 1106 698 αὐτῇ,
1141 645 1166 676 ι
1199 622 1358 695 Ὁρᾷς
1409 622 1472 678 τὸ
1497 621 1800 700 ἀνεπαχθίς
1827 643 1853 714 ;r
1872 621 1962 680 Οὖὶ

2175 626 2327 682 409
2354 649 2378 679 ι
2412 628 2482 686 Et
2505 626 2714 686 adsitis
2739 632 2816 688 ei.
2846 655 2866 681 ι
2912 633 3086 690 Vides
3132 641 3425 708 quantum
3447 639 3654 714 fugiat,
3687 661 3764 703 ne

329 713 506 780 εἶπεν,
540 714 644 780 ὅτι,
697 709 1073 784 Ἀπαλλάξατε
1126 712 1299 784 αὐτὴν
1359 711 1420 769 ἐκ
1472 717 1580 768 τῶν
1613 712 1962 786 ἐπικενμὲνων

2101 714 2389 771 molestus
2421 717 2515 772 sit.
2538 718 2664 774 Non
2680 717 2856 776 dixit:
2881 720 3131 778 Eximite
3153 740 3286 781 eam
3310 725 3382 782 ab
3415 709 3764 802 impenden-

325 801 506 873 ἀλλὰ,
539 827 566 856 ‹‹
598 803 942 879 Παράστγβε,
976 827 1004 855 »
1063 805 1332 870 τουτέστι,
1381 803 1463 861 Τὰ
1491 804 1620 878 παρ’
1672 804 1824 878 ὑμῶν
1854 803 1962 859 εἷσε

2103 804 2262 862 tibus
2284 806 2395 861 sibi
2425 808 2619 874 malis,
2646 810 2750 865 sed
2788 833 2808 859 ι
2842 812 3084 880 Adsitis,
3123 835 3149 862 ››
3182 815 3294 870 hoc
3326 824 3432 882 est,
3468 801 3663 891 quoad
3695 824 3757 880 in

321 892 577 966 νέγκατε,
609 895 699 948 καὶ
758 899 918 970 χεῖρα
989 893 1223 970 όρὲξατε.
1288 919 1315 946 (ι
1351 894 1649 971 ῐΙροστάτις
1678 891 1926 950 πολλῶν.
1959 917 1962 947 ι

2100 895 2265 951 vobis
2292 901 2382 952 est
2402 897 2640 971 benigni
2666 899 2818 966 sitis,
2837 917 3202 975 manumque
3222 907 3522 978 porrigite,
3552 932 3581 960 «
3601 913 3759 967 Asti-

318 982 578 1056 Μὲγαςὸ
623 981 862 1051 ἔπαινος,
921 983 1009 1038 καὶ
1065 985 1251 1046 ἱκανὸς
1306 985 1505 1044 αὐτοὺς
1563 985 1962 1058 προτρέψασθαι

2101 984 2173 1039 tit
2193 985 2399 1042 multis
2429 989 2671 1058 iiMagna
2693 989 2822 1044 laus
2836 998 2893 1046 et
2916 1009 3047 1064 quae
3070 993 3414 1050 suiﬂciatad
3433 1013 3533 1052 eos
3549 1000 3759 1056 exhor'

1007 1075 1078 1129 Τὸ
1139 1074 1394 1149 μέγιστον
1451 1074 1748 1152 ἐγκώμιον,
1803 1076 1957 1132 τιλευ

2099 1075 2367 1134 tandum.
2384 1103 2408 1125 α
2428 1078 2498 1132 Et
2516 1077 2659 1132 mihi
2679 1079 2810 1150 ipsi.
2837 1101 2859 1129 υ
2877 1080 3042 1146 Quod
3064 1083 3385 1142 maximum
3402 1089 3750 1147 eratultimo

2103 1163 2239 1220 loco
2272 1166 2490 1238 posuit,
2524 1183 2656 1222 vere
2689 1168 2846 1223 enim
2880 1168 3055 1224 beata
3083 1177 3192 1234 est,
3227 1189 3359 1243 quae
3387 1176 3579 1247 potuit
3606 1194 3753 1236 san-

318 1097 350 1125 ‹‹
404 1076 505 1133 Καὶ
535 1073 700 1129 αὐτοῦ
731 1071 887 1147 ἐμοῦ.
925 1097 954 1120 ἰ

313 1168 481 1222 ταῖον
512 1164 736 1220 τέθεικε.
802 1164 1056 1235 Μακαρία
1109 1165 1211 1242 γάρ
1261 1160 1432 1226 ὅντως
1464 1167 1499 1234 ἡ
1533 1161 1823 1236 δυνηθεῖσα
1854 1184 1992 1242 προ-

311 1259 524 1322 στῆναι
581 1253 670 1307 καί
730 1253 1031 1310 ἀναπαῦσαι
1086 1255 1186 1323 τῆν
1268 1254 1422 1328 ἁγίαν
1496 1255 1683 1329 ψυχὴν
1747 1253 1986 1312 Παύλου.

311 1367 343 1396 α
392 1342 578 1401 Αὐτοῦ
608 1342 765 1414 ἱμοῧ.
805 1367 833 1394 ι)
861 1343 1120 1400 Τουτέστι
1150 1346 1248 1398 τοῦ
1289 1342 1656 1411 Ἀποστόλου,
1686 1347 1783 1400 τοῦ
1812 1344 1986 1418 κήρυ-

307 1453 442 1496 me,
501 1438 598 1489 τοῦ
655 1430 990 1490 διδασκάλου
1045 1441 1146 1502 τῆς
1207 1431 1616 1506 οἳκουμὲνης.α
1650 1434 1987 1491 Ἀσπάσασθε

305 1523 666 1598 Πρίσκιλλαν
713 1523 806 1580 καὶ
857 1523 1090 1584 Ἀκύλαν
1137 1523 1266 1582 τοὺς
1320 1523 1613 1600 συνεργούς
1657 1545 1784 1597 μου.
1817 1545 1849 1577 τι
1879 1529 1984 1582 Συ-

303 1616 630 1688 νήργησαν,
697 1615 885 1696 φησὶν,
964 1612 1016 1668 ἓν
1099 1611 1329 1690 διδαχῇ,
1395 1612 1447 1669 ιν
1517 1619 1865 1689 πειρασμοῖς,
1930 1611 1984 1671 ἕν

303 1699 618 1766 κινδύνοις.
677 1701 859 1779 Μέγας
917 1701 976 1762 Si
1027 1704 1056 1760 ὁ
1111 1699 1356 1766 ἔπαινος.
1416 1705 1569 1766 Τινὲς
1601 1699 1661 1760 δὲ
1690 1701 1980 1778 συνεργοὺς

302 1791 550 1857 τούτους
579 1792 654 1858 ὡς
684 1791 1052 1865 σκηνοποιοὺς
1110 1791 1201 1848 καὶ
1258 1791 1458 1856 αὐτοὺς
1517 1788 1676 1855 ὄντας
1732 1791 1979 1864 ἐνόησαν.

303 1904 344 1937 α
386 1877 569 1940 ’Δλλα
623 1883 714 1937 καὶ
765 1887 933 1939 πᾶσαι
983 1883 1040 1938 αἱ
1100 1880 1425 1954 Ἐκκλησίαι
1484 1887 1593 1939 τῶν
1621 1879 1812 1948 ἐθνῶν.
1844 1905 1875 1936 n
1905 1888 1980 1940 ’Ή

2097 1260 2251 1310 ctam
2273 1255 2715 1313 Paulianimam
2737 1256 3082 1314 rel‘ocillare.
3113 1283 3138 1308 ‹‹
3157 1261 3293 1316 Mihi
3311 1261 3442 1334 ipsi.
3471 1287 3495 1312 »ι
3514 1269 3630 1322 [loc
3643 1272 3754 1336 est,

2095 1343 2398 1415 Apostolo.
2424 1345 2850 1414 concionalori,
2869 1349 3170 1406 communi
3195 1350 3357 1406 orbis
3377 1356 3750 1428 praeceptori.

2097 1455 2128 1485 ιι
2156 1433 2420 1492 Salutate
2451 1435 2784 1492 Priscillam
2803 1443 2863 1492 et
2889 1438 3160 1509 Aquilam
3186 1438 3490 1511 adjutores
3513 1460 3695 1503 meos.
3723 1467 3752 1496 ιι

2099 1524 2378 1583 Auxiliati
2407 1531 2568 1588 sunt,
2592 1527 2811 1598 inquit,
2839 1528 2902 1583 in
2923 1529 3283 1598 doctrina,in
3300 1536 3756 1606 tentationibus,

2092 1614 2156 1672 in
2177 1615 2481 1688 periculis.
2507 1617 2609 1672 Est
2637 1624 2838 1674 autem
2869 1619 2981 1675 hoc
3006 1636 3232 1692 magum
3255 1621 3470 1680 laudis.
3495 1627 3750 1693 Quidam

2090 1721 2227 1761 vero
2257 1706 2367 1761 hos
2387 1705 2692 1778 adjutores
2714 1707 3164 1781 intellexerunt,
3191 1713 3352 1784 quod
3371 1713 3486 1787 ipsi
3509 1733 3749 1791 quoque

2089 1793 2613 1854 tabernaculorum
2643 1801 2904 1855 textores
2934 1805 3155 1856 essent.
3208 1819 3240 1852 α
3270 1801 3381 1858 Sed
3430 1809 3489 1860 et
3537 1822 3746 1863 omnes

2089 1883 2368 1940 Ecclesia
2397 1885 2685 1958 gentium.
2722 1908 2752 1936 »
2786 1887 2885 1943 Vel
2942 1894 3185 1962 propter
3243 1891 3595 1964 doctrinam,
3655 1896 3746 1955 vel

306 1968 417 2028 διὰ
444 1972 543 2041 τὴν
579 1969 950 2042 διδασκαλίαν,
981 1971 1016 2043 ἢ
1047 1969 1140 2029 διὰ
1191 1974 1294 2044 τήν
1346 1972 1406 2029 ίκ
1428 1976 1535 2064 τῶν
1567 1973 1962 2064 χρημάτων,εῇ

2089 1979 2331 2047 propter
2360 1973 2708 2035 facultatum
2741 1977 2803 2033 in
2833 1977 2970 2034 illos
3020 1979 3423 2038 collationem.
3460 2003 3490 2033 ι‹
3521 1987 3604 2041 Ac
3634 1984 3746 2042 do-

304 2061 521 2124 αὒτοὺς
552 2060 926 2138 συνεισοοράν.
968 2085 995 2116 ο
1025 2062 1121 2118 Καὶ
1174 2063 1274 2131 τὴν
1305 2063 1424 2118 κατ’
1455 2063 1607 2117 οἷκον
1635 2061 1813 2118 αὐτῶν
1846 2061 1975 2120 Ἐκ-

299 2150 576 2223 κλησίαν.
616 2175 638 2206 ο
673 2153 864 2215 Οίίτως
898 2150 956 2209 δὶ
980 2153 1114 2224 ἦσαν
1149 2149 1457 2227 εὐδόκιμοι,
1489 2152 1572 2208 ὅτι
1616 2152 1706 2208 καὶ
1757 2153 1851 2208 τὸν
1883 2151 1976 2208 οῖ-

299 2264 412 2299 κον
464 2243 644 2299 αὐτῶν
705 2242 999 2314 ἐκκλησίαν
1057 2243 1338 2310 ἓποίησαν.
1367 2244 1440 2301 ’Ἡ
1473 2243 1557 2299 δτι
1587 2243 1804 2299 πανοικὶ
1837 2242 1973 2313 ἦσαν

296 2332 523 2403 πιστοὶ,
556 2334 630 2398 ὡς
659 2334 753 2391 τὸν
787 2335 940 2392 οἶκον
975 2333 1172 2393 λοιπὸν
1200 2334 1496 2408 ἐκκλησίαν
1527 2335 1684 2392 εἶναι.

386 2424 727 2489 Ἀσπάσασθε
782 2424 1093 2481 Ἐπαίνετον
1173 2425 1266 2482 τὸν
1354 2423 1636 2504 ἂγαπητόν
1715 2445 1844 2500 μου,
1913 2425 1972 2488 δς

293 2518 452 2576 ἐστιν
507 2516 732 2594 ἀπαρχή
795 2524 895 2588 τῆς
981 2518 1214 2594 Ἀχαΐας
1300 2516 1376 2581 εἶς
1458 2517 1712 2592 Χριστόν.
1771 2517 1974 2575 Ἀσπά-

288 2610 464 2665 σασθε
523 2608 776 2684 Μαριὰμ,
835 2607 959 2678 ἥτις
1040 2606 1227 2664 πολλᾶ
1319 2605 1606 2663 ἐκοπίασεν
1667 2608 1744 2672 εἷς
1800 2609 1970 2681 ἡμᾶς.

284 2699 646 2763 Ἀσπάσασθε
730 2695 1087 2775 Ἀνδρόνικον
1175 2701 1263 2754 καὶ
1351 2697 1602 2768 Ἰουνίαν,
1659 2699 1786 2762 τοὺς
1842 2718 1972 2773 συγ-

295 2795 474 2865 γενεῖς
567 2810 693 2861 μου,
781 2789 869 2844 καὶ
958 2786 1458 2864 συναιχμαλώτους
1561 2809 1688 2861 μου,
1774 2787 1972 2850 οἳτινές

296 2879 439 2935 εἰσιν
504 2877 773 2950 ἰτίσημοι
851 2877 903 2933 ὲν
983 2883 1103 2942 τοῖς
1185 2875 1542 2948 ἀποστόλοις,
1602 2877 1660 2932 οἳ
1713 2877 1802 2934 καὶ
1863 2879 1970 2951 πρὸ

296 2968 439 3042 ἓ.μοῦ
498 2968 780 3044 γεγόνασιν
861 2965 912 3023 ἐν
999 2969 1240 3044 Χριστῷ.
1297 2966 1638 3023 Ἀσπάσασθε
1693 2965 1970 3040 Ἀμπλίαν

297 3060 392 3112 τὸν
462 3057 741 3131 ἀγαπητόν
836 3076 941 3129 μου
1029 3054 1080 3110 ἰν
1165 3053 1368 3127 Κυρίῳ.
1433 3054 1768 3111 Ἀσπάσασθε
1820 3052 1966 3128 Οὔρ-

301 3140 468 3201 εανὸν
522 3145 618 3202 τὸν
677 3145 934 3220 συνεργὸν
992 3146 1153 3220 ἡμῶν
1243 3143 1294 3199 ἑν
1355 3146 1602 3217 Χριστῷ,
1670 3144 1759 3199 καὶ
1821 3145 1962 3200 Στά-

301 3254 401 3311 χυν
484 3239 579 3291 τὸν
664 3233 943 3312 ἀγαπητόν
1034 3256 1160 3308 μου.
1249 3233 1590 3291 Ἀσπάσασθε
1661 3231 1962 3303 Ἀπελλῖν,

2087 2064 2398 2120 mesticam
2429 2065 2673 2123 illorum
2703 2066 3051 2123 Ecclesiam.
3078 2091 3107 2118 η
3140 2069 3302 2126 Adeo
3334 2071 3507 2143 probi
3541 2079 3600 2129 et
3625 2075 3745 2134 vir-

2085 2151 2194 2209 tuti
2226 2152 2445 2210 addicti
2469 2161 2659 2222 erant,
2681 2160 2747 2211 ut
2768 2172 2938 2212 suam
2958 2157 3138 2213 etiam
3161 2158 3403 2216 domum
3427 2161 3742 2221 ecclesiam

2082 2240 2351 2298 fecerint.
2387 2242 2492 2299 Vel
2522 2243 2742 2301 d?citur
2789 2245 2921 2314 hoc,
2981 2247 3123 2319 quia
3172 2263 3380 2307 omnes
3420 2249 3741 2310 domestici

2085 2329 2294 2387 ﬁdeles
2325 2337 2515 2399 erant,
2551 2339 2618 2391 ut
2638 2333 2764 2407 jam
2797 2334 3008 2391 domus
3040 2342 3198 2394 esset
3229 2338 3522 2396 Ecclesia.

2152 2422 2296 2490 XVI,
2352 2424 2506 2479 5-16.
2559 2422 2807 2482 Salutate
2853 2427 3174 2498 Epcenetum
3221 2428 3484 2486 dilectum
3536 2447 3737 2502 meum,

2078 2527 2177 2582 qui
2208 2518 2287 2567 est
2312 2514 2516 2583 prim
2546 2513 2762 2570 Achaia
2792 2517 2850 2570 in
2883 2515 3183 2572 Christum.
3209 2518 3458 2575 Salutate
3477 2522 3735 2593 Mariam,

2077 2617 2201 2672 qua:
2231 2603 2464 2657 multum
2516 2603 2786 2659 laboravit
2839 2621 2976 2675 erga
3031 2622 3147 2661 nos.
3202 2607 3456 2664 Salutate
3511 2611 3734 2668 Andro-

2076 2693 2262 2748 nicum
2293 2698 2344 2747 et
2366 2694 2592 2748 Iuniam
2629 2700 2888 2764 cognatos
2919 2711 3062 2751 meos
3091 2702 3144 2751 et
3175 2701 3525 2768 concaptivos
3569 2717 3731 2770 meos,

2076 2784 2175 2854 qui
2201 2787 2330 2836 sunt
2370 2781 2613 2852 insignes
2642 2785 2786 2840 inter
2814 2785 3104 2855 apostolos,
3140 2786 3239 2856 qui
3267 2790 3435 2843 etiam
3464 2796 3594 2846 ante
3646 2804 3734 2846 me

2074 2873 2304 2940 fuerunt
2335 2871 2396 2926 in
2421 2873 2654 2928 Christo.
2690 2874 2942 2930 Salutate
2964 2875 3244 2945 Ampliam
3269 2876 3532 2933 dilectum
3554 2896 3732 2936 meum

2075 2963 2135 3016 in
2168 2963 2416 3018 Domino.
2452 2963 2704 3019 Salutate
2739 2965 3018 3019 Urbanum
3048 2966 3361 3035 adjutorem
3391 2975 3638 3025 nostrum
3669 2972 3731 3026 in

2077 3051 2330 3108 Christo:
2363 3058 2416 3106 et
2448 3053 2691 3125 Stachyn
2720 3053 2980 3109 dilectum
3013 3071 3210 3110 meum.
3253 3056 3506 3112 Salutate
3556 3059 3734 3129 Apel-

2075 3141 2176 3195 lem
2221 3142 2522 3212 probatum
2580 3145 2639 3196 in
2680 3142 2916 3198 Christo.
2975 3143 3227 3200 Salutate
3278 3160 3366 3200 eos
3404 3148 3526 3217 qui
3596 3155 3730 3204 sunt

2070 3248 2139 3286 ea:
2165 3231 2463 3286 Aristobuli
2490 3230 2671 3286 domo.
2713 3231 2967 3286 Salutate
3015 3232 3384 3290 llerodionem
3431 3229 3726 3304 cognatum

297 3325 385 3380 τὸν
443 3321 672 3398 δόκιμον
753 3322 806 3379 ἐν
863 3328 1094 3398 χριστῷ.
1154 3321 1495 3381 Ἀσπάσασθε
1554 3321 1680 3385 τοὺς
1736 3321 1797 3378 ἐκ
1850 3327 1960 3378 τῶν

298 3415 344 3432 ι.
523 3407 554 3432 β
604 3412 650 3432 I‘
837 3412 883 3432 Ι-
999 3411 1010 3428 θ
1123 3423 1142 3432 Α
1257 3413 1327 3432 νῦν
1408 3409 1456 3432 θ’
1695 3412 1709 3430 κ

2074 3336 2268 3375 meum.
2289 3319 2541 3376 Salutate
2571 3335 2658 3375 eos
2679 3321 2779 3392 qui
2797 3328 2925 3376 sunt
2956 3338 3024 3376 ea:
3055 3324 3299 3378 Narczssi
3325 3325 3722 3392 familiaribus.

837 3411 1178 3477 Ἀσπάσασθε
1257 3409 1574 3488 ’Ἠροδίωνα
1656 3412 1748 3468 τὸν
1829 3434 1956 3491 συγ-

1131 3501 1259 3565 τοὺς
1345 3501 1405 3557 ἐκ
1457 3507 1564 3558 τῶν
1623 3502 1953 3578 Ναρκίσσου,

302 3593 426 3652 τους
507 3590 662 3654 ὄντας
742 3591 795 3649 ἐν
880 3591 1091 3668 Κυρίῳ.
1201 3593 1540 3649 Ἀσπάσασθε
1645 3593 1956 3672 Τρύφαιναν

311 3680 402 3734 καὶ
449 3682 737 3758 Τρυφῶσαν
804 3683 901 3744 τας
959 3681 1236 3744 κοπιώσας
1321 3681 1375 3736 ἐν
1458 3682 1658 3758 Κυρίῳ.
1750 3682 1952 3739 Ἀσπάο

324 3777 481 3830 σασθε
538 3769 760 3843 Περσίδα
815 3772 916 3839 τήν
981 3771 1291 3847 ἀγαπητὴν,
1349 3769 1472 3840 ἥτις
1558 3769 1748 3826 πολλά
1830 3771 1952 3826 ἐκο-

319 3856 500 3912 πίασεν
593 3858 641 3914 ἐν
757 3861 962 3936 Κυρίῳ.
1094 3859 1433 3915 ’Δσπάσασθε
1533 3860 1762 3934 Ῥοῦφον
1865 3860 1955 3915 τὸν

307 3943 554 4003 ἐκλεκτὸν
616 3948 667 4004 ἐν
725 3949 934 4025 Κυρίῳ,
1017 3948 1105 4004 καὶ
1183 3949 1282 4018 τήν
1347 3948 1556 4024 μητέρα
1640 3949 1805 4005 αὐτοῦ
1863 3950 1952 4006 καὶ

303 4033 454 4107 luo-3.
539 4037 884 4104 ’ἀσπάσασθε
968 4037 1351 4114 Ἀσύγκριτον,
1439 4035 1742 4114 Φλέγοντα,
1828 4039 1954 4113 Ἐρ-

301 4129 426 4196 μᾶν,
509 4122 813 4203 Πατρόϐαν,
896 4129 1127 4204 Ἑρμῆν,
1211 4128 1299 4183 καὶ
1384 4127 1511 4190 τοὺς
1597 4127 1692 4182 σὺν
1760 4129 1951 4190 αὐτοῖς

297 3407 751 3487 Ἀριστοϐούλου.

299 3506 425 3577 γενῆ
497 3524 622 3574 μου.
707 3503 1046 3560 Ἀσπάσασθε

293 4211 582 4289 ἀδελφούς.
651 4218 990 4282 Ἀσπάσασθε
1037 4213 1356 4292 Φιλόλογον
1413 4217 1504 4272 καὶ
1561 4215 1826 4288 Ἰουλίαν,
1889 4220 2071 4295 Νηρὲα
2126 4218 2218 4274 καὶ
2263 4219 2363 4286 τήν
2446 4213 2688 4292 ἀδελφὴν
2772 4215 2959 4285 αὑτοῦ,
3039 4216 3128 4269 καὶ

2067 3411 2168 3484 qui
2191 3417 2316 3468 sunt
2344 3413 2401 3467 in
2450 3413 2698 3468 Domino.
2752 3412 3000 3468 Salutate
3052 3414 3413 3485 Tryphaenam
3460 3424 3513 3473 et
3561 3419 3727 3490 Thry-

2057 3500 2312 3572 phosam,
2343 3516 2466 3571 qum
2496 3499 2760 3556 laborant
2791 3503 2850 3555 in
2881 3502 3110 3556 Domino
3164 3502 3414 3560 Salutate
3445 3506 3722 3563 Persidem

2064 3589 2341 3652 dilectum,
2374 3606 2502 3662 quae
2529 3591 2764 3646 multum
2795 3591 3065 3647 laboravit
3094 3593 3152 3646 in
3181 3592 3434 3648 Domino.
3469 3593 3720 3652 Salutate

2066 3682 2270 3745 Rufum
2289 3680 2516 3736 electum
2537 3683 2596 3734 in
2620 3680 2866 3737 Domino.
2891 3687 2943 3737 et
2971 3688 3201 3738 matrem
3227 3685 3398 3754 ipsius
3420 3701 3490 3740 ac
3519 3701 3715 3742 meam.

2065 3769 2316 3825 Salutate
2340 3771 2715 3839 Asyncritum.
2730 3769 3097 3839 Phlegontem,
3113 3773 3392 3838 Hermum,
3404 3775 3715 3842 Patrobam,

2063 3862 2530 3930 Hermenquique
2551 3876 2673 3914 cum
2695 3859 2806 3914 illis
2825 3867 2952 3914 sunt
2972 3860 3456 3928 fratres.Salutate
3473 3863 3718 3920 Philola-

2063 3967 2193 4023 gum
2215 3957 2266 4005 et
2286 3949 2514 4012 Juliam,
2541 3949 2770 4003 Nereum
2793 3953 2844 4002 et
2867 3964 3106 4004 sororem
3129 3951 3300 4020 ipsius
3320 3966 3384 4005 ac
3406 3950 3718 4023 Olympam,

2063 4047 2115 4097 et
2139 4055 2318 4095 omnes
2334 4040 2432 4112 qui
2452 4054 2574 4093 cum
2600 4039 2733 4109 ipsis
2753 4043 2882 4093 sunt
2901 4045 3134 4094 sanctos.
3159 4039 3414 4095 Salutate
3443 4056 3532 4098 vos
3563 4043 3718 4098 410

2065 4133 2296 4186 invicem
2334 4128 2517 4184 osculo
2545 4134 2754 4184 sancto.
2789 4126 3046 4183 Salutant
3073 4144 3165 4184 eos
3196 4129 3448 4185 Ecclesiae
3483 4131 3717 4188 Christi.

3215 4214 3505 4291 Ὀλυμπᾶν
3518 4259 3532 4284 ,
3620 4219 3710 4274 καὶ

291 4304 416 4366 τοὺς
469 4305 562 4361 σὺν
614 4305 801 4371 αὑτοῖς
883 4307 1086 4368 πάντας
1170 4306 1384 4384 ἁγίους.
1468 4306 1810 4364 Ἀσπάσασθε
1893 4307 2181 4380 ἀλλήλους
2265 4306 2315 4360 ἰν
2396 4303 2674 4385 φιλήματι
2760 4303 2918 4378 ἁγίῳ.
2994 4302 3354 4376 Ἀσπάζονται
3439 4307 3579 4380 ὑμᾶς
3655 4310 3718 4364 αὶ

290 4392 614 4464 Ἐκκλησίαι
645 4399 746 4450 τοῦ
776 4397 1033 4471 Χριστοῦ.

359 4491 511 4566 Μέγα
575 4494 637 4550 τὸ
696 4494 835 4550 εῖναι
893 4494 1113 4551 Παύλου
1172 4493 1482 4572 ἀγαπητὸν,
1529 4499 1626 4550 τοῦ
1655 4493 1828 4570 κρίσει
1859 4495 1948 4550 καὶ

2130 4499 2403 4571 Magnum
2431 4501 2558 4550 erat
2603 4494 2768 4550 Pauli
2817 4493 3100 4550 dilectum
3153 4511 3303 4561 esse,
3361 4501 3566 4568 utpote
3614 4497 3715 4569 qui

290 4580 353 4634 οὗ
411 4584 548 4657 πρὸς
607 4583 772 4660 χάριν
828 4583 1006 4662 φιλεῖν
1064 4582 1299 4650 εἰδότος.
1361 4585 1649 4659 ’Δπαργήν
1701 4582 1760 4641 δὲ
1789 4584 1948 4641 αὐτὸν

2074 4586 2284 4653 iudicio
2319 4591 2514 4642 etnon
2549 4583 2622 4640 ad
2653 4584 2904 4657 gratiam
2937 4583 3090 4639 solet
3117 4583 3384 4656 diligere.
3413 4586 3714 4642 Primitias

289 4669 460 4746 λέγει,
492 4674 526 4741 ἢ
561 4673 648 4729 ὃτι
702 4678 920 4750 πρῶτος
981 4673 1310 4745 ἐπίστευσεν,
1337 4676 1372 4745 ἣ
1400 4675 1486 4731 ’ὁτι
1543 4673 1773 4731 πλείονα
1815 4675 1947 4729 πάν-

286 4783 394 4818 των
453 4757 740 4819 εὐλάϐειαν
802 4761 1169 4822 ἐπεδείκνυτο.
1225 4767 1344 4824 Ἵνα
1391 4762 1449 4820 δὶ
1491 4766 1566 4839 μὴ
1598 4764 1833 4839 νομίσῃς
1866 4765 1947 4820 ὅτι

287 4849 343 4907 ἐν
401 4858 693 4926 κοσμικοῖς
748 4853 815 4923 ἦν
877 4855 1194 4932 πράγμασιν
1254 4853 1507 4934 ἀπαρχὴ,
1566 4853 1944 4929 προστίθησιν·

288 4940 386 5004 Ε’ς
418 4943 670 5017 Χριστόν.
705 4965 735 4996 ››
766 4975 836 4986 -
867 4970 892 4994 α
929 4943 1124 4999 Πολλᾶ
1154 4943 1456 5001 ἐκοπίασεν.
1493 4968 1520 4995 ››
1554 4943 1828 5000 Δείκνυσιν
1861 4941 1946 5000 ὅτι

291 5031 429 5102 μετᾶ
481 5038 582 5103 τῆς
642 5029 1020 5100 διδασκαλίας,
1080 5033 1172 5088 καὶ
1227 5032 1383 5109 ’ἔτερα
1440 5032 1712 5107 κέκμηκεν
1743 5033 1820 5097 εἷς
1850 5032 1948 5089 αὐ-

280 5119 434 5182 τούς.
495 5146 523 5172 ‹‹
558 5122 655 5186 Εἷς
708 5125 879 5196 ἡμᾶς.
917 5147 945 5174 ››
998 5121 1070 5177 Οὐ
1133 5122 1320 5196 μόνον,
1374 5122 1562 5202 φησὶν,
1625 5121 1701 5183 ε⁸ς
1746 5122 1942 5192 ἑαυτήν

283 5207 704 5276 ἒκοπίασεν,⁹ίνα
765 5214 938 5286 σωθῇ,
978 5211 1126 5268 ἀλλᾶ
1175 5211 1264 5268 καὶ
1317 5211 1392 5274 εἷς
1424 5213 1596 5286 ἡμᾶς,
1629 5210 1944 5268 ἀποστόλου

275 5299 426 5372 τάξιν
484 5299 774 5375 πληροῦσα
829 5301 919 5356 καὶ
999 5299 1406 5378 εὐαγγελιστοῦ.
1470 5307 1592 5364 Πῶς
1653 5300 1747 5357 οὖν
1803 5301 1941 5371 εἶπε,

279 5412 310 5438 α
341 5390 564 5446 Γυναικὶ
595 5388 654 5446 δὲ
703 5387 976 5446 διδάσκειν
1040 5390 1140 5445 οὐκ
1195 5391 1510 5466 hirpini»;
1548 5417 1574 5443 »
1629 5393 1744 5461 Τῆς
1779 5391 1834 5446 ἐν
1865 5393 1944 5464 τῷ

282 5478 432 5551 μέσῳ
463 5480 557 5535 καὶ
613 5485 783 5551 κοινῷ
839 5477 1131 5556 προεδρίας
1186 5479 1355 5550 αὐτὴν
1412 5481 1665 5548 κωλύων,
1719 5481 1943 5551 καὶτῆς

279 5565 334 5622 ἰν
360 5569 570 5643 βήματι
628 5567 912 5646 καθέδρας,
969 5569 1032 5626 οὗ
1090 5576 1190 5641 τῆς
1229 5575 1327 5626 τοῦ
1358 5569 1531 5647 λόγου
1563 5568 1940 5633 διδασκαλίας.

283 5681 312 5705 α
342 5657 445 5716 Καὶ
506 5658 1002 5739 συναιχμαλώτους
1064 5680 1193 5734 μου.
1228 5684 1256 5714 ››
1321 5661 1522 5730 Μεῖζον
1570 5661 1633 5716 τὸ
1665 5659 1939 5735 ἱγκώμιον

352 5823 398 5860 ι·
425 5825 451 5883 1
479 5825 628 5892 Tim.
661 5841 727 5900 ιι,
758 5827 844 5889 ιι.
940 5881 944 5886 ,

2062 4682 2259 4734 autem
2293 4675 2466 4731 illum
2501 4674 2681 4730 dicit:
2716 4673 2807 4728 vel
2857 4672 3017 4744 quod
3065 4674 3294 4745 primus
3339 4675 3712 4742 credidisset,

2060 4766 2150 4822 vel
2182 4763 2340 4836 quod
2358 4765 2639 4836 pietatem
2663 4763 2894 4819 caeteris
2917 4762 3195 4818 omnibus
3209 4763 3496 4834 majorem
3513 4769 3711 4820 osten-

2059 4856 2261 4912 disset.
2298 4856 2376 4910 Ne
2401 4859 2598 4910 autem
2623 4858 2793 4924 putes
2821 4851 2979 4923 quod
3002 4851 3065 4906 in
3088 4850 3516 4922 temperalibus
3536 4851 3715 4910 rebus

2060 4951 2260 5005 essent
2282 4943 2578 5016 primilim,
2596 4941 2789 4998 addit:
2815 4942 2928 4996 «in
2950 4941 3270 4997 Christum.
3293 4961 3404 4991 »—
3423 4963 3442 4990 ιι
3462 4942 3713 5000 Multum

2058 5035 2362 5094 laboravit.
2394 5056 2417 5085 ιι
2448 5033 2721 5090 Ostendit
2742 5030 2901 5103 quod
2923 5029 3482 5102 prmterdOctrinam
3498 5031 3559 5088 in
3577 5033 3713 5091 aliis

2059 5143 2297 5200 quoque
2327 5141 2466 5198 erga
2493 5124 2651 5196 ipsos
2682 5120 3058 5177 laboraverit.
3089 5141 3115 5169 ι.
3151 5121 3301 5193 Erga
3339 5138 3467 5176 nos.
3505 5144 3534 5172 »
3585 5125 3711 5180 Non

2059 5219 2274 5283 solum,
2311 5216 2526 5287 inquit,
2560 5215 2719 5270 circa
2758 5214 3012 5285 seipsam
3071 5211 3384 5278 laboravit,
3435 5219 3500 5270 ut
3549 5214 3714 5272 salva

2058 5311 2235 5368 esset,
2267 5321 2470 5360 verum
2490 5303 2668 5359 etiam
2692 5303 2849 5358 circa
2871 5317 2999 5368 nos,
3021 5301 3273 5372 apostoli
3304 5301 3427 5357 vice
3456 5302 3713 5375 fungens

2056 5413 2124 5451 ac
2173 5394 2570 5467 evangelista.
2627 5391 2932 5458 Quomodo
2985 5407 3121 5463 ergo
3170 5389 3356 5446 dixit:
3402 5413 3429 5440 «
3482 5392 3712 5449 Mulieri

2056 5484 2268 5541 docere
2291 5500 2410 5540 non
2438 5481 2716 5548 permitto
2733 5482 2777 5516 ⁵⁸
2798 5480 2826 5536 ‘3
2844 5501 2868 5530 ο
2897 5497 2930 5536 a
2957 5480 3194 5552 publica
3215 5497 3430 5552 nempe
3452 5497 3522 5537 ac
3545 5498 3714 5539 com-

2053 5571 2221 5628 muni
2250 5570 2632 5644 praesidentia
2653 5585 2784 5624 eam
2810 5584 3040 5636 arcens,
3059 5574 3236 5639 atque
3261 5568 3708 5625 concionatorio

2054 5666 2348 5734 suggesta,
2389 5675 2511 5718 non
2568 5658 2732 5716 verbi
2787 5657 3078 5715 doctrina.
3113 5679 3142 5707 »
3201 5659 3272 5714 Et
3326 5655 3704 5727 concaptivos
