4122 6384
315 454 434 526 631

1421 451 1836 518 CECUMENII
1881 450 2190 512 TRICCIE
2232 451 2590 518 EPISCOPI

3626 458 3750 524 B32

324 607 507 649 meos.
536 614 558 642 ι
595 589 782 659 Majus
805 591 1144 648 encomium
1168 594 1258 646 est
1288 591 1506 660 dicere,
1543 615 1570 641 «
1595 588 1979 661 Concaptivos

2093 585 2157 640 τὸ
2215 611 2243 638 ‹‹
2287 588 2793 664 Συναιχμαλώτους
2857 611 2982 664 μου.
3044 615 3072 644 »
3129 593 3497 669 Χαλεπώτερα
3521 596 3623 674 γὰρ
3655 597 3748 653 αἲ-

319 697 486 738 meos
511 698 525 746 ;
548 702 577 730 »
597 679 937 751 indigniora
966 697 1228 753 namque
1252 683 1652 753 patiebantur,
1671 697 1849 752 quam
1875 677 1975 733 alii

315 772 554 842 captivi.
586 786 802 841 nempe
835 772 1312 842 persecutionem
1339 773 1726 838 sustinentes,
1755 776 1814 824 et
1834 785 1979 824 con-

311 861 561 917 tumelia
591 876 658 916 ac
698 860 924 931 injuria
956 862 1172 917 affecti.
1237 884 1260 912 ιι
1296 861 1583 934 lnsignes.
1623 883 1650 909 ››
1706 862 1978 932 Magnum

312 949 555 1020 quidem
589 955 679 1005 est
710 965 841 1004 esse
871 950 1194 1020 apostolos,
1229 951 1558 1007 maximum
1616 967 1775 1015 vero,
1823 948 1980 1002 inter

311 1039 420 1095 hos
443 1055 576 1094 esse
599 1039 890 1110 insignes.
925 1040 1077 1104 «Qui
1101 1041 1278 1095 etiam
1303 1046 1440 1094 ante
1465 1055 1580 1094 me.
1609 1060 1636 1086 ι)
1655 1036 1981 1093 Considera

320 1135 587 1185 sanctam
620 1127 786 1183 Pauli
814 1127 1098 1183 animam.
1147 1130 1274 1184 Non
1307 1129 1534 1201 pudore
1565 1127 1845 1189 afficitur,
1880 1124 1979 1181 di-

322 1233 507 1274 cens:
582 1217 706 1272 uHi
765 1222 903 1272 ante
963 1233 1057 1272 me
1116 1217 1350 1272 Christo
1411 1217 1816 1273 crediderunt.
1854 1237 1980 1263 n—

325 1327 354 1356 ‹‹
393 1305 740 1376 Adjutorem
789 1312 1061 1362 nostrum
1109 1307 1171 1361 in
1223 1306 1476 1362 Christo.
1513 1327 1543 1356 »
1594 1307 1800 1378 Magna
1849 1303 1979 1358 laus

324 1395 623 1454 Urbanum
658 1395 841 1451 fuisse
873 1396 1234 1467 adjutorem,
1271 1397 1329 1451 id
1364 1403 1561 1450 tamen
1594 1395 1792 1464 majus
1823 1392 1982 1465 quod

318 1487 558 1557 adjutor
583 1487 764 1542 fuerit
793 1485 854 1542 in
891 1486 1182 1543 doctrina.
1221 1509 1248 1536 ‹‹
1284 1487 1548 1559 Apellam
1587 1486 1918 1558 probatum.
1951 1506 1978 1533 ››

319 1577 530 1650 Utpote
551 1577 1166 1650 irreprebensibilem.
1192 1601 1220 1628 «
1245 1580 1357 1634 Eos
1378 1579 1479 1649 qui
1503 1583 1736 1634 suntex
1761 1576 1980 1632 Aristo-

322 1667 464 1724 bulo
495 1667 696 1724 domo.
739 1690 757 1714 ι
797 1668 920 1723 Non
953 1673 1125 1723 erant
1180 1667 1453 1724 fortassis
1508 1667 1716 1740 quales
1762 1667 1977 1739 primi:

326 1757 549 1814 idcirco
579 1771 775 1828 neque
807 1757 1163 1814 nominatim
1195 1757 1473 1814 meminit
1516 1757 1778 1814 illarum.
1812 1780 1837 1806 ιι
1874 1755 1981 1821 Qui

327 1852 467 1906 sunt
498 1845 559 1902 in
591 1846 863 1902 Domino.
905 1869 924 1893 ι
961 1847 1226 1918 Equalis
1253 1847 1532 1904 omnibus
1563 1846 1714 1908 laus,
1739 1844 1896 1916 quod
1920 1845 1980 1899 in

2088 675 2409 749 χμαλώτων
2470 675 2739 759 ἔπασχον,
2801 677 3156 756 διωκόμενοι,
3216 679 3749 758 ὑϐριζόμενοι,ἆδι-

2083 762 2367 837 κούμενοι.
2433 791 2454 819 α
2503 769 2832 842 Ἐπίσημοι.
2890 794 2918 821 »
2976 772 3126 845 Μέγα
3186 775 3280 847 μὲν
3337 775 3426 829 καὶ
3484 775 3547 830 τὸ
3603 777 3750 832 εἶναι

2083 851 2451 925 ἀποστόλους,
2481 857 2544 912 τὸ
2575 857 2632 913 δὲ
2662 859 2752 914 καὶ
2798 858 3104 932 ἐπισήμους
3136 861 3188 916 iv
3224 862 3431 930 αὐτοῖς,
3466 865 3746 940 μέγιστον.

2087 942 2214 1000 «0ἰῖ
2242 945 2331 998 καὶ
2388 947 2493 1021 πρὸ
2553 945 2709 1020 ἐμοῦ.
2748 973 2776 999 ››
2835 950 2974 1024 Ὅρα
3029 952 3126 1020 τήν
3188 951 3344 1028 ἁγίαν
3406 956 3612 1028 ψυχὴν,
3643 956 3749 1010 οὐκ

2082 1032 2469 1110 ἐπαισχύνεται
2528 1033 2727 1114 λέγων,
2815 1037 2899 1094 ὅτι
2957 1065 2985 1090 ‹‹
3048 1043 3158 1114 Πρὸ
3227 1042 3363 1112 ἐμοῦ
3423 1042 3749 1100 ἐπίστευσαν

2084 1121 2234 1177 οὗτοι
2282 1128 2360 1194 τῷ
2409 1127 2650 1200 Χριστῷ.
2687 1151 2714 1178 ››
2746 1161 2815 1172 -
2846 1153 2873 1180 ‹‹
2907 1129 3012 1185 Τὁν
3042 1133 3299 1204 συνεργὸν
3329 1134 3488 1204 ἡμῶν
3519 1132 3571 1188 ἐν
3600 1136 3748 1206 Χρι-

2085 1215 2214 1285 στῷ.
2243 1239 2264 1266 ι
2305 1212 2491 1287 Μέγας
2514 1216 2542 1270 ὁ
2565 1213 2803 1280 ἔπαινος,
2837 1212 3112 1292 Οὐρϐανὸν
3142 1219 3234 1276 τὸν
3265 1222 3537 1297 συνεργὸν,
3570 1225 3747 1279 Τοῦτο

2087 1307 2292 1376 μεῖζον,
2353 1303 2439 1359 ὅτι
2497 1308 2756 1380 συνήργει
2813 1305 2865 1362 iv
2920 1311 2989 1380 τῇ
3022 1305 3364 1382 διδασκαλίᾳ·
3399 1308 3745 1381 «Ἀπελλῆν

2083 1391 2174 1446 τὸν
2231 1387 2483 1464 δόκιμον,
2526 1417 2556 1446 ››
2614 1400 2732 1450 οἷον
2787 1394 3180 1465 ἀνεπίληπτον.
3244 1423 3274 1450 ι(
3327 1399 3462 1462 Τοὺς
3523 1399 3582 1455 ὲκ
3631 1406 3746 1457 τῶν

2084 1477 2536 1555 Ἀριστοϐοόλου.
2572 1508 2599 1535 ››
2629 1486 2788 1546 Ἴσως
2848 1489 2948 1541 οὐκ
3000 1488 3135 1556 ἦσαν
3201 1487 3277 1550 ὡς
3310 1491 3363 1544 οἱ
3393 1494 3622 1564 πρῶτοι,
3657 1489 3751 1547 διὸ

2086 1566 2214 1625 οὐδὲ
2245 1570 2505 1642 ὀνομαστὶ
2537 1572 2715 1630 αὐτῶν
2777 1572 3044 1648 ἐμνήσθη.
3105 1602 3133 1629 ‹‹
3188 1579 3329 1641 Τοὺς
3361 1577 3516 1642 ὄντας
3548 1579 3598 1636 ἐν
3631 1583 3745 1639 Ku-

2089 1658 2202 1736 ρῖῳ.
2240 1684 2264 1709 v
2306 1662 2454 1724 Ἷσος
2511 1668 2670 1717 πᾶσιν
2717 1665 2746 1719 ὁ
2797 1660 3040 1734 ἔπαινος,
3095 1667 3176 1722 ὃτι
3219 1665 3270 1722 iv
3308 1667 3497 1743 Κυρίῳ
3526 1669 3684 1739 ἦσαν,
3717 1671 3750 1726 ὃ

2085 1746 2198 1804 ἐστι
2229 1749 2432 1806 πιστοί.
2469 1775 2498 1804 ‹‹
2529 1753 2638 1814 Τὰς
2669 1754 2950 1817 κοπιώσας
2981 1754 3033 1810 iv
3063 1756 3270 1832 Κυρίῳ.
3305 1783 3333 1808 ιι
3365 1759 3496 1832 Περὶ
3529 1759 3748 1832 Μαρίας

2089 1838 2197 1893 ἂνω
2230 1835 2428 1913 ἔλεγεν.
2464 1865 2490 1892 α
2524 1842 2676 1904 Ἥτις
2707 1842 2896 1899 πολλᾶ
2944 1843 3218 1903 ἐκοπίασε.
3254 1872 3275 1899 ι
3312 1847 3523 1909 Ταύτας
3555 1845 3632 1918 δὲ,
3665 1843 3752 1904 ἔτι

325 1937 576 1995 Domino
609 1941 829 1998 essent.
861 1936 973 1992 hoc
1002 1943 1111 2002 est,
1148 1937 1374 1992 lldeles.
1401 1961 1427 1986 «
1453 1937 1592 2002 Quae
1615 1936 1891 1992 laborant
1918 1935 1978 1990 in

2090 1929 2367 1989 κοπιώσας
2427 1929 2597 2008 Λέγει.
2657 1933 2748 1988 Διὸ
2812 1934 3011 2005 μείζων
3069 1935 3096 1990 ὁ
3153 1928 3395 1997 ἔπαινος.
3445 1935 3752 2011 «Περσίδα

321 2027 594 2084 Domino.
630 2047 661 2077 »
684 2027 763 2082 De
791 2025 972 2082 Maria
1001 2027 1274 2098 superius
1296 2025 1482 2083 dixit:
1510 2049 1535 2074 ‹‹
1561 2025 1698 2092 Quae
1723 2024 1979 2081 multum

320 2115 650 2174 laboravit:
684 2136 715 2166 ››
748 2115 820 2172 de
851 2115 944 2171 his
996 2131 1132 2171 vero
1183 2132 1347 2172 nunc
1395 2115 1541 2171 dicit
1580 2115 1739 2187 quod
1788 2113 1983 2170 adhuc

320 2205 639 2265 laborent:
673 2205 868 2276 major
898 2205 1098 2277 itaque
1130 2204 1260 2261 laus
1292 2211 1398 2261 est.
1436 2227 1464 2254 »
1497 2204 1800 2260 Persidem
1833 2203 1982 2258 dile-

325 2301 502 2353 ctam.
543 2315 566 2346 η
604 2295 738 2351 Haec
772 2295 965 2366 major
995 2299 1123 2350 erat
1165 2294 1496 2367 Tryphaena
1554 2299 1613 2351 et
1659 2293 1984 2366 Tryphosa,

329 2391 458 2442 tum
490 2383 650 2457 quod
682 2383 918 2450 dilecta,
959 2388 1085 2438 tum
1121 2383 1278 2455 quod
1311 2384 1569 2440 multum
1609 2383 1982 2440 laboraverit.

331 2498 358 2524 ‹‹
395 2475 462 2530 Et
491 2479 741 2530 matrem
769 2473 958 2544 ipsius
989 2489 1057 2528 ac
1087 2489 1304 2529 meam.
1339 2495 1368 2524 »
1402 2473 1630 2546 Duplex
1655 2472 1900 2539 bonum,
1929 2478 1987 2528 et

331 2564 490 2637 quod
529 2564 688 2620 filius
727 2563 907 2619 fuerit
937 2563 1406 2635 reprehensione
1437 2579 1672 2630 carens,
1720 2569 1780 2618 et
1827 2561 1985 2632 quod

327 2661 520 2712 mater
576 2654 856 2708 virtutem
913 2652 1136 2708 colens.
1173 2684 1238 2694 —
1283 2656 1465 2708 Porro
1526 2652 1640 2708 hoc
1692 2651 1989 2724 signiﬁcat

324 2743 484 2816 quod
517 2741 720 2799 addit:
784 2766 809 2790 ‹‹
847 2743 917 2796 Et
964 2757 1179 2797 meam.
1217 2763 1246 2792 »
1277 2773 1346 2784 —
1377 2767 1403 2792 «ι
1440 2744 1510 2797 Ει
1567 2741 1666 2812 qui
1717 2757 1850 2798 cum
1901 2741 1987 2796 eis

327 2837 466 2888 sunt
495 2831 728 2887 fratres.
759 2854 783 2878 η
810 2832 1081 2902 Magnum
1114 2847 1352 2902 quoque
1382 2838 1511 2886 erat
1530 2830 1641 2885 hoc
1665 2847 1796 2885 esse
1820 2829 1986 2884 Pauli

324 2921 557 2978 fratres.
618 2942 647 2970 «
681 2920 1054 2993 Philologum
1115 2925 1173 2976 et
1223 2921 1459 2977 Juliam.
1497 2941 1526 2970 »
1585 2919 1984 2984 Philologum,

329 3025 508 3081 quem
541 3009 798 3080 primum
831 3007 1079 3078 Sinopes
1099 3009 1444 3080 episcopum
1476 3007 1661 3062 fuisse
1693 3005 1986 3062 aiuntsub

327 3097 570 3155 Andrea
634 3118 662 3147 «
695 3099 765 3152 Et
794 3113 1001 3153 omnes
1033 3097 1135 3170 qui
1167 3114 1302 3152 cum
1335 3097 1480 3168 ipsis
1509 3101 1927 3152 suntsanctos.
1955 3115 1984 3143 υ

330 3185 495 3253 Quod
538 3187 585 3242 si
619 3186 830 3252 sancti,
868 3203 986 3242 non
1018 3203 1199 3259 parva
1221 3187 1351 3242 laus
1381 3186 1623 3241 illorum
1672 3190 1780 3241 est.
1831 3185 1978 3240 411

326 3298 356 3330 α
389 3277 650 3335 Salutate
679 3293 782 3332 vos
813 3278 1086 3333 invicem.
1122 3299 1150 3328 ››
1183 3279 1400 3334 Omnes
1426 3293 1585 3332 nunc
1645 3275 1981 3348 permistim

2088 2018 2188 2086 τήν
2246 2018 2553 2092 ἀγαπητήν.
2617 2021 2765 2090 Αὕτη
2831 2022 3031 2094 μείζων
3087 2025 3398 2102 Τρυφαίνης
3453 2026 3542 2082 καὶ
3597 2029 3749 2103 Τρυ-

2087 2105 2415 2186 φώσης,ὃτι
2473 2129 2532 2166 τι
2587 2109 2869 2188 ἀγαπητὴ,
2926 2112 3017 2167 καὶ
3070 2113 3154 2169 δτι
3212 2111 3399 2172 πολλα
3436 2115 3749 2176 ἐκοπίασεν.

2090 2217 2118 2247 ιι
2152 2196 2249 2250 Καὶ
2290 2198 2389 2268 τὴν
2453 2199 2663 2274 μητέρα
2715 2200 2883 2255 αὐτοῦ
2939 2202 3026 2257 καὶ
3089 2201 3246 2274 ἒμοῦ.
3287 2229 3306 2254 ι
3343 2203 3579 2261 Διπλοῦν
3607 2206 3750 2284 ἀγα-

2090 2283 2202 2349 θὸν,
2259 2287 2344 2354 τὸ,
2402 2287 2490 2342 καὶ
2553 2288 2642 2342 τὸν
2699 2289 2814 2344 υἱὸν
2873 2289 3013 2345 εἶναι
3071 2289 3466 2363 ἀνεπίληπτον,
3523 2295 3610 2350 καὶ
3644 2283 3753 2362 τήν

2093 2373 2301 2450 μητέρα
2331 2374 2593 2451 ἐνάρετον,
2627 2382 2802 2432 Τοῦτο
2835 2379 2940 2456 γὰρ
2985 2376 3154 2446 δηλοῖ
3203 2382 3288 2449 τὸ,
3322 2406 3349 2433 ‹‹
3384 2383 3487 2441 Καὶ
3521 2382 3678 2456 ἐμοῦ.
3723 2409 3754 2435 »

2088 2497 2158 2507 —
2190 2483 2213 2507 ιι
2249 2463 2346 2518 Καὶ
2398 2463 2525 2527 τοὺς
2565 2466 2658 2521 συν
2692 2467 2880 2529 αὐτοῖς
2939 2464 3230 2547 ἀδελφούς.
3265 2494 3292 2522 ››
3327 2472 3473 2546 Μέγα
3503 2472 3594 2529 καὶ
3623 2473 3758 2527 τοῦ-

2091 2573 2230 2622 τοις,
2275 2554 2336 2609 τὸ
2395 2554 2528 2609 εἶναι
2592 2555 2812 2610 [la-5100
2871 2555 3161 2634 ἀδελφοός.
3225 2584 3253 2612 ι(
3291 2559 3604 2637 Φιλόλογον
3657 2565 3758 2618 καὶ

2092 2640 2347 2709 Ἰουλίαν,
2380 2661 2407 2691 υ
2441 2643 2550 2700 Τὸν
2609 2640 2946 2721 Φιλόλογον,
3005 2648 3062 2702 δν
3124 2645 3348 2722 λέγουσι
3377 2654 3597 2726 πρῶτον
3624 2649 3755 2706 ἐπί-

2093 2751 2293 2785 σκοπον
2337 2729 2582 2808 γενέσθαι
2642 2735 2898 2803 Σινώπης
2960 2735 3064 2790 ὑπὸ
3125 2733 3395 2812 Ἀνδρέου.
3434 2763 3457 2792 α
3497 2739 3591 2793 Καὶ
3620 2741 3759 2802 τοὺς

2095 2820 2185 2874 σὺν
2211 2819 2400 2881 αὐτοῖς
2431 2823 2632 2884 πάντας
2676 2823 2885 2897 ἁγίους.
2922 2848 2951 2875 ››
3011 2825 3075 2882 Εἰ
3133 2823 3190 2880 δὲ
3248 2826 3420 2904 ἆγιοι.
3457 2829 3518 2883 οὗ
3554 2831 3754 2903 μικρὸν

2092 2909 2278 2972 αὐτοῖς
2308 2911 2369 2964 τὸ
2411 2908 2702 2985 ἐγκώμιον.
2763 2937 2791 2963 ‹‹
2822 2913 3159 2971 ’Δσπάτασθε
3213 2913 3525 2986 ἀλλήλους.
3561 2940 3585 2965 ιι
3642 2923 3755 2974 Νῦν

2092 2997 2296 3059 πάντας
2329 2998 2518 3070 ἀναμῖξ
2553 2999 2792 3069 τίθησιν,
2819 2997 2914 3055 ’ἶνα
2947 3005 3022 3074 μή
3070 3024 3155 3065 τις
3185 3002 3334 3074 λύπη
3370 3008 3592 3078 γένηται
3625 3013 3756 3071 τοῖς

2097 3089 2172 3161 μή
2207 3087 2470 3160 ὀνομαστὶ
2525 3091 2995 3160 μνημονευθεῖσιν.
3029 3116 3057 3143 ‹‹
3097 3093 3186 3148 Ἐν
3216 3092 3493 3172 φιλήματι
3527 3095 3679 3171 ἁγίῳ.
3723 3121 3755 3149 ››

2092 3177 2212 3234 Ἕνι
2244 3176 2350 3252 γὰρ
2407 3176 2498 3232 καὶ
2553 3179 2627 3250 μή
2687 3177 2846 3253 ἁγίῳ.
2911 3203 2938 3231 ι(
2989 3181 3352 3252 Ἀσπάζονται
3381 3184 3541 3255 ὑμᾶς.
3580 3211 3600 3238 ι
3638 3185 3757 3242 Οὐκ

2093 3261 2170 3322 ἔτι
2201 3267 2291 3322 τὸν
2339 3264 2483 3320 δεῖνα
2510 3267 2544 3336 ἢ
2578 3269 2668 3322 τὸν
2727 3267 2896 3338 δεῖνα,
2927 3266 3056 3325 ἀλλ’
3085 3271 3491 3345 δκοινοποίησεν
3525 3275 3755 3347 αὐτοὺς,

325 3366 514 3439 ponit,
547 3381 622 3420 ne
656 3381 787 3435 quae
820 3365 1163 3420 suboriatur
1195 3365 1437 3420 tristitia
1468 3365 1560 3419 his
1579 3345 1832 3436 quorum
1861 3379 1979 3417 non

2091 3357 2174 3426 τὸ,
2213 3377 2234 3405 ι
2267 3357 2458 3429 Ὑμᾶς,
2491 3381 2510 3406 ο
2548 3356 2740 3416 εἰπών.

331 3459 422 3512 est
450 3453 804 3508 nominatim
834 3453 987 3507 facta
1021 3454 1264 3509 mentio.
1300 3475 1326 3506 ιι
1364 3454 1575 3509 Osculo
1626 3459 1851 3508 sancto.
1888 3473 1916 3500 »
1960 3453 2106 3506 Nam
2161 3448 2338 3503 etiam
2392 3465 2512 3503 non
2557 3455 2764 3506 sancto
2809 3452 3119 3529 contingit.
3161 3475 3189 3504 «
3239 3454 3512 3514 Salutant
3565 3473 3688 3515 vos.
3722 3479 3757 3509 sa

323 3542 447 3600 1am
481 3559 602 3598 non
632 3542 790 3598 hunc
820 3542 909 3596 vel
942 3541 1133 3609 Illum,
1169 3544 1266 3596 sed
1304 3543 1464 3614 ipsos
1495 3542 1555 3596 in
1587 3541 1891 3596 communi
1924 3538 2132 3606 univit,
2166 3537 2370 3592 dicens
2409 3559 2436 3586 α
2474 3539 2604 3592 Vos.
2635 3559 2664 3588 »

395 3631 538 3697 XVI,
578 3634 762 3686 17-20.
799 3653 826 3680 «
862 3631 1116 3686 Obsecro
1148 3638 1346 3688 autem
1376 3649 1496 3696 vos,
1553 3632 1786 3696 fratres,
1839 3647 1984 3686 con-

330 3745 359 3773 ‹‹
396 3722 650 3777 siderate
684 3737 784 3776 eos
815 3722 915 3792 qui
959 3721 1208 3777 dissidia
1253 3729 1312 3777 et
1359 3721 1719 3777 offendicula
1770 3728 1986 3793 prmter

335 3834 362 3865 ι
392 3811 721 3868 doctrinam
757 3829 931 3884 quam
966 3829 1066 3867 vos
1099 3811 1411 3868 didicistis.
1440 3811 1688 3877 faciunt,
1721 3818 1779 3865 et
1808 3809 1984 3866 decli-

329 3923 356 3951 «
390 3908 528 3957 nate
559 3901 806 3956 abillis.
853 3903 996 3957 Nam
1059 3901 1208 3956 tales
1259 3901 1510 3956 Domino
1562 3901 1701 3957 Jesu
1747 3899 1980 3953 Christo

321 4012 352 4042 ‹‹
377 4007 497 4047 non
529 3992 814 4054 serviunt,
849 3990 952 4046 sed
986 4007 1091 4045 suo
1141 3991 1327 4045 ventii
1357 4007 1369 4043 :
1423 3995 1480 4043 et
1526 4006 1633 4061 per
1681 3987 1976 4042 blandilo-

314 4101 342 4128 «
378 4081 686 4150 quentiam
716 4085 774 4134 et
801 4079 1268 4134 assentationem
1294 4078 1606 4149 decipiunt
1636 4075 1816 4131 corda
1846 4077 1982 4130 sim-

324 4189 353 4218 ‹‹
385 4167 651 4240 plicium.
688 4169 832 4223 Nam
865 4174 1058 4222 vestra
1097 4167 1440 4222 obedientia
1479 4166 1551 4220 ad
1584 4181 1794 4220 omnes
1844 4181 1980 4236 per-

319 4280 347 4307 ‹‹
381 4257 662 4314 manavit.
700 4256 934 4312 Gaudeo
969 4256 1148 4328 igitur
1177 4262 1418 4327 propter
1447 4273 1569 4312 vos.
1598 4255 1710 4310 Sed
1729 4255 1856 4309 volo
1880 4271 1978 4310 vos

322 4367 351 4397 α
383 4346 626 4417 quidem
659 4347 959 4418 sapientes
988 4361 1117 4399 esse
1149 4345 1224 4400 ad
1255 4345 1500 4409 bonum,
1544 4346 1810 4399 sinceros
1842 4361 1977 4398 vero

323 4457 353 4487 ‹‹
385 4435 457 4490 ad
491 4434 736 4490 malum.
769 4435 923 4489 Deus
953 4439 1155 4488 autem
1190 4434 1354 4505 pacis
1385 4438 1654 4490 conteret
1701 4434 1977 4489 Satanam

322 4548 351 4577 ‹‹
385 4525 494 4581 sub
527 4525 775 4598 pedibus
807 4523 1015 4579 vestris
1045 4522 1224 4578 brevi.
1258 4523 1456 4579 Gratia
1504 4522 1739 4580 Domini
1786 4523 1974 4579 nostri

323 4639 354 4672 ‹‹
383 4619 522 4674 Jesu
553 4615 769 4674 Christi
802 4615 879 4672 sit
907 4614 1234 4673 vobiscum.
1272 4636 1298 4662 »

390 4808 614 4863 Novum
638 4820 825 4878 genus
846 4783 1736 4874 consilii.Supplicisipersonam
1756 4802 1970 4868 induit,

2167 3621 2473 3699 Παρακαλῶ
2572 3621 2629 3680 δέ
2734 3627 2893 3698 ὑμᾶς,
2971 3627 3224 3707 ἀδελφοὶ,
3302 3638 3521 3690 axonch
3625 3637 3751 3699 τοὺς

2089 3712 2185 3774 τὰς
2254 3710 2610 3787 διχοστασίας
2673 3715 2765 3770 καὶ
2831 3717 2898 3772 τὰ
2962 3715 3240 3776 σκάνδαλα
3305 3722 3451 3797 παρὰ
3514 3725 3613 3792 τήν
3671 3721 3756 3781 δι-

2091 3800 2269 3878 δαχὴν
2326 3805 2392 3874 ἣν
2456 3805 2610 3879 ὑμεῖς
2693 3807 2946 3882 ἒμάοετε,
3031 3815 3342 3876 ποιοῦντας,
3411 3815 3501 3869 καὶ
3561 3815 3758 3871 ἐκκλί-

2085 3913 2210 3950 νατε
2264 3894 2356 3949 ἀπ’
2418 3895 2622 3951 αὐτῶν.
2683 3897 2750 3952 Οἱ
2807 3897 2907 3970 γὰρ
2967 3903 3208 3956 τοιοῦτοι
3257 3907 3336 3974 τῷ
3373 3904 3550 3975 Κυρίῳ
3582 3907 3753 3979 ἡμῶν

2089 3980 2270 4051 Ἰησοῦ
2320 3988 2540 4057 Χριστῷ
2627 3985 2692 4040 οὐ
2781 3983 3156 4057 δουλεύουσιν,
3218 3989 3360 4044 ἀλλᾶ
3414 3994 3481 4064 τῇ
3542 3991 3751 4047 ἑαυτῶν

2087 4069 2295 4142 κοιλίᾳ·
2357 4071 2446 4125 καὶ
2504 4069 2594 4127 διὰ
2678 4081 2778 4142 τῆς
2847 4076 3266 4156 χρηστολογίας
3322 4079 3409 4132 καὶ
3485 4077 3745 4157 εὐλογίας

2088 4157 2391 4229 ἱξαπατῶσι
2483 4161 2578 4222 τὰς
2672 4161 2899 4237 καρδίας
2989 4170 3096 4222 τῶν
3187 4166 3418 4224 ἀκάκων.
3507 4168 3572 4224 ἸΙ
3633 4168 3744 4244 γὰρ

2089 4247 2242 4320 ὑμῶν
2327 4249 2538 4319 ὑπακοή
2623 4251 2698 4313 εἰς
2781 4254 2986 4316 πάντας
3071 4256 3311 4333 ἀφίκετο.
3387 4256 3573 4332 Χαίρω
3650 4259 3746 4313 οῦν

2087 4336 2148 4392 τὸ
2211 4335 2292 4415 ἐφ’
2362 4337 2511 4410 ὑμῖν
2601 4338 2746 4403 θέλω
2835 4339 2894 4396 δὲ
2969 4344 3111 4416 ὑμᾶς
3176 4344 3376 4423 σοφοὺς
3451 4348 3543 4422 μὲν
3607 4349 3755 4404 εἶναι

2088 4424 2165 4489 εἷς
2231 4427 2294 4481 τὸ
2355 4428 2576 4503 ἀγαθὸν,
2641 4431 2925 4508 ἀκεραίους
3020 4431 3077 4489 δὲ
3163 4435 3239 4499 εἰς
3309 4437 3372 4492 τὸ
3435 4439 3620 4498 κακόν,
3687 4440 3755 4498 Ὀ

2087 4513 2144 4571 δὲ
2234 4517 2365 4580 Θεὸς
2454 4525 2555 4588 τῆς
2650 4521 2873 4594 εἰρήνης
2973 4525 3247 4602 συντρίψει
3341 4528 3433 4582 τὸν
3511 4534 3756 4584 Σατανᾶν

2087 4605 2190 4661 ὑπὸ
2218 4605 2346 4668 τοὺς
2402 4605 2572 4670 πόδας
2634 4611 2788 4681 ὑμῶν
2851 4611 2901 4665 ἐν
2959 4612 3138 4689 τάχει.
3198 4616 3262 4674 Ἡ
3319 4618 3483 4691 χάρις
3512 4622 3607 4673 τοῦ
3641 4620 3755 4676 Κυ-

2087 4696 2207 4771 ρίου
2239 4698 2401 4768 ἡμῶν
2433 4698 2616 4767 Ἰησοῦ
2649 4701 2892 4774 Χριστοῦ
2924 4703 3043 4774 μεθ’
3067 4703 3244 4775 ὑμῶν.

2155 4803 2321 4840 Tino“.
2357 4802 2503 4840 ειτλΑρ
2539 4802 2866 4840 ,σιμβληῖ-Σ.
2951 4810 3153 4840 ’ἰαί-Α..
3213 4812 3316 4840 -.ᾹΑ
3377 4811 3507 4840 3,-Ιῖ

2155 4803 2226 4840 τι
2382 4802 2436 4822 ..κ
2806 4814 2831 4826 ..
2951 4810 2964 4829 .
3038 4811 3047 4827 .
3261 4812 3274 4831 .
3383 4813 3395 4830 .
3485 4811 3507 4830 ε.

2153 4824 2321 4859 -ινον
2356 4825 2503 4867 εξοος
2539 4801 2887 4879 συμϐουλῆς.
2972 4812 3156 4866 ίκετου
3213 4831 3318 4888 γαρ
3377 4815 3542 4869 υπέου
3573 4815 3753 4890 πρόσο

322 4913 390 4954 ac
418 4898 627 4952 fratres
657 4902 826 4952 vocat
859 4894 1047 4950 multo
1079 4910 1213 4949 cum
1249 4893 1491 4948 honore.
1528 4918 1553 4942 «
1590 4894 1973 4950 Considerate

2090 4914 2257 4963 ωπον,
2288 4895 2374 4947 καὶ
2408 4891 2677 4975 ἀδελφοὺς
2737 4897 2900 4952 καλεῖ
2961 4899 3097 4973 μετὰ
3153 4900 3374 4972 πολλῆς
3422 4910 3521 4972 τῆς
3553 4912 3750 4979 τιμῆς,

325 5001 426 5042 eos
456 4986 553 5056 qui
587 4984 847 5039 dissidia.
890 5006 916 5033 ››
947 4983 1325 5040 Scrutamini.
1385 4983 1600 5054 inquit,
1654 4998 1721 5037 ac
1781 4983 1977 5055 perdi-

326 5073 980 5130 scite.Ostenditautem
1003 5072 1302 5127 fallaciam
1327 5071 1833 5142 illorum,etquod
1856 5087 1974 5127 non

326 5163 522 5237 palam
545 5162 935 5218 ostendantur
966 5178 1094 5216 esse
1127 5161 1419 5217 scelerati.
1455 5161 1522 5214 Et
1553 5160 1626 5217 ad
1661 5161 1975 5216 maximam

326 5252 606 5309 Ecclesiae
624 5251 1070 5306 subversionem
1087 5251 1346 5322 estquod
1360 5250 1852 5306 discriminentur
1869 5267 1901 5306 a
1916 5268 1976 5307 se

327 5342 607 5400 invicem.
636 5359 659 5388 ι
698 5341 768 5394 Ει
793 5339 1171 5395 offendicula.
1208 5362 1236 5389 »
1270 5343 1408 5394 Post
1439 5339 1689 5395 dissidia
1719 5355 1976 5412 namque

327 5430 788 5506 patetintroitus
814 5427 1207 5484 oﬂ‘endiculis.
1244 5428 1393 5494 Quid
1426 5436 1620 5484 autem
1648 5428 1766 5484 sint
1790 5431 1975 5486 oﬂ‘en-

331 5521 529 5579 dicula
550 5522 1006 5589 interpretatur:
1035 5518 1239 5585 Secta),
1272 5519 1487 5590 inquit,
1522 5524 1736 5590 praeter
1757 5519 1976 5575 doctri-

328 5629 467 5670 nam
527 5615 793 5665 nostram
849 5606 1218 5661 introductae.
1285 5631 1310 5655 α
1363 5607 1475 5662 Sed
1529 5625 1634 5663 suo
1689 5609 1897 5666 ventri.
1944 5633 1972 5661 »

330 5704 548 5760 Omnes
572 5699 728 5754 enim
757 5701 928 5753 secta!
954 5713 1019 5751 ac
1051 5695 1412 5752 ollendicula
1441 5697 1577 5752 inde
1601 5701 1973 5770 proveniunt,

333 5792 490 5866 quod
521 5790 795 5848 homines
821 5784 1130 5843 atfectibus
1189 5785 1590 5859 obsequantur
1639 5804 1706 5845 ac
1758 5791 1976 5852 ventri.

2090 5007 2116 5034 ι(
2155 4989 2385 5039 Σκοπεῖν
2415 4985 2542 5046 τοὺς
2598 4987 2694 5049 τὰς
2753 4984 3128 5062 διχοστασίας.
3162 5012 3188 5044 ι
3254 4993 3529 5066 Ἐρευνᾷν,
3588 4996 3752 5070 φησῖ,

2091 5096 2119 5123 ‹‹
2149 5075 2238 5128 καὶ
2274 5075 2716 5150 καταμανθάνειν.
2753 5079 2999 5134 Δείκνυσι
3058 5079 3114 5136 δὲ
3166 5083 3230 5138 τὸ
3287 5080 3516 5159 δολερὸν
3549 5085 3754 5142 αὐτῶνι

2087 5163 2177 5217 καὶ
2209 5163 2293 5218 ὅτι
2342 5165 2406 5219 οὐ
2464 5165 2710 5240 γίνονται
2769 5167 3076 5239 κατάδηλοι
3118 5174 3351 5247 πονηροὶ
3389 5170 3559 5237 ὄντες.
3596 5176 3755 5248 Αὕτη

2086 5251 2190 5326 γὰρ
2253 5253 2492 5325 μάλιστα
2552 5255 2881 5326 Ἐκκλησίας
2962 5258 3267 5334 ἀνατροπὴ,
3328 5264 3390 5318 τὸ
3453 5261 3758 5339 διῃρῆσθαι

2086 5341 2176 5396 ἀπ’
2208 5340 2493 5414 ἀλλήλων.
2559 5370 2584 5396 ‹‹
2617 5347 2721 5401 Καὶ
2780 5347 2845 5402 τὰ
2904 5347 3201 5409 σκάνδαλα.
3238 5374 3264 5402 n
3332 5354 3478 5410 Μετᾶ
3508 5355 3613 5429 γὰρ
3645 5355 3759 5423 τήν

2087 5427 2460 5506 διχοστασίαν,
2522 5432 2732 5491 εἶ’σοδον
2789 5437 3025 5512 εὑρίσκει
3099 5443 3166 5495 ti
3235 5427 3533 5499 σκάνδαλα.
3587 5427 3757 5502 -Τίδὲ

2085 5520 2198 5578 ἐστι
2254 5525 2320 5579 τὰ
2371 5523 2666 5597 σκάνδαλα,
2727 5529 3032 5603 ἑρμηνεύει.
3083 5531 3353 5606 Αἱρέσεις,
3413 5535 3568 5613 φησί,
3602 5535 3755 5604 παρὰ

2085 5616 2184 5681 τήν
2231 5611 2464 5691 διδαχὴν
2534 5619 2698 5689 ἡμῶν
2771 5618 3130 5679 ἐπεισιοῦσαι.
3173 5648 3197 5673 (ι
3236 5611 3513 5698 Ἀλλὰ-τῇ
3549 5626 3764 5681 ἑαυτῶν

2086 5705 2292 5764 κοιλίή,
2355 5732 2382 5758 ››
2436 5709 2504 5764 Αἱ
2558 5709 2659 5783 γὰρ
2718 5709 2952 5784 αἱρέσεις
3005 5718 3170 5768 πᾶσαι
3230 5715 3319 5768 καὶ
3351 5715 3415 5770 τὰ
3449 5714 3770 5786 σκάνδαλα,

2087 5796 2192 5850 ἀπὸ
2224 5801 2319 5852 τοῦ
2351 5795 2627 5854 δουλεύειν
2669 5799 2860 5865 πάθεσι
2916 5801 3002 5856 καὶ
3061 5803 3272 5880 γαστρί.
3307 5803 3399 5862 Διό
3441 5827 3622 5884 φησιν,
3657 5809 3760 5865 ὅτι
