4122 6406
262 431 381 496 635

1387 423 1816 488 (ECUMENII
1858 419 2168 486 TRICCE
2211 425 2569 490 EPISCOPI

3558 422 3680 487 636

265 579 505 624 monem
548 559 851 618 concludit
903 559 965 614 in
997 561 1444 631 prmcationem,
1485 581 1505 607 ι
1544 557 1764 625 Gratia,
1821 556 1914 612 in-

2031 556 2255 613 ταπαύει
2288 559 2378 615 τὸν
2415 557 2584 633 λόγον
2615 560 2919 634 προσεικῶς
2976 555 3052 620 εἰς
3108 556 3298 637 εὐχήν.
3360 579 3391 610 ιι
3421 556 3484 613 Ἦ
3514 554 3680 636 χάρις

264 655 408 727 quit,
437 651 822 708 DominiJesu
852 649 1088 706 Christi.
1114 671 1140 700 ο
1170 652 1342 706 Amat
1357 651 1517 706 enim
1544 665 1780 720 semper
1803 646 1919 703 hoc

260 759 482 816 ponere
514 741 994 810 fundamentum,
1020 742 1269 813 parique
1302 739 1478 796 modo
1510 739 1670 795 hunc
1694 753 1918 810 ponere

263 833 609 888 terminum.

257 923 432 983 Finis.
467 921 657 978 divino
685 923 906 992 favente
935 921 1169 977 emilio.
1203 920 1460 991 Epistola.v
1512 918 1588 973 ad
1616 920 1912 975 Romanos.

261 1046 491 1121 Scripta
523 1052 613 1104 est
642 1064 676 1103 a
705 1047 986 1104 Corintho
1017 1063 1124 1119 per
1145 1045 1401 1102 Phoeben
1437 1045 1777 1102 ministram
1809 1043 1918 1101 Ec-

745 1136 940 1194 clesiae
981 1135 1432 1194 Cenchreensis.

2025 653 2123 703 τοῦ
2155 649 2356 723 Κυρὶνο
2390 653 2550 722 ἡμῶν
2610 651 2792 720 Ἰησοῦ
2822 651 3114 724 Χριστοῦ.»
3145 647 3359 718 Ταύτην
3390 647 3491 724 γὰρ
3522 647 3684 720 θεμὲ-

2028 739 2174 809 λιον,
2197 740 2400 812 ταύτην
2434 737 2559 816 ὅρον
2588 739 2670 796 ἀεὶ
2701 746 2877 796 ποιεῖν
2910 740 3064 812 αὐτῷ
3093 738 3275 818 φίγον.

2097 911 2273 975 Τέλος
2305 911 2399 968 σὺν
2442 917 2560 987 Θεῷ
2609 918 2711 982 τῆς
2760 911 2898 988 πρὸς
2950 911 3262 984 Ῥωμαίους
3321 909 3672 976 Ἐπιστολῆς.

2027 1037 2270 1118 Ἐγράφη
2303 1038 2410 1094 ἀπὸ
2441 1039 2708 1114 Κορίνθου
2739 1035 2830 1094 δ.ὰ
2859 1031 3070 1109 Φοῖὅης
3111 1042 3212 1104 τῆς
3270 1031 3521 1090 διακόνου
3579 1037 3683 1126 τῇς

2469 1127 2522 1184 ἰν
2555 1129 2864 1204 Κεγχρεαῖς
2894 1127 3098 1196 Ἑκκλη
3112 1124 3253 1186 σίας.
3629 1123 3650 1130 ”

262 1290 3683 1366 W—W—E

1653 1489 2288 1591 ΥΠΟΘΕΣΙΣ

1153 1709 1297 1770 ΤΗΣ
1351 1709 1535 1771 ΠΡΟΣ
1584 1707 2012 1771 ΚΟΡΙΝΘΙΟΥΣ
2055 1706 2326 1768 ΗΡΩῙἩΣ
2368 1703 2790 1766 ΕΠΙΣΤΟΔΗΣ.

1521 2094 2443 2195 ARGUMENTUM

1317 2285 1604 2349 PRIOBIS
1641 2286 1738 2348 AD
1787 2287 2204 2349 CORINTHIOS
2242 2287 2620 2349 EPISTOLAE.

332 2553 425 2608 4|
441 2555 490 2606 4
520 2551 683 2609 Hanc
704 2551 776 2606 ab
803 2551 1030 2624 Epheso
1053 2553 1286 2609 civitate
1308 2552 1462 2610 Asiae
1495 2552 1724 2622 scribit,
1779 2568 1914 2612 cum

2095 2555 2304 2623 Ταύτην
2335 2551 2655 2610 ἐπιστιλλει
2687 2553 2796 2608 ἀπὸ
2843 2550 3068 2632 Ἐφέσου
3123 2556 3224 2620 τῆς
3277 2550 3484 2616 Ἀσίας,
3519 2550 3701 2622 ἑωρα-

254 2642 384 2713 jam
408 2657 510 2696 eos
533 2641 917 2697 etvidissetet
940 2642 1274 2710 docuisset;
1294 2643 1406 2699 hac
1426 2644 1626 2714 itaque
1653 2642 1918 2715 Epistola

263 2746 561 2789 memores
591 2747 690 2787 eos
722 2731 935 2786 reddit.
972 2733 1074 2786 Est
1102 2738 1298 2788 autem
1349 2732 1461 2788 hoc
1491 2732 1762 2804 Epistolas
1815 2738 1917 2788 Ar-

262 2827 630 2894 gumentum.
665 2821 954 2876 Corinthii
1003 2822 1377 2877 contensiose
1410 2823 1746 2894 congregati
1781 2837 1920 2878 sen-

267 2909 469 2965 tentiis
492 2909 928 2975 dividebantur,
961 2917 1020 2965 et
1041 2911 1169 2982 jam
1203 2917 1374 2967 erant
1421 2911 1579 2967 inter
1608 2927 1710 2967 eos
1739 2911 1918 2967 dissi-

263 2999 378 3054 dia.
403 3000 667 3070 Cumque
690 2999 1012 3055 divisiones
1032 3006 1252 3068 essent,
1273 2999 1670 3057 connivebant
1689 3017 1825 3057 cum
1850 3017 1918 3056 eo

264 3089 364 3160 qui
397 3105 706 3144 novercam
740 3090 942 3146 uxoris
962 3089 1091 3145 loco
1109 3096 1436 3162 acceperat.
1465 3090 1578 3147 ΑΙίι
1602 3106 1739 3147 vero
1762 3107 1913 3148 con-

263 3177 528 3233 tinentias
543 3184 826 3250 praetextu
854 3179 1122 3250 proprias
1143 3179 1499 3236 deserebant
1520 3197 1736 3239 uxores
1758 3199 1770 3236 :
1793 3181 1917 3253 qui-

266 3267 400 3323 dam
435 3273 630 3322 autem
656 3269 718 3323 in
747 3269 985 3340 templis
1009 3268 1305 3327 idolorum
1329 3270 1606 3330 edebant.
1630 3269 1919 3326 habentes

261 3372 332 3412 ea
353 3373 484 3428 quas
507 3356 684 3412 idolis
707 3357 1606 3416 immolabanturindifferentia.
1630 3360 1742 3415 Alii
1766 3377 1918 3432 prea-

262 3452 368 3502 ter.
392 3463 425 3502 a
456 3463 560 3502 eos
582 3447 683 3518 qui
717 3447 936 3520 linguis
974 3447 1367 3521 loquerentur
1411 3450 1474 3504 in
1526 3449 1920 3505 admiratione

261 3536 572 3604 habentes,
609 3543 856 3593 ceteros
886 3537 1314 3610 despiciebant.
1351 3540 1619 3611 Denique
1641 3540 1924 3596 errabant

263 3627 444 3684 etiam
503 3627 662 3686 circa
711 3629 1168 3686 resurrectionis
1217 3631 1590 3701 mysterium,
1649 3629 1919 3688 dicentes

265 3733 505 3774 carnem
541 3718 694 3774 hanc
720 3735 840 3774 non
877 3720 1241 3776 resuscitari.
1295 3721 1395 3775 His
1453 3719 1730 3778 omnibus
1761 3719 1919 3794 apud

262 3807 636 3864 Corinthium
693 3809 1006 3865 commotis
1041 3849 1056 3874 ,
1145 3809 1348 3882 populi
1413 3809 1591 3866 vicini
1649 3811 1922 3866 scribunt

2027 2643 2137 2706 κὼς
2168 2641 2360 2705 αὐτοὺς
2417 2639 2527 2712 ἤδη
2577 2641 2666 2698 καὶ
2698 2638 2935 2712 διδάξας.
2969 2641 3406 2715 ὑπομιμνήσκων
3439 2635 3498 2694 δί
3531 2640 3692 2710 ὅμως

2029 2729 2119 2789 διὰ
2145 2739 2246 2801 τῆς
2279 2730 2614 2800 Ἐπιστολῆς
2647 2732 2871 2802 ταύτης.
2902 2731 2964 2788 Ἠ
2994 2728 3052 2786 δὲ
3082 2730 3350 2811 πρόφασις
3396 2735 3496 2798 τῆς
3527 2730 3684 2784 Ἑπι-

2029 2820 2232 2890 στολῆς
2265 2821 2423 2893 αὕτηο
2459 2821 2740 2895 Κορίνθιοι
2785 2819 2846 2877 ἐκ
2903 2819 3239 2894 φιλονεικίας
3302 2819 3686 2893 συναγόμενοι,

2029 2910 2315 2983 ἐσχίζοντο
2355 2916 2474 2972 ταῖς
2526 2913 2800 2985 γνώμαις,
2858 2909 2948 2966 καὶ
3009 2907 3208 2965 λοιπὸν
3266 2909 3334 2978 ἦν
3397 2906 3450 2964 ὲν
3505 2907 3696 2970 αὐτοῖς

2030 3001 2328 3077 σχίσματα.
2361 3001 2462 3058 Καὶ
2511 2998 2680 3057 ὄντων
2735 3004 2842 3054 τῶν
2899 2998 3220 3074 σχισμάτων
3280 2991 3691 3066 παρεϐλὲποντο

2027 3092 2119 3146 τὸν
2155 3085 2393 3146 λαϐόντα
2422 3092 2521 3158 τήν
2564 3091 2854 3165 μητρυιάν.
2917 3085 3094 3145 Λλλοι
3155 3084 3213 3143 δὶ
3269 3084 3469 3156 ἤθελον
3526 3105 3689 3141 κατα·

2031 3181 2323 3254 λιμπάνειν
2369 3181 2463 3242 τὰς
2515 3177 2657 3242 ἰδίας
2687 3185 2964 3256 γυναῖκας,
3013 3176 3279 3255 προφάσει
3336 3179 3436 3245 τῆς
3496 3174 3692 3252 ἐγκραι

2027 3273 2192 3335 τείας.
2227 3272 2383 3332 Τινὶς
2444 3268 2501 3327 δὶ
2530 3269 2582 3325 ἐν
2612 3267 2919 3330 εἶδωλείοις
2975 3265 3190 3337 ἤσθιον,
3251 3266 3325 3328 ὡς
3374 3262 3692 3346 ἀδιαφόρων

2029 3359 2200 3415 ὄντων
2227 3365 2336 3414 τῶν
2379 3357 2780 3422 εἰδωλοθύτων.
2814 3356 3022 3414 ’Ἄλλοι
3081 3353 3158 3427 δὲ,
3191 3355 3320 3418 τοὺς
3356 3357 3451 3429 μὶν
3482 3352 3696 3417 ἄλλους

2028 3448 2365 3523 ἐξουθὲνουν,
2395 3448 2522 3510 τοὺς
2561 3446 2620 3504 δὶ
2669 3446 2973 3509 λαλοῦντας
3028 3444 3303 3522 γλώσσαις
3363 3445 3695 3518 ἐθαύμαζον.

2030 3539 2129 3594 Καὶ
2187 3537 2381 3609 τέλος,
2437 3538 2724 3610 ἡπάτηντο
2771 3537 2862 3593 καὶ
2921 3536 2997 3598 εἰς
3048 3536 3110 3591 τὸ
3167 3534 3294 3610 περὶ
3351 3533 3694 3596 ἀναστάσεως

2032 3629 2358 3704 μυστήριον,
2391 3625 2644 3702 λὶγοντες
2704 3629 2780 3702 μή
2843 3625 3142 3701 δγείρισθαι
3197 3626 3300 3694 τήν
3353 3623 3528 3700 σάρκα
3555 3625 3690 3680 ταῦ*

2026 3739 2149 3789 την.
2191 3717 2408 3773 Τούτων
2463 3717 2678 3774 πάντων
2737 3715 2791 3771 ἐν
2852 3715 3081 3790 Κορίνθη
3134 3712 3492 3790 κινουμένων,
3550 3715 3686 3788 γρά-

2031 3828 2216 3886 φουσιν
2247 3809 2298 3864 οἳ
2331 3807 2455 3863 λαοὶ
2483 3803 2564 3881 τῷ
2595 3802 2944 3877 Ἀπόστολῳ.
2983 3804 3080 3860 Καὶ
3113 3802 3310 3860 Λοιπὸν
3345 3803 3483 3877 πρὸς
3512 3802 3692 3858 πάντα

265 3897 580 3968 Apostolo:
617 3903 674 3953 et
696 3915 856 3955 nunc
877 3898 951 3955 ad
974 3899 1210 3972 singula
1239 3899 1534 3956 rescribit.
1565 3902 1636 3956 Et
1657 3900 1916 3972 primum

2031 3899 2393 3974 ἀντιγράφει.
2457 3896 2559 3954 Καὶ
2609 3900 2828 3972 πρῶτον
2886 3894 3002 3968 μὶν,
3064 3897 3327 3971 μαρτυριῖ
3381 3893 3567 3952 αὐτοῖς
3622 3888 3678 3945 ἂν

2188 3991 2199 3998 .
2417 3988 2430 3998 ι
2615 3988 2626 3998 ι
2874 3987 2888 3998 ι
3006 3986 3020 3998 ς
3111 3982 3158 3998 δ’
3382 3979 3424 3998 θλ
3532 3981 3547 3998 1
3623 3977 3636 3994 ε

265 3987 505 4058 quidem
535 3987 651 4044 fert
674 3989 1079 4046 testimonium
1103 3989 1177 4044 de
1212 3989 1532 4062 prudentia
1583 3995 1760 4061 atque
1819 4006 1917 4045 co-

261 4077 525 4148 gnitione
556 4078 865 4149 ipsorum:
923 4094 1034 4134 nec
1092 4094 1194 4132 eos
1250 4078 1464 4151 recipit
1519 4078 1621 4149 qui
1670 4078 1920 4133 dissidia

265 4164 620 4220 excitabant.
658 4167 951 4221 Praeterea
981 4167 1191 4223 suadet
1221 4183 1340 4222 non
1386 4167 1448 4222 in
1482 4183 1776 4229 sermone,
1813 4167 1917 4223 sed

263 4254 326 4309 in
359 4269 537 4324 opere
567 4255 859 4311 etvirtute
891 4255 1216 4310 existimari
1249 4257 1422 4312 sitam
1453 4273 1582 4312 esse
1618 4256 1913 4314 virtutem.

268 4342 491 4398 Deinde
519 4341 622 4399 ubi
652 4341 824 4399 illum
855 4343 1225 4415 increpasset
1249 4345 1350 4417 qui
1389 4361 1701 4402 novercam
1751 4361 1917 4401 acce-

265 4437 475 4502 perat:
511 4432 839 4503 fuissetque
888 4431 1254 4498 adhortatus,
1290 4450 1366 4490 ne
1399 4435 1532 4490 lites
1565 4451 1634 4490 ac
1687 4435 1920 4508 judicia

266 4521 424 4577 inter
454 4537 516 4576 se
546 4520 858 4589 haberent,
908 4530 1346 4594 consequenter
1374 4524 1449 4581 ad
1498 4539 1568 4581 ea
1595 4524 1920 4597 respondet

267 4625 399 4681 quas
432 4611 812 4684 scripserant,
849 4611 920 4666 de
949 4613 1176 4686 nuptiis
1231 4615 1494 4685 quidem.
1554 4614 1916 4672 indivisibile

266 4717 393 4756 esse
419 4703 801 4775 coniugium:
849 4702 920 4758 ad
955 4710 1192 4775 tempus
1221 4711 1419 4764 autem
1473 4707 1622 4764 415
1659 4712 1914 4773 tantum,

261 4797 328 4848 ut
351 4791 742 4860 abstinerent,
770 4808 887 4863 quo
919 4793 1172 4851 orationi
1200 4798 1496 4852 vacarent.
1533 4799 1747 4854 Verum
1780 4813 1916 4856 cum

263 4879 350 4935 illi
383 4881 812 4938 continentiam
844 4889 1136 4943 amarent.
1171 4884 1245 4940 de
1297 4886 1632 4955 virginitate
1687 4887 1913 4944 scribit.

267 4972 387 5026 Hoc
411 4987 529 5027 non
561 4971 635 5026 ad
659 4973 1100 5039 necessitatem,
1133 4975 1348 5046 inquit,
1375 4976 1476 5032 sed
1507 4977 1758 5032 consilio
1793 4977 1914 5032 ﬂat.

271 5060 650 5116 Postmodum
683 5060 756 5115 de
821 5061 914 5118 his
967 5079 1100 5134 quas
1157 5063 1334 5119 idolis
1401 5065 1809 5130 immolantur,
1842 5081 1916 5121 ne

266 5149 518 5204 scientia
545 5149 883 5213 abutantur,
931 5151 1035 5206 sed
1067 5153 1129 5207 in
1163 5159 1368 5210 mutua
1396 5153 1718 5210 dilectione
1777 5170 1916 5211 con-

262 5244 590 5295 versentur.
619 5240 900 5296 Prohibet
925 5242 1126 5313 itaque
1150 5242 1278 5299 fieri
1301 5244 1566 5300 convivia
1594 5245 1655 5300 in
1678 5245 1916 5316 templis

261 5326 581 5387 idolorum,
614 5343 687 5382 ne
715 5327 917 5397 pusilli
941 5329 1342 5388 oti‘endantur.
1366 5331 1590 5386 Exinde
1617 5331 1824 5387 scribit
1844 5332 1916 5389 de

2031 3991 2288 4068 φρονήσει
2345 3988 2436 4044 καὶ
2522 3988 2742 4062 γνῶσιν
2831 3987 2935 4043 οὐκ
2996 3982 3324 4061 ἀποδέχεται
3377 3979 3434 4036 δὲ
3485 3977 3686 4041 αὐτοὺς

2029 4083 2316 4141 ποιοῦντας
2366 4080 2665 4154 σχίσματα,
2721 4075 2870 4134 ἀλλὰ
2923 4077 3013 4132 καὶ
3072 4071 3454 4150 συμϐουλευει,
3514 4071 3590 4143 μὴ
3625 4068 3679 4125 ἐν

2031 4165 2183 4242 λόγῳ
2211 4169 2310 4237 τήν
2343 4169 2562 4242 ἀρετὴν,
2590 4166 2718 4225 ἀλλ’
2740 4167 2790 4223 ἐν
2825 4161 2970 4242 ἔργῳ
2997 4165 3091 4223 καὶ
3149 4164 3368 4236 δυνάμει
3397 4166 3676 4240 ἡγεῖσθαι,

2031 4259 2261 4316 Ἔπειτα
2301 4257 2630 4331 ἐπιτιμήσας
2682 4262 2761 4328 τῷ
2817 4259 2917 4327 τήν
2981 4255 3248 4330 μητρυιὰν
3282 4246 3532 4318 λαϐόντι,
3589 4249 3684 4305 καὶ

2031 4348 2351 4423 παραινὲσας
2388 4349 2462 4420 μή
2495 4341 2642 4423 ἔχειν
2681 4347 2927 4422 κρίματα
2982 4346 3119 4421 πρὸς
3177 4341 3424 4412 ἑαυτοὺς,
3484 4339 3681 4397 λοιπὸν

2029 4437 2154 4512 περὶ
2184 4438 2258 4492 ὧν
2313 4435 2546 4513 ἔγραψαν
2600 4425 2975 4511 ἀποκρίνεται,
3007 4435 3129 4508 περὶ
3193 4435 3288 4506 μὲν
3342 4436 3444 4487 τοῦ
3501 4429 3687 4509 γάμου

2030 4524 2300 4582 διδάσκων
2334 4525 2604 4601 ἅιῖῥηκτον
2661 4524 2798 4580 εἶναι
2851 4527 2951 4595 τὴν
3009 4523 3287 4601 συζυγίαν,
3316 4521 3407 4576 καὶ
3430 4519 3482 4576 ἰν
3513 4521 3691 4594 καιρῷ

2034 4613 2186 4691 μὸνῳ
2216 4615 2534 4691 σχολάζειν,
2570 4614 2660 4672 διὰ
2713 4617 2782 4684 τή
2815 4616 3011 4691 εὐχήν.
3070 4614 3168 4671 Διὰ
3232 4610 3292 4668 δὶ
3349 4611 3412 4666 τὸ
3469 4610 3684 4685 ἀγαπᾷν

2030 4704 2226 4768 αὐτοὺς
2251 4708 2351 4776 τήν
2397 4703 2733 4780 ἐγκράτειαν,
2791 4705 2985 4780 γράφει
3041 4701 3167 4777 περὶ
3220 4698 3531 4776 παρθενίας.
3593 4695 3686 4754 ὅτι

2029 4793 2107 4854 Οὔ
2140 4796 2274 4852 κατα
2307 4796 2561 4868 ἀνάγκην·
2593 4791 2742 4851 ἀλλὰ
2779 4795 2968 4850 πειθοῖ
3018 4796 3179 4848 τοῦτο
3235 4787 3466 4866 γινέσθω
3545 4787 3686 4844 Εἶτα

2029 4886 2154 4959 περὶ
2184 4889 2291 4941 τῶν
2323 4882 2723 4947 εἰδωλοθύτων,
2754 4881 2846 4938 *ἕνα
2880 4884 2956 4955 μή
2997 4885 3382 4961 καταχρῶνται
3440 4882 3508 4952 τῇ
3539 4878 3685 4953 γνώ’

2031 4995 2133 5038 σει,
2165 4973 2313 5030 ἀλλὰ
2342 4977 2411 5048 τῇ
2442 4973 2624 5050 ἀγάπῃ
2657 4972 3077 5031 πολιτεῦωνται.
3123 4969 3345 5028 Κωλύει
3391 4969 3483 5024 οὗν
3535 4967 3602 5022 τά
3629 4965 3686 5022 ἰν

2031 5060 2300 5132 ιῖδωλείῳ
2332 5064 2632 5135 συμπόσια,
2670 5059 2764 5117 ’ἶνα
2818 5064 2894 5134 μή
2951 5058 3415 5130 σκανδαλίζωνται
3475 5058 3530 5112 οἱ
3592 5076 3686 5128 μι-

2028 5155 2174 5228 κροί.
2212 5153 2343 5210 Εἶτα
2368 5151 2491 5226 περὶ
2546 5156 2654 5208 τῶν
2711 5155 3091 5224 πνευματικῶν
3145 5149 3504 5229 χαρισμάτων
3550 5144 3690 5223 γράὲ

2032 5263 2141 5322 φει,
2189 5241 2279 5296 ’ἱνα
2338 5243 2413 5314 μή
2472 5238 2829 5322 διαφέρωνται
2883 5240 2934 5295 ἐν
2992 5245 3109 5301 τοῖς
3163 5238 3492 5314 χαρισμασι,
3541 5233 3690 5307 μηόὶ

2025 5333 2361 5409 προκρίνωσι
2393 5335 2486 5389 τὸν
2544 5330 2745 5412 ἔχοντα
2801 5332 3051 5408 χάρισμα
3104 5328 3252 5397 τόδε,
3303 5333 3401 5384 τοῦ
3457 5325 3690 5404 ἔχοντος

263 5414 675 5486 spiritualibus
703 5415 899 5482 donis,
925 5433 1000 5472 ne
1038 5417 1112 5473 ob
1143 5419 1299 5476 dona
1321 5419 1689 5477 dissideant:
1723 5437 1918 5493 neque

2031 5422 2172 5483 τὸδε.
2209 5425 2385 5480 Πάντα
2406 5425 2509 5499 γὰρ
2537 5431 2661 5488 ,τοῦ
2713 5425 2878 5481 αὐτοῦ
2907 5423 3252 5498 ξΗνιύματος
3315 5421 3449 5478 εἶναι
3509 5418 3688 5495 λέγει.

265 5503 450 5560 istum
477 5503 576 5574 qui
601 5503 711 5561 hoc
737 5503 914 5561 habet
934 5505 1156 5564 donum
1188 5508 1242 5566 ei
1266 5515 1617 5582 praeponant
1646 5509 1746 5580 qui
1771 5509 1917 5568 illud

2031 5515 2134 5575 Καὶ
2193 5513 2388 5570 λοιπὸν
2443 5514 2596 5590 napi},
2626 5514 2968 5577 ἀναστάσεως
3016 5509 3281 5582 διδάσκει,
3337 5511 3421 5568 δτι
3465 5512 3501 5580 ἠ
3558 5508 3692 5581 σάρξ

270 5592 467 5651 habet.
502 5594 646 5649 Nam
677 5594 878 5650 omnia
908 5595 1177 5666 ejusdem
1209 5597 1354 5653 dicit
1383 5614 1512 5653 esse
1542 5599 1814 5669 Spiritus.
1849 5600 1919 5655 Et

2031 5602 2326 5678 ῐγεῖρεται,
2385 5605 2806 5674 ἀποθνῄσκουσα
2867 5603 2960 5676 μὶν
3017 5602 3198 5678 σαρκὶ,
3257 5597 3584 5675 ἰγειρομὲνη
3627 5594 3692 5683 δῇ

268 5681 509 5740 tandem
537 5683 609 5740 de
641 5685 1078 5743 resurrectione
1109 5684 1279 5743 docet
1312 5703 1552 5744 carnem
1581 5705 1913 5763 resurgere,

2031 5691 2295 5774 ἄφθαρτος
2343 5693 2511 5764 κατᾶᾀ
2538 5695 2637 5763 τήν
2668 5696 2765 5748 τοῦ
2826 5695 3066 5768 Χριστοῦ
3116 5689 3302 5768 χάριν.
3329 5691 3438 5761 Τήν
3467 5686 3526 5745 δὶ
3555 5681 3681 5744 ἀνά.

267 5770 408 5843 quia
432 5772 686 5835 moritur
707 5773 950 5849 quidem
979 5776 1387 5850 corruptibilis
1417 5793 1576 5848 caro,
1605 5779 1793 5854 surgit
1810 5795 1912 5842 au-

2031 5770 2235 5853 στασιν,
2265 5781 2374 5838 ἀπὸ
2430 5786 2529 5838 τοῦ
2583 5779 2879 5862 ἇγηγιρθαι
2934 5782 3027 5839 τὸν
3086 5784 3318 5855 Χριστον
3373 5775 3680 5849 συνίστησι.
