4122 6440
421 493 556 557 03⁵1
1546 485 1962 551 COMMENT.
2008 484 2089 547 IN

2184 481 2379 545 PIST.
2425 481 2774 560 Annon.
3731 483 3849 546 oss

420 630 527 686 Καὶ
565 628 728 686 τὲλπι
779 629 1194 704 παραινετικοὺς
1257 625 1459 702 λόγους
1493 625 1568 688 είς
1596 625 1664 681 τὰ
1691 621 1802 694 ἤθη
1853 621 2071 701 γράοει,

2185 625 2308 678 tem
2341 620 2814 696 incorruptibilis
2846 641 2952 697 per
2979 624 3194 682 Christi
3237 624 3507 700 gratiam.
3560 626 3843 684 Resurre-

413 720 509 775 καὶ
541 719 667 794 περὶ
699 717 888 792 λογίας
919 725 1018 787 τῆς
1049 716 1126 780 εἷς
1163 718 1290 779 τοὺς
1349 715 1536 792 ἁγίους
1591 712 1953 792 παραγγὲλει,
1984 713 2071 768 διαὶ

2185 711 2446 769 ctionem
2477 730 2613 769 vero
2643 730 2711 768 ex
2759 730 2828 774 eo
2889 714 3047 786 quod
3103 715 3369 771 Christus
3426 717 3841 782 resurrexerit,

412 807 596 871 οὕτως
616 805 825 864 τελειοῖ
849 808 951 876 τήν
982 804 1336 876 Ἐπιστολὴν.

2187 803 2521 859 conﬁrmat.
2557 804 2808 859 Demum
2832 820 3138 861 sermones
3168 805 3598 861 exhortatorios
3623 805 3697 861 ad
3720 822 3841 860 mo-

2185 909 2283 949 res
2313 893 2540 960 scribit,
2573 899 2633 948 et
2661 892 2736 949 de
2794 895 3191 965 eleemosynas
3249 895 3310 949 in
3366 901 3602 950 sanctos
3659 894 3840 950 colle-

2137 1012 2140 1016 -
2187 981 2386 1039 ctione
2417 982 2708 1057 praecipit,
2742 983 2950 1055 sicque
2982 982 3290 1040 concludit
3317 983 3660 1055 Epistolam.

1296 1318 2948 1474 COMMENTARIUS

1001 1597 1140 1694 IN
1224 1593 1959 1694 EPISTOLAM
2051 1591 2098 1689 Ι
2171 1593 2348 1690 AD
2427 1589 3225 1690 CORINTHIOS.

2772 1959 3245 2022 THEODORETI.

2249 2051 2496 2128 Indigna
2521 2054 2723 2114 ferens
2752 2052 2988 2112 daemon
3046 2053 3396 2114 Corinthum
3442 2059 3611 2115 tanta
3637 2055 3835 2116 homi~

1007 1965 1465 2023 οιιοΔοιηΤοΥ.
2094 1968 2144 2035 Β

471 2057 638 2131 Ορῶν
666 2058 695 2114 ὁ
744 2051 960 2128 δαίμων
1020 2053 1166 2111 οὕτω
1215 2049 1650 2130 πολυάνθρωπον
1707 2053 1807 2122 τήν
1861 2048 2058 2127 Κόριν-

389 2149 519 2218 θον,
578 2145 668 2204 καὶ
724 2141 1147 2220 εἰδωλολάτριν,
1209 2147 1626 2201 πεπιστευκοῖαν
1683 2145 1820 2215 Θεῷ.
1881 2149 2095 2218 παραΓ

2184 2159 2321 2204 num
2352 2145 2693 2218 frequentia
2733 2145 3052 2209 civitatem.
3112 2161 3182 2202 ac
3236 2145 3530 2204 idolatriae
3573 2150 3836 2223 primum

390 2235 650 2308 σκευάζει
702 2234 853 2300 τινας
935 2234 996 2291 ἐκ
1051 2234 1158 2291 τῶν
1216 2235 1362 2309 παρὰ
1421 2234 1573 2313 σιρίσι
1626 2229 1909 2289 πλουσίων
1965 2231 2058 2289 καὶ

387 2325 722 2406 φιλοσόφων
755 2323 1314 2400 αὐτοχειροτονήτους
1344 2326 1664 2397 προστατεῖν
1708 2325 1806 2378 τοῦ
1873 2317 2056 2394 δήμου

385 2417 448 2472 ἐν
480 2420 600 2477 τοῖς
630 2419 1021 2489 πνευματικοῖς
1054 2413 1388 2489 πράγμασιν,
1420 2412 1496 2474 ὡς
1535 2409 1732 2468 λοιπὸν
1789 2414 1887 2468 τοῦ
1918 2409 2056 2467 λαοῦ

384 2503 668 2574 πολλοὺς,
699 2504 827 2567 τοὺς
860 2503 955 2577 μὲν
982 2507 1098 2566 τοῖς
1129 2501 1419 2564 πλουσίοις
1477 2500 1552 2563 ὠς
1609 2497 1856 2564 δυνατοῖς
1884 2519 2057 2576 apoc-

391 2601 680 2676 χωρῆσαι,
713 2593 840 2656 τοὺς
872 2591 931 2648 δὲ
959 2597 1079 2654 τοῖς
1121 2591 1446 2670 φιλοσόφοις
1480 2590 1554 2652 ὡς
1593 2589 1761 2645 πλέον
1804 2587 2050 2647 διδάσκον

392 2683 714 2756 δυναμένοις
742 2683 888 2760 παρὰ
919 2684 1020 2754 τήν
1051 2686 1147 2738 τοῦ
1177 2681 1520 2740 Ἀποστὸλου
1564 2676 1826 2757 διδαχὴν,
1870 2680 1947 2742 ὡς
1995 2679 2054 2736 ἐκ

389 2777 593 2831 τούτου
653 2777 935 2849 σχίσματα
993 2773 1084 2828 καὶ
1139 2767 1322 2847 ἔριδας
1381 2769 1619 2849 γίνεσθαι
1681 2773 1806 2845 παρ’
1863 2770 2050 2834 αὐτοῖς

390 2867 681 2942 Ἐγραψαν
764 2863 857 2919 οὗν
911 2866 990 2936 τῷ
1050 2860 1253 2935 Παύλῳ
1315 2859 1406 2916 διὰ
1464 2859 1900 2935 Φουρτουνάτου,
1959 2859 2050 2917 καὶ

386 2958 688 3029 Στεφάνου,
747 2949 838 3004 καὶ
879 2951 1160 3028 Ἀχαϊκοῦ,
1193 2947 1318 3023 περὶ
1348 2947 1531 3022 γάμου
1586 2949 1675 3003 καὶ
1735 2948 2048 3024 παρθενίας,

388 3039 462 3098 δι’
499 3041 572 3095 ὧν
607 3039 696 3094 καὶ
736 3039 1048 3117 ἀντιγράφει
1098 3037 1308 3108 αὐτοῖς,
1365 3036 1457 3092 καὶ
1514 3036 1638 3111 περὶ
1693 3037 1901 3093 τούτων
1957 3039 2047 3092 καὶ

386 3131 517 3205 περὶ
546 3130 740 3199 ἄλλον,
784 3127 1208 3192 συναποστείλας
1263 3126 1355 3182 καὶ
1404 3126 1498 3182 τὸν
1541 3125 1835 3198 Τιμόθεον.
1895 3127 2045 3183 Ἐπεὶ

388 3219 485 3277 οὖν
516 3219 568 3291 ἐξ
599 3218 860 3280 ἀπονοίας
889 3220 1025 3288 ἦσαν
1053 3217 1146 3274 τὸν
1177 3215 1313 3273 λαὸν
1346 3213 1749 3288 διανειμάμενοι
1783 3215 1835 3270 οἳ
1870 3214 2048 3270 πλού-

393 3331 501 3366 σιοι
531 3308 622 3365 καὶ
647 3305 964 3386 φιλόσοφοι,
999 3314 1098 3377 τῆς
1128 3303 1386 3368 ἀπονοίας
1440 3302 1754 3381 διορθοῦται
1781 3304 1845 3359 τὸ
1875 3303 2045 3370 πάθος

394 3400 446 3456 ἐν
472 3401 736 3475 πρώτοις.

422 3809 762 3867 ΚΕΦΔΔΑΙΛ
818 3810 957 3864 ΤΗΣ
1022 3804 1207 3865 ΗΡΟΣ
1276 3802 1697 3864 ΚΟΡΙΝΘΙΟΥΣ
1767 3801 2052 3862 ΕΠΙΣΤΟ-

998 3899 1140 3952 All}:
1173 3895 1454 3951 ΙΙΡΩΤΙῙΖ

406 4013 469 4070 α’.
510 4013 634 4086 Περὶ
661 4017 763 4069 τοῦ
798 4013 873 4086 μὴ
908 4009 1146 4088 διχονιῖν
1185 4009 1324 4084 πρὸς
1378 4006 1668 4079 ἇλΑήλους
1725 4005 1788 4066 ἔκ
1813 4003 2049 4086 φιλοδο-

504 4104 615 4175 Eia;
643 4111 744 4174 τῆς
775 4102 863 4160 ἐπὶ
893 4101 1058 4183 σοφίᾳ
1086 4099 1416 4176 ἀνθρωπίνῃ.

402 4194 462 4268 β(
510 4194 662 4250 Κατὰ
744 4195 960 4267 πορνῶν
1010 4191 1100 4246 καὶ
1157 4188 1409 4264 πορνιίας
1437 4231 1452 4257 ,
1509 4187 1601 4244 καὶ
1661 4191 1772 4244 τῶν
1828 4187 2051 4250 τούτοις
2157 4198 2213 4251 2,

497 4281 930 4342 κοινωνούντων.

389 4394 453 4448 γ·
500 4375 635 4451 Περὶ
660 4378 760 4431 τοῦ
811 4374 888 4448 μὴ
936 4370 1140 4430 διῖσθαι
1198 4368 1386 4438 δικῶν,
1439 4370 1531 4425 καὶ
1582 4372 1752 4425 ταῦτα
1804 4367 1893 4424 ἰπὶ
1919 4367 2052 4425 ἀπί-

503 4485 666 4523 στων.

395 4552 440 4609 δ’
479 4555 610 4630 Ηερὶ
639 4555 824 4629 γάμου
851 4551 943 4608 καὶ
972 4551 1206 4627 χηρείας
1232 4548 1323 4605 καὶ
1356 4547 1616 4624 ἀγαμίας.

392 4646 451 4700 ι’.
495 4644 624 4718 Περὶ
683 4641 944 4718 διαφορᾶς
1004 4637 1313 4714 ἐδεσμάτων
1347 4683 1362 4708 ,
1419 4636 1510 4693 καὶ
1571 4637 1793 4712 ἀποχῆς
1851 4633 2044 4710 δαιμο-

502 4737 656 4789 νικοῦ
687 4727 1050 4805 σεϐάσματος,

390 4829 456 4889 ς’.
499 4823 629 4898 Περὶ
660 4823 950 4898 σχήματος
979 4817 1192 4895 ἀνδρῶν
1251 4817 1342 4873 καὶ
1400 4819 1692 4894 γυναικῶν,
1746 4814 1800 4872 ἰν
1859 4815 2047 4893 εὐχαῖς

496 4918 588 4968 καὶ
617 4908 1000 4988 προφητείαις.

389 5003 454 5073 ζ.
485 5001 621 5079 Περὶ
644 4999 928 5062 κοινωνίας
960 5001 1317 5074 θεοπρεποῦς,
1349 4997 1414 5054 οὔ
1446 4995 1855 5070 πλησμονικῆς.

385 5191 438 5259 η“
477 5187 609 5263 Περὶ
694 5182 956 5263 διαφορᾶς
1047 5181 1430 5260 χαρισμὰτων,

494 5276 592 5332 αὖτ
597 5280 671 5332 ὧν
680 5320 694 5334 .

385 5368 452 5425 θ’.
492 5365 621 5443 Περὶ
648 5361 985 5427 ἀναστάσεως
1017 5382 1288 5438 σωματων
1319 5358 1642 5432 Ααθολικῆς.

2068 4887 2118 4954 D

1530 5179 1622 5237 καὶ
1723 5177 2042 5253 οἰκονομίας
2151 5188 2204 5244 8,

2176 2232 2438 2292 deditam
2495 2234 2556 2291 in
2591 2236 2775 2294 Deum
2811 2233 3156 2301 credidisse,
3191 2235 3478 2293 subornat
3507 2237 3834 2293 nonnullos

2169 2321 2381 2381 divites
2401 2340 2470 2381 ac
2501 2323 2890 2397 philosophos
2913 2324 3014 2396 qui
3047 2323 3207 2381 inter
3226 2340 3328 2381 eos
3358 2330 3552 2395 erant,
3582 2331 3640 2383 et
3668 2327 3826 2400 seip-

2167 2429 2264 2469 sos
2294 2413 2748 2476 constituerant,
2779 2419 2846 2473 ut
2869 2413 2931 2470 in
2963 2413 3373 2487 spiritualibus
3394 2417 3574 2471 rebus
3599 2417 3821 2488 populo

2165 2501 2597 2577 prmsiderent:
2632 2520 2748 2576 quo
2781 2503 3064 2576 deinceps
3094 2504 3338 2576 plurimi
3363 2521 3394 2560 e
3423 2504 3591 2579 vulgo
3622 2505 3820 2562 diviti-

2163 2590 2276 2648 bus
2307 2597 2592 2665 tanquam
2625 2592 2970 2666 potentibus
2992 2594 3425 2667 jungerentur:
3459 2594 3535 2652 ad
3555 2594 3819 2668 philoso-

2163 2681 2314 2756 phos
2345 2699 2478 2740 vero
2509 2682 2882 2749 accederent,
2916 2688 3203 2756 tanquam
3235 2684 3311 2740 ad
3342 2700 3443 2740 eos
3497 2685 3599 2757 qui
3632 2703 3812 2758 ιιι-ωδε

2160 2773 2386 2828 tantius
2415 2772 2645 2845 aliquid
2694 2772 2908 2831 docere
2967 2779 3211 2846 possent
3255 2790 3436 2846 supra
3481 2774 3813 2831 doctrinam

2159 2862 2466 2935 Apostoli:
2495 2868 2562 2920 ut
2593 2879 2660 2918 ex
2690 2865 2802 2918 hoc
2833 2862 3081 2919 dissidia
3109 2880 3179 2920 ac
3215 2868 3631 2920 contentiones
3662 2865 3816 2921 inter

2159 2950 2322 3022 ipsos
2352 2953 2773 3010 excitarentur.
2809 2953 3186 3024 Scripserunt
3237 2953 3438 3025 itaque
3495 2953 3680 3010 P-aulo
3713 2970 3817 3026 per

2160 3041 2570 3111 Fortunatum,
2618 3041 2982 3114 Stephanum
3017 3047 3077 3097 et
3103 3043 3426 3098 Achaicum
3482 3043 3554 3100 de
3589 3043 3814 3114 nuptiis

2159 3135 2218 3186 et
2282 3130 2667 3203 virginitate:
2729 3145 2836 3201 per
2889 3146 3039 3201 quos
3090 3130 3399 3202 rescripsit
3455 3131 3622 3203 ipsis,
3685 3137 3810 3186 tum

2157 3219 2230 3274 de
2262 3219 2375 3285 his,
2408 3225 2534 3276 tum
2567 3219 2639 3276 de
2661 3219 2817 3275 aliis.
2849 3220 3032 3275 misso
3065 3220 3242 3275 simul
3273 3220 3451 3276 etiam
3483 3219 3812 3277 Timotheo.

2157 3309 2446 3375 Quoniam
2479 3309 2658 3382 igitur
2686 3308 2897 3365 divites
2927 3326 2995 3366 ac
3025 3309 3365 3382 phiIOSOphi
3409 3326 3479 3365 ex
3528 3325 3812 3382 arrogan-

2157 3398 2242 3454 tia
2281 3397 2568 3472 populum
2626 3397 2972 3467 diviserant,
3021 3399 3375 3474 arrogantia:
3433 3398 3811 3457 affectionem

2159 3489 2318 3550 inter
2345 3491 2520 3549 initia
2546 3490 2808 3566 corrigit.

2232 3806 2388 3863 ιιο
2443 3807 2688 3866 ΡΜΜΔ
2743 3809 2882 3955 ΑΒο
2901 3807 3320 3866 CORINTHIOS
3381 3806 3743 3868 EPISTOLJ

2884 3899 3134 3955 APITA.

2884 3899 3134 3955 APITA.

2255 4014 2413 4081 Quod
2439 4029 2550 4070 non
2579 4019 2828 4087 oporteat
2855 4030 2891 4070 a
2917 4030 2974 4071 se
3001 4015 3237 4071 invicem
3269 4013 3530 4070 dissidere
3559 4013 3627 4069 ob
3657 4029 3811 4070 amo—

2265 4121 2381 4162 rem
2411 4104 2622 4176 gloria.
2655 4120 2777 4177 quae
2805 4105 2872 4160 de
2902 4104 3146 4161 humana
3174 4107 3250 4159 est
3275 4102 3572 4176 sapientia.

2255 4195 2521 4252 Adversus
2576 4203 2774 4267 stupra
2802 4201 2855 4252 et
2882 4196 3241 4252 scortationes
3277 4209 3342 4250 ac
3398 4208 3485 4252 eos
3542 4195 3643 4266 qui
3689 4210 3811 4250 cum

2268 4287 2356 4343 his
2365 4288 2733 4358 participant.

2253 4379 2411 4446 Quod
2437 4393 2550 4434 non
2577 4381 2831 4448 oporteat
2859 4375 3060 4434 habere
3089 4374 3210 4431 lites
3237 4389 3302 4431 ac
3311 4375 3555 4446 judicia.

2162 4016 2212 4072 1.

2158 4377 2212 4433 3.

2155 4559 2210 4614 ι.
2257 4563 2334 4613 De
2360 4559 2572 4629 nuptiis
2601 4563 2654 4612 et
2682 4557 2956 4613 viduitate
2981 4570 3046 4611 ac
3074 4554 3352 4612 calibatu.

2156 4649 2209 4703 5.
2251 4647 2330 4702 De
2378 4647 2700 4702 diversitate
2762 4645 3006 4702 ciborum
3078 4651 3134 4698 et
3187 4643 3523 4700 abstinentia
3577 4660 3613 4698 a
3657 4644 3812 4700 cultu

2262 4735 2589 4792 daemonum.

2248 4827 2326 4882 De
2354 4826 2581 4882 dissidio
2609 4823 2858 4880 uirorum
2880 4839 2944 4879 ac
2969 4821 3263 4878 mulierum
3309 4822 3371 4876 in
3392 4821 3808 4892 precationibus

2257 4923 2310 4972 et
2339 4915 2667 4987 prophetiis.

2249 5005 2318 5062 De
2359 5005 2849 5061 communicatione
2905 5016 3034 5075 qua
3089 5001 3184 5057 Dei
3239 4999 3476 5058 cultores
3532 4999 3722 5057 deceat
3750 5006 3808 5055 et

2257 5111 2368 5152 non
2397 5097 2470 5152 sit
2495 5095 2570 5151 ad
2597 5095 3109 5164 ingurgitationem.

2246 5189 2321 5244 De
2346 5188 2614 5243 varietate
2642 5185 2912 5241 donorum
2941 5198 3236 5255 eorumque
3263 5181 3694 5254 dispensatione.

2154 4827 2206 4882 6.

2151 5009 2202 5061 7.

2149 5363 2204 5416 9.
2245 5363 2324 5419 De
2353 5359 2654 5419 universali
2683 5374 2975 5432 corporum
3003 5356 3424 5416 resurrectione.
