4122 6454
263 460 388 526 639

1386 458 1749 524 (ΕΟΗΜΕΝ
1756 462 1816 522 II
1859 459 2167 525 ΤΒΙΟΟΕ
2209 462 2560 528 EPISOOPI

3569 461 3698 526 640

1102 700 1815 834 ΠΑΥΛΟΥ
1938 701 3030 840 ΛΠΟΣΤΟΛΟΥ

1909 938 2046 998 ΤΩΝ

697 1141 1020 1240 ΠΡΟΣ
1102 1141 1876 1241 ΚΟΡΙΝΘΙΟΥΣ
1959 1141 2696 1242 ΕΠΙΣΤΟΛΩΝ
2778 1140 3257 1245 ΠΡΩΤΗ.

1087 1504 1724 1659 PAULI
1889 1464 2895 1655 APOSTOLI

1797 1759 2147 1821 DUARUM

700 1903 874 2000 AD
961 1903 1718 2001 CORINTHIOS
1827 1903 2742 2006 EPISTOLARUM
2836 1903 3248 2002 PRIMA

799 2292 892 2347 41
910 2289 952 2347 τ
995 2290 1379 2351 ΡΒωΜῐΠΜ.

331 2382 371 2447 Ι,
400 2383 514 2436 1-3.
541 2403 572 2433 ‹‹
593 2381 813 2440 Paulus
829 2388 1068 2438 vocatus
1094 2382 1402 2456 Apostolus
1418 2382 1550 2439 Jesu
1575 2381 1791 2440 Christi
1814 2398 1921 2456 per

259 2492 289 2522 ιι
321 2471 684 2527 voluntatem
711 2472 813 2526 Dei
839 2477 899 2526 et
921 2471 1241 2528 Sosthenes
1267 2473 1470 2536 frater,
1504 2471 1783 2528 Ecclesiae
1816 2473 1921 2529 Dei

259 2579 291 2612 ‹‹
324 2577 456 2631 qua)
489 2566 579 2614 est
608 2560 870 2616 Corinthi
906 2562 1291 2618 sanctiﬁcatis
1331 2578 1438 2634 per
1493 2561 1796 2618 Christum
1825 2563 1921 2618 Je-

264 2669 294 2700 ‹‹
326 2665 456 2703 sum
489 2649 709 2705 vocatis
740 2651 986 2712 sanctis.
1015 2667 1139 2708 una
1186 2668 1320 2708 cum
1381 2651 1663 2710 omnibus
1695 2652 1796 2723 qui
1830 2651 1924 2708 in-

263 2759 295 2790 «
325 2745 535 2794 vocant
582 2755 802 2795 nomen
862 2740 1098 2796 Domini
1147 2741 1336 2796 nostri
1393 2742 1534 2797 Jesu
1583 2741 1826 2805 Christi,
1858 2741 1921 2797 in

265 2848 294 2881 «
329 2828 534 2899 quovis
557 2828 706 2891 loco,
743 2835 802 2883 et
832 2845 959 2896 suo,
980 2837 1256 2885 etnostro
1281 2847 1294 2885 :
1327 2831 1516 2902 gratia
1535 2830 1700 2886 vobis
1729 2835 1787 2887 et
1808 2847 1920 2903 pax

261 2936 292 2967 «
323 2932 358 2971 a
388 2917 506 2972 Deo
535 2919 710 2974 Patre
739 2925 945 2974 nostro
967 2924 1027 2974 et
1047 2919 1298 2976 Domino
1328 2919 1466 2978 Jesu
1494 2920 1746 2978 Christo.
1781 2941 1812 2973 »

330 3099 409 3152 Ex
442 3113 508 3153 eo
533 3097 690 3171 quod
713 3099 797 3154 sei
807 3115 980 3171 psum
1002 3099 1147 3156 dicit
1170 3106 1468 3167 vocatum,
1492 3101 1736 3167 corrigit
1762 3101 1919 3159 illos.

262 3185 378 3258 Ego
409 3186 556 3257 ipse,
591 3186 804 3258 inquit,
840 3204 961 3244 non
1005 3189 1286 3245 constitui
1337 3190 1633 3262 meipsum
1685 3196 1922 3262 aposto-

262 3274 411 3336 lum,
446 3281 503 3330 et
532 3275 832 3346 quomodo
862 3293 967 3334 vos
997 3277 1158 3350 ipsos
1189 3279 1555 3338 constituitis
1599 3285 1922 3351 prtecepto-

265 3364 409 3424 res?
430 3386 460 3416 «
492 3367 808 3437 Apostolus
838 3368 976 3426 Jesu
1006 3368 1246 3434 Christi,
1278 3390 1308 3419 »
1340 3371 1676 3440 Praeceptor
1731 3376 1924 3426 vester

267 3455 532 3510 Christus
567 3462 676 3521 est,
707 3457 926 3528 inquit,
976 3475 1083 3513 cur
1141 3459 1419 3514 homines
1475 3458 1702 3516 fecistis
1757 3459 1923 3515 vobis

265 3551 664 3617 prwceptores
692 3545 719 3599 ’ἲ
750 3567 781 3597 ‹‹
813 3547 924 3601 Per
951 3546 1318 3604 voluntatem
1355 3549 1477 3603 Dei.
1514 3567 1544 3598 »
1601 3549 1672 3603 Et
1716 3548 1831 3604 hoc
1859 3553 1926 3603 ut

1949 2293 2004 2362 Α

2653 2294 3059 2355 ΠΡΟΟΙΜΙΟΝ.

2106 2382 2324 2448 Παῦλος
2386 2383 2594 2454 κλητὸς
2687 2383 2996 2449 ἀποστολος
3064 2387 3246 2456 Ἰησοῦ
3306 2387 3544 2459 Χριστοῦ
3601 2382 3696 2441 διὰ

2031 2470 2349 2546 θελήματος
2432 2477 2569 2530 Θεοῦ
2602 2518 2616 2542 ,
2702 2474 2795 2530 καὶ
2871 2477 3157 2547 Σωσθένης
3216 2477 3245 2532 ὁ
3296 2472 3563 2556 ἀδελφὸς,
3621 2478 3694 2550 τῇ

2033 2561 2338 2636 Ἐκκλησία
2395 2568 2495 2619 τοῦ
2555 2567 2694 2620 Θεοῦ
2761 2568 2830 2638 τῇ
2889 2562 3022 2641 οὔσῃ
3077 2565 3128 2620 ἐν
3193 2565 3464 2639 Κορίνθῳ,
3524 2567 3700 2642 ἡγια-

2028 2651 2252 2727 σμένοις
2336 2651 2389 2709 ὲν
2479 2659 2698 2728 Χριστῳ
2774 2655 2959 2724 Ἰησοῦ
3035 2653 3269 2723 κλητοῖς
3357 2653 3537 2732 ἁγίοις
3599 2652 3697 2710 σὺν

2032 2747 2166 2799 πᾶσι
2250 2748 2367 2804 τοῖς
2451 2740 2917 2816 ἐπικαλουμένοις
2989 2744 3052 2798 τὸ
3111 2739 3287 2818 ὄνομα
3331 2748 3430 2799 τοῦ
3491 2743 3692 2820 Κυρίου

2028 2835 2190 2905 ἡμῶν
2261 2834 2444 2905 Ἰησοῦ
2530 2835 2769 2907 Χριστοῦ
2855 2832 2907 2886 ἂν
2962 2832 3125 2888 παντὶ
3162 2834 3344 2906 τόπῳ,
3407 2831 3581 2888 αὐτῶν
3633 2853 3696 2887 τε

2025 2921 2117 2976 καὶ
2176 2923 2361 2994 ἡμῶν,
2412 2920 2576 2996 χάρις
2635 2920 2766 2994 ὑμῖν
2817 2921 2906 2976 καὶ
2958 2922 3151 2993 εἶρήνη
3213 2922 3320 2978 ἀπὸ
3379 2924 3515 2979 Θεοῦ
3574 2922 3692 2980 H1-

2025 3011 2154 3086 τρὸς
2183 3012 2344 3084 ἡμῶν
2373 3012 2460 3066 καὶ
2496 3011 2698 3084 Κυρίου
2725 3011 2910 3078 Ἰησοῦ
2943 3014 3199 3086 Χριστοῦ.

2099 3101 2196 3157 Ἐκ
2249 3103 2346 3156 τοῦ
2400 3099 2608 3169 κλητὸν
2668 3099 2854 3156 ἑαυτὸν
2907 3098 3157 3168 καλέσαι,
3217 3096 3532 3175 διορθοῦται
3588 3099 3695 3155 αὐ·-

2027 3189 2176 3252 τούς.
2219 3189 2366 3268 Ἐγὼ
2397 3188 2577 3254 αὐτὸς.
2611 3189 2799 3262 φησῖν,
2843 3190 2946 3246 οὐκ
3001 3188 3532 3269 αὖτοχειροτόνητός
3572 3188 3694 3261 εἶμι

2028 3276 2358 3348 ἀπόστολος,
2417 3277 2508 3332 καὶ
2562 3281 2679 3337 πῶς
2740 3277 2896 3349 ὑμεῖς
2953 3276 3477 3354 αὐτοχειροτόνῃτοι
3536 3273 3698 3334 διδέ-

2029 3365 2227 3423 σκαλοι
2260 3386 2272 3433 ;
2309 3389 2337 3417 ‹‹
2370 3364 2708 3427 ’Λπόστολος
2740 3366 2924 3436 Ἰησοῦ
2960 3369 3215 3432 Χριστοῦ.
3250 3387 3279 3417 ››
3338 3367 3399 3424 '0
3433 3363 3694 3422 διδάσκα-

2028 3454 2128 3519 λος
2157 3456 2335 3530 ὑμῶν,
2362 3455 2594 3527 Χριστός
2624 3452 2759 3521 ἐστι,
2792 3454 2949 3527 φησί,
2984 3455 3036 3509 τί
3071 3454 3392 3526 ἀνθρώπους
3426 3454 3691 3526 ἐποιήσα-

2026 3565 2086 3600 τε
2118 3545 2271 3617 ὑμῶν
2299 3539 2663 3606 διδασκάλους
2694 3561 2710 3612 ;
2758 3567 2786 3594 σι
2820 3543 2926 3602 Καὶ
2972 3547 3135 3599 τοῦτο
3188 3540 3411 3616 θίλημα
3469 3548 3626 3600 Θεοῦ.
3661 3567 3693 3596 κ

265 3632 539 3690 voluntas
577 3634 673 3689 Dei
707 3652 813 3705 per
841 3651 953 3690 nos
983 3636 1285 3707 apostolos
1316 3636 1760 3707 prmdicaretur.
1796 3658 1827 3687 α
1856 3638 1921 3692 Ει

2036 3635 2113 3689 Δι’
2171 3636 2334 3708 ἡμῶν
2392 3634 2751 3709 κηρύσσεσθαι
2805 3638 2913 3689 τῶν
2970 3633 3314 3693 ἀποστόλων.
3373 3658 3400 3685 ‹‹
3437 3635 3541 3692 Καὶ
3575 3640 3693 3690 Σω-

268 3723 609 3778 Sostlienos.
647 3744 674 3773 »
709 3723 1012 3796 Siquidem
1053 3741 1128 3780 ne
1162 3724 1534 3781 arbitremini
1567 3726 1722 3782 418
1766 3727 1923 3798 quod

268 3812 564 3869 vindicata
592 3814 737 3869 mihi
792 3814 902 3886 ipsi
937 3815 1190 3871 docendi
1233 3815 1541 3889 dignitate,
1570 3833 1672 3873 vos
1705 3833 1924 3890 purga-

271 3909 439 3960 turus
465 3904 696 3959 veniam
729 3921 762 3960 a
792 3909 1024 3959 tumore
1054 3905 1155 3976 qui
1187 3905 1324 3960 inde
1364 3907 1675 3976 provenire
1723 3907 1876 3962 solet
1908 3925 1921 3963 :

272 4008 408 4048 ecce
440 3999 496 4048 et
521 3993 871 4050 Sosthenem
903 3994 1052 4050 mihi
1089 3995 1199 4066 ipsi
1245 3996 1542 4068 conjungo
1581 4012 1650 4052 ac
1680 3996 1924 4050 fratrem

270 4085 530 4156 appello,
572 4091 632 4142 et
653 4101 775 4142 una
820 4101 956 4142 cum
987 4086 1116 4157 ipso
1149 4085 1366 4147 scribo,
1402 4102 1532 4157 quae
1591 4102 1728 4141 mea
1788 4092 1928 4141 sunt

269 4174 740 4229 communicans.
786 4176 904 4228 Cur
933 4175 1112 4247 igitur
1140 4174 1305 4229 vobis
1335 4173 1561 4230 obsisto
1591 4175 1617 4229 ?
1645 4174 1795 4240 Quia
1818 4190 1922 4230 no-

270 4263 432 4319 civus
462 4267 549 4318 est
581 4261 743 4316 vobis
774 4268 971 4319 tumor
1026 4261 1099 4316 ob
1141 4261 1472 4318 doctrinam
1508 4269 1769 4321 exortus.
1830 4263 1925 4317 Et-

271 4352 431 4409 enim
465 4367 599 4408 cum
631 4349 783 4405 nihil
815 4349 979 4405 vobis
1011 4351 1218 4422 prosit.
1250 4367 1350 4405 eos
1369 4350 1550 4406 etiam
1574 4351 1672 4422 qui
1695 4350 1926 4406 obtem-

269 4445 483 4513 perant
503 4455 535 4494 a
562 4438 833 4494 doctrina
858 4453 1004 4494 sana
1020 4438 1296 4494 aberrare
1330 4439 1488 4505 facit,
1523 4445 1580 4494 et
1610 4455 1928 4496 commune

274 4528 482 4584 dividit
511 4527 787 4584 Ecclesiae
818 4544 1052 4599 corpus.
1115 4549 1145 4579 «
1175 4529 1397 4584 Frater.
1430 4549 1460 4579 »
1509 4529 1592 4584 Ex
1638 4529 1929 4586 modestia

275 4635 404 4675 sese
431 4617 707 4673 Sostheni
734 4618 866 4689 conj
880 4619 1067 4691 ungit.
1097 4639 1126 4668 «
1158 4618 1436 4674 Ecclesia:
1470 4619 1593 4676 Dei.
1629 4639 1657 4670 ››
1680 4619 1845 4684 Quod
1875 4621 1925 4676 si

274 4709 373 4766 Dei
406 4707 668 4764 Ecclesia
699 4710 863 4774 estis,
893 4725 1009 4779 quo
1041 4715 1207 4780 pacto
1241 4725 1338 4764 vos
1365 4709 1526 4780 ipsos
1583 4708 1926 4766 hominibus

272 4799 619 4855 addixistis:
663 4821 691 4848 «
751 4798 1148 4855 Sanctificatis
1202 4815 1308 4870 per
1365 4799 1748 4856 Christum.»
1808 4800 1925 4854 Hoc

273 4896 380 4948 est.
417 4890 645 4945 lavacro
679 4896 739 4945 et
767 4888 884 4945 fide
924 4888 1164 4954 Christi,
1199 4905 1320 4944 non
1353 4905 1460 4961 per
1490 4905 1590 4944 eos
1618 4889 1719 4959 qui
1762 4904 1926 4945 nunc

274 4985 414 5034 sunt
440 4979 606 5038 vobis
645 4984 1062 5050 prmeeptores.
1116 4999 1146 5027 «
1180 4978 1410 5033 Vocatis
1442 4979 1685 5033 sanctis.
1716 4998 1744 5027 »
1779 4978 1924 5032 Nam

274 5067 464 5123 ethoc
513 5069 707 5138 ipsum
742 5066 902 5138 quod
932 5083 1031 5122 vos
1084 5066 1458 5122 credideritis
1488 5082 1610 5121 non
1668 5071 1924 5120 vestrum

275 5163 383 5220 est,
417 5157 522 5212 sed
548 5173 582 5210 a
613 5157 728 5210 Deo
759 5157 944 5211 vocati
997 5156 1140 5212 estis
1197 5155 1272 5211 ad
1303 5155 1504 5211 fidem.
1535 5176 1562 5206 «
1615 5155 1742 5212 Una
1789 5170 1924 5210 cum

273 5247 550 5302 omnibus
579 5247 680 5316 qui
713 5246 1005 5302 invocant.
1041 5266 1070 5295 »
1101 5247 1228 5301 Non
1266 5246 1459 5300 solum
1499 5244 1663 5300 vobis
1721 5244 1925 5299 Corin-

271 5337 435 5394 thiis,
470 5335 684 5405 inquit,
707 5335 897 5408 gratia
926 5341 986 5390 et
1011 5352 1147 5408 pax,
1183 5335 1286 5390 sed
1315 5351 1439 5392 una
1468 5351 1603 5390 cum
1648 5333 1924 5389 omnibus

272 5426 370 5496 qui
408 5425 682 5479 invocant
711 5426 1007 5480 Christum
1048 5425 1109 5480 in
1142 5441 1499 5496 quocunque
1541 5423 1670 5479 loco
1698 5430 1800 5479 aut
1837 5423 1926 5477 illi

273 5520 534 5572 suntaut
562 5531 662 5569 vos
695 5514 855 5569 estis.
906 5545 973 5554 —
1008 5515 1198 5570 Aliud.
1258 5516 1554 5579 Quantum
1605 5512 1689 5567 illi
1749 5516 1925 5568 etiam

274 5607 432 5662 intir
479 5621 541 5659 se
600 5603 990 5670 dissidebant,
1053 5608 1281 5659 tantum
1349 5604 1476 5675 ipse
1532 5601 1932 5658 contendebat

279 5713 378 5753 eos
410 5696 529 5751 illis
561 5710 798 5766 quoque
831 5694 1190 5765 conjungere
1222 5694 1318 5766 qui
1352 5694 1556 5766 procul
1589 5693 1927 5748 distabant:

281 5785 414 5843 ideo
454 5792 764 5860 optaturus
814 5785 897 5841 eis
940 5783 1190 5858 gratiam
1222 5790 1282 5840 et
1309 5799 1517 5857 pacem
1557 5801 1592 5841 a
1622 5785 1763 5855 Deo,
1797 5799 1930 5841 cum

2033 3724 2242 3794 σθένης.
2279 3746 2306 3774 η
2339 3725 2426 3792 Μὴ
2468 3723 2567 3796 γὰρ
2624 3722 2886 3795 νομίσητε
2939 3723 3022 3778 ὅτι
3083 3721 3304 3797 ἐμαυτῷ
3359 3723 3694 3800 περιποιοιί-

2034 3833 2192 3886 μενος
2217 3813 2282 3868 τὸ
2309 3815 2404 3880 τῆς
2435 3810 2789 3873 διδασκαλίας
2819 3811 3034 3886 ἀξίωμα
3084 3813 3223 3886 ὑμᾶς
3279 3810 3472 3886 μέλλω
3501 3816 3694 3870 καθαι-

2032 3908 2142 3978 ρεῖν
2165 3907 2265 3970 τῆς
2297 3901 2383 3956 ἐπὶ
2425 3901 2604 3974 τούτῳ
2665 3902 2999 3978 φυσιώσεως.
3063 3897 3206 3957 Ἰδοὺ
3262 3901 3367 3977 γὰρ
3420 3901 3512 3955 καὶ
3567 3907 3696 3956 Σω-

2031 3989 2220 4063 σθένην
2277 3990 2496 4063 ἰμαυτῷ
2555 3991 2828 4048 συντάττω
2882 3992 2971 4046 καὶ
3026 3987 3263 4068 ἀδελφὸν
3331 3996 3484 4046 καΛῶ
3516 4031 3533 4056 ,
3591 3991 3689 4046 καὶ

2031 4081 2124 4138 συν
2181 4081 2328 4153 αὐτῷ
2359 4078 2690 4150 ἐπιστέλλω,
2752 4080 3245 4154 κοινοποιούμενος
3276 4081 3342 4135 τὰ
3373 4079 3496 4141 ἐμά.
3532 4080 3686 4136 Διατί

2033 4169 2124 4226 οὗν
2159 4170 2302 4243 ὑμᾶς
2354 4167 2648 4245 ἑγκόπτω;
2704 4170 2826 4229 “Ott
2857 4164 3153 4232 ἐπιϐλαὸἑς
3187 4170 3336 4243 ὑμῶν
3367 4168 3429 4224 τὸ
3489 4167 3583 4224 ἐπὶ
3613 4172 3687 4243 τῇ

2035 4255 2395 4329 ὂιδοασκαλίᾳ
2446 4257 2710 4335 φύσημα.
2769 4259 2934 4331 Ὑμᾶς
2982 4279 3040 4313 τε
3093 4259 3195 4334 γὰρ
3244 4255 3396 4314 οὐδὶν
3453 4257 3693 4328 ὀνίνησι,

2033 4349 2163 4411 τούς
2195 4370 2256 4404 τε
2285 4347 2643 4423 πειθομένους
2673 4348 2914 4420 ἐξίστησι
2967 4356 3070 4418 τῆς
3129 4349 3481 4424 ὑγιαινούσης
3538 4345 3696 4405 διδα-

2038 4437 2288 4508 σκαλίας,
2319 4440 2406 4494 καὶ
2443 4439 2712 4495 τὸκοινόν
2764 4439 2972 4512 μερίζει
3011 4445 3113 4510 τῆς
3143 4438 3472 4506 Ἐκκλησίας
3510 4443 3696 4512 σῶμα,

2038 4553 2068 4583 κ
2100 4531 2162 4588 'O
2219 4525 2473 4607 ἀδελφός.
2517 4551 2547 4581 »
2601 4527 2751 4586 Κατὰ
2809 4527 3139 4604 μετριότητα
3191 4530 3448 4585 συνάπτει
3507 4528 3698 4584 ἑαυτὸν

2037 4617 2325 4682 Σωσθένει.
2378 4621 2513 4691 «Τῇ
2567 4613 2873 4688 Ἐκκλησία
2919 4620 3018 4672 τοῦ
3075 4621 3209 4672 Θεοῦ
3274 4640 3302 4668 ››
3363 4615 3422 4672 Εἰ
3477 4614 3534 4672 δὲ
3564 4621 3702 4672 Θεοῦ

2035 4709 2154 4766 ἐστε
2193 4706 2514 4775 Ἐκκλησία,
2549 4710 2666 4767 πῶς
2716 4706 3020 4774 ἀνθρώποις
3073 4707 3297 4770 ἑαυτοὺς
3334 4706 3698 4781 προσενείμα-

2032 4820 2092 4855 τε
2122 4820 2136 4868 ;
2171 4821 2201 4849 «
2232 4794 2612 4871 Ἦγιασμὲνοις
2640 4792 2692 4850 ἐν
2757 4799 2997 4867 Χριστῷ.
3031 4819 3058 4847 »
3121 4798 3217 4864 Τῷ
3247 4793 3467 4869 λουτρῷ
3507 4797 3596 4850 καὶ
3625 4799 3699 4870 τῇ

2034 4887 2505 4959 πίστειΧριστοῦ,
2540 4882 2601 4939 οὐ
2652 4880 2742 4938 διὰ
2794 4888 2901 4938 τῶν
2953 4888 3044 4938 νῦν
3107 4884 3262 4956 ὑμῶν
3324 4881 3699 4942 διδασκάλων.

1965 5001 2066 5079 Ca
2129 4974 2369 5045 Κλητοῖς
2428 4973 2625 5049 ἁγίοις.
2660 4996 2687 5026 ››
2749 4974 2854 5032 Καὶ
2906 4973 3036 5029 αὐτὸ
3116 4974 3216 5049 γὰρ
3295 4974 3357 5029 τὸ
3410 4978 3698 5029 πιστεῦσαι

2043 5067 2058 5079 .
2117 5072 2143 5079 _
2277 5066 2289 5079 .
2381 5065 2395 5079 .
2460 5062 2470 5079 .
2700 5061 2817 5079 μη.
2859 5061 2872 5079 .
2931 5062 2943 5078 .
3014 5069 3044 5079 Α
3115 5068 3140 5079 -
3283 5063 3295 5079 .
3421 5065 3434 5079 .
3561 5064 3572 5079 .

2038 5067 2198 5138 ὑμᾶς,
2233 5066 2344 5140 οὐχ
2375 5062 2658 5136 ὑμέτερον,
2687 5061 2817 5117 ἀλλ’
2846 5061 2953 5117 ἀπὸ
3009 5068 3144 5118 Θεοῦ
3197 5063 3336 5138 πρὸς
3375 5065 3475 5132 τήν
3510 5064 3700 5118 πίστιν

2035 5155 2329 5226 ἐκλήθητε.
2371 5179 2390 5204 ι
2428 5152 2533 5209 Σὺν
2562 5158 2694 5208 πᾶσι
2738 5156 2856 5214 τοῖς
2916 5150 3395 5226 ἐπικαλουμένοις.
3427 5176 3456 5205 ››
3487 5153 3564 5212 Οὐ
3599 5153 3703 5227 μό-

2032 5267 2123 5301 νον
2156 5245 2284 5317 ὑμῖν
2333 5248 2448 5304 τοῖς
2499 5243 2828 5316 Κορινθίοις,
2888 5243 3044 5318 φησὶ,
3107 5245 3272 5320 χάρις
3330 5243 3422 5299 καὶ
3479 5242 3702 5320 εῗρήνη,

2035 5333 2181 5392 ἀλλὰ
2221 5333 2316 5390 σῦν
2373 5338 2506 5390 πᾶσι
2561 5337 2678 5395 τοῖς
2733 5329 3192 5404 ἑπικαλουμένοις
3247 5333 3340 5390 τὸν
3378 5334 3616 5407 Χριστὸν
3648 5330 3706 5390 ἐν

2037 5421 2347 5496 οἱῳδήποτε
2377 5422 2552 5494 τόπῳ,
2613 5422 2664 5476 ἐν
2696 5422 2744 5496 ᾧ
2800 5420 2934 5476 εἴσιν
2994 5419 3195 5476 ἐκεῖνοί
3256 5443 3317 5479 τε
3364 5421 3457 5478 καὶ
3512 5423 3704 5495 ὑμεῖς.

2035 5547 2107 5558 —-
2125 5511 2330 5569 ’¹Αλλο.
2360 5513 2518 5566 Ὅσον
2542 5509 2741 5566 ἐκεῖνοι
2757 5511 2877 5565 κατ’
2892 5507 3159 5581 ἀλλήλων
3184 5508 3552 5592 διεσχίζοντο,
3575 5531 3708 5567 τοσ-

2040 5602 2194 5659 οῦτον
2239 5600 2398 5663 αὐτὸς
2456 5598 2782 5677 ἐφιλονείκει
2839 5599 2932 5654 καὶ
2989 5605 3106 5663 τοῖς
3165 5601 3356 5676 πόρῥω
3414 5600 3700 5657 συνάπτειν

2041 5692 2256 5756 αὐτούς,
2320 5691 2413 5746 Διὸ
2475 5687 2695 5762 μὲλλων
2751 5686 2937 5750 αὐτοῖς
2993 5696 3336 5768 προσφωνεῖν
3386 5691 3484 5760 τήν
3538 5691 3704 5767 χάριν

2040 5782 2130 5840 καὶ
2160 5784 2260 5853 τὴν
2287 5782 2508 5859 εἰρήνην
2533 5785 2631 5847 τῆν
2665 5777 2772 5832 ἀπὸ
2803 5782 2961 5850 Θεοῦ,
2991 5780 3083 5834 καὶ
3137 5779 3329 5851 εἰπὼν,
3391 5804 3420 5835 κ
3453 5777 3699 5850 κλητοῖς
