4122 6372
321 354 436 415 641

1437 344 1850 409 COMMENT.
1895 340 1970 401 ΙΝ
2019 337 2271 401 EPIST.
2317 338 2422 399 AD
2468 339 2650 402 ROM.

321 484 528 560 ἁγίους,
559 509 586 535 »
617 483 810 540 αὐτίκα
841 485 1065 556 συνῆψε.
1119 506 1146 534 ιι
1206 482 1310 537 Σὺν
1368 486 1497 534 πᾶσι
1545 483 1661 539 τοῖς
1692 474 1983 531 ἐπικαλου·

2115 473 2345 528 iixisset
2375 495 2403 523 «
2441 474 2671 529 Vocatis
2702 476 2938 535 sanctis.
2965 495 2992 526 ιι
3028 477 3298 549 protinus
3347 479 3756 554 conjungendi

323 573 538 650 μένοις.
578 597 602 628 ι
649 573 742 630 καὶ
797 573 940 643 ὶξῆς.
973 571 1076 630 Καὶ
1133 572 1287 644 ὑμῖν,
1346 571 1503 642 φησί,
1560 567 1650 624 καὶ
1710 565 1984 638 σύμπασιν

317 663 412 735 εἴη
438 667 475 734 ἡ
507 663 618 720 ἀπὸ
650 667 786 719 Θεοῦ
816 662 907 717 καὶ
944 661 1154 737 ΙΙατρὸς
1195 660 1358 735 χάρις
1415 656 1508 714 καὶ
1557 657 1768 732 εἰρήνη.
1813 679 1841 707 ιι
1875 652 1986 709 Αὖ-

318 760 432 810 τῶν
466 774 525 809 τε
549 753 638 809 καὶ
669 755 855 825 ἡμῶν.
893 779 915 806 ι
947 748 1176 819 Ἐπειδή
1212 749 1404 818 εἰπὼν,
1434 773 1462 800 ‹‹
1527 747 1630 801 Σὺν
1691 749 1821 799 πᾶσι
1865 747 1983 803 τοῖς

317 843 784 916 ἐπικαλουμένοῖς
815 843 877 897 τὸ
911 839 1088 912 ὄνομα
1115 843 1213 894 τοῦ
1247 837 1466 912 Κυρίου,
1497 862 1524 890 ››
1557 836 1793 912 ἐπήγαγε
1819 830 1982 906 μόνον

314 935 408 1005 τὸ,
446 960 472 982 σι
506 934 714 1004 Ἦμῶν,
770 954 792 984 ι
857 927 1343 1004 ἐπιδιορθοῦμενος
1399 928 1490 982 καὶ
1543 923 1751 988 δεικνὺς
1803 921 1984 977 κοινὸν

318 1025 490 1081 αὐτὸν
526 1023 728 1099 Κύριον
757 1021 848 1078 καὶ
909 1022 1184 1090 Δεσπότην
1244 1019 1494 1074 ἁπάντων
1556 1017 1702 1084 ὂντα,
1761 1009 1988 1086 προστί-

314 1118 512 1185 Θησιν,
548 1139 573 1165 ιι
608 1112 800 1170 Αὐτῶν
830 1110 1002 1167 τεκαὶ
1029 1113 1214 1182 ἡμῶν.
1256 1135 1276 1159 ι
1342 1108 1405 1165 Εἰ
1465 1104 1523 1162 δὲ
1583 1105 1766 1166 κοινὸς
1817 1099 1988 1156 ἀπάν-

311 1226 432 1259 των
497 1202 717 1277 Κῦριος,
774 1201 866 1256 καὶ
927 1199 990 1256 οῦ
1049 1199 1210 1272 μόνον
1283 1201 1468 1272 ἡμῶν,
1528 1193 1677 1250 ἀλλὰ
1731 1193 1820 1248 καὶ
1875 1193 1982 1247 τῶν

310 1296 665 1369 ἁπανταχοῦ,
696 1291 748 1347 τί
781 1291 1086 1367 σχιζόμεθα
1117 1287 1408 1360 ἀλλήλων,
1440 1287 1531 1342 καὶ
1583 1287 1684 1354 τήν
1713 1285 1900 1354 κοινήν
1937 1282 1986 1354 ἐξ

309 1385 399 1440 ὧν
456 1384 712 1456 τὲμνεσθε
767 1376 1190 1454 καθυϐρίζοντες
1249 1379 1582 1455 κυριότητα,
1639 1377 1842 1449 ἕτεροις
1895 1373 1985 1428 καὶ

310 1473 532 1548 ἕτεροις
563 1471 788 1533 ἑαυτοὺς
819 1469 1102 1543 διανεμετε
1133 1490 1148 1541 ;
1184 1493 1214 1522 ιι
1273 1469 1378 1527 Καὶ
1441 1467 1632 1542 εἰρήνη
1695 1465 1800 1521 ἀπὸ
1853 1468 1990 1520 Θεοῦ

313 1563 558 1639 Πατρός.
593 1586 622 1615 ››
649 1561 714 1620 Τί
749 1559 830 1626 δὲ,
860 1561 1044 1641 φησὶν,
1093 1560 1130 1630 ἢ
1184 1559 1325 1633 πρὸς
1354 1554 1518 1613 τόνδε
1569 1553 1891 1628 εἴρηνεύετε,

310 1653 431 1709 ἀπὸ
458 1650 617 1708 τοῦδε
643 1653 810 1731 χάριν
843 1646 1000 1708 altera
1033 1669 1048 1720 ;
1083 1650 1248 1726 Ἐγὼ,
1300 1648 1456 1728 φησὶ,
1512 1651 1687 1702 ταῦτα
1717 1644 1824 1699 ἀπὸ
1855 1646 1990 1698 Θεοῦ

315 1744 458 1816 ὑμῖν
489 1729 729 1817 εὔχομαι
755 1742 1022 1816 γενεσθαι.
1056 1738 1363 1796 Αίνίττεται
1411 1734 1490 1806 ὃὶ,
1549 1734 1676 1797 τοὺς
1735 1729 1988 1789 διδασκά-

315 1831 458 1892 λους
489 1828 665 1884 αὐτῶν
685 1828 1118 1901 καθαπτόμενος.

405 2091 738 2168 Εὐχαριστῶ
765 2094 846 2146 τῶ
875 2094 992 2146 Θεῶ
1026 2109 1131 2162 μου
1162 2090 1395 2144 πάντοτε
1423 2086 1548 2164 περῖ
1593 2089 1769 2160 ὑμῶν,
1807 2085 1893 2142 ἐπὶ
1919 2088 1990 2159 τῇ

319 2182 521 2258 χάριτι
548 2181 645 2236 τοῦ
675 2184 812 2236 Θεοῦ
839 2183 908 2253 τῇ
942 2177 1159 2254 Ξοθείση
1210 2179 1340 2251 ὑμῖν
1395 2177 1448 2233 ἰν
1504 2181 1727 2251 Χριστῶ
1781 2178 1989 2246 Ἰησοῦ,

332 2271 423 2326 ὅτι
459 2273 511 2325 ἐν
541 2268 700 2326 παντὶ
731 2267 1134 2339 ἐπλουτίσθητε
1163 2266 1214 2322 ἐν
1247 2267 1418 2338 αὐτῶ,
1449 2265 1501 2321 ἂν
1533 2266 1692 2322 παντὶ
1727 2263 1876 2338 λόγῳ
1901 2260 1992 2318 καί

321 2361 478 2434 πάσῃ
501 2364 723 2434 γνώσει,
755 2357 936 2420 καθὼς
963 2359 1025 2412 τὸ
1080 2356 1373 2432 μαρτύριον
1432 2359 1530 2411 τοῦ
1581 2357 1813 2431 Χριστοῦ
1871 2346 1991 2407 ἐϐε-

324 2445 550 2520 ϐαιώθη
581 2448 633 2504 ἓν
670 2450 823 2519 ὑμῖν.

405 2540 425 2614 [
461 2566 487 2589 «ι
511 2536 862 2617 Εὐχαρίστῶ.
899 2535 1340 2615 »]Εὐχαρίστους
1371 2535 1510 2591 εἶναι
1539 2535 1688 2606 ἡμᾶς
1704 2529 1993 2602 παιδεύων,

331 2631 389 2685 ἐν
417 2629 565 2702 πάσῃ
593 2625 896 2700 Ἐπιστολῇ
924 2631 1085 2681 τοῦτο
1115 2626 1350 2696 τίθησιν.
1386 2648 1415 2676 ‹‹
1457 2626 1552 2681 Τὼ
1579 2627 1694 2678 Θεῶ
1720 2642 1880 2696 μου.»
1903 2622 1997 2677 Ἐκ

330 2713 559 2787 πολλῆς
589 2713 896 2792 ἀγάπης-,τὸ
927 2715 1108 2770 κοινὸν
1133 2711 1274 2770 ἴδιον
1311 2719 1603 2769 ποιεῖται.‹‹
1635 2711 1756 2766 Ἐπὶ
1786 2715 1855 2786 τῇ
1887 2709 1996 2785 χά-

337 2828 451 2884 ριτι
477 2809 574 2861 τοῦ
608 2808 763 2862 Θεοῦ.
804 2830 824 2855 ι
863 2803 1013 2878 Μέγα
1043 2803 1296 2884 ἐφρόνουν
1321 2800 1410 2858 ἐπὶ
1466 2807 1583 2864 τοῖς
1636 2800 1996 2874 χαρίσμασιν.

339 2894 647 2953 Δίνίττεται
683 2891 798 2948 οῦνο
860 2892 922 2950 Εἰ
985 2893 1086 2948 οὐκ
1138 2891 1189 2962 ἐξ
1248 2889 1465 2946 οἰκείων
1527 2889 1996 2964 κατορθωμάτων,

333 2986 482 3042 ἀλλὰ
512 2989 584 3059 τῇ
615 2989 713 3040 τοῦ
746 2987 990 3058 Χριστοῦ
1022 2980 1198 3058 δωρεᾷ
1226 2982 1290 3037 τὸ
1321 2983 1570 3056 χάρισμα
1627 2977 1911 3052 ε’λήφατε,
1942 2971 1994 3032 τί

338 3078 474 3150 μέγα
505 3080 758 3155 φρονεῖτε
793 3094 808 3143 ς
845 3097 875 3126 ιι
910 3073 998 3130 Ἐν
1034 3076 1250 3149 Χριστῶ
1285 3074 1466 3155 Ἰησοῦ
1521 3092 1552 3123 ››
1581 3068 1664 3143 Τῇ
1724 3067 1814 3123 διὰ
1864 3073 2000 3155 Χρι-

336 3168 484 3222 στοῦ.
518 3152 622 3217 Διά
653 3163 895 3234 Χριστοῦ
951 3160 1053 3234 γὰρ
1113 3159 1141 3214 ὁ
1205 3160 1390 3232 Πατὴρ
1445 3154 1695 3212 δέδωκεν.
1730 3178 1760 3208 ιι
1794 3157 1878 3211 Ἐν
1904 3152 2000 3208 αὐ-

2011 1861 2060 1928 Β

2101 563 2405 636 subjunxit
2439 581 2452 618 :
2482 586 2510 614 «
2544 564 2688 620 Cum
2743 567 3016 623 omnibus
3070 569 3171 640 qui
3213 570 3509 634 invocant,
3546 594 3573 620 n
3633 578 3749 628 etc.

2098 653 2166 708 Et
2221 652 2406 719 vobis,
2455 653 2670 725 inquit,
2729 659 2788 710 et
2845 656 3136 713 universis
3194 660 3269 714 sit
3319 677 3352 716 a
3410 662 3526 717 Deo
3580 663 3752 716 Patre

2094 743 2283 814 gratia
2310 748 2369 798 et
2401 759 2531 814 pax.
2580 767 2606 792 ‹‹
2642 745 2711 799 Et
2751 761 2879 809 suo,
2951 752 3008 802 et
3063 752 3286 803 nostro.
3350 771 3378 798 »
3461 750 3752 815 Quoniam

2094 831 2195 886 ubi
2223 833 2488 897 dixisset,
2518 858 2537 881 ι
2571 835 2716 889 Cum
2750 835 3024 891 omnibus
3073 838 3173 907 qui
3235 838 3505 895 invocant
3534 855 3756 895 nomen

2095 921 2351 980 Domini.
2379 944 2406 972 ››
2435 922 2787 992 adiunxerat
2817 931 3046 980 tantum
3069 925 3328 987 «Nostri,
3356 951 3376 979 δ
3395 927 3754 1000 tanquamid

2096 1011 2396 1082 corrigens
2455 1019 2514 1068 et
2589 1014 2906 1071 ostendens
2957 1032 3336 1073 communem
3421 1018 3614 1090 ipsum
3697 1023 3758 1074 et

2097 1106 2449 1157 cunctorum
2500 1118 2628 1158 esse
2664 1104 2980 1160 Dominum
3031 1111 3090 1161 et
3121 1106 3492 1177 magistrum,
3549 1108 3756 1163 addit:

2101 1209 2128 1240 α
2158 1189 2227 1245 Et
2257 1206 2384 1255 suo,
2419 1195 2478 1246 et
2502 1197 2723 1247 nostro.
2763 1217 2784 1244 ι
2825 1192 2991 1258 Quod
3024 1194 3072 1249 si
3107 1195 3441 1251 communis
3489 1197 3760 1250 omnium

2097 1277 2382 1334 Dominus
2411 1286 2521 1347 est,
2554 1286 2612 1336 et
2641 1295 2761 1336 non
2791 1283 2984 1338 solum
3022 1289 3246 1350 noster,
3280 1284 3384 1340 sed
3415 1284 3594 1340 etiam
3651 1299 3764 1341 eo-

2097 1382 2230 1421 rum
2263 1367 2364 1438 qui
2398 1369 2588 1425 ubivis
2636 1369 2904 1426 locorum
2932 1371 3172 1444 degunt,
3209 1373 3418 1443 utquid
3451 1374 3608 1430 inter
3659 1389 3759 1429 vos

2099 1461 2304 1512 mutuo
2337 1456 2659 1524 dissidetis,
2710 1466 2768 1516 et
2826 1477 3204 1517 communem
3263 1462 3758 1530 dominationem,

2098 1563 2198 1600 vos
2230 1546 2388 1618 ipsos
2419 1548 2773 1619 separando,
2807 1550 3030 1621 injuria
3048 1551 3404 1620 aiﬁcientes,
3426 1553 3559 1608 aliis
3577 1559 3758 1625 atque

2100 1635 2235 1691 aliis
2264 1653 2368 1691 vos
2399 1638 2722 1694 attribuitis
2752 1639 2780 1694 Ἰ
2806 1662 2830 1692 ιι
2861 1640 2929 1695 Et
2963 1657 3076 1712 pax
3105 1657 3140 1696 a
3167 1642 3286 1697 Deo
3319 1645 3512 1698 Patre.
3548 1664 3576 1692 »
3609 1642 3760 1708 Quid

2100 1730 2321 1788 autem.
2345 1732 2447 1782 aut
2478 1743 2616 1800 erga
2649 1744 2849 1800 quem,
2884 1729 3097 1800 inquit,
3132 1747 3342 1801 pacem
3373 1731 3626 1796 habetis,
3659 1736 3762 1788 aut

2102 1831 2136 1870 a
2166 1831 2284 1886 quo
2308 1817 2560 1888 gratiam
2591 1819 2906 1890 accipitis?
2936 1821 3073 1893 Ego.
3111 1822 3214 1884 ait,
3267 1821 3394 1878 haec
3445 1827 3503 1878 et
3560 1839 3594 1877 a
3643 1823 3758 1878 Deo

2099 1903 2264 1960 vobis
2290 1906 2633 1979 contingere
2665 1909 2857 1980 cupio.
2896 1910 2995 1965 His
3019 1916 3218 1967 autem
3248 1911 3522 1968 doctores
3555 1928 3763 1968 eorum

2101 1996 2332 2053 occulte
2364 1999 2768 2070 reprehendit.

2172 2087 2216 2153 Ι,
2238 2087 2272 2141 4
2309 2088 2362 2142 6.
2397 2114 2422 2137 υ
2459 2088 2686 2144 Gratias
2727 2106 2832 2159 ago
2865 2091 2982 2147 Deo
3028 2107 3160 2148 meo
3193 2108 3432 2164 semper
3461 2109 3566 2165 pro
3598 2093 3762 2149 vobis

2101 2196 2128 2224 «
2163 2191 2344 2247 super
2371 2178 2561 2248 gratia
2587 2179 2706 2238 Dei.
2728 2196 2858 2249 qua:
2873 2180 3009 2236 data
3035 2187 3125 2237 est
3155 2182 3317 2237 vobis
3339 2197 3443 2252 per
3464 2182 3762 2237 Christum

2103 2284 2131 2314 ‹‹
2162 2264 2384 2332 Jesum,
2405 2266 2688 2337 quoniam
2722 2268 2783 2323 in
2804 2270 2965 2324 omni
3000 2286 3058 2328 re
3092 2271 3262 2326 ditati
3295 2272 3438 2327 estis
3455 2272 3766 2342 peripsum

2109 2377 2136 2408 α
2167 2356 2229 2411 in
2259 2357 2421 2412 omni
2451 2374 2726 2415 sermone
2758 2366 2818 2416 et
2849 2361 2909 2416 in
2937 2362 3099 2417 omni
3137 2363 3288 2418 419
3332 2363 3599 2426 scientia,
3637 2363 3766 2434 qui-

2105 2443 2670 2502 «bustestimonium
2687 2448 2903 2504 Christi
2917 2451 3336 2506 conﬁrmatum
3360 2458 3448 2507 est
3464 2453 3522 2507 in
3537 2451 3764 2506 vobis.»

2177 2554 2205 2583 ε(
2240 2534 2466 2591 Gratias
2496 2551 2621 2606 ago.
2659 2558 2688 2586 »
2721 2539 3024 2611 Instruens
3083 2557 3212 2607 nos,
3255 2547 3320 2595 ut
3375 2541 3524 2614 grati
3556 2541 3764 2607 simus,

2106 2620 2218 2677 hoc
2249 2623 2310 2679 in
2341 2625 2502 2680 omni
2533 2625 2698 2681 addit
2731 2629 3008 2699 Epistola.
3035 2653 3062 2679 «
3088 2631 3206 2686 Deo
3229 2646 3384 2686 meo.
3418 2650 3448 2681 »
3480 2631 3548 2686 Et
3569 2629 3758 2685 multo

2106 2728 2308 2769 amore
2339 2714 2598 2772 vindicat
2629 2716 2740 2772 sibi
2772 2717 2831 2773 id
2859 2717 3020 2789 quod
3049 2736 3362 2777 commune
3395 2725 3499 2776 est.
3521 2745 3545 2769 ‹‹
3573 2720 3761 2791 Super

2106 2803 2294 2875 gratia
2322 2805 2446 2861 Dei.
2484 2805 2706 2863 IDonis
2737 2808 3061 2879 plurimum
3094 2810 3764 2866 intumescebant.Hunc

2108 2909 2245 2961 ergo
2277 2894 2472 2950 innuit
2501 2911 2773 2952 sensum:
2798 2898 2854 2953 Si
2886 2914 3008 2953 non
3036 2901 3244 2956 vestris
3275 2900 3446 2955 bonis
3460 2899 3684 2971 operib'
3713 2915 3762 2967 s,

2109 2979 2211 3035 sed
2243 2981 2455 3037 Christi
2491 2999 2733 3039 munere
2766 2984 2987 3039 donum
3029 2987 3368 3057 accepistis.
3401 2986 3545 3055 quid
3605 2986 3766 3040 intu-

2113 3069 2373 3124 mescitis
2431 3094 2456 3120 ‹‹
2491 3070 2602 3127 Per
2631 3073 2928 3128 Christum
2959 3075 3156 3130 Jesum
3215 3095 3244 3123 ››
3303 3074 3546 3145 Capitur
3601 3074 3763 3129 enim

2110 3153 2160 3208 ἐν
2201 3159 2420 3228 Χριστῷ
2477 3175 2582 3229 pro
2641 3153 2729 3212 διὰ
2785 3161 3038 3232 Χριστοῦ.
3099 3163 3244 3216 Nam
3301 3177 3410 3232 per
3463 3161 3764 3217 Christum

337 3257 435 3308 τῶ.
470 3275 499 3306 ν)
535 3249 710 3308 Πάλιν
741 3250 826 3319 τὸ,
859 3249 908 3304 ἐν
938 3249 1110 3318 αὐτῶ,
1141 3248 1412 3309 τουτέστι,
1473 3243 1544 3300 δι’
1597 3244 1785 3299 αὐτοῦ.
1847 3242 1910 3300 Ei
1943 3239 2001 3298 δὲ

2115 3245 2273 3302 dedit
2302 3247 2493 3303 Pater.
2529 3271 2555 3297 «
2591 3253 2701 3304 Per
2731 3248 2942 3320 ipsum.
2991 3273 3017 3300 ››
3054 3250 3356 3321 Siquidem
3414 3267 3650 3306 rursum
3711 3247 3764 3302 ὲν

342 3345 406 3402 δι’
442 3345 611 3402 αὐτοῦ
672 3341 1069 3412 ἐπλουτίσθητε
1125 3340 1176 3396 ἐν
1240 3339 1397 3393 παντὶ
1462 3338 1768 3414 πράγματι,
1827 3333 1921 3390 καὶ
1972 3334 2000 3388 ὁ

343 3436 580 3497 πλοῦτος
611 3434 761 3509 παρὰ
790 3436 948 3488 Θεοῦο
1000 3437 1120 3491 πῶς
1179 3430 1485 3504 ἀνθρώποις
1541 3427 1785 3495 ἑαυτοὺς,
1845 3422 2002 3502 φησὶ,

345 3524 730 3602 προσενείματε
762 3542 776 3592 ;
810 3547 838 3574 «
873 3521 976 3579 Καὶ
1022 3520 1166 3589 πάσῃ
1213 3519 1432 3594 γνώσει.
1468 3543 1496 3569 ››
1526 3519 1652 3574 "Evr.
1679 3516 1779 3590 γὰρ
1837 3512 2007 3589 λόγος

354 3615 814 3690 χωρὶςγνώσεως,
845 3613 921 3674 ὡς
979 3613 1014 3681 ἡ
1065 3608 1461 3688 φλυαρία.Ἔνι
1509 3607 1598 3662 καὶ
1654 3609 1854 3682 γνῶσις
1885 3623 2008 3678 χιι.

369 3706 447 3775 ρὶς
470 3702 649 3778 λόγου,
677 3703 752 3764 ὡς
783 3702 820 3771 ἡ
841 3705 950 3757 τῶν
985 3697 1249 3769 ἰδιωτῶν,
1281 3695 1551 3752 νοοῦντων
1626 3695 1745 3768 μὶν,
1778 3693 2003 3763 ἐξειπεῖν

373 3789 429 3848 Si
456 3792 515 3848 τὸ
542 3795 720 3865 νοηθὲν
758 3794 834 3866 μή
871 3790 1208 3866 δυναμένων.
1282 3786 1444 3846 Ἀλλ’
1483 3788 1661 3860 ὑμεῖς,
1695 3785 1851 3863 φησὶ,
1884 3803 2006 3853 κατ,

365 3882 525 3964 ἄμφω
547 3882 962 3954 ἕπλουτίσθητε,
991 3881 1083 3938 καί
1123 3875 1272 3954 λόγῳ
1327 3879 1418 3934 καὶ
1471 3876 1692 3954 γνώσει.
1729 3899 1763 3964 ιι
1820 3873 2008 3964 Raetia;

357 3974 417 4029 τὸ
452 3960 751 4048 μαρτύριον
790 3977 889 4029 τοῦ
919 3974 1181 4046 Χριστοῦ.
1246 3993 1276 4022 ››
1334 3968 1549 4037 Καθὼς,
1608 3963 1876 4035 τουτέστι,
1938 3960 2006 4018 δι’

358 4064 452 4120 ὢν.
486 4064 585 4120 Διά
616 4065 790 4140 λόγου
819 4062 943 4139 γὰο,
975 4062 1132 4138 φησὶ,
1176 4058 1268 4116 καὶ
1298 4066 1398 4128 τῆς
1449 4053 1704 4122 θεοδότου
1735 4056 2008 4131 γνώσεως,

356 4156 420 4211 τὸ
453 4154 753 4230 μαρτύριον
810 4157 907 4208 τοῦ
961 4155 1224 4224 Χριστοῦ,
1279 4150 1548 4216 τουτέστι,
1612 4146 1676 4203 τὸ
1731 4147 2009 4220 κήρυγμα,

355 4245 431 4308 εἷς
469 4246 612 4318 ὑμᾶς
669 4243 950 4300 πιστευθὶν
1010 4236 1339 4310 ἐϐεϐαιώθη·
1399 4240 1532 4314 ὅπερ
1595 4237 1721 4309 ὑμῖν
1782 4233 2012 4310 ἐγένετο,

356 4335 419 4388 οὐ
475 4331 546 4388 δι’
598 4331 822 4410 ιῦφυῗας
881 4329 1084 4392 οἰκείας
1116 4327 1153 4399 ἤ
1208 4335 1310 4397 τῆς
1361 4325 1552 4396 ἔξωθεν
1610 4325 1818 4402 σοφίας,
1869 4321 2014 4379 ἀλλὰ

357 4421 446 4478 ὂιᾶ
475 4424 713 4498 χάριτος
741 4425 898 4479 Θεοῦ.
932 4453 1001 4463 -
1029 4417 1210 4477 ’Ἀλλο
1238 4419 1454 4492 [ΦΩΤ.]
1493 4415 1658 4478 Ιιόθεν
1710 4411 1880 4483 δῆλον
1928 4411 2012 4468 ὅτι

357 4510 756 4583 ἐπλουτίσθητε
803 4509 959 4584 λόγῳ
987 4509 1077 4565 καὶ
1110 4509 1308 4583 γνώσει
1337 4525 1352 4576 ;
1384 4503 1444 4562 ἐκ
1497 4507 1594 4559 τοῦ
1634 4503 1698 4558 τὸ
1753 4503 2014 4576 κήρυγμα

2111 3332 2260 3403 αὖτῷ
2290 3336 2522 3408 capitur
2552 3354 2656 3408 pro
2688 3334 2758 3390 δι’
2791 3338 2977 3392 αὐτοῦ.
3013 3340 3178 3405 Quod
3209 3341 3256 3396 si
3291 3357 3396 3412 per
3451 3341 3645 3412 ipsum
3706 3339 3768 3395 in

2113 3427 2273 3481 omni
2306 3443 2367 3484 re
2399 3427 2568 3483 ditati
2600 3431 2761 3495 estis,
2795 3430 2972 3501 idque
3005 3430 3224 3487 divitiis
3255 3447 3440 3502 quaaa
3468 3431 3586 3487 Deo
3609 3437 3768 3499 sunt,

2115 3533 2232 3587 quo
2263 3523 2434 3588 pacto
2467 3535 2565 3572 vos
2595 3519 2754 3589 ipsos
2785 3519 3126 3577 hominibus
3173 3521 3482 3577 addixistis
3503 3521 3529 3576 ‘?
3549 3543 3576 3570 «
3612 3521 3680 3575 Et
3708 3520 3772 3577 in

2115 3605 2275 3662 omni
2307 3606 2575 3663 scientia.
2611 3630 2638 3658 »
2671 3609 2967 3682 Contingit
3025 3611 3183 3666 enim
3244 3626 3582 3667 sermonem
3641 3624 3771 3666 esse

2116 3697 2340 3768 absque
2371 3698 2828 3762 scientia,veluti
2875 3707 3015 3756 sunt
3063 3717 3252 3773 nugzn.
3287 3703 3545 3758 Rursum
3576 3700 3774 3757 scien-

2115 3788 2260 3843 tiam
2292 3803 2419 3843 esse
2468 3789 2756 3861 contingit
2784 3789 3006 3861 absque
3039 3806 3336 3852 sermone.
3369 3789 3771 3862 quemadmo-

2119 3875 2260 3931 dum
2293 3876 2353 3931 in
2384 3876 2732 3948 idiotis:qui
2764 3895 2892 3935 rem
2923 3879 3166 3951 quidem
3197 3880 3772 3952 intelligunt.verum

2121 3965 2278 4037 quod
2318 3965 2516 4022 animo
2574 3974 2994 4039 conceperant.
3054 3969 3388 4041 exprimere
3445 3972 3771 4040 nequeunt.

2123 4055 2234 4112 Sed
2264 4071 2387 4112 vos.
2416 4055 2891 4128 inquit,utroque
2920 4058 3089 4115 ditati
3121 4059 3262 4115 estis
3298 4076 3310 4112 :
3345 4064 3464 4115 tam
3496 4072 3772 4115 sermone

2123 4159 2300 4216 quam
2333 4143 2599 4200 scientia.
2633 4167 2661 4195 «
2696 4146 2921 4212 Quibus
2953 4147 3361 4204 testimonium
3385 4147 3507 4204 Dei.
3536 4168 3565 4198 ››
3592 4145 3778 4207 Καθὼς

2122 4233 2354 4306 capitur
2383 4249 2486 4304 pro
2519 4229 2570 4286 δι
2603 4232 2699 4289 ὢν.
2735 4235 3039 4306 Siquidem
3063 4253 3170 4309 per
3197 4235 3778 4306 sermonem,inquit,

2124 4330 2184 4380 et
2210 4322 2488 4379 traditam
2521 4340 2554 4378 a
2585 4324 2703 4379 Deo
2735 4324 3067 4384 scientiam.
3100 4327 3510 4383 testimonium
3541 4324 3780 4390 Christi,

2125 4413 2236 4468 hoc
2267 4419 2375 4472 est.
2409 4412 2776 4482 praedicatio.
2811 4414 2924 4471 ﬁde
2956 4415 3376 4471 conﬁrmatum
3421 4420 3510 4472 est
3567 4415 3628 4470 in
3658 4429 3780 4481 vos,

2127 4505 2280 4574 quod
2315 4501 2480 4559 vobis
2509 4518 2630 4558 non
2660 4505 2902 4576 propria
2931 4505 3134 4562 datum
3193 4512 3281 4562 est
3337 4505 3652 4572 industria,
3685 4510 3787 4560 aut

355 4603 457 4671 τῆς
487 4602 564 4665 εἷς
625 4601 858 4672 Χριστὸν
913 4598 1170 4664 πίστεως,
1228 4591 1597 4673 βεϐαιωθῆναι
1655 4591 1706 4647 ἐν
1769 4591 1918 4665 ὑμῖν.
1951 4589 2002 4645 Ἣ

2128 4598 2372 4649 externa
2401 4591 2712 4663 sapientia,
2745 4593 2850 4650 sed
2891 4594 2993 4650 Dei
3052 4597 3258 4666 gratia.
3293 4626 3360 4636 ——
3389 4593 3585 4654 Aliud.
3620 4592 3786 4650 Unde

355 4693 458 4770 γάρ
483 4690 684 4746 τούτου
720 4685 1014 4765 βεϐαίωσις
1043 4685 1095 4744 ἐν
1134 4687 1286 4760 ὑμῖν,
1319 4685 1408 4740 καὶ
1441 4681 1609 4759 λόγου
1633 4681 1723 4737 καὶ
1770 4680 2020 4757 γνώσεως

358 4779 558 4855 γίνεται
595 4779 892 4855 μαρτύριον
925 4778 1076 4851 ὑμῖν.
1141 4803 1161 4827 ε
1199 4772 1506 4848 Μαρτῦριον
1567 4773 1825 4842 Χριστοῦ.
1861 4791 1890 4821 ››
1947 4769 2020 4824 Ἥ

360 4873 424 4925 τὸ
464 4869 711 4924 ἑκούσιον
741 4869 832 4924 καὶ
865 4869 1139 4942 σωτήριον
1171 4864 1364 4929 πάθος,
1398 4862 1488 4918 καὶ
1546 4858 1734 4922 ἁπλῶς
1791 4861 1824 4928 ἡ
1888 4857 2020 4930 ὑπὲρ

361 4962 522 5033 ἡμῶι
555 4964 652 5014 τοῦ
691 4958 869 5034 Λόγου
901 4960 1131 5017 κένωσις
1160 4957 1252 5009 καὶ
1313 4951 1741 5026 ἐνανθρώπησις·
1802 4945 1838 5018 ἤ
1893 4967 2024 5020 μαρο

363 5049 548 5123 τόριον
601 5053 832 5124 Χριστοῦ
889 5051 924 5118 ἡ
983 5052 1091 5104 τῶν
1151 5043 1396 5117 σημείων
1454 5041 1616 5116 χάρις
1673 5040 1762 5094 καὶ
1823 5035 2021 5112 δωρεά.

365 5139 468 5198 Καὶ
505 5140 609 5214 γὰρ
641 5138 742 5195 εἰσὶ
777 5143 947 5194 ταῦτα
990 5137 1284 5212 μαρτόριον
1344 5140 1442 5201 τῆς
1498 5131 1574 5192 ε’ς
1632 5128 1867 5198 Χριστὸν
1926 5128 2024 5182 πί-

364 5249 554 5295 στεως,
585 5230 808 5298 καὶτῆς
841 5227 1127 5299 θειότητος
1183 5221 1352 5281 αὐτοῦ
1408 5221 1502 5278 καὶ
1563 5217 2020 5294 μεγαλειότητος.

363 5321 532 5374 Ἦσαν
562 5320 694 5394 γὰρ,
724 5319 861 5388 ἦσαν
892 5319 945 5374 οἱ
977 5316 1256 5394 Κορίνθιοι
1285 5313 1653 5371 πλουτοῦντες
1686 5309 1736 5364 ἐν
1782 5305 2020 5369 τούτοις.

363 5409 515 5466 Ἐπεὶ
547 5409 662 5477 οὖν,
697 5410 856 5483 φησὶ,
912 5411 1080 5465 ταῦτα
1139 5408 1329 5483 ὁρᾶται
1385 5403 1438 5457 ἐν
1501 5401 1628 5474 ὑμῖν
1688 5398 1739 5454 ἐν
1801 5396 2026 5475 ἀφθονίᾳ

364 5498 456 5554 καὶ
492 5495 804 5574 βεϐαιώσει,
845 5497 1051 5561 καλῶς,
1083 5496 1241 5576 φησὶ,
1273 5491 1608 5569 προείπομεν
1638 5489 1722 5545 ὅτι
1754 5487 1808 5543 ἐν
1866 5486 2021 5541 παντὶ

368 5587 524 5662 λόγῳ
551 5589 644 5646 καὶ
674 5588 821 5663 πάσῃ
839 5585 1034 5666 γνώσει
1065 5583 1481 5653 ἔπλουτίσθητε.
1533 5580 1709 5657 Μέρος
1757 5577 1869 5666 γὰρ
1913 5579 2022 5666 τῶν

369 5679 748 5756 χαρισμάτων,
782 5676 812 5732 ’ὁ
844 5664 901 5732 τε
932 5673 1106 5752 λόγος
1137 5674 1226 5730 καὶ
1279 5675 1314 5743 ἡ
1372 5673 1595 5747 γνῶσις,
1653 5670 1681 5724 ὁ
1716 5669 1812 5742 μὲν
1857 5664 2028 5743 λόγος

2130 4680 2512 4736 manifestum
2569 4685 2658 4736 est
2715 4680 2874 4751 quod
2947 4697 3221 4738 sermone
3279 4682 3449 4738 ditati
3531 4681 3660 4738 sitis
3718 4695 3786 4736 ac

2130 4767 2416 4825 scientia?
2447 4783 2517 4823 ex
2548 4784 2617 4824 eo
2649 4769 2808 4839 quod
2839 4769 3184 4841 praedicatio
3199 4770 3336 4826 fidei
3368 4770 3431 4826 in
3461 4769 3782 4836 Christum,

2133 4859 2548 4916 conﬁrmatum
2581 4863 2670 4914 est
2727 4860 2790 4915 in
2819 4860 3029 4916 vobis:
3090 4861 3269 4932 hujus
3325 4875 3586 4928 namque
3645 4874 3786 4916 con-

2133 4948 2390 5005 ﬁrmatio
2423 4947 2483 5002 in
2513 4946 2695 5004 vobis.
2729 4954 2788 5003 et
2843 4950 3134 5005 sermonis
3193 4955 3252 5007 et
3309 4950 3574 5007 scientiae
3621 4948 3789 5006 vobis

2130 5037 2540 5097 testimonium
2575 5042 2682 5092 est.
2719 5057 2747 5087 ‹‹
2792 5040 3222 5095 Testimonium
3281 5040 3522 5095 Christi.
3585 5061 3613 5090 ››
3673 5043 3790 5094 Aut

2133 5127 2466 5185 voluntaria
2494 5132 2552 5180 et
2583 5126 2860 5182 salutaris
2920 5129 3134 5199 passio,
3194 5137 3377 5200 utque
3435 5146 3553 5185 uno
3611 5127 3788 5185 verbo

2133 5221 2350 5280 dicam,
2383 5216 2537 5271 facta
2566 5233 2672 5287 pro
2703 5217 2874 5272 nobis
2911 5219 3082 5273 Verbi
3115 5220 3438 5274 exinanitio
3495 5228 3556 5276 et
3596 5221 3793 5274 incar-

2134 5308 2296 5364 natio
2330 5323 2344 5362 :
2377 5310 2479 5360 aut
2507 5305 2920 5360 testimonium
2951 5307 3166 5362 Christi
3197 5310 3387 5380 gratia
3417 5315 3507 5364 est
3535 5309 3795 5364 donum-

2136 5412 2252 5469 que
2282 5395 2602 5467 signorum.
2642 5395 2948 5465 Siquidem
3005 5396 3132 5452 haec
3190 5404 3328 5453 sunt
3381 5397 3793 5454 testimonium

2136 5489 2275 5544 ﬁdei
2308 5487 2369 5541 in
2398 5485 2695 5541 Christum
2753 5503 2821 5542 ac
2879 5488 3201 5544 divinitatis
3258 5495 3316 5545 et
3367 5487 3793 5563 magnitudinis

2136 5579 2285 5650 ejus.
2318 5577 2386 5632 In
2417 5574 2509 5630 his
2541 5575 2700 5630 enim
2732 5575 2905 5634 ditati
2935 5584 3106 5634 erant
3135 5579 3446 5635 Corinthii.
3481 5580 3624 5634 Nam
3655 5589 3793 5630 cum

2136 5667 2284 5734 haec,
2317 5662 2532 5736 inquit,
2566 5664 2627 5720 in
2657 5664 2819 5722 vobis
2851 5668 3311 5741 conSpiciantur,
3343 5666 3492 5724 bene
3524 5661 3794 5736 praedixi-

3632 344 3770 408 642.

3852 334 3879 358 Ἃ.
