4122 6406
254 338 371 405 843

1390 329 1810 394 .(EGUMENH
1855 325 2161 388 TBICCE
2207 324 2557 387 EPISCOPI

3563 314 3684 377 644

258 479 393 536 mus
423 476 581 549 quod
613 475 673 530 in
703 472 863 528 omni
895 486 1170 526 sermone
1185 468 1468 538 omnique
1487 463 1914 524 scientiaditati

2031 457 2303 516 συντελῶν
2335 457 2412 520 είς
2440 458 2503 513 τὸ
2535 455 2828 526 διδάσκειν,
2881 458 2916 525 ἡ
2977 452 3034 510 δὲ
3078 458 3277 528 γνῶσις
3308 449 3385 516 εἷς
3411 451 3474 506 τὸ
3502 447 3700 549 ’συνιιο

259 568 404 624 sitis.
444 569 574 620 Pars
607 564 765 618 enim
795 566 934 616 sunt
963 560 1257 615 donorum
1293 573 1490 614 sermo
1524 562 1701 628 atque
1731 556 1928 611 scien-

258 657 342 711 tia
371 671 382 709 :
419 670 620 709 sermo
653 651 897 724 quidem
933 651 1246 706 conferens
1270 647 1344 703 ad
1376 644 1923 712 docendum,scien-

267 745 351 798 tia
381 759 514 798 vero
546 742 621 798 ad
665 739 1144 812 intelligendum.
1179 736 1342 803 Quod
1375 741 1573 792 autem
1606 734 1878 806 sequitur
1909 749 1923 788 :

263 830 767 902 interpretationi.

344 921 498 976 ατο
529 921 652 989 1,7,
685 920 736 974 8.
764 942 790 968 «
827 918 920 972 Sic
951 921 1015 970 ut
1043 931 1161 971 non
1217 913 1626 970 destituamini
1685 913 1746 967 in
1802 909 1925 965 ullo

278 1027 299 1057 α
335 1010 510 1072 dono,
546 1012 953 1079 exspectantes
1010 1004 1433 1059 revelationem
1466 1001 1699 1057 Domini
1738 997 1926 1054 nostri

275 1119 304 1152 (ι
335 1100 472 1154 .lesu
503 1096 857 1167 Christi,qui
887 1095 1065 1150 etiam
1098 1092 1476 1148 confirmabit
1502 1108 1603 1146 vos
1635 1104 1821 1160 usque
1851 1085 1928 1143 ad

274 1209 302 1240 ιι
338 1186 872 1258 ﬁneminculpatos
905 1185 965 1239 in
996 1183 1089 1240 die
1122 1181 1357 1238 Domini
1381 1180 1566 1236 nostri
1599 1180 1732 1234 Jesu
1761 1175 1928 1233 Chri-

275 1296 304 1328 ιι
335 1275 432 1333 sti.
462 1295 494 1328 σο

344 1365 638 1432 Quaaritur
693 1365 752 1421 in
809 1365 918 1419 hoc
976 1362 1128 1432 loco,
1214 1379 1347 1417 cum
1407 1361 1572 1432 prius
1628 1359 1924 1416 dixisset:

273 1477 301 1507 ‹‹
335 1456 510 1511 Ditati
527 1455 668 1510 estis
698 1453 932 1510 inomni
963 1467 1237 1508 sermone
1260 1458 1317 1508 et
1346 1453 1406 1507 in
1437 1453 1596 1508 omni
1620 1451 1925 1518 scientia,»

274 1561 630 1616 rursumque
661 1559 854 1601 nunc:
916 1543 1072 1598 «Sic
1129 1549 1192 1597 ut
1249 1557 1368 1597 non
1425 1541 1831 1598 destituamini
1863 1539 1926 1595 in

272 1635 396 1690 ullo
427 1634 605 1702 dono,
667 1655 695 1684 »
757 1648 935 1703 quam
993 1631 1066 1686 ob
1123 1647 1363 1686 causam
1422 1630 1482 1685 in
1541 1629 1925 1701 sequentibus

273 1722 417 1780 dicit
447 1724 608 1793 ipsos
639 1721 910 1777 carnales
932 1720 1002 1775 ?«
1027 1721 1234 1776 Adhuc
1251 1721 1409 1775 enim
1443 1720 1710 1775 carnales
1728 1718 1923 1784 estis,»

273 1815 378 1883 ait,
411 1817 550 1887 quia
579 1821 635 1870 et
667 1815 792 1870 haec
822 1819 879 1869 et
927 1815 1032 1869 illa
1088 1813 1294 1868 multis
1351 1812 1794 1868 cenveniebant.
1859 1812 1920 1866 ln

276 1910 435 1958 tanta
466 1905 623 1959 enim
657 1903 1134 1977 congregatione,
1165 1918 1358 1974 neque
1404 1917 1611 1958 omnes
1655 1907 1929 1972 poterant

274 2010 404 2050 esse
437 1993 705 2066 perfecti,
738 2010 933 2065 neque
965 2010 1200 2048 rursum
1234 2007 1440 2048 omnes
1471 1993 1804 2064 imperfecti
1827 2000 1929 2046 aut

270 2081 707 2153 imprudentes.
771 2106 797 2133 ιι
882 2084 1302 2154 Exspectantes
1387 2081 1830 2137 revelationem.
1895 2103 1924 2130 ››

271 2171 363 2228 Sic
394 2179 458 2227 ut
487 2188 606 2228 non
638 2171 1047 2228 destituamini
1081 2173 1141 2226 in
1161 2187 1280 2227 uno
1299 2170 1454 2227 dono
1473 2170 1545 2226 ad
1567 2175 1924 2242 exspectan-

268 2261 408 2317 dum
443 2263 864 2319 revelationem
922 2263 1159 2318 Christi.
1221 2262 1564 2318 Necessaria
1621 2266 1707 2317 est
1766 2262 1925 2317 enim

268 2352 586 2408 tolerantia
625 2352 699 2407 ad
730 2352 1216 2424 exspectandum.
1262 2352 1444 2408 Porro
1502 2352 1924 2408 revelationem

269 2447 436 2497 vocat
464 2441 796 2499 secundum
827 2442 1172 2508 adventum,
1205 2441 1526 2498 ostendens
1556 2442 1714 2513 quod
1744 2443 1925 2498 etiam

270 2547 428 2586 nunc
457 2525 904 2602 sit.quanq'uam
926 2530 1116 2587 oculis
1136 2546 1257 2586 non
1275 2530 1542 2586 vndeatur
1561 2531 1924 2588 carnalibus.

269 2643 296 2670 ‹‹
331 2622 438 2685 Qui
471 2621 651 2676 etiam
685 2621 1067 2677 confirmabit
1124 2637 1244 2677 vos.
1305 2643 1334 2672 »
1394 2622 1623 2677 lndicat
1680 2638 1780 2677 eos
1811 2622 1922 2678 ﬂu-

269 2717 493 2768 ctuare.
525 2711 741 2766 Dicens
771 2717 970 2766 autem
997 2732 1025 2762 «
1060 2711 1414 2782 inculpatos,
1448 2732 1478 2761 »
1510 2711 1805 2784 significat
1825 2728 1926 2768 eos

266 2801 456 2872 culpae
489 2816 619 2857 esse
652 2801 960 2856 obnoxios.
985 2826 1012 2851 «
1033 2803 1098 2856 In
1129 2801 1226 2856 die
1257 2801 1516 2856 Domini.
1551 2823 1580 2852 »
1615 2802 1700 2857 Ab
1723 2803 1926 2858 huma-

269 2889 366 2944 nis
397 2889 697 2946 abducens
727 2896 911 2945 terret
940 2906 1065 2958 eos,
1097 2890 1252 2946 facta
1282 2889 1499 2961 judicii
1528 2891 1851 2947 mentione.

332 3068 376 3134 Ι,
409 3069 462 3122 9.
481 3088 509 3116 ‹‹
530 3065 748 3124 Fidelis
762 3067 1051 3140 Deus,per
1079 3083 1256 3139 quem
1279 3069 1500 3124 vocatis
1531 3070 1674 3126 estis
1700 3071 1761 3125 in
1792 3086 1924 3126 cono

263 3179 288 3203 ‹‹
327 3157 578 3210 sortium
609 3156 739 3211 Filii
771 3158 900 3227 ejus
931 3157 1063 3213 Jesu
1115 3157 1329 3212 Christi
1385 3157 1618 3214 Domini
1651 3160 1858 3216 nostri.
1898 3187 1919 3214 ι

2027 571 2134 607 ναι.
2169 549 2268 606 Καὶ
2295 549 2381 618 τὸ,
2416 572 2445 601 ‹‹
2473 549 2636 603 Ὥστε
2674 548 2750 620 μὴ
2788 547 3122 621 ὑστερεῖσθαι
3160 544 3322 618 ὑμᾶς,
3360 569 3382 595 ι
3417 541 3554 616 πρὸς
3583 541 3684 609 τήν

2033 639 2283 716 δευτὲραν
2314 639 2607 715 ἑρμηνείαν
2638 635 2852 712 μᾶΛλον
2882 634 3117 707 συνᾴδει.

2106 910 2264 960 Ὠστε
2298 904 2438 976 ὑμᾶς
2474 904 2551 976 μή
2611 903 2948 977 ὑστερεῖσθαι
2998 900 3049 956 ἐν
3112 896 3305 973 μηδενὶ
3363 897 3694 973 χαρίσματι,

2035 989 2509 1068 ἀπεκδεχομένους
2562 993 2662 1062 τήν
2712 989 3057 1064 ἀποκάλυψιν
3118 994 3214 1045 τοῦ
3273 987 3472 1062 Κυρίου
3526 989 3689 1060 ἡμῶν

2035 1078 2218 1151 Ἰησοῦ
2269 1081 2526 1152 Χριστοῦ,
2585 1079 2644 1140 ὅς
2701 1078 2792 1134 καὶ
2852 1073 3141 1152 βεϐαιώσει
3176 1077 3314 1150 ὑμᾶς
3339 1071 3443 1136 ἕως
3490 1071 3691 1136 τελους

2036 1166 2408 1246 ἀνεγκλήτους
2441 1166 2491 1223 ἐν
2521 1171 2590 1242 τῇ
2629 1168 2811 1243 ἡμέρᾳ
2866 1171 2964 1222 τοῦ
3023 1167 3227 1241 Κυρίου
3286 1167 3448 1238 ἡμῶν
3502 1165 3690 1233 Ἰησοῦ

2032 1258 2290 1334 Χριστοῦ.

2105 1353 2355 1419 Ζητεῖται
2389 1347 2608 1404 ἐνταῦθα
2635 1348 2689 1402 τί
2724 1344 2790 1418 δή
2821 1367 2956 1402 ποτε
2985 1345 3244 1419 ἀνωτέρω
3277 1345 3370 1416 μὲν
3427 1343 3690 1417 εἷρηκὼς,

2034 1437 2157 1510 περὶ
2200 1437 2398 1504 αὐτῶν,
2425 1437 2510 1494 ὅτι
2548 1462 2576 1490 ‹‹
2605 1435 3036 1505 Ἐπλουτίσθητε
3088 1434 3140 1490 ἐν
3197 1434 3354 1489 παντὶ
3385 1433 3541 1508 λόγῳ
3597 1445 3699 1499 καὶ

2033 1526 2176 1600 πασῃ
2204 1527 2422 1602 γνώσει,
2456 1551 2483 1579 ››
2519 1526 2609 1581 καὶ
2671 1530 2758 1580 νῦν
2815 1526 3001 1596 πάλιν,
3057 1549 3084 1574 ‹‹
3144 1527 3305 1578 ’Ὠστε
3374 1525 3450 1597 μή
3536 1521 3689 1576 ὑστε-

2037 1620 2242 1691 ρεῖσθαι
2279 1618 2418 1690 ὑμᾶς
2460 1615 2512 1672 ἐν
2545 1614 2739 1690 μηδενὶ
2774 1615 3097 1691 χαρίσματι,
3143 1640 3170 1666 ››
3232 1613 3440 1686 προῖὼν
3498 1632 3694 1686 σαρκι-

2033 1707 2162 1767 κοὺς
2193 1705 2390 1768 αὐτοὺς
2431 1704 2598 1781 λέγει,
2637 1707 2803 1763 ιιἘτι
2861 1705 2962 1781 γὰρ
3023 1703 3271 1777 σαρκικοί
3329 1703 3466 1769 ἐστε,
3500 1725 3526 1756 ιν
3569 1723 3688 1780 φη-

2037 1799 2142 1853 σίν.
2175 1797 2300 1854 Ὀτι
2328 1795 2466 1868 πρὸς
2499 1793 2746 1858 πολλοὺς
2790 1796 2886 1869 μὲν
2924 1799 3112 1862 ταῦτα,
3144 1795 3278 1866 πρὸς
3348 1790 3593 1852 πολλοὺς
3630 1790 3689 1845 δὲ

1961 1862 2206 1941 Βἐκεῖνοι
2259 1862 2533 1959 ἥρμοζεν.
2601 1883 2741 1943 Οὖδὶ
2790 1862 2898 1960 γὰρ
2960 1885 3010 1939 ἐν
3088 1862 3328 1957 τοσαύτῃ
3384 1878 3690 1951 Ἐκκλησίᾳ

2035 1974 2184 2047 εἶχον
2223 1975 2421 2044 εἶναιῆ
2455 1975 2649 2036 πάντες
2697 1973 2920 2042 τέλειοι,
2981 1974 3016 2043 ἢ
3076 1973 3268 2032 πάντες
3329 1968 3542 2032 ἀτελεῖς
3593 1969 3682 2023 καὶ

2033 2065 2250 2134 νήπιοι.
2371 2087 2397 2118 ι
2502 2059 3001 2142 Ἀπεκδεχοέιὲνους
3073 2063 3173 2130 την
3250 2057 3620 2126 ἀποκάλυψιν.
3659 2084 3687 2110 υ

2031 2155 2190 2209 ’Ὥστε
2232 2153 2370 2226 ὑμᾶς
2433 2155 2508 2224 μὴ
2571 2155 2933 2228 ὑστερηθῆναι
2994 2152 3049 2208 ἐν
3111 2148 3304 2225 μηδενὶ
3363 2151 3691 2230 χαρίσματι,

2033 2242 2085 2298 ἐν
2131 2247 2209 2315 τῷ
2265 2239 2656 2318 ἀπεκδὲχεσθαι
2706 2244 2804 2308 τήν
2872 2240 3220 2316 ἀποκάλυψιν
3277 2243 3377 2296 τοῦ
3429 2242 3690 2315 Χριστοῦ.

2033 2331 2209 2405 Χρεία
2233 2332 2333 2409 γαρ
2375 2332 2656 2405 ὑπομονῆς
2689 2331 2765 2394 εἰς
2823 2332 2886 2387 τὸ
2917 2329 3244 2404 ἐκδέξασθαι.
3303 2326 3686 2402 Ἀποκάλυψιν

2035 2419 2091 2476 δέ
2123 2442 2277 2498 φησι,
2327 2423 2425 2490 τήν
2483 2419 2733 2494 δευτέραν
2799 2421 3120 2496 παρουσῖαν,
3190 2417 3396 2481 δεικνὺς
3443 2418 3526 2475 ὅτι
3593 2418 3689 2474 καὶ

2031 2515 2120 2565 νῦν
2166 2511 2332 2578 ἐστιν,
2385 2510 2430 2566 εί
2487 2511 2577 2565 καὶ
2631 2512 2707 2583 μή
2769 2512 2960 2586 ὁρᾶται
3019 2514 3299 2586 σαρκικοῖς
3356 2507 3687 2586 ὀφθαλμοῖς.

2034 2623 2062 2652 α
2096 2603 2190 2661 ’Ὀς
2222 2599 2310 2654 καὶ
2347 2595 2635 2673 βεϐαιώσει
2673 2600 2832 2672 ὑμᾶς.
2893 2624 2920 2650 ››
2969 2599 3214 2656 Δείκνυσι
3266 2595 3690 2671 σαλευομένους.

2034 2715 2061 2742 ι(
2098 2689 2497 2765 Ἀνεγκλήτους
2540 2712 2568 2739 ››
2597 2686 2654 2743 δὲ
2684 2687 2875 2758 εῗπὼν,
2909 2684 3077 2757 δηλοῖ
3125 2685 3279 2752 ὄντας
3319 2687 3421 2743 ὑπὸ
3479 2681 3688 2762 ἔγκλη-

2037 2799 2132 2853 μα.
2170 2805 2197 2831 ‹‹
2237 2781 2323 2834 Ἐν
2380 2783 2448 2854 τῇ
2506 2778 2686 2854 ἡμέρᾳ
2743 2783 2842 2834 τοῦ
2901 2779 3127 2855 Κυρίου.
3198 2803 3227 2832 υ
3260 2778 3514 2856 Ἀπάγων
3579 2781 3684 2833 τῶν

2032 2869 2411 2946 ἀνθρωπίνων,
2446 2863 2608 2949 φοϐεῖ
2635 2869 2860 2939 αὐτοὺς,
2879 2875 2980 2939 τῆς
3011 2867 3225 2944 ἡμέρας
3245 2868 3687 2943 ὑπομιμνήσκων

2029 2964 2131 3029 τῆς
2165 2961 2431 3034 κρίσεως.’

2105 3049 2305 3111 Πιστὸς
2340 3051 2368 3104 ὁ
2400 3049 2530 3110 Θεὸς
2561 3045 2636 3104 δι’
2673 3047 2737 3104 οὗ
2769 3047 3046 3120 ἐκλήθητε
3112 3049 3192 3111 εἷς
3247 3045 3537 3104 κοινωνίαν
3589 3046 3690 3102 τοῦ

2031 3140 2161 3194 Υἱοῦ
2190 3138 2358 3194 αὐτοῦ
2389 3140 2571 3209 ἰησοῦ
2612 3141 2850 3214 Χριστοῦ
2881 3143 2978 3194 τοῦ
3016 3137 3219 3214 Κυρίου
3251 3141 3437 3212 ἡμῶν.

335 3244 453 3299 Hoc
483 3249 574 3300 est
602 3262 775 3302 verax
809 3263 822 3300 :
857 3247 1016 3318 quod
1046 3247 1095 3302 si
1129 3248 1914 3320 verax.complebitomnino

2101 3230 2387 3285 Τουτέστιν
2419 3226 2653 3300 ἀληθής.
2692 3229 2755 3286 Εί
2809 3227 2865 3284 δὲ
2903 3225 3143 3300 ἀληθής,
3203 3227 3492 3303 πληρώσει
3548 3226 3686 3282 πάνυ

264 3351 395 3405 ςυω
428 3335 719 3405 promisit.
751 3357 780 3384 ‹‹
814 3337 926 3390 Per
969 3353 1144 3407 quem
1202 3339 1389 3394 vocati
1448 3339 1613 3394 estis.
1649 3361 1677 3390 »
1737 3342 1918 3395 Nemo

261 3423 481 3494 quippe
539 3423 701 3478 venit
757 3423 832 3479 ad
891 3426 1124 3493 Filium,
1211 3427 1328 3482 nisi
1414 3428 1590 3483 Pater
1672 3431 1921 3488 traxerit

262 3526 396 3565 eum
428 3510 495 3565 “7.
529 3511 1040 3576 Quemadmodum
1073 3529 1266 3584 neque
1325 3514 1400 3570 ad
1458 3517 1692 3571 Patrem
1753 3517 1915 3588 quis-

260 3615 439 3669 quam
468 3599 650 3659 venit,
682 3601 798 3655 nisi
829 3603 923 3657 cui
953 3602 1303 3658 revelaverit
1359 3603 1539 3659 Filius
1595 3604 1660 3670 ⁸⁸,
1719 3626 1749 3655 ‹‹
1808 3609 1920 3660 Per

260 3704 434 3758 quem
468 3690 653 3746 vocati
686 3691 850 3758 estis,
884 3713 912 3742 ››
947 3691 1057 3747 hoc
1101 3698 1208 3760 est,
1268 3707 1302 3746 a
1358 3710 1474 3764 quo
1532 3694 1717 3750 vocati
1750 3695 1914 3763 estis,

257 3779 358 3850 qui
391 3780 614 3836 vocavit
645 3797 763 3837 vos.
798 3783 867 3836 Et
897 3781 1162 3854 intellige
1196 3783 1492 3854 quomodo
1535 3791 1716 3855 ponat
1746 3783 1914 3840 divus

253 3869 471 3924 Paulus
502 3865 572 3922 δι’
603 3868 686 3938 οὗ,
720 3869 780 3924 id
810 3877 1034 3943 est.per
1062 3888 1265 3943 quem.
1288 3872 1468 3928 etiam
1500 3872 1572 3928 de
1608 3876 1774 3929 Patre
1801 3891 1814 3928 :
1849 3879 1908 3930 et

254 3974 356 4027 pro
387 3975 504 4030 quo
535 3959 684 4015 illud
711 3976 867 4031 pono
903 3977 916 4015 ε
947 3967 1015 4015 ut
1055 3977 1188 4017 cum
1223 3959 1484 4032 idipsum
1515 3961 1586 4017 de
1619 3962 1766 4017 Filio
1798 3979 1873 4018 au

254 4045 434 4104 dieris
465 4063 584 4105 non
615 4049 961 4105 substantiae
987 4049 1514 4117 mutationem,sed
1535 4049 1908 4107 identitatem

254 4137 575 4207 concipias.
609 4159 637 4188 «
675 4139 903 4193 Vocatis
935 4139 1097 4193 estis.
1133 4160 1161 4187 η
1189 4138 1392 4209 Neque
1451 4139 1612 4194 enim
1670 4157 1705 4194 a
1747 4141 1910 4197 vobis

252 4226 399 4297 ipsis
425 4227 802 4296 venistis,sed
831 4229 1021 4301 gratia
1063 4229 1250 4282 vocati
1299 4229 1461 4283 estis.
1499 4249 1527 4277 ο(
1572 4231 1636 4284 in
1668 4246 1907 4285 consor-

255 4317 460 4372 tium.»
487 4323 660 4389 Papae
689 4317 700 4371 l
725 4319 867 4390 quid
890 4319 1021 4374 ait?
1048 4320 1115 4373 In
1147 4319 1519 4374 consortium
1537 4321 1723 4376 vocati
1744 4321 1906 4397 estis,

254 4407 468 4476 inquit,
499 4407 819 4480 Unigeniti.
852 4414 918 4462 ut
945 4415 1005 4463 et
1051 4408 1112 4462 in
1144 4424 1324 4481 regno
1375 4415 1435 4466 et
1465 4408 1526 4466 in
1555 4409 1744 4483 gloria
1771 4428 1908 4468 con-

253 4503 441 4551 sortes
472 4496 1013 4563 efficiamini.Quod
1054 4497 1193 4553 alibi
1227 4498 1442 4556 dicit:«
1476 4499 1533 4554 Si
1566 4499 1904 4558 suﬂ'erimus

2023 3340 2132 3382 τως
2174 3317 2208 3373 εί
2263 3319 2658 3393 ἐπηγγείλατο.
2726 3346 2746 3370 ι
2810 3320 2888 3374 Δι’
2949 3319 3011 3375 οὗ
3072 3315 3366 3390 ἐκλήθητε.
3401 3343 3430 3370 ι(
3489 3314 3684 3380 Οὑδεῖς

2022 3409 2126 3484 γὰρ
2160 3406 2382 3483 ἔρχεται
2412 3408 2549 3481 πρὸς
2585 3410 2677 3464 τὸν
2706 3409 2854 3480 Υἱὸν,
2915 3408 2961 3463 εί
3024 3409 3099 3483 μὴ
3159 3405 3376 3464 ὲλκύσει
3427 3406 3588 3463 αὑτὸν
3655 3408 3683 3461 ὑ

2022 3499 2232 3571 Πατήρ’
2269 3497 2450 3567 ὥσπερ
2506 3495 2630 3554 οὐδὲ
2684 3497 2819 3572 πρὸς
2877 3498 2968 3552 τὸν
3029 3500 3242 3572 Πατέρα
3311 3491 3534 3572 ἔρχεταί
3584 3517 3683 3567 τις,

2021 3586 2074 3641 εἰ
2097 3587 2175 3660 μή
2207 3586 2253 3658 ᾧ
2292 3585 2353 3642 ἄν
2390 3586 2724 3662 ἀποκαλύψῃ
2755 3589 2783 3642 ὑ
2824 3586 2968 3650 Υἱός.
3005 3613 3032 3639 ‹‹
3068 3589 3148 3642 Δι’
3208 3587 3272 3641 οὗ
3324 3585 3617 3658 ἐκλήθητε.
3655 3607 3684 3636 ιο

2019 3683 2171 3740 Ἀντὶ
2200 3689 2319 3756 τοῦ,
2350 3685 2465 3762 Ὑφ’
2496 3685 2558 3740 οὗ
2590 3683 3107 3758 ἒκλήθητε,οἶον,’0
3138 3683 3373 3747 καλέσας
3407 3682 3686 3761 ὑμᾶς.Καὶ

2019 3772 2310 3844 ἐπίστησον
2352 3779 2470 3837 πῶς
2501 3775 2590 3842 τὸ,
2650 3773 2722 3830 δι’
2757 3772 2840 3846 οὗ,
2901 3776 3114 3845 τίθησιν
3176 3775 3204 3830 ὁ
3265 3780 3410 3840 θεῖος
3466 3772 3686 3835 Παῦλος

2017 3868 2107 3922 καὶ
2140 3865 2229 3924 ἐπὶ
2257 3873 2354 3923 τοῦ
2387 3867 2621 3943 Πατρὸς,
2651 3869 2741 3924 καὶ
2802 3867 2921 3924 ἀντὶ
2979 3866 3129 3931 τίνος
3168 3867 3384 3937 τίθησιν
3414 3866 3572 3934 αὐτὸ,
3604 3866 3679 3918 ’ἐν’

2017 3957 2143 4012 ὑταν
2174 3957 2265 4013 καὶ
2297 3957 2384 4014 ἐπὶ
2414 3963 2513 4014 τοῦ
2551 3959 2681 4014 Υίοῦ
2711 3957 2843 4013 αὐτὸ
2874 3957 3135 4033 ἀκούσῃς,
3193 3959 3269 4030 μή
3299 3952 3665 4032 παραλλαγήν

2017 4045 2223 4115 οὐσίας,
2257 4045 2404 4102 ἀλλὰ
2432 4047 2739 4118 ταυτότητα
2771 4045 2977 4122 ἐννοῇς.
3015 4071 3042 4098 ‹‹
3101 4045 3425 4115 Ἐκλήθητε.
3463 4066 3490 4093 »δ
3525 4039 3668 4098 Οὑδὶ

2016 4135 2120 4212 γὰρ
2151 4133 2240 4212 ἀφ’
2271 4136 2473 4191 ἑαυτῶν
2507 4136 2696 4205 ἤκατε,
2729 4135 2875 4192 ἀλλά
2931 4138 3122 4215 χάριτι
3161 4133 3451 4204 ἒκλήθητε.
3492 4156 3517 4184 υ
3577 4129 3670 4193 Εἲς

2014 4225 2324 4292 κοινωνίαν,
2358 4249 2384 4278 »
2406 4220 2577 4282 Βαόαι
2612 4226 2700 4282 ίτί
2732 4226 2877 4282 εἶπεν
2900 4244 2914 4295 ;
2935 4226 3030 4288 Εἰς
3052 4224 3343 4282 κοινωνίαν
3368 4221 3668 4293 ἐκλήθητε,

2015 4315 2168 4392 φησὶ,
2199 4318 2296 4370 τοῦ
2329 4316 2692 4392 Μονογενοῦς,
2723 4314 2814 4372 ⁸ίνα
2842 4316 2932 4372 καὶ
2998 4315 3052 4372 ἐν
3105 4320 3173 4390 τῇ
3208 4314 3461 4392 βασιλείᾳ
3491 4312 3582 4366 καὶ
3614 4311 3670 4366 ἂν

2012 4407 2080 4478 τῇ
2131 4401 2257 4480 δόξῃ
2323 4405 2574 4460 κοινωνοὶ
2630 4407 2907 4480 γενώμεθα
2973 4408 3158 4463 αὑτοῦ·
3219 4405 3354 4480 ὅπερ
3414 4401 3670 4478 ἀλλαχοῦ

2012 4514 2196 4570 φησιν,
2241 4520 2268 4547 ‹‹
2327 4495 2388 4550 Εἰ
2459 4496 2826 4571 ὑπομένομεν,
2884 4496 2974 4552 καὶ
3042 4490 3576 4571 συμϐασιλεύσομεν.
3641 4517 3670 4545 ››

251 4591 307 4640 et
333 4585 830 4659 conregnabimus
858 4588 922 4641 ⁸⁸.
961 4609 988 4636 ››
1020 4588 1086 4643 In
1117 4589 1485 4644 consortium
1542 4591 1728 4647 vocati
1760 4593 1902 4649 estis

2031 4582 2110 4646 Ξίς
2139 4586 2426 4640 κοινωνίαν
2459 4583 2733 4656 ἐκλήθητε
2763 4586 3085 4662 Χριστοῦ,τί
3116 4583 3322 4646 ἄλλους
3343 4584 3435 4641 καὶ
3462 4580 3671 4645 ἂλλους

248 4673 557 4736 Christi,ut
577 4675 722 4747 quid
751 4675 902 4732 alios
922 4683 1101 4748 atque
1130 4675 1278 4732 alios
1309 4678 1724 4735 constituendo
1743 4681 1903 4738 vobis

247 4765 392 4838 ipsis
426 4773 818 4839 praeceptores
863 4768 1011 4823 42!
1077 4784 1146 4823 ac
1175 4767 1466 4833 doctores,
1499 4786 1536 4824 a
1565 4771 1760 4827 divino
1800 4772 1904 4828 illo

250 4854 614 4928 salutarique
646 4857 948 4914 consortio
967 4873 1066 4912 vos
1081 4857 1243 4928 ipsos
1255 4857 1586 4916 distrahere
1605 4876 1672 4916 ac
1694 4876 1902 4932 ampu-

245 4949 367 5000 tare
403 4945 765 5002 contenditis
793 4946 822 5001 ?

915 5034 1148 5092 CAPUT
1186 5037 1229 5091 Ι.

249 5125 402 5187 Quod
431 5141 542 5179 non
571 5130 821 5192 oporteat
848 5142 881 5178 a
923 5141 978 5180 se
1009 5125 1245 5180 invicem
1274 5125 1537 5181 dissidere
1565 5127 1629 5181 ob
1661 5145 1899 5186 amo-rem

494 5194 688 5264 gloriae
717 5210 846 5265 quae
874 5196 941 5250 de
972 5196 1217 5250 humana
1246 5204 1321 5251 est
1347 5199 1646 5268 sapientia.

316 5283 360 5343 Ι,
388 5284 565 5337 10-13.
600 5307 620 5331 ι
657 5282 912 5338 Obsecro
934 5285 1272 5351 vos,fratres
1299 5302 1405 5357 per
1433 5290 1898 5349 nomenDomini

311 5372 500 5426 nostri
521 5372 658 5427 Jesu
679 5374 1164 5437 Cbristi,utidem
1186 5375 1397 5431 dicatis
1427 5393 1658 5446 omnes,
1692 5386 1749 5435 et
1779 5398 1898 5439 non

250 5482 278 5510 ιι
312 5460 428 5515 sint
459 5461 618 5516 inter
649 5477 746 5517 vos
775 5463 1116 5518 sectm.Sitis
1135 5469 1334 5519 autem
1351 5467 1665 5537 compositi
1689 5469 1896 5527 eadem

251 5573 277 5598 ‹‹
304 5556 499 5606 mente
522 5550 852 5624 eademque
873 5553 1185 5610 sententia.
1195 5553 1601 5626 Signiﬁcatum
1615 5564 1705 5616 est
1733 5562 1894 5619 enim

2014 4675 2336 4753 ἒφιστῶντες
2375 4675 2588 4737 ἑαυτοῖς
2628 4676 2932 4752 προστάτας
2992 4677 3081 4731 καὶ
3142 4673 3528 4742 διδασκάλους,
3567 4677 3672 4739 τῆς

2016 4765 2318 4837 θαυμασίας
2365 4765 2572 4834 ἐκείνης
2611 4766 2698 4820 καὶ
2769 4765 3044 4838 σωτηρίου
3098 4767 3381 4828 κοινωνίας
3439 4762 3667 4826 ἑαυτοὺς

2014 4851 2379 4926 φιλονεικεῖτε
2419 4850 2720 4934 διασχίζειν
2754 4856 2840 4910 καὶ
2881 4854 3274 4930 ἀποτέμνεσθαι
3310 4874 3325 4924 ς

2639 5039 2902 5092 ΚΕΦΑΛ.
2962 5042 3038 5090 A'.

2011 5120 2139 5195 Περί
2171 5125 2273 5177 τοῦ
2307 5125 2383 5195 μὴ
2419 5119 2693 5201 διχονοεῖν
2726 5124 2864 5198 πρὸς
2892 5121 3182 5194 ἀλλήλους
3224 5124 3285 5178 ix
3343 5119 3668 5202 φιλοδοξίας

2399 5219 2499 5280 τῆς
2565 5212 2654 5268 hri
2715 5212 2881 5288 σοφίᾳ
2941 5212 3271 5289 ἀνθρωπίνῃ.

2080 5297 2392 5371 Παρακαλῶ
2452 5299 2509 5357 δὶ
2565 5302 2752 5376 ὑμᾶς,
2805 5299 3085 5380 ἀδελφοὶ,
3144 5299 3234 5356 διὰ
3299 5305 3396 5356 τοῦ
3462 5302 3666 5375 ὀνόμα-

2004 5406 2098 5448 τος
2183 5393 2281 5444 τοῦ
2333 5391 2537 5466 Κυρίου
2615 5395 2776 5466 ἡμῶν
2864 5395 3044 5462 Ἰησοῦ
3113 5392 3378 5466 Χριστοῦ,
3423 5388 3519 5446 ’ίνα
3599 5390 3664 5446 τὸ

2004 5474 2136 5532 αὐτὸ
2168 5475 2369 5556 λέγητε
2391 5483 2609 5554 πάντες,
2669 5481 2760 5538 καὶ
2823 5483 2898 5556 μή
2959 5483 2997 5555 ᾗ
3052 5481 3106 5537 δν
3169 5483 3297 5556 ὑμῖν
3359 5480 3665 5557 σχίσματα,

2003 5563 2102 5639 ᾖτε
2124 5568 2216 5622 καὶ
2263 5573 2686 5645 κατηρτισμένοι
2718 5571 2772 5628 δν
2811 5576 2892 5628 τῶ
2945 5572 3096 5645 αὐτῷ
3149 5571 3254 5639 νοΐ,
3313 5571 3406 5628 καὶ
3477 5571 3530 5627 ἐν
3595 5572 3670 5644 τῇ
