4122 6386
343 325 470 412 eis

1459 347 1870 410 OOMMENT.
1920 348 2002 410 IN
2047 349 2297 412 EPIST.
2345 326 2457 414 in
2498 330 2683 416 nou“.

3654 374 3772 436 646

345 483 494 556 αὐτῇ
524 456 743 557 γνώμῃ.
786 479 1081 554 Ἐδηλώθη
1138 479 1240 556 γάρ
1301 501 1424 572 μοι⁸
1455 482 1580 572 περὶ
1614 483 1789 572 ὑμῶν,
1848 479 2006 572 ἀλὸελ-

2129 506 2158 534 ι‹
2181 486 2323 539 mihi
2347 486 2418 541 de
2440 488 2626 556 vobis,
2657 490 2869 548 fratres
2890 495 3028 560 mei,
3061 496 3134 551 ab
3159 499 3251 554 his
3283 501 3383 572 qui
3416 511 3555 560 sunt
3576 507 3773 565 Chloen

345 572 443 649 φοι
482 590 611 643 μου,
648 569 752 626 ὑπὸ
784 575 892 626 τῶν
927 570 1134 641 Χλοης,
1180 571 1268 626 ’ὁτι
1313 565 1489 644 ἔριδες
1552 569 1606 626 ἐν
1661 570 1790 644 ὗμῖν
1851 569 2008 626 εῗσιν.

344 658 512 733 Λέγω
539 656 595 715 δὲ
628 665 796 716 τοῦτο
828 661 933 715 ὃτι·
990 661 1255 720 Ἕκαστος
1313 661 1464 735 ὑμῶν
1515 659 1680 737 λέγει⁹
1739 657 1847 732 ἕγὼ
1914 658 2009 734 μέν

345 746 472 820 εἰμι
505 747 746 812 Παύλου,
780 746 886 822 ἐγὼ
939 745 997 803 δὲ
1047 746 1335 818 Ἀπολλῶ,
1393 752 1498 824 ἐγὼ
1544 747 1602 805 δὲ
1657 753 1840 828 Κηφᾶ,
1901 750 2011 824 ἐγὼ

347 834 416 892 δὲ
447 839 709 911 Χριστοῦ,
745 837 1083 911 Μεμέρισται
1115 839 1142 893 6
1172 840 1403 914 Χριστός
1432 857 1446 907 ;

429 938 598 1015 Ἐγὼ.
633 939 790 1017 φησὶ,
823 935 1177 1012 παρακαλῶν,
1239 937 1338 992 οὐκ
1387 936 1499 1010 εἰμὶ
1548 939 1732 1001 ἱκανὸς
1790 943 2000 997 πεῖσαι.

346 1031 454 1086 Διὰ
485 1034 583 1085 τοῦ
613 1031 848 1104 Χριστοῦ
895 1029 983 1084 οὖν
1044 1030 1367 1105 παρακαλῶ,
1422 1033 1723 1100 τουτέστιν,
1783 1031 1947 1094 αὐτὸς
1981 1031 2010 1086 6

346 1118 594 1194 Χριστὸς
653 1120 682 1174 ὁ
742 1113 1068 1193 ὑϐρισμένος
1130 1125 1370 1174 ποιεῖται
1457 1120 1556 1189 τὴν
1639 1119 2005 1194 παράκλησιν.

350 1232 387 1262 οι
424 1208 527 1266 Καὶ
563 1207 701 1284 μὴ
733 1207 784 1264 ἐν
821 1207 950 1281 ὑμῖν
1003 1208 1304 1284 σχίσματα.
1341 1233 1369 1259 »
1420 1210 1496 1264 T6
1543 1208 1646 1287 γὰρ
1698 1209 1773 1271 εἷς
1824 1209 2012 1266 πολλὰ

351 1298 525 1372 ὑμᾶς,
558 1298 714 1378 φησί,
750 1297 1017 1375 γενέσθαι,
1059 1297 1159 1353 οὐκ
1206 1295 1435 1369 ἐποίησε
1488 1297 1676 1354 πολλά
1735 1299 1872 1373 μέρη
1923 1300 2008 1355 τέ-

348 1385 672 1458 λεία,ἀλλὰ
693 1389 757 1444 τὸ
786 1387 996 1444 τέλειον
1032 1388 1196 1464 μέρος
1249 1389 1348 1456 την
1391 1387 1719 1461 Ἐκκλησίαν
1771 1385 2006 1466 ἔσχισεν.

350 1498 385 1532 ι
420 1478 879 1552 Κατηρτισμένοι.
911 1501 937 1532 ο
973 1477 1425 1553 Ἀπηρτισμένοι,
1465 1477 1691 1538 τέλειοι,
1725 1504 1751 1531 ‹‹
1787 1481 1872 1535 Ἐν
1929 1485 2010 1553 τῷ

344 1561 509 1638 αὖτῷ
536 1565 640 1624 νοΐ.
675 1590 703 1619 ››
748 1565 972 1636 Ἐπειδή
1007 1566 1119 1621 ἄνω
1150 1567 1316 1633 εἶπεν,
1347 1592 1371 1618 (ι
1403 1567 1517 1622 Ἵνα
1547 1568 1609 1622 τὸ
1663 1567 1794 1623 αὐτὸ
1842 1567 2010 1642 λέγη-

340 1678 431 1728 τε,
469 1680 496 1707 ››
552 1655 641 1711 ἳνα
703 1659 778 1730 μή
838 1656 1134 1730 νομίσωσιν
1205 1658 1338 1736 ἄχρι
1393 1655 1655 1731 ῥημάτων
1708 1656 1816 1713 δεῖν
1874 1661 2009 1714 εἶναι

341 1747 452 1813 τήν
485 1745 767 1818 ὁμόνοιαν,
823 1743 1028 1820 ἐπάγει,
1083 1771 1113 1800 ιι
1148 1746 1234 1802 Ἐν
1290 1749 1368 1818 τῷ
1419 1746 1566 1820 αὐτῷ
1623 1745 1729 1816 νοΐ,
1764 1771 1791 1798 n
1848 1768 2006 1802 τουτ-

2122 596 2150 625 ‹‹
2172 574 2328 647 quod
2354 580 2774 636 contentiones
2800 583 2920 638 sint
2949 585 3104 642 inter
3121 605 3238 645 vos.
3275 592 3390 647 Hoc
3413 603 3610 652 autem
3642 600 3775 656 dico

2119 686 2146 713 ‹‹
2175 665 2333 754 quod
2349 669 2758 741 unusquisque
2782 679 3036 730 vestrum
3060 677 3234 733 dicit:
3257 683 3365 754 Ego
3385 685 3624 754 quidem
3641 707 3773 744 sum

2121 773 2147 802 ‹‹
2175 752 2361 818 Pauli,
2396 772 2500 823 ego
2531 765 2730 814 autem
2763 763 2994 833 Apollo.
3019 780 3122 837 ego
3141 784 3275 823 vero
3295 752 3772 842 Cep_ha3,rursum

2127 862 2152 892 ι
2185 857 2289 913 ego
2321 843 2558 901 Christi.
2592 847 2822 904 Divisus
2855 859 2944 906 est
2964 853 3274 911 Christus?

2193 931 2329 1004 Ego,
2363 933 2579 1005 inquit,
2610 937 2710 1008 qui
2744 939 2988 996 obsecro
3037 961 3156 998 non
3201 948 3504 1006 sufﬁciens
3536 970 3666 1010 sum
3699 956 3773 1012 ad

2119 1025 2627 1092 persuadendum.
2663 1029 2776 1084 Per
2804 1032 3100 1088 Christum
3135 1036 3334 1108 itaque
3367 1041 3772 1111 obsecro;hoc

2119 1116 2228 1175 est,
2263 1111 2390 1183 ipse
2422 1116 2688 1172 Christus
2720 1118 2941 1189 injuria
3000 1124 3246 1180 aﬂ‘ectus
3307 1127 3774 1190 obsecrationem

2118 1202 2342 1260 facitet
2392 1207 2892 1268 adhortationem.
2924 1236 2952 1264 «
3016 1220 3080 1270 Et
3129 1235 3250 1274 non
3297 1222 3415 1277 sint
3475 1226 3630 1281 inter
3675 1244 3775 1283 vos

2119 1298 2314 1349 sectae.
2351 1317 2380 1344 »
2411 1297 2576 1362 Quod
2609 1299 2766 1356 enim
2797 1319 2897 1357 vos
2932 1305 2993 1359 in
3023 1307 3214 1363 multa
3244 1309 3414 1367 divisi
3472 1315 3620 1383 sitis,
3654 1333 3776 1373 non

2119 1382 2316 1437 eﬁ‘ecit
2347 1385 2566 1442 multas
2597 1396 2794 1460 partes
2825 1392 3138 1464 perfectas,
3164 1398 3268 1452 sed
3296 1382 3619 1470 perfectam
3639 1423 3776 1478 par~

2118 1477 2238 1528 tem
2270 1481 2413 1546 puta
2469 1478 2792 1535 Ecclesiam
2843 1481 3098 1540 discidit.
3135 1509 3163 1537 «
3195 1489 3536 1562 Compositi.
3571 1518 3597 1544 ››
3642 1477 3777 1552 ίΗοο

2121 1565 2542 1636 est,completi,
2565 1568 2831 1638 perfecti.
2870 1593 2895 1619 ‹‹
2928 1573 3146 1629 Eadem
3179 1585 3396 1635 mente.
3432 1605 3459 1631 ››
3486 1584 3775 1648 Quoniam

2118 1653 2528 1721 praemiserat:
2565 1659 2777 1714 «Idem
2811 1661 3043 1730 dicatis,
3082 1687 3109 1714 »
3142 1682 3216 1722 ne
3276 1670 3685 1729 existimarent
3716 1677 3776 1730 in

2119 1741 2309 1796 verbis
2341 1742 2628 1802 duntaxat
2655 1757 2928 1820 Oportere
2962 1768 3090 1809 esse
3123 1772 3502 1828 consensum,
3537 1764 3778 1837 subjun-

346 1833 490 1891 ἐστι.
528 1835 628 1891 Καὶ
661 1834 855 1909 λόγοις
883 1835 975 1890 καὶ
1006 1833 1193 1913 ἔργοις
1249 1836 1339 1889 καὶ
1398 1835 1596 1911 γνώμῃ
1651 1835 1740 1890 καὶ
1801 1832 2006 1908 διανοίᾳ

2121 1829 2241 1901 git:
2275 1857 2302 1884 «
2336 1835 2554 1892 Eadem
2588 1848 2788 1896 mente
2822 1863 2869 1910 n,
2901 1843 3012 1899 hoc
3044 1852 3151 1902 est.
3187 1856 3244 1904 et
3283 1829 3663 1910 sermonibus
3718 1863 3777 1911 et

345 1924 565 2003 γίνεσθε
621 1925 951 2006 ὁμόφρονες.
1034 1949 1062 1978 ι(
1117 1922 1417 2000 Ἐγηλώθη
1472 1927 1572 2002 γάρ
1623 1929 1752 1999 μοι.
1805 1951 1833 1979 ››
1893 1929 2010 1980 Ἵνα

472 2013 839 2086 ἆρνήσωνται,
871 2014 962 2070 καὶ
1019 2015 1293 2088 μάρτυρας
1342 2014 1573 2087 παράγει
1621 2015 1752 2076 τοὺς
1794 2013 2009 2084 Χλόης.

351 2108 386 2157 εὶ
422 2101 684 2184 Ἀδελφοί
751 2124 942 2178 μου.»
996 2102 1107 2161 Κᾶν
1157 2105 1262 2182 γαρ
1317 2101 1486 2173 δῆλον
1515 2102 1638 2180 ᾕτὸ
1685 2105 2010 2180 ἀμάργημα,

353 2194 550 2270 φησὶν,
585 2191 812 2268 ἀδελφοί
846 2193 952 2267 μού
991 2192 1125 2252 ἐστε.
1177 2195 1252 2251 Τὸ
1300 2191 1378 2261 δὲ,
1429 2219 1456 2245 ‹‹
1491 2195 1635 2260 Μοῦ,
1674 2218 1700 2245 ›ι
1758 2192 2010 2258 διθέσεώς

353 2284 522 2340 ἔστιν.
561 2307 588 2336 ιι
609 2284 740 2338 Ὑπὸ
769 2289 877 2339 τῶν
908 2283 1116 2354 Χλόης.
1151 2307 1179 2336 n
1205 2283 1363 2341 Οἰκία
1388 2304 1471 2347 τις
1498 2285 1563 2351 ἦν
1590 2283 1766 2346 οὕτως
1819 2282 2010 2338 ἐπονο-

358 2373 671 2447 μαζομὲνη,
702 2371 894 2444 Χλόης
925 2371 1054 2435 θὶς-ως
1084 2373 1254 2434 τινός.
1317 2371 1432 2430 Οὔκ
1476 2374 1593 2428 εἷπε
1642 2368 1698 2427 δὲ
1750 2371 2011 2443 ὀνομαστὶ

349 2463 488 2525 τοὺς
520 2459 896 2534 δηλώσαντας,
926 2461 1014 2517 ἳνα
1049 2464 1124 2535 μὴ
1185 2461 1323 2538 πρὸς
1371 2461 1570 2523 αὐτοὺς
1613 2459 2011 2534 ἐκπολεμηθῶ-

356 2573 465 2608 σιν.
501 2577 528 2605 ιι
563 2554 685 2611 ’Ότι
718 2549 912 2620 ἔριδες.
941 2576 969 2603 ››
1016 2552 1092 2608 Τὰ
1139 2553 1286 2626 παρᾶ
1332 2555 1438 2606 τῶν
1486 2549 1852 2622 δηλωσάντων
1903 2550 2008 2608 ἀπ·

351 2640 666 2718 αγγὲλλων,
710 2638 891 2712 ἔριδας
952 2641 1118 2708 εἶπεν,
1172 2640 1257 2695 ἳνα
1317 2640 1394 2714 μὴ
1455 2638 1764 2715 ἐκθηριώσῃ
1816 2640 2012 2703 αὐτοὺς

348 2731 493 2808 πρὸς
519 2730 648 2794 τοὺς
682 2731 788 2786 ἀπὸ
818 2733 917 2800 τῆς
951 2730 1166 2802 Χλόης.
1197 2732 1361 2784 Ὅταν
1404 2728 1460 2785 δὲ
1492 2731 1596 2784 ἀπὸ
1624 2731 1832 2786 οἰκείου
1850 2749 2012 2808 προσ-

350 2821 510 2878 ώπου
539 2821 676 2898 λέγῃ
720 2823 783 2877 τὸ
822 2821 1058 2898 γεγονὸς,
1118 2822 1394 2898 σχίσματα
1451 2821 1585 2878 αὐτὰ
1642 2821 1818 2892 καλεῖ,
1877 2822 2009 2896 ὅπερ

349 2909 554 2982 πολλῷ
587 2917 776 2988 χεῖρον
807 2917 908 2981 τῆς
940 2908 1137 2984 ἔριδος.
1173 2936 1200 2963 ‹‹
1236 2911 1395 2985 Λέγω
1426 2908 1483 2966 δὲ
1511 2915 1693 2968 τοῦτο.
1729 2935 1758 2964 ››
1820 2917 2010 2991 Σαφη-

347 3002 494 3064 νείας
529 2997 706 3058 ἕνεκεν
760 3002 845 3069 τὸ,
888 3027 915 3054 ‹‹
951 3001 1108 3079 Λέγω
1135 2997 1191 3055 δὲ
1229 3005 1416 3069 τοῦτο,
1451 3026 1477 3052 ››
1511 3002 1583 3064 ὡς
1617 3001 1661 3056 εἰ
1695 2999 1857 3057 εἶπεν·
1891 3001 2008 3056 Λό-

352 3113 454 3171 γου
488 3091 680 3167 χάριν,
717 3118 737 3143 ι
773 3095 1000 3149 τοιαῦτα
1056 3097 1264 3147 ποιεῖτε
1303 3091 1391 3146 καὶ
1452 3089 1682 3166 λέγειτε.
1730 3092 1848 3148 Οὐκ
1894 3086 2010 3147 ἕλεα

353 3205 449 3260 γον
480 3179 538 3239 δὲ
569 3181 764 3238 ἐκεῖνοι
799 3181 992 3244 οὕτως.
1031 3207 1058 3235 ‹‹
1089 3181 1232 3257 Ἐγὼ
1291 3182 1384 3254 μὲν
1440 3180 1553 3254 εἰμι
1606 3178 1848 3251 Παύλου,
1899 3179 2008 3256 ἐγὼ
2039 3221 2082 3288 C

357 3269 486 3288 υ.-
587 3271 696 3288 η-
820 3269 1040 3288 ut...
1230 3269 1249 3284 .ο
1405 3271 1426 3288 η
1605 3269 1626 3288 τ
1811 3271 1826 3288 .
1965 3271 1978 3288 ,

355 3269 412 3328 δὲ
441 3271 731 3328 Ἀπολλῶο
755 3294 784 3324 »
811 3269 954 3327 ἀλλᾶ
976 3271 1144 3347 λόγου
1175 3269 1340 3350 χάριν
1373 3271 1547 3334 οὓτως
1579 3269 1745 3335 εἶπεν,
1773 3271 2009 3327 αἰνιττό-

359 3382 517 3436 μενος
575 3362 662 3423 οἷς
711 3360 1122 3436 προσερῥύησαν
1182 3358 1476 3419 πλουσίοις
1533 3361 1622 3416 καὶ
1684 3365 1891 3440 σοφοῖς
1955 3359 2008 3416 ἐν

355 3455 542 3524 παυτῷ
574 3447 803 3520 δεικνὺς,
835 3451 920 3506 ’ὁτι
961 3450 1006 3506 εἷ
1036 3451 1098 3505 τὸ
1157 3450 1334 3512 οὕτως
1388 3447 1585 3524 λέγειν,
1646 3449 1868 3505 Παύλου
1916 3451 2008 3506 καὶ

355 3537 634 3616 ’λπολλιῖῃ
667 3550 769 3606 οὐκ
798 3549 1106 3620 ἀνεύθυνον,
1137 3547 1339 3622 πολλῷ
1371 3546 1586 3622 μᾶλλον
1613 3549 1676 3605 τὸ
1709 3549 1886 3624 λέγειν
1919 3571 2006 3605 σο-

363 3641 473 3715 φῶν
530 3642 658 3694 εἶναι
717 3640 752 3708 ἤ
813 3637 1118 3707 πλουσίων,
1178 3638 1271 3700 οὕς
1352 3635 1715 3699 διδασκάλους
1798 3638 2009 3700 ἑαυτοῖς

373 3721 629 3786 ὶκάῦισαν.
658 3754 684 3780 ιι
723 3729 868 3806 Ἐγὼ
901 3725 958 3784 ὂὶ
989 3731 1168 3808 Κηφᾶ.
1203 3752 1232 3782 ››
1297 3732 1593 3801 Προοιμῶν
1627 3728 1736 3783 ’τὸν
1785 3729 2004 3800 Πέτρον,

375 3812 584 3890 ὕστερον
633 3819 862 3875 τέθεικεν
918 3818 1103 3889 αὐτὸν,
1189 3815 1376 3888 ἐπειδὴ
1433 3817 1762 3893 κατηγορίας
1825 3816 2004 3873 αὐτῶν

364 3902 533 3961 ἕνεκεν
559 3911 722 3964 ταῦτα
753 3906 919 3983 λέγει.
957 3933 986 3960 ‹‹
1020 3907 1162 3984 Ἐγὼ
1213 3904 1269 3962 δὲ
1317 3911 1570 3983 Χριστοῦ.
1608 3932 1635 3958 ιι
1682 3907 1799 3965 Οὐκ
1845 3906 2007 3984 ἐγκα-

358 3991 446 4050 λεῖ
470 3996 552 4052 δτι
585 3995 856 4074 λέγουσιν,
893 4021 921 4050 ι(
952 3997 1099 4075 Ἐγὼ
1131 3994 1188 4052 δὲ
1217 3998 1483 4072 Χριστοῦ,
1526 4024 1550 4049 »
1581 3993 1730 4053 ἀλλᾶ
1761 3995 1900 4053 διότι
1927 3999 2004 4070 μή

353 4085 548 4149 πάντες
605 4091 773 4143 τοῦτο
832 4087 1074 4164 λέγουσι,
1139 4083 1431 4163 μέμφεται.
1494 4111 1521 4137 ‹‹
1582 4087 1919 4160 Μεμὲρισται
1977 4087 2004 4140 6

351 4175 580 4250 Χριστός
609 4196 622 4246 ;
655 4203 682 4228 η
718 4177 1069 4250 Κατιτέμετε,
1103 4177 1259 4254 φησὶ,
1318 4178 1410 4232 τὸν
1466 4177 1718 4248 Χριστὸν,
1780 4176 2006 4233 διείλετε

351 4265 518 4320 αὐτοῦ
547 4267 610 4321 1:6
642 4271 802 4341 σῶμα
859 4261 1044 4323 Φόϐου
1076 4263 1133 4321 δὲ
1163 4269 1324 4344 γέμει
1361 4267 1425 4322 τὸ
1477 4266 1647 4341 ῥῆμα.
1689 4267 1759 4324 Ἢ
1809 4265 2002 4329 οὕτως.

350 4355 676 4430 Ἐμερίσατο
706 4359 806 4428 τὴν
844 4356 1121 4433 βασιλείαν
1162 4357 1250 4410 καὶ
1308 4356 1409 4424 τήν
1477 4355 1805 4426 Ἐκκλησίαν
1873 4356 2006 4428 μετᾶ

348 4443 653 4521 ἀνθρώπων
684 4449 712 4502 ὁ
743 4447 1016 4521 Χριστός;
1054 4448 1141 4515 Μή
1176 4443 1666 4521 συγκληρονόμους
1713 4440 1854 4522 ἔχει,
1901 4468 2006 4524 φη-

349 4518 452 4616 σίν,
487 4535 515 4589 6
549 4536 811 4610 Χριστὸς,
841 4533 936 4592 τίνα
969 4535 1164 4613 μερῖσῃ
1196 4557 1278 4598 τις
1312 4536 1428 4610 μετ’
1457 4535 1629 4590 αὐτοῦ
1657 4536 1786 4598 τοὺς
1839 4543 2004 4605 σωζν-

2130 1925 2430 1992 Operibus,
2464 1933 2522 1982 et
2551 1932 2864 1998 sententia,
2899 1939 2957 1988 et
3014 1951 3193 1992 sensu
3242 1941 3370 1996 sitis
3419 1946 3773 2002 conformes.

2136 2030 2157 2059 ι
2193 2013 2595 2086 Significatum
2630 2026 2716 2075 est
2748 2022 2908 2076 enim
2940 2024 3106 2081 mihi.
3144 2050 3170 2075 ››
3199 2028 3282 2083 Ne
3334 2030 3566 2089 inﬁcias
3618 2041 3776 2097 eant.

2126 2106 2311 2158 testes
2343 2121 2578 2178 quoque
2611 2125 2711 2164 eos
2740 2111 3011 2181 producit
3029 2116 3129 2184 qui
3161 2117 3356 2174 Chloae
3389 2129 3574 2177 erant.
3603 2124 3777 2180 «Fra-

2124 2194 2248 2245 tres
2279 2193 2416 2249 mei.
2452 2216 2480 2244 ››
2513 2197 2654 2251 Nam
2682 2198 2789 2251 etsi
2823 2201 3203 2259 manitestum
3237 2207 3332 2275 sit,
3394 2209 3606 2280 inquit.
3640 2228 3778 2284 pec-

2126 2287 2345 2349 catum,
2377 2284 2590 2342 fratres
2621 2288 2738 2342 mei
2771 2291 2914 2346 estis
2969 2293 3132 2358 Quod
3164 2303 3361 2352 autem
3393 2299 3476 2354 ait
3507 2322 3534 2350 «
3581 2303 3710 2368 Mei,
3745 2327 3774 2353 ››

2125 2370 2370 2426 απεοιυε
2403 2379 2509 2428 est.
2545 2397 2573 2425 «
2611 2376 2695 2431 Ab
2727 2378 2820 2433 his
2844 2382 2945 2452 qui
2987 2390 3125 2439 sunt
3172 2385 3390 2443 Chloae.
3451 2411 3480 2438 ››
3531 2389 3780 2448 Familia

2125 2459 2398 2530 quaedam
2455 2471 2581 2520 erat
2635 2467 2718 2522 ita
2773 2471 3090 2541 appellata,
3142 2475 3452 2545 cujusdam
3511 2478 3781 2535 foxtassis

2125 2549 2341 2604 Chloaa.
2365 2551 2492 2608 Non
2518 2561 2716 2611 autem
2748 2559 3106 2631 nominatim
3132 2578 3232 2618 eos
3263 2565 3527 2638 dixitqui
3553 2569 3777 2641 signiﬁ-

2124 2648 2421 2708 caverant,
2455 2662 2530 2700 ne
2561 2647 2848 2705 adversus
2895 2651 3032 2709 illos
3066 2653 3201 2710 odia
3227 2664 3520 2728 gererent.
3557 2682 3582 2709 ‹‹
3619 2659 3784 2725 Quod

2124 2734 2556 2791 contentiones.
2596 2759 2617 2787 ο
2669 2739 2814 2795 Cum
2849 2757 2915 2797 ea
2949 2741 3264 2800 denuntiat
3313 2764 3444 2817 quas
3475 2747 3548 2804 ab
3581 2748 3654 2804 iis
3685 2766 3782 2806 ac-

2123 2819 2279 2890 cepit
2309 2822 2410 2893 qui
2443 2824 2941 2898 signiﬁcaverant,
2976 2835 3394 2892 contentiones
3423 2835 3586 2894 dicit.
3605 2854 3679 2892 ne
3701 2838 3782 2893 ef-

2120 2907 2341 2966 feraret
2368 2929 2468 2969 eos
2501 2916 2784 2973 adversus
2842 2919 3130 2978 familiam
3163 2923 3393 2980 Chloaa:
3445 2927 3600 2982 422
3631 2928 3777 2983 Cum

2121 3007 2317 3055 autem
2376 3003 2482 3058 illa
2525 3006 2668 3061 dicit
2723 3008 2784 3062 in
2842 3013 3082 3082 prOpria
3135 3028 3413 3084 persona,
3462 3022 3628 3072 vocat
3674 3017 3779 3072 illa

2121 3090 2465 3155 s’chismata.
2499 3095 2611 3151 hoc
2641 3103 2749 3162 est,
2777 3098 3024 3156 dissidia
3056 3104 3143 3159 vel
3175 3110 3383 3171 sectas,
3411 3106 3568 3176 quod
3589 3107 3775 3163 multo

2120 3183 2292 3250 pejus
2323 3189 2411 3238 est
2440 3201 2618 3255 quam
2650 3190 3084 3246 contentiones.
3117 3216 3145 3242 ‹‹
3184 3193 3302 3250 Ηοο
3336 3202 3532 3249 autem
3565 3197 3718 3252 dico.
3749 3219 3774 3247 υ

2118 3272 2561 3345 Explanationis
2593 3294 2770 3334 causa
2799 3280 3029 3337 addidit
3054 3300 3067 3337 :
3092 3308 3117 3334 «
3148 3285 3266 3340 Hoc
3287 3293 3487 3342 autem
3506 3287 3637 3344 dico
3661 3314 3678 3335 -
3708 3304 3778 3343 ac

2116 3365 2162 3420 si
2184 3364 2429 3422 dixisset
2452 3384 2465 3422 :
2490 3367 2663 3424 Verbi
2686 3372 3245 3446 gratia,hujusmodi
3278 3384 3416 3432 sunt
3436 3395 3566 3449 qua:
3585 3379 3778 3435 facitis

2117 3475 2185 3515 ac
2207 3459 2459 3515 dicitis.«
2475 3462 2638 3527 Quod
2655 3466 3064 3538 unusquisque
3085 3475 3346 3525 vestrum
3363 3470 3523 3526 dicit.
3538 3476 3773 3527 nAtnon

2114 3550 2198 3605 ita
2228 3549 2504 3607 dicebant
2561 3553 2648 3607 illi
2684 3571 2751 3608 :u
2796 3557 2912 3629 Ego
2972 3574 3102 3613 sum
3168 3560 3352 3618 Pauli.
3414 3576 3518 3634 ego
3576 3568 3775 3618 autem

2115 3640 2346 3712 Apollo,
2382 3663 2407 3691 »ι
2443 3641 2548 3698 sed
2579 3644 2735 3700 verbi
2766 3662 2945 3703 causa
2977 3649 3058 3705 ita
3089 3649 3238 3706 dixit
3271 3670 3284 3717 ;
3319 3650 3529 3708 divites
3579 3669 3648 3708 ac
3679 3669 3776 3708 sa-

2116 3729 2347 3800 pientes
2379 3733 2608 3788 occulte
2640 3734 3025 3792 subindicans
3057 3738 3131 3792 ad
3173 3755 3324 3809 quos
3357 3739 3773 3811 confluebant;

2118 3833 2186 3872 ex
2210 3817 2320 3873 hoc
2351 3821 2671 3875 ostendens
2697 3823 2853 3894 quod
2886 3825 2931 3879 si
2965 3825 3048 3880 ita
3077 3825 3330 3883 dicendo
3363 3845 3425 3883 se
3455 3828 3620 3883 Pauli
3647 3844 3776 3884 esse

2115 3908 2203 3964 vel
2227 3908 2642 3982 Apollo,culpa
2673 3928 2793 3968 non
2827 3916 3161 3971 caruissent
3194 3933 3207 3973 :
3241 3918 3430 3972 multo
3467 3917 3656 3990 magis
3686 3917 3778 3973 di-

2115 4006 2317 4055 centes
2375 4016 2434 4055 se
2469 4001 2807 4072 sapientum
2838 4020 2968 4060 esse
3003 4011 3105 4060 aut
3161 4006 3436 4072 divitum,
3481 4022 3629 4078 quos
3659 4007 3775 4064 sibi

2113 4089 2259 4162 ipsis
2289 4095 2683 4162 prazceptores
2716 4094 3326 4169 constituerant.«Ego
3345 4112 3478 4152 vero
3499 4098 3770 4168 Cephae.»

2115 4179 2444 4235 Praeferens
2478 4179 2735 4250 Petrum,
2769 4190 3068 4254 postremo
3102 4185 3300 4257 ipsum
3351 4186 3480 4241 loco
3522 4186 3722 4258 posuit
3757 4205 3769 4242 :

2114 4268 2601 4341 quandoquidem
2635 4270 2758 4328 haec
2786 4274 3182 4330 accusationis
3207 4275 3446 4331 illorum
3477 4277 3666 4348 gratia
3682 4277 3771 4332 di-

2114 4359 2212 4414 cit.
2251 4381 2278 4407 «
2311 4360 2563 4415 Rursum
2597 4375 2702 4433 ego
2733 4361 2970 4420 Christi.
3007 4386 3034 4412 »
3066 4363 3195 4419 Non
3252 4365 3442 4438 carpit
3497 4365 3658 4437 quod.
3689 4366 3769 4422 di-

2115 4453 2358 4502 cerent:
2394 4473 2419 4494 ‹‹
2439 4451 2556 4522 Ego
2590 4449 2810 4506 Christi
2843 4469 2974 4507 sum
3010 4469 3024 4521 ;
3059 4453 3163 4508 sed
3195 4455 3350 4526 quod
3387 4471 3505 4510 non
3566 4471 3777 4511 omnes

2116 4535 2227 4591 hoc
2259 4537 2547 4600 dicerent,
2570 4539 2931 4613 indignatur.
2970 4565 2999 4593 «
3033 4543 3262 4599 Divisus
3295 4552 3382 4600 est
3403 4545 3672 4600 Christus
3700 4545 3727 4600 ?
3749 4569 3775 4595 ››

350 4623 582 4699 μὲννυςς
615 4628 702 4697 Μή
736 4647 888 4689 τινας
919 4621 1038 4702 ἔχει
1094 4625 1390 4686 κοινιυνςὺς
1434 4625 1522 4680 καὶ
1565 4623 1658 4680 σὺν
1707 4625 1856 4698 αὖτῷ
1903 4628 2003 4695 τήν

2121 4601 2730 4698 Rescinditisjnquit:
2756 4629 3076 4690 Christum,
3101 4630 3359 4686 dividitis
3389 4648 3603 4704 corpus
3621 4634 3770 4703 ejus.

348 4714 678 4791 οἰκουμένην
732 4715 1172 4792 πληρώσαντας;
1234 4715 1468 4792 Χριστὸς
1500 4715 1529 4771 6
1565 4716 1696 4789 ὑπὲρ
1753 4719 1850 4771 τοῦ
1907 4717 2004 4771 κό-

353 4824 498 4885 σμου
527 4807 836 4871 ἀποθανὼν,
873 4806 1022 4880 ὑμῶν
1058 4805 1116 4862 δὲ
1173 4803 1368 4868 οὐδείς.
1425 4805 1765 4880 Μεμέρῖσται
1797 4806 1825 4860 6
1870 4807 2002 4882 Χρι-

349 4893 491 4958 στός.
542 4896 801 4954 Τουτέστι
851 4899 986 4954 κατᾶ
1039 4894 1233 4973 μερίδα
1280 4897 1422 4959 τινὶς
1475 4897 1571 4970 μὲν
1621 4896 1713 4952 τὸν
1765 4897 2002 4970 Χριστὸν

348 4983 584 5061 ἔλαχον,
610 4984 775 5043 ἄλλοι
809 4984 866 5043 δὲ
899 4986 1103 5049 ἄλλους
1154 4987 1221 5044 Οἳ
1256 4986 1349 5058 μὲν
1387 4992 1601 5064 Κηφᾶν,
1636 4986 1687 5042 οἱ
1721 4983 2004 5043 δὲἈπολ-

347 5072 543 5154 λῶ,ὅς
583 5073 796 5154 λέγεται
845 5082 1062 5153 πρῶτος
1121 5075 1418 5138 ἐπίσκοπος
1476 5076 1749 5152 γεγονέναι
1810 5077 2001 5152 Κοριν-

347 5165 499 5230 θὲων.

2116 4713 2217 4766 Est
2246 4720 2446 4768 autem
2477 4713 2589 4770 hoc
2622 4716 2863 4772 verbum
2899 4719 3144 4790 plenum
3186 4721 3449 4775 terroris.
3510 4724 3626 4776 Aut
3671 4721 3773 4777 hoc

2116 4804 2276 4859 modo
2307 4807 2397 4877 (ut
2421 4805 2744 4879 μεμέρισται
2779 4809 2962 4864 active
2995 4808 3307 4882 signiﬁcet)
3343 4825 3357 4864 :
3390 4811 3538 4865 Num
3570 4810 3775 4865 divisit

2117 4895 2274 4950 inter
2303 4894 2579 4951 homines
2610 4896 2879 4954 Christus
2911 4915 3158 4972 regnum
3174 4899 3566 4956 etEcclesiam
3583 4900 3771 4955 ?Num

2115 4985 2404 5057 quosdam
2437 4986 2617 5041 habet
2646 4987 2934 5052 Christus,
2966 4990 3066 5061 qui
3101 4989 3510 5046 haereditatem
3535 5005 3668 5045 cum
3702 5005 3772 5046 eo

2115 5079 2399 5146 dividant,
2432 5087 2498 5134 ut
2527 5097 2660 5136 cum
2696 5098 2764 5136 eo
2820 5083 3112 5153 partiatur
3166 5084 3466 5155 quispiam
3519 5099 3619 5138 eos
3668 5082 3772 5154 qui

2116 5169 2258 5224 salvi
2291 5169 2443 5224 ﬁunt
2473 5168 2500 5224 ?
2526 5170 2678 5224 Num
2711 5171 2998 5241 quosdam
3025 5173 3205 5228 etiam
3230 5172 3413 5229 habet
3443 5180 3773 5240 consortes,

353 5249 578 5329 quique
610 5275 744 5316 cum
777 5276 846 5317 eo
904 5265 1196 5316 terrarum
1256 5257 1461 5315 orbem
1517 5257 1966 5331 impleverunt?
2029 5257 2299 5314 Christus
2355 5260 2406 5314 is
2453 5266 2542 5315 est
2595 5261 2694 5331 qui
2749 5278 2854 5333 pro
2917 5263 3140 5317 mundo
3199 5270 3471 5318 mortuus
3529 5270 3640 5324 est.
3675 5280 3773 5318 ve-

339 5338 532 5410 strum
592 5356 796 5405 autem
843 5350 1066 5406 nullus.
1126 5350 1356 5405 Divisus
1410 5351 1500 5420 (ut
1555 5349 1910 5404 afﬂrmative
1969 5348 2241 5421 legatur),
2302 5348 2361 5403 id
2446 5355 2556 5418 est,

2645 5351 2894 5406 seorsim
2983 5352 3226 5424 quidam
3313 5359 3572 5408 vestrum
3634 5369 3768 5408 sor-

336 5436 570 5494 tiuntur
598 5439 918 5508 Christum,
951 5440 1055 5496 alii
1087 5457 1222 5496 vero
1251 5439 1449 5495 alios:
1503 5454 1719 5511 nempe
1773 5438 1835 5494 hi
1892 5437 2176 5510 Cepham,
2237 5437 2326 5493 illi
2386 5455 2522 5496 vero
2580 5440 2814 5512 Apollo,
2876 5441 2976 5512 qui
3036 5442 3268 5514 primus
3328 5443 3517 5501 fuisse
3576 5441 3774 5499 dicitu

340 5527 786 5589 Corinthiorum
818 5533 1153 5604 episcopus.

379 5607 501 5690 ῘΜή
562 5618 778 5681 Παῦλος
836 5618 1150 5693 ἐσταυρώθη
1239 5619 1373 5675 ὗπὶο
1459 5618 1633 5689 ὑμῶν,
1695 5615 1731 5686 ἥ
1797 5616 1872 5678 εἷς
1928 5615 1990 5672 τὸ

337 5707 516 5782 δνομα
572 5709 796 5767 Παυλου
863 5705 1273 5781 ἑϐαπτίσθητις
1335 5709 1664 5787 Εὖχαριστῶ
1719 5713 1799 5783 τῷ
1853 5712 1991 5782 Qui),

2165 5617 2410 5685 1,1347.
2441 5641 2470 5667 ‹‹
2493 5617 2646 5676 Num
2679 5619 2906 5678 Paulus
2937 5637 3045 5696 pro
3076 5621 3240 5678 vobis
3270 5620 3589 5679 cruciﬁxus
3621 5623 3714 5675 est
3743 5617 3770 5672 τ

2094 5730 2122 5758 κ
2139 5712 2241 5765 aut
2270 5706 2334 5765 in
2365 5707 2609 5764 nomine
2640 5708 2810 5766 Pauli
2828 5709 3110 5782 baptizati
3140 5709 3339 5766 fuistis
3357 5707 3627 5766 iGratias
3651 5719 3760 5780 ago
