  <div class='ocr_page' id='page_1' title='image "/cluster/home/n/w/nwhite01/storage/ocr_20150623/118:no.1/coo.31924054870229/337.png"; bbox 0 0 4122 6402; ppageno 0'>
   <div class='ocr_carea' id='block_1_1' title="bbox 254 323 370 380">
    <p class='ocr_par' dir='ltr' id='par_1_1' title="bbox 254 323 370 380">
     <span class='ocr_line' id='line_1_1' title="bbox 254 323 370 380; baseline -0.017 0"><span class='ocrx_word' id='word_1_1' title='bbox 254 323 370 380; x_wconf 75' lang='grc'>647</span> 
     </span>
    </p>
   </div>
   <div class='ocr_carea' id='block_1_2' title="bbox 1341 300 2542 371">
    <p class='ocr_par' dir='ltr' id='par_1_2' title="bbox 1341 300 2542 371">
     <span class='ocr_line' id='line_1_2' title="bbox 1341 300 2542 371; baseline 0.002 -3"><span class='ocrx_word' id='word_1_2' title='bbox 1341 303 1766 368; x_wconf 80' lang='lat' dir='ltr'>CECUMENII</span> <span class='ocrx_word' id='word_1_3' title='bbox 1814 300 2119 368; x_wconf 71' lang='lat' dir='ltr'>TRICCIE</span> <span class='ocrx_word' id='word_1_4' title='bbox 2166 305 2542 371; x_wconf 83' lang='lat' dir='ltr'>EPISCOPI.</span> 
     </span>
    </p>
   </div>
   <div class='ocr_carea' id='block_1_3' title="bbox 3551 309 3674 368">
    <p class='ocr_par' dir='ltr' id='par_1_3' title="bbox 3551 309 3674 368">
     <span class='ocr_line' id='line_1_3' title="bbox 3551 309 3674 368; baseline 0 0"><span class='ocrx_word' id='word_1_5' title='bbox 3551 309 3674 368; x_wconf 74' lang='grc'>648</span> 
     </span>
    </p>
   </div>
   <div class='ocr_carea' id='block_1_4' title="bbox 258 436 1913 526">
    <p class='ocr_par' dir='ltr' id='par_1_4' title="bbox 258 439 1903 526">
     <span class='ocr_line' id='line_1_4' title="bbox 258 439 1903 526; baseline -0.013 -12"><span class='ocrx_word' id='word_1_6' title='bbox 258 482 285 506; x_wconf 81' lang='grc' dir='ltr'><strong><em>κ</em></strong></span> <span class='ocrx_word' id='word_1_7' title='bbox 306 459 424 513; x_wconf 91' lang='lat' dir='ltr'>Deo</span> <span class='ocrx_word' id='word_1_8' title='bbox 449 451 605 526; x_wconf 91' lang='lat' dir='ltr'>quod</span> <span class='ocrx_word' id='word_1_9' title='bbox 621 449 922 506; x_wconf 85' lang='lat' dir='ltr'>neminem</span> <span class='ocrx_word' id='word_1_10' title='bbox 948 450 1207 501; x_wconf 84' lang='lat' dir='ltr'>vestrum</span> <span class='ocrx_word' id='word_1_11' title='bbox 1226 442 1637 514; x_wconf 82' lang='lat' dir='ltr'>baptizaverim</span> <span class='ocrx_word' id='word_1_12' title='bbox 1656 439 1769 494; x_wconf 90' lang='lat' dir='ltr'>nisi</span> <span class='ocrx_word' id='word_1_13' title='bbox 1784 439 1903 493; x_wconf 80' lang='lat' dir='ltr'>Cri-</span> 
     </span>
    </p>
   </div>
   <div class='ocr_carea' id='block_1_5' title="bbox 2027 436 3678 526">
    <p class='ocr_par' dir='ltr' id='par_1_5' title="bbox 2027 436 3678 517">
     <span class='ocr_line' id='line_1_5' title="bbox 2027 436 3678 517; baseline 0.002 -26"><span class='ocrx_word' id='word_1_14' title='bbox 2027 436 2093 492; x_wconf 70' lang='grc' dir='ltr'>ίτι</span> <span class='ocrx_word' id='word_1_15' title='bbox 2155 438 2346 497; x_wconf 89' lang='grc' dir='ltr'>οὐδένα</span> <span class='ocrx_word' id='word_1_16' title='bbox 2407 445 2558 517; x_wconf 81' lang='grc' dir='ltr'>ὑμῶν</span> <span class='ocrx_word' id='word_1_17' title='bbox 2644 439 2950 510; x_wconf 82' lang='grc' dir='ltr'>ἐϐάπτισα,</span> <span class='ocrx_word' id='word_1_18' title='bbox 3030 441 3073 496; x_wconf 85' lang='grc' dir='ltr'>εἰ</span> <span class='ocrx_word' id='word_1_19' title='bbox 3136 442 3212 513; x_wconf 79' lang='grc' dir='ltr'>μή</span> <span class='ocrx_word' id='word_1_20' title='bbox 3274 439 3517 509; x_wconf 79' lang='grc' dir='ltr'>Κρίσπον</span> <span class='ocrx_word' id='word_1_21' title='bbox 3581 441 3678 497; x_wconf 82' lang='grc' dir='ltr'>καὶ</span> 
     </span>
    </p>
   </div>
   <div class='ocr_carea' id='block_1_6' title="bbox 279 530 1918 617">
    <p class='ocr_par' dir='ltr' id='par_1_6' title="bbox 279 530 1918 617">
     <span class='ocr_line' id='line_1_6' title="bbox 279 530 1918 617; baseline -0.01 -20"><span class='ocrx_word' id='word_1_22' title='bbox 279 567 300 597; x_wconf 71' lang='grc' dir='ltr'>ι</span> <span class='ocrx_word' id='word_1_23' title='bbox 331 560 500 617; x_wconf 89' lang='lat' dir='ltr'>spum</span> <span class='ocrx_word' id='word_1_24' title='bbox 519 548 577 597; x_wconf 81' lang='lat' dir='ltr'>et</span> <span class='ocrx_word' id='word_1_25' title='bbox 599 541 907 600; x_wconf 88' lang='lat' dir='ltr'>Gaium,ne</span> <span class='ocrx_word' id='word_1_26' title='bbox 930 536 1064 607; x_wconf 85' lang='lat' dir='ltr'>quis</span> <span class='ocrx_word' id='word_1_27' title='bbox 1085 533 1246 588; x_wconf 80' lang='lat' dir='ltr'>dicat</span> <span class='ocrx_word' id='word_1_28' title='bbox 1267 532 1500 605; x_wconf 86' lang='lat' dir='ltr'>quodin</span> <span class='ocrx_word' id='word_1_29' title='bbox 1524 530 1764 586; x_wconf 88' lang='lat' dir='ltr'>nomine</span> <span class='ocrx_word' id='word_1_30' title='bbox 1788 543 1918 582; x_wconf 89' lang='lat' dir='ltr'>meo</span> 
     </span>
    </p>
   </div>
   <div class='ocr_carea' id='block_1_7' title="bbox 261 615 1917 706">
    <p class='ocr_par' dir='ltr' id='par_1_7' title="bbox 261 615 1917 706">
     <span class='ocr_line' id='line_1_7' title="bbox 261 615 1917 706; baseline -0.008 -22"><span class='ocrx_word' id='word_1_31' title='bbox 261 660 286 684; x_wconf 84' lang='grc'><strong><em>‹‹</em></strong></span> <span class='ocrx_word' id='word_1_32' title='bbox 307 615 745 706; x_wconf 80' lang='lat' dir='ltr'>baptizaverim.</span> <span class='ocrx_word' id='word_1_33' title='bbox 768 625 1062 698; x_wconf 89' lang='lat' dir='ltr'>Baptizavi</span> <span class='ocrx_word' id='word_1_34' title='bbox 1085 632 1283 680; x_wconf 89' lang='lat' dir='ltr'>autem</span> <span class='ocrx_word' id='word_1_35' title='bbox 1319 631 1378 678; x_wconf 89' lang='lat' dir='ltr'>et</span> <span class='ocrx_word' id='word_1_36' title='bbox 1399 622 1712 693; x_wconf 78' lang='lat' dir='ltr'>Stephanae</span> <span class='ocrx_word' id='word_1_37' title='bbox 1733 615 1917 673; x_wconf 84' lang='lat' dir='ltr'>fami-</span> 
     </span>
    </p>
   </div>
   <div class='ocr_carea' id='block_1_8' title="bbox 260 707 1914 794">
    <p class='ocr_par' dir='ltr' id='par_1_8' title="bbox 260 707 1914 794">
     <span class='ocr_line' id='line_1_8' title="bbox 260 707 1914 794; baseline -0.011 -14"><span class='ocrx_word' id='word_1_38' title='bbox 260 725 446 780; x_wconf 84' lang='lat' dir='ltr'>«liam</span> <span class='ocrx_word' id='word_1_39' title='bbox 475 728 500 777; x_wconf 75' lang='grc' dir='ltr'><em>ἐ</em></span> <span class='ocrx_word' id='word_1_40' title='bbox 534 727 824 794; x_wconf 70' lang='lat' dir='ltr'>praeterea</span> <span class='ocrx_word' id='word_1_41' title='bbox 850 716 1008 772; x_wconf 83' lang='lat' dir='ltr'>haud</span> <span class='ocrx_word' id='word_1_42' title='bbox 1041 716 1164 770; x_wconf 90' lang='lat' dir='ltr'>scio</span> <span class='ocrx_word' id='word_1_43' title='bbox 1198 729 1343 769; x_wconf 92' lang='lat' dir='ltr'>num</span> <span class='ocrx_word' id='word_1_44' title='bbox 1395 728 1569 783; x_wconf 87' lang='lat' dir='ltr'>quem</span> <span class='ocrx_word' id='word_1_45' title='bbox 1602 709 1783 765; x_wconf 89' lang='lat' dir='ltr'>alium</span> <span class='ocrx_word' id='word_1_46' title='bbox 1816 707 1914 762; x_wconf 85' lang='lat' dir='ltr'>ba-</span> 
     </span>
    </p>
   </div>
   <div class='ocr_carea' id='block_1_9' title="bbox 261 797 1916 886">
    <p class='ocr_par' dir='ltr' id='par_1_9' title="bbox 261 797 1916 886">
     <span class='ocr_line' id='line_1_9' title="bbox 261 797 1916 886; baseline -0.009 -22"><span class='ocrx_word' id='word_1_47' title='bbox 261 838 286 864; x_wconf 83' lang='lat'><strong>«</strong></span> <span class='ocrx_word' id='word_1_48' title='bbox 305 811 800 886; x_wconf 69' lang='lat' dir='ltr'>ptizavei&#39;im.i\&#39;on</span> <span class='ocrx_word' id='word_1_49' title='bbox 815 807 973 862; x_wconf 85' lang='lat' dir='ltr'>enim</span> <span class='ocrx_word' id='word_1_50' title='bbox 994 805 1270 860; x_wconf 88' lang='lat' dir='ltr'>misitme</span> <span class='ocrx_word' id='word_1_51' title='bbox 1285 797 1916 869; x_wconf 76' lang='lat' dir='ltr'>Christus,utbaptiza~</span> 
     </span>
    </p>
   </div>
   <div class='ocr_carea' id='block_1_10' title="bbox 258 889 1915 968">
    <p class='ocr_par' dir='ltr' id='par_1_10' title="bbox 258 889 1915 968">
     <span class='ocr_line' id='line_1_10' title="bbox 258 889 1915 968; baseline -0.012 -9"><span class='ocrx_word' id='word_1_52' title='bbox 258 929 276 951; x_wconf 77' lang='grc' dir='ltr'><em>α</em></span> <span class='ocrx_word' id='word_1_53' title='bbox 322 920 470 968; x_wconf 85' lang='lat' dir='ltr'>rem,</span> <span class='ocrx_word' id='word_1_54' title='bbox 493 900 598 957; x_wconf 88' lang='lat' dir='ltr'>sed</span> <span class='ocrx_word' id='word_1_55' title='bbox 623 907 686 955; x_wconf 87' lang='lat' dir='ltr'>ut</span> <span class='ocrx_word' id='word_1_56' title='bbox 717 897 1093 968; x_wconf 80' lang='lat' dir='ltr'>Evangelium</span> <span class='ocrx_word' id='word_1_57' title='bbox 1128 892 1515 964; x_wconf 71' lang='lat' dir='ltr'>prmdicarem</span> <span class='ocrx_word' id='word_1_58' title='bbox 1542 907 1553 944; x_wconf 93' lang='lat'><strong>:</strong></span> <span class='ocrx_word' id='word_1_59' title='bbox 1580 905 1700 944; x_wconf 89' lang='lat' dir='ltr'>non</span> <span class='ocrx_word' id='word_1_60' title='bbox 1728 889 1788 941; x_wconf 89' lang='lat' dir='ltr'>in</span> <span class='ocrx_word' id='word_1_61' title='bbox 1821 902 1915 940; x_wconf 88' lang='lat' dir='ltr'>sa-</span> 
     </span>
    </p>
   </div>
   <div class='ocr_carea' id='block_1_11' title="bbox 262 978 1842 1063">
    <p class='ocr_par' dir='ltr' id='par_1_11' title="bbox 262 978 1842 1063">
     <span class='ocr_line' id='line_1_11' title="bbox 262 978 1842 1063; baseline -0.013 -16"><span class='ocrx_word' id='word_1_62' title='bbox 262 1015 281 1041; x_wconf 75' lang='grc' dir='ltr'>ε</span> <span class='ocrx_word' id='word_1_63' title='bbox 320 990 547 1063; x_wconf 88' lang='lat' dir='ltr'>pientia</span> <span class='ocrx_word' id='word_1_64' title='bbox 579 986 898 1050; x_wconf 80' lang='lat' dir='ltr'>sermonis,</span> <span class='ocrx_word' id='word_1_65' title='bbox 934 999 1007 1038; x_wconf 89' lang='lat' dir='ltr'>ne</span> <span class='ocrx_word' id='word_1_66' title='bbox 1040 987 1354 1037; x_wconf 88' lang='lat' dir='ltr'>evacuetur</span> <span class='ocrx_word' id='word_1_67' title='bbox 1385 996 1528 1034; x_wconf 84' lang='lat' dir='ltr'>crux</span> <span class='ocrx_word' id='word_1_68' title='bbox 1558 978 1842 1034; x_wconf 78' lang='lat' dir='ltr'>Christi.»</span> 
     </span>
    </p>
   </div>
   <div class='ocr_carea' id='block_1_12' title="bbox 326 1070 1910 1150">
    <p class='ocr_par' dir='ltr' id='par_1_12' title="bbox 326 1070 1910 1150">
     <span class='ocr_line' id='line_1_12' title="bbox 326 1070 1910 1150; baseline -0.009 -15"><span class='ocrx_word' id='word_1_69' title='bbox 326 1081 776 1150; x_wconf 89' lang='lat' dir='ltr'>Consequenter</span> <span class='ocrx_word' id='word_1_70' title='bbox 795 1074 949 1130; x_wconf 91' lang='lat' dir='ltr'>tollit</span> <span class='ocrx_word' id='word_1_71' title='bbox 981 1071 1139 1144; x_wconf 91' lang='lat' dir='ltr'>quod</span> <span class='ocrx_word' id='word_1_72' title='bbox 1170 1070 1493 1125; x_wconf 87' lang='lat' dir='ltr'>absurdum</span> <span class='ocrx_word' id='word_1_73' title='bbox 1526 1074 1910 1133; x_wconf 84' lang='lat' dir='ltr'>est,omnem-</span> 
     </span>
    </p>
   </div>
   <div class='ocr_carea' id='block_1_13' title="bbox 258 1157 1914 1242">
    <p class='ocr_par' dir='ltr' id='par_1_13' title="bbox 258 1157 1914 1242">
     <span class='ocr_line' id='line_1_13' title="bbox 258 1157 1914 1242; baseline -0.008 -16"><span class='ocrx_word' id='word_1_74' title='bbox 258 1186 372 1242; x_wconf 85' lang='lat' dir='ltr'>que</span> <span class='ocrx_word' id='word_1_75' title='bbox 407 1185 529 1224; x_wconf 86' lang='lat' dir='ltr'>rem</span> <span class='ocrx_word' id='word_1_76' title='bbox 563 1169 623 1222; x_wconf 90' lang='lat' dir='ltr'>in</span> <span class='ocrx_word' id='word_1_77' title='bbox 655 1167 916 1237; x_wconf 91' lang='lat' dir='ltr'>seipsum</span> <span class='ocrx_word' id='word_1_78' title='bbox 975 1160 1269 1217; x_wconf 80' lang='lat' dir='ltr'>traducit:</span> <span class='ocrx_word' id='word_1_79' title='bbox 1329 1175 1405 1213; x_wconf 91' lang='lat' dir='ltr'>ne</span> <span class='ocrx_word' id='word_1_80' title='bbox 1455 1174 1526 1212; x_wconf 86' lang='lat' dir='ltr'>ex</span> <span class='ocrx_word' id='word_1_81' title='bbox 1582 1157 1914 1212; x_wconf 84' lang='lat' dir='ltr'>invidentia</span> 
     </span>
    </p>
   </div>
   <div class='ocr_carea' id='block_1_14' title="bbox 256 1247 1911 1314">
    <p class='ocr_par' dir='ltr' id='par_1_14' title="bbox 256 1247 1911 1314">
     <span class='ocr_line' id='line_1_14' title="bbox 256 1247 1911 1314; baseline -0.007 -2"><span class='ocrx_word' id='word_1_82' title='bbox 256 1259 526 1314; x_wconf 85' lang='lat' dir='ltr'>videatur</span> <span class='ocrx_word' id='word_1_83' title='bbox 577 1256 944 1311; x_wconf 84' lang='lat' dir='ltr'>mentionem</span> <span class='ocrx_word' id='word_1_84' title='bbox 1003 1252 1197 1306; x_wconf 82' lang='lat' dir='ltr'>facere</span> <span class='ocrx_word' id='word_1_85' title='bbox 1255 1249 1574 1303; x_wconf 63' lang='lat' dir='ltr'>nominum</span> <span class='ocrx_word' id='word_1_86' title='bbox 1633 1247 1911 1302; x_wconf 86' lang='lat' dir='ltr'>aliorum.</span> 
     </span>
    </p>
   </div>
   <div class='ocr_carea' id='block_1_15' title="bbox 258 1337 1908 1405">
    <p class='ocr_par' dir='ltr' id='par_1_15' title="bbox 258 1337 1908 1405">
     <span class='ocr_line' id='line_1_15' title="bbox 258 1337 1908 1405; baseline -0.008 -1"><span class='ocrx_word' id='word_1_87' title='bbox 258 1350 372 1405; x_wconf 88' lang='lat' dir='ltr'>Nec</span> <span class='ocrx_word' id='word_1_88' title='bbox 397 1349 543 1402; x_wconf 87' lang='lat' dir='ltr'>dixit</span> <span class='ocrx_word' id='word_1_89' title='bbox 581 1364 592 1402; x_wconf 93' lang='lat'>:</span> <span class='ocrx_word' id='word_1_90' title='bbox 624 1347 778 1401; x_wconf 74' lang='grc' dir='ltr'>ιιαιι</span> <span class='ocrx_word' id='word_1_91' title='bbox 815 1346 961 1399; x_wconf 74' lang='lat' dir='ltr'>Num</span> <span class='ocrx_word' id='word_1_92' title='bbox 994 1340 1214 1396; x_wconf 86' lang='lat' dir='ltr'>Paulus</span> <span class='ocrx_word' id='word_1_93' title='bbox 1245 1354 1345 1393; x_wconf 87' lang='lat' dir='ltr'>vos</span> <span class='ocrx_word' id='word_1_94' title='bbox 1373 1337 1512 1392; x_wconf 89' lang='lat' dir='ltr'>fecit</span> <span class='ocrx_word' id='word_1_95' title='bbox 1540 1345 1642 1392; x_wconf 89' lang='lat' dir='ltr'>aut</span> <span class='ocrx_word' id='word_1_96' title='bbox 1671 1337 1908 1402; x_wconf 73' lang='lat' dir='ltr'>creavit,</span> 
     </span>
    </p>
   </div>
   <div class='ocr_carea' id='block_1_16' title="bbox 254 1426 1912 1509">
    <p class='ocr_par' dir='ltr' id='par_1_16' title="bbox 254 1426 1912 1509">
     <span class='ocr_line' id='line_1_16' title="bbox 254 1426 1912 1509; baseline -0.009 -14"><span class='ocrx_word' id='word_1_97' title='bbox 254 1439 357 1495; x_wconf 88' lang='lat' dir='ltr'>sed</span> <span class='ocrx_word' id='word_1_98' title='bbox 389 1436 545 1509; x_wconf 83' lang='lat' dir='ltr'>quod</span> <span class='ocrx_word' id='word_1_99' title='bbox 577 1435 765 1491; x_wconf 90' lang='lat' dir='ltr'>multo</span> <span class='ocrx_word' id='word_1_100' title='bbox 798 1430 1236 1504; x_wconf 88' lang='lat' dir='ltr'>ampliusillius</span> <span class='ocrx_word' id='word_1_101' title='bbox 1259 1427 1688 1499; x_wconf 82' lang='lat' dir='ltr'>benignitatem</span> <span class='ocrx_word' id='word_1_102' title='bbox 1716 1426 1912 1482; x_wconf 89' lang='lat' dir='ltr'>mani-</span> 
     </span>
    </p>
   </div>
   <div class='ocr_carea' id='block_1_17' title="bbox 251 1515 1912 1595">
    <p class='ocr_par' dir='ltr' id='par_1_17' title="bbox 251 1515 1912 1595">
     <span class='ocr_line' id='line_1_17' title="bbox 251 1515 1912 1595; baseline -0.007 -13"><span class='ocrx_word' id='word_1_103' title='bbox 251 1527 526 1595; x_wconf 82' lang='lat' dir='ltr'>festabat,</span> <span class='ocrx_word' id='word_1_104' title='bbox 561 1541 798 1581; x_wconf 87' lang='lat' dir='ltr'>crucem</span> <span class='ocrx_word' id='word_1_105' title='bbox 834 1523 893 1577; x_wconf 92' lang='lat' dir='ltr'>in</span> <span class='ocrx_word' id='word_1_106' title='bbox 925 1520 1187 1576; x_wconf 90' lang='lat' dir='ltr'>medium</span> <span class='ocrx_word' id='word_1_107' title='bbox 1222 1516 1490 1582; x_wconf 83' lang='lat' dir='ltr'>adduxit,</span> <span class='ocrx_word' id='word_1_108' title='bbox 1519 1532 1585 1571; x_wconf 90' lang='lat' dir='ltr'>ac</span> <span class='ocrx_word' id='word_1_109' title='bbox 1615 1515 1912 1587; x_wconf 89' lang='lat' dir='ltr'>baptisma</span> 
     </span>
    </p>
   </div>
   <div class='ocr_carea' id='block_1_18' title="bbox 251 1605 1909 1690">
    <p class='ocr_par' dir='ltr' id='par_1_18' title="bbox 251 1605 1909 1690">
     <span class='ocr_line' id='line_1_18' title="bbox 251 1605 1909 1690; baseline -0.007 -18"><span class='ocrx_word' id='word_1_110' title='bbox 251 1634 366 1690; x_wconf 91' lang='lat' dir='ltr'>quo</span> <span class='ocrx_word' id='word_1_111' title='bbox 399 1615 794 1689; x_wconf 79' lang='lat' dir='ltr'>puriﬁcantur</span> <span class='ocrx_word' id='word_1_112' title='bbox 823 1617 1085 1684; x_wconf 89' lang='lat' dir='ltr'>peccata.</span> <span class='ocrx_word' id='word_1_113' title='bbox 1118 1611 1262 1664; x_wconf 82' lang='lat' dir='ltr'>Nam</span> <span class='ocrx_word' id='word_1_114' title='bbox 1319 1623 1425 1678; x_wconf 89' lang='lat' dir='ltr'>per</span> <span class='ocrx_word' id='word_1_115' title='bbox 1483 1605 1608 1661; x_wconf 65' lang='lat' dir='ltr'>haec</span> <span class='ocrx_word' id='word_1_116' title='bbox 1670 1605 1770 1660; x_wconf 89' lang='lat' dir='ltr'>Dei</span> <span class='ocrx_word' id='word_1_117' title='bbox 1816 1621 1909 1660; x_wconf 84' lang='lat' dir='ltr'>re-</span> 
     </span>
    </p>
   </div>
   <div class='ocr_carea' id='block_1_19' title="bbox 250 1705 880 1778">
    <p class='ocr_par' dir='ltr' id='par_1_19' title="bbox 250 1705 880 1778">
     <span class='ocr_line' id='line_1_19' title="bbox 250 1705 880 1778; baseline -0.008 -17"><span class='ocrx_word' id='word_1_118' title='bbox 250 1723 433 1778; x_wconf 83' lang='lat' dir='ltr'>gnum</span> <span class='ocrx_word' id='word_1_119' title='bbox 466 1705 625 1760; x_wconf 89' lang='lat' dir='ltr'>nacti</span> <span class='ocrx_word' id='word_1_120' title='bbox 654 1719 880 1758; x_wconf 91' lang='lat' dir='ltr'>sumus.</span> 
     </span>
    </p>
   </div>
   <div class='ocr_carea' id='block_1_20' title="bbox 325 1783 1989 1874">
    <p class='ocr_par' dir='ltr' id='par_1_20' title="bbox 325 1783 1989 1874">
     <span class='ocr_line' id='line_1_20' title="bbox 325 1783 1989 1874; baseline -0.01 -23"><span class='ocrx_word' id='word_1_121' title='bbox 325 1795 410 1851; x_wconf 87' lang='lat' dir='ltr'>Ab</span> <span class='ocrx_word' id='word_1_122' title='bbox 443 1793 682 1850; x_wconf 80' lang='lat' dir='ltr'>exordio</span> <span class='ocrx_word' id='word_1_123' title='bbox 714 1799 911 1847; x_wconf 91' lang='lat' dir='ltr'>autem</span> <span class='ocrx_word' id='word_1_124' title='bbox 942 1788 1220 1862; x_wconf 66' lang='lat' dir='ltr'>Epistolas:</span> <span class='ocrx_word' id='word_1_125' title='bbox 1239 1787 1300 1842; x_wconf 93' lang='lat' dir='ltr'>in</span> <span class='ocrx_word' id='word_1_126' title='bbox 1319 1787 1499 1842; x_wconf 82' lang='lat' dir='ltr'>finem</span> <span class='ocrx_word' id='word_1_127' title='bbox 1518 1800 1708 1855; x_wconf 84' lang='lat' dir='ltr'>usque</span> <span class='ocrx_word' id='word_1_128' title='bbox 1726 1783 1910 1839; x_wconf 87' lang='lat' dir='ltr'>conti-</span> <span class='ocrx_word' id='word_1_129' title='bbox 1942 1810 1989 1874; x_wconf 77' lang='grc' dir='ltr'><strong>Β</strong></span> 
     </span>
    </p>
   </div>
   <div class='ocr_carea' id='block_1_21' title="bbox 254 1873 1913 1941">
    <p class='ocr_par' dir='ltr' id='par_1_21' title="bbox 254 1873 1913 1941">
     <span class='ocr_line' id='line_1_21' title="bbox 254 1873 1913 1941; baseline -0.008 -1"><span class='ocrx_word' id='word_1_130' title='bbox 254 1903 372 1941; x_wconf 91' lang='lat' dir='ltr'>nuo</span> <span class='ocrx_word' id='word_1_131' title='bbox 405 1886 591 1939; x_wconf 85' lang='lat' dir='ltr'>ferme</span> <span class='ocrx_word' id='word_1_132' title='bbox 649 1882 858 1938; x_wconf 85' lang='lat' dir='ltr'>ordine</span> <span class='ocrx_word' id='word_1_133' title='bbox 918 1879 1198 1936; x_wconf 87' lang='lat' dir='ltr'>meminit</span> <span class='ocrx_word' id='word_1_134' title='bbox 1254 1877 1517 1932; x_wconf 89' lang='lat' dir='ltr'>nominis</span> <span class='ocrx_word' id='word_1_135' title='bbox 1573 1873 1814 1941; x_wconf 89' lang='lat' dir='ltr'>Christi,</span> <span class='ocrx_word' id='word_1_136' title='bbox 1846 1879 1913 1928; x_wconf 91' lang='lat' dir='ltr'>ut</span> 
     </span>
    </p>
   </div>
   <div class='ocr_carea' id='block_1_22' title="bbox 249 1965 1916 2045">
    <p class='ocr_par' dir='ltr' id='par_1_22' title="bbox 249 1965 1916 2045">
     <span class='ocr_line' id='line_1_22' title="bbox 249 1965 1916 2045; baseline -0.008 -15"><span class='ocrx_word' id='word_1_137' title='bbox 249 1975 590 2045; x_wconf 82' lang='lat' dir='ltr'>frequentia</span> <span class='ocrx_word' id='word_1_138' title='bbox 623 1972 902 2028; x_wconf 87' lang='lat' dir='ltr'>salutaris</span> <span class='ocrx_word' id='word_1_139' title='bbox 928 1971 1105 2041; x_wconf 82' lang='lat' dir='ltr'>hujus</span> <span class='ocrx_word' id='word_1_140' title='bbox 1149 1965 1570 2040; x_wconf 81' lang='lat' dir='ltr'>appellationis</span> <span class='ocrx_word' id='word_1_141' title='bbox 1601 1966 1818 2020; x_wconf 85' lang='lat' dir='ltr'>fastum</span> <span class='ocrx_word' id='word_1_142' title='bbox 1849 1978 1916 2018; x_wconf 90' lang='lat' dir='ltr'>ac</span> 
     </span>
    </p>
   </div>
   <div class='ocr_carea' id='block_1_23' title="bbox 255 2057 1914 2135">
    <p class='ocr_par' dir='ltr' id='par_1_23' title="bbox 255 2057 1914 2135">
     <span class='ocr_line' id='line_1_23' title="bbox 255 2057 1914 2135; baseline -0.008 -15"><span class='ocrx_word' id='word_1_143' title='bbox 255 2063 632 2135; x_wconf 83' lang='lat' dir='ltr'>putredinem</span> <span class='ocrx_word' id='word_1_144' title='bbox 689 2059 1041 2135; x_wconf 78' lang='lat' dir='ltr'>arrogantiae</span> <span class='ocrx_word' id='word_1_145' title='bbox 1115 2057 1474 2113; x_wconf 77' lang='lat' dir='ltr'>exhauriens</span> <span class='ocrx_word' id='word_1_146' title='bbox 1543 2058 1914 2126; x_wconf 82' lang='lat' dir='ltr'>expurgaret.</span> 
     </span>
    </p>
   </div>
   <div class='ocr_carea' id='block_1_24' title="bbox 255 2143 1916 2226">
    <p class='ocr_par' dir='ltr' id='par_1_24' title="bbox 255 2143 1916 2226">
     <span class='ocr_line' id='line_1_24' title="bbox 255 2143 1916 2226; baseline -0.005 -21"><span class='ocrx_word' id='word_1_147' title='bbox 255 2155 545 2210; x_wconf 71' lang='lat' dir='ltr'>«Gratias</span> <span class='ocrx_word' id='word_1_148' title='bbox 593 2169 698 2226; x_wconf 84' lang='lat' dir='ltr'>ago</span> <span class='ocrx_word' id='word_1_149' title='bbox 763 2157 899 2206; x_wconf 90' lang='lat' dir='ltr'>Deo.</span> <span class='ocrx_word' id='word_1_150' title='bbox 938 2173 964 2200; x_wconf 83' lang='grc'><strong>››</strong></span> <span class='ocrx_word' id='word_1_151' title='bbox 1025 2147 1312 2220; x_wconf 88' lang='lat' dir='ltr'>Baptizavi</span> <span class='ocrx_word' id='word_1_152' title='bbox 1373 2145 1638 2218; x_wconf 90' lang='lat' dir='ltr'>quidem.</span> <span class='ocrx_word' id='word_1_153' title='bbox 1693 2143 1796 2199; x_wconf 91' lang='lat' dir='ltr'>sed</span> <span class='ocrx_word' id='word_1_154' title='bbox 1854 2143 1916 2198; x_wconf 91' lang='lat' dir='ltr'>in</span> 
     </span>
    </p>
   </div>
   <div class='ocr_carea' id='block_1_25' title="bbox 257 2231 1916 2311">
    <p class='ocr_par' dir='ltr' id='par_1_25' title="bbox 257 2231 1916 2311">
     <span class='ocr_line' id='line_1_25' title="bbox 257 2231 1916 2311; baseline -0.008 -13"><span class='ocrx_word' id='word_1_155' title='bbox 257 2244 473 2298; x_wconf 88' lang='lat' dir='ltr'>Christi</span> <span class='ocrx_word' id='word_1_156' title='bbox 510 2243 775 2309; x_wconf 84' lang='lat' dir='ltr'>nomine,</span> <span class='ocrx_word' id='word_1_157' title='bbox 810 2239 1022 2311; x_wconf 83' lang='lat' dir='ltr'>inquit.</span> <span class='ocrx_word' id='word_1_158' title='bbox 1059 2240 1174 2293; x_wconf 87' lang='lat' dir='ltr'>Cur</span> <span class='ocrx_word' id='word_1_159' title='bbox 1229 2237 1448 2306; x_wconf 76' lang='lat' dir='ltr'>gratias</span> <span class='ocrx_word' id='word_1_160' title='bbox 1497 2235 1642 2308; x_wconf 84' lang='lat' dir='ltr'>agis,</span> <span class='ocrx_word' id='word_1_161' title='bbox 1714 2231 1916 2292; x_wconf 86' lang='lat' dir='ltr'>Paule.</span> 
     </span>
    </p>
   </div>
   <div class='ocr_carea' id='block_1_26' title="bbox 257 2322 1918 2404">
    <p class='ocr_par' dir='ltr' id='par_1_26' title="bbox 257 2322 1918 2404">
     <span class='ocr_line' id='line_1_26' title="bbox 257 2322 1918 2404; baseline -0.007 -15"><span class='ocrx_word' id='word_1_162' title='bbox 257 2332 415 2404; x_wconf 91' lang='lat' dir='ltr'>quod</span> <span class='ocrx_word' id='word_1_163' title='bbox 455 2333 758 2389; x_wconf 89' lang='lat' dir='ltr'>neminem</span> <span class='ocrx_word' id='word_1_164' title='bbox 821 2347 1023 2386; x_wconf 88' lang='lat' dir='ltr'>eorum</span> <span class='ocrx_word' id='word_1_165' title='bbox 1067 2327 1451 2399; x_wconf 80' lang='lat' dir='ltr'>baptizaveris</span> <span class='ocrx_word' id='word_1_166' title='bbox 1490 2331 1706 2396; x_wconf 68' lang='lat' dir='ltr'>praeter</span> <span class='ocrx_word' id='word_1_167' title='bbox 1779 2322 1918 2377; x_wconf 88' lang='lat' dir='ltr'>illos</span> 
     </span>
    </p>
   </div>
   <div class='ocr_carea' id='block_1_27' title="bbox 255 2411 1917 2493">
    <p class='ocr_par' dir='ltr' id='par_1_27' title="bbox 255 2411 1917 2493">
     <span class='ocr_line' id='line_1_27' title="bbox 255 2411 1917 2493; baseline -0.007 -17"><span class='ocrx_word' id='word_1_168' title='bbox 255 2439 402 2493; x_wconf 90' lang='lat' dir='ltr'>quos</span> <span class='ocrx_word' id='word_1_169' title='bbox 435 2420 928 2477; x_wconf 83' lang='lat' dir='ltr'>enumerasti?an</span> <span class='ocrx_word' id='word_1_170' title='bbox 953 2418 1284 2488; x_wconf 88' lang='lat' dir='ltr'>baptismus</span> <span class='ocrx_word' id='word_1_171' title='bbox 1315 2411 1917 2485; x_wconf 87' lang='lat' dir='ltr'>interillaponendus</span> 
     </span>
    </p>
   </div>
   <div class='ocr_carea' id='block_1_28' title="bbox 257 2506 1916 2585">
    <p class='ocr_par' dir='ltr' id='par_1_28' title="bbox 257 2506 1916 2585">
     <span class='ocr_line' id='line_1_28' title="bbox 257 2506 1916 2585; baseline -0.005 -17"><span class='ocrx_word' id='word_1_172' title='bbox 257 2522 626 2585; x_wconf 88' lang='lat' dir='ltr'>est,quorum</span> <span class='ocrx_word' id='word_1_173' title='bbox 665 2528 842 2584; x_wconf 85' lang='lat' dir='ltr'>parva</span> <span class='ocrx_word' id='word_1_174' title='bbox 872 2517 960 2566; x_wconf 93' lang='lat' dir='ltr'>est</span> <span class='ocrx_word' id='word_1_175' title='bbox 987 2510 1263 2565; x_wconf 87' lang='lat' dir='ltr'>habenda</span> <span class='ocrx_word' id='word_1_176' title='bbox 1289 2506 1485 2562; x_wconf 87' lang='lat' dir='ltr'>ratio?</span> <span class='ocrx_word' id='word_1_177' title='bbox 1514 2519 1916 2576; x_wconf 85' lang='lat' dir='ltr'>nequaquam,</span> 
     </span>
    </p>
   </div>
   <div class='ocr_carea' id='block_1_29' title="bbox 256 2595 1916 2674">
    <p class='ocr_par' dir='ltr' id='par_1_29' title="bbox 256 2595 1916 2674">
     <span class='ocr_line' id='line_1_29' title="bbox 256 2595 1916 2674; baseline -0.005 -17"><span class='ocrx_word' id='word_1_178' title='bbox 256 2605 475 2674; x_wconf 87' lang='lat' dir='ltr'>inquit,</span> <span class='ocrx_word' id='word_1_179' title='bbox 510 2602 612 2656; x_wconf 91' lang='lat' dir='ltr'>sed</span> <span class='ocrx_word' id='word_1_180' title='bbox 644 2600 716 2656; x_wconf 88' lang='lat' dir='ltr'>de</span> <span class='ocrx_word' id='word_1_181' title='bbox 775 2600 887 2655; x_wconf 91' lang='lat' dir='ltr'>hoc</span> <span class='ocrx_word' id='word_1_182' title='bbox 941 2599 1164 2670; x_wconf 87' lang='lat' dir='ltr'>duplici</span> <span class='ocrx_word' id='word_1_183' title='bbox 1221 2597 1467 2651; x_wconf 90' lang='lat' dir='ltr'>nomine</span> <span class='ocrx_word' id='word_1_184' title='bbox 1521 2595 1738 2668; x_wconf 78' lang='lat' dir='ltr'>gratias</span> <span class='ocrx_word' id='word_1_185' title='bbox 1788 2609 1916 2666; x_wconf 91' lang='lat' dir='ltr'>ago.</span> 
     </span>
    </p>
   </div>
   <div class='ocr_carea' id='block_1_30' title="bbox 255 2681 1920 2763">
    <p class='ocr_par' dir='ltr' id='par_1_30' title="bbox 255 2681 1920 2763">
     <span class='ocr_line' id='line_1_30' title="bbox 255 2681 1920 2763; baseline -0.005 -16"><span class='ocrx_word' id='word_1_186' title='bbox 255 2693 378 2748; x_wconf 87' lang='lat' dir='ltr'>Uno</span> <span class='ocrx_word' id='word_1_187' title='bbox 423 2690 662 2763; x_wconf 86' lang='lat' dir='ltr'>quidem</span> <span class='ocrx_word' id='word_1_188' title='bbox 697 2689 857 2761; x_wconf 91' lang='lat' dir='ltr'>quod</span> <span class='ocrx_word' id='word_1_189' title='bbox 916 2704 1036 2743; x_wconf 94' lang='lat' dir='ltr'>non</span> <span class='ocrx_word' id='word_1_190' title='bbox 1077 2684 1429 2758; x_wconf 84' lang='lat' dir='ltr'>baptizando</span> <span class='ocrx_word' id='word_1_191' title='bbox 1463 2700 1584 2739; x_wconf 89' lang='lat' dir='ltr'>non</span> <span class='ocrx_word' id='word_1_192' title='bbox 1647 2681 1920 2738; x_wconf 87' lang='lat' dir='ltr'>dederim</span> 
     </span>
    </p>
   </div>
   <div class='ocr_carea' id='block_1_31' title="bbox 254 2770 1918 2852">
    <p class='ocr_par' dir='ltr' id='par_1_31' title="bbox 254 2770 1918 2852">
     <span class='ocr_line' id='line_1_31' title="bbox 254 2770 1918 2852; baseline -0.006 -17"><span class='ocrx_word' id='word_1_193' title='bbox 254 2780 614 2852; x_wconf 86' lang='lat' dir='ltr'>quibusdam</span> <span class='ocrx_word' id='word_1_194' title='bbox 647 2795 856 2834; x_wconf 87' lang='lat' dir='ltr'>ansam</span> <span class='ocrx_word' id='word_1_195' title='bbox 883 2775 1140 2841; x_wconf 91' lang='lat' dir='ltr'>dicendi,</span> <span class='ocrx_word' id='word_1_196' title='bbox 1177 2773 1337 2845; x_wconf 92' lang='lat' dir='ltr'>quod</span> <span class='ocrx_word' id='word_1_197' title='bbox 1372 2772 1590 2828; x_wconf 89' lang='lat' dir='ltr'>multos</span> <span class='ocrx_word' id='word_1_198' title='bbox 1624 2770 1696 2825; x_wconf 89' lang='lat' dir='ltr'>ob</span> <span class='ocrx_word' id='word_1_199' title='bbox 1728 2770 1788 2826; x_wconf 91' lang='lat' dir='ltr'>id</span> <span class='ocrx_word' id='word_1_200' title='bbox 1811 2770 1918 2826; x_wconf 88' lang='lat' dir='ltr'>ba-</span> 
     </span>
    </p>
   </div>
   <div class='ocr_carea' id='block_1_32' title="bbox 255 2860 1922 2941">
    <p class='ocr_par' dir='ltr' id='par_1_32' title="bbox 255 2860 1922 2941">
     <span class='ocr_line' id='line_1_32' title="bbox 255 2860 1922 2941; baseline -0.006 -17"><span class='ocrx_word' id='word_1_201' title='bbox 255 2871 684 2941; x_wconf 80' lang='lat' dir='ltr'>ptizarem.quo</span> <span class='ocrx_word' id='word_1_202' title='bbox 700 2875 912 2923; x_wconf 65' lang='lat' dir='ltr'>castum</span> <span class='ocrx_word' id='word_1_203' title='bbox 942 2864 1372 2936; x_wconf 89' lang='lat' dir='ltr'>discipulorum</span> <span class='ocrx_word' id='word_1_204' title='bbox 1409 2861 1554 2917; x_wconf 87' lang='lat' dir='ltr'>mihi</span> <span class='ocrx_word' id='word_1_205' title='bbox 1574 2861 1683 2934; x_wconf 90' lang='lat' dir='ltr'>ipsi</span> <span class='ocrx_word' id='word_1_206' title='bbox 1705 2860 1922 2915; x_wconf 87' lang='lat' dir='ltr'>consti-</span> 
     </span>
    </p>
   </div>
   <div class='ocr_carea' id='block_1_33' title="bbox 255 2951 1916 3029">
    <p class='ocr_par' dir='ltr' id='par_1_33' title="bbox 255 2951 1916 3029">
     <span class='ocr_line' id='line_1_33' title="bbox 255 2951 1916 3029; baseline -0.006 -16"><span class='ocrx_word' id='word_1_207' title='bbox 255 2957 851 3029; x_wconf 76' lang='lat' dir='ltr'>tuens,prmceptoris</span> <span class='ocrx_word' id='word_1_208' title='bbox 883 2973 948 3011; x_wconf 92' lang='lat' dir='ltr'>ac</span> <span class='ocrx_word' id='word_1_209' title='bbox 980 2955 1147 3010; x_wconf 88' lang='lat' dir='ltr'>ducis</span> <span class='ocrx_word' id='word_1_210' title='bbox 1180 2969 1398 3008; x_wconf 86' lang='lat' dir='ltr'>nomen</span> <span class='ocrx_word' id='word_1_211' title='bbox 1432 2952 1576 3007; x_wconf 85' lang='lat' dir='ltr'>mihi</span> <span class='ocrx_word' id='word_1_212' title='bbox 1601 2951 1916 3021; x_wconf 81' lang='lat' dir='ltr'>conquire-</span> 
     </span>
    </p>
   </div>
   <div class='ocr_carea' id='block_1_34' title="bbox 254 3043 1914 3118">
    <p class='ocr_par' dir='ltr' id='par_1_34' title="bbox 254 3043 1914 3118">
     <span class='ocr_line' id='line_1_34' title="bbox 254 3043 1914 3118; baseline -0.006 -14"><span class='ocrx_word' id='word_1_213' title='bbox 254 3067 400 3104; x_wconf 79' lang='lat' dir='ltr'>rem.</span> <span class='ocrx_word' id='word_1_214' title='bbox 438 3049 638 3103; x_wconf 78' lang='lat' dir='ltr'>Altero</span> <span class='ocrx_word' id='word_1_215' title='bbox 671 3054 866 3102; x_wconf 92' lang='lat' dir='ltr'>autem</span> <span class='ocrx_word' id='word_1_216' title='bbox 902 3045 1061 3118; x_wconf 92' lang='lat' dir='ltr'>quod</span> <span class='ocrx_word' id='word_1_217' title='bbox 1096 3061 1289 3116; x_wconf 89' lang='lat' dir='ltr'>neque</span> <span class='ocrx_word' id='word_1_218' title='bbox 1340 3043 1414 3099; x_wconf 89' lang='lat' dir='ltr'>ad</span> <span class='ocrx_word' id='word_1_219' title='bbox 1446 3059 1576 3098; x_wconf 89' lang='lat' dir='ltr'>eam</span> <span class='ocrx_word' id='word_1_220' title='bbox 1611 3057 1734 3096; x_wconf 88' lang='lat' dir='ltr'>rem</span> <span class='ocrx_word' id='word_1_221' title='bbox 1774 3057 1914 3111; x_wconf 88' lang='lat' dir='ltr'>apo-</span> 
     </span>
    </p>
   </div>
   <div class='ocr_carea' id='block_1_35' title="bbox 253 3130 1914 3206">
    <p class='ocr_par' dir='ltr' id='par_1_35' title="bbox 253 3130 1914 3206">
     <span class='ocr_line' id='line_1_35' title="bbox 253 3130 1914 3206; baseline -0.007 -13"><span class='ocrx_word' id='word_1_222' title='bbox 253 3139 540 3194; x_wconf 88' lang='lat' dir='ltr'>stolorum</span> <span class='ocrx_word' id='word_1_223' title='bbox 599 3137 894 3192; x_wconf 80' lang='lat' dir='ltr'>aChristo</span> <span class='ocrx_word' id='word_1_224' title='bbox 926 3134 1280 3206; x_wconf 90' lang='lat' dir='ltr'>acceperim.</span> <span class='ocrx_word' id='word_1_225' title='bbox 1344 3131 1529 3187; x_wconf 83' lang='lat' dir='ltr'>Simul</span> <span class='ocrx_word' id='word_1_226' title='bbox 1589 3130 1914 3186; x_wconf 88' lang='lat' dir='ltr'>ostendens</span> 
     </span>
    </p>
   </div>
   <div class='ocr_carea' id='block_1_36' title="bbox 252 3221 1916 3300">
    <p class='ocr_par' dir='ltr' id='par_1_36' title="bbox 252 3221 1916 3300">
     <span class='ocr_line' id='line_1_36' title="bbox 252 3221 1916 3300; baseline -0.007 -17"><span class='ocrx_word' id='word_1_227' title='bbox 252 3227 408 3299; x_wconf 93' lang='lat' dir='ltr'>quod</span> <span class='ocrx_word' id='word_1_228' title='bbox 442 3228 491 3282; x_wconf 89' lang='lat' dir='ltr'>si</span> <span class='ocrx_word' id='word_1_229' title='bbox 525 3243 652 3300; x_wconf 80' lang='lat' dir='ltr'>ego.</span> <span class='ocrx_word' id='word_1_230' title='bbox 688 3226 906 3297; x_wconf 89' lang='lat' dir='ltr'>inquit,</span> <span class='ocrx_word' id='word_1_231' title='bbox 951 3225 1112 3296; x_wconf 92' lang='lat' dir='ltr'>quia</span> <span class='ocrx_word' id='word_1_232' title='bbox 1143 3222 1376 3278; x_wconf 86' lang='lat' dir='ltr'>Christo</span> <span class='ocrx_word' id='word_1_233' title='bbox 1437 3221 1655 3276; x_wconf 74' lang='lat' dir='ltr'>missus</span> <span class='ocrx_word' id='word_1_234' title='bbox 1684 3235 1812 3274; x_wconf 90' lang='lat' dir='ltr'>sum</span> <span class='ocrx_word' id='word_1_235' title='bbox 1851 3223 1916 3272; x_wconf 92' lang='lat' dir='ltr'>ut</span> 
     </span>
    </p>
   </div>
   <div class='ocr_carea' id='block_1_37' title="bbox 252 3307 1909 3388">
    <p class='ocr_par' dir='ltr' id='par_1_37' title="bbox 252 3307 1909 3388">
     <span class='ocr_line' id='line_1_37' title="bbox 252 3307 1909 3388; baseline -0.005 -19"><span class='ocrx_word' id='word_1_236' title='bbox 252 3317 640 3388; x_wconf 71' lang='lat' dir='ltr'>prazdicarem</span> <span class='ocrx_word' id='word_1_237' title='bbox 689 3322 749 3370; x_wconf 91' lang='lat' dir='ltr'>et</span> <span class='ocrx_word' id='word_1_238' title='bbox 792 3314 1212 3370; x_wconf 90' lang='lat' dir='ltr'>annuntiarem</span> <span class='ocrx_word' id='word_1_239' title='bbox 1269 3311 1458 3382; x_wconf 90' lang='lat' dir='ltr'>ipsius</span> <span class='ocrx_word' id='word_1_240' title='bbox 1508 3307 1909 3380; x_wconf 77' lang='lat' dir='ltr'>Evangelium,</span> 
     </span>
    </p>
   </div>
   <div class='ocr_carea' id='block_1_38' title="bbox 255 3395 1915 3477">
    <p class='ocr_par' dir='ltr' id='par_1_38' title="bbox 255 3395 1915 3477">
     <span class='ocr_line' id='line_1_38' title="bbox 255 3395 1915 3477; baseline -0.008 -16"><span class='ocrx_word' id='word_1_241' title='bbox 255 3422 428 3477; x_wconf 84' lang='lat' dir='ltr'>parce</span> <span class='ocrx_word' id='word_1_242' title='bbox 461 3423 526 3460; x_wconf 91' lang='lat' dir='ltr'>ac</span> <span class='ocrx_word' id='word_1_243' title='bbox 560 3422 694 3460; x_wconf 90' lang='lat' dir='ltr'>raro</span> <span class='ocrx_word' id='word_1_244' title='bbox 721 3404 1008 3476; x_wconf 85' lang='lat' dir='ltr'>baptizavi</span> <span class='ocrx_word' id='word_1_245' title='bbox 1067 3419 1200 3457; x_wconf 92' lang='lat' dir='ltr'>cum</span> <span class='ocrx_word' id='word_1_246' title='bbox 1261 3407 1460 3455; x_wconf 86' lang='lat' dir='ltr'>tamen</span> <span class='ocrx_word' id='word_1_247' title='bbox 1493 3404 1807 3470; x_wconf 81' lang='lat' dir='ltr'>cognatum</span> <span class='ocrx_word' id='word_1_248' title='bbox 1839 3395 1915 3449; x_wconf 89' lang='lat' dir='ltr'>sit</span> 
     </span>
    </p>
   </div>
   <div class='ocr_carea' id='block_1_39' title="bbox 255 3485 1914 3564">
    <p class='ocr_par' dir='ltr' id='par_1_39' title="bbox 255 3485 1914 3564">
     <span class='ocr_line' id='line_1_39' title="bbox 255 3485 1914 3564; baseline -0.007 -14"><span class='ocrx_word' id='word_1_249' title='bbox 255 3513 321 3550; x_wconf 90' lang='lat' dir='ltr'>ac</span> <span class='ocrx_word' id='word_1_250' title='bbox 353 3494 794 3550; x_wconf 91' lang='lat' dir='ltr'>consecutivum</span> <span class='ocrx_word' id='word_1_251' title='bbox 828 3492 1125 3564; x_wconf 89' lang='lat' dir='ltr'>baptisma</span> <span class='ocrx_word' id='word_1_252' title='bbox 1181 3487 1624 3562; x_wconf 64' lang='lat' dir='ltr'>praedicationis</span> <span class='ocrx_word' id='word_1_253' title='bbox 1651 3503 1663 3540; x_wconf 93' lang='lat'>:</span> <span class='ocrx_word' id='word_1_254' title='bbox 1691 3502 1789 3540; x_wconf 88' lang='lat' dir='ltr'>vos</span> <span class='ocrx_word' id='word_1_255' title='bbox 1813 3485 1914 3554; x_wconf 90' lang='lat' dir='ltr'>qui</span> 
     </span>
    </p>
   </div>
   <div class='ocr_carea' id='block_1_40' title="bbox 255 3577 1906 3656">
    <p class='ocr_par' dir='ltr' id='par_1_40' title="bbox 255 3577 1906 3656">
     <span class='ocr_line' id='line_1_40' title="bbox 255 3577 1906 3656; baseline -0.007 -18"><span class='ocrx_word' id='word_1_256' title='bbox 255 3584 492 3656; x_wconf 84' lang='lat' dir='ltr'>penitus</span> <span class='ocrx_word' id='word_1_257' title='bbox 527 3583 692 3638; x_wconf 88' lang='lat' dir='ltr'>missi</span> <span class='ocrx_word' id='word_1_258' title='bbox 726 3600 845 3637; x_wconf 91' lang='lat' dir='ltr'>non</span> <span class='ocrx_word' id='word_1_259' title='bbox 880 3581 1043 3641; x_wconf 86' lang='lat' dir='ltr'>estis.</span> <span class='ocrx_word' id='word_1_260' title='bbox 1065 3578 1366 3652; x_wconf 87' lang='lat' dir='ltr'>quomodo</span> <span class='ocrx_word' id='word_1_261' title='bbox 1385 3593 1483 3632; x_wconf 83' lang='lat' dir='ltr'>vos</span> <span class='ocrx_word' id='word_1_262' title='bbox 1516 3577 1675 3648; x_wconf 87' lang='lat' dir='ltr'>ipsos</span> <span class='ocrx_word' id='word_1_263' title='bbox 1694 3589 1906 3647; x_wconf 80' lang='lat' dir='ltr'>pra-ce-</span> 
     </span>
    </p>
   </div>
   <div class='ocr_carea' id='block_1_41' title="bbox 255 3667 1912 3746">
    <p class='ocr_par' dir='ltr' id='par_1_41' title="bbox 255 3667 1912 3746">
     <span class='ocr_line' id='line_1_41' title="bbox 255 3667 1912 3746; baseline -0.004 -17"><span class='ocrx_word' id='word_1_264' title='bbox 255 3682 454 3746; x_wconf 87' lang='lat' dir='ltr'>ptores</span> <span class='ocrx_word' id='word_1_265' title='bbox 490 3673 771 3729; x_wconf 83' lang='lat' dir='ltr'>exhibere</span> <span class='ocrx_word' id='word_1_266' title='bbox 809 3672 1041 3730; x_wconf 88' lang='lat' dir='ltr'>audetis</span> <span class='ocrx_word' id='word_1_267' title='bbox 1064 3670 1090 3724; x_wconf 83' lang='lat'>‘?</span> <span class='ocrx_word' id='word_1_268' title='bbox 1114 3669 1408 3742; x_wconf 92' lang='lat' dir='ltr'>quomodo</span> <span class='ocrx_word' id='word_1_269' title='bbox 1443 3685 1579 3723; x_wconf 89' lang='lat' dir='ltr'>vero</span> <span class='ocrx_word' id='word_1_270' title='bbox 1612 3667 1790 3723; x_wconf 89' lang='lat' dir='ltr'>etiam</span> <span class='ocrx_word' id='word_1_271' title='bbox 1815 3667 1912 3724; x_wconf 89' lang='lat' dir='ltr'>ba-</span> 
     </span>
    </p>
   </div>
   <div class='ocr_carea' id='block_1_42' title="bbox 253 3756 1914 3834">
    <p class='ocr_par' dir='ltr' id='par_1_42' title="bbox 253 3756 1914 3834">
     <span class='ocr_line' id='line_1_42' title="bbox 253 3756 1914 3834; baseline -0.002 -18"><span class='ocrx_word' id='word_1_272' title='bbox 253 3763 482 3834; x_wconf 90' lang='lat' dir='ltr'>ptizatis</span> <span class='ocrx_word' id='word_1_273' title='bbox 509 3769 643 3830; x_wconf 88' lang='lat' dir='ltr'>;aut</span> <span class='ocrx_word' id='word_1_274' title='bbox 674 3762 927 3818; x_wconf 91' lang='lat' dir='ltr'>aliorum</span> <span class='ocrx_word' id='word_1_275' title='bbox 946 3759 1251 3832; x_wconf 90' lang='lat' dir='ltr'>quidpiam</span> <span class='ocrx_word' id='word_1_276' title='bbox 1268 3759 1512 3814; x_wconf 91' lang='lat' dir='ltr'>omnino</span> <span class='ocrx_word' id='word_1_277' title='bbox 1547 3756 1914 3830; x_wconf 82' lang='lat' dir='ltr'>facitis,quo-</span> 
     </span>
    </p>
   </div>
   <div class='ocr_carea' id='block_1_43' title="bbox 251 3845 1736 3925">
    <p class='ocr_par' dir='ltr' id='par_1_43' title="bbox 251 3845 1736 3925">
     <span class='ocr_line' id='line_1_43' title="bbox 251 3845 1736 3925; baseline -0.003 -19"><span class='ocrx_word' id='word_1_278' title='bbox 251 3869 383 3907; x_wconf 81' lang='lat' dir='ltr'>rum</span> <span class='ocrx_word' id='word_1_279' title='bbox 416 3851 640 3908; x_wconf 90' lang='lat' dir='ltr'>donum</span> <span class='ocrx_word' id='word_1_280' title='bbox 680 3857 784 3908; x_wconf 89' lang='lat' dir='ltr'>aut</span> <span class='ocrx_word' id='word_1_281' title='bbox 809 3850 1209 3925; x_wconf 88' lang='lat' dir='ltr'>apostolatum</span> <span class='ocrx_word' id='word_1_282' title='bbox 1233 3865 1352 3903; x_wconf 91' lang='lat' dir='ltr'>non</span> <span class='ocrx_word' id='word_1_283' title='bbox 1383 3845 1736 3919; x_wconf 84' lang='lat' dir='ltr'>accepistis?</span> 
     </span>
    </p>
   </div>
   <div class='ocr_carea' id='block_1_44' title="bbox 328 3935 1913 4008">
    <p class='ocr_par' dir='ltr' id='par_1_44' title="bbox 328 3935 1913 4008">
     <span class='ocr_line' id='line_1_44' title="bbox 328 3935 1913 4008; baseline -0.008 -10"><span class='ocrx_word' id='word_1_284' title='bbox 328 3967 347 3990; x_wconf 76' lang='grc' dir='ltr'>ι</span> <span class='ocrx_word' id='word_1_285' title='bbox 412 3942 579 4008; x_wconf 89' lang='lat' dir='ltr'>Quod</span> <span class='ocrx_word' id='word_1_286' title='bbox 685 3942 992 3997; x_wconf 88' lang='lat' dir='ltr'>neminem</span> <span class='ocrx_word' id='word_1_287' title='bbox 1077 3947 1337 3994; x_wconf 81' lang='lat' dir='ltr'>vestrum</span> <span class='ocrx_word' id='word_1_288' title='bbox 1395 3935 1832 4008; x_wconf 87' lang='lat' dir='ltr'>baptizaverim.</span> <span class='ocrx_word' id='word_1_289' title='bbox 1884 3958 1913 3987; x_wconf 89' lang='grc'>››</span> 
     </span>
    </p>
   </div>
   <div class='ocr_carea' id='block_1_45' title="bbox 255 4028 1912 4100">
    <p class='ocr_par' dir='ltr' id='par_1_45' title="bbox 255 4028 1912 4100">
     <span class='ocr_line' id='line_1_45' title="bbox 255 4028 1912 4100; baseline -0.002 -12"><span class='ocrx_word' id='word_1_290' title='bbox 255 4032 505 4098; x_wconf 89' lang='lat' dir='ltr'>Quidam</span> <span class='ocrx_word' id='word_1_291' title='bbox 550 4034 623 4088; x_wconf 89' lang='lat' dir='ltr'>ob</span> <span class='ocrx_word' id='word_1_292' title='bbox 687 4050 788 4090; x_wconf 88' lang='lat' dir='ltr'>eos</span> <span class='ocrx_word' id='word_1_293' title='bbox 841 4031 1322 4088; x_wconf 81' lang='lat' dir='ltr'>intumescebant</span> <span class='ocrx_word' id='word_1_294' title='bbox 1379 4045 1527 4100; x_wconf 88' lang='lat' dir='ltr'>quos</span> <span class='ocrx_word' id='word_1_295' title='bbox 1585 4028 1912 4099; x_wconf 57' lang='lat' dir='ltr'>baptizave.</span> 
     </span>
    </p>
   </div>
   <div class='ocr_carea' id='block_1_46' title="bbox 255 4118 1915 4192">
    <p class='ocr_par' dir='ltr' id='par_1_46' title="bbox 255 4118 1915 4192">
     <span class='ocr_line' id='line_1_46' title="bbox 255 4118 1915 4192; baseline -0.002 -15"><span class='ocrx_word' id='word_1_296' title='bbox 255 4128 410 4178; x_wconf 88' lang='lat' dir='ltr'>rant.</span> <span class='ocrx_word' id='word_1_297' title='bbox 429 4123 631 4192; x_wconf 86' lang='lat' dir='ltr'>Itaque</span> <span class='ocrx_word' id='word_1_298' title='bbox 650 4122 734 4177; x_wconf 88' lang='lat' dir='ltr'>ait</span> <span class='ocrx_word' id='word_1_299' title='bbox 756 4121 937 4187; x_wconf 87' lang='lat' dir='ltr'>:Quid</span> <span class='ocrx_word' id='word_1_300' title='bbox 968 4119 1542 4186; x_wconf 88' lang='lat' dir='ltr'>intumescitis,cum</span> <span class='ocrx_word' id='word_1_301' title='bbox 1572 4133 1675 4189; x_wconf 85' lang='lat' dir='ltr'>ego</span> <span class='ocrx_word' id='word_1_302' title='bbox 1697 4118 1915 4190; x_wconf 81' lang='lat' dir='ltr'>gratias</span> 
     </span>
    </p>
   </div>
   <div class='ocr_carea' id='block_1_47' title="bbox 255 4204 1915 4282">
    <p class='ocr_par' dir='ltr' id='par_1_47' title="bbox 255 4204 1915 4282">
     <span class='ocr_line' id='line_1_47' title="bbox 255 4204 1915 4282; baseline -0.003 -17"><span class='ocrx_word' id='word_1_303' title='bbox 255 4227 424 4281; x_wconf 75' lang='lat' dir='ltr'>agam</span> <span class='ocrx_word' id='word_1_304' title='bbox 457 4210 615 4282; x_wconf 90' lang='lat' dir='ltr'>quod</span> <span class='ocrx_word' id='word_1_305' title='bbox 639 4227 758 4265; x_wconf 91' lang='lat' dir='ltr'>non</span> <span class='ocrx_word' id='word_1_306' title='bbox 786 4207 1376 4281; x_wconf 81' lang='lat' dir='ltr'>baptizaverim‘?Hoc</span> <span class='ocrx_word' id='word_1_307' title='bbox 1407 4212 1606 4262; x_wconf 90' lang='lat' dir='ltr'>autem</span> <span class='ocrx_word' id='word_1_308' title='bbox 1627 4204 1915 4260; x_wconf 81' lang='lat' dir='ltr'>dicitillo-</span> 
     </span>
    </p>
   </div>
   <div class='ocr_carea' id='block_1_48' title="bbox 255 4294 1917 4372">
    <p class='ocr_par' dir='ltr' id='par_1_48' title="bbox 255 4294 1917 4372">
     <span class='ocr_line' id='line_1_48' title="bbox 255 4294 1917 4372; baseline -0.002 -20"><span class='ocrx_word' id='word_1_309' title='bbox 255 4317 386 4354; x_wconf 88' lang='lat' dir='ltr'>rum</span> <span class='ocrx_word' id='word_1_310' title='bbox 421 4315 758 4372; x_wconf 84' lang='lat' dir='ltr'>expurgans</span> <span class='ocrx_word' id='word_1_311' title='bbox 779 4297 1202 4371; x_wconf 84' lang='lat' dir='ltr'>arrogantiam,</span> <span class='ocrx_word' id='word_1_312' title='bbox 1227 4312 1346 4350; x_wconf 92' lang='lat' dir='ltr'>non</span> <span class='ocrx_word' id='word_1_313' title='bbox 1365 4294 1917 4366; x_wconf 84' lang='lat' dir='ltr'>baptismavilipen-</span> 
     </span>
    </p>
   </div>
   <div class='ocr_carea' id='block_1_49' title="bbox 257 4381 1915 4458">
    <p class='ocr_par' dir='ltr' id='par_1_49' title="bbox 257 4381 1915 4458">
     <span class='ocr_line' id='line_1_49' title="bbox 257 4381 1915 4458; baseline 0 -18"><span class='ocrx_word' id='word_1_314' title='bbox 257 4386 422 4443; x_wconf 87' lang='lat' dir='ltr'>dens.</span> <span class='ocrx_word' id='word_1_315' title='bbox 453 4387 622 4443; x_wconf 84' lang='lat' dir='ltr'>Absit</span> <span class='ocrx_word' id='word_1_316' title='bbox 643 4387 715 4441; x_wconf 84' lang='lat'>?«</span> <span class='ocrx_word' id='word_1_317' title='bbox 742 4389 822 4442; x_wconf 83' lang='lat' dir='ltr'>Ne</span> <span class='ocrx_word' id='word_1_318' title='bbox 855 4388 989 4458; x_wconf 89' lang='lat' dir='ltr'>quis</span> <span class='ocrx_word' id='word_1_319' title='bbox 1017 4387 1192 4441; x_wconf 88' lang='lat' dir='ltr'>dicat.</span> <span class='ocrx_word' id='word_1_320' title='bbox 1227 4406 1255 4434; x_wconf 85' lang='lat'>»</span> <span class='ocrx_word' id='word_1_321' title='bbox 1280 4381 1673 4449; x_wconf 88' lang='lat' dir='ltr'>Quamobrem</span> <span class='ocrx_word' id='word_1_322' title='bbox 1697 4383 1915 4455; x_wconf 87' lang='lat' dir='ltr'>gratias</span> 
     </span>
    </p>
   </div>
   <div class='ocr_carea' id='block_1_50' title="bbox 251 4471 1912 4548">
    <p class='ocr_par' dir='ltr' id='par_1_50' title="bbox 251 4471 1912 4548">
     <span class='ocr_line' id='line_1_50' title="bbox 251 4471 1912 4548; baseline -0.003 -17"><span class='ocrx_word' id='word_1_323' title='bbox 251 4477 376 4548; x_wconf 77' lang='lat' dir='ltr'>agis</span> <span class='ocrx_word' id='word_1_324' title='bbox 409 4477 567 4548; x_wconf 91' lang='lat' dir='ltr'>quod</span> <span class='ocrx_word' id='word_1_325' title='bbox 597 4477 903 4533; x_wconf 90' lang='lat' dir='ltr'>neminem</span> <span class='ocrx_word' id='word_1_326' title='bbox 936 4473 1320 4547; x_wconf 87' lang='lat' dir='ltr'>baptizaveris</span> <span class='ocrx_word' id='word_1_327' title='bbox 1351 4471 1380 4527; x_wconf 70' lang='grc' dir='ltr'>ἰ)</span> <span class='ocrx_word' id='word_1_328' title='bbox 1437 4494 1464 4521; x_wconf 90' lang='grc'>››</span> <span class='ocrx_word' id='word_1_329' title='bbox 1521 4473 1602 4527; x_wconf 92' lang='lat' dir='ltr'>Ne</span> <span class='ocrx_word' id='word_1_330' title='bbox 1657 4472 1789 4544; x_wconf 89' lang='lat' dir='ltr'>quis</span> <span class='ocrx_word' id='word_1_331' title='bbox 1821 4471 1912 4527; x_wconf 87' lang='lat' dir='ltr'>di-</span> 
     </span>
    </p>
   </div>
   <div class='ocr_carea' id='block_1_51' title="bbox 2034 524 3678 609">
    <p class='ocr_par' dir='ltr' id='par_1_51' title="bbox 2034 524 3678 609">
     <span class='ocr_line' id='line_1_51' title="bbox 2088 528 3643 553; baseline -0.003 -4"><span class='ocrx_word' id='word_1_332' title='bbox 2088 529 2128 549; x_wconf 70' lang='grc' dir='ltr'>ν..</span> <span class='ocrx_word' id='word_1_333' title='bbox 2240 528 2264 549; x_wconf 77' lang='grc' dir='ltr'><em>η</em></span> <span class='ocrx_word' id='word_1_334' title='bbox 2605 533 2628 553; x_wconf 61' lang='grc' dir='ltr'>τι</span> <span class='ocrx_word' id='word_1_335' title='bbox 2766 533 2772 546; x_wconf 81' lang='grc'><strong><em>1</em></strong></span> <span class='ocrx_word' id='word_1_336' title='bbox 3051 531 3063 546; x_wconf 65' lang='grc' dir='ltr'>ε</span> <span class='ocrx_word' id='word_1_337' title='bbox 3134 530 3146 546; x_wconf 68' lang='lat' dir='ltr'>s</span> <span class='ocrx_word' id='word_1_338' title='bbox 3209 532 3220 546; x_wconf 66' lang='grc' dir='ltr'>ι</span> <span class='ocrx_word' id='word_1_339' title='bbox 3557 530 3570 546; x_wconf 64' lang='grc' dir='ltr'><strong>τ</strong></span> <span class='ocrx_word' id='word_1_340' title='bbox 3634 532 3643 545; x_wconf 76' lang='grc' dir='ltr'><em>ο</em></span> 
     </span>
     <span class='ocr_line' id='line_1_52' title="bbox 2034 524 3678 609; baseline 0.002 -28"><span class='ocrx_word' id='word_1_341' title='bbox 2034 533 2214 600; x_wconf 83' lang='grc' dir='ltr'>Γαιον,</span> <span class='ocrx_word' id='word_1_342' title='bbox 2251 553 2327 586; x_wconf 90' lang='grc' dir='ltr'>ινα</span> <span class='ocrx_word' id='word_1_343' title='bbox 2361 536 2552 605; x_wconf 78' lang='grc' dir='ltr'>μήτις</span> <span class='ocrx_word' id='word_1_344' title='bbox 2583 555 2708 609; x_wconf 79' lang='grc' dir='ltr'>ειπῃ</span> <span class='ocrx_word' id='word_1_345' title='bbox 2743 534 2828 588; x_wconf 75' lang='grc' dir='ltr'>ὁτι</span> <span class='ocrx_word' id='word_1_346' title='bbox 2881 532 2958 594; x_wconf 78' lang='grc' dir='ltr'>εἰς</span> <span class='ocrx_word' id='word_1_347' title='bbox 3012 553 3074 588; x_wconf 90' lang='grc' dir='ltr'>το</span> <span class='ocrx_word' id='word_1_348' title='bbox 3135 553 3261 606; x_wconf 76' lang='grc' dir='ltr'>εμον</span> <span class='ocrx_word' id='word_1_349' title='bbox 3321 524 3496 602; x_wconf 69' lang='grc' dir='ltr'>ὄιομα</span> <span class='ocrx_word' id='word_1_350' title='bbox 3553 525 3678 585; x_wconf 86' lang='grc' dir='ltr'>εϐα-</span> 
     </span>
    </p>
   </div>
   <div class='ocr_carea' id='block_1_52' title="bbox 2026 616 3679 697">
    <p class='ocr_par' dir='ltr' id='par_1_52' title="bbox 2026 616 3679 697">
     <span class='ocr_line' id='line_1_53' title="bbox 2026 616 3679 697; baseline 0 -23"><span class='ocrx_word' id='word_1_351' title='bbox 2026 616 2538 678; x_wconf 83' lang='grc' dir='ltr'>πτισα.Ἐϐάπτισα</span> <span class='ocrx_word' id='word_1_352' title='bbox 2596 621 2654 678; x_wconf 78' lang='grc' dir='ltr'>δὲ</span> <span class='ocrx_word' id='word_1_353' title='bbox 2708 622 2798 677; x_wconf 84' lang='grc' dir='ltr'>καὶ</span> <span class='ocrx_word' id='word_1_354' title='bbox 2854 624 2945 678; x_wconf 86' lang='grc' dir='ltr'>τὸν</span> <span class='ocrx_word' id='word_1_355' title='bbox 3008 626 3254 697; x_wconf 64' lang='grc' dir='ltr'>Στεφανά</span> <span class='ocrx_word' id='word_1_356' title='bbox 3313 622 3484 676; x_wconf 75' lang='grc' dir='ltr'>οἶκον.</span> <span class='ocrx_word' id='word_1_357' title='bbox 3544 629 3679 674; x_wconf 84' lang='grc' dir='ltr'>Λοι-</span> 
     </span>
    </p>
   </div>
   <div class='ocr_carea' id='block_1_53' title="bbox 2025 706 3681 785">
    <p class='ocr_par' dir='ltr' id='par_1_53' title="bbox 2025 706 3681 785">
     <span class='ocr_line' id='line_1_54' title="bbox 2025 706 3681 785; baseline -0.001 -20"><span class='ocrx_word' id='word_1_358' title='bbox 2025 711 2124 765; x_wconf 85' lang='grc' dir='ltr'>πὸν</span> <span class='ocrx_word' id='word_1_359' title='bbox 2186 709 2286 766; x_wconf 89' lang='grc' dir='ltr'>οὐκ</span> <span class='ocrx_word' id='word_1_360' title='bbox 2343 709 2460 766; x_wconf 69' lang='grc' dir='ltr'>οἶδα</span> <span class='ocrx_word' id='word_1_361' title='bbox 2513 712 2562 767; x_wconf 80' lang='grc' dir='ltr'>εἷ’</span> <span class='ocrx_word' id='word_1_362' title='bbox 2637 734 2758 767; x_wconf 90' lang='grc' dir='ltr'>τινα</span> <span class='ocrx_word' id='word_1_363' title='bbox 2844 710 3016 769; x_wconf 74' lang='grc' dir='ltr'>ἄλλον</span> <span class='ocrx_word' id='word_1_364' title='bbox 3077 706 3388 768; x_wconf 83' lang='grc' dir='ltr'>ἐϐάπτισα.</span> <span class='ocrx_word' id='word_1_365' title='bbox 3450 709 3521 765; x_wconf 86' lang='grc' dir='ltr'>Οὐ</span> <span class='ocrx_word' id='word_1_366' title='bbox 3577 710 3681 785; x_wconf 76' lang='grc' dir='ltr'>γάρ</span> 
     </span>
    </p>
   </div>
   <div class='ocr_carea' id='block_1_54' title="bbox 2025 797 3682 877">
    <p class='ocr_par' dir='ltr' id='par_1_54' title="bbox 2025 797 3682 877">
     <span class='ocr_line' id='line_1_55' title="bbox 2025 797 3682 877; baseline -0.001 -24"><span class='ocrx_word' id='word_1_367' title='bbox 2025 798 2310 856; x_wconf 85' lang='grc' dir='ltr'>ἀπέστειλέ</span> <span class='ocrx_word' id='word_1_368' title='bbox 2371 823 2437 875; x_wconf 88' lang='grc' dir='ltr'>με</span> <span class='ocrx_word' id='word_1_369' title='bbox 2522 805 2756 876; x_wconf 80' lang='grc' dir='ltr'>Χριστὸς</span> <span class='ocrx_word' id='word_1_370' title='bbox 2841 803 3141 877; x_wconf 78' lang='grc' dir='ltr'>βαπτίζειν,</span> <span class='ocrx_word' id='word_1_371' title='bbox 3201 800 3331 854; x_wconf 82' lang='grc' dir='ltr'>ἀλλ’</span> <span class='ocrx_word' id='word_1_372' title='bbox 3391 797 3682 874; x_wconf 79' lang='grc' dir='ltr'>εὐαγγελί-</span> 
     </span>
    </p>
   </div>
   <div class='ocr_carea' id='block_1_55' title="bbox 2026 890 3679 970">
    <p class='ocr_par' dir='ltr' id='par_1_55' title="bbox 2026 890 3679 970">
     <span class='ocr_line' id='line_1_56' title="bbox 2026 890 3679 970; baseline 0.001 -27"><span class='ocrx_word' id='word_1_373' title='bbox 2026 892 2254 960; x_wconf 77' lang='grc' dir='ltr'>ζεσθαι,</span> <span class='ocrx_word' id='word_1_374' title='bbox 2323 891 2422 946; x_wconf 87' lang='grc' dir='ltr'>οὐκ</span> <span class='ocrx_word' id='word_1_375' title='bbox 2473 892 2523 946; x_wconf 80' lang='grc' dir='ltr'>ἐν</span> <span class='ocrx_word' id='word_1_376' title='bbox 2601 892 2763 970; x_wconf 70' lang='grc' dir='ltr'>σοφίά</span> <span class='ocrx_word' id='word_1_377' title='bbox 2838 892 3004 969; x_wconf 82' lang='grc' dir='ltr'>λόγου</span> <span class='ocrx_word' id='word_1_378' title='bbox 3074 890 3163 947; x_wconf 69' lang='grc' dir='ltr'>’ἱνα</span> <span class='ocrx_word' id='word_1_379' title='bbox 3252 892 3327 964; x_wconf 75' lang='grc' dir='ltr'>μὴ</span> <span class='ocrx_word' id='word_1_380' title='bbox 3382 893 3592 961; x_wconf 81' lang='grc' dir='ltr'>κενωθῇ</span> <span class='ocrx_word' id='word_1_381' title='bbox 3650 890 3679 945; x_wconf 81' lang='grc' dir='ltr'>ὁ</span> 
     </span>
    </p>
   </div>
   <div class='ocr_carea' id='block_1_56' title="bbox 2024 981 2669 1053">
    <p class='ocr_par' dir='ltr' id='par_1_56' title="bbox 2024 981 2669 1053">
     <span class='ocr_line' id='line_1_57' title="bbox 2024 981 2669 1053; baseline 0.006 -19"><span class='ocrx_word' id='word_1_382' title='bbox 2024 981 2257 1053; x_wconf 87' lang='grc' dir='ltr'>σταυρὸς</span> <span class='ocrx_word' id='word_1_383' title='bbox 2284 985 2382 1036; x_wconf 84' lang='grc' dir='ltr'>τοῦ</span> <span class='ocrx_word' id='word_1_384' title='bbox 2412 983 2669 1049; x_wconf 75' lang='grc' dir='ltr'>Χριστοῦ.</span> 
     </span>
    </p>
   </div>
   <div class='ocr_carea' id='block_1_57' title="bbox 2094 1068 3681 1151">
    <p class='ocr_par' dir='ltr' id='par_1_57' title="bbox 2094 1068 3681 1151">
     <span class='ocr_line' id='line_1_58' title="bbox 2094 1068 3681 1151; baseline 0 -27"><span class='ocrx_word' id='word_1_385' title='bbox 2094 1070 2298 1125; x_wconf 81' lang='grc' dir='ltr'>Λοιπὸν</span> <span class='ocrx_word' id='word_1_386' title='bbox 2327 1070 2538 1143; x_wconf 65' lang='grc' dir='ltr'>ἀναιρεῖ</span> <span class='ocrx_word' id='word_1_387' title='bbox 2565 1073 2626 1126; x_wconf 89' lang='grc' dir='ltr'>τὸ</span> <span class='ocrx_word' id='word_1_388' title='bbox 2663 1074 2882 1142; x_wconf 72' lang='grc' dir='ltr'>άτοπον,</span> <span class='ocrx_word' id='word_1_389' title='bbox 2939 1072 3025 1126; x_wconf 75' lang='grc' dir='ltr'>καὶ</span> <span class='ocrx_word' id='word_1_390' title='bbox 3087 1070 3149 1125; x_wconf 86' lang='grc' dir='ltr'>τὸ</span> <span class='ocrx_word' id='word_1_391' title='bbox 3207 1075 3310 1126; x_wconf 77' lang='grc' dir='ltr'>π’άν</span> <span class='ocrx_word' id='word_1_392' title='bbox 3363 1069 3444 1151; x_wconf 67' lang='grc' dir='ltr'>ἐφ’</span> <span class='ocrx_word' id='word_1_393' title='bbox 3489 1068 3681 1124; x_wconf 69' lang='grc' dir='ltr'>ἑαυτὸν</span> 
     </span>
    </p>
   </div>
   <div class='ocr_carea' id='block_1_58' title="bbox 2022 1161 3677 1245">
    <p class='ocr_par' dir='ltr' id='par_1_58' title="bbox 2022 1161 3677 1245">
     <span class='ocr_line' id='line_1_59' title="bbox 2022 1161 3677 1245; baseline 0 -29"><span class='ocrx_word' id='word_1_394' title='bbox 2022 1165 2194 1240; x_wconf 77' lang='grc' dir='ltr'>φέρει,</span> <span class='ocrx_word' id='word_1_395' title='bbox 2221 1161 2309 1218; x_wconf 71' lang='grc' dir='ltr'>’ἱνα</span> <span class='ocrx_word' id='word_1_396' title='bbox 2343 1165 2420 1240; x_wconf 74' lang='grc' dir='ltr'>μὴ</span> <span class='ocrx_word' id='word_1_397' title='bbox 2453 1161 2581 1240; x_wconf 70' lang='grc' dir='ltr'>δόξῃ</span> <span class='ocrx_word' id='word_1_398' title='bbox 2610 1165 2744 1220; x_wconf 80' lang='grc' dir='ltr'>κατὰ</span> <span class='ocrx_word' id='word_1_399' title='bbox 2781 1164 2973 1245; x_wconf 69' lang='grc' dir='ltr'>φθόνον</span> <span class='ocrx_word' id='word_1_400' title='bbox 3025 1163 3336 1238; x_wconf 73' lang='grc' dir='ltr'>ἀλλοτρίων</span> <span class='ocrx_word' id='word_1_401' title='bbox 3390 1162 3677 1234; x_wconf 75' lang='grc' dir='ltr'>ὀνομάτων</span> 
     </span>
    </p>
   </div>
   <div class='ocr_carea' id='block_1_59' title="bbox 2023 1251 3682 1325">
    <p class='ocr_par' dir='ltr' id='par_1_59' title="bbox 2023 1251 3682 1325">
     <span class='ocr_line' id='line_1_60' title="bbox 2023 1251 3682 1325; baseline -0.001 -19"><span class='ocrx_word' id='word_1_402' title='bbox 2023 1255 2352 1325; x_wconf 76' lang='grc' dir='ltr'>μεμνῆσθαι.</span> <span class='ocrx_word' id='word_1_403' title='bbox 2385 1254 2496 1308; x_wconf 82' lang='grc' dir='ltr'>Οὐκ</span> <span class='ocrx_word' id='word_1_404' title='bbox 2518 1255 2654 1323; x_wconf 79' lang='grc' dir='ltr'>εἶπε,</span> <span class='ocrx_word' id='word_1_405' title='bbox 2716 1256 2806 1322; x_wconf 77' lang='grc' dir='ltr'>Μή</span> <span class='ocrx_word' id='word_1_406' title='bbox 2843 1253 3058 1314; x_wconf 83' lang='grc' dir='ltr'>Παῦλος</span> <span class='ocrx_word' id='word_1_407' title='bbox 3107 1252 3332 1322; x_wconf 77' lang='grc' dir='ltr'>ἐποίησε</span> <span class='ocrx_word' id='word_1_408' title='bbox 3363 1258 3449 1307; x_wconf 76' lang='grc' dir='ltr'>καὶ</span> <span class='ocrx_word' id='word_1_409' title='bbox 3508 1251 3682 1306; x_wconf 81' lang='grc' dir='ltr'>ἐπλα-</span> 
     </span>
    </p>
   </div>
   <div class='ocr_carea' id='block_1_60' title="bbox 2022 1341 3679 1420">
    <p class='ocr_par' dir='ltr' id='par_1_60' title="bbox 2022 1341 3679 1420">
     <span class='ocr_line' id='line_1_61' title="bbox 2022 1341 3679 1420; baseline -0.001 -23"><span class='ocrx_word' id='word_1_410' title='bbox 2022 1363 2108 1397; x_wconf 86' lang='grc' dir='ltr'>σεν</span> <span class='ocrx_word' id='word_1_411' title='bbox 2143 1343 2321 1414; x_wconf 80' lang='grc' dir='ltr'>ὑμᾶς;</span> <span class='ocrx_word' id='word_1_412' title='bbox 2356 1341 2504 1408; x_wconf 82' lang='grc' dir='ltr'>ἀλλ’,</span> <span class='ocrx_word' id='word_1_413' title='bbox 2531 1345 2559 1398; x_wconf 80' lang='grc' dir='ltr'>ὃ</span> <span class='ocrx_word' id='word_1_414' title='bbox 2590 1344 2788 1417; x_wconf 85' lang='grc' dir='ltr'>πολλῷ</span> <span class='ocrx_word' id='word_1_415' title='bbox 2817 1344 2984 1399; x_wconf 89' lang='grc' dir='ltr'>πλέον</span> <span class='ocrx_word' id='word_1_416' title='bbox 3014 1345 3114 1413; x_wconf 68' lang='grc' dir='ltr'>τήν</span> <span class='ocrx_word' id='word_1_417' title='bbox 3162 1343 3328 1397; x_wconf 84' lang='grc' dir='ltr'>αὐτοῦ</span> <span class='ocrx_word' id='word_1_418' title='bbox 3361 1341 3679 1420; x_wconf 80' lang='grc' dir='ltr'>φιλανθρω-</span> 
     </span>
    </p>
   </div>
   <div class='ocr_carea' id='block_1_61' title="bbox 2019 1433 3684 1512">
    <p class='ocr_par' dir='ltr' id='par_1_61' title="bbox 2019 1433 3684 1512">
     <span class='ocr_line' id='line_1_62' title="bbox 2019 1433 3684 1512; baseline -0.001 -23"><span class='ocrx_word' id='word_1_419' title='bbox 2019 1434 2142 1489; x_wconf 78' lang='grc' dir='ltr'>πίαν</span> <span class='ocrx_word' id='word_1_420' title='bbox 2177 1433 2404 1506; x_wconf 70' lang='grc' dir='ltr'>ἐδήλου,</span> <span class='ocrx_word' id='word_1_421' title='bbox 2433 1435 2526 1490; x_wconf 86' lang='grc' dir='ltr'>τὸν</span> <span class='ocrx_word' id='word_1_422' title='bbox 2574 1435 2800 1512; x_wconf 86' lang='grc' dir='ltr'>σταυρὸν</span> <span class='ocrx_word' id='word_1_423' title='bbox 2861 1435 2938 1497; x_wconf 75' lang='grc' dir='ltr'>εἷς</span> <span class='ocrx_word' id='word_1_424' title='bbox 2991 1434 3153 1509; x_wconf 81' lang='grc' dir='ltr'>μέσον</span> <span class='ocrx_word' id='word_1_425' title='bbox 3206 1440 3434 1509; x_wconf 71' lang='grc' dir='ltr'>παρ-ἦξε,</span> <span class='ocrx_word' id='word_1_426' title='bbox 3496 1433 3684 1490; x_wconf 82' lang='grc' dir='ltr'>καὶτὸ</span> 
     </span>
    </p>
   </div>
   <div class='ocr_carea' id='block_1_62' title="bbox 2017 1521 3684 1601">
    <p class='ocr_par' dir='ltr' id='par_1_62' title="bbox 2017 1521 3684 1601">
     <span class='ocr_line' id='line_1_63' title="bbox 2017 1521 3684 1601; baseline 0.001 -23"><span class='ocrx_word' id='word_1_427' title='bbox 2017 1529 2122 1578; x_wconf 77' lang='grc' dir='ltr'>τῶν</span> <span class='ocrx_word' id='word_1_428' title='bbox 2153 1525 2430 1601; x_wconf 77' lang='grc' dir='ltr'>ἁμαρτιῶν</span> <span class='ocrx_word' id='word_1_429' title='bbox 2479 1525 2774 1601; x_wconf 82' lang='grc' dir='ltr'>καθάρσιον</span> <span class='ocrx_word' id='word_1_430' title='bbox 2829 1525 3130 1599; x_wconf 85' lang='grc' dir='ltr'>βάπτισμα,</span> <span class='ocrx_word' id='word_1_431' title='bbox 3196 1521 3266 1578; x_wconf 87' lang='grc' dir='ltr'>δι’</span> <span class='ocrx_word' id='word_1_432' title='bbox 3328 1525 3400 1578; x_wconf 82' lang='grc' dir='ltr'>ὢν</span> <span class='ocrx_word' id='word_1_433' title='bbox 3437 1535 3684 1598; x_wconf 67' lang='grc' dir='ltr'>ῃϋραμεν</span> 
     </span>
    </p>
   </div>
   <div class='ocr_carea' id='block_1_63' title="bbox 2013 1613 2738 1689">
    <p class='ocr_par' dir='ltr' id='par_1_63' title="bbox 2013 1613 2738 1689">
     <span class='ocr_line' id='line_1_64' title="bbox 2013 1613 2738 1689; baseline 0.006 -21"><span class='ocrx_word' id='word_1_434' title='bbox 2013 1615 2112 1682; x_wconf 75' lang='grc' dir='ltr'>τήν</span> <span class='ocrx_word' id='word_1_435' title='bbox 2145 1613 2424 1689; x_wconf 89' lang='grc' dir='ltr'>βασιλείαν</span> <span class='ocrx_word' id='word_1_436' title='bbox 2456 1619 2550 1670; x_wconf 85' lang='grc' dir='ltr'>τοῦ</span> <span class='ocrx_word' id='word_1_437' title='bbox 2583 1620 2738 1672; x_wconf 80' lang='grc' dir='ltr'>Θεοῦ.</span> 
     </span>
    </p>
   </div>
   <div class='ocr_carea' id='block_1_64' title="bbox 2094 1791 3682 1870">
    <p class='ocr_par' dir='ltr' id='par_1_64' title="bbox 2094 1791 3682 1870">
     <span class='ocr_line' id='line_1_65' title="bbox 2094 1791 3682 1870; baseline 0.001 -19"><span class='ocrx_word' id='word_1_438' title='bbox 2094 1795 2189 1851; x_wconf 86' lang='grc' dir='ltr'>Ἐκ</span> <span class='ocrx_word' id='word_1_439' title='bbox 2219 1795 2529 1870; x_wconf 76' lang='grc' dir='ltr'>προοιμίων</span> <span class='ocrx_word' id='word_1_440' title='bbox 2573 1795 2630 1851; x_wconf 69' lang='grc' dir='ltr'>δὲ</span> <span class='ocrx_word' id='word_1_441' title='bbox 2660 1803 2762 1865; x_wconf 78' lang='grc' dir='ltr'>τῆς</span> <span class='ocrx_word' id='word_1_442' title='bbox 2805 1794 3138 1866; x_wconf 77' lang='grc' dir='ltr'>Ἐπιστολῆς</span> <span class='ocrx_word' id='word_1_443' title='bbox 3169 1793 3301 1870; x_wconf 76' lang='grc' dir='ltr'>ἄχρι</span> <span class='ocrx_word' id='word_1_444' title='bbox 3331 1798 3428 1849; x_wconf 83' lang='grc' dir='ltr'>τοῦ</span> <span class='ocrx_word' id='word_1_445' title='bbox 3465 1791 3682 1857; x_wconf 65' lang='grc' dir='ltr'>τέλους,</span> 
     </span>
    </p>
   </div>
   <div class='ocr_carea' id='block_1_65' title="bbox 2023 1884 3688 1966">
    <p class='ocr_par' dir='ltr' id='par_1_65' title="bbox 2023 1884 3688 1966">
     <span class='ocr_line' id='line_1_66' title="bbox 2023 1884 3688 1966; baseline -0.001 -27"><span class='ocrx_word' id='word_1_446' title='bbox 2023 1886 2160 1939; x_wconf 74' lang='grc' dir='ltr'>κατὰ</span> <span class='ocrx_word' id='word_1_447' title='bbox 2210 1886 2396 1960; x_wconf 83' lang='grc' dir='ltr'>στίχον</span> <span class='ocrx_word' id='word_1_448' title='bbox 2427 1884 2623 1966; x_wconf 69' lang='grc' dir='ltr'>σχεδὸν</span> <span class='ocrx_word' id='word_1_449' title='bbox 2682 1890 2779 1941; x_wconf 83' lang='grc' dir='ltr'>τοῦ</span> <span class='ocrx_word' id='word_1_450' title='bbox 2841 1886 3107 1956; x_wconf 71' lang='grc' dir='ltr'>ὀνόματος</span> <span class='ocrx_word' id='word_1_451' title='bbox 3156 1889 3254 1941; x_wconf 83' lang='grc' dir='ltr'>τοῦ</span> <span class='ocrx_word' id='word_1_452' title='bbox 3313 1888 3556 1953; x_wconf 75' lang='grc' dir='ltr'>Χριστοῦ</span> <span class='ocrx_word' id='word_1_453' title='bbox 3591 1885 3688 1956; x_wconf 81' lang='grc' dir='ltr'>μέ-</span> 
     </span>
    </p>
   </div>
   <div class='ocr_carea' id='block_1_66' title="bbox 2028 1972 3685 2048">
    <p class='ocr_par' dir='ltr' id='par_1_66' title="bbox 2028 1972 3685 2048">
     <span class='ocr_line' id='line_1_67' title="bbox 2028 1972 3685 2048; baseline -0.001 -21"><span class='ocrx_word' id='word_1_454' title='bbox 2028 1995 2245 2046; x_wconf 71' lang='grc' dir='ltr'>μνηται,</span> <span class='ocrx_word' id='word_1_455' title='bbox 2279 1974 2364 2029; x_wconf 60' lang='grc' dir='ltr'>ἵνα</span> <span class='ocrx_word' id='word_1_456' title='bbox 2421 1981 2488 2048; x_wconf 73' lang='grc' dir='ltr'>τῇ</span> <span class='ocrx_word' id='word_1_457' title='bbox 2547 1975 2854 2046; x_wconf 77' lang='grc' dir='ltr'>πυκνότητι</span> <span class='ocrx_word' id='word_1_458' title='bbox 2907 1981 3007 2044; x_wconf 80' lang='grc' dir='ltr'>τῆς</span> <span class='ocrx_word' id='word_1_459' title='bbox 3068 1972 3456 2047; x_wconf 73' lang='grc' dir='ltr'>σωτηριὼδους</span> <span class='ocrx_word' id='word_1_460' title='bbox 3514 1993 3685 2044; x_wconf 81' lang='grc' dir='ltr'>προσ-</span> 
     </span>
    </p>
   </div>
   <div class='ocr_carea' id='block_1_67' title="bbox 2021 2062 3685 2138">
    <p class='ocr_par' dir='ltr' id='par_1_67' title="bbox 2021 2062 3685 2138">
     <span class='ocr_line' id='line_1_68' title="bbox 2021 2062 3685 2138; baseline -0.001 -22"><span class='ocrx_word' id='word_1_461' title='bbox 2021 2063 2254 2138; x_wconf 80' lang='grc' dir='ltr'>ηγορίας</span> <span class='ocrx_word' id='word_1_462' title='bbox 2310 2063 2536 2134; x_wconf 65' lang='grc' dir='ltr'>ταότης,</span> <span class='ocrx_word' id='word_1_463' title='bbox 2594 2065 2692 2132; x_wconf 70' lang='grc' dir='ltr'>τήν</span> <span class='ocrx_word' id='word_1_464' title='bbox 2748 2064 3048 2138; x_wconf 71' lang='grc' dir='ltr'>ὑπεροψίαν</span> <span class='ocrx_word' id='word_1_465' title='bbox 3094 2064 3185 2118; x_wconf 81' lang='grc' dir='ltr'>καὶ</span> <span class='ocrx_word' id='word_1_466' title='bbox 3242 2063 3489 2136; x_wconf 44' lang='grc' dir='ltr'>τὴητῆς</span> <span class='ocrx_word' id='word_1_467' title='bbox 3547 2062 3685 2116; x_wconf 81' lang='grc' dir='ltr'>ὑπο-</span> 
     </span>
    </p>
   </div>
   <div class='ocr_carea' id='block_1_68' title="bbox 2021 2150 3686 2227">
    <p class='ocr_par' dir='ltr' id='par_1_68' title="bbox 2021 2150 3686 2227">
     <span class='ocr_line' id='line_1_69' title="bbox 2021 2150 3686 2227; baseline 0.001 -22"><span class='ocrx_word' id='word_1_468' title='bbox 2021 2154 2169 2215; x_wconf 72' lang='grc' dir='ltr'>νοίας</span> <span class='ocrx_word' id='word_1_469' title='bbox 2227 2150 2502 2224; x_wconf 76' lang='grc' dir='ltr'>σηπεδόνα</span> <span class='ocrx_word' id='word_1_470' title='bbox 2559 2150 2840 2208; x_wconf 76' lang='grc' dir='ltr'>ἐπαντλῶν</span> <span class='ocrx_word' id='word_1_471' title='bbox 2899 2152 3118 2216; x_wconf 83' lang='grc' dir='ltr'>ἐκκαθά.</span> <span class='ocrx_word' id='word_1_472' title='bbox 3151 2177 3179 2204; x_wconf 81' lang='grc' dir='ltr'>ι(</span> <span class='ocrx_word' id='word_1_473' title='bbox 3218 2151 3549 2227; x_wconf 75' lang='grc' dir='ltr'>Εὐχαριστῶ</span> <span class='ocrx_word' id='word_1_474' title='bbox 3603 2155 3686 2222; x_wconf 81' lang='grc' dir='ltr'>τῷ</span> 
     </span>
    </p>
   </div>
   <div class='ocr_carea' id='block_1_69' title="bbox 2025 2235 3686 2313">
    <p class='ocr_par' dir='ltr' id='par_1_69' title="bbox 2025 2235 3686 2313">
     <span class='ocr_line' id='line_1_70' title="bbox 2025 2235 3686 2313; baseline -0.002 -17"><span class='ocrx_word' id='word_1_475' title='bbox 2025 2245 2162 2312; x_wconf 80' lang='grc' dir='ltr'>Θεῷ·</span> <span class='ocrx_word' id='word_1_476' title='bbox 2212 2264 2242 2294; x_wconf 87' lang='grc'>››</span> <span class='ocrx_word' id='word_1_477' title='bbox 2315 2235 2610 2305; x_wconf 76' lang='grc' dir='ltr'>Ἐϐάπτιςα</span> <span class='ocrx_word' id='word_1_478' title='bbox 2670 2243 2784 2313; x_wconf 77' lang='grc' dir='ltr'>μὲν,</span> <span class='ocrx_word' id='word_1_479' title='bbox 2854 2237 2981 2297; x_wconf 83' lang='grc' dir='ltr'>ἁλλ’</span> <span class='ocrx_word' id='word_1_480' title='bbox 3041 2240 3118 2302; x_wconf 82' lang='grc' dir='ltr'>εἷς</span> <span class='ocrx_word' id='word_1_481' title='bbox 3176 2243 3238 2294; x_wconf 83' lang='grc' dir='ltr'>το</span> <span class='ocrx_word' id='word_1_482' title='bbox 3295 2247 3391 2294; x_wconf 84' lang='grc' dir='ltr'>τοῦ</span> <span class='ocrx_word' id='word_1_483' title='bbox 3443 2242 3686 2313; x_wconf 76' lang='grc' dir='ltr'>Χρστοῦ</span> 
     </span>
    </p>
   </div>
   <div class='ocr_carea' id='block_1_70' title="bbox 2025 2325 3690 2405">
    <p class='ocr_par' dir='ltr' id='par_1_70' title="bbox 2025 2325 3690 2405">
     <span class='ocr_line' id='line_1_71' title="bbox 2025 2325 3690 2405; baseline -0.002 -20"><span class='ocrx_word' id='word_1_484' title='bbox 2025 2327 2220 2402; x_wconf 77' lang='grc' dir='ltr'>ὄνομα,</span> <span class='ocrx_word' id='word_1_485' title='bbox 2281 2331 2432 2398; x_wconf 70' lang='grc' dir='ltr'>φησί.</span> <span class='ocrx_word' id='word_1_486' title='bbox 2508 2331 2576 2388; x_wconf 83' lang='grc' dir='ltr'>Τί</span> <span class='ocrx_word' id='word_1_487' title='bbox 2658 2331 3020 2405; x_wconf 72' lang='grc' dir='ltr'>εὐχαριστεῖς,</span> <span class='ocrx_word' id='word_1_488' title='bbox 3095 2327 3301 2398; x_wconf 77' lang='grc' dir='ltr'>Παῦλε,</span> <span class='ocrx_word' id='word_1_489' title='bbox 3353 2327 3434 2383; x_wconf 82' lang='grc' dir='ltr'>ὅτι</span> <span class='ocrx_word' id='word_1_490' title='bbox 3495 2325 3690 2383; x_wconf 84' lang='grc' dir='ltr'>οὐδένα</span> 
     </span>
    </p>
   </div>
   <div class='ocr_carea' id='block_1_71' title="bbox 2025 2416 3691 2491">
    <p class='ocr_par' dir='ltr' id='par_1_71' title="bbox 2025 2416 3691 2491">
     <span class='ocr_line' id='line_1_72' title="bbox 2025 2416 3691 2491; baseline -0.002 -15"><span class='ocrx_word' id='word_1_491' title='bbox 2025 2420 2203 2476; x_wconf 79' lang='grc' dir='ltr'>αὐτῶν</span> <span class='ocrx_word' id='word_1_492' title='bbox 2239 2416 2554 2488; x_wconf 79' lang='grc' dir='ltr'>ἐϐάπτισας,</span> <span class='ocrx_word' id='word_1_493' title='bbox 2607 2417 2755 2487; x_wconf 76' lang='grc' dir='ltr'>πλην</span> <span class='ocrx_word' id='word_1_494' title='bbox 2787 2421 2861 2474; x_wconf 83' lang='grc' dir='ltr'>ὧν</span> <span class='ocrx_word' id='word_1_495' title='bbox 2894 2419 3053 2480; x_wconf 83' lang='grc' dir='ltr'>εἶπας</span> <span class='ocrx_word' id='word_1_496' title='bbox 3089 2437 3103 2488; x_wconf 87' lang='grc'><strong>;</strong></span> <span class='ocrx_word' id='word_1_497' title='bbox 3143 2419 3218 2491; x_wconf 82' lang='grc' dir='ltr'>μή</span> <span class='ocrx_word' id='word_1_498' title='bbox 3278 2420 3340 2474; x_wconf 87' lang='grc' dir='ltr'>τὸ</span> <span class='ocrx_word' id='word_1_499' title='bbox 3405 2417 3691 2490; x_wconf 82' lang='grc' dir='ltr'>βάπτισμα</span> 
     </span>
    </p>
   </div>
   <div class='ocr_carea' id='block_1_72' title="bbox 2025 2505 3686 2584">
    <p class='ocr_par' dir='ltr' id='par_1_72' title="bbox 2025 2505 3686 2584">
     <span class='ocr_line' id='line_1_73' title="bbox 2025 2505 3686 2584; baseline -0.001 -22"><span class='ocrx_word' id='word_1_500' title='bbox 2025 2509 2075 2562; x_wconf 85' lang='grc' dir='ltr'>ἐν</span> <span class='ocrx_word' id='word_1_501' title='bbox 2111 2510 2276 2584; x_wconf 64' lang='grc' dir='ltr'>βιχεῖ</span> <span class='ocrx_word' id='word_1_502' title='bbox 2303 2507 2579 2582; x_wconf 85' lang='grc' dir='ltr'>τιθέμενος</span> <span class='ocrx_word' id='word_1_503' title='bbox 2615 2505 2769 2584; x_wconf 85' lang='grc' dir='ltr'>λόγῳ</span> <span class='ocrx_word' id='word_1_504' title='bbox 2804 2527 2818 2577; x_wconf 88' lang='grc'><strong>;</strong></span> <span class='ocrx_word' id='word_1_505' title='bbox 2869 2509 2958 2578; x_wconf 78' lang='grc' dir='ltr'>Μὴ</span> <span class='ocrx_word' id='word_1_506' title='bbox 2993 2509 3225 2581; x_wconf 89' lang='grc' dir='ltr'>γένοιτο,</span> <span class='ocrx_word' id='word_1_507' title='bbox 3289 2505 3476 2580; x_wconf 82' lang='grc' dir='ltr'>φησὶν,</span> <span class='ocrx_word' id='word_1_508' title='bbox 3535 2505 3686 2560; x_wconf 73' lang='grc' dir='ltr'>ἀλλὰ</span> 
     </span>
    </p>
   </div>
   <div class='ocr_carea' id='block_1_73' title="bbox 2026 2593 3682 2672">
    <p class='ocr_par' dir='ltr' id='par_1_73' title="bbox 2026 2593 3682 2672">
     <span class='ocr_line' id='line_1_74' title="bbox 2026 2593 3682 2672; baseline -0.002 -22"><span class='ocrx_word' id='word_1_509' title='bbox 2026 2595 2115 2651; x_wconf 82' lang='grc' dir='ltr'>διά</span> <span class='ocrx_word' id='word_1_510' title='bbox 2147 2595 2243 2652; x_wconf 78' lang='grc' dir='ltr'>δύο</span> <span class='ocrx_word' id='word_1_511' title='bbox 2272 2597 2469 2657; x_wconf 76' lang='grc' dir='ltr'>ταύτας</span> <span class='ocrx_word' id='word_1_512' title='bbox 2501 2595 2680 2660; x_wconf 72' lang='grc' dir='ltr'>αἰτίας</span> <span class='ocrx_word' id='word_1_513' title='bbox 2719 2597 3055 2672; x_wconf 82' lang='grc' dir='ltr'>εὐχαριστῶ,</span> <span class='ocrx_word' id='word_1_514' title='bbox 3091 2595 3214 2669; x_wconf 84' lang='grc' dir='ltr'>μίαν</span> <span class='ocrx_word' id='word_1_515' title='bbox 3279 2597 3398 2669; x_wconf 73' lang='grc' dir='ltr'>μεν,</span> <span class='ocrx_word' id='word_1_516' title='bbox 3457 2593 3538 2650; x_wconf 83' lang='grc' dir='ltr'>ὅτι</span> <span class='ocrx_word' id='word_1_517' title='bbox 3603 2593 3682 2666; x_wconf 82' lang='grc' dir='ltr'>μή</span> 
     </span>
    </p>
   </div>
   <div class='ocr_carea' id='block_1_74' title="bbox 2029 2681 3684 2761">
    <p class='ocr_par' dir='ltr' id='par_1_74' title="bbox 2029 2681 3684 2761">
     <span class='ocr_line' id='line_1_75' title="bbox 2029 2681 3684 2761; baseline -0.002 -22"><span class='ocrx_word' id='word_1_518' title='bbox 2029 2686 2326 2760; x_wconf 80' lang='grc' dir='ltr'>βαπτίζων,</span> <span class='ocrx_word' id='word_1_519' title='bbox 2360 2685 2548 2759; x_wconf 69' lang='grc' dir='ltr'>φησὶν.</span> <span class='ocrx_word' id='word_1_520' title='bbox 2583 2682 2707 2740; x_wconf 77' lang='grc' dir='ltr'>οὐδὲ</span> <span class='ocrx_word' id='word_1_521' title='bbox 2765 2683 2945 2740; x_wconf 80' lang='grc' dir='ltr'>ἔδωκά</span> <span class='ocrx_word' id='word_1_522' title='bbox 3000 2705 3139 2740; x_wconf 86' lang='grc' dir='ltr'>τισιν</span> <span class='ocrx_word' id='word_1_523' title='bbox 3190 2684 3445 2761; x_wconf 70' lang='grc' dir='ltr'>ἀφορμὴν</span> <span class='ocrx_word' id='word_1_524' title='bbox 3480 2681 3684 2757; x_wconf 83' lang='grc' dir='ltr'>λέγειν,</span> 
     </span>
    </p>
   </div>
   <div class='ocr_carea' id='block_1_75' title="bbox 2026 2768 3681 2848">
    <p class='ocr_par' dir='ltr' id='par_1_75' title="bbox 2026 2768 3681 2848">
     <span class='ocr_line' id='line_1_76' title="bbox 2026 2768 3681 2848; baseline -0.002 -19"><span class='ocrx_word' id='word_1_525' title='bbox 2026 2776 2110 2829; x_wconf 81' lang='grc' dir='ltr'>ὅτι</span> <span class='ocrx_word' id='word_1_526' title='bbox 2142 2773 2232 2829; x_wconf 80' lang='grc' dir='ltr'>διὰ</span> <span class='ocrx_word' id='word_1_527' title='bbox 2259 2777 2421 2829; x_wconf 77' lang='grc' dir='ltr'>τοῦτο</span> <span class='ocrx_word' id='word_1_528' title='bbox 2452 2768 2716 2829; x_wconf 82' lang='grc' dir='ltr'>ἐϐάπτισα</span> <span class='ocrx_word' id='word_1_529' title='bbox 2772 2771 3040 2844; x_wconf 78' lang='grc' dir='ltr'>πολλοὺς,</span> <span class='ocrx_word' id='word_1_530' title='bbox 3084 2770 3177 2828; x_wconf 71' lang='grc' dir='ltr'>⁹ίνα</span> <span class='ocrx_word' id='word_1_531' title='bbox 3236 2774 3406 2848; x_wconf 83' lang='grc' dir='ltr'>χορὸν</span> <span class='ocrx_word' id='word_1_532' title='bbox 3461 2771 3681 2845; x_wconf 78' lang='grc' dir='ltr'>ἐμαυτῷ</span> 
     </span>
    </p>
   </div>
   <div class='ocr_carea' id='block_1_76' title="bbox 2029 2861 3685 2937">
    <p class='ocr_par' dir='ltr' id='par_1_76' title="bbox 2029 2861 3685 2937">
     <span class='ocr_line' id='line_1_77' title="bbox 2029 2861 3685 2937; baseline -0.001 -19"><span class='ocrx_word' id='word_1_533' title='bbox 2029 2867 2286 2937; x_wconf 75' lang='grc' dir='ltr'>μαθητῶν</span> <span class='ocrx_word' id='word_1_534' title='bbox 2339 2867 2763 2936; x_wconf 65' lang='grc' dir='ltr'>συστησάμενος,</span> <span class='ocrx_word' id='word_1_535' title='bbox 2797 2861 2972 2937; x_wconf 80' lang='grc' dir='ltr'>ὄνομα</span> <span class='ocrx_word' id='word_1_536' title='bbox 3029 2864 3249 2937; x_wconf 76' lang='grc' dir='ltr'>ἐμαυτῷ</span> <span class='ocrx_word' id='word_1_537' title='bbox 3307 2864 3685 2936; x_wconf 70' lang='grc' dir='ltr'>περιποιήσω-</span> 
     </span>
    </p>
   </div>
   <div class='ocr_carea' id='block_1_77' title="bbox 2028 2948 3682 3030">
    <p class='ocr_par' dir='ltr' id='par_1_77' title="bbox 2028 2948 3682 3030">
     <span class='ocr_line' id='line_1_78' title="bbox 2028 2948 3682 3030; baseline -0.001 -23"><span class='ocrx_word' id='word_1_538' title='bbox 2028 2975 2124 3026; x_wconf 88' lang='grc' dir='ltr'>μαι</span> <span class='ocrx_word' id='word_1_539' title='bbox 2177 2951 2508 3009; x_wconf 69' lang='grc' dir='ltr'>διδασκάλου</span> <span class='ocrx_word' id='word_1_540' title='bbox 2565 2953 2654 3009; x_wconf 76' lang='grc' dir='ltr'>καὶ</span> <span class='ocrx_word' id='word_1_541' title='bbox 2706 2951 3046 3030; x_wconf 74' lang='grc' dir='ltr'>καθηγητοῦ,</span> <span class='ocrx_word' id='word_1_542' title='bbox 3104 2954 3181 3007; x_wconf 89' lang='grc' dir='ltr'>Δι’</span> <span class='ocrx_word' id='word_1_543' title='bbox 3238 2951 3419 3025; x_wconf 71' lang='grc' dir='ltr'>ἑτέραν</span> <span class='ocrx_word' id='word_1_544' title='bbox 3461 2948 3537 3017; x_wconf 66' lang='grc' dir='ltr'>δῖε,</span> <span class='ocrx_word' id='word_1_545' title='bbox 3598 2950 3682 3006; x_wconf 80' lang='grc' dir='ltr'>ὅτι</span> 
     </span>
    </p>
   </div>
   <div class='ocr_carea' id='block_1_78' title="bbox 2026 3038 3688 3118">
    <p class='ocr_par' dir='ltr' id='par_1_78' title="bbox 2026 3038 3688 3118">
     <span class='ocr_line' id='line_1_79' title="bbox 2026 3038 3688 3118; baseline 0 -22"><span class='ocrx_word' id='word_1_546' title='bbox 2026 3038 2140 3096; x_wconf 84' lang='grc' dir='ltr'>οὐδ’</span> <span class='ocrx_word' id='word_1_547' title='bbox 2172 3041 2327 3117; x_wconf 64' lang='grc' dir='ltr'>ε’χον</span> <span class='ocrx_word' id='word_1_548' title='bbox 2361 3041 2445 3097; x_wconf 83' lang='grc' dir='ltr'>ἐπὶ</span> <span class='ocrx_word' id='word_1_549' title='bbox 2485 3043 2646 3097; x_wconf 76' lang='grc' dir='ltr'>τοῦτο</span> <span class='ocrx_word' id='word_1_550' title='bbox 2706 3043 2850 3116; x_wconf 75' lang='grc' dir='ltr'>παρὰ</span> <span class='ocrx_word' id='word_1_551' title='bbox 2909 3044 3142 3118; x_wconf 81' lang='grc' dir='ltr'>Χριστοῦ</span> <span class='ocrx_word' id='word_1_552' title='bbox 3201 3039 3534 3108; x_wconf 65' lang='grc' dir='ltr'>ἀποστολὴν,</span> <span class='ocrx_word' id='word_1_553' title='bbox 3570 3039 3688 3112; x_wconf 71' lang='grc' dir='ltr'>ἅμα</span> 
     </span>
    </p>
   </div>
   <div class='ocr_carea' id='block_1_79' title="bbox 2026 3128 3683 3207">
    <p class='ocr_par' dir='ltr' id='par_1_79' title="bbox 2026 3128 3683 3207">
     <span class='ocr_line' id='line_1_80' title="bbox 2026 3128 3683 3207; baseline -0.001 -21"><span class='ocrx_word' id='word_1_554' title='bbox 2026 3128 2234 3192; x_wconf 81' lang='grc' dir='ltr'>δεικνὺς</span> <span class='ocrx_word' id='word_1_555' title='bbox 2265 3133 2346 3185; x_wconf 82' lang='grc' dir='ltr'>ὅτι</span> <span class='ocrx_word' id='word_1_556' title='bbox 2380 3131 2442 3187; x_wconf 82' lang='grc' dir='ltr'>Εἰ</span> <span class='ocrx_word' id='word_1_557' title='bbox 2503 3129 2613 3207; x_wconf 86' lang='grc' dir='ltr'>ἐγὼ</span> <span class='ocrx_word' id='word_1_558' title='bbox 2671 3132 2699 3186; x_wconf 88' lang='grc' dir='ltr'>ὁ</span> <span class='ocrx_word' id='word_1_559' title='bbox 2741 3130 3068 3191; x_wconf 79' lang='grc' dir='ltr'>ἀποσταλεὶς</span> <span class='ocrx_word' id='word_1_560' title='bbox 3129 3131 3276 3205; x_wconf 77' lang='grc' dir='ltr'>παρά</span> <span class='ocrx_word' id='word_1_561' title='bbox 3309 3134 3546 3186; x_wconf 73' lang='grc' dir='ltr'>Χριστοῦ</span> <span class='ocrx_word' id='word_1_562' title='bbox 3577 3151 3683 3200; x_wconf 80' lang='grc' dir='ltr'>κη-</span> 
     </span>
    </p>
   </div>
   <div class='ocr_carea' id='block_1_80' title="bbox 2023 3219 3687 3296">
    <p class='ocr_par' dir='ltr' id='par_1_80' title="bbox 2023 3219 3687 3296">
     <span class='ocr_line' id='line_1_81' title="bbox 2023 3219 3687 3296; baseline 0.001 -21"><span class='ocrx_word' id='word_1_563' title='bbox 2023 3222 2235 3296; x_wconf 65' lang='grc' dir='ltr'>ρύσσειν</span> <span class='ocrx_word' id='word_1_564' title='bbox 2268 3221 2356 3276; x_wconf 83' lang='grc' dir='ltr'>καὶ</span> <span class='ocrx_word' id='word_1_565' title='bbox 2389 3219 2782 3296; x_wconf 67' lang='grc' dir='ltr'>καταγγέλλειν</span> <span class='ocrx_word' id='word_1_566' title='bbox 2815 3222 2878 3278; x_wconf 82' lang='grc' dir='ltr'>τὸ</span> <span class='ocrx_word' id='word_1_567' title='bbox 2923 3220 3088 3276; x_wconf 85' lang='grc' dir='ltr'>αὐτοῦ</span> <span class='ocrx_word' id='word_1_568' title='bbox 3151 3219 3510 3296; x_wconf 77' lang='grc' dir='ltr'>Εὐαγγέλιον,</span> <span class='ocrx_word' id='word_1_569' title='bbox 3548 3221 3687 3292; x_wconf 79' lang='grc' dir='ltr'>μετὰ</span> 
     </span>
    </p>
   </div>
   <div class='ocr_carea' id='block_1_81' title="bbox 2025 3305 3685 3387">
    <p class='ocr_par' dir='ltr' id='par_1_81' title="bbox 2025 3305 3685 3387">
     <span class='ocr_line' id='line_1_82' title="bbox 2025 3305 3685 3387; baseline 0 -23"><span class='ocrx_word' id='word_1_570' title='bbox 2025 3307 2244 3387; x_wconf 69' lang='grc' dir='ltr'>φειδοῦς</span> <span class='ocrx_word' id='word_1_571' title='bbox 2322 3311 2411 3365; x_wconf 74' lang='grc' dir='ltr'>καὶ</span> <span class='ocrx_word' id='word_1_572' title='bbox 2501 3311 2740 3373; x_wconf 83' lang='grc' dir='ltr'>σπανίως</span> <span class='ocrx_word' id='word_1_573' title='bbox 2831 3305 3094 3365; x_wconf 81' lang='grc' dir='ltr'>ἐϐάπτισα</span> <span class='ocrx_word' id='word_1_574' title='bbox 3169 3310 3369 3382; x_wconf 88' lang='grc' dir='ltr'>(καίτοι</span> <span class='ocrx_word' id='word_1_575' title='bbox 3433 3311 3685 3386; x_wconf 72' lang='grc' dir='ltr'>συγγενές</span> 
     </span>
    </p>
   </div>
   <div class='ocr_carea' id='block_1_82' title="bbox 2025 3397 3688 3481">
    <p class='ocr_par' dir='ltr' id='par_1_82' title="bbox 2025 3397 3688 3481">
     <span class='ocr_line' id='line_1_83' title="bbox 2025 3397 3688 3481; baseline 0 -27"><span class='ocrx_word' id='word_1_576' title='bbox 2025 3400 2134 3454; x_wconf 84' lang='grc' dir='ltr'>ἐστι</span> <span class='ocrx_word' id='word_1_577' title='bbox 2182 3399 2273 3453; x_wconf 86' lang='grc' dir='ltr'>καὶ</span> <span class='ocrx_word' id='word_1_578' title='bbox 2361 3397 2640 3474; x_wconf 70' lang='grc' dir='ltr'>συνέχεται</span> <span class='ocrx_word' id='word_1_579' title='bbox 2683 3400 2746 3453; x_wconf 84' lang='grc' dir='ltr'>τὸ</span> <span class='ocrx_word' id='word_1_580' title='bbox 2797 3400 3081 3475; x_wconf 77' lang='grc' dir='ltr'>βάπτισμα</span> <span class='ocrx_word' id='word_1_581' title='bbox 3132 3403 3228 3454; x_wconf 87' lang='grc' dir='ltr'>τοῦ</span> <span class='ocrx_word' id='word_1_582' title='bbox 3281 3397 3688 3481; x_wconf 70' lang='grc' dir='ltr'>κηρύγματος.)</span> 
     </span>
    </p>
   </div>
   <div class='ocr_carea' id='block_1_83' title="bbox 2027 3483 3684 3562">
    <p class='ocr_par' dir='ltr' id='par_1_83' title="bbox 2027 3483 3684 3562">
     <span class='ocr_line' id='line_1_84' title="bbox 2027 3483 3684 3562; baseline 0 -21"><span class='ocrx_word' id='word_1_583' title='bbox 2027 3488 2182 3559; x_wconf 83' lang='grc' dir='ltr'>ὑμεῖς</span> <span class='ocrx_word' id='word_1_584' title='bbox 2214 3489 2269 3541; x_wconf 77' lang='grc' dir='ltr'>οἱ</span> <span class='ocrx_word' id='word_1_585' title='bbox 2304 3483 2434 3562; x_wconf 66' lang='grc' dir='ltr'>μηδ’</span> <span class='ocrx_word' id='word_1_586' title='bbox 2468 3488 2613 3551; x_wconf 79' lang='grc' dir='ltr'>ὅλως</span> <span class='ocrx_word' id='word_1_587' title='bbox 2647 3489 3069 3556; x_wconf 78' lang='grc' dir='ltr'>ἀποσταλέντες,</span> <span class='ocrx_word' id='word_1_588' title='bbox 3103 3492 3217 3550; x_wconf 80' lang='grc' dir='ltr'>πῶς</span> <span class='ocrx_word' id='word_1_589' title='bbox 3249 3484 3496 3562; x_wconf 53' lang='grc' dir='ltr'>τολμᾶτε</span> <span class='ocrx_word' id='word_1_590' title='bbox 3529 3484 3684 3542; x_wconf 85' lang='grc' dir='ltr'>διδα-</span> 
     </span>
    </p>
   </div>
   <div class='ocr_carea' id='block_1_84' title="bbox 2025 3573 3676 3655">
    <p class='ocr_par' dir='ltr' id='par_1_84' title="bbox 2025 3573 3676 3655">
     <span class='ocr_line' id='line_1_85' title="bbox 2025 3573 3676 3655; baseline 0.001 -25"><span class='ocrx_word' id='word_1_591' title='bbox 2025 3576 2258 3638; x_wconf 79' lang='grc' dir='ltr'>σκάλους</span> <span class='ocrx_word' id='word_1_592' title='bbox 2288 3576 2509 3637; x_wconf 68' lang='grc' dir='ltr'>ἑαυτοὺς</span> <span class='ocrx_word' id='word_1_593' title='bbox 2541 3577 2856 3655; x_wconf 73' lang='grc' dir='ltr'>ἀποφαίνειν</span> <span class='ocrx_word' id='word_1_594' title='bbox 2893 3582 3049 3647; x_wconf 86' lang='grc' dir='ltr'>;πῶς</span> <span class='ocrx_word' id='word_1_595' title='bbox 3106 3573 3162 3632; x_wconf 75' lang='grc' dir='ltr'>δὲ</span> <span class='ocrx_word' id='word_1_596' title='bbox 3217 3578 3304 3632; x_wconf 87' lang='grc' dir='ltr'>καὶ</span> <span class='ocrx_word' id='word_1_597' title='bbox 3370 3577 3676 3652; x_wconf 81' lang='grc' dir='ltr'>βαπτίζετε,</span> 
     </span>
    </p>
   </div>
   <div class='ocr_carea' id='block_1_85' title="bbox 2023 3663 3678 3742">
    <p class='ocr_par' dir='ltr' id='par_1_85' title="bbox 2023 3663 3678 3742">
     <span class='ocr_line' id='line_1_86' title="bbox 2023 3663 3678 3742; baseline -0.001 -21"><span class='ocrx_word' id='word_1_598' title='bbox 2023 3667 2057 3734; x_wconf 74' lang='grc' dir='ltr'><strong>ἢ</strong></span> <span class='ocrx_word' id='word_1_599' title='bbox 2086 3665 2231 3728; x_wconf 78' lang='grc' dir='ltr'>ὅλως</span> <span class='ocrx_word' id='word_1_600' title='bbox 2262 3666 2313 3722; x_wconf 91' lang='grc' dir='ltr'>τί</span> <span class='ocrx_word' id='word_1_601' title='bbox 2367 3672 2594 3738; x_wconf 82' lang='grc' dir='ltr'>ποιεῖτε,</span> <span class='ocrx_word' id='word_1_602' title='bbox 2626 3664 2700 3720; x_wconf 84' lang='grc' dir='ltr'>ὧν</span> <span class='ocrx_word' id='word_1_603' title='bbox 2752 3667 2855 3723; x_wconf 87' lang='grc' dir='ltr'>οὐκ</span> <span class='ocrx_word' id='word_1_604' title='bbox 2913 3663 3138 3723; x_wconf 78' lang='grc' dir='ltr'>ἐλάϐετε</span> <span class='ocrx_word' id='word_1_605' title='bbox 3195 3667 3446 3742; x_wconf 79' lang='grc' dir='ltr'>χάρισμα</span> <span class='ocrx_word' id='word_1_606' title='bbox 3477 3665 3512 3734; x_wconf 68' lang='grc' dir='ltr'><strong>ἢ</strong></span> <span class='ocrx_word' id='word_1_607' title='bbox 3544 3667 3678 3720; x_wconf 84' lang='grc' dir='ltr'>απο-</span> 
     </span>
    </p>
   </div>
   <div class='ocr_carea' id='block_1_86' title="bbox 2023 3755 2270 3827">
    <p class='ocr_par' dir='ltr' id='par_1_86' title="bbox 2023 3755 2270 3827">
     <span class='ocr_line' id='line_1_87' title="bbox 2023 3755 2270 3827; baseline -0.008 -16"><span class='ocrx_word' id='word_1_608' title='bbox 2023 3755 2226 3827; x_wconf 73' lang='grc' dir='ltr'>στολήν</span> <span class='ocrx_word' id='word_1_609' title='bbox 2254 3777 2270 3826; x_wconf 84' lang='lat'><strong>;</strong></span> 
     </span>
    </p>
   </div>
   <div class='ocr_carea' id='block_1_87' title="bbox 2093 3932 3677 4010">
    <p class='ocr_par' dir='ltr' id='par_1_87' title="bbox 2093 3932 3677 4010">
     <span class='ocr_line' id='line_1_88' title="bbox 2093 3932 3677 4010; baseline -0.006 -15"><span class='ocrx_word' id='word_1_610' title='bbox 2093 3938 2215 3995; x_wconf 86' lang='grc' dir='ltr'>Ὅτι</span> <span class='ocrx_word' id='word_1_611' title='bbox 2247 3933 2433 3993; x_wconf 78' lang='grc' dir='ltr'>οὐδένα</span> <span class='ocrx_word' id='word_1_612' title='bbox 2459 3938 2610 4010; x_wconf 81' lang='grc' dir='ltr'>ὑμῶν</span> <span class='ocrx_word' id='word_1_613' title='bbox 2644 3932 2925 3993; x_wconf 76' lang='grc' dir='ltr'>ἐϐάπτισα.</span> <span class='ocrx_word' id='word_1_614' title='bbox 2963 3960 2990 3988; x_wconf 74' lang='grc' dir='ltr'><strong>υ</strong></span> <span class='ocrx_word' id='word_1_615' title='bbox 3020 3942 3164 4009; x_wconf 83' lang='grc' dir='ltr'>Μεγα</span> <span class='ocrx_word' id='word_1_616' title='bbox 3193 3935 3334 3997; x_wconf 74' lang='grc' dir='ltr'>τινες</span> <span class='ocrx_word' id='word_1_617' title='bbox 3390 3932 3677 4010; x_wconf 75' lang='grc' dir='ltr'>ἐφρόνουν,</span> 
     </span>
    </p>
   </div>
   <div class='ocr_carea' id='block_1_88' title="bbox 2024 4020 3676 4100">
    <p class='ocr_par' dir='ltr' id='par_1_88' title="bbox 2024 4020 3676 4100">
     <span class='ocr_line' id='line_1_89' title="bbox 2024 4020 3676 4100; baseline -0.004 -19"><span class='ocrx_word' id='word_1_618' title='bbox 2024 4028 2134 4081; x_wconf 83' lang='grc' dir='ltr'>ἀνθ’</span> <span class='ocrx_word' id='word_1_619' title='bbox 2164 4026 2236 4080; x_wconf 82' lang='grc' dir='ltr'>ὧν</span> <span class='ocrx_word' id='word_1_620' title='bbox 2274 4021 2584 4096; x_wconf 81' lang='grc' dir='ltr'>ἐϐάπτιζον,</span> <span class='ocrx_word' id='word_1_621' title='bbox 2627 4027 2713 4080; x_wconf 79' lang='grc' dir='ltr'>καὶ</span> <span class='ocrx_word' id='word_1_622' title='bbox 2751 4047 2908 4100; x_wconf 69' lang='grc' dir='ltr'>φησι,</span> <span class='ocrx_word' id='word_1_623' title='bbox 2939 4026 3001 4080; x_wconf 87' lang='grc' dir='ltr'>Τί</span> <span class='ocrx_word' id='word_1_624' title='bbox 3039 4027 3176 4100; x_wconf 87' lang='grc' dir='ltr'>μέγα</span> <span class='ocrx_word' id='word_1_625' title='bbox 3198 4026 3480 4100; x_wconf 72' lang='grc' dir='ltr'>φρονοῦσιν</span> <span class='ocrx_word' id='word_1_626' title='bbox 3513 4040 3526 4089; x_wconf 90' lang='grc'><strong>;</strong></span> <span class='ocrx_word' id='word_1_627' title='bbox 3561 4020 3676 4094; x_wconf 86' lang='grc' dir='ltr'>ἐγὼ</span> 
     </span>
    </p>
   </div>
   <div class='ocr_carea' id='block_1_89' title="bbox 2025 4109 3679 4190">
    <p class='ocr_par' dir='ltr' id='par_1_89' title="bbox 2025 4109 3679 4190">
     <span class='ocr_line' id='line_1_90' title="bbox 2025 4109 3679 4190; baseline -0.005 -17"><span class='ocrx_word' id='word_1_628' title='bbox 2025 4116 2336 4190; x_wconf 76' lang='grc' dir='ltr'>εὐχαριστῶ</span> <span class='ocrx_word' id='word_1_629' title='bbox 2373 4115 2449 4188; x_wconf 79' lang='grc' dir='ltr'>μή</span> <span class='ocrx_word' id='word_1_630' title='bbox 2486 4115 2771 4190; x_wconf 80' lang='grc' dir='ltr'>βαπτίσας.</span> <span class='ocrx_word' id='word_1_631' title='bbox 2806 4118 2988 4171; x_wconf 76' lang='grc' dir='ltr'>Τοῦτο</span> <span class='ocrx_word' id='word_1_632' title='bbox 3035 4111 3092 4169; x_wconf 74' lang='grc' dir='ltr'>δὲ</span> <span class='ocrx_word' id='word_1_633' title='bbox 3127 4114 3291 4189; x_wconf 88' lang='grc' dir='ltr'>λέγει,</span> <span class='ocrx_word' id='word_1_634' title='bbox 3322 4114 3419 4182; x_wconf 73' lang='grc' dir='ltr'>τήν</span> <span class='ocrx_word' id='word_1_635' title='bbox 3460 4109 3679 4166; x_wconf 75' lang='grc' dir='ltr'>ἐκείνων</span> 
     </span>
    </p>
   </div>
   <div class='ocr_carea' id='block_1_90' title="bbox 2027 4199 3678 4280">
    <p class='ocr_par' dir='ltr' id='par_1_90' title="bbox 2027 4199 3678 4280">
     <span class='ocr_line' id='line_1_91' title="bbox 2027 4199 3678 4280; baseline -0.004 -22"><span class='ocrx_word' id='word_1_636' title='bbox 2027 4205 2282 4260; x_wconf 82' lang='grc' dir='ltr'>ἀπόνοιαν</span> <span class='ocrx_word' id='word_1_637' title='bbox 2315 4207 2605 4278; x_wconf 79' lang='grc' dir='ltr'>καθαιρῶν,</span> <span class='ocrx_word' id='word_1_638' title='bbox 2660 4205 2721 4260; x_wconf 82' lang='grc' dir='ltr'>οὐ</span> <span class='ocrx_word' id='word_1_639' title='bbox 2784 4207 2846 4260; x_wconf 86' lang='grc' dir='ltr'>τὸ</span> <span class='ocrx_word' id='word_1_640' title='bbox 2907 4205 3187 4280; x_wconf 72' lang='grc' dir='ltr'>βάπτισμα</span> <span class='ocrx_word' id='word_1_641' title='bbox 3248 4199 3560 4270; x_wconf 86' lang='grc' dir='ltr'>εὐτελίζων,</span> <span class='ocrx_word' id='word_1_642' title='bbox 3596 4201 3678 4273; x_wconf 82' lang='grc' dir='ltr'>μὴ</span> 
     </span>
    </p>
   </div>
   <div class='ocr_carea' id='block_1_91' title="bbox 2023 4291 3679 4372">
    <p class='ocr_par' dir='ltr' id='par_1_91' title="bbox 2023 4291 3679 4372">
     <span class='ocr_line' id='line_1_92' title="bbox 2023 4291 3679 4372; baseline 0.001 -24"><span class='ocrx_word' id='word_1_643' title='bbox 2023 4296 2235 4369; x_wconf 87' lang='grc' dir='ltr'>γένοιτο</span> <span class='ocrx_word' id='word_1_644' title='bbox 2263 4296 2274 4351; x_wconf 83' lang='lat' dir='ltr'>l</span> <span class='ocrx_word' id='word_1_645' title='bbox 2310 4318 2338 4347; x_wconf 88' lang='lat'><strong>«</strong></span> <span class='ocrx_word' id='word_1_646' title='bbox 2360 4296 2476 4350; x_wconf 74' lang='grc' dir='ltr'>Ἵνα</span> <span class='ocrx_word' id='word_1_647' title='bbox 2503 4296 2580 4369; x_wconf 71' lang='grc' dir='ltr'>μή</span> <span class='ocrx_word' id='word_1_648' title='bbox 2615 4316 2697 4357; x_wconf 83' lang='grc' dir='ltr'>τις</span> <span class='ocrx_word' id='word_1_649' title='bbox 2731 4293 2878 4370; x_wconf 69' lang='grc' dir='ltr'>ε’ίπῃ.</span> <span class='ocrx_word' id='word_1_650' title='bbox 2913 4319 2939 4346; x_wconf 87' lang='grc'>››</span> <span class='ocrx_word' id='word_1_651' title='bbox 2968 4293 3121 4349; x_wconf 92' lang='grc' dir='ltr'>Διατί</span> <span class='ocrx_word' id='word_1_652' title='bbox 3145 4291 3202 4348; x_wconf 77' lang='grc' dir='ltr'>δὶ</span> <span class='ocrx_word' id='word_1_653' title='bbox 3235 4291 3574 4372; x_wconf 78' lang='grc' dir='ltr'>εὐχαριστεῖς</span> <span class='ocrx_word' id='word_1_654' title='bbox 3596 4294 3679 4364; x_wconf 79' lang='grc' dir='ltr'>μή</span> 
     </span>
    </p>
   </div>
   <div class='ocr_carea' id='block_1_92' title="bbox 2027 4377 3684 4459">
    <p class='ocr_par' dir='ltr' id='par_1_92' title="bbox 2027 4377 3684 4459">
     <span class='ocr_line' id='line_1_93' title="bbox 2027 4377 3684 4459; baseline -0.002 -23"><span class='ocrx_word' id='word_1_655' title='bbox 2027 4384 2291 4457; x_wconf 83' lang='grc' dir='ltr'>βαπτίσας</span> <span class='ocrx_word' id='word_1_656' title='bbox 2328 4401 2342 4453; x_wconf 87' lang='grc'>;</span> <span class='ocrx_word' id='word_1_657' title='bbox 2378 4405 2406 4435; x_wconf 81' lang='grc' dir='ltr'>ι(</span> <span class='ocrx_word' id='word_1_658' title='bbox 2435 4384 2550 4438; x_wconf 83' lang='grc' dir='ltr'>’Ὶνα</span> <span class='ocrx_word' id='word_1_659' title='bbox 2584 4385 2660 4456; x_wconf 77' lang='grc' dir='ltr'>μή</span> <span class='ocrx_word' id='word_1_660' title='bbox 2694 4405 2774 4445; x_wconf 87' lang='grc' dir='ltr'>τις</span> <span class='ocrx_word' id='word_1_661' title='bbox 2806 4381 2958 4457; x_wconf 74' lang='grc' dir='ltr'>εἷ’πῃ,</span> <span class='ocrx_word' id='word_1_662' title='bbox 2992 4383 3178 4459; x_wconf 80' lang='grc' dir='ltr'>φησὶν,</span> <span class='ocrx_word' id='word_1_663' title='bbox 3211 4380 3294 4435; x_wconf 77' lang='grc' dir='ltr'>ὅτι</span> <span class='ocrx_word' id='word_1_664' title='bbox 3326 4379 3404 4441; x_wconf 69' lang='grc' dir='ltr'>εἷς</span> <span class='ocrx_word' id='word_1_665' title='bbox 3454 4380 3516 4433; x_wconf 85' lang='grc' dir='ltr'>τὸ</span> <span class='ocrx_word' id='word_1_666' title='bbox 3549 4377 3684 4452; x_wconf 80' lang='grc' dir='ltr'>ἐμὸν</span> 
     </span>
    </p>
   </div>
   <div class='ocr_carea' id='block_1_93' title="bbox 2023 4467 3685 4550">
    <p class='ocr_par' dir='ltr' id='par_1_93' title="bbox 2023 4467 3685 4550">
     <span class='ocr_line' id='line_1_94' title="bbox 2023 4467 3685 4550; baseline -0.002 -22"><span class='ocrx_word' id='word_1_667' title='bbox 2023 4468 2200 4546; x_wconf 73' lang='grc' dir='ltr'>ὄνομα</span> <span class='ocrx_word' id='word_1_668' title='bbox 2231 4467 2513 4532; x_wconf 82' lang='grc' dir='ltr'>ἐϐάπτισα.</span> <span class='ocrx_word' id='word_1_669' title='bbox 2547 4497 2576 4524; x_wconf 84' lang='grc'><strong>››</strong></span> <span class='ocrx_word' id='word_1_670' title='bbox 2605 4474 2668 4531; x_wconf 80' lang='lat' dir='ltr'>Ei</span> <span class='ocrx_word' id='word_1_671' title='bbox 2695 4473 2798 4550; x_wconf 83' lang='grc' dir='ltr'>γὰρ</span> <span class='ocrx_word' id='word_1_672' title='bbox 2829 4479 2936 4529; x_wconf 80' lang='grc' dir='ltr'>τῶν</span> <span class='ocrx_word' id='word_1_673' title='bbox 2970 4471 3202 4528; x_wconf 81' lang='grc' dir='ltr'>εὐτελῶν</span> <span class='ocrx_word' id='word_1_674' title='bbox 3235 4469 3452 4526; x_wconf 77' lang='grc' dir='ltr'>ἐκείνων</span> <span class='ocrx_word' id='word_1_675' title='bbox 3491 4469 3685 4544; x_wconf 89' lang='grc' dir='ltr'>βαπτι-</span> 
     </span>
    </p>
   </div>
   <div class='ocr_carea' id='block_1_94' title="bbox 252 4553 1913 4641">
    <p class='ocr_par' dir='ltr' id='par_1_94' title="bbox 252 4563 1908 4641">
     <span class='ocr_line' id='line_1_95' title="bbox 252 4563 1908 4641; baseline -0.006 -17"><span class='ocrx_word' id='word_1_676' title='bbox 252 4575 367 4632; x_wconf 90' lang='lat' dir='ltr'>cat,</span> <span class='ocrx_word' id='word_1_677' title='bbox 427 4569 645 4641; x_wconf 89' lang='lat' dir='ltr'>inquit,</span> <span class='ocrx_word' id='word_1_678' title='bbox 707 4568 868 4641; x_wconf 91' lang='lat' dir='ltr'>quod</span> <span class='ocrx_word' id='word_1_679' title='bbox 920 4585 1054 4624; x_wconf 90' lang='lat' dir='ltr'>meo</span> <span class='ocrx_word' id='word_1_680' title='bbox 1106 4565 1350 4622; x_wconf 90' lang='lat' dir='ltr'>nomine</span> <span class='ocrx_word' id='word_1_681' title='bbox 1408 4563 1844 4636; x_wconf 88' lang='lat' dir='ltr'>baptizaverim.</span> <span class='ocrx_word' id='word_1_682' title='bbox 1881 4587 1908 4614; x_wconf 82' lang='lat'><strong><em>»</em></strong></span> 
     </span>
    </p>
   </div>
   <div class='ocr_carea' id='block_1_95' title="bbox 2027 4553 3684 4641">
    <p class='ocr_par' dir='ltr' id='par_1_95' title="bbox 2027 4557 3684 4639">
     <span class='ocr_line' id='line_1_96' title="bbox 2027 4557 3684 4639; baseline -0.002 -22"><span class='ocrx_word' id='word_1_683' title='bbox 2027 4565 2249 4628; x_wconf 80' lang='grc' dir='ltr'>σάντων,</span> <span class='ocrx_word' id='word_1_684' title='bbox 2289 4562 2527 4634; x_wconf 82' lang='grc' dir='ltr'>τοσαύτη</span> <span class='ocrx_word' id='word_1_685' title='bbox 2559 4565 2744 4639; x_wconf 81' lang='grc' dir='ltr'>γέγονε</span> <span class='ocrx_word' id='word_1_686' title='bbox 2777 4560 3053 4638; x_wconf 77' lang='grc' dir='ltr'>διχόνοια,</span> <span class='ocrx_word' id='word_1_687' title='bbox 3086 4563 3160 4623; x_wconf 84' lang='grc' dir='ltr'>ὡς</span> <span class='ocrx_word' id='word_1_688' title='bbox 3191 4565 3272 4634; x_wconf 80' lang='grc' dir='ltr'>τῷ</span> <span class='ocrx_word' id='word_1_689' title='bbox 3303 4559 3520 4615; x_wconf 88' lang='grc' dir='ltr'>ἐκείνων</span> <span class='ocrx_word' id='word_1_690' title='bbox 3555 4557 3684 4613; x_wconf 83' lang='grc' dir='ltr'>ὀνό-</span> 
     </span>
    </p>
   </div>
   <div class='ocr_carea' id='block_1_96' title="bbox 253 4653 1908 4731">
    <p class='ocr_par' dir='ltr' id='par_1_96' title="bbox 253 4653 1908 4731">
     <span class='ocr_line' id='line_1_97' title="bbox 253 4653 1908 4731; baseline -0.002 -17"><span class='ocrx_word' id='word_1_691' title='bbox 253 4660 396 4715; x_wconf 79' lang='lat' dir='ltr'>Nam</span> <span class='ocrx_word' id='word_1_692' title='bbox 475 4659 543 4719; x_wconf 92' lang='lat' dir='ltr'>si.</span> <span class='ocrx_word' id='word_1_693' title='bbox 599 4675 733 4715; x_wconf 89' lang='lat' dir='ltr'>cum</span> <span class='ocrx_word' id='word_1_694' title='bbox 797 4657 1011 4731; x_wconf 86' lang='lat' dir='ltr'>abjecti</span> <span class='ocrx_word' id='word_1_695' title='bbox 1094 4655 1184 4711; x_wconf 93' lang='lat' dir='ltr'>illi</span> <span class='ocrx_word' id='word_1_696' title='bbox 1235 4661 1293 4711; x_wconf 91' lang='lat' dir='ltr'>et</span> <span class='ocrx_word' id='word_1_697' title='bbox 1359 4654 1594 4710; x_wconf 89' lang='lat' dir='ltr'>obscuri</span> <span class='ocrx_word' id='word_1_698' title='bbox 1652 4653 1908 4727; x_wconf 84' lang='lat' dir='ltr'>baptiza-</span> 
     </span>
    </p>
   </div>
   <div class='ocr_carea' id='block_1_97' title="bbox 252 4744 1905 4818">
    <p class='ocr_par' dir='ltr' id='par_1_97' title="bbox 252 4744 1905 4818">
     <span class='ocr_line' id='line_1_98' title="bbox 252 4744 1905 4818; baseline -0.003 -13"><span class='ocrx_word' id='word_1_699' title='bbox 252 4757 406 4818; x_wconf 89' lang='lat' dir='ltr'>rent,</span> <span class='ocrx_word' id='word_1_700' title='bbox 461 4756 692 4806; x_wconf 88' lang='lat' dir='ltr'>tantum</span> <span class='ocrx_word' id='word_1_701' title='bbox 733 4756 1003 4805; x_wconf 78' lang='lat' dir='ltr'>exortum</span> <span class='ocrx_word' id='word_1_702' title='bbox 1063 4752 1154 4802; x_wconf 81' lang='lat' dir='ltr'>est</span> <span class='ocrx_word' id='word_1_703' title='bbox 1228 4744 1564 4808; x_wconf 79' lang='lat' dir='ltr'>dissidium,</span> <span class='ocrx_word' id='word_1_704' title='bbox 1651 4752 1717 4802; x_wconf 92' lang='lat' dir='ltr'>ut</span> <span class='ocrx_word' id='word_1_705' title='bbox 1770 4745 1905 4800; x_wconf 92' lang='lat' dir='ltr'>illo-</span> 
     </span>
    </p>
   </div>
   <div class='ocr_carea' id='block_1_98' title="bbox 252 4830 1908 4910">
    <p class='ocr_par' dir='ltr' id='par_1_98' title="bbox 252 4830 1908 4910">
     <span class='ocr_line' id='line_1_99' title="bbox 252 4830 1908 4910; baseline -0.004 -17"><span class='ocrx_word' id='word_1_706' title='bbox 252 4854 384 4892; x_wconf 89' lang='lat' dir='ltr'>rum</span> <span class='ocrx_word' id='word_1_707' title='bbox 431 4839 677 4892; x_wconf 89' lang='lat' dir='ltr'>nomine</span> <span class='ocrx_word' id='word_1_708' title='bbox 737 4835 1347 4910; x_wconf 89' lang='lat' dir='ltr'>cognominarentur,</span> <span class='ocrx_word' id='word_1_709' title='bbox 1397 4831 1579 4902; x_wconf 87' lang='lat' dir='ltr'>quid,</span> <span class='ocrx_word' id='word_1_710' title='bbox 1639 4830 1908 4897; x_wconf 88' lang='lat' dir='ltr'>obsecro,</span> 
     </span>
    </p>
   </div>
   <div class='ocr_carea' id='block_1_99' title="bbox 248 4919 1912 4994">
    <p class='ocr_par' dir='ltr' id='par_1_99' title="bbox 248 4919 1912 4994">
     <span class='ocr_line' id='line_1_100' title="bbox 248 4919 1912 4994; baseline -0.004 -13"><span class='ocrx_word' id='word_1_711' title='bbox 248 4927 471 4981; x_wconf 86' lang='lat' dir='ltr'>factum</span> <span class='ocrx_word' id='word_1_712' title='bbox 496 4927 726 4994; x_wconf 78' lang='lat' dir='ltr'>fuisset,</span> <span class='ocrx_word' id='word_1_713' title='bbox 757 4927 805 4981; x_wconf 85' lang='lat' dir='ltr'>si</span> <span class='ocrx_word' id='word_1_714' title='bbox 856 4927 1078 4981; x_wconf 89' lang='lat' dir='ltr'>Paulus</span> <span class='ocrx_word' id='word_1_715' title='bbox 1135 4924 1444 4978; x_wconf 85' lang='lat' dir='ltr'>universos</span> <span class='ocrx_word' id='word_1_716' title='bbox 1502 4919 1912 4991; x_wconf 83' lang='lat' dir='ltr'>baptizasset?</span> 
     </span>
    </p>
   </div>
   <div class='ocr_carea' id='block_1_100' title="bbox 250 5008 1908 5078">
    <p class='ocr_par' dir='ltr' id='par_1_100' title="bbox 250 5008 1908 5078">
     <span class='ocr_line' id='line_1_101' title="bbox 250 5008 1908 5078; baseline 0.001 -14"><span class='ocrx_word' id='word_1_717' title='bbox 250 5039 275 5064; x_wconf 87' lang='grc'>‹‹</span> <span class='ocrx_word' id='word_1_718' title='bbox 314 5017 606 5069; x_wconf 72' lang='lat' dir='ltr'>Praeterea</span> <span class='ocrx_word' id='word_1_719' title='bbox 635 5015 794 5070; x_wconf 90' lang='lat' dir='ltr'>haud</span> <span class='ocrx_word' id='word_1_720' title='bbox 826 5017 968 5070; x_wconf 91' lang='lat' dir='ltr'>scio.</span> <span class='ocrx_word' id='word_1_721' title='bbox 1005 5036 1034 5064; x_wconf 84' lang='lat'>»</span> <span class='ocrx_word' id='word_1_722' title='bbox 1066 5015 1149 5067; x_wconf 82' lang='lat' dir='ltr'>Ex</span> <span class='ocrx_word' id='word_1_723' title='bbox 1183 5011 1292 5066; x_wconf 86' lang='lat' dir='ltr'>hoc</span> <span class='ocrx_word' id='word_1_724' title='bbox 1325 5008 1589 5064; x_wconf 86' lang='lat' dir='ltr'>ostendit</span> <span class='ocrx_word' id='word_1_725' title='bbox 1615 5009 1773 5078; x_wconf 92' lang='lat' dir='ltr'>quod</span> <span class='ocrx_word' id='word_1_726' title='bbox 1799 5010 1908 5066; x_wconf 91' lang='lat' dir='ltr'>hoc</span> 
     </span>
    </p>
   </div>
   <div class='ocr_carea' id='block_1_101' title="bbox 246 5098 1907 5175">
    <p class='ocr_par' dir='ltr' id='par_1_101' title="bbox 246 5098 1907 5175">
     <span class='ocr_line' id='line_1_102' title="bbox 246 5098 1907 5175; baseline -0.001 -19"><span class='ocrx_word' id='word_1_727' title='bbox 246 5103 333 5157; x_wconf 91' lang='lat' dir='ltr'>illi</span> <span class='ocrx_word' id='word_1_728' title='bbox 369 5119 583 5175; x_wconf 82' lang='lat' dir='ltr'>magno</span> <span class='ocrx_word' id='word_1_729' title='bbox 617 5103 816 5158; x_wconf 90' lang='lat' dir='ltr'>studio</span> <span class='ocrx_word' id='word_1_730' title='bbox 852 5121 973 5159; x_wconf 88' lang='lat' dir='ltr'>non</span> <span class='ocrx_word' id='word_1_731' title='bbox 1001 5110 1150 5170; x_wconf 89' lang='lat' dir='ltr'>erat,</span> <span class='ocrx_word' id='word_1_732' title='bbox 1185 5107 1247 5156; x_wconf 88' lang='lat' dir='ltr'>ut</span> <span class='ocrx_word' id='word_1_733' title='bbox 1287 5098 1631 5170; x_wconf 89' lang='lat' dir='ltr'>baptizaret,</span> <span class='ocrx_word' id='word_1_734' title='bbox 1667 5113 1799 5152; x_wconf 92' lang='lat' dir='ltr'>cum</span> <span class='ocrx_word' id='word_1_735' title='bbox 1834 5115 1907 5155; x_wconf 90' lang='lat' dir='ltr'>ne</span> 
     </span>
    </p>
   </div>
   <div class='ocr_carea' id='block_1_102' title="bbox 251 5186 1910 5266">
    <p class='ocr_par' dir='ltr' id='par_1_102' title="bbox 251 5186 1910 5266">
     <span class='ocr_line' id='line_1_103' title="bbox 251 5186 1910 5266; baseline -0.002 -18"><span class='ocrx_word' id='word_1_736' title='bbox 251 5193 624 5248; x_wconf 90' lang='lat' dir='ltr'>meminisset</span> <span class='ocrx_word' id='word_1_737' title='bbox 661 5194 924 5266; x_wconf 87' lang='lat' dir='ltr'>quidem.</span> <span class='ocrx_word' id='word_1_738' title='bbox 960 5195 1080 5248; x_wconf 83' lang='lat' dir='ltr'>Hoc</span> <span class='ocrx_word' id='word_1_739' title='bbox 1140 5197 1338 5246; x_wconf 87' lang='lat' dir='ltr'>autem</span> <span class='ocrx_word' id='word_1_740' title='bbox 1391 5187 1536 5243; x_wconf 93' lang='lat' dir='ltr'>dicit</span> <span class='ocrx_word' id='word_1_741' title='bbox 1587 5186 1910 5260; x_wconf 82' lang='lat' dir='ltr'>objurgans</span> 
     </span>
    </p>
   </div>
   <div class='ocr_carea' id='block_1_103' title="bbox 250 5274 1912 5353">
    <p class='ocr_par' dir='ltr' id='par_1_103' title="bbox 250 5274 1912 5353">
     <span class='ocr_line' id='line_1_104' title="bbox 250 5274 1912 5353; baseline -0.002 -17"><span class='ocrx_word' id='word_1_742' title='bbox 250 5282 467 5336; x_wconf 83' lang='lat' dir='ltr'>fastum</span> <span class='ocrx_word' id='word_1_743' title='bbox 491 5281 728 5338; x_wconf 89' lang='lat' dir='ltr'>illorum</span> <span class='ocrx_word' id='word_1_744' title='bbox 762 5283 864 5353; x_wconf 92' lang='lat' dir='ltr'>qui</span> <span class='ocrx_word' id='word_1_745' title='bbox 897 5300 964 5338; x_wconf 85' lang='lat' dir='ltr'>ex</span> <span class='ocrx_word' id='word_1_746' title='bbox 997 5299 1066 5336; x_wconf 91' lang='lat' dir='ltr'>eo</span> <span class='ocrx_word' id='word_1_747' title='bbox 1116 5274 1599 5335; x_wconf 88' lang='lat' dir='ltr'>intumescebant</span> <span class='ocrx_word' id='word_1_748' title='bbox 1627 5276 1784 5346; x_wconf 91' lang='lat' dir='ltr'>quod</span> <span class='ocrx_word' id='word_1_749' title='bbox 1807 5277 1912 5333; x_wconf 89' lang='lat' dir='ltr'>ba-</span> 
     </span>
    </p>
   </div>
   <div class='ocr_carea' id='block_1_104' title="bbox 250 5362 1910 5437">
    <p class='ocr_par' dir='ltr' id='par_1_104' title="bbox 250 5362 1910 5437">
     <span class='ocr_line' id='line_1_105' title="bbox 250 5362 1910 5437; baseline 0 -18"><span class='ocrx_word' id='word_1_750' title='bbox 250 5367 556 5437; x_wconf 87' lang='lat' dir='ltr'>ptizarent.</span> <span class='ocrx_word' id='word_1_751' title='bbox 589 5392 615 5418; x_wconf 88' lang='lat'><strong>«</strong></span> <span class='ocrx_word' id='word_1_752' title='bbox 657 5369 785 5424; x_wconf 90' lang='lat' dir='ltr'>Non</span> <span class='ocrx_word' id='word_1_753' title='bbox 817 5369 977 5423; x_wconf 88' lang='lat' dir='ltr'>enim</span> <span class='ocrx_word' id='word_1_754' title='bbox 1020 5367 1183 5422; x_wconf 89' lang='lat' dir='ltr'>misit</span> <span class='ocrx_word' id='word_1_755' title='bbox 1213 5381 1307 5420; x_wconf 90' lang='lat' dir='ltr'>me</span> <span class='ocrx_word' id='word_1_756' title='bbox 1340 5363 1608 5418; x_wconf 88' lang='lat' dir='ltr'>Christus</span> <span class='ocrx_word' id='word_1_757' title='bbox 1624 5369 1686 5416; x_wconf 93' lang='lat' dir='ltr'>ut</span> <span class='ocrx_word' id='word_1_758' title='bbox 1716 5362 1910 5436; x_wconf 86' lang='lat' dir='ltr'>bapti-</span> 
     </span>
    </p>
   </div>
   <div class='ocr_carea' id='block_1_105' title="bbox 250 5449 1912 5528">
    <p class='ocr_par' dir='ltr' id='par_1_105' title="bbox 250 5449 1912 5528">
     <span class='ocr_line' id='line_1_106' title="bbox 250 5449 1912 5528; baseline 0.001 -20"><span class='ocrx_word' id='word_1_759' title='bbox 250 5471 462 5511; x_wconf 87' lang='lat' dir='ltr'>zarem.</span> <span class='ocrx_word' id='word_1_760' title='bbox 500 5480 527 5505; x_wconf 83' lang='lat'>»</span> <span class='ocrx_word' id='word_1_761' title='bbox 551 5458 741 5522; x_wconf 88' lang='lat' dir='ltr'>Quare</span> <span class='ocrx_word' id='word_1_762' title='bbox 772 5458 953 5528; x_wconf 83' lang='lat' dir='ltr'>igitur</span> <span class='ocrx_word' id='word_1_763' title='bbox 980 5454 1316 5526; x_wconf 85' lang='lat' dir='ltr'>baptizabat</span> <span class='ocrx_word' id='word_1_764' title='bbox 1347 5451 1394 5506; x_wconf 84' lang='lat' dir='ltr'>si</span> <span class='ocrx_word' id='word_1_765' title='bbox 1428 5449 1500 5505; x_wconf 79' lang='lat' dir='ltr'>ad</span> <span class='ocrx_word' id='word_1_766' title='bbox 1533 5449 1644 5504; x_wconf 85' lang='lat' dir='ltr'>hoc</span> <span class='ocrx_word' id='word_1_767' title='bbox 1694 5451 1912 5509; x_wconf 88' lang='lat' dir='ltr'>missus</span> 
     </span>
    </p>
   </div>
   <div class='ocr_carea' id='block_1_106' title="bbox 249 5539 1911 5617">
    <p class='ocr_par' dir='ltr' id='par_1_106' title="bbox 249 5539 1911 5617">
     <span class='ocr_line' id='line_1_107' title="bbox 249 5539 1911 5617; baseline 0 -17"><span class='ocrx_word' id='word_1_768' title='bbox 249 5561 370 5601; x_wconf 90' lang='lat' dir='ltr'>non</span> <span class='ocrx_word' id='word_1_769' title='bbox 403 5547 766 5604; x_wconf 68' lang='lat' dir='ltr'>erat‘24‘24</span> <span class='ocrx_word' id='word_1_770' title='bbox 825 5547 973 5612; x_wconf 87' lang='lat' dir='ltr'>Quia</span> <span class='ocrx_word' id='word_1_771' title='bbox 1031 5545 1107 5601; x_wconf 88' lang='lat' dir='ltr'>ad</span> <span class='ocrx_word' id='word_1_772' title='bbox 1164 5539 1611 5617; x_wconf 82' lang='lat' dir='ltr'>praedicandum</span> <span class='ocrx_word' id='word_1_773' title='bbox 1671 5541 1911 5612; x_wconf 89' lang='lat' dir='ltr'>quidem</span> 
     </span>
    </p>
   </div>
   <div class='ocr_carea' id='block_1_107' title="bbox 249 5629 1910 5710">
    <p class='ocr_par' dir='ltr' id='par_1_107' title="bbox 249 5629 1910 5710">
     <span class='ocr_line' id='line_1_108' title="bbox 249 5629 1910 5710; baseline 0.001 -20"><span class='ocrx_word' id='word_1_774' title='bbox 249 5635 629 5710; x_wconf 81' lang='lat' dir='ltr'>Evangelium</span> <span class='ocrx_word' id='word_1_775' title='bbox 687 5639 909 5694; x_wconf 88' lang='lat' dir='ltr'>missus</span> <span class='ocrx_word' id='word_1_776' title='bbox 971 5641 1116 5704; x_wconf 88' lang='lat' dir='ltr'>erat,</span> <span class='ocrx_word' id='word_1_777' title='bbox 1174 5651 1291 5691; x_wconf 92' lang='lat' dir='ltr'>non</span> <span class='ocrx_word' id='word_1_778' title='bbox 1356 5639 1553 5688; x_wconf 88' lang='lat' dir='ltr'>tamen</span> <span class='ocrx_word' id='word_1_779' title='bbox 1615 5629 1910 5704; x_wconf 84' lang='lat' dir='ltr'>baptizare</span> 
     </span>
    </p>
   </div>
   <div class='ocr_carea' id='block_1_108' title="bbox 2023 4642 3682 4730">
    <p class='ocr_par' dir='ltr' id='par_1_108' title="bbox 2023 4642 3682 4730">
     <span class='ocr_line' id='line_1_109' title="bbox 2023 4642 3682 4730; baseline -0.002 -23"><span class='ocrx_word' id='word_1_780' title='bbox 2023 4674 2149 4725; x_wconf 88' lang='grc' dir='ltr'>ματι</span> <span class='ocrx_word' id='word_1_781' title='bbox 2181 4651 2579 4722; x_wconf 83' lang='grc' dir='ltr'>ἐπικαλεῖσθαι,</span> <span class='ocrx_word' id='word_1_782' title='bbox 2611 4652 2661 4709; x_wconf 92' lang='grc' dir='ltr'>τί</span> <span class='ocrx_word' id='word_1_783' title='bbox 2691 4653 2750 4708; x_wconf 72' lang='grc' dir='ltr'>ἂν</span> <span class='ocrx_word' id='word_1_784' title='bbox 2782 4655 2997 4730; x_wconf 85' lang='grc' dir='ltr'>γέγονεν</span> <span class='ocrx_word' id='word_1_785' title='bbox 3049 4651 3091 4707; x_wconf 88' lang='grc' dir='ltr'>εἰ</span> <span class='ocrx_word' id='word_1_786' title='bbox 3127 4649 3340 4712; x_wconf 86' lang='grc' dir='ltr'>Παῦλος</span> <span class='ocrx_word' id='word_1_787' title='bbox 3389 4649 3455 4716; x_wconf 77' lang='grc' dir='ltr'>ἦν</span> <span class='ocrx_word' id='word_1_788' title='bbox 3513 4642 3682 4723; x_wconf 77' lang='grc' dir='ltr'>βεϐα·</span> 
     </span>
    </p>
   </div>
   <div class='ocr_carea' id='block_1_109' title="bbox 2021 4739 3679 4812">
    <p class='ocr_par' dir='ltr' id='par_1_109' title="bbox 2021 4739 3679 4812">
     <span class='ocr_line' id='line_1_110' title="bbox 2021 4739 3679 4812; baseline -0.003 -14"><span class='ocrx_word' id='word_1_789' title='bbox 2021 4742 2229 4806; x_wconf 84' lang='grc' dir='ltr'>πτικὼς</span> <span class='ocrx_word' id='word_1_790' title='bbox 2285 4742 2550 4812; x_wconf 79' lang='grc' dir='ltr'>ἄπανταςς</span> <span class='ocrx_word' id='word_1_791' title='bbox 2611 4767 2639 4796; x_wconf 84' lang='grc' dir='ltr'>ι(</span> <span class='ocrx_word' id='word_1_792' title='bbox 2676 4742 2876 4800; x_wconf 78' lang='grc' dir='ltr'>Λοιπὸν</span> <span class='ocrx_word' id='word_1_793' title='bbox 2930 4742 3031 4797; x_wconf 87' lang='grc' dir='ltr'>οὐκ</span> <span class='ocrx_word' id='word_1_794' title='bbox 3063 4739 3202 4797; x_wconf 78' lang='grc' dir='ltr'>οῖδα.</span> <span class='ocrx_word' id='word_1_795' title='bbox 3241 4768 3262 4794; x_wconf 72' lang='grc' dir='ltr'>ι)</span> <span class='ocrx_word' id='word_1_796' title='bbox 3330 4741 3426 4796; x_wconf 86' lang='grc' dir='ltr'>Ἐκ</span> <span class='ocrx_word' id='word_1_797' title='bbox 3482 4741 3679 4793; x_wconf 81' lang='grc' dir='ltr'>τοῦτου</span> 
     </span>
    </p>
   </div>
   <div class='ocr_carea' id='block_1_110' title="bbox 2021 4828 3683 4908">
    <p class='ocr_par' dir='ltr' id='par_1_110' title="bbox 2021 4828 3683 4908">
     <span class='ocr_line' id='line_1_111' title="bbox 2021 4828 3683 4908; baseline -0.002 -20"><span class='ocrx_word' id='word_1_798' title='bbox 2021 4829 2286 4888; x_wconf 85' lang='grc' dir='ltr'>δείκνυσιν</span> <span class='ocrx_word' id='word_1_799' title='bbox 2319 4834 2400 4888; x_wconf 86' lang='grc' dir='ltr'>δτι</span> <span class='ocrx_word' id='word_1_800' title='bbox 2435 4829 2558 4888; x_wconf 79' lang='grc' dir='ltr'>οὐδέ</span> <span class='ocrx_word' id='word_1_801' title='bbox 2587 4830 3052 4908; x_wconf 65' lang='grc' dir='ltr'>περισπούδαστον</span> <span class='ocrx_word' id='word_1_802' title='bbox 3084 4833 3150 4901; x_wconf 74' lang='grc' dir='ltr'>ἦν</span> <span class='ocrx_word' id='word_1_803' title='bbox 3183 4832 3332 4902; x_wconf 84' lang='grc' dir='ltr'>αὐτῷ</span> <span class='ocrx_word' id='word_1_804' title='bbox 3383 4830 3443 4885; x_wconf 79' lang='grc' dir='ltr'>τὸ</span> <span class='ocrx_word' id='word_1_805' title='bbox 3479 4828 3683 4906; x_wconf 83' lang='grc' dir='ltr'>βαπτί-</span> 
     </span>
    </p>
   </div>
   <div class='ocr_carea' id='block_1_111' title="bbox 2023 4917 3676 4997">
    <p class='ocr_par' dir='ltr' id='par_1_111' title="bbox 2023 4917 3676 4997">
     <span class='ocr_line' id='line_1_112' title="bbox 2023 4917 3676 4997; baseline -0.002 -20"><span class='ocrx_word' id='word_1_806' title='bbox 2023 4929 2154 4992; x_wconf 78' lang='grc' dir='ltr'>ζειν,</span> <span class='ocrx_word' id='word_1_807' title='bbox 2179 4925 2298 4987; x_wconf 81' lang='grc' dir='ltr'>ὅθεν</span> <span class='ocrx_word' id='word_1_808' title='bbox 2332 4919 2460 4978; x_wconf 75' lang='grc' dir='ltr'>οὐδὲ</span> <span class='ocrx_word' id='word_1_809' title='bbox 2489 4925 2786 4997; x_wconf 73' lang='grc' dir='ltr'>μέμνηται.</span> <span class='ocrx_word' id='word_1_810' title='bbox 2807 4927 2984 4981; x_wconf 84' lang='grc' dir='ltr'>Τοῦτο</span> <span class='ocrx_word' id='word_1_811' title='bbox 3018 4919 3076 4977; x_wconf 72' lang='grc' dir='ltr'>δὲ</span> <span class='ocrx_word' id='word_1_812' title='bbox 3107 4921 3256 4996; x_wconf 85' lang='grc' dir='ltr'>λέγει</span> <span class='ocrx_word' id='word_1_813' title='bbox 3288 4917 3676 4975; x_wconf 83' lang='grc' dir='ltr'>καταστέλλων</span> 
     </span>
    </p>
   </div>
   <div class='ocr_carea' id='block_1_112' title="bbox 2019 5009 3678 5090">
    <p class='ocr_par' dir='ltr' id='par_1_112' title="bbox 2019 5009 3678 5090">
     <span class='ocr_line' id='line_1_113' title="bbox 2019 5009 3678 5090; baseline -0.004 -23"><span class='ocrx_word' id='word_1_814' title='bbox 2019 5013 2082 5068; x_wconf 85' lang='grc' dir='ltr'>τὸ</span> <span class='ocrx_word' id='word_1_815' title='bbox 2111 5014 2370 5090; x_wconf 67' lang='grc' dir='ltr'>φρόνημα</span> <span class='ocrx_word' id='word_1_816' title='bbox 2427 5017 2531 5067; x_wconf 74' lang='grc' dir='ltr'>τῶν</span> <span class='ocrx_word' id='word_1_817' title='bbox 2593 5013 2681 5068; x_wconf 79' lang='grc' dir='ltr'>ἐπὶ</span> <span class='ocrx_word' id='word_1_818' title='bbox 2734 5017 2813 5084; x_wconf 76' lang='grc' dir='ltr'>τῷ</span> <span class='ocrx_word' id='word_1_819' title='bbox 2868 5014 3147 5089; x_wconf 73' lang='grc' dir='ltr'>βαπτίζειν</span> <span class='ocrx_word' id='word_1_820' title='bbox 3219 5009 3356 5086; x_wconf 87' lang='grc' dir='ltr'>μέγα</span> <span class='ocrx_word' id='word_1_821' title='bbox 3411 5009 3678 5088; x_wconf 67' lang='grc' dir='ltr'>φρονούν-</span> 
     </span>
    </p>
   </div>
   <div class='ocr_carea' id='block_1_113' title="bbox 2017 5096 3677 5179">
    <p class='ocr_par' dir='ltr' id='par_1_113' title="bbox 2017 5096 3677 5179">
     <span class='ocr_line' id='line_1_114' title="bbox 2017 5096 3677 5179; baseline -0.001 -23"><span class='ocrx_word' id='word_1_822' title='bbox 2017 5123 2149 5156; x_wconf 87' lang='grc' dir='ltr'>των.</span> <span class='ocrx_word' id='word_1_823' title='bbox 2184 5125 2212 5154; x_wconf 88' lang='grc'>‹‹</span> <span class='ocrx_word' id='word_1_824' title='bbox 2237 5100 2314 5158; x_wconf 81' lang='grc' dir='ltr'>Οὐ</span> <span class='ocrx_word' id='word_1_825' title='bbox 2341 5101 2443 5179; x_wconf 77' lang='grc' dir='ltr'>γάρ</span> <span class='ocrx_word' id='word_1_826' title='bbox 2475 5101 2759 5158; x_wconf 80' lang='grc' dir='ltr'>ἀπέστειλέ</span> <span class='ocrx_word' id='word_1_827' title='bbox 2791 5123 2856 5176; x_wconf 83' lang='grc' dir='ltr'>με</span> <span class='ocrx_word' id='word_1_828' title='bbox 2895 5102 3129 5176; x_wconf 83' lang='grc' dir='ltr'>Χριστὸς</span> <span class='ocrx_word' id='word_1_829' title='bbox 3166 5102 3470 5175; x_wconf 78' lang='grc' dir='ltr'>βαπτίζειν.</span> <span class='ocrx_word' id='word_1_830' title='bbox 3507 5123 3534 5149; x_wconf 86' lang='grc'>››</span> <span class='ocrx_word' id='word_1_831' title='bbox 3575 5096 3677 5154; x_wconf 82' lang='grc' dir='ltr'>Τί-</span> 
     </span>
    </p>
   </div>
   <div class='ocr_carea' id='block_1_114' title="bbox 2020 5184 3671 5265">
    <p class='ocr_par' dir='ltr' id='par_1_114' title="bbox 2020 5184 3671 5265">
     <span class='ocr_line' id='line_1_115' title="bbox 2020 5184 3671 5265; baseline -0.002 -20"><span class='ocrx_word' id='word_1_832' title='bbox 2020 5211 2108 5253; x_wconf 92' lang='grc' dir='ltr'>νος</span> <span class='ocrx_word' id='word_1_833' title='bbox 2142 5189 2233 5245; x_wconf 83' lang='grc' dir='ltr'>οὗν</span> <span class='ocrx_word' id='word_1_834' title='bbox 2263 5184 2433 5245; x_wconf 78' lang='grc' dir='ltr'>ἕνεκεν</span> <span class='ocrx_word' id='word_1_835' title='bbox 2465 5188 2748 5248; x_wconf 86' lang='grc' dir='ltr'>ἐϐάπτισεν</span> <span class='ocrx_word' id='word_1_836' title='bbox 2781 5191 2825 5246; x_wconf 83' lang='grc' dir='ltr'>εἰ</span> <span class='ocrx_word' id='word_1_837' title='bbox 2853 5193 2928 5265; x_wconf 80' lang='grc' dir='ltr'>μή</span> <span class='ocrx_word' id='word_1_838' title='bbox 2972 5191 3058 5246; x_wconf 81' lang='grc' dir='ltr'>ἐπὶ</span> <span class='ocrx_word' id='word_1_839' title='bbox 3102 5189 3282 5262; x_wconf 74' lang='grc' dir='ltr'>τούτῳ</span> <span class='ocrx_word' id='word_1_840' title='bbox 3321 5186 3630 5244; x_wconf 83' lang='grc' dir='ltr'>ἀπέσταλτο</span> <span class='ocrx_word' id='word_1_841' title='bbox 3657 5203 3671 5257; x_wconf 84' lang='grc'><strong>;</strong></span> 
     </span>
    </p>
   </div>
   <div class='ocr_carea' id='block_1_115' title="bbox 2020 5273 3675 5357">
    <p class='ocr_par' dir='ltr' id='par_1_115' title="bbox 2020 5273 3675 5357">
     <span class='ocr_line' id='line_1_116' title="bbox 2020 5273 3675 5357; baseline -0.002 -23"><span class='ocrx_word' id='word_1_842' title='bbox 2020 5280 2116 5335; x_wconf 74' lang='grc' dir='ltr'>Καὶ</span> <span class='ocrx_word' id='word_1_843' title='bbox 2152 5299 2325 5356; x_wconf 77' lang='grc' dir='ltr'>φαμεν</span> <span class='ocrx_word' id='word_1_844' title='bbox 2357 5278 2439 5334; x_wconf 81' lang='grc' dir='ltr'>ὅτι</span> <span class='ocrx_word' id='word_1_845' title='bbox 2467 5279 2552 5337; x_wconf 82' lang='grc' dir='ltr'>ἐπὶ</span> <span class='ocrx_word' id='word_1_846' title='bbox 2584 5286 2664 5354; x_wconf 80' lang='grc' dir='ltr'>τῷ</span> <span class='ocrx_word' id='word_1_847' title='bbox 2708 5279 3148 5357; x_wconf 78' lang='grc' dir='ltr'>εὐαγγελίζεσθαι</span> <span class='ocrx_word' id='word_1_848' title='bbox 3211 5280 3304 5353; x_wconf 74' lang='grc' dir='ltr'>μὲν</span> <span class='ocrx_word' id='word_1_849' title='bbox 3367 5273 3675 5346; x_wconf 82' lang='grc' dir='ltr'>ἀπεστάλη,</span> 
     </span>
    </p>
   </div>
   <div class='ocr_carea' id='block_1_116' title="bbox 2019 5364 3680 5444">
    <p class='ocr_par' dir='ltr' id='par_1_116' title="bbox 2019 5364 3680 5444">
     <span class='ocr_line' id='line_1_117' title="bbox 2019 5364 3680 5444; baseline -0.002 -21"><span class='ocrx_word' id='word_1_850' title='bbox 2019 5371 2082 5424; x_wconf 82' lang='grc' dir='ltr'>τὸ</span> <span class='ocrx_word' id='word_1_851' title='bbox 2132 5366 2190 5424; x_wconf 75' lang='grc' dir='ltr'>δὶ</span> <span class='ocrx_word' id='word_1_852' title='bbox 2250 5369 2533 5444; x_wconf 89' lang='grc' dir='ltr'>βαπτίζειν</span> <span class='ocrx_word' id='word_1_853' title='bbox 2595 5371 2700 5426; x_wconf 86' lang='grc' dir='ltr'>οὐκ</span> <span class='ocrx_word' id='word_1_854' title='bbox 2748 5370 3024 5441; x_wconf 73' lang='grc' dir='ltr'>ἐκωλυθη.</span> <span class='ocrx_word' id='word_1_855' title='bbox 3088 5372 3182 5426; x_wconf 81' lang='grc' dir='ltr'>Ἐκ</span> <span class='ocrx_word' id='word_1_856' title='bbox 3240 5367 3560 5444; x_wconf 75' lang='grc' dir='ltr'>φιλοτιμίας</span> <span class='ocrx_word' id='word_1_857' title='bbox 3619 5364 3680 5420; x_wconf 69' lang='grc' dir='ltr'>δὲ</span> 
     </span>
    </p>
   </div>
   <div class='ocr_carea' id='block_1_117' title="bbox 2019 5457 3676 5536">
    <p class='ocr_par' dir='ltr' id='par_1_117' title="bbox 2019 5457 3676 5536">
     <span class='ocr_line' id='line_1_118' title="bbox 2019 5457 3676 5536; baseline -0.004 -21"><span class='ocrx_word' id='word_1_858' title='bbox 2019 5459 2110 5515; x_wconf 81' lang='grc' dir='ltr'>καὶ</span> <span class='ocrx_word' id='word_1_859' title='bbox 2157 5462 2318 5514; x_wconf 82' lang='grc' dir='ltr'>τοῦτο</span> <span class='ocrx_word' id='word_1_860' title='bbox 2356 5460 2569 5514; x_wconf 75' lang='grc' dir='ltr'>κακεῖνο</span> <span class='ocrx_word' id='word_1_861' title='bbox 2618 5459 2812 5516; x_wconf 80' lang='grc' dir='ltr'>ἐποίει.</span> <span class='ocrx_word' id='word_1_862' title='bbox 2876 5459 3088 5517; x_wconf 84' lang='grc' dir='ltr'>«Ἀλλ’</span> <span class='ocrx_word' id='word_1_863' title='bbox 3140 5457 3610 5536; x_wconf 81' lang='grc' dir='ltr'>εὐαγγελίζεσθαι.</span> <span class='ocrx_word' id='word_1_864' title='bbox 3644 5479 3676 5509; x_wconf 73' lang='grc' dir='ltr'>»ι</span> 
     </span>
    </p>
   </div>
   <div class='ocr_carea' id='block_1_118' title="bbox 2019 5545 3676 5626">
    <p class='ocr_par' dir='ltr' id='par_1_118' title="bbox 2019 5545 3676 5626">
     <span class='ocr_line' id='line_1_119' title="bbox 2019 5545 3676 5626; baseline 0.001 -22"><span class='ocrx_word' id='word_1_865' title='bbox 2019 5550 2196 5605; x_wconf 78' lang='grc' dir='ltr'>Τοῦτο</span> <span class='ocrx_word' id='word_1_866' title='bbox 2227 5548 2329 5626; x_wconf 71' lang='grc' dir='ltr'>γάρ</span> <span class='ocrx_word' id='word_1_867' title='bbox 2363 5551 2428 5616; x_wconf 74' lang='grc' dir='ltr'>ἦν</span> <span class='ocrx_word' id='word_1_868' title='bbox 2458 5549 2733 5620; x_wconf 79' lang='grc' dir='ltr'>ἐπίπονον,</span> <span class='ocrx_word' id='word_1_869' title='bbox 2754 5549 2844 5604; x_wconf 86' lang='grc' dir='ltr'>καὶ</span> <span class='ocrx_word' id='word_1_870' title='bbox 2877 5545 3104 5623; x_wconf 71' lang='grc' dir='ltr'>σιδηρᾶς</span> <span class='ocrx_word' id='word_1_871' title='bbox 3165 5547 3419 5622; x_wconf 85' lang='grc' dir='ltr'>δεόμενον</span> <span class='ocrx_word' id='word_1_872' title='bbox 3464 5549 3676 5620; x_wconf 72' lang='grc' dir='ltr'>ψυχῆς.</span> 
     </span>
    </p>
   </div>
   <div class='ocr_carea' id='block_1_119' title="bbox 2021 5632 3678 5714">
    <p class='ocr_par' dir='ltr' id='par_1_119' title="bbox 2021 5632 3678 5714">
     <span class='ocr_line' id='line_1_120' title="bbox 2021 5632 3678 5714; baseline -0.002 -20"><span class='ocrx_word' id='word_1_873' title='bbox 2021 5638 2078 5694; x_wconf 84' lang='grc' dir='ltr'>Ὁ</span> <span class='ocrx_word' id='word_1_874' title='bbox 2115 5637 2209 5709; x_wconf 74' lang='grc' dir='ltr'>μὲν</span> <span class='ocrx_word' id='word_1_875' title='bbox 2243 5637 2347 5712; x_wconf 82' lang='grc' dir='ltr'>γὰρ</span> <span class='ocrx_word' id='word_1_876' title='bbox 2393 5635 2498 5708; x_wconf 70' lang='grc' dir='ltr'>ἤδη</span> <span class='ocrx_word' id='word_1_877' title='bbox 2561 5639 2980 5701; x_wconf 81' lang='grc' dir='ltr'>πεπιστευκότας</span> <span class='ocrx_word' id='word_1_878' title='bbox 3043 5639 3315 5714; x_wconf 86' lang='grc' dir='ltr'>βαπτίζει,</span> <span class='ocrx_word' id='word_1_879' title='bbox 3377 5639 3403 5692; x_wconf 86' lang='grc' dir='ltr'><strong>ὁ</strong></span> <span class='ocrx_word' id='word_1_880' title='bbox 3455 5632 3513 5692; x_wconf 74' lang='grc' dir='ltr'>δὲ</span> <span class='ocrx_word' id='word_1_881' title='bbox 3541 5633 3678 5690; x_wconf 75' lang='grc' dir='ltr'>ἀπί-</span> 
     </span>
    </p>
   </div>
  </div>
