4122 6396
262 398 377 461 651

1386 384 1795 449 (ῈΟΗΜΕΝΙῙ
1840 382 2151 447 ΤΒΙΟΟΕ
2192 383 2540 450 EPISGOPI

3567 388 3695 450 65!

263 544 426 601 pere.
462 547 490 577 ‹‹
527 526 742 580 Annon
774 517 1089 575 infatuavit
1117 518 1270 574 Deus
1328 517 1682 590 sapientiam
1711 516 1919 573 mundi

2043 513 2270 586 τούτους
2304 540 2333 569 »ι
2365 516 2565 578 Πάντες
2592 518 2696 595 γὰρ
2750 518 2803 573 οἱ
2863 514 3150 581 δοκοῦντες
3183 518 3319 574 εἶναι
3352 516 3510 596 σοφοὶ
3542 517 3701 591 ἐμω-ο

262 618 440 689 hujus
461 615 531 669 '2»
568 614 791 668 Omnes
822 609 981 664 enim
1017 607 1117 679 qui
1151 607 1449 679 sapientes
1481 624 1610 663 esse
1641 607 1925 662 videban-

262 715 359 762 tur
389 704 673 761 infatuati
706 700 1020 765 sunt,udeo
1038 706 1101 754 ut
1127 698 1215 755 illi
1244 699 1512 755 invenire
1532 715 1651 754 non
1683 702 1928 770 possent

262 816 392 869 quae
415 814 449 851 a
482 792 879 866 piscatoribus
911 798 971 846 et
1000 790 1324 846 illitteratis
1346 788 1690 845 hominibus
1707 788 1926 860 pra‘di-

264 893 392 942 cata
424 891 565 941 sunt
596 891 656 939 et
686 883 1061 939 confirmata.
1095 880 1402 946 Quomodo
1444 887 1645 936 autem
1704 879 1924 935 confir«

264 977 491 1033 mavit?
521 977 639 1031 Hoc
668 981 781 1041 est,
815 972 1057 1028 stultam
1098 988 1228 1027 esse
1287 971 1575 1043 coarguit,
1636 987 1705 1026 eo
1765 969 1925 1041 quod

261 1068 571 1123 veritatem
589 1064 851 1120 invenire
867 1079 983 1118 non
1001 1061 1518 1134 possent.—-Aliud
1561 1060 1924 1133 Sapientiam

264 1156 474 1213 mundi
502 1161 671 1211 vocat
701 1151 1102 1225 eloquentiam
1133 1172 1149 1217 ;
1183 1150 1403 1206 etenim
1456 1150 1632 1221 hujus
1682 1148 1928 1221 largitor

266 1248 424 1303 Deus
455 1251 562 1301 est.
596 1246 739 1299 Nam
774 1249 833 1297 et
878 1242 1005 1313 ipse
1037 1241 1270 1314 linguas
1313 1240 1531 1303 divisit,
1563 1246 1623 1294 et
1653 1238 1925 1310 prOprios

264 1337 478 1408 cuique
511 1335 882 1390 characteres
914 1331 1237 1387 distribuit.
1274 1334 1477 1402 itaque
1511 1330 1725 1385 Graeca)
1775 1345 1923 1401 quo-

265 1444 380 1498 que
411 1427 628 1496 lingua:
660 1424 785 1495 ipse
818 1421 983 1477 dedit
1028 1420 1435 1492 splendorem.
1478 1426 1551 1475 At
1572 1419 1660 1474 illi
1692 1419 1803 1474 hoc
1835 1416 1925 1473 usi

264 1535 382 1572 non
416 1522 555 1571 sunt
584 1513 657 1569 ad
689 1513 749 1567 id
802 1511 961 1583 quod
1020 1510 1302 1582 oportuit,
1364 1510 1692 1565 efficientes
1732 1509 1924 1579 ipsam

264 1604 632 1664 seductionis
665 1601 1009 1665 illecebras,
1036 1601 1215 1671 idque
1264 1606 1507 1672 agentes
1538 1604 1605 1654 ut
1630 1597 1924 1654 sermonis

263 1692 741 1768 persuasibilitas
760 1707 939 1746 causa
955 1692 1123 1745 ﬁeret
1143 1687 1562 1743 introducendi
1578 1687 1797 1743 erroris
1819 1702 1924 1758 per

2036 606 2324 680 ράνθησαν,
2377 611 2459 680 τῷ
2521 607 2598 680 μή
2660 603 2954 677 δυνηθῆναι
3014 607 3211 671 αὑτοὺς
3266 608 3440 683 εὑρεῖν
3469 608 3603 682 ἆπερ
3636 604 3703 663 ἐκ

2031 700 2141 751 τῶν
2169 696 2369 753 ἀλιέων
2429 696 2519 751 καὶ
2578 697 2952 772 ἀγραμμάτων
3002 700 3338 771 κεκήρυκται
3394 697 3485 752 καὶ
3527 698 3701 755 πεπί-

2036 807 2266 842 στευται.
2315 792 2438 849 Πῶς
2495 784 2554 843 δὲ
2609 787 2897 862 ὲμώρανες
2953 790 3222 856 τουτέστι,
3282 788 3470 862 μωρὰν
3532 788 3699 844 οὖσαν

2031 875 2249 951 ἤλεγξε,
2280 881 2359 947 τῷ
2392 879 2469 949 μή
2501 876 2725 953 ἰσχύσαι
2781 878 2958 955 εὑρεῖν
3018 879 3082 934 τὸ
3134 877 3357 950 ἀληθὲς.
3389 910 3463 923 —
3488 877 3694 935 Ἄλλο.

2035 967 2371 1041 [ΘΕΟΔΩΙ³.]
2407 967 2606 1041 Σοφίαν
2633 966 2731 1022 τοῦ
2761 968 2992 1039 κόσμου,
3024 969 3122 1038 τήν
3147 967 3481 1046 εὐγλωττίαν
3513 966 3696 1024 καλεῖ.

2033 1056 2122 1110 καί
2153 1056 2254 1130 γάρ
2311 1054 2514 1126 ταύτης
2572 1058 2822 1135 χορηγὸς
2853 1057 2883 1112 6'
2913 1057 3064 1120 Θεὸς.
3125 1058 3302 1120 Αὐτὸς
3343 1058 3446 1136 γάρ
3478 1058 3567 1112 καὶ
3595 1057 3699 1120 τὰς

2034 1142 2290 1223 γλώσσας
2347 1141 2541 1214 διεῖλε,
2596 1148 2687 1202 καὶ
2748 1148 2948 1223 ἑκάστῃ
3004 1149 3357 1223 χαρακτῆρας
3389 1145 3560 1209 ἲδίους
3589 1147 3701 1203 ἀπ·-

2035 1236 2233 1307 ἐνειμε.
2269 1236 2372 1292 Καὶ
2402 1234 2471 1310 τῇ
2507 1233 2737 1294 Ἐλλάδι
2781 1238 2960 1293 τοίνυν
2993 1242 3169 1317 φωνῇ,
3203 1236 3365 1299 αὐτὸς
3396 1233 3566 1293 ἔδωκε
3592 1239 3698 1306 τήν

2036 1321 2421 1400 λαμπρότητα.
2478 1325 2546 1383 υἱ
2603 1323 2662 1381 δὲ
2715 1347 2775 1403 γε
2832 1327 2933 1382 οὐκ
2988 1326 3065 1391 εἰς
3121 1324 3239 1383 δὲον
3280 1326 3449 1403 ταύτῃ
3484 1326 3707 1403 χρησά-

2039 1434 2213 1486 μενοι,
2249 1410 2443 1489 δέλεαρ
2498 1412 2666 1485 αὐτὴν
2721 1422 2823 1485 τῆς
2877 1415 3091 1487 ἀπάτης
3149 1415 3447 1493 ἀπέφηναν,
3482 1415 3703 1472 καῖπι-

2036 1504 2203 1571 θανὴν
2232 1504 2329 1571 την
2371 1503 2708 1580 μυθολογίαν
2763 1512 2866 1576 τῆς
2907 1505 3125 1577 πλάνης
3171 1506 3513 1581 εἰργάσαντο.
3550 1508 3704 1563 Κατ-

2034 1598 2227 1669 ηγορεῖ
2253 1593 2459 1665 τοίνυν,
2495 1594 2558 1650 οὐ
2613 1602 2715 1665 τῆς
2772 1595 3135 1673 εὐγλωττίας,
3168 1594 3316 1651 ἀλλὰ
3343 1602 3442 1667 της
3474 1595 3524 1651 ἐν
3557 1596 3703 1670 αὐτῇ

2033 1701 2242 1755 κρυπτο
2253 1682 2385 1756 μένη
2398 1706 2423 1747 ς
2451 1680 2836 1760 ψευδολογίας.

260 1784 561 1840 fabulosas
574 1777 1406 1849 rationinationeslledarguit
1418 1776 1596 1849 igitur
1608 1793 1724 1831 non
1739 1773 2276 1847 eloquentiam,sed
2291 1790 2557 1846 eamquze
2570 1775 2631 1831 in
2644 1776 2771 1848 ipsa
2784 1783 2872 1833 est
2884 1777 3130 1834 fallendi
3144 1777 3705 1851 promptitudinem,

337 1872 580 1941 1,21-23.
606 1867 1154 1940 «Quandoquidem
1197 1867 1357 1922 enim
1382 1865 1442 1921 in
1494 1866 1791 1938 sapientia
1820 1864 1920 1921 Dei
1950 1865 1999 1930 B

268 1987 296 2018 ι(
322 1980 441 2020 non
476 1960 747 2034 cognovit
768 1957 1027 2014 mundus
1057 1974 1164 2030 per
1185 1956 1540 2029 sapientiam
1556 1955 1763 2024 Deum,
1786 1954 1914 2027 pla-

266 2077 295 2107 «
322 2053 444 2111 cuit
464 2053 579 2107 Deo
600 2067 706 2122 per
728 2047 1041 2106 stultitiam
1054 2045 1495 2119 praedicationis
1513 2044 1705 2102 salvos
1721 2046 1917 2102 facere

268 2168 295 2196 ‹‹
320 2142 652 2200 credentes.
705 2137 995 2204 Quoniam
1019 2141 1077 2192 et
1106 2135 1289 2191 Judaei
1315 2136 1483 2207 signa
1504 2135 1828 2207 postulant,
1863 2139 1922 2191 et

267 2257 293 2284 ‹‹
329 2232 512 2289 Grazci
534 2229 889 2302 sapientiam
913 2230 1210 2298 quaerunt.
1245 2227 1360 2281 Nos
1409 2230 1607 2281 autem
1635 2225 1920 2297 praedica-

268 2346 295 2374 ‹‹
329 2340 461 2379 mus
493 2320 792 2377 Christum
826 2315 1385 2386 cruciﬁxum,Judzei
1409 2315 1650 2387 quidem
1672 2315 1921 2371 oil‘endi-

270 2436 298 2463 «.
340 2413 562 2481 culum,
587 2408 801 2466 Graecis
832 2424 966 2463 vero
991 2406 1327 2462 stultitiam.
1362 2427 1389 2456 »

339 2502 493 2559 4‘26
527 2501 651 2553 «In
684 2497 997 2570 sapientia.
1025 2518 1052 2545 »
1114 2497 1252 2561 Quae
1310 2495 1588 2551 videlicet
1648 2496 1709 2551 in
1767 2514 1933 2554 crea-

271 2590 421 2645 turis
453 2586 1004 2657 relucebatnempe
1027 2583 1089 2638 in
1122 2582 1268 2638 c0310
1292 2587 1351 2637 et
1381 2583 1442 2637 in
1474 2584 1938 2649 terra.Quando—

272 2679 537 2753 quidem,
573 2678 787 2748 inquit,
822 2692 940 2730 non
972 2675 1245 2747 cognovit
1300 2673 1560 2729 mundus
1612 2675 1794 2729 Deum
1828 2693 1938 2748 per

274 2772 456 2829 talem
492 2769 681 2843 ipsius
713 2767 1071 2841 sapientiam
1105 2783 1235 2838 quae
1276 2765 1337 2819 in
1370 2766 1659 2822 creaturis
1697 2769 1933 2840 conspi-

275 2862 564 2930 ciebatur,
608 2858 834 2931 placuit
886 2859 1004 2913 Deo
1066 2872 1173 2927 per
1233 2871 1468 2911 crucem
1520 2855 1712 2911 salvos
1737 2857 1937 2914 facere

276 2969 377 3006 eos
410 2950 510 3022 qui
544 2947 875 3015 crederent,
899 2962 1030 3016 qum
1064 2943 1317 2999 stultitia
1337 2960 1466 3000 esse
1488 2944 1936 3003 videturincre-

275 3041 520 3109 dulis,et
545 3039 638 3096 his
670 3038 771 3110 qui
794 3041 1068 3109 pereunt.
1105 3034 1468 3106 Sapientiam
1499 3040 1697 3091 autem
1724 3036 1933 3109 appel-

275 3133 361 3188 lat
390 3131 717 3187 humanam
753 3144 989 3199 quoque
1048 3125 1507 3198 intelligentiam
1542 3131 1599 3181 et
1646 3125 1929 3197 eloquen-

276 3223 441 3286 tiam,
472 3220 589 3276 sive
623 3220 813 3291 ipsam
845 3216 1130 3273 doctrinm
1163 3216 1510 3271 suavitatem
1533 3220 1627 3270 :ut
1655 3216 1934 3272 ostendat

278 3313 463 3368 Deum
495 3308 715 3366 mentis
757 3323 885 3362 esse
932 3310 1260 3361 creatorem
1287 3309 1346 3359 et
1365 3303 1695 3376 prudentia:
1719 3322 1786 3361 ac
1808 3305 1931 3361 elo-

2102 1859 2325 1933 Ἐπειδή
2386 1863 2490 1941 γὰρ
2547 1861 2601 1918 ἓν
2659 1867 2729 1939 τῇ
2804 1866 2969 1943 σοφίᾳ
3044 1865 3143 1922 οὐκ
3199 1863 3341 1942 ἔγνω
3401 1868 3429 1922 6
3489 1866 3710 1939 κόσμος

2026 1946 2116 2005 διὰ
2155 1958 2255 2021 τῆς
2314 1952 2465 2016 σοίας
2521 1954 2613 2009 τὸν
2674 1956 2822 2029 Θεὸν,
2883 1953 3174 2027 εὐδόκησεν
3207 1957 3235 2012 6
3268 1956 3400 2021 Θεὸς
3430 1953 3520 2011 διὰ
3592 1962 3703 2025 τῆς

2033 2060 2245 2113 μωριας
2327 2046 2425 2099 τοῦ
2507 2045 2887 2123 κηρύγματος,
2972 2051 3141 2102 σῶσαι
3223 2046 3353 2111 τοὺς
3414 2045 3710 2102 πιστεύον-

2032 2151 2149 2192 τας.
2204 2130 2430 2202 Ἐπειδὴ
2497 2134 2588 2190 καὶ
2674 2133 2932 2193 Ἰουδαῖοι
3020 2143 3248 2211 σημεῖον
3308 2135 3543 2207 αἰτοῦσι,
3601 2136 3695 2191 καὶ

2031 2218 2303 2293 Ἓλληνες
2407 2223 2598 2305 σοφίαν
2691 2230 2964 2297 ζητοῦσιν,
3042 2229 3207 2302 ἡμεῖς
3284 2224 3343 2282 δὲ
3414 2225 3700 2302 κηρύσσο-

2038 2331 2133 2384 μεν
2269 2313 2503 2389 Χριστὸν
2637 2312 3070 2391 ἐσταυρωμένον,
3185 2313 3470 2379 Ἰουδαίοις
3590 2316 3693 2390 μὲν

2035 2399 2358 2473 σκάνδαλον,
2384 2402 2627 2475 Ἒλλησι
2658 2402 2717 2461 δὲ
2745 2408 2980 2482 μωρίαν,

2123 2513 2145 2541 ι
2180 2493 2267 2549 Ἐν
2294 2496 2364 2567 τῇ
2396 2493 2576 2573 σοφίᾳ.
2604 2518 2632 2548 »ι
2655 2498 2740 2570 Τῇ
2773 2493 2863 2551 διὰ
2889 2501 2997 2552 τῶν
3031 2497 3355 2571 κτισμάτων
3390 2496 3704 2574 φαινομένῃ

2045 2582 2157 2637 οἷον
2194 2583 2429 2657 ούρανοῦ
2486 2584 2575 2639 καὶ
2629 2588 2753 2658 γῆς.
2814 2584 3064 2656 Ἐπειδὴ,
3125 2588 3290 2666 φησὶν
3350 2585 3451 2641 οὐκ
3509 2580 3715 2661 ἔγνωὸ

2043 2673 2252 2747 κόσμος
2282 2674 2374 2729 τὸν
2407 2673 2535 2729 Θεὸν
2586 2671 2677 2729 διὰ
2729 2683 2831 2746 τῆς
2887 2676 3151 2746 τοιαύτης
3184 2677 3353 2732 αὐτοῦ
3387 2675 3581 2754 σοφίας
3609 2681 3720 2743 τῆς

2045 2758 2486 2836 ἐνθεωρουμὲνης
2542 2769 2661 2827 τοῖς
2744 2765 3057 2839 κτίσμασιν,
3136 2763 3429 2836 εὐδόκησεν
3491 2766 3519 2819 6
3579 2763 3719 2827 Θεὸς

2045 2847 2135 2906 διὰ
2183 2856 2280 2907 τοῦ
2328 2858 2560 2930 σταυροῦ
2594 2858 2763 2909 σῶσαι
2811 2856 2939 2918 τοὺς
2993 2854 3371 2926 πιστεύοντας,
3405 2855 3558 2917 ὅστις
3594 2877 3724 2927 μω-

2047 2940 2135 3015 ρία
2164 2947 2283 3004 τοῖς
2312 2941 2561 3008 ἀπίστοις
2613 2944 2706 2999 καὶ
2760 2940 3174 3020 ἀπολλυμένοις
3207 2946 3344 3000 εἶναι
3400 2941 3569 2999 δοκει.
3607 2950 3726 3001 Σο-

2043 3031 2164 3108 ςρίαν
2200 3028 2277 3098 δὲ,
2335 3032 2427 3087 καὶ
2483 3034 2583 3102 τὴν
2640 3032 2989 3108 ἀνθρωπίνην
3045 3035 3298 3110 ὀνομάζει
3357 3024 3718 3102 causamin?

2041 3122 2142 3192 τὴν
2174 3119 2534 3199 εὐγλωττίαν,
2565 3120 2691 3194 ἤτοι
2753 3125 2885 3180 αὐτὸ
2938 3126 3002 3180 τὸ
3059 3132 3161 3195 τῆς
3219 3123 3418 3194 λέξεως
3450 3124 3712 3201 ἀνθηρὸν,

2040 3211 2129 3267 ἳνα
2161 3210 2372 3288 διδάξῃ,
2434 3212 2517 3270 ὅτι
2574 3220 2671 3270 νοῦ
2734 3216 2977 3287 ποιητής
3022 3215 3050 3270 6
3094 3217 3246 3287 Θεὸς,
3275 3213 3363 3270 καί
3396 3216 3717 3293 φρονήσεως

2048 3302 2294 3377 χορηγὸς
2350 3304 2440 3359 καὶ
2495 3302 2847 3381 εὐγλωττίας,
2910 3304 2953 3360 εἰ
3012 3305 3102 3360 καὶ
3156 3325 3299 3367 τινες
3348 3303 3534 3370 αὐτοῖς
3564 3304 3645 3383 ἐφ’
3678 3306 3713 3360 ’ὰ

281 3366 540 3472 quentia)
572 3397 912 3470 largitorem
938 3412 950 3449 :
975 3409 1320 3467 quanquam
1348 3366 1625 3448 nonnulli
1654 3394 1745 3449 his
1770 3394 1845 3449 ad
1872 3411 1931 3450 ea

2052 3366 2135 3465 μὴ.
2272 3366 2600 3468 ἐχρήσαντο.
2663 3366 2895 3468 Μωρίαν
2939 3391 2998 3450 δὲ
3042 3399 3140 3450 τοῦ
3191 3366 3573 3471 κηρύγματος,
3603 3366 3707 3465 ἶτὴν

285 3508 417 3562 qum
448 3506 569 3545 non
602 3490 834 3559 oportet
862 3485 953 3540 usi
984 3482 1456 3539 sint.Stultitiam
1488 3500 1623 3537 vero
1653 3483 1936 3555 praedica-

285 3579 467 3635 tionis
497 3577 641 3633 dicit
670 3574 1113 3647 simplicitatem
1145 3571 1495 3628 dictionum.
1530 3572 1717 3627 Divini
1750 3573 1935 3644 siqui-

289 3672 423 3727 dem
457 3666 731 3738 discipuli
764 3665 962 3720 idiotas
1020 3668 1213 3730 erant,
1273 3661 1433 3733 quod
1477 3660 1552 3717 ad
1600 3679 1938 3719 sermonem

287 3762 518 3825 attinet,
544 3756 647 3813 sed
669 3756 877 3811 divites
898 3752 1166 3810 scientia.
1188 3776 1213 3801 ιι
1235 3751 1507 3808 ΕιΙυᾱεεί
1538 3753 1706 3826 signa
1735 3760 1939 3825 postu-

288 3850 483 3905 lant.»
515 3845 571 3900 Si
602 3843 824 3909 Judazo,
858 3842 1074 3913 inquit,
1108 3840 1433 3897 dixerimus
1461 3856 1474 3896 :
1508 3841 1718 3909 Crede,
1750 3842 1937 3914 proti-

287 3956 399 3994 nus
430 3937 598 4010 cigna
618 3951 687 3990 ac
708 3932 974 4006 prodigia
992 3932 1119 3987 ﬁeri
1140 3929 1486 4003 postulatad
1498 3931 1939 4002 praedicationis

280 4024 817 4084 conﬁrmationem.
851 4024 966 4077 Nos
997 4026 1195 4076 autem
1220 4020 1517 4075 Christum
1539 4020 1936 4091 praedicamus

280 4115 651 4180 crucifixum,
695 4111 852 4183 quod
885 4127 1006 4165 non
1066 4109 1241 4165 modo
1287 4126 1409 4163 non
1478 4115 1569 4164 est
1626 4111 1935 4178 signorum

280 4201 890 4272 demonstratio,quin
919 4199 1118 4271 potius
1147 4197 1578 4253 imbecillitatis
1610 4205 1720 4264 est,
1754 4216 1940 4271 quan-

270 4304 397 4354 tum
436 4295 511 4351 ad
542 4293 600 4348 id
632 4290 792 4363 quod
821 4294 1084 4362 apparet.
1119 4291 1396 4344 Attamen
1428 4304 1566 4343 cum
1596 4289 1709 4345 hoc
1770 4289 1936 4345 infir-

266 4404 436 4445 mum
470 4384 759 4447 videatur,
791 4386 850 4436 et
878 4380 971 4435 his
1021 4397 1152 4451 quas
1194 4379 1512 4451 requirunt
1539 4382 1931 4446 contrarium,

267 4477 649 4533 adducuntur
678 4470 1075 4528 nihilominus
1108 4469 1182 4525 ad
1216 4469 1419 4535 ﬁdem,
1452 4470 1611 4541 quod
1658 4488 1934 4545 magnam

267 4569 374 4622 Dei
409 4563 688 4622 ostendat
716 4560 1327 4633 potentiamﬁursum
1361 4559 1545 4615 Gra-ci
1579 4561 1930 4632 sapientiam

274 4656 502 4714 anobis
534 4652 872 4725 requirunt,
907 4650 1011 4706 sed
1052 4649 1173 4705 illis
1232 4666 1469 4721 quoque
1526 4666 1636 4706 nos
1694 4668 1930 4708 crucem

2048 3485 2156 3537 τῶν
2184 3480 2379 3555 λέξεων
2413 3481 2701 3553 ἁπλότητά
2729 3505 2913 3564 φησιν.
2942 3482 3178 3541 Ἰδιῶται
3206 3484 3299 3557 μὶν
3326 3486 3429 3561 γὰρ
3453 3490 3523 3557 εῷ
3554 3482 3704 3557 λόγῳ

2048 3572 2181 3641 ἦσαν
2237 3572 2289 3626 οἱ
2349 3575 2623 3636 θεσπεσιοι
2684 3574 2945 3647 μαθηταὶ,
3001 3571 3350 3629 πλούσιοιδέ
3386 3578 3455 3649 τῇ
3484 3576 3703 3650 γνώσει.

2050 3684 2079 3714 ‹‹
2114 3660 2213 3715 Καὶ
2246 3658 2503 3718 Ἰουδαιοι
2524 3668 2758 3736 σημεῖον
2788 3662 3048 3719 αἶτοῦσιν.
3080 3684 3107 3717 ι
3146 3663 3292 3731 Ἐάν,
3326 3663 3517 3739 φησὶν,
3547 3662 3713 3718 εἲπω·

2052 3773 2145 3826 μεν
2184 3749 2456 3827 Ἰουδαίῳ,
2489 3753 2801 3823 Πίστευσον,
2834 3753 2991 3816 εὐθὺς
3025 3758 3228 3828 σημεῖα
3257 3751 3348 3809 καὶ
3373 3752 3571 3829 τέρατα
3592 3753 3718 3810 ἐπι-

2051 3847 2205 3913 ζητει
2287 3846 2551 3918 γενεσθαι,
2636 3844 2776 3920 πρὸς
2836 3843 3086 3900 σύστασιν
3144 3848 3241 3899 τοῦ
3326 3842 3713 3919 κηρύγματος.

2045 3925 2237 4006 Ἠμεις
2270 3930 2329 3988 δὲ
2374 3933 2606 4009 Χριστὸν
2660 3933 3008 4009 κηρύσσομεν
3067 3933 3499 4011 ἐσταυρωμένον.
3534 3932 3710 4008 Ὅπερ

2048 4024 2113 4080 οὐ
2148 4025 2314 4098 μόνον
2343 4025 2442 4081 οὑκ
2484 4024 2593 4082 ἔστι
2645 4025 2889 4099 σημείων
2940 4023 3217 4097 ἐπίδειξις,
3249 4021 3393 4081 ἀλλὰ
3424 4022 3513 4078 καὶ
3547 4023 3710 4079 ἀσθε-

2046 4113 2211 4184 νείας,
2244 4115 2368 4171 ὅσον
2396 4115 2535 4171 κατὰ
2590 4117 2652 4171 τὸ
2711 4116 3057 4194 φαινόμενον,
3094 4116 3197 4172 Καὶ
3230 4117 3379 4190 ὅμως
3415 4113 3593 4187 τούτῳ
3623 4115 3712 4188 τῷ

2048 4199 2298 4257 δοκοῦντι
2357 4204 2562 4258 ἀσθενεῖ
2616 4203 2707 4259 καὶ
2767 4202 2989 4277 ἐναντίῳ
3038 4203 3113 4268 ὡς
3154 4204 3291 4278 πρὸς
3321 4202 3353 4257 ἂ
3383 4201 3709 4257 ἀπαιτοῦσιν

2045 4290 2324 4369 ἐνάγονται
2382 4294 2518 4368 πρὸς
2573 4295 2673 4364 τήν
2730 4294 2934 4365 πίστιν,
2990 4292 3124 4370 ὅπερ
3187 4293 3434 4369 μεγάλην
3470 4290 3710 4347 δείκνυσι

2043 4385 2141 4436 τοῦ
2191 4386 2326 4438 Θεοῦ
2377 4383 2476 4452 τήν
2530 4380 2782 4456 δύναμιν.
2836 4382 3009 4439 Πάλιν
3058 4382 3330 4455 Έλληνες
3379 4381 3569 4463 σοφίαν
3616 4387 3716 4453 ζη-

2044 4476 2196 4528 τοῦσι
2224 4475 2353 4549 παρ’
2382 4476 2568 4548 ἡμῶν,
2627 4473 2773 4529 ἀλλὰ
2823 4472 3098 4539 κάκείνοις
3153 4475 3317 4546 ἠμεις
3347 4473 3439 4527 τὸν
3477 4472 3710 4545 σταυρὸν

2043 4560 2407 4636 κηρύσσομεν,
2439 4560 2595 4637 ὅπερ,
2653 4562 2789 4617 κατὰ
2836 4562 2898 4617 τὸ
2942 4562 3290 4639 φαινόμενον,
3328 4560 3537 4637 μωρίας
3570 4560 3710 4615 εἶναι

2044 4648 2213 4724 δοκεῖ,
2266 4652 2396 4707 Θεὸν
2445 4651 2738 4723 κηρύσσειν
2787 4651 3219 4727 ἐσταυρωμένον,
3250 4650 3400 4706 ἀλλὰ
3458 4651 3547 4705 καὶ
3608 4649 3712 4704 οἱέ-

266 4742 855 4819 praedicamus,quod
888 4741 962 4797 ad
995 4741 1053 4796 id
1079 4739 1237 4812 quod
1256 4740 1316 4795 in
1340 4747 1659 4813 prospectu
1682 4748 1772 4798 est
1792 4742 1931 4798 stul-

2043 4761 2150 4804 τως
2199 4741 2505 4801 πείθονται.
2555 4744 2698 4819 Ἀρά
2744 4744 2806 4797 οὑ
2861 4746 3028 4798 ταῦτα
3085 4742 3345 4821 μεγίστου
3421 4741 3702 4813 θαύματος

266 4840 412 4911 ιὶῑὶω
445 4855 576 4894 esse
609 4836 861 4898 videtur,
889 4834 1074 4889 Deum
1134 4831 1410 4887 videlicet
1441 4832 1766 4903 praedicare
1799 4850 1934 4889 cru-

267 4931 638 4984 ciﬁxumzat
686 4926 798 4981 hoc
856 4939 1093 4995 quoque
1148 4921 1324 4977 modo
1384 4922 1821 4993 persuadentur
1877 4929 1937 4979 et

262 5017 698 5087 obtemperant.
724 5017 936 5068 Annon
961 5015 1085 5068 hanc
1109 5012 1383 5067 maxima;
1415 5016 1554 5067 sunt
1572 5011 1923 5068 admiratio-

266 5108 361 5161 nis
388 5123 456 5161 ac
490 5103 785 5171 miraculi,
818 5120 920 5158 eos
960 5119 1066 5173 per
1094 5102 1219 5157 haec
1246 5100 1593 5172 persuaderi
1622 5118 1758 5171 quas
1790 5118 1932 5157 con-

268 5196 450 5250 traria
480 5199 621 5249 sunt
650 5193 722 5246 iis
781 5208 915 5262 qum
964 5190 1280 5262 requirunt
1308 5190 1335 5245 ?
1383 5192 1498 5246 Aut
1553 5190 1664 5245 hoc
1696 5208 1933 5261 quoque

264 5285 448 5339 modo
479 5281 739 5349 intelligi
772 5284 1013 5353 potest:
1073 5279 1391 5345 Quoniam,
1473 5278 1688 5349 inquit,
1745 5280 1932 5336 Judaai

261 5376 429 5447 signa
458 5371 759 5444 postulant
816 5376 874 5425 et
931 5369 1113 5426 Graeci
1166 5369 1549 5440 sapientia'u,
1617 5370 1931 5426 inveniunt

258 5465 495 5535 utrique
520 5465 579 5516 in
621 5460 856 5516 Christo
891 5475 959 5514 ea
990 5476 1120 5529 quae
1180 5458 1512 5530 requirunt.
1566 5460 1874 5523 Quomodo
1908 5460 1933 5517 ‘2

256 5555 563 5625 Siquidem
604 5549 929 5606 incredulis
958 5546 1620 5604 Judarisotl‘endiculum
1662 5552 1933 5611 estGrm-

255 5647 457 5719 eisque
491 5643 551 5698 in
570 5639 846 5698 ﬁdelibus
878 5637 1121 5695 fatuitas
1152 5642 1418 5711 apparet.
1480 5639 1555 5693 At
1596 5638 1657 5694 hi
1692 5640 1795 5713 qui
1860 5657 1932 5699 ex

258 5740 406 5810 ipsis
436 5736 621 5796 vocati
651 5739 791 5793 sunt
835 5739 895 5789 et
950 5732 1144 5801 electi,
1190 5732 1500 5791 inveniunt
1530 5750 1664 5791 eum
1726 5735 1925 5793 Patris

2047 4833 2110 4886 τὸ
2142 4830 2336 4887 ἐκτῶν
2389 4830 2641 4887 ἐναντίων
2699 4833 2775 4895 ὠς
2832 4833 2967 4908 πρὸς
3022 4831 3176 4887 αὐτοὶ
3236 4830 3556 4901 ἐπιζητοῦσι
3584 4828 3713 4885 πεί-

2046 4931 2230 4985 θεσοαι
2260 4920 2501 4991 αὑτούςς
2547 4922 2582 4991 ἢ
2634 4922 2724 4977 καὶ
2778 4921 2951 4985 οὕτως
2994 4921 3234 4993 νοητέον·
3268 4917 3513 4990 Ἐπειδὴ,
3550 4918 3708 4990 Οησὶ,

2040 5011 2132 5066 καὶ
2175 5009 2433 5069 Ἰουδαῖοι
2493 5017 2694 5081 σηπεῖα
2753 5010 3075 5083 ἐπιζητοῦσι
3132 5012 3223 5066 καὶ
3284 5008 3556 5082 ’Έλληνες
3615 5027 3707 5062 σο-

2043 5100 2188 5178 φίαν,
2256 5101 2595 5177 εὑρίσκουσιν
2663 5102 2965 5181 ἀμφότεροι
3044 5101 3077 5156 ἃ
3145 5105 3399 5172 ζητοῦσιν
3467 5099 3541 5161 εἷς
3605 5096 3703 5153 τὸν

2043 5192 2297 5269 Χριστόν.
2345 5198 2518 5261 Ηῶςς
2571 5200 2704 5255 Τοῖς
2766 5193 2860 5267 μὲν
2935 5193 3040 5271 γὰρ
3088 5192 3340 5255 ἀπίστοις
3415 5187 3707 5253 Ἰουδαίοις

2042 5279 2345 5337 σκάνδαλόν
2397 5281 2533 5354 ἐστι,
2586 5282 2677 5338 καὶ
2732 5287 2851 5347 τοῖς
2906 5281 3163 5345 ἀπίστοις
3221 5279 3461 5350 Ἕλλησι
3522 5278 3710 5354 μωρία

2041 5368 2208 5427 δοκεῖ.
2260 5371 2327 5428 Οἱ
2376 5369 2435 5426 δὲ
2482 5392 2563 5447 γε,
2609 5373 2768 5451 φησὶ,
2819 5370 3020 5441 κλητοὶ
3068 5370 3160 5425 καὶ
3208 5369 3484 5426 ἐπίλεκτοι
3535 5368 3585 5441 ἐξ
3618 5366 3712 5423 αὑ-

2038 5466 2168 5521 τῶν,
2200 5460 2537 5535 εὑρίσκουσιν
2590 5461 2749 5516 αὑτὸν
2809 5456 2940 5516 ὄντα
2994 5458 3223 5534 δύναμιν
3264 5460 3355 5515 καὶ
3388 5457 3578 5536 σοφίαν
3603 5462 3707 5513 τοῦ

2040 5550 2249 5627 Πατρός
2302 5552 2368 5608 Τί
2417 5551 2521 5626 γάρ
2567 5550 2765 5626 λέγεις,
2820 5548 2864 5605 ὦ
2920 5548 3192 5620 Ἰουδαῖες
3252 5552 3468 5623 Σημεῖα
3515 5547 3713 5618 Emim-

2037 5648 2186 5716 τεῖςς
2240 5640 2382 5700 Ἰδοὺ
2434 5643 2463 5696 6
2519 5642 2778 5718 Χριστὸς,
2831 5645 2965 5699 Θεοῦ
3014 5638 3244 5716 δύναμίς
3297 5639 3440 5695 ἐστιν
3500 5640 3536 5709 ἡ
3596 5641 3710 5703 τῶν

2038 5734 2285 5808 σημείων
2318 5736 2605 5807 ποιητική.
2641 5734 2742 5792 Καὶ
2792 5737 2856 5790 σὺ
2904 5734 2957 5790 τί
3003 5730 3209 5811 λὲγεις,
3244 5731 3290 5788 ὦ
3316 5729 3532 5801 Ἕλλην
3562 5749 3576 5799 ;
3611 5750 3713 5785 σος-
