4122 6398
310 477 432 542 653

310 612 437 673 θίαν
469 617 689 684 ζητεῖς;
723 614 915 689 Ἔχεις
968 614 1061 668 τὸν
1117 612 1375 690 Χριστὸν,
1435 611 1627 689 σοφίαν
1690 607 1818 668 ὅντα
1873 615 1971 668 τοῦ

1304 480 1710 543 COMMENT.
1760 478 1837 539 IN
1883 477 2132 540 EPIST.
2183 476 2205 537 l
2249 479 2358 538 AD
2403 479 2774 541 COBINTH.

3623 489 3744 552 654

2089 628 2220 670 esse
2233 615 2565 686 potentiam
2581 622 2638 672 et
2651 616 3182 688 sapientiam.Quid
3208 618 3367 675 enim
3384 620 3700 689 ais,Judaae
3720 624 3750 680 ?

311 703 551 778 Πατρός.
586 701 739 760 Ἐπεὶ
772 703 870 758 οὗν
906 707 1110 776 σημεῖα
1167 703 1259 758 καὶ
1309 701 1500 776 σοφίαν
1549 702 1975 776 ἐπιζητούμεθα,
2005 735 2010 744 ι

2131 678 2267 776 igua
2294 706 2596 777 requiris?
2650 678 2797 763 Ec‘ce
2856 678 3122 765 Christus
3179 713 3445 784 potentia
3480 678 3586 768 'est
3616 678 3748 786 quae

309 792 661 869 κηρύσσομεν
691 792 787 850 τὸν
837 794 1071 870 Χριστὸν
1130 792 1415 871 ἀμφότερα
1479 788 1610 848 ὄντα
1657 797 1780 856 τοῖς
1836 789 1977 864 κλη-

310 888 458 948 τοῖς.
492 880 711 947 Ο⁹ίτινες
770 884 861 940 καὶ
921 882 1262 959 εὑρίσκοντες
1316 882 1351 938 ὀί
1383 887 1628 954 ζητοῦσι,
1687 882 1981 938 πιστεύου-

312 995 398 1030 σιν
455 973 508 1029 οἰ
541 970 599 1029 δέ
646 995 711 1050 γε
768 972 1011 1044 ἄπιστοι,
1072 970 1378 1029 σκανδάλου
1435 973 1527 1029 καὶ
1589 973 1802 1048 μωρίας
1858 970 1980 1041 ἂξια

309 1064 384 1120 τὰ
414 1062 825 1137 ἀξιοθαύμαστα
852 1064 1160 1138 νομίζουσι.
1220 1064 1326 1120 Καὶ
1373 1064 1428 1118 τί
1482 1063 1834 1138 θαυμαστόνς
1888 1060 1979 1116 καὶ

305 1153 419 1229 γὰρ
452 1154 481 1209 6
514 1152 775 1225 αἰσθητὸς
833 1150 996 1223 ἥλιος
1038 1153 1314 1216 σκοτεινὸς
1375 1157 1492 1216 τοῖς
1551 1146 1980 1226 ἀμϐλυώττουσι

304 1241 410 1306 τὰς
469 1238 626 1318 ὄψεις
685 1243 901 1319 ὁρᾶται.
956 1267 986 1296 ιι
1047 1241 1336 1307 Ἰουδαίοις
1394 1243 1490 1317 μὲν
1550 1238 1884 1300 σκάνδαλον.
1948 1263 1978 1293 ››

307 1329 631 1388 Σκάνδαλον
696 1334 834 1390 εἶναι
894 1330 1091 1390 δοκοῦν
1177 1332 1315 1389 κατὰ
1370 1335 1472 1403 τὴν
1537 1331 1763 1405 πρώτην
1829 1330 1976 1406 ὅψιν.

303 1422 402 1485 Τίς
469 1423 573 1498 γὰρ
630 1427 737 1478 τῶν
794 1422 1036 1479 ἀπίστῶν
1104 1423 1212 1479 οὐκ
1273 1422 1334 1478 ἄν
1402 1419 1819 1492 σκανδαλισθείη
1888 1419 1980 1475 καὶ

306 1511 638 1587 ἀπιστήσῃ;
677 1538 699 1565 ι
735 1511 979 1584 Ἕλλησι
1033 1509 1093 1568 δὶ
1147 1512 1374 1587 μωρίαν.
1412 1536 1441 1564 ››
1501 1512 1632 1569 Οἷον
1691 1510 1827 1566 εἶναι
1887 1507 1983 1565 δο-

305 1606 498 1671 κοῦσι,
527 1602 655 1658 Θεὸν
688 1600 1097 1678 ἐσταυρωμένον
1126 1602 1514 1675 κηρύσσεσθαι.

2092 794 2261 867 signa
2290 795 2432 851 edit.
2458 798 2540 852 Tu
2571 813 2706 853 vero
2759 798 2904 871 quid
2957 800 3065 870 ais,
3102 801 3296 857 Graece
3326 803 3354 858 *ἲ
3384 803 3749 876 Sapientiam

2089 884 2358 957 postulas
2389 886 2416 942 ?
2444 887 2639 943 Habes
2672 889 2994 958 Christum,
3046 892 3148 962 qui
3204 892 3394 947 Patris
3453 893 3750 965 sapientia

2093 978 2202 1029 est.
2237 975 2528 1039 Quoniam
2562 977 2745 1049 igitur
2792 978 2963 1049 signa
3013 996 3082 1035 ac
3140 980 3435 1053 sapientia
3484 998 3520 1038 a
3574 982 3747 1040 nobis

2089 1063 2503 1134 requiruntur,
2536 1068 2932 1138 praedicamus
2976 1069 3296 1139 Christum,
3358 1071 3460 1144 qui
3516 1077 3747 1127 utrum-

2092 1168 2207 1223 que
2239 1158 2331 1208 est
2360 1154 2454 1209 his
2486 1156 2589 1226 qui
2617 1158 2806 1213 vocati
2839 1162 2998 1226 sunt,
3042 1159 3143 1230 qui
3175 1176 3312 1216 cum
3344 1176 3413 1217 ea
3442 1160 3752 1217 inveniant

2090 1261 2223 1316 quin
2254 1248 2593 1318 requirunt.
2612 1251 2880 1306 credunt.
2897 1252 3196 1308 Increduli
3222 1271 3358 1309 vero
3392 1252 3753 1310 oﬂ‘endiculo

2090 1349 2158 1389 ac
2189 1335 2462 1393 fatuitate
2504 1338 2683 1412 digna
2736 1341 3083 1397 existimant
3146 1359 3277 1414 quas
3335 1343 3752 1399 vehementem

2091 1434 2400 1484 merentur
2429 1431 2577 1486 4‘27
2615 1430 3100 1489 admirationem.
3154 1435 3223 1489 Et
3277 1434 3422 1507 quid
3480 1434 3755 1491 mirum?

2091 1517 2238 1573 Cum
2264 1517 2361 1573 hic
2392 1537 2629 1592 quoque
2653 1523 2955 1579 sensibilis
2968 1523 3356 1581 solobscurus
3374 1525 3642 1581 videatur
3658 1524 3752 1581 his

2091 1607 2193 1678 qui
2226 1616 2472 1681 aspectu
2503 1614 2826 1669 caacutiunt
2853 1614 2881 1670 ?
2912 1635 2940 1664 «
2970 1614 3187 1671 Judaais
3219 1616 3460 1687 quidem
3497 1616 3753 1672 aliendi-

308 1694 544 1753 culum.
579 1716 607 1745 »
639 1694 748 1760 Qui
780 1694 972 1766 primo
1008 1700 1252 1767 aspectu
1278 1694 1512 1750 videtur
1536 1691 1985 1749 oﬂ‘endiculum.
2041 1697 2182 1762 Quis
2241 1700 2405 1756 enim
2467 1700 2914 1760 incredulorum
2972 1722 3092 1761 non
3152 1707 3554 1763 oll‘enderetur
3576 1706 3605 1763 ‘2
3652 1713 3755 1764 aut

308 1785 453 1858 quis
486 1784 902 1841 inﬁdelitatem
932 1785 1348 1857 relinqueret?
1379 1806 1408 1836 ‹‹
1441 1784 1661 1840 Graecis
1688 1798 1829 1839 vero
1862 1783 2198 1843 stultitiam.
2243 1811 2274 1839 ››
2305 1790 2818 1856 Quemadmodum
2850 1811 2980 1851 esse
3009 1795 3242 1853 videtur
3269 1798 3595 1871 prmdicare
3618 1814 3756 1855 cum

308 1891 449 1933 esse
493 1875 698 1936 Deum,
733 1874 835 1946 qui
866 1874 1190 1931 cruciﬁxus
1222 1879 1334 1931 est.

394 1960 595 2024 Αὖτοῖς
653 1958 711 2017 δὲ
764 1966 882 2025 τοῖς
938 1960 1169 2033 κλητοίς
1230 1959 1516 2026 Ἰουδαίοις
1573 1983 1633 2017 τε
1692 1962 1780 2017 καὶ
1838 1960 1973 2019 Ἕλ-
2006 1972 2054 2039 Β

310 2051 481 2123 λησι,
549 2052 785 2126 Χριστὸν
851 2056 985 2107 Θεοῦ
1055 2049 1284 2125 δύναμιν
1351 2053 1438 2107 καὶ
1536 2054 1670 2107 Θεοῦ
1761 2051 1973 2125 σοφίαν.

311 2144 445 2201 ’Ὁτι
502 2142 564 2196 τὸ
642 2141 828 2219 μωρὸν
903 2146 1001 2197 τοῦ
1077 2143 1233 2213 Θεοῦ,
1310 2142 1626 2222 σοφώτερον
1700 2145 1806 2196 τῶν
1885 2140 1980 2195 ἀν-

313 2232 557 2307 θρώπων
590 2229 723 2304 ἐστὶ,
781 2231 873 2287 καὶ
931 2231 993 2287 τὸ
1050 2231 1266 2295 ἀσθενὲς
1318 2236 1416 2288 τοῦ
1476 2234 1628 2301 Θεοῦ,
1693 2229 1980 2305 ἰσχυρότε-

315 2342 416 2400 ρον
449 2325 557 2377 τῶν
593 2321 892 2398 ἀνθρώπων
922 2319 1088 2378 ἐστίν.

399 2429 559 2487 Εἶναι
621 2430 714 2503 μὲν
782 2427 955 2499 δοκεῖ,
1021 2433 1178 2509 φησί,
1247 2428 1545 2486 σκάνδαλον
1614 2432 1704 2486 καὶ
1778 2431 1983 2507 μωρία.

318 2517 483 2590 πλὴν
514 2519 697 2584 αὐτοῖς
739 2520 982 2593 τούτοις,
1042 2520 1197 2601 φησὶ,
1259 2518 1410 2576 δοκεῖ
1439 2522 1467 2576 6
1497 2522 1736 2598 Χριστὸς
1783 2519 1874 2577 καὶ
1921 2518 1988 2574 τὰ

320 2610 498 2667 αὐτοῦ
553 2609 725 2682 πάθη,
787 2611 922 2667 εἶναι
981 2608 1210 2685 δύναμις
1269 2615 1402 2666 Θεοῦ
1449 2612 1539 2666 καὶ
1613 2610 1792 2691 σοφία.
1850 2612 1989 2685 Ἄρα

327 2701 397 2757 οὗ
429 2700 782 2776 θαυμαστόν;
818 2726 848 2755 ‹‹
882 2701 1080 2764 Αὖτοῖς
1115 2698 1172 2757 δὲ
1200 2705 1317 2764 τοῖς
1373 2700 1624 2774 κλητοῖς.
1660 2724 1688 2753 ››
1736 2698 1992 2772 Κλητοῦς

329 2812 521 2870 φησιν,
593 2790 691 2856 οὕς
748 2793 776 2848 6
835 2792 963 2855 Θεὸς
1030 2789 1252 2847 ἐκάλεσε
1319 2788 1409 2847 διὰ
1468 2793 1531 2847 τὸ
1599 2790 1778 2863 ἀξίους
1837 2793 1992 2849 εἶναι.

330 2907 359 2934 ι
394 2883 519 2936 Ὀτι
550 2882 613 2937 τὸ
648 2882 834 2956 μωρὸν
866 2886 964 2938 τοῦ
1025 2885 1178 2938 Θεοῦ.
1214 2904 1243 2934 ››
1291 2884 1351 2939 'O
1399 2881 1629 2955 σταυρὸς
1690 2881 1785 2954 μὲν
1847 2877 1999 2935 δοκεῖ

337 2971 556 3047 μωρὸν,
588 2970 740 3043 πλὴν
772 2971 1082 3052 σοφώτερον
1131 2976 1240 3027 τῶν
1300 2970 1600 3043 ἀνθρώπων
1646 2969 1777 3026 ἐστί.
1830 2975 1997 3039 ΙΙῶς;

334 3061 391 3117 οἱ
437 3061 537 3135 μὶν
593 3061 697 3137 γὰρ
757 3061 914 3141 σοφοὶ
975 3061 1067 3116 καὶ
1121 3058 1419 3141 φιλόσοφοι
1479 3062 1604 3135 περὶ
1663 3060 1853 3139 ψυχρὰ
1910 3060 2000 3114 καὶ

342 3150 589 3222 ἀνόνητα
643 3150 1069 3230 ἠσχολήθησαν,
1130 3153 1158 3205 6
1219 3148 1276 3206 δὲ
1343 3151 1569 3223 σταυρὸς
1628 3150 1725 3204 ’τὸν
1793 3149 2000 3222 κόσμον

344 3236 570 3297 ἔσωσεν.
603 3242 677 3298 ’Ή
708 3241 799 3295 καὶ
832 3240 1028 3303 οὕτως.
1084 3240 1276 3298 Βούλει
1335 3245 1521 3313 μαθεῖν
1573 3238 1656 3295 ὅτι
1704 3239 1766 3295 τὸ
1818 3238 2002 3315 μωρὸν

342 3334 444 3387 τοῦ
519 3334 658 3387 Θεοῦ
737 3331 1043 3408 σοφώτερον
1119 3333 1228 3386 τῶν
1305 3328 1601 3404 ἀνθρώπων

342 3421 409 3477 τὸ
437 3419 655 3482 ἀσθενὲς
715 3418 1112 3496 ίσχυρότερον;
1164 3419 1293 3476 Ἀπ’
1343 3417 1509 3488 αὐτῆς
1549 3418 1641 3473 καὶ
1700 3417 1870 3491 μόνης
1906 3423 2006 3487 τῆς

344 3507 622 3582 κλήσεως,
684 3507 813 3586 ῥᾷόν
870 3506 980 3564 ἐστι
1038 3512 1200 3564 τοῦτο
1252 3514 1608 3577 κατανοῆσαι.
1666 3505 1848 3564 Βλέπε
1903 3507 2007 3584 γάρ

355 3620 471 3675 μοι.
501 3599 653 3679 Οὐχὶ
684 3596 890 3654 πολλοὶ
925 3598 1086 3675 σοφοὶ
1115 3597 1252 3667 ἦσαν
1285 3599 1385 3667 τὴν
1426 3595 1480 3652 ἒν
1528 3598 1723 3673 κόσμῳ
1774 3598 1965 3675 σοφίαν
1994 3616 2008 3667 ;

357 3687 505 3768 0611
554 3687 760 3747 ⁴πολλοὶ
817 3687 1036 3744 δυνατοὶ
1092 3690 1294 3758 ταύτην
1349 3688 1449 3757 τὴν
1518 3684 1796 3760 δόναμινε¹
1866 3683 2011 3763 Οὐχὶ

369 3772 825 3855 πολλοὶοῦγενεῖς
878 3780 979 3849 τὴν
1039 3777 1318 3833 ἐπίκαισον
1376 3775 1685 3853 εὖείὲνειαν;
1746 3775 1813 3833 Τί
1868 3777 2010 3831 οὗνῖ

370 3864 458 3937 Μὴ
486 3864 706 3934 τούτους
751 3868 1050 3939 ἐποιήσατο
1110 3867 1138 3923 6
1198 3866 1434 3943 Χριστὸς
1487 3866 1679 3921 ἑαυτοῦ
1743 3865 2012 3940 μαθητὰς,

358 3955 451 4013 καὶ
498 3953 568 4013 δι’
622 3958 800 4015 αὐτῶν
861 3956 1132 4030 ἐκλήθητε
1189 3957 1396 4031 ὕμεῖςς
1458 3954 1752 4030 Οὐδαμῶς.
1839 3953 2016 4012 Ἀλλὰ

354 4047 690 4107 τουναντίον.
753 4045 927 4106 Ἀλλὰ
983 4046 1048 4103 τὰ
1108 4047 1269 4122 μωρά
1324 4047 1460 4101 κατᾶ
1515 4046 1749 4120 κόσμον,
1806 4046 1895 4101 καὶ
1952 4047 2020 4102 τὲ

358 4139 553 4210 ἀσθενῆ
605 4138 697 4195 καὶ
755 4138 821 4194 τὰ
882 4137 1069 4215 ἀγενῆ,
1120 4136 1211 4192 καὶ
1269 4136 1337 4192 τὰ
1395 4136 1787 4209 ἐξουθενημένα
1843 4135 2018 4207 ἐξελε-

357 4230 508 4301 ξατο,
582 4229 901 4306 ἀνθρώπους
980 4225 1177 4297 ἁλιεῖς,
1252 4227 1512 4299 πένητας,
1592 4227 2018 4303 ἀγραμμάτους.

359 4318 466 4376 Καὶ
500 4316 574 4374 δι’
602 4318 781 4377 αὐτῶν
812 4317 1117 4390 ἐποιήσατο
1172 4318 1272 4388 τὴν
1324 4314 1523 4388 κλῆσιν
1575 4316 1726 4390 ὑμῶν
1778 4317 2019 4389 πάντων,

356 4408 455 4465 καὶ
484 4415 666 4490 σοφῶν
695 4409 788 4465 καὶ
820 4405 1078 4482 ἰδιωτῶν,
1128 4406 1220 4463 καὶ
1281 4408 1529 4478 πενήτων
1576 4405 1667 4461 καὶ
1713 4404 2021 4478 πλουσίων,

357 4500 451 4555 καὶ
483 4499 722 4555 ἀσθενῶν
766 4500 854 4555 καὶ
908 4499 1176 4576 ἰσχυρῶν,
1234 4497 1325 4552 καὶ
1382 4495 1696 4576 κατῄσχυνε
1753 4496 1883 4558 τοός
1935 4496 2022 4551 εὖ·

360 4595 539 4666 τενεῖς
588 4591 681 4646 καὶ
749 4589 1013 4669 ἰσχυροὺς
1071 4588 1162 4643 καὶ
1213 4585 1434 4665 σοφοός.
1493 4587 1619 4644 ’Ότι
1678 4584 1811 4661 ὅπερ
1870 4585 2025 4641 αὐτοὶ

363 4678 468 4736 οὔκ
506 4678 570 4736 ἅν
623 4677 751 4736 οὖδὶ
818 4678 1169 4755 ἐπιχειρῆσαι
1227 4674 1562 4751 ἐτόλμησαν,
1620 4674 1831 4749 κόσμον
1890 4673 2026 4731 ὅλον

369 4776 726 4846 μεταστῆσαι,
780 4772 943 4828 τοῦτο
1002 4767 1071 4824 τὰ
1127 4767 1323 4837 ἀσθενῆ
1382 4766 1474 4822 καὶ
1529 4766 1597 4821 τὰ
1655 4766 1815 4841 μωρὰ
1871 4786 2026 4841 περι-

368 4864 557 4938 φανῶς
615 4858 1038 4937 κατεπράξαντο.
1100 4859 1224 4934 Ἆρ’
1304 4855 1367 4912 οὐ
1449 4854 1902 4931 κατῃσχύνθησαν
1984 4856 2037 4910 οἱ

369 4946 666 5013 δοκοῦντες
696 4949 831 5005 εἶναι
862 4948 1023 5028 σοφοὶ
1071 4946 1165 5004 καὶ
1217 4944 1435 5002 δυνατοί
1462 4965 1478 5017 ;
1526 4946 1651 5019 Ἆρ’
1706 4945 1833 5025 οὐχὶ
1886 4943 2038 5022 ἐναρ-

381 5044 498 5119 γῶς
558 5037 958 5111 ἀποδέδεικται,
1017 5037 1101 5096 ὅτι
1158 5039 1221 5094 τὸ
1285 5036 1472 5113 μωρὸν
1528 5035 1618 5091 καὶ
1675 5034 1888 5099 ἀσθενὲς
1946 5040 2041 5091 τοῦ

384 5133 546 5204 Θεοῦ,
604 5132 912 5210 σοφώτερον
970 5130 1063 5187 καὶ
1123 5128 1480 5206 ἰσχυρότερον
1565 5129 1673 5182 τῶν
1746 5125 2043 5200 ἀνθρώπων

376 5218 498 5276 ἐστί
553 5239 569 5292 ;
632 5220 730 5278 Καὶ
785 5221 888 5297 γὰρ
950 5220 1157 5297 μυρίων
1241 5215 1670 5294 ἐπιχειρούντων
1740 5211 1927 5271 σϐέσαι
1982 5217 2044 5272 τὸ

374 5306 560 5384 ὄνομα
588 5315 686 5366 τοῦ
717 5311 978 5387 Χριστοῦ,
1011 5306 1072 5365 οὗ
1109 5308 1273 5383 μόνον
1306 5307 1406 5363 οὐκ
1456 5300 1709 5376 ἐσϐέσθη,
1760 5303 1908 5361 ἀλλά
1954 5305 2045 5361 καὶ

377 5397 551 5455 πλέον
584 5398 755 5472 ἀνθεῖ,
788 5397 993 5456 διᾶτοῦ
1050 5397 1306 5463 ἀσθενοῦς
1362 5396 1495 5452 εἶναι
1554 5391 1844 5457 δοκοῦντος
1884 5417 2044 5451 σταυ-

382 5493 507 5568 ροῦ,
555 5487 686 5554 τοὺς
743 5489 1012 5568 ἰσχυροὺς
1061 5486 1519 5564 τροπωσαμὲνου.
1580 5516 1652 5529 --
1706 5482 1911 5543 ”Αλλο.
1971 5484 2048 5544 Οὐ

388 5579 562 5656 μόνον
592 5579 848 5636 ὅτιπᾶσα
890 5579 1206 5658 ἀνθρωπίνη
1263 5575 1479 5634 διάνοια
1536 5574 1714 5646 πλάνη
1772 5595 1879 5646 τις,
1932 5597 2050 5651 κρι-

385 5668 599 5744 νομένη
660 5672 797 5747 πρὸς
854 5672 918 5730 τὸ
978 5670 1234 5745 σταθερὸν
1292 5667 1384 5725 καὶ
1442 5664 1671 5742 μόνιμον
1731 5669 1838 5721 τῶν
1889 5666 2048 5723 θείων

370 5760 470 5817 καὶ
493 5757 869 5818 τελειοτάτων
898 5755 1323 5833 νοήσεων,ὀιλλ⁹
1381 5753 1465 5812 ὅτι
1514 5756 1607 5812 καὶ
1657 5753 1887 5827 σύνηθὲς
1937 5756 2050 5814 ἑστι

371 5854 498 5917 τοῖς
556 5846 844 5932 θεολόγοις
929 5849 1407 5913 ἀντιπεπονθότως
1464 5845 1551 5904 ἐπὶ
1611 5845 1753 5903 Θεοῦ
1822 5845 1890 5901 τὰ
1951 5852 2054 5922 τῆς

2157 1969 2206 2036 Ι,
2237 1972 2327 2036 24,
2355 1972 2447 2028 25.
2473 1995 2501 2022 (ι
2535 1973 2651 2029 Sed
2681 1974 2896 2031 iisdem
2926 1974 3146 2033 vocatis
3174 1977 3393 2034 διιάωὶν
3436 1979 3661 2051 pariter
3683 1985 3741 2036 et

2091 2080 2118 2109 «
2138 2060 2684 2128 Graecis,Christum
2705 2064 2807 2119 Dei
2832 2067 3157 2137 potentiam
3174 2084 3240 2123 ac
3254 2067 3355 2122 Dei
3372 2069 3751 2140 sapientiam.

2095 2167 2120 2200 α
2144 2150 2436 2214 Quoniam
2469 2152 2720 2207 stultum
2754 2153 2855 2208 Dei
2888 2156 3219 2226 sapientius
3251 2162 3341 2212 est
3362 2158 3749 2215 hominibus:

2094 2259 2122 2289 «
2149 2238 2533 2296 etimbecille
2555 2242 2658 2297 Dei
2703 2242 3008 2300 robustius
3054 2252 3144 2302 est
3170 2247 3536 2304 hominibus.
3572 2269 3604 2300 »

2164 2426 2305 2479 Esse
2328 2422 2573 2495 quidem
2605 2424 2836 2482 videtur
2891 2428 3341 2499 oli‘endiculum,
3400 2429 3618 2503 inquit,
3677 2444 3747 2486 ac

2095 2511 2337 2569 fatuitas
2363 2520 2658 2571 :attamen
2683 2516 2895 2574 iisdem
2917 2518 3064 2591 ipsis
3082 2526 3327 2592 apparet
3366 2521 3656 2587 Christus,
3690 2526 3750 2575 et

2101 2617 2171 2657 ea
2200 2619 2331 2673 quae
2361 2620 2573 2675 passus
2606 2610 2712 2674 est,
2748 2623 2889 2683 esse
2909 2608 3013 2663 Dei
3042 2608 3309 2681 potentia
3334 2626 3400 2665 ac
3435 2608 3750 2683 sapientia.

2104 2693 2319 2748 Annon
2350 2693 2460 2749 hoc
2482 2694 2901 2751 admirandum
2923 2697 2950 2752 ‘I
2982 2719 3011 2748 (ς
3042 2698 3154 2754 Sed
3184 2699 3399 2755 iisdem
3450 2700 3688 2755 vocatis.
3726 2719 3756 2751 »

2108 2783 2354 2839 Vocatos
2385 2784 2650 2856 appellat
2675 2803 2774 2842 eos
2807 2804 2956 2859 quos
3014 2789 3170 2844 Deus
3219 2790 3463 2858 vocavit,
3501 2806 3570 2846 eo
3599 2788 3761 2862 quod

2107 2873 2271 2947 digni
2311 2881 2530 2931 essent.
2565 2899 2594 2928 ‹‹
2626 2879 2916 2944 Quoniam
2948 2880 3197 2936 stultum
3230 2882 3391 2937 Dei.»
3425 2883 3579 2937 Crux
3601 2881 3764 2936 enim

2109 2964 2359 3019 stultum
2396 2966 2680 3037 quiddam
2737 2969 2988 3035 videtur,
3050 2987 3254 3027 verum
3317 2972 3644 3043 sapientius
3677 2975 3769 3026 est

2113 3054 2474 3111 hominibus.
2511 3057 2817 3121 Quomodo
2840 3060 2867 3112 ‘?
2898 3059 3200 3130 Siquidem
3228 3060 3528 3131 sapientes
3551 3075 3617 3116 ac
3640 3059 3768 3131 phi—

2113 3141 2349 3215 1050phi
2382 3144 2541 3201 circa
2569 3146 2784 3217 frigida
2813 3164 2881 3202 ac
2912 3148 3219 3204 insensata
3265 3150 3536 3222 occupati
3571 3153 3764 3217 erant,

2118 3248 2259 3286 crux
2285 3239 2484 3289 autem
2516 3237 2807 3293 mundum
2835 3237 3060 3293 salvum
3090 3238 3249 3294 fecit.
3284 3241 3400 3294 Aut
3449 3239 3560 3295 hoc
3586 3237 3769 3294 etiam

1706 3327 1840 3398 ἐστὶ,
1915 3328 2008 3383 καὶ
2043 3357 2085 3423 C
2120 3323 2315 3379 modo.
2351 3324 2448 3379 Vis
2472 3324 2699 3381 discere
2725 3328 2883 3399 quod
2915 3328 3163 3383 stultum
3192 3329 3286 3384 Dei
3320 3329 3650 3402 sapientius
3680 3331 3771 3383 est

2120 3412 2862 3484 hominibus,etimbecille
2876 3419 3441 3492 robustius?Abipsa
3455 3421 3632 3475 etiam
3648 3418 3775 3475 sola

2120 3504 2424 3560 vocatione
2448 3504 2623 3562 facile
2668 3513 2759 3563 est
2788 3508 2900 3564 hoc
2929 3509 3283 3584 intelligere.
3313 3512 3551 3566 Intuere
3587 3509 3773 3575 enim,

2121 3593 2388 3663 obsecro,
2422 3612 2622 3652 nonne
2680 3599 2854 3654 multi
2904 3601 3206 3673 sapientes
3246 3606 3417 3657 erant
3472 3600 3781 3657 mundana

2124 3683 2417 3755 sapientia
2463 3685 2734 3743 ?Nonne
2801 3689 2975 3744 multi
3059 3696 3335 3763 potentes
3417 3696 3588 3746 erant
3670 3690 3781 3747 hac

2124 3773 2439 3843 potentia?
2466 3776 2670 3831 Nonne
2704 3777 2877 3831 multi
2908 3779 3181 3851 generosi
3236 3784 3407 3835 erant
3464 3777 3783 3850 temporali

2124 3863 2521 3935 generositate
2542 3864 2571 3919 ?
2599 3865 2751 3931 Quid
2783 3882 2919 3940 ergo
2940 3869 2968 3922 ?
2989 3870 3139 3924 Num
3169 3869 3278 3923 hos
3329 3869 3471 3924 fecit
3513 3869 3781 3926 Christus

2127 3969 2266 4008 suos
2297 3952 2644 4025 discipulos,
2677 3962 2735 4010 et
2777 3973 2885 4028 per
2913 3957 3073 4029 ipsos
3106 3958 3284 4031 elegit
3338 3974 3439 4013 vos
3467 3958 3495 4013 ?
3550 3959 3784 4029 Nequa-

2130 4043 2443 4114 quam,sed
2475 4060 2504 4098 e
2537 4044 2917 4102 diverso.lmo
2950 4048 3269 4121 quaajuxta
3289 4047 3581 4104 mundum
3600 4048 3786 4104 stulta

2130 4140 2371 4189 erantet
2386 4135 2709 4193 imbecillia
2723 4155 2789 4194 ac
2804 4138 3089 4210 ignobilia
3109 4146 3569 4213 contemptaque
3588 4139 3786 4212 elegit:

2132 4241 2348 4296 nempe
2367 4226 2640 4283 homines
2663 4227 2988 4300 piscatores
3018 4247 3310 4303 pauperes
3355 4248 3423 4287 ac
3446 4231 3789 4286 illitteratos

2135 4319 2193 4370 et
2216 4331 2323 4387 per
2352 4316 2488 4373 illos
2508 4318 2879 4376 vocationem
2902 4321 3099 4377 effecit
3121 4322 3392 4377 omnium
3416 4326 3698 4390 vestrum,
3728 4326 3788 4376 et

2137 4406 2498 4478 sapientium
2520 4409 3025 4482 etinsipientium,
3041 4416 3099 4467 et
3109 4411 3790 4485 pauperum,etdivitum

2137 4499 2197 4549 et
2216 4494 2605 4553 imbecillium
2634 4504 2691 4554 et
2711 4499 3116 4568 robustorum,
3150 4507 3209 4558 et
3227 4502 3532 4574 pudefecit
3561 4502 3795 4559 nobiles

2137 4584 2416 4642 robustos
2437 4604 2505 4643 ac
2523 4589 3016 4661 sapientes.Quod
3031 4591 3194 4646 enim
3208 4592 3296 4647 illi
3334 4596 3561 4648 tentare
3573 4606 3804 4664 nequa-

2142 4691 2320 4746 quam
2343 4676 2471 4731 ausi
2487 4683 2648 4744 sunt,
2682 4695 2898 4751 nempe
2932 4680 3225 4736 mundum
3256 4680 3603 4737 universum
3618 4686 3807 4737 trans-

2138 4766 2825 4834 mutare,hocirnbecillia
2842 4770 3094 4826 etstulta
3105 4771 3406 4827 manifeste
3425 4775 3809 4844 peregerunt-

2148 4865 2360 4916 Annon
2393 4872 2463 4911 ex
2494 4873 2563 4912 eo
2602 4858 2901 4929 pudefacti
2957 4865 3097 4916 sunt
3155 4861 3256 4933 qui
3317 4860 3617 4933 sapientes
3677 4876 3807 4917 esse

2147 4945 2502 5003 videbantur
2530 4963 2598 5001 ac
2624 4951 2898 5018 potentes
2914 4948 3168 5006 ‘IAnnon
3199 4955 3400 5022 aperte
3432 4949 3812 5007 demonstra-

2152 5045 2279 5094 tum
2301 5043 2391 5094 est
2407 5037 2566 5109 quod
2589 5038 2837 5095 stultum
2860 5057 2928 5096 ac
2959 5040 3259 5097 imbecille
3281 5041 3730 5114 Deisapientius
3744 5058 3811 5099 ac

2153 5128 2457 5183 robustius
2489 5127 2567 5182 sit
2611 5127 3006 5185 hominibus?
3052 5130 3206 5187 428
3253 5131 3487 5187 Etenim
3520 5147 3657 5187 cum
3716 5131 3811 5187 in-

2154 5218 2391 5276 numeri
2423 5223 2755 5275 tentassent
2785 5220 3001 5276 Christi
3034 5238 3256 5278 nomen
3287 5222 3816 5297 exstinguere,non

2157 5310 2325 5367 modo
2358 5326 2479 5364 non
2506 5309 2865 5366 exstinctum
2891 5311 3113 5381 est,sed
3141 5318 3198 5369 et
3228 5313 3401 5370 ﬂoret
3427 5314 3686 5387 amplius
3708 5330 3818 5387 per

2159 5414 2416 5462 crucem,
2451 5415 2583 5469 quae
2614 5416 2752 5455 cum
2785 5400 3168 5458 imbecillitas
3200 5419 3329 5459 esse
3359 5402 3687 5472 videretur,
3717 5420 3817 5459 ro-

2158 5493 2365 5549 bustos
2398 5491 2634 5548 devicit.
2666 5494 2942 5550 —Aliud.
3003 5496 3132 5551 Non
3187 5496 3384 5553 solum
3442 5497 3585 5569 quia
3624 5495 3823 5551 omnis

2160 5584 2424 5638 humana
2450 5581 2854 5657 intelligentia
2885 5602 3052 5641 error
3072 5587 3334 5658 ’quidam
3363 5593 3473 5655 est,
3509 5589 3556 5643 si
3615 5585 3689 5641 ad
3720 5585 3828 5639 fir-

2160 5673 2433 5729 mitatem
2455 5689 2524 5728 ac
2556 5671 3040 5730 immobilitatem
3064 5674 3400 5733 divinarum
3433 5679 3491 5730 et
3511 5672 3825 5746 perfectis-

2164 5762 2457 5819 simarum
2487 5762 3029 5836 intelligentiarum
3088 5764 3471 5832 conferatur;
3533 5759 3637 5816 sed
3667 5758 3829 5831 quod

2165 5853 2345 5935 etiam
2373 5853 2670 5914 familiare
2701 5854 2781 5914 sit
2804 5853 3095 5928 theologis
3124 5853 3200 5913 ad
3239 5850 3601 5912 obviandum
3624 5850 3832 5909 huma-
