4122 6416
300 462 421 523 655

1429 440 1846 507 ἚΟΟΜΕΝΙΙ
1890 436 2195 500 TRICC/E
2247 437 2596 502 EPISCOPI

3605 432 3739 493 636-

302 598 397 655 nis
419 591 748 652 affectibus.
783 587 855 644 de
914 588 1033 644 Deo
1082 602 1189 657 per
1218 585 1502 657 privativa
1532 581 1719 638 effari.
1759 578 1852 634 Sic
1903 580 1963 634 et

2081 576 2378 649 στερήσεως
2456 575 2814 653 ἀποφάσκειν.
2890 575 3051 631 Οὕτω
3107 570 3200 627 καὶ
3252 570 3504 647 ἀόρατον,
3566 571 3729 649 φησὶ,

305 684 544 743 oracula
574 682 785 736 dicunt
812 672 1517 746 invisibilelumen,quod
1545 679 1741 727 tamen
1763 668 1968 724 omnia

302 776 600 831 illustrat:
637 776 695 825 et
718 767 1089 824 multimodis
1139 765 1447 821 laudatum
1477 770 1655 834 atque
1689 759 1968 815 nomina-

304 873 451 929 tum,
486 860 855 919 ineﬂ'abilem
914 858 1141 919 dicunt,
1202 856 1566 926 nomineque
1625 865 1874 916 carere;
1909 852 1968 903 et

306 972 440 1013 eum
474 953 575 1026 qui
608 950 889 1008 omnibus
910 964 1171 1019 prmsens
1200 951 1375 1009 est,et
1407 962 1477 1000 ex
1493 940 1771 998 omnibus
1788 938 1966 993 rebus

307 1046 624 1111 invenitur,
685 1036 1352 1110 incomprehensibilem
1410 1033 1731 1107 appellant,
1776 1034 1835 1085 et
1864 1026 1967 1099 qui

305 1131 649 1205 investigari
682 1147 802 1185 non
835 1127 1040 1200 possit.

380 1226 647 1293 l,26-'.’9.«
660 1220 880 1275 Videtis
894 1218 1052 1274 enim
1068 1215 1436 1272 vocationem
1451 1209 1965 1276 vestram,fratres,

314 1342 333 1369 α
359 1315 517 1389 quod
533 1329 649 1369 non
669 1310 839 1366 multi
862 1310 1163 1381 sapientes
1196 1304 1525 1362 secundum
1549 1318 1813 1368 carnem,
1845 1314 1968 1354 non

311 1388 514 1462 «multi
536 1407 805 1475 potentes
822 1416 959 1454 :non
976 1398 1146 1453 multi
1168 1396 1627 1460 nobiles,verum
1644 1408 1774 1463 quae
1788 1388 1971 1444 stulta

307 1493 680 1552 «secundum
699 1489 992 1546 mundum
1009 1491 1179 1543 erant
1196 1484 1416 1558 delegit
1430 1486 1602 1547 Deus,
1638 1487 1703 1536 ut
1720 1479 1966 1553 pudela-

308 1610 336 1667 ις
367 1589 527 1642 ceret
556 1583 857 1655 sapientes
888 1597 900 1634 :
929 1584 1139 1648 etquae
1164 1573 1493 1631 secundum
1519 1571 1807 1629 mundum
1854 1569 1971 1623 im-

308 1664 335 1730 (ξ
354 1676 594 1735 becillia
620 1676 793 1731 erant
824 1669 1043 1742 delegit
1061 1670 1311 1734 Deus,ut
1341 1684 1411 1723 ea
1435 1664 1968 1738 pudel'aceretqua)

310 1792 337 1819 ‹‹
371 1767 616 1823 robusta
646 1766 785 1820 sunt
820 1778 831 1815 :
867 1765 926 1817 et
954 1776 1084 1831 quae
1113 1757 1445 1813 secundum
1487 1753 1777 1810 mundum
1800 1751 1968 1822 igno-

315 1884 342 1911 ‹‹
375 1858 521 1915 bilia
543 1860 713 1911 erant
743 1858 800 1909 et
832 1854 1174 1922 contempta
1204 1847 1425 1921 delegit
1457 1847 1709 1916 Deus,et
1740 1858 1808 1897 ea
1839 1856 1971 1912 quae

312 1972 338 2005 α
374 1966 497 2006 non
530 1949 793 2013 erant,ut
823 1958 891 1998 ea
921 1958 1051 2013 quae
1085 1944 1226 1995 sunt
1250 1937 1617 2003 obscuraret,
1650 1949 1726 1988 ne
1747 1930 1966 2005 gloria-
1998 1974 2045 2039 Β

314 2064 341 2091 α
374 2044 539 2096 retur
568 2036 693 2092 ulla
721 2050 858 2090 caro
893 2047 1091 2087 coram
1121 2030 1270 2101 ipso.
1296 2048 1323 2080 υ

330 2188 339 2197 ι
383 2127 787 2191 Considerate,
820 2121 1035 2195 inquit,
1069 2125 1129 2174 et
1183 2115 1473 2175 attendite
1525 2119 1748 2187 quanta
1776 2115 1972 2185 potest

306 2218 555 2276 vocatio.
589 2234 718 2289 quze
752 2212 950 2269 effecit
998 2214 1063 2266 ut
1092 2208 1291 2264 idiota:
1351 2206 1497 2261 adeo
1556 2202 1849 2275 sapientia
1880 2199 1969 2255 di-

309 2314 545 2369 scerent
576 2306 869 2379 dogmata.
908 2325 933 2352 ‹‹
968 2297 1132 2366 Quod
1169 2314 1289 2354 non
1321 2294 1492 2352 multi
1520 2293 1879 2365 sapientes.»
1904 2289 1968 2344 ln

307 2402 460 2457 hanc
492 2397 859 2453 vocationem
895 2396 947 2447 et
982 2391 1162 2445 ﬁnem
1196 2404 1316 2443 non
1349 2390 1642 2441 venerunt
1677 2381 1849 2438 multi
1866 2396 1967 2436 sa-

308 2489 564 2564 pientes.
618 2484 1016 2541 Additautem
1051 2478 1246 2535 multi.
1281 2477 1421 2547 quia
1452 2472 1731 2530 nonnulli
1790 2471 1968 2527 etiam

311 2562 612 2651 sapientes
643 2572 1041 2635 crediderant,
1075 2574 1142 2623 ut
1179 2565 1555 2639 Areopagita.
1600 2562 1971 2633 Authypatus

313 2688 381 2728 ac
412 2668 515 2725 alii
534 2684 545 2721 :
567 2671 626 2721 et
646 2664 719 2720 ob
736 2664 888 2718 hanc
904 2675 1146 2717 causam
1164 2657 1385 2728 ubique
1404 2655 1672 2711 additur:
1690 2676 1715 2703 ‹‹
1746 2651 1965 2717 Multi,-

318 2760 460 2832 quia
481 2761 654 2814 erant
676 2759 733 2810 et
764 2751 1007 2825 quidam
1040 2753 1313 2822 potentes
1344 2763 1411 2801 ac.
1442 2744 1726 2817 praeclaro
1756 2757 1972 2815 genere

317 2849 430 2906 orti
468 2847 568 2919 qui
600 2842 995 2902 crediderant.
1036 2862 1056 2888 ι
1087 2836 1426 2894 Secundum
1454 2849 1718 2891 carnem.
1746 2855 1770 2882 ››
1803 2833 1974 2886 Juxta

320 2938 379 2995 id
412 2936 569 3012 quod
604 2937 869 3007 apparet,
905 2928 1233 2987 secundum
1285 2930 1642 3000 praesentem
1682 2922 1858 2977 vitam
1915 2925 1973 2975 et

316 3034 626 3107 externam
641 3018 1140 3080 eruditionem.Hi
1164 3017 1325 3073 enim
1349 3014 1602 3071 maxime
1625 3012 1789 3069 stulti
1808 3016 1969 3081 sunt,

314 3102 416 3192 qui
450 3117 562 3174 sibi
588 3113 734 3187 ipsis
766 3105 1375 3185 persuaseruntquod
1408 3109 1607 3161 essent
1630 3102 1928 3175 sapientes
1955 3116 1968 3155 :

308 3210 564 3280 ideoque
587 3201 930 3259 difficillimi
963 3204 1103 3255 sunt
1161 3215 1196 3253 a
1248 3196 1370 3253 suis
1430 3193 1601 3250 avelli
1654 3191 1966 3264 dogmatis.

309 3320 337 3350 «
370 3299 498 3352 Non
530 3291 704 3350 multi
735 3293 1031 3363 potentes.
1059 3308 1086 3336 »
1110 3283 1414 3356 Siquidem
1439 3285 1711 3353 potentes
1728 3296 1795 3334 ac
1816 3296 1963 3349 pra)-

2066 668 2134 720 τὰ
2164 663 2328 742 λόγια
2384 668 2447 723 τὸ
2508 666 2759 743 παμφαὲς
2818 668 2953 744 φῶς,
3012 662 3104 718 καὶ
3157 662 3249 717 τὸν
3315 657 3730 733 τολυύμνητον,

2069 756 2160 811 καὶ
2227 758 2621 830 πολυώνυμον,
2678 754 2919 832 ἄρρητον
2976 752 3066 809 καὶ
3123 750 3422 824 δνώνυμον,
3485 750 3571 806 καὶ
3632 751 3728 806 τὸν

2070 852 2202 901 πᾶσι
2236 848 2478 923 παρόντα
2523 846 2615 902 καὶ
2673 844 2734 901 ἐκ
2784 843 2996 900 πάντων
3051 841 3464 920 εὑρισκόμενον,
3524 840 3730 896 ἀκατά-

2071 933 2282 1008 ληπτον
2317 938 2404 992 καὶ
2436 935 2863 1017 ἀνεξιχνίαστον.

2144 1042 2382 1099 Βλέπετε
2406 1043 2505 1117 γὰρ
2557 1044 2658 1114 τὴν
2712 1039 2915 1113 κλῆσιν
2977 1039 3156 1112 ὑμῶν,
3212 1035 3465 1116 ἀδελφοὶ,
3520 1037 3606 1093 ’ὁτι
3665 1035 3730 1092 οὐ

2070 1130 2276 1189 πολλοὶ
2348 1132 2506 1213 σοφοὶ
2572 1131 2711 1188 κατᾶ
2776 1133 2967 1201 σάρκα,
3059 1128 3121 1186 οὐ
3210 1125 3415 1185 πολλοὶ
3486 1124 3732 1197 δυνατοὶ,

2072 1220 2134 1276 οὐ
2198 1218 2408 1278 πολλοὶ
2469 1220 2725 1296 εὐγενεῖς,
2812 1217 2959 1275 ἀλλὰ
3012 1220 3082 1274 τὰ
3142 1217 3300 1293 μωρὰ
3348 1220 3447 1273 τοῦ
3517 1216 3732 1288 κόσμου

2072 1309 2348 1383 ἐξελέξατο
2409 1311 2438 1366 6
2499 1311 2651 1379 Θεὸς,
2709 1308 2801 1365 ’ίνα
2867 1307 3207 1384 καταισχύνῃ
3292 1306 3419 1369 τοὺς
3506 1305 3732 1384 σοφοὺς,

2070 1401 2179 1457 καὶ·
2219 1401 2286 1456 τὰ
2365 1401 2562 1471 ἀσθενῆ
2620 1405 2718 1456 τοῦ
2776 1400 2988 1474 κόσμου
3045 1395 3319 1472 ἐξελέξατο
3377 1397 3406 1453 6
3453 1397 3584 1461 Θεὸς
3638 1393 3734 1451 ’ίνα

2072 1492 2408 1568 καταισχύνῃ
2448 1492 2516 1547 τὰ
2573 1489 2796 1567 ἰσχυρά.
2860 1489 2967 1546 Καὶ
3025 1491 3090 1544 τὰ
3148 1489 3307 1564 ἀγενῆ
3366 1491 3464 1543 τοῦ
3520 1487 3735 1561 κόσμου

2073 1582 2160 1637 καὶ
2194 1581 2262 1637 τὰ
2293 1580 2683 1655 ἐξουθενημένα
2711 1578 2988 1654 ἐξελέξατο
3019 1579 3048 1633 6
3079 1578 3234 1644 Θεὸς,
3264 1575 3355 1632 καί
3382 1577 3449 1632 τὰ
3474 1578 3550 1650 μή
3580 1573 3732 1647 ὄντα,

2072 1670 2162 1728 ἳνα
2191 1673 2260 1728 τὰ
2289 1667 2417 1727 ὅντα
2447 1673 2792 1748 καταργήσῃ,
2850 1671 3003 1732 ὅπως
3056 1668 3132 1743 μὴ
3187 1669 3540 1743 καυχήσηται
3586 1673 3736 1723 πᾶσα

2076 1762 2203 1837 σὰρξ
2235 1761 2470 1817 ἐνώπιον
2496 1762 2685 1819 αὐτοῦ.

2155 2100 2569 2179 Ἐπισκὲψασθε,
2649 2101 2805 2179 φησὶ,
2880 2103 3203 2181 προσὲγετε,
3297 2106 3417 2163 πῶς
3514 2101 3736 2179 μεγάλα

2081 2188 2365 2263 δύναταιὴ
2398 2190 2618 2263 κλῆσις,
2652 2190 2735 2247 δτι
2796 2187 3041 2261 ἰδιώτας,
3096 2191 3241 2246 οὕτω
3285 2193 3425 2271 σοφᾶ
3484 2188 3736 2269 δόγματα

2082 2287 2270 2356 μαθεῖν
2300 2281 2715 2359 παρεσκεύασεν.
2755 2307 2775 2332 u
2808 2283 2927 2337 Ὅτι
2960 2282 3024 2336 οὐ
3080 2279 3290 2337 πολλοὶ
3348 2280 3529 2359 σοφοί.
3562 2304 3588 2335 ι
3643 2284 3732 2338 Ἐν

2075 2376 2145 2446 τῇ
2175 2372 2570 2448 κλήσειυταύτῃ
2623 2370 2712 2428 καὶ
2768 2374 2837 2446 τῇ
2895 2371 3096 2439 πίστει,
3154 2371 3340 2443 φησὶν,
3400 2371 3503 2426 οὐκ
3555 2369 3731 2442 ἦλθον

2078 2461 2282 2518 πολλοὶ
2316 2462 2493 2540 σοφοί.
2528 2459 2837 2539 Προσὲθηκε
2869 2458 2926 2516 δὲ
2950 2460 3012 2516 τὸ
3046 2459 3274 2530 πολλοτ,
3316 2461 3401 2516 ὅτι
3451 2461 3587 2530 ἦσαν
3639 2461 3736 2517 καὶ

2080 2551 2242 2629 σοφοί
2299 2573 2443 2615 τινες
2518 2551 2917 2618 πιστεύσαντες,
2980 2550 3094 2605 οῖον
3154 2550 3182 2605 ὁ
3242 2550 3662 2626 Ἀρεοπαγίτης,
3705 2552 3736 2606 6

2080 2642 2435 2713 Ἀνθύπατος,
2487 2641 2577 2697 καὶ
2627 2640 2826 2717 ἕτεροι.
2888 2639 2991 2697 Καὶ
3045 2644 3327 2716 πανταχοῦ
3378 2639 3463 2708 τὸ,
3524 2665 3550 2692 ‹‹
3587 2639 3737 2697 Πολ-

2079 2729 2194 2800 λοί,
2232 2755 2259 2784 »
2292 2727 2381 2786 διὰ
2410 2735 2570 2786 τοῦτο
2619 2730 2959 2806 πρόσκειται,
3010 2731 3092 2785 δτι
3142 2729 3276 2798 ἦσάν
3327 2750 3469 2791 τινες
3520 2726 3742 2785 δυνατοὶ

2079 2819 2171 2875 καὶ
2224 2820 2455 2897 εὐγενεῖς
2509 2819 2902 2882 πιστεύσαντες.
2961 2842 2989 2872 (ι
3052 2818 3206 2875 Κατᾶ
3265 2819 3455 2893 σάρκα.
3492 2842 3519 2870 ››
3589 2820 3746 2877 Κατᾶ

2077 2910 2139 2965 τὸ
2198 2910 2545 2988 φαινόμενον,
2605 2909 2743 2965 κατᾶ
2798 2909 2889 2965 τὸν
2951 2908 3189 2976 παρόντα
3275 2908 3417 2983 βίον,
3490 2907 3582 2963 καὶ
3641 2909 3744 2979 τὴν

2078 2996 2270 3069 ἔξωθεν
2324 2995 2624 3056 παίδευσιν.
2710 3000 2876 3056 Οὗτοι
2956 3000 3060 3074 γὰρ
3120 2996 3359 3072 μάλιστα
3423 2997 3626 3074 μωροὶ,
3689 3000 3745 3054 οἱ

2078 3089 2500 3152 πεπιστευκότες
2533 3090 2749 3151 ἑαυτοῖς
2797 3089 2881 3143 δτι
2936 3086 3041 3142 εἰσὶ
3091 3086 3268 3167 σοφοί.
3325 3085 3419 3143 Διὸ
3467 3087 3558 3142 καὶ
3609 3084 3745 3143 δυσ-

2078 3179 2442 3242 αποσπάστως
2505 3176 2698 3254 ἔχουσι
2743 3178 2879 3254 πρὸς
2934 3177 3000 3233 τὰ
3056 3172 3173 3232 ῒδεα
3231 3173 3501 3252 δόγματα.
3571 3202 3592 3227 ι
3657 3179 3740 3236 Οὐ

2076 3268 2282 3326 πολλοὶ
2317 3267 2554 3327 δυνατοί,
2592 3293 2618 3319 ››
2652 3267 2750 3323 Καὶ
2774 3267 2877 3344 γαρ
2911 3267 2963 3322 υἱ
2996 3263 3210 3322 δυνατοί
3243 3265 3333 3320 καὶ
3369 3266 3421 3320 οἱ
3480 3264 3741 3341 εὐγενεῖς,

308 3389 468 3444 claro
500 3385 624 3440 nati
656 3345 1054 3455 genere,fastu
1087 3345 1247 3448 pleni
1281 3391 1295 3428 :
1328 3373 1415 3428 illi
1439 3345 1691 3443 quidem
1722 3345 1961 3440 propter

2081 3361 2246 3435 τύφου
2276 3358 2731 3435 πεπληρωμένοι,
2765 3358 2817 3413 οἱ
2847 3358 2941 3431 μὲν
2973 3355 3062 3414 διὰ
3099 3355 3193 3412 τὸν
3255 3355 3523 3426 πλοῦτον,
3573 3356 3624 3411 οἱ
3681 3355 3741 3412 δὲ

311 3472 647 3539 divitias,hi
679 3476 877 3526 autem
909 3472 1153 3539 propter
1183 3478 1392 3536 genus,
1424 3460 1651 3532 seipsos
1681 3474 1715 3514 a
1745 3458 1847 3513 Dei
1870 3474 1970 3512 co-

311 3564 577 3639 gnitione
604 3563 900 3632 separant,
925 3572 1033 3612 nec
1067 3553 1273 3610 volunt
1310 3547 1971 3623 prmsentiadespicere.

388 3651 554 3709 «Sed
596 3667 727 3723 qum
780 3648 962 3704 stulta
1019 3649 1160 3701 sunt
1216 3640 1545 3698 secundum
1594 3637 1972 3694 mundum.»

317 3745 472 3801 429
507 3740 734 3812 Ubique
766 3739 989 3809 rejecta
1019 3751 1087 3791 ac
1117 3733 1256 3788 vilia
1286 3730 1532 3803 accepit,
1583 3734 1651 3783 ut
1700 3732 1973 3800 potentes

318 3831 661 3889 incredulos
680 3826 1233 3901 pudefaceret.Cum
1252 3826 1452 3878 autem
1476 3817 1969 3890 audis«Delegit,»

320 3940 395 3978 ne
430 3919 751 3993 suSpiceris
780 3915 938 3989 quod
972 3915 1129 3971 Deus
1161 3929 1310 3985 opus
1348 3908 1627 3967 habuerit
1679 3922 1971 3979 pauperes

320 4013 933 4081 assumere,potentes
956 4022 1091 4061 vero
1122 3998 1545 4075 repellere,sed
1568 3997 1726 4069 quod
1756 3995 1973 4068 abjecti

316 4103 710 4158 accurrerunt
739 4096 927 4170 magis
955 4094 1030 4151 ad
1057 4092 1257 4149 fidem.
1293 4090 1399 4155 Qui
1435 4089 1595 4143 enim
1622 4087 1681 4141 in
1699 4090 1973 4158 potenta-

316 4192 476 4247 tibus
508 4194 680 4246 erant
710 4193 768 4243 et
787 4181 1347 4258 sapientia,seipsos
1371 4174 1973 4244 abstraxerunt,indi-

312 4295 496 4354 gnum
529 4277 816 4332 ducentes
840 4271 998 4345 quod
1058 4270 1131 4326 ab
1188 4266 1390 4323 idiotis
1442 4265 1743 4319 discerent
1775 4282 1790 4333 ;
1820 4264 1973 4319 Deus

313 4352 574 4438 namque
606 4380 814 4421 omnes
847 4360 1041 4418 salvos
1057 4358 1186 4414 fieri
1218 4354 1565 4427 cupiebat.»
1589 4352 1974 4425 Utsapientes

310 4456 717 4529 pudefaceret.
764 4475 792 4503 »
826 4453 971 4507 Cum
1003 4454 1200 4506 autem
1231 4445 1454 4516 ubique
1486 4442 1678 4510 audis,
1704 4466 1731 4493 «
1782 4441 1976 4498 Pude-

308 4546 553 4608 faceret,
590 4565 618 4593 ››
651 4542 722 4598 de
750 4541 872 4597 illis
906 4538 1173 4610 intellige
1208 4536 1308 4607 qui
1343 4534 1404 4588 in
1436 4533 1679 4606 propria
1710 4531 1976 4587 ﬁdebant

312 4633 608 4706 sapientia
639 4649 705 4688 ac
736 4630 977 4694 divitiis,
1013 4643 1122 4684 nec
1171 4618 1568 4681 crediderant.
1624 4621 1757 4677 Haec
1812 4622 1974 4677 enim

2083 3448 2172 3506 διὰ
2226 3451 2288 3506 τὸ
2345 3449 2524 3525 γέιος,
2572 3446 2878 3519 ἐξέλκουσιν
2935 3446 3156 3510 ἑαυτοὺς
3222 3450 3322 3512 τῆς
3382 3445 3749 3523 θεογνωσίας,

2080 3541 2170 3597 καὶ
2203 3539 2309 3617 οὐχ
2339 3539 2619 3608 αἱροῦνται
2646 3543 2754 3595 τῶν
2788 3537 3070 3613 παρόντων
3103 3542 3487 3614 καταφρονεῖν.

2156 3652 2180 3685 α
2212 3627 2390 3687 Ἀλλᾶ
2416 3629 2484 3684 τὰ
2541 3628 2700 3704 μωρὰ
2753 3632 2851 3683 τοῦ
2918 3627 3151 3699 κόσμου.
3199 3648 3226 3679 ιο
3295 3624 3399 3683 Καὶ
3450 3625 3730 3698 πανταχοῦ

2077 3720 2146 3776 τὰ
2201 3717 2524 3793 ἀποόόλιμα
2575 3718 2666 3774 καὶ
2748 3717 2816 3773 τὰ
2898 3714 3089 3786 εὐτελῆ
3173 3710 3568 3791 προσελάϐετο,
3638 3711 3742 3768 ’ίνα

2078 3804 2207 3872 τοὺς
2267 3806 2526 3874 δυνατοὺς
2611 3808 2872 3868 ἀπίστους
2929 3807 3292 3882 καταισχύνῃ.
3354 3806 3597 3863 Ἀκούων
3659 3800 3741 3873 δέ,

2082 3925 2109 3954 ‹‹
2145 3898 2479 3973 Ἐξελέξατο,
2505 3922 2532 3950 ››
2567 3899 2644 3973 μή
2677 3901 2841 3952 τοῦτο
2875 3895 3222 3971 ὑποπτεύσῃς
3254 3897 3337 3951 ὅτι
3369 3892 3543 3970 ἔργον·
3576 3892 3739 3967 ἔσχεν

2082 3989 2110 4043 6
2145 3989 2296 4060 Θεὸςς
2329 3989 2457 4051 τοὺς
2489 3988 2583 4061 μὲν
2621 3986 2883 4062 πτωχοὺς
2934 3980 3147 4055 λαϐεῖν,
3193 3983 3320 4048 τοὺς
3366 3979 3422 4036 δὲ
3471 3979 3738 4044 δυνάστας

2083 4079 2425 4147 ἀπώσασθαι,
2459 4076 2587 4133 ἀλλ’
2626 4076 2709 4133 ὅτι
2759 4076 2812 4131 οἱ
2872 4073 3109 4138 εὐτελεῖς
3159 4070 3538 4151 προσέδραμον
3590 4067 3743 4144 μᾶλ-

2082 4165 2179 4223 λον
2213 4170 2280 4242 τῇ
2311 4166 2509 4222 πίστει.
2564 4166 2626 4220 Οἱ
2677 4162 2736 4220 δὲ
2794 4163 2845 4221 ἐν
2908 4161 3242 4226 δυναστείαις
3295 4162 3442 4225 ὄντες
3499 4161 3589 4217 καὶ
3652 4180 3747 4216 σο-

2082 4255 2180 4332 φίᾳ
2276 4256 2498 4318 ἑαυτοὺς
2575 4254 2984 4331 ἆπεσχοίνισαν,
3086 4253 3485 4323 ἀπαξιώσαντες
3587 4251 3743 4326 παρὰ

2082 4345 2318 4402 ἰδιωτῶν
2354 4348 2566 4421 μαθεῖν,
2599 4347 2673 4410 ὡς
2706 4345 2736 4401 ὅ
2765 4365 2823 4422 γε
2883 4345 3012 4408 Θεὸς
3061 4346 3265 4406 πάντας
3319 4339 3486 4413 ¹ἤθελε
3541 4345 3739 4401 σῶσαι,

2081 4462 2109 4490 ‹‹
2143 4437 2254 4494 Ἵνα
2278 4435 2407 4499 τοὺς
2430 4435 2629 4516 σοφοὺς
2661 4435 3026 4511 καταισχύνῃ.
3060 4460 3082 4490 ι
3117 4468 3189 4477 -
3211 4460 3238 4487 ‹‹
3262 4453 3597 4508 καταισχννῃ
3622 4455 3651 4483 ››
3680 4428 3746 4485 δὲ

2080 4530 2364 4603 πανταχοῦ
2428 4526 2634 4597 ἀκούω,
2691 4526 2816 4601 περὶ
2878 4525 3097 4580 ἐκείνων
3185 4524 3294 4580 νόει
3375 4527 3484 4578 τῶν
3564 4519 3747 4593 οἰκείᾳ

2081 4619 2245 4698 σοφίᾳ
2265 4617 2354 4673 καὶ
2383 4614 2610 4690 πλούτῳ
2640 4616 3007 4685 πεποιθότων,
3048 4613 3141 4670 καὶ
3177 4616 3251 4688 μὴ
3311 4610 3742 4668 πιστευσάντων.

307 4724 569 4779 maxima
598 4721 811 4778 Christi
844 4717 1089 4775 victoria
1110 4721 1197 4771 est
1220 4731 1326 4786 per
1348 4711 1560 4768 stultos
1590 4711 1709 4767 sive
1750 4709 1967 4766 idiotas

2083 4707 2237 4781 Αὕτη
2270 4710 2374 4785 γᾶρ
2418 4709 2540 4779 νίκη
2607 4706 2836 4783 μεγίστη
2894 4710 2992 4763 τοῦ
3046 4709 3306 4780 Χριστοῦ,
3362 4710 3426 4760 τὸ
3487 4700 3576 4758 διὰ
3628 4705 3741 4756 τῶν

309 4812 621 4869 devincere
652 4812 953 4883 sapientes
985 4824 1052 4863 ac
1092 4803 1466 4879 pudefacere;
1530 4801 1818 4856 Maximus
1868 4815 1964 4855 sa-

304 4903 575 4975 pientum
610 4902 804 4975 pudor
830 4890 1969 4970 estquodidiotisinferioresinvenian-

305 4993 486 5047 tur:et
505 4992 762 5047 maxima
777 4990 1017 5062 quidem
1034 4984 1250 5041 Christi
1265 4981 1511 5036 victoria
1531 4986 1740 5050 estper
1756 4978 1969 5034 stultos

307 5099 591 5156 superare
619 5084 937 5153 sapientes.
971 5104 989 5128 ι
1026 5079 1163 5143 Quae
1196 5073 1441 5129 robusta
1473 5075 1676 5125 sunt.»
1708 5069 1830 5124 Hoc
1860 5072 1967 5136 est,

306 5173 780 5228 intumescentes
803 5170 876 5224 ob
909 5165 1237 5241 potentiam
1262 5169 1320 5218 et
1350 5158 1721 5215 divitias.«-Et
1751 5175 1817 5213 ea
1836 5175 1968 5229 quas

304 5277 426 5315 non
461 5266 650 5314 erant.
691 5282 716 5309 η
750 5261 829 5314 Ea
863 5274 984 5313 non
1047 5270 1175 5311 esse
1208 5253 1352 5308 dicit
1384 5266 1515 5322 qum
1550 5264 1678 5303 esse
1726 5247 1967 5319 quidem

303 5349 748 5404 existimantur.
780 5354 1024 5420 prepter
1080 5343 1329 5400 multam
1383 5336 1802 5409 abjectionem.
1839 5360 1862 5387 (ι
1899 5339 1970 5393 Ut

299 5454 369 5494 ea
402 5454 534 5509 quae
576 5446 713 5494 sunt
759 5438 1125 5493 obscuraret.
1193 5458 1211 5482 ιι
1267 5430 1499 5494 Omnia,
1565 5428 1776 5498 inquit,
1830 5428 1970 5483 fecit

299 5528 477 5588 Deus.
515 5544 631 5599 quo
663 5544 764 5584 eos
796 5529 867 5583 ab
902 5524 1241 5598 arrogantia
1292 5518 1617 5577 cohiberet.
1679 5522 1734 5572 et
1783 5534 1817 5573 a
1877 5517 1966 5573 sui

296 5618 699 5691 reputatione,
736 5635 855 5692 qua
887 5636 1015 5675 sese
1050 5613 1277 5685 aliquid
1309 5626 1438 5667 esse
1472 5606 1970 5664 existimabantet

294 5725 398 5766 vos
427 5709 621 5765 adhuc
645 5715 990 5784 arrogantes
1050 5706 1191 5761 estis
1250 5718 1315 5759 ac
1382 5699 1798 5755 intumescitis.
1835 5720 1864 5749 ‹‹
1889 5699 1968 5755 Ea

297 5815 431 5871 quae
458 5817 582 5858 non
617 5808 806 5863 erant.
861 5823 890 5852 ››
952 5796 1316 5857 Videbantur
1367 5788 1620 5863 apostoli
1679 5805 1801 5848 non
1835 5806 1965 5847 esse

299 5888 626 5963 quidquam
659 5898 864 5968 utpote
899 5888 1117 5964 abjecti
1151 5884 1372 5945 :Graaci
1429 5894 1565 5938 vero
1621 5894 1751 5937 esse
1800 5880 1966 5937 vide-

2084 4803 2305 4875 μωρῶν,
2330 4797 2455 4868 ἤτοι
2488 4794 2751 4861 ἷδιωτῶν,
2785 4803 3005 4865 νικῆσαι
3035 4794 3162 4857 τοὺς
3219 4792 3418 4871 σοφοὺς
3468 4791 3557 4849 καὶ
3606 4811 3745 4846 κατ-

2079 4893 2357 4965 αισχῦναι.
2417 4886 2662 4965 Μεγίστη
2718 4885 2824 4962 γὰρ
2882 4891 2989 4941 τῶν
3045 4880 3227 4963 σοφῶν
3293 4883 3528 4957 α’σχύνη
3590 4880 3742 4956 παρά

2078 4977 2313 5036 ἰδιωτῶν
2366 4980 2650 5049 ἡττᾶσθαι,
2718 4976 2808 5032 καὶ
2898 4976 3125 5052 μεγίστη
3176 4974 3301 5047 νίκη
3364 4975 3622 5047 Χριστοῦ,
3681 4969 3742 5025 ὲν

2081 5073 2291 5145 μωροῖς
2346 5072 2498 5139 νικᾷν
2556 5065 2683 5129 τοὺς
2740 5067 2961 5143 σοφούς.
3025 5066 3169 5122 «Ta‘:
3221 5062 3445 5141 ἰσχυρά.
3505 5083 3530 5115 η
3591 5057 3736 5121 Τοὺς

2081 5158 2221 5234 μέγα
2278 5161 2609 5239 φρονοῦντας
2654 5154 2742 5211 ἐπὶ
2801 5153 3026 5229 δυνάμει
3083 5155 3175 5209 καὶ
3234 5151 3486 5226 πλούτῳ.
3553 5173 3578 5206 α
3627 5147 3737 5205 Καὶ

2075 5248 2141 5304 τὰ
2176 5251 2250 5321 μὴ
2285 5247 2431 5305 ὄντα.
2470 5272 2497 5299 ››
2530 5248 2621 5316 Μὴ
2657 5244 2787 5302 ὄντα
2812 5245 2990 5315 καλεῖ,
3021 5242 3152 5307 τοὺς
3199 5239 3341 5318 μηδὲ
3391 5242 3529 5297 εἶναι
3577 5259 3746 5311 νομι-

2195 5337 2205 5355 1
2459 5336 2473 5353 ς
2555 5338 2568 5355 ς
2822 5336 2836 5354 \
2965 5332 2978 5351 9
3030 5334 3039 5351 α
3620 5322 3642 5343 Ἰ

2078 5343 2359 5411 ζομενους,
2393 5334 2483 5391 δια
2510 5358 2610 5405 την
2659 5334 2878 5405 πολλην
2929 5331 3224 5388 ευτελειαν.
3277 5354 3305 5384 ι(
3334 5332 3447 5386 Ἳνα
3497 5330 3566 5386 τὰ
3613 5347 3745 5382 οντα

2074 5428 2412 5504 καταργήσῃ.
2448 5452 2474 5479 ››
2537 5426 2733 5487 Πάντα.
2787 5423 2972 5505 τρησῖν,
3035 5420 3288 5493 ἐποίησεν
3346 5421 3376 5475 6
3434 5420 3590 5487 Θεὸς,
3648 5414 3751 5471 ’ίνα

2075 5515 2254 5592 παύσῃ
2312 5515 2506 5579 αὐτοὺς
2565 5523 2665 5585 τῆς
2750 5513 3091 5583 ἀλαζονείας,
3177 5510 3269 5567 καὶ
3328 5513 3425 5565 τοῦ
3499 5506 3753 5581 νομίζειν

2075 5606 2299 5671 ἑαυτοὺς
2355 5606 2485 5662 εῖναί
2542 5627 2617 5673 τι,
2672 5604 2764 5661 καὶ
2820 5604 2977 5677 ὑμεῖς
3036 5599 3115 5658 ἔτι
3175 5597 3588 5671 ἀλαζονεύεσθε,
3649 5595 3750 5651 καὶ

2076 5701 2325 5775 φρονεῖτε
2359 5696 2517 5770 μέγα.
2552 5719 2579 5746 ‹‹
2616 5694 2711 5762 ,Μὴ
2743 5689 2890 5748 ὄντα,
2929 5714 2958 5743 ››
2996 5690 3087 5759 Μὴ
3124 5687 3264 5745 εἶναί
3297 5709 3348 5744 τι
3406 5681 3582 5742 ἐδόκει
3613 5682 3756 5749 τοὺς

2073 5771 2416 5848 ἆποστόλους
2477 5785 2553 5847 ὡς
2639 5781 2899 5840 εὐτελεῖς.
2968 5781 3135 5840 ’Ὄντα
3216 5778 3274 5836 δὲ
3357 5773 3534 5834 ἐδόκει
3608 5771 3748 5834 τοὺς

2076 5875 2378 5951 1Έλληνας,
2436 5870 2513 5940 ὡς
2595 5871 2885 5952 οίομένους
2966 5870 3107 5930 εἶναί
3163 5891 3240 5945 τι,
3307 5869 3401 5947 μὴ’
3444 5862 3603 5930 ὄντας
3643 5857 3743 5923 ’δίο
