4122 6428
286 353 414 424 650

1392 346 1820 412 (ECUMENII
1867 345 2178 412 TRICCJE
2221 352 2576 421 EPISGOPI

3605 355 3735 421 660

300 488 426 547 Dei.
462 508 491 540 »
547 486 791 541 Mortem
851 479 1013 537 enim
1052 479 1270 538 Christi
1302 481 1679 554 praedicando
1712 499 1953 539 annun-

2095 506 2177 543 ’ων
2208 489 2464 564 Χριστοῦ.
2512 490 2605 548 Διό
2661 489 2959 568 μαρτύριον
3017 489 3177 549 αότδν
3234 488 3412 549 καλεῖ.
3453 513 3481 547 ιι
3509 489 3587 551 Οὐ
3617 488 3739 569 γὰρ,

298 579 503 642 tiabat,
539 575 670 631 ideo
730 572 897 627 illam
955 571 1219 643 appellat
1274 573 1702 629 testimonium.
1761 574 1953 628 «Non

297 669 458 724 enim
484 663 763 737 judicavi.
798 684 825 710 »
871 662 1103 716 Etenim
1168 678 1272 734 ego
1321 662 1433 717 hoc
1479 664 1705 728 censui,
1739 663 1956 734 inquit,

296 762 445 817 481
483 755 788 829 (quoniam
812 761 871 811 et
893 755 1163 811 Christus
1186 757 1410 825 statuit)
1433 763 1497 811 ut
1529 757 1653 811 sine
1679 756 1958 828 eloquen-

294 853 378 907 tia
401 848 809 922 praadicarem.
838 869 864 897 ‹‹
895 846 1014 901 Nisi
1039 847 1241 902 Jesum
1273 847 1592 902 Christum.
1622 870 1648 896 ››
1680 849 1959 914 Externa,

295 939 515 1010 inquit.
546 952 666 992 non
720 936 835 990 fuit
883 933 1030 989 mihi
1082 952 1230 1006 opus
1282 935 1595 1007 sapientia,
1630 936 1734 991 sed
1767 937 1961 991 solum

298 1028 601 1087 Christum
626 1024 958 1097 prmdicavi,
986 1024 1222 1079 ethunc
1249 1022 1597 1081 cruciﬁxum
1624 1042 1637 1083 :
1673 1032 1731 1081 et
1764 1032 1962 1081 tamen

300 1119 569 1174 omnium
605 1115 965 1187 sapientium
998 1131 1102 1169 ora
1132 1114 1421 1171 obturavi.

373 1210 448 1275 II,
478 1209 595 1264 3-5.
622 1232 647 1256 ιι
677 1208 745 1262 Et
767 1222 869 1280 ego
902 1205 963 1261 in
994 1205 1407 1262 imbecillitate
1430 1212 1488 1262 et
1510 1207 1722 1263 timore
1746 1224 1812 1264 ac
1838 1212 1963 1263 tre-

308 1320 338 1352 «
371 1314 534 1356 more
585 1297 774 1352 multo
829 1300 1094 1351 versatus
1148 1313 1279 1351 sum
1332 1297 1489 1369 apud
1521 1299 1718 1354 vos.Et
1770 1314 1964 1353 sermo

305 1412 334 1441 «
368 1405 537 1445 meus
566 1404 635 1442 ac
673 1384 1015 1460 praedicatio
1066 1401 1200 1441 mea
1244 1403 1363 1441 non
1413 1387 1524 1442 fuit
1573 1388 1968 1459 persuasoriis

310 1503 330 1531 α
360 1481 637 1536 humanas
661 1476 969 1549 sapientiae
992 1476 1208 1543 verbis,
1235 1477 1337 1532 sed
1366 1478 1426 1532 in
1468 1478 1813 1534 ostensione
1840 1479 1968 1550 Spi-

311 1592 333 1621 ι
362 1571 514 1625 ritus
543 1585 610 1625 ac
642 1567 928 1640 potentia)
952 1583 963 1620 :
991 1572 1057 1621 ut
1086 1566 1234 1622 fides
1264 1574 1461 1624 vestra
1490 1585 1610 1623 non
1646 1570 1719 1623 sit
1751 1586 1858 1637 per
1884 1585 1972 1624 sa-

309 1679 341 1716 α
373 1660 661 1733 pientiam
692 1657 1029 1718 hominum.
1063 1657 1166 1711 sed
1194 1675 1300 1729 per
1330 1659 1660 1730 potentiam
1692 1660 1817 1715 Dei.
1852 1681 1880 1711 ››

381 1752 527 1806 Nam
546 1748 845 1821 quomodo
866 1763 987 1801 non
1011 1747 1498 1809 imbecillis,cum
1520 1766 1554 1804 a
1574 1750 1978 1822 totmagistra-

2062 572 2267 654 ἔκρινα.
2306 604 2332 631 ››
2368 582 2465 636 Καὶ
2492 583 2595 658 γὰρ
2650 583 2761 661 ἐγὼ
2816 586 2980 639 τοῦτο
3039 581 3337 655 ἐδοκίμασα
3381 580 3594 658 (ἐπειδὴ
3626 582 3718 637 καὶ

2065 670 2092 724 6
2151 673 2431 749 Χριστὸς),
2485 675 2546 728 τὸ
2604 675 2749 743 ἄνευ,
2829 677 3013 753 φησὶν,
3076 673 3411 751 εὐγλωττίας
3460 674 3720 750 κηρύξαι.

2071 786 2090 811 ι
2130 761 2193 817 Εἰ
2257 764 2331 836 μὴ
2395 765 2602 831 Ἰησοῦν
2666 766 2922 839 Χριστόν.
2984 791 3005 818 ι
3065 769 3182 836 Τῆς
3244 762 3460 836 ἔξωθεν,
3530 765 3722 840 φησὶν,

2068 851 2166 906 οὐκ
2195 849 2424 925 ἐδεήθην
2484 854 2699 936 σοφίας,
2757 854 2904 911 ἀλλὰ
2969 856 3129 929 μόνον
3184 856 3411 932 Χριστὸν
3466 854 3725 932 ἐκήρυξα,

2066 944 2156 996 καὶ
2187 946 2378 1000 τοῦτον
2439 944 2873 1021 ἐσταυρωμένον,
2930 947 3019 1002 καὶ
3078 948 3232 1021 ὅμως
3290 946 3529 1021 πάντων,
3569 946 3732 1026 φησὶ,

2066 1037 2175 1089 τῶν
2201 1040 2383 1113 σοφῶν
2417 1034 2669 1115 ένέφραξα
2697 1037 2766 1094 τὰ
2794 1036 3065 1112 στόματα.

2143 1199 2245 1256 Καὶ
2304 1200 2414 1275 ἐγὼ
2469 1201 2522 1257 ἐν
2579 1199 2820 1274 ἀσθενείᾳ
2876 1200 2966 1257 καὶ
3018 1199 3071 1257 ἐν
3131 1195 3288 1275 φόϐῳ
3347 1199 3437 1255 καὶ
3492 1198 3547 1256 ἐν
3598 1196 3732 1273 τρό-

2078 1311 2162 1363 μῳ
2219 1289 2422 1364 πολλῷ
2507 1290 2777 1370 ἐγενὸμην
2861 1291 2999 1357 πρὸς
3071 1290 3234 1364 ὑμᾶς.
3319 1289 3424 1347 Καὶ
3478 1290 3508 1344 6
3564 1286 3735 1364 λόγος

2077 1401 2183 1453 μου
2238 1381 2325 1435 καὶ
2385 1380 2447 1436 τὸ
2501 1381 2763 1457 κήρυγμά
2825 1402 2951 1456 μου,
3006 1379 3105 1436 οὐκ
3156 1379 3212 1436 ἐν
3272 1380 3481 1442 πειθοῖς
3529 1379 3742 1454 ἀνθρω-

2074 1469 2234 1541 πίνης
2291 1470 2483 1548 σοφίας
2542 1468 2755 1546 λόγοις,
2832 1471 2960 1526 ἀλλ’
3020 1470 3071 1526 ἐν
3133 1467 3400 1541 ἀποδείξει
3484 1468 3745 1543 Πνεῦμα-

2075 1582 2168 1625 τος
2199 1560 2289 1615 καὶ
2350 1558 2655 1636 δυνάμεως,
2713 1561 2801 1616 ἳνα
2859 1564 2894 1631 ἡ
2955 1559 3138 1623 πίστις
3195 1564 3346 1637 ὑμῶν
3384 1561 3460 1636 μὴ
3491 1558 3528 1636 ᾖ
3556 1559 3611 1615 ἐν
3644 1580 3748 1615 σοο

2079 1651 2176 1731 φίᾳ
2207 1650 2526 1726 ἀνθρὼπων,
2559 1649 2688 1708 ἀλλ’
2717 1650 2772 1706 ἐν
2806 1649 3030 1726 δυνάμει
3059 1655 3215 1710 Θεοῦ.

2151 1744 2340 1815 [ΦΩ1.]
2401 1744 2526 1804 Ιῐῶς
2589 1742 2694 1819 γὰρ
2752 1742 2859 1797 οὐκ
2918 1742 3171 1813 ἀσθενὴς,
3236 1742 3264 1797 6
3321 1742 3423 1798 ὑπὸ
3466 1743 3750 1800 τοσούτων

312 1839 474 1895 tibus
495 1838 948 1911 persecutiones
973 1837 1340 1892 sustineret?
1368 1839 1623 1893 Tantum
1654 1855 1775 1894 non
1793 1839 1937 1894 dicit
1960 1855 1978 1894 :

2095 1828 2359 1886 δυναστῶν
2390 1829 2768 1905 διωκόμενος;
2830 1833 3154 1907 Μονονουχὶ
3216 1829 3416 1911 λέγων,
3451 1831 3520 1890 Τί
3567 1854 3749 1908 προσ-

312 1934 385 1990 Ut
415 1929 559 2003 quid
586 1946 688 1985 vos
718 1930 879 2002 ipsos
903 1928 1135 1984 traditis
1160 1928 1403 2000 quidam
1430 1928 1822 2000 sapientibus,
1842 1929 1971 2000 qui-

308 2022 447 2079 dam
479 2037 615 2075 vero
645 2019 989 2092 potentibus
1015 2037 1029 2085 ;
1058 2035 1200 2073 num
1229 2019 1356 2073 haec
1383 2018 1691 2090 quidpiam
1724 2018 1798 2074 ad
1830 2036 1975 2090 pra:-

309 2111 670 2168 dicationem
702 2109 1039 2176 conferunt,
1072 2124 1286 2181 nempe
1328 2124 1625 2180 apparens
1657 2108 1986 2180 sapientia,‘

309 2199 527 2257 divitia)
560 2202 618 2255 et
643 2198 910 2270 potentia
930 2197 958 2252 ‘I
983 2196 1361 2252 Considerate
1385 2197 1682 2268 quomodo
1714 2197 1975 2252 venerim

309 2288 479 2344 vobis
501 2286 1011 2360 prmdicans.Num
1030 2285 1090 2340 in
1111 2285 1443 2357 sapientia?
1462 2285 1571 2340 Sed
1596 2302 1975 2358 nequaquam

311 2379 425 2435 hoc
455 2376 653 2432 dicere
682 2374 957 2447 possetis.
992 2381 1083 2430 An
1132 2374 1194 2429 in
1248 2378 1561 2446 potentatu
1582 2374 1610 2429 ?
1637 2374 1816 2446 Atqui
1847 2379 1975 2430 tre-

314 2483 487 2523 mens
517 2482 587 2522 ac
614 2466 857 2531 timens,
917 2463 1252 2536 plenusque
1314 2464 1496 2519 minis
1553 2465 1865 2520 intentatis
1897 2464 1980 2519 ita

316 2554 714 2629 praedicabam
745 2554 904 2609 inter
925 2569 1047 2611 vos.
1071 2553 1189 2607 Cur
1210 2569 1346 2626 ergo
1367 2571 1469 2608 vos
1496 2559 1736 2625 sumpta
1764 2554 1978 2610 horum

316 2644 639 2712 oblivione,
676 2642 976 2715 sapientes
1007 2646 1067 2697 et
1096 2641 1305 2697 divites
1334 2658 1402 2698 ac
1432 2647 1710 2714 potentes
1733 2643 1981 2713 requiri-

315 2736 481 2801 tis,et
499 2733 609 2789 hos
629 2730 794 2790 vobis
825 2736 1224 2803 prmceptores
1251 2736 1309 2787 et
1337 2730 1612 2787 doctores
1643 2732 1935 2788 exhibetis
1955 2733 1983 2788 ?

320 2846 347 2878 ι
375 2826 446 2880 Et
472 2824 709 2879 timore.
747 2843 774 2870 υ
822 2823 950 2877 Non
1002 2819 1220 2889 solum,
1253 2820 1469 2891 inquit,
1502 2821 1650 2876 mihi
1682 2838 1830 2892 opus
1860 2837 1982 2876 non

313 2914 428 2971 fuit
455 2912 751 2986 sapientia
780 2915 847 2967 ut
876 2910 1293 2983 praedicarem,
1316 2926 1518 2965 verum
1547 2911 1728 2966 etiam
1752 2928 1888 2966 cum
1919 2911 1983 2967 in

313 3004 505 3062 multo
528 3018 720 3059 essem
744 3002 958 3057 timore
981 3017 1047 3057 ac
1070 3006 1329 3056 tremore
1354 3004 1596 3073 propter
1617 3000 1984 3073 persecutio-

313 3112 444 3163 nes,
464 3095 548 3151 ita
573 3098 771 3149 tamen
795 3092 1136 3165 pradicavi,
1162 3092 1322 3163 quod
1344 3109 1493 3164 opus
1513 3092 1765 3147 multam
1788 3096 1984 3147 osten-

314 3185 402 3242 dit
430 3183 761 3257 potentiam
810 3181 1025 3249 crucis,
1075 3181 1217 3253 quia
1264 3182 1327 3237 in
1377 3181 1637 3237 ruditate
1668 3199 1736 3238 ac
1766 3183 1979 3237 timore

313 3274 695 3349 praedicando
748 3272 1151 3344 praevaluerit.
1211 3275 1324 3327 Eos
1382 3272 1663 3346 deprimit
1695 3272 1795 3344 qui
1822 3271 1982 3345 apud

319 3369 484 3442 ipsos
515 3366 815 3438 sapientes
876 3368 1084 3421 erant:
1146 3364 1467 3419 ostendens
1511 3369 1737 3437 quanta
1768 3364 1991 3419 fuerint

326 3456 635 3515 obstacula
660 3453 1055 3526 impedientia
1084 3469 1159 3508 ne
1191 3453 1535 3509 crederetur
1554 3452 1985 3524 praedicationi.

326 3552 386 3605 et
408 3552 608 3602 tamen
635 3544 933 3601 creditum
957 3548 1066 3599 est.
1093 3564 1119 3592 ‹‹
1145 3544 1270 3597 Non
1292 3543 1709 3614 persuasoriis.
1737 3564 1765 3593 ››
1789 3544 1989 3614 Neque

326 3636 487 3694 enim
518 3632 863 3707 prmdicatio
881 3632 1220 3688 adulterata
1242 3638 1368 3687 erat
1389 3649 1496 3704 per
1526 3638 1833 3689 externam
1865 3632 1991 3688 elo-

324 3724 632 3801 quentiam
686 3728 789 3780 aut
841 3721 1260 3777 eruditionem.
1313 3744 1342 3772 ‹‹
1395 3721 1507 3777 Sed
1551 3722 1615 3777 in
1645 3722 1987 3778 ostensione

322 3816 596 3889 Spiritus.
631 3836 659 3865 «
692 3815 838 3871 Nam
871 3829 978 3884 per
1017 3813 1300 3885 Spiritum
1333 3818 1605 3868 sanctum
1636 3818 1696 3867 et
1725 3813 1892 3886 signa
1923 3828 1989 3868 ac

320 3907 567 3963 virtutes
590 3920 722 3976 qua)
741 3902 813 3958 ab
838 3919 904 3958 eo
929 3902 1580 3970 sunt,demonstramus
1602 3908 1804 3974 aperte
1829 3902 1987 3974 quod

322 4013 462 4053 vera
491 3995 782 4063 dicamus,
815 3997 873 4048 et
900 4009 1007 4064 per
1035 3991 1151 4046 vim
1179 4008 1246 4047 ac
1276 3992 1606 4063 potentiam
1637 4009 1767 4063 qum
1800 3993 1988 4047 exerit

327 4103 389 4144 se
420 4085 484 4141 in
510 4084 705 4141 nobis.
746 4102 768 4131 ε
805 4083 877 4138 Ut
908 4081 1059 4136 ﬁdes
1105 4085 1301 4136 vestra
1333 4097 1453 4136 non
1485 4082 1582 4137 sit.
1618 4102 1645 4130 ››
1675 4081 1910 4135 Etenim
1938 4081 1988 4137 si

324 4191 434 4249 per
453 4174 779 4229 humanam
800 4170 1014 4227 fuisset
1035 4171 1413 4241 sapientiam,
1436 4170 1696 4241 suspicio
1718 4171 1988 4257 fortassis

326 4263 535 4321 haberi
557 4261 853 4334 potuisset
875 4258 1033 4332 quod
1057 4275 1163 4331 per
1183 4259 1588 4330 eloquentiam
1612 4266 1951 4331 superasset
1974 4277 1989 4330 ;

327 4371 489 4413 nunc
517 4370 655 4409 vero
686 4367 824 4407 cum
857 4367 962 4422 per
992 4349 1161 4422 signa
1190 4350 1266 4405 sit
1291 4356 1350 4405 et
1379 4351 1648 4418 virtutes,
1682 4351 1990 4407 certitudi—

2085 1920 2328 1994 ενείματε
2359 1923 2607 1993 ἑαυτοὺς,
2658 1924 2710 1977 οἱ
2768 1923 2864 1995 μὲν
2918 1928 3036 1986 τοῖς
3090 1928 3300 2002 σοφοῖς,
3333 1923 3386 1978 οἱ
3418 1919 3475 1979 δὲ
3504 1928 3623 1987 τοῖς
3656 1920 3750 1980 δυο

2082 2017 2305 2081 νατοῖς;
2342 2013 2434 2083 Μή
2469 2035 2522 2069 τι
2563 2016 2733 2068 ταῦτα
2791 2008 3172 2087 συμϐάλλεται
3202 2015 3338 2090 πρὸς
3364 2012 3427 2070 τό
3457 2016 3743 2091 κήρυγμα,

2084 2104 2118 2171 ἡ
2154 2098 2388 2157 δοκοῦσα
2441 2103 2604 2178 σοφία
2659 2102 2748 2158 καὶ
2811 2103 2839 2157 6
2888 2100 3129 2167 πλοῦτος
3186 2104 3276 2159 καὶ
3307 2107 3343 2175 ἡ
3378 2102 3627 2179 δύναμις,
3662 2103 3751 2160 Ev-

2085 2193 2369 2263 θυμήθητε
2424 2197 2543 2256 πῶς
2598 2190 2773 2262 ἦλθον
2834 2192 3122 2268 κηρύσσων
3196 2192 3342 2265 ὑμῖν.
3400 2194 3487 2250 Ἐν
3547 2193 3753 2267 σοφίᾳς

2086 2278 2212 2337 ἀλλ’
2244 2281 2345 2335 οὐκ
2372 2278 2430 2335 ἅν
2460 2276 2647 2356 ἔχοιτε
2701 2285 2866 2337 τοῦτο
2917 2280 3107 2337 εἰπεῖν.
3142 2282 3302 2339 Ἀλλ’
3333 2280 3384 2337 ἐν
3419 2279 3705 2354 δυναστείᾳ
3738 2301 3757 2354 ς

2084 2371 2174 2426 καὶ
2232 2371 2341 2445 μὴν
2397 2370 2614 2446 τρέμων
2674 2371 2763 2426 καὶ
2851 2368 3036 2449 φόϐων
3095 2373 3185 2428 καὶ
3247 2369 3488 2428 ἀπειλῶν
3546 2371 3758 2449 γέμων,

2087 2462 2262 2523 οὕτως
2294 2460 2591 2537 ἐκήρυσσον
2648 2460 2701 2517 ἐν
2752 2463 2905 2538 ὑμῖν.
2957 2463 3026 2520 Τί
3082 2462 3175 2518 οὗν
3206 2463 3363 2536 ὑμεῖς
3402 2464 3610 2519 τούτων
3645 2462 3762 2535 λή-

2087 2552 2185 2621 θην
2247 2545 2529 2621 λαϐόντες,
2592 2550 2795 2629 σοφοὺς
2849 2553 2940 2607 καὶ
2997 2551 3300 2616 πλουσίους
3357 2553 3447 2608 καὶ
3491 2549 3758 2617 δυνάστας

2090 2639 2418 2710 ἐπιζητεῖτε,
2479 2641 2570 2696 καὶ
2628 2640 2859 2703 τούτους
2921 2641 3047 2716 ὑμῖν
3109 2639 3475 2704 διδασκάλους
3504 2643 3592 2698 καὶ
3619 2654 3761 2708 καθ-

2088 2728 2302 2805 ηγητάς
2333 2729 2733 2806 ἀποφαίνεσθε;
2796 2754 2823 2781 ‹‹
2860 2731 2959 2787 Καὶ
3023 2729 3079 2786 ἐν
3138 2726 3317 2811 φόϐῳ.
3355 2756 3383 2783 »ι
3442 2732 3521 2788 Οὐ
3561 2730 3758 2805 μόνον,

2091 2817 2276 2894 φησὶν,
2311 2817 2411 2873 οὐκ
2440 2816 2669 2889 ἐδεήθην
2705 2818 2899 2897 σοφίας
2957 2819 3033 2882 εἷς
3087 2821 3150 2875 τὸ
3205 2820 3460 2897 κηρύξαι,
3490 2820 3638 2877 ἀλλὰ
3661 2821 3756 2878 καὶ

2091 2906 2146 2963 ἐν
2180 2902 2335 2985 φόϐῳ
2364 2909 2456 2964 καὶ
2484 2910 2679 2985 τρόμῳ
2737 2907 2811 2964 ὢν
2873 2907 3073 2982 πολλῷ
3122 2907 3212 2966 διὰ
3265 2909 3393 2974 τοὺς
3450 2908 3757 2988 διωγμοὺς,

2092 2997 2266 3060 οὓτως
2324 2998 2578 3072 έκήρυξα,
2634 2998 2767 3073 ὅπερ
2824 2996 3044 3069 πολλὴν
3102 2997 3341 3057 δείκνυσι
3386 3002 3486 3070 τὴν
3521 3002 3755 3076 δύναμιν

2089 3093 2186 3143 τοῦ
2218 3094 2472 3165 σταυροῦ,
2508 3090 2590 3146 δτι
2638 3089 2690 3146 έν
2739 3087 2986 3164 ἰδιωτείᾳ
3014 3092 3105 3147 καὶ
3155 3088 3312 3166 φόϐῳ
3344 3088 3762 3168 κηρυσσόμενος

2090 3181 2340 3255 κατέσχε.
2401 3174 2754 3236 Καταϐἀλλει
2813 3178 2872 3236 δὲ
2922 3183 3049 3243 τοὺς
3098 3185 3228 3258 παρ’
3284 3181 3470 3246 αὐτοῖς
3526 3183 3759 3262 σοφοὺς,

2094 3267 2307 3332 δεικνὺς
2339 3270 2481 3325 πόσα
2541 3272 2636 3344 μὲν
2695 3273 2760 3340 ἦν
2819 3270 2888 3325 τὰ
2943 3269 3249 3345 κωλύματα
3290 3273 3385 3328 τοῦ
3411 3274 3760 3341 πιστευθῆναι

2095 3360 2158 3416 τὸ
2213 3362 2496 3436 κήρυγμα,
2556 3364 2675 3422 πῶς
2728 3357 2785 3416 δὲ
2843 3360 3179 3432 έπιστεύθης
3241 3386 3266 3414 ‹‹
3301 3362 3417 3421 Οὐκ
3464 3362 3518 3418 έν
3549 3366 3765 3431 πειθοῖς

2100 3448 2465 3525 ἀνθρωπίνης.
2502 3474 2530 3501 ››
2558 3450 2634 3508 Ού
2664 3451 2768 3525 γὰρ
2823 3450 2890 3519 ἦν
2950 3452 3011 3506 τὸ
3069 3453 3331 3530 κήρυγμα
3371 3455 3757 3535 σεσοφισμένον

2101 3536 2190 3594 διὰ
2220 3542 2321 3603 τῆς
2351 3535 2541 3610 ἔξωθεν
2603 3538 2941 3613 εὐγλωττίας
2999 3540 3089 3595 καὶ
3147 3538 3507 3607 παιδεύσεως.
3539 3568 3565 3595 ι(
3596 3542 3758 3599 Ἀλλ’

2100 3631 2151 3687 έν
2187 3627 2454 3701 ἀποδείξει
2487 3631 2828 3703 Πνεῦματος.
2871 3654 2899 3681 ››
2960 3630 3057 3686 Διά
3113 3633 3217 3707 γὰρ
3267 3636 3363 3687 τοῦ
3402 3633 3555 3708 ἁγίου
3586 3631 3758 3689 Ilvati-

2103 3741 2273 3794 ματος
2301 3721 2392 3776 καὶ
2448 3724 2558 3776 τῶν
2614 3719 2666 3791 ἐξ
2723 3719 2892 3775 αὐτοῦ
2949 3722 3192 3793 σημείων
3225 3721 3315 3777 καὶ
3348 3719 3627 3797 δυνάμεων
3662 3723 3759 3786 τὰς

2098 3808 2403 3882 ἀποδείξεις
2429 3814 2525 3866 τοῦ
2558 3808 2741 3881 ἀληθῆ
2776 3808 2956 3889 λέγειν
2990 3810 3368 3887 παρεχόμεθα,
3419 3814 3508 3868 καὶ
3542 3811 3632 3869 διὰ
3661 3820 3766 3885 τῆς

2100 3902 2177 3965 εἷς
2208 3906 2356 3976 ἡμᾶς
2389 3902 2712 3979 ἐνεργούσης
2734 3900 3035 3976 δυνάμεως.
3062 3928 3088 3956 ι(
3113 3904 3226 3961 Ἰνα
3254 3905 3289 3974 ἡ
3313 3903 3490 3968 πίστις
3518 3905 3696 3977 ὑμῶν.
3727 3930 3758 3959 »

2098 3994 2294 4070 Εἰγᾶρ
2337 3994 2404 4063 ἦν
2466 3992 2518 4049 έν
2579 3993 2743 4075 σοφίᾳ
2793 3994 3129 4071 ἀνθρωπίνῃ,
3189 3994 3319 4058 ἴσως
3374 3994 3433 4051 ἂν
3484 3997 3763 4072 ὑπενοήθη

2097 4088 2166 4161 τῇ
2199 4083 2512 4159 εὖγλωττίᾳ
2542 4083 2941 4161 περιγενέσθαι,
3000 4090 3092 4140 νῦν
3159 4083 3217 4142 δὲ
3270 4086 3334 4142 τὸ
3394 4084 3483 4142 διὰ
3513 4088 3763 4161 σημείων

2097 4172 2189 4227 καὶ
2250 4171 2526 4246 δυνάμεων
2584 4174 2737 4245 εἶναι,
2813 4175 2875 4230 τὸ
2954 4170 3334 4256 ἀναμφίϐολον
3392 4178 3639 4253 προξενεῖ
3692 4182 3767 4254 τῇ

2148 4261 2162 4315 ί
2333 4264 2347 4283 ε
2469 4263 2483 4281 ε
2632 4263 2647 4283 ε
2718 4268 2747 4280 ..
2816 4262 2875 4299 η,
3125 4266 3140 4285 κ
3475 4267 3489 4285 ς
3580 4265 3604 4284 α,

2099 4284 2139 4318 π
2168 4284 2301 4320 στει.
2350 4269 2395 4318 ΙΙ
2425 4285 2525 4340 γαρ
2568 4261 2657 4319 δια
2680 4285 2786 4320 των
2821 4285 2994 4340 εργων
3050 4287 3141 4321 και
3186 4267 3431 4341 σημείων
3465 4267 3765 4339 απόοειξιςν

2098 4358 2200 4423 τῆς
2220 4351 2281 4408 ἐκ
2307 4354 2374 4429 ῥη
2390 4354 2574 4427 μάτων
2613 4348 2955 4427 Βεϐαιοτέρα.

327 4461 490 4503 nem.
525 4444 678 4500 438
712 4441 857 4497 Cum
888 4446 1087 4497 autem
1118 4440 1282 4513 prius
1313 4440 1674 4514 appellasset
1703 4442 2005 4514 principes
2038 4445 2239 4502 saeculi
2270 4445 2453 4519 hujus
2488 4447 2790 4520 sapientes
2849 4448 3209 4520 Graecorum,
3270 4464 3430 4506 nunc
3480 4448 3625 4507 dicit
3668 4466 3765 4507 sa-

329 4536 562 4609 pientes
582 4531 939 4590 Iudaeorum.

399 4644 470 4698 Ii.
486 4643 633 4699 6-8.«
650 4643 832 4697 Porro
848 4638 1198 4711 sapientiam
1214 4639 1686 4712 loquimurinter
1699 4640 1980 4713 perfectos

2178 4645 2383 4723 Σοφίαν
2443 4641 2500 4699 δὲ
2558 4643 2839 4718 λαλοῦμεν
2896 4643 2950 4699 ἐν
3002 4650 3120 4708 τοῖς
3176 4644 3436 4719 τελείοις,
3482 4647 3672 4729 σοφίαν
3706 4645 3770 4707 δὶ

331 4755 361 4786 α
380 4734 734 4808 sapientiam
759 4736 958 4788 autem
978 4746 1101 4787 non
1125 4731 1327 4787 saeculi
1350 4732 1530 4805 hujus
1555 4749 1750 4805 neque
1772 4733 2000 4805 princi-

330 4846 360 4877 «
394 4841 536 4897 pum
569 4822 771 4880 saeculi
804 4822 1010 4893 hujus,
1045 4822 1145 4893 qui
1178 4821 1527 4878 abolentur:
1563 4821 1666 4877 sed
1695 4823 2000 4894 loquimur

334 4937 362 4968 ‹‹
379 4913 841 4988 sapientiamDei
857 4913 917 4968 in
932 4912 1380 4984 mysterio,quaa
1394 4913 1702 4968 recondita
1717 4918 2005 4984 est,quam

336 5029 362 5057 ‹‹
385 5005 699 5077 ρι’ωθῐιίνὶι
732 5005 885 5058 Deus
917 5007 1055 5057 ante
1088 5002 1307 5057 saecula
1338 5003 1397 5055 in
1425 5001 1674 5075 gloriam
1707 5008 1994 5066 nostram,

338 5116 361 5148 ιι
390 5111 565 5167 quam
600 5108 777 5146 nemo
811 5091 1152 5162 principum
1194 5091 1397 5146 saeculi
1430 5092 1611 5162 hujus
1643 5092 1932 5163 cognovit.
1964 5114 1994 5143 »

408 5186 729 5254 Postquam
752 5182 938 5236 semel
961 5182 1395 5237 demonstravit
1415 5198 1567 5249 eam,
1592 5199 1722 5253 qum
1745 5182 2001 5237 homini-

335 5275 448 5328 bus
479 5271 774 5344 sapientia
830 5269 1084 5338 videtur,
1145 5287 1276 5327 esse
1338 5271 1653 5326 stultitiam
1683 5287 1695 5325 :
1730 5272 1830 5325 Dei
1864 5288 1996 5327 vero

338 5364 693 5437 sapientiam
707 5380 858 5434 ,quae
873 5363 1263 5434 pereuntibus
1279 5363 1531 5419 stultitia
1545 5363 1997 5431 videtur,veram

339 5476 467 5515 esse
486 5458 988 5529 sapientiam,jam
1008 5455 1292 5528 deinceps
1312 5463 1547 5528 sumpta
1565 5457 1812 5513 audacia
1833 5461 2000 5514 vocat

336 5550 530 5622 ipsam
555 5546 927 5616 sapientiam.
962 5545 1115 5599 Dicit
1143 5552 1342 5600 autem
1375 5546 1749 5618 sapientiam,
1782 5547 1996 5617 pracdi-

337 5639 634 5695 cationem
665 5633 736 5690 de
767 5632 1020 5703 Christo,
1073 5632 1351 5706 quodque
1402 5651 1511 5707 per
1558 5651 1797 5691 crucem
1840 5635 1998 5691 salva

339 5730 494 5788 facta
522 5730 600 5787 sit
645 5732 938 5798 creatura,
972 5743 1101 5801 quae
1132 5727 1234 5784 sub
1268 5727 1415 5786 ccelo
1448 5731 1557 5786 est.
1595 5752 1621 5780 ‹‹
1655 5731 1818 5787 Inter
1850 5747 1995 5803 per-

2111 4734 2174 4790 οὐ
2205 4739 2302 4790 τοῦ
2335 4734 2531 4799 αἰῶνος
2559 4733 2778 4804 τούτου,
2829 4731 2956 4791 οὐδὲ
3011 4740 3120 4792 τῶν
3171 4737 3456 4816 ἀρχόντων
3489 4742 3587 4794 τοῦ
3619 4738 3766 4795 αίῶ-

2108 4846 2199 4888 νος
2258 4826 2454 4882 τούτου
2538 4828 2647 4879 τῶν
2732 4823 3207 4901 καταργουμένων,
3281 4825 3427 4883 ἀλλά
3484 4824 3770 4904 λαλοῦμεν

2110 4915 2303 4993 σοφίαν
2390 4919 2522 4972 Θεοῦ
2578 4914 2628 4970 ἐν
2691 4915 2982 4989 μυστηρίῳ
3066 4916 3165 4985 τὴν
3251 4916 3768 4992 ἀποκεκρυμμένην,

2108 5002 2173 5074 ἤν
2233 5005 2538 5080 προώρισεν
2572 5004 2601 5059 6
2633 5005 2761 5066 Θεὸς
2822 5005 2930 5080 πρὸ
2986 5009 3094 5060 τῶν
3150 5003 3362 5062 αἶ’ώνων
3409 5007 3486 5071 εἰς
3519 5005 3673 5080 δόξαν
3704 5011 3772 5078 ἡ-

2112 5100 2252 5169 μῶν,
2304 5094 2371 5165 ἥν
2427 5091 2604 5157 οὐδεὶς
2658 5099 2765 5150 τῶν
2827 5095 3113 5174 ἀρχόντων
3176 5101 3274 5153 τοῦ
3326 5096 3522 5162 αἰῶνος
3571 5095 3768 5155 τούτου

2107 5183 2332 5258 ἔγνωκεν
2343 5228 2357 5241 .

2182 5270 2404 5344 Ἐπειδή
2463 5272 2600 5343 ’ἀπαξ
2636 5268 2885 5344 ἀπέδειξε
2910 5273 3015 5342 τὴν
3074 5278 3182 5331 τῶν
3242 5274 3548 5351 ἀνθρώπων
3581 5277 3776 5356 σοφίαν

2109 5360 2395 5434 δοκοῦσαν,
2432 5361 2640 5437 μωρίαν
2700 5360 2881 5431 οὖσαν,
2939 5364 3039 5433 τὴν
3102 5360 3160 5419 δὶ
3215 5367 3313 5419 τοῦ
3343 5368 3479 5421 Θεοῦ
3510 5363 3779 5425 δοκοῦσαν

2107 5456 2222 5516 τοῖς
2254 5450 2663 5526 ἀπολλυμένοις
2716 5452 2951 5528 μωρίαν,
3011 5453 3212 5526 ταύτην
3260 5454 3420 5510 οὖσαν
3452 5456 3552 5524 τήν
3586 5456 3772 5531 ἀληθῆ

2109 5543 2320 5621 σοφίαν,
2380 5544 2504 5597 τότε
2559 5541 2755 5597 λοιπὸν
2818 5541 3008 5617 θαρρεῖ
3079 5549 3267 5599 καλεῖν
3321 5545 3492 5616 αὐτην
3554 5547 3772 5625 σοφίαν.

2111 5633 2310 5710 Σοφίαν
2342 5629 2399 5687 δὲ
2451 5630 2625 5707 λέγει,
2681 5630 2742 5686 τὸ
2796 5630 2919 5708 περὶ
2978 5632 3218 5708 Χριστοῦ
3275 5636 3555 5712 κήρυγμα,
3585 5635 3774 5694 καὶτὸ

2110 5722 2200 5781 διὰ
2247 5722 2479 5801 σταυροῦ
2533 5721 2774 5788 σωθῆναι
2830 5723 2930 5794 τὴν
2989 5722 3081 5778 ὑπ’
3134 5722 3386 5803 οὐρανόν.
3449 5748 3479 5779 ‹‹
3526 5725 3613 5783 Ἐν
3644 5732 3770 5786 τοῖς
