4122 6406
297 398 427 462 663

1432 391 1850 456 CECUMENII
1894 393 2197 456 TRlGCIE
2238 393 2601 457 EPISCOPI

3612 392 3734 456 664

306 533 649 610 ignominiae
676 548 805 589 esse
836 530 1166 594 videbatur,
1200 528 1459 587 ostendit
1488 547 1619 588 eam
1669 548 1798 587 esse
1827 546 1955 586 ma-

2083 529 2190 600 ξίας
2219 533 2347 587 εἶναι
2381 528 2553 599 δοκεῖ,
2608 527 2873 585 δείκνυσιν
2928 520 3011 586 δτι
3072 529 3288 609 μεγάλη
3345 528 3473 602 δόξα
3528 530 3731 588 ἐστὶνὸ

313 644 487 697 gnam
518 626 766 699 gloriam
797 641 865 680 τα
889 626 1027 690 Qua:
1050 623 1406 695 praeparavit
1434 625 1607 679 Deus.
1640 646 1667 673 »
1694 625 1833 690 Quae
1865 639 1962 678 au-

307 722 428 772 tem
474 713 828 788 prmparavit
886 715 1040 769 Deus
1087 712 1471 785 diligentibus
1512 713 1617 769 se?
1661 713 1961 768 Christum

303 805 581 861 videlicet
601 821 669 860 ac
703 803 981 869 salutem,
1014 820 1147 874 qua:
1177 820 1282 875 per
1309 803 1784 858 incarnationem
1810 802 1965 857 facta

304 898 410 949 est.
446 891 775 963 Diligentes
822 899 1021 947 autem
1068 891 1372 963 Scriptura
1401 898 1571 947 vocat
1627 892 1959 947 credentes.

305 982 417 1039 Sed
449 981 770 1054 quomodo,
805 982 907 1049 ait,
970 980 1131 1036 auris
1180 998 1300 1036 non
1357 982 1598 1044 audivit,
1630 998 1740 1037 nec
1772 982 1834 1036 in
1864 998 1966 1037 cor

302 1072 568 1130 hominis
600 1072 1019 1138 ascenderunt,
1059 1086 1193 1125 cum
1226 1072 1415 1126 sancti
1449 1072 1751 1143 prophetas
1799 1072 1965 1144 prius

308 1162 645 1219 audiverint
675 1161 1026 1233 mysterium
1052 1160 1080 1214 ‘?
1130 1162 1201 1214 Et
1230 1160 1483 1216 dicimus
1515 1161 1677 1217 aliud
1709 1177 1838 1217 esse
1860 1177 1966 1216 au-

307 1254 467 1308 disse
498 1257 564 1307 ut
584 1251 913 1315 hominem,
946 1254 1004 1305 et
1036 1248 1197 1304 aliud
1220 1250 1457 1305 audisse
1504 1256 1566 1304 ut
1589 1250 1962 1321 prophetam.

306 1342 493 1398 Isaias
521 1341 679 1397 enim
704 1340 877 1396 dicit:
911 1338 1197 1394 «Addidit
1216 1339 1363 1393 mihi
1393 1343 1589 1394 autem
1614 1339 1689 1393 ad
1719 1338 1964 1395 audien-

306 1432 448 1489 dum
469 1432 533 1499 ⁷³,
557 1453 587 1483 ››
612 1447 732 1486 non
778 1428 939 1501 quod
971 1434 1147 1485 antea
1175 1444 1317 1484 aure
1350 1427 1612 1483 hominis
1645 1428 1965 1485 destitutus

301 1521 533 1591 fuisset,
567 1520 671 1576 sed
703 1518 860 1593 quod
892 1519 1198 1590 praphetaa
1230 1535 1435 1575 aurem
1469 1519 1820 1590 accepisset.

380 1613 538 1667 484
568 1611 636 1676 ll,
674 1613 758 1676 10,
794 1610 881 1665 ii.
916 1630 945 1660 «
976 1608 1157 1664 Nobis
1215 1614 1413 1664 autem
1474 1610 1629 1664 Deus
1688 1606 1967 1668 revelavit

307 1723 339 1755 «
368 1718 478 1775 per
505 1700 790 1775 Spiritum
849 1715 1046 1756 suum.
1098 1700 1242 1754 Nam
1273 1697 1525 1769 Spiritus
1556 1703 1770 1753 cuncta
1800 1714 1968 1753 scru—

316 1813 339 1843 ι
376 1795 553 1859 tatur,
587 1789 766 1846 etiam
803 1787 1097 1860 profunda
1130 1788 1252 1843 Dei.
1286 1787 1427 1853 Quis
1453 1787 1614 1842 enim
1642 1788 1801 1843 novit
1834 1805 1965 1859 quea

2070 623 2318 697 σταυρός.
2353 646 2380 674 ‹‹
2414 623 2484 678 Ἀ
2516 618 2573 676 δὲ
2602 622 2904 691 ἡτοίμασεν
2934 621 2962 675 ὁ
2993 621 3143 682 Θεός.
3178 644 3204 673 n
3267 619 3335 677 Τί
3366 616 3424 675 δὶ
3453 620 3729 695 ἡτοίμασε

2067 716 2183 773 τοῖς
2217 714 2493 787 ἀγαπῶσιν
2526 712 2687 767 αὐτόν
2725 730 2738 781 ;
2777 713 2869 766 τὸν
2926 712 3159 784 Χριστὸν
3225 707 3469 781 δηλαδὴ,
3500 711 3590 767 καὶ
3620 700 3724 781 τήν

2070 798 2159 855 διὰ
2214 808 2312 870 τῆς
2368 799 2831 878 ἐνανθρωπήσεως
2889 802 3185 875 σωτηρίαν.
3248 801 3606 876 Ἀγαπῶ-στας
3644 799 3726 872 δὲ,

2067 890 2196 953 τοὺς
2236 893 2625 954 πιστεύσαντας
2681 891 2842 947 καλεῖ
2873 895 2906 962 ἡ
2940 894 3148 970 Γραφή.
3211 893 3315 948 Καὶ
3355 897 3472 954 πῶς
3498 892 3591 954 οῦς
3624 893 3732 948 οὐκ

2070 981 2415 1052 ἤκουσε,,καὶ
2474 982 2562 1038 ἐπὶ
2601 979 2828 1058 καρδίαν
2897 982 3183 1057 ἀνθρώπου
3241 980 3341 1037 οὐκ
3395 976 3728 1052 ἀνέϐη,τῶν

2070 1071 2242 1150 ἁγίων
2273 1077 2592 1151 προφητῶν,
2627 1073 2781 1152 φησὶ,
2814 1070 3269 1147 προακουσάντων
3288 1074 3351 1126 τὸ
3375 1072 3685 1146 μησττςριον
3714 1089 3732 1142 ;

2070 1159 2170 1215 Καί
2203 1182 2400 1239 φαμεν,
2434 1161 2520 1216 ὅτι
2549 1158 2732 1236 ἕτερον
2763 1160 2816 1216 τί
2848 1160 2957 1216 ἐστι
2986 1162 3049 1216 τὸ
3099 1161 3174 1223 ὡς
3234 1159 3522 1237 ἄνθρωπον
3564 1162 3737 1217 ἀκοῦσ-

2072 1271 2182 1320 σαι,
2214 1251 2304 1305 καὶ
2333 1247 2517 1326 ἕτερόν
2576 1251 2638 1306 τὸ
2692 1251 2767 1312 ὡς
2825 1252 3130 1327 προφήτην.
3188 1250 3292 1307 Καὶ
3350 1251 3453 1327 γὰρ
3510 1251 3736 1313 Ἠσαῗας

2071 1340 2225 1414 φησί·
2263 1365 2289 1391 «
2322 1337 2635 1414 Ιιροσέθηκέ
2668 1361 2761 1412 μοι
2804 1341 2969 1396 ὠτίον
3029 1338 3106 1401 εἰς
3161 1339 3225 1395 τὸ
3284 1339 3537 1411 ἄκουσαι,
3571 1362 3596 1393 υ
3634 1341 3737 1395 οὐκ

2071 1426 2258 1498 ἐπειδὴ
2294 1427 2536 1485 ἐνέλιπεν
2560 1428 2709 1503 αὐτῷ
2742 1430 2835 1491 οῦς
2883 1427 3197 1505 ἀνθρώπου,
3228 1425 3357 1485 ἀλλ’
3413 1429 3499 1485 ὅτι
3557 1451 3735 1507 προσ-

2072 1514 2297 1574 ελάὃετο
2324 1524 2421 1576 τοῦ
2453 1521 2759 1594 προφήτου.

2140 1610 2304 1684 Ἦμῖν
2366 1606 2424 1664 δὲ
2498 1611 2527 1663 ὁ
2598 1610 2726 1672 Θεὸς
2800 1608 3118 1682 ἀπεκάλυψε
3175 1606 3264 1664 διὰ
3321 1613 3419 1666 τοῦ
3482 1609 3733 1686 Πνεῦμα-

2056 1720 2163 1760 ’τος
2223 1699 2411 1756 αὐτοῦ.
2471 1701 2548 1757 Τὸ
2599 1700 2705 1777 γὰρ
2738 1703 2957 1774 Πνεῦμα
3013 1698 3189 1753 πάντα
3247 1698 3455 1774 ἐρευνᾷ,
3513 1700 3604 1756 καὶ
3662 1701 3735 1757 τὰ

2074 1792 2213 1866 βάθη
2267 1794 2365 1845 τοῦ
2423 1794 2576 1846 Θεοῦ.
2631 1789 2729 1852 Τίς
2788 1790 2893 1866 γὰρ
2957 1788 3100 1845 οἶδεν
3156 1789 3456 1866 ἀνθρώπων
3515 1792 3583 1846 τὰ
3632 1794 3734 1848 τοῦ

310 1906 342 1936 ‹‹
374 1888 515 1939 sunt
543 1880 826 1949 hominis,
871 1880 987 1936 nisi
1019 1880 1261 1952 spiritus
1301 1879 1563 1935 hominis
1621 1881 1722 1952 qui
1780 1885 1870 1936 est
1902 1880 1961 1937 in

2083 1879 2385 1955 Ξινθρώπου,
2447 1879 2497 1934 εἴ
2551 1881 2627 1954 μή
2687 1880 2749 1935 τὸ
2806 1883 3023 1952 πνεῦμα
3077 1883 3175 1934 τοῦ
3233 1879 3508 1954 ἀνθρόπου
3562 1882 3626 1937 τδ
3676 1881 3732 1937 ἐν

308 1993 341 2026 α
374 1988 443 2029 eo
473 1970 501 2028 ?
528 1970 624 2028 Sic
654 1975 712 2027 et
758 1986 829 2027 ea
874 1985 1005 2044 quae
1061 1968 1163 2024 Dei
1222 1974 1364 2024 sunt
1419 1984 1596 2024 nemo
1635 1969 1820 2036 novit,
1849 1969 1963 2025 nisi

308 2082 338 2108 σι
371 2060 624 2134 Spiritus
655 2059 778 2117 Dei.
811 2082 839 2111 ››

380 2151 437 2206 Si
470 2150 651 2224 igitur
678 2149 881 2206 nullus
913 2149 1094 2216 novit,
1131 2165 1252 2214 vos,
1300 2149 1516 2220 inquit,
1540 2149 1839 2220 quomodo
1872 2148 1962 2203 di-

307 2239 539 2298 dicistis
563 2238 591 2295 7
619 2238 767 2304 Quia
800 2239 973 2304 Deus,
1007 2238 1109 2305 ait,
1142 2237 1315 2293 nobis
1347 2236 1623 2293 revelavit
1651 2254 1758 2309 per
1786 2236 1964 2310 Spiri-

310 2336 457 2391 tum.
486 2345 607 2385 non
637 2328 1077 2400 perhumanam
1104 2328 1481 2400 sapientiam.
1507 2328 1641 2382 Haec
1659 2328 1819 2383 enim
1842 2344 1964 2383 non

312 2427 403 2477 est
423 2418 626 2475 habita
652 2418 829 2489 digna
852 2435 981 2489 quae
1007 2417 1206 2472 videat
1224 2418 1526 2488 mysteria.
1547 2419 1690 2472 Nam
1715 2417 1965 2488 Spiritus

311 2514 527 2566 cuncta
546 2513 862 2563 scrutatur.
888 2505 1111 2562 Deinde
1135 2506 1397 2561 ostendit
1412 2505 1569 2578 quod
1590 2506 1963 2577 potissimum

309 2603 401 2655 est
419 2598 482 2654 in
503 2597 616 2652 hac
637 2596 972 2667 disciplina.
1003 2597 1121 2651 Nisi
1146 2597 1303 2651 enim
1331 2596 1584 2667 Spiritus
1605 2612 1715 2650 nos
1737 2595 1966 2650 docuis-

311 2693 424 2750 set,
457 2686 672 2757 inquit,
699 2684 801 2756 qui
820 2684 920 2739 Dei
945 2700 1181 2756 quoque
1206 2683 1500 2755 profunda
1528 2684 1709 2738 novit.
1739 2700 1963 2754 nequa-

310 2792 490 2849 quam
523 2775 674 2831 scire
705 2774 1107 2847 potuissemus
1134 2791 1148 2841 ;
1187 2790 1323 2828 nam
1357 2774 1467 2829 hoc
1496 2773 1845 2845 mysterium
1879 2777 1967 2827 est

309 2868 474 2924 inter
497 2864 943 2931 inenarrabilia,
966 2864 1098 2921 ideo
1123 2880 1359 2936 quoque
1382 2864 1602 2936 Spiritu
1625 2863 1798 2919 nobis
1818 2880 1967 2935 opus

314 2964 442 3016 erat
471 2963 852 3032 praeceptore.
884 2956 1051 3022 Quod
1093 2962 1292 3012 autem
1340 2956 1460 3011 ait:
1513 2978 1542 3005 ‹‹
1578 2956 1902 3023 Scrutatur,
1936 2976 1965 3005 »

312 3066 436 3107 non
468 3048 816 3123 ignorantia:
850 3047 1214 3103 ostensivum
1248 3052 1354 3109 est,
1388 3046 1493 3101 sed
1525 3062 1554 3101 e
1581 3045 1810 3101 diverso
1842 3060 1971 3100 exa-

315 3142 423 3193 ctm
460 3136 657 3209 potius
715 3134 1088 3205 cognitionis.
1143 3134 1318 3189 Divus
1368 3134 1682 3208 Gregorius
1742 3133 1969 3189 intelli-

2068 1970 2215 2043 αὐτῷ
2244 1987 2258 2038 ;
2291 1967 2478 2032 Οὕτως
2521 1968 2612 2024 καὶ
2660 1970 2730 2025 τὰ
2757 1974 2854 2025 τοῦ
2905 1973 3041 2025 Θεοῦ
3094 1966 3273 2033 οόδεὶς
3322 1967 3491 2041 οἶδεν,
3545 1969 3594 2027 εἲ
3651 1973 3733 2048 μὴ

2067 2061 2128 2115 τὸ
2160 2063 2383 2133 Πνεῦμα
2413 2064 2511 2116 τοῦ
2541 2063 2694 2117 Θεοῦ.

2142 2150 2204 2206 Εἰ
2236 2150 2326 2205 οὗι
2362 2148 2543 2212 οὐδεὶς
2572 2145 2732 2225 ἔγνω,
2776 2149 2957 2223 ὑμεῖς,
2985 2149 3141 2231 φησὶ,
3172 2155 3290 2213 πῶς
3327 2152 3683 2224 μεμαθήκατε
3717 2168 3736 2222 ;

2069 2242 2215 2310 Ὅτι,
2248 2240 2432 2318 φησῖν,
2466 2241 2494 2295 ὁ
2527 2239 2657 2301 Θεὸς
2686 2242 2823 2313 ἡμῖν
2865 2236 2956 2294 διά
3001 2244 3103 2296 τοῦ
3161 2240 3484 2316 Πνεύματος
3529 2239 3736 2298 ἀπεκά-

2070 2328 2257 2403 λυψεν,
2290 2327 2350 2383 οὐ
2384 2328 2456 2385 δι’
2491 2328 2837 2403 ἀνθρωπίνης
2872 2329 3084 2404 σοφίας.
3118 2328 3267 2400 Αὕτη
3303 2331 3408 2406 γὰρ
3444 2329 3545 2386 οὐκ
3571 2330 3743 2402 ἠξιὼ-

2071 2430 2138 2490 θη
2175 2416 2304 2474 ἶδεῖν
2343 2420 2411 2475 τὰ
2472 2421 2766 2494 μυστήρια.
2808 2420 2888 2476 Τὸ
2920 2421 3023 2495 γὰρ
3080 2424 3300 2494 Πνεῦμα
3358 2419 3529 2476 πάντα
3576 2418 3737 2495 ἐρευ-

2068 2513 2151 2579 νᾷ.
2184 2512 2319 2565 Εἶτα
2358 2505 2591 2564 δείκνυσι
2634 2511 2697 2565 τὸ
2760 2506 3008 2584 μέγιστον
3069 2516 3170 2580 τῆς
3235 2510 3496 2581 τοιαύτης
3554 2513 3738 2583 μαθή-

2073 2618 2226 2660 σεως⁴
2263 2599 2329 2656 Ei
2362 2600 2438 2672 μή
2472 2600 2576 2677 γὰρ
2618 2599 2681 2656 τὸ
2737 2603 2979 2670 Πνεῦμα,
3012 2600 3169 2676 φησὶ,
3219 2600 3281 2655 τὸ
3312 2601 3400 2655 καὶ
3461 2600 3530 2656 τὰ
3589 2602 3734 2676 βάθη

2068 2692 2166 2743 τοῦ
2198 2694 2332 2743 Θεοῦ
2363 2687 2743 2760 ἐπιστάμενον,
2800 2686 3039 2759 ἐδίδαξεν
3069 2692 3238 2764 ἡμᾶς,
3290 2690 3390 2746 οὐκ
3422 2689 3481 2745 ἂν
3521 2686 3738 2761 ἠδυνή-

2074 2788 2246 2852 θημεν
2281 2781 2486 2852 μαθεῖν.
2520 2780 2609 2834 Ἐν
2641 2782 2758 2840 τοῖς
2817 2778 3158 2853 ἀπορῥτςτοις
3216 2778 3318 2855 γὰρ
3375 2780 3443 2850 ἧν
3500 2779 3564 2835 τὸ
3596 2800 3744 2852 μυσ-

2069 2870 2261 2943 τήριον
2290 2866 2472 2924 τοῦτο.
2503 2868 2595 2922 Διὸ
2626 2869 2712 2923 καὶ
2747 2872 2844 2922 τοῦ
2874 2868 3187 2942 Πνεύματος
3243 2865 3548 2940 ἐδεήθημεν
3582 2866 3740 2925 διδα-

2075 2957 2300 3015 σκάλου.
2332 2959 2409 3014 Τὸ
2449 2955 2529 3028 δὲ,
2589 2982 2616 3009 ‹‹
2652 2960 2898 3033 Ἐρευνᾷ,
2932 2983 2954 3013 ι
3020 2957 3120 3013 οὐκ
3179 2956 3404 3033 ἀγνοίας
3465 2955 3745 3016 δεικτικόν

2073 3046 2238 3117 ἐστιν,
2273 3045 2419 3103 ἀλλὰ
2469 3045 2808 3117 τουναντίον,
2871 3042 3133 3123 ἀκριϐοῦς
3185 3047 3458 3125 γνώσεως.
3490 3048 3553 3107 ⁸0
3595 3046 3655 3104 δὲ
3687 3047 3743 3104 ἐν

2074 3136 2248 3211 ἁγίοις
2298 3137 2607 3215 Γρηγόριος
2668 3135 2864 3199 οὕτως·
2927 3135 3037 3191 Οὐκ
3080 3137 3166 3199 ὡς
3220 3139 3744 3215 περιεργαζόμενον,

304 3225 397 3299 git
421 3241 434 3280 :
459 3226 585 3280 Non
603 3223 764 3296 quod
778 3224 1030 3295 Spiritus
1056 3225 1289 3279 curiose
1306 3222 1564 3295 indaget,
1598 3221 1701 3278 sed
1725 3222 1882 3294 quod
1906 3222 1966 3276 in

2083 3226 2318 3291 ἀλλ’ὡς
2375 3225 2647 3304 ἐντρυφῶν
2703 3230 2774 3300 τῇ
2834 3227 3051 3302 θεωρίᾳ.
3111 3250 3140 3279 ‹‹
3200 3226 3303 3284 Καὶ
3344 3227 3411 3283 τὰ
3444 3228 3584 3303 βαθη
3646 3233 3749 3284 τοῦ

312 3314 818 3386 contemplatione
839 3313 1187 3369 delectetur.
1217 3334 1245 3363 »
1264 3313 1455 3368 Etiam
1478 3311 1775 3383 profunda
1796 3312 1918 3368 Dei.
1938 3334 1965 3361 ››

294 3404 615 3462 Profunda
636 3404 739 3460 Dei
772 3402 1033 3475 appellat
1057 3402 1553 3474 profundissimas
1577 3401 1972 3474 ipsius,maxi—

317 3510 533 3566 meque
566 3511 675 3550 nos
698 3493 951 3549 latentes
979 3492 1403 3564 dispositiones
1436 3508 1540 3547 seu
1571 3491 1969 3562 dispensatio—

319 3600 451 3641 nes.
476 3615 548 3626 —
566 3585 697 3641 Alio
717 3583 896 3639 modo.
923 3581 1224 3638 Profunda
1246 3581 1348 3637 Dei
1372 3586 1511 3637 sunt
1537 3597 1839 3636 sacrarum
1864 3581 1972 3635 Lil-

321 3680 583 3732 terarum
608 3672 841 3730 occulta
872 3689 939 3729 ac
970 3672 1277 3729 recondita
1313 3671 1590 3745 cognitio,
1621 3688 1755 3728 cum
1787 3670 1967 3743 Spiri.

317 3770 414 3821 tus
429 3765 528 3837 qui
544 3766 726 3834 novit,
750 3769 1091 3820 sanctorum
1116 3762 1335 3819 revelat
1355 3762 1687 3832 animabus,
1711 3761 1969 3817 divinam

319 3855 640 3927 quamdam
672 3854 1133 3928 intelligentiam
1180 3854 1243 3909 in
1291 3853 1377 3909 eis
1421 3852 1730 3908 exhibens.
1787 3874 1815 3902 (ι
1850 3851 1971 3907 Nisi

318 3947 562 4019 Spiritus
582 3945 843 4002 hominis
867 3945 969 4016 qui
1010 3949 1100 4000 est
1129 3943 1189 3998 in
1250 3960 1338 3999 eo.
1401 3965 1429 3993 ‹‹
1461 3940 1969 4008 Quemadmodum

321 4036 501 4104 enim,
535 4037 752 4107 inquit.
784 4051 916 4107 quas
947 4034 1211 4090 hominis
1240 4038 1383 4089 sunt
1426 4033 1627 4088 nullus
1658 4032 1972 4087 hominum

318 4128 503 4195 novit,
534 4128 651 4183 nisi
682 4127 960 4200 proprius
1010 4125 1200 4196 ipsius
1231 4124 1515 4194 spiritus:
1550 4123 1633 4178 ita
1671 4138 1865 4187 neque
1906 4138 1975 4177 ea

325 4233 457 4289 quas
490 4216 592 4273 Dei
624 4221 765 4273 sunt
794 4215 1091 4286 quispiam
1122 4213 1287 4269 novit
1315 4213 1429 4267 nisi
1455 4213 1729 4283 Spirtitus
1763 4210 1886 4267 Dei.

395 4307 466 4363 ΙΙ·
502 4308 589 4369 12,
625 4306 710 4361 13.
742 4324 773 4358 «ι
806 4306 921 4359 Nos
944 4309 1145 4359 autem
1176 4318 1296 4357 non
1331 4301 1605 4373 spiritum
1639 4300 1846 4355 mundi
1879 4317 1975 4355 ac-

324 4420 354 4450 κ
386 4397 674 4468 cepimus,
701 4395 805 4451 sed
828 4394 1111 4466 Spiritum
1140 4393 1241 4465 qui
1261 4409 1327 4448 ex
1352 4393 1470 4447 Deo
1494 4398 1602 4461 est,
1625 4397 1693 4448 ut
1716 4392 1975 4448 sciamus

323 4508 352 4537 ‹‹
386 4502 517 4558 quae
550 4502 585 4541 a
613 4483 845 4539 Christo
877 4483 1097 4539 donata
1127 4486 1266 4537 sunt
1295 4481 1468 4537 nobis
1495 4498 1507 4536 :
1542 4499 1673 4553 quas
1704 4481 1975 4554 etloqui-

322 4599 352 4629 «
383 4593 539 4645 mur,
569 4592 689 4633 non
728 4592 836 4649 per
864 4590 1170 4631 sermones
1192 4591 1340 4646 quos
1386 4573 1559 4631 docet
1587 4574 1850 4630 humana
1880 4589 1974 4629 sa-
2003 4610 2051 4677 Β

325 4690 354 4718 ‹‹
384 4667 630 4742 pientia,
665 4666 767 4723 sed
800 4684 908 4740 per
936 4682 1039 4722 eos
1062 4682 1212 4738 quos
1243 4665 1417 4721 docet
1436 4665 1687 4737 Spiritus
1709 4669 1972 4735 sanctus,

325 4779 354 4808 α
387 4757 798 4832 spiritualibus
830 4756 1163 4829 spiritualia
1193 4761 1619 4827 comparentes.
1661 4778 1688 4805 υ

395 4848 595 4905 Mundi
630 4847 905 4921 spiritum
937 4851 1122 4913 vocat,
1154 4852 1221 4903 ut
1259 4846 1492 4918 opinor.
1524 4846 1847 4901 humanam
1880 4860 1975 4900 sa-

324 4939 632 5012 pientiam,
667 4954 733 4993 ac
777 4936 1194 4999 eruditionem.
1248 4951 1425 5007 quam
1461 4951 1583 4990 non
1612 4934 1976 5006 accepimus,

323 5027 523 5099 inquit
547 5032 616 5085 ut
644 5027 745 5099 qui
779 5042 1013 5082 crucem
1046 5024 1344 5091 obscuret,
1377 5040 1453 5080 ne
1492 5024 1802 5079 aboleatur
1835 5039 1978 5078 crux

326 5117 498 5173 sicuti
531 5114 825 5188 priedixit.
876 5113 987 5169 Sed
1033 5112 1316 5185 Spiritum
1371 5112 1473 5167 Dei
1525 5112 1885 5183 accepimus,
1914 5117 1979 5167 ut

328 5206 587 5262 sciamus
619 5219 751 5273 qua:
783 5202 1002 5258 donata
1046 5207 1184 5258 sunt
1223 5200 1395 5257 nobis
1424 5218 1459 5255 a
1491 5202 1648 5258 Deo:
1709 5201 1819 5255 hoc
1867 5206 1975 5268 est,

329 5295 672 5366 dispensata
705 5294 824 5350 sive
857 5292 1009 5349 facta
1039 5298 1178 5349 sunt
1208 5310 1240 5349 a
1270 5293 1520 5348 Christo.

403 5384 554 5440 435
591 5405 617 5431 ‹‹
650 5384 774 5438 Νοιι
807 5399 914 5453 per
951 5399 1258 5439 sermones
1290 5398 1439 5454 quos
1498 5381 1671 5437 docet
1718 5383 1980 5437 humana

333 5471 625 5544 sapientia
680 5493 707 5521 »
742 5472 948 5539 Tanto,
981 5472 1196 5543 inquit,
1229 5489 1338 5527 nos
1371 5470 1712 5527 hominibus
1745 5472 1977 5543 sapien-

331 5562 512 5619 tiores
543 5577 768 5629 sumus,
806 5561 1042 5633 quando
1091 5561 1438 5633 sapientiori
1486 5561 1712 5618 utimur
1757 5578 1976 5633 praece-

395 5742 444 5781 n
469 5745 582 5804 188..
612 5757 665 5813 ι,
695 5743 755 5804 50

2080 3322 2236 3377 Θεοῦ.
2272 3341 2301 3369 ››
2328 3352 2399 3361 -—
2431 3317 2743 3392 [ΣΕΥΙΙΡ.]
2778 3318 2926 3388 Βάθη
2961 3320 3056 3371 τοῦ
3088 3321 3222 3372 ιΘοῦ
3281 3314 3457 3394 λέγει,
3515 3319 3610 3381 τὰς
3644 3319 3751 3394 βα-

2080 3410 2311 3474 θυτάτας
2356 3406 2520 3463 αὐτοῦ
2552 3407 2641 3461 καὶ
2704 3403 3157 3469 διαλανθανούσας
3189 3408 3337 3480 ἡμᾶς
3395 3407 3742 3481 οῗκονομίας.

2079 3531 2147 3542 ...
2179 3496 2430 3558 Ἄλλως.
2469 3497 2743 3571 [ΚΥΡΙΑ.]
2779 3494 2923 3567 Βηίοη
2977 3500 3074 3552 τοῦ
3132 3499 3267 3551 Θεοῦ
3299 3495 3402 3551 είσι
3432 3501 3539 3553 τῶν
3572 3499 3728 3572 ἱερῶν

2081 3588 2423 3666 γραμμάτων
2457 3588 2491 3657 ἡ
2540 3584 2888 3660 κεκρυμμένη
2943 3585 3032 3641 καὶ
3082 3585 3353 3648 ἀπόθετος
3414 3591 3630 3665 γνῶσις,
3662 3585 3731 3657 ἢν

2082 3674 2224 3739 εἰδὸς
2254 3676 2317 3732 τὸ
2351 3679 2571 3749 Πνεῦμα
2600 3678 2721 3738 ταῖς
2750 3678 2859 3729 τῶν
2896 3673 3061 3748 ἁγίων
3095 3673 3471 3733 ἀποκαλύπτει
3503 3679 3730 3752 ψυχαῖς,

2081 3767 2225 3824 θεῖόν
2253 3787 2374 3821 τινα
2393 3769 2519 3822 νοῦν
2552 3764 2851 3839 ἀποφαῖνον
2880 3762 2934 3818 ἐν
2965 3763 3173 3826 αὐτοῖς.
3210 3787 3239 3817 α
3270 3764 3335 3821 Εἰ
3367 3766 3443 3838 μή
3472 3767 3536 3821 τὸ
3566 3770 3734 3821 πνεῦ-

2065 3877 2159 3931 ’μα
2187 3860 2284 3911 τοῦ
2315 3855 2602 3928 ἀνθρώπου
2632 3854 2695 3909 τὸ
2725 3853 2776 3908 ἐν
2804 3854 2971 3925 αὐτῷ.
3010 3878 3039 3905 ››
3068 3855 3264 3928 Ὠσπερ
3311 3854 3435 3930 γὰρ,
3477 3856 3633 3932 φησί,
3668 3855 3743 3911 τὰ

2080 3947 2217 4003 κατὰ
2274 3944 2560 4020 ἄνθρωπον
2627 3942 2778 4005 οὐδῖς
2848 3936 2991 3998 οἶδεν
3047 3944 3369 4017 ἀνθρώπων,
3427 3942 3479 3998 εἷ’
3534 3945 3611 4016 μή
3671 3943 3741 3999 τὸ

2082 4033 2220 4090 ί¹διον
2250 4034 2418 4089 αὐτοῦ
2440 4036 2674 4106 πνεῦμα,
2699 4030 2899 4093 οὕτεως
2921 4028 3046 4087 οὐδὲ
3075 4033 3141 4087 τὰ
3173 4036 3269 4089 τοῦ
3291 4035 3422 4103 Θεοῦ
3454 4052 3536 4095 τις
3566 4028 3741 4102 οἶδεν,

2083 4123 2130 4178 εἰ
2165 4123 2241 4197 μή
2275 4122 2337 4177 τὸ
2371 4125 2586 4193 Πνεῦμα
2614 4124 2712 4175 τοῦ
2746 4124 2912 4178 Θεοῦ.

2155 4213 2345 4285 ἹΙμεῖς
2403 4208 2461 4265 δὲ
2510 4209 2570 4266 οὐ
2630 4211 2691 4267 τὸ
2750 4214 2964 4283 πνεῦμα
3012 4216 3110 4267 τοῦ
3175 4213 3388 4287 κόσμοῦ
3439 4207 3737 4285 ἐλάϐομεν,

2086 4300 2233 4358 ἀλλὰ
2261 4302 2322 4355 τὸ
2365 4305 2582 4374 Πνεῦμα
2637 4299 2700 4355 τὸ
2757 4299 2818 4356 ἐκ
2870 4304 3027 4370 Θεοῦ,
3082 4298 3178 4355 ’ίνα
3234 4298 3467 4374 είδωμεν
3524 4299 3591 4357 τό.
3632 4302 3741 4359 ὑπὸ

2083 4396 2181 4447 τοῦ
2239 4395 2372 4447 Θεοῦ
2426 4389 2751 4470 χαρισθέντα
2806 4391 2981 4465 ἡμῖν,
3041 4390 3074 4445 ἃ
3128 4389 3218 4446 κιιιῖ⁵
3278 4388 3578 4465 λαλοῦμεν,
3635 4391 3745 4448 οὐκ

2084 4480 2139 4549 ἐν
2197 4478 2470 4544 διδακτοῖς
2551 4480 2896 4556 ἀνθρωπίνης
2976 4479 3168 4555 σοφίας
3239 4479 3448 4555 λόγοις,
3507 4480 3654 4539 ἀλλὰ
3683 4480 3742 4538 ἐν

2084 4569 2363 4633 διδακτοῖς
2444 4570 2759 4646 Ηνεῦματος
2854 4570 3036 4648 ἁγίου,
3116 4576 3505 4644 πνευματῖκοῖς
3571 4592 3743 4628 πνευ-

2089 4662 2288 4737 ματικὰ
2318 4663 2709 4737 συγκρίνοντες.

2163 4835 2715 4911 [ΟῙΚΟΥΜΕΝΙΟΥ.]
2750 4836 2969 4907 Πνεῦμα
2997 4835 3221 4907 κόσμου
3236 4833 3418 4905 καλεῖ,
3453 4836 3530 4898 ὡς
3560 4838 3744 4909 οἶμαι,

2088 4930 2187 4996 τὴν
2212 4927 2553 5003 ἀνθρωπίνην
2583 4932 2771 5006 σοφίαν
2806 4926 2895 4981 καὶ
2926 4922 3229 4993 παίδευσιν,
3258 4924 3415 4999 ὅπερ,
3447 4927 3634 5005 φησὶν,
3667 4929 3749 4990 ὡς

2087 5020 2387 5094 καταργοῦν
2417 5016 2507 5071 τὸν
2542 5015 2795 5088 σταυρόν,
2820 5016 2896 5078 ὡς
2921 5020 3196 5091 προεῖπεν,
3218 5014 3318 5072 οὐκ
3337 5012 3627 5092 ἐλάϐομεν,
3651 5016 3744 5073 ἳνα

2089 5107 2160 5178 λὴ
2193 5108 2401 5181 κενωθῇ
2434 5107 2462 5161 ὁ
2493 5106 2745 5180 σταυρὸς,
2779 5102 2925 5162 ἀλλᾶ
2954 5106 3016 5161 τὸ
3074 5108 3292 5178 Πνεῦμα
3321 5110 3418 5161 τοῦ
3451 5109 3583 5163 Θεοῦ
3610 5103 3742 5161 ἐλά-

2090 5193 2278 5271 ϐομεν,
2309 5197 2402 5251 ἳνα
2431 5193 2666 5270 εἰδῶμεν
2696 5196 2763 5253 τὰ
2795 5194 3124 5275 χαρισθέντα
3148 5197 3284 5265 ἡμῖν
3317 5195 3424 5251 ἀπὸ
3452 5200 3551 5252 τοῦ
3584 5200 3745 5264 Θεοῦ,

2088 5285 2355 5353 τουτέστι,
2393 5285 2461 5340 τὰ
2488 5291 2605 5340 κατ’
2635 5283 2949 5359 οῗκονομίαν
2974 5283 3240 5358 γεγονότα
3272 5289 3372 5339 τοῦ
3413 5288 3672 5358 Χριστοῦ.

2164 5403 2190 5429 α
2224 5376 2340 5434 Οὐκ
2364 5375 2414 5431 ἐν
2449 5373 2722 5436 διδακτοῖς
2752 5375 3101 5449 ἀνθρωπίνης
3140 5375 3354 5455 σοφίας.
3390 5398 3419 5426 ››
3471 5377 3753 5433 Τοσοῦτον

2087 5470 2251 5539 ἡμεῖς
2280 5466 2435 5546 φησῖ,
2476 5470 2584 5522 τῶν
2611 5467 2735 5539 παρ’
2796 5463 3119 5531 ἀνθρώπους
3177 5468 3356 5542 σοφῶν
3414 5465 3749 5543 σοφώτεροι,

2089 5557 2213 5612 ὅσον
2249 5557 2299 5612 οἱ
2344 5557 2437 5631 μὲν
2492 5555 2760 5630 Πλατωνα
2815 5553 2905 5609 καὶ
2966 5554 3281 5630 Πυθαγόραν
3334 5550 3528 5633 ἔχουσι
3586 5552 3748 5612 διδα-
