2061 3201
175 175 245 207 665

667 176 874 211 OOMMENT.
898 175 946 207 IN
967 174 1088 207 EPIST.
1110 175 1123 206 Ι
1145 175 1198 206 AD
1225 176 1411 209 GORINTH.

1833 186 1894 218 666

181 243 314 279 σκᾶλους,
330 243 413 281 ἡμεῖς
428 241 457 271 δὲ
470 243 503 272 τὸ
517 244 628 281 Πνεῦμα
653 244 685 272 τὸ
714 244 801 282 ἅγιον.
832 256 847 271 ‹‹
874 242 955 273 Ἀλλ’
984 243 1010 270 ἐν

1069 244 1213 280 ptore.llli
1224 245 1373 282 siquidém
1379 246 1532 277 Platonem
1539 257 1573 277 ac
1579 247 1775 288 Pythagoram
1782 252 1894 283 habent

180 288 324 320 διδακτοῖς
335 291 490 325 Πνευματος
501 289 590 327 ἁγίου.
601 288 726 319 »Οὐκοῦν
740 288 862 326 οὐδαμοῦ
874 288 954 327 χρεία
964 292 1013 323 τῆς

181 334 359 371 ἀνθρωπίνης
376 333 483 373 σοφίας.
500 333 573 363 ’Ὀλα
588 335 641 372 γὰρ
656 334 835 371 πνευματικά.
859 346 872 360 ι(
891 337 1015 370 [Ινευμα-

177 381 272 409 τικοῖς
288 379 460 414 πνευματικὰ
475 379 672 417 συγκρίνοντες.
691 391 704 406 »
720 382 807 407 Τοῦτο
822 378 907 417 λέγει,
939 379 1012 414 ὅταν,

178 424 278 464 φησὶν,
313 423 438 462 ἆνακῦψῃ
469 425 582 460 ζήτημα
620 425 813 461 πνευματικὸν,
844 424 897 452 ἀπὸ
925 434 1014 462 παρα-

179 468 337 507 δειγμάτων
367 471 558 506 πνευματικῶν
595 468 642 501 τὰς
683 470 837 507 συγκρίσεις
878 468 924 496 καὶ
965 468 1012 499 τὰς

178 513 322 545 ἓπιλύσεις
353 512 499 550 ἐπάγομεν.
528 514 597 541 οἷον·
642 513 665 541 εἴ
693 513 789 549 ἀνέστη
818 514 968 551 τριήμερος
998 513 1012 541 ὁ

177 558 311 596 Χριστὸς,
327 558 358 586 ἐκ
382 554 434 586 τοῦ
465 558 544 587 Ἰωνᾶ
569 559 617 589 τὰς
645 557 798 594 ἀποδείξεις
827 558 941 596 παράγω
966 558 1011 586 καὶ

177 604 232 638 τὴν
264 603 423 641 μαρτυρίαν·
454 602 476 631 εἰ
507 602 634 641 ἐγέννησε
661 604 791 641 παρθένος
817 604 863 631 τὸν
898 603 1010 641 Κύριον,

178 648 213 676 ἐκ
226 650 282 676 τῶν
300 650 412 686 πειρῶν
429 648 526 683 Ἀννης
537 648 584 676 καὶ
598 646 740 677 Ἐλισάϐετ
755 649 773 684 ἡ
789 647 924 680 ὲπίΛυσις.

219 702 347 742 Ψυχικὸς
362 700 392 729 δὲ
404 701 558 740 ἃνθρωπος,
589 701 620 730 οὖ
651 701 760 742 δέχεται
788 701 821 729 τὰ
848 704 897 730 τοῦ
928 702 1012 730 Ι]νεῦ-

180 758 270 785 ματος
302 749 350 775 τοῠ
384 749 463 775 Θεοῠ’
496 747 589 784 μωρία
616 747 670 785 γὰρ
698 746 773 783 αὐτῷ
803 746 870 782 ἐστι,
903 747 948 775 καὶ
978 748 1010 775 οὗ

178 791 293 820 δύναται
320 794 422 830 γνῶναι
452 791 494 820 ὅτι
535 794 728 829 πνευματικῶς
769 792 949 829 ἀνακρίνεται.
979 793 1010 821 Ὀ

179 836 213 865 δὲ
241 836 435 874 πνευματικὰς,
478 837 614 875 ἀνακρίνει
656 837 704 874 μὲν
747 838 843 872 πάντα,
873 837 953 868 αὐτὸς
982 835 1011 865 ὃὶ

181 881 230 910 ὑπ’
258 880 366 913 οὐδενὸς
394 881 573 919 ἀνακρίνεται.
604 882 653 913 Τὶς
681 881 733 919 γὰρ
767 879 838 921 ἔγνω
863 883 926 910 νοῦν
956 885 1009 909 Κυ-

1068 292 1276 326 praeceptores,
1293 299 1347 318 nos
1362 295 1460 319 autem
1477 293 1617 329 Spiritum
1641 300 1786 325 sanctum.
1805 309 1819 323 «
1837 299 1893 327 Sed

1067 343 1122 371 per
1130 343 1180 362 eos
1192 344 1266 371 quos
1278 335 1364 364 docet
1375 337 1501 373 Spiritus
1512 343 1641 368 sanctus.
1656 352 1670 366 ››
1681 342 1892 379 Nullusitaque

1067 388 1139 407 usus
1155 383 1200 408 est
1214 380 1353 408 humanm
1370 382 1520 411 scientias:
1538 385 1637 413 omnia
1653 395 1782 423 namque
1803 389 1893 424 spiri-

1066 425 1159 453 tualia
1175 429 1253 453 sunt.
1276 437 1290 452 «
1307 427 1517 462 Spirilualibus
1533 430 1700 464 spiritualia
1715 441 1889 469 comparan-

1067 472 1122 497 tes.
1134 481 1149 495 ››
1160 471 1220 498 Hoc
1232 474 1286 502 est,
1302 472 1380 507 quod
1392 472 1473 501 dicit.
1482 474 1554 501 Cum
1567 474 1758 512 investigatur
1766 479 1890 513 qtizestio

1066 515 1168 551 aliqua
1187 516 1362 552 spiritualis,
1379 526 1413 546 ac
1429 519 1574 555 exemplis
1589 521 1794 556 spiritualibus
1809 532 1891 551 com-

1066 560 1237 596 parationes
1248 570 1282 589 ac
1293 562 1555 598 interpretationes
1567 565 1753 601 adducimus,
1766 569 1891 601 ut,verbi

1066 613 1174 640 causa;
1191 606 1215 633 si
1232 607 1360 635 surrexit
1375 609 1460 636 tertio
1476 609 1524 636 die
1539 613 1546 633 ι
1560 610 1682 642 hristus,
1693 620 1727 639 ex
1742 612 1814 640 Jona
1823 622 1893 649 pro-

1065 648 1201 678 bationes
1218 658 1251 678 ac
1267 651 1471 679 testimonium
1487 653 1602 681 adduco
1616 662 1622 681 :
1639 655 1662 681 si
1679 659 1767 683 natus
1783 648 1830 684 est
1839 657 1892 684 Do-

1065 694 1166 722 minus
1180 703 1215 723 ex
1230 695 1353 731 virgine.
1371 705 1405 724 ex
1421 697 1573 725 sterilibus
1589 700 1672 727 Anna
1697 703 1726 727 et
1740 700 1891 730 Elisabeth

1065 739 1192 766 sumitur
1204 739 1419 776 interpretatio.

1100 784 1136 815 Il.
1154 785 1244 812 14-16.
1261 785 1404 814 Animalis
1415 790 1507 815 autem
1519 788 1599 816 homo
1609 797 1663 817 non
1674 790 1777 826 accipit
1787 799 1819 818 ea
1829 800 1890 827 qua:

1063 833 1127 858 sunt
1142 830 1263 865 Spiritus
1278 831 1337 864 Dei,
1361 833 1479 860 stultitia
1502 833 1638 869 siquidem
1667 837 1722 871 ipsi
1748 840 1829 864 sunt:
1842 846 1890 865 nec

1060 878 1154 911 potest
1182 884 1354 910 cognoscere.
1384 878 1452 912 quia
1475 879 1662 913 spiritualiter
1686 881 1889 917 dijudicantur.

179 927 246 965 ρίου
260 926 290 958 ὃς
304 924 467 964 συμϐιϐάσει
484 927 566 957 αὐτόν
590 935 599 962 ς
619 927 716 964 Ἡμεῖς
744 925 773 954 δὶ
788 920 863 954 ννοῦν
890 928 1009 963 Χριστοῦ

1066 920 1227 956 Spiritualis
1237 929 1301 949 vero
1310 921 1440 950 universa
1453 923 1564 959 quidem
1571 925 1719 960 diiudicat,
1727 926 1785 962 ipse
1798 930 1890 955 autem

170 971 232 1009 ﬁxo
236 982 294 1009 μεν;

213 1110 340 1149 Ψυχικὸν
362 1110 501 1148 ἃνθρωπον
530 1110 619 1144 καλεῖ,
648 1110 694 1138 τὸν
724 1110 809 1138 πάντα
836 1113 894 1142 τοῖς
923 1111 1006 1150 λογι-

174 1158 259 1193 σμοῖς
272 1158 323 1190 τῆς
339 1157 433 1193 ψυχῆς
451 1154 568 1190 διδόντα,
591 1155 635 1183 καὶ
659 1154 742 1192 μηδὲν
774 1155 861 1183 πίστει
889 1155 1006 1193 δεχόμε-

171 1212 233 1236 ναν,
250 1202 319 1238 μήτε
336 1201 485 1237 νομίζον-τά
510 1212 582 1232 τινος
604 1200 704 1228 ἄνωθεν
736 1200 837 1229 δεῖσθαι
866 1200 1006 1239 βοηθείας.

178 1247 232 1278 ⁸ος
246 1250 305 1278 τοῖς
319 1250 370 1282 τῆς
388 1248 481 1284 ψυχῆς
497 1248 631 1283 νοήμασιν
653 1247 685 1274 οὐ
715 1246 864 1285 δυνάμενος
893 1246 1008 1274 καταλα-

177 1290 237 1320 ϐεῖν
260 1293 308 1323 τὰς
325 1290 502 1322 διδασκαλίας
532 1294 580 1319 τοῦ
609 1292 777 1328 Πνεῦματος,

177 1336 321 1377 λογισμῶν
340 1337 433 1374 χωρὶς
451 1338 501 1365 οὐκ
517 1336 628 1372 ἐθέλων,
645 1338 730 1365 πάντα
748 1339 826 1375 μωρὰ
857 1338 960 1373 νομίζει
976 1338 1008 1365 τὰ

178 1385 229 1417 τῆς
259 1381 418 1418 οἰκονομίας
447 1384 495 1409 τοῦ
525 1382 638 1420 Κυρίου.
673 1399 705 1404 -
732 1382 853 1413 ἍλΛως.
890 1384 1007 1420 [ΙΩΑΝ.]

179 1427 306 1464 Ψυχικός
323 1426 406 1460 ἐστιν,
424 1427 438 1454 ὁ
468 1427 537 1454 uti
566 1427 650 1465 σάρκα
680 1429 743 1461 ζῶν,
773 1427 817 1454 καὶ
849 1429 933 1463 μήπω
961 1427 1006 1454 τὸν

179 1473 242 1500 νοῦν
267 1471 414 1511 φωτισθεὶς
449 1470 492 1498 διὰ
521 1470 568 1498 τοῦ
607 1471 770 1508 πνεύματος,
807 1471 879 1499 ἀλλὰ
923 1472 1008 1508 μόνην

810 1294 950 1320 πιστεῦσαι
980 1291 1009 1319 δὲ

179 1518 231 1552 τὴν
246 1515 367 1554 ἔμφυτον
383 1517 429 1544 καὶ
440 1517 612 1553 ἀνθρωπίνην
642 1517 746 1544 σύνεσιν
774 1514 858 1554 ἔχων,
890 1516 922 1551 ἤν
950 1520 1008 1548 ταῖς

181 1562 309 1591 ἁπάντων
325 1564 428 1599 ψυχαῖς
445 1559 580 1597 ἐμϐαλλει
604 1562 617 1588 ὀ
634 1562 819 1599 Δημιουργός.
836 1578 868 1583 ——
885 1561 1007 1592 Ἄλλως.

181 1607 253 1637 Ἀντὶ
288 1606 349 1642 τοῦ,
376 1607 458 1635 Ὅταν
488 1617 513 1633 τι
534 1607 714 1643 πνευματικὸν
736 1606 780 1634 καὶ
809 1607 964 1644 ἀπόρῥητον
980 1607 1008 1644 ᾗ,

183 1651 235 1680 ἅπὸ
248 1654 303 1679 τῶν
328 1654 518 1688 πνευματικῶν
547 1652 596 1682 τὰς
628 1652 779 1689 μαρτυρίας
808 1651 921 1690 ἄγομεν,
953 1652 1011 1678 οἷον

186 1697 228 1726 δτι
241 1696 353 1732 ἀνέστη,
369 1697 482 1734 παραγιυ
498 1697 546 1731 τήν
574 1699 623 1724 τοῦ
654 1698 730 1725 Ἰωνᾶ
760 1696 918 1734 μαρτυρίαν.
948 1697 1009 1725 ’Ότι

182 1742 213 1776 in
239 1742 376 1779 παρθένου
406 1741 549 1780 ἐγεννήθη,
576 1742 693 1779 παράγω
721 1743 770 1776 τήν
804 1744 857 1769 τῶν
898 1744 1009 1779 σπειρῶν

184 1786 318 1826 γέννησιν.
334 1786 461 1824 Ψυχικὸς
479 1785 507 1814 δέ
521 1786 591 1814 ἐστιν
608 1787 622 1815 ὁ
641 1789 672 1814 τὸ
697 1789 749 1814 πᾶν
777 1789 835 1817 τοῖς
865 1786 1010 1824 λογισμοῖς

190 1836 239 1867 τῆς
265 1834 359 1872 ψυχῆς
390 1830 481 1863 διδοὺς
510 1833 555 1859 καὶ
584 1833 622 1868 μὴ
649 1833 770 1869 νομίζων
801 1832 901 1859 ἄνωθεν
938 1843 1010 1863 τινος

195 1876 324 1914 βοηθείας.
348 1893 383 1899 -—
412 1876 534 1908 Ἄλλως.
563 1878 669 1914 [ΦΩΤ.]
698 1878 727 1906 Ὀ
755 1878 886 1914 ψυχικὸς,
916 1877 1009 1914 χρείαν

193 1919 247 1958 ἕχει
261 1921 424 1960 ἀνακρίσεως
438 1922 482 1949 κκὶ
512 1922 655 1958 ἐξετάσεως
684 1921 728 1949 καὶ
759 1923 902 1958 μαθήσεως
931 1932 1010 1949 πνευ-

189 1966 373 2004 parm-7,4,?“
388 1966 570 2003 παραδέξηται
597 1967 630 1994 τὰ
658 1969 706 1994 τοῦ
733 1967 894 2003 πνεύματος.
924 1966 1012 1995 Ἀλλὰ

185 2011 252 2050 πρὸς
266 2011 367 2047 ταύτην
387 2010 653 2049 ἀπαυθαόιζόμενος,
682 2012 728 2039 καὶ
756 2011 843 2039 δοκῶν
874 2012 1010 2048 ἀρκεῖσθαι

182 2059 243 2089 τοῖς
273 2056 453 2095 ἀνθρωπίνοις
487 2056 642 2095 λογισμοῖς,
677 2057 709 2084 οὐ
741 2057 822 2093 μόνον
864 2056 941 2084 οὐδὲν
974 2057 1009 2083 ὧν

184 2101 278 2138 ἀγνοεῖ
322 2098 540 2136 καταλαμϐάνει,
589 2100 661 2128 ἀλλὰ
702 2101 747 2128 καὶ
781 2101 937 2129 τούναντίον
973 2101 1011 2131 εἷς

182 2145 300 2174 πλείονα
351 2143 503 2173 καταϐαπτι
510 2146 623 2182 ζόμενος

181 2191 270 2223 πάθος
302 2190 348 2218 καὶ
384 2190 502 2226 νόσημα,
539 2193 598 2222 τοῖς
636 2193 685 2218 τοῦ
723 2191 877 2228 πνεύματος
914 2191 1011 2228 νόμοις

181 2236 338 2274 περιέξπτει,
364 2234 409 2262 καὶ
438 2236 546 2274 ἡγεῖται
577 2235 643 2263 αὐτὰ
674 2236 789 2273 μωρίαν,
832 2234 891 2263 δέον
925 2236 1011 2271 ἑαυτῷ

188 2280 354 2320 μέμφεσθαι,
379 2282 515 2310 ταπεινοῖς
548 2280 592 2307 καὶ
621 2279 798 2316 ἀνθρωπίνοις
830 2280 949 2317 μέτροις,
982 2280 1011 2307 τὰ

674 2142 797 2185 ἄγνοιαν,
834 2146 866 2173 τὸ
909 2145 1010 2173 ἐκείνου

1062 967 1200 993 anemine
1222 966 1407 1001 dijudicatur.
1434 969 1499 1001 Quis
1521 971 1594 997 enim
1617 972 1746 1005 cognovit
1772 975 1890 1000 mentem

1061 1009 1172 1037 Domini
1199 1011 1249 1045 qui
1268 1011 1428 1039 conciliabit
1454 1021 1515 1040 eum
1539 1013 1552 1040 τ
1575 1012 1628 1042 Nos
1652 1017 1742 1043 autem
1772 1020 1889 1044 mentem

1062 1054 1166 1082 Christi
1181 1058 1309 1083 tenemus.

1097 1104 1261 1132 Animalem
1274 1108 1357 1133 vocat
1369 1106 1519 1135 hominem
1532 1110 1664 1144 eum,qui
1675 1111 1888 1140 omniaanimm

1061 1150 1227 1178 rationibus
1243 1151 1365 1178 tribuit:
1382 1161 1435 1179 nec
1448 1153 1610 1189 quidquam
1628 1155 1685 1183 fide
1697 1157 1889 1193 suscipit,nec

1063 1203 1192 1230 superno
1205 1204 1279 1231 opus
1301 1204 1366 1223 esse
1396 1198 1506 1224 auxilio
1531 1199 1715 1228 arbitratur:
1742 1202 1791 1237 qui
1819 1211 1885 1230 cum

1063 1240 1213 1268 doctrinas
1229 1241 1356 1276 Spiritus
1372 1250 1431 1270 non
1449 1245 1542 1278 possit
1566 1250 1666 1273 mente
1691 1248 1887 1282 comprehen-

1063 1286 1143 1321 dere,
1160 1294 1214 1313 nec
1231 1287 1300 1314 velit
1313 1288 1424 1323 absque
1441 1289 1606 1317 rationibus
1626 1291 1757 1321 credere.
1789 1293 1891 1320 omnia

1063 1331 1224 1358 arbitratur
1240 1341 1303 1359 esse
1318 1333 1408 1360 stulta
1425 1343 1490 1369 qum
1505 1335 1611 1363 divinae
1640 1340 1709 1363 sunt
1732 1337 1887 1373 dispensa-

1063 1376 1162 1403 tionis.
1175 1392 1208 1396 -—
1226 1377 1287 1404 Alio
1298 1378 1536 1406 mod0.Animalis
1551 1382 1658 1416 estqui
1670 1382 1756 1416 juxta
1768 1391 1887 1410 carnem

1062 1421 1131 1448 vivit
1147 1424 1175 1448 et
1191 1422 1323 1449 nondum
1340 1431 1393 1458 per
1409 1424 1545 1459 spiritum
1576 1429 1674 1453 mente
1702 1426 1888 1455 illuminatus

1064 1468 1118 1497 est,
1136 1466 1187 1493 sed
1203 1466 1335 1494 innatam
1352 1470 1465 1495 tantum
1484 1472 1511 1495 et
1527 1470 1689 1497 humanam
1702 1471 1790 1498 habet
1806 1472 1890 1500 intel<

1063 1510 1227 1546 ligentiam,
1256 1520 1345 1546 quam
1375 1515 1550 1541 cunctorum
1581 1515 1739 1542 animabus
1768 1517 1889 1544 Cteator

1063 1554 1207 1582 immittit.
1230 1571 1262 1575 —
1277 1557 1337 1583 Alio
1353 1557 1440 1584 modo.
1460 1558 1517 1585 Hoc
1534 1562 1578 1586 est
1596 1568 1602 1585 :
1631 1560 1752 1592 Quando
1774 1561 1887 1596 aliquid

1064 1599 1218 1635 spirituale
1235 1603 1264 1627 et
1280 1601 1429 1628 ineffabile
1444 1602 1543 1634 fuerit,
1561 1612 1577 1630 a
1594 1604 1799 1640 spiritualibus
1812 1607 1889 1634 testi-

1064 1645 1164 1672 monia
1180 1645 1316 1673 ducimus
1345 1646 1449 1682 Utpote
1461 1647 1495 1674 ad
1512 1648 1540 1675 id
1557 1649 1636 1684 quod
1652 1651 1780 1677 surrexit
1804 1652 1889 1679 Chri-

1064 1693 1136 1722 stus,
1154 1690 1234 1718 Jonaa
1250 1691 1454 1720 testimonium
1471 1693 1584 1721 adduco
1602 1702 1607 1721 :
1625 1695 1704 1730 quod
1720 1703 1755 1723 ex
1776 1697 1887 1732 virgine

1063 1738 1150 1762 natus
1167 1739 1221 1768 est,
1238 1736 1352 1764 adduco
1370 1738 1516 1765 sterilium
1533 1742 1649 1774 partum
1667 1749 1699 1767 ac
1722 1742 1886 1777 generatio-

1063 1788 1143 1808 nem.
1159 1781 1305 1808 Animalis
1327 1790 1392 1809 vero
1410 1786 1463 1811 est.
1478 1784 1528 1818 qui
1545 1793 1607 1811 rem
1636 1794 1755 1813 omnem
1781 1787 1889 1814 animo:

1062 1824 1352 1853 considerationibus
1363 1828 1509 1862 attribuit,
1522 1837 1577 1856 nec
1590 1829 1698 1857 arbitra
1705 1832 1751 1857 tur
1760 1840 1889 1867 superno

1063 1870 1163 1906 aliquo
1180 1880 1254 1907 opus
1270 1880 1334 1900 esse
1351 1873 1473 1900 auxilio.
1491 1890 1524 1894 —
1545 1875 1605 1902 Alio
1630 1876 1716 1903 modo.
1744 1877 1889 1904 Animalis

1062 1924 1136 1951 opus
1165 1916 1255 1944 habet
1284 1917 1497 1953 dijudicatione
1524 1922 1553 1946 et
1581 1922 1827 1955 perscrutatione,
1857 1930 1890 1949 ac

1062 1961 1221 1996 disciplina
1237 1962 1395 1997 spirituali,
1414 1966 1446 1990 ut
1461 1964 1604 1999 suscipiat
1616 1973 1660 1997 ea,
1673 1974 1739 2000 qum
1751 1970 1821 1993 sunt
1834 1967 1892 2002 spi-

1062 2005 1147 2037 ritus,
1165 2007 1241 2033 436
1259 2006 1310 2034 sed
1327 2015 1393 2034 cum
1410 2008 1598 2043 arrogantior
1626 2010 1664 2036 sit
1686 2018 1773 2044 quam
1797 2015 1830 2038 ut
1851 2011 1888 2039 ad

1064 2051 1140 2078 hanc
1157 2059 1221 2078 sese
1236 2051 1383 2084 demittat,
1400 2055 1428 2079 et
1445 2053 1581 2080 sufﬁcere
1602 2054 1719 2089 judicet
1743 2056 1889 2084 humanas

1063 2097 1328 2130 Considerationes,
1345 2106 1403 2125 non
1421 2098 1508 2125 modo
1520 2099 1594 2126 nillil
1609 2101 1893 2136 comprehenditev

1063 2150 1129 2169 rum
1142 2151 1206 2177 qum
1219 2143 1400 2178 ignoratsed
1414 2152 1427 2170 e
1442 2144 1556 2170 diverso
1570 2153 1688 2181 quoque
1702 2146 1730 2173 in
1743 2147 1888 2181 majorem

1064 2187 1218 2216 demersus
1235 2188 1442 2220 ignorantiam,
1460 2189 1567 2216 animas
1585 2191 1722 2218 allectum
1736 2192 1890 2228 etmgritu-

1064 2232 1162 2259 dinem
1179 2232 1294 2268 legibus
1310 2233 1430 2268 spiritus
1442 2234 1572 2269 adoptat.
1586 2238 1615 2262 et
1626 2236 1817 2264 existimatea
1828 2245 1891 2265 esse

1064 2277 1231 2309 stultitiam,
1258 2285 1324 2305 cum
1355 2278 1487 2313 seipsum
1517 2288 1656 2307 accusare
1687 2281 1817 2316 deberet,
1842 2283 1892 2318 qui

188 2308 195 2318 ,
224 2308 231 2318 ,
348 2308 353 2313 .
510 2308 515 2310 .
671 2308 674 2316 .
792 2308 797 2310 .
830 2308 834 2316 ι
882 2308 886 2317 ,
932 2308 949 2313 .,

187 2308 327 2363 ὕπερῳυνῆ
342 2325 387 2353 καὶ
402 2325 542 2363 κρείττονα
558 2326 700 2363 λογισμῶν
729 2328 834 2362 μετρεῖν
863 2326 907 2352 καὶ
932 2336 1010 2353 κατα-

1069 2321 1232 2349 humilibus
1248 2330 1282 2350 ac
1295 2323 1434 2351 humanis
1447 2326 1597 2352 mensuris
1613 2327 1852 2361 supernaturalia
1865 2330 1894 2355 et

185 2369 338 2408 λαμϐάνειν
353 2371 558 2409 ἑγχειρήσαντι.
575 2372 606 2400 Ὀ
636 2370 664 2399 δὲ
692 2371 875 2407 πνευματικὸς
901 2372 931 2399 οὐ
957 2370 1009 2399 δεῖ·

183 2426 229 2444 ται
244 2416 426 2452 ἆτακρίσεως.
453 2415 518 2445 ἀλλ’
546 2415 626 2447 αὐτὸς
656 2419 848 2452 πνευματικῶς
876 2417 921 2443 καὶ
951 2422 1012 2449 θεο-

183 2461 275 2502 σόιρως
292 2462 397 2490 ἅπαντα
417 2460 573 2497 δοκιμάζων
598 2462 643 2488 καὶ
671 2461 768 2499 κρίνων
799 2461 951 2489 τελειοῦται
977 2463 1011 2498 τῇ

181 2505 281 2544 γνώσει
304 2509 355 2534 τοῦ
384 2506 546 2543 πνεύματος.
578 2506 624 2534 Διὸ
655 2506 700 2534 ὑπ’
729 2505 840 2538 οὐδενὸς
874 2507 1014 2535 ἀνακρίνε-

181 2561 236 2581 ιιαι.
253 2552 318 2580 Ὑπὸ
335 2551 381 2589 μὲν
397 2553 452 2579 τῶν
468 2553 583 2586 πιστῶν,
600 2551 643 2579 δτι
672 2551 705 2579 οὑ
734 2550 865 2591 διαφωνεῖ
884 2552 901 2587 ἢ
920 2550 1012 2579 διστα-

180 2597 269 2632 σιαζει
285 2597 353 2633 πρὸς
369 2596 479 2628 αὐτοᾶς·
497 2596 549 2624 ὑπὸ
565 2595 594 2624 ὂὶ
614 2598 668 2624 τῶν
695 2596 826 2633 ἀπίστων,
848 2597 890 2624 ὅτι
912 2596 1012 2633 πολλῷ

180 2641 312 2678 κρείττων
330 2641 387 2669 ἐστὶ
415 2645 466 2676 τῆς
494 2640 602 2669 ἐκείνων
631 2641 808 2679 ἀνακρίσεως,
835 2641 881 2669 καί
911 2641 951 2669 ὅτι
982 2643 1012 2670 οὐ

181 2687 265 2723 μένον
279 2686 311 2715 οὖ
328 2685 417 2714 δεῖται
432 2685 545 2721 ταύτης,
561 2685 637 2713 ἀλλὰ
664 2687 711 2714 καὶ
741 2685 861 2714 σύνοιδεν
892 2685 1013 2725 ἀκριϐῶς

180 2731 345 2769 ἆκακρίνων,
362 2730 404 2758 ὅτι
420 2734 478 2763 τοῖς
501 2731 586 2768 ταύτῃ
618 2731 776 2769 χρωμένοις
808 2732 935 2769 μέγιστον
964 2732 1012 2769 ἐμ-

178 2774 275 2804 πόδιον
291 2776 360 2811 αὕτη
391 2775 568 2810 καθέστηκεν,
598 2775 636 2806 εἷς
663 2775 695 2803 τὸ
722 2779 912 2812 πνευματικῶς
946 2777 1011 2804 ἀνα‹

179 2820 316 2859 κρίνεσθαι
344 2821 390 2849 καὶ
411 2819 533 2856 δέξασθαι
556 2820 589 2847 τὰ
613 2822 662 2848 τοῦ
692 2822 860 2858 Πνεύματος.
891 2822 937 2849 Διὸ
967 2822 1012 2849 καὶ

180 2866 347 2905 χηρεύοοοιν
364 2865 441 2894 οὗτοι
456 2867 506 2894 τοῦ
522 2865 659 2904 Κυριακοῦ
676 2867 734 2902 νοῦ,
765 2867 829 2903 ἢτοι
855 2868 908 2894 τῶν
936 2866 1010 2895 ἐντο-

1066 2366 1310 2395 ratiocinationes
1325 2368 1497 2396 excedentia
1521 2377 1694 2398 mensurare
1725 2372 1891 2399 tentaverit-

1068 2412 1234 2448 Spiritualis
1250 2421 1316 2440 vero
1333 2421 1392 2441 non
1409 2422 1482 2448 opus
1500 2414 1589 2442 habet
1599 2415 1823 2450 dijudicatione,
1840 2417 1892 2444 sed

1068 2466 1134 2485 cum
1151 2457 1252 2485 omnia
1268 2458 1464 2492 spiritualiter
1479 2463 1508 2486 et
1522 2459 1620 2487 divina
1630 2460 1776 2496 sapientia
1788 2462 1894 2497 probet

1068 2511 1101 2531 ac
1119 2502 1238 2537 iudicet,
1257 2502 1378 2538 spiritus
1407 2504 1574 2538 cognitione
1604 2505 1765 2540 perﬁcitur.
1795 2506 1862 2535 Ideo
1878 2515 1894 2534 ιι

1068 2550 1151 2578 nullo
1167 2550 1367 2583 diiudicatur:
1386 2559 1401 2578 a
1414 2551 1551 2579 ﬁdelibus
1574 2552 1706 2587 quidem,
1736 2554 1806 2589 quia
1833 2563 1893 2582 non

1069 2596 1202 2623 dissonat
1214 2603 1268 2623 nec
1277 2595 1399 2623 dissenti
1417 2596 1453 2623 ab
1470 2596 1561 2631 ipsis;
1578 2597 1614 2625 ab
1636 2598 1799 2626 incredulis
1813 2607 1893 2634 vero,

1069 2641 1140 2676 quia
1154 2640 1241 2677 longe
1257 2640 1392 2676 superior
1407 2645 1452 2668 est
1467 2641 1588 2669 illorum
1618 2643 1841 2678 dijudicatione,
1865 2648 1894 2673 et

1069 2686 1140 2722 quia
1151 2694 1209 2713 non
1227 2685 1323 2713 solum
1338 2687 1392 2713 hac
1408 2694 1466 2713 non
1484 2690 1557 2723 eget.
1576 2687 1627 2715 sed
1643 2691 1672 2715 et
1687 2689 1767 2716 novit
1793 2693 1894 2718 exacte

1069 2731 1237 2765 dijudicans
1249 2731 1327 2766 quod
1339 2731 1394 2758 hac
1411 2732 1562 2759 utentibus
1578 2734 1739 2761 maiimum
1764 2734 1804 2762 ita
1820 2743 1894 2770 prae-

1069 2776 1176 2803 stiterit
1193 2775 1439 2811 impedimentum
1456 2776 1491 2803 ad
1510 2777 1706 2812 spiritualiter
1726 2778 1893 2814 dijudican—

1068 2820 1150 2855 dum,
1167 2823 1195 2848 et
1210 2822 1414 2856 recipiendum
1427 2830 1461 2849 ea
1472 2830 1538 2858 qum
1552 2826 1621 2851 sunt
1632 2823 1767 2858 Spiritus.
1779 2823 1890 2850 Idcirco

1068 2874 1187 2903 quoque
1204 2866 1235 2895 hi
1251 2867 1404 2896 Dominico
1432 2875 1520 2897 sensu
1550 2870 1663 2904 carent,
1687 2868 1748 2896 sive
1778 2873 1892 2904 praes-
