  <div class='ocr_page' id='page_1' title='image "/cluster/home/n/w/nwhite01/storage/ocr_20150623/118:no.1/coo.31924054870229/347.png"; bbox 0 0 4122 6458; ppageno 0'>
   <div class='ocr_carea' id='block_1_1' title="bbox 260 356 3689 441">
    <p class='ocr_par' dir='ltr' id='par_1_1' title="bbox 260 356 3689 441">
     <span class='ocr_line' id='line_1_1' title="bbox 260 356 3689 441; baseline 0.002 -9"><span class='ocrx_word' id='word_1_1' title='bbox 260 376 383 441; x_wconf 71' lang='lat' dir='ltr'>om</span> <span class='ocrx_word' id='word_1_2' title='bbox 1386 362 1800 432; x_wconf 69' lang='lat' dir='ltr'>(nonnum!</span> <span class='ocrx_word' id='word_1_3' title='bbox 1841 360 2150 426; x_wconf 66' lang='lat' dir='ltr'>TBICCAE</span> <span class='ocrx_word' id='word_1_4' title='bbox 2196 364 2542 431; x_wconf 83' lang='lat' dir='ltr'>EPISCOPI</span> <span class='ocrx_word' id='word_1_5' title='bbox 2899 398 2907 403; x_wconf 85' lang='grc'><strong>-</strong></span> <span class='ocrx_word' id='word_1_6' title='bbox 3560 356 3689 441; x_wconf 74' lang='lat' dir='ltr'>eos</span> 
     </span>
    </p>
   </div>
   <div class='ocr_carea' id='block_1_2' title="bbox 261 494 1947 591">
    <p class='ocr_par' dir='ltr' id='par_1_2' title="bbox 261 502 1947 588">
     <span class='ocr_line' id='line_1_2' title="bbox 261 502 1947 588; baseline -0.008 -19"><span class='ocrx_word' id='word_1_7' title='bbox 261 512 402 588; x_wconf 87' lang='lat' dir='ltr'>ptis,</span> <span class='ocrx_word' id='word_1_8' title='bbox 433 516 494 567; x_wconf 87' lang='lat' dir='ltr'>et</span> <span class='ocrx_word' id='word_1_9' title='bbox 521 526 591 567; x_wconf 89' lang='lat' dir='ltr'>ea</span> <span class='ocrx_word' id='word_1_10' title='bbox 621 523 754 582; x_wconf 76' lang='lat' dir='ltr'>qum</span> <span class='ocrx_word' id='word_1_11' title='bbox 783 506 926 567; x_wconf 88' lang='lat' dir='ltr'>inde</span> <span class='ocrx_word' id='word_1_12' title='bbox 950 505 1241 583; x_wconf 81' lang='lat' dir='ltr'>sequitur,</span> <span class='ocrx_word' id='word_1_13' title='bbox 1264 504 1413 581; x_wconf 81' lang='lat' dir='ltr'>legis</span> <span class='ocrx_word' id='word_1_14' title='bbox 1436 502 1915 574; x_wconf 72' lang='lat' dir='ltr'>traditione,quaa</span> <span class='ocrx_word' id='word_1_15' title='bbox 1946 562 1947 565; x_wconf 28' lang='grc' dir='ltr'><strong>η</strong></span> 
     </span>
    </p>
   </div>
   <div class='ocr_carea' id='block_1_3' title="bbox 2053 494 3696 591">
    <p class='ocr_par' dir='ltr' id='par_1_3' title="bbox 2053 499 3696 591">
     <span class='ocr_line' id='line_1_3' title="bbox 2053 499 3696 591; baseline 0.011 -38"><span class='ocrx_word' id='word_1_16' title='bbox 2053 499 2293 591; x_wconf 17' lang='grc' dir='ltr'>ιιῖινᾼκαὶ</span> <span class='ocrx_word' id='word_1_17' title='bbox 2344 509 2446 574; x_wconf 76' lang='grc' dir='ltr'>τῆς</span> <span class='ocrx_word' id='word_1_18' title='bbox 2504 502 2704 571; x_wconf 78' lang='grc' dir='ltr'>ἐκεῖθεν</span> <span class='ocrx_word' id='word_1_19' title='bbox 2778 509 3123 585; x_wconf 65' lang='grc' dir='ltr'>νομοθεσίας,</span> <span class='ocrx_word' id='word_1_20' title='bbox 3205 512 3303 582; x_wconf 72' lang='grc' dir='ltr'>τῆς</span> <span class='ocrx_word' id='word_1_21' title='bbox 3389 511 3696 591; x_wconf 76' lang='grc' dir='ltr'>φρενοῦσης</span> 
     </span>
    </p>
   </div>
   <div class='ocr_carea' id='block_1_4' title="bbox 266 588 1947 677">
    <p class='ocr_par' dir='ltr' id='par_1_4' title="bbox 266 595 1919 674">
     <span class='ocr_line' id='line_1_4' title="bbox 266 595 1919 674; baseline -0.009 -13"><span class='ocrx_word' id='word_1_22' title='bbox 266 621 368 662; x_wconf 89' lang='lat' dir='ltr'>eos</span> <span class='ocrx_word' id='word_1_23' title='bbox 398 602 731 674; x_wconf 86' lang='lat' dir='ltr'>castigaret,</span> <span class='ocrx_word' id='word_1_24' title='bbox 764 606 822 654; x_wconf 87' lang='lat' dir='ltr'>et</span> <span class='ocrx_word' id='word_1_25' title='bbox 853 599 929 655; x_wconf 90' lang='lat' dir='ltr'>ad</span> <span class='ocrx_word' id='word_1_26' title='bbox 959 598 1358 670; x_wconf 76' lang='lat' dir='ltr'>spiritualium</span> <span class='ocrx_word' id='word_1_27' title='bbox 1382 595 1779 668; x_wconf 77' lang='lat' dir='ltr'>quaestionum</span> <span class='ocrx_word' id='word_1_28' title='bbox 1812 608 1919 664; x_wconf 88' lang='lat' dir='ltr'>ap-</span> 
     </span>
    </p>
   </div>
   <div class='ocr_carea' id='block_1_5' title="bbox 2053 588 3688 677">
    <p class='ocr_par' dir='ltr' id='par_1_5' title="bbox 2053 588 3688 677">
     <span class='ocr_line' id='line_1_5' title="bbox 2053 588 3688 677; baseline 0.01 -34"><span class='ocrx_word' id='word_1_29' title='bbox 2053 588 2222 652; x_wconf 53' lang='grc' dir='ltr'>ηὐτοῦς</span> <span class='ocrx_word' id='word_1_30' title='bbox 2252 593 2343 649; x_wconf 75' lang='grc' dir='ltr'>καὶ</span> <span class='ocrx_word' id='word_1_31' title='bbox 2403 591 2777 670; x_wconf 78' lang='grc' dir='ltr'>διεγειρούσης</span> <span class='ocrx_word' id='word_1_32' title='bbox 2837 600 2918 662; x_wconf 61' lang='grc' dir='ltr'>εῗς</span> <span class='ocrx_word' id='word_1_33' title='bbox 2971 602 3068 670; x_wconf 70' lang='grc' dir='ltr'>τήν</span> <span class='ocrx_word' id='word_1_34' title='bbox 3129 606 3236 658; x_wconf 82' lang='grc' dir='ltr'>τῶν</span> <span class='ocrx_word' id='word_1_35' title='bbox 3297 588 3688 677; x_wconf 72' lang='grc' dir='ltr'>πνεῦματικῶν</span> 
     </span>
    </p>
   </div>
   <div class='ocr_carea' id='block_1_6' title="bbox 262 684 1918 769">
    <p class='ocr_par' dir='ltr' id='par_1_6' title="bbox 262 684 1918 769">
     <span class='ocr_line' id='line_1_6' title="bbox 262 684 1918 769; baseline -0.009 -18"><span class='ocrx_word' id='word_1_36' title='bbox 262 693 722 769; x_wconf 89' lang='lat' dir='ltr'>prehensionem</span> <span class='ocrx_word' id='word_1_37' title='bbox 753 690 1057 745; x_wconf 79' lang='lat' dir='ltr'>excitaret.</span> <span class='ocrx_word' id='word_1_38' title='bbox 1090 690 1224 760; x_wconf 84' lang='lat' dir='ltr'>Ipsa</span> <span class='ocrx_word' id='word_1_39' title='bbox 1254 687 1415 743; x_wconf 88' lang='lat' dir='ltr'>enim</span> <span class='ocrx_word' id='word_1_40' title='bbox 1438 684 1746 742; x_wconf 89' lang='lat' dir='ltr'>Dominica</span> <span class='ocrx_word' id='word_1_41' title='bbox 1775 698 1918 754; x_wconf 84' lang='lat' dir='ltr'>prae-</span> 
     </span>
    </p>
   </div>
   <div class='ocr_carea' id='block_1_7' title="bbox 267 774 1918 856">
    <p class='ocr_par' dir='ltr' id='par_1_7' title="bbox 267 774 1918 856">
     <span class='ocr_line' id='line_1_7' title="bbox 267 774 1918 856; baseline -0.01 -15"><span class='ocrx_word' id='word_1_42' title='bbox 267 790 439 856; x_wconf 88' lang='lat' dir='ltr'>cepta</span> <span class='ocrx_word' id='word_1_43' title='bbox 470 783 831 839; x_wconf 72' lang='lat' dir='ltr'>confirmant.</span> <span class='ocrx_word' id='word_1_44' title='bbox 858 797 971 835; x_wconf 89' lang='lat' dir='ltr'>nos</span> <span class='ocrx_word' id='word_1_45' title='bbox 1003 785 1059 834; x_wconf 89' lang='lat' dir='ltr'>et</span> <span class='ocrx_word' id='word_1_46' title='bbox 1108 779 1181 835; x_wconf 90' lang='lat' dir='ltr'>ad</span> <span class='ocrx_word' id='word_1_47' title='bbox 1242 794 1377 834; x_wconf 90' lang='lat' dir='ltr'>eum</span> <span class='ocrx_word' id='word_1_48' title='bbox 1435 792 1543 832; x_wconf 86' lang='lat' dir='ltr'>nos</span> <span class='ocrx_word' id='word_1_49' title='bbox 1602 774 1918 838; x_wconf 90' lang='lat' dir='ltr'>reducunt,</span> 
     </span>
    </p>
   </div>
   <div class='ocr_carea' id='block_1_8' title="bbox 268 860 1919 947">
    <p class='ocr_par' dir='ltr' id='par_1_8' title="bbox 268 860 1919 947">
     <span class='ocr_line' id='line_1_8' title="bbox 268 860 1919 947; baseline -0.009 -17"><span class='ocrx_word' id='word_1_50' title='bbox 268 881 555 947; x_wconf 88' lang='lat' dir='ltr'>aptosque</span> <span class='ocrx_word' id='word_1_51' title='bbox 591 871 864 928; x_wconf 79' lang='lat' dir='ltr'>efficiunt</span> <span class='ocrx_word' id='word_1_52' title='bbox 888 870 961 925; x_wconf 76' lang='lat' dir='ltr'>ad</span> <span class='ocrx_word' id='word_1_53' title='bbox 987 869 1246 925; x_wconf 85' lang='lat' dir='ltr'><strong>divinam</strong></span> <span class='ocrx_word' id='word_1_54' title='bbox 1279 866 1611 924; x_wconf 81' lang='lat' dir='ltr'>doctrinam</span> <span class='ocrx_word' id='word_1_55' title='bbox 1644 870 1703 920; x_wconf 87' lang='lat' dir='ltr'>et</span> <span class='ocrx_word' id='word_1_56' title='bbox 1743 860 1919 916; x_wconf 86' lang='lat' dir='ltr'>intel-</span> 
     </span>
    </p>
   </div>
   <div class='ocr_carea' id='block_1_9' title="bbox 265 955 1924 1038">
    <p class='ocr_par' dir='ltr' id='par_1_9' title="bbox 265 955 1924 1038">
     <span class='ocr_line' id='line_1_9' title="bbox 265 955 1924 1038; baseline -0.01 -16"><span class='ocrx_word' id='word_1_57' title='bbox 265 964 600 1038; x_wconf 87' lang='lat' dir='ltr'>ligentiam,</span> <span class='ocrx_word' id='word_1_58' title='bbox 635 979 767 1034; x_wconf 82' lang='lat' dir='ltr'>quae</span> <span class='ocrx_word' id='word_1_59' title='bbox 798 960 992 1033; x_wconf 86' lang='lat' dir='ltr'>dignis</span> <span class='ocrx_word' id='word_1_60' title='bbox 1026 958 1165 1015; x_wconf 89' lang='lat' dir='ltr'>inde</span> <span class='ocrx_word' id='word_1_61' title='bbox 1199 957 1633 1030; x_wconf 77' lang='lat' dir='ltr'>suppeditatur.</span> <span class='ocrx_word' id='word_1_62' title='bbox 1676 955 1924 1025; x_wconf 85' lang='lat' dir='ltr'>Propter</span> 
     </span>
    </p>
   </div>
   <div class='ocr_carea' id='block_1_10' title="bbox 272 1040 1921 1123">
    <p class='ocr_par' dir='ltr' id='par_1_10' title="bbox 272 1040 1921 1123">
     <span class='ocr_line' id='line_1_10' title="bbox 272 1040 1921 1123; baseline -0.01 -12"><span class='ocrx_word' id='word_1_63' title='bbox 272 1070 340 1111; x_wconf 90' lang='lat' dir='ltr'>ea</span> <span class='ocrx_word' id='word_1_64' title='bbox 371 1069 504 1110; x_wconf 82' lang='lat' dir='ltr'>cum</span> <span class='ocrx_word' id='word_1_65' title='bbox 538 1068 647 1108; x_wconf 89' lang='lat' dir='ltr'>nos</span> <span class='ocrx_word' id='word_1_66' title='bbox 674 1051 835 1123; x_wconf 89' lang='lat' dir='ltr'>ipsos</span> <span class='ocrx_word' id='word_1_67' title='bbox 867 1048 941 1105; x_wconf 90' lang='lat' dir='ltr'>ad</span> <span class='ocrx_word' id='word_1_68' title='bbox 966 1050 1092 1106; x_wconf 81' lang='lat' dir='ltr'>haec</span> <span class='ocrx_word' id='word_1_69' title='bbox 1124 1046 1658 1119; x_wconf 86' lang='lat' dir='ltr'>composuerimus,</span> <span class='ocrx_word' id='word_1_70' title='bbox 1709 1040 1921 1097; x_wconf 90' lang='lat' dir='ltr'>merito</span> 
     </span>
    </p>
   </div>
   <div class='ocr_carea' id='block_1_11' title="bbox 266 1130 1927 1208">
    <p class='ocr_par' dir='ltr' id='par_1_11' title="bbox 266 1130 1927 1208">
     <span class='ocr_line' id='line_1_11' title="bbox 266 1130 1927 1208; baseline -0.01 -8"><span class='ocrx_word' id='word_1_71' title='bbox 266 1143 486 1201; x_wconf 86' lang='lat' dir='ltr'>Christi</span> <span class='ocrx_word' id='word_1_72' title='bbox 521 1147 778 1198; x_wconf 86' lang='lat' dir='ltr'>mentem</span> <span class='ocrx_word' id='word_1_73' title='bbox 811 1140 1119 1197; x_wconf 81' lang='lat' dir='ltr'>habemus.</span> <span class='ocrx_word' id='word_1_74' title='bbox 1154 1140 1300 1194; x_wconf 75' lang='lat' dir='ltr'>Nam</span> <span class='ocrx_word' id='word_1_75' title='bbox 1332 1152 1463 1208; x_wconf 63' lang='lat' dir='ltr'>quas</span> <span class='ocrx_word' id='word_1_76' title='bbox 1519 1130 1737 1190; x_wconf 87' lang='lat' dir='ltr'>Christi</span> <span class='ocrx_word' id='word_1_77' title='bbox 1785 1133 1927 1186; x_wconf 88' lang='lat' dir='ltr'>sunt</span> 
     </span>
    </p>
   </div>
   <div class='ocr_carea' id='block_1_12' title="bbox 267 1227 1927 1304">
    <p class='ocr_par' dir='ltr' id='par_1_12' title="bbox 267 1227 1927 1304">
     <span class='ocr_line' id='line_1_12' title="bbox 267 1227 1927 1304; baseline -0.01 -11"><span class='ocrx_word' id='word_1_78' title='bbox 267 1235 598 1293; x_wconf 89' lang='lat' dir='ltr'>sentientes</span> <span class='ocrx_word' id='word_1_79' title='bbox 614 1249 681 1289; x_wconf 83' lang='lat' dir='ltr'>ac</span> <span class='ocrx_word' id='word_1_80' title='bbox 706 1231 1131 1304; x_wconf 86' lang='lat' dir='ltr'>intelligentes,</span> <span class='ocrx_word' id='word_1_81' title='bbox 1144 1230 1271 1301; x_wconf 89' lang='lat' dir='ltr'>jam</span> <span class='ocrx_word' id='word_1_82' title='bbox 1296 1244 1417 1284; x_wconf 93' lang='lat' dir='ltr'>non</span> <span class='ocrx_word' id='word_1_83' title='bbox 1440 1227 1705 1282; x_wconf 89' lang='lat' dir='ltr'>humana</span> <span class='ocrx_word' id='word_1_84' title='bbox 1726 1227 1784 1278; x_wconf 88' lang='lat' dir='ltr'>et</span> <span class='ocrx_word' id='word_1_85' title='bbox 1805 1237 1927 1277; x_wconf 88' lang='lat' dir='ltr'>car-</span> 
     </span>
    </p>
   </div>
   <div class='ocr_carea' id='block_1_13' title="bbox 270 1314 1925 1397">
    <p class='ocr_par' dir='ltr' id='par_1_13' title="bbox 270 1314 1925 1397">
     <span class='ocr_line' id='line_1_13' title="bbox 270 1314 1925 1397; baseline -0.008 -16"><span class='ocrx_word' id='word_1_86' title='bbox 270 1323 397 1382; x_wconf 84' lang='lat' dir='ltr'>nali</span> <span class='ocrx_word' id='word_1_87' title='bbox 448 1322 803 1397; x_wconf 77' lang='lat' dir='ltr'>cogitatione</span> <span class='ocrx_word' id='word_1_88' title='bbox 863 1320 1221 1378; x_wconf 85' lang='lat' dir='ltr'>ﬂuctuantes</span> <span class='ocrx_word' id='word_1_89' title='bbox 1270 1315 1601 1383; x_wconf 88' lang='lat' dir='ltr'>obruimur,</span> <span class='ocrx_word' id='word_1_90' title='bbox 1646 1314 1925 1371; x_wconf 87' lang='lat' dir='ltr'>adversus</span> 
     </span>
    </p>
   </div>
   <div class='ocr_carea' id='block_1_14' title="bbox 271 1401 1927 1485">
    <p class='ocr_par' dir='ltr' id='par_1_14' title="bbox 271 1401 1927 1485">
     <span class='ocr_line' id='line_1_14' title="bbox 271 1401 1927 1485; baseline -0.008 -15"><span class='ocrx_word' id='word_1_91' title='bbox 271 1415 550 1485; x_wconf 89' lang='lat' dir='ltr'>utrinque</span> <span class='ocrx_word' id='word_1_92' title='bbox 582 1412 823 1469; x_wconf 85' lang='lat' dir='ltr'>ﬂatibus</span> <span class='ocrx_word' id='word_1_93' title='bbox 858 1416 1268 1483; x_wconf 84' lang='lat' dir='ltr'>tempestatem</span> <span class='ocrx_word' id='word_1_94' title='bbox 1299 1407 1592 1465; x_wconf 86' lang='lat' dir='ltr'>ferentes:</span> <span class='ocrx_word' id='word_1_95' title='bbox 1618 1405 1722 1462; x_wconf 89' lang='lat' dir='ltr'>sed</span> <span class='ocrx_word' id='word_1_96' title='bbox 1752 1401 1927 1460; x_wconf 88' lang='lat' dir='ltr'>solidi</span> 
     </span>
    </p>
   </div>
   <div class='ocr_carea' id='block_1_15' title="bbox 272 1495 1926 1573">
    <p class='ocr_par' dir='ltr' id='par_1_15' title="bbox 272 1495 1926 1573">
     <span class='ocr_line' id='line_1_15' title="bbox 272 1495 1926 1573; baseline -0.008 -12"><span class='ocrx_word' id='word_1_97' title='bbox 272 1522 339 1561; x_wconf 90' lang='lat' dir='ltr'>ac</span> <span class='ocrx_word' id='word_1_98' title='bbox 364 1504 518 1561; x_wconf 82' lang='lat' dir='ltr'>ﬁrmi</span> <span class='ocrx_word' id='word_1_99' title='bbox 545 1504 605 1559; x_wconf 91' lang='lat' dir='ltr'>in</span> <span class='ocrx_word' id='word_1_100' title='bbox 628 1502 852 1559; x_wconf 60' lang='lat' dir='ltr'>caelesti</span> <span class='ocrx_word' id='word_1_101' title='bbox 881 1501 1202 1573; x_wconf 89' lang='lat' dir='ltr'>divinaque</span> <span class='ocrx_word' id='word_1_102' title='bbox 1216 1503 1418 1556; x_wconf 87' lang='lat' dir='ltr'>mente</span> <span class='ocrx_word' id='word_1_103' title='bbox 1441 1495 1926 1563; x_wconf 81' lang='lat' dir='ltr'>eﬂ&#39;ecti,veritatis</span> 
     </span>
    </p>
   </div>
   <div class='ocr_carea' id='block_1_16' title="bbox 268 1588 1929 1668">
    <p class='ocr_par' dir='ltr' id='par_1_16' title="bbox 268 1588 1929 1668">
     <span class='ocr_line' id='line_1_16' title="bbox 268 1588 1929 1668; baseline -0.007 -17"><span class='ocrx_word' id='word_1_104' title='bbox 268 1593 810 1668; x_wconf 87' lang='lat' dir='ltr'>apprehensionem</span> <span class='ocrx_word' id='word_1_105' title='bbox 842 1591 1239 1663; x_wconf 85' lang='lat' dir='ltr'>assequimur.</span> <span class='ocrx_word' id='word_1_106' title='bbox 1273 1611 1300 1639; x_wconf 83' lang='grc'><strong>››</strong></span> <span class='ocrx_word' id='word_1_107' title='bbox 1332 1588 1451 1644; x_wconf 90' lang='lat' dir='ltr'>Nec</span> <span class='ocrx_word' id='word_1_108' title='bbox 1484 1592 1679 1658; x_wconf 86' lang='lat' dir='ltr'>potest</span> <span class='ocrx_word' id='word_1_109' title='bbox 1707 1600 1929 1657; x_wconf 85' lang='lat' dir='ltr'>cogno-</span> 
     </span>
    </p>
   </div>
   <div class='ocr_carea' id='block_1_17' title="bbox 2031 681 3689 768">
    <p class='ocr_par' dir='ltr' id='par_1_17' title="bbox 2031 681 3689 768">
     <span class='ocr_line' id='line_1_17' title="bbox 2031 681 3689 768; baseline 0.01 -35"><span class='ocrx_word' id='word_1_110' title='bbox 2031 681 2364 768; x_wconf 64' lang='grc' dir='ltr'>ζητημάτων</span> <span class='ocrx_word' id='word_1_111' title='bbox 2397 684 2727 759; x_wconf 65' lang='grc' dir='ltr'>κατάληψιν.</span> <span class='ocrx_word' id='word_1_112' title='bbox 2788 687 2955 743; x_wconf 81' lang='grc' dir='ltr'>Δῦται</span> <span class='ocrx_word' id='word_1_113' title='bbox 3005 690 3105 765; x_wconf 85' lang='grc' dir='ltr'>γὰρ</span> <span class='ocrx_word' id='word_1_114' title='bbox 3166 690 3219 746; x_wconf 71' lang='grc' dir='ltr'>αἱ</span> <span class='ocrx_word' id='word_1_115' title='bbox 3273 692 3537 768; x_wconf 78' lang='grc' dir='ltr'>Κυριακαὶ</span> <span class='ocrx_word' id='word_1_116' title='bbox 3600 691 3689 749; x_wconf 75' lang='grc' dir='ltr'>ἐνο</span> 
     </span>
    </p>
   </div>
   <div class='ocr_carea' id='block_1_18' title="bbox 2024 766 3690 851">
    <p class='ocr_par' dir='ltr' id='par_1_18' title="bbox 2024 766 3690 851">
     <span class='ocr_line' id='line_1_18' title="bbox 2024 766 3690 851; baseline 0.008 -27"><span class='ocrx_word' id='word_1_117' title='bbox 2024 766 2210 840; x_wconf 70' lang='grc' dir='ltr'>στολαὶ,</span> <span class='ocrx_word' id='word_1_118' title='bbox 2314 768 2713 846; x_wconf 74' lang='grc' dir='ltr'>συμϐιόάζουσι</span> <span class='ocrx_word' id='word_1_119' title='bbox 2810 780 2959 851; x_wconf 78' lang='grc' dir='ltr'>ἡμᾶς</span> <span class='ocrx_word' id='word_1_120' title='bbox 3034 780 3124 835; x_wconf 75' lang='grc' dir='ltr'>καὶ</span> <span class='ocrx_word' id='word_1_121' title='bbox 3210 766 3690 843; x_wconf 69' lang='grc' dir='ltr'>καταλλάσσουσαι</span> 
     </span>
    </p>
   </div>
   <div class='ocr_carea' id='block_1_19' title="bbox 2025 859 3687 943">
    <p class='ocr_par' dir='ltr' id='par_1_19' title="bbox 2025 859 3687 943">
     <span class='ocr_line' id='line_1_19' title="bbox 2025 859 3687 943; baseline 0.008 -30"><span class='ocrx_word' id='word_1_122' title='bbox 2025 859 2161 933; x_wconf 88' lang='grc' dir='ltr'>πρὸς</span> <span class='ocrx_word' id='word_1_123' title='bbox 2220 860 2400 930; x_wconf 76' lang='grc' dir='ltr'>αὐτὸν,</span> <span class='ocrx_word' id='word_1_124' title='bbox 2458 867 2952 938; x_wconf 73' lang='grc' dir='ltr'>παρασκευάζουσιν</span> <span class='ocrx_word' id='word_1_125' title='bbox 3036 867 3382 941; x_wconf 76' lang='grc' dir='ltr'>ἐπιτηδείους</span> <span class='ocrx_word' id='word_1_126' title='bbox 3450 870 3525 934; x_wconf 82' lang='grc' dir='ltr'>είς</span> <span class='ocrx_word' id='word_1_127' title='bbox 3582 874 3687 943; x_wconf 77' lang='grc' dir='ltr'>τὴν</span> 
     </span>
    </p>
   </div>
   <div class='ocr_carea' id='block_1_20' title="bbox 2027 946 3691 1036">
    <p class='ocr_par' dir='ltr' id='par_1_20' title="bbox 2027 946 3691 1036">
     <span class='ocr_line' id='line_1_20' title="bbox 2027 946 3691 1036; baseline 0.008 -34"><span class='ocrx_word' id='word_1_128' title='bbox 2027 946 2228 1013; x_wconf 80' lang='grc' dir='ltr'>ἐκεῖθεν</span> <span class='ocrx_word' id='word_1_129' title='bbox 2259 956 2376 1013; x_wconf 79' lang='grc' dir='ltr'>τοῖς</span> <span class='ocrx_word' id='word_1_130' title='bbox 2426 952 2600 1027; x_wconf 74' lang='grc' dir='ltr'>ἀξίοις</span> <span class='ocrx_word' id='word_1_131' title='bbox 2655 960 3081 1032; x_wconf 75' lang='grc' dir='ltr'>χορηγουμένην</span> <span class='ocrx_word' id='word_1_132' title='bbox 3137 956 3420 1036; x_wconf 77' lang='grc' dir='ltr'>’ὲΑλαμψιν</span> <span class='ocrx_word' id='word_1_133' title='bbox 3473 981 3541 1017; x_wconf 90' lang='grc' dir='ltr'>τε</span> <span class='ocrx_word' id='word_1_134' title='bbox 3596 961 3691 1017; x_wconf 79' lang='grc' dir='ltr'>καὶ</span> 
     </span>
    </p>
   </div>
   <div class='ocr_carea' id='block_1_21' title="bbox 2025 1041 3703 1124">
    <p class='ocr_par' dir='ltr' id='par_1_21' title="bbox 2025 1041 3703 1124">
     <span class='ocr_line' id='line_1_21' title="bbox 2025 1041 3703 1124; baseline 0.008 -31"><span class='ocrx_word' id='word_1_135' title='bbox 2025 1041 2382 1098; x_wconf 71' lang='lat' dir='ltr'>xaravdmm</span> <span class='ocrx_word' id='word_1_136' title='bbox 2413 1044 2506 1102; x_wconf 85' lang='grc' dir='ltr'>Διὸ</span> <span class='ocrx_word' id='word_1_137' title='bbox 2567 1046 2621 1099; x_wconf 80' lang='grc' dir='ltr'>οἱ</span> <span class='ocrx_word' id='word_1_138' title='bbox 2676 1047 2906 1109; x_wconf 80' lang='grc' dir='ltr'>ταύτοὺς</span> <span class='ocrx_word' id='word_1_139' title='bbox 2965 1046 3188 1113; x_wconf 75' lang='grc' dir='ltr'>ἑαυτοὺς</span> <span class='ocrx_word' id='word_1_140' title='bbox 3246 1050 3703 1124; x_wconf 73' lang='grc' dir='ltr'>καταρτίσαντες,</span> 
     </span>
    </p>
   </div>
   <div class='ocr_carea' id='block_1_22' title="bbox 2030 1128 3695 1217">
    <p class='ocr_par' dir='ltr' id='par_1_22' title="bbox 2030 1128 3695 1217">
     <span class='ocr_line' id='line_1_22' title="bbox 2030 1128 3695 1217; baseline 0.008 -34"><span class='ocrx_word' id='word_1_141' title='bbox 2030 1128 2257 1194; x_wconf 79' lang='grc' dir='ltr'>εἰκότως</span> <span class='ocrx_word' id='word_1_142' title='bbox 2286 1136 2408 1188; x_wconf 95' lang='grc' dir='ltr'>νοῦν</span> <span class='ocrx_word' id='word_1_143' title='bbox 2442 1137 2682 1211; x_wconf 76' lang='grc' dir='ltr'>Χριστοῦ</span> <span class='ocrx_word' id='word_1_144' title='bbox 2714 1134 2933 1214; x_wconf 71' lang='grc' dir='ltr'>ἔχεμεν.</span> <span class='ocrx_word' id='word_1_145' title='bbox 2988 1139 3071 1196; x_wconf 86' lang='grc' dir='ltr'>Τὰ</span> <span class='ocrx_word' id='word_1_146' title='bbox 3124 1140 3231 1217; x_wconf 82' lang='grc' dir='ltr'>γὰρ</span> <span class='ocrx_word' id='word_1_147' title='bbox 3282 1146 3380 1197; x_wconf 86' lang='grc' dir='ltr'>τοῦ</span> <span class='ocrx_word' id='word_1_148' title='bbox 3438 1145 3695 1217; x_wconf 75' lang='grc' dir='ltr'>Χριστοῦ</span> 
     </span>
    </p>
   </div>
   <div class='ocr_carea' id='block_1_23' title="bbox 2028 1224 3701 1307">
    <p class='ocr_par' dir='ltr' id='par_1_23' title="bbox 2028 1224 3701 1307">
     <span class='ocr_line' id='line_1_23' title="bbox 2028 1224 3701 1307; baseline 0.006 -32"><span class='ocrx_word' id='word_1_149' title='bbox 2028 1226 2347 1299; x_wconf 76' lang='grc' dir='ltr'>φρονοῦντες</span> <span class='ocrx_word' id='word_1_150' title='bbox 2407 1224 2496 1280; x_wconf 82' lang='grc' dir='ltr'>καὶ</span> <span class='ocrx_word' id='word_1_151' title='bbox 2549 1230 2819 1299; x_wconf 78' lang='grc' dir='ltr'>νοοῦντες,</span> <span class='ocrx_word' id='word_1_152' title='bbox 2900 1227 2999 1285; x_wconf 71' lang='grc' dir='ltr'>οὐκ</span> <span class='ocrx_word' id='word_1_153' title='bbox 3054 1224 3135 1286; x_wconf 78' lang='grc' dir='ltr'>ἔτι</span> <span class='ocrx_word' id='word_1_154' title='bbox 3193 1229 3522 1307; x_wconf 79' lang='grc' dir='ltr'>ἀνθρωπίνῳ</span> <span class='ocrx_word' id='word_1_155' title='bbox 3601 1229 3701 1287; x_wconf 78' lang='grc' dir='ltr'>καὶ</span> 
     </span>
    </p>
   </div>
   <div class='ocr_carea' id='block_1_24' title="bbox 2029 1312 3707 1397">
    <p class='ocr_par' dir='ltr' id='par_1_24' title="bbox 2029 1312 3707 1397">
     <span class='ocr_line' id='line_1_24' title="bbox 2029 1312 3707 1397; baseline 0.006 -30"><span class='ocrx_word' id='word_1_156' title='bbox 2029 1318 2272 1388; x_wconf 85' lang='grc' dir='ltr'>σαρκικῷ</span> <span class='ocrx_word' id='word_1_157' title='bbox 2348 1312 2603 1391; x_wconf 81' lang='grc' dir='ltr'>λογισμῷ</span> <span class='ocrx_word' id='word_1_158' title='bbox 2678 1316 2997 1384; x_wconf 68' lang='grc' dir='ltr'>σαλεύοντες</span> <span class='ocrx_word' id='word_1_159' title='bbox 3070 1322 3473 1397; x_wconf 82' lang='grc' dir='ltr'>κυμαινόμεθα,</span> <span class='ocrx_word' id='word_1_160' title='bbox 3565 1327 3707 1385; x_wconf 83' lang='grc' dir='ltr'>ταῖς</span> 
     </span>
    </p>
   </div>
   <div class='ocr_carea' id='block_1_25' title="bbox 2029 1401 3709 1490">
    <p class='ocr_par' dir='ltr' id='par_1_25' title="bbox 2029 1401 3709 1490">
     <span class='ocr_line' id='line_1_25' title="bbox 2029 1401 3709 1490; baseline 0.005 -33"><span class='ocrx_word' id='word_1_161' title='bbox 2029 1401 2357 1477; x_wconf 66' lang='grc' dir='ltr'>ἑκατέρωθεν</span> <span class='ocrx_word' id='word_1_162' title='bbox 2416 1404 2753 1469; x_wconf 80' lang='grc' dir='ltr'>ἀντιπνοίαις</span> <span class='ocrx_word' id='word_1_163' title='bbox 2810 1411 3228 1490; x_wconf 73' lang='grc' dir='ltr'>χειμαζόμενοι,</span> <span class='ocrx_word' id='word_1_164' title='bbox 3289 1411 3434 1467; x_wconf 81' lang='grc' dir='ltr'>ἀλλά</span> <span class='ocrx_word' id='word_1_165' title='bbox 3491 1414 3709 1488; x_wconf 77' lang='grc' dir='ltr'>πάγιοι</span> 
     </span>
    </p>
   </div>
   <div class='ocr_carea' id='block_1_26' title="bbox 2028 1490 3701 1576">
    <p class='ocr_par' dir='ltr' id='par_1_26' title="bbox 2028 1490 3701 1576">
     <span class='ocr_line' id='line_1_26' title="bbox 2028 1490 3701 1576; baseline 0.006 -30"><span class='ocrx_word' id='word_1_166' title='bbox 2028 1490 2119 1547; x_wconf 81' lang='grc' dir='ltr'>καὶ</span> <span class='ocrx_word' id='word_1_167' title='bbox 2177 1494 2564 1565; x_wconf 75' lang='grc' dir='ltr'>ἀμετάπειστοι</span> <span class='ocrx_word' id='word_1_168' title='bbox 2648 1500 2932 1575; x_wconf 79' lang='grc' dir='ltr'>γεγονότες</span> <span class='ocrx_word' id='word_1_169' title='bbox 2986 1499 3039 1556; x_wconf 80' lang='grc' dir='ltr'>ἐν</span> <span class='ocrx_word' id='word_1_170' title='bbox 3101 1499 3338 1576; x_wconf 76' lang='grc' dir='ltr'>οὐρανίῳ</span> <span class='ocrx_word' id='word_1_171' title='bbox 3394 1502 3486 1557; x_wconf 81' lang='grc' dir='ltr'>καὶ</span> <span class='ocrx_word' id='word_1_172' title='bbox 3562 1501 3701 1575; x_wconf 83' lang='grc' dir='ltr'>θείῳ</span> 
     </span>
    </p>
   </div>
   <div class='ocr_carea' id='block_1_27' title="bbox 2029 1577 3705 1665">
    <p class='ocr_par' dir='ltr' id='par_1_27' title="bbox 2029 1577 3705 1665">
     <span class='ocr_line' id='line_1_27' title="bbox 2029 1577 3705 1665; baseline 0.007 -31"><span class='ocrx_word' id='word_1_173' title='bbox 2029 1579 2136 1651; x_wconf 76' lang='grc' dir='ltr'>νοΐ,</span> <span class='ocrx_word' id='word_1_174' title='bbox 2167 1585 2265 1647; x_wconf 80' lang='grc' dir='ltr'>τῆς</span> <span class='ocrx_word' id='word_1_175' title='bbox 2294 1581 2556 1654; x_wconf 75' lang='grc' dir='ltr'>ἀληθείας</span> <span class='ocrx_word' id='word_1_176' title='bbox 2586 1587 2941 1664; x_wconf 82' lang='grc' dir='ltr'>καρπούμεθα</span> <span class='ocrx_word' id='word_1_177' title='bbox 2970 1591 3070 1659; x_wconf 80' lang='grc' dir='ltr'>τήν</span> <span class='ocrx_word' id='word_1_178' title='bbox 3116 1591 3452 1665; x_wconf 75' lang='grc' dir='ltr'>κατάληψιν.</span> <span class='ocrx_word' id='word_1_179' title='bbox 3522 1615 3550 1645; x_wconf 86' lang='grc' dir='ltr'>ι(</span> <span class='ocrx_word' id='word_1_180' title='bbox 3585 1577 3705 1650; x_wconf 75' lang='grc' dir='ltr'>Καἰ</span> 
     </span>
    </p>
   </div>
   <div class='ocr_carea' id='block_1_28' title="bbox 272 1668 1947 1759">
    <p class='ocr_par' dir='ltr' id='par_1_28' title="bbox 272 1675 1926 1756">
     <span class='ocr_line' id='line_1_28' title="bbox 272 1675 1926 1756; baseline -0.007 -15"><span class='ocrx_word' id='word_1_181' title='bbox 272 1700 458 1741; x_wconf 88' lang='lat' dir='ltr'>scere.</span> <span class='ocrx_word' id='word_1_182' title='bbox 503 1706 531 1733; x_wconf 84' lang='grc'><strong>››</strong></span> <span class='ocrx_word' id='word_1_183' title='bbox 562 1685 819 1756; x_wconf 79' lang='lat' dir='ltr'>Ignorat.</span> <span class='ocrx_word' id='word_1_184' title='bbox 854 1681 1067 1753; x_wconf 81' lang='lat' dir='ltr'>inquit.</span> <span class='ocrx_word' id='word_1_185' title='bbox 1096 1679 1255 1753; x_wconf 89' lang='lat' dir='ltr'>quod</span> <span class='ocrx_word' id='word_1_186' title='bbox 1279 1678 1403 1752; x_wconf 88' lang='lat' dir='ltr'>ipse</span> <span class='ocrx_word' id='word_1_187' title='bbox 1428 1676 1680 1733; x_wconf 86' lang='lat' dir='ltr'>stolidus</span> <span class='ocrx_word' id='word_1_188' title='bbox 1695 1675 1926 1731; x_wconf 89' lang='lat' dir='ltr'>sit.Non</span> 
     </span>
    </p>
   </div>
   <div class='ocr_carea' id='block_1_29' title="bbox 2053 1668 3704 1759">
    <p class='ocr_par' dir='ltr' id='par_1_29' title="bbox 2053 1668 3704 1759">
     <span class='ocr_line' id='line_1_29' title="bbox 2053 1668 3704 1759; baseline 0.006 -34"><span class='ocrx_word' id='word_1_189' title='bbox 2053 1672 2097 1728; x_wconf 71' lang='grc' dir='ltr'>»ὗ</span> <span class='ocrx_word' id='word_1_190' title='bbox 2130 1668 2351 1729; x_wconf 63' lang='grc' dir='ltr'>διὲναται</span> <span class='ocrx_word' id='word_1_191' title='bbox 2382 1680 2608 1751; x_wconf 85' lang='grc' dir='ltr'>γνῶναι.</span> <span class='ocrx_word' id='word_1_192' title='bbox 2644 1700 2671 1728; x_wconf 81' lang='lat'><strong>»</strong></span> <span class='ocrx_word' id='word_1_193' title='bbox 2705 1679 2939 1754; x_wconf 78' lang='grc' dir='ltr'>Ἀγνοεῖ,</span> <span class='ocrx_word' id='word_1_194' title='bbox 2973 1679 3164 1759; x_wconf 73' lang='grc' dir='ltr'>φησὶν,</span> <span class='ocrx_word' id='word_1_195' title='bbox 3198 1681 3284 1738; x_wconf 87' lang='grc' dir='ltr'>’ὁτι</span> <span class='ocrx_word' id='word_1_196' title='bbox 3337 1680 3507 1744; x_wconf 82' lang='grc' dir='ltr'>αὐτὸς</span> <span class='ocrx_word' id='word_1_197' title='bbox 3551 1680 3704 1737; x_wconf 71' lang='grc' dir='ltr'>ἔστιν</span> 
     </span>
    </p>
   </div>
   <div class='ocr_carea' id='block_1_30' title="bbox 274 1762 1947 1849">
    <p class='ocr_par' dir='ltr' id='par_1_30' title="bbox 274 1765 1931 1847">
     <span class='ocr_line' id='line_1_30' title="bbox 274 1765 1931 1847; baseline -0.007 -16"><span class='ocrx_word' id='word_1_198' title='bbox 274 1774 440 1832; x_wconf 90' lang='lat' dir='ltr'>enim</span> <span class='ocrx_word' id='word_1_199' title='bbox 480 1778 677 1847; x_wconf 85' lang='lat' dir='ltr'>potest</span> <span class='ocrx_word' id='word_1_200' title='bbox 706 1772 1041 1843; x_wconf 79' lang='lat' dir='ltr'>intelligere</span> <span class='ocrx_word' id='word_1_201' title='bbox 1064 1770 1223 1843; x_wconf 90' lang='lat' dir='ltr'>quod</span> <span class='ocrx_word' id='word_1_202' title='bbox 1246 1769 1308 1825; x_wconf 92' lang='lat' dir='ltr'>in</span> <span class='ocrx_word' id='word_1_203' title='bbox 1331 1767 1548 1824; x_wconf 87' lang='lat' dir='ltr'>talibus</span> <span class='ocrx_word' id='word_1_204' title='bbox 1570 1766 1697 1822; x_wconf 87' lang='lat' dir='ltr'>sola</span> <span class='ocrx_word' id='word_1_205' title='bbox 1714 1765 1829 1821; x_wconf 80' lang='lat' dir='ltr'>fide</span> <span class='ocrx_word' id='word_1_206' title='bbox 1853 1765 1931 1820; x_wconf 86' lang='lat' dir='ltr'>sit</span> 
     </span>
    </p>
   </div>
   <div class='ocr_carea' id='block_1_31' title="bbox 2053 1762 3698 1849">
    <p class='ocr_par' dir='ltr' id='par_1_31' title="bbox 2053 1762 3698 1849">
     <span class='ocr_line' id='line_1_31' title="bbox 2053 1762 3698 1849; baseline 0.006 -33"><span class='ocrx_word' id='word_1_207' title='bbox 2053 1787 2060 1816; x_wconf 65' lang='grc' dir='ltr'>ι</span> <span class='ocrx_word' id='word_1_208' title='bbox 2119 1762 2373 1832; x_wconf 74' lang='grc' dir='ltr'>ἀνόητος.</span> <span class='ocrx_word' id='word_1_209' title='bbox 2442 1766 2521 1824; x_wconf 70' lang='lat' dir='ltr'>Oti</span> <span class='ocrx_word' id='word_1_210' title='bbox 2577 1763 2796 1824; x_wconf 73' lang='grc' dir='ltr'>δύναται</span> <span class='ocrx_word' id='word_1_211' title='bbox 2847 1769 2954 1845; x_wconf 82' lang='grc' dir='ltr'>γὰρ</span> <span class='ocrx_word' id='word_1_212' title='bbox 3012 1775 3219 1849; x_wconf 86' lang='grc' dir='ltr'>γνῶναι</span> <span class='ocrx_word' id='word_1_213' title='bbox 3290 1770 3376 1827; x_wconf 78' lang='grc' dir='ltr'>ὅτι</span> <span class='ocrx_word' id='word_1_214' title='bbox 3438 1769 3525 1827; x_wconf 78' lang='grc' dir='ltr'>ἐπὶ</span> <span class='ocrx_word' id='word_1_215' title='bbox 3583 1775 3698 1826; x_wconf 88' lang='grc' dir='ltr'>τῶν</span> 
     </span>
    </p>
   </div>
   <div class='ocr_carea' id='block_1_32' title="bbox 279 1853 1947 1947">
    <p class='ocr_par' dir='ltr' id='par_1_32' title="bbox 279 1854 1928 1935">
     <span class='ocr_line' id='line_1_32' title="bbox 279 1854 1928 1935; baseline -0.006 -14"><span class='ocrx_word' id='word_1_216' title='bbox 279 1880 448 1935; x_wconf 89' lang='lat' dir='ltr'>opus.</span> <span class='ocrx_word' id='word_1_217' title='bbox 468 1861 885 1919; x_wconf 81' lang='lat' dir='ltr'>deficientibus</span> <span class='ocrx_word' id='word_1_218' title='bbox 898 1861 1127 1917; x_wconf 88' lang='lat' dir='ltr'>scilicet</span> <span class='ocrx_word' id='word_1_219' title='bbox 1149 1858 1428 1915; x_wconf 85' lang='lat' dir='ltr'>humanis</span> <span class='ocrx_word' id='word_1_220' title='bbox 1443 1854 1928 1913; x_wconf 88' lang='lat' dir='ltr'>conitationibus.</span> 
     </span>
    </p>
   </div>
   <div class='ocr_carea' id='block_1_33' title="bbox 2053 1853 3702 1947">
    <p class='ocr_par' dir='ltr' id='par_1_33' title="bbox 2053 1853 3702 1936">
     <span class='ocr_line' id='line_1_33' title="bbox 2053 1853 3702 1936; baseline 0.004 -27"><span class='ocrx_word' id='word_1_221' title='bbox 2053 1853 2326 1921; x_wconf 74' lang='grc' dir='ltr'>ιοιοῦτων,</span> <span class='ocrx_word' id='word_1_222' title='bbox 2385 1856 2622 1921; x_wconf 86' lang='grc' dir='ltr'>πίστεως</span> <span class='ocrx_word' id='word_1_223' title='bbox 2680 1859 2854 1930; x_wconf 79' lang='grc' dir='ltr'>μόνης</span> <span class='ocrx_word' id='word_1_224' title='bbox 2939 1860 3119 1936; x_wconf 77' lang='grc' dir='ltr'>χρεία,</span> <span class='ocrx_word' id='word_1_225' title='bbox 3180 1860 3256 1924; x_wconf 84' lang='grc' dir='ltr'>ὡς</span> <span class='ocrx_word' id='word_1_226' title='bbox 3320 1858 3702 1917; x_wconf 69' lang='grc' dir='ltr'>ἀσθενούντων</span> 
     </span>
    </p>
   </div>
   <div class='ocr_carea' id='block_1_34' title="bbox 276 1942 1947 2026">
    <p class='ocr_par' dir='ltr' id='par_1_34' title="bbox 276 1946 1935 2025">
     <span class='ocr_line' id='line_1_34' title="bbox 276 1946 1935 2025; baseline -0.006 -15"><span class='ocrx_word' id='word_1_227' title='bbox 276 1955 423 2011; x_wconf 86' lang='lat' dir='ltr'>Nam</span> <span class='ocrx_word' id='word_1_228' title='bbox 454 1952 567 2009; x_wconf 93' lang='lat' dir='ltr'>hoc</span> <span class='ocrx_word' id='word_1_229' title='bbox 600 1958 713 2020; x_wconf 90' lang='lat' dir='ltr'>est,</span> <span class='ocrx_word' id='word_1_230' title='bbox 745 1950 1139 2025; x_wconf 89' lang='lat' dir='ltr'>spiritualiter</span> <span class='ocrx_word' id='word_1_231' title='bbox 1168 1949 1591 2021; x_wconf 74' lang='lat' dir='ltr'>dijudicantur,</span> <span class='ocrx_word' id='word_1_232' title='bbox 1626 1946 1785 2019; x_wconf 92' lang='lat' dir='ltr'>quod</span> <span class='ocrx_word' id='word_1_233' title='bbox 1828 1962 1935 2018; x_wconf 92' lang='lat' dir='ltr'>per</span> 
     </span>
    </p>
   </div>
   <div class='ocr_carea' id='block_1_35' title="bbox 2053 1942 3711 2026">
    <p class='ocr_par' dir='ltr' id='par_1_35' title="bbox 2053 1942 3711 2026">
     <span class='ocr_line' id='line_1_35' title="bbox 2053 1942 3711 2026; baseline 0.006 -28"><span class='ocrx_word' id='word_1_234' title='bbox 2053 1948 2163 1999; x_wconf 88' lang='grc' dir='ltr'>τῶν</span> <span class='ocrx_word' id='word_1_235' title='bbox 2192 1942 2503 2020; x_wconf 82' lang='grc' dir='ltr'>λογισμῶν.</span> <span class='ocrx_word' id='word_1_236' title='bbox 2554 1949 2730 2005; x_wconf 90' lang='grc' dir='ltr'>Τοῦτο</span> <span class='ocrx_word' id='word_1_237' title='bbox 2787 1951 2891 2026; x_wconf 78' lang='grc' dir='ltr'>γάρ</span> <span class='ocrx_word' id='word_1_238' title='bbox 2948 1948 3082 2019; x_wconf 78' lang='grc' dir='ltr'>ἐστι,</span> <span class='ocrx_word' id='word_1_239' title='bbox 3134 1956 3518 2022; x_wconf 73' lang='grc' dir='ltr'>πνευματικῶς</span> <span class='ocrx_word' id='word_1_240' title='bbox 3574 1951 3711 2008; x_wconf 83' lang='grc' dir='ltr'>ἀνα-</span> 
     </span>
    </p>
   </div>
   <div class='ocr_carea' id='block_1_36' title="bbox 284 2033 1947 2116">
    <p class='ocr_par' dir='ltr' id='par_1_36' title="bbox 284 2036 1944 2116">
     <span class='ocr_line' id='line_1_36' title="bbox 284 2036 1944 2116; baseline -0.005 -15"><span class='ocrx_word' id='word_1_241' title='bbox 284 2044 465 2102; x_wconf 82' lang='lat' dir='ltr'>ﬁdem</span> <span class='ocrx_word' id='word_1_242' title='bbox 497 2060 566 2099; x_wconf 91' lang='lat' dir='ltr'>ac</span> <span class='ocrx_word' id='word_1_243' title='bbox 596 2042 880 2116; x_wconf 90' lang='lat' dir='ltr'>Spiritum</span> <span class='ocrx_word' id='word_1_244' title='bbox 902 2039 1447 2098; x_wconf 86' lang='lat' dir='ltr'>demonstrationes</span> <span class='ocrx_word' id='word_1_245' title='bbox 1469 2036 1694 2093; x_wconf 88' lang='lat' dir='ltr'>habent</span> <span class='ocrx_word' id='word_1_246' title='bbox 1715 2052 1785 2092; x_wconf 88' lang='lat' dir='ltr'>ea</span> <span class='ocrx_word' id='word_1_247' title='bbox 1810 2052 1944 2108; x_wconf 81' lang='lat' dir='ltr'>quae</span> 
     </span>
    </p>
   </div>
   <div class='ocr_carea' id='block_1_37' title="bbox 2053 2033 3712 2116">
    <p class='ocr_par' dir='ltr' id='par_1_37' title="bbox 2053 2033 3712 2115">
     <span class='ocr_line' id='line_1_37' title="bbox 2053 2033 3712 2115; baseline 0.006 -27"><span class='ocrx_word' id='word_1_248' title='bbox 2053 2033 2307 2109; x_wconf 86' lang='grc' dir='ltr'>κρίνεται,</span> <span class='ocrx_word' id='word_1_249' title='bbox 2334 2035 2608 2094; x_wconf 75' lang='grc' dir='ltr'>τουτέστιν</span> <span class='ocrx_word' id='word_1_250' title='bbox 2653 2037 2736 2094; x_wconf 75' lang='grc' dir='ltr'>ὅτι</span> <span class='ocrx_word' id='word_1_251' title='bbox 2796 2036 2885 2095; x_wconf 78' lang='grc' dir='ltr'>διὰ</span> <span class='ocrx_word' id='word_1_252' title='bbox 2942 2040 3174 2104; x_wconf 85' lang='grc' dir='ltr'>πίστεως</span> <span class='ocrx_word' id='word_1_253' title='bbox 3230 2040 3324 2097; x_wconf 83' lang='grc' dir='ltr'>καὶ</span> <span class='ocrx_word' id='word_1_254' title='bbox 3383 2040 3712 2115; x_wconf 73' lang='grc' dir='ltr'>ΙΙνεῦματος</span> 
     </span>
    </p>
   </div>
   <div class='ocr_carea' id='block_1_38' title="bbox 284 2125 1943 2203">
    <p class='ocr_par' dir='ltr' id='par_1_38' title="bbox 284 2125 1943 2203">
     <span class='ocr_line' id='line_1_38' title="bbox 284 2125 1943 2203; baseline -0.006 -13"><span class='ocrx_word' id='word_1_255' title='bbox 284 2134 486 2190; x_wconf 88' lang='lat' dir='ltr'>divina</span> <span class='ocrx_word' id='word_1_256' title='bbox 520 2138 678 2189; x_wconf 90' lang='lat' dir='ltr'>sunt.</span> <span class='ocrx_word' id='word_1_257' title='bbox 713 2153 742 2183; x_wconf 88' lang='grc'><strong>‹‹</strong></span> <span class='ocrx_word' id='word_1_258' title='bbox 775 2132 1057 2189; x_wconf 83' lang='lat' dir='ltr'>Universa</span> <span class='ocrx_word' id='word_1_259' title='bbox 1087 2130 1328 2203; x_wconf 91' lang='lat' dir='ltr'>quidem</span> <span class='ocrx_word' id='word_1_260' title='bbox 1359 2127 1667 2201; x_wconf 81' lang='lat' dir='ltr'>dijudicat.</span> <span class='ocrx_word' id='word_1_261' title='bbox 1698 2150 1720 2179; x_wconf 80' lang='grc' dir='ltr'>ι</span> <span class='ocrx_word' id='word_1_262' title='bbox 1760 2125 1943 2198; x_wconf 80' lang='lat' dir='ltr'>Spiri-</span> 
     </span>
    </p>
   </div>
   <div class='ocr_carea' id='block_1_39' title="bbox 281 2215 1947 2296">
    <p class='ocr_par' dir='ltr' id='par_1_39' title="bbox 281 2215 1947 2296">
     <span class='ocr_line' id='line_1_39' title="bbox 281 2215 1947 2296; baseline -0.006 -16"><span class='ocrx_word' id='word_1_263' title='bbox 281 2224 483 2285; x_wconf 83' lang='lat' dir='ltr'>tualis,</span> <span class='ocrx_word' id='word_1_264' title='bbox 518 2223 734 2296; x_wconf 85' lang='lat' dir='ltr'>inquit.</span> <span class='ocrx_word' id='word_1_265' title='bbox 766 2221 1025 2279; x_wconf 83' lang='lat' dir='ltr'>ﬁdeliter</span> <span class='ocrx_word' id='word_1_266' title='bbox 1053 2223 1320 2278; x_wconf 90' lang='lat' dir='ltr'>intuetur</span> <span class='ocrx_word' id='word_1_267' title='bbox 1345 2218 1548 2277; x_wconf 87' lang='lat' dir='ltr'>omnia</span> <span class='ocrx_word' id='word_1_268' title='bbox 1573 2234 1641 2274; x_wconf 90' lang='lat' dir='ltr'>ac</span> <span class='ocrx_word' id='word_1_269' title='bbox 1664 2215 1947 2289; x_wconf 83' lang='lat' dir='ltr'>intelligit</span> 
     </span>
    </p>
   </div>
   <div class='ocr_carea' id='block_1_40' title="bbox 280 2306 1945 2387">
    <p class='ocr_par' dir='ltr' id='par_1_40' title="bbox 280 2306 1945 2387">
     <span class='ocr_line' id='line_1_40' title="bbox 280 2306 1945 2387; baseline -0.007 -14"><span class='ocrx_word' id='word_1_270' title='bbox 280 2314 580 2381; x_wconf 86' lang='lat' dir='ltr'>universa,</span> <span class='ocrx_word' id='word_1_271' title='bbox 615 2320 673 2370; x_wconf 91' lang='lat' dir='ltr'>et</span> <span class='ocrx_word' id='word_1_272' title='bbox 700 2330 830 2386; x_wconf 77' lang='lat' dir='ltr'>qum</span> <span class='ocrx_word' id='word_1_273' title='bbox 860 2311 1103 2387; x_wconf 87' lang='lat' dir='ltr'>prepria</span> <span class='ocrx_word' id='word_1_274' title='bbox 1133 2316 1275 2368; x_wconf 89' lang='lat' dir='ltr'>sunt</span> <span class='ocrx_word' id='word_1_275' title='bbox 1312 2316 1372 2366; x_wconf 88' lang='lat' dir='ltr'>et</span> <span class='ocrx_word' id='word_1_276' title='bbox 1399 2326 1532 2383; x_wconf 62' lang='lat' dir='ltr'>quae</span> <span class='ocrx_word' id='word_1_277' title='bbox 1564 2306 1903 2363; x_wconf 84' lang='lat' dir='ltr'>inﬁdelium</span> <span class='ocrx_word' id='word_1_278' title='bbox 1930 2306 1945 2347; x_wconf 71' lang='grc'>³</span> 
     </span>
    </p>
   </div>
   <div class='ocr_carea' id='block_1_41' title="bbox 284 2394 1948 2477">
    <p class='ocr_par' dir='ltr' id='par_1_41' title="bbox 284 2394 1948 2477">
     <span class='ocr_line' id='line_1_41' title="bbox 284 2394 1948 2477; baseline -0.005 -17"><span class='ocrx_word' id='word_1_279' title='bbox 284 2420 415 2477; x_wconf 68' lang='lat' dir='ltr'>qua)</span> <span class='ocrx_word' id='word_1_280' title='bbox 456 2409 657 2459; x_wconf 87' lang='lat' dir='ltr'>autem</span> <span class='ocrx_word' id='word_1_281' title='bbox 683 2403 871 2475; x_wconf 89' lang='lat' dir='ltr'>ipsius</span> <span class='ocrx_word' id='word_1_282' title='bbox 904 2409 1063 2471; x_wconf 88' lang='lat' dir='ltr'>sunt,</span> <span class='ocrx_word' id='word_1_283' title='bbox 1087 2399 1381 2459; x_wconf 89' lang='lat' dir='ltr'>increduli</span> <span class='ocrx_word' id='word_1_284' title='bbox 1400 2402 1709 2472; x_wconf 88' lang='lat' dir='ltr'>nequeunt</span> <span class='ocrx_word' id='word_1_285' title='bbox 1731 2394 1948 2452; x_wconf 90' lang='lat' dir='ltr'>intelli-</span> 
     </span>
    </p>
   </div>
   <div class='ocr_carea' id='block_1_42' title="bbox 291 2490 1947 2569">
    <p class='ocr_par' dir='ltr' id='par_1_42' title="bbox 291 2490 1947 2569">
     <span class='ocr_line' id='line_1_42' title="bbox 291 2490 1947 2569; baseline -0.003 -19"><span class='ocrx_word' id='word_1_286' title='bbox 291 2511 449 2569; x_wconf 83' lang='lat' dir='ltr'>gere.</span> <span class='ocrx_word' id='word_1_287' title='bbox 483 2496 629 2551; x_wconf 85' lang='lat' dir='ltr'>Nam</span> <span class='ocrx_word' id='word_1_288' title='bbox 686 2495 800 2552; x_wconf 89' lang='lat' dir='ltr'>hoc</span> <span class='ocrx_word' id='word_1_289' title='bbox 858 2499 968 2565; x_wconf 90' lang='lat' dir='ltr'>est,</span> <span class='ocrx_word' id='word_1_290' title='bbox 1028 2493 1186 2566; x_wconf 89' lang='lat' dir='ltr'>quod</span> <span class='ocrx_word' id='word_1_291' title='bbox 1243 2493 1372 2550; x_wconf 88' lang='lat' dir='ltr'>ait:</span> <span class='ocrx_word' id='word_1_292' title='bbox 1432 2513 1461 2543; x_wconf 84' lang='lat'>«</span> <span class='ocrx_word' id='word_1_293' title='bbox 1495 2490 1624 2562; x_wconf 89' lang='lat' dir='ltr'>Ipse</span> <span class='ocrx_word' id='word_1_294' title='bbox 1682 2494 1880 2545; x_wconf 82' lang='lat' dir='ltr'>autem</span> <span class='ocrx_word' id='word_1_295' title='bbox 1911 2503 1947 2545; x_wconf 76' lang='grc' dir='ltr'>θ.</span> 
     </span>
    </p>
   </div>
   <div class='ocr_carea' id='block_1_43' title="bbox 288 2577 1943 2656">
    <p class='ocr_par' dir='ltr' id='par_1_43' title="bbox 288 2577 1943 2656">
     <span class='ocr_line' id='line_1_43' title="bbox 288 2577 1943 2656; baseline -0.004 -16"><span class='ocrx_word' id='word_1_296' title='bbox 288 2584 531 2640; x_wconf 89' lang='lat' dir='ltr'>nemine</span> <span class='ocrx_word' id='word_1_297' title='bbox 557 2583 938 2656; x_wconf 86' lang='lat' dir='ltr'>dijudicatur.</span> <span class='ocrx_word' id='word_1_298' title='bbox 974 2608 1003 2633; x_wconf 74' lang='grc' dir='ltr'>ι»</span> <span class='ocrx_word' id='word_1_299' title='bbox 1034 2581 1342 2649; x_wconf 89' lang='lat' dir='ltr'>Quomodo</span> <span class='ocrx_word' id='word_1_300' title='bbox 1387 2580 1569 2655; x_wconf 78' lang='lat' dir='ltr'>igitur</span> <span class='ocrx_word' id='word_1_301' title='bbox 1606 2577 1797 2635; x_wconf 84' lang='lat' dir='ltr'>ﬁdelis</span> <span class='ocrx_word' id='word_1_302' title='bbox 1827 2594 1943 2634; x_wconf 91' lang='lat' dir='ltr'>no-</span> 
     </span>
    </p>
   </div>
   <div class='ocr_carea' id='block_1_44' title="bbox 285 2667 1940 2744">
    <p class='ocr_par' dir='ltr' id='par_1_44' title="bbox 285 2667 1940 2744">
     <span class='ocr_line' id='line_1_44' title="bbox 285 2667 1940 2744; baseline -0.002 -16"><span class='ocrx_word' id='word_1_303' title='bbox 285 2675 369 2730; x_wconf 89' lang='lat' dir='ltr'>vit</span> <span class='ocrx_word' id='word_1_304' title='bbox 399 2673 639 2730; x_wconf 88' lang='lat' dir='ltr'>omnia?</span> <span class='ocrx_word' id='word_1_305' title='bbox 657 2674 948 2740; x_wconf 85' lang='lat' dir='ltr'>Quoniam</span> <span class='ocrx_word' id='word_1_306' title='bbox 975 2672 1294 2744; x_wconf 85' lang='lat' dir='ltr'>praesentia</span> <span class='ocrx_word' id='word_1_307' title='bbox 1317 2670 1558 2742; x_wconf 90' lang='lat' dir='ltr'>quidem</span> <span class='ocrx_word' id='word_1_308' title='bbox 1580 2667 1760 2731; x_wconf 86' lang='lat' dir='ltr'>novit,</span> <span class='ocrx_word' id='word_1_309' title='bbox 1791 2667 1940 2724; x_wconf 74' lang='lat'>487</span> 
     </span>
    </p>
   </div>
   <div class='ocr_carea' id='block_1_45' title="bbox 282 2758 1943 2838">
    <p class='ocr_par' dir='ltr' id='par_1_45' title="bbox 282 2758 1943 2838">
     <span class='ocr_line' id='line_1_45' title="bbox 282 2758 1943 2838; baseline -0.005 -18"><span class='ocrx_word' id='word_1_310' title='bbox 282 2765 447 2838; x_wconf 90' lang='lat' dir='ltr'>quod</span> <span class='ocrx_word' id='word_1_311' title='bbox 482 2763 763 2821; x_wconf 85' lang='lat' dir='ltr'>videlicet</span> <span class='ocrx_word' id='word_1_312' title='bbox 792 2762 1017 2819; x_wconf 88' lang='lat' dir='ltr'>caduca</span> <span class='ocrx_word' id='word_1_313' title='bbox 1046 2763 1169 2818; x_wconf 87' lang='lat' dir='ltr'>sint</span> <span class='ocrx_word' id='word_1_314' title='bbox 1197 2766 1256 2817; x_wconf 90' lang='lat' dir='ltr'>et</span> <span class='ocrx_word' id='word_1_315' title='bbox 1283 2760 1538 2834; x_wconf 80' lang='lat' dir='ltr'>fragilia,</span> <span class='ocrx_word' id='word_1_316' title='bbox 1571 2758 1772 2813; x_wconf 87' lang='lat' dir='ltr'>futura</span> <span class='ocrx_word' id='word_1_317' title='bbox 1808 2772 1943 2812; x_wconf 88' lang='lat' dir='ltr'>vero</span> 
     </span>
    </p>
   </div>
   <div class='ocr_carea' id='block_1_46' title="bbox 283 2848 1943 2928">
    <p class='ocr_par' dir='ltr' id='par_1_46' title="bbox 283 2848 1943 2928">
     <span class='ocr_line' id='line_1_46' title="bbox 283 2848 1943 2928; baseline -0.007 -16"><span class='ocrx_word' id='word_1_318' title='bbox 283 2854 468 2921; x_wconf 88' lang='lat' dir='ltr'>novit,</span> <span class='ocrx_word' id='word_1_319' title='bbox 495 2870 712 2928; x_wconf 89' lang='lat' dir='ltr'>nempe</span> <span class='ocrx_word' id='word_1_320' title='bbox 740 2852 901 2927; x_wconf 91' lang='lat' dir='ltr'>quod</span> <span class='ocrx_word' id='word_1_321' title='bbox 930 2852 1170 2909; x_wconf 88' lang='lat' dir='ltr'>stabilia</span> <span class='ocrx_word' id='word_1_322' title='bbox 1200 2852 1319 2907; x_wconf 89' lang='lat' dir='ltr'>sint</span> <span class='ocrx_word' id='word_1_323' title='bbox 1348 2857 1408 2907; x_wconf 89' lang='lat' dir='ltr'>et</span> <span class='ocrx_word' id='word_1_324' title='bbox 1455 2856 1701 2906; x_wconf 84' lang='lat' dir='ltr'>aeterna.</span> <span class='ocrx_word' id='word_1_325' title='bbox 1736 2848 1943 2902; x_wconf 87' lang='lat' dir='ltr'>Incre-</span> 
     </span>
    </p>
   </div>
   <div class='ocr_carea' id='block_1_47' title="bbox 283 2935 1947 3018">
    <p class='ocr_par' dir='ltr' id='par_1_47' title="bbox 283 2935 1947 3018">
     <span class='ocr_line' id='line_1_47' title="bbox 283 2935 1947 3018; baseline -0.004 -19"><span class='ocrx_word' id='word_1_326' title='bbox 283 2943 460 3000; x_wconf 88' lang='lat' dir='ltr'>dulus</span> <span class='ocrx_word' id='word_1_327' title='bbox 491 2950 690 3000; x_wconf 90' lang='lat' dir='ltr'>autem</span> <span class='ocrx_word' id='word_1_328' title='bbox 740 2959 937 3018; x_wconf 89' lang='lat' dir='ltr'>neque</span> <span class='ocrx_word' id='word_1_329' title='bbox 996 2942 1317 3016; x_wconf 74' lang='lat' dir='ltr'>praasentia</span> <span class='ocrx_word' id='word_1_330' title='bbox 1367 2940 1532 2997; x_wconf 86' lang='lat' dir='ltr'>novit</span> <span class='ocrx_word' id='word_1_331' title='bbox 1577 2935 1947 3011; x_wconf 82' lang='lat' dir='ltr'>(magnifacit</span> 
     </span>
    </p>
   </div>
   <div class='ocr_carea' id='block_1_48' title="bbox 284 3030 1947 3107">
    <p class='ocr_par' dir='ltr' id='par_1_48' title="bbox 284 3030 1947 3107">
     <span class='ocr_line' id='line_1_48' title="bbox 284 3030 1947 3107; baseline -0.005 -16"><span class='ocrx_word' id='word_1_332' title='bbox 284 3034 446 3091; x_wconf 91' lang='lat' dir='ltr'>enim</span> <span class='ocrx_word' id='word_1_333' title='bbox 478 3035 607 3107; x_wconf 90' lang='lat' dir='ltr'>ipsa</span> <span class='ocrx_word' id='word_1_334' title='bbox 637 3050 771 3091; x_wconf 91' lang='lat' dir='ltr'>cum</span> <span class='ocrx_word' id='word_1_335' title='bbox 806 3032 959 3090; x_wconf 91' lang='lat' dir='ltr'>nihil</span> <span class='ocrx_word' id='word_1_336' title='bbox 993 3033 1134 3101; x_wconf 89' lang='lat' dir='ltr'>sint)</span> <span class='ocrx_word' id='word_1_337' title='bbox 1177 3048 1373 3104; x_wconf 91' lang='lat' dir='ltr'>neque</span> <span class='ocrx_word' id='word_1_338' title='bbox 1419 3030 1640 3098; x_wconf 84' lang='lat' dir='ltr'>futura,</span> <span class='ocrx_word' id='word_1_339' title='bbox 1689 3043 1825 3084; x_wconf 91' lang='lat' dir='ltr'>nam</span> <span class='ocrx_word' id='word_1_340' title='bbox 1877 3041 1947 3082; x_wconf 94' lang='lat' dir='ltr'>ea</span> 
     </span>
    </p>
   </div>
   <div class='ocr_carea' id='block_1_49' title="bbox 282 3120 1944 3197">
    <p class='ocr_par' dir='ltr' id='par_1_49' title="bbox 282 3120 1944 3197">
     <span class='ocr_line' id='line_1_49' title="bbox 282 3120 1944 3197; baseline -0.007 -15"><span class='ocrx_word' id='word_1_341' title='bbox 282 3142 358 3182; x_wconf 89' lang='lat' dir='ltr'>ne</span> <span class='ocrx_word' id='word_1_342' title='bbox 388 3142 516 3182; x_wconf 90' lang='lat' dir='ltr'>esse</span> <span class='ocrx_word' id='word_1_343' title='bbox 530 3125 773 3197; x_wconf 87' lang='lat' dir='ltr'>quidem</span> <span class='ocrx_word' id='word_1_344' title='bbox 789 3124 1000 3182; x_wconf 87' lang='lat' dir='ltr'>credit.</span> <span class='ocrx_word' id='word_1_345' title='bbox 1016 3147 1041 3175; x_wconf 82' lang='lat'><strong>«</strong></span> <span class='ocrx_word' id='word_1_346' title='bbox 1060 3124 1203 3190; x_wconf 90' lang='lat' dir='ltr'>Quis</span> <span class='ocrx_word' id='word_1_347' title='bbox 1217 3123 1377 3180; x_wconf 90' lang='lat' dir='ltr'>enim</span> <span class='ocrx_word' id='word_1_348' title='bbox 1392 3120 1665 3195; x_wconf 87' lang='lat' dir='ltr'>cognovit</span> <span class='ocrx_word' id='word_1_349' title='bbox 1680 3123 1944 3175; x_wconf 88' lang='lat' dir='ltr'>mentem</span> 
     </span>
    </p>
   </div>
   <div class='ocr_carea' id='block_1_50' title="bbox 284 3212 1947 3284">
    <p class='ocr_par' dir='ltr' id='par_1_50' title="bbox 284 3212 1947 3284">
     <span class='ocr_line' id='line_1_50' title="bbox 284 3212 1947 3284; baseline -0.006 -10"><span class='ocrx_word' id='word_1_350' title='bbox 284 3218 538 3274; x_wconf 91' lang='lat' dir='ltr'>Domini.</span> <span class='ocrx_word' id='word_1_351' title='bbox 579 3241 605 3265; x_wconf 72' lang='grc' dir='ltr'><strong><em>υ</em></strong></span> <span class='ocrx_word' id='word_1_352' title='bbox 637 3219 826 3284; x_wconf 87' lang='lat' dir='ltr'>Quare</span> <span class='ocrx_word' id='word_1_353' title='bbox 859 3216 1123 3273; x_wconf 80' lang='lat' dir='ltr'>inﬁdelis</span> <span class='ocrx_word' id='word_1_354' title='bbox 1144 3216 1298 3272; x_wconf 90' lang='lat' dir='ltr'>nihil</span> <span class='ocrx_word' id='word_1_355' title='bbox 1317 3216 1482 3273; x_wconf 91' lang='lat' dir='ltr'>novit</span> <span class='ocrx_word' id='word_1_356' title='bbox 1506 3214 1534 3270; x_wconf 83' lang='lat'><strong>?</strong></span> <span class='ocrx_word' id='word_1_357' title='bbox 1557 3214 1701 3271; x_wconf 85' lang='lat' dir='ltr'>Nam</span> <span class='ocrx_word' id='word_1_358' title='bbox 1727 3213 1837 3267; x_wconf 92' lang='lat' dir='ltr'>hoc</span> <span class='ocrx_word' id='word_1_359' title='bbox 1856 3212 1947 3265; x_wconf 88' lang='lat' dir='ltr'>est</span> 
     </span>
    </p>
   </div>
   <div class='ocr_carea' id='block_1_51' title="bbox 2050 2124 3710 2208">
    <p class='ocr_par' dir='ltr' id='par_1_51' title="bbox 2050 2124 3710 2208">
     <span class='ocr_line' id='line_1_51' title="bbox 2050 2124 3710 2208; baseline 0.005 -29"><span class='ocrx_word' id='word_1_360' title='bbox 2050 2125 2147 2188; x_wconf 83' lang='grc' dir='ltr'>τὰς</span> <span class='ocrx_word' id='word_1_361' title='bbox 2223 2124 2522 2197; x_wconf 77' lang='grc' dir='ltr'>ἀποδείξεις</span> <span class='ocrx_word' id='word_1_362' title='bbox 2595 2124 2715 2204; x_wconf 66' lang='grc' dir='ltr'>ἔχει</span> <span class='ocrx_word' id='word_1_363' title='bbox 2789 2129 2854 2185; x_wconf 83' lang='grc' dir='ltr'>τὰ</span> <span class='ocrx_word' id='word_1_364' title='bbox 2931 2134 3068 2195; x_wconf 85' lang='grc' dir='ltr'>θεῖα.</span> <span class='ocrx_word' id='word_1_365' title='bbox 3149 2154 3177 2183; x_wconf 85' lang='grc' dir='ltr'>ι(</span> <span class='ocrx_word' id='word_1_366' title='bbox 3230 2132 3529 2208; x_wconf 84' lang='grc' dir='ltr'>Ἀνακρίνει</span> <span class='ocrx_word' id='word_1_367' title='bbox 3609 2131 3710 2206; x_wconf 75' lang='grc' dir='ltr'>μὶν</span> 
     </span>
    </p>
   </div>
   <div class='ocr_carea' id='block_1_52' title="bbox 2052 2215 3712 2298">
    <p class='ocr_par' dir='ltr' id='par_1_52' title="bbox 2052 2215 3712 2298">
     <span class='ocr_line' id='line_1_52' title="bbox 2052 2215 3712 2298; baseline 0.003 -27"><span class='ocrx_word' id='word_1_368' title='bbox 2052 2215 2248 2273; x_wconf 75' lang='grc' dir='ltr'>πάντα.</span> <span class='ocrx_word' id='word_1_369' title='bbox 2283 2240 2305 2271; x_wconf 77' lang='grc' dir='ltr'>ι</span> <span class='ocrx_word' id='word_1_370' title='bbox 2337 2216 2398 2273; x_wconf 73' lang='grc'>⁸0</span> <span class='ocrx_word' id='word_1_371' title='bbox 2450 2219 2837 2291; x_wconf 81' lang='grc' dir='ltr'>πνευματικὸς,</span> <span class='ocrx_word' id='word_1_372' title='bbox 2896 2221 3051 2298; x_wconf 72' lang='grc' dir='ltr'>φησὶ,</span> <span class='ocrx_word' id='word_1_373' title='bbox 3107 2225 3318 2283; x_wconf 87' lang='grc' dir='ltr'>πιστῶς</span> <span class='ocrx_word' id='word_1_374' title='bbox 3375 2224 3476 2293; x_wconf 83' lang='grc' dir='ltr'>ὁρᾷ</span> <span class='ocrx_word' id='word_1_375' title='bbox 3530 2218 3712 2279; x_wconf 67' lang='grc' dir='ltr'>πάντα</span> 
     </span>
    </p>
   </div>
   <div class='ocr_carea' id='block_1_53' title="bbox 2051 2307 3715 2380">
    <p class='ocr_par' dir='ltr' id='par_1_53' title="bbox 2051 2307 3715 2380">
     <span class='ocr_line' id='line_1_53' title="bbox 2051 2307 3715 2380; baseline 0.002 -17"><span class='ocrx_word' id='word_1_376' title='bbox 2051 2307 2142 2363; x_wconf 84' lang='grc' dir='ltr'>καὶ</span> <span class='ocrx_word' id='word_1_377' title='bbox 2172 2312 2288 2363; x_wconf 87' lang='grc' dir='ltr'>νοεῖ</span> <span class='ocrx_word' id='word_1_378' title='bbox 2315 2307 2504 2380; x_wconf 80' lang='grc' dir='ltr'>πάντα,</span> <span class='ocrx_word' id='word_1_379' title='bbox 2533 2308 2623 2365; x_wconf 81' lang='grc' dir='ltr'>καὶ</span> <span class='ocrx_word' id='word_1_380' title='bbox 2651 2310 2717 2365; x_wconf 83' lang='grc' dir='ltr'>τά</span> <span class='ocrx_word' id='word_1_381' title='bbox 2746 2308 2859 2365; x_wconf 75' lang='grc' dir='ltr'>ἴδια</span> <span class='ocrx_word' id='word_1_382' title='bbox 2887 2310 2978 2367; x_wconf 87' lang='grc' dir='ltr'>καὶ</span> <span class='ocrx_word' id='word_1_383' title='bbox 3033 2310 3100 2367; x_wconf 87' lang='grc' dir='ltr'>τά</span> <span class='ocrx_word' id='word_1_384' title='bbox 3147 2316 3256 2367; x_wconf 85' lang='grc' dir='ltr'>τῶν</span> <span class='ocrx_word' id='word_1_385' title='bbox 3310 2310 3573 2368; x_wconf 81' lang='grc' dir='ltr'>ἀπίστων.</span> <span class='ocrx_word' id='word_1_386' title='bbox 3623 2311 3715 2371; x_wconf 76' lang='grc' dir='ltr'>Τὰ</span> 
     </span>
    </p>
   </div>
   <div class='ocr_carea' id='block_1_54' title="bbox 2054 2394 3713 2473">
    <p class='ocr_par' dir='ltr' id='par_1_54' title="bbox 2054 2394 3713 2473">
     <span class='ocr_line' id='line_1_54' title="bbox 2054 2394 3713 2473; baseline 0.004 -20"><span class='ocrx_word' id='word_1_387' title='bbox 2054 2394 2114 2453; x_wconf 76' lang='grc' dir='ltr'>δέ</span> <span class='ocrx_word' id='word_1_388' title='bbox 2140 2417 2201 2473; x_wconf 86' lang='grc' dir='ltr'>γε</span> <span class='ocrx_word' id='word_1_389' title='bbox 2230 2397 2420 2468; x_wconf 83' lang='grc' dir='ltr'>αὐτοῦ,</span> <span class='ocrx_word' id='word_1_390' title='bbox 2453 2399 2507 2453; x_wconf 76' lang='grc' dir='ltr'>οἱ</span> <span class='ocrx_word' id='word_1_391' title='bbox 2535 2397 2755 2455; x_wconf 76' lang='grc' dir='ltr'>ἄπιστοι</span> <span class='ocrx_word' id='word_1_392' title='bbox 2788 2397 2986 2456; x_wconf 73' lang='grc' dir='ltr'>εἰδέναι</span> <span class='ocrx_word' id='word_1_393' title='bbox 3026 2401 3089 2457; x_wconf 81' lang='grc' dir='ltr'>οὐ</span> <span class='ocrx_word' id='word_1_394' title='bbox 3149 2398 3414 2459; x_wconf 81' lang='grc' dir='ltr'>δύνανται.</span> <span class='ocrx_word' id='word_1_395' title='bbox 3451 2425 3480 2454; x_wconf 79' lang='grc' dir='ltr'>ιι</span> <span class='ocrx_word' id='word_1_396' title='bbox 3527 2403 3713 2460; x_wconf 80' lang='grc' dir='ltr'>Τοῦτο</span> 
     </span>
    </p>
   </div>
   <div class='ocr_carea' id='block_1_55' title="bbox 2050 2486 3715 2567">
    <p class='ocr_par' dir='ltr' id='par_1_55' title="bbox 2050 2486 3715 2567">
     <span class='ocr_line' id='line_1_55' title="bbox 2050 2486 3715 2567; baseline 0.004 -27"><span class='ocrx_word' id='word_1_397' title='bbox 2050 2486 2151 2563; x_wconf 76' lang='grc' dir='ltr'>γάρ</span> <span class='ocrx_word' id='word_1_398' title='bbox 2181 2486 2348 2558; x_wconf 69' lang='grc' dir='ltr'>ἐστιν,</span> <span class='ocrx_word' id='word_1_399' title='bbox 2376 2487 2535 2552; x_wconf 78' lang='grc' dir='ltr'>αὐτὸς</span> <span class='ocrx_word' id='word_1_400' title='bbox 2567 2486 2625 2547; x_wconf 76' lang='grc' dir='ltr'>δὲ</span> <span class='ocrx_word' id='word_1_401' title='bbox 2682 2489 2771 2547; x_wconf 85' lang='grc' dir='ltr'>ὑπ’</span> <span class='ocrx_word' id='word_1_402' title='bbox 2829 2487 3049 2556; x_wconf 83' lang='grc' dir='ltr'>οὐδενὸς</span> <span class='ocrx_word' id='word_1_403' title='bbox 3106 2491 3464 2567; x_wconf 85' lang='grc' dir='ltr'>ἀνακρίνεται.</span> <span class='ocrx_word' id='word_1_404' title='bbox 3501 2517 3530 2547; x_wconf 90' lang='grc'>››</span> <span class='ocrx_word' id='word_1_405' title='bbox 3581 2493 3715 2555; x_wconf 84' lang='grc' dir='ltr'>Πῶς</span> 
     </span>
    </p>
   </div>
   <div class='ocr_carea' id='block_1_56' title="bbox 2053 2578 3710 2659">
    <p class='ocr_par' dir='ltr' id='par_1_56' title="bbox 2053 2578 3710 2659">
     <span class='ocr_line' id='line_1_56' title="bbox 2053 2578 3710 2659; baseline 0.004 -26"><span class='ocrx_word' id='word_1_406' title='bbox 2053 2578 2144 2633; x_wconf 86' lang='grc' dir='ltr'>οῦν</span> <span class='ocrx_word' id='word_1_407' title='bbox 2178 2579 2206 2635; x_wconf 99' lang='lat'>6</span> <span class='ocrx_word' id='word_1_408' title='bbox 2237 2579 2427 2641; x_wconf 77' lang='grc' dir='ltr'>πιστὸς</span> <span class='ocrx_word' id='word_1_409' title='bbox 2457 2582 2627 2635; x_wconf 76' lang='grc' dir='ltr'>πάντα</span> <span class='ocrx_word' id='word_1_410' title='bbox 2680 2578 2868 2652; x_wconf 76' lang='grc' dir='ltr'>οἶδενς</span> <span class='ocrx_word' id='word_1_411' title='bbox 2931 2580 3118 2653; x_wconf 79' lang='grc' dir='ltr'>ἐπειδὴ</span> <span class='ocrx_word' id='word_1_412' title='bbox 3181 2582 3296 2640; x_wconf 79' lang='grc' dir='ltr'>οἶδε</span> <span class='ocrx_word' id='word_1_413' title='bbox 3356 2583 3451 2659; x_wconf 80' lang='grc' dir='ltr'>μὶν</span> <span class='ocrx_word' id='word_1_414' title='bbox 3507 2583 3573 2641; x_wconf 79' lang='grc' dir='ltr'>τὰ</span> <span class='ocrx_word' id='word_1_415' title='bbox 3621 2583 3710 2639; x_wconf 79' lang='grc' dir='ltr'>ἐν·</span> 
     </span>
    </p>
   </div>
   <div class='ocr_carea' id='block_1_57' title="bbox 2052 2669 3712 2747">
    <p class='ocr_par' dir='ltr' id='par_1_57' title="bbox 2052 2669 3712 2747">
     <span class='ocr_line' id='line_1_57' title="bbox 2052 2669 3712 2747; baseline 0.002 -22"><span class='ocrx_word' id='word_1_416' title='bbox 2052 2672 2243 2737; x_wconf 72' lang='grc' dir='ltr'>ταῦθα,</span> <span class='ocrx_word' id='word_1_417' title='bbox 2274 2669 2357 2725; x_wconf 79' lang='grc' dir='ltr'>ὅτι</span> <span class='ocrx_word' id='word_1_418' title='bbox 2392 2670 2563 2745; x_wconf 82' lang='grc' dir='ltr'>σαθρά</span> <span class='ocrx_word' id='word_1_419' title='bbox 2593 2670 2681 2727; x_wconf 83' lang='grc' dir='ltr'>καὶ</span> <span class='ocrx_word' id='word_1_420' title='bbox 2706 2670 2964 2747; x_wconf 77' lang='grc' dir='ltr'>ἐπίκηρα,</span> <span class='ocrx_word' id='word_1_421' title='bbox 3020 2671 3135 2729; x_wconf 82' lang='grc' dir='ltr'>οἵδε</span> <span class='ocrx_word' id='word_1_422' title='bbox 3193 2672 3251 2730; x_wconf 78' lang='grc' dir='ltr'>δὶ</span> <span class='ocrx_word' id='word_1_423' title='bbox 3304 2676 3374 2730; x_wconf 75' lang='grc' dir='ltr'>τὰ</span> <span class='ocrx_word' id='word_1_424' title='bbox 3424 2673 3556 2742; x_wconf 79' lang='grc' dir='ltr'>ἐκεῖ,</span> <span class='ocrx_word' id='word_1_425' title='bbox 3617 2674 3712 2731; x_wconf 83' lang='grc' dir='ltr'>’ὁτι</span> 
     </span>
    </p>
   </div>
   <div class='ocr_carea' id='block_1_58' title="bbox 2059 2756 3717 2840">
    <p class='ocr_par' dir='ltr' id='par_1_58' title="bbox 2059 2756 3717 2840">
     <span class='ocr_line' id='line_1_58' title="bbox 2059 2756 3717 2840; baseline 0.005 -29"><span class='ocrx_word' id='word_1_426' title='bbox 2059 2756 2264 2832; x_wconf 75' lang='grc' dir='ltr'>μόνιμα</span> <span class='ocrx_word' id='word_1_427' title='bbox 2294 2758 2385 2813; x_wconf 84' lang='grc' dir='ltr'>καὶ</span> <span class='ocrx_word' id='word_1_428' title='bbox 2419 2759 2635 2816; x_wconf 70' lang='grc' dir='ltr'>αἰώνια·</span> <span class='ocrx_word' id='word_1_429' title='bbox 2668 2763 2697 2817; x_wconf 88' lang='grc' dir='ltr'>ὁ</span> <span class='ocrx_word' id='word_1_430' title='bbox 2730 2759 2789 2818; x_wconf 79' lang='grc' dir='ltr'>δὲ</span> <span class='ocrx_word' id='word_1_431' title='bbox 2814 2784 2875 2840; x_wconf 90' lang='grc' dir='ltr'>γε</span> <span class='ocrx_word' id='word_1_432' title='bbox 2907 2761 3154 2831; x_wconf 79' lang='grc' dir='ltr'>ἃπιστος,</span> <span class='ocrx_word' id='word_1_433' title='bbox 3188 2761 3313 2820; x_wconf 75' lang='grc' dir='ltr'>οὐδὲ</span> <span class='ocrx_word' id='word_1_434' title='bbox 3367 2765 3435 2821; x_wconf 82' lang='grc' dir='ltr'>τὰ</span> <span class='ocrx_word' id='word_1_435' title='bbox 3482 2762 3717 2829; x_wconf 76' lang='grc' dir='ltr'>ἐνταῦθα</span> 
     </span>
    </p>
   </div>
   <div class='ocr_carea' id='block_1_59' title="bbox 2054 2842 3715 2929">
    <p class='ocr_par' dir='ltr' id='par_1_59' title="bbox 2054 2842 3715 2929">
     <span class='ocr_line' id='line_1_59' title="bbox 2054 2842 3715 2929; baseline 0.006 -28"><span class='ocrx_word' id='word_1_436' title='bbox 2054 2842 2215 2903; x_wconf 66' lang='grc' dir='ltr'>οῗόεν.</span> <span class='ocrx_word' id='word_1_437' title='bbox 2276 2847 2539 2922; x_wconf 86' lang='grc' dir='ltr'>(Ἠγεῖται</span> <span class='ocrx_word' id='word_1_438' title='bbox 2623 2850 2729 2925; x_wconf 84' lang='grc' dir='ltr'>γὰρ</span> <span class='ocrx_word' id='word_1_439' title='bbox 2814 2850 2950 2907; x_wconf 81' lang='grc' dir='ltr'>αὐτά</span> <span class='ocrx_word' id='word_1_440' title='bbox 3005 2850 3237 2929; x_wconf 82' lang='grc' dir='ltr'>μεγάλα,</span> <span class='ocrx_word' id='word_1_441' title='bbox 3297 2850 3457 2910; x_wconf 70' lang='grc' dir='ltr'>οὐδὲν</span> <span class='ocrx_word' id='word_1_442' title='bbox 3535 2850 3715 2929; x_wconf 81' lang='grc' dir='ltr'>ὅντα.)</span> 
     </span>
    </p>
   </div>
   <div class='ocr_carea' id='block_1_60' title="bbox 2055 2934 3716 3020">
    <p class='ocr_par' dir='ltr' id='par_1_60' title="bbox 2055 2934 3716 3020">
     <span class='ocr_line' id='line_1_60' title="bbox 2055 2934 3716 3020; baseline 0.005 -29"><span class='ocrx_word' id='word_1_443' title='bbox 2055 2934 2179 2992; x_wconf 61' lang='grc' dir='ltr'>οὐδὲ</span> <span class='ocrx_word' id='word_1_444' title='bbox 2209 2936 2275 2992; x_wconf 83' lang='grc' dir='ltr'>τὰ</span> <span class='ocrx_word' id='word_1_445' title='bbox 2336 2935 2465 3009; x_wconf 79' lang='grc' dir='ltr'>ἐκεῖ,</span> <span class='ocrx_word' id='word_1_446' title='bbox 2524 2937 2741 2997; x_wconf 84' lang='grc' dir='ltr'>ἀπιστεί</span> <span class='ocrx_word' id='word_1_447' title='bbox 2774 2942 2875 3016; x_wconf 87' lang='grc' dir='ltr'>γάρ</span> <span class='ocrx_word' id='word_1_448' title='bbox 2935 2941 3144 3005; x_wconf 83' lang='grc' dir='ltr'>αὑτοῖς.</span> <span class='ocrx_word' id='word_1_449' title='bbox 3207 2966 3231 2997; x_wconf 76' lang='grc' dir='ltr'>α</span> <span class='ocrx_word' id='word_1_450' title='bbox 3265 2942 3360 3006; x_wconf 90' lang='grc' dir='ltr'>Τίς</span> <span class='ocrx_word' id='word_1_451' title='bbox 3417 2945 3519 3020; x_wconf 87' lang='grc' dir='ltr'>γάρ</span> <span class='ocrx_word' id='word_1_452' title='bbox 3565 2941 3716 3020; x_wconf 67' lang='grc' dir='ltr'>ἵγνω</span> 
     </span>
    </p>
   </div>
   <div class='ocr_carea' id='block_1_61' title="bbox 2052 3027 3715 3105">
    <p class='ocr_par' dir='ltr' id='par_1_61' title="bbox 2052 3027 3715 3105">
     <span class='ocr_line' id='line_1_61' title="bbox 2052 3027 3715 3105; baseline 0.006 -24"><span class='ocrx_word' id='word_1_453' title='bbox 2052 3029 2177 3082; x_wconf 82' lang='grc' dir='ltr'>νοῦν</span> <span class='ocrx_word' id='word_1_454' title='bbox 2205 3027 2428 3101; x_wconf 86' lang='grc' dir='ltr'>Κυρίου.</span> <span class='ocrx_word' id='word_1_455' title='bbox 2463 3051 2491 3082; x_wconf 82' lang='grc'><strong>››</strong></span> <span class='ocrx_word' id='word_1_456' title='bbox 2526 3029 2679 3085; x_wconf 87' lang='grc' dir='ltr'>Διατί</span> <span class='ocrx_word' id='word_1_457' title='bbox 2709 3027 2767 3086; x_wconf 66' lang='grc' dir='ltr'>δὲ</span> <span class='ocrx_word' id='word_1_458' title='bbox 2798 3032 2826 3086; x_wconf 93' lang='lat'>6</span> <span class='ocrx_word' id='word_1_459' title='bbox 2858 3030 3084 3096; x_wconf 79' lang='grc' dir='ltr'>ἄπιστος</span> <span class='ocrx_word' id='word_1_460' title='bbox 3114 3030 3269 3088; x_wconf 73' lang='grc' dir='ltr'>οὐδὲν</span> <span class='ocrx_word' id='word_1_461' title='bbox 3330 3031 3444 3089; x_wconf 78' lang='grc' dir='ltr'>οἶδε</span> <span class='ocrx_word' id='word_1_462' title='bbox 3476 3054 3490 3105; x_wconf 90' lang='lat'><strong>;</strong></span> <span class='ocrx_word' id='word_1_463' title='bbox 3547 3034 3715 3091; x_wconf 85' lang='grc' dir='ltr'>τοῦτό</span> 
     </span>
    </p>
   </div>
   <div class='ocr_carea' id='block_1_62' title="bbox 2055 3114 3716 3191">
    <p class='ocr_par' dir='ltr' id='par_1_62' title="bbox 2055 3114 3716 3191">
     <span class='ocr_line' id='line_1_62' title="bbox 2055 3114 3716 3191; baseline 0.006 -20"><span class='ocrx_word' id='word_1_464' title='bbox 2055 3114 2280 3175; x_wconf 77' lang='grc' dir='ltr'>ἐστιτό.</span> <span class='ocrx_word' id='word_1_465' title='bbox 2313 3116 2435 3189; x_wconf 88' lang='grc' dir='ltr'>Τίς,</span> <span class='ocrx_word' id='word_1_466' title='bbox 2492 3118 2611 3176; x_wconf 84' lang='grc' dir='ltr'>ἀντὶ</span> <span class='ocrx_word' id='word_1_467' title='bbox 2654 3124 2772 3191; x_wconf 87' lang='grc' dir='ltr'>τοῦ,</span> <span class='ocrx_word' id='word_1_468' title='bbox 2825 3119 3018 3185; x_wconf 79' lang='grc' dir='ltr'>Οὐδεὶς</span> <span class='ocrx_word' id='word_1_469' title='bbox 3075 3127 3185 3179; x_wconf 90' lang='grc' dir='ltr'>τῶν</span> <span class='ocrx_word' id='word_1_470' title='bbox 3242 3122 3485 3181; x_wconf 80' lang='grc' dir='ltr'>ἀπίστων</span> <span class='ocrx_word' id='word_1_471' title='bbox 3545 3121 3716 3186; x_wconf 76' lang='grc' dir='ltr'>οἶδεν.</span> 
     </span>
    </p>
   </div>
   <div class='ocr_carea' id='block_1_63' title="bbox 2051 3206 3148 3288">
    <p class='ocr_par' dir='ltr' id='par_1_63' title="bbox 2051 3206 3148 3288">
     <span class='ocr_line' id='line_1_63' title="bbox 2051 3206 3148 3288; baseline 0.006 -25"><span class='ocrx_word' id='word_1_472' title='bbox 2051 3208 2197 3276; x_wconf 87' lang='grc' dir='ltr'>Ὅτι,</span> <span class='ocrx_word' id='word_1_473' title='bbox 2230 3207 2415 3286; x_wconf 74' lang='grc' dir='ltr'>φησὶν,</span> <span class='ocrx_word' id='word_1_474' title='bbox 2457 3209 2557 3265; x_wconf 82' lang='grc' dir='ltr'>οὐκ</span> <span class='ocrx_word' id='word_1_475' title='bbox 2588 3206 2727 3286; x_wconf 82' lang='grc' dir='ltr'>ἔγνω</span> <span class='ocrx_word' id='word_1_476' title='bbox 2758 3215 2885 3269; x_wconf 89' lang='grc' dir='ltr'>νοῦν</span> <span class='ocrx_word' id='word_1_477' title='bbox 2915 3213 3148 3288; x_wconf 81' lang='grc' dir='ltr'>Κυρίου.</span> 
     </span>
    </p>
   </div>
   <div class='ocr_carea' id='block_1_64' title="bbox 286 3295 3286 3380">
    <p class='ocr_par' dir='ltr' id='par_1_64' title="bbox 286 3295 3286 3380">
     <span class='ocr_line' id='line_1_64' title="bbox 286 3295 3286 3380; baseline -0 -18"><span class='ocrx_word' id='word_1_478' title='bbox 286 3307 447 3380; x_wconf 88' lang='lat' dir='ltr'>quod</span> <span class='ocrx_word' id='word_1_479' title='bbox 477 3308 598 3372; x_wconf 86' lang='lat' dir='ltr'>ait;</span> <span class='ocrx_word' id='word_1_480' title='bbox 631 3307 793 3376; x_wconf 88' lang='lat' dir='ltr'>Quis,</span> <span class='ocrx_word' id='word_1_481' title='bbox 825 3306 886 3363; x_wconf 88' lang='lat' dir='ltr'>id</span> <span class='ocrx_word' id='word_1_482' title='bbox 918 3312 1027 3371; x_wconf 90' lang='lat' dir='ltr'>est,</span> <span class='ocrx_word' id='word_1_483' title='bbox 1060 3306 1263 3364; x_wconf 85' lang='lat' dir='ltr'>nullus</span> <span class='ocrx_word' id='word_1_484' title='bbox 1293 3304 1557 3362; x_wconf 87' lang='lat' dir='ltr'>inﬁdelis</span> <span class='ocrx_word' id='word_1_485' title='bbox 1589 3303 1753 3359; x_wconf 83' lang='lat' dir='ltr'>novit</span> <span class='ocrx_word' id='word_1_486' title='bbox 1779 3301 1806 3355; x_wconf 72' lang='lat'><strong>7</strong></span> <span class='ocrx_word' id='word_1_487' title='bbox 1836 3296 2002 3365; x_wconf 89' lang='lat' dir='ltr'>Quia,</span> <span class='ocrx_word' id='word_1_488' title='bbox 2036 3295 2252 3369; x_wconf 87' lang='lat' dir='ltr'>inquit,</span> <span class='ocrx_word' id='word_1_489' title='bbox 2284 3315 2404 3355; x_wconf 92' lang='lat' dir='ltr'>non</span> <span class='ocrx_word' id='word_1_490' title='bbox 2437 3302 2711 3373; x_wconf 85' lang='lat' dir='ltr'>cognovit</span> <span class='ocrx_word' id='word_1_491' title='bbox 2729 3309 2990 3360; x_wconf 87' lang='lat' dir='ltr'>mentem</span> <span class='ocrx_word' id='word_1_492' title='bbox 3027 3303 3286 3363; x_wconf 88' lang='lat' dir='ltr'>Domini.</span> 
     </span>
    </p>
   </div>
   <div class='ocr_carea' id='block_1_65' title="bbox 356 3383 1947 3468">
    <p class='ocr_par' dir='ltr' id='par_1_65' title="bbox 356 3389 1939 3468">
     <span class='ocr_line' id='line_1_65' title="bbox 356 3389 1939 3468; baseline -0.003 -18"><span class='ocrx_word' id='word_1_493' title='bbox 356 3396 493 3452; x_wconf 84' lang='lat' dir='ltr'>Ideo</span> <span class='ocrx_word' id='word_1_494' title='bbox 527 3412 721 3468; x_wconf 88' lang='lat' dir='ltr'>neque</span> <span class='ocrx_word' id='word_1_495' title='bbox 753 3396 1101 3452; x_wconf 86' lang='lat' dir='ltr'>conciliabit</span> <span class='ocrx_word' id='word_1_496' title='bbox 1125 3412 1260 3453; x_wconf 90' lang='lat' dir='ltr'>eum</span> <span class='ocrx_word' id='word_1_497' title='bbox 1293 3394 1427 3461; x_wconf 91' lang='lat' dir='ltr'>sibi,</span> <span class='ocrx_word' id='word_1_498' title='bbox 1460 3394 1573 3451; x_wconf 88' lang='lat' dir='ltr'>hoc</span> <span class='ocrx_word' id='word_1_499' title='bbox 1603 3398 1715 3458; x_wconf 90' lang='lat' dir='ltr'>est,</span> <span class='ocrx_word' id='word_1_500' title='bbox 1743 3389 1939 3463; x_wconf 84' lang='lat' dir='ltr'>placa-</span> 
     </span>
    </p>
   </div>
   <div class='ocr_carea' id='block_1_66' title="bbox 2053 3383 3727 3468">
    <p class='ocr_par' dir='ltr' id='par_1_66' title="bbox 2130 3383 3727 3463">
     <span class='ocr_line' id='line_1_66' title="bbox 2130 3383 3727 3463; baseline 0.008 -24"><span class='ocrx_word' id='word_1_501' title='bbox 2130 3386 2223 3441; x_wconf 87' lang='grc' dir='ltr'>Διὸ</span> <span class='ocrx_word' id='word_1_502' title='bbox 2255 3385 2380 3445; x_wconf 68' lang='grc' dir='ltr'>οὐδὲ</span> <span class='ocrx_word' id='word_1_503' title='bbox 2418 3383 2748 3463; x_wconf 68' lang='grc' dir='ltr'>σιμόιϐασει</span> <span class='ocrx_word' id='word_1_504' title='bbox 2804 3389 2965 3447; x_wconf 76' lang='grc' dir='ltr'>αὐτὸν</span> <span class='ocrx_word' id='word_1_505' title='bbox 3024 3391 3219 3463; x_wconf 61' lang='grc' dir='ltr'>ἑαυτῷ,</span> <span class='ocrx_word' id='word_1_506' title='bbox 3276 3393 3523 3450; x_wconf 74' lang='grc' dir='ltr'>τουτέστι</span> <span class='ocrx_word' id='word_1_507' title='bbox 3581 3415 3727 3452; x_wconf 80' lang='grc' dir='ltr'>κατ’·</span> 
     </span>
    </p>
   </div>
   <div class='ocr_carea' id='block_1_67' title="bbox 283 3483 1953 3542">
    <p class='ocr_par' dir='ltr' id='par_1_67' title="bbox 283 3483 1953 3542">
     <span class='ocr_line' id='line_1_67' title="bbox 283 3483 1953 3542; baseline -0.005 0"><span class='ocrx_word' id='word_1_508' title='bbox 283 3484 374 3542; x_wconf 91' lang='lat' dir='ltr'>bit</span> <span class='ocrx_word' id='word_1_509' title='bbox 405 3489 508 3542; x_wconf 89' lang='lat' dir='ltr'>aut</span> <span class='ocrx_word' id='word_1_510' title='bbox 537 3486 600 3541; x_wconf 90' lang='lat' dir='ltr'>in</span> <span class='ocrx_word' id='word_1_511' title='bbox 629 3484 955 3540; x_wconf 88' lang='lat' dir='ltr'>amicitiam</span> <span class='ocrx_word' id='word_1_512' title='bbox 990 3484 1270 3540; x_wconf 89' lang='lat' dir='ltr'>reducet:</span> <span class='ocrx_word' id='word_1_513' title='bbox 1307 3483 1555 3539; x_wconf 88' lang='lat' dir='ltr'>inimico</span> <span class='ocrx_word' id='word_1_514' title='bbox 1612 3486 1813 3537; x_wconf 84' lang='lat' dir='ltr'>autem</span> <span class='ocrx_word' id='word_1_515' title='bbox 1844 3494 1953 3534; x_wconf 90' lang='lat' dir='ltr'>ne-</span> 
     </span>
    </p>
   </div>
   <div class='ocr_carea' id='block_1_68' title="bbox 288 3566 1952 3647">
    <p class='ocr_par' dir='ltr' id='par_1_68' title="bbox 288 3566 1952 3647">
     <span class='ocr_line' id='line_1_68' title="bbox 288 3566 1952 3647; baseline -0.005 -18"><span class='ocrx_word' id='word_1_516' title='bbox 288 3590 591 3647; x_wconf 88' lang='lat' dir='ltr'>quaquam</span> <span class='ocrx_word' id='word_1_517' title='bbox 622 3572 911 3630; x_wconf 84' lang='lat' dir='ltr'>revelabit</span> <span class='ocrx_word' id='word_1_518' title='bbox 939 3580 1114 3630; x_wconf 86' lang='lat' dir='ltr'>Deus.</span> <span class='ocrx_word' id='word_1_519' title='bbox 1149 3574 1219 3628; x_wconf 90' lang='lat' dir='ltr'>Et</span> <span class='ocrx_word' id='word_1_520' title='bbox 1249 3588 1433 3644; x_wconf 89' lang='lat' dir='ltr'>quare</span> <span class='ocrx_word' id='word_1_521' title='bbox 1464 3570 1673 3627; x_wconf 82' lang='lat' dir='ltr'>ﬁdeles</span> <span class='ocrx_word' id='word_1_522' title='bbox 1725 3573 1784 3626; x_wconf 88' lang='lat' dir='ltr'>et</span> <span class='ocrx_word' id='word_1_523' title='bbox 1833 3566 1952 3641; x_wconf 85' lang='lat' dir='ltr'>epi-</span> 
     </span>
    </p>
   </div>
   <div class='ocr_carea' id='block_1_69' title="bbox 288 3661 1954 3737">
    <p class='ocr_par' dir='ltr' id='par_1_69' title="bbox 288 3661 1954 3737">
     <span class='ocr_line' id='line_1_69' title="bbox 288 3661 1954 3737; baseline -0.005 -14"><span class='ocrx_word' id='word_1_524' title='bbox 288 3663 539 3723; x_wconf 89' lang='lat' dir='ltr'>rituales</span> <span class='ocrx_word' id='word_1_525' title='bbox 599 3664 1012 3737; x_wconf 82' lang='lat' dir='ltr'>cognoscunt?</span> <span class='ocrx_word' id='word_1_526' title='bbox 1063 3663 1376 3730; x_wconf 85' lang='lat' dir='ltr'>Quoniam,</span> <span class='ocrx_word' id='word_1_527' title='bbox 1422 3661 1640 3735; x_wconf 88' lang='lat' dir='ltr'>inquit,</span> <span class='ocrx_word' id='word_1_528' title='bbox 1690 3664 1954 3716; x_wconf 88' lang='lat' dir='ltr'>mentem</span> 
     </span>
    </p>
   </div>
   <div class='ocr_carea' id='block_1_70' title="bbox 294 3750 1957 3834">
    <p class='ocr_par' dir='ltr' id='par_1_70' title="bbox 294 3750 1957 3834">
     <span class='ocr_line' id='line_1_70' title="bbox 294 3750 1957 3834; baseline -0.006 -21"><span class='ocrx_word' id='word_1_529' title='bbox 294 3755 512 3813; x_wconf 79' lang='lat' dir='ltr'>Christi</span> <span class='ocrx_word' id='word_1_530' title='bbox 545 3754 855 3822; x_wconf 89' lang='lat' dir='ltr'>habemus,</span> <span class='ocrx_word' id='word_1_531' title='bbox 922 3754 1034 3812; x_wconf 92' lang='lat' dir='ltr'>hoc</span> <span class='ocrx_word' id='word_1_532' title='bbox 1094 3760 1203 3821; x_wconf 87' lang='lat' dir='ltr'>est,</span> <span class='ocrx_word' id='word_1_533' title='bbox 1253 3753 1531 3827; x_wconf 76' lang='lat' dir='ltr'>Spiritum</span> <span class='ocrx_word' id='word_1_534' title='bbox 1579 3750 1853 3809; x_wconf 82' lang='lat' dir='ltr'>Christi?</span> <span class='ocrx_word' id='word_1_535' title='bbox 1897 3752 1957 3834; x_wconf 78' lang='lat' dir='ltr'>et</span> 
     </span>
    </p>
   </div>
   <div class='ocr_carea' id='block_1_71' title="bbox 298 3839 1954 3919">
    <p class='ocr_par' dir='ltr' id='par_1_71' title="bbox 298 3839 1954 3919">
     <span class='ocr_line' id='line_1_71' title="bbox 298 3839 1954 3919; baseline -0.004 -17"><span class='ocrx_word' id='word_1_536' title='bbox 298 3863 430 3919; x_wconf 72' lang='lat' dir='ltr'>quea</span> <span class='ocrx_word' id='word_1_537' title='bbox 468 3845 766 3909; x_wconf 88' lang='lat' dir='ltr'>novimus,</span> <span class='ocrx_word' id='word_1_538' title='bbox 801 3861 836 3901; x_wconf 88' lang='lat' dir='ltr'>a</span> <span class='ocrx_word' id='word_1_539' title='bbox 866 3845 1088 3919; x_wconf 91' lang='lat' dir='ltr'>Spiritu</span> <span class='ocrx_word' id='word_1_540' title='bbox 1120 3850 1330 3901; x_wconf 88' lang='lat' dir='ltr'>sancto</span> <span class='ocrx_word' id='word_1_541' title='bbox 1371 3843 1563 3900; x_wconf 88' lang='lat' dir='ltr'>edocti</span> <span class='ocrx_word' id='word_1_542' title='bbox 1595 3858 1825 3899; x_wconf 90' lang='lat' dir='ltr'>sumus.</span> <span class='ocrx_word' id='word_1_543' title='bbox 1858 3839 1954 3895; x_wconf 82' lang='lat' dir='ltr'>Illl</span> 
     </span>
    </p>
   </div>
   <div class='ocr_carea' id='block_1_72' title="bbox 297 3932 1957 4013">
    <p class='ocr_par' dir='ltr' id='par_1_72' title="bbox 297 3932 1957 4013">
     <span class='ocr_line' id='line_1_72' title="bbox 297 3932 1957 4013; baseline -0.005 -19"><span class='ocrx_word' id='word_1_544' title='bbox 297 3938 475 4013; x_wconf 87' lang='lat' dir='ltr'>igitur</span> <span class='ocrx_word' id='word_1_545' title='bbox 504 3936 718 3994; x_wconf 89' lang='lat' dir='ltr'>merito</span> <span class='ocrx_word' id='word_1_546' title='bbox 752 3936 1051 4011; x_wconf 86' lang='lat' dir='ltr'>ignorant.</span> <span class='ocrx_word' id='word_1_547' title='bbox 1084 3952 1219 3993; x_wconf 91' lang='lat' dir='ltr'>cum</span> <span class='ocrx_word' id='word_1_548' title='bbox 1254 3935 1442 3993; x_wconf 91' lang='lat' dir='ltr'>Deum</span> <span class='ocrx_word' id='word_1_549' title='bbox 1472 3932 1735 3990; x_wconf 89' lang='lat' dir='ltr'>habeant</span> <span class='ocrx_word' id='word_1_550' title='bbox 1788 3947 1957 3989; x_wconf 87' lang='lat' dir='ltr'>aver-</span> 
     </span>
    </p>
   </div>
   <div class='ocr_carea' id='block_1_73' title="bbox 290 4020 1952 4097">
    <p class='ocr_par' dir='ltr' id='par_1_73' title="bbox 290 4020 1952 4097">
     <span class='ocr_line' id='line_1_73' title="bbox 290 4020 1952 4097; baseline -0.005 -13"><span class='ocrx_word' id='word_1_551' title='bbox 290 4042 421 4084; x_wconf 91' lang='lat' dir='ltr'>sum</span> <span class='ocrx_word' id='word_1_552' title='bbox 453 4043 467 4082; x_wconf 89' lang='lat'>:</span> <span class='ocrx_word' id='word_1_553' title='bbox 501 4042 609 4083; x_wconf 92' lang='lat' dir='ltr'>nos</span> <span class='ocrx_word' id='word_1_554' title='bbox 640 4041 803 4087; x_wconf 87' lang='lat' dir='ltr'>vero.</span> <span class='ocrx_word' id='word_1_555' title='bbox 836 4024 1058 4097; x_wconf 88' lang='lat' dir='ltr'>inquit.</span> <span class='ocrx_word' id='word_1_556' title='bbox 1093 4024 1528 4097; x_wconf 87' lang='lat' dir='ltr'>cognoscimus.</span> <span class='ocrx_word' id='word_1_557' title='bbox 1561 4037 1697 4080; x_wconf 89' lang='lat' dir='ltr'>cum</span> <span class='ocrx_word' id='word_1_558' title='bbox 1726 4020 1822 4078; x_wconf 87' lang='lat' dir='ltr'>usi</span> <span class='ocrx_word' id='word_1_559' title='bbox 1854 4037 1952 4076; x_wconf 92' lang='lat' dir='ltr'>su-</span> 
     </span>
    </p>
   </div>
   <div class='ocr_carea' id='block_1_74' title="bbox 292 4109 1956 4188">
    <p class='ocr_par' dir='ltr' id='par_1_74' title="bbox 292 4109 1956 4188">
     <span class='ocr_line' id='line_1_74' title="bbox 292 4109 1956 4188; baseline -0.005 -15"><span class='ocrx_word' id='word_1_560' title='bbox 292 4133 427 4173; x_wconf 88' lang='lat' dir='ltr'>mus</span> <span class='ocrx_word' id='word_1_561' title='bbox 441 4116 681 4172; x_wconf 88' lang='lat' dir='ltr'>doctore</span> <span class='ocrx_word' id='word_1_562' title='bbox 705 4116 927 4188; x_wconf 85' lang='lat' dir='ltr'>Spiritu</span> <span class='ocrx_word' id='word_1_563' title='bbox 971 4147 1038 4155; x_wconf 97' lang='lat'><strong>—</strong></span> <span class='ocrx_word' id='word_1_564' title='bbox 1062 4116 1166 4170; x_wconf 67' lang='lat' dir='ltr'>Est</span> <span class='ocrx_word' id='word_1_565' title='bbox 1184 4120 1385 4170; x_wconf 86' lang='lat' dir='ltr'>autem</span> <span class='ocrx_word' id='word_1_566' title='bbox 1410 4112 1781 4185; x_wconf 83' lang='lat' dir='ltr'>hyperbaton</span> <span class='ocrx_word' id='word_1_567' title='bbox 1798 4109 1956 4182; x_wconf 92' lang='lat' dir='ltr'>quod</span> 
     </span>
    </p>
   </div>
   <div class='ocr_carea' id='block_1_75' title="bbox 294 4201 1956 4271">
    <p class='ocr_par' dir='ltr' id='par_1_75' title="bbox 294 4201 1956 4271">
     <span class='ocr_line' id='line_1_75' title="bbox 294 4201 1956 4271; baseline -0.003 -10"><span class='ocrx_word' id='word_1_568' title='bbox 294 4206 406 4262; x_wconf 86' lang='lat' dir='ltr'>ait:</span> <span class='ocrx_word' id='word_1_569' title='bbox 438 4225 461 4251; x_wconf 73' lang='grc' dir='ltr'>ι</span> <span class='ocrx_word' id='word_1_570' title='bbox 492 4205 631 4270; x_wconf 89' lang='lat' dir='ltr'>Quis</span> <span class='ocrx_word' id='word_1_571' title='bbox 654 4204 813 4260; x_wconf 88' lang='lat' dir='ltr'>enim</span> <span class='ocrx_word' id='word_1_572' title='bbox 837 4205 1107 4271; x_wconf 75' lang='lat' dir='ltr'>cognovit</span> <span class='ocrx_word' id='word_1_573' title='bbox 1130 4209 1392 4259; x_wconf 86' lang='lat' dir='ltr'>mentem</span> <span class='ocrx_word' id='word_1_574' title='bbox 1415 4201 1651 4258; x_wconf 89' lang='lat' dir='ltr'>Domini</span> <span class='ocrx_word' id='word_1_575' title='bbox 1691 4222 1720 4251; x_wconf 83' lang='lat'><strong>»</strong></span> <span class='ocrx_word' id='word_1_576' title='bbox 1739 4201 1956 4256; x_wconf 81' lang='lat' dir='ltr'>Conse-</span> 
     </span>
    </p>
   </div>
   <div class='ocr_carea' id='block_1_76' title="bbox 298 4291 1956 4365">
    <p class='ocr_par' dir='ltr' id='par_1_76' title="bbox 298 4291 1956 4365">
     <span class='ocr_line' id='line_1_76' title="bbox 298 4291 1956 4365; baseline -0.004 -14"><span class='ocrx_word' id='word_1_577' title='bbox 298 4295 491 4351; x_wconf 89' lang='lat' dir='ltr'>cutive</span> <span class='ocrx_word' id='word_1_578' title='bbox 524 4294 685 4350; x_wconf 91' lang='lat' dir='ltr'>enim</span> <span class='ocrx_word' id='word_1_579' title='bbox 718 4293 894 4349; x_wconf 90' lang='lat' dir='ltr'>debet</span> <span class='ocrx_word' id='word_1_580' title='bbox 924 4293 1011 4348; x_wconf 89' lang='lat' dir='ltr'>illi</span> <span class='ocrx_word' id='word_1_581' title='bbox 1044 4292 1352 4365; x_wconf 84' lang='lat' dir='ltr'>particulae</span> <span class='ocrx_word' id='word_1_582' title='bbox 1383 4291 1688 4364; x_wconf 81' lang='lat' dir='ltr'>conjungi,</span> <span class='ocrx_word' id='word_1_583' title='bbox 1713 4292 1829 4345; x_wconf 85' lang='lat' dir='ltr'>Nec</span> <span class='ocrx_word' id='word_1_584' title='bbox 1849 4308 1956 4363; x_wconf 81' lang='lat' dir='ltr'>po-</span> 
     </span>
    </p>
   </div>
   <div class='ocr_carea' id='block_1_77' title="bbox 301 4380 1959 4457">
    <p class='ocr_par' dir='ltr' id='par_1_77' title="bbox 301 4380 1959 4457">
     <span class='ocr_line' id='line_1_77' title="bbox 301 4380 1959 4457; baseline -0.002 -18"><span class='ocrx_word' id='word_1_585' title='bbox 301 4389 420 4442; x_wconf 88' lang='lat' dir='ltr'>test</span> <span class='ocrx_word' id='word_1_586' title='bbox 440 4382 969 4457; x_wconf 89' lang='lat' dir='ltr'>cognoscere,quia</span> <span class='ocrx_word' id='word_1_587' title='bbox 984 4381 1377 4454; x_wconf 89' lang='lat' dir='ltr'>spiritualiter</span> <span class='ocrx_word' id='word_1_588' title='bbox 1403 4381 1482 4454; x_wconf 82' lang='lat' dir='ltr'>dij</span> <span class='ocrx_word' id='word_1_589' title='bbox 1494 4380 1704 4437; x_wconf 88' lang='lat' dir='ltr'>udican</span> <span class='ocrx_word' id='word_1_590' title='bbox 1716 4381 1959 4436; x_wconf 87' lang='lat' dir='ltr'>t.Potest</span> 
     </span>
    </p>
   </div>
   <div class='ocr_carea' id='block_1_78' title="bbox 302 4471 1961 4547">
    <p class='ocr_par' dir='ltr' id='par_1_78' title="bbox 302 4471 1961 4547">
     <span class='ocr_line' id='line_1_78' title="bbox 302 4471 1961 4547; baseline -0.003 -15"><span class='ocrx_word' id='word_1_591' title='bbox 302 4479 505 4532; x_wconf 87' lang='lat' dir='ltr'>tamen</span> <span class='ocrx_word' id='word_1_592' title='bbox 533 4480 591 4531; x_wconf 92' lang='lat' dir='ltr'>et</span> <span class='ocrx_word' id='word_1_593' title='bbox 621 4475 751 4531; x_wconf 85' lang='lat' dir='ltr'>sine</span> <span class='ocrx_word' id='word_1_594' title='bbox 769 4472 1096 4547; x_wconf 85' lang='lat' dir='ltr'>hyperbato</span> <span class='ocrx_word' id='word_1_595' title='bbox 1120 4473 1430 4539; x_wconf 89' lang='lat' dir='ltr'>declarari,</span> <span class='ocrx_word' id='word_1_596' title='bbox 1458 4478 1636 4545; x_wconf 89' lang='lat' dir='ltr'>prout</span> <span class='ocrx_word' id='word_1_597' title='bbox 1655 4471 1849 4544; x_wconf 90' lang='lat' dir='ltr'>posita</span> <span class='ocrx_word' id='word_1_598' title='bbox 1870 4477 1961 4527; x_wconf 89' lang='lat' dir='ltr'>est</span> 
     </span>
    </p>
   </div>
   <div class='ocr_carea' id='block_1_79' title="bbox 304 4562 1957 4637">
    <p class='ocr_par' dir='ltr' id='par_1_79' title="bbox 304 4562 1957 4637">
     <span class='ocr_line' id='line_1_79' title="bbox 304 4562 1957 4637; baseline -0.004 -14"><span class='ocrx_word' id='word_1_599' title='bbox 304 4565 661 4624; x_wconf 89' lang='lat' dir='ltr'>elocutionis</span> <span class='ocrx_word' id='word_1_600' title='bbox 696 4564 1006 4637; x_wconf 89' lang='lat' dir='ltr'>particula.</span> <span class='ocrx_word' id='word_1_601' title='bbox 1061 4589 1087 4615; x_wconf 80' lang='grc' dir='ltr'>ιι</span> <span class='ocrx_word' id='word_1_602' title='bbox 1122 4566 1238 4622; x_wconf 83' lang='lat' dir='ltr'>Nos</span> <span class='ocrx_word' id='word_1_603' title='bbox 1285 4569 1484 4621; x_wconf 90' lang='lat' dir='ltr'>autem</span> <span class='ocrx_word' id='word_1_604' title='bbox 1530 4568 1793 4620; x_wconf 89' lang='lat' dir='ltr'>mentem</span> <span class='ocrx_word' id='word_1_605' title='bbox 1845 4562 1957 4618; x_wconf 89' lang='lat' dir='ltr'>Do-</span> 
     </span>
    </p>
   </div>
   <div class='ocr_carea' id='block_1_80' title="bbox 304 4652 1957 4726">
    <p class='ocr_par' dir='ltr' id='par_1_80' title="bbox 304 4652 1957 4726">
     <span class='ocr_line' id='line_1_80' title="bbox 304 4652 1957 4726; baseline -0.004 -11"><span class='ocrx_word' id='word_1_606' title='bbox 304 4657 452 4716; x_wconf 90' lang='lat' dir='ltr'>mini</span> <span class='ocrx_word' id='word_1_607' title='bbox 476 4655 824 4713; x_wconf 79' lang='lat' dir='ltr'>habemus.»</span> <span class='ocrx_word' id='word_1_608' title='bbox 848 4655 956 4721; x_wconf 87' lang='lat' dir='ltr'>Qui</span> <span class='ocrx_word' id='word_1_609' title='bbox 981 4654 1311 4712; x_wconf 88' lang='lat' dir='ltr'>imitatione</span> <span class='ocrx_word' id='word_1_610' title='bbox 1334 4654 1551 4712; x_wconf 84' lang='lat' dir='ltr'>mentis</span> <span class='ocrx_word' id='word_1_611' title='bbox 1569 4654 1732 4710; x_wconf 90' lang='lat' dir='ltr'>illius</span> <span class='ocrx_word' id='word_1_612' title='bbox 1745 4669 1860 4726; x_wconf 93' lang='lat' dir='ltr'>quo</span> <span class='ocrx_word' id='word_1_613' title='bbox 1883 4652 1957 4710; x_wconf 86' lang='lat' dir='ltr'>ad</span> 
     </span>
    </p>
   </div>
   <div class='ocr_carea' id='block_1_81' title="bbox 2055 3471 3711 3559">
    <p class='ocr_par' dir='ltr' id='par_1_81' title="bbox 2055 3471 3711 3559">
     <span class='ocr_line' id='line_1_81' title="bbox 2055 3471 3711 3559; baseline 0.008 -31"><span class='ocrx_word' id='word_1_614' title='bbox 2055 3471 2299 3548; x_wconf 78' lang='grc' dir='ltr'>αλλάξει.</span> <span class='ocrx_word' id='word_1_615' title='bbox 2333 3477 2448 3536; x_wconf 71' lang='grc' dir='ltr'>Οὐκ</span> <span class='ocrx_word' id='word_1_616' title='bbox 2491 3476 2550 3533; x_wconf 76' lang='grc' dir='ltr'>ἄν</span> <span class='ocrx_word' id='word_1_617' title='bbox 2611 3477 2669 3534; x_wconf 72' lang='grc' dir='ltr'>δὲ</span> <span class='ocrx_word' id='word_1_618' title='bbox 2723 3480 2802 3553; x_wconf 83' lang='grc' dir='ltr'>τῷ</span> <span class='ocrx_word' id='word_1_619' title='bbox 2859 3480 3047 3558; x_wconf 77' lang='grc' dir='ltr'>ἐχθρῷ</span> <span class='ocrx_word' id='word_1_620' title='bbox 3112 3480 3461 3559; x_wconf 81' lang='grc' dir='ltr'>ἀποκαλύψει</span> <span class='ocrx_word' id='word_1_621' title='bbox 3494 3484 3522 3540; x_wconf 82' lang='grc' dir='ltr'><strong>ὁ</strong></span> <span class='ocrx_word' id='word_1_622' title='bbox 3552 3484 3711 3547; x_wconf 84' lang='grc' dir='ltr'>Θεός.</span> 
     </span>
    </p>
   </div>
   <div class='ocr_carea' id='block_1_82' title="bbox 2057 3564 3707 3644">
    <p class='ocr_par' dir='ltr' id='par_1_82' title="bbox 2057 3564 3707 3644">
     <span class='ocr_line' id='line_1_82' title="bbox 2057 3564 3707 3644; baseline 0.007 -26"><span class='ocrx_word' id='word_1_623' title='bbox 2057 3566 2207 3620; x_wconf 87' lang='grc' dir='ltr'>Διατί</span> <span class='ocrx_word' id='word_1_624' title='bbox 2241 3564 2299 3623; x_wconf 74' lang='grc' dir='ltr'>δὲ</span> <span class='ocrx_word' id='word_1_625' title='bbox 2327 3567 2379 3622; x_wconf 72' lang='grc' dir='ltr'>οἳ</span> <span class='ocrx_word' id='word_1_626' title='bbox 2410 3568 2591 3624; x_wconf 78' lang='grc' dir='ltr'>πιστοὶ</span> <span class='ocrx_word' id='word_1_627' title='bbox 2625 3569 2715 3624; x_wconf 81' lang='grc' dir='ltr'>καὶ</span> <span class='ocrx_word' id='word_1_628' title='bbox 2773 3570 2826 3626; x_wconf 78' lang='grc' dir='ltr'>οἱ</span> <span class='ocrx_word' id='word_1_629' title='bbox 2884 3572 3246 3643; x_wconf 85' lang='grc' dir='ltr'>πνευματικοῖ</span> <span class='ocrx_word' id='word_1_630' title='bbox 3316 3570 3488 3629; x_wconf 67' lang='grc' dir='ltr'>ἴσασιν</span> <span class='ocrx_word' id='word_1_631' title='bbox 3521 3590 3536 3643; x_wconf 89' lang='lat'><strong>;</strong></span> <span class='ocrx_word' id='word_1_632' title='bbox 3593 3572 3707 3644; x_wconf 76' lang='grc' dir='ltr'>ὅτι,</span> 
     </span>
    </p>
   </div>
   <div class='ocr_carea' id='block_1_83' title="bbox 2058 3653 3713 3738">
    <p class='ocr_par' dir='ltr' id='par_1_83' title="bbox 2058 3653 3713 3738">
     <span class='ocr_line' id='line_1_83' title="bbox 2058 3653 3713 3738; baseline 0.005 -30"><span class='ocrx_word' id='word_1_633' title='bbox 2058 3653 2214 3731; x_wconf 79' lang='grc' dir='ltr'>φησὶ,</span> <span class='ocrx_word' id='word_1_634' title='bbox 2247 3660 2371 3710; x_wconf 89' lang='grc' dir='ltr'>σοῦν</span> <span class='ocrx_word' id='word_1_635' title='bbox 2410 3662 2648 3732; x_wconf 81' lang='grc' dir='ltr'>Χριστοῦ</span> <span class='ocrx_word' id='word_1_636' title='bbox 2704 3654 2933 3735; x_wconf 64' lang='grc' dir='ltr'>ἔχομεν,</span> <span class='ocrx_word' id='word_1_637' title='bbox 2989 3662 3241 3719; x_wconf 71' lang='grc' dir='ltr'>τουτέστι</span> <span class='ocrx_word' id='word_1_638' title='bbox 3296 3667 3520 3737; x_wconf 84' lang='grc' dir='ltr'>πνεῦμα</span> <span class='ocrx_word' id='word_1_639' title='bbox 3573 3664 3713 3738; x_wconf 79' lang='grc' dir='ltr'>Χρι-</span> 
     </span>
    </p>
   </div>
   <div class='ocr_carea' id='block_1_84' title="bbox 2059 3740 3726 3825">
    <p class='ocr_par' dir='ltr' id='par_1_84' title="bbox 2059 3740 3726 3825">
     <span class='ocr_line' id='line_1_84' title="bbox 2059 3740 3726 3825; baseline 0.005 -28"><span class='ocrx_word' id='word_1_640' title='bbox 2059 3747 2210 3815; x_wconf 89' lang='grc' dir='ltr'>στοῦ,</span> <span class='ocrx_word' id='word_1_641' title='bbox 2241 3744 2332 3801; x_wconf 85' lang='grc' dir='ltr'>καὶ</span> <span class='ocrx_word' id='word_1_642' title='bbox 2381 3740 2517 3821; x_wconf 75' lang='grc' dir='ltr'>ἅπερ</span> <span class='ocrx_word' id='word_1_643' title='bbox 2573 3744 2755 3820; x_wconf 69' lang='grc' dir='ltr'>1ἴσμεν,</span> <span class='ocrx_word' id='word_1_644' title='bbox 2815 3748 2919 3805; x_wconf 86' lang='grc' dir='ltr'>ὑπὸ</span> <span class='ocrx_word' id='word_1_645' title='bbox 2976 3754 3074 3807; x_wconf 84' lang='grc' dir='ltr'>τοῦ</span> <span class='ocrx_word' id='word_1_646' title='bbox 3131 3750 3447 3825; x_wconf 73' lang='grc' dir='ltr'>Ονεύματος</span> <span class='ocrx_word' id='word_1_647' title='bbox 3507 3748 3726 3808; x_wconf 73' lang='grc' dir='ltr'>δεδιδά-</span> 
     </span>
    </p>
   </div>
   <div class='ocr_carea' id='block_1_85' title="bbox 2055 3835 3729 3919">
    <p class='ocr_par' dir='ltr' id='par_1_85' title="bbox 2055 3835 3729 3919">
     <span class='ocr_line' id='line_1_85' title="bbox 2055 3835 3729 3919; baseline 0.007 -30"><span class='ocrx_word' id='word_1_648' title='bbox 2055 3846 2250 3910; x_wconf 68' lang='grc' dir='ltr'>γμεθα.</span> <span class='ocrx_word' id='word_1_649' title='bbox 2286 3836 2531 3902; x_wconf 71' lang='grc' dir='ltr'>Εῗκότως</span> <span class='ocrx_word' id='word_1_650' title='bbox 2563 3835 2653 3894; x_wconf 83' lang='grc' dir='ltr'>οῦν</span> <span class='ocrx_word' id='word_1_651' title='bbox 2683 3839 2738 3895; x_wconf 80' lang='grc' dir='ltr'>οἱ</span> <span class='ocrx_word' id='word_1_652' title='bbox 2798 3839 2894 3916; x_wconf 69' lang='grc' dir='ltr'>μὲν</span> <span class='ocrx_word' id='word_1_653' title='bbox 2952 3841 3262 3918; x_wconf 86' lang='grc' dir='ltr'>ἀγνοοῦσιν,</span> <span class='ocrx_word' id='word_1_654' title='bbox 3323 3839 3729 3919; x_wconf 72' lang='grc' dir='ltr'>ἀπεπραμμέο</span> 
     </span>
    </p>
   </div>
   <div class='ocr_carea' id='block_1_86' title="bbox 2057 3923 3725 4013">
    <p class='ocr_par' dir='ltr' id='par_1_86' title="bbox 2057 3923 3725 4013">
     <span class='ocr_line' id='line_1_86' title="bbox 2057 3923 3725 4013; baseline 0.004 -32"><span class='ocrx_word' id='word_1_655' title='bbox 2057 3946 2145 3981; x_wconf 89' lang='grc' dir='ltr'>νον</span> <span class='ocrx_word' id='word_1_656' title='bbox 2176 3923 2397 4002; x_wconf 81' lang='grc' dir='ltr'>ἔχοντες</span> <span class='ocrx_word' id='word_1_657' title='bbox 2452 3928 2544 3984; x_wconf 82' lang='grc' dir='ltr'>τὸν</span> <span class='ocrx_word' id='word_1_658' title='bbox 2606 3928 2761 3995; x_wconf 86' lang='grc' dir='ltr'>Θεὸν,</span> <span class='ocrx_word' id='word_1_659' title='bbox 2820 3932 2986 4002; x_wconf 72' lang='grc' dir='ltr'>ἡμεῖς</span> <span class='ocrx_word' id='word_1_660' title='bbox 3042 3927 3121 3996; x_wconf 65' lang='grc' dir='ltr'>δὲ,</span> <span class='ocrx_word' id='word_1_661' title='bbox 3180 3929 3365 4013; x_wconf 79' lang='grc' dir='ltr'>φησὶν,</span> <span class='ocrx_word' id='word_1_662' title='bbox 3417 3929 3580 4005; x_wconf 62' lang='grc' dir='ltr'>ἴσμεν</span> <span class='ocrx_word' id='word_1_663' title='bbox 3622 3937 3725 3989; x_wconf 86' lang='grc' dir='ltr'>τοῦ</span> 
     </span>
    </p>
   </div>
   <div class='ocr_carea' id='block_1_87' title="bbox 2059 4016 3746 4102">
    <p class='ocr_par' dir='ltr' id='par_1_87' title="bbox 2059 4016 3746 4102">
     <span class='ocr_line' id='line_1_87' title="bbox 2059 4016 3746 4102; baseline 0.006 -31"><span class='ocrx_word' id='word_1_664' title='bbox 2059 4016 2372 4089; x_wconf 72' lang='grc' dir='ltr'>Ηνεύματος</span> <span class='ocrx_word' id='word_1_665' title='bbox 2448 4016 2846 4091; x_wconf 68' lang='grc' dir='ltr'>εὐπορήσαντες</span> <span class='ocrx_word' id='word_1_666' title='bbox 2924 4016 3284 4077; x_wconf 76' lang='grc' dir='ltr'>διδασκάλου.</span> <span class='ocrx_word' id='word_1_667' title='bbox 3367 4054 3435 4067; x_wconf 90' lang='lat'><strong>-</strong></span> <span class='ocrx_word' id='word_1_668' title='bbox 3511 4024 3746 4102; x_wconf 82' lang='grc' dir='ltr'>[ΦΩἸ“.]</span> 
     </span>
    </p>
   </div>
   <div class='ocr_carea' id='block_1_88' title="bbox 2059 4103 3724 4191">
    <p class='ocr_par' dir='ltr' id='par_1_88' title="bbox 2059 4103 3724 4191">
     <span class='ocr_line' id='line_1_88' title="bbox 2059 4103 3724 4191; baseline -0.005 -26"><span class='ocrx_word' id='word_1_669' title='bbox 2059 4108 2192 4171; x_wconf 85' lang='grc' dir='ltr'>Καθ’</span> <span class='ocrx_word' id='word_1_670' title='bbox 2225 4103 2524 4184; x_wconf 80' lang='grc' dir='ltr'>ὑπερϐατὸν</span> <span class='ocrx_word' id='word_1_671' title='bbox 2554 4105 2611 4165; x_wconf 77' lang='grc' dir='ltr'>δὲ</span> <span class='ocrx_word' id='word_1_672' title='bbox 2639 4109 2724 4181; x_wconf 78' lang='grc' dir='ltr'>τὸ,</span> <span class='ocrx_word' id='word_1_673' title='bbox 2754 4135 2781 4162; x_wconf 76' lang='grc' dir='ltr'>ιι</span> <span class='ocrx_word' id='word_1_674' title='bbox 2814 4110 2908 4173; x_wconf 89' lang='grc' dir='ltr'>Τίς</span> <span class='ocrx_word' id='word_1_675' title='bbox 2934 4111 3035 4188; x_wconf 80' lang='grc' dir='ltr'>γὰρ</span> <span class='ocrx_word' id='word_1_676' title='bbox 3067 4110 3209 4191; x_wconf 81' lang='grc' dir='ltr'>ἔγνω</span> <span class='ocrx_word' id='word_1_677' title='bbox 3253 4117 3380 4169; x_wconf 88' lang='grc' dir='ltr'>νοῦν</span> <span class='ocrx_word' id='word_1_678' title='bbox 3414 4114 3614 4191; x_wconf 79' lang='grc' dir='ltr'>Κυρίου</span> <span class='ocrx_word' id='word_1_679' title='bbox 3640 4133 3656 4186; x_wconf 68' lang='grc' dir='ltr'>ς</span> <span class='ocrx_word' id='word_1_680' title='bbox 3694 4127 3724 4157; x_wconf 88' lang='grc'>››</span> 
     </span>
    </p>
   </div>
   <div class='ocr_carea' id='block_1_89' title="bbox 2058 4197 3723 4279">
    <p class='ocr_par' dir='ltr' id='par_1_89' title="bbox 2058 4197 3723 4279">
     <span class='ocr_line' id='line_1_89' title="bbox 2058 4197 3723 4279; baseline 0.005 -26"><span class='ocrx_word' id='word_1_681' title='bbox 2058 4197 2177 4279; x_wconf 67' lang='grc' dir='ltr'>Ἐφ’</span> <span class='ocrx_word' id='word_1_682' title='bbox 2208 4198 2333 4268; x_wconf 69' lang='grc' dir='ltr'>ἑξῆς</span> <span class='ocrx_word' id='word_1_683' title='bbox 2362 4199 2467 4274; x_wconf 76' lang='grc' dir='ltr'>γὰρ</span> <span class='ocrx_word' id='word_1_684' title='bbox 2496 4199 2703 4277; x_wconf 79' lang='grc' dir='ltr'>ὀφείλει</span> <span class='ocrx_word' id='word_1_685' title='bbox 2736 4200 3138 4274; x_wconf 68' lang='grc' dir='ltr'>συντάττεσθαι,</span> <span class='ocrx_word' id='word_1_686' title='bbox 3186 4202 3308 4272; x_wconf 87' lang='grc' dir='ltr'>τοῦ,</span> <span class='ocrx_word' id='word_1_687' title='bbox 3365 4204 3440 4263; x_wconf 79' lang='grc' dir='ltr'>Οὐ</span> <span class='ocrx_word' id='word_1_688' title='bbox 3496 4202 3723 4262; x_wconf 75' lang='grc' dir='ltr'>δύναται</span> 
     </span>
    </p>
   </div>
   <div class='ocr_carea' id='block_1_90' title="bbox 2061 4287 3726 4369">
    <p class='ocr_par' dir='ltr' id='par_1_90' title="bbox 2061 4287 3726 4369">
     <span class='ocr_line' id='line_1_90' title="bbox 2061 4287 3726 4369; baseline 0.006 -27"><span class='ocrx_word' id='word_1_689' title='bbox 2061 4293 2260 4365; x_wconf 86' lang='grc' dir='ltr'>γνῶναι</span> <span class='ocrx_word' id='word_1_690' title='bbox 2319 4287 2403 4345; x_wconf 82' lang='grc' dir='ltr'>ὅτι</span> <span class='ocrx_word' id='word_1_691' title='bbox 2461 4296 2842 4363; x_wconf 78' lang='grc' dir='ltr'>πνευματικῶς</span> <span class='ocrx_word' id='word_1_692' title='bbox 2895 4291 3259 4369; x_wconf 81' lang='grc' dir='ltr'>ἀνακρίνεται.</span> <span class='ocrx_word' id='word_1_693' title='bbox 3348 4295 3578 4351; x_wconf 80' lang='grc' dir='ltr'>Δυνατὸν</span> <span class='ocrx_word' id='word_1_694' title='bbox 3664 4294 3726 4352; x_wconf 77' lang='grc' dir='ltr'>δὲ</span> 
     </span>
    </p>
   </div>
   <div class='ocr_carea' id='block_1_91' title="bbox 2063 4376 3730 4464">
    <p class='ocr_par' dir='ltr' id='par_1_91' title="bbox 2063 4376 3730 4464">
     <span class='ocr_line' id='line_1_91' title="bbox 2063 4376 3730 4464; baseline 0.004 -27"><span class='ocrx_word' id='word_1_695' title='bbox 2063 4382 2151 4438; x_wconf 83' lang='grc' dir='ltr'>καὶ</span> <span class='ocrx_word' id='word_1_696' title='bbox 2188 4380 2366 4457; x_wconf 77' lang='grc' dir='ltr'>χωρὶς</span> <span class='ocrx_word' id='word_1_697' title='bbox 2418 4376 2721 4453; x_wconf 76' lang='grc' dir='ltr'>ὑπερϐατοῦ</span> <span class='ocrx_word' id='word_1_698' title='bbox 2781 4384 2857 4446; x_wconf 83' lang='grc' dir='ltr'>ὡς</span> <span class='ocrx_word' id='word_1_699' title='bbox 2910 4382 3030 4460; x_wconf 80' lang='grc' dir='ltr'>ἔχει</span> <span class='ocrx_word' id='word_1_700' title='bbox 3088 4387 3337 4461; x_wconf 67' lang='grc' dir='ltr'>ῳράσεως</span> <span class='ocrx_word' id='word_1_701' title='bbox 3397 4386 3460 4444; x_wconf 87' lang='grc' dir='ltr'>τὸ</span> <span class='ocrx_word' id='word_1_702' title='bbox 3519 4387 3730 4464; x_wconf 77' lang='grc' dir='ltr'>χωρίον</span> 
     </span>
    </p>
   </div>
   <div class='ocr_carea' id='block_1_92' title="bbox 2062 4466 3734 4552">
    <p class='ocr_par' dir='ltr' id='par_1_92' title="bbox 2062 4466 3734 4552">
     <span class='ocr_line' id='line_1_92' title="bbox 2062 4466 3734 4552; baseline 0.004 -23"><span class='ocrx_word' id='word_1_703' title='bbox 2062 4466 2333 4529; x_wconf 75' lang='grc' dir='ltr'>ἐκλαϐεῖν.</span> <span class='ocrx_word' id='word_1_704' title='bbox 2370 4497 2394 4522; x_wconf 78' lang='grc' dir='ltr'>ιι</span> <span class='ocrx_word' id='word_1_705' title='bbox 2435 4472 2629 4545; x_wconf 84' lang='grc' dir='ltr'>Ἡμεῖς</span> <span class='ocrx_word' id='word_1_706' title='bbox 2687 4469 2745 4531; x_wconf 58' lang='grc' dir='ltr'>δὲ</span> <span class='ocrx_word' id='word_1_707' title='bbox 2800 4479 2927 4530; x_wconf 88' lang='grc' dir='ltr'>νοῦν</span> <span class='ocrx_word' id='word_1_708' title='bbox 2984 4476 3220 4551; x_wconf 88' lang='grc' dir='ltr'>Χριστοῦ</span> <span class='ocrx_word' id='word_1_709' title='bbox 3274 4473 3506 4552; x_wconf 78' lang='grc' dir='ltr'>ἔχομεν.</span> <span class='ocrx_word' id='word_1_710' title='bbox 3568 4501 3598 4530; x_wconf 83' lang='lat'><strong>»</strong></span> <span class='ocrx_word' id='word_1_711' title='bbox 3656 4511 3734 4525; x_wconf 90' lang='lat'>-—-</span> 
     </span>
    </p>
   </div>
   <div class='ocr_carea' id='block_1_93' title="bbox 2064 4564 3731 4639">
    <p class='ocr_par' dir='ltr' id='par_1_93' title="bbox 2064 4564 3731 4639">
     <span class='ocr_line' id='line_1_93' title="bbox 2064 4564 3731 4639; baseline 0.004 -22"><span class='ocrx_word' id='word_1_712' title='bbox 2064 4564 2310 4638; x_wconf 86' lang='grc' dir='ltr'>[ΓΡΒΓ.,</span> <span class='ocrx_word' id='word_1_713' title='bbox 2386 4564 2916 4631; x_wconf 74' lang='grc' dir='ltr'>ΟΙΚΟΥΜΕΝΙΟΥ.Ῑ</span> <span class='ocrx_word' id='word_1_714' title='bbox 2992 4566 3059 4623; x_wconf 75' lang='grc' dir='ltr'><strong>Οἱ</strong></span> <span class='ocrx_word' id='word_1_715' title='bbox 3139 4568 3370 4639; x_wconf 70' lang='grc' dir='ltr'>μιμήσει</span> <span class='ocrx_word' id='word_1_716' title='bbox 3457 4571 3556 4623; x_wconf 88' lang='grc' dir='ltr'>τοῦ</span> <span class='ocrx_word' id='word_1_717' title='bbox 3629 4573 3731 4623; x_wconf 93' lang='grc' dir='ltr'>νοῦ</span> 
     </span>
    </p>
   </div>
   <div class='ocr_carea' id='block_1_94' title="bbox 2062 4648 3730 4733">
    <p class='ocr_par' dir='ltr' id='par_1_94' title="bbox 2062 4648 3730 4733">
     <span class='ocr_line' id='line_1_94' title="bbox 2062 4648 3730 4733; baseline 0.004 -25"><span class='ocrx_word' id='word_1_718' title='bbox 2062 4650 2275 4708; x_wconf 83' lang='grc' dir='ltr'>ἐκείνου</span> <span class='ocrx_word' id='word_1_719' title='bbox 2302 4655 2401 4707; x_wconf 89' lang='grc' dir='ltr'>τοῦ</span> <span class='ocrx_word' id='word_1_720' title='bbox 2449 4651 2819 4726; x_wconf 80' lang='grc' dir='ltr'>ἀνθρωπίνου,</span> <span class='ocrx_word' id='word_1_721' title='bbox 2865 4652 2928 4710; x_wconf 85' lang='grc' dir='ltr'>οῦ</span> <span class='ocrx_word' id='word_1_722' title='bbox 2977 4648 3212 4711; x_wconf 71' lang='grc' dir='ltr'>ἀνέλαϐε</span> <span class='ocrx_word' id='word_1_723' title='bbox 3268 4656 3505 4733; x_wconf 85' lang='grc' dir='ltr'>Φριστὸς</span> <span class='ocrx_word' id='word_1_724' title='bbox 3537 4658 3565 4714; x_wconf 89' lang='grc' dir='ltr'>ὁ</span> <span class='ocrx_word' id='word_1_725' title='bbox 3596 4658 3730 4722; x_wconf 85' lang='grc' dir='ltr'>Θεὸς</span> 
     </span>
    </p>
   </div>
   <div class='ocr_carea' id='block_1_95' title="bbox 300 4742 1947 4841">
    <p class='ocr_par' dir='ltr' id='par_1_95' title="bbox 300 4745 1947 4820">
     <span class='ocr_line' id='line_1_95' title="bbox 300 4745 1947 4820; baseline -0.003 -15"><span class='ocrx_word' id='word_1_726' title='bbox 300 4747 737 4805; x_wconf 88' lang='lat' dir='ltr'>humanitatem</span> <span class='ocrx_word' id='word_1_727' title='bbox 764 4762 942 4819; x_wconf 88' lang='lat' dir='ltr'>quam</span> <span class='ocrx_word' id='word_1_728' title='bbox 976 4745 1226 4820; x_wconf 86' lang='lat' dir='ltr'>suscipit</span> <span class='ocrx_word' id='word_1_729' title='bbox 1253 4746 1523 4802; x_wconf 88' lang='lat' dir='ltr'>Christus</span> <span class='ocrx_word' id='word_1_730' title='bbox 1555 4746 1710 4803; x_wconf 91' lang='lat' dir='ltr'>Deus</span> <span class='ocrx_word' id='word_1_731' title='bbox 1754 4750 1947 4801; x_wconf 76' lang='lat' dir='ltr'>noster</span> 
     </span>
    </p>
   </div>
   <div class='ocr_carea' id='block_1_96' title="bbox 2053 4742 3731 4841">
    <p class='ocr_par' dir='ltr' id='par_1_96' title="bbox 2071 4742 3731 4817">
     <span class='ocr_line' id='line_1_96' title="bbox 2071 4742 3731 4817; baseline 0.005 -21"><span class='ocrx_word' id='word_1_732' title='bbox 2071 4744 2256 4816; x_wconf 79' lang='grc' dir='ltr'>ἡμῶν.</span> <span class='ocrx_word' id='word_1_733' title='bbox 2287 4744 2379 4798; x_wconf 89' lang='grc' dir='ltr'>τὸν</span> <span class='ocrx_word' id='word_1_734' title='bbox 2411 4742 2615 4800; x_wconf 71' lang='grc' dir='ltr'>ἑαυτῶν</span> <span class='ocrx_word' id='word_1_735' title='bbox 2670 4747 2796 4799; x_wconf 86' lang='grc' dir='ltr'>νοῦν</span> <span class='ocrx_word' id='word_1_736' title='bbox 2849 4742 3262 4817; x_wconf 72' lang='grc' dir='ltr'>ἐκκαθάραντες,</span> <span class='ocrx_word' id='word_1_737' title='bbox 3324 4769 3343 4797; x_wconf 79' lang='grc' dir='ltr'>ιι</span> <span class='ocrx_word' id='word_1_738' title='bbox 3384 4748 3551 4807; x_wconf 82' lang='grc' dir='ltr'>Οὗτοι</span> <span class='ocrx_word' id='word_1_739' title='bbox 3602 4752 3731 4805; x_wconf 84' lang='grc' dir='ltr'>νοῦν</span> 
     </span>
    </p>
   </div>
   <div class='ocr_carea' id='block_1_97' title="bbox 303 4833 1962 4910">
    <p class='ocr_par' dir='ltr' id='par_1_97' title="bbox 303 4833 1962 4910">
     <span class='ocr_line' id='line_1_97' title="bbox 303 4833 1962 4910; baseline -0.004 -14"><span class='ocrx_word' id='word_1_740' title='bbox 303 4855 473 4896; x_wconf 85' lang='lat' dir='ltr'>suam</span> <span class='ocrx_word' id='word_1_741' title='bbox 529 4843 794 4894; x_wconf 89' lang='lat' dir='ltr'>mentem</span> <span class='ocrx_word' id='word_1_742' title='bbox 851 4836 1264 4910; x_wconf 85' lang='lat' dir='ltr'>puriﬁcarunt,</span> <span class='ocrx_word' id='word_1_743' title='bbox 1306 4835 1367 4892; x_wconf 88' lang='lat' dir='ltr'>hi</span> <span class='ocrx_word' id='word_1_744' title='bbox 1424 4841 1687 4893; x_wconf 87' lang='lat' dir='ltr'>mentem</span> <span class='ocrx_word' id='word_1_745' title='bbox 1743 4833 1962 4891; x_wconf 86' lang='lat' dir='ltr'>Christi</span> 
     </span>
    </p>
   </div>
   <div class='ocr_carea' id='block_1_98' title="bbox 306 4924 1960 4986">
    <p class='ocr_par' dir='ltr' id='par_1_98' title="bbox 306 4924 1960 4986">
     <span class='ocr_line' id='line_1_98' title="bbox 306 4924 1960 4986; baseline -0.004 -1"><span class='ocrx_word' id='word_1_746' title='bbox 306 4930 546 4986; x_wconf 89' lang='lat' dir='ltr'>habent.</span> <span class='ocrx_word' id='word_1_747' title='bbox 575 4960 645 4971; x_wconf 89' lang='lat'>-</span> <span class='ocrx_word' id='word_1_748' title='bbox 665 4926 1262 4984; x_wconf 81' lang='lat' dir='ltr'>Aliud.Autmentem</span> <span class='ocrx_word' id='word_1_749' title='bbox 1285 4926 1498 4982; x_wconf 88' lang='lat' dir='ltr'>Christi</span> <span class='ocrx_word' id='word_1_750' title='bbox 1523 4931 1691 4982; x_wconf 91' lang='lat' dir='ltr'>vocat</span> <span class='ocrx_word' id='word_1_751' title='bbox 1707 4924 1960 4981; x_wconf 79' lang='lat' dir='ltr'>Patrem.</span> 
     </span>
    </p>
   </div>
   <div class='ocr_carea' id='block_1_99' title="bbox 311 5015 1957 5090">
    <p class='ocr_par' dir='ltr' id='par_1_99' title="bbox 311 5015 1957 5090">
     <span class='ocr_line' id='line_1_99' title="bbox 311 5015 1957 5090; baseline -0.004 -16"><span class='ocrx_word' id='word_1_752' title='bbox 311 5020 629 5086; x_wconf 84' lang='lat' dir='ltr'>Habemus,</span> <span class='ocrx_word' id='word_1_753' title='bbox 662 5018 861 5090; x_wconf 87' lang='lat' dir='ltr'>inquit</span> <span class='ocrx_word' id='word_1_754' title='bbox 913 5018 975 5074; x_wconf 90' lang='lat' dir='ltr'>in</span> <span class='ocrx_word' id='word_1_755' title='bbox 1007 5018 1173 5073; x_wconf 86' lang='lat' dir='ltr'>vobis</span> <span class='ocrx_word' id='word_1_756' title='bbox 1202 5017 1350 5088; x_wconf 89' lang='lat' dir='ltr'>ipsis</span> <span class='ocrx_word' id='word_1_757' title='bbox 1404 5015 1618 5072; x_wconf 68' lang='lat' dir='ltr'>Christi</span> <span class='ocrx_word' id='word_1_758' title='bbox 1666 5016 1900 5071; x_wconf 86' lang='lat' dir='ltr'>Patrem</span> <span class='ocrx_word' id='word_1_759' title='bbox 1932 5034 1957 5067; x_wconf 72' lang='grc' dir='ltr'>ο</span> 
     </span>
    </p>
   </div>
   <div class='ocr_carea' id='block_1_100' title="bbox 299 5101 1960 5181">
    <p class='ocr_par' dir='ltr' id='par_1_100' title="bbox 299 5101 1960 5181">
     <span class='ocr_line' id='line_1_100' title="bbox 299 5101 1960 5181; baseline -0.002 -18"><span class='ocrx_word' id='word_1_760' title='bbox 299 5108 473 5181; x_wconf 79' lang='lat' dir='ltr'>juxta</span> <span class='ocrx_word' id='word_1_761' title='bbox 500 5107 653 5162; x_wconf 90' lang='lat' dir='ltr'>illud</span> <span class='ocrx_word' id='word_1_762' title='bbox 680 5122 694 5161; x_wconf 91' lang='lat'>:</span> <span class='ocrx_word' id='word_1_763' title='bbox 722 5129 749 5157; x_wconf 83' lang='lat'><strong><em>«</em></strong></span> <span class='ocrx_word' id='word_1_764' title='bbox 780 5106 1125 5164; x_wconf 88' lang='lat' dir='ltr'>lnhabitabo</span> <span class='ocrx_word' id='word_1_765' title='bbox 1156 5107 1217 5163; x_wconf 91' lang='lat' dir='ltr'>in</span> <span class='ocrx_word' id='word_1_766' title='bbox 1240 5106 1327 5163; x_wconf 89' lang='lat' dir='ltr'>eis</span> <span class='ocrx_word' id='word_1_767' title='bbox 1350 5102 1812 5162; x_wconf 88' lang='lat' dir='ltr'>etinambulabo</span> <span class='ocrx_word' id='word_1_768' title='bbox 1833 5101 1900 5160; x_wconf 80' lang='grc'>⁷³.</span> <span class='ocrx_word' id='word_1_769' title='bbox 1938 5126 1960 5154; x_wconf 76' lang='grc' dir='ltr'>ι</span> 
     </span>
    </p>
   </div>
   <div class='ocr_carea' id='block_1_101' title="bbox 314 5194 1966 5270">
    <p class='ocr_par' dir='ltr' id='par_1_101' title="bbox 314 5194 1966 5270">
     <span class='ocr_line' id='line_1_101' title="bbox 314 5194 1966 5270; baseline -0.001 -17"><span class='ocrx_word' id='word_1_770' title='bbox 314 5198 568 5254; x_wconf 81' lang='lat' dir='ltr'>Mentem</span> <span class='ocrx_word' id='word_1_771' title='bbox 602 5197 759 5252; x_wconf 90' lang='lat' dir='ltr'>enim</span> <span class='ocrx_word' id='word_1_772' title='bbox 794 5197 1096 5270; x_wconf 88' lang='lat' dir='ltr'>appellare</span> <span class='ocrx_word' id='word_1_773' title='bbox 1124 5198 1380 5254; x_wconf 84' lang='lat' dir='ltr'>Patrem.</span> <span class='ocrx_word' id='word_1_774' title='bbox 1414 5195 1634 5254; x_wconf 86' lang='lat' dir='ltr'>sanctis</span> <span class='ocrx_word' id='word_1_775' title='bbox 1682 5194 1966 5266; x_wconf 87' lang='lat' dir='ltr'>frequens</span> 
     </span>
    </p>
   </div>
   <div class='ocr_carea' id='block_1_102' title="bbox 311 5284 1970 5354">
    <p class='ocr_par' dir='ltr' id='par_1_102' title="bbox 311 5284 1970 5354">
     <span class='ocr_line' id='line_1_102' title="bbox 311 5284 1970 5354; baseline -0.001 -11"><span class='ocrx_word' id='word_1_776' title='bbox 311 5292 423 5353; x_wconf 91' lang='lat' dir='ltr'>est,</span> <span class='ocrx_word' id='word_1_777' title='bbox 456 5291 522 5342; x_wconf 94' lang='lat' dir='ltr'>ut</span> <span class='ocrx_word' id='word_1_778' title='bbox 549 5302 686 5342; x_wconf 88' lang='lat' dir='ltr'>cum</span> <span class='ocrx_word' id='word_1_779' title='bbox 717 5285 898 5342; x_wconf 88' lang='lat' dir='ltr'>habet</span> <span class='ocrx_word' id='word_1_780' title='bbox 952 5287 1265 5354; x_wconf 73' lang='lat' dir='ltr'>Gregorius</span> <span class='ocrx_word' id='word_1_781' title='bbox 1298 5302 1312 5354; x_wconf 89' lang='lat'><strong>;</strong></span> <span class='ocrx_word' id='word_1_782' title='bbox 1373 5288 1586 5353; x_wconf 81' lang='lat' dir='ltr'>Mente,</span> <span class='ocrx_word' id='word_1_783' title='bbox 1636 5284 1849 5352; x_wconf 87' lang='lat' dir='ltr'>Verbo,</span> <span class='ocrx_word' id='word_1_784' title='bbox 1910 5289 1970 5341; x_wconf 89' lang='lat' dir='ltr'>et</span> 
     </span>
    </p>
   </div>
   <div class='ocr_carea' id='block_1_103' title="bbox 311 5375 1964 5448">
    <p class='ocr_par' dir='ltr' id='par_1_103' title="bbox 311 5375 1964 5448">
     <span class='ocr_line' id='line_1_103' title="bbox 311 5375 1964 5448; baseline -0.003 -14"><span class='ocrx_word' id='word_1_785' title='bbox 311 5376 533 5448; x_wconf 88' lang='lat' dir='ltr'>Spiritu</span> <span class='ocrx_word' id='word_1_786' title='bbox 563 5393 683 5433; x_wconf 90' lang='lat' dir='ltr'>una</span> <span class='ocrx_word' id='word_1_787' title='bbox 743 5376 1120 5432; x_wconf 87' lang='lat' dir='ltr'>connaturali</span> <span class='ocrx_word' id='word_1_788' title='bbox 1178 5375 1504 5433; x_wconf 88' lang='lat' dir='ltr'>divinitate.</span> <span class='ocrx_word' id='word_1_789' title='bbox 1561 5377 1632 5431; x_wconf 92' lang='lat' dir='ltr'>Et</span> <span class='ocrx_word' id='word_1_790' title='bbox 1686 5390 1964 5432; x_wconf 88' lang='lat' dir='ltr'>rursum:</span> 
     </span>
    </p>
   </div>
   <div class='ocr_carea' id='block_1_104' title="bbox 310 5463 1968 5539">
    <p class='ocr_par' dir='ltr' id='par_1_104' title="bbox 310 5463 1968 5539">
     <span class='ocr_line' id='line_1_104' title="bbox 310 5463 1968 5539; baseline -0.001 -17"><span class='ocrx_word' id='word_1_791' title='bbox 310 5465 576 5522; x_wconf 88' lang='lat' dir='ltr'>Primum</span> <span class='ocrx_word' id='word_1_792' title='bbox 609 5464 849 5537; x_wconf 88' lang='lat' dir='ltr'>quidem</span> <span class='ocrx_word' id='word_1_793' title='bbox 883 5463 1222 5520; x_wconf 88' lang='lat' dir='ltr'>considerat</span> <span class='ocrx_word' id='word_1_794' title='bbox 1250 5465 1548 5539; x_wconf 49' lang='lat' dir='ltr'>angelicas</span> <span class='ocrx_word' id='word_1_795' title='bbox 1577 5465 1872 5538; x_wconf 78' lang='lat' dir='ltr'>potentias</span> <span class='ocrx_word' id='word_1_796' title='bbox 1900 5481 1968 5522; x_wconf 94' lang='lat' dir='ltr'>ac</span> 
     </span>
    </p>
   </div>
   <div class='ocr_carea' id='block_1_105' title="bbox 310 5555 1969 5628">
    <p class='ocr_par' dir='ltr' id='par_1_105' title="bbox 310 5555 1969 5628">
     <span class='ocr_line' id='line_1_105' title="bbox 310 5555 1969 5628; baseline -0.001 -14"><span class='ocrx_word' id='word_1_797' title='bbox 310 5556 582 5614; x_wconf 81' lang='lat' dir='ltr'>ccelestes</span> <span class='ocrx_word' id='word_1_798' title='bbox 606 5562 661 5612; x_wconf 90' lang='lat' dir='ltr'>et</span> <span class='ocrx_word' id='word_1_799' title='bbox 687 5559 1012 5628; x_wconf 87' lang='lat' dir='ltr'>conceptus</span> <span class='ocrx_word' id='word_1_800' title='bbox 1031 5555 1241 5611; x_wconf 84' lang='lat' dir='ltr'>Mentis</span> <span class='ocrx_word' id='word_1_801' title='bbox 1273 5573 1421 5628; x_wconf 88' lang='lat' dir='ltr'>opus</span> <span class='ocrx_word' id='word_1_802' title='bbox 1451 5555 1563 5612; x_wconf 84' lang='lat' dir='ltr'>fuit</span> <span class='ocrx_word' id='word_1_803' title='bbox 1584 5555 1772 5612; x_wconf 83' lang='lat' dir='ltr'>Verbo</span> <span class='ocrx_word' id='word_1_804' title='bbox 1805 5573 1969 5613; x_wconf 85' lang='lat' dir='ltr'>com—</span> 
     </span>
    </p>
   </div>
   <div class='ocr_carea' id='block_1_106' title="bbox 310 5644 1968 5724">
    <p class='ocr_par' dir='ltr' id='par_1_106' title="bbox 310 5644 1968 5724">
     <span class='ocr_line' id='line_1_106' title="bbox 310 5644 1968 5724; baseline 0.001 -17"><span class='ocrx_word' id='word_1_805' title='bbox 310 5648 539 5724; x_wconf 89' lang='lat' dir='ltr'>pletum</span> <span class='ocrx_word' id='word_1_806' title='bbox 578 5650 639 5704; x_wconf 93' lang='lat' dir='ltr'>et</span> <span class='ocrx_word' id='word_1_807' title='bbox 692 5645 917 5723; x_wconf 86' lang='lat' dir='ltr'>Spiritu</span> <span class='ocrx_word' id='word_1_808' title='bbox 969 5644 1319 5720; x_wconf 81' lang='lat' dir='ltr'>perfectum.</span> <span class='ocrx_word' id='word_1_809' title='bbox 1379 5670 1407 5701; x_wconf 83' lang='lat'><strong>«</strong></span> <span class='ocrx_word' id='word_1_810' title='bbox 1440 5648 1697 5709; x_wconf 81' lang='lat' dir='ltr'>Mentem</span> <span class='ocrx_word' id='word_1_811' title='bbox 1750 5648 1968 5709; x_wconf 80' lang='lat' dir='ltr'>Christi</span> 
     </span>
    </p>
   </div>
   <div class='ocr_carea' id='block_1_107' title="bbox 340 5746 901 5831">
    <p class='ocr_par' dir='ltr' id='par_1_107' title="bbox 340 5746 901 5831">
     <span class='ocr_line' id='line_1_107' title="bbox 340 5746 901 5831; baseline -0.007 -22"><span class='ocrx_word' id='word_1_812' title='bbox 340 5821 345 5824; x_wconf 32' lang='grc'>,</span> <span class='ocrx_word' id='word_1_813' title='bbox 381 5749 432 5790; x_wconf 74' lang='grc'>’⁸</span> <span class='ocrx_word' id='word_1_814' title='bbox 456 5747 671 5831; x_wconf 83' lang='lat' dir='ltr'>IICor.</span> <span class='ocrx_word' id='word_1_815' title='bbox 701 5762 782 5816; x_wconf 70' lang='grc' dir='ltr'>γι,</span> <span class='ocrx_word' id='word_1_816' title='bbox 812 5746 901 5807; x_wconf 73' lang='grc'>16.</span> 
     </span>
    </p>
   </div>
   <div class='ocr_carea' id='block_1_108' title="bbox 2071 4829 3730 4913">
    <p class='ocr_par' dir='ltr' id='par_1_108' title="bbox 2071 4829 3730 4913">
     <span class='ocr_line' id='line_1_108' title="bbox 2071 4829 3730 4913; baseline 0.002 -22"><span class='ocrx_word' id='word_1_817' title='bbox 2071 4835 2309 4908; x_wconf 84' lang='grc' dir='ltr'>Χριστοῦ</span> <span class='ocrx_word' id='word_1_818' title='bbox 2367 4829 2610 4908; x_wconf 77' lang='grc' dir='ltr'>ἔχουσιν.</span> <span class='ocrx_word' id='word_1_819' title='bbox 2668 4856 2697 4886; x_wconf 71' lang='grc' dir='ltr'>»δ</span> <span class='ocrx_word' id='word_1_820' title='bbox 2757 4831 2957 4895; x_wconf 77' lang='grc' dir='ltr'>Ἄλλο.</span> <span class='ocrx_word' id='word_1_821' title='bbox 3017 4834 3086 4892; x_wconf 86' lang='grc' dir='ltr'>Ἣ</span> <span class='ocrx_word' id='word_1_822' title='bbox 3143 4839 3266 4891; x_wconf 91' lang='grc' dir='ltr'>νοῦν</span> <span class='ocrx_word' id='word_1_823' title='bbox 3339 4838 3578 4913; x_wconf 88' lang='grc' dir='ltr'>Χριστοῦ</span> <span class='ocrx_word' id='word_1_824' title='bbox 3633 4839 3730 4894; x_wconf 81' lang='grc' dir='ltr'>τὸν</span> 
     </span>
    </p>
   </div>
   <div class='ocr_carea' id='block_1_109' title="bbox 2073 4921 3730 5000">
    <p class='ocr_par' dir='ltr' id='par_1_109' title="bbox 2073 4921 3730 5000">
     <span class='ocr_line' id='line_1_109' title="bbox 2073 4921 3730 5000; baseline 0.002 -19"><span class='ocrx_word' id='word_1_825' title='bbox 2073 4922 2284 4997; x_wconf 78' lang='grc' dir='ltr'>Πατέρα</span> <span class='ocrx_word' id='word_1_826' title='bbox 2340 4921 2517 4981; x_wconf 87' lang='grc' dir='ltr'>καλεῖ.</span> <span class='ocrx_word' id='word_1_827' title='bbox 2578 4945 2606 4976; x_wconf 76' lang='grc' dir='ltr'>α</span> <span class='ocrx_word' id='word_1_828' title='bbox 2660 4924 2933 5000; x_wconf 82' lang='grc' dir='ltr'>Ἕχομεν,</span> <span class='ocrx_word' id='word_1_829' title='bbox 2992 4925 3182 5000; x_wconf 78' lang='grc' dir='ltr'>φησὶν,</span> <span class='ocrx_word' id='word_1_830' title='bbox 3243 4925 3295 4982; x_wconf 74' lang='grc' dir='ltr'>ἐν</span> <span class='ocrx_word' id='word_1_831' title='bbox 3358 4928 3573 4992; x_wconf 71' lang='grc' dir='ltr'>ἑαυτοῖς</span> <span class='ocrx_word' id='word_1_832' title='bbox 3631 4929 3730 4985; x_wconf 78' lang='grc' dir='ltr'>τὸν</span> 
     </span>
    </p>
   </div>
   <div class='ocr_carea' id='block_1_110' title="bbox 2071 5013 3730 5089">
    <p class='ocr_par' dir='ltr' id='par_1_110' title="bbox 2071 5013 3730 5089">
     <span class='ocr_line' id='line_1_110' title="bbox 2071 5013 3730 5089; baseline 0.002 -20"><span class='ocrx_word' id='word_1_833' title='bbox 2071 5018 2169 5069; x_wconf 84' lang='grc' dir='ltr'>τοῦ</span> <span class='ocrx_word' id='word_1_834' title='bbox 2199 5016 2436 5089; x_wconf 82' lang='grc' dir='ltr'>Χριστοῦ</span> <span class='ocrx_word' id='word_1_835' title='bbox 2494 5015 2723 5089; x_wconf 67' lang='grc' dir='ltr'>Πατέρα,</span> <span class='ocrx_word' id='word_1_836' title='bbox 2782 5013 2857 5077; x_wconf 80' lang='grc' dir='ltr'>ὡς</span> <span class='ocrx_word' id='word_1_837' title='bbox 2914 5014 2999 5085; x_wconf 86' lang='grc' dir='ltr'>τὸ,</span> <span class='ocrx_word' id='word_1_838' title='bbox 3058 5018 3368 5088; x_wconf 76' lang='grc' dir='ltr'>Ἐνοικήσω</span> <span class='ocrx_word' id='word_1_839' title='bbox 3425 5017 3478 5075; x_wconf 69' lang='grc' dir='ltr'>ἐν</span> <span class='ocrx_word' id='word_1_840' title='bbox 3537 5018 3730 5081; x_wconf 79' lang='grc' dir='ltr'>αὐτοῖς</span> 
     </span>
    </p>
   </div>
   <div class='ocr_carea' id='block_1_111' title="bbox 2072 5102 3730 5183">
    <p class='ocr_par' dir='ltr' id='par_1_111' title="bbox 2072 5102 3730 5183">
     <span class='ocr_line' id='line_1_111' title="bbox 2072 5102 3730 5183; baseline 0.003 -24"><span class='ocrx_word' id='word_1_841' title='bbox 2072 5102 2163 5160; x_wconf 81' lang='grc' dir='ltr'>καὶ</span> <span class='ocrx_word' id='word_1_842' title='bbox 2202 5102 2654 5180; x_wconf 75' lang='grc' dir='ltr'>ἐμπεριπατήσω.</span> <span class='ocrx_word' id='word_1_843' title='bbox 2687 5127 2719 5157; x_wconf 79' lang='grc'>»</span> <span class='ocrx_word' id='word_1_844' title='bbox 2777 5104 2920 5161; x_wconf 88' lang='grc' dir='ltr'>Νοῦν</span> <span class='ocrx_word' id='word_1_845' title='bbox 2978 5107 3082 5182; x_wconf 73' lang='grc' dir='ltr'>γὰρ</span> <span class='ocrx_word' id='word_1_846' title='bbox 3135 5107 3227 5162; x_wconf 85' lang='grc' dir='ltr'>τὸν</span> <span class='ocrx_word' id='word_1_847' title='bbox 3282 5109 3494 5183; x_wconf 79' lang='grc' dir='ltr'>Ηατέρα</span> <span class='ocrx_word' id='word_1_848' title='bbox 3550 5107 3730 5182; x_wconf 72' lang='grc' dir='ltr'>λέγειν</span> 
     </span>
    </p>
   </div>
   <div class='ocr_carea' id='block_1_112' title="bbox 2075 5191 3732 5275">
    <p class='ocr_par' dir='ltr' id='par_1_112' title="bbox 2075 5191 3732 5275">
     <span class='ocr_line' id='line_1_112' title="bbox 2075 5191 3732 5275; baseline 0.002 -26"><span class='ocrx_word' id='word_1_849' title='bbox 2075 5191 2196 5256; x_wconf 73' lang='grc' dir='ltr'>ἔθος</span> <span class='ocrx_word' id='word_1_850' title='bbox 2229 5198 2345 5256; x_wconf 88' lang='grc' dir='ltr'>τοῖς</span> <span class='ocrx_word' id='word_1_851' title='bbox 2377 5192 2580 5268; x_wconf 85' lang='grc' dir='ltr'>ἀγίοις,</span> <span class='ocrx_word' id='word_1_852' title='bbox 2621 5193 2696 5256; x_wconf 83' lang='grc' dir='ltr'>ὡς</span> <span class='ocrx_word' id='word_1_853' title='bbox 2738 5195 3070 5271; x_wconf 73' lang='grc' dir='ltr'>Γρηγόριοςο</span> <span class='ocrx_word' id='word_1_854' title='bbox 3129 5197 3230 5254; x_wconf 80' lang='grc' dir='ltr'>Καὶ</span> <span class='ocrx_word' id='word_1_855' title='bbox 3281 5202 3374 5269; x_wconf 83' lang='grc' dir='ltr'>Νῷ</span> <span class='ocrx_word' id='word_1_856' title='bbox 3421 5199 3511 5253; x_wconf 75' lang='grc' dir='ltr'>καὶ</span> <span class='ocrx_word' id='word_1_857' title='bbox 3563 5196 3732 5275; x_wconf 84' lang='grc' dir='ltr'>Λόγῳ</span> 
     </span>
    </p>
   </div>
   <div class='ocr_carea' id='block_1_113' title="bbox 2073 5283 3736 5359">
    <p class='ocr_par' dir='ltr' id='par_1_113' title="bbox 2073 5283 3736 5359">
     <span class='ocr_line' id='line_1_113' title="bbox 2073 5283 3736 5359; baseline 0.004 -22"><span class='ocrx_word' id='word_1_858' title='bbox 2073 5283 2463 5356; x_wconf 83' lang='grc' dir='ltr'>καὶΙΙνεύματι</span> <span class='ocrx_word' id='word_1_859' title='bbox 2512 5287 2582 5358; x_wconf 77' lang='grc' dir='ltr'>τῇ</span> <span class='ocrx_word' id='word_1_860' title='bbox 2644 5289 2744 5356; x_wconf 82' lang='grc' dir='ltr'>μιᾷ</span> <span class='ocrx_word' id='word_1_861' title='bbox 2790 5283 3103 5359; x_wconf 76' lang='grc' dir='ltr'>συμπεωυΐᾳ</span> <span class='ocrx_word' id='word_1_862' title='bbox 3162 5287 3400 5357; x_wconf 82' lang='grc' dir='ltr'>θεότητι.</span> <span class='ocrx_word' id='word_1_863' title='bbox 3460 5289 3565 5346; x_wconf 75' lang='grc' dir='ltr'>Καὶ</span> <span class='ocrx_word' id='word_1_864' title='bbox 3623 5291 3736 5344; x_wconf 81' lang='grc' dir='ltr'>πά-</span> 
     </span>
    </p>
   </div>
   <div class='ocr_carea' id='block_1_114' title="bbox 2077 5371 3743 5452">
    <p class='ocr_par' dir='ltr' id='par_1_114' title="bbox 2077 5371 3743 5452">
     <span class='ocr_line' id='line_1_114' title="bbox 2077 5371 3743 5452; baseline 0.002 -23"><span class='ocrx_word' id='word_1_865' title='bbox 2077 5371 2186 5430; x_wconf 86' lang='grc' dir='ltr'>λιν·</span> <span class='ocrx_word' id='word_1_866' title='bbox 2221 5377 2444 5448; x_wconf 82' lang='grc' dir='ltr'>Πρῶτον</span> <span class='ocrx_word' id='word_1_867' title='bbox 2498 5373 2595 5446; x_wconf 79' lang='grc' dir='ltr'>μὶν</span> <span class='ocrx_word' id='word_1_868' title='bbox 2623 5373 2793 5431; x_wconf 77' lang='grc' dir='ltr'>ἐννοεὶ</span> <span class='ocrx_word' id='word_1_869' title='bbox 2850 5376 2948 5438; x_wconf 87' lang='grc' dir='ltr'>τὰς</span> <span class='ocrx_word' id='word_1_870' title='bbox 3006 5374 3297 5451; x_wconf 64' lang='grc' dir='ltr'>ἀγγελικᾶκ</span> <span class='ocrx_word' id='word_1_871' title='bbox 3352 5373 3611 5452; x_wconf 83' lang='grc' dir='ltr'>δυνάμεις</span> <span class='ocrx_word' id='word_1_872' title='bbox 3643 5380 3743 5434; x_wconf 86' lang='grc' dir='ltr'>καὶ</span> 
     </span>
    </p>
   </div>
   <div class='ocr_carea' id='block_1_115' title="bbox 2076 5461 3741 5543">
    <p class='ocr_par' dir='ltr' id='par_1_115' title="bbox 2076 5461 3741 5543">
     <span class='ocr_line' id='line_1_115' title="bbox 2076 5461 3741 5543; baseline 0.002 -22"><span class='ocrx_word' id='word_1_873' title='bbox 2076 5464 2384 5539; x_wconf 77' lang='grc' dir='ltr'>οὐρανίους,</span> <span class='ocrx_word' id='word_1_874' title='bbox 2414 5465 2505 5520; x_wconf 88' lang='grc' dir='ltr'>καὶ</span> <span class='ocrx_word' id='word_1_875' title='bbox 2534 5466 2596 5520; x_wconf 87' lang='grc' dir='ltr'>τὸ</span> <span class='ocrx_word' id='word_1_876' title='bbox 2630 5464 2908 5539; x_wconf 82' lang='grc' dir='ltr'>Ἐννόημα</span> <span class='ocrx_word' id='word_1_877' title='bbox 2935 5461 3096 5541; x_wconf 64' lang='grc' dir='ltr'>ἔργον</span> <span class='ocrx_word' id='word_1_878' title='bbox 3125 5466 3214 5536; x_wconf 76' lang='grc' dir='ltr'>ἧν,</span> <span class='ocrx_word' id='word_1_879' title='bbox 3274 5467 3437 5543; x_wconf 83' lang='grc' dir='ltr'>Λόγῳ</span> <span class='ocrx_word' id='word_1_880' title='bbox 3470 5465 3741 5543; x_wconf 81' lang='grc' dir='ltr'>συμπλη-</span> 
     </span>
    </p>
   </div>
   <div class='ocr_carea' id='block_1_116' title="bbox 2079 5554 3746 5635">
    <p class='ocr_par' dir='ltr' id='par_1_116' title="bbox 2079 5554 3746 5635">
     <span class='ocr_line' id='line_1_116' title="bbox 2079 5554 3746 5635; baseline 0.002 -24"><span class='ocrx_word' id='word_1_881' title='bbox 2079 5555 2363 5633; x_wconf 71' lang='grc' dir='ltr'>ρούμενον,</span> <span class='ocrx_word' id='word_1_882' title='bbox 2393 5556 2482 5611; x_wconf 82' lang='grc' dir='ltr'>καὶ</span> <span class='ocrx_word' id='word_1_883' title='bbox 2544 5554 2814 5628; x_wconf 76' lang='grc' dir='ltr'>Πνεῦματι</span> <span class='ocrx_word' id='word_1_884' title='bbox 2867 5554 3275 5621; x_wconf 68' lang='grc' dir='ltr'>τελειοῦμενον.</span> <span class='ocrx_word' id='word_1_885' title='bbox 3328 5582 3355 5610; x_wconf 87' lang='grc' dir='ltr'>ι(</span> <span class='ocrx_word' id='word_1_886' title='bbox 3415 5562 3556 5615; x_wconf 66' lang='grc' dir='ltr'>Νοῦν</span> <span class='ocrx_word' id='word_1_887' title='bbox 3604 5564 3746 5635; x_wconf 82' lang='grc' dir='ltr'>Χρι-</span> 
     </span>
    </p>
   </div>
   <div class='ocr_carea' id='block_1_117' title="bbox 2078 5643 3745 5728">
    <p class='ocr_par' dir='ltr' id='par_1_117' title="bbox 2078 5643 3745 5728">
     <span class='ocr_line' id='line_1_117' title="bbox 2078 5643 3745 5728; baseline 0 -23"><span class='ocrx_word' id='word_1_888' title='bbox 2078 5649 2207 5705; x_wconf 86' lang='grc' dir='ltr'>στοῦ</span> <span class='ocrx_word' id='word_1_889' title='bbox 2233 5643 2464 5724; x_wconf 68' lang='grc' dir='ltr'>ἵχομεν.</span> <span class='ocrx_word' id='word_1_890' title='bbox 2498 5668 2529 5700; x_wconf 72' lang='lat' dir='ltr'>n</span> <span class='ocrx_word' id='word_1_891' title='bbox 2556 5645 2837 5721; x_wconf 75' lang='grc' dir='ltr'>Τουτὲστι,</span> <span class='ocrx_word' id='word_1_892' title='bbox 2868 5644 2937 5701; x_wconf 83' lang='grc' dir='ltr'>τά</span> <span class='ocrx_word' id='word_1_893' title='bbox 2981 5644 3035 5702; x_wconf 79' lang='grc' dir='ltr'>ἐν</span> <span class='ocrx_word' id='word_1_894' title='bbox 3079 5650 3159 5721; x_wconf 79' lang='grc' dir='ltr'>τῷ</span> <span class='ocrx_word' id='word_1_895' title='bbox 3202 5652 3280 5722; x_wconf 79' lang='grc' dir='ltr'>νῷ</span> <span class='ocrx_word' id='word_1_896' title='bbox 3326 5651 3424 5705; x_wconf 85' lang='grc' dir='ltr'>τοῦ</span> <span class='ocrx_word' id='word_1_897' title='bbox 3475 5650 3745 5728; x_wconf 82' lang='grc' dir='ltr'>Χριστοῦ·</span> 
     </span>
    </p>
   </div>
  </div>
