4122 6426
369 367 495 433 669

1296 369 1719 438 COMMENT.
1764 371 1847 434 IN
1888 369 2144 435 EPIST.
2187 370 2213 432 Ι
2257 367 2365 431 ΑΒ
2408 369 2790 433 CORINTH.

3680 375 3801 439 670

362 502 479 564 Καὶ
508 505 676 562 ταῦτα
706 498 891 578 ἴσμεν,
943 505 1079 582 ἅπερ
1129 503 1294 571 αύτδς
1355 505 1614 584 βούλεται
1673 507 1765 563 καὶ
1821 503 2021 564 ἀπεκά-

2141 507 2495 565 Ιιεὼεωιιε..
2532 509 2653 564 Hoc
2682 512 2792 576 est,
2825 525 2957 582 quia
2987 510 3049 567 in
3078 515 3343 569 mentem
3375 510 3594 568 Christi
3620 514 3803 570 sunt:

366 593 564 670 λυψεν.
595 626 660 639 -—
696 595 937 670 [ΙΩΑΝ.,
978 597 1288 672 ΘΕΟΔΩΡ.]
1322 595 1516 659 Καλῶς
1543 593 1600 654 δὲ
1630 596 1737 653 ἀπὸ
1778 602 1879 666 τῆς
1928 600 2026 652 τοῦ

374 689 514 741 Θεοῦ
542 683 878 756 ἀξιοπιστίας
913 683 1256 744 ἐπιστώσατο
1287 686 1377 742 τὸν
1414 686 1714 767 μετέχοντα
1744 684 2027 767 χαρίσμα-

367 796 467 839 τος
490 779 884 850 πνευματικοῦ.
914 778 1056 848 μήτε
1085 773 1292 842 δεῖσθαι
1313 784 1414 848 τῆς
1436 775 1619 854 ὲτὲρου
1647 772 2023 848 διδασκαλίας,

363 866 463 922 καὶ
485 865 666 922 ἱκανὸν
689 864 828 922 εἶναι
859 862 1129 923 διδάσκειν
1162 866 1398 945 ἑτέρους·
1423 866 1496 923 Ού
1528 866 1633 947 γάρ
1666 866 1801 937 ἐστι,
1833 888 1905 943 φη
1918 867 2022 937 σῖν,

360 958 399 1015 ὁ
432 979 668 1015 συνιεναι
700 956 999 1036 δυνάμενος
1026 960 1094 1016 τὰ
1124 960 1477 1037 βουλεύματα
1526 964 1629 1016 τοῦ
1678 962 1833 1027 Θεοῦ,
1884 957 2026 1015 ὥστε

357 1050 491 1107 τινέι
516 1050 668 1125 αύτῷ
695 1051 786 1109 καὶ
835 1057 1212 1128 προσενεγκεῖν
1274 1048 1584 1128 διόρθωσιν.
1645 1052 1836 1125 Ἡμεῖς
1894 1049 2023 1123 μέν·

356 1160 453 1196 τοι
488 1141 633 1216 παρὰ
662 1144 761 1199 τοῦ
789 1142 1026 1215 Χριστοῦ
1057 1139 1149 1198 διὰ
1175 1148 1276 1213 τῆς
1304 1141 1387 1198 ἐπ’
1419 1140 1580 1198 αότὸν
1637 1139 1870 1204 πίστεως
1923 1141 2022 1211 τήν

359 1227 579 1288 σύνεσιν
621 1227 927 1306 δεξάμενοι,
985 1229 1076 1287 καὶ
1134 1227 1406 1287 διδάσκειν
1465 1229 1679 1306 ἑτέρους
1721 1228 2023 1305 ὑπισχνού-

363 1322 529 1396 μεθα.

432 1409 540 1471 Καὶ
646 1411 777 1490 ἐγὼ,
880 1408 1137 1494 ἀδελφοὶ,
1216 1411 1320 1467 οὐκ
1392 1408 1675 1484 ἠδυνήθην
1775 1406 2019 1479 λαλῆσαι

358 1500 496 1577 ὑμῖν
561 1502 637 1564 ὡς
712 1506 1133 1578 πνευματικοῖς,
1207 1499 1337 1559 ἀλλ’
1413 1501 1488 1563 ὡς
1565 1505 1869 1575 σαρκικοῖς,
1944 1499 2020 1564 ὡς

351 1590 585 1664 νηπίοις
633 1589 687 1648 ἐν
758 1594 998 1669 Χριστῷ.
1062 1588 1213 1647 Γάλα
1295 1591 1435 1667 ὑμᾶς
1526 1589 1749 1647 ἐπότισα
1804 1588 1896 1646 καὶ
1953 1590 2018 1647 οὗ

365 1683 589 1758 βρῶμα.
658 1680 814 1738 Οὕτω
864 1682 968 1759 γὰρ
1026 1677 1309 1760 ἐδύναφθε.
1379 1678 1535 1739 Ἀλλ’
1593 1676 1718 1736 οὔτε
1787 1673 1864 1735 ἔτι
1925 1683 2018 1735 νῦν

364 1770 614 1838 δύνασθε.
676 1774 797 1831 Ἔτι
857 1773 962 1850 γὰρ
1020 1771 1270 1850 σαρκικοί
1353 1771 1490 1831 ἔστε.
1571 1773 1749 1832 Ὅπου
1806 1773 1910 1851 γὰρ
1967 1768 2021 1827 ἐν

2146 604 2205 654 et
2234 598 2316 656 ita
2345 599 2757 672 cognoscimus
2791 617 2922 672 quae
2954 601 3078 673 ipse
3104 602 3229 657 vult
3285 609 3343 658 et
3395 602 3698 659 revelaxit.
3732 634 3803 647 -—

2142 689 2397 747 Pulchre
2431 697 2627 746 autem
2657 707 2690 745 a
2722 690 2823 746 Dei
2847 694 3197 748 auctoritate
3231 694 3638 750 corroboravit
3662 710 3801 750 eum

2142 779 2244 852 qui
2274 781 2574 853 particeps
2603 788 2763 837 esset
2793 782 3121 854 spiritualis
3173 783 3312 839 doni
3346 801 3360 838 :
3418 790 3485 839 ut
3537 784 3624 839 illi
3676 800 3800 840 non

2140 876 2299 926 esset
2319 888 2467 942 opus
2489 871 2736 927 alterius
2758 871 3159 935 doctrina,sed
3181 880 3352 945 aptus
3380 890 3617 945 quoque
3642 879 3799 931 esset

2140 966 2198 1017 et
2218 960 2369 1016 alios
2386 962 2839 1018 instruere.Non
2862 962 3020 1017 enim
3042 963 3589 1034 potest,inquit,Dei
3605 964 3800 1019 consi-

2140 1048 2223 1106 lia
2244 1050 2600 1125 intelligere,
2624 1058 2690 1106 ut
2714 1051 2959 1124 aliquod
2976 1052 3090 1124 ipsi
3122 1053 3329 1108 afferat
3352 1053 3660 1110 auxilium.
3681 1056 3796 1110 Nos

2142 1157 2289 1197 sane
2319 1144 2421 1214 qui
2452 1142 2914 1215 intelligentiam
2946 1158 2982 1198 a
3009 1141 3264 1203 Christo.
3298 1159 3405 1215 per
3434 1142 3615 1199 fidem
3665 1160 3797 1215 quas

2137 1230 2200 1288 in
2258 1233 2456 1304 ipsum
2517 1237 2608 1289 est
2662 1232 3024 1306 accepimus,
3087 1232 3237 1290 alios
3293 1248 3530 1306 quoque
3589 1231 3800 1291 docere

2135 1323 2518 1398 pollicemur.

2207 1413 2362 1470 488
2394 1413 2488 1469 ΙΙΙ.
2519 1412 2641 1468 1-3.
2676 1414 2746 1469 Et
2775 1428 2894 1484 ego.
2926 1414 3155 1483 fratres,
3177 1429 3289 1469 non
3318 1411 3485 1484 potui
3509 1412 3662 1484 loqui
3700 1430 3797 1471 υο-

2137 1504 2217 1560 bis
2245 1510 2307 1559 ut
2333 1501 2739 1574 spiritualibus.
2773 1504 2867 1558 sed
2906 1504 3237 1574 loquendum
3286 1506 3399 1573 fuit
3446 1508 3508 1558 ut
3536 1503 3792 1559 carnali-

2137 1595 2253 1661 bus,
2284 1600 2347 1649 ut
2377 1594 2687 1663 infantibus
2715 1595 2775 1648 in
2797 1593 3030 1651 Christo.
3066 1596 3250 1651 Laetis
3264 1599 3402 1665 potu
3422 1608 3514 1650 vos
3539 1593 3657 1648 nlui
3677 1609 3789 1647 non

2137 1685 2296 1742 cibo:
2329 1685 2572 1739 nondum
2607 1686 2751 1739 enim
2776 1681 3068 1754 poteratis,
3099 1684 3213 1739 imo
3260 1700 3330 1739 ne
3379 1700 3529 1738 nunc
3569 1684 3789 1754 quidem

2138 1775 2321 1832 adhuc
2336 1777 2731 1847 potestis.Nam
2748 1775 2930 1830 adhuc
2943 1774 3194 1830 carnales
3211 1773 3647 1846 estis.Siquidem
3665 1791 3791 1829 cum

364 1864 498 1939 ὑμῖν
603 1861 796 1934 ζῆλος,
870 1864 960 1920 καὶ
1035 1859 1173 1941 ἔρις,
1247 1861 1338 1919 καὶ
1442 1859 1808 1940 διχοστασίαι,
1885 1859 2014 1937 οὐχὶ

2139 1867 2285 1922 inter
2310 1882 2401 1922 vos
2425 1867 2538 1923 sint
2566 1867 2847 1922 wmulatio
2882 1872 2935 1921 et
2964 1867 3245 1922 contentio
3274 1882 3338 1921 ac
3363 1867 3654 1936 factiones,
3681 1881 3797 1920 an-

360 1951 612 2032 σαρκικοί
679 1953 819 2025 ἐστε,
893 1954 985 2010 καὶ
1044 1953 1181 2011 κατὰ
1235 1950 1515 2030 ἄνθρωπον
1607 1956 2010 2030 περιπατεῖτει

437 2069 467 2097 ι(
499 2044 614 2103 Οὐκ
642 2041 924 2119 ἠδυνήθην
951 2043 1195 2117 λαλῆσαι
1230 2047 1355 2121 ὑμῖν
1405 2046 1481 2113 ὠς
1535 2053 1946 2123 πνευματικοῖς.
1984 2070 2007 2102 ι

362 2128 706 2193 Καταϐαλὼν
730 2133 910 2191 αύτῶν
939 2135 1030 2191 τὸν
1084 2132 1174 2192 ἐπὶ
1223 2142 1291 2207 τῆ
1352 2136 1662 2214 ἀνθρωπίνῃ
1717 2137 1877 2220 σοιρῖᾳ
1917 2141 2014 2194 τῦ-

360 2246 486 2306 ιρον,
518 2228 610 2280 νῦν
643 2221 789 2281 θέλει
819 2218 1149 2282 καταϐαλεῖν
1178 2225 1268 2281 καὶ
1298 2226 1389 2282 τὸν
1446 2226 1499 2282 ἐν
1554 2232 1672 2293 τοῖς
1728 2218 2018 2303 πνευματιο

356 2320 503 2380 κοῖς,
560 2311 771 2378 δεικνὺς
832 2314 914 2370 ὅτι
974 2312 1103 2371 οὕτε
1185 2315 1412 2373 ἀκοῦσαί
1462 2337 1514 2372 τι
1570 2317 1783 2374 τὲλειον
1845 2317 2013 2380 ἴσασι.

359 2402 556 2467 Καλῶς
585 2402 643 2460 δὲ
671 2404 757 2473 τὸ,
791 2428 819 2457 ιι
853 2403 972 2462 Οὐκ
993 2401 1294 2477 ἠδυνήθην,
1328 2431 1353 2457 υ
1392 2404 1511 2462 ἀντὶ
1540 2410 1640 2463 τοῦ
1690 2406 1792 2465 ιιύκ
1837 2402 2017 2479 ἠϐου-

362 2494 573 2565 λήθην,
605 2490 699 2549 ’ίνα
731 2497 810 2570 μὴ
840 2490 970 2570 δόξῃ
1006 2490 1096 2549 διὰ
1122 2494 1319 2571 φθόνον
1352 2495 1647 2572 εἰρηκέναι.
1681 2520 1710 2550 ιι
1751 2495 1915 2554 Ἀλλ’
1944 2498 2019 2561 ὡς

367 2588 721 2661 σαρκικοῖς..
761 2584 858 2639 Καὶ
888 2588 1007 2648 πῶς
1059 2585 1196 2655 ἦσαν
1254 2585 1503 2660 σαρκικοὶ
1559 2585 1611 2643 οἱ
1667 2587 1759 2643 καὶ
1817 2590 2020 2662 σημεῖα

364 2678 651 2738 ποιοῦντες
678 2693 693 2745 ;
723 2673 828 2732 Καί
859 2694 1055 2752 φαμεν,
1088 2674 1173 2730 ’ὁτι
1202 2674 1338 2745 ἦσαν
1368 2677 1459 2733 καὶ
1487 2680 1753 2749 τοιοῦτοι,
1806 2678 1897 2734 καὶ
1956 2679 2018 2735 ού

363 2774 629 2828 τοιοῦτοι.
689 2770 845 2826 Ἐστι
904 2770 1008 2847 γὰρ
1065 2769 1157 2826 καὶ
1212 2776 1418 2844 σημεῖα
1472 2777 1679 2841 ποιεῖν,
1737 2772 1828 2829 καὶ
1885 2772 2022 2830 εἶναι

361 2860 643 2935 σαρκικὸν,
675 2859 750 2923 ὡς
780 2860 833 2916 ο⁶ι
880 2856 1162 2937 λέγοντες,
1209 2884 1239 2914 ιι
1293 2861 1479 2937 Κύριε,
1518 2861 1582 2918 ού
1630 2866 1712 2936 τῷ
1768 2867 1848 2937 σῷ
1905 2862 2023 2920 ὀνό-

364 2954 590 3029 ματιτὸ
629 2954 722 3010 καὶ
778 2953 842 3009 τὸ
897 2956 1302 3029 πεποιήκαμεν,
1362 2956 1452 3012 καὶ
1511 2956 1850 3023 ἀκούσαντες.
1907 2956 2025 3016 Οὐκ

365 3042 488 3102 οἶδα
520 3043 686 3119 ὑμᾶς.
720 3068 751 3097 ››
785 3076 851 3088 -
881 3067 910 3098 ιι
942 3044 1034 3109 Ὠς
1062 3046 1284 3117 νηπίοις
1314 3044 1365 3100 ἓν
1425 3048 1668 3122 Χριστῷ*
1701 3073 1731 3101 ››
1781 3048 2021 3120 Νηπίοις

364 3136 488 3192 ’ὸσον
546 3134 677 3205 ἧκεν
740 3135 819 3199 είς
873 3136 999 3199 τοὺς
1056 3135 1261 3212 νόμους
1326 3136 1423 3192 τοῦ
1480 3137 1735 3211 Χριστοῦ·
1790 3160 1819 3191 ιι
1876 3137 2024 3194 Γάλα

365 3222 503 3298 ὑμᾶς
525 3222 770 3281 ἐπότισα.
805 3247 826 3274 ι
879 3221 1054 3294 Γάλα,
1112 3225 1270 3305 φησί,
1327 3226 1428 3296 τήν
1490 3221 1575 3281 ἔτι
1632 3223 1800 3297 ἀτελῆ
1861 3223 2022 3282 διδα-

363 3313 613 3384 σκαλίαν,
651 3314 852 3390 βρῶμα
882 3310 939 3369 δὲ
966 3315 1065 3385 τὴν
1105 3310 1343 3373 τελείαν.
1378 3338 1407 3366 »δ
1467 3311 1635 3374 Οὔπω
1682 3316 1784 3392 γὰρ
1835 3313 2023 3372 ἐδύνα-

365 3404 471 3460 σθε.
532 3428 556 3458 ι
620 3399 869 3472 Ἐπειδὴ,
933 3401 1091 3477 φησὶ,
1146 3405 1223 3478 μὴ
1282 3396 1597 3469 ἐϐούλεσθε.
1685 3405 1863 3462 Τοῦτο
1920 3405 2026 3481 γὰρ

369 3493 577 3569 προϊὼν
641 3489 934 3562 δείκνυσιν,
993 3492 1080 3549 ’ὀτι
1136 3492 1283 3569 παρὰ
1329 3494 1431 3564 τὴν
1490 3495 1674 3552 αὐτῶν
1739 3494 1910 3552 αἰτίαν
1965 3495 2029 3552 τὸ

375 3580 761 3658 μὴδύνασθαι,
806 3581 938 3658 ’ὸπερ
1001 3581 1094 3638 καὶ
1160 3584 1494 3659 συγγνώμης
1553 3584 1804 3661 χηρεύει,
1858 3586 2031 3664 ἤγουν

379 3673 675 3750 ἀποστερεῖ.
714 3695 745 3726 ιι
774 3674 957 3728 Ὅπου
1008 3672 1113 3752 γὰρ
1158 3670 1213 3727 ἐν
1276 3673 1404 3747 ὑμῖν
1458 3671 1631 3746 ζῆλος
1683 3674 1776 3731 καὶ
1833 3673 1967 3752 ἔρις.
2006 3699 2033 3735 ι

381 3762 535 3837 Ὁρᾷς
562 3763 660 3833 τήν
691 3763 872 3819 αὐτῶν
925 3763 1064 3818 εἶναι
1115 3762 1469 3839 μοχθηρίαντ,
1520 3765 1622 3820 Καὶ
1670 3766 1789 3831 πῶς
1846 3766 2028 3841 ἐσμεν,

384 3852 526 3932 φησί,
575 3850 875 3930 σαρκικοίς
932 3849 1080 3929 λέγει
1138 3853 1239 3926 τήν
1296 3857 1458 3908 τοῦτο
1512 3853 1775 3911 ποιοῦσαν
1833 3856 2028 3928 αἰτίαν,

372 3942 460 3997 καὶ
509 3939 804 4017 δυνάμενος
861 3939 1148 4019 ἐγκαλέσαι
1194 3940 1296 3998 καὶ
1353 3939 1523 4017 ἄλλα,
1583 3945 1721 4020 πρὸς
1778 3945 1841 4002 τὸ
1897 3967 2031 4003 κατ-

371 4038 585 4110 επεῖγον
638 4031 850 4089 ἵσταται
913 4033 1038 4110 περὶ
1090 4034 1198 4089 τῶν
1282 4031 1678 4114 διχοστασιῶν,
1757 4039 1849 4093 καὶ
1934 4043 2032 4096 τοῦ

370 4117 514 4189 ἔνθεν
549 4120 750 4195 ζήλου,
781 4123 1002 4194 καὶτῆς
1034 4119 1237 4199 ἔριδος.
1299 4148 1327 4177 ‹‹
1389 4124 1488 4182 Καὶ
1546 4125 1684 4183 κατᾶ
1742 4125 2028 4204 ἄνθρωπον

369 4217 740 4290 περιπατεῖτε.
779 4237 801 4266 ι
866 4212 943 4271 Ού
1008 4213 1146 4270 κατὰ
1212 4215 1342 4271 Θεὸν
1408 4219 1558 4288 ζῆτε,
1627 4216 1816 4296 φησὶν,
1881 4216 2030 4278 ἀλλᾶ

365 4304 507 4360 κατὰ
535 4303 824 4380 ἄνθρωπον
857 4300 1231 4376 πολιτεύεσθε,
1264 4304 1437 4380 ἢγουν
1468 4310 1765 4383 σαρκικῶς,

2119 1974 2233 2014 ηοη
2254 1957 2502 2014 carnales
2539 1959 2688 2019 estis.
2721 1962 2774 2012 et
2802 1958 3099 2013 secundum
3131 1955 3406 2012 hominem
3435 1956 3729 2012 ambulatis
3763 1952 3792 2011 ?

2192 2070 2222 2098 «
2278 2049 2405 2104 Non
2464 2046 2631 2119 potui
2689 2046 2852 2118 loqui
2906 2046 3069 2103 vobis
3128 2052 3197 2102 ut
3253 2045 3686 2119 spiritualibus.
3746 2066 3775 2096 ››

2128 2137 2237 2195 Ubi
2296 2139 2567 2210 ipsorum
2620 2136 2843 2191 fastum
2903 2136 3006 2210 qui
3067 2135 3138 2192 de
3205 2136 3469 2193 humana
3528 2139 3655 2192 erat
3707 2151 3798 2192 sa-

2121 2228 2354 2301 pientia
2388 2227 2773 2300 depresisset,
2818 2226 2946 2282 vult
2992 2243 3151 2283 nunc
3199 2244 3335 2283 eum
3396 2242 3634 2299 quoque
3687 2225 3797 2282 de-

2123 2319 2383 2393 primere
2418 2319 2521 2390 qui
2572 2323 2631 2374 et
2673 2318 2737 2373 in
2793 2317 3209 2390 spiritualibus
3260 2323 3407 2387 erat,
3468 2316 3792 2373 ostendens

2124 2407 2283 2482 quod
2310 2424 2507 2481 neque
2538 2407 2748 2464 audire
2779 2413 3024 2480 possent
3067 2407 3373 2480 quidpiam
3431 2407 3788 2481 perfectum.

2125 2504 2283 2558 Bene
2313 2506 2516 2558 autem
2550 2500 2714 2564 dicit,
2751 2521 2781 2553 ‹‹
2813 2502 2939 2557 Non
2974 2500 3164 2574 potui,
3199 2521 3227 2551 υ
3258 2517 3364 2573 pro
3397 2517 3465 2557 eo
3492 2501 3651 2573 quod
3678 2506 3790 2560 est.

2126 2594 2255 2650 Non
2288 2591 2467 2658 volui,
2501 2607 2578 2647 ne
2608 2591 2723 2646 hoc
2754 2591 2977 2665 invidia
3004 2590 3222 2647 dixisse
3274 2591 3563 2647 videatur.
3622 2618 3648 2644 ι
3678 2590 3792 2647 Sed

2128 2684 2509 2758 loquendum
2536 2684 2648 2740 fuit
2676 2684 2748 2740 de
2781 2683 3140 2741 carnalibus.
3170 2711 3195 2733 υ
3232 2685 3298 2740 Et
3324 2685 3623 2756 quomodo
3661 2703 3793 2742 car-

2136 2775 2306 2832 nales
2337 2780 2509 2831 erant
2540 2774 2642 2847 qui
2673 2774 2853 2830 etiam
2884 2774 3053 2848 signa
3083 2774 3388 2830 edebant?
3419 2776 3488 2829 Et
3535 2775 3793 2833 dicimus

2129 2865 2289 2939 quod
2313 2871 2371 2922 et
2392 2864 2543 2922 tales
2565 2864 3010 2937 quodammodo
3035 2870 3207 2921 erant
3232 2870 3430 2920 etnon
3451 2865 3791 2922 tales.Con-

2128 2956 2305 3029 tingit
2336 2956 2495 3011 enim
2528 2960 2589 3010 et
2618 2955 2787 3028 signa
2816 2954 3026 3011 cedere
3048 2959 3108 3011 et
3133 2972 3261 3012 esse
3286 2955 3618 3024 carnalem;
3643 2974 3789 3029 qua-

2128 3048 2218 3105 les
2248 3052 2421 3103 erant
2450 3045 2538 3101 illi
2570 3045 2672 3118 qui
2703 3045 3018 3103 dicebant:
3055 3067 3082 3095 «
3118 3047 3386 3115 Domine,
3432 3064 3631 3103 nonne
3683 3065 3791 3123 per

2130 3152 2352 3193 nomen
2387 3140 2552 3191 tuum
2582 3135 2695 3191 hoc
2727 3139 2786 3191 et
2814 3134 2963 3191 illud
3008 3135 3299 3202 fecimus;
3333 3141 3393 3190 et
3421 3137 3746 3193 audierunt
3774 3152 3788 3192 :

2135 3227 2262 3282 Non
2294 3224 2434 3280 novi
2465 3241 2567 3280 vos
2595 3222 2661 3279 7‘.
2696 3246 2724 3274 η
2761 3254 2827 3264 -
2860 3245 2889 3274 ‹‹
2916 3224 2987 3280 Ut
3014 3223 3341 3281 infantibus
3372 3225 3432 3280 in
3473 3226 3727 3282 Christo.
3764 3249 3785 3276 ι

2136 3313 2470 3372 Infantibus
2502 3312 2662 3387 quod
2691 3312 2766 3370 ad
2796 3313 3008 3369 Christi
3040 3312 3199 3386 leges
3228 3314 3504 3386 pertinet.
3540 3338 3567 3365 ‹‹
3603 3316 3793 3372 Laetis

2137 3412 2284 3480 potu
2311 3422 2413 3461 vos
2472 3403 2613 3460 alui.
2680 3427 2700 3451 ι
2740 3403 2852 3460 Lac
2908 3403 3071 3471 dicit,
3132 3403 3542 3477 imperfectam
3600 3404 3796 3462 adhuc

2144 3495 2498 3563 doctrinam,
2522 3494 2721 3551 cibum
2750 3510 2887 3550 vero
2910 3493 3252 3567 perfectam.
3282 3518 3309 3543 ιι
3332 3495 3604 3551 Nondum
3633 3496 3795 3552 enim

2142 3588 2450 3662 poteratis.
2487 3610 2514 3637 ››
2544 3587 2836 3655 Quoniam
2891 3587 3107 3659 inquit,
3140 3587 3458 3657 noluistis;
3492 3605 3632 3645 nam
3680 3590 3795 3645 hoc

2143 3679 2206 3735 in
2236 3677 2625 3750 sequentibus
2654 3676 2917 3734 ostendit
2945 3677 3102 3750 quod
3135 3677 3401 3749 ipsorum
3431 3695 3613 3735 causa
3670 3684 3798 3734 erat

2144 3768 2304 3841 quod
2335 3785 2458 3824 non
2488 3772 2753 3840 possent,
2787 3766 2947 3838 quod
2993 3767 3173 3823 etiam
3221 3767 3383 3839 ipsos
3414 3784 3447 3823 a
3478 3768 3654 3825 venia
3701 3783 3796 3823 se-

2142 3863 2315 3931 parat
2343 3858 2465 3914 sive
2498 3874 2568 3913 ea
2588 3856 2796 3930 privat.
2823 3879 2843 3904 ι
2875 3855 3179 3927 Siquidem
3212 3873 3347 3913 cum
3369 3857 3527 3913 inter
3554 3874 3655 3912 vos
3677 3857 3798 3914 sint

2144 3949 2444 4006 aemulatio
2486 3952 2546 4004 et
2592 3947 2979 4019 contemptio.
3016 3967 3043 3995 »
3098 3945 3271 4002 Vides
3320 3946 3478 4019 quod
3524 3948 3795 4020 ipsorum

2142 4041 2398 4115 pravitas
2437 4037 2662 4095 fuerit?
2716 4039 2786 4093 Et
2843 4036 3142 4109 quomodo
3201 4053 3426 4099 sumus,
3487 4037 3793 4109 inquiunt,

2143 4129 2456 4189 carnales?
2484 4145 2724 4187 causam
2756 4127 2900 4183 dicit
2929 4144 3059 4199 quae
3091 4126 3203 4182 hoc
3243 4125 3479 4184 efficiat.
3535 4143 3791 4200 cumque

2141 4222 2321 4279 etiam
2379 4220 2453 4276 de
2505 4219 2641 4276 aliis
2699 4234 2979 4275 accusare
3037 4222 3257 4290 posset,
3347 4217 3532 4274 instat
3601 4216 3674 4272 ad
3729 4217 3790 4272 id

2144 4311 2304 4385 quod
2334 4314 2522 4385 urget,
2557 4324 2774 4381 nempe
2805 4306 2877 4363 de
2905 4306 3264 4363 factionibus
3302 4311 3360 4363 et
3408 4306 3791 4364 aemulatione

370 4412 504 4470 qum
534 4395 677 4452 inde
709 4394 1033 4467 oriebatur,
1064 4394 1362 4470 simulque
1413 4399 1819 4457 contentione.
1883 4421 1912 4452 ιι
1942 4402 2014 4458 Ει
2069 4401 2398 4460 secundum
2450 4400 2760 4457 hominem
2821 4396 3160 4456 ambulatis.
3195 4417 3224 4449 »
3282 4398 3408 4453 Non
3460 4395 3793 4455 secundum

369 4486 557 4544 Deum
587 4487 800 4558 vivitis,
835 4485 941 4544 sed
971 4484 1301 4543 secundum
1336 4486 1643 4545 hominem
1673 4492 2126 4560 conversamini,
2159 4493 2272 4549 hoc
2301 4496 2391 4548 est
2418 4489 2758 4547 carnaliter.

438 4579 609 4636 Ὅταν
676 4594 780 4653 γαρ
845 4572 982 4650 λέγῃ
1043 4572 1148 4637 τίς⁶
1220 4573 1366 4649 Ἐγὼ
1437 4573 1532 4649 μὲν
1601 4578 1720 4649 εἶμι
1788 4577 2021 4647 Παύλου,

2213 4581 2311 4648 ΙΙΙ,
2339 4583 2373 4636 4
2399 4580 2452 4635 8.
2487 4581 2705 4636 Etenim
2743 4595 2866 4636 cum
2921 4578 3073 4635 dicat
3117 4580 3359 4650 aliquis:
3409 4582 3522 4652 Ego
3570 4583 3792 4653 quidem

368 4666 554 4745 ἕτερος
656 4664 716 4722 δὲ
742 4709 760 4738 ,
862 4663 1009 4742 Ἐγὼ
1112 4661 1381 4721 Ἀπολλὼ
1414 4707 1428 4735 ,
1532 4665 1663 4742 οὐχὶ
1779 4670 2028 4744 σαρκικοί

371 4757 538 4828 ius;
602 4756 688 4818 τίς
755 4754 846 4811 οὗν
911 4749 1024 4811 ἔστι
1092 4751 1335 4826 Παῦλος,
1430 4752 1513 4821 τίς
1580 4752 1639 4811 δὲ
1700 4755 2021 4830 Ἀπολλὼς,

369 4847 498 4907 ἀλλ’
535 4845 573 4917 ἤ
637 4843 882 4903 διάκονοι
949 4841 1022 4900 δι’
1086 4844 1162 4901 ὧν
1226 4842 1594 4917 ἐπιστεύσατε,
1659 4847 1748 4903 καὶ
1816 4846 2022 4923 ἑκάστῳ

368 4939 443 5004 ὡς
502 4939 531 4993 ὁ
581 4936 785 5013 Κύριος
852 4930 1095 5006 ἕδωκεν;
1163 4935 1307 5012 Ἐγὼ
1370 4933 1654 5014 ἐφύτευσα,
1720 4936 2020 5004 Ἀπολλὼς

364 5026 636 5098 ἐπότισεν,
739 5020 870 5083 ἀλλ’
944 5024 973 5081 ὁ
1049 5022 1180 5087 Θεὸς
1284 5021 1533 5097 ηὔξανεν.
1638 5027 1799 5085 Ὥστε
1895 5024 2021 5086 οὔτε

368 5119 398 5176 ὁ
447 5118 691 5198 φυτεύων
744 5111 862 5173 ἔστι
916 5135 997 5182 τι,
1061 5110 1186 5172 οὔτε
1232 5115 1264 5172 ὁ
1316 5114 1577 5188 ποτίζων,
1634 5115 1764 5173 ἀλλ’
1827 5117 1857 5173 ό
1920 5119 2018 5176 αὖ·

365 5208 538 5282 ξάνων
602 5204 754 5271 Θεός.
808 5206 872 5264 ’0
928 5201 1175 5285 φυτεύων
1260 5201 1319 5262 δὶ
1399 5204 1491 5262 καὶ
1549 5206 1578 5262 ό
1643 5206 1904 5280 ποτίζων,
1958 5206 2014 5266 ἓν

366 5298 526 5359 εἰσιν.
600 5301 868 5359 Ἕκαστος
945 5292 1003 5352 δὶ
1075 5295 1170 5352 τὸν
1243 5291 1387 5352 ’ἰδιον
1485 5298 1675 5372 μισθὸν
1780 5295 2015 5375 λήψεται

361 5389 501 5447 κατᾶ
527 5389 619 5444 τὸν
645 5385 791 5445 ’ἱδιον
818 5384 1011 5445 κόπον.

433 5477 608 5537 Πάλιν
636 5476 927 5533 αἰνίττεται
983 5473 1113 5562 τοὺς
1177 5479 1526 5562 προεστῶτας
1579 5477 1755 5535 αὐτῶν
1811 5478 2012 5562 σοφοὺς

355 5571 447 5629 καὶ
480 5566 803 5638 πλουσίους,
841 5564 936 5621 καὶ
994 5561 1255 5641 αἱρέσεως
1308 5561 1466 5630 ὄντας
1523 5565 1805 5646 ἀφορμήν.
1864 5593 1893 5623 «
1921 5569 2012 5634 Τίς

372 5809 385 5820 ,
433 5744 484 5784 ⁷⁸
511 5743 721 5808 Matth.
747 5757 847 5814 vn,
870 5738 1081 5826 22,23.

2137 4685 2257 4726 sum
2279 4669 2480 4731 Pauli;
2510 4668 2654 4724 alius
2682 4684 2810 4724 vero
2832 4686 2852 4722 :
2875 4669 2989 4736 Ego
3034 4668 3237 4739 Apollo
3254 4686 3273 4723 :
3313 4685 3493 4725 nonne
3541 4672 3790 4727 carnales

2133 4761 2305 4817 estis?
2335 4759 2467 4825 Quis
2512 4759 2691 4828 igitur
2747 4762 2824 4813 est
2880 4756 3129 4814 Paulus?
3186 4759 3317 4824 Quis
3365 4773 3494 4813 vero
3546 4759 3786 4831 Apollas,

2131 4848 2242 4906 nisi
2269 4849 2513 4904 ministri
2534 4864 2640 4918 per
2668 4862 2802 4918 quos
2840 4845 3177 4913 credidistis,
3209 4852 3263 4901 et
3292 4849 3490 4918 cuique
3525 4848 3787 4906 Dominus

2130 4940 2330 4998 dedit?
2358 4940 2476 5014 Ego
2498 4939 2777 5011 plantavi,
2810 4938 3027 5009 Apollas
3067 4940 3298 5011 rigavit,
3344 4939 3497 4994 439
3528 4939 3619 4995 sed
3651 4941 3792 5003 Deus

2128 5034 2527 5086 incrementum
2554 5027 2732 5085 dedct.
2777 5032 2967 5101 Itaque
2995 5044 3172 5098 neque
3201 5029 3299 5100 qui
3320 5028 3549 5099 plantat
3578 5036 3657 5086 est
3672 5030 3789 5086 ali-

2128 5120 2287 5193 quid,
2337 5136 2513 5192 neque
2571 5120 2670 5192 qui
2699 5120 2868 5188 rigat,
2909 5118 3003 5175 sed
3059 5119 3159 5189 qui
3214 5119 3607 5175 incrementum
3662 5121 3784 5191 dat,

2126 5228 2321 5284 nempe
2351 5212 2507 5267 Deus.
2538 5209 2810 5266 Caeterum
2845 5210 2945 5281 qui
2960 5208 3190 5280 plantat
3220 5215 3272 5265 et
3301 5211 3400 5281 qui
3435 5213 3584 5282 rigat
3613 5227 3786 5268 unum

2124 5309 2272 5360 sunt.
2311 5303 2688 5372 Unusquisque
2717 5305 2903 5355 tamen
2942 5301 3240 5371 propriam
3287 5302 3586 5357 mercedem
3633 5305 3785 5359 acet-

2122 5395 2239 5464 piat
2259 5392 2436 5462 juxta
2463 5406 2620 5447 suum
2653 5389 2915 5445 laborem.

2196 5484 2452 5538 Rursum
2483 5481 2725 5537 illorum
2760 5485 2920 5537 taxat
2951 5479 3251 5552 sapientes
3302 5496 3370 5538 ac
3418 5479 3629 5537 divites
3680 5481 3781 5554 qui

2124 5572 2210 5631 eis
2239 5577 2536 5646 praeerant
2562 5578 2621 5630 et
2674 5571 2951 5629 factionis
3010 5587 3222 5628 ansam
3281 5571 3520 5630 dabant.
3579 5570 3779 5638 «Quis
