4122 6428
282 395 398 457 B71

1403 384 1836 449 mCUMENII
1879 378 2191 444 TRICCAE
2235 381 2585 446 EPISCOPI

3588 392 3710 456 672

282 518 465 610 igitur
494 538 583 590 est
612 529 880 588 Paulus?
918 553 940 582 ι
980 531 1019 581 0
1074 526 1488 584 admirandam
1531 520 1886 596 sapientiam
1921 519 1935 575 l

2054 515 2148 610 οῦν
2185 517 2300 577 ἔστι
2328 520 2550 585 Παῦλος
2582 538 2650 592 ς’
2703 494 2875 580 Βαϐαὶ
2930 527 3033 596 τῆς
3092 519 3326 600 σοφίαςί
3372 492 3465 589 ἐἰς
3523 523 3719 591 ἑαυτὸν

287 628 556 698 Seipsum
589 628 647 676 et
679 620 889 692 Apollo
913 625 1196 675 extenuat
1226 624 1293 674 ut
1327 619 1435 673 hoc
1467 618 1703 671 statuat.
1732 613 1788 667 Si
1812 627 1943 677 nos,

290 714 505 786 inquit.
537 710 689 768 nihil
722 727 953 777 sumus,
987 708 1130 781 quid
1161 708 1378 781 poterit
1405 705 1696 778 quispiam
1750 701 1946 757 dicere

288 806 358 862 de
390 800 857 876 praeceptoribus
890 799 991 872 qui
1021 798 1176 871 apud
1208 815 1309 852 vos
1340 802 1478 852 sunt
1507 794 1534 849 ?
1563 817 1588 844 ‹‹
1625 792 1745 849 Nisi
1779 789 1950 845 mini-

293 898 399 951 stri
456 915 484 944 »
518 893 793 964 Magnum
826 889 1070 961 quidem
1102 893 1192 942 est
1223 904 1351 943 esse
1410 885 1588 941 etiam
1635 881 1946 938 minislros

287 985 426 1043 ﬁdei
451 1002 466 1052 ;
492 999 695 1039 verum
718 982 765 1037 si
789 981 863 1036 ad
888 979 1221 1053 exemplum
1246 977 1537 1039 conferas,
1565 973 1945 1043 radicemque

284 1075 580 1132 bonorum
621 1072 941 1127 Christum.
975 1086 1111 1142 pars
1171 1067 1442 1141 qumdam
1493 1063 1788 1121 sermonis
1834 1066 1943 1118 est.

290 1170 438 1221 Nam
473 1163 575 1235 qui
608 1162 765 1218 bona
796 1160 1022 1220 tribuit.
1054 1160 1106 1215 is
1163 1159 1403 1214 demum
1456 1156 1608 1212 bene
1653 1154 1723 1211 de
1773 1153 1946 1210 nobis

289 1260 575 1321 meretur,
610 1269 729 1307 non
762 1251 860 1322 qui
894 1250 1216 1306 ministrat.
1249 1247 1516 1303 Minister
1536 1253 1733 1302 tamen
1756 1244 1948 1315 major

292 1353 383 1404 est
409 1362 477 1401 eo
509 1344 610 1416 qui
641 1341 1019 1415 Evangelium
1049 1339 1353 1413 praedicat,
1379 1343 1673 1410 quatenus
1693 1334 1789 1390 hic
1812 1333 1911 1406 qui
1929 1354 1944 1364 ·

293 1438 425 1494 dem
461 1449 767 1491 sermones
794 1431 1134 1499 annuntiat,
1195 1430 1298 1486 ille
1349 1446 1484 1485 vero
1534 1428 1713 1483 etiam
1767 1442 1947 1499 opera

291 1528 548 1585 exhibet.
583 1550 609 1577 (ι
642 1528 712 1581 Ει
741 1530 806 1580 ut
836 1523 1052 1595 cuique
1110 1521 1395 1578 Dominus
1450 1518 1627 1574 dedit.
1665 1540 1693 1568 ››
1744 1519 1944 1588 Neque

287 1636 437 1677 eam.
456 1616 653 1688 inquit
681 1613 998 1670 ministerii
1017 1618 1245 1685 partem
1261 1609 1639 1677 anobisipsis
1657 1607 1944 1664 habemus

285 1709 391 1767 sed
422 1709 534 1763 hoc
564 1707 762 1778 ipsum
796 1719 1033 1775 quoque
1065 1719 1100 1757 a
1128 1702 1358 1757 Christo
1411 1698 1767 1773 accepimus.
1826 1698 1944 1754 Hoc

289 1799 451 1855 enim
478 1797 601 1852 vult
627 1812 760 1851 cum
781 1793 893 1850 ait:
921 1814 948 1843 ί(
973 1794 1044 1847 Ει
1068 1797 1133 1848 ut
1154 1790 1368 1863 cuique
1392 1790 1677 1845 Dominus
1700 1784 1881 1845 dedit.
1910 1809 1940 1839 »

2053 609 2143 664 καὶ
2211 610 2479 667 Ἀπολλῶ
2552 612 2814 685 ἐκενώοη.
2892 618 3055 670 τοῦτο
3130 615 3566 684 κατασκευάζων.
3645 617 3713 676 Εἴ

2051 700 2235 771 ἡμεῖς,
2268 701 2456 779 φησῗν,
2491 699 2644 757 οὐδὲν
2678 702 2863 777 ἐσμεν,
2894 701 2945 757 τί
2978 701 3039 757 ἄν
3092 725 3177 766 τις
3236 702 3379 759 εἶ’ποι
3428 705 3551 782 περὶ
3598 712 3714 764 τῶν

2049 791 2178 864 παρ’
2214 791 2341 865 ὑμῖν
2377 789 2721 848 διδασκάλων
2750 812 2764 863 ;
2796 816 2824 845 ς(
2876 790 3040 847 Ἀλλ’
3092 794 3120 864 ἢ
3172 790 3438 862 διάκονοι,
3473 820 3502 848 ››
3551 799 3716 876 Μέγα

2054 880 2176 954 μὲν,
2233 882 2320 935 καὶ
2380 882 2443 936 τὸ
2500 882 2641 937 εἶναι
2703 880 2990 945 διακόνους
3044 882 3301 954 πίστεως,
3343 886 3479 961 πρὸς
3535 884 3591 941 δὲ
3647 888 3717 944 τὸ

2052 970 2361 1045 ἀρχέτυπον
2394 971 2485 1027 καὶ
2516 974 2614 1041 τήν
2674 971 2826 1047 ῥίζαν
2887 978 2994 1029 τῶν
3048 974 3260 1049 ἀγαθῶν
3313 975 3404 1030 τὸν
3456 977 3717 1053 Χριστὸν,

2055 1056 2221 1134 μέρος
2249 1081 2302 1115 τι
2335 1058 2528 1135 λόγου.
2562 1062 2624 1120 Ὀ
2681 1063 2785 1138 γὰρ
2844 1062 3103 1139 παρέχων
3157 1065 3226 1120 τὰ
3283 1066 3479 1145 ἀγαθὰ,
3536 1066 3644 1142 οὐχ
3683 1069 3721 1123 ὃ

2052 1146 2318 1205 διακονῶν
2378 1151 2667 1231 εὐεργετεῖ.
2722 1154 2799 1210 Τὸ
2857 1155 2958 1229 γὰρ
3019 1153 3293 1229 διάκονος,
3370 1162 3555 1231 μεῖζον
3608 1163 3722 1214 τοῦ

2052 1239 2564 1316 εὐαγγελιζομένου,
2626 1244 2752 1299 ὅσον
2801 1244 2828 1299 6
2889 1245 2982 1319 μὶν
3043 1242 3242 1321 λόγους
3294 1246 3649 1323 ἀπαγγέλλει,
3684 1246 3725 1303 ὁ

2052 1327 2229 1386 δὲκαὶ
2259 1328 2589 1407 ἓργαποιεῖ.
2626 1356 2655 1385 (ι
2705 1333 2809 1390 Καὶ
2860 1334 3072 1408 ἑκάστῳ
3121 1335 3197 1400 ὡς
3244 1336 3272 1391 6
3323 1335 3519 1412 Κύριος
3575 1333 3724 1393 ἔδω-

2050 1442 2163 1479 κεν,
2200 1447 2225 1474 υ
2258 1419 2403 1481 Οὐδὲ
2434 1422 2566 1479 αὐτὸ
2598 1424 2661 1480 τὸ
2697 1426 2895 1500 μικρὸν
2951 1425 3014 1480 τὸ
3061 1429 3161 1495 τῆς
3210 1423 3506 1493 διακονίας,
3552 1428 3719 1502 φησὶ,

2049 1517 2175 1584 παρ’
2200 1513 2404 1568 ἑαυτῶν
2453 1511 2680 1588 ἔχομεν,
2743 1511 2890 1569 ἀλλᾶ
2945 1514 3035 1569 καὶ
3082 1519 3246 1571 τοῦτο
3304 1517 3451 1592 παρά
3506 1516 3720 1593 Κυρίου

2049 1600 2376 1681 εἰλήφαμεν.
2412 1606 2591 1661 Τοῦτο
2631 1604 2800 1683 λέγει,
2843 1631 2868 1660 ο
2900 1606 3005 1664 Καὶ
3037 1607 3248 1683 ἑκάστῳ
3274 1650 3275 1655 η
3302 1610 3377 1673 ὡς
3406 1611 3455 1666 '6
3509 1609 3714 1687 Κύριος

2047 1696 2269 1761 ἔδωκεν.
2346 1724 2372 1756 ι
2414 1726 2443 1756 ‹‹
2481 1704 2627 1781 Ἐγὼ
2703 1703 2983 1782 ἐφύτευσα.
3049 1729 3077 1757 ››
3155 1709 3296 1783 Ἐγὼ
3374 1709 3469 1783 μὶν
3543 1710 3712 1787 φησὶ,

2046 1797 2264 1869 πρῶτος
2293 1792 2355 1848 τὸ
2412 1794 2678 1868 κήρυγμα
2734 1792 3145 1871 ἐγκατέσπειρα,
3205 1797 3234 1852 6
3294 1794 3352 1853 δὲ
3409 1796 3710 1862 Ἀπολλὼς

291 1911 318 1940 ‹‹
355 1888 471 1960 Ego
502 1884 781 1959 plautavi.
817 1905 845 1932 »
868 1884 984 1949 Ego
1010 1880 1252 1953 quidem
1286 1880 1513 1953 primus
1565 1877 1935 1952 praedicatio~

2054 1886 2115 1957 τῇ
2146 1882 2274 1959 παρ’
2332 1882 2526 1939 ἑαυτοῦ
2585 1881 2953 1958 παρακλήσει,
3006 1886 3119 1953 οὐκ¹
3163 1883 3339 1942 εἷάσεν
3400 1888 3709 1964 ἀποξηραν-

287 1992 427 2034 nem
454 1976 516 2031 in
549 1973 712 2030 vobis
734 1970 1136 2039 disseminavi,
1156 1968 1398 2042 Apollos
1426 1985 1561 2025 vero
1586 1983 1692 2024 sua
1722 1967 1938 2023 exhor-

285 2065 511 2123 tatione
530 2079 651 2120 non
665 2061 939 2135 permisit
951 2076 1157 2116 semen
1171 2058 1381 2116 ardore
1395 2058 1796 2115 tentationum
1813 2072 1942 2112 exa-

286 2171 541 2214 rescere.
575 2154 909 2210 Perfectum
941 2167 1075 2207 vero
1106 2167 1276 2224 opus,
1336 2149 1440 2206 Dei
1492 2152 1585 2205 est
1627 2147 1728 2221 qui
1778 2146 1942 2204 dedit

285 2246 748 2304 incrementum.
782 2266 810 2295 ‹‹
845 2244 1045 2314 Neque
1077 2242 1178 2314 qui
1209 2241 1441 2314 plantat
1488 2244 1580 2296 est
1625 2237 1873 2311 aliquid.
1911 2257 1937 2289 ο

282 2337 430 2394 Vide
457 2333 755 2408 quomodo
778 2332 1223 2405 depressionem
1246 2331 1492 2388 divitum
1516 2347 1584 2386 ac
1604 2329 1940 2402 sapientum

286 2428 387 2501 qui
411 2426 496 2483 eis
520 2429 833 2499 praeerant.
863 2422 1083 2479 invidia
1113 2437 1315 2478 carere
1345 2421 1506 2485 facit,
1549 2417 1939 2492 deprimendo

288 2518 550 2590 seipsum
599 2520 658 2571 et
690 2514 901 2587 Apollo
953 2501 1367 2585 quantum‘ad
1413 2509 1843 2583 apparentiam,
1884 2513 1943 2565 et

287 2605 657 2665 ostendendo
690 2604 848 2676 quod
878 2603 952 2659 ad
984 2603 1179 2658 salum
1212 2602 1393 2657 Deum
1426 2598 1733 2656 attendere
1766 2616 1937 2671 opor-

286 2701 431 2762 teat,
465 2701 523 2752 et
550 2694 611 2750 in
641 2694 838 2766 ipsum
872 2692 1092 2748 referre
1124 2691 1401 2746 universa
1432 2707 1563 2763 qua;
1585 2689 1943 2760 contingunt

288 2784 481 2841 bona!
516 2804 547 2836 ι
581 2784 688 2849 Qui
720 2782 953 2856 plantat
982 2787 1039 2837 et
1062 2782 1162 2853 qui
1195 2780 1347 2853 rigat
1376 2795 1562 2835 unum
1622 2784 1779 2834 sunt.
1817 2798 1844 2827 »
1881 2782 1944 2831 tn

288 2874 402 2930 hoc
433 2871 592 2946 quod
621 2872 773 2928 nihil
805 2870 1062 2944 amplius
1107 2869 1343 2943 possint
1394 2868 1615 2940 absque
1664 2868 1781 2924 Deo
1835 2883 1942 2922 au-

287 2968 653 3039 gmentante.
687 2961 918 3018 —Alio
974 2961 1156 3017 modo.
1209 2958 1705 3030 Quandoquidem
1756 2957 1947 3013 multa

289 3070 434 3111 sane
463 3051 759 3127 percurrit
788 3051 861 3107 de
893 3049 1384 3123 praeceptoribus,
1428 3048 1633 3105 dicens
1669 3065 1682 3103 :
1743 3070 1771 3099 ‹‹
1805 3048 1946 3114 Quis

289 3150 381 3200 est
411 3142 651 3210 Paulus,
679 3141 811 3214 quis
842 3157 977 3198 vero
1009 3139 1252 3213 Apollos
1278 3139 1291 3195 l
1326 3160 1355 3192 »
1388 3145 1444 3194 et
1473 3154 1712 3195 rursum
1738 3154 1751 3194 :
1778 3159 1807 3189 ‹‹
1835 3136 1943 3194 lta-

287 3249 401 3306 que
432 3247 627 3303 neque
659 3231 758 3303 qui
791 3230 1024 3303 plantat
1055 3234 1143 3285 est
1172 3227 1422 3301 aliquid,
1457 3244 1653 3300 neque
1699 3227 1801 3300 qui
1850 3227 1941 3283 ri-

283 3327 397 3396 gat.
428 3343 452 3373 »
482 3322 603 3377 Hoc
627 3326 825 3377 autem
848 3319 1124 3385 faciebat,
1159 3335 1367 3375 eorum
1418 3317 1688 3391 mitigare
1739 3316 1944 3373 volens

283 3410 583 3470 ardorem.
619 3409 720 3480 qui
779 3408 852 3464 ob
912 3408 1245 3465 doctrinam
1292 3406 1716 3479 superbiebant
1765 3411 1823 3462 et
1871 3405 1944 3462 ad

285 3498 700 3558 contentiones
729 3513 801 3553 ac
856 3496 1146 3554 factiones
1206 3496 1423 3552 Christi
1471 3496 1760 3568 populum
1808 3511 1945 3568 per-

287 3589 628 3647 trahebant.
670 3587 959 3655 Quoniam
992 3587 1172 3660 igitur
1200 3587 1344 3642 satis
1379 3586 1537 3643 visus
1587 3591 1675 3642 est
1704 3585 1945 3641 illorum

285 3679 504 3736 fastum
536 3693 854 3750 purgasse,
894 3694 963 3734 eo
1013 3676 1172 3750 quod
1233 3677 1495 3749 seipsum
1545 3691 1781 3747 quaque
1827 3690 1949 3732 una

286 3785 423 3827 cum
463 3768 672 3841 Apollo
701 3767 1082 3841 depresserit.
1117 3783 1191 3821 ne
1223 3765 1465 3839 quidam
1510 3763 1752 3821 dicant:
1785 3766 1941 3822 440

287 3864 447 3919 Vane
482 3860 661 3934 igitur
691 3860 1001 3934 praedicas,
1029 3859 1251 3916 frustra
1282 3859 1586 3917 sustinens
1633 3875 1738 3931 pro
1794 3875 1943 3931 pra:-

288 3953 585 4011 dicatione
616 3953 867 4010 labores.
891 3950 1243 4024 Hujusmodi
1266 3950 1551 4007 refellens
1577 3950 1947 4021 objectiones

290 4044 632 4117 subjungit:
665 4043 1084 4114 Unusquisque
1116 4058 1283 4097 suam
1314 4040 1648 4095 mercedem
1674 4039 1947 4111 accipiet,

282 4135 460 4207 juxta
488 4148 662 4187 suum
696 4131 981 4187 laborem.
1012 4154 1038 4178 ››
1072 4131 1288 4186 Dicens
1319 4129 1755 4201 propemodum
1787 4145 1799 4184 :
1833 4144 1948 4183 ne-

290 4236 587 4294 quaquam
603 4220 805 4276 animo
832 4226 1083 4292 angatur
1105 4219 1203 4290 qui
1230 4218 1380 4273 bene
1397 4218 1587 4284 docet,
1607 4234 1948 4289 quanquam

290 4313 451 4369 enim
482 4310 853 4383 prohibetur,
886 4326 962 4364 ne
983 4308 1200 4364 Christi
1226 4308 1513 4380 populum
1540 4307 1777 4375 dividat,
1806 4307 1948 4363 sibi-

292 4418 407 4473 que
437 4399 715 4467 vindicet,
749 4405 806 4456 et
837 4399 994 4454 inter
1020 4414 1120 4453 vos
1152 4404 1438 4469 tanquam
1470 4403 1800 4470 praeceptor
1820 4411 1950 4452 sese

283 4492 514 4564 jactet:
574 4495 838 4546 attamen
891 4487 1229 4544 mercedem
1312 4487 1585 4560 accipiet,
1645 4503 1840 4560 neque
1889 4487 1951 4543 id

294 4587 539 4641 temere.
572 4578 675 4636 sed
692 4580 865 4651 juxta
896 4594 1069 4633 suum
1101 4576 1384 4633 laborem.
1422 4575 1645 4634 Deinde
1677 4594 1804 4635 rem
1828 4594 1952 4634 am-

2051 1978 2211 2042 οῆναι
2244 1972 2336 2029 τὸν
2369 1974 2571 2048 σπόρον
2600 1978 2680 2047 τῷ
2708 1974 2944 2029 καύσωνι
2995 1979 3105 2037 τῶν
3157 1982 3495 2053 πειρασμῶν,
3539 1978 3601 2034 τὸ
3646 1976 3712 2036 δὲ

2052 2058 2118 2132 δὴ
2162 2058 2316 2133 ὅλον,
2375 2065 2472 2116 τοῦ
2530 2060 2852 2133 αὖξάνονοος
2912 2068 3063 2123 Θεοῦ.
3100 2088 3128 2118 ‹‹
3183 2061 3324 2123 Οὔτε.
3375 2067 3404 2121 6
3462 2068 3711 2144 φυτεύων

2051 2149 2163 2207 ἔστι
2192 2172 2266 2208 τι.
2319 2176 2340 2202 ι
2404 2154 2546 2229 ’Όρα
2603 2156 2724 2215 πῶς
2782 2154 3064 2230 ἀνεπαχθῆ
3102 2159 3339 2211 ποιεῖται
3396 2158 3496 2227 τήν
3561 2157 3717 2228 ἐξου-

2051 2236 2271 2296 δένωσιν
2325 2245 2435 2297 τῶν
2492 2242 2855 2316 προεστώτων
2915 2243 3093 2299 αὐτῶν
3149 2249 3330 2322 σοφῶν
3386 2244 3475 2301 καὶ
3534 2244 3721 2302 πλου-

2052 2328 2205 2402 σίων,
2238 2330 2423 2386 ἑαυτὸν
2456 2331 2548 2387 καὶ
2594 2329 2861 2389 Ἀπολλῶ
2921 2331 2997 2394 εἴς
3053 2332 3116 2388 τὸ
3165 2330 3494 2413 φαινόμενον
3552 2334 3743 2407 ἐξου-·

2052 2417 2311 2489 δενώσας,
2342 2419 2431 2476 καὶ
2482 2420 2657 2491 δείξας
2718 2421 2791 2484 ὡς
2853 2423 2964 2498 χρή
3025 2421 3177 2499 μόνῳ
3226 2428 3306 2494 τῷ
3362 2429 3479 2496 Θεῷ
3534 2446 3713 2502 προσ-

2052 2508 2223 2590 έχειν,
2252 2509 2342 2565 καὶ
2374 2510 2452 2573 εἷς
2483 2510 2643 2565 αὐτὸν
2675 2510 2982 2576 ἀνατιθέναι
3014 2514 3183 2567 πάντα
3213 2514 3280 2568 τὰ
3340 2509 3711 2586 συμϐαίνοντα

2050 2599 2227 2675 ἀγαθά
2260 2618 2274 2666 ;
2308 2624 2337 2653 ‹‹
2386 2600 2447 2658 Ὀ
2496 2600 2761 2680 φυτεύων,
2804 2601 2961 2681 φησὶ,
3009 2601 3099 2657 καὶ
3150 2604 3178 2657 6
3226 2603 3465 2674 ποτίζων
3522 2603 3576 2659 ἓν
3629 2604 3713 2661 εί·-

2054 2711 2159 2757 σιν,
2193 2690 2367 2769 »ὂςον
2396 2689 2666 2759 ἦκεν,Εἶς
2703 2691 2765 2745 τὸ
2819 2688 2987 2769 μηδὲν
3051 2688 3302 2748 δύνασθαι
3359 2693 3526 2749 πλέον
3576 2692 3708 2750 ἄνευ

2051 2783 2148 2835 τοῦ
2178 2766 2494 2852 αὐξάνοντος
2552 2784 2707 2835 Θεοῦ.
2766 2814 2838 2825 --
2893 2766 3145 2846 Ἄλλως.
3207 2785 3421 2859 [ΦΩΤ.]
3480 2782 3733 2856 Ἐπειδὴ

2051 2868 2240 2925 πολλά
2269 2866 2577 2943 κατέδραμε
2605 2873 2712 2924 τῶν
2743 2866 3121 2939 διδασκάλων,
3147 2870 3347 2948 λέγων,
3397 2899 3417 2923 ι
3449 2873 3544 2937 Τίς
3593 2874 3709 2931 ἑστι

2054 2962 2298 3028 ΗαῦΛος,
2351 2959 2435 3021 τίς
2492 2956 2549 3014 δὲ
2602 2957 2898 3023 Ἀπολλώς
2932 2982 2946 3030 ;
2985 2984 3012 3012 »
3072 2961 3174 3019 Καὶ
3236 2959 3427 3033 πάλιν,
3485 2988 3515 3016 ‹‹
3544 2966 3713 3022 Ὥστε

2056 3046 2182 3106 οὔτε
2206 3050 2235 3104 6
2266 3049 2503 3119 ποτίζων
2531 3042 2643 3105 ἔστι
2673 3070 2749 3117 τι,
2801 3045 2925 3105 οὔτε
2973 3050 3002 3104 6
3051 3051 3318 3129 φυτεύων.
3351 3076 3380 3105 ››
3423 3055 3599 3111 Τοῦτο
3652 3053 3713 3111 δὲ

2057 3137 2250 3207 ἐποίει,
2293 3136 2522 3214 πραῧναι
2582 3138 2753 3203 θέλων
2816 3141 2912 3209 τὴν
2969 3136 3287 3216 φλεγμονὴν
3339 3147 3448 3198 τῶν
3508 3142 3596 3198 ἐπὶ
3636 3149 3709 3219 τῇ

2058 3226 2383 3302 διδασκαλίᾳ
2438 3227 3044 3309 καταλαζονευοδμένων,
3125 3231 3216 3285 καὶ
3275 3232 3352 3294 εἷς
3427 3230 3567 3309 ἕρεις
3619 3236 3711 3290 καὶ

2057 3320 2266 3383 στάσεις
2296 3320 2387 3373 τὸν
2421 3316 2552 3375 λαὸν
2610 3322 2707 3374 τοῦ
2760 3324 3004 3393 Χριστοῦ
3057 3318 3512 3384 καταδιελόντων,
3561 3325 3716 3382 Ἐπεὶ

2053 3409 2144 3464 οὗν
2172 3409 2374 3472 ἱκανῶς
2406 3405 2555 3479 ἔδοξε
2584 3413 2861 3484 καθαιρεῖν
2892 3410 2985 3465 τὸν
3025 3408 3243 3466 ἐκείνων
3287 3416 3475 3491 τῦφον,
3528 3412 3617 3470 διά
3648 3415 3713 3472 τὸ

2050 3500 2141 3555 καὶ
2173 3498 2360 3556 ἑαυτὸν
2388 3496 2761 3554 συνευτελίσαι
2790 3498 2881 3554 καὶ
2912 3498 3005 3554 τὸν
3031 3499 3427 3572 Ἀπολκὼ,’ίνα
3459 3505 3535 3576 μή
3546 3525 3715 3577 ,τινες

2055 3587 2303 3646 εἴπωσιν·
2337 3589 2547 3649 Οὐκοῦν
2588 3589 2763 3662 μάτην
2821 3586 3115 3659 διδάσκεις,
3172 3593 3346 3665 μάτην
3393 3595 3517 3659 τοὺς
3572 3593 3706 3669 ὑπὲρ

2053 3684 2150 3738 τοῦ
2181 3679 2533 3757 κηρύγματος
2562 3681 2762 3743 πόνους
2813 3676 3241 3757 ἀναδεχόμενος.
3296 3684 3579 3761 Ἐπήγαγε
3611 3683 3711 3750 τὰς

2053 3769 2310 3831 τοιαύτας
2378 3764 2829 3845 ἀποκρουόμενος
2927 3765 3128 3841 λαϐὰς,
3194 3796 3222 3825 ‹‹
3293 3775 3557 3837 Ἕκαστος
3621 3773 3719 3830 τὸν

2054 3856 2197 3915 ἴδιον
2234 3859 2430 3929 μισθὸν
2465 3856 2723 3934 λήψεται,
2754 3860 2894 3915 κατᾶ
2921 3860 3013 3916 τὸν
3040 3857 3186 3916 ’ίδιον
3217 3864 3411 3928 κόπον,
3444 3886 3473 3914 ››
3519 3883 3725 3936 μονον·-

2057 3949 2182 4025 ουχτ
2221 3945 2422 4024 λέγων,
2463 3945 2632 4019 μηόὶν
2696 3949 2977 4023 ἀθυμείτω
3009 3951 3037 4006 6
3068 3949 3257 4011 καλῶς
3290 3947 3599 4009 διδάσκων.
3653 3954 3721 4010 Εἰ

2053 4037 2272 4114 γὰρκαὶ
2321 4035 2629 4094 κεκώλυται
2689 4038 2929 4115 μερίζειν
2984 4040 3078 4096 τὸν
3139 4038 3272 4097 λαὸν
3331 4045 3429 4096 τοῦ
3480 4043 3721 4115 Χριστοῦ

2054 4128 2147 4184 καὶ
2194 4125 2605 4194 ἲδιοποιεῖσθαι,
2651 4126 3240 4205 καὶσεμνολογεῖσθαι
3291 4130 3343 4186 ἐν
3398 4128 3581 4194 αὐτοῖς
3639 4132 3722 4197 ὡς

2058 4214 2412 4286 διδάσκαλος,
2457 4214 2587 4273 ἀλλ’
2643 4217 2734 4273 οῦν
2787 4239 2847 4294 γε
2903 4220 3094 4292 μισθὸν
3155 4219 3413 4297 λήψεται,
3472 4221 3563 4277 καὶ
3605 4223 3720 4300 οὐχ

2058 4304 2268 4376 ἁπλῶς,
2301 4305 2448 4362 ἀλλὰ
2493 4306 2631 4363 κατὰ
2683 4307 2775 4364 τὸν
2829 4306 2969 4364 ἴδιον
3026 4309 3219 4369 κόπον.
3281 4310 3416 4368 Εἶτα
3475 4310 3724 4389 ἐπαίρων

2060 4395 2148 4452 ἐπὶ
2180 4394 2349 4452 πλέον
2379 4396 2443 4452 τὸ
2474 4402 2730 4476 πρᾶγμα,
2787 4399 2881 4454 καὶ
2933 4397 3298 4472 πιστούμενος
3356 4399 3442 4456 ὅτι
3496 4403 3723 4465 πάντως

2058 4481 2207 4541 ἔσται
2248 4486 2276 4541 6
2311 4485 2525 4559 μισθὸς,
2558 4479 2753 4542 ι’Θεοῦ
2781 4487 2906 4565 γὰρ,
2940 4488 3128 4566 φησὶν,
3172 4487 3333 4564 ἐσμὲν
3386 4492 3657 4569 συνεργοὶ,
3690 4514 3722 4546 »

2058 4576 2170 4648 ἅμα
2207 4575 2327 4650 μὲν,
2360 4573 2544 4652 ὥσπερ
2572 4577 2746 4646 εἷπον,
2772 4576 2861 4630 καὶ
2894 4573 3230 4651 λαμπρύνων
3287 4576 3352 4638 τὰ
3405 4582 3506 4643 τῆς
3562 4576 3723 4635 διδα-

291 4671 449 4745 plius
478 4670 782 4733 attollens,
814 4675 872 4725 et
921 4667 1283 4726 confirmans
1334 4667 1493 4741 quod
1542 4668 1786 4725 omnino
1832 4668 1945 4724 erit

2056 4665 2304 4732 σκαλίας,
2336 4666 2451 4738 ἃμα
2481 4663 2539 4722 δὲ
2565 4663 2654 4721 καί
2685 4664 2850 4721 πάλιν
2887 4662 3228 4738 ὑποδεικνὺς,
3285 4668 3367 4723 ὅτι
3419 4672 3556 4725 Θεοῦ
3604 4668 3722 4727 ἐστὶ

291 4778 542 4819 merces.
575 4782 605 4813 ‹‹
635 4762 781 4817 Nam
816 4760 915 4816 Dei
964 4759 1180 4830 inquit.
1208 4763 1623 4834 cooperatores
1654 4775 1880 4817 sumus.
1913 4777 1940 4811 ι

291 4852 469 4908 simul
487 4850 728 4923 quidem
740 4856 806 4908 ut
829 4849 947 4906 dixi
971 4848 1253 4906 doctrinae
1269 4865 1416 4921 opus
1438 4846 1948 4916 illustaans,simul

292 4943 470 4998 etiam
486 4959 723 4999 rursum
740 4941 1127 4999 subindicans
1140 4940 1299 5012 quod
1314 4956 1462 5011 opus
1479 4939 1577 4996 Dei
1612 4939 1707 4994 sit.
1746 4940 1949 5009 Itaque

291 5047 412 5087 non
436 5037 669 5102 oportet
698 5037 801 5086 aut
830 5030 941 5086 sibi
971 5030 1272 5087 vindicare
1298 5035 1401 5085 aut
1420 5027 1572 5084 illud
1589 5026 1950 5092 discindere,

298 5120 440 5195 quin
472 5121 668 5192 potius
699 5120 1061 5192 conjungere
1096 5125 1155 5175 et
1181 5119 1357 5175 unire
1383 5135 1396 5172 :
1431 5134 1570 5175 nam
1592 5116 1707 5173 hoc
1737 5121 1827 5173 est
1852 5132 1948 5172 co-

295 5209 549 5284 operari.
584 5209 706 5265 Sibi
729 5217 925 5266 autem
950 5209 1249 5267 vindicare
1275 5225 1343 5265 ac
1363 5206 1648 5273 dividere,
1671 5205 1947 5263 inimico-

296 5315 430 5356 rum
461 5304 553 5356 est
581 5298 865 5357 hostium.
916 5300 1141 5356 Deinde
1190 5301 1251 5356 in
1301 5299 1412 5355 hoc
1461 5297 1687 5353 insistit
1741 5296 1950 5354 eadem

293 5393 470 5444 utens
501 5388 1030 5444 demonstrationis
1059 5387 1302 5461 regula:
1336 5387 1495 5459 quod
1526 5386 1772 5441 omnino
1826 5402 1950 5442 non

297 5482 565 5550 oporteat
606 5477 894 5550 populum
928 5478 1198 5550 personis
1240 5477 1614 5533 distribuere.
1646 5499 1673 5525 ‹‹
1699 5477 1823 5543 Dei,
1856 5475 1953 5531 in-

300 5568 449 5640 quit,
483 5567 827 5641 agricolatio
859 5568 1022 5635 estis,
1057 5567 1159 5622 Dei
1191 5567 1528 5623 azdit'icatio.
1568 5589 1587 5614 ι
1629 5565 1698 5621 Ut
1726 5566 1827 5637 qui
1851 5581 1951 5620 vos

292 5660 453 5732 ipsos
476 5658 831 5731 deprimitis,
866 5658 925 5714 id
956 5658 1114 5731 quod
1134 5657 1237 5714 Dei
1260 5662 1368 5727 est,
1392 5654 1786 5714 attribuentes
1806 5673 1951 5714 con-

294 5750 476 5810 servis
504 5751 533 5806 ‘.’
564 5773 591 5803 ιι
624 5750 794 5810 Juxta
824 5766 1001 5811 suum
1033 5747 1319 5811 laborem.
1355 5769 1386 5801 »
1417 5747 1711 5819 Quoniam
1740 5748 1949 5807 verisi-

2054 4756 2118 4811 τὸ
2147 4754 2332 4836 ἔργον,
2367 4754 2505 4812 ὥστε
2535 4755 2597 4812 ού
2638 4752 2721 4810 δεῖ
2783 4752 3167 4821 ίδιοποιεῖσθαι
3215 4758 3306 4812 καὶ
3361 4758 3716 4834 κατατέμνειν

2059 4845 2209 4914 αὐτὸ,
2247 4843 2461 4920 μᾶλλον
2491 4842 2550 4900 δὲ
2577 4845 2860 4900 συνάπτειν
2904 4846 2995 4900 καὶ
3052 4842 3318 4903 ἔνοποιεῖν
3373 4850 3557 4921 (τοῦτο
3613 4850 3719 4926 γὰρ

2060 4936 2378 5013 συνεργῶν),
2411 4935 2475 4989 τὸ
2507 4930 2566 4989 δὲ
2617 4930 3002 4990 ίδιοποιεῖσθαι
3049 4934 3139 4991 καὶ
3193 4935 3455 5012 μερίζειν,
3502 4937 3720 5015 ἐχθρῶν

2058 5026 2146 5080 καὶ
2170 5023 2476 5096 πολεμίων.
2513 5023 2640 5080 Εἶτα
2681 5022 2949 5098 ἐπιμένει.
3015 5024 3288 5099 τῷαύτῷ
3342 5030 3443 5094 τῆς
3494 5025 3716 5083 ἀποδείο

2060 5116 2193 5188 ξεως
2231 5114 2522 5192 γρώμενος
2549 5112 2757 5182 κανόνι,
2814 5114 2897 5170 ’ὁτι
2930 5114 2999 5171 οὗ
3033 5117 3144 5191 χρὴ
3177 5116 3571 5191 κατανέμεσθαι
3615 5117 3713 5182 τὸν

2059 5205 2190 5261 λαὸν
2223 5205 2543 5276 προσώποις
2584 5202 2834 5268 ὅλωςμιι
2869 5194 3007 5260 Θεοῦ
3051 5205 3317 5281 γεώργιόν
3362 5204 3502 5276 ἐστε,
3550 5197 3709 5287 φησὶ,

2060 5298 2213 5361 Θεοῦ,
2251 5289 2545 5367 οἰκοδομή.
2610 5318 2639 5346 ››
2697 5293 2765 5351 Τί
2815 5291 3224 5365 κατευτελί-ζετε
3298 5296 3542 5364 ἒαυτοὺς,
3604 5296 3725 5353 ἐνὸν

2060 5388 2197 5442 Θεοῦ
2228 5383 2365 5440 εἶναι
2397 5388 2513 5445 τοῖς
2547 5381 2885 5457 ὁμοδούλοις
2915 5382 3332 5456 ἀνατιθέμενοι;
3392 5409 3409 5437 ι
3450 5387 3601 5443 Κατὰ
3628 5387 3727 5442 τὸν

2064 5472 2112 5496 ,μ
2508 5474 2521 5496 ,
2713 5474 2729 5493 κ
2887 5472 2901 5489 .
3171 5473 3183 5490 ς

2066 5494 2203 5547 ιοιον
2229 5473 2475 5529 γόπον.ι
2532 5469 2735 5543 ..πειδη
2795 5471 2941 5536 alno;
2985 5474 3053 5543 ἧν
3101 5493 3229 5536 τους
3266 5472 3445 5531 πλείω
3502 5496 3728 5550 καμον-

2060 5586 2156 5628 τας
2190 5565 2311 5639 περὶ
2339 5567 2440 5635 τὴν
2480 5563 2696 5620 ἐκείνων
2757 5564 2935 5621 πίστιν
2991 5566 3403 5642 ῥαθυμοτέρους
3452 5569 3731 5642 γενέσθαι,

2060 5655 2390 5720 ἀκούσαντας
2444 5653 2500 5712 ’ὲν
2558 5655 2691 5711 εἶναι
2746 5656 2953 5720 πάντας
3010 5653 3108 5710 κᾶν
3160 5656 3358 5733 μικρὸν
3424 5653 3519 5712 κᾶν
3580 5657 3725 5734 μέγα

2062 5767 2172 5820 τις,
2211 5745 2375 5823 Ξτυχε
2428 5747 2870 5827 συνεισενεγκὼν,
2929 5744 3141 5812 εὖθέως.
3187 5745 3317 5805 αὐτό
3374 5745 3725 5824 διορθοῦται.
