4122 6430
300 429 418 514 ὁτδ

1423 433 1850 497 (ΒΟΠΜΕΝΙΙ
1896 432 2199 499 ΤΗΙΟΟιΕ
2241 438 2599 504 EPISCOPI

3604 434 3735 499 676

302 581 576 656 quisitio:
607 581 662 631 et
693 591 793 630 eos
824 551 1084 644 quidem
1115 570 1215 642 qui
1278 569 1458 641 probe
1489 567 1784 633 vixerunt,
1818 570 1952 623 tan-

2072 567 2208 633 νείας
2240 574 2339 626 τοῦ
2373 576 2636 648 Σωτῆρος
2685 572 2920 647 ἡμέραν,
2955 534 3185 656 βάσανος
3229 563 3380 625 ἔσται
3408 568 3500 624 καὶ
3530 568 3721 640 ἐεὲτα-

305 688 483 745 quam
512 683 723 723 aurum
746 671 804 719 et
824 667 1159 735 argentum.
1185 661 1335 732 ignis
1363 657 1957 730 reddetsplendidio—

302 778 433 818 res:
472 755 776 832 pravitatis
805 760 1002 810 autem
1036 756 1396 823 cperatores,
1434 765 1598 804 more
1634 748 1952 821 lignorum,

302 852 427 908 feni
457 867 525 906 ac
557 846 791 920 stipulae
850 847 1179 900 consumet.
1214 843 1261 895 A
1291 839 1530 895 doctore
1589 854 1722 894 vero
1755 837 1857 909 qui
1887 853 1956 893 ea

304 939 507 995 docuit
532 952 664 1007 quae
694 933 909 989 decent
962 947 1082 985 non
1124 929 1433 1001 exigentur
1464 944 1672 1000 preme,
1706 926 1826 981 imo
1858 942 1952 981 sa-

299 1028 424 1084 lute
455 1026 670 1099 dignus
691 1021 1027 1086 habebitur,
1061 1024 1118 1074 et
1146 1019 1258 1074 hoc
1290 1022 1379 1073 est
1408 1016 1566 1088 quod
1598 1016 1681 1072 ait
1708 1031 1722 1069 :
1764 1036 1791 1066 ‹‹
1823 1016 1954 1087 Ipse

296 1134 433 1173 vero
466 1114 817 1181 servabitur,
851 1133 877 1161 η
909 1125 1124 1181 nempe
1157 1107 1259 1180 qui
1290 1107 1483 1175 docet,
1514 1129 1541 1157 «
1564 1107 1723 1178 Opus
1754 1110 1953 1161 autem

299 1212 603 1271 exuratur,
639 1224 667 1255 »
699 1203 810 1258 hoc
840 1206 949 1268 est,
1005 1198 1045 1253 ii
1103 1198 1205 1269 qui
1258 1197 1484 1269 seipsos
1533 1197 1957 1252 exstruxerunt

295 1315 547 1375 pravum
577 1295 820 1369 opus.Et
843 1294 926 1348 ita
950 1291 1269 1365 diligenter
1298 1290 1562 1363 legentes
1583 1288 1955 1345 inveniemus

300 1391 735 1462 Scripturarum
758 1383 1117 1441 sententiam
1144 1397 1205 1436 τι(
1230 1381 1288 1436 Si
1311 1380 1481 1452 cujus
1502 1395 1651 1452 opus
1678 1383 1953 1434 exustum

298 1479 497 1546 fuerit,
532 1478 820 1534 damnum
850 1474 1147 1547 patietur:
1182 1471 1309 1543 ipse
1340 1487 1476 1526 vero
1509 1469 1841 1525 servabitur
1869 1467 1954 1523 sic

299 1574 499 1626 tamen
531 1575 596 1624 ut
625 1584 731 1640 per
756 1566 955 1637 ignem
984 1581 999 1631 ;
1032 1585 1058 1612 υ
1119 1562 1232 1617 hoc
1290 1567 1399 1625 est,
1462 1566 1734 1616 exustum
1776 1557 1957 1613 fuerit

299 1676 448 1731 opus
481 1659 612 1731 ejus
643 1674 749 1729 per
779 1656 998 1727 ignem.
1034 1652 1162 1725 lpse
1194 1667 1329 1707 vero
1362 1649 1711 1715 servabitur,
1739 1663 1953 1719 nempe

298 1747 508 1805 doctor
538 1747 678 1802 ille:
714 1760 908 1815 neque
942 1741 1104 1799 enim
1153 1757 1335 1797 causa
1360 1740 1474 1795 fuit
1502 1737 1849 1795 mutationis
1880 1736 1955 1793 ad

296 1839 359 1894 id
390 1836 549 1910 quod
581 1836 752 1908 pejus
784 1840 893 1890 est.
920 1834 1066 1888 Nam
1097 1831 1549 1886 convenientem
1578 1828 1707 1901 ipse
1740 1825 1957 1883 doctri-

2065 679 2149 722 σις
2179 658 2429 738 ἀκριϐής.
2466 664 2562 719 Καὶ
2614 664 2743 725 τοὺς
2803 662 2896 737 μὲν
2958 660 3014 717 εὗ
3077 654 3437 738 βεϐιωκότας,
3478 660 3728 733 καθάπερ

2067 753 2270 827 χρυσὸν
2300 753 2391 808 καὶ
2441 751 2677 830 ἄργυρον
2721 753 2785 808 τὸ
2836 756 2944 830 πῦρ
2976 749 3395 827 λαμπροτέρους
3427 749 3731 825 ἀποφανεῖ⁹

2064 843 2195 906 τοὺς
2229 839 2286 899 δὲ
2313 849 2416 912 τῆς
2473 844 2663 907 κακίας
2720 841 2972 920 ἐργάτας,
3033 839 3186 913 δίκην
3243 841 3420 912 ξύλων
3461 836 3551 894 καὶ
3579 838 3733 914 χόρ-

2063 953 2161 987 του
2218 933 2309 988 καὶ
2365 930 2625 1007 καλάμης
2680 930 3076 991 καταναλώσει.
3105 932 3168 990 Ὀ
3199 927 3258 986 δὲ
3302 951 3366 1006 γε
3396 926 3735 990 διδάσκαλος

2064 1022 2130 1078 τὰ
2170 1025 2520 1098 προσήκοντα
2575 1021 2815 1095 διδάξας,
2875 1021 2975 1079 οῦκ
3031 1021 3489 1097 εἷσπραχθήσεται
3540 1015 3729 1087 δίκας,

2066 1108 2214 1168 ἀλλᾶ
2269 1111 2545 1187 σωτηρίας
2598 1112 2982 1185 ἀξιωθήσεται.
3057 1114 3242 1170 Τοῦτο
3318 1108 3445 1188 γὰρ,
3533 1109 3725 1187 φησὶν,

2066 1225 2095 1254 ‹‹
2155 1200 2336 1265 Αὐτδς
2395 1198 2454 1257 δὲ
2537 1203 2864 1275 σωθήσεται,
2919 1222 2947 1256 ι
3006 1199 3283 1256 τουτέστιν
3338 1199 3366 1253 ὁ
3425 1194 3727 1255 διδάσκων.

2068 1314 2098 1345 ‹‹
2126 1293 2200 1349 Τὸ
2240 1287 2297 1347 δὶ
2343 1288 2502 1369 ἔργον
2548 1293 2970 1364 κατακαήσεται,
3023 1314 3052 1344 ››
3103 1290 3220 1347 ἀντὶ
3266 1292 3362 1345 τοῦ
3394 1289 3446 1345 οἱ
3472 1286 3729 1363 πονηρὸν

2066 1381 2289 1445 ἑαυτοὺς
2423 1383 2910 1446 κατασκευάσαντες
3015 1443 3029 1454 δ
3048 1376 3231 1458 ἔργον.
3361 1379 3550 1441 Οὖτως
3659 1373 3727 1433 δὶ

2067 1472 2408 1550 ἀναγνόντες,
2469 1466 2711 1547 ἀκριϐῶς
2769 1472 3080 1548 εὑρήσομεν
3138 1470 3238 1542 τήν
3287 1473 3393 1525 τῶν
3452 1467 3728 1546 γραμμά-

2064 1585 2173 1619 των
2234 1559 2498 1617 διάνοιαν·
2543 1585 2572 1615 ι(
2625 1559 2698 1619 Ei.’
2749 1582 2897 1625 τινος
2951 1562 3015 1617 τὸ
3072 1555 3230 1636 ἔργον
3296 1559 3739 1633 κατακαήσεται,

2070 1653 2499 1727 ζημιωθήσεται·
2532 1650 2704 1715 οὕτως
2737 1648 2815 1723 δέ,
2874 1651 2949 1715 ὠς
3008 1648 3099 1707 διὰ
3125 1650 3296 1726 πυρὸς
3327 1650 3654 1721 σωθήσεται,
3687 1671 3725 1702 ιο

2066 1742 2186 1799 ἀντὶ
2251 1746 2369 1815 τοῦ,
2435 1744 2900 1813 κατακαυθήσεται
2974 1739 3141 1798 αὐτοῦ
3240 1740 3305 1797 τὸ
3379 1734 3534 1817 ἔργον
3613 1736 3726 1794 ὑπὸ

2064 1836 2163 1889 τοῦ
2219 1832 2413 1911 πυρός.
2474 1831 2649 1895 Αὐτὸς
2706 1829 2765 1888 δὲ
2822 1832 3145 1904 σωτήσεται,
3197 1830 3474 1887 τουτέστιν
3507 1830 3535 1885 ὁ
3575 1825 3734 1884 διδά-

297 1945 438 1985 nam
467 1926 688 1983 attulit.
715 1925 927 1979 Verum
959 1922 1008 1978 si
1039 1938 1175 1993 quis
1205 1920 1356 1976 nolit
1384 1918 1737 1992 particulam
1770 1916 1952 1973 illam.

2072 1919 2290 1985 σκαλος.
2349 1920 2427 1980 Οῦ
2480 1922 2587 1997 γὰρ
2641 1920 2819 1985 αἳτιος
2874 1928 2976 1992 τῆς
3025 1921 3235 1977 τούτων
3295 1917 3385 1976 ἐπὶ
3439 1920 3502 1975 τὸ
3534 1924 3730 1995 χεῖρον

2214 2019 2242 2028 .-
2376 2022 2387 2028 -
2417 2011 2432 2028 9
2481 2011 2494 2028 \
2637 2012 2651 2028 ἱ
2796 2012 2811 2028 ι
3083 2013 3093 2028 Ι
3371 2007 3395 2028 θ
3428 2007 3453 2028 δ
3594 2006 3615 2028 \
3640 2010 3651 2028 Ι

301 2041 329 2070 ‹‹
366 2018 459 2072 Sic
517 2022 717 2071 tamen
773 2018 840 2069 ut
886 2028 994 2084 per
1043 2012 1261 2084 ignem,
1292 2031 1320 2060 ››
1379 2009 1543 2082 operi
1595 2014 1818 2080 aptare,
1851 2005 1953 2061 sed

301 2105 566 2163 doctori:
602 2110 741 2159 tunc
800 2102 884 2158 sic
942 2100 1280 2172 intelligito,
1316 2098 1475 2169 quod
1534 2114 1640 2169 pro
1681 2097 1801 2152 illis
1833 2112 1953 2152 non

301 2197 614 2269 exigantur
668 2193 741 2248 ab
802 2208 869 2247 eo
922 2206 1150 2263 paenae;
1210 2187 1540 2244 servabitur
1596 2191 1814 2250 autem,
1849 2202 1957 2259 per

302 2288 500 2359 ignem
558 2290 618 2338 et
672 2283 798 2354 ipse
829 2281 1133 2353 probatus,
1164 2285 1367 2334 utrum
1399 2277 1574 2333 vitam
1607 2275 1821 2331 habeat
1850 2274 1956 2330 do—

304 2377 509 2435 ctrinae
531 2378 985 2446 congruentum.
1007 2394 1034 2420 ‹‹
1054 2373 1348 2435 Aurum,»
1371 2368 1547 2424 fidem
1571 2367 1633 2422 in
1655 2365 1956 2422 Christum

302 2474 332 2521 (ξ
364 2470 812 2538 Argumentum.
846 2484 875 2512 »
908 2463 1052 2517 Nam
1106 2465 1246 2516 sunt
1299 2464 1358 2514 et
1386 2457 1722 2520 inferiores.
1754 2456 1957 2512 multae

303 2555 603 2627 siquidem
635 2558 775 2609 sunt
804 2550 961 2623 apud
994 2552 1230 2605 Patrem
1287 2547 1634 2603 mansiones
1662 2545 1729 2601 π.
1763 2567 1791 2596 ‹‹
1824 2545 1960 2600 Dies

306 2646 468 2702 enim
491 2641 873 2699 declarabit.»
896 2640 1063 2695 Diem
1090 2638 1235 2693 dicit
1249 2637 1486 2710 judicii.
1512 2658 1541 2687 ‹‹
1564 2637 1629 2691 In
1650 2635 1786 2708 igne
1810 2656 1839 2685 ››
1863 2649 1963 2690 au-

308 2741 429 2792 tem
461 2733 604 2790 dicit
630 2730 878 2787 revelari
910 2744 1121 2802 opera:
1152 2728 1265 2784 hoc
1286 2732 1396 2796 est,
1426 2725 1808 2781 manifestum
1834 2722 1962 2778 ﬁeri

304 2828 478 2891 cuius
509 2823 631 2879 sint
648 2828 898 2886 naturae,
920 2825 1122 2874 utrum
1145 2832 1380 2884 aurum,
1404 2822 1607 2870 utrum
1629 2819 1962 2886 argentum,

306 2915 538 2978 talium,
562 2911 774 2983 inquit,
800 2909 953 2982 ignis
974 2907 1315 2980 probativus
1337 2904 1469 2961 erit.
1491 2925 1517 2954 ‹‹
1544 2904 1600 2959 Si
1622 2904 1792 2977 cujus
1815 2919 1964 2974 opus

308 3010 586 3061 exustum
610 3002 807 3058 fuerit.
841 3022 869 3050 »
905 3000 961 3055 Si
1013 2999 1204 3071 cujus,
1238 2997 1452 3068 inquit,
1486 3012 1635 3067 opus
1665 2995 1780 3050 vim
1814 2994 1965 3066 ignis

307 3114 429 3152 non
461 3097 685 3165 tulerit,
712 3094 814 3150 sed
842 3091 1154 3165 probatum
1178 3107 1246 3147 ac
1270 3089 1604 3146 convictum
1634 3087 1813 3143 fuerit
1836 3102 1965 3141 esse

305 3183 980 3247 malum.damuum,ait.
1014 3182 1291 3254 patietur.
1316 3181 1519 3251 Itaque
1541 3178 1693 3233 nihil
1729 3175 1968 3250 prodest

308 3277 457 3332 ﬁdes
479 3275 891 3345 recta,absque
915 3272 1087 3328 bonis
1109 3270 1411 3343 operibus.
1436 3300 1504 3311 -—
1526 3278 1695 3325 Anne
1713 3268 1795 3323 ita
1816 3281 1967 3337 quo-

2063 2019 2298 2088 τροπῆς.
2358 2011 2535 2075 Αὐτὸς
2591 2012 2694 2087 γὰρ
2750 2012 2851 2082 τήν
2917 2013 3301 2087 προσήκουσαν
3367 2006 3727 2065 διδασκαλίαν

2063 2104 2456 2179 προσήνεγκεν.
2518 2102 2581 2159 Εἰ
2636 2100 2693 2158 δὲ
2747 2123 2833 2166 τις
2885 2101 2948 2158 οὐ
3008 2100 3269 2178 βούλεται
3306 2100 3391 2171 τὸ,
3427 2126 3455 2154 (ι
3509 2101 3597 2163 Ὠς
3632 2097 3731 2155 διὰ

2062 2194 2252 2268 πυρὸς,
2286 2217 2315 2247 ››
2346 2197 2426 2266 τῷ
2457 2190 2603 2271 ἔργῳ
2655 2192 3061 2269 προσαρμόσαι,
3095 2189 3242 2248 ἀλλὰ
3270 2195 3351 2265 τῷ
3381 2187 3727 2264 διδασκάλῳ,

2065 2279 2238 2343 οὕτως
2270 2283 2543 2353 νοησάτω,
2604 2282 2689 2336 ὅτι
2748 2281 2882 2357 ὑπὲρ
2943 2281 3040 2357 μὶν
3094 2277 3314 2337 ἐκείνων
3365 2277 3466 2336 οὐκ
3502 2277 3732 2351 εἰσπρα-

2064 2372 2330 2448 χθήσεται
2379 2368 2552 2444 δίκας,
2614 2371 2914 2443 σωθήσεται
2973 2367 3032 2426 δὲ
3089 2366 3178 2426 διὰ
3232 2368 3404 2445 πυρὸς
3433 2369 3523 2425 καὶ
3553 2368 3726 2433 αὐτὸς

2067 2458 2520 2535 δοκιμαζόμενος,
2554 2461 2704 2537 εἷ’περ
2765 2457 2868 2538 ἄρα
2916 2456 3035 2541 ἔχει
3072 2460 3167 2516 τὸν
3214 2460 3331 2536 βίον
3360 2463 3428 2533 τῇ
3463 2454 3730 2515 διδασκα-

2071 2551 2164 2624 λίᾳ
2192 2549 2568 2622 κατάλληλον.
2631 2574 2660 2605 ‹‹
2705 2548 2937 2628 Χρυσόν.
2972 2575 3000 2604 ››
3056 2552 3172 2620 Τὴν
3231 2549 3308 2613 εἷς
3367 2549 3598 2625 Χριστὸν
3630 2546 3731 2605 πί-

2071 2661 2204 2700 στιν·
2260 2666 2290 2696 ι(
2349 2647 2644 2719 ’¹Αργυρον.
2702 2664 2730 2697 ι
2795 2640 2919 2699 Εἰσὶ
2973 2639 3076 2718 γὰρ
3135 2641 3228 2697 καὶ
3293 2637 3729 2715 καταδεέστεροι.

2074 2728 2292 2788 Πολλαὶ
2347 2732 2454 2807 γὰρ
2518 2730 2677 2806 μοναὶ
2709 2730 2854 2807 παρὰ
2883 2735 2962 2804 τῷ
2993 2728 3186 2806 Πατρί.
3245 2754 3265 2781 ι
3299 2730 3362 2787 Ἠ
3414 2728 3516 2808 γὰρ
3547 2726 3741 2807 ἡμέραι

2074 2818 2338 2893 δηλώσει.
2378 2845 2399 2872 ι
2466 2819 2704 2896 Ἠμὲραν
2762 2818 2896 2898 φησὶ
2953 2821 3053 2892 τὴν
3110 2827 3212 2892 τῆς
3266 2818 3521 2897 κρίσεως.
3583 2841 3603 2871 ι
3640 2820 3736 2875 Ἐν

2073 2909 2204 2986 πυρὶ
2260 2906 2319 2964 δὲ
2388 2906 2535 2984 λέγει
2592 2908 2661 2964 τὰ
2733 2903 2862 2985 ἔργα
2922 2906 3428 2973 ἀποκαλύπτεσοα·,
3485 2904 3743 2965 τουτέστι

2075 2997 2277 3079 φανερᾶ
2332 2996 2595 3073 γίνεσθαι,
2656 2997 2822 3053 ὁποῖα
2875 2998 2978 3069 τὴν
3037 2996 3193 3077 φύσιν
3252 2997 3418 3067 ἐστὶν,
3451 2994 3557 3073 ἆρα
3594 3017 3742 3074 ’χρυ-

2074 3090 2188 3154 σὸς,
2221 3088 2324 3164 ἄρα
2356 3083 2631 3166 ἅργυροςς
2681 3090 2790 3143 τῶν
2848 3083 2906 3143 δὲ
2950 3086 3215 3143 τοιούτων
3264 3088 3328 3143 τὸ
3377 3090 3508 3164 πῦρ,
3541 3085 3732 3164 φησὶν,

2076 3177 2409 3255 ἐλεγκτικόν.
2446 3202 2470 3233 α
2505 3176 2576 3234 Εἲ
2629 3198 2778 3243 τινος
2831 3178 2895 3233 τὸ
2950 3170 3106 3253 ἔργον
3147 3182 3566 3250 κατακαήσεται.
3607 3201 3627 3228 ι
3663 3178 3736 3233 Εἲ

2073 3288 2244 3338 τινος,
2276 3267 2430 3348 φησί,
2461 3269 2524 3323 τὸ
2573 3264 2732 3344 ἔργον
2793 3266 2894 3323 οῦκ
2945 3265 3082 3323 οἷ’σει
3106 3268 3205 3336 τήν
3235 3272 3333 3323 τοῦ
3363 3267 3539 3342 πυρὸς
3564 3287 3737 3343 προσ-

307 3383 420 3436 que
470 3343 812 3436 intelligere
835 3362 1193 3434 possumus?
1224 3360 1314 3415 llli
1348 3359 1591 3430 quidem
1623 3358 1724 3429 qui
1755 3356 1961 3412 silvam

2077 3343 2449 3426 601b,le
2497 3343 2893 3434 ἐλεγχθήσεται
2949 3356 3006 3412 ὅν
3067 3357 3307 3429 πονηρὸν
3337 3356 3429 3413 καὶ
3459 3358 3734 3428 κατεκαή-

308 3471 415 3510 seu
446 3453 757 3509 materiam
784 3452 960 3507 facile
992 3449 1354 3505 exurendam
1386 3448 1778 3514 aediﬁcarunt,
1802 3445 1965 3518 peni-

310 3550 409 3599 tus
441 3542 800 3614 ejiciuntur:
836 3540 1120 3595 damnum
1155 3538 1315 3593 enim
1360 3536 1669 3609 patiuntur
1697 3536 1964 3590 omnium

313 3649 559 3689 suorum
592 3631 882 3687 laborum.
920 3651 948 3680 «
985 3631 1111 3701 lpse
1162 3644 1297 3684 vero
1348 3626 1695 3683 servabitur.
1732 3647 1756 3676 ι
1791 3625 1963 3691 Quis-

307 3740 449 3779 nam
467 3722 616 3789 ?Qui
646 3719 1140 3795 supermdiﬁcavit
1169 3733 1380 3774 aurum
1406 3722 1464 3773 et
1490 3722 1798 3789 argentum
1824 3714 1966 3788 lapi-

305 3814 532 3885 desque
563 3813 879 3884 pretiosos.
912 3812 1058 3867 Cum
1087 3808 1242 3865 enim
1275 3808 1346 3865 de
1397 3808 1525 3879 ipso
1559 3807 1777 3863 dixerit
1807 3804 1966 3877 quod

308 3901 645 3958 mercedem
678 3900 948 3973 accipiet,
983 3916 1141 3955 nunc
1201 3898 1344 3953 dicit
1392 3912 1571 3968 quam
1603 3894 1961 3959 mercedem,

307 4009 524 4064 neznpe
582 3992 856 4047 salutem.
890 3989 1231 4045 Servabitur
1287 3992 1510 4055 autem,
1542 3986 1668 4058 ipse
1728 3993 1964 4056 quoque

307 4082 568 4138 eolorem
599 4097 834 4152 passus,
868 4078 1023 4135 sicut
1050 4076 1372 4133 verisimile
1404 4082 1495 4131 est
1524 4074 1596 4130 de
1629 4091 1697 4131 eo
1730 4074 1831 4145 qui
1862 4090 1968 4145 per

308 4171 506 4240 ignem
566 4167 872 4224 transierit
921 4166 1153 4236 sibique
1201 4164 1403 4220 unitas
1448 4163 1712 4218 modicas
1759 4162 1968 4218 sordes

311 4258 670 4330 expurgarit.
695 4256 890 4312 Solius
913 4271 1172 4325 namque
1195 4253 1298 4309 Dei
1323 4258 1414 4308 est
1434 4251 1693 4324 perfecte
1724 4256 1965 4323 peccato

310 4364 533 4405 carere.
566 4347 720 4403 443
775 4345 1060 4401 Homines
1116 4360 1255 4399 vero
1315 4343 1423 4398 etsi
1484 4358 1663 4414 quam
1706 4342 1965 4397 maxime

301 4437 451 4511 justi
482 4437 724 4506 fuerint,
784 4452 905 4491 non
963 4433 1223 4506 perfecte
1279 4433 1410 4505 puri
1470 4436 1628 4487 sunt.
1663 4431 1965 4504 Siquidem

311 4528 537 4584 dictum
570 4532 678 4594 est,
714 4525 873 4598 quod
905 4525 967 4581 in
1024 4523 1229 4580 multis
1287 4522 1544 4578 labimur
1573 4538 1781 4578 omnes
1810 4523 1874 4591 ⁷⁵,
1909 4527 1969 4578 et

311 4641 340 4670 ‹‹
374 4617 583 4673 Nullus
614 4633 802 4690 purus
845 4620 936 4672 est
961 4632 997 4672 a
1026 4619 1292 4687 peccato,
1323 4629 1397 4669 ne
1431 4612 1480 4669 si
1511 4612 1691 4668 unius
1723 4612 1966 4684 quidem

2075 3468 2245 3518 σεται,
2277 3448 2709 3520 ζημιωθήσεται,
2759 3446 2940 3526 φησίν.
2993 3448 3133 3523 Ἀρα
3189 3446 3282 3501 οὗν
3337 3443 3494 3502 οὐδὲν
3525 3445 3737 3524 ὠφελεῖ

2076 3537 2258 3601 πίστις
2327 3536 2484 3611 ὀρθὴ,
2551 3535 2731 3613 χωρὶς
2795 3534 2983 3613 ἔργων.
3052 3570 3120 3581 -—-
3174 3537 3729 3612 [OIKOI‘MENIOI‘.]

2077 3628 2220 3703 Ἃρα
2253 3627 2330 3703 μή
2362 3626 2449 3681 καὶ
2484 3626 2657 3689 οὓτως
2714 3623 2988 3700 δυνάμεθα
3044 3633 3280 3698 iacio-at;
3338 3626 3407 3685 Οἱ
3454 3625 3544 3700 μὶν
3574 3624 3732 3682 οἷκο-

2078 3716 2419 3792 δομήσαντες
2469 3718 2567 3787 τήν
2636 3716 3075 3792 εὖκατάπρηστον
3119 3715 3283 3788 ὕλην,
3339 3713 3527 3772 τὲλεον
3585 3709 3737 3772 ἐκϐε-

2077 3802 2331 3878 ϐληνται.
2367 3805 2740 3880 Ἐζημίωνται
2796 3807 2898 3885 γὰρ
2956 3806 3134 3863 πάντα
3189 3806 3367 3862 αὐτῶν
3396 3807 3462 3861 τὰ
3492 3802 3741 3862 σπουδά-

2078 3918 2276 3971 σματα.
2316 3921 2336 3949 ι
2374 3893 2552 3959 Αὐτὸς
2587 3893 2644 3951 δὲ
2703 3896 3029 3967 σωθήσεται.
3063 3919 3092 3949 ››
3146 3895 3281 3967 Tir;
3340 3896 3399 3954 Ὁ
3448 3891 3744 3951 ἐποικοδο-

2081 3991 2261 4063 μήσας
2288 3990 2380 4044 τὸν
2412 3988 2618 4064 χρυσὸν
2644 3986 2735 4043 καὶ
2791 3988 2882 4043 τὸν
2941 3987 3202 4066 ἄργυρον,
3234 3987 3324 4045 καὶ
3353 3985 3481 4051 τοὺς
3510 3988 3738 4060 τιμίου)

2080 4078 2286 4141 λίθους.
2343 4077 2524 4134 Εἰπὼν
2582 4076 2686 4153 γὰρ
2744 4076 2868 4154 περῖ
2928 4078 3097 4134 αὐτοῦ
3126 4078 3210 4134 ’ὁτι
3246 4079 3437 4153 μισθὸν
3472 4076 3738 4153 λήψεται,

2078 4171 2171 4224 νῦν
2230 4165 2381 4243 λέγει
2438 4171 2597 4223 ποῖον
2661 4166 2872 4241 μισθὸν,
2929 4166 3174 4224 τουτέστι
3252 4171 3351 4240 τὴν
3433 4167 3737 4242 σωτηρίαν.

2081 4257 2395 4327 Σωθήσεται
2429 4252 2485 4310 δέ
2531 4276 2590 4332 γε
2648 4253 2942 4321 ἐπωδύνως
2997 4256 3084 4313 καὶ
3144 4256 3329 4327 αὐτὸς,
3361 4256 3436 4319 ὠς
3470 4256 3612 4319 εἰκὸς
3639 4256 3737 4312 τὸν

2081 4345 2171 4403 διὰ
2269 4346 2442 4423 πυρὸς
2540 4347 2825 4423 παριόντα,
2929 4348 3020 4404 καὶ
3111 4347 3564 4424 ἐκκαθαιρόμενον
3638 4347 3737 4402 τὸν

2079 4436 2260 4493 ἐνόντα
2334 4436 2481 4510 αὐτῷ
2560 4437 2772 4513 βραχὺν
2848 4437 3040 4514 ῥύπον.
3118 4442 3254 4494 Θεοῦ
3344 4436 3447 4514 γὰρ
3544 4434 3742 4512 μόνου,

2077 4528 2141 4584 τὸ
2206 4527 2411 4589 τελέως
2476 4526 2882 4604 ἀναμάρτητον.
2949 4528 3019 4589 Οἱ
3086 4525 3145 4584 δὲ
3204 4526 3480 4606 ἄνθρωποι
3519 4525 3615 4583 κᾶν
3649 4527 3741 4583 δτι

2083 4615 2322 4694 μάλιστα
2380 4617 2484 4672 ὦσι
2569 4615 2794 4689 δίκαιοι,
2878 4616 2944 4673 οὐ
3031 4616 3219 4674 τέλεόν
3306 4616 3409 4673 εἶσι
3482 4615 3742 4691 καθαροί.

314 4709 429 4765 diei
462 4710 539 4765 sit
566 4709 686 4765 vita
717 4708 846 4780 ejus
876 4705 941 4764 ⁷⁷.
977 4727 1006 4757 ››
1040 4707 1184 4762 Nam
1216 4703 1516 4760 Malachim
1550 4703 1773 4760 dictum
1804 4710 1896 4760 est
1922 4704 1961 4740 τε

2079 4705 2308 4784 Εἴρηται
2369 4708 2471 4785 γὰρ
2530 4706 2615 4763 δτι
2672 4706 2860 4764 πολλᾶ
2914 4706 3181 4781 πταίομεν
3244 4708 3463 4775 πάντες,
3494 4706 3589 4763 καὶ
3646 4704 3743 4762 οῦ-

312 4799 470 4872 quod
503 4806 786 4872 tanquam
820 4798 1018 4872 ignem
1051 4796 1112 4852 in
1139 4796 1400 4863 fornace,
1421 4800 1479 4850 et
1509 4800 1791 4866 tanquam
1817 4793 1964 4851 her-

310 4889 448 4946 bam
477 4889 775 4946 fullonum
799 4887 1090 4960 quosdam
1113 4885 1317 4941 abluet
1346 4891 1495 4940 Deus
1517 4889 1574 4939 et
1606 4883 1963 4955 puriﬁcabit.

315 4998 338 5028 ι
370 4980 500 5049 Ipse
530 4995 665 5035 vero
700 4976 1048 5034 servabitur.
1090 4994 1116 5025 ι
1155 4972 1319 5040 Quod
1367 4972 1452 5029 ait
1480 4995 1507 5022 «
1543 4972 1901 5038 Servabitur,
1938 4994 1966 5022 »

308 5066 686 5123 tantumdem
722 5071 812 5122 est
841 5082 908 5121 ac
940 5065 988 5120 si
1020 5063 1217 5119 dicat:
1252 5065 1378 5118 Non
1411 5060 1654 5117 tolletur
1684 5076 1714 5115 e
1745 5060 1964 5131 medio,

310 5172 505 5226 neque
527 5160 854 5211 revertetur
878 5154 938 5208 in
965 5150 1752 5222 nihilum,quemadmodum
1776 5168 1966 5222 pravaa

313 5248 442 5317 ejus
471 5245 756 5299 actiones.
791 5245 931 5299 Nam
961 5244 1087 5297 haec
1118 5258 1305 5312 usque
1338 5240 1413 5295 ad
1444 5239 1503 5295 id
1546 5246 1778 5311 tempus
1811 5241 1965 5296 exsi-

313 5334 593 5392 stentiam
623 5334 845 5389 habere
882 5332 1233 5388 videbantur
1287 5336 1348 5387 et
1404 5330 1661 5397 fiebant;
1696 5332 1967 5388 veniente

311 5431 509 5481 autem
542 5442 612 5481 eo
643 5424 737 5481 die
769 5430 827 5480 et
854 5425 1008 5496 igne,
1042 5424 1185 5494 ipsae
1227 5421 1471 5492 quidem
1501 5437 1665 5477 vanae
1699 5428 1757 5477 et
1785 5440 1968 5479 cassa)

314 5517 675 5582 efﬁciuntur,
707 5532 899 5585 neque
933 5514 1188 5585 amplius
1220 5512 1346 5568 fieri
1385 5518 1673 5584 possunt:
1706 5518 1968 5570 attamen

312 5608 489 5667 homo
519 5607 621 5679 qui
644 5606 779 5663 illas
805 5610 1082 5678 operatus
1114 5609 1222 5672 est,
1254 5619 1378 5658 non
1402 5602 1579 5659 simul
1612 5619 1744 5660 cum
1772 5605 1856 5660 eis
1878 5605 1967 5662 in-

2078 4795 2189 4861 δεὶς
2220 4798 2455 4874 καθαρὸς
2521 4796 2629 4854 ἀπο
2694 4798 2987 4874 ἁμαρτίας,
3056 4795 3171 4854 οὐδ’
3237 4796 3297 4855 ἂν
3366 4796 3464 4873 μία
3493 4797 3741 4871 ἡμέραὸ

2079 4886 2199 4963 βίος
2227 4888 2421 4943 αὐτοῦ.
2457 4886 2689 4961 Εἴρηται
2746 4887 2851 4965 γὰρ
2916 4888 3004 4944 καὶ
3073 4892 3151 4961 τῷ
3218 4886 3511 4963 Μαλαχίᾳ,
3544 4888 3629 4942 δτι
3659 4885 3742 4949 ὠς

2076 4981 2184 5051 πῦρ
2247 4976 2299 5032 ἐν
2371 4977 2735 5053 χωνευτηρίῳ
2799 4978 2890 5033 καὶ
2956 4978 3092 5033 πόαν
3161 4976 3500 5047 πλυνόντων,
3541 4973 3745 5032 πλυνεῖ

2076 5066 2171 5147 καὶ.
2200 5067 2478 5142 καθαρίσει
2530 5067 2558 5121 ὁ
2609 5068 2741 5129 Θεός
2783 5088 2954 5133 τινας.
3003 5092 3033 5120 ‹‹
3064 5066 3239 5132 Αὐτὸς
3265 5064 3323 5123 δὶ
3352 5067 3674 5138 σωθήσεται.
3706 5085 3737 5116 ι)

2078 5189 2145 5200 -
2178 5158 2397 5230 [ΦΩΤ.]
2426 5156 2497 5211 Τὸ
2528 5181 2556 5209 ι(
2591 5157 2929 5229 Σωθήσεται,
2958 5181 2987 5209 »
3010 5156 3285 5213 τουτέστιν
3316 5158 3415 5213 οὐκ
3445 5152 3743 5235 ἀφανισθή-

2080 5266 2252 5319 σεται,
2294 5243 2421 5301 οὐδὲ
2460 5245 2537 5309 εἷς
2574 5246 2638 5301 τὸ
2682 5247 2759 5322 μή
2827 5247 2885 5302 ὅν
2954 5249 3226 5324 χωρήσει,
3267 5244 3450 5321 ὥσπερ
3491 5245 3546 5300 αἱ
3607 5243 3751 5321 πρά-

2079 5338 2188 5410 ξεις
2225 5335 2394 5391 αὐτοῦ
2459 5336 2514 5391 αἱ
2580 5334 2841 5413 πονηραί.
2909 5336 3083 5393 Αὗται
3121 5338 3244 5414 γὰρ,
3292 5335 3460 5415 μέχρι
3506 5335 3600 5409 μὲν
3640 5336 3745 5390 τοῦ

2077 5430 2273 5498 καιροῦ
2348 5424 2577 5499 ἐκείνου,
2654 5429 2754 5498 τήν
2830 5425 3055 5504 ὓπαρξιν
3125 5426 3275 5502 ἔχειν
3351 5424 3576 5481 ἐδοκουν
3654 5424 3750 5480 καὶ

2081 5511 2434 5591 ἓπράττοντο.
2502 5516 2807 5589 Ἐλθούσης
2849 5514 2907 5573 δὲ
2952 5523 3055 5588 τῆς
3094 5518 3309 5595 ἡμέρας
3377 5513 3594 5586 ἐκείνης
3657 5513 3754 5570 καὶ

2080 5610 2181 5662 τοῦ
2213 5607 2407 5685 πυρὸς,
2440 5608 2600 5664 αὗται
2653 5608 2749 5683 μὶν
2808 5606 3039 5689 φροῦδοι
3096 5608 3375 5687 γεγόνασι,
3410 5607 3551 5682 μήτε
3581 5604 3756 5680 εἶναι,

380 5796 428 5840 ⁷⁵
455 5800 619 5858 Joan.
653 5815 766 5869 xw,
792 5798 849 5858 2.
924 5794 973 5836 ⁷⁸
999 5796 1120 5857 Jac.
1151 5810 1235 5868 ni,
1264 5795 1319 5853 2.
1396 5791 1445 5832 ⁷⁷
1472 5792 1600 5855 Job.
1640 5811 1755 5866 xiv,
1787 5796 1845 5870 4,
1873 5796 1931 5866 5,

2072 5840 2084 5859 .
2112 5797 2284 5859 LXX.
2359 5797 2409 5838 ⁸⁸⁸
2434 5797 2679 5862 Malach.
2714 5800 2803 5873 in,
2834 5800 2888 5875 2,
2921 5800 2975 5859 3.
