4122 6388
334 392 452 455 6'79

1419 396 1854 463 CECUMENII
1897 401 2210 468 TRICOE
2256 406 2613 475 EPISCOPI

3638 431 3763 493 680

336 528 604 583 Christus
628 528 701 583 sit
722 527 904 585 Filius
928 528 1335 595 Dei,antundc
1363 535 1967 608 scrutaturquodcar-

2091 544 2206 637 θεῷ
2235 539 2402 637 ἐστιν.
2439 569 2468 599 ››
2609 536 2776 622 μόνον
2804 538 2911 630 γὰρ
2959 552 3116 613 οὐδὶν
3175 556 3423 616 συντελεῖ
3462 563 3601 637 πρὸς
3652 552 3765 635 τὴν

329 634 467 672 nem
494 618 807 689 acceperit.
837 642 862 668 «
891 619 1192 692 Sapientia
1215 623 1375 679 enim
1399 626 1605 680 mundi
1630 626 1807 698 hujus
1835 628 1978 684 stul-

325 709 453 763 titia
484 718 573 765 est
603 727 804 766 coram
864 712 1005 769 Deo.
1042 736 1069 764 ››
1131 715 1435 787 Siquidem
1487 734 1609 773 non
1659 720 1853 774 solum
1900 720 1976 777 ad

320 812 516 852 veram
540 799 697 854 nihil
719 800 948 857 confert
970 802 1348 875 sapientiam,
1365 822 1566 862 verum
1585 807 1763 863 etiam
1784 808 1975 880 impe-

2086 627 2478 729 c’z-hgowﬁv‘uui
2513 633 2687 704 ὅντως
2737 627 2950 722 σοιρίαν,
3004 643 3153 703 ἀλλὰ
3188 650 3279 707 καὶ
3319 627 3624 725 ἐμποδίζει,
3661 627 3746 729 τῷ

2087 719 2292 785 ο¹ῗεσθαι
2341 722 2560 796 εἰδέναι,
2617 731 2707 787 καὶ
2775 719 3040 805 ἀπαξιοῦν
3111 740 3320 811 μαθεῖν.
3389 743 3573 800 Τοῦτο
3643 719 3750 823 γὰρ

2086 816 2234 867 ποιεῖ
2261 815 2296 884 ἡ
2330 815 2592 893 φυσίωσις
2623 819 2821 893 αὐτῆς.

320 885 587 990 ιίἰῐηοιιιο
621 893 710 945 est
739 891 897 962 quod
927 908 990 947 se
1020 894 1170 950 scire
1220 900 1452 967 putent,
1513 902 1915 970 respuantque
1974 898 2305 975 addiscere,
2341 885 2493 965 Inam
2546 911 2659 968 hoc
2704 885 2848 972 iacit
2889 917 3199 990 sapientiae
3244 921 3521 981 humanas
3570 925 3753 983 inﬂa-

322 974 428 1030 tio.

393 1064 494 1129 ΙΙΙ,
533 1068 716 1122 19-21.
755 1068 1035 1140 Scriptum
1066 1077 1143 1127 est
1172 1074 1351 1127 enim:
1411 1074 1515 1138 Qui
1565 1074 1980 1145 comprehendit

326 1155 604 1225 sapientes
616 1174 723 1228 per
752 1161 1015 1216 astutiam
1064 1164 1328 1232 ipsorum.
1359 1166 1434 1219 Et
1478 1180 1699 1220 rursum
1732 1182 1746 1221 :
1798 1167 1981 1221 Domi-

323 1258 428 1299 nus
456 1249 607 1301 novit
638 1251 1000 1317 cogitationes
1052 1253 1391 1322 sapientium
1446 1253 1593 1323 quod
1637 1269 1794 1309 vanae
1846 1256 1977 1327 sint.

322 1334 485 1390 Nemo
516 1338 705 1407 itaque
733 1338 1015 1395 hominum
1043 1340 1338 1410 glorietur.

401 1431 513 1484 Per
541 1427 783 1500 prOpria
830 1428 1096 1501 ipsorum
1156 1447 1344 1494 arma.
1394 1446 1610 1503 nempe
1670 1432 1978 1501 astutiam,

323 1519 782 1593 comprehendit
811 1536 910 1575 eos
932 1521 1106 1576 Deus.
1123 1521 1390 1587 Quonam
1414 1522 1634 1577 modo?
1655 1524 1804 1579 445
1830 1522 1981 1588 Quia

325 1613 485 1667 enim
510 1629 615 1683 per
667 1610 1055 1667 calliditatem
1104 1627 1293 1678 suam,
1355 1611 1478 1666 sive
1532 1612 1855 1668 versutiam
1908 1628 1977 1668 ac

323 1703 604 1759 astutiam
635 1701 794 1758 circa
820 1718 917 1757 res
942 1702 1256 1771 humanas,
1290 1702 1634 1758 existimant
1666 1719 1728 1758 se
1778 1703 1983 1759 omnia

327 1793 500 1860 scire,
533 1808 644 1848 nec
674 1791 787 1847 sibi
845 1808 995 1863 opus
1059 1807 1187 1847 esse
1241 1791 1604 1861 doctoribus,
1665 1809 1771 1864 per
1826 1793 1980 1849 hanc

321 1886 514 1954 ipsam
546 1900 646 1938 eos
693 1882 943 1954 accepit,
989 1882 1169 1938 rebus
1230 1882 1554 1939 ostendens
1612 1883 1770 1954 quod
1827 1883 1980 1939 nihil

320 1972 513 2029 sciant
539 1990 742 2029 eorum
776 1991 908 2045 quae
939 1975 1283 2031 necessaria
1316 1982 1474 2031 sunt.

356 2063 660 2127 Quomodo
682 2067 879 2118 autem
902 2063 1358 2135 comprehendit
1374 2065 1676 2136 sapientes
1695 2070 1972 2137 perastu-

321 2153 462 2211 tiam
477 2155 494 2208 i
503 2154 1239 2226 psorum?Arbitrabantur
1249 2172 1357 2228 per
1368 2156 1694 2212 humanam
1710 2172 1840 2228 quae
1854 2156 1974 2213 illis

319 2245 511 2302 inerat
540 2246 917 2317 sapientiam,
950 2264 1080 2302 sese
1112 2247 1650 2318 comprehensuros
1693 2248 1973 2303 virtutem

320 2336 589 2407 mysterii
613 2336 859 2391 Christi:
890 2336 1001 2407 ipsi
1024 2352 1158 2391 vero
1183 2353 1303 2392 non
1336 2336 1531 2393 solum
1563 2354 1685 2393 non
1712 2344 1854 2393 sunt
1880 2353 1973 2393 as-

323 2422 511 2477 secuti
531 2439 663 2492 qua)
687 2422 800 2476 sibi
823 2422 1103 2477 humanis
1125 2423 1456 2479 rationibus
1477 2441 1762 2480 concessa
1774 2423 1971 2479 existi-

317 2510 600 2566 mabant:
633 2528 836 2566 verum
870 2511 1046 2567 etiam
1078 2513 1296 2567 astutia
1326 2512 1471 2583 ipsis
1502 2513 1564 2568 in
1606 2515 1973 2569 contrarium

315 2598 497 2653 cessit
526 2615 732 2655 eorum
765 2599 839 2655 ad
870 2617 1002 2671 qua)
1036 2600 1382 2661 tendebant,
1405 2601 1467 2655 in
1489 2602 1777 2671 majorem
1808 2602 1971 2674 igno-

314 2687 571 2744 rantiam
586 2694 763 2761 atque
783 2688 1231 2761 perplexitatem
1254 2691 1408 2761 conji
1418 2691 1612 2747 ciente
1635 2691 1797 2763 ipsos
1818 2691 1973 2764 cogi-

318 2781 614 2834 tationum
663 2796 731 2835 ac
777 2779 1077 2836 rationum
1136 2780 1568 2838 imbecillitate.
1634 2806 1654 2831 ι
1688 2782 1973 2838 Dominus

321 2869 490 2923 novit
520 2869 929 2941 cogitationes.
968 2894 994 2920 »
1027 2870 1085 2924 Si
1117 2886 1254 2943 ergo
1291 2870 1577 2927 Dominus
1608 2872 1790 2940 novit,
1840 2872 1974 2943 quis

310 2958 442 3029 jam
474 2959 887 3016 contradicet!
917 2959 1082 3025 Quod
1124 2960 1172 3015 si
1223 2961 1607 3033 cogitationes
1660 2961 1973 3016 hominum

323 3065 487 3104 vana:
518 3056 679 3116 sunt,
714 3055 770 3104 et
803 3050 851 3106 si
884 3051 1184 3122 sapientes
1214 3067 1322 3122 per
1353 3067 1520 3106 suam
1544 3052 1823 3111 astutiam
1847 3067 1971 3107 ma-

318 3138 407 3207 gis
431 3139 767 3211 capiuntur,
794 3139 1095 3211 quodnam
1128 3139 1361 3196 lucrum
1391 3141 1578 3213 magis
1609 3159 1680 3198 ex
1708 3141 1839 3213 ipsa
1868 3141 1975 3197 ha-

318 3227 500 3284 beant
519 3229 901 3285 manil‘estum
927 3235 1016 3285 est
1034 3248 1047 3286 :
1066 3229 1206 3300 quia
1227 3247 1422 3301 neque
1443 3230 1706 3287 humana
1736 3232 1974 3303 sapien-

2005 1947 2053 2013 B

2154 1077 2461 1181 Γὲχραπται
2526 1086 2651 1181 γάρ,
2720 1090 2781 1181 'Q
2857 1087 3226 1169 δρασσόμενος
3319 1095 3450 1161 τοὺς
3542 1100 3751 1181 σοφούς

2084 1163 2150 1267 Θ.
2200 1172 2270 1243 τῇ
2337 1175 2646 1267 πανουργίᾳ
2710 1163 2908 1238 αὐτῶν,
2976 1163 3084 1238 Καί
3148 1182 3317 1241 πάλιν
3386 1163 3743 1267 Κύριοςιγιέ

2084 1257 2283 1315 νώσκει
2347 1261 2476 1325 τοὺς
2551 1262 2953 1345 διαλογισμοὺς
3016 1277 3125 1330 τῶν
3192 1281 3398 1354 σοφῶν,
3471 1257 3572 1335 ’ὅτι
3637 1257 3748 1337 εἰσί

2088 1348 2331 1443 μάταιοι.
2364 1353 2525 1443 Ὥστε
2556 1354 2757 1428 μηδεὶς
2780 1362 3078 1438 καυχάσθω
3108 1363 3162 1420 ἐν
3193 1348 3530 1443 ἀνθρώποις.

2156 1439 2254 1494 Διὰ
2281 1445 2392 1496 τῶν
2426 1442 2640 1500 οἶκείων
2675 1447 2855 1504 αὐτῶν
2910 1450 3124 1527 ὅπλων,
3173 1439 3420 1514 τουτέστι
3467 1465 3568 1530 τῆς
3606 1481 3749 1518 παν-

2085 1530 2334 1630 ουργίας,
2386 1530 2606 1630 ἀλίσκει
2649 1537 2848 1630 αὐτοὺς
2876 1541 2905 1597 ὁ
2936 1542 3085 1609 Θεός.
3146 1549 3324 1616 ΙΙῶς;
3382 1546 3570 1622 ἐπειδὴ
3632 1554 3741 1630 γὰρ

2085 1613 2176 1673 διὰ
2205 1626 2671 1716 τῆςᾳπανουργίας
2721 1628 2921 1702 αὐτῶν,
2955 1631 2988 1688 ὅ
3015 1633 3128 1690 ἐστι
3174 1644 3276 1707 τῆς
3313 1613 3456 1715 -περί
3500 1613 3570 1696 τά
3597 1613 3743 1716 πρά·-

2085 1728 2270 1802 γματα
2317 1708 2656 1802 δεινότητος,
2739 1717 2952 1777 οἷόνται
3010 1724 3186 1781 πάντα
3241 1708 3437 1784 εἰδέναι
3504 1729 3596 1785 καὶ
3641 1708 3736 1802 ’μή

2084 1794 2288 1895 δεῖσθαι
2311 1798 2676 1879 διδασκάλων,
2730 1806 2800 1867 δι’
2848 1811 3020 1884 αὐτῆς
3076 1817 3279 1889 ταύτης
3336 1820 3536 1886 αὐτοὺς
3593 1794 3739 1895 εἷλε,

2083 1885 2173 1944 διὰ
2231 1895 2340 1947 τῶν
2402 1898 2747 1975 πραγμάτων
2806 1897 3006 1976 δείξας,
3065 1905 3150 1961 δτι
3210 1885 3360 1964 οὖδὶν
3419 1908 3567 1967 ἴσασι
3630 1885 3739 1969 τῶν

2084 1977 2413 2056 ἀναγκαίων.

2154 2071 2372 2166 [ΦῼΤ.]
2405 2078 2527 2139 Πῶς
2562 2076 2619 2134 δὲ
2662 2076 2877 2155 ἐδέξατο
2921 2084 3053 2148 τοὺς
3110 2090 3309 2166 σοφοὺς
3360 2088 3416 2145 ἐν
3475 2094 3543 2166 τῇ
3601 2112 3744 2150 παν-

2085 2160 2282 2253 ουργίᾳ
2312 2163 2529 2237 αὖτῶν;
2565 2169 2852 2244 Ἐνόμισαν
2910 2172 3000 2230 διὰ
3048 2182 3148 2246 τῆς
3188 2160 3747 2253 προσούσης-αὐτοῖς

2083 2250 2339 2345 γνώσεως
2376 2255 2744 2332 ἀνθρωπίνης,
2802 2267 2901 2318 τοῦ
2952 2265 3089 2320 κατᾶ
3144 2250 3375 2342 Χριστὸν
3435 2250 3746 2345 μυστηρίου

2083 2342 2183 2408 τήν
2217 2339 2441 2418 δύναμιν
2473 2346 2909 2424 καταλήψεσθαι·
2944 2355 2996 2409 οἰ
3027 2352 3083 2410 δὲ
3132 2354 3194 2411 οὐ
3252 2358 3415 2431 μόνον
3467 2360 3566 2417 οὐκ
3612 2357 3745 2418 ἔτυο

2088 2450 2191 2522 χον
2223 2432 2405 2522 ὦνπερ
2459 2434 2699 2506 ἤλπισαν
2766 2440 3131 2519 ἀνθρωπίνοις
3186 2443 3481 2522 λογισμοῖς
3528 2450 3759 2516 ἑαυτοὺς

2086 2520 2488 2597 ἐπιτρέψαντες,
2542 2525 2689 2583 ἀλλὰ
2746 2531 2834 2586 καὶ
2898 2532 2976 2595 εἰς
3032 2520 3427 2609 τούναντίονήῆ
3468 2532 3753 2613 ἔσπευδον,

2082 2609 2153 2705 τὰ
2206 2618 2306 2705 τῇς
2360 2617 2697 2705 πανουργίας
2754 2618 2941 2686 αὐτοῖς
3024 2622 3334 2704 ἐχώρησεν,
3409 2627 3598 2705 ἀγνοίᾳ
3652 2609 3752 2688 καί

2082 2698 2563 2795 ἀπορίαι-πλείονι,
2592 2711 2691 2773 τῆς
2723 2714 2833 2765 τῶν
2865 2698 3156 2787 λογισμῖὗν
3192 2698 3468 2782 ἀσθενείας
3518 2698 3750 2795 ἑαυτοὺς

2082 2785 2514 2889 περιλαϐούσης.
2577 2816 2606 2850 ε
2663 2794 2860 2871 Κύριος
2935 2785 3192 2878 γινώσκει
3286 2806 3414 2871 τοὺς
3500 2785 3754 2889 διαΙιογιΖ

2085 2879 2275 2977 σμούς.
2343 2907 2363 2933 ι
2426 2882 2495 2940 Εἴ
2551 2885 2642 2941 οὗν
2702 2888 2730 2942 ὁ
2790 2888 2999 2967 Κύριος
3064 2897 3342 2971 γινώσκει,
3407 2898 3494 2962 τίς
3562 2879 3750 2977 ἀντρεῖ

2085 2966 2282 3067 λοιπιόν
2349 2973 2421 3067 Ἐἰ
2451 2973 2542 3029 οὖν
2594 2977 2647 3032 οἱ
2707 2966 3089 3057 διαλογισμοὶ*
3118 2991 3226 3042 τῶν
3281 2966 3589 3064 ἀνθρώπων
3649 2966 3753 3067 μά-

2081 3058 2227 3155 ταιᾲοί
2283 3061 2408 3155 εἰσι,
2468 3066 2559 3121 καὶ
2620 3068 2673 3123 οἱ
2731 3070 2893 3148 σοφοὶ
2950 3070 3003 3127 ἐν
3076 3076 3148 3147 τῇ
3202 3058 3508 3155 πανουργίᾳ
3565 3058 3748 3138 αὑτῶν

2086 3147 2678 3247 μᾶλλονὴἀλίσκονται,
2710 3147 2852 3235 ἤπερ
2877 3182 2933 3217 τι
2960 3160 3156 3239 κέρδος
3205 3164 3257 3237 ἐξ
3298 3147 3497 3239 uarie
3524 3163 3747 3247 ἔχουσι,

2085 3236 2255 3335 δῆλον
2284 3241 2372 3335 δτι
2399 3241 2522 3335 οὔτε
2553 3247 2718 3325 σοφία
2745 3236 3084 3323 ἀνθρωπίνὴ,
3118 3236 3249 3311 οὔτε
3300 3236 3596 3335 λογισμῶν
3630 3236 3750 3317 δειλ

321 3318 423 3380 tia,
455 3335 648 3389 neque
673 3319 1097 3391 cogitationum
1121 3319 1416 3375 calliditas
1440 3321 1967 3392 potestquidquam

2085 3330 2251 3400 νόττ,ς
2284 3332 2471 3409 ἰσχύτι
2523 3357 2575 3391 τι
2606 3337 2643 3406 ἢ
2675 3337 2920 3395 συντελεῖ
2975 3343 3114 3418 πρὸς
3173 3346 3274 3415 τήν
3335 3353 3444 3403 τῶν
3466 3318 3477 3335 ⁸
3498 3371 3745 3425 πνευμα-

319 3412 423 3461 aut
451 3407 694 3477 prodest
721 3407 795 3462 ad
827 3407 1181 3469 doctrinam,
1216 3414 1317 3463 aut
1346 3408 1746 3479 cognitionem
1772 3426 1971 3464 rerum

317 3496 741 3567 spiritualium.
775 3495 940 3560 Quod
973 3497 1019 3550 si
1053 3497 1267 3550 horum
1300 3496 1452 3550 nihil
1482 3496 1556 3551 ad
1580 3498 1692 3552 ista
1722 3498 1971 3566 confert,

316 3584 614 3655 quomodo
638 3586 855 3656 poterit
879 3584 1174 3656 quispiam
1204 3585 1423 3640 docens
1444 3586 1682 3658 gloriari
1700 3586 1855 3659 (cum
1877 3586 1972 3642 de-

311 3680 647 3731 monstrata
676 3675 798 3729 sint
828 3692 898 3731 ea
929 3692 1061 3746 quas
1092 3676 1250 3731 inter
1273 3675 1549 3731 homines
1579 3676 1805 3747 aliquid
1841 3694 1970 3733 esse

310 3765 591 3820 videntur
620 3766 773 3820 nihil
805 3766 1001 3838 posse)
1031 3767 1199 3837 quasi
1223 3767 1563 3822 conferrent
1588 3767 1692 3822 illa
1715 3766 1788 3824 ad
1803 3769 1968 3823 utili-

309 3864 487 3915 tatem
504 3860 531 3915 ?
550 3859 925 3915 Manifestum
948 3859 1106 3914 enim
1127 3865 1215 3915 est
1236 3859 1395 3930 quod
1413 3858 1590 3915 etiam
1605 3860 1652 3915 si
1670 3860 1967 3933 quispiam

306 3948 533 4019 aliquid
567 3948 796 4008 doceat.
830 3950 1033 4020 gratiae
1065 3948 1167 4003 Dei
1203 3956 1294 4003 est
1323 3948 1585 4020 donique
1608 3950 1872 4021 superni,
1907 3955 1970 4005 et

309 4054 429 4092 non
465 4038 714 4108 propriae
747 4054 895 4109 opus
926 4039 1233 4108 sapientia)
1265 4044 1368 4092 aut
1389 4037 1683 4093 acuminis
1708 4037 1963 4111 ingenii;

308 4126 466 4181 dona
497 4143 633 4181 vero
665 4143 786 4181 non
814 4132 880 4182 ut
911 4127 1005 4181 his
1037 4126 1458 4181 extolleremur
1488 4126 1836 4198 accipimus,
1859 4125 1965 4182 sed

308 4215 382 4271 ad
414 4231 795 4271 communem
836 4215 1146 4270 hominum
1178 4215 1518 4271 utilitatem.
1546 4238 1573 4265 ‹‹
1603 4216 1769 4281 Quod
1800 4233 1961 4273 vanaa

308 4305 442 4360 sint.
482 4326 506 4356 ι)
540 4307 750 4360 Annon
784 4305 867 4360 ita
896 4304 1027 4360 est?
1054 4304 1419 4359 arbitrantur
1448 4322 1510 4361 se
1542 4306 1706 4362 nullo
1768 4323 1962 4380 egere,

308 4394 413 4449 sed
444 4394 557 4449 sibi
617 4394 891 4450 sufﬁcere
949 4393 1025 4450 ad
1080 4394 1344 4450 veritatis
1397 4396 1958 4467 apprehensionem.

302 4506 330 4534 ‹‹
368 4485 550 4539 Nemo
591 4483 799 4555 itaque
830 4483 1140 4539 hominum
1172 4483 1478 4557 glorietur.
1514 4507 1542 4534 »
1573 4486 1639 4541 In
1688 4486 1958 4543 doctores

305 4574 569 4645 ipsorum
604 4589 842 4629 rursum
872 4573 1190 4640 invehitur,
1224 4574 1323 4644 qui
1372 4573 1698 4646 plurimum
1748 4579 1957 4635 eﬂ‘ere-

2085 3424 2250 3475 τικῶν
2286 3418 2642 3481 διδασκαλίαν
2672 3428 2762 3483 καὶ
2807 3430 3067 3503 μάθησιν.
3101 3434 3164 3490 Εἰ
3195 3431 3255 3491 δὲ
3307 3435 3478 3509 μηδὲν
3523 3418 3742 3499 τούτων

2083 3510 2221 3585 πρὸς
2252 3516 2419 3568 ταῦτα
2453 3522 2718 3587 συντελεῖ,
2779 3524 2898 3582 πῶς
2936 3520 2997 3577 ἃν
3052 3544 3135 3586 τις
3195 3521 3463 3584 διδάσκων
3520 3531 3738 3607 καυχή-

2084 3621 2259 3671 σαιτο,
2296 3601 2465 3674 μηδὲν
2493 3611 2602 3662 τῶν
2651 3608 2705 3663 ἐν
2761 3610 3071 3687 ἀνθρώποις
3138 3612 3445 3674 δοκούντων
3505 3601 3733 3696 ἰσχύειν.

2082 3690 2582 3768 ἀποδεδειγμένων,
2615 3698 2690 3762 ὡς
2724 3701 3045 3759 συντελοῦσι
3091 3707 3227 3781 πρὸς
3270 3703 3456 3779 ὄνησιν
3488 3728 3503 3779 ;
3555 3707 3740 3780 Δῆλον

2079 3782 2182 3857 γὰρ
2213 3783 2288 3846 ὡς
2319 3783 2470 3849 εῗτίς
2499 3808 2553 3842 τι
2603 3790 2691 3844 καὶ
2740 3786 3005 3864 διδάσκει,
3052 3796 3283 3871 χάριτός
3332 3798 3442 3853 ἐστι
3484 3800 3573 3854 καὶ
3625 3797 3745 3856 δω-

2082 3877 2206 3946 ρεᾶς
2237 3879 2338 3942 τῆς
2367 3873 2593 3966 ἐίνωθεν,
2644 3877 2773 3935 ἀλλ’
2803 3881 2934 3957 οὐχὶ
2992 3887 3183 3964 σοφίας
3239 3887 3440 3951 οἰκείας
3481 3884 3665 3966 ἔργον,
3698 3888 3741 3962 ἤ

2079 3969 2180 4062 τῆς
2207 3966 2344 4062 κατὰ
2385 3963 2922 4062 διανοιανμόξύτητος
2962 3975 3062 4062 ’Τὰ
3121 3973 3180 4032 δὲ
3236 3963 3574 4054 χαρίσματα,
3624 3982 3743 4062 οὐχ

2075 4052 2167 4106 ἳνα
2194 4053 2415 4117 τούτοις
2442 4053 2798 4133 ἐπαιρώμεθα
2829 4058 3212 4140 λαμϐάνομεν,
3240 4052 3383 4124 ἢάλλ’
3432 4068 3522 4125 ἐπὶ
3569 4052 3736 4146 κοινῇ

2075 4144 2183 4195 τῶν
2214 4141 2514 4217 ἀνθρώπων
2544 4145 2803 4225 ὠφελείᾳ.
2838 4174 2865 4205 ιι
2893 4153 3017 4209 ’Ὁτι
3077 4153 3200 4225 εἰσὶ,
3248 4158 3489 4229 μάταιοι.
3525 4181 3553 4211 ››
3606 4141 3739 4223 Πῶς

2074 4230 2177 4307 γὰρ
2207 4228 2270 4287 οὔ
2297 4255 2312 4301 ε,
2344 4235 2631 4308 νομίζουσι
2676 4240 2752 4312 μή
2787 4235 2993 4296 δεῖσθαι
3054 4228 3305 4317 μηδενὸς,
3352 4244 3481 4303 ἀλλ’
3519 4247 3741 4314 ἑαυτοῖς

2074 4321 2377 4411 ἀρκεῖσθαι,
2409 4325 2546 4398 πρὸς
2573 4328 2673 4397 τὴν
2708 4332 2806 4385 τοῦ
2834 4328 3080 4403 ἀληθοῦς
3129 4335 3463 4411 κατάληψιν.
3516 4363 3544 4392 ‹‹
3574 4340 3743 4395 Ὥστε

2077 4408 2272 4485 μηδεὶς
2300 4415 2597 4491 καυχάσθω
2645 4416 2697 4472 ἐν
2745 4419 3077 4497 ἀνθρώποις.
3111 4445 3136 4478 ο
3210 4408 3372 4501 Πρὸς⁷
3410 4425 3540 4490 τοὺς
3592 4425 3748 4483 διδαο

2073 4501 2306 4566 σκάλους
2335 4504 2514 4561 αὐτῶν
2568 4505 2734 4563 πάλιν
2798 4509 3162 4581 ἀποτείνεται,
3220 4514 3415 4577 οῒτινες
3476 4520 3742 4592 μέγιστον

2072 4591 2350 4683 ἐφρόνουν,
2398 4594 2481 4673 ἐφ’
2539 4596 2625 4662 οἷς
2683 4600 3001 4674 χαρίσματα
3057 4602 3316 4683 εἰλήφασι
3377 4591 3740 4672 διδασκαλίας

302 4664 525 4720 bantur
553 4662 713 4737 quod
744 4663 902 4720 dona
933 4663 1206 4736 quaedam
1266 4663 1549 4721 doctrina)
1604 4672 1662 4722 et
1707 4666 1961 4724 aliorum

2082 4680 2387 4758 ιαίὲτέρων
2446 4690 2633 4744 τινῶν.
2694 4689 2849 4745 Διατί
2906 4689 2965 4747 δὲ
3017 4693 3068 4748 οἰ
3127 4659 3471 4768 διδάσκαλοι,
3541 4698 3732 4773 φητὶν,

303 4760 697 4824 quorumdam
745 4755 1136 4827 accepissent.
1186 4754 1376 4819 Quare
1426 4761 1623 4811 autem
1682 4755 1955 4812 doctores

300 4859 421 4900 non
451 4844 672 4901 debent
700 4845 964 4919 gloriari,
997 4842 1101 4900 sed
1132 4842 1318 4899 dicis:
1362 4867 1385 4895 ι
1412 4845 1593 4900 Nemo
1642 4845 1955 4902 hominum

297 4931 583 5004 glorietur
602 4935 629 4990 ?
655 4958 681 4984 ››
706 4935 873 5001 Quia,
899 4934 1116 5005 inquit,
1139 4949 1510 5005 quaecunque
1538 4935 1951 5005 donahabent,

300 5019 405 5076 illa
436 5029 676 5093 propter
705 5040 804 5077 vos
851 5040 1067 5094 nempe
1116 5022 1352 5095 plebem
1402 5028 1782 5094 acceperunt,
1835 5043 1952 5096 quo

299 5108 463 5164 vobis
494 5111 857 5180 prodessent.
898 5110 1048 5177 Quid
1080 5128 1216 5183 ergo
1248 5111 1308 5166 in
1341 5110 1433 5165 his
1458 5111 1790 5184 gloriantur
1819 5131 1951 5186 qua)

298 5212 418 5250 non
454 5197 577 5252 suis
623 5198 949 5259 laboribus.
1000 5198 1104 5254 sed
1154 5204 1397 5270 propter
1436 5215 1535 5255 vos
1593 5209 1953 5272 acceperunt

295 5291 672 5358 vestramque
703 5288 956 5343 salutem
978 5288 1006 5343 ‘?
1037 5310 1063 5338 ‹‹
1099 5290 1280 5343 Nemo
1304 5288 1611 5360 glorietur.
1637 5312 1657 5337 ι
1691 5290 1790 5346 Vel
1819 5310 1944 5364 pro-

294 5382 428 5447 pter
457 5375 763 5433 doctores:
796 5395 989 5450 neque
1015 5380 1173 5435 enim
1198 5379 1525 5451 quidquam
1548 5397 1581 5435 a
1604 5397 1666 5436 se
1687 5381 1947 5453 habent;

292 5467 379 5523 vel
432 5473 675 5539 propter
730 5468 1023 5525 humanas
1079 5470 1485 5542 cogitationes.
1547 5472 1702 5526 446
1748 5474 1948 5546 Neque

292 5555 451 5612 enim
479 5573 587 5628 per
620 5557 754 5612 illas
783 5562 979 5628 potest
1027 5557 1241 5613 veritas
1289 5559 1740 5629 comprehendi,
1792 5579 1948 5636 saepe

291 5652 490 5702 autem
542 5645 953 5720 interpretatio
1000 5646 1190 5720 magis
1238 5651 1478 5719 aptatur
1526 5652 1586 5705 et
1638 5651 1948 5724 particula

288 5735 671 5813 dictionibus,
708 5743 769 5799 et
795 5735 890 5799 his
922 5754 1056 5814 quae
1089 5742 1449 5815 sequuntur.

2066 4771 2165 4828 οὐκ
2223 4771 2508 4852 ὀφείλουσι
2569 4782 2903 4857 καυχᾶσθαι,
2958 4779 3108 4837 ἀλλὰ
3164 4781 3365 4860 λὲγεις,
3430 4809 3458 4839 ‹‹
3518 4771 3734 4859 Μηδεὶς

2064 4864 2363 4956 καυχασθω
2405 4865 2465 4956 ἐν
2517 4864 2828 4956 ἀνθρώποις
2862 4889 2876 4940 ;
2912 4892 2941 4922 »
2999 4869 3085 4956 ὅτι
3137 4870 3236 4929 ὅσα
3291 4872 3510 4949 ἔχουσι,
3568 4874 3731 4956 φησί,

2065 4955 2407 5028 χαρίσματα,
2443 4952 2513 5009 δι’
2546 4955 2688 5028 ὑμᾶς
2719 4958 2810 5013 τὸν
2841 4956 2974 5015 λαὸν
3024 4955 3223 5017 ἔλαϐον
3254 4963 3389 5019 αὐτᾶ
3441 4963 3530 5021 ’ἵνα
3580 4952 3726 5039 ὗμᾶς

2062 5040 2363 5120 ώφειλῶσι.
2396 5044 2465 5100 Τί
2495 5044 2585 5098 οὖν
2627 5044 2710 5100 ἐπ’
2767 5045 2991 5112 ἐκείνοις
3042 5055 3380 5126 καυχῶνται,
3440 5055 3473 5110 ἃ
3513 5049 3719 5109 ἔλαϐον

2061 5129 2128 5184 οὐ
2186 5128 2257 5185 δι’
2312 5133 2549 5197 οἰκείους
2606 5136 2832 5202 πόνους,
2892 5138 3039 5195 ἀλλά
3092 5139 3164 5197 δι’
3232 5144 3393 5219 ὑμᾶς,
3473 5144 3563 5200 καὶ
3616 5144 3724 5213 τήν

2064 5219 2217 5309 op.th
2249 5223 2523 5296 σωτηρίαν
2553 5250 2566 5292 ;
2601 5248 2629 5276 ‹‹
2661 5222 2872 5295 Μηδεὶς
2900 5230 3222 5309 καυχάσθω,
3260 5259 3282 5289 ι
3344 5238 3412 5290 "ll
3465 5234 3553 5290 ἐπὶ
3602 5239 3729 5301 τοῖς

2060 5305 2438 5376 διδασκαλίοις
2462 5312 2549 5387 (οὐ
2579 5314 2683 5389 γὰρ
2711 5336 2765 5371 τι
2788 5305 3221 5393 ’ἔχουσιν-αὗτοί
3264 5322 3526 5400 οἴκοθεν),
3552 5324 3588 5394 ἢ
3630 5323 3725 5381 ἐπὶ

2055 5404 2172 5461 τοῖς
2202 5399 2571 5477 ἀνθρωπίνοις
2597 5402 2917 5479 λογισμοῖς.
2971 5409 3047 5466 Οὐ
3099 5412 3202 5489 γὰρ
3253 5410 3367 5470 ἓστι
3417 5399 3489 5470 δι’
3536 5415 3720 5472 αὐτῶν

2056 5486 2386 5582 καταλαϐεῖν
2441 5493 2572 5582 τήν,
2624 5492 2912 5568 ἀλήθειαν,
2979 5486 3195 5573 μᾶλλον
3251 5500 3309 5559 δὲ
3368 5506 3402 5576 ἡ
3458 5503 3720 5582 ἀνωτέρω

2058 5577 2265 5676 ξκδοχῇ
2297 5581 2387 5637 καὶ
2564 5581 2705 5654 λέξει
2764 5591 2863 5642 τοῦ
2929 5590 3144 5667 χωρίου
3205 5593 3297 5649 καὶ
3352 5599 3470 5658 τοῖς
3526 5577 3723 5676 ἐφεξῆς

2058 5667 2201 5727 ἐστιν
2232 5667 2632 5749 ἐφαρμόζνυσα.
