4122 6390
312 360 431 420 681

391 495 575 550 Πάντα
677 494 783 571 γάρ
862 493 1017 568 ὑμῶν
1093 493 1256 563 ἔστιν,
1333 493 1438 551 εἴτε
1527 492 1766 562 Ηαῦλος,

313 580 640 650 Ἀπολλὼς,
708 581 818 640 εἴτε
884 589 1095 663 Κηφᾶς,
1165 583 1271 640 εἴτε
1360 586 1593 659 κόσμος,
1661 582 1770 640 εἴτε
1835 583 1975 651 ζωή,

314 672 430 728 εἴτε
527 672 784 744 θάνατος,
889 672 995 728 εἴτε
1099 672 1380 744 ἐνεστῶτα,
1489 671 1596 729 εἴτε
1677 669 1974 746 μέλλοντα,

311 764 490 817 πάντα
563 762 718 837 ὑμῶν
794 761 958 834 ἐστιν,
1040 764 1197 838 ὑμεῖς
1273 760 1332 819 δε
1404 766 1671 837 Χριστοῦ,
1739 759 1978 836 Χριστὸς

315 849 376 907 δὲ
406 855 564 910 Θεοῦ.

394 940 571 998 Πάλιν
629 942 821 999 ἑαυτὸν
879 942 969 999 καί
1018 942 1224 1019 Πέτρον
1280 944 1372 999 καὶ
1433 941 1697 1002 Ἀπολλῶ
1751 942 1979 1010 τέθεικε,

315 1032 450 1094 τοὺς
511 1029 878 1095 διδασκάλους
934 1033 1113 1088 αὐτῶν
1170 1032 1562 1109 αἰνιττόμενος,
1630 1029 1838 1094 δεικνὺς
1894 1031 1979 1085 ὅτι

314 1120 410 1177 καὶ
440 1121 760 1198 χαρίσματα
799 1120 870 1177 δι’
927 1122 1127 1186 αὐτοὺς
1182 1121 1524 1201 εἰλήφεισαν,
1575 1122 1666 1177 καὶ
1725 1118 1981 1176 διδάσκα-

316 1207 414 1266 λοι
452 1205 861 1286 προϐέϐληντο.
895 1213 1072 1270 Τοῦτο
1109 1209 1167 1267 δὲ
1199 1210 1406 1291 σφόδρα
1447 1213 1538 1268 τὸν
1565 1215 1674 1267 τῶν
1725 1206 1983 1265 διδασκά-

316 1297 435 1355 λων
464 1304 631 1379 τῦφον
660 1305 929 1375 καθαιρεῖ.
996 1303 1228 1359 Ἔπειτα
1276 1302 1496 1357 κάκεῖνο
1550 1298 1981 1374 παρασημαίνει,

316 1389 386 1446 Εἰ
414 1388 547 1466 ἐγὼ,
580 1390 736 1467 φησὶ,
767 1391 858 1445 καὶ
889 1393 1084 1465 Κηφᾶς
1113 1391 1206 1446 καὶ
1252 1390 1544 1452 ’Λπολλὼς
1599 1389 1750 1463 ὑμῶν
1800 1387 1980 1461 ἐσμεν,

318 1477 508 1558 σχολῇ
538 1480 590 1556 γ’
620 1478 681 1534 ἄν
716 1479 769 1535 οἳ
800 1475 1125 1536 διδάσκαλοι
1160 1481 1313 1554 ὑμῶν
1364 1477 1603 1558 ὢφειλον
1658 1477 1797 1555 μέγα
1846 1497 1983 1557 φρο-

318 1574 454 1627 νεῖν.
497 1594 524 1621 ‹‹
558 1568 685 1627 Εἴτε
724 1568 955 1644 κόσμος,
988 1594 1017 1622 ››
1071 1572 1173 1628 Καὶ
1246 1570 1429 1643 αὐτὸς,
1490 1570 1680 1648 φησὶν,
1710 1570 1739 1624 ὁ
1771 1569 1983 1640 κόσμος

318 1655 415 1711 καὶ
443 1658 478 1726 ἡ
517 1659 655 1727 ζωή,
689 1654 761 1712 δι’
792 1657 934 1731 ὑμᾶς
986 1656 1099 1715 έστι
1152 1659 1245 1713 καὶ
1298 1656 1507 1734 γέγονε,
1560 1655 1651 1711 καὶ
1684 1656 1713 1710 ὁ
1754 1658 1983 1720 θάνατος

322 1746 491 1807 αὑτὸς
531 1746 668 1822 πρὸς
727 1748 1113 1825 σωφρονισμὸν
1171 1744 1388 1824 γὲγονεν
1452 1745 1732 1822 ὑμέτερον.
1795 1769 1825 1797 ‹‹
1854 1742 1984 1801 Εἴτε

1307 359 1717 423 COMMENT.
1761 359 1843 420 IN
1887 356 2139 419 EPIST.
2186 359 2214 419 Ι
2256 359 2364 418 AD
2408 357 2780 421 CORINTH.

3614 362 3735 426 682

1869 489 1981 548 εἴτε
2006 495 2060 562 Α
2160 493 2257 560 lll,
2286 494 2377 561 22,
2401 495 2492 549 23.
2524 496 2723 552 Omnia
2768 499 2912 552 enim
2956 505 3137 553 vestra
3170 504 3318 564 sunt,
3366 499 3480 555 sive
3506 500 3738 567 Paulus,

2081 584 2193 639 sive
2221 582 2472 653 Apollas,
2528 587 2641 640 sive
2696 586 2926 656 Cephas,
2981 589 3094 642 sive
3140 589 3395 653 mundus,
3426 588 3541 644 sive
3596 588 3737 657 vita,

2084 674 2196 727 sive
2224 688 2389 742 mors,
2421 676 2533 729 sive
2564 674 2889 745 przsmtia,
2945 677 3056 731 sive
3100 680 3317 746 futura.
3378 678 3598 746 Omnia,
3646 681 3741 733 in-

2084 776 2272 829 quam,
2305 768 2487 816 vestra
2514 769 2661 831 sunt,
2702 780 2795 819 vos
2824 770 3009 819 autem
3037 765 3262 837 Christi,
3315 765 3564 823 Christus
3612 783 3742 823 vero

2086 851 2206 905 Dei.

2159 939 2417 994 Rursum
2451 940 2715 1012 seipsum
2747 946 2806 995 et
2848 940 3085 997 Petrum
3140 958 3209 997 ac
3263 943 3473 1015 Apollo
3522 943 3741 1016 posuit,

2086 1025 2359 1082 doctores
2391 1044 2600 1084 eorum
2630 1028 2953 1101 designans
2979 1046 2993 1084 :
3016 1031 3340 1086 ostendens
3366 1032 3524 1103 quod
3562 1032 3742 1088 etiam

2087 1116 2245 1172 dona
2273 1122 2518 1189 propter
2548 1117 2710 1189 ipsos
2740 1119 3116 1192 accepissent
3143 1125 3204 1175 et
3247 1120 3519 1176 doctores
3558 1121 3743 1177 creati

2087 1211 2308 1260 essent.
2340 1207 2457 1260 Hoc
2486 1212 2686 1262 autem
2715 1206 2937 1263 fastum
2966 1224 3173 1263 eorum
3204 1210 3593 1266 vehementer
3639 1211 3744 1266 de-

2085 1293 2311 1364 primit.
2347 1294 2569 1349 Deinde
2603 1294 2754 1350 illud
2787 1311 3025 1367 quoque
3051 1297 3385 1369 signiﬁcat:
3423 1298 3481 1354 Si
3505 1315 3633 1372 ego,
3661 1299 3748 1354 in-

2085 1382 2233 1454 quit,
2266 1387 2325 1436 et
2365 1382 2592 1453 Cephas
2644 1389 2703 1437 et
2757 1384 2996 1455 Apollos
3041 1385 3219 1440 vestri
3269 1402 3498 1455 sumus,
3557 1386 3748 1442 multo

2084 1471 2284 1526 minus
2307 1488 2449 1527 sane
2474 1472 2762 1529 deberent
2780 1474 3053 1531 doctores
3068 1477 3247 1531 vestri
3269 1476 3481 1532 cristas
3495 1478 3746 1550 erigere.

2084 1582 2113 1609 «
2147 1560 2273 1616 Sive
2306 1561 2589 1619 mundus.
2622 1583 2650 1616 ι
2684 1564 2816 1635 Ipse
2842 1581 3080 1636 quoque
3106 1566 3369 1621 mundus
3390 1566 3586 1623 etvita
3608 1583 3746 1639 pro-

2083 1656 2216 1722 pter
2242 1668 2344 1707 vos
2375 1658 2538 1721 sunt,
2570 1669 2639 1709 ac
2670 1654 2913 1711 condita
2945 1661 3119 1711 sunt:
3155 1655 3238 1711 ita
3284 1673 3449 1713 mors
3493 1658 3625 1729 ipsa
3670 1655 3747 1712 ad

2081 1747 2339 1798 vestram
2358 1742 2517 1799 facta
2540 1750 2632 1799 est
2653 1744 3128 1818 castigationem.
3154 1768 3184 1797 κ
3205 1745 3333 1802 Sive
3357 1748 3698 1819 praesentia.
3720 1768 3750 1797 κ

324 1833 611 1893 ἐνεστῶτα.
669 1856 701 1889 ι
763 1834 1008 1891 Δείκνυσι
1065 1835 1238 1892 πάντα
1304 1833 1377 1891 δι’
1463 1836 1661 1898 αὐτοὺς
1718 1834 1983 1910 γενόμενα

2098 1832 2366 1888 Ostendit
2385 1838 2601 1889 cuncta
2617 1838 2859 1907 propter
2881 1835 3044 1907 ipsos
3066 1837 3223 1891 facta
3252 1842 3475 1903 esse,et
3496 1852 3756 1909 praesen-

319 1924 510 1981 καὶτὰ
548 1922 817 1981 ἐνεστῶτα
845 1925 934 1981 καὶ
966 1926 1035 1981 τά
1096 1924 1398 1999 μέλλοντα.
1456 1949 1479 1979 ε
1514 1924 1689 1981 Πάντα
1742 1923 1915 1997 ὑμῶν.
1952 1946 1981 1976 ι»

316 2015 414 2078 Ὧς
460 2012 760 2090 εὐεργεσίαι
812 2015 905 2070 καὶ
963 2012 1214 2090 δωρεαίι.
1250 2019 1487 2089 «Ὑμεῖς
1548 2011 1606 2069 δὶ
1661 2016 1916 2089 Χριστοῦ.
1950 2035 1979 2065 ι)

320 2104 416 2165 Ὠς
472 2105 729 2178 κτήματα
785 2104 874 2158 καὶ
934 2104 1241 2174 ποιήματα.
1302 2103 1595 2179 «Χριστὸς
1647 2099 1706 2157 δὲ
1763 2105 1981 2160 Θεοῦ.»

318 2193 414 2254 Ὠς
440 2193 685 2269 γέννημα
712 2190 804 2247 καὶ
844 2191 988 2255 Υἱός.
1031 2189 1227 2256 Καλῶς
1285 2190 1344 2247 δὲ
1401 2196 1565 2247 τοῦτο
1622 2191 1981 2267 προσέθηκεν.

321 2278 551 2352 Ἐπειδὴ
595 2281 701 2357 γὰρ
761 2283 899 2337 εἶπε·
960 2304 990 2334 ‹‹
1043 2280 1226 2337 Πάντα
1280 2281 1456 2355 ὑμῶν,
1521 2281 1677 2355 ὑμεῖς
1735 2276 1793 2334 δὲ
1849 2280 1982 2353 Χρι-

325 2368 639 2443 στοῦ,››’ίνα
667 2371 744 2445 μή
779 2370 1004 2432 στάντος
1061 2369 1225 2425 αὑτοῦ
1273 2368 1517 2440 ἐνταῦθα,
1558 2368 1847 2447 ἀγέννητον
1893 2366 1984 2422 καὶ

320 2458 558 2515 ἀναίτιον
603 2460 875 2533 νομίσωσι
920 2459 1011 2514 τὸν
1062 2459 1212 2531 ne»,
1260 2457 1528 2536 ἰπήγαγε·
1586 2481 1616 2510 ‹‹
1647 2457 1887 2533 Χριστὸς
1926 2453 1984 2511 δὲ

321 2553 478 2605 Θεοῦ.
516 2572 539 2601 ι
572 2548 697 2625 Οὐχ
753 2547 832 2611 ὠς
889 2551 1056 2623 ἡμεῖς
1109 2549 1367 2623 Χριστοῦ,
1430 2548 1608 2611 οὑτως
1666 2549 1695 2602 ὁ
1752 2545 1983 2623 Χριστὸς

321 2644 489 2709 Θεοῦ,
534 2640 724 2716 ἄπαγε.
777 2636 933 2697 Ἀλλ’
990 2642 1160 2712 ἡμεῖς
1219 2640 1316 2713 μὶν
1368 2640 1630 2713 Χριστοῦ,
1690 2639 1766 2696 ὡς
1824 2636 1981 2713 ἔργον

327 2725 481 2792 ὄντες
512 2727 683 2784 αὑτοῦ
712 2728 803 2784 καὶ
856 2727 1094 2802 ποίημα’
1148 2729 1205 2785 Ὀ
1263 2726 1323 2784 δὲ
1376 2728 1609 2806 Χριστὸς
1669 2732 1766 2784 τοῦ
1823 2731 1980 2797 Θεοῦ,

330 2819 408 2881 ὡς
466 2818 803 2893 προαιώνιον
848 2818 1092 2893 γέννημα
1145 2819 1235 2873 καὶ
1294 2819 1439 2889 Υἱὸς,
1528 2818 1617 2873 καὶ
1669 2818 1745 2881 ὡς
1803 2817 1980 2874 αἰτίαν

321 2906 473 2983 ἔχων
500 2908 596 2962 τὸν
624 2904 856 2981 Πατέρα.

397 2995 589 3056 Οὕτως
642 2997 792 3070 ἡμᾶς
851 2997 1160 3073 λογιζέσθω
1254 2995 1561 3074 ἅνθρωπος,
1624 2998 1699 3058 ὡς
1776 2995 1978 3070 ὑπηρέ-

320 3106 418 3148 τας
489 3086 747 3163 Χριστοῦ,
815 3086 906 3142 καὶ
986 3086 1315 3161 οἰκονόμους
1414 3087 1729 3163 μυστηρίων
1820 3083 1980 3144 Θεοῦ.

2089 1921 2174 1976 tia
2196 1927 2256 1976 et
2278 1921 2501 1978 futura.
2519 1944 2549 1973 «
2574 1924 2789 1980 Omnia
2808 1929 3003 1980 vestra
3027 1931 3190 1994 sunt,
3214 1948 3244 1975 »
3269 1930 3553 1997 tanquam
3575 1926 3754 1982 bene-

2089 2009 2225 2065 ﬁcia
2254 2014 2314 2064 et
2343 2010 2520 2066 dona.
2549 2033 2577 2061 ‹‹
2615 2013 2726 2067 Vos
2748 2018 2948 2069 autem
2975 2013 3215 2084 Christi,
3245 2035 3273 2064 »ι
3294 2020 3579 2086 tanquam
3594 2030 3753 2071 crea-

2089 2106 2237 2155 turas
2268 2105 2329 2154 et
2354 2117 2557 2172 opera.
2618 2123 2647 2151 ‹‹
2680 2101 2952 2158 Christus
3007 2119 3145 2157 vero
3206 2104 3334 2171 Dei,
3367 2125 3397 2154 »
3459 2109 3747 2176 tanquam

2087 2204 2334 2260 germen
2364 2204 2430 2244 ac
2461 2188 2666 2245 Filius.
2696 2189 2948 2245 Pulchre
2967 2197 3168 2246 autem
3188 2191 3301 2247 hoc
3326 2192 3558 2248 addidit
3575 2209 3589 2261 ;
3606 2209 3749 2264 quo-

2087 2281 2249 2335 niam
2279 2280 2441 2335 enim
2472 2280 2704 2337 dixerat
2729 2298 2743 2335 :
2778 2304 2807 2332 «
2840 2282 3054 2338 Omnia
3081 2288 3276 2339 vestra
3306 2289 3466 2351 sunt,
3495 2301 3598 2340 vos
3641 2301 3750 2341 au-

2091 2375 2207 2425 tem
2239 2369 2456 2425 Christi
2485 2384 2500 2438 ;
2529 2390 2555 2421 ι
2583 2386 2657 2424 ne
2691 2370 2738 2425 si
2770 2370 2853 2425 ibi
2884 2371 3097 2442 pedem
3132 2372 3379 2440 ﬁxisset,
3411 2372 3625 2428 Filium
3656 2374 3749 2430 in-

2088 2460 2355 2531 genitum
2377 2475 2446 2514 ac
2478 2459 2606 2514 sine
2633 2459 2931 2531 principio
2955 2459 3707 2534 existimarent,subjunxit
3733 2477 3749 2517 :

2089 2569 2115 2601 α
2149 2549 2421 2606 Christus
2451 2565 2588 2604 vero
2620 2549 2749 2605 Dei.
2774 2569 2803 2597 ν»
2835 2550 2962 2604 Non
2993 2554 3196 2605 autem
3226 2550 3496 2607 Christus
3534 2551 3619 2607 ita
3646 2551 3751 2608 Dei

2087 2644 2177 2693 est
2204 2643 2272 2693 ut
2302 2654 2414 2693 nos
2444 2638 2685 2693 Christi.
2717 2634 2888 2694 Absit
2915 2638 2929 2693 Ι
2965 2639 3072 2695 sed
3096 2655 3207 2694 nos
3238 2640 3483 2712 quidem
3527 2642 3747 2698 Christi

2087 2744 2315 2794 sumus,
2344 2732 2628 2798 tanquam
2658 2743 2809 2798 opus
2838 2732 2898 2782 et
2926 2726 3160 2783 factura
3216 2729 3426 2800 ipsius.
3479 2729 3747 2787 Christus

2085 2835 2222 2874 vero
2250 2819 2351 2873 Dei
2374 2823 2778 2890 est,tanquam
2795 2835 3040 2891 germen
3062 2826 3199 2875 ante
3223 2820 3513 2876 saaculaet
3529 2821 3740 2891 Filius,

2088 2913 2147 2962 et
2177 2913 2463 2978 tanquam
2494 2909 2733 2963 Patrem
2762 2907 2993 2963 habens
3022 2907 3410 2981 principium.

2158 2998 2248 3053 1V.
2286 2999 2401 3051 1-4.
2435 2997 2525 3053 Sic
2544 3012 2642 3052 nos
2671 2998 2943 3052 existimet
2970 2996 3131 3052 homo
3163 3004 3431 3068 tanquam
3458 2999 3745 3058 ministros

2085 3086 2313 3155 Christi,
2348 3092 2400 3141 et
2427 3085 2832 3156 dispensatores
2860 3088 3249 3155 mysterin
3276 3089 3394 3143 Dei.
3452 3090 3611 3153 Quod
3652 3106 3750 3145 su-

319 3176 388 3233 ’Ὁ
447 3172 506 3230 δὶ
583 3174 779 3231 λοιπὸν
857 3181 1099 3248 ζητεῖται
1177 3175 1229 3232 ἐν
1305 3182 1424 3239 τοῖς
1500 3176 1818 3251 οἰκονόμοις
1886 3173 1978 3231 ’ίνα

325 3261 514 3288 _-_-1_
572 3282 655 3288 _--
717 3261 904 3288 __2--n_-_-
991 3263 1150 3288 ’n___3
1220 3260 1270 3288 θλ
1332 3262 1408 3288 -ἳ-
1467 3260 1739 3288 2\_'._-.__!_
1813 3260 1953 3288 1--...

2098 3182 2265 3246 verast
2293 3182 2499 3244 autem,
2530 3174 2676 3231 illud
2700 3175 3014 3245 requiritur
3042 3178 3102 3230 in
3152 3176 3651 3247 dispensatoribus,
3683 3186 3748 3235 ut

2098 3266 2232 3288 ρ)-.-
2288 3265 2484 3288 -ι;..-.ε-
2541 3265 2859 3288 .‘..-.-...'_A-...
2939 3265 3065 3288 l1:l_:
3123 3282 3247 3288 nn---
3300 3268 3353 3288 3--
3371 3266 3598 3288 j.'-_-!_-_'
3620 3285 3740 3288 μμ.--

322 3261 514 3324 πιστός
570 3282 655 3324 τις
715 3261 931 3339 εὑρεθῇ.
991 3263 1152 3337 Ἐμοὶ
1216 3260 1274 3318 δὲ
1330 3262 1409 3319 εἰς
1465 3260 1758 3340 ἐλάχιστόν
1811 3260 1978 3334 ἐστιν,

320 3348 394 3407 ’ἶν’
449 3351 544 3426 ἀφ’
600 3351 753 3425 ὑμῶν
808 3350 1108 3429 ἀνακριθῶ,
1164 3353 1200 3423 ἢ
1260 3352 1364 3408 ὑπὸ
1415 3351 1766 3429 ἀνθρωπίνης
1838 3353 1982 3425 ἠμέ-

328 3466 443 3520 ρκς.
520 3442 679 3502 Ἀλλ’
753 3441 880 3500 οὑδὲ
952 3442 1184 3518 ἐμαυτὸν
1262 3442 1547 3519 ἀνακρίνω.
1633 3440 1802 3500 Οὐδὲν
1877 3441 1981 3517 γὰρ

327 3534 543 3606 ἰμαυτῷ
574 3530 818 3591 σύνοιδα.
865 3532 1025 3591 Ἀλλ’
1087 3532 1188 3589 οὐκ
1252 3530 1305 3588 έν
1356 3532 1541 3605 τούτῳ
1597 3527 1979 3605 δεδικαίωμαι.

328 3623 387 3680 Ὀ
416 3620 473 3679 δὲ
504 3621 805 3698 ἀνακρίνων
838 3642 905 3696 με
935 3620 1136 3698 Κύριός
1167 3621 1328 3678 ἐστιν.

400 3706 577 3784 ’Πμᾶς
632 3709 824 3787 κὲγων,
874 3711 1003 3774 τοὺς
1062 3711 1190 3786 παρ’
1233 3709 1419 3773 αὐτοῖς
1475 3706 1838 3772 διδασκάλους
1895 3709 1982 3763 αἱ·

346 3797 582 3859 νίττεται.
619 3822 648 3853 ‹‹
675 3805 765 3864 Ὠς
812 3799 1082 3877 ὑπηρέτας
1124 3804 1385 3876 Χριστοῦ.
1420 3824 1443 3854 ι
1499 3796 1727 3869 Ἐπειδὴ
1776 3796 1983 3878 σφόδρα

338 3883 724 3960 κατεϐεϐλήκει
782 3892 910 3952 τοὺς
968 3887 1352 3959 διδασκάλους,
1427 3893 1520 3945 νῦν
1599 3886 1781 3964 ἠρέμα
1853 3888 1987 3962 ὑψοῖ

336 3975 546 4048 αὐτοὺς,
598 3978 873 4050 ὑπηρέτας
932 3983 1175 4054 Χριστοῦ
1231 3977 1417 4034 καλῶν
1484 3979 1573 4033 καὶ
1632 3976 1982 4050 οἰκονόμους.

332 4065 512 4137 Πλὴν,
546 4067 733 4146 φησὶν,
766 4067 933 4123 εἶκαὶ
991 4068 1167 4132 οὕτως
1219 4068 1388 4138 ἐστὶν,
1438 4066 1617 4131 οὐδεὶς
1664 4070 1757 4125 τὸν
1797 4065 1985 4125 δεσπό-

332 4178 434 4227 την
491 4156 667 4236 eam,
727 4156 835 4213 ἀπὸ
889 4161 1000 4213 τῶν
1057 4159 1342 4234 ὑπηρετῶν
1405 4157 1752 4232 ὀνομάζεται.
1812 4182 1840 4211 ‹‹
1881 4158 1984 4216 Καὶ

338 4245 690 4319 οἰκονόμους.
726 4271 753 4298 ››
795 4246 1137 4320 Οἰκονὸμους
1189 4247 1504 4323 μυστηρίων
1546 4246 1725 4317 καλεῖ,
1775 4244 1984 4310 δεικνὺς

333 4334 416 4389 ὅτι
475 4333 537 4390 οὐ
597 4336 755 4391 παντὶ
834 4334 1026 4399 ἁπλῶς
1086 4332 1169 4391 δεῖ
1220 4335 1481 4415 παρέχειν
1561 4337 1629 4391 τὰ
1690 4339 1987 4410 μυστήρια,

332 4421 480 4479 ἀλλὰ
502 4429 619 4486 τοῖς
650 4424 844 4495 ἀξίοις.
878 4448 907 4478 ‹‹
948 4426 1067 4483 Ἵνα
1094 4425 1286 4487 πιστός
1315 4445 1401 4487 τις
1434 4420 1650 4501 εὑρεθῇ.
1685 4449 1714 4478 ››
1766 4424 1985 4491 Πιστὸς,

334 4511 519 4587 φησὶν,
552 4510 788 4590 ὤφειλεν
856 4515 997 4570 εἶναι
1054 4515 1082 4569 ὁ
1140 4512 1456 4587 οἳκονόμος,
1505 4513 1596 4568 καὶ
1646 4514 1723 4587 μη
1767 4514 1835 4568 τὰ
1890 4510 1988 4568 τοῦ

2090 3266 2233 3336 ﬁdus
2280 3265 2484 3335 aliquis
2539 3265 2879 3320 inveniatur.
2930 3265 3068 3321 Mihi
3122 3282 3251 3320 vero
3297 3266 3748 3338 indignissimum

2091 3356 2335 3423 videtur,
2381 3360 2510 3409 uta
2537 3354 2687 3409 vobis
2738 3353 3037 3424 dijudicer,
3079 3362 3179 3410 aut
3233 3356 3304 3410 ab
3348 3356 3588 3413 humano
3637 3359 3747 3414 die.

2090 3447 2203 3500 imo
2230 3461 2329 3499 nec
2359 3446 2627 3514 meipsum
2666 3441 2936 3514 dijudico.
2972 3444 3188 3499 Nullius
3237 3446 3382 3500 enim
3430 3446 3571 3502 mihi
3620 3464 3753 3502 con-

2091 3534 2237 3591 scius
2264 3550 2404 3602 sum,
2434 3535 2530 3589 sed
2554 3549 2667 3588 non
2692 3533 2760 3587 ob
2809 3534 2869 3588 id
2909 3533 3250 3603 justiﬁcatus
3295 3551 3435 3592 sum.
3491 3539 3755 3593 Ceterum

2091 3626 2191 3694 qui
2218 3624 2497 3695 dijudicat
2526 3639 2610 3678 me
2645 3623 2911 3677 Dominus
2941 3629 3039 3678 est.

2165 3711 2425 3767 Dicendo
2449 3731 2477 3765 ε
2507 3712 2644 3777 Nos,
2677 3733 2700 3759 ι
2737 3709 3008 3783 designat
3034 3711 3330 3780 doctores,
3359 3714 3461 3785 qui
3492 3714 3649 3786 apud
3681 3715 3751 3769 il-

2092 3803 2184 3858 los
2205 3806 2395 3857 erant.
2421 3822 2451 3850 «
2474 3801 2777 3870 Tanquam
2800 3799 3111 3855 ministros
3122 3800 3399 3856 Christi.»
3420 3805 3569 3858 447
3594 3805 3753 3869 Quo-

2091 3892 2256 3950 niam
2277 3890 2664 3947 vehementer
2693 3887 2964 3943 doctores
2990 3904 3197 3943 eorum
3228 3889 3546 3962 dejecerat,
3589 3907 3750 3947 nunc

2094 3981 2319 4039 sensim
2344 3980 2505 4051 ipsos
2526 3977 2767 4044 exaltat,
2790 3976 3005 4032 Christi
3028 3977 3337 4033 ministros
3357 3979 3667 4052 appellans
3690 3985 3752 4036 et

2094 4072 2557 4144 dispensatores.
2593 4069 2870 4123 Attamen
2902 4064 3044 4122 licet
3071 4066 3155 4121 ita
3184 4068 3281 4134 sit,
3312 4067 3528 4140 inquit,
3546 4070 3749 4126 nullus

2092 4161 2304 4218 relicto
2323 4157 2569 4215 Domino
2586 4156 2924 4212 aministris
2936 4171 3145 4212 nomen
3156 4157 3391 4230 accipit.
3402 4180 3430 4208 «
3442 4159 3756 4232 Etdispen-

2096 4259 2325 4310 satores
2346 4270 2359 4318 ;
2382 4271 2412 4300 »
2434 4246 2858 4321 mysteriorum
2884 4251 3054 4302 vocat
3073 4246 3536 4320 dispensatores,
3553 4254 3758 4307 osten-

2097 4343 2246 4398 dens
2259 4338 2418 4413 quod
2431 4354 2553 4394 non
2573 4337 2758 4393 cuivis
2777 4336 3375 4410 simpliciteroportet
3389 4340 3620 4397 tradere
3634 4357 3758 4414 my-

2097 4432 2297 4499 steria,
2320 4428 2424 4486 sed
2446 4428 2663 4502 dignis.
2690 4448 2719 4477 ‹‹
2746 4427 2820 4483 Ut
2839 4424 3036 4482 ﬁdelis
3050 4428 3348 4501 quispiam
3364 4429 3757 4496 inveniatur,»

2097 4520 2337 4588 Fidelis,
2363 4518 2581 4590 inquit,
2606 4516 2852 4572 deberet
2871 4532 3003 4572 esse
3030 4514 3543 4588 dispensator,nec
3560 4520 3758 4577 dicere

335 4602 609 4659 Δεσπότου
632 4600 753 4659 ’ίδια
784 4601 959 4680 λέγειν
988 4607 1144 4673 εἶναι,
1193 4600 1320 4659 ἀλλ’
1353 4604 1427 4664 ὼς
1466 4601 1760 4676 οἰκονόμος
1802 4599 1985 4657 διακοε

2100 4624 2208 4663 sua
2237 4622 2366 4662 esse
2398 4622 2532 4677 qum
2563 4604 2796 4659 Domini
2842 4608 3001 4668 sunt,
3032 4604 3137 4659 sed
3168 4611 3451 4678 tanquam
3484 4608 3761 4664 minister

333 4697 463 4749 νεῖν.
499 4694 595 4749 Καὶ
626 4695 799 4769 ταύτῃ
833 4692 892 4751 δὶ
919 4694 1011 4750 τὸν
1043 4699 1212 4770 τῦφον
1243 4694 1420 4749 αὑτῶν
1452 4686 1812 4751 καταϐάλλει.

405 4783 615 4857 [ΦΩΤ.]
647 4786 823 4840 Τοῦτο
853 4784 959 4860 γάρ
990 4783 1125 4857 ἐστι,
1196 4782 1352 4861 φησί,
1398 4783 1461 4837 τὸ
1521 4782 1851 4856 ζητούμενον
1899 4780 1988 4837 καὶ

337 4870 560 4949 ὀφεῖλον
611 4873 769 4929 παντὶ
828 4874 1018 4949 τρόπῳ
1068 4872 1429 4952 φυλάττεσθαι
1487 4872 1636 4948 παρά
1686 4875 1796 4927 τῶν
1842 4869 1993 4927 οἷ’κοο

335 4961 541 5035 νόμων,
577 4961 641 5017 τὸ
670 4961 900 5026 πιστοὺς
930 4962 1088 5035 εἶναι,
1118 4962 1212 5017 καὶ
1246 4960 1520 5037 ὑπηρέτας
1566 4963 1821 5036 ἡγεῖσθαι
1868 4961 1994 5016 hau-

340 5051 492 5121 τοὺς,
525 5050 620 5106 καὶ
655 5052 732 5125 μὴ
778 5048 1159 5116 ἰδιοποιεῖσθαι
1198 5051 1290 5106 καὶ
1342 5050 1739 5129 σφετερίζεσθαι
1785 5048 1854 5105 τὰ
1899 5053 1998 5105 τοῦ

338 5137 734 5195 Δεσπότου.-
764 5140 833 5196 Ἢ
886 5141 1082 5202 οὓτωςο
1142 5138 1459 5217 Λογιζέσθω
1517 5140 1666 5212 ἡμᾶς
1717 5134 2000 5212 ἄνθρωπος

335 5228 403 5283 τά
430 5249 490 5283 τε
522 5226 669 5284 ἄλλα
700 5227 834 5306 ἅπερ
859 5229 1038 5303 εἶπον,
1070 5229 1227 5301 φησὶ,
1284 5228 1372 5283 καὶ
1407 5227 1439 5283 δ
1469 5225 1666 5283 λοιπὸν
1716 5232 1891 5283 κεῖται
1944 5225 1997 5282 έν

335 5323 455 5382 τοῖς
503 5318 842 5393 οἰκονόμοις,
897 5320 1116 5375 κάκεῖνο
1170 5318 1322 5392 ἡμᾶς
1368 5315 1699 5392 λογιζέσθω,
1745 5313 1862 5392 ἵν”ἧ
1893 5316 2000 5372 ἀπὸ

335 5410 520 5461 κοινοῦ
549 5407 637 5477 τὸ,
669 5431 697 5460 ‹‹
731 5404 1067 5482 Λογιζὲσθω.
1106 5430 1132 5461 ιο
1167 5406 1226 5461 Τί
1254 5404 1313 5461 δὲ
1340 5405 1453 5463 έστι
1486 5412 1649 5461 τοῦτο
1679 5406 1741 5462 τὸ
1790 5405 1842 5460 ἐν
1882 5412 2001 5469 τοῖς

340 5494 658 5569 οἰκονόμοις
692 5497 1032 5572 ζητούμενον
1059 5516 1074 5567 ;
1105 5498 1219 5553 Ἰνα
1275 5497 1490 5564 πιστὸς,
1542 5495 1729 5572 φησὶν,
1784 5494 2001 5571 εὑρεθῇ.

338 5582 477 5642 Εἶτα
508 5586 645 5659 πρὸς
686 5583 819 5650 τοὺς
878 5587 1266 5663 ἀνπισχυδτεῖν
1328 5583 1635 5657 μέλλοντας
1677 5583 1769 5639 καὶ
1823 5582 2006 5663 λέγειν

343 5671 787 5751 έπιχειροῦντας.
820 5676 886 5733 Τί
917 5675 1012 5732 οῦν
1040 5696 1056 5748 ;
1088 5677 1153 5731 σὺ
1177 5678 1434 5738 τοιοῦτος
1484 5673 1568 5745 εἷς
1620 5679 2000 5750 προαπαντῶν,

545 5795 812 5859 Panos.
856 5796 969 5857 Gn.
1018 5795 1285 5858 CXVIII.

2102 4696 2470 4768 dispensare.
2503 4694 2573 4747 Et
2601 4693 2715 4748 hoc
2731 4690 2909 4748 modo
2929 4691 3491 4766 deprimitipsorum
3510 4695 3757 4753 fastum.

2175 4785 2294 4840 Hoc
2325 4782 2484 4838 enim
2517 4787 2627 4852 est,
2659 4780 2877 4853 inquit,
2910 4780 3068 4853 quod
3100 4783 3408 4853 quaeritur,
3428 4788 3487 4839 et
3510 4785 3756 4841 omnino

2107 4874 2326 4933 servari
2355 4872 2653 4929 debereta
2681 4869 3285 4943 dispensatoribus,ut
3300 4871 3506 4929 ﬁdeles
3535 4880 3760 4941 essent,

2107 4981 2176 5021 ac
2200 4962 2432 5035 seipsos
2461 4958 2721 5016 famulos
2752 4957 3042 5026 dicerent,
3077 4964 3136 5014 et
3165 4976 3286 5015 non
3343 4960 3456 5017 sibi
3494 4961 3761 5019 vindica-

2106 5059 2243 5111 rent
2271 5057 2375 5109 aut
2403 5049 2860 5124 appropriarent
2889 5064 3020 5121 quae
3052 5051 3289 5106 Domini
3339 5059 3497 5109 sunt.
3550 5084 3616 5097 --
3648 5056 3765 5111 Aut

2108 5144 2207 5201 hoc
2234 5142 2415 5199 modo.
2449 5139 2781 5206 Existimet,
2812 5138 3029 5210 inquit,
3060 5157 3170 5196 nos
3218 5140 3398 5198 homo
3440 5148 3500 5197 et
3549 5150 3766 5202 cmtera

2109 5233 2328 5290 habere
2346 5248 2481 5304 quas
2499 5228 2619 5285 dixi
2642 5245 2655 5283 :
2680 5233 2739 5284 et
2759 5227 2917 5299 quod
2928 5229 3306 5300 potissimum
3324 5231 3765 5306 dispensatores

2110 5321 2421 5394 contingit,
2448 5319 2627 5376 etiam
2659 5334 2768 5374 nos
2802 5316 3021 5374 habere
3071 5318 3389 5390 existimet,
3420 5328 3487 5379 ut
3527 5341 3562 5380 a
3591 5342 3763 5382 com-

2112 5413 2279 5469 muni
2302 5427 2481 5467 sensu
2512 5413 2836 5480 repetatur.
2878 5429 2906 5458 «
2930 5408 3262 5464 Existimet.
3300 5433 3320 5459 ι
3357 5412 3510 5478 Quid
3539 5420 3631 5470 est,
3655 5432 3769 5470 an.

2113 5508 2233 5559 tem
2254 5500 2371 5557 hoc
2400 5497 2558 5571 quod
2607 5496 2764 5552 inter
2810 5495 3254 5568 dispensatores
3295 5501 3665 5573 requiritur?
3694 5503 3768 5559 Ut

2112 5586 2330 5655 ﬁdelis,
2361 5583 2576 5656 inquit,
2609 5582 2964 5639 inveniatur.
3006 5583 3234 5642 Deinde
3275 5585 3370 5643 his
3416 5588 3519 5658 qui
3565 5589 3767 5660 impu-

2115 5679 2324 5736 dentes
2354 5675 2539 5731 l'uturi
2572 5678 2741 5730 erant
2761 5676 3393 5748 eumquoaggressuri,
3425 5676 3726 5734 acdicturi
3752 5690 3771 5732 :
