4122 6384
355 324 477 388 883

1432 325 1857 389 (ΕΟΠΜΕΝΙΙ
1899 323 2206 388 TlllCGlE
2243 325 2620 388 EPlSCOPl.

3660 324 3781 387 684

352 460 503 525 Quid
529 474 664 532 ergo
685 458 713 513 ?
739 460 888 513 Num
921 462 984 513 tu
1042 458 1390 531 hujusmodi
1433 458 1543 517 es?
1582 459 1828 517 obvians
1886 460 1968 516 ait

2121 477 2304 535 φησιν.
2339 482 2367 511 ιι
2404 458 2566 532 Ἐμοὶ
2597 455 2655 513 δὲ
2688 455 2765 521 εἰς
2796 455 3087 532 ἐλάχιστόν
3137 455 3280 514 ἰστιν
3337 455 3425 513 ’ίνα
3483 455 3570 533 ὑφ’
3628 456 3781 528 ὑμῶν

357 567 379 597 ι
406 548 543 602 Mihi
582 564 717 604 vero
767 546 1251 620 indignissimum
1300 548 1689 618 videtur,ut%
1717 549 1884 606 vobis
1915 549 1972 606 di

2120 548 2415 622 ἀνακριθῶ.
2454 572 2476 602 s
2509 550 2684 605 Τοῦτο
2744 544 2803 602 δέ
2859 567 3053 625 φησιν,
3113 546 3215 603 οὐκ
3270 544 3508 619 ἐπαίρων
3566 544 3779 610 ἐαυτὸν,

344 636 601 707 judicer.
637 657 660 685 ι
698 637 819 692 Hoc
849 642 1049 692 autem
1088 638 1239 693 dicit
1260 652 1379 694 non
1398 639 1659 711 seipsum
1687 638 2005 707 extollens,

346 723 450 780 sed
480 739 614 781 eam
645 741 777 796 quas
820 725 991 782 decet
1043 725 1418 799 dignitatem,
1480 727 1889 799 prmdicationi
1938 744 2007 784 ao

346 814 631 870 doctrinas
656 832 917 871 servans.
951 818 1097 871 Nam
1122 817 1169 871 si
1201 816 1397 888 ipsum
1421 818 1653 873 curiose
1669 824 2004 873 scrutaren-

348 909 466 967 tur,
497 903 750 976 ejusque
806 903 965 960 facta
1020 904 1448 976 disquirerent,
1505 912 1609 962 aut
1664 912 2003 977 suspectum

338 991 660 1057 haberent,
691 992 1035 1048 nullatenus
1065 993 1195 1048 ﬁeri
1227 999 1429 1065 posset
1455 1000 1523 1049 ut
1552 1011 1623 1050 ea
1673 1012 1806 1065 quae
1846 995 2004 1066 apud

337 1096 439 1137 eos
467 1080 828 1153 praedicaret
846 1094 913 1138 ao
938 1081 1182 1138 doceret
1206 1083 1598 1155 susciperent.
1629 1085 1792 1140 Juste
1824 1084 2004 1157 igitur

338 1186 408 1227 ao
433 1171 757 1242 sapienter,
785 1176 846 1227 et
867 1172 941 1227 ad
960 1188 1166 1228 eorum
1188 1172 1456 1245 ipsorum
1474 1173 1727 1230 salutem
1749 1173 1999 1241 utiliter,

339 1259 688 1331 hujusmodi
722 1261 1148 1332 suspicionem,
1181 1262 1545 1334 illorumque
1603 1264 1999 1320 temeritatem

332 1351 609 1423 reprimit
640 1365 708 1407 ac
738 1351 999 1421 cohibet,
1031 1357 1092 1407 et
1120 1359 1467 1410 constanter
1486 1354 1661 1411 tollit.
1696 1356 1776 1410 Ne
1800 1361 1998 1412 tamen

332 1444 461 1499 hac
479 1458 602 1499 non
623 1458 806 1500 causa
826 1445 1273 1517 praedicationis
1294 1448 1513 1504 dixisse
1536 1448 1805 1505 videatur
1834 1456 1891 1504 et
1922 1449 1997 1504 ob

329 1544 709 1588 communem
740 1533 1088 1597 utilitatem.
1124 1535 1230 1592 sed
1261 1552 1394 1595 sese
1414 1538 1654 1609 jactans
1683 1554 1754 1594 ac
1807 1538 1994 1593 extol-

328 1620 460 1676 lens
520 1621 869 1696 subjungitz
928 1646 959 1675 «
1018 1625 1132 1680 Sed
1187 1640 1310 1681 non
1362 1626 1435 1682 ob
1490 1627 1554 1682 id
1628 1627 1996 1700 justiiicatus

330 1726 487 1766 sum.
514 1731 542 1761 ιι
573 1712 926 1783 Quanquam
958 1713 1120 1768 enim
1149 1713 1316 1769 vobis
1338 1730 1468 1769 non
1499 1714 1680 1770 liceat
1706 1730 1802 1772 me
1835 1716 1995 1788 diju-

329 1799 557 1865 dicare,
588 1800 709 1855 imo
749 1817 861 1857 nec
885 1801 1131 1857 omnino
1162 1801 1298 1860 aliis
1328 1802 1711 1859 hominibus:
1746 1804 1850 1860 sed
1881 1821 1988 1876 po-
2027 1841 2070 1906 Β

332 1887 455 1945 tius
485 1889 827 1960 erodentes,
860 1890 1208 1963 nullamque
1240 1891 1400 1948 circa
1427 1907 1523 1948 me
1555 1892 1994 1950 haesitationem

331 1978 638 2049 habentes,
679 1980 1002 2037 utilitatem
1043 1992 1112 2037 ac
1167 1982 1503 2038 doctrinam
1552 1982 1994 2056 prmdicationis

332 2074 604 2139 oporteat
633 2068 872 2125 haurire
903 2087 917 2124 :
951 2069 1130 2143 idque
1162 2070 1311 2127 adeo
1342 2071 1603 2127 fideliter
1620 2088 1689 2129 ac
1720 2073 1990 2139 ﬁrmiter,

334 2162 402 2211 ut
422 2157 602 2213 etiam
624 2157 826 2214 sciatis
848 2159 1007 2230 quod
1034 2175 1230 2232 neque
1258 2160 1386 2232 ipse
1409 2161 1635 2233 possim
1662 2160 1717 2217 di
1717 2161 1991 2233 judicare

335 2245 629 2319 meipsum
644 2262 659 2302 :
676 2268 705 2297 α
728 2248 959 2305 Nullius
975 2250 1139 2305 enim
1161 2249 1310 2305 mihi
1334 2251 1609 2308 conscius
1622 2267 1812 2319 sum,»
1832 2252 1991 2323 quod

335 2335 662 2392 maximum
694 2343 881 2394 estac
907 2338 1250 2397 invincibile
1283 2341 1517 2396 virtutis
1550 2342 1987 2398 testimonium:

331 2425 821 2497 quandoquidem
836 2428 1041 2483 nullus
1057 2429 1222 2484 novit
1242 2446 1374 2500 qua
1391 2430 1987 2497 sunthominis,448

329 2513 447 2568 nisi
470 2514 715 2586 spiritus
732 2516 1123 2588 hominis,qui
1146 2518 1209 2573 in
1231 2518 1361 2590 ipso
1382 2519 1987 2591 habitat.Quanquam

334 2602 462 2657 huic
493 2602 554 2658 in
586 2620 681 2660 me
713 2604 853 2674 sint,
877 2605 1098 2677 inquit,
1121 2607 1330 2663 nouob
1359 2608 1421 2664 id
1434 2608 1799 2681 justiﬂcatus
1818 2625 1983 2666 sum:

329 2692 525 2748 adhuc
579 2693 740 2749 enim
799 2696 1105 2750 communi
1155 2695 1361 2768 judice
1445 2697 1593 2752 mihi
1663 2714 1813 2769 opus
1872 2703 1984 2767 est,

325 2780 551 2853 illoque
577 2781 849 2840 nondum
879 2800 915 2839 a
943 2799 1124 2840 causa
1157 2784 1521 2852 discedente,
1552 2785 1618 2841 in
1656 2786 1983 2841 certamine

328 2888 398 2927 ac
431 2871 641 2927 timore
672 2870 867 2929 adhuc
892 2889 1045 2942 sum,
1082 2878 1367 2945 tanquam
1400 2873 1668 2931 nondum
1690 2874 1985 2947 justiﬁca-

329 2966 444 3016 tus.
478 2961 696 3015 Verum
727 2976 922 3033 neque
969 2968 1288 3035 propterea
1340 2963 1504 3019 vobis
1554 2964 1831 3020 convenit
1878 2966 1979 3035 qui

320 3048 811 3120 praedicationem
844 3052 1170 3124 suscipitis,
1201 3058 1269 3109 ut
1297 3069 1433 3109 cum
1474 3054 1848 3111 hesitatione
1877 3071 1980 3111 vos

2116 636 2266 697 ἀλλὰ
2292 639 2355 694 τὸ
2383 636 2590 712 πρέπον
2622 637 2837 712 ἀξίωμα
2866 642 2947 712 τῷ
2990 636 3306 715 κηρύγματι
3365 637 3458 693 καὶ
3500 639 3570 710 τῇ
3626 632 3781 693 διδα-

2115 727 2313 799 σκαλίᾳ
2343 727 2653 805 φυλάττων.
2683 726 2751 785 Εἴ
2780 728 2884 803 γὰρ
2908 726 3068 784 αὐτὸν
3123 724 3654 802 ἐπολυπραγμόνουν
3688 725 3778 781 καὶ

2116 815 2394 889 ἐξήταζον,
2424 815 2516 873 καί
2542 817 2595 873 ἐν
2626 814 2912 892 δισταγμῷ
2944 819 3122 893 εἰχον,
3155 815 3339 891 σχολῇ
3370 818 3421 892 γ’
3451 814 3512 870 ἄν
3551 815 3619 870 τὰ
3648 814 3776 890 παρ’

2113 904 2300 968 αὐτοῖς
2324 907 2706 981 κηρυσσόμενα
2731 906 2824 963 καὶ
2857 904 3221 981 διδασκόμενα
3275 903 3631 981 παρεδέξαντο
3684 904 3769 960 ἄν.

2113 992 2373 1070 Εὗλόγως
2411 994 2517 1071 ἄρα
2572 998 2660 1053 καὶ
2717 1002 2900 1073 σοφῶς
2956 996 3048 1052 καὶ
3104 994 3191 1052 ἐπὶ
3249 998 3318 1069 τῇ
3377 999 3523 1073 σφῶν
3592 994 3774 1050 αὐτῶν

2112 1084 2377 1159 σωτηρίᾳ,
2434 1087 2534 1156 την
2591 1085 2850 1157 τοιαύτην
2907 1083 3185 1160 ὑπόληψιν
3251 1083 3343 1139 καὶ
3422 1085 3767 1158 περιπέτειαν

2110 1171 2291 1226 αὐτῶν
2324 1171 2754 1246 προαναστέλλει
2785 1172 2876 1227 καὶ
2935 1169 3278 1248 ἐπιρραπίζει
3335 1170 3427 1225 καὶ
3484 1168 3767 1244 ἆπιμόνως

2109 1259 2340 1334 ἀναιρεῖ.
2374 1262 2505 1317 Εἶτα
2528 1259 2617 1317 ’ίνα
2648 1263 2726 1335 μή
2763 1258 2892 1338 δόξῃ
2925 1260 3055 1336 οὐχὶ
3111 1264 3208 1315 τοῦ
3255 1279 3607 1338 κηρύγματος
3653 1258 3767 1314 ’ἐνε-

2107 1370 2176 1404 κα
2204 1354 2371 1405 ταῦτα
2399 1350 2569 1407 εἰπεῖν
2597 1352 2687 1408 καὶ
2744 1353 2845 1420 τῆς
2901 1356 3090 1421 κοινῆς
3142 1346 3432 1427 ὠφελείας,
3477 1347 3627 1405 ἀλιὶά
3676 1370 3766 1403 σε-

2109 1430 2401 1511 μνολογῶν
2431 1436 2522 1492 καὶ
2552 1434 2790 1513 ἆπαίρων
2821 1436 3033 1507 δαυτὸν,
3066 1433 3276 1511 ἐπάγει.
3316 1458 3338 1487 s
3381 1432 3549 1492 ⁵Αλλ’
3581 1430 3679 1489 ούκ
3711 1435 3766 1489 ἐν

2104 1520 2286 1599 τούτῳ
2318 1521 2700 1600 δεδικαίωμαι.
2737 1549 2768 1579 ››
2816 1524 2879 1583 Εἰ
2934 1526 3036 1600 γὰρ
3094 1525 3184 1579 καὶ
3242 1526 3318 1598 μή
3374 1521 3569 1598 ἔξεστιν
3631 1524 3764 1597 ὑμῖν

2103 1610 2411 1688 ἀνακρίνειν
2439 1613 2559 1688 ἐμὲ,
2597 1615 2740 1689 μήτε
2781 1612 2972 1676 ἁπλῶς
3032 1611 3230 1676 ἄλλοις
3289 1608 3617 1690 ἀνθρώκοις,
3663 1613 3766 1671 ἁλ-

2104 1699 2176 1757 λὰ
2217 1704 2645 1766 πεπιστευκότας
2703 1702 2845 1778 ὑμᾶς
2892 1704 2982 1760 καὶ
3043 1694 3434 1783 ἀναμφιϐόλως
3494 1698 3767 1778 διακειμέ-

2100 1811 2224 1853 νους
2250 1791 2388 1866 πρὸς
2425 1790 2544 1866 ἐμὶ,
2577 1787 2663 1848 δεῖ
2702 1794 3041 1868 καρποῦσθαι
3095 1792 3193 1862 τήν
3247 1795 3345 1849 τοῦ
3400 1792 3759 1870 κηρύγματος

2103 1876 2369 1960 ὠφέλειαν
2392 1881 2484 1937 καὶ
2542 1878 2922 1948 διδασκαλίαν,
2980 1882 3072 1938 καὶ
3113 1876 3370 1938 τοσὸῦτον
3415 1887 3623 1945 πιστῶς
3663 1880 3756 1938 καὶ

2100 1966 2519 2049 ἀναμφιϐόλως,
2576 1971 2653 2035 ὡς
2709 1969 2922 2035 εἰδότας
2972 1968 3055 2027 ὅτι
3112 1969 3240 2028 οὐδὲ
3296 1969 3530 2046 ἐμαυτὸν
3593 1972 3758 2034 αὐτὸς

2100 2057 2401 2133 ἀνακρίνειν
2432 2055 2573 2137 ἔχω,
2603 2061 2763 2136 ,ὅπερ
2822 2061 2934 2116 ἐστὶ
2992 2059 3247 2138 μέγιστον
3297 2060 3388 2117 καὶ
3444 2056 3760 2137 ἀπαράγρα-

2098 2169 2234 2206 πτον
2265 2150 2461 2225 ἀρετῆς
2494 2149 2816 2227 μαρτύριον,
2881 2150 3030 2225 εἳπερ
3083 2151 3220 2207 κατὰ
3267 2150 3528 2222 ἀλήθειαν
3572 2149 3758 2214 οὐδεὶς

2098 2236 2216 2295 οἵδε
2247 2240 2314 2295 τὰ
2341 2244 2439 2294 τοῦ
2468 2240 2782 2314 ἀνθρώπου,
2816 2239 2860 2294 εἰ
2894 2242 2973 2313 μὴ
3029 2241 3093 2296 τὸ
3148 2244 3360 2315 πνεῦμα
3403 2240 3465 2296 τὸ
3511 2239 3757 2299 ἐνοικοῦν

2095 2327 2265 2400 αὐτῷ.
2327 2328 2484 2388 Ἀλλ’
2543 2328 2587 2383 εἰ
2643 2328 2735 2385 καὶ
2821 2333 2989 2385 ταῦτα
3044 2326 3156 2386 ἔστι
3216 2350 3335 2404 μοι,
3408 2327 3594 2410 φησὶν,
3652 2333 3755 2390 οὐκ

2097 2416 2150 2473 ἄν
2182 2417 2362 2491 τούτῳ
2390 2412 2781 2494 δεόἐκαίωμαι.
2836 2420 2954 2474 Ἔτι
3015 2418 3119 2493 γὰρ
3176 2424 3273 2475 τοῦ
3320 2425 3506 2477 κοινοῦ
3560 2428 3752 2498 κριτοῦ

2096 2505 2308 2580 δίνμαι,
2339 2506 2544 2563 ἐκείνου
2577 2506 2635 2565 δε
2682 2510 2852 2581 μήπω
2912 2509 3091 2581 πάσης
3152 2508 3376 2589 ἀφέντος
3434 2508 3632 2585 αἷτίας,
3693 2512 3748 2567 ἐν

2093 2595 2262 2673 ἀγῶνι
2286 2597 2377 2652 καὶ
2408 2594 2459 2651 ἐι
2492 2592 2648 2675 φόϐῳ
2676 2597 2792 2671 εἷμί
2812 2597 2887 2660 ὼς
2915 2600 3086 2672 μήπω
3115 2594 3559 2673 δεδικαιωμένος.
3586 2600 3747 2658 Ἀλλ’

2092 2680 2220 2741 οὐδὲ
2251 2684 2340 2740 διὰ
2367 2688 2527 2741 τοῦτο
2584 2693 2856 2761 προσῆκεν
2919 2686 3062 2759 ὑμᾶς
3117 2687 3245 2749 τοὺς
3299 2683 3745 2765 ὑποδεχομένους

2088 2776 2152 2832 τὸ
2180 2776 2463 2851 κήρυγμα,
2504 2770 2832 2855 ἀμφιϐόλως
2863 2775 3011 2855 ἔχειν
3040 2777 3162 2852 περὶ
3194 2775 3312 2846 ἐμὲ,
3346 2779 3382 2849 ἢ
3414 2778 3614 2853 κρίνειν
3650 2781 3742 2835 καὶ

2088 2864 2391 2939 ἀνακρίνειν
2424 2864 2793 2937 κατατολμᾷν,
2842 2867 2932 2921 καὶ
2964 2865 2994 2920 ὅ
3028 2865 3195 2939 μόνου
3246 2865 3358 2923 ἐστὶ
3414 2871 3510 2922 τοῦ
3553 2873 3743 2925 κοινοῦ

2086 2958 2297 3028 κριτοῦ,
2331 2953 2407 3016 εἰς
2448 2958 2616 3011 τοῦτο
2666 2953 2889 3017 ἑαυτοὺς
2946 2954 3403 3027 ἀναισθητοῦντας
3453 2964 3740 3032 συνωθεῖν,

2084 3042 2176 3099 καὶ
2231 3044 2326 3100 τὸν
2382 3044 2569 3119 καιρὸν
2626 3044 2838 3108 ἑαυτοῖς
2895 3045 3268 3122 προαρπάζειν
3326 3049 3427 3116 τῆς
3484 3047 3737 3124 κρίσεως.

322 3153 461 3211 erga
480 3154 576 3195 me
598 3139 889 3210 habeatis,
908 3147 1011 3198 aut
1023 3142 1296 3215 judicare
1329 3143 1449 3199 siVe
1474 3142 1553 3216 dij
1565 3144 1803 3200 udicare
1822 3162 1976 3216 pra:-

2088 3133 2151 3191 Εἰ
2181 3131 2239 3188 δὲ
2285 3134 2370 3204 τὸ,
2424 3139 2666 3205 Ζητεῖτε,
2721 3134 2796 3197 ὡς
2862 3135 3257 3210 προστακτικὸν
3310 3132 3648 3213 ἐκληφοῇ,ἤ
3684 3159 3742 3194 τε

321 3206 591 3297 sublatis,
623 3235 727 3286 aut
756 3206 917 3302 quod
939 3206 1279 3289 communis
1309 3206 1641 3305 estjudicis
1670 3206 1974 3291 insensate

2088 3224 2383 3301 σύμφασις,
2414 3224 2491 3287 ὡς
2523 3222 2719 3297 δῆλον,
2779 3206 2936 3280 οὐδὲν
2990 3223 3190 3302 ἀσαφὲς
3256 3219 3382 3294 ἕξει,
3433 3206 3585 3283 κάὶίὁ
3617 3232 3743 3292 νοῦς

319 3317 484 3374 vobis
505 3319 651 3391 ipsis
678 3322 947 3393 repiatis,
979 3340 1049 3379 ac
1080 3329 1316 3396 tempus
1339 3323 1553 3395 judicii
1576 3323 1651 3380 ad
1672 3341 1773 3379 vos
1801 3330 1979 3382 antea

318 3406 617 3465 derivetis.
652 3408 708 3463 Si
741 3425 875 3465 vero
905 3424 1026 3467 non
1083 3413 1347 3481 ζητεῖται,
1405 3412 1465 3466 id
1508 3418 1619 3480 est,
1664 3414 1976 3483 quasritur,

317 3495 421 3553 sed
455 3500 689 3567 ζητεῖτε,
722 3498 785 3555 id
807 3505 921 3568 est,
952 3510 1085 3572 quae
1134 3502 1251 3557 rite
1299 3502 1647 3573 accipiatur,
1690 3508 1975 3573 tanquam

318 3585 673 3657 imperantis
704 3593 806 3643 aut
835 3590 1227 3657 consulentis,
1281 3595 1443 3657 tunc,
1475 3596 1543 3646 ut
1590 3591 1975 3649 manifestum

316 3679 427 3743 est,
459 3675 613 3730 nihil
642 3676 1023 3735 obscuritatis
1054 3678 1319 3747 habebit,
1354 3680 1459 3735 sed
1486 3678 1683 3736 facilis
1715 3682 1828 3737 erit
1875 3683 1972 3737 in-

314 3763 611 3821 tellectus.
634 3789 663 3816 ιι
690 3766 827 3823 Mihi
853 3780 989 3825 vero
1008 3768 1496 3843 indignissimum
1525 3776 1617 3826 est
1647 3775 1713 3825 ut
1741 3788 1776 3828 a
1802 3772 1970 3829 vobis

302 3851 559 3923 judicer.
597 3873 626 3905 η
655 3856 739 3912 Ne
769 3856 882 3913 hoc
911 3864 1203 3930 pratextu
1229 3857 1304 3914 de
1334 3859 1464 3931 ipso
1495 3875 1736 3931 quoque
1784 3860 1968 3918 Paulo

309 3941 702 4015 ambigerem,
732 3959 879 4001 num
909 3947 1105 4003 ﬁdelis
1135 3953 1294 4004 esset
1322 3947 1702 4020 dispensator
1738 3964 1965 4017 annon,

309 4031 469 4102 quod
498 4032 715 4088 fuisset
740 4035 968 4090 eversio
1025 4034 1166 4091 ﬂdei
1208 4036 1500 4107 ipsorum,
1543 4051 1717 4092 suam
1766 4041 1968 4093 tuetur

308 4132 650 4191 personam,
685 4122 929 4179 dicens:
962 4142 992 4174 ιι
1029 4124 1345 4195 Indignum
1391 4122 1564 4193 duco,
1611 4129 1679 4182 ut
1728 4138 1765 4180 a
1809 4139 1963 4195 quo-

306 4222 487 4279 quam
518 4208 833 4283 dijudicer.
864 4231 897 4263 ss
930 4211 1051 4268 Hoc
1080 4218 1279 4268 autem
1312 4226 1432 4267 non
1464 4227 1537 4268 ex
1568 4212 1830 4269 elatione
1859 4213 1963 4283 ait,

306 4296 409 4352 sed
441 4303 508 4352 ut
532 4297 678 4365 dixi,
702 4298 921 4355 timens
949 4312 1026 4356 ne
1054 4300 1300 4356 dubiam
1358 4300 1481 4356 illis
1528 4300 1709 4357 ﬁdem
1765 4300 1961 4357 faciat.

305 4406 333 4434 «
367 4387 477 4441 Aut
505 4384 579 4442 ab
620 4386 883 4443 humano
914 4387 1033 4445 die.
1059 4409 1087 4440 ι)
1111 4392 1231 4444 Hoc
1255 4388 1486 4445 addens
1503 4389 1771 4447 ostendit
1802 4391 1963 4461 quod

302 4475 429 4530 Non
454 4488 492 4531 a
519 4474 686 4532 vobis
718 4482 974 4547 tantum,
1004 4477 1225 4551 inquit,
1255 4479 1397 4535 nolo
1419 4479 1679 4551 judicari
1715 4479 1959 4553 (alioqui

298 4563 411 4620 hoc
430 4564 507 4621 ad
537 4571 948 4640 contemptum
979 4569 1093 4641 ipsi
1153 4569 1434 4640 cederet),
1480 4569 1588 4626 sed
1642 4585 1837 4642 neque
1880 4570 1955 4627 ab
1986 4587 2032 4653 Β

295 4653 451 4710 alio:
485 4666 625 4712 nam
657 4657 770 4713 hoc
800 4656 1098 4731 signiﬁcat
1125 4658 1286 4730 quod
1313 4658 1482 4715 addit
1512 4680 1543 4710 ιι
1577 4661 1685 4715 Aut
1715 4659 1789 4716 ab
1848 4660 1952 4718 hu-

292 4760 471 4801 mano
500 4746 670 4803 die.»
690 4774 763 4791 -ι--ι
786 4768 809 4799 ι
841 4747 954 4806 Sed
987 4762 1098 4805 nec
1122 4749 1419 4822 meipsum
1449 4748 1732 4822 diiudico.
1764 4772 1794 4801 »ι
1826 4751 1946 4807 Ηοο

294 4839 402 4902 est,
433 4836 595 4907 quod
623 4848 735 4893 nec
776 4836 1040 4911 seipsuns
1072 4837 1218 4894 dicit
1260 4837 1535 4895 sufﬁcere
1564 4838 1639 4895 ad
1670 4846 1945 4896 exactum

290 4921 634 4993 hujusmodi
652 4926 986 4996 judicium:
1023 4928 1305 4998 quoniam
1328 4949 1354 4977 α
1374 4927 1608 4984 Nullius
1637 4927 1784 4985 mihi
1806 4944 1946 4983 con-

290 5011 449 5067 scius
481 5026 637 5081 sum,
668 5014 774 5070 sed
802 5032 925 5071 non
955 5015 1031 5071 ob
1048 5016 1109 5071 id
1122 5016 1488 5089 justiiicatus
1507 5033 1701 5073 sum.»
1733 5016 1952 5088 Nejac-

286 5101 491 5157 tentias
514 5102 695 5159 ducas
719 5118 849 5161 esse
872 5106 1033 5177 quod
1048 5106 1275 5163 dictum
1298 5106 1730 5178 esgsuhjuugit
1748 5122 1760 5160 :
1779 5128 1808 5158 ιι
1836 5106 1948 5163 Sed

2079 3312 2405 3390 πρὸχειρος.
2439 3338 2467 3366 ιι
2501 3314 2661 3387 Ἐμοὶ
2694 3311 2753 3369 δὲ
2783 3312 2857 3376 εἷς
2889 3312 3186 3390 ἐλάχιστός
3215 3313 3380 3371 ἐστιν.
3412 3339 3440 3366 ››
3489 3317 3603 3371 Ἵνα
3659 3320 3739 3390 μή

2079 3400 2141 3461 ἐκ
2196 3409 2294 3472 τῆς
2342 3403 2665 3481 προφάσεως
2722 3403 2926 3472 ταύτης
2972 3402 3063 3460 καὶ
3122 3402 3282 3460 αὐτὸν
3337 3402 3585 3477 μέλλωσι
3641 3411 3736 3463 τὸν

2076 3486 2293 3549 Παῦλον
2322 3490 2375 3546 ἐν
2429 3486 2731 3571 ἀμφιϐόλῳ
2787 3486 2960 3568 ἔχειν,
2993 3491 3038 3547 εἰ
3070 3493 3260 3555 πιστός
3317 3491 3462 3550 ἐστιν
3517 3493 3732 3551 οἰκονό-

2078 3601 2181 3655 μος
2214 3582 2249 3650 ἢ
2284 3578 2368 3649 οὔ,
2399 3576 2531 3656 ὅπερ
2565 3580 2706 3636 ἐστὶν
2750 3582 3029 3656 ἀνατροπὴ
3086 3589 3188 3651 τῆς
3242 3584 3477 3647 πίστεως
3522 3582 3721 3653 αὐτῶν,

2071 3669 2134 3726 τὸ
2168 3670 2331 3726 αὐτοῦ
2361 3669 2713 3748 ἀσφαλίζεται
2770 3671 3084 3746 πρόσωπον,
3147 3670 3348 3746 λέγων,
3403 3697 3432 3724 ‹‹
3468 3672 3723 3745 Ἀναξιον,

2073 3760 2259 3839 φησὶν,
2290 3762 2560 3836 ἡγοῦμαι,
2592 3761 2654 3817 τὸ
2686 3759 2787 3817 ὑπό
2842 3781 2987 3822 τινος
3031 3760 3429 3838 ὃινακρίνεσθαι.
3468 3786 3497 3814 ››
3552 3766 3727 3821 Τοῦτο

2073 3847 2150 3921 δε,
2184 3848 2245 3905 ού
2280 3850 2420 3925 μέγα
2449 3856 2663 3927 φρονῶν
2693 3850 2862 3927 λέγει,
2896 3848 3046 3923 ἀλλ’,
3105 3851 3179 3912 ὡς
3235 3853 3409 3920 εἷπον,
3458 3848 3729 3917 δεδοικὼς

2075 3939 2153 4010 μὴ
2187 3930 2500 4014 ἀμφίϐολον
2543 3939 2734 4003 αὐτοῖς
2786 3940 2887 4010 τήν
2941 3937 3121 3995 πίστιν
3177 3942 3408 4016 ποιήσῃ.
3444 3965 3472 3993 ιι
3502 3941 3569 3997 Ἥ
3619 3941 3726 3997 ὑπὸ

2070 4026 2436 4100 ἀνθρωπίνης.
2470 4049 2498 4080 »
2532 4030 2706 4085 Τοῦτο
2739 4028 3015 4105 προσθεὶς,
3050 4022 3266 4100 ἔδειξεν,
3318 4031 3403 4085 ’ὀτι
3449 4030 3521 4086 Οὐ
3553 4030 3727 4105 μόνον

2070 4117 2198 4191 παρ’
2231 4117 2386 4189 ὑμῶν
2420 4115 2517 4173 οὐκ
2574 4117 2708 4190 ἀξιῶ
2765 4116 3140 4189 ἀνακρίνεσθαι
3200 4118 3257 4191 (ἢ
3309 4118 3414 4194 γὰρ
3466 4117 3525 4181 ἃν
3582 4120 3733 4176 εὐτε-

2070 4202 2223 4269 λείας
2251 4204 2318 4274 ἦν
2351 4205 2543 4279 αὐτῷ),
2571 4204 2699 4262 ἀλλ’
2728 4204 2857 4262 οὐδὲ
2880 4208 3008 4282 παρ’
3029 4204 3226 4263 ἄλλον
3246 4211 3420 4263 Τοῦτο
3444 4203 3728 4278 ὃηλοῖ,τὸ,

2068 4291 2197 4350 ἀλλ’
2220 4291 2350 4350 οὐδὲ
2380 4294 2484 4351 ὑπὸ
2515 4293 2856 4370 ἀνθρωπίνης
2892 4294 3125 4371 ἡμέρας.
3158 4320 3185 4349 ιι
3216 4294 3376 4354 Ἀλλ’
3400 4293 3525 4352 οὐδὲ
3556 4295 3729 4369 ἐμαυ-

2067 4383 2159 4441 τὸν
2185 4380 2474 4461 ἀνακρίνω.
2505 4409 2533 4439 υ
2572 4383 2884 4460 Τουτὲστιν,
2934 4383 3058 4442 οὐδὲ
3106 4385 3294 4443 ἐαυτὸν
3349 4387 3528 4463 ἀρκεῖν
3576 4385 3732 4462 λέγει

2066 4474 2202 4548 πρὸς
2236 4475 2332 4544 την
2376 4474 2633 4547 τοιαύτην
2682 4482 2783 4546 τῆς
2810 4476 3008 4551 κρίσεω
3030 4497 3055 4538 ς
3083 4470 3386 4552 ἀκρίϐειαν,
3419 4474 3537 4531 ἐπεὶ
3569 4473 3735 4546 Μηδὲ

2067 4561 2289 4620 σύνοιδά
2314 4586 2368 4621 τι
2397 4556 2640 4638 ἐμαυτῷ·
2689 4562 2818 4623 ἀλλ’
2848 4564 2950 4622 ούκ
2997 4564 3049 4621 ἐν
3105 4566 3282 4639 τούτῳ
3335 4562 3728 4640 δεδικαίωμαι.

2063 4660 2174 4709 Ἲνα
2204 4655 2283 4727 μή
2314 4653 2548 4729 νομίσῃς
2568 4656 2897 4730 καυχήσεως
2947 4655 3081 4712 εἶναι
3136 4654 3201 4711 τὸ
3255 4653 3572 4731 εἰρημένον,
3625 4652 3729 4711 ἐπο

2057 4745 2198 4818 ἀγει·
2216 4769 2244 4797 ιι
2267 4741 2541 4801 ’Δλλόύκ
2562 4743 2613 4799 ἐν
2635 4743 2817 4818 τούτῳ
2844 4741 3268 4820 δεδικαίωμαι.»
3283 4746 3397 4803 Ούκ
3410 4743 3721 4821 ἔχω,φησὶ,

2057 4834 2120 4889 τὸ
2150 4832 2409 4911 ἀσιγαλὶς,
2438 4830 2486 4888 εἰ
2516 4834 2595 4906 μή
2629 4835 2657 4888 ὁ
2680 4832 2809 4897 Θεός
2830 4856 2898 4907 με
2919 4832 3220 4890 δικαιώσει.
3244 4836 3306 4891 Τί
3333 4834 3433 4910 γὰρ
3460 4834 3505 4889 εἰ
3528 4834 3724 4909 ἦμαρ-

2056 4940 2195 4991 τονς
2232 4924 2309 4996 μὴ
2343 4922 2471 4995 ὑμῖν
2521 4921 2749 4995 ἐνόμισα
2798 4923 3224 5000 ἡμαρτηκὲναις
3278 4925 3440 4989 ’Ὁοεν
3499 4918 3717 5000 ἐπάγευ

2064 5032 2088 5064 s
2121 5013 2177 5066 Ὀ
2214 5013 2413 5087 κρίνων
2472 5031 2560 5086 με,
2613 5011 2772 5086 φησὶ,
2829 5012 3035 5089 Κύριός
3090 5011 3257 5074 ἐστιν.
3290 5037 3318 5065 ››
3376 5014 3437 5071 Ὀ
3495 5011 3715 5083 ἀληθὴς

2057 5104 2272 5177 κριτής.

284 5205 406 5246 non
436 5190 512 5246 ob
542 5190 603 5246 id
622 5191 991 5264 justiﬁeatus
1022 5205 1184 5251 sum.
1228 5214 1254 5248 ι
1292 5197 1416 5252 Non
1448 5211 1714 5266 possum,
1745 5194 1961 5266 inquit,
1996 5210 2243 5251 securus
2276 5210 2407 5251 esse
2437 5192 2555 5250 nisi
2589 5195 2745 5251 Deus
2766 5211 2862 5251 me
2894 5194 3334 5267 justificaverit.
3365 5194 3516 5262 Quid
3548 5189 3716 5250 enim

285 5279 335 5333 si
366 5295 677 5351 peccaram
700 5281 730 5337 ?
756 5294 905 5339 nam
927 5283 1094 5339 vobis
1122 5300 1404 5356 peccasse
1432 5283 1759 5342 arbitrarer
1784 5285 1813 5341 ἲ
1844 5284 2007 5343 Unde
2039 5281 2381 5356 subiungit:
2408 5303 2434 5336 ι
2460 5283 2569 5349 Qui
2592 5283 2883 5356 diiudicat
2906 5301 3001 5341 me
3023 5284 3312 5342 DominuS
3342 5290 3450 5340 (ἔδει
3469 5306 3495 5334 ν’
3532 5285 3719 5339 Verus

281 5382 502 5439 nempe
523 5368 728 5440 judex.

347 5520 446 5611 IV,
474 5544 529 5599 ὅ.
561 5542 757 5614 mqsb
785 5560 851 5601 ns
874 5551 1003 5601 nus
1029 5504 1244 5617 tempus
1289 5548 1603 5619 quidqu
1646 5548 1935 5619 ﬁtdioctis,

2118 5547 2278 5602 ’Ὥστε
2309 5546 2385 5617 μή
2421 5545 2526 5619 πρὸ
2558 5551 2758 5623 καιροῦ
2821 5568 2876 5602 τι
2931 5547 3166 5624 κρίνετε,
3216 5542 3317 5609 ἔως
3366 5545 3426 5602 ἄν
3487 5538 3620 5618 ἔλθῃ
3678 5544 3715 5603 ὁ

276 5632 705 5705 εοηείιρυ·ἀιιια
748 5637 939 5691 ueniat
981 5635 1264 5701 Dominus,
1313 5638 1413 5707 qui
1454 5636 1674 5694 occulta
1719 5654 1938 5709 quoque

2088 5634 2277 5711 ζύριος,’
2326 5630 2383 5696 ὅς
2418 5635 2532 5689 ’καὶ
2591 5636 2821 5715 φωτίσει
2875 5637 2943 5692 τὰ
3027 5636 3237 5712 κρυπτᾶ
3306 5638 3401 5692 τοῦ
3458 5633 3713 5707 σκότους,
