4122 6388
338 369 456 431 685

1330 371 1737 435 ΟΟΜΠΕΝΤ.
1785 368 1860 433 IN
1910 367 2158 430 EPIST.
2202 367 2227 428 Ι
2272 366 2377 428 AD
2422 367 2793 429 CORINTH.

3637 372 3759 434 686

340 500 434 555 καὶ
466 500 771 575 φανερώσει
827 502 925 566 τάς
982 500 1189 580 βουλὰς
1246 503 1354 561 τῶν
1411 500 1674 581 καρδιῶν,
1729 501 1820 558 καὶ
1876 500 1993 557 τότε

2114 500 2419 556 illustrabit
2441 502 2789 557 tenebrarum
2809 506 2861 556 et
2872 500 3199 573 propalabit
3217 502 3447 559 consilia
3476 503 3727 561 cordium
3742 521 3764 559 .-

345 590 375 646 6
409 587 622 653 ἔπαινος
655 592 942 666 γενήσεται
976 588 1083 647 ἀπὸ
1112 596 1271 651 Θεοῦ.

421 675 607 736 Εἰοῦν
636 676 728 735 καὶ
775 681 868 737 τὸν
924 674 1098 756 μηδὲν
1161 683 1337 757 ἑαυτῷ
1393 678 1673 740 συνειδότα
1727 676 1755 736 ὁ
1810 678 2005 756 Κύριος

342 768 537 843 κρίνει,
566 774 701 836 καθὸ
730 766 893 835 αὐτός
926 770 1101 828 ὲστιον
1133 772 1161 827 ὁ
1190 760 1361 837 ὅντως
1405 772 1496 830 καὶ
1527 773 1742 844 ἀληθὴς
1788 769 2003 847 κριτὴς,

343 856 394 914 τί
429 856 495 931 δή
528 876 661 915 ποτε
693 861 849 936 ὑμεῖς
889 861 1094 938 κρίνετε
1147 863 1274 926 τοὺς
1319 859 1593 944 ἀδελφοὺς
1648 861 1845 937 (autin;
1899 858 2002 919 Ἦν

344 947 449 1025 γὰρ
480 948 570 1005 καὶ
596 953 759 1007 τοῦτο
802 953 930 1028 παρ’
987 952 1175 1016 αὐτοῖς
1234 952 1297 1008 τὸ
1342 953 1582 1027 νόσημα,
1611 951 1642 1009 8
1670 952 1759 1007 καὶ
1810 955 2002 1026 πειρᾶ-

339 1056 428 1095 ται
462 1032 785 1115 διορθῶσαι.

418 1126 620 1186 Ἀλλο.
656 1130 915 1207 Παραινεῖ
946 1133 1024 1205 μὴ
1056 1129 1348 1188 σπουδαῖον
1377 1134 1628 1209 ἡγεῖσθαι
1658 1131 1722 1188 τὸ
1780 1128 2003 1195 ἑαυτοὺς

344 1211 602 1288 ἱκδικεῖν,
631 1217 772 1294 μηδὲ
798 1222 858 1276 τὸ
887 1222 1089 1298 κρίνειν
1118 1221 1245 1283 τοὺς
1274 1221 1650 1300 ἡμαρτηκέναι
1685 1219 1998 1290 δοκοῦντας,

349 1306 493 1382 μηδέ
520 1311 877 1384 ταράσσεσθαι
908 1315 1025 1374 τοῖς
1056 1310 1142 1368 ἐπὶ
1172 1316 1270 1367 τοῦ
1299 1312 1567 1387 παρόντος
1596 1313 1692 1374 τάς
1731 1317 1839 1366 τῶν
1872 1312 1998 1379 θνη,

337 1405 449 1454 τῶν
476 1398 632 1474 ὄψεις
652 1395 1121 1469 διαλανθάνουσιν,
1150 1398 1376 1477 ἐπείπερ
1404 1401 1568 1464 αὐτὸς
1591 1403 1619 1457 ὁ
1642 1396 1848 1476 Κύριος
1878 1398 2000 1456 ἰπι-

341 1489 494 1559 στὰς,
526 1493 635 1545 τῶν
664 1489 760 1564 μὶν
788 1485 1022 1562 ἀσεϐῶν,
1048 1493 1273 1570 φωτίσει
1294 1492 1359 1547 τὰ
1381 1491 1591 1567 κρυπτά
1618 1490 1717 1546 τοῦ
1749 1489 1995 1560 σκότους,

338 1581 449 1635 τῶν
482 1576 541 1634 δὲ
569 1579 818 1654 κοσμίων
849 1580 941 1635 καὶ
972 1575 1240 1636 θεοσεὸῶν
1271 1577 1343 1635 δι’
1373 1580 1667 1637 ἐπιείκειαν
1713 1580 1807 1636 καὶ
1857 1576 1995 1635 ἰδιο-

338 1667 734 1745 πραγμοσόνην
764 1668 855 1725 καὶ
904 1668 1277 1735 λανθανόντων
1330 1671 1459 1733 τοὺς
1516 1668 1788 1741 πολλοὺς,
1835 1687 1998 1749 φανε-

341 1760 509 1833 ρώσει
540 1760 635 1822 τὰς
672 1759 879 1835 βουλὰς
916 1765 1026 1815 τῶν
1080 1757 1336 1836 καρδιῶν.
1396 1762 1497 1824 Οἷς
1554 1761 1645 1816 καὶ
1690 1759 1785 1816 τὸν
1839 1754 1994 1814 ἔπαι-

2113 606 2177 646 ac
2208 596 2337 645 tunc
2369 589 2487 647 laus
2517 591 2623 645 erit
2653 607 2688 645 a
2713 591 2842 647 Deo.

2180 672 2346 745 Quod
2375 679 2426 734 si
2459 696 2594 735 eum
2626 692 2863 752 quoque
2887 678 3118 753 judicat
3150 674 3433 738 Dominus
3464 683 3565 756 qui
3625 676 3763 744 nul-

2108 762 2223 824 lius
2256 766 2367 824 sibi
2399 762 2674 826 conscius
2706 772 2815 840 est,
2849 785 2916 825 eo
2948 769 3106 842 quod
3136 769 3262 843 ipse
3315 775 3516 828 rectus
3566 770 3645 829 sit
3693 792 3761 833 ac

2106 874 2278 916 verus
2298 856 2507 932 judex,
2540 871 2646 915 cur
2666 870 2769 914 Vos
2792 875 3017 932 quaso,
3040 856 3254 916 fratres
3281 864 3504 917 vestros
3520 856 3758 935 judica-

2107 941 2223 1004 tis?
2253 950 2397 1006 Nam
2430 955 2488 1006 et
2516 946 2611 1005 hic
2644 943 2888 1006 morbus
2945 948 3102 1023 apud
3158 949 3318 1023 ipsos
3379 958 3526 1022 erat,
3577 972 3755 1026 quem

2105 1032 2284 1095 etiam
2322 1037 2617 1114 corrigere
2650 1038 2884 1097 nititur.

2173 1136 2326 1195 449
2350 1137 2534 1195 Aliud.
2554 1138 2852 1195 Admonet
2872 1156 2948 1196 ne
2961 1132 3282 1197 honestum
3302 1156 3431 1197 esse
3451 1134 3670 1197 ducant
3691 1160 3752 1199 se

2101 1226 2262 1298 ipsos
2287 1226 2516 1297 ulcisci,
2535 1244 2730 1300 neque
2749 1229 3137 1300 eosjudicent
3157 1230 3259 1301 qui
3282 1246 3527 1301 peccare
3554 1230 3757 1287 viden-

2103 1319 2199 1371 tur
2223 1332 2236 1369 :
2258 1332 2452 1387 neque
2477 1316 2791 1372 turbentur
2811 1317 2884 1372 ob
2908 1334 2976 1372 ea
2997 1328 3129 1389 quae
3156 1314 3267 1373 hoc
3298 1325 3565 1391 tempore
3597 1336 3755 1375 mor-

2101 1404 2310 1461 talium
2343 1407 2681 1479 aspectibus
2739 1408 2973 1464 occulta
3028 1412 3210 1464 sunt:
3267 1409 3758 1481 quandoquidem

2101 1495 2386 1551 Dominus
2416 1494 2545 1568 ipse
2594 1496 2697 1568 qui
2756 1497 3038 1554 omnibus
3087 1497 3388 1569 praesidet,
3438 1498 3759 1572 impiorum

2100 1582 2340 1655 quidem
2373 1584 2607 1642 occulta
2638 1586 3020 1643 tenebrarum
3052 1585 3377 1643 illustrabil
3410 1602 3426 1643 :
3458 1586 3759 1660 justornm

2097 1688 2234 1729 vero
2266 1674 2369 1746 qui
2403 1675 2465 1730 in
2495 1674 2720 1733 mundo
2754 1680 2914 1746 sunt,
2949 1675 3050 1749 qui
3082 1680 3264 1731 Deum
3321 1688 3430 1733 sua
3470 1677 3764 1734 modestia

2100 1778 2167 1819 ac
2198 1762 2496 1822 industria
2516 1764 2741 1833 colunt,
2768 1769 2828 1821 et
2847 1765 3024 1839 vulgo
3056 1764 3274 1821 occulti
3298 1768 3458 1833 sunt,
3490 1766 3760 1839 propala-

333 1870 444 1919 νον,
482 1850 638 1930 φησί,
668 1852 989 1925 γενήσεσθαι
1018 1850 1127 1907 ἀπὸ
1164 1855 1262 1907 τοῦ
1323 1854 1477 1908 Θεοῦ.
1532 1874 1561 1904 ιι
1592 1853 1695 1914 Ὃς
1736 1849 1828 1906 καί
1877 1866 1987 1929 φω-

2106 1852 2188 1908 bit
2216 1852 2469 1910 consilia
2498 1852 2808 1911 cordium:
2843 1852 3062 1927 quibus
3094 1855 3274 1911 etiam
3306 1854 3544 1912 laudem
3596 1855 3759 1911 futu-

330 1940 497 1996 τίσει.
532 1963 559 1991 »
599 1941 722 2013 Ὅς,
776 1940 934 2020 φησὶ,
990 1941 1288 2021 φανερώσει
1343 1940 1411 1998 τὰ
1459 1939 1510 1996 ἐν
1567 1942 1707 2014 ἡμῖν
1756 1939 1990 2016 κρυπτά.

329 2030 442 2089 Τοῦ
478 2028 706 2093 σκότους
739 2028 799 2087 δὲ
828 2026 980 2107 λέγει
1015 2033 1112 2095 τὰς
1145 2030 1513 2095 λανθανούσας
1558 2031 1805 2104 πονηρὰς
1852 2030 1994 2106 πρά-

328 2122 458 2191 ξεις.
494 2119 775 2183 nomn;
831 2120 934 2199 γάρ
982 2141 1064 2185 τις
1110 2122 1247 2177 κατὰ
1303 2120 1363 2178 τὸ
1422 2120 1744 2200 φαινόμενον
1798 2118 1995 2195 ἀγαθόν

325 2229 376 2265 τι
407 2208 663 2285 πράττει,
696 2210 732 2280 ἡ
765 2207 828 2266 δέ
878 2229 941 2288 γε
998 2210 1312 2286 προαίρεσις
1370 2208 1705 2266 λανθάνουσα
1754 2206 1991 2285 σφάλλε-

325 2318 433 2359 ται.
496 2321 526 2350 ιι
558 2298 662 2355 Καὶ
725 2300 1024 2377 φανερώσει
1082 2299 1177 2363 τὰς
1242 2294 1446 2374 βουλὰς
1500 2304 1609 2355 τῶν
1665 2295 1927 2375 καρδιῶν.
1962 2321 1992 2352 υ

329 2390 512 2444 Πάντα
557 2384 662 2464 γὰρ
718 2389 847 2462 παρ’
907 2388 1054 2460 αὖτῷ
1108 2387 1290 2465 γυμνά
1347 2386 1434 2464 ραὶ
1488 2384 1992 2468 τετραχηλισμένα,

321 2477 407 2533 καὶ
519 2472 677 2532 οὐδὲν
780 2480 1129 2552 προσωπεῖον
1233 2472 1519 2540 εὐλαϐείας
1621 2474 1828 2556 ὡφελεῖ
1898 2477 1991 2533 τὸν

314 2563 545 2643 ἔχοντα.
582 2587 610 2617 σ
642 2564 747 2623 Καὶ
806 2564 929 2622 τότε
959 2568 987 2622 ὁ
1017 2565 1239 2631 ἔπαινος
1284 2569 1567 2643 γενήσεται
1618 2564 1724 2623 ἀπὸ
1768 2570 1923 2624 Θεοῦ.
1962 2592 1989 2620 ι›

321 2660 441 2719 Ἐπὶ
470 2679 537 2716 το
567 2659 948 2740 εὐφημότερον
991 2658 1183 2732 ἦλθεν.
1246 2661 1349 2720 Καὶ
1408 2662 1513 2739 γὰρ
1560 2660 1627 2732 ἦν
1685 2659 1989 2718 ἀκόλουθον

328 2750 525 2823 εἰπεῖν,
556 2748 692 2808 Τότε
724 2752 759 2821 ἡ
788 2751 1033 2827 τιμωρία
1061 2751 1096 2822 ἦ
1130 2752 1159 2807 ὁ
1194 2747 1435 2822 ἔπαινος,
1468 2750 1596 2807 ἀλλ’
1643 2749 1721 2816 είς
1748 2752 1811 2808 τὸ
1844 2766 1991 2828 χρη-

324 2841 441 2896 στὸν
483 2838 711 2904 ἀπέθετο
739 2838 833 2895 τὸν
869 2836 1060 2915 λόγον.

391 3123 577 3179 Ταῦτα
635 3115 713 3190 δὲ,
768 3116 1023 3200 ἀδελφοὶ,
1085 3120 1536 3195 μετεσχημάτισα
1597 3116 1672 3181 εἷς
1750 3120 1982 3195 ἐμαυτὸν

2101 1956 2230 1999 ram
2253 1956 2383 1999 esse
2406 1943 2553 2001 dicit
2575 1944 2762 2001 aDeo.
2786 1962 2814 1997 ο
2842 1944 2950 2011 Qui
2976 1944 3211 2001 occulta
3228 1956 3465 2018 quoque
3490 1944 3756 2001 illustra-

2101 2030 2187 2087 bit
2219 2031 2621 2090 tenebrarum.
2654 2056 2685 2088 υ
2716 2033 2826 2100 Qui
2853 2031 3280 2101 manifestabit,
3303 2033 3666 2106 inquit,quas
3692 2034 3755 2090 in

2098 2122 2277 2179 nobis
2306 2123 2653 2180 abscondita
2682 2128 2840 2180 sunt.
2863 2122 3160 2181 Tenebras
3181 2138 3317 2180 vero
3339 2124 3485 2180 dicit
3501 2124 3753 2180 latentes

2097 2226 2307 2284 pravas
2338 2214 2621 2270 actiones.
2643 2213 3010 2286 Frequenter
3026 2212 3184 2269 enim
3208 2213 3503 2287 quispiam
3527 2213 3751 2270 bonum

2099 2300 2341 2374 aliquod
2372 2308 2666 2375 quantum
2696 2304 2771 2359 ad
2802 2305 3212 2376 apparentiam
3235 2308 3535 2375 Operatur,
3569 2307 3627 2359 at
3658 2318 3755 2359 vo-

2098 2393 2297 2452 luntas
2329 2412 2461 2468 quas
2492 2395 2658 2464 latet,
2687 2408 2885 2452 errare
2915 2395 3307 2452 convincitur.
3345 2416 3371 2443 ‹‹
3393 2392 3459 2451 Et
3478 2394 3751 2468 propala~

2098 2484 2187 2541 bit
2215 2486 2467 2542 consilia
2496 2486 2788 2545 cordium.
2822 2504 2849 2539 ι
2882 2486 3096 2543 Omnia
3155 2486 3316 2542 enim
3372 2498 3571 2542 coram
3624 2486 3751 2559 ipso

2097 2574 2260 2631 nuda
2289 2582 2429 2631 sunt
2460 2581 2521 2633 et
2538 2570 2829 2649 aperta”,
2859 2575 3215 2648 nullumque
3245 2574 3551 2647 religionis
3594 2576 3753 2632 vela-

2098 2671 2365 2722 mentum
2389 2664 2598 2738 juvare
2639 2670 2835 2740 potest
2863 2664 3206 2723 habentem.
3241 2688 3269 2718 «
3304 2662 3385 2723 Ac
3437 2672 3576 2722 tunc
3623 2660 3754 2722 laus

2098 2756 2211 2813 erit
2242 2772 2276 2813 a
2298 2754 2437 2813 Deo.
2459 2779 2487 2807 »
2510 2755 2597 2813 Ad
2618 2756 2676 2812 id
2703 2754 2863 2829 quod
2893 2757 3081 2831 magis
3110 2756 3372 2814 faustum
3405 2758 3496 2813 est
3515 2756 3756 2813 descen-

2095 2844 2201 2902 dit.
2235 2844 2540 2918 Siquidem
2569 2858 2945 2919 consequens
2975 2846 3163 2920 magis
3194 2848 3321 2903 erat
3365 2850 3435 2902 ut
3484 2845 3708 2903 diceret.
3738 2861 3751 2900 :

2094 2936 2257 2993 Tunc
2287 2937 2649 3010 supplicium
2682 2938 2816 3006 erit,
2849 2949 3029 3011 quam
3089 2936 3261 3004 laus;
3313 2948 3515 2993 verum
3567 2935 3641 2992 ad
3690 2936 3750 2991 id

2095 3024 2256 3098 quod
2284 3028 2666 3084 commodum
2698 3032 2784 3083 est
2817 3022 3061 3083 deflexit
3091 3040 3451 3083 sermonem.

2166 3115 2257 3184 IV,
2285 3118 2341 3172 6.
2368 3117 2494 3173 Haec
2510 3121 2711 3186 autem,
2734 3118 2959 3186 fratres,
2983 3126 3090 3187 per
3111 3120 3345 3186 ﬁguram
3365 3114 3653 3170 traustulit
3684 3114 3744 3170 in

328 3209 417 3265 καὶ
450 3207 722 3268 Ἀπολλῶ
754 3206 826 3265 δι’
854 3209 1016 3285 ὑμᾶς,
1071 3207 1169 3265 ’ίνα
1225 3208 1278 3264 ἑν
1337 3211 1473 3303 ἡμῖν
1527 3209 1751 3286 μάθητε,
1796 3211 1858 3266 τὸ
1901 3208 1979 3285 μή

2106 3206 2358 3276 meipsum
2381 3211 2434 3261 et
2456 3204 2659 3277 Apollo
2668 3206 2903 3277 prapter
2924 3211 3102 3271 vos,ut
3116 3206 3173 3261 in
3188 3202 3341 3261 nobis
3356 3204 3603 3270 discatis,
3635 3218 3744 3259 non

333 3300 463 3376 ὑπὲρ
497 3298 529 3355 ὅ
557 3300 863 3377 γέγραπται
893 3303 1133 3380 φρονεῖν,
1158 3297 1253 3356 ἵνα
1307 3296 1384 3373 μὴ
1416 3295 1491 3362 εἶς
1544 3296 1676 3375 ὑπερ
1718 3303 1815 3355 τοῦ
1864 3297 1978 3364 ἐνὸς

2106 3312 2262 3367 supra
2294 3297 2355 3351 id
2382 3297 2530 3367 quod
2556 3297 2823 3368 Scriptum
2852 3301 2930 3352 est
2980 3297 3048 3351 de
3076 3294 3228 3351 vobis
3255 3297 3457 3351 sentire
3481 3311 3495 3361 ;
3526 3306 3624 3349 nec
3654 3294 3741 3357 hic

334 3390 618 3467 φυσιοῦσθε
648 3388 784 3446 κατά
809 3394 907 3446 τοῦ
933 3388 1138 3464 ἑτέρου.

398 3481 611 3555 [ΦΩΤ.]
673 3477 826 3537 Διατί
886 3479 1026 3554 ὑμᾶς
1086 3476 1544 3558 μετεσχημάτισα
1596 3479 1674 3545 εἷς
1745 3478 1980 3553 ἐμαυτὸν

333 3569 417 3623 καὶ
448 3566 768 3640 ἈποΑλῶ;
829 3568 905 3626 Δι’
966 3569 1129 3645 ὑμᾶς,
1163 3594 1192 3621 »ι
1254 3570 1439 3644 φησὶν,
1497 3569 1582 3625 ’ίνα
1642 3571 1718 3644 μή
1777 3569 1983 3625 ἀνιάσω

344 3657 494 3729 ὖμᾶς,
527 3659 792 3735 ὀνομαστὶ
849 3658 1280 3734 καθαπτόμενος.
1338 3661 1690 3734 Διορθοῦσθαι
1745 3662 1841 3734 μὲν
1879 3661 1983 3738 γὰρ

350 3740 606 3818 ἔσπευδεν,
631 3750 778 3821 ἀνιᾷν
815 3744 873 3804 δὲ
901 3746 1254 3829 ἐφυλάττετο.
1289 3746 1388 3804 Διά
1445 3744 1502 3803 δὶ
1559 3754 1656 3804 τοῦ
1702 3770 1989 3828 μετασχη-

348 3840 632 3929 ματισμοῦ,
663 3838 848 3919 φησὶν,
877 3834 1161 3929 ἀμφότερα
1214 3836 1343 3929 ῦμῖν
1387 3832 1759 3929 ,βουλομένοις
1814 3834 1989 3929 ἔσται⁹

340 3923 428 3979 καί
457 3926 517 3982 τὸ
550 3922 944 4004 διορθωθῆναι,
974 3926 1067 3984 καὶ
1095 3929 1158 3984 τὸ
1216 3925 1553 4005 ἀλυπότερον
1602 3930 1827 3986 ἀκοῦσαι
1881 3922 1990 3986 τῶν

340 4011 424 4070 ἐπὶ
451 4020 520 4090 τῇ
553 4013 842 4095 διορθώσει
872 4016 1143 4096 ἐλέγχων.
1179 4014 1390 4076 Ἐποίει
1421 4014 1478 4074 δὲ
1515 4023 1701 4089 τοῦτο,
1762 4020 1853 4075 καὶ
1900 4014 1990 4075 ilva

341 4110 413 4181 μὴ
448 4111 729 4185 ὡρισμένα
787 4112 1057 4188 πρόσωπα
1110 4115 1192 4184 τῷ
1249 4106 1467 4188 ἐλέγχῳ
1522 4106 1988 4183 καθυποϐἀλλων,

339 4194 464 4276 δόξῃ
498 4200 814 4279 ἀνθρωπίνῃ
871 4202 979 4259 τινὶ
1023 4203 1367 4278 προσπαθείᾳ
1394 4205 1430 4275 ἢ
1482 4202 1815 4276 ἀντιπαθείᾳ,
1862 4205 1989 4267 τοὺς

338 4289 430 4363 μὲν
459 4289 575 4363 eam,
605 4296 716 4347 τῶν
749 4287 807 4346 δὲ
829 4290 1203 4370 κατατρέχειν.
1261 4288 1492 4357 ¹’Δλλως
1543 4312 1601 4348 τε
1648 4288 1729 4360 δὲ,
1780 4293 1871 4349 καὶ
1903 4290 1993 4349 ’ἶνα

335 4380 410 4454 μή
444 4379 502 4435 ἐν
534 4383 604 4454 τῇ
633 4380 863 4456 τοιαύτῃ
899 4376 1191 4456 διακρίσει,
1224 4380 1297 4435 ὧν
1348 4379 1447 4456 μὶν
1509 4380 1822 4456 καθήψατο,
1865 4379 1990 4437 τού-

328 4489 456 4532 τους
492 4468 569 4534 εἷς
599 4464 913 4545 ἀπόγνωσιν
947 4462 1195 4543 ἐμϐάλῃ,
1226 4466 1262 4539 ἦ
1291 4468 1368 4530 εἷς
1402 4468 1571 4545 ὀργὴν
1600 4470 1690 4526 καὶ
1747 4467 1995 4549 9.1mm.-

328 4556 447 4614 κίαν
490 4560 714 4633 μείζονα
744 4559 941 4634 ἀνάψῃ,
973 4560 1047 4614 ὧν
1083 4554 1151 4613 δι’
1184 4555 1273 4613 ἰπὶ
1291 4564 1409 4621 τοῖς
1431 4556 1687 4638 ἆλὲγχοις
1711 4559 1813 4615 οὐκ
1833 4558 1993 4632 ἐμνή-
2026 4609 2070 4673 D

340 4662 391 4673 -ιι
504 4649 723 4673 ,_’_AA,A
774 4649 937 4673 λινε-..
999 4649 1089 4673 --μὶ
1148 4648 1367 4673 l___,_l_.-
1434 4646 1642 4673 ,_E'_\\_..
1706 4644 1958 4673 2,__\A’__

333 4662 459 4722 σθη,
496 4649 724 4711 τούτους
773 4649 944 4728 τύφου
999 4649 1091 4705 καὶ
1143 4648 1368 4710 ἀπονίας
1429 4646 1643 4722 μᾶλλον
1703 4644 1990 4726 ἐμπλήσῃ.

332 4740 423 4795 Διὸ
454 4739 689 4803 εἰκότως
715 4738 766 4814 ἐξ
799 4739 1068 4814 ὀνόματος
1103 4738 1164 4795 οὐ
1195 4740 1505 4816 καθήψατο,
1558 4737 1685 4796 ἀλλ’
1736 4739 1813 4804 εἷς
1870 4740 1993 4796 ἑαυ-

327 4830 420 4887 τὸν
443 4831 542 4887 καὶ
574 4827 840 4887 ’Λπολλὼ
868 4830 960 4885 τὸν
995 4826 1229 4905 ἔλεγχον
1262 4849 1523 4905 μετωσχη
1536 4829 1784 4904 ματίσας,
1823 4832 1993 4886 καθα-

333 4922 429 4997 ρὰν
485 4920 577 4976 καὶ
640 4917 971 4996 εὐπρόσοδον
1028 4922 1128 4991 τήν
1187 4918 1502 4990 νουθέτησιν
1556 4922 1741 4991 κοινὴν
1800 4922 1996 4977 ’ἅπασιν

332 5009 661 5082 ἐποιήσατο.
696 5034 724 5063 ‹‹
767 5010 846 5065 Δι’
877 5011 1043 5084 ὑμᾶς.
1076 5030 1104 5065 ιι
1138 5009 1425 5065 Τουτὲστιν
1455 5004 1544 5065 ἳνα
1573 5008 1651 5084 μὴ
1708 5011 1773 5066 τὰ
1827 5012 1999 5087 πρόσ-

337 5118 463 5157 ωπα
523 5097 713 5163 ίδικῶς
770 5099 1060 5162 ἀκούοντες
1116 5103 1224 5155 τῶν
1280 5096 1623 5154 διδασκάλων
1679 5100 1856 5174 ὑμῶν,
1918 5103 1994 5176 μή

333 5186 563 5263 δέξησθε
589 5188 684 5246 τὸν
727 5187 918 5265 λόγον.
983 5188 1152 5246 ιἼνα
1200 5184 1253 5244 ἐν
1310 5188 1450 5262 ¹ἡμῖν
1505 5188 1730 5263 μάθητε.
1766 5212 1794 5240 ››
1854 5190 1996 5266 Πρὸς

329 5281 462 5343 τοὺς
496 5276 865 5343 διδασκάλους
923 5276 1286 5333 ἀποτείνεται.
1347 5278 1480 5348 Ἵνα,
1545 5278 1701 5353 φησὶ,
1762 5270 1852 5333 διὰ
1904 5278 1999 5334 τοῦ

335 5369 614 5445 ἡμετέρου
645 5368 949 5445 προσώπου
1000 5367 1211 5442 μάθητε
1268 5369 1514 5445 φρονεῖν,
1571 5365 1753 5430 καθὼς
1803 5366 1999 5444 γεγρα·

331 5476 487 5516 πται.
521 5458 832 5535 Γέγραπται
859 5453 938 5514 δὲ’
973 5482 1001 5510 ‹‹
1035 5457 1099 5514 Ὁ
1162 5456 1337 5512 θέλων
1397 5453 1534 5510 εἶναι
1584 5458 1804 5530 πρῶτος
1861 5450 2000 5515 ἔστω

333 5549 558 5605 πάντων
582 5547 838 5624 ἔσχατος.
859 5572 888 5602 ››
912 5581 980 5591 --
1007 5573 1025 5598 ι
1052 5548 1161 5602 Ἵνα
1186 5546 1263 5619 μή
1290 5545 1366 5607 εἶς
1390 5545 1521 5621 ὑπὲρ
1538 5550 1632 5600 τοῦ
1655 5545 1792 5607 ἑνός.
1816 5571 1843 5599 ››
1869 5548 2000 5603 Οἶον

407 5706 456 5741 ⁷⁸
485 5705 662 5762 Hebr.
696 5721 781 5773 ιν,
818 5707 901 5761 13.

2089 3384 2365 3455 istius,ille
2377 3386 2543 3458 hujus
2556 3386 2777 3442 nomine
2788 3385 3082 3457 inﬂemini,
3102 3387 3249 3443 alius
3261 3380 3516 3442 adversus
3547 3387 3715 3441 alium
3726 3428 3739 3442 .

2160 3477 2350 3543 Quare
2373 3495 2486 3534 von
2517 3495 2624 3551 per
2640 3477 2889 3552 figuram
2914 3478 3192 3534 transtuli
3215 3479 3277 3533 in
3302 3490 3395 3533 me
3415 3482 3471 3533 et
3492 3477 3702 3551 Apollo
3718 3475 3748 3530 Ἰ

2094 3589 2122 3619 ι(
2154 3568 2402 3642 Propter
2429 3584 2550 3636 vos,
2586 3589 2614 3618 ››
2644 3564 2859 3641 inquit,
2893 3584 2969 3623 ne
2990 3585 3091 3625 vos
3122 3568 3538 3624 contristarem
3570 3567 3619 3622 si
3644 3582 3748 3621 no-

2092 3655 2367 3712 minatim
2394 3652 2794 3730 objurgarem.
2828 3654 3061 3713 Etenim
3108 3654 3402 3731 corrigere
3448 3654 3747 3719 studebat,

2093 3748 2154 3801 at
2182 3760 2257 3800 ne
2289 3744 2690 3814 contristaret,
2727 3740 3097 3801 observabat.
3133 3746 3248 3800 Per
3276 3740 3578 3820 ﬂguralem
3613 3758 3748 3799 vero

2095 3834 2549 3891 translationem
2582 3838 2901 3907 utrumque
2932 3832 3259 3908 continget,
3292 3828 3510 3906 inquit,
3570 3833 3747 3888 modo

2096 3921 2424 3993 volueritis,
2455 3930 2519 3980 ut
2552 3928 2609 3981 et
2648 3923 3051 3998 corrigamini,
3117 3920 3174 3978 et
3220 3923 3446 3995 abeque
3497 3932 3750 3978 maerore

2097 4013 2351 4072 audiatis
2383 4028 2513 4085 quae
2562 4030 2666 4087 ego
2724 4013 2800 4069 ad
2866 4013 3298 4069 correctionem
3355 4011 3749 4086 reprehendo.

2098 4098 2219 4161 Hoc
2249 4106 2446 4161 autem
2478 4098 2734 4159 faciebat
2763 4119 2837 4158 ne
2869 4101 2917 4158 si
2948 4098 3228 4158 definitas
3248 4112 3533 4174 personas
3551 4110 3755 4172 repre-

2098 4188 2389 4250 hensione
2422 4192 2783 4267 designaret,
2834 4184 3136 4247 videretur
3181 4186 3445 4247 humano
3493 4190 3753 4263 quodam

2099 4283 2313 4342 aﬂ'ectu
2335 4286 2433 4340 aut
2457 4278 2615 4352 odio,
2638 4282 2749 4338 hos
2769 4281 3010 4353 quidam
3046 4281 3262 4349 sinere,
3296 4277 3433 4337 illos
3460 4292 3596 4337 vero
3627 4298 3756 4353 per-

2100 4370 2415 4449 stringere.
2445 4376 2738 4430 Praeterea
2770 4389 3027 4446 quoque,
3059 4390 3134 4429 ne
3166 4370 3510 4447 huiusmodi
3532 4364 3753 4443 dijudi-

2099 4470 2333 4532 catione
2365 4466 2475 4529 hos
2496 4468 2737 4545 quidem
2768 4470 3114 4545 corriperet,
3136 4466 3273 4528 illos
3295 4488 3432 4528 vero
3455 4468 3527 4527 ad
3550 4470 3757 4543 despe-

2100 4560 2398 4619 rationem
2429 4560 2728 4637 injieeret,
2759 4567 2862 4618 aut
2890 4557 2965 4617 ad
2997 4562 3169 4627 iram,
3190 4561 3603 4635 majoremque
3625 4578 3759 4617 con-

2106 4651 2432 4709 tentionem
2466 4649 2789 4709 excitaret:
2823 4668 3075 4723 quorum
3105 4667 3240 4706 vero
3264 4651 3325 4707 in
3348 4650 3759 4724 reprehensio-

2105 4742 2282 4798 nibus
2313 4757 2435 4797 non
2466 4734 2867 4808 meminisset,
2898 4736 3007 4797 hos
3038 4744 3267 4796 tumore
3292 4740 3487 4812 potius
3506 4747 3562 4797 et
3592 4754 3760 4795 arro-

2104 4829 2304 4904 gantia
2328 4826 2625 4901 impleret.
2641 4829 2781 4885 Ideo
2796 4826 3023 4900 justam
3045 4822 3119 4886 ob
3143 4846 3383 4886 causam
3402 4824 3758 4884 nominatim

2107 4938 2226 4977 non
2241 4919 2599 4993 objurgavit:
2618 4919 2722 4974 sed
2742 4914 3032 4975 translata
3052 4914 3381 4993 figuraliter
3396 4919 3454 4974 in
3471 4920 3554 4975 sei
3563 4935 3757 4992 psum,

2108 5016 2167 5067 et
2195 5006 2403 5083 Apollo
2434 5007 2835 5076 accusatione,
2869 5004 3028 5064 4σο
3055 5020 3439 5067 communem
3490 5008 3761 5065 admoni-

2108 5101 2332 5157 tionem
2352 5097 2575 5154 nudam
2598 5112 2667 5152 ac
2685 5094 2923 5152 facilem
2950 5096 3228 5155 omnibus
3242 5096 3456 5155 reddit.
3474 5098 3764 5170 «Propter

2108 5203 2228 5247 vos.
2264 5209 2289 5241 ι
2324 5186 2442 5245 Hoc
2472 5189 2581 5254 est,
2615 5185 2924 5259 speciatim
2956 5193 3391 5260 praeceptorum
3433 5194 3760 5245 vestrorum

2109 5292 2397 5356 personas
2422 5274 2757 5342 audientes,
2791 5270 3178 5348 despiceretis
3218 5288 3582 5338 sermonem.
3635 5300 3662 5327 ‹‹
3694 5273 3769 5334 Ut

2112 5368 2173 5426 in
2203 5367 2379 5424 nobis
2409 5365 2672 5422 discetis.
2704 5386 2731 5414 »ι
2765 5362 2853 5419 Ad
2903 5366 3301 5437 praeceptores
3358 5362 3670 5441 dirigitur:
3703 5368 3770 5422 ut

2109 5476 2217 5533 per
2245 5462 2501 5525 nostras,
2533 5452 2748 5526 inquit,
2781 5466 3069 5526 personas
3100 5451 3343 5512 discatis
3361 5452 3431 5513 de
3453 5452 3615 5512 vobis
3638 5466 3770 5511 sen-

2115 5547 2416 5619 tirejuxta
2446 5543 2506 5598 id
2536 5542 2693 5614 quod
2726 5543 3013 5614 scriptum
3073 5549 3182 5600 est.
3236 5540 3339 5600 Est
3390 5548 3589 5600 autem
3618 5542 3767 5598 Scri-
