4122 6396
322 393 437 457 687

1442 390 1853 455 CECUMENII
1892 388 2206 451 'l‘RlCCJE
2249 385 2606 448 EPISCOPI

3626 390 3752 452 688

322 536 526 602 ptum:
553 553 579 580 «
606 529 712 595 Qui
738 528 866 584 vult
894 545 1024 585 esse
1057 527 1309 600 primus,
1342 527 1420 583 sit
1449 526 1717 582 omnium
1747 528 1962 596 postre-

2097 518 2347 592 μαθητής
2382 517 2517 592 ὑπὲρ
2552 514 2924 575 διδασκάλου.
2989 542 3009 570 ι
3049 521 3374 579 Φυσιοῢσθε.
3404 543 3434 573 ››
3484 523 3620 585 Τοὺς
3673 520 3758 578 δι·-

321 616 587 674 Πιιιε⁷⁹⁶.›ι
611 638 630 664 ι
648 619 727 672 Ne
744 618 839 672 hic
855 616 1162 682 istius,ille
1175 616 1355 688 hujus
1368 615 1611 671 nomine
1627 610 1978 668 inflemini.»

319 707 538 777 Nempe
552 705 830 778 discipuli
848 710 1282 778 praeceptorum
1294 705 1595 760 nomine.«
1612 701 1969 758 Inﬂemini.»

318 793 562 850 Relictis
592 800 793 851 autem
852 794 1195 851 doctoribus
1253 793 1328 849 ad
1373 793 1659 867 populum
1700 790 1974 861 dirigitur

319 899 515 939 sermo
541 899 554 940 :
588 885 844 957 populus
873 901 1133 955 namque
1164 883 1237 938 ob
1268 887 1664 955 praeceptores
1693 878 1973 935 effereba-

319 977 454 1028 tur:
487 977 574 1039 ut,
607 974 709 1045 qui
735 974 894 1029 hunc
925 974 1143 1029 habeat
1185 977 1632 1044 praeceptorem,
1686 969 1969 1025 adversus

316 1061 682 1134 discipulum
714 1063 814 1134 qui
847 1062 1031 1118 alium
1061 1061 1281 1117 habeat
1308 1059 1745 1115 intumescebat
1764 1075 1831 1114 ac
1852 1057 1973 1130 glo-

2092 604 2398 668 δασκάλους
2437 607 2616 685 ἀφεὶς,
2646 608 2787 682 πρὸς
2819 606 2912 663 τὸν
2946 605 3079 663 λαὸν
3112 608 3472 666 ἀποτείνεται.
3508 611 3607 666 Καὶ
3648 613 3754 688 γὰρ

2085 697 2112 752 6
2136 696 2269 759 λαὸς
2305 696 2437 771 ὑπὲρ
2466 701 2575 751 τῶν
2635 692 2981 751 διδασκάλων
3010 699 3177 772 ’μέγα
3230 696 3511 777 ἐφρόνουν.
3563 700 3684 755 Oiei
3717 703 3744 757 6

2081 783 2236 842 τόνδε
2266 779 2414 864 ἔχων
2447 783 2777 841 διδάσκαλον
2809 785 2947 841 κατᾶ
2994 791 3092 841 τοῦ
3150 785 3307 842 τόνδε
3357 786 3582 864 ἔχοντος
3636 813 3745 864 μα-

2083 877 2278 947 θητοῦ,
2312 875 2597 951 ἐφυσιοῦτο
2626 875 2719 930 καὶ
2764 874 2902 950 μέγα
2959 874 3195 950 ἐφρόνει.
3252 875 3450 941 Καλῶς
3509 875 3565 934 δὲ
3609 880 3743 936 αὖτό

2081 963 2346 1042 φυσίωσιν
2406 962 2680 1034 ἐκάλεσεν,
2744 964 2910 1020 οἱονεὶ
2969 961 3183 1036 οῗδησιν
3261 967 3368 1022 ἀπὸ
3438 976 3751 1046 μεταφορᾶς

2081 1053 2337 1126 σώματος
2365 1051 2712 1128 κακοχύμου,
2744 1052 2779 1123 ἢ
2813 1054 2977 1109 κακὸν
3011 1058 3224 1128 πνεῦμα
3255 1052 3570 1130 δεξαμένου.

315 1151 605 1207 riabatur.
640 1153 797 1209 Bene
829 1158 1028 1208 autem
1061 1150 1210 1206 illud
1241 1150 1561 1223 appellavit
1588 1148 1964 1204 inflationem
1995 1152 2054 1201 et
2074 1144 2252 1200 veluti
2273 1151 2587 1213 tumorem,
2607 1161 2642 1200 a
2665 1146 3022 1218 metaphora
3048 1148 3316 1219 corporis
3349 1149 3508 1220 quod
3533 1167 3747 1222 pravos

315 1240 503 1314 gignit
533 1241 834 1307 humores,
869 1246 972 1296 aut
1002 1257 1246 1313 pravum
1278 1239 1508 1311 accepit
1537 1238 1835 1311 spiritum.

385 1371 484 1436 IV,
508 1370 623 1424 7.8.
656 1371 787 1435 Quis
816 1369 964 1426 enim
995 1376 1046 1424 te
1075 1370 1340 1425 discernit
1360 1368 1388 1423 ‘?
1423 1368 1563 1440 quid
1597 1374 1782 1423 autem
1814 1367 1975 1422 habes

315 1459 466 1530 quod
483 1475 593 1514 non
609 1458 908 1530 accepisti?
919 1459 1068 1529 quod
1076 1461 1125 1513 si
1144 1460 1308 1513 etiam
1331 1457 1973 1529 accepisti,quidgloria-

312 1550 391 1603 ris
412 1550 573 1618 quasi
584 1564 696 1603 non
716 1550 1051 1618 accepisses?
1071 1549 1198 1603 Jam
1226 1548 1469 1602 saturati
1483 1547 1650 1602 estis?
1666 1548 1792 1600 Jam
1812 1544 1976 1599 ditati

313 1635 442 1692 estis
461 1639 489 1691 ?
526 1635 660 1693 Sine
689 1637 845 1692 nobis
875 1652 1106 1706 regnum
1136 1635 1329 1706 adepti
1357 1637 1484 1690 estis
1509 1637 1537 1688 ?
1565 1641 1730 1705 atque
1759 1636 1970 1688 utinam

312 1741 445 1781 sane
473 1726 668 1796 adepti
695 1728 836 1782 sitis.
869 1732 929 1780 ut
958 1733 1011 1780 et
1041 1742 1139 1781 nos
1187 1741 1301 1780 una
1348 1722 1623 1779 vobiscum
1665 1738 1970 1793 regnemus.

385 1819 467 1870 Ac
499 1815 548 1869 si
577 1814 841 1870 diceret:
884 1814 1025 1879 Quis
1062 1819 1119 1870 te
1169 1812 1467 1886 judicavit
1517 1817 1577 1867 et
1626 1810 1975 1884 approbavit

322 1909 607 1975 tanquam
635 1902 812 1959 laude
863 1902 1131 1976 dignum,
1166 1920 1199 1959 ο
1230 1907 1561 1974 praeceptor
1607 1918 1674 1957 ac
1722 1900 1976 1956 doctor?

312 2008 460 2049 num
490 1993 762 2048 homines
779 1992 807 2047 Ἰ
827 1999 887 2048 at
902 2009 1023 2048 non
1044 1998 1274 2048 rectum
1293 1997 1382 2047 est
1402 1990 1642 2046 illorum
1651 1989 1970 2062 judicium.

313 2103 343 2132 «
377 2081 528 2147 Quid
556 2088 756 2137 autem
787 2081 971 2138 habes
1002 2081 1161 2154 quod
1190 2098 1312 2137 non
1337 2080 1620 2152 accepisti
1644 2080 1671 2135 ‘I
1695 2101 1722 2129 »
1758 2081 1972 2134 Verum

313 2172 474 2227 dices
503 2177 733 2228 rectum
757 2188 887 2227 esse
918 2171 1231 2226 hominum
1284 2169 1357 2225 de
1412 2176 1468 2225 te
1517 2168 1852 2241 judicium:
1916 2173 1976 2223 et

311 2277 446 2316 vere
474 2260 746 2317 fortassis
773 2260 950 2317 laude
981 2260 1196 2334 dignus
1228 2276 1290 2315 es
1319 2258 1394 2315 ob
1418 2258 1751 2314 doctrinam
1780 2263 1876 2313 :at
1896 2273 1971 2313 ne

312 2349 397 2405 ita
429 2349 669 2420 quidem
703 2349 1025 2404 extollatis.
1060 2350 1187 2404 Non
1232 2348 1393 2403 enim
1451 2353 1621 2403 tuum
1671 2364 1820 2419 opus
1881 2352 1973 2402 est

308 2438 534 2493 factum
562 2437 695 2508 hoc,
729 2437 833 2493 sed
862 2438 962 2492 Dei
993 2436 1219 2493 donum
1248 2453 1261 2490 τ
1296 2437 1396 2508 qui
1429 2442 1627 2492 autem
1658 2435 1967 2508 gloriatur,

310 2542 378 2581 ac
399 2542 529 2580 sese
543 2526 734 2597 jactat
757 2541 1138 2596 nequaquam
1165 2530 1230 2580 ut
1260 2525 1361 2595 qui
1383 2524 1535 2580 illud
1561 2524 1718 2579 dono
1742 2524 1973 2596 accepit

304 2613 614 2685 gloriatur,
638 2612 737 2668 sed
766 2618 1053 2683 tanquam
1076 2613 1197 2667 suis
1224 2612 1285 2667 id
1310 2618 1522 2669 nactus
1542 2612 1619 2667 sit
1639 2612 1965 2668 laboribus.

311 2728 345 2755 «ς
375 2703 541 2768 Quod
567 2703 616 2758 si
648 2703 827 2759 etiam
859 2702 1162 2774 accepisti,
1188 2702 1332 2774 quid
1362 2701 1635 2775 gloriaris
1660 2703 1829 2773 quasi
1844 2720 1966 2759 non

303 2793 639 2865 accepisses
668 2794 695 2847 ?
727 2816 755 2843 »
785 2793 1207 2866 Interrogative
1258 2793 1372 2847 hoc
1431 2792 1573 2848 dicit
1619 2798 1688 2848 ut
1737 2793 1811 2848 sit
1854 2793 1966 2849 iste

310 2897 541 2937 sensus.
574 2881 724 2947 Quid
753 2880 1078 2954 gloriaris?
1105 2898 1250 2937 num
1284 2881 1453 2952 quasi
1487 2897 1607 2936 non
1640 2881 1963 2953 acceperis,

2154 1363 2249 1424 Τίς
2302 1364 2405 1438 γάρ
2463 1384 2520 1418 σε
2568 1359 2869 1437 διακρίνεις
2923 1365 2987 1422 Τί
3047 1363 3104 1421 δὶ
3157 1363 3310 1440 ἓχεις
3363 1364 3393 1420 6'
3450 1368 3551 1424 οὐκ
3607 1365 3745 1427 ἕλα-

2085 1446 2218 1521 ϐες;
2254 1451 2301 1506 εί
2334 1448 2391 1507 δὲ
2419 1453 2509 1506 καὶ
2540 1447 2758 1524 ἔλαϐες,
2812 1451 2867 1508 τί
2911 1459 3186 1534 καυχᾶσαι
3240 1455 3315 1517 ὡς
3379 1458 3454 1529 μή
3510 1453 3697 1514 λαϐών
3732 1480 3748 1531 ;

2083 1537 2193 1611 ἤδη
2255 1540 2641 1617 κεκορεσμένοι
2694 1541 2851 1612 ἐστές
2913 1540 3022 1615 ἤδη
3083 1543 3506 1617 ἐπλουτήσατες
3565 1550 3751 1626 χωρὶς

2081 1631 2246 1703 ἡμῶν
2303 1625 2687 1687 ἐϐασιλεύσατε
2736 1651 2749 1701 ;
2807 1633 2899 1687 καὶ
2957 1629 3156 1709 ὄφελόν
3202 1656 3265 1711 γε
3332 1631 3743 1708 ἐϐασιλεύσατε,

2077 1716 2170 1774 ι’ίνα
2199 1721 2290 1775 καὶ
2321 1723 2487 1793 ἡμεῖς
2520 1723 2646 1796 ὑμῖν
2671 1717 3226 1799 συμϐασιλεόσωμεν.

2154 1808 2308 1882 Οἶον,
2338 1811 2436 1873 Τίς
2466 1811 2684 1884 κὲκρικέ
2712 1832 2769 1866 σε
2797 1811 2887 1867 καὶ
2919 1810 3301 1887 δεδοκίμακεν,
3335 1817 3381 1871 ὦ
3422 1814 3745 1890 διδάσκαλε,

2083 1894 2231 1971 ἄξιον
2263 1897 2484 1955 ἐπαίνου
2512 1919 2525 1967 ;
2556 1901 2609 1955 οἱ
2642 1901 2962 1975 imponam;
3006 1901 3135 1959 ἀλλ’
3196 1903 3295 1959 οὐκ
3340 1906 3472 1981 ὀρθὴ
3530 1908 3744 1964 τούτων

2082 1988 2117 2057 ἡ
2148 1989 2348 2063 κρίσις.
2393 2009 2415 2036 κ
2448 1990 2516 2046 Τί
2553 1985 2609 2043 δὲ
2640 1987 2787 2065 ἔχεις
2818 1991 2847 2045 ’ὁ
2880 1991 2982 2046 οὐκ
3029 1989 3269 2064 ἔλαλεςς
3312 2018 3341 2047 ››
3402 1993 3563 2054 Ἀλλ’
3603 1995 3747 2072 ἐρεῖς

2085 2073 2338 2150 ὅτιόρθὴ
2369 2081 2479 2131 τῶν
2510 2076 2812 2152 ἀνθρώπων
2872 2078 2961 2134 ἐπὶ
3021 2081 3107 2137 σοὶ
3163 2083 3365 2157 κρίσις,
3423 2086 3517 2140 καὶ
3577 2084 3752 2151 ὄντως

2090 2161 2396 2231 ἀξιέπαινος
2431 2164 2483 2219 εἶ
2510 2163 2561 2219 ἐν
2612 2169 2679 2239 τῇ
2726 2161 3072 2239 διδασκαλίᾳ.
3120 2166 3277 2240 Μηδὲ
3325 2169 3498 2233 οὕτως
3557 2174 3750 2252 φρόνει

2082 2252 2245 2327 μέγα.
2276 2252 2349 2305 Οὐ
2385 2251 2489 2329 γὰρ
2518 2252 2608 2306 σὸν
2654 2253 2987 2329 κατόρθωμα
3029 2255 3091 2311 τὸ
3147 2263 3399 2334 πρᾶγμα,
3450 2258 3597 2315 ἀλλὰ
3649 2258 3755 2317 δός

2079 2360 2160 2402 σις
2203 2344 2356 2399 Θεοῦ.
2388 2342 2450 2398 Ὀ
2483 2337 2539 2396 δὲ
2568 2343 2954 2421 καυχώμενος,
2996 2346 3217 2409 πάντως
3270 2345 3381 2422 οὐχ
3426 2349 3499 2411 ὡς
3547 2345 3739 2406 λαϐὼν

2079 2428 2142 2483 τὸ
2171 2428 2421 2507 χάρισμα
2452 2435 2749 2506 καυχᾶται,
2780 2431 2905 2487 ἀκλ’
2936 2433 3013 2495 ὡς
3067 2434 3115 2504 ἐξ
3176 2435 3392 2491 οἰκείων
3452 2437 3583 2494 αὐτὸ
3630 2441 3741 2495 πό-

2074 2539 2179 2572 νων
2213 2539 2578 2591 κτησαμενος.
2614 2542 2640 2575 ο
2674 2520 2738 2575 Εἰ
2794 2518 2851 2576 δέ
2900 2523 2989 2578 καὶ
3056 2518 3274 2595 ἔλαϐες,
3330 2525 3385 2582 τί
3442 2534 3741 2604 καυχᾶσαι,

2076 2606 2153 2669 ὡς
2189 2608 2266 2681 μὴ
2302 2604 2528 2679 λαϐών;
2564 2632 2592 2661 ››
2626 2611 2808 2667 Τοῦτο
2870 2609 3044 2688 λέγων
3096 2614 3233 2668 κατὰ
3283 2612 3572 2691 ἐρώτησιν.
3620 2621 3748 2675 Ἵνα

2077 2697 2257 2760 οὕτως
2288 2696 2484 2774 νοηοῇ.
2518 2698 2583 2757 Τί
2614 2704 2889 2775 καυχᾶσαι
2921 2721 2934 2771 ;
2971 2703 3072 2777 ἄρα
3105 2703 3178 2765 ὡς
3219 2706 3293 2777 μὴ
3352 2701 3563 2775 λαϐὼν,
3609 2705 3745 2763 ἀλλ’

2077 2784 2289 2851 οἳκοθεν
2312 2783 2502 2862 Exim;
2543 2787 2721 2844 καίτοι
2777 2788 3035 2869 εἴληφας.
3096 2812 3120 2836 οι
3154 2792 3296 2865 Ἤδη
3359 2798 3750 2872 κεκορεσμένοι

2075 2872 2235 2947 icti;
2272 2878 2475 2933 »“A1:6
2529 2882 2627 2933 τοῦ
2676 2879 2883 2957 χρόνου
2945 2880 3142 2944 αὐτοὺς
3204 2882 3470 2958 ἐντρέπει,
3532 2884 3739 2962 λέγων’

307 2970 411 3026 sed
441 2970 603 3026 domi
638 2969 919 3025 habueris
945 2969 972 3025 ?
992 2970 1171 3042 Atqui
1194 2970 1497 3042 accepisti.
1524 2992 1543 3019 α
1567 2971 1693 3026 Jam
1722 2970 1962 3027 saturati

2078 2965 2264 3028 Οὕτως
2292 2968 2457 3042 ταχὺ,
2490 2969 2678 3047 φησὶν,
2711 2968 3036 3045 ἐκορέσϐητε
3082 2972 3174 3027 καὶ
3234 2970 3459 3039 οὐδενὸς
3517 2972 3740 3049 δεῖσοε;

309 3060 451 3115 estis
473 3059 502 3115 ?
529 3082 555 3110 ι)
588 3062 635 3115 Α
662 3065 929 3132 tempore
961 3059 1123 3132 ipsos
1154 3059 1490 3128 confundit,
1523 3059 1769 3115 dicens:
1803 3058 1963 3115 Adeo

307 3149 590 3205 velociter
618 3149 868 3206 saturari
901 3150 1066 3216 estis,
1099 3148 1387 3220 nulloque
1418 3149 1695 3222 indigetis
1724 3153 1752 3205 ?
1783 3171 1810 3199 ‹‹
1837 3150 1964 3205 Jam

303 3238 471 3294 dilati
504 3238 691 3294 estis?
720 3240 793 3294 Ut
823 3238 990 3294 nullo
1016 3238 1181 3294 vobis
1203 3256 1352 3311 opus
1383 3237 1496 3294 sit?
1519 3238 1821 3310 Siquidem
1839 3239 1963 3312 glo-

299 3327 474 3383 riatio
497 3328 841 3383 manifestat
857 3329 1014 3399 quod
1036 3329 1110 3383 ad
1140 3328 1331 3399 ipsam
1356 3334 1753 3400 pervenerant
1776 3328 1966 3383 scien-

301 3415 398 3469 tize
430 3418 825 3482 saturitatem,
859 3432 970 3471 nec
1011 3416 1137 3471 ulla
1166 3432 1229 3470 re
1264 3421 1525 3487 egerent.
1559 3439 1585 3465 «
1623 3416 1761 3471 Sine
1790 3416 1963 3471 nobis

303 3521 554 3576 regnum
573 3504 769 3576 adepti
787 3504 958 3559 estis?
974 3527 999 3553 ››
1015 3503 1723 3575 Moraliterprocessitliic
1743 3521 1959 3559 sermo.

306 3595 456 3650 451
493 3595 564 3648 Et
592 3593 852 3666 primum
885 3593 1127 3665 quidem
1167 3594 1408 3649 illorum
1441 3594 1693 3649 stultitia
1712 3593 1960 3649 demon-

304 3687 525 3738 stratur
554 3700 621 3738 ac
653 3683 986 3756 sapientia:
1022 3683 1162 3755 quia
1195 3684 1394 3751 tantis,
1452 3683 1665 3755 inquit,
1702 3684 1962 3755 acceptis

297 3771 472 3829 donis
512 3790 631 3828 non
678 3773 855 3832 vultis
884 3791 994 3829 nos
1026 3774 1219 3830 socios
1248 3791 1317 3830 ac
1358 3774 1679 3847 participes
1725 3774 1959 3831 efﬁcere

303 3879 507 3918 eorum
527 3880 659 3934 quas
690 3863 855 3918 vobis
886 3863 1023 3919 data
1054 3869 1212 3919 sunt.
1276 3863 1514 3930 Dolens,
1565 3863 1779 3935 inquit,
1831 3863 1958 3919 hmo

295 3949 449 4007 dico.
483 3953 587 4007 Est
631 3958 832 4008 autem
891 3969 1089 4009 sermo
1146 3953 1245 4009 hic
1284 3953 1549 4009 ironicus
1600 3970 1718 4024 quo
1773 3952 1954 4009 dicit:

302 4062 331 4090 ιι
364 4042 631 4112 Regnum
658 4041 857 4113 adepti
900 4042 1063 4109 estis,
1121 4042 1349 4097 utinam
1410 4041 1607 4113 adepti
1660 4041 1893 4108 essetis,
1930 4064 1951 4092 ι

305 4128 424 4182 ait:
459 4133 521 4183 at
547 4145 667 4183 non
698 4129 781 4185 ita
811 4135 920 4185 est.
954 4130 1181 4186 Deinde
1213 4147 1285 4185 ne
1342 4130 1565 4185 ironice
1614 4131 1834 4186 dixisse
1873 4131 1955 4185 vi-

302 4216 551 4271 deatur:
586 4233 610 4258 α
645 4223 831 4289 Atque
863 4218 1093 4274 utinam
1125 4236 1266 4273 sane
1293 4218 1491 4289 adepti
1517 4218 1665 4289 sitis,
1691 4240 1718 4270 ιι
1754 4225 1954 4275 osten-

2080 3077 2108 3110 α
2137 3054 2277 3127 ΊΙδη
2309 3054 2727 3130 {alone-(cate;
2763 3082 2792 3110 »
2822 3059 2912 3114 καὶ
2970 3059 3024 3114 ἐν
3082 3059 3303 3127 οὐδενός
3359 3063 3477 3121 ἐστε
3531 3067 3738 3143 χρείας

2074 3147 2110 3213 ἦ
2140 3145 2243 3220 γὰρ
2271 3145 2545 3222 καύχησις
2575 3143 2763 3219 δηλοῖ,
2807 3147 2890 3203 ὅτι
2950 3148 3026 3211 εἷς
3085 3150 3255 3221 αὐτὴν
3315 3151 3579 3231 ἐςθαὶσατε
3633 3159 3739 3227 τήν

2073 3230 2317 3308 κορυφήν
2349 3237 2448 3300 τῆς
2469 3231 2744 3307 γνώσεως,
2775 3233 2867 3287 καὶ
2891 3232 2952 3288 οὐ
2974 3236 3163 3311 χρείαν
3183 3234 3338 3313 ἔχετέ
3356 3259 3524 3301 τινος.
3547 3265 3574 3294 α
3602 3244 3738 3300 Χω-

2075 3319 2158 3393 ρὶς
2189 3322 2349 3391 ἡμῶν
2382 3315 2769 3377 ἐϐασιλεύσατε
2792 3344 2807 3391 ς
2849 3324 3000 3379 Κατὰ
3021 3324 3157 3394 ἦθος
3183 3327 3211 3379 ὁ
3235 3325 3403 3404 λόγος
3427 3337 3733 3403 προῆκται·

2071 3408 2177 3462 Καὶ
2208 3412 2424 3482 πρῶτον
2460 3409 2574 3481 μὲν,
2635 3410 2697 3465 τὸ
2753 3408 3108 3483 ἀσυνείδητον
3163 3415 3343 3470 αὐτῶν
3402 3415 3734 3475 ἐνδεῖκνυται

2070 3497 2244 3551 καὶτὸ
2296 3496 2542 3568 ἀνόητον.
2604 3501 2749 3567 ”Οτι,
2810 3503 2964 3573 φησί,
3007 3501 3359 3575 τηλικούτων
3414 3507 3729 3581 ἀξιωθέντες

2072 3582 2316 3661 δωρεῶν,
2351 3585 2413 3641 οὐ
2447 3586 2713 3663 βούλεσθε
2742 3591 2892 3662 ἡμᾶς
2938 3592 3238 3658 κοινωνοὺς
3299 3597 3393 3651 καὶ
3440 3596 3726 3676 εμετόχους

2068 3680 2176 3729 τῶν
2210 3673 2471 3731 δοθέντων
2503 3677 2634 3751 ὑμῖν
2664 3685 2914 3749 ποιῆσαι.
2951 3687 3008 3739 Ἀ
3022 3681 3200 3759 λγῶν,
3228 3686 3382 3761 φησί,
3432 3673 3730 3743 ταῦτα-λέ-

2068 3786 2172 3841 γω.
2207 3764 2512 3840 Εἷρωνικὸς
2543 3763 2599 3822 δὲ
2629 3768 2788 3832 οὗτος
2822 3771 2849 3825 ὁ
2875 3767 3064 3846 λόγος,
3130 3771 3213 3828 ὅτι
3273 3800 3293 3826 ι
3335 3771 3735 3832 Ἐϐασιλεόσα-

2065 3875 2144 3913 τε,
2177 3879 2206 3908 ››
2243 3852 2366 3912 ΕἷὍε
2391 3857 2516 3931 γὰρ,
2572 3858 2757 3935 φησὶν,
2792 3859 2889 3929 ἦτε
2948 3859 3389 3936 βασιλεύσαντες,
3451 3863 3578 3921 ἀλλ’
3630 3866 3734 3923 οὐκ

2066 3941 2207 4002 ἐστέ.
2240 3943 2491 3999 Εἶτα’ίνα
2525 3948 2601 4018 μή
2653 3944 2781 4022 δόξῃ
2836 3950 2970 4004 κατὰ
3027 3950 3307 4027 εἰρωνείαν
3351 3954 3586 4029 εἰρηκὼς
3638 3957 3729 4028 τὸ,

2068 4056 2095 4084 ‹‹
2128 4032 2233 4087 Καὶ
2266 4029 2464 4110 ὄφελόν
2494 4055 2557 4111 γε
2585 4029 2991 4111 ἐϐασιλεύσατε,
3026 4066 3047 4095 ι
3116 4039 3399 4112 δείκνυσιν,
3451 4043 3536 4100 ὅτι
3588 4045 3729 4125 σφό-

2067 4118 2167 4195 δρα
2197 4124 2357 4176 τοῦτο
2386 4119 2575 4190 ἤθελε.
2607 4127 2735 4187 Ηῶς
2770 4144 2784 4194 ;
2817 4124 2923 4194 ὅτι,
2956 4130 3119 4205 φησὶν
3152 4132 3186 4200 ἡ
3225 4132 3379 4205 ὑμῶν
3444 4118 3725 4209 βασιλεία,

2066 4208 2175 4284 ἐμὴ
2208 4210 2459 4281 ἦν.Δόξα
2484 4212 2589 4288 γὰρ
2646 4209 2983 4289 διδασκάλῳ,
3028 4225 3135 4273 τῶν
3201 4226 3459 4293 μαθητῶν
3516 4221 3567 4277 ἐν
3621 4224 3725 4279 πί-

301 4308 390 4363 dit
410 4306 569 4379 quod
598 4309 980 4364 vehementer
1008 4315 1258 4382 optaret.
1293 4310 1357 4365 Id
1380 4316 1578 4365 autem
1607 4310 1907 4381 quomodo
1930 4312 1959 4367 Ἰ

2078 4296 2660 4371 πτειπλουτησάντων.
2694 4303 2756 4360 Εἰ
2813 4303 3157 4381 ἐκορέσθητε,
3218 4309 3264 4363 εἰ
3320 4308 3725 4384 ἐπλουτήσατε,

296 4396 446 4460 Quia
477 4401 762 4459 vestrum,
796 4397 1014 4469 inquit,
1043 4414 1293 4471 regnum
1325 4404 1484 4454 esset
1508 4415 1732 4454 meum.
1757 4398 1954 4470 Siqui-

291 4483 428 4539 dem
464 4485 815 4557 praeceptori
846 4485 1036 4559 gloria
1062 4492 1173 4550 est,
1206 4504 1341 4543 cum
1392 4486 1672 4559 discipuli
1725 4486 1786 4542 in
1836 4487 1951 4543 {ide

296 4571 465 4628 ditati
501 4580 662 4629 sunt.
713 4575 769 4629 Si
827 4575 1076 4630 saturati
1133 4575 1296 4644 estis,
1347 4575 1394 4630 si
1449 4576 1617 4632 ditati
1678 4576 1841 4644 estis,
1901 4575 1949 4631 si

288 4678 538 4735 regnum
568 4662 769 4735 adepti
803 4663 967 4732 estis,
999 4663 1190 4737 gloria
1227 4671 1432 4721 nostra
1486 4671 1596 4733 est,
1654 4682 1790 4722 cum
1830 4680 1951 4720 una

2065 4388 2110 4444 εἰ
2142 4382 2545 4459 ἐϐασιλεύσατε,
2588 4388 2717 4462 δόξα
2775 4395 2936 4468 ἡμῶν
2993 4395 3107 4452 ἐστι
3164 4382 3724 4472 συμϐασιλευσάντων

2064 4478 2215 4551 ὑμῖν.
2247 4479 2432 4568 Ὑμεῖς
2460 4478 2570 4552 ἤδη
2606 4481 2658 4537 ἐν
2686 4484 2900 4559 Χριστῷ
2927 4486 3019 4541 καὶ
3048 4488 3358 4564 ῖιρρόνιμοι,
3409 4490 3499 4545 καὶ
3561 4491 3729 4568 ἰσχυ-

2064 4568 2170 4644 ροὶ,
2201 4568 2293 4623 καὶ
2322 4566 2550 4638 ἔνδοξοι.
2581 4575 2757 4626 Ταῦτα
2796 4573 2902 4650 γὰρ
2964 4573 3222 4651 λέγοντος
3278 4578 3558 4653 εἰρωνείας
3607 4566 3725 4637 ἐστὶ

2061 4658 2300 4732 ῥήματα.

284 4750 588 4828 vobiscum
615 4769 865 4824 regnum
896 4752 1093 4825 adepti
1127 4753 1334 4809 simus.
1370 4756 1483 4809 Vos
1506 4754 1633 4826 jam
1666 4755 1726 4809 in
1757 4754 1990 4809 Christo
2024 4754 2083 4805 et
2108 4747 2434 4820 prudentes
2464 4751 2607 4805 estis
2635 4756 2695 4806 et
2722 4750 2906 4809 fortes
2939 4771 3006 4810 ac
3035 4757 3329 4828 praeclari.
3375 4761 3519 4816 Nam
3578 4761 3715 4819 haec

286 4826 509 4894 ironice
536 4839 840 4911 loquentis
870 4840 1049 4897 verba
1076 4847 1234 4898 sunt.

354 4975 382 5003 «
418 4954 510 5021 IV,
542 4957 691 5011 9-11.
755 4958 955 5013 Videre
1013 4958 1205 5014 videor
1261 4963 1402 5014 enim
1460 4959 1608 5029 quod
1654 4962 1795 5014 Deus
1848 4974 1946 5013 nos

284 5042 560 5111 apostolos
578 5050 881 5112 postremos
911 5046 1243 5116 designavit,
1277 5053 1541 5116 tanquam
1570 5048 1736 5102 morti
1773 5046 1944 5102 desti-

282 5136 438 5184 natos
469 5145 481 5184 :
514 5134 781 5199 quoniam
811 5134 1186 5203 spectaculum
1230 5138 1373 5205 facti
1420 5151 1604 5191 sumus
1646 5135 1852 5190 mundo
1894 5142 1945 5190 et

281 5215 495 5284 angelis
524 5233 588 5271 ac
619 5219 956 5277 hominibus.
1019 5224 1122 5278 Nos
1170 5223 1326 5277 stulti
1362 5230 1596 5294 propter
1646 5221 1938 5290 Christum,

283 5319 377 5359 vos
408 5310 589 5359 autem
609 5309 912 5377 prudentes
965 5309 1022 5363 in
1054 5311 1303 5371 Christo:
1350 5328 1448 5367 nos
1495 5310 1806 5380 imbecilles,
1851 5328 1942 5367 vos

280 5399 466 5448 autem
495 5396 710 5462 validi;
739 5414 830 5454 vos
861 5399 1153 5469 praeclari,
1206 5417 1304 5458 nos
1351 5407 1539 5456 autem
1595 5401 1822 5470 inglorii
1868 5403 1942 5457 ad

277 5481 379 5539 hoc
409 5498 580 5556 usque
613 5491 844 5557 tempus.

350 5572 678 5644 Mmrentis,
711 5576 831 5632 imo
863 5575 1063 5649 potius
1099 5576 1157 5631 in
1210 5577 1489 5633 ruborem
1538 5580 1938 5636 convertentis

347 5698 415 5734 ’θ’
450 5700 624 5757 Marc.
662 5719 740 5769 IX,
777 5705 863 5757 34.

2124 4957 2280 5008 Δοκῶ
2319 4952 2444 5028 γὰρ,
2511 4953 2598 5009 ’ὁτι
2658 4956 2686 5011 ὁ
2755 4959 2883 5021 Θεὸς
2950 4962 3100 5034 ἡμᾶς
3165 4965 3294 5027 τοὺς
3369 4964 3722 5032 ἀποστόλους

2052 5039 2316 5117 ἐσχάτους
2406 5038 2679 5113 ἀπέδειξεν
2775 5068 2849 5109 ως
2928 5049 3333 5116 ἐπιθανατίους.
3401 5057 3518 5110 Ὃτι
3585 5053 3710 5119 05.0:-

2052 5128 2596 5222 ἐρον-ἐγενήθημεν
2669 5139 2749 5207 τῷ
2824 5136 3041 5213 κόσμῳ,
3115 5142 3208 5197 καὶ
3285 5143 3543 5222 ἀγγέλοις
3614 5146 3713 5201 καὶ

2051 5218 2385 5308 ἀνθρώποις,
2461 5220 2656 5294 Ἡμεῖς
2734 5229 2916 5301 μωροὶ
2993 5227 3081 5284 διὰ
3159 5218 3414 5308 Χριστὸν9
3457 5235 3613 5307 ὑμεῖς
3652 5230 3719 5293 δὲ

2051 5311 2313 5387 φρόνιμοι
2372 5307 2424 5364 ἐν
2480 5311 2716 5386 Χριστῷ.
2788 5318 2979 5390 Ἡμεῖς
3058 5320 3322 5392 ἀσθενεῖς,
3412 5323 3569 5396 ὑμεῖς
3656 5320 3723 5389 δὲ

2053 5398 2292 5489 ίσχυροί.
2332 5399 2512 5473 Ὑμεῖς
2550 5395 2785 5476 ἔνδοξοι,
2825 5409 2991 5480 ἡμεῖς
3035 5406 3092 5465 δὲ
3142 5408 3355 5485 ἄτιμοι,
3418 5395 3551 5489 ἄχρι
3612 5414 3719 5483 τῆς

2048 5485 2171 5563 ὄίρτι
2201 5484 2372 5565 ὣιρας.

2122 5577 2503 5649 Λυπουμένου,
2541 5579 2756 5654 μᾶλλον
2791 5581 2849 5640 δὲ
2880 5585 3233 5664 ἐντρέποντος
3273 5591 3363 5645 καὶ
3404 5593 3720 5671 καταισχύ-
