4122 6374
391 403 514 463 689

1357 391 1769 454 COMMENT.
1815 391 1891 453 ΙΝ
1937 392 2186 455 ΕΡΙΞῬ.
2237 396 2257 455 l
2301 398 2407 457 AD
2452 397 2820 460 CORINTH.

3699 399 3819 460 690

387 550 572 591 νοντος
606 527 834 607 ῥήματα
864 524 1028 602 λέγει.
1064 525 1155 587 Ὠς
1211 523 1315 600 γὰρ
1373 524 1507 597 δρῶ,
1562 522 1718 602 φησί,
1767 522 1857 578 καὶ
1890 522 1938 593 ἐξ
1971 524 2044 577 ὧν

2165 544 2233 582 ac
2265 529 2695 601 pudefacientis
2725 532 2903 588 verba
2930 532 3213 604 loquitur.
3231 534 3374 589 Nam
3405 536 3472 588 ut
3499 531 3691 600 video,
3723 532 3819 587 in—

388 628 548 699 ὑμεῖς
581 624 816 682 ποιεῖτε,
866 619 1033 690 ἡμεῖς
1092 616 1144 669 oi.
1201 610 1532 680 ἀπόστολοι,
1586 607 1811 688 ἔσχατοι
1841 616 2055 669 πάντων

386 698 538 787 παρά
596 712 736 766 Θεοῦ
788 703 1215 780 ἀπεδείχθημεν,
1276 702 1350 764 ὡς
1423 698 1707 757 κατάδικοί
1763 722 1905 764 τινες
1963 702 2053 757 καὶ

384 799 750 865 ἑπιθανάτιοι,
782 795 1085 860 τουτέστιν,
1143 792 1223 854 είς
1279 791 1342 846 τὸ
1393 790 1710 865 φονεύεσθαι
1751 796 1912 845 πᾶσιν
1955 790 2051 845 εύ-

388 893 597 968 χερεῖς.
628 888 822 960 Ἡμεῖς
883 884 979 956 μὶν
1039 880 1133 937 οῦν
1191 880 1270 942 εἷς
1327 880 1389 935 τὸ
1442 879 1675 955 πάσχειν
1702 884 1887 943 κανῶς
1914 900 2055 955 προ-

380 965 632 1054 κείμεθα,
688 977 847 1048 ὑμεῖς
908 969 967 1028 δὲ
1021 968 1132 1042 ἤδη
1191 965 1596 1026 ἐϐασιλεύσατε.
1653 969 1738 1039 Ἐξ
1798 969 1873 1023 ὧν
1924 969 2050 1046 γὰρ,

2161 618 2309 687 quit,
2334 635 2405 674 ex
2435 619 2528 675 his
2569 620 2745 677 etiam
2777 638 2909 692 qum
2940 639 3040 676 vos
3070 621 3263 695 agitis,
3289 639 3399 677 nos
3430 620 3682 693 apostoli
3714 638 3820 677 no-

2159 706 2385 764 vissimi
2429 710 2698 765 omnium
2729 727 2765 766 a
2795 711 2913 765 Deo
2946 710 3235 782 designati
3269 728 3495 776 sumus,
3531 715 3816 781 tanquam

2159 797 2359 852 nescio
2392 799 2513 868 qui,
2537 799 2919 855 condemnati
2948 815 3016 854 ac
3040 798 3217 854 morti
3246 799 3673 855 destinatiiloc
3704 805 3816 869 est,

2158 889 2225 940 ut
2252 885 2424 942 facile
2455 887 2527 943 ab
2559 887 2838 943 omnibus
2871 887 3235 945 occidamur.
3270 889 3573 958 Siquidem
3615 906 3723 944 nos
3753 894 3821 944 ut

2160 975 2332 1030 malis
2389 976 2724 1032 afﬁciamur
2780 978 3157 1049 exponimur,
3188 995 3289 1033 vos
3323 984 3522 1033 autem
3570 996 3819 1052 regnum

384 1070 571 1151 φησὶν,
605 1068 763 1141 ὑμεῖς
820 1059 1208 1119 ἐϐασιλεύσατε
1266 1058 1409 1115 οὕτω
1464 1059 1704 1133 ταχέως,
1737 1058 1812 1119 ὡς
1842 1058 2046 1131 νομίζω

2156 1064 2279 1136 jam
2310 1065 2509 1137 adepti
2540 1067 2701 1122 estis.
2742 1069 2825 1122 Ex
2857 1084 2926 1122 eo
2959 1067 3124 1122 enim
3158 1066 3317 1138 quod
3348 1084 3447 1121 vos
3478 1066 3624 1122 adeo
3656 1067 3819 1123 brevi

384 1142 569 1233 (τοῦτο
600 1154 754 1233 λέγει
782 1154 868 1222 τὸ,
915 1156 1114 1222 Δοκῶ),
1174 1151 1339 1223 ἡμεῖς
1397 1148 1736 1225 γινώσκομεν
1770 1146 1852 1202 ὅτι
1884 1142 2055 1223 ἔσχα-

384 1269 471 1305 τοι
525 1247 589 1303 τὸ
644 1249 831 1304 κακῶς
884 1242 1119 1319 πάσχειν
1180 1238 1637 1312 κατακεκρίμεθα.
1701 1236 1933 1292 Δυνατὸν
1994 1233 2052 1291 δὲ

385 1336 485 1391 καὶ
513 1335 651 1390 κατά
678 1332 985 1407 ἀπόφανσιν
1028 1318 1137 1382 καὶ
1197 1326 1248 1399 ἐξ
1308 1324 1516 1386 εὐθείας
1547 1318 1735 1379 λαϐεῖν
1767 1322 1830 1379 τὸ
1862 1322 2049 1397 ῥητόν.

383 1428 542 1481 Δοκῶ
573 1423 703 1499 γὰρ,
735 1419 925 1492 φησίν,
967 1416 1049 1473 ὅτι
1110 1418 1260 1488 ἡμᾶς
1310 1412 1440 1476 τοὺς
1494 1412 1854 1483 ἀποστόλους,
1887 1411 2053 1491 ἐσχά-

379 1531 513 1573 τους
556 1512 803 1583 κήρυκας
856 1506 949 1562 καὶ
1009 1500 1378 1565 διδασκάλους
1436 1502 1594 1575 ὑμῶν
1652 1501 2049 1576 προεστήσατο,

389 1603 513 1677 μεθ’
542 1601 637 1661 οὒς
668 1597 770 1654 ούκ
819 1594 880 1651 ἄν
910 1614 995 1657 τις
1054 1590 1264 1656 ἃλλους
1323 1589 1639 1669 ἀλλαχόθεν
1666 1590 1827 1677 ποθὲν
1855 1588 2054 1669 ἀναφα-

381 1690 562 1753 νέντας
622 1687 833 1766 ὀφείλει
892 1680 1315 1758 προσδέχεσθαι.
1369 1681 1448 1738 Οὐ
1480 1681 1588 1756 γὰρ
1617 1679 1678 1735 ἃν
1713 1676 1934 1745 εἴποιεν,
1968 1677 2052 1734 δτι

382 1781 479 1838 καὶ
537 1779 692 1836 αὐτοὶ
753 1777 860 1832 ἀπὸ
918 1776 1162 1851 Χριστοῦ
1235 1769 1640 1841 ἀπεστάλησαν.
1701 1769 1892 1841 Ἢμεῖς
1948 1769 2051 1845 γὰρ

2157 1168 2405 1226 regnum
2436 1154 2635 1226 adepti
2668 1156 2831 1224 estis,
2860 1172 2992 1225 nos,
3017 1161 3084 1211 ut
3112 1155 3372 1211 arbitror
3402 1155 3564 1227 (nam
3592 1156 3702 1211 hoc
3735 1161 3823 1210 est

2158 1243 2317 1313 quod
2347 1244 2638 1316 praemisit
2695 1266 2723 1295 ‹‹
2756 1243 2967 1300 Videre
3028 1244 3236 1301 videor
3266 1266 3294 1294 »
3328 1245 3345 1317 )
3408 1245 3819 1318 cognoscimus

2157 1331 2315 1402 quod
2346 1332 2652 1388 novissimi
2711 1334 3187 1388 condemnamur
3217 1338 3284 1389 ut
3313 1333 3471 1389 mala
3499 1333 3817 1405 patiamur.

2156 1421 2356 1476 Potest
2377 1438 2611 1493 quoque
2635 1421 2986 1477 affirmative
3008 1426 3288 1493 rectaque
3312 1423 3609 1477 sententia
3629 1422 3818 1494 accipi

2158 1511 2319 1582 quod
2352 1511 2579 1567 dictum
2605 1516 2713 1567 est.
2749 1510 2960 1567 Videre
2986 1510 3211 1579 videor,
3236 1511 3454 1582 inquit,
3479 1509 3640 1583 quod
3663 1513 3819 1566 Deus

2159 1617 2267 1655 nos
2297 1600 2619 1671 apostolos,
2643 1605 2975 1672 postremos
2996 1600 3418 1673 prmdicatores
3440 1617 3509 1656 ac
3541 1600 3817 1656 doctores

2157 1694 2385 1745 vestros
2415 1690 2745 1758 constituit,
2780 1695 2916 1762 post
2966 1707 3115 1761 quos
3168 1707 3345 1745 nemo
3376 1706 3640 1761 unquam
3670 1689 3820 1746 alios

2160 1779 2402 1835 aliunde
2434 1785 2791 1852 apparentes
2813 1780 3058 1836 deberet
3086 1780 3410 1852 suscipere.
3433 1781 3823 1851 Nequaquam

386 1869 548 1945 ἐσμεν
626 1868 683 1922 οὶ
760 1864 1096 1929 ἐπιθανάτιοι
1197 1858 1612 1920 ἀποσταλέντες.
1688 1857 1766 1916 Τὸ
1841 1853 1920 1926 δὲ,
1999 1856 2046 1911 οἱ

2163 1867 2323 1923 enim
2355 1867 2552 1924 dicere
2583 1873 2833 1940 possent
2862 1868 3019 1939 quod
3052 1868 3164 1940 ipsi
3187 1884 3424 1939 quoque
3448 1884 3482 1924 a
3505 1869 3622 1924 Deo
3656 1867 3822 1923 missi

384 1956 745 2025 ἐπιθανάτιοι,
806 1952 983 2030 διχῶς
1040 1950 1100 2006 ἃν
1154 1949 1401 2021 νοηθείη,
1459 1947 1495 2017 ἢ
1554 1948 1642 2004 ’ὁτι
1696 1947 1787 2002 καὶ
1837 1946 1890 2001 οῖ
1927 1948 2046 2001 κατ’

379 2046 548 2104 αὐτὸν
605 2047 697 2102 τὸν
754 2046 981 2102 θάνατον
1028 2042 1362 2115 κυρωθέντες
1421 2040 1556 2095 εἶναι
1620 2038 1880 2112 μαθηταὶ,
1918 2058 2046 2091 συν-

378 2137 595 2193 τάττων
625 2136 717 2191 καὶ
774 2133 961 2190 ἑαυτὸν
1020 2136 1142 2195 τοῖς
1194 2128 1394 2192 ἄλλοις
1452 2130 1743 2202 μαθηταῖς,
1787 2126 1880 2182 καὶ
1936 2126 2044 2181 ἀπὸ

375 2232 492 2283 τῶν
547 2223 818 2282 πλειόνων
880 2221 1026 2278 οὕτω
1076 2221 1282 2282 πάντας
1342 2216 1644 2290 ὂνομάζων·
1676 2213 1714 2284 ἤ
1748 2235 2045 2293 μεταφορι-

378 2319 497 2375 κῶς
552 2313 637 2383 τὸ,
696 2311 1055 2377 ἔπιθανάτιοι,
1115 2310 1234 2364 οἷον
1291 2308 1344 2362 o't
1405 2300 1641 2382 βέϐαιοι,
1675 2305 1727 2359 οἱ
1758 2302 2042 2375 ἀληθινοὶ,

385 2405 510 2479 μεθ’
541 2405 636 2466 οὕς
668 2401 768 2458 οὐκ
822 2400 958 2457 εἰσὶν
1016 2398 1208 2466 ἄλλοι,
1266 2396 1373 2452 ἀπὸ
1399 2400 1507 2451 τῶν
1537 2392 1891 2459 ἐπιθανατίων
1922 2390 2042 2448 δια-

382 2495 591 2563 θηκῶν.
654 2493 826 2549 Αὗται
881 2491 983 2565 γὰρ
1044 2487 1148 2544 είσι
1208 2480 1422 2562 βέϐαιοι
1478 2485 1569 2539 καὶ
1628 2483 2041 2558 ἀμετακίνητοι.

382 2581 457 2641 Α⁹ί
486 2604 544 2639 τε
569 2582 671 2658 γὰρ
715 2581 823 2655 πρὸ
853 2579 1054 2647 αὐτῶν,
1112 2581 1412 2645 κινοῦνται,
1471 2576 1563 2631 καὶ
1619 2575 1676 2629 αῖ
1733 2574 1847 2646 μετ’
1873 2572 2040 2635 αὐτὰς

382 2671 466 2747 δὲ,
498 2670 735 2728 πλασταί
767 2671 856 2726 καὶ
889 2664 1187 2739 ἀκίϐδηλοι
1235 2667 1326 2722 καὶ
1384 2661 1697 2735 ἀπόϐλητοι
1725 2663 1880 2736 νόμῳ
1907 2684 2040 2740 τυγ-

384 2765 642 2843 χάνουσι.
676 2761 780 2818 Καὶ
808 2759 871 2815 τὸ
903 2762 1058 2813 Δοκῶ
1099 2753 1178 2827 δὲ,
1238 2756 1299 2811 ού
1354 2753 1680 2843 δισταγμοῦ,
1713 2750 1842 2809 αλλ’
1859 2750 2040 2843 Δῆθους

380 2838 526 2909 ἐστὶν
556 2848 905 2928 ἐμφαντικόν.
958 2847 1098 2903 Εἶτα
1155 2845 1246 2899 καὶ
1302 2844 1467 2907 πόθεν
1514 2839 1709 2910 δῆλον,
1742 2840 1927 2928 φησὶν,
1956 2838 2039 2895 ὅτι

380 2936 612 3017 ἔσχατοι
642 2925 760 2994 ⁷καὶ
815 2934 1150 3001 τελευταῖοι,
1205 2933 1295 2989 καὶ
1353 2937 1470 3007 μεθ’
1519 2932 1614 2995 οῦς
1641 2930 1741 2985 ούκ
1770 2925 1912 2985 ἔστιν
1941 2928 2039 2985 ἄλ·

378 3028 518 3092 λους
542 3025 690 3082 ἃλλα
717 3024 1093 3100 κηρύσσοντας
1120 3018 1521 3100 ἀποδειχθῆναι
1546 3038 1560 3090 ;
1601 3040 1624 3070 ι
1657 3020 1890 3092 Θέατρον
1922 3017 2037 3093 ἐγε-

377 3119 629 3189 νήθημεν
659 3119 742 3187 τῷ
769 3114 985 3186 κόσμῳ,
1019 3134 1048 3163 ››
1074 3111 1259 3189 φησίν.
1316 3110 1378 3167 ὐ
1426 3108 1637 3181 κόσμος
1667 3108 1849 3173 αὐτὸς,
1881 3106 2036 3175 φησὶ,

375 3207 471 3263 καὶ
501 3208 539 3278 ἡ
584 3203 880 3277 οἷ’κουμένη
930 3206 1094 3257 τοῦτο
1144 3204 1425 3277 μαρτυρεῖ,
1475 3197 1566 3254 καὶ
1616 3196 1678 3253 ού
1732 3196 1895 3271 μόνον
1943 3196 2039 3252 ἅν-

381 3308 620 3370 θρωποι,
653 3291 804 3348 ἀλλά
840 3289 930 3346 καί
987 3292 1043 3346 αἱ
1100 3288 1211 3344 ἅνω
1263 3293 1371 3344 τῶν
1404 3286 1654 3363 ἀγγέλων
1686 3286 1881 3357 τάξεις.
1916 3291 2038 3347 Πῶς

380 3384 472 3442 οῦν
510 3386 712 3459 ὑμεῖςς
746 3383 822 3444 ὡς
870 3379 1118 3457 ἀρχηγοὶ
1166 3385 1358 3448 καινῆς
1405 3375 1758 3439 διδασκαλίας
1790 3377 1881 3432 καὶ
1911 3379 2044 3431 καθ-

382 3474 589 3550 ηγηταί
621 3472 917 3552 φυσιοῦσθε
964 3468 1057 3524 καὶ
1116 3466 1439 3543 ἐπαίρεσθες
1499 3465 1564 3524 Εἴ
1595 3467 1687 3539 μὲν
1721 3466 1825 3542 γὰρ
1856 3463 1889 3520 ἃ
1918 3465 2045 3539 παρ’

381 3565 543 3639 ἡμῶν
600 3559 1006 3637 παρειλήφατε,
1087 3553 1389 3625 διδάσκετε,
1468 3553 1705 3629 μαθηταί
1761 3552 1898 3622 ἐστε,
1954 3553 2045 3609 καὶ

388 3638 561 3724 μάτην
591 3649 955 3730 ἐφυσιώθητε.
999 3646 1064 3703 Εἰ
1117 3643 1177 3701 δὶ
1234 3645 1407 3720 ἑτέρῳ
1436 3645 1565 3718 παρ’
1592 3642 1625 3698 ἃ
1650 3642 2044 3720 παρειλήφατε,

404 3738 680 3815 γινώσκετε
730 3737 816 3794 ὅτι
864 3739 1031 3810 ἡμεῖς
1081 3735 1242 3810 ἒσμεν
1290 3732 1384 3795 οῦς
1433 3732 1698 3808 ἐσχάτους
1736 3733 1827 3787 καὶ
1855 3731 2043 3787 τελευο

393 3827 577 3890 ταίους
623 3828 711 3883 καὶ
790 3825 1172 3890 ἐπιθανατίους
1248 3825 1276 3878 ὁ
1360 3822 1489 3884 Θεὸς
1551 3819 1811 3891 ἀπέδειξε.
1873 3821 2046 3876 Πόθεν

389 3918 482 3973 οὗν
542 3916 698 3993 ὑμεῖς
754 3912 1159 3992 παρειληφότες
1219 3909 1537 3979 Stasinus;
1596 3911 1661 3968 Ei
1718 3911 1823 3987 γὰρ
1880 3913 2047 3983 ἡμεῖς

383 4005 542 4081 ἐσμεν
599 4007 695 4068 οὕς
729 4007 758 4060 ὁ
788 4005 916 4067 Θεὸς
973 4001 1325 4065 τελευταίους
1374 3999 1465 4056 καὶ
1499 3998 1878 4064 ίπιθανατίους
1910 4000 2047 4055 ἀπσ-

387 4094 622 4160 στόλους
652 4092 918 4168 ἀπέδειξε,
951 4090 1123 4159 δῆλον
1173 4092 1256 4146 ὅτι
1316 4089 1368 4145 εἷ’
1420 4111 1474 4145 τι
1505 4089 1750 4169 χρηστὸν
1779 4086 2050 4163 παρειλή-

388 4206 521 4266 φατε
555 4186 788 4260 μάθημα
816 4185 908 4238 καὶ
963 4181 1321 4256 κατόρθωμα,
1372 4178 1433 4234 lx
1471 4180 1580 4234 τῶν
1631 4177 1914 4266 ἡμετέρων
1946 4178 2049 4266 πό-

384 4264 494 4330 νων
525 4274 620 4330 καὶ
653 4282 755 4345 τῆς
798 4268 1178 4337 διδασκαλίας,
1214 4270 1343 4343 ὑμῖν
1384 4267 1764 4343 προσγέγονεν.
1799 4265 1924 4330 Εἴθε
1953 4264 2046 4320 οὗν

384 4363 439 4420 ἐν
494 4363 712 4426 τούτοις
771 4360 1168 4431 ἐπλουτήσατε,
1228 4357 1338 4423 εἲθε
1394 4352 1800 4424 ἐϐασιλεύσατε,
1829 4355 1921 4409 ’ίνα
1957 4361 2049 4415 καὶ

384 4455 553 4527 ¹ἡμεῖς
585 4452 715 4527 ὗμιν
751 4452 803 4507 οἱ
835 4449 1121 4525 σπέρματα
1146 4454 1250 4516 τῆς
1296 4444 1626 4522 θεογνωσίας
1653 4443 1744 4499 καὶ
1775 4448 1882 4498 τῶν
1915 4442 2049 4518 ἀρε-

377 4548 491 4599 τῶν
520 4537 948 4609 καταϐαλόντες,
1010 4532 1554 4611 συμϐασιλεύσωμεν.
1607 4532 1781 4590 Ἀλλᾶ
1808 4530 2048 4600 δέδοικα,

2161 1961 2319 2011 sunt.
2347 1959 2460 2012 Nos
2488 1957 2648 2013 enim
2682 1956 2847 2012 missi
2876 1974 3083 2013 sumus
3111 1973 3147 2013 a
3178 1958 3296 2013 Deo
3329 1956 3633 2013 destinati.
3659 1956 3826 2022 Quod

2160 2051 2360 2101 autem
2393 2045 2477 2101 ait
2507 2044 2559 2098 οἷ
2591 2043 2927 2099 ἐπιθανάτιοι
2958 2045 3279 2117 dupliciter
3306 2044 3561 2118 intelligi
3591 2049 3822 2116 potest:

2157 2139 2260 2189 aut
2307 2135 2447 2205 quia
2497 2134 2651 2190 45‘!
2703 2133 2901 2189 casteri
2954 2132 3231 2205 discipuli
3282 2134 3381 2203 qui
3415 2149 3521 2188 suo
3552 2139 3821 2204 tempore

2155 2222 2412 2292 fuerant,
2434 2223 2608 2278 morti
2631 2221 2851 2278 addicti
2875 2228 3065 2290 erant,
3089 2222 3350 2294 seipsum
3376 2237 3613 2293 quoque
3640 2226 3819 2277 caste-

2157 2313 2302 2368 teris
2333 2316 2693 2367 annumerat
2748 2310 3080 2383 discipulis,
3142 2316 3201 2366 et
3251 2326 3517 2366 omnesa
3546 2309 3819 2383 pluribus

2155 2401 2529 2458 denominat.
2543 2403 2660 2456 Aut
2679 2406 2745 2456 ut
2764 2401 3171 2473 metaphorice
3193 2407 3462 2456 sumatur
3482 2397 3820 2454 ἐπιθανάτιοι

2156 2491 2313 2547 idem
2345 2491 2695 2563 significans
2753 2490 2912 2562 quod
2966 2489 3135 2557 certi,
3175 2490 3319 2555 veri,
3353 2494 3489 2562 post
3518 2506 3666 2560 quos
3694 2506 3819 2545 non

2157 2585 2297 2635 sunt
2327 2579 2428 2635 alii
2456 2596 2469 2634 :
2503 2577 3011 2650 quemadmodum
3044 2579 3224 2634 etiam
3253 2577 3534 2634 dicuntur
3562 2575 3816 2632 ἰπιθανάο

2151 2686 2265 2721 τιαι
2290 2662 2574 2734 διαθῆκαι,
2598 2666 2658 2721 id
2682 2667 2972 2733 est,tlrma
2992 2671 3416 2738 postremaque
3440 2672 3817 2723 testamenta:

2156 2773 2372 2828 nempe
2405 2772 2473 2811 eo
2506 2754 2666 2827 quod
2717 2756 2839 2811 sint
2869 2755 3308 2822 immutabilia;
3340 2772 3482 2812 nam
3514 2772 3646 2826 quas
3677 2761 3817 2811 ante

2153 2846 2260 2901 illa
2289 2850 2448 2910 sunt,
2482 2850 2811 2913 mutantur,
2835 2861 2963 2914 qua;
2991 2860 3127 2900 vero
3160 2849 3293 2917 post
3315 2845 3439 2912 illa,
3465 2845 3602 2901 ficta
3632 2862 3700 2900 ac
3732 2845 3817 2899 ir-

2151 2935 2267 2989 rita
2297 2939 2458 3001 sunt,
2492 2937 2552 2988 et
2600 2932 2729 3005 lege
2763 2932 3138 3005 rejiciuntur.
3173 2936 3396 2989 Rursus
3437 2934 3596 3005 quod
3628 2933 3813 2989 dicit:

2153 3044 2181 3073 «
2210 3023 2421 3077 Videre
2450 3022 2673 3089 videor,
2710 3043 2739 3071 ››
2772 3038 2893 3076 non
2924 3022 3317 3077 haesitationis
3349 3027 3457 3091 est,
3492 3022 3596 3077 sed
3626 3023 3812 3078 moris

2151 3109 2633 3183 signiﬁcativum.
2668 3110 2756 3164 Ad
2785 3110 2934 3176 haec,
2965 3110 3149 3178 unde,
3182 3110 3399 3181 inquit,
3427 3111 3815 3166 manifestum

2152 3206 2243 3256 est
2272 3199 2431 3271 quod
2461 3200 2745 3270 postremi
2779 3215 2846 3254 ac
2877 3199 3187 3255 novissimi
3219 3199 3508 3272 designati
3541 3200 3819 3267 simus,et

2153 3294 2287 3362 post
2316 3306 2465 3361 quos
2494 3305 2616 3344 non
2649 3289 2726 3343 sit
2755 3288 2906 3344 alios
2934 3289 3063 3344 dari
3108 3289 3530 3361 praedicatores
3553 3290 3581 3345 ?
3614 3310 3636 3339 ι
3671 3291 3819 3355 Quia

2152 3377 2557 3451 spectaculum
2602 3378 2741 3434 facti
2798 3394 3006 3434 sumus
3064 3379 3311 3446 mundo,
3342 3400 3369 3430 ι)
3404 3379 3524 3447 ait;
3556 3379 3819 3435 mundus

2151 3469 2275 3540 ipse
2309 3468 2594 3538 orbisque
2625 3474 2921 3523 terrarum
2972 3467 3085 3523 hoc
3119 3473 3391 3534 testatur,
3424 3485 3535 3524 nec
3567 3469 3676 3525 soli
3712 3469 3824 3525 ho-

2150 3558 2367 3627 mines,
2390 3556 2495 3612 sed
2518 3562 2577 3611 et
2598 3557 2842 3629 superni
2864 3557 3213 3630 angelorum
3238 3557 3816 3624 ordines.Quomodo

2150 3663 2252 3702 vos
2283 3653 2571 3717 tanquam
2597 3651 2871 3701 auctores
2916 3662 2985 3701 ac
3032 3645 3299 3719 magistri
3332 3663 3499 3702 nova;
3530 3646 3816 3702 doctrinae

2150 3733 2447 3790 inflamini
2480 3750 2549 3789 ac
2581 3732 2881 3806 erigimini
2901 3734 2930 3789 ?
2957 3735 3190 3789 Etenim
3216 3735 3265 3790 si
3289 3751 3360 3790 ea
3382 3733 3609 3791 docetis
3632 3752 3763 3806 quas
3786 3751 3821 3791 a

2152 3825 2328 3881 nobis
2361 3824 2699 3896 accepistis,
2757 3824 3038 3896 discipuli
3094 3825 3236 3879 estis
3274 3824 3615 3896 frustraque
3645 3824 3817 3881 inlla-

2154 3914 2324 3969 mini.
2361 3913 2417 3969 Si
2449 3929 2584 3968 vero
2616 3911 2736 3967 alia
2792 3912 2865 3967 ab
2924 3911 3019 3967 his
3077 3929 3210 3984 quin
3241 3913 3575 3984 accepistis,
3606 3913 3816 3969 scitote

2154 4002 2312 4075 quod
2344 4018 2452 4057 nos
2477 4001 2518 4056 ii
2549 4017 2755 4057 sumus
2786 4016 2935 4072 quos
2964 4001 3118 4056 Deus
3149 4006 3480 4072 postremos
3510 4017 3578 4056 ac
3604 4000 3815 4056 finales

2153 4099 2467 4163 certosque
2498 4091 2801 4164 apostolos
2830 4090 3181 4164 designavit,
3241 4090 3361 4147 sive
3418 4089 3815 4153 ἑπιθανατίους.

2155 4182 2321 4239 Unde
2353 4182 2534 4252 igitur
2561 4179 2878 4253 accepistis
2900 4196 2970 4235 ea
2991 4197 3124 4251 quin
3157 4179 3386 4236 docetis
3406 4180 3434 4235 ?
3461 4182 3606 4235 Nam
3630 4180 3681 4236 si
3707 4197 3818 4236 nos

2155 4289 2363 4329 sumus
2385 4288 2534 4344 quos
2556 4272 2711 4327 Deus
2731 4270 3086 4326 novissimos
3108 4287 3178 4326 ac
3198 4276 3533 4342 postremos
3556 4270 3824 4344 designa-

2154 4362 2256 4431 vit,
2271 4361 2657 4417 manifestum
2676 4366 2764 4415 est
2786 4359 2945 4432 quod
2962 4359 3011 4414 si
3034 4376 3211 4430 quam
3233 4360 3444 4415 utilem
3466 4359 3824 4433 doctrinam,

2153 4450 2456 4506 facinusve
2483 4450 2786 4522 egregium
2811 4448 3184 4520 acceperitis,
3218 4465 3253 4504 a
3272 4448 3495 4504 nostris
3517 4448 3824 4505 laboribus

2153 4556 2221 4595 ac
2252 4537 2593 4610 disciplinis
2622 4536 2787 4593 vobis
2817 4535 3358 4609 provenit.Utinam
3393 4554 3531 4610 ergo
3559 4555 3667 4610 per
3698 4538 3824 4593 haec

390 4636 470 4709 μὴ
506 4635 619 4713 οὐχ
650 4632 824 4695 οὕτως
854 4626 959 4707 ἔχῃ
991 4630 1059 4685 τὰ
1089 4626 1346 4703 ὑμέτερα.
1381 4651 1408 4677 ι(
1441 4624 1579 4686 Τοὺς
1620 4620 1986 4687 ἀποστόλους.
2020 4645 2046 4675 ›ι

2156 4626 2317 4682 litati
2357 4628 2511 4693 sitis,
2545 4625 2775 4681 utinam
2828 4641 3077 4699 regnum
3132 4625 3352 4697 adepti,
3386 4631 3451 4681 ut
3489 4632 3547 4682 et
3576 4644 3686 4682 nos
3717 4627 3821 4698 qui

385 4710 664 4801 Ἐμφασιν
694 4719 811 4798 ἔχει
843 4718 1091 4789 πολλὴν,
1119 4717 1204 4786 τὸ,
1229 4740 1258 4769 α
1281 4716 1459 4789 Ἡμᾶς
1489 4715 1618 4775 τοὺς
1646 4710 2043 4780 ἀποστόλους,-

381 4811 634 4870 τουτέστι
665 4812 791 4873 τοὺς
808 4812 1044 4865 τοσαῦτα
1066 4806 1200 4880 ὑπὲρ
1223 4807 1459 4879 Χριστοῦ
1482 4802 1840 4863 πεπονθότας.
1867 4823 1896 4851 α
1925 4803 2050 4857 *Οτι

384 4903 609 4978 θέατρον
640 4898 869 4975 ἐγενήθη
880 4918 998 4972 μεν.
1028 4920 1056 4947 ››
1081 4898 1205 4956 Πῶς
1235 4890 1312 4962 δὲ,
1346 4891 1502 4973 φησὶ,
1524 4892 1739 4965 νομίζω
1768 4890 1854 4946 ’ὁτι
1883 4884 2050 4966 ἔσχα-

383 4989 477 5047 τοί
538 4988 742 5062 ἐσμεν;
818 4988 946 5044 ’Ότι
1024 4982 1247 5059 θέατρον
1304 4984 1385 5055 τῷ
1441 4980 1637 5054 κόσμῳ
1690 4978 2049 5054 ἐγενήθημεν,

379 5078 688 5150 τουτέστιν,
717 5077 820 5132 οὐκ
876 5074 934 5130 ὲν
999 5077 1098 5147 μιᾷ
1153 5069 1326 5146 γωνίᾳ
1378 5070 1685 5148 πάσχοντες
1714 5073 1920 5140 κακῶς,
1951 5068 2051 5123 ἀλ-

386 5168 464 5227 λά
492 5171 779 5244 πανταχοῦ
821 5172 949 5244 γῆς’
1007 5162 1099 5219 καὶ
1160 5163 1317 5236 ὑμεῖς
1371 5157 1481 5231 ἤδη
1537 5158 1813 5234 βασιλείαν
1848 5158 2051 5235 ὀνειρο-

381 5257 608 5314 πολεῖτε
633 5275 647 5325 ;
673 5256 762 5326 Ἐξ
800 5255 874 5309 ὧν
913 5249 973 5308 δὶ
1018 5250 1143 5326 περὶ
1171 5255 1282 5306 τῶν
1314 5247 1641 5304 ἀποστόλων
1676 5252 1844 5304 ταῦτα
1876 5245 2050 5325 λέγει,

381 5346 623 5404 δείκνυσι
653 5347 754 5416 τὴν
784 5341 1001 5399 ἐκείνων
1048 5339 1227 5411 οἴησιν
1282 5337 1510 5412 ματαίαν
1540 5338 1628 5393 καὶ
1654 5335 1849 5412 ψευδῆ.
1883 5361 1913 5388 ‹‹
1944 5338 2048 5394 Καὶ

370 5436 719 5514 ἀγγέλοις.»
751 5436 1019 5498 Τοιαῦτα,
1079 5430 1267 5508 φησὶν,
1328 5431 1490 5514 ἡμῶν
1546 5426 1613 5484 τᾶ
1669 5424 2052 5500 παλαίσματα,

370 5513 451 5591 ὡς
481 5525 573 5581 καὶ
605 5523 913 5600 ἀγγελικῆς
946 5520 1089 5575 εἶναι
1122 5517 1357 5592 θεωρίας
1390 5513 1529 5590 ἄξια,

2157 4714 2323 4770 vobis
2354 4714 2568 4769 divina)
2600 4715 2835 4770 semina
2879 4715 3237 4788 cognitionis
3264 4731 3333 4770 ac
3363 4714 3646 4771 virtutum
3668 4715 3820 4787 jeci-

2159 4820 2315 4873 mus,
2364 4821 2484 4861 una
2533 4805 2839 4861 vobiscum
2876 4821 3217 4879 regnemus.
3254 4807 3467 4862 Verum
3506 4807 3710 4874 timeo,
3744 4822 3819 4862 ne

2158 4900 2352 4951 vestra
2380 4910 2503 4949 non
2529 4893 2614 4949 ita
2655 4911 2717 4949 se
2768 4893 3049 4950 habeant.
3083 4916 3112 4944 «
3145 4894 3480 4967 Apostolos.
3516 4917 3545 4945 ››
3577 4894 3820 4951 Multam

2160 4984 2342 5040 habet
2361 4981 2693 5055 emphasim
2714 4982 2873 5054 quod
2895 4984 3007 5038 ait:
3035 5005 3064 5034 ιι
3082 4985 3197 5039 Nos
3214 4983 3535 5057 apostolos,
3553 5011 3581 5035 »
3601 4986 3713 5043 hoc
3734 4992 3826 5042 est

2161 5071 2263 5145 qui
2296 5078 2461 5128 tanta
2490 5088 2597 5144 pro
2630 5072 2862 5126 Christo
2890 5071 3051 5144 passi
3075 5088 3303 5129 sumus.
3327 5097 3356 5124 α
3380 5075 3670 5140 Quoniam
3692 5092 3828 5148 spe-

2160 5160 2459 5218 ctaculum
2490 5160 2631 5216 facti
2662 5176 2890 5216 sumus.
2924 5181 2955 5210 η
3001 5158 3189 5226 Unde,
3223 5162 3440 5234 inquit,
3471 5163 3736 5220 adducor
3764 5169 3831 5220 ut

2161 5251 2499 5308 existimem
2551 5248 2710 5321 quod
2762 5249 3049 5322 postremi
3097 5248 3237 5305 facti
3271 5251 3506 5308 simus?
3534 5254 3826 5320 Quoniam

2164 5340 2571 5412 spectaculum
2603 5338 2814 5395 mundi
2866 5355 3111 5395 sumus:
3167 5340 3280 5395 hoc
3312 5346 3421 5407 est,
3456 5359 3576 5399 non
3610 5344 3672 5399 in
3702 5361 3823 5399 uno

2162 5428 2381 5501 angulo
2408 5428 2568 5485 mala
2599 5428 2945 5496 tolerantes,
2978 5428 3083 5483 sed
3124 5427 3347 5500 ubique
3397 5437 3730 5489 terrarum:
3763 5440 3822 5488 et

2160 5535 2263 5573 vos
2287 5519 2415 5590 jam
2440 5535 2688 5592 regnum
2721 5517 3082 5575 somniatis?
3127 5520 3416 5585 Quoniam
3460 5528 3656 5577 autem
3689 5522 3815 5577 haec

378 5617 528 5674 dicit
557 5612 629 5672 de
662 5612 971 5688 apostolis,
1008 5609 1274 5666 ostendit
1301 5607 1542 5664 illorum
1574 5607 2074 5663 existimationem
2104 5623 2315 5663 vanam
2365 5625 2518 5674 esse,
2551 5624 2620 5663 ac
2666 5608 2964 5666 fallacem.
3002 5630 3024 5657 ι
3060 5609 3130 5663 Et
3154 5609 3404 5682 angelis.
3437 5632 3467 5661 »
3499 5610 3684 5676 Talia,
3714 5610 3810 5663 in-

386 5708 538 5783 quit,
569 5710 711 5762 sunt
737 5707 946 5759 nostra
973 5698 1325 5765 certamina,
1357 5701 1425 5752 ut
1450 5699 1717 5771 angelico
1749 5698 1929 5754 etiam
1958 5697 2138 5769 digna
2166 5699 2288 5756 sint
2310 5707 2578 5772 aspectu.
