4118 6390
302 416 425 481 695

1400 417 1817 480 (ECUMENII
1862 415 2172 478 TRICCIE
2214 417 2592 480 EPISCOPI.

3607 414 3727 476 696

303 555 541 627 gniores
560 552 958 609 redderentur
982 557 1269 624 tanquam
1286 553 1412 626 ipse
1436 553 1510 609 ad
1538 570 1640 608 eos
1670 556 1954 609 venturus

2089 571 2234 625 πομαι
2266 548 2340 607 δέ.
2379 575 2406 603 ››
2441 584 2506 593 -
2556 575 2584 603 (ι
2618 550 3032 630 Ἑφυσιώθησάν
3080 570 3245 611 τινες.
3280 572 3311 601 »
3366 551 3535 606 Ἦσαν
3591 550 3728 605 κατᾶ

303 660 425 698 non
457 649 631 707 esset,
664 642 907 715 corrigit
931 644 1064 711 hoc,
1098 643 1305 698 dicens
1337 660 1350 697 :
1389 664 1413 695 ι
1468 642 1581 697 Sed
1637 641 1892 697 veniam.
1925 663 1954 692 ››

308 755 329 780 ι
365 730 560 786 Inﬂati
622 736 764 785 sunt
793 732 1055 803 quidam.
1088 753 1117 783 »
1152 734 1334 787 Erant
1386 730 1682 798 nonnulli,
1715 736 1782 785 ut
1808 729 1959 784 veri-

304 820 501 878 simile
532 826 623 875 est
651 822 754 892 qui
786 822 1015 893 seipsos
1045 825 1809 893 provexerant,arroganter
1828 834 1959 875 sese

310 913 605 982 gerentes,
637 916 739 965 aut
771 910 844 966 ob
895 911 1230 977 scientiam,
1262 916 1366 966 aut
1392 908 1466 964 ob
1497 910 1697 975 vitam,
1727 915 1830 964 aut
1883 908 1958 963 ob

304 998 475 1055 aliud
508 999 747 1071 quidvis
805 1018 1005 1057 rerum
1063 1000 1485 1073 spiritualium.
1546 1000 1770 1056 Deinde
1823 999 1962 1054 hinc

302 1087 503 1144 inanis
533 1088 725 1160 gloria
744 1106 812 1145 ac
843 1090 1073 1146 inﬂatio
1095 1090 1599 1145 subintrarat.Per
1626 1089 1960 1145 absentiam

306 1176 604 1249 siquidem
628 1178 893 1251 magistri
913 1195 1048 1234 cum
1073 1178 1277 1234 nullus
1294 1184 1451 1234 esset
1472 1178 1571 1249 qui
1603 1183 1878 1250 argueret
1892 1193 1960 1232 ac

310 1265 655 1337 corrigeret,
687 1267 1072 1323 inﬂabantur.
1103 1290 1132 1318 «
1158 1267 1270 1323 Sed
1302 1268 1555 1322 veniam.
1581 1290 1605 1319 ι
1643 1266 1809 1332 Quod
1838 1266 1957 1321 ait:

315 1377 344 1404 ς(
376 1353 626 1410 Veniam
656 1354 818 1411 brevi
850 1356 923 1413 ad
954 1372 1077 1424 vos,
1103 1378 1133 1406 ››
1166 1357 1445 1412 terrentis
1476 1362 1568 1411 est
1596 1361 1655 1410 et
1682 1371 1962 1427 pavorem

308 1444 682 1511 incutientis,
716 1447 872 1504 450
903 1447 1083 1519 idque
1115 1447 1460 1519 apparantis
1516 1451 1583 1501 ut
1611 1446 1726 1518 ipsi
1758 1444 1964 1517 vigila-

312 1539 452 1588 rent
480 1539 537 1589 et
565 1533 625 1589 in
658 1534 854 1592 ofﬁcio
886 1536 1358 1592 continerentur.
1395 1559 1415 1587 ι
1453 1537 1523 1590 Ει
1550 1549 1963 1607 cognoscam.»

311 1621 602 1677 Fortassis
625 1624 805 1679 etiam
834 1641 966 1680 sese
976 1624 1286 1696 jactabant
1316 1631 1601 1696 tanquam
1623 1622 1870 1695 perfecti
1896 1639 1965 1678 ac

314 1710 659 1781 spirituales
685 1730 698 1767 :
724 1714 829 1769 sed
855 1714 1122 1783 veniens,
1154 1714 1585 1785 inquit,potero
1609 1728 1966 1787 cognoscere

309 1814 456 1854 num
490 1799 560 1855 de
593 1801 756 1857 vobis
806 1802 952 1875 ipsis
992 1803 1354 1875 gloriemini.
1390 1802 1547 1858 Nihil
1581 1802 1739 1857 enim
1766 1801 1967 1856 meriti

311 1886 515 1957 habet,
547 1890 772 1963 absque
805 1892 1085 1964 cperibus
1113 1889 1393 1964 fgloriari,
1427 1891 1532 1946 sed
1564 1891 1611 1946 si
1643 1890 1821 1961 digna
1851 1905 1970 1944 ser-

317 1979 597 2035 monibus
624 1982 745 2036 sint
777 1998 977 2054 opera.
1011 1982 1317 2055 Siquidem
1338 1999 1460 2037 non
1492 1987 1630 2037 sunt
1648 1980 1972 2036 necessarii

319 2085 650 2139 sermones,
686 2072 789 2128 sed
820 2077 890 2127 ut
919 2089 1100 2144 Opera
1130 2072 1466 2145 spiritualia
1493 2071 1627 2143 quis
1672 2076 1968 2142 operetur.

1956 1980 1968 2006 ι
1999 1942 2049 2006 Β

3698 638 3725 661 Ἀ

2063 639 2127 693 τὸ
2186 638 2332 702 εἰκὸς
2387 639 2611 701 ἑαυτοὺς
2670 635 3058 701 έπιδεδωκὸτες
3098 684 3111 709 ,
3172 640 3208 709 ἢ
3268 640 3357 694 ἐπὶ
3408 637 3628 714 γνώσει,
3690 638 3726 709 '3",

2068 726 2157 784 ἐπὶ
2191 729 2378 805 βίῳ,ἧ
2413 729 2500 785 ἐπί
2552 750 2662 785 τινι
2715 732 2824 783 τῶν
2884 731 3265 800 πνευματικῶν
3326 725 3728 801 ἀλαζονευόμε-

2062 818 2336 877 νοι.Είτα
2379 814 2524 874 ἔνθεν
2579 814 2855 886 κενοδοξία
2911 817 3002 871 καὶ
3062 815 3327 896 φυσίωσις
3385 816 3727 890 παρυπέστη.

2065 908 2148 972 Τῆ
2188 906 2281 962 οὖν
2313 906 2547 978 ἀπουσίᾳ
2576 910 2674 962 τοῦ
2734 903 3088 975 διδασκάλου,
3146 902 3382 978 μηδενὸς
3442 901 3599 968 ὄντος
3630 911 3731 961 τοῦ

2066 996 2391 1072 ἐλέγχοντος
2449 997 2539 1052 καὶ
2614 994 3028 1072 διορθουμένου,
3101 996 3241 1066 ἦσαν
3296 991 3728 1071 πεφυσιωμένοι.

2069 1108 2099 1138 ι(
2131 1084 2462 1160 Ἐλεύσομαι
2520 1083 2598 1143 δέ.
2651 1110 2680 1138 ››
2729 1086 2821 1154 Τὸ,
2883 1110 2911 1137 ‹‹
2946 1083 3279 1157 Ἐλεύσομαι
3327 1080 3543 1160 ταχέως
3594 1086 3734 1160 πρὸς

2069 1175 2229 1247 ὑμᾶς,
2264 1199 2293 1227 ››
2351 1173 2652 1237 πτοοῦντός
2727 1172 2838 1229 ἐστι
2887 1172 2976 1229 καὶ
3057 1168 3399 1250 φοϐουμένου
3434 1216 3449 1243 ,
3502 1172 3730 1234 τούτους

2066 1265 2257 1343 νήφειν
2334 1265 2424 1319 καὶ
2508 1262 2869 1319 κατεστάλθαι
2939 1263 3448 1337 παρασκευάζοντος
3482 1306 3495 1318 .
3558 1288 3585 1316 α
3621 1249 3729 1319 Κειιἱ

2066 1354 2373 1430 γνώσομαι.
2410 1355 2628 1415 »Ἴσως
2660 1353 2753 1408 καὶ
2811 1352 3122 1426 ἐκόμπαζον
3179 1353 3256 1415 ὡς
3322 1350 3528 1407 τέλείοί
3583 1373 3727 1415 τινες

2068 1444 2160 1498 καὶ
2191 1442 2566 1517 πνευματικοί·
2605 1440 2772 1513 ἀλλὰ,
2805 1442 2994 1517 φησὶν,
3016 1440 3346 1517 ἐρχόμενος,
3379 1439 3495 1517 ἔχω
3526 1447 3733 1517 γνῶναι

2069 1530 2117 1584 εἷ
2143 1531 2268 1608 περὶ
2299 1533 2502 1587 ἑαυτῶν
2548 1531 2878 1605 κομπάζετε.
2937 1532 3116 1587 Τοῦτο
3173 1529 3274 1605 γὰρ
3307 1528 3524 1593 οὐδενὸς
3557 1528 3734 1601 ἄξιον.

2066 1625 2132 1681 τὸ
2161 1624 2464 1698 κομπάζειν
2503 1624 2668 1698 μόνον
2714 1622 2846 1700 δίχα
2901 1626 3107 1699 ἓργων,
3168 1621 3301 1679 ἀλλ’
3353 1625 3398 1679 εἷ
3453 1620 3572 1694 ἄξια
3626 1629 3735 1679 τῶν

2072 1712 2254 1788 λόγων
2281 1713 2347 1768 τὰ
2371 1710 2525 1790 ἔργα.
2566 1714 2640 1769 νύ
2671 1716 2774 1789 γάρ
2807 1713 2991 1791 λόγων
3024 1713 3208 1788 χρεία,
3254 1711 3403 1768 ἀλλὰ
3450 1717 3548 1769 τοῦ
3580 1711 3735 1789 ἔργον

2074 1807 2253 1858 ποιεῖν
2286 1803 2678 1877 πνευματικόν.
2710 1802 2787 1861 Οὐ
2821 1804 2925 1879 γάρ
2978 1800 3135 1879 λόγοι
3170 1802 3348 1877 χωρὶς
3381 1799 3557 1878 ἔργων
3617 1803 3736 1858 εἰσ-

2076 1892 2345 1969 ενέγκοιεν
2401 1891 2478 1954 εἶς
2560 1893 2658 1962 τήν
2730 1890 3008 1968 βασιλείαν
3093 1896 3201 1945 τῶν
3258 1890 3543 1966 οὐρανῶν,
3601 1892 3736 1967 ὅπερ

2082 1979 2229 2058 λέγει
2263 1982 2339 2044 εἰς
2369 1984 2467 2052 τήν
2504 1982 2781 2058 βασιλείαν
2821 1985 2917 2037 τοῦ
2971 1978 3126 2050 Θεοῦ,
3186 1980 3315 2037 ἀλλ’
3372 1979 3423 2035 ἐν
3484 1978 3734 2055 δυνάμει,

2085 2070 2360 2125 τουτέστιν
2394 2070 2446 2125 ἐν
2476 2069 2545 2146 τῇ
2574 2068 2823 2142 ἐπιδείξει
2854 2075 2963 2127 τῶν
3004 2064 3196 2146 ἔργων.

328 2159 643 2215 Sermones
690 2178 950 2234 namque
1000 2164 1129 2218 sine
1188 2162 1467 2235 operibus
1514 2162 1576 2216 in
1630 2176 1879 2232 regnum
1937 2159 2218 2217 ccelorum
2276 2179 2656 2234 nequaquam
2714 2162 3116 2218 introducent.
3167 2163 3238 2216 Et
3293 2161 3404 2217 hoc
3437 2166 3529 2218 est
3578 2162 3741 2234 quod

328 2249 413 2302 ait
443 2265 455 2302 :
492 2270 520 2298 ‹‹
552 2251 678 2306 Non
711 2252 868 2307 enim
901 2268 1009 2324 per
1038 2268 1377 2309 sermonem
1423 2256 1515 2307 est
1541 2266 1791 2323 regnum
1817 2250 1941 2319 Dei,
1976 2250 2079 2305 sed
2104 2267 2213 2323 per
2243 2252 2543 2321 virtutem,
2578 2276 2607 2304 ››
2638 2252 2699 2309 id
2731 2257 2841 2320 est,
2867 2269 2976 2324 per
3006 2267 3253 2323 operum
3285 2252 3744 2308 demonstratio-

326 2351 487 2393 nem.

985 2432 1215 2486 CAPUT
1262 2432 1311 2485 ΙΙ

325 2533 599 2589 Adversus
628 2541 821 2605 stupra
859 2543 915 2591 et
944 2540 1316 2593 scortationes
1346 2554 1412 2593 ac
1442 2554 1528 2593 eos
1557 2536 1658 2607 qui
1714 2553 1837 2591 cum
1897 2536 1982 2590 his

963 2611 1335 2679 participant.

397 2730 488 2797 IV,
513 2735 601 2788 21.
628 2764 692 2775 -
712 2735 778 2801 V,
814 2737 864 2801 1,
896 2736 948 2789 2.
980 2757 1007 2785 υ
1036 2735 1186 2801 Quid
1211 2735 1387 2790 vultis
1404 2734 1433 2790 ?
1456 2751 1601 2790 num
1620 2740 1837 2789 utcum
1861 2733 1982 2787 vir-

331 2847 359 2874 ‹‹
392 2840 465 2896 ga
495 2823 726 2880 veniam
761 2823 836 2879 ad
867 2842 966 2880 vos
992 2840 1069 2879 an
1095 2842 1230 2881 cum
1257 2824 1547 2880 charitate
1569 2829 1628 2879 et
1657 2822 1870 2895 spiritu
1901 2820 1981 2875 le—

332 2936 360 2963 «
396 2914 603 2969 nitatis
632 2914 660 2970 ?
689 2914 943 2970 Omnino
961 2914 1203 2970 auditur
1233 2915 1392 2969 inter
1406 2931 1509 2969 vos
1541 2918 1978 2984 stuprum,qua—

333 3025 361 3052 «
394 3002 451 3057 le
476 3020 588 3059 nec
637 3004 796 3059 inter
822 3009 1028 3077 gentes
1059 3004 1441 3060 nominatur:
1474 3010 1541 3059 ut
1570 3003 1747 3059 etiam
1797 3001 1981 3073 patris

2726 2433 2989 2486 ΚΕΦΑΛ.
3033 2429 3107 2487 8⁸.

2674 2536 2764 2593 καὶ
2818 2538 3099 2611 πορνείας,
3153 2535 3246 2592 καὶ
3302 2540 3411 2590 τῶν
3464 2535 3683 2600 τούτοις

2159 2534 2306 2590 Κατὰ
2360 2540 2578 2612 πορνῶν

2696 2630 2761 2664 κο
2774 2631 2817 2663 ιν
2825 2609 3029 2665 ωνὸύντ
3037 2630 3109 2663 ων
3121 2653 3135 2667 .

2160 2737 2230 2796 Τί
2280 2738 2511 2813 θέλετε;
2595 2741 2648 2798 ἐν
2701 2738 2888 2818 ῥάϐδῳ
2973 2737 3119 2808 ἔλθω
3200 2743 3338 2817 πρὸς
3399 2742 3541 2814 ὑμᾶς
3599 2741 3633 2811 ἢ
3695 2740 3748 2796 ἐν

2092 2825 2279 2903 ἀγάπῃ
2358 2822 2651 2905 ’πνεύματί
2724 2853 2785 2888 τε
2856 2831 3215 2907 πραότητοςς
3290 2830 3478 2893 Ὀλως
3585 2829 3742 2885 ἀκού-

2092 2928 2209 2964 εται
2265 2909 2318 2965 ἐν
2381 2914 2507 2986 ὑμῖν
2565 2915 2829 2990 πορνεία,
2884 2916 2974 2970 καὶ
3040 2913 3270 2985 τοιαύτη
3341 2912 3568 2989 πορνεία
3623 2916 3751 2983 ἣτις

2093 2996 2211 3053 οἳκκ
2278 2998 2301 3054 ἒ
2481 3008 2505 3018 ,ο
2637 3000 2643 3011 ¹
3065 3004 3075 3021 ο
3347 3000 3372 3022 υ
3663 3008 3683 3018 ν,
3737 3003 3747 3016 ρ

2126 3016 2222 3053 υοε
2305 3024 2331 3054 ν
2413 3023 2531 3066 τοις
2618 3001 2820 3060 ἔθνεσιν
2904 3003 3253 3077 ὀνομαζεται,
3335 3023 3477 3057 ωστε
3525 3023 3753 3078 γυναικα

336 3116 365 3143 «
395 3109 644 3148 uxorem
676 3094 811 3165 quis
843 3093 1079 3149 habeat.
1112 3096 1182 3149 Et
1211 3111 1311 3149 vos
1344 3093 1533 3149 inﬂati
1568 3093 1710 3148 estis
1742 3107 1809 3147 ac
1857 3106 1978 3146 non

2089 3109 2197 3144 τινα
2257 3094 2355 3146 τοῦ
2412 3093 2621 3167 πατρὸς
2678 3091 2852 3169 ἔχειν.
2914 3094 3021 3151 Καὶ
3106 3093 3264 3167 ὑμεῖς
3348 3092 3752 3168 πεφυσιωμένοι

339 3201 363 3233 α
401 3182 586 3255 magis
617 3182 872 3247 luxistis,
907 3189 972 3237 ut
1016 3181 1328 3238 tolleretur
1384 3181 1456 3237 de
1494 3179 1692 3237 medio
1719 3185 1980 3236 vestrum

340 3299 361 3326 ι
399 3276 500 3347 qui
531 3275 761 3331 facinus
792 3277 903 3331 hoc
933 3276 1311 3348 perpetravit.
1348 3299 1377 3327 ››

406 3367 551 3420 Nam
578 3366 639 3419 in
671 3366 1108 3437 vestra,inquit,
1132 3366 1313 3421 situm
1336 3369 1426 3421 est
1447 3370 1739 3436 potestate
1763 3370 1828 3419 ut
1858 3366 1984 3419 haec

337 3451 600 3506 faciatis:
633 3457 736 3507 aut
762 3458 830 3506 ut
858 3468 1069 3523 segnes
1100 3453 1293 3508 effecti
1318 3469 1411 3507 me
1444 3451 1518 3506 ad
1549 3452 1700 3507 iram
1732 3458 1790 3506 et
1814 3452 1987 3507 ultio-

337 3555 476 3593 nem
508 3540 859 3610 provocetis,
892 3539 1395 3611 quemadmodum
1427 3542 1667 3595 Petrum
1700 3541 1982 3604 Ananias,

338 3634 396 3684 et
427 3628 722 3700 meipsum
754 3629 1009 3685 Elimas:
1031 3634 1132 3685 aut
1154 3629 1745 3703 utstudioseagentes
1776 3629 1984 3702 etvigi-

337 3717 531 3772 lantes
562 3718 637 3773 ad
676 3718 1027 3773 charitatem
1052 3735 1119 3775 ac
1178 3719 1487 3775 lenitatem
1550 3736 1644 3774 me
1695 3718 1984 3775 excitetis.

340 3828 368 3857 ‹‹
402 3807 546 3862 Cum
571 3807 784 3879 spiritu
813 3807 1100 3864 lenitatis.
1136 3830 1163 3858 »
1190 3810 1393 3863 Potest
1441 3808 1602 3863 enim
1636 3813 1693 3863 et
1742 3807 1987 3880 spiritus

341 3912 470 3951 esse
502 3897 869 3951 austeritatis
899 3914 965 3952 ac
997 3897 1267 3953 ultionis.
1296 3920 1323 3947 ‹‹
1359 3897 1614 3952 Auditur
1643 3898 1799 3953 inter
1827 3915 1985 3954 vos.»

338 3986 728 4041 Communem
741 3986 881 4042 facit
899 3986 1177 4042 omnibus
1192 3986 1632 4041 accusationem
1658 4003 1669 4041 :
1687 4003 1761 4041 ne
1775 4003 1988 4058 segnes

338 4073 665 4129 reddantur
692 4080 977 4147 tanquam
1009 4076 1190 4131 alieni
1221 4092 1256 4131 a
1282 4075 1520 4130 delicto.
1556 4098 1584 4124 «
1615 4077 1775 4131 Inter
1803 4093 1923 4130 vos.
1960 4099 1988 4127 ι)

339 4163 440 4232 qui
471 4161 678 4218 ﬂdeles
711 4164 872 4233 estis,
897 4169 1178 4235 tantaque
1200 4164 1512 4235 accepistis
1534 4164 1841 4220 beneficia.
1876 4167 1992 4223 Nec

340 4252 485 4307 dicit
518 4270 531 4307 :
560 4253 888 4323 Peragitur,
909 4253 1012 4309 sed
1043 4271 1113 4308 ex
1146 4253 1475 4309 abundanti
1508 4256 1837 4321 cautione;
1872 4258 1993 4311 Au-

341 4342 520 4397 ditur.
550 4364 576 4390 »
607 4374 675 4383 —
707 4365 735 4391 ‹‹
764 4344 879 4397 Nec
922 4343 1079 4397 inter
1108 4349 1332 4413 gentes.
1371 4367 1398 4393 »
1430 4347 1472 4398 A
1505 4343 1847 4416 gentilibus.
1881 4345 1993 4400 hoc

2088 3175 2227 3246 ἐστὶ,
2271 3179 2364 3235 καὶ
2424 3180 2559 3257 οὐχὶ
2622 3182 2835 3255 μᾶλλον
2893 3182 3248 3253 ἐπενθήσατε,
3303 3179 3397 3236 ’ίνα
3445 3180 3641 3257 ἐξαρθῇ
3697 3179 3756 3235 ἐκ

2094 3267 2261 3338 μέσου
2296 3269 2446 3342 ὑμῶν
2477 3271 2505 3325 ὀ
2530 3272 2593 3326 τὸ
2624 3267 2781 3347 ἔργον
2813 3276 2976 3328 τοῦτο
3007 3273 3267 3341 ποιήσαςο

2160 3356 2343 3429 Ὑμεῖς
2400 3359 2527 3434 γάρ,
2590 3361 2749 3439 φησὶ,
2802 3361 3010 3417 τούτων
3074 3358 3257 3436 κύριοί
3309 3357 3447 3426 ἐστε,
3503 3361 3537 3429 ἢ
3599 3357 3754 3432 ρᾳθυ-

2095 3449 2318 3517 μοῦντες
2352 3447 2427 3510 εἰς
2461 3449 2633 3525 ὀργήν
2668 3471 2735 3524 με
2793 3450 2882 3506 καὶ
2940 3448 3211 3526 τιμωρίαν
3270 3448 3494 3525 ἐγεῖραι,
3553 3448 3627 3507 ὡς
3655 3447 3747 3500 τὸν

2090 3534 2289 3610 πέτρον
2351 3538 2378 3591 ὁ
2435 3538 2685 3603 Ἀνανίας
2718 3584 2731 3608 ,
2792 3538 2884 3595 καὶ
2938 3538 3036 3613 ἐμὲ
3084 3538 3248 3594 αὐτὸν
3307 3539 3333 3592 ὁ
3390 3535 3654 3609 Ἐλύμας,
3710 3535 3747 3603 ἢ

2093 3623 2488 3697 σπουδάζοντες
2518 3631 2608 3685 καὶ
2640 3633 2929 3707 νήφοντες,
2963 3631 3040 3693 εἷς
3088 3630 3323 3707 ἀγάπην.
3384 3653 3411 3682 ‹‹
3446 3630 3531 3683 Ἐν
3591 3627 3753 3683 πνεύ-

2096 3719 2585 3792 ματιπραότητος.
2622 3743 2649 3771 ››
2700 3721 2820 3776 Ἐνι
2875 3721 2979 3797 γὰρ
3031 3721 3120 3775 καὶ
3180 3724 3393 3792 πνεῦμα
3452 3716 3755 3792 αὐστηρίας

2091 3803 2182 3858 καὶ
2233 3806 2524 3879 τιμωρίας.
2574 3832 2602 3859 ((
2637 3808 2923 3866 ’Δκούεται
2983 3808 3034 3863 ἐν
3099 3808 3250 3880 ὑμῖν.
3285 3830 3314 3861 »
3367 3807 3561 3864 Κοινὸν
3622 3806 3760 3860 πάν-

2092 3913 2199 3947 των
2233 3900 2383 3950 ποιεῖ
2409 3895 2473 3950 τὸ
2502 3892 2759 3970 ἔγκλημισ
2790 3894 2886 3953 ’ἕνα
2946 3897 3022 3970 μὴ
3059 3896 3449 3974 ῥᾳθυμήσωσιν
3479 3896 3553 3960 ὡς
3582 3893 3761 3951 ἀλλὸ-

2090 4003 2238 4056 τριοι
2263 3987 2358 4038 τοῦ
2387 3983 2902 4059 πλημμελήματος.
2944 4011 2964 4038 ι
3000 3987 3093 4044 Ἐν
3150 3987 3299 4059 ὑμῖν,
3336 4009 3363 4036 ››
3396 3984 3550 4063 φησί.
3584 3986 3763 4040 Τουτ-

2095 4071 2207 4127 ἐστι
2263 4078 2381 4136 τοῖς
2439 4075 2680 4145 πιστοῖς,
2738 4080 2857 4138 τοῖς
2910 4076 3185 4130 τοσούτων
3248 4074 3567 4151 εὐεργεσιῶν
3623 4071 3764 4127 ἀπο-

2096 4158 2380 4216 λαύσαται.
2413 4161 2514 4217 Καὶ
2567 4161 2665 4217 οὐκ
2718 4163 2857 4229 εἶπε,
2896 4162 3223 4237 Πράττεται,
3256 4159 3384 4217 ἀλλ’
3416 4159 3475 4215 ἐκ
3534 4180 3760 4235 περιουο

2096 4250 2237 4313 σίας.
2289 4276 2317 4304 ‹‹
2348 4250 2655 4325 Ἀκούεται,
2714 4252 2869 4333 φησί,
2936 4277 2963 4303 ‹‹
2996 4250 3140 4310 Οὐδὲ
3186 4251 3238 4307 έν
3296 4256 3413 4313 τοῖς
3474 4248 3694 4305 ἔθνεσιν.
3733 4274 3762 4300 ››

2097 4340 2235 4395 Ἀπὸ
2263 4345 2371 4396 τῶν
2427 4340 2674 4413 ἐθνικῶν,
2721 4341 2993 4410 τουτέστι,
3045 4345 3155 4395 τῶν
3208 4339 3447 4395 ἀπίστων
3507 4336 3763 4407 ἀνειδίζει

343 4437 454 4498 est,
488 4430 838 4497 incredulis,
870 4430 1187 4503 exprobrat
1230 4432 1524 4488 ﬁdelibus.
1561 4433 1724 4499 Quod
1754 4434 1801 4488 si
1838 4434 1979 4506 apud

2101 4435 2217 4492 τοῖς
2247 4436 2486 4502 πιστοῖς,
2542 4430 2607 4488 Τί
2667 4427 2723 4487 δὲ
2751 4433 2882 4506 παρ’
2919 4430 3106 4493 αὐτοῖς
3163 4430 3266 4485 οὐκ
3325 4429 3676 4503 ὀνομάζεται,
3708 4426 3765 4481 τί

343 4521 479 4577 illos
503 4538 612 4577 nec
654 4521 1018 4586 nominatur,
1053 4521 1194 4593 quid
1225 4522 1381 4578 dicet
1411 4523 1598 4594 quivis
1630 4523 1867 4595 quando
1900 4524 1995 4579 hic

346 4611 526 4667 etiam
552 4615 931 4683 perpetratur
957 4612 1029 4666 ‘?«
1061 4612 1131 4666 Ut
1162 4612 1340 4667 etiam
1371 4612 1557 4684 patris
1580 4629 1826 4668 uxorem
1861 4613 1995 4684 quis

345 4700 582 4757 habeat.
596 4724 615 4750 -
652 4700 941 4756 Fortassis
964 4717 1363 4757 novercam.-—
1380 4701 1436 4756 Si
1459 4718 1589 4773 qum
1616 4703 1769 4757 inter
1788 4708 1994 4773 gentes

347 4796 582 4859 sunt,ea
610 4790 701 4845 vel
728 4790 919 4846 audiri
961 4791 1119 4846 inter
1148 4808 1247 4846 vos
1278 4793 1560 4862 magnum
1579 4792 1751 4847 affert
1780 4809 1992 4864 oppro-

346 4878 544 4934 brium
571 4898 583 4935 :
619 4881 766 4937 457
805 4880 1003 4952 turpia
1032 4897 1164 4951 quas
1196 4880 1352 4934 inter
1382 4886 1586 4951 gentes
1610 4887 1990 4953 peraguntur,

346 4967 472 5022 haec
486 4969 665 5024 etiam
688 4968 846 5023 inter
867 4987 966 5024 vos
990 4969 1117 5023 ﬂeri
1140 4985 1412 5040 magnam
1440 4969 1647 5025 reddet
1666 4972 1992 5025 accusatio-

346 5058 681 5123 nem.Quod
708 5057 755 5111 si
782 5057 895 5113 hoc
920 5058 1001 5113 ita
1022 5058 1267 5126 est,ﬁeri
1291 5058 1447 5113 inter
1475 5076 1577 5114 vos
1608 5076 1738 5130 quas
1769 5075 1878 5114 nec
1901 5060 1991 5115 in-

345 5148 436 5198 ter
464 5143 601 5199 illos
632 5150 1070 5216 perpetrantur,
1096 5162 1273 5216 quam
1306 5163 1428 5201 non
1460 5147 1767 5212 superabit
1791 5148 1991 5218 pravi-

343 5237 523 5288 tatem
545 5233 574 5288 ?
604 5233 768 5297 Quod
789 5251 924 5289 vero
947 5235 1029 5289 ait
1063 5251 1075 5288 :
1108 5256 1135 5281 ‹‹
1167 5236 1423 5290 Omnino
1456 5236 1715 5304 auditur,
1751 5258 1777 5284 ››
1809 5236 1992 5293 veluti

344 5338 411 5375 ex
445 5323 604 5378 fama
635 5322 1109 5394 obstupescentis
1132 5329 1224 5379 est
1254 5330 1311 5379 et
1330 5325 1834 5381 excandescentis.
1861 5328 1903 5382 Ο
1922 5326 1994 5382 fa-

343 5411 513 5465 cinus
541 5410 852 5484 indignum
881 5411 892 5465 !
922 5436 948 5461 ‹‹
974 5413 1251 5479 Omnino,
1272 5413 1484 5485 inquit,
1511 5415 1770 5469 auditur.
1800 5438 1827 5463 »ι
1861 5417 1993 5472 Haec

343 5503 403 5557 in
442 5502 777 5571 aliquorum
812 5500 1015 5573 lingua
1045 5502 1291 5556 omnino
1322 5503 1393 5557 de
1425 5502 1593 5558 vobis
1625 5512 1988 5574 grassantur.

348 5614 374 5641 «
400 5593 583 5644 Etvos
616 5587 806 5643 inﬂati
830 5589 993 5643 estis.
1021 5588 1229 5642 nlllius
1250 5606 1509 5660 namque
1532 5590 1816 5645 delictum
1839 5609 1996 5647 com-

346 5698 591 5737 munem
641 5679 846 5735 debuit
891 5679 1102 5733 aﬂ'erre
1133 5678 1294 5733 vobis
1324 5678 1633 5750 pudorem,
1662 5697 1820 5735 nunc
1876 5698 1988 5737 au-

352 5778 470 5829 tem
503 5770 694 5826 inﬂati
719 5770 882 5837 estis,
906 5783 976 5823 eo
999 5767 1159 5839 quod
1182 5766 1409 5822 videtur
1430 5767 1541 5823 sibi
1566 5771 1818 5841 quisque
1839 5781 1999 5828 recte

2046 5036 2051 5039 _
2101 4968 2447 5043 πράττεσθαι,
2511 4970 2686 5040 πόσην
2740 4970 2841 5038 τήν
2900 4967 3238 5046 κατηγορίαν
3302 4968 3495 5041 adigat;

2103 4518 2247 4575 εἷ’ποι
2279 4540 2361 4582 τις
2416 4518 2535 4583 ἔνθα
2588 4521 2676 4575 καὶ
2725 4521 3021 4595 πράσσεται
3056 4538 3071 4589 ;
3134 4544 3160 4570 ‹‹
3196 4521 3359 4574 ’Ὥστε
3388 4517 3615 4594 γυναῖκά
3642 4537 3764 4570 τινα

2099 4613 2197 4664 τοῦ
2226 4610 2429 4684 πατρὸς
2462 4607 2630 4685 ἔχειν.
2668 4634 2695 4661 ››
2754 4611 2914 4673 Ἴσως
2976 4608 3243 4684 μητρυιάν
3302 4609 3488 4681 [ΦΩῬ.
3526 4609 3542 4680 ]
3574 4606 3645 4664 Εἴ
3701 4602 3763 4661 δὲ

2100 4697 2133 4754 ἃ
2163 4701 2451 4774 πράττεται
2484 4698 2535 4754 ἐν
2564 4705 2679 4761 τοῖς
2728 4693 2920 4767 ἔθνεσι,
2961 4703 3129 4754 ταῦτα
3182 4697 3233 4753 ἐν
3269 4698 3396 4772 ὑμῖν
3457 4699 3547 4752 καὶ
3591 4697 3759 4771 μόνον

2100 4789 2408 4862 ἀκουόμενα
2469 4788 2604 4866 μέγα
2659 4786 2867 4851 ὄνειδος
2917 4789 3090 4865 φέρει,
3141 4788 3205 4844 τὸ
3249 4789 3338 4844 καὶ
3376 4787 3589 4861 ὁμοίως
3619 4787 3669 4840 ἐν
3701 4808 3764 4841 τε

2099 4885 2214 4941 τοῖς
2246 4877 2410 4935 ἔθνεσι
2452 4881 2541 4934 καὶ
2603 4879 2652 4934 ἐν
2690 4880 2817 4952 ὑμῖν
2849 4884 2970 4943 τοῖς
3029 4884 3246 4940 πιστοῖς
3300 4882 3527 4933 τοιαῦτα
3585 4877 3758 4955 αἴσχη

3581 4965 3643 5023 Εἰ
3704 4964 3763 5019 δὲ

2099 5061 2281 5128 τούτο,
2314 5059 2375 5114 τὸ
2435 5061 2764 5135 πράττεσθαι
2822 5057 2878 5114 ἐν
2939 5060 3066 5133 ὑμῖν
3126 5056 3158 5113 ἃ
3216 5056 3347 5132 μηδ’
3405 5057 3455 5111 ἐν
3512 5054 3761 5117 ἐκείνοις,

2097 5147 2217 5202 τίνα
2244 5148 2436 5203 κακίαν
2480 5148 2590 5224 οὐχ
2648 5149 3058 5222 ὑπερακοντίζει
3092 5167 3107 5217 ;
3139 5180 3208 5190 --
3237 5148 3311 5203 Τὸ
3373 5144 3449 5217 δέ,
3513 5168 3539 5195 ‹‹
3569 5140 3761 5204 ’Όλως

2099 5236 2374 5306 ἀκούεται,
2410 5262 2436 5289 )›
2517 5240 2590 5299 ὡς
2666 5235 3119 5312 ἐκπεπληγμένου
3195 5236 3282 5293 ἐπὶ
3339 5238 3409 5310 τῇ
3462 5235 3625 5314 φήμῃ
3673 5235 3766 5286 καὶ

2100 5324 2497 5401 ἀσχάλλοντές-
2524 5331 2633 5381 Φεδ
2654 5333 2754 5395 τῆς
2778 5325 3008 5387 ἀτοπίας
3032 5328 3043 5382 ἔ
3070 5350 3097 5377 (ί
3122 5325 3335 5396 ”Ολως,
3360 5325 3547 5399 φησὶν,
3577 5321 3768 5377 ἀκούε-

2096 5435 2185 5470 ται
2222 5434 2235 5485 ;
2268 5440 2294 5465 ››
2351 5416 2538 5477 ’Όλως
2593 5414 2683 5470 ἐπὶ
2726 5414 2983 5492 γλώσσης
3031 5416 3174 5478 τινὸς
3207 5419 3375 5471 ταῦτα
3408 5414 3585 5490 λέγειν
3640 5411 3767 5481 περὶ

2104 5505 2257 5576 ὑμῶν
2287 5503 2684 5578 ἐγκατέσκηψεν
2724 5523 2737 5573 ;
2789 5528 2814 5554 ‹‹
2854 5502 3267 5578 Πεφυσιωμένοι
3301 5502 3440 5559 ἐατέ’.
3476 5527 3505 5556 ι»
3564 5502 3631 5556 Ἣ
3660 5500 3765 5574 γὰρ

2100 5591 2311 5648 ἐκεινου
2364 5591 2745 5666 πλημμέλεια,
2796 5594 2984 5662 κοινήν
3018 5591 3248 5667 ὤφειλεν
3313 5593 3439 5664 ὑμῖν
3499 5590 3770 5664 αἷσχὺνην

2097 5688 2369 5757 γεννῆσαι,
2415 5686 2505 5736 νῦν
2562 5679 2621 5738 δὲ
2665 5685 2955 5760 φυσιοῦσθε
3016 5684 3079 5758 έφ
3139 5682 3225 5744 οἷς
3285 5679 3513 5741 ἕκαστος
3568 5697 3767 5753 κατορ-

2103 5768 2411 5829 θοῦκδοκεῖ.
2445 5770 2574 5828 Ἐἀτ
2606 5769 2665 5827 δὲ
2693 5774 2791 5843 ἦτε
2822 5770 3185 5844 οἶκειουμένοι
3215 5771 3305 5826 καὶ
3337 5770 3544 5825 ἐκείνου
3576 5765 3773 5839 πλημ-
