4122 6378
325 429 454 489 ῦθτ

1300 431 1718 493 COMMENT.
1764 429 1851 489 IN
1898 426 2150 487 EPIST.
2206 425 2226 485 l
2271 425 2370 483 AD
2417 423 2789 486 CORINTH.

3636 429 3757 489 698

333 561 573 638 μέλημα
598 564 675 626 ὡς
735 564 999 641 ὑμετὲρου
1058 566 1281 641 μέρους,
1339 562 1605 620 ἐπενθεῖτε
1661 562 1747 631 ἂν,
1800 555 1987 628 ἐπειδή

2104 558 2358 629 operari.
2386 556 2552 623 Quod
2566 558 2612 612 si
2636 558 2943 629 proprium
2963 559 3261 616 duceretis
3281 560 3444 616 illius
3466 560 3755 619 delictum

334 652 421 714 εἰς
449 653 514 707 τὸ
541 653 723 709 κοινὸν
744 661 847 724 τῆς
885 653 1209 725 Ἐκκλησίας
1240 656 1276 724 ἡ
1338 648 1521 730 βλάϐη
1579 651 1992 730 προεχώρησεν.

336 765 375 794 ι(
406 744 524 799 Ἵνα
551 741 771 818 ἐξαρθῇ.
800 765 831 795 ›>
879 743 1028 800 Διατί
1084 742 1454 816 ἐπενοήσαμεν
1511 740 1574 796 ἄν
1605 761 1621 812 ;
1682 741 1757 802 ὡς
1823 739 1873 809 ἐξ
1904 738 1995 793 ἀν-

325 827 614 894 τιθέσεως.
674 832 873 903 Διατί;
954 832 1079 908 Οὐχ
1158 830 1253 887 ’ίνα
1348 827 1620 901 ἐκϐάλητε
1653 874 1668 900 ,
1725 827 1853 885 ἀλλ’
1908 827 1991 883 ἴνα

325 918 531 997 ἐξαρθῇ
562 922 638 984 ὡς
670 920 756 977 ἐπὶ
792 920 997 995 λοιμοῦ
1043 942 1208 986 τινος·
1259 922 1333 977 ὡς
1392 920 1438 976 εί
1469 921 1637 975 εἶπεν·
1670 918 1869 994 Εὖχῶν
1898 918 1988 972 καὶ

321 1012 564 1073 πένθους
603 1010 765 1087 χρεία
816 1008 911 1067 ἵνα
957 1011 1153 1087 ἐξαρθῇ
1203 1012 1231 1066 ὁ
1286 1009 1486 1085 λοιμὸς
1536 1010 1715 1070 οὗτος.
1749 1032 1777 1060 ‹‹
1809 1009 1871 1065 Ὀ
1924 1007 1987 1062 τὸ

323 1093 496 1175 ἔργον
543 1103 704 1156 τοῦτο
761 1103 1019 1171 ποιήσας.
1056 1124 1084 1153 ››
1141 1100 1214 1156 Οῦ
1274 1100 1426 1175 λέγει
1468 1099 1531 1155 τὸ
1598 1098 1791 1170 ὄνομα,
1853 1097 1987 1173 ὅπερ

325 1189 603 1263 εἰώθαμεν
656 1188 745 1246 ἐπὶ
797 1194 907 1246 τῶν
966 1187 1173 1271 σφόδρα
1201 1189 1420 1246 ἀτόπων
1461 1193 1663 1256 ποιεῖν,
1723 1190 1837 1242 οἷον
1894 1186 1982 1242 καὶ

322 1279 432 1348 τήν
465 1278 838 1355 προσηγορίαν
888 1280 964 1344 ὡς
997 1278 1285 1353 μολυσμὸν
1317 1278 1776 1355 παραιτούμενος.

2104 653 2389 719 tanquam
2420 647 2606 719 partis
2644 648 2825 701 vestri
2876 648 3159 719 corporis,
3211 650 3491 722 lugeretis
3522 651 3751 722 utique,

2103 737 2388 808 quoniam
2422 737 2485 792 in
2506 753 2824 793 commune
2846 738 3121 793 Ecclesiaa
3148 739 3432 796 damnum
3451 741 3751 798 redunda-

2102 829 2202 884 vit.
2237 852 2266 881 «
2301 830 2374 885 Ut
2403 829 2732 886 tolleretur.
2762 848 2793 881 ››
2818 830 3010 895 Quare
3057 846 3165 885 nos
3204 831 3403 903 lugere
3436 834 3750 905 oportuit?

2100 923 2385 989 tanquam
2418 935 2488 974 ex
2520 936 2591 975 re
2619 920 2915 991 opposita.
2948 920 3135 985 Quam
3179 920 3252 975 ob
3282 937 3405 975 rem
3428 922 3455 976 ‘2
3498 924 3624 978 Non
3683 929 3748 978 ut

2098 1008 2417 1080 ejiceretis,
2451 1008 2555 1065 sed
2570 1014 2637 1064 ut
2666 1008 2957 1065 tolleretis
2974 1009 3151 1064 veluti
3172 1010 3234 1064 in
3255 1017 3420 1082 peste
3451 1012 3706 1083 quadam
3731 1031 3746 1080 ;

2096 1112 2164 1153 ac
2195 1097 2248 1153 si
2281 1097 2549 1164 dixisset,
2569 1098 2928 1153 Necessariae
2962 1103 3102 1154 sunt
3128 1115 3338 1170 preces
3368 1116 3436 1155 ac
3466 1101 3660 1157 luctus
3685 1108 3751 1157 ut

2099 1186 2354 1242 tollatur
2383 1187 2730 1259 hujusmodi
2770 1187 2973 1259 pestis.
3008 1210 3035 1238 «
3070 1188 3179 1254 Qui
3216 1188 3448 1246 facinus
3478 1190 3588 1245 hoc
3617 1208 3751 1262 per.

2094 1280 2371 1351 petravit.
2403 1300 2431 1332 ι
2454 1282 2580 1336 Non
2614 1281 2892 1352 exprimit
2919 1297 3139 1337 nomen
3165 1298 3177 1335 :
3201 1283 3362 1354 quod
3386 1282 3582 1340 facere
3615 1301 3753 1340 con-

327 1370 634 1427 suevimus
662 1371 726 1427 in
748 1371 823 1427 iis
853 1387 984 1442 qum
1005 1370 1329 1427 admodum
1351 1369 1609 1426 absurda
1640 1374 1813 1424 sunt:
1850 1373 2133 1439 tanquam
2164 1369 2626 1441 appellationem
2656 1386 2890 1442 quoque
2917 1371 3092 1426 veluti
3124 1386 3250 1427 rem
3281 1372 3564 1429 infectam
3596 1372 3754 1429 devi‘

326 1467 490 1517 tans.

404 1593 547 1668 Ἐγὼ
581 1593 677 1667 μὲν
736 1593 841 1670 γὰρ
901 1594 978 1656 ὡς
1038 1593 1189 1648 ἀπὼν
1248 1597 1329 1666 τῷ
1389 1591 1626 1666 σώματι,
1684 1591 1873 1666 παρὼν
1931 1588 1989 1645 δὲ

324 1684 411 1756 τῷ
478 1683 768 1757 πνεύματι,
852 1680 962 1755 ἤδη
1032 1685 1257 1759 κέκρικα
1323 1683 1397 1745 ὡς
1464 1683 1676 1757 παρὼν,
1742 1680 1832 1736 τὸν
1896 1680 1993 1735 οὕ-

324 1794 443 1835 τως
524 1776 687 1828 τοῦτο
775 1773 1258 1849 κατεργασάμενον,
1340 1772 1392 1829 ἐν
1475 1777 1554 1846 τῷ
1611 1771 1840 1843 ὀνόματι
1894 1772 1991 1825 τοῦ

335 1862 538 1937 Κυρίου
592 1864 753 1935 ἡμῶν
836 1864 1016 1933 Ἰησοῦ
1068 1864 1328 1938 Χριστοῦ,
1398 1862 1767 1938 συναχθέντων
1840 1861 1991 1933 ὑμῶν

2172 1595 2234 1649 V.
2268 1595 2321 1660 3,
2371 1597 2423 1647 6.
2476 1594 2765 1665 Siquidem
2811 1612 2909 1665 ego
2949 1602 3215 1666 tanquam
3263 1596 3453 1652 absens
3497 1613 3744 1668 corpore,

2101 1699 2339 1753 praesens
2368 1690 2551 1738 autem
2579 1686 2800 1755 spiritu,
2824 1685 2948 1754 jam
2986 1685 3247 1755 judicavi
3293 1692 3560 1756 tanquam
3595 1704 3747 1758 pra:-

2101 1786 2240 1835 sens,
2262 1777 2324 1826 ut
2371 1774 2417 1827 is
2459 1776 2557 1843 qui
2586 1773 2685 1829 hoc
2738 1776 2823 1828 ita
2870 1777 3150 1844 patravit,
3182 1777 3239 1828 in
3278 1775 3499 1830 nomine
3530 1777 3744 1832 Domini

2101 1864 2283 1916 nostri
2325 1863 2452 1916 Iesu
2485 1862 2711 1933 Christi,
2744 1865 3087 1933 congregatis
3115 1864 3263 1919 vobis
3293 1871 3346 1919 et
3373 1881 3487 1919 meo
3517 1868 3740 1937 spiritu,

328 1952 427 2007 καὶ
481 1956 578 2007 τοῦ
644 1951 782 2025 ἐμοῦ
866 1951 1169 2025 πνεύματος
1203 1996 1218 2022 ,
1306 1952 1398 2007 σὺν
1484 1955 1552 2026 τῇ
1613 1949 1837 2023 δυνάμει
1891 1954 1988 2004 τοῦ

2104 1967 2217 2006 cum
2247 1955 2450 2007 virtute
2480 1955 2703 2008 Domini
2730 1932 2908 2008 nostri
2934 1932 3057 2009 .tesu
3088 1954 3316 2021 Christi,
3345 1932 3607 2010 tradatur
3634 1932 3740 2012 Sa;

330 2040 534 2116 Κυρίου
618 2044 781 2115 ἡμῶν
857 2042 1039 2113 Ἰησοῦ
1126 2046 1401 2117 Χριστοῦ,
1486 2038 1816 2116 παραδοῦναι
1889 2038 1982 2093 τὸν

326 2134 581 2186 τοιοῦτον
634 2136 714 2204 τῷ
769 2135 983 2202 Σατανᾷ
1042 2131 1120 2195 εἰς
1178 2129 1409 2205 ὄλεθρον
1467 2131 1567 2202 τῆς
1620 2129 1839 2204 σαρκὸς,
1892 2126 1985 2182 ’ίνα

328 2221 396 2275 τὸ
426 2223 637 2294 πνεῦμα
678 2222 829 2293 σωθῇ
887 2219 941 2275 ἐν
999 2223 1068 2293 τῇ
1124 2220 1310 2296 ἡμέρᾳ
1363 2224 1461 2277 τοῦ
1514 2219 1717 2295 Κυρίου
1774 2220 1980 2288 Ἰησοῦ.

329 2310 414 2367 Οὐ
443 2307 611 2364 καλὸν
642 2309 705 2364 τὸ
736 2304 1004 2384 καύχημα
1029 2310 1207 2384 ὑμῶν.

405 2397 703 2472 Ἐπείγεται
735 2395 988 2472 ἐκδιῶξαι
1029 2398 1214 2469 αὐτὸν,
1245 2398 1336 2453 καὶ
1396 2395 1521 2454 οὐδὲ
1572 2399 1672 2468 τήν
1742 2418 1985 2471 σωματι-

326 2492 434 2561 κὴν
497 2489 661 2545 αὐτοῦ
717 2488 1015 2564 παρουσίαν
1099 2491 1379 2563 ἀναμεῖναι
1450 2488 1644 2551 αὐτοὺς
1706 2487 1984 2564 βούλεται.

329 2604 358 2631 ‹‹
399 2579 591 2655 Παρών
625 2576 683 2633 δὶ
710 2583 793 2651 τῷ
839 2579 1127 2652 πνεύματ’.
1167 2604 1194 2630 ››
1255 2579 1523 2635 Δείκνυσιν
1583 2579 1767 2633 ἑαυτὸν
1822 2577 1988 2633 πνεύ-

332 2690 466 2744 ματι
498 2668 761 2743 παρόντα,
796 2664 1058 2733 δεδοικὼς
1091 2670 1167 2742 μή
1226 2689 1278 2723 τι
1335 2666 1519 2745 ἓτερον
1583 2670 1987 2743 βουλεῦσωνται

331 2756 461 2831 περὶ
490 2758 553 2812 τὸ
577 2751 825 2812 ἐκϐαλεῖν
856 2757 1041 2825 αὐτὸν,
1070 2756 1161 2812 καὶ
1192 2779 1382 2834 φησιν,
1441 2784 1469 2809 «ι
1502 2755 1646 2828 ’Ἤδη
1679 2751 1923 2832 κέκρικα.
1959 2779 1988 2808 ››

330 2843 542 2915 Μηδεὶς
599 2844 784 2901 τοίνυν
835 2841 1252 2904 ἀναϐαλλέσθω.
1310 2847 1377 2903 Ἡ
1435 2845 1544 2919 ἐμὴ
1597 2845 1774 2921 κρίσις
1805 2848 1840 2914 ἡ
1871 2846 1991 2900 κατ’

330 2935 521 3004 αὐτοῦ,
552 2932 662 3005 ἤδη
695 2943 960 3011 πέπηγεν.
996 2936 1145 2992 «Τὸν
1185 2936 1360 2998 οὓτως
1390 2939 1552 2990 τοῦτο
1590 2933 1990 3010 κατεργασάμε-

327 3045 436 3080 vov.
478 3049 505 3077 ι(
534 3022 741 3081 ’Δλλοι
775 3022 948 3087 οὕτως
979 3025 1308 3100 ἀνέγνωσαν·
1337 3024 1441 3082 Τὸν
1472 3023 1645 3085 οὕτως
1674 3027 1837 3078 τοῦτο
1866 3044 1990 3078 κατ-

332 3116 701 3191 εργασάμενον
735 3113 790 3170 ἐν
819 3119 900 3188 τῷ
931 3114 1157 3190 ὀνόματι
1212 3119 1310 3171 τοῦ
1363 3116 1565 3189 Κυρίου
1616 3117 1774 3189 ἡμῶν
1810 3115 1989 3184 Ἰησοῦ

328 3211 589 3283 Χριστοῦ,
637 3207 904 3281 τουτέστι,
965 3208 1057 3263 τὸν
1119 3206 1195 3270 εἷς
1251 3207 1315 3263 τὸ
1372 3206 1548 3281 ὄνομα
1600 3212 1697 3262 τοῦ
1753 3209 1989 3282 Χριστοῦ

2102 2048 2246 2097 tunae
2274 2043 2348 2097 ad
2374 2045 2660 2098 interitum
2689 2042 2892 2109 carnis,
2915 2049 2977 2098 ut
3003 2043 3237 2113 spiritus
3262 2044 3443 2099 salvus
3470 2044 3543 2101 sit
3572 2048 3630 2101 in
3659 2046 3751 2100 die

2100 2133 2323 2187 Domini
2346 2134 2492 2187 Iesu.
2525 2134 2644 2188 Non
2674 2140 2752 2188 est
2783 2133 2922 2187 bona
2952 2134 3216 2203 gloriatio
3244 2140 3440 2190 vestra.

2170 2407 2456 2478 Properat
2477 2422 2613 2461 eum
2635 2405 3023 2478 expellere,et
3044 2422 3236 2478 neque
3259 2407 3631 2478 corporalem
3661 2407 3751 2463 sui

2100 2495 2481 2568 praesentiam
2504 2495 2627 2550 vult
2643 2495 2805 2567 ipsos
2826 2501 3235 2568 exspectare.»
3262 2497 3533 2551 Prmsens
3554 2503 3753 2552 autem

2101 2584 2333 2656 spiritu.
2371 2606 2399 2633 »
2430 2584 2702 2639 Ostendit
2739 2602 2801 2639 se
2851 2585 3062 2655 spiritu
3120 2591 3498 2656 prmsentem,
3531 2587 3752 2642 veritus

2100 2691 2174 2729 ne
2207 2674 2349 2744 quid
2379 2673 2542 2729 aliud
2573 2675 2643 2729 de
2698 2674 2826 2746 ipso
2882 2674 3176 2746 ejiciendo
3236 2675 3665 2744 consultarent,
3694 2682 3755 2731 et

2101 2764 2216 2819 ait:
2259 2788 2279 2813 α
2305 2765 2431 2819 Jam
2450 2763 2733 2835 judicavi.
2765 2787 2784 2811 ι
2812 2764 3021 2820 Nullus
3043 2765 3242 2835 itaque
3260 2764 3495 2820 diﬂ‘erat
3518 2782 3748 2821 :meum

2100 2853 2381 2909 adversus
2432 2853 2602 2908 illum
2639 2853 2934 2925 judicium
2959 2853 3085 2924 jam
3117 2854 3446 2909 stabilitum
3480 2862 3588 2909 est.
3623 2878 3650 2905 ‹‹
3685 2857 3755 2911 Ut

2101 2944 2150 2998 is
2183 2944 2284 3014 qui
2316 2944 2427 2999 hoc
2460 2944 2541 2998 ita
2560 2943 2832 3015 patravit.
2868 2964 2896 2992 »
2928 2943 3042 2998 Alii
3076 2944 3158 2998 ita
3190 2944 3496 3015 legerunt:
3527 2947 3596 3000 Ut
3618 2962 3755 3001 eum

2102 3033 2203 3103 qui
2229 3033 2342 3088 hoc
2372 3033 2456 3088 ita
2484 3033 2741 3104 patravit
2773 3032 2834 3087 in
2868 3049 3088 3087 nomen
3121 3032 3356 3087 Domini
3396 3034 3584 3088 nostri
3616 3035 3753 3089 Jesu

2101 3121 2354 3176 Christi:
2390 3121 2501 3176 hoc
2534 3127 2643 3187 est,
2677 3122 2777 3193 qui
2831 3122 2892 3175 in
2946 3138 3165 3176 nomen
3223 3121 3438 3178 Christi
3491 3121 3750 3193 injurius

2098 3208 2211 3263 fuit
2242 3227 2254 3264 :
2291 3213 2349 3263 et
2376 3214 2694 3281 postquam
2725 3208 2939 3264 Christi
2970 3225 3300 3281 cognomen
3330 3209 3577 3281 accepit,
3610 3210 3753 3265 talia

334 3291 714 3372 ἐνυϐρίσαντα,
773 3296 862 3350 καὶ
927 3295 1063 3370 μετά
1118 3296 1181 3351 τὸ
1229 3297 1524 3367 ἀξιωθῆναι
1576 3302 1681 3365 τῆς
1736 3298 1983 3370 Χριστοῦ

2104 3314 2279 3353 ausus
2311 3304 2419 3363 est,
2467 3298 2713 3354 tradatis
2744 3298 2996 3354 Satanae.
3030 3321 3057 3348 (ι
3090 3299 3469 3371 Congregatis
3498 3298 3685 3354 vobis.
3721 3321 3750 3349 »

335 3383 672 3460 ἐπωνυμίας,
701 3389 926 3440 τοιαῦτα
973 3382 1357 3459 τολμήσαντα,
1416 3382 1691 3459 παράδοτε
1746 3389 1828 3458 τῷ
1887 3390 1997 3439 Σα-

335 3478 482 3545 τανᾷ.
513 3498 541 3526 ‹‹
576 3476 965 3551 Συναχθέντων
1018 3475 1195 3547 ὑμῶν.
1234 3500 1254 3525 ι
1290 3477 1403 3532 Ἵνα
1440 3476 1516 3548 μὴ
1550 3472 1678 3549 δόξῃ
1711 3471 1996 3535 αὐθαδείας

340 3563 470 3617 εἶναι
491 3564 576 3635 τὸ,
606 3585 629 3613 ι
662 3560 809 3633 ’Ἤδη
835 3565 1080 3639 κέκρικα.
1110 3590 1140 3615 »
1170 3563 1262 3618 καὶ
1292 3563 1488 3626 αὐτοὺς
1512 3559 1781 3637 λαμϐάνει
1800 3584 1996 3618 κοινωο

354 3651 491 3720 νοῦς,
519 3650 570 3708 ἐν
599 3657 682 3725 τῷ
713 3650 911 3727 λέγειν·
949 3677 977 3704 ‹‹
1012 3650 1396 3728 Συναχθέντων
1431 3652 1583 3726 ὑμῶν
1607 3653 1699 3707 καὶ
1727 3657 1826 3707 τοῦ
1857 3651 1994 3724 ἐμοῦ

357 3739 723 3813 πνεύματος,ι
777 3748 881 3811 τῆς
966 3739 1105 3814 ἐμῆς
1184 3740 1418 3813 ἀοράτου
1476 3738 1792 3813 ἐπιδημίας.
1858 3741 1997 3796 Εἶτα

346 3828 547 3909 ἐπάγει·
582 3855 607 3886 α
640 3835 732 3889 ’Ev
773 3837 855 3904 τῷ
884 3831 1115 3905 ὀνόματι
1146 3836 1244 3889 τοῦ
1275 3831 1480 3907 Κυρίου
1513 3833 1716 3904 Ἰησοῦ.
1752 3854 1777 3885 ν
1810 3835 1991 3890 Τουτ-

340 3918 470 3991 ἐστι,
530 3922 669 3977 κατά
694 3922 824 3977 Θεὸν
858 3922 1169 3997 συνάχθητε
1207 3920 1296 3977 καὶ
1349 3921 1582 3997 κρίνατε,
1645 3922 1721 3995 μή
1782 3922 1995 3998 ἀνθρω-

338 4008 465 4086 πίνῃ
494 4012 635 4087 πρὸς
666 4010 825 4067 αὐτὸν
888 4011 1061 4083 αἰδοῖ,
1092 4012 1128 4083 ἢ
1159 4018 1298 4086 τιμῆ
1330 4013 1714 4087 κατεχόμενοι.
1775 4009 1994 4069 Δέδοικε

336 4102 459 4178 γαρ,
494 4105 571 4176 μή
604 4124 658 4158 τι
685 4099 867 4179 ἕτερον
924 4104 1173 4178 κρίνωσι,
1238 4128 1265 4156 «
1298 4105 1397 4159 Καὶ
1425 4109 1523 4159 τοῦ
1555 4104 1692 4179 ἐμοῦ
1747 4102 1992 4177 πνεύμα-

339 4213 454 4255 τος.
490 4217 518 4245 ››
560 4192 729 4249 Πάλιν
762 4191 1053 4265 ἐπέστησεν
1109 4192 1294 4256 αὐτοῖς
1354 4193 1560 4263 ἑαυτὸν,
1616 4194 1707 4249 καὶ
1768 4192 1831 4248 οὐ
1890 4192 1994 4268 μό‹

334 4303 425 4336 νον
453 4286 639 4353 τοῦτο,
669 4280 827 4355 ξάλλὰ
884 4281 977 4338 καὶ
1040 4282 1134 4337 τὸν
1187 4284 1439 4357 Χριστόν·
1494 4280 1583 4337 ’ἱνα
1622 4281 1747 4339 ὅταν
1797 4280 1994 4357 κρίνω-

336 4393 441 4440 σιν,
476 4372 551 4435 ὠς
581 4376 678 4427 τοῦ
706 4372 943 4446 Χριστου
983 4373 1074 4427 καὶ
1128 4371 1295 4427 αὐτοῦ
1352 4373 1640 4446 παρόντος,
1699 4369 1992 4427 ἀδίκαστον

337 4460 645 4539 ἐξενέγκωσι
702 4465 930 4539 ψῆφον.
1021 4483 1048 4515 ι
1096 4461 1189 4523 Εἰς
1262 4458 1495 4537 ὄλεθρον
1540 4468 1642 4531 τῆς
1701 4460 1918 4536 σαρκός.
1962 4486 1986 4514 ι

336 4552 499 4626 Ὀρον
529 4551 715 4623 τίθησι
757 4556 836 4624 τῷ
892 4555 1125 4623 Σατανᾷ,
1188 4551 1354 4624 μόνου
1421 4552 1675 4623 σώματος
1735 4551 1992 4624 ἅψασθαι,

345 4641 420 4714 μὴ
479 4642 575 4696 καὶ
633 4641 838 4716 ψυχῆς.
890 4642 1120 4714 ’Ὀμοιον
1176 4637 1229 4696 ἔν
1262 4644 1342 4713 τῷ
1400 4634 1527 4696 Ἰώϐ
1586 4662 1749 4715 φησιν
1784 4639 1996 4716 ὁΘεός.

348 4752 374 4778 ‹‹
395 4728 548 4800 Πλὴν
574 4736 675 4800 τῆς
709 4732 896 4805 ψυχῆς
926 4729 1097 4784 αὐτοῦ
1132 4730 1208 4803 μὴ
1242 4731 1377 4805 ἅψῃ.
1411 4752 1439 4779 ››
1471 4726 1666 4790 Καλῶς
1707 4726 1786 4799 δὲ,
1838 4754 1865 4782 ‹‹
1899 4732 1995 4795 Εἷς

345 4814 571 4893 ὄλεθρον
625 4827 724 4889 τῆς
784 4817 1001 4895 σαρκὸς,
1033 4842 1059 4872 ι
1116 4820 1239 4873 οἷον
1287 4815 1383 4873 ’ίνα
1437 4818 1584 4891 νόσῳ
1640 4818 1798 4873 αὐτὸν
1853 4821 1989 4895 τηξῃ

342 4905 565 4979 Ἐπειδὴ
613 4908 717 4983 γὰρ
779 4906 838 4962 ἐκ
893 4910 992 4963 τοῦ
1045 4907 1305 4980 σώματος
1362 4907 1451 4963 καὶ
1507 4914 1607 4976 τῆς
1669 4915 1878 4987 τρυφῆς
1937 4911 1990 4963 αἱ

338 4993 644 5070 ἐπιθυμίαι,
675 4996 738 5052 τὸ
770 5000 931 5069 σῶμα
984 4992 1315 5064 κολασθῆναι
1346 4994 1437 5050 καὶ
1466 4998 1799 5070 νεκρωθῆναι
1860 4996 1990 5071 βοῦ-

340 5083 511 5142 λεται.
562 5084 828 5161 Ὀλεθρον
885 5091 986 5155 τῆς
1033 5085 1230 5158 σαρκὸς
1294 5086 1459 5155 εἶπεν,
1501 5085 1626 5158 ὅρον
1688 5086 1854 5147 τιθεὶς
1908 5089 1990 5159 τῷ

338 5170 606 5248 διαϐόλῳ,
638 5174 729 5229 καὶ
766 5175 842 5246 μή
864 5173 965 5228 ἐῶν
998 5172 1158 5228 αὐτὸν
1180 5173 1484 5249 περαιτέρω
1501 5168 1791 5249 προϐῆναι.
1821 5197 1847 5228 α
1875 5178 1989 5232 Ἵνα

338 5264 401 5319 τὸ
432 5267 646 5337 πνεῦμα
698 5261 869 5338 σωθῇ.
927 5286 955 5314 ››
1005 5261 1201 5335 Τούτῳ
1247 5262 1315 5338 γὰ
1371 5266 1451 5335 τῷ
1505 5262 1719 5336 τρόπῳ,
1776 5262 1865 5318 καὶ
1924 5263 1986 5318 τὸ

336 5357 496 5427 σῶμα
528 5353 853 5423 σωθήσεται.
913 5350 1017 5409 Καὶ
1046 5349 1233 5415 ἄλλως
1265 5351 1339 5413 εἷς
1366 5352 1429 5407 τὸ
1486 5352 1602 5409 Ἵνα
1651 5351 1714 5407 τὸ
1772 5357 1985 5427 πνεῦμα

329 5447 507 5518 σωθῇ,
554 5441 822 5511 τουτέστι,
880 5441 945 5496 τὸ
1006 5445 1227 5512 Πνεῦμα
1282 5444 1345 5496 τὸ
1398 5442 1552 5518 όίγιον
1590 5436 1757 5514 ’σωθῆ
1811 5443 1980 5514 αὑτῷ,

323 5532 413 5589 καὶ
449 5534 526 5607 μή
558 5531 893 5607 ἀναγωρτςσῃ
927 5530 1001 5592 ὡς
1054 5529 1103 5600 ἐξ
1162 5525 1415 5593 ἀσεϐοῦς,
1476 5533 1655 5587 Τοῦτο
1714 5528 1771 5585 δὲ
1809 5530 1983 5604 κηδο-

392 5717 513 5762 ³⁰οει
545 5716 671 5773 Job.
691 5733 750 5784 ιι,
780 5717 837 5777 6.

2106 3389 2185 3444 Ne
2218 3387 2509 3459 prmfracti
2543 3387 2728 3443 animi
2761 3405 2890 3444 esse
2924 3388 3191 3443 videatur
3211 3387 3368 3458 quod
3381 3387 3753 3460 jamjudica—

2109 3479 2275 3546 verit,
2310 3478 2463 3534 458
2489 3478 2651 3550 ipsos
2684 3495 2919 3549 quoque
2948 3477 3200 3533 assumit
3215 3478 3430 3543 socios,
3462 3478 3603 3533 dum
3635 3479 3748 3533 ait:

2109 3592 2128 3616 ι
2166 3568 2545 3640 Congregatis
2575 3567 2738 3622 vobis
2771 3572 2831 3623 et
2870 3584 3000 3623 meo
3034 3568 3268 3639 spiritu,
3299 3587 3325 3619 ι
3361 3566 3422 3622 id
3453 3572 3563 3636 est,
3618 3584 3753 3623 mea

2103 3655 2387 3711 invisibili
2417 3657 2754 3729 praesentia.
2793 3656 3016 3711 Deinde
3046 3657 3279 3728 ajunxit
3311 3673 3325 3711 :
3353 3679 3381 3706 «
3407 3658 3473 3710 In
3506 3657 3751 3711 nomine

2103 3746 2338 3800 Domini
2368 3746 2523 3801 Jesu.
2561 3768 2588 3795 »
2623 3747 2742 3801 Hoc
2772 3751 2882 3812 est,
2914 3745 3241 3800 secundum
3272 3747 3458 3800 Deum
3499 3761 3749 3817 congre-

2101 3834 2854 3908 geminiacjudicetis,non
2881 3835 3146 3889 humano
3169 3849 3306 3906 erga
3327 3833 3498 3888 illum
3522 3834 3748 3905 pudore

2103 3930 2203 3980 aut
2219 3924 2445 3979 honore
2470 3924 2881 3996 reprimamini
2900 3941 2913 3979 :
2931 3924 3130 3979 timuit
3150 3924 3310 3978 enim
3331 3940 3407 3978 ne
3429 3923 3570 3992 quid
3590 3923 3753 3979 aliud

2095 4013 2459 4087 judicarent.
2495 4036 2523 4065 «
2554 4015 2626 4068 Et
2670 4029 2802 4068 meo
2854 4013 3086 4086 spiritu.
3122 4034 3150 4063 »
3190 4014 3447 4067 Rursum
3488 4012 3751 4083 seipsum

2104 4103 2223 4159 illis
2255 4103 2546 4171 exhibuit,
2580 4120 2690 4158 nec
2722 4102 2782 4157 id
2815 4102 3031 4171 solum,
3065 4101 3169 4157 sed
3225 4105 3284 4156 et
3313 4101 3614 4156 Christum
3651 4108 3756 4156 :ut

2104 4211 2241 4250 cum
2289 4191 2693 4266 judicaverint
2743 4197 3026 4262 tanquam
3054 4191 3287 4246 Christo
3319 4196 3378 4245 et
3402 4191 3531 4263 ipso
3570 4191 3751 4246 Paulo

2103 4289 2417 4356 prresente,
2452 4283 2752 4339 sincerum
2784 4299 2852 4338 ac
2874 4283 3284 4353 incorruptum
3316 4280 3510 4336 ferant
3540 4284 3755 4335 suﬂ‘ra-

2103 4373 2286 4446 gium.
2325 4396 2346 4421 ι
2382 4372 2471 4428 Ad
2502 4371 2811 4428 interitum
2838 4373 3055 4428 carnis.
3083 4372 3472 4427 »Terminum
3501 4372 3755 4445 praefigit

2105 4463 2356 4531 Satanas,
2390 4467 2455 4516 ut
2495 4461 2785 4516 duntaxat
2841 4478 3055 4532 corpus
3105 4466 3391 4534 tangeret,
3426 4477 3546 4515 non
3573 4460 3752 4515 etiam

2104 4550 2388 4607 animam.
2424 4549 2626 4605 Simile
2657 4556 2745 4605 est
2776 4549 2936 4619 quod
2967 4550 3038 4604 de
3067 4548 3172 4605 Job
3212 4549 3293 4604 ait
3332 4551 3485 4604 Deus
3515 4566 3528 4603 :
3567 4570 3595 4599 ιι
3642 4551 3752 4602 Ve-

2105 4644 2440 4695 rumtamen
2457 4640 2719 4694 animam
2738 4639 2866 4710 ejus
2887 4654 2961 4693 ne
2976 4637 3364 4711 tangas“-“.»
3384 4639 3541 4693 Bene
3553 4643 3753 4694 autem

2106 4728 2230 4783 ait:
2266 4748 2293 4775 «
2320 4725 2400 4782 Ad
2458 4727 2766 4782 interitum
2826 4726 3045 4794 carnis,
3084 4748 3104 4774 ι
3138 4725 3250 4780 hoc
3283 4731 3390 4791 est,
3423 4731 3490 4780 ut
3517 4726 3755 4797 aegritu-

2105 4816 2243 4871 dine
2273 4815 2469 4888 ipsum
2491 4821 2839 4873 maceraret.
2864 4815 3154 4881 Quoniam
3185 4815 3345 4870 enim
3365 4831 3399 4870 a
3427 4831 3673 4886 corpore
3696 4820 3756 4869 et

2102 4905 2388 4961 alimento
2437 4904 2772 4977 procedunt
2812 4904 3332 4976 concupiscentia,
3374 4919 3591 4975 corpus
3620 4904 3755 4972 vult

2101 4995 2300 5068 puniri
2332 5012 2399 5051 ac
2414 4994 3326 5064 mortificari.lnteritumitaque
3358 4992 3506 5048 dixit
3532 4994 3748 5059 carnis,

2100 5085 2422 5142 terminum
2455 5085 2768 5157 praeﬁgens
2796 5083 3172 5153 diabolo,nec
3203 5084 3406 5139 sinens
3426 5099 3562 5139 eum
3591 5083 3751 5138 ultra

2100 5175 2441 5248 procedere.
2480 5198 2500 5223 σι
2536 5175 2606 5229 Ut
2637 5171 2881 5245 Spiritus
2914 5172 3108 5227 salvus
3141 5173 3234 5227 sit.
3270 5195 3298 5223 »
3331 5173 3405 5228 Ut
3434 5173 3748 5241 anima,in-

2098 5266 2246 5337 quit,
2282 5270 2565 5330 servetur,
2600 5280 2738 5318 nam
2754 5268 3038 5334 etcorpus
3060 5262 3172 5317 hoc
3194 5262 3371 5317 modo
3397 5262 3746 5317 servabitur.

2094 5356 2165 5410 Et
2193 5361 2481 5427 praeterea
2512 5355 2573 5408 in
2604 5354 2738 5421 hoc,
2772 5353 2842 5408 Ut
2874 5351 3116 5423 spiritus
3176 5358 3459 5421 servetur,
3518 5351 3579 5407 id
3638 5357 3747 5420 est,

2092 5450 2157 5500 ut
2212 5444 2466 5516 Spiritus
2516 5449 2759 5499 sanctus
2790 5442 2902 5514 ipsi
2949 5447 3215 5497 servetur
3244 5448 3303 5497 et
3331 5459 3451 5498 non
3482 5442 3749 5497 discedat

2095 5541 2379 5605 tanquam
2411 5533 2484 5589 ab
2512 5533 2717 5604 impio.
2752 5532 2872 5586 Hoc
2902 5535 3099 5586 autem
3129 5530 3497 5602 providentis
3545 5531 3742 5601 potius
