4122 6416
325 454 448 515 699

1448 444 1875 507 mCUMENIl
1918 439 2225 504 TlllCCuE
2270 442 2644 505 EPISCOPI.

3631 443 3752 504 700

329 590 419 642 est
460 599 637 654 quam
690 579 1054 651 supplicium
1086 576 1434 650 infligentis.
1469 599 1497 628 «
1527 578 1653 631 Non
1685 579 1776 631 est
1824 575 1977 629 bona

2095 570 2259 645 μένου
2295 571 2529 647 μᾶλλον,
2584 573 2621 643 ἢ
2678 570 3104 649 τιμωρουμένου
3161 570 3325 631 ἐστίν.
3387 572 3524 631 «ού
3582 571 3752 631 καλὸν

326 673 597 749 gloriatio
626 675 840 726 vestra.
878 692 905 719 »
933 667 1285 723 Subindicat
1314 667 1473 739 quod
1497 666 1666 721 illum
1702 681 1820 721 non
1845 681 1980 737 per-

326 762 632 819 misissent
661 757 1015 831 resipiscere
1047 774 1116 812 eo
1145 757 1302 828 quod
1329 756 1728 828 gloriarentur
1746 755 1808 809 in
1826 755 1977 826 ipso.

326 854 471 907 Nam
505 854 633 905 erat
662 848 758 903 hic
779 846 1049 903 fortassis
1080 863 1235 901 unus
1266 846 1603 916 sapientum
1621 843 1778 915 apud
1796 845 1976 915 ipsos.

397 941 464 1009 Υ,
504 941 557 1005 ϐ,
590 941 642 994 8.
674 938 758 992 An
786 938 1007 992 nescitis
1039 936 1185 1006 quod
1210 935 1504 1005 paululum
1526 936 1784 1002 fermenti
1805 940 1981 991 totam

327 1029 770 1099 conspersionem
799 1028 1141 1095 fermentat?
1167 1025 1491 1093 Expurgata
1536 1030 1690 1077 vetus
1728 1024 1979 1091 fermen-

327 1125 443 1172 tum
474 1123 537 1172 ut
567 1115 690 1171 sitis
736 1131 878 1170 nova
935 1115 1267 1184 conspersio,
1298 1115 1442 1167 sicut
1493 1113 1618 1166 estis
1664 1112 1867 1181 azymi,
1900 1111 1981 1182 (id

326 1212 426 1273 est,
460 1209 734 1275 fermento
765 1203 1053 1274 carentes).
1086 1204 1225 1257 Nam
1256 1207 1309 1256 et
1328 1199 1545 1271 pascha
1585 1205 1834 1256 nostrum
1873 1216 1978 1269 pro

325 1297 483 1351 nobis
512 1295 828 1350 immolatus
858 1300 935 1348 est
964 1292 1231 1347 Christus.
1264 1292 1461 1362 Itaque
1498 1293 1698 1359 festum
1741 1288 1970 1345 celebro-

326 1400 447 1440 mus
473 1400 585 1439 non
614 1384 674 1437 in
728 1386 999 1451 fermento
1027 1383 1221 1447 veteri,
1253 1396 1430 1450 neque
1466 1382 1527 1434 in
1554 1382 1826 1448 fermento
1858 1394 1980 1434 ma-

326 1473 469 1531 litia)
489 1479 541 1527 et
562 1473 907 1543 pravitatis;
938 1472 1032 1526 sed
1054 1472 1112 1524 in
1140 1472 1349 1542 azymis
1377 1471 1708 1525 sinceritatis
1745 1475 1797 1523 ct
1840 1469 1980 1522 veri-

325 1564 476 1618 tatis.

397 1650 546 1723 Ipsis
570 1666 808 1722 quoque
840 1649 1264 1705 cavet.Etenim
1295 1647 1542 1719 malum,
1576 1647 1792 1719 inquit,
1819 1645 1979 1720 quod

327 1739 667 1812 negligitur,
698 1737 994 1811 reliquum
1036 1736 1315 1792 Ecclesiae
1370 1752 1584 1811 corpus
1642 1735 1854 1801 inﬁcit,
1910 1751 1976 1790 eo

326 1829 484 1901 quod
515 1829 616 1886 alii
649 1845 886 1902 quoque
920 1826 1072 1884 illud
1104 1826 1435 1883 imitentur.
1469 1825 1979 1892 Quemadmodum

2096 662 2159 716 τὸ
2216 663 2488 741 καύχημα
2575 663 2805 735 ὑμῶν..
2868 661 3182 720 Αἷνίττεται
3239 661 3323 720 ὅτι
3380 662 3537 719 αὐτοὶ
3591 662 3754 720 αὐτὸν

2095 752 2195 807 οὐκ
2226 751 2406 807 εἷάσαν
2443 759 2797 825 μετανοῆσαι;
2834 752 3191 828 καυχώμενοι
3242 750 3320 814 εἷς
3375 751 3554 811 αὐτόν.
3589 755 3753 817 Ἴσως

2094 842 2198 919 γὰρ
2229 846 2336 897 τῶν
2369 841 2517 918 παρὰ
2546 840 2693 920 σφίσι
2726 846 2909 919 σοφῶν
2941 843 3019 902 εἷς
3050 841 3086 910 ἦ
3120 840 3307 902 αὖτος.

2163 930 2282 987 Οὐκ
2307 928 2491 986 οἴδατε
2539 930 2623 986 ὅτι
2687 932 2856 1005 μικρᾶ
2913 928 3059 1003 ζύμη
3110 928 3240 988 ὅλον
3280 930 3343 986 τὸ
3399 931 3624 1010 φύραμα
3658 936 3751 1001 ζυε-

2098 1026 2232 1093 μοῖ;
2264 1020 2630 1095 Ἑκκαθάρατε
2658 1022 2758 1090 τήν
2792 1019 3033 1078 παλαιὰν
3095 1019 3301 1093 ζύμην,
3353 1018 3449 1079 ’ἱνα
3503 1020 3601 1088 ἦτε
3631 1020 3753 1076 νὲον

2094 1109 2339 1188 φύραμα,
2405 1110 2587 1170 καθὼς
2643 1108 2762 1166 ἐστε
2819 1107 3038 1182 ἄζυμοι.
3123 1109 3219 1165 Καὶ
3278 1108 3380 1183 γὰρ
3438 1108 3504 1167 τὸ
3557 1110 3754 1186 Πάσχα

2093 1201 2254 1271 ἡμῶν
2300 1200 2432 1272 ὑπὲρ
2490 1201 2651 1273 ἡμῶν
2711 1198 2877 1268 ἐθύθη
2940 1198 3192 1273 Χριστός.
3251 1201 3412 1256 Ὥστε
3473 1200 3751 1275 ἑορτάζων

2096 1310 2217 1363 μεν,
2253 1291 2326 1362 μὴ
2363 1288 2415 1344 ἐν
2450 1288 2594 1363 ζύμῃ
2626 1293 2860 1360 παλαιᾷ,
2924 1285 3067 1361 μηδὶ
3114 1285 3167 1349 ἐν
3213 1287 3358 1363 ζύμῃ
3412 1288 3603 1353 κακίας
3658 1290 3755 1345 καὶ

2091 1378 2383 1451 πονηρίας,
2475 1376 2602 1434 ἀλλ’
2703 1376 2756 1434 ἐν
2860 1375 3092 1451 ἀζύμοις
3202 1376 3555 1451 εἰλικρινιίας
3656 1381 3750 1437 καὶ

2093 1465 2369 1537 ἀληθείας.

2165 1646 2270 1703 Καὶ
2302 1645 2479 1701 αὐτῶν
2512 1642 2773 1727 φείδεται.
2839 1644 2937 1703 Καὶ
2996 1647 3098 1722 γὰρ
3150 1645 3555 1725 ἀμελούμενον,
3589 1649 3752 1723 φησὶ,

2090 1736 2153 1792 τὸ
2185 1736 2370 1806 κακόν,
2400 1735 2491 1790 καὶ
2538 1739 2618 1812 τῷ
2673 1732 2854 1809 λοιπῷ
2910 1734 3232 1809 λυμαίνεται
3288 1742 3389 1805 τῆς
3418 1735 3756 1807 Έκκλησίας

2096 1826 2333 1898 σώματι,
2366 1822 2453 1881 διὰ
2480 1825 2543 1881 τὸ
2598 1824 2689 1879 καὶ
2744 1823 2961 1899 ἑτέρους
3018 1824 3149 1881 αὐτὸ
3212 1829 3754 1905 μιμεῖσθαι.”Ωσπερ

325 1919 486 1975 enim
518 1918 898 1986 fermentum,
931 1934 1067 1974 cum
1090 1916 1167 1971 sit
1196 1914 1703 1985 modicum,totam
1726 1914 1977 1970 fermen-

2094 1915 2198 1992 γὰρ
2230 1916 2375 1988 ζύμη
2435 1915 2605 1991 μικρά
2637 1913 2771 1968 οὖσα
2799 1913 2862 1968 τὸ
2893 1914 3032 1968 ἅπαν
3095 1919 3281 1987 ζυμοῖ,
3339 1914 3428 1971 καὶ
3481 1914 3559 1979 εἷς
3610 1918 3753 1975 ἅπαν

323 2015 407 2066 tat
437 2009 921 2082 conspersionem
957 2014 1014 2064 et
1044 2008 1106 2065 in
1136 2012 1326 2063 totum
1360 2005 1718 2063 diffunditur
1748 2022 1762 2061 :
1799 2007 1881 2062 ita
1920 2011 1980 2061 et

322 2098 503 2170 hujus
534 2104 868 2170 peccatum,
914 2097 1131 2168 inquit,
1161 2096 1380 2153 multos
1435 2094 1507 2150 ad
1566 2113 1627 2151 se
1688 2094 1976 2153 attrahit:

323 2209 353 2238 ‹‹
388 2189 719 2260 Expurgate
759 2192 924 2242 vetus
962 2186 1345 2241 fermentum.
1383 2206 1411 2233 »
1460 2185 1577 2240 Hoc
1608 2191 1717 2252 est,
1748 2201 1847 2239 eos
1879 2183 1979 2255 qui

323 2276 424 2348 huj
436 2276 664 2331 usmodi
687 2276 1190 2348 operantur.459
1207 2277 1383 2330 Vetus
1398 2278 1597 2329 autem
1620 2275 1981 2329 fermentum

320 2368 483 2439 ipsos
515 2366 1081 2439 appellat,autquod
1112 2372 1355 2438 peccato
1377 2365 1691 2439 putrefacti
1725 2367 1863 2434 sint,
1881 2372 1983 2424 aut

313 2454 471 2529 quod
505 2470 716 2510 omnes
749 2455 811 2511 in
853 2455 1085 2511 Christo
1118 2471 1271 2511 nova
1303 2454 1424 2510 sint
1455 2460 1748 2523 creatura,
1782 2455 1981 2511 solum

313 2547 517 2598 autem
547 2548 861 2613 peccatum
885 2543 961 2598 sit
990 2547 1177 2597 vetus.

391 2630 605 2686 Dicens
639 2635 838 2686 autem
869 2654 897 2680 «
924 2633 1279 2704 Expurgate,
1311 2652 1339 2680 n
1378 2635 1648 2689 exactam
1685 2633 1981 2707 signiﬁcat

324 2721 765 2792 purgationem.
799 2743 825 2769 ‹‹
861 2723 932 2775 Ut
953 2720 1081 2775 sitis
1108 2736 1259 2775 nova
1288 2719 1655 2793 conspersio.
1692 2742 1719 2769 ››
1749 2721 1975 2779 Novum

327 2810 488 2864 enim
520 2810 831 2866 hominem
854 2808 1017 2865 novit
1038 2809 1340 2880 Scriptura
1370 2809 1469 2885 qui
1502 2809 1725 2882 probus
1749 2816 1858 2881 est,
1882 2829 1976 2867 ve-

322 2904 507 2953 terem
528 2916 663 2954 vero
687 2898 858 2953 illum
882 2898 981 2971 qui
1015 2897 1567 2971 impius.Signiﬁcat
1595 2904 1794 2957 autem
1821 2899 1980 2972 quod

322 3006 444 3049 non
474 2988 647 3045 multi
684 2994 853 3044 erant
884 2988 1041 3061 apud
1093 3004 1194 3043 eos
1254 2993 1612 3063 peccatores.
1649 3010 1675 3038 ‹‹
1730 2990 1802 3044 Ut
1850 2990 1979 3045 sitis

317 3095 468 3134 nova
499 3078 863 3150 conspersio.
897 3100 924 3125 η
958 3078 1075 3133 Hoc
1107 3081 1219 3149 est,
1270 3082 1434 3132 extra
1463 3083 1628 3132 vetus
1662 3076 1810 3135 illud
1858 3076 1977 3135 fer-

318 3167 692 3233 mentum,de
726 3184 841 3237 quo
864 3165 1111 3240 praedixi
1136 3166 1295 3240 quod
1321 3166 1586 3222 debeatis
1607 3166 1796 3242 azymi
1820 3183 1971 3236 esse,

316 3255 379 3311 id
411 3261 518 3324 est,
550 3256 844 3311 fermento
877 3260 1168 3311 carentes.
1193 3256 1262 3309 Et
1291 3254 1449 3311 unde
1480 3255 1864 3311 manifestum
1889 3261 1979 3312 est

317 3345 478 3417 quod
504 3344 799 3402 fermento
833 3362 1035 3400 carere
1064 3343 1389 3401 debeamus
1409 3342 1436 3399 ?
1456 3345 1536 3398 Ex
1561 3344 1767 3401 eodem
1792 3346 1977 3405 mani-

315 3434 539 3489 festum
570 3438 676 3489 est.
705 3456 732 3483 ‹‹
767 3433 911 3488 Nam
946 3432 1174 3488 Pascha
1206 3439 1474 3486 nostrum
1518 3449 1621 3509 pro
1656 3434 1828 3491 nobis
1860 3435 1976 3488 im-

316 3521 573 3578 molatus
608 3527 699 3578 est
728 3522 1011 3577 Christus.
1052 3544 1080 3572 ››
1116 3522 1282 3576 Sicut
1312 3539 1448 3595 ergo
1481 3522 1539 3575 hi
1580 3523 1681 3594 qui
1716 3522 1826 3577 sub
1847 3522 1975 3596 lege

316 3610 612 3675 vivebant.
646 3610 952 3667 immolato
986 3610 1057 3665 ab
1090 3610 1237 3682 ipsis
1261 3611 1622 3683 temporario
1654 3611 1975 3671 acirratio-

316 3705 438 3761 nali
471 3720 642 3777 agno,
678 3708 905 3775 septem
939 3700 1148 3756 diebus
1175 3706 1345 3755 erant
1386 3699 1595 3771 azymi,
1628 3700 1686 3757 id
1718 3706 1826 3768 est,
1855 3700 1974 3755 fer-

322 3799 524 3851 mento
556 3798 848 3849 carentes.
884 3791 1081 3863 Neque
1115 3788 1276 3845 enim
1307 3787 1526 3846 licebat
1551 3789 1975 3847 fermentatum

319 3901 539 3958 panem
572 3888 675 3939 aut
702 3881 863 3937 domi
896 3879 1115 3936 habere
1157 3884 1259 3935 aut
1298 3879 1494 3934 edere.
1538 3881 1622 3934 ita
1651 3896 1888 3952 quoque
1920 3885 1977 3934 et

321 3991 432 4031 nos
463 3979 684 4030 aaterno
717 3988 785 4027 ac
816 3968 1095 4026 rationali
1127 3986 1277 4041 agno
1310 3969 1408 4040 qui
1457 3966 1616 4029 tollit
1666 3976 1975 4045 peccatum

320 4061 528 4118 mundi
560 4077 665 4133 pro
696 4059 868 4115 nobis
891 4057 1199 4114 immolato
1232 4055 1368 4128 (hoc
1402 4055 1561 4111 enim
1594 4062 1685 4113 est
1704 4063 1975 4117 nostrum

316 4150 567 4221 Pascha)
599 4147 887 4204 debemus
933 4163 1170 4218 semper
1199 4145 1493 4199 fermento
1523 4160 1724 4205 carere
1756 4150 1814 4200 et
1846 4163 1976 4201 esse

319 4256 471 4295 nova
510 4236 949 4309 conspersio,ut
978 4233 1132 4289 nihil
1153 4233 1369 4287 veteris
1390 4232 1667 4291 fermenti
1701 4235 1819 4289 sive
1846 4251 1977 4307 pec-

320 4328 435 4385 cati
458 4326 629 4381 nobis
660 4324 775 4396 ipsi
803 4322 1201 4379 conferamus.
1238 4321 1381 4376 Vide
1423 4329 1623 4379 autem
1679 4323 1976 4394 quomodo

321 4419 761 4486 consequenter
791 4429 858 4467 ac
886 4410 1261 4468 familiariter
1281 4413 1680 4485 permanserit
1710 4413 1770 4466 in
1799 4416 1978 4469 meta-

322 4505 531 4579 phora.
566 4502 856 4569 Quoniam
883 4501 1044 4561 enim
1075 4506 1381 4574 peccatum
1415 4503 1544 4577 ejus
1571 4503 1672 4574 qui
1705 4507 1976 4577 stuprum

324 4594 725 4660 commiserat,
809 4588 1138 4665 appellarat
1196 4588 1593 4649 fermentum:
1651 4591 1975 4647 ostendens

2088 2004 2401 2079 ἀναχεῖται,
2434 2002 2606 2064 οὕτως
2663 2002 2753 2058 καὶ
2785 2005 2820 2072 ἡ
2846 2002 3045 2058 τούτου
3103 2004 3364 2079 ἁμαρτία,
3425 2003 3580 2081 φησὶ,
3611 2004 3750 2080 πρὸς

2092 2093 2286 2160 ἑαυτὴν
2358 2090 2650 2147 ἐπισπᾶται
2708 2089 2979 2154 πολλούς.
3029 2116 3054 2143 υ
3088 2091 3453 2167 Ἐκκαθάρατε
3499 2094 3600 2164 τήν
3644 2113 3754 2148 πα-

2090 2181 2250 2238 λαιὰν
2285 2182 2485 2256 ζύμην.
2523 2203 2551 2231 ››
2591 2181 2877 2250 Τουτέστι,
2909 2181 3039 2244 τοὺς
3100 2181 3168 2235 τὰ
3194 2186 3423 2236 τοιαῦτα
3477 2185 3717 2258 πράσσον

2085 2291 2202 2332 τας.
2234 2268 2478 2325 Παλαιὰν
2513 2265 2572 2324 δὲ
2604 2266 2799 2330 αὐτοὺς
2829 2266 3009 2343 ζύμην
3063 2268 3245 2339 καλεῖ,
3290 2269 3325 2340 ἢ
3382 2268 3472 2326 διὰ
3501 2271 3563 2331 τὸ
3596 2292 3725 2342 σεση

2087 2358 2339 2437 πέναιτῇ
2386 2359 2642 2434 ἁμαρτίᾳ,
2705 2357 2741 2428 ἢ
2799 2354 2883 2413 ὅτι
2941 2356 2995 2414 ἐν
3056 2361 3279 2439 Χριστῷ
3336 2359 3532 2427 πάντες
3586 2362 3751 2432 καινή

2085 2449 2281 2520 κτίσις,
2316 2448 2456 2527 μόνη
2493 2445 2550 2503 δὲ
2574 2450 2610 2519 ἡ
2644 2447 2886 2524 ἁμαρτία
2914 2445 3139 2504 παλαιά.

2159 2627 2231 2685 Τὸ
2264 2625 2342 2700 δὲ,
2382 2651 2409 2680 ‹‹
2436 2625 2821 2707 Ἐκκαθάρατε,
2853 2647 2884 2682 π
2924 2628 3025 2697 τήν
3075 2622 3274 2702 ἀκριϐῆ
3320 2626 3491 2701 δηλοῖ
3542 2630 3753 2708 κάθαρ-

2088 2739 2190 2775 σιν.
2222 2740 2252 2772 (ι
2285 2720 2402 2774 Ἳνα
2448 2720 2545 2791 ἥτε
2601 2715 2716 2773 νέον
2778 2716 3086 2797 φύραμα.»
3154 2720 3286 2790 Ἵνα,
3342 2720 3497 2797 φησί,
3556 2720 3757 2783 πάντες

2086 2809 2181 2881 ﬁt:
2219 2812 2317 2862 τοῦ
2384 2807 2504 2862 νέου
2564 2808 2902 2888 φυράματος.
2965 2808 3102 2865 Νέον
3162 2808 3265 2884 γὰρ
3331 2805 3479 2864 οἶδεν
3534 2808 3752 2886 ἅνθρω-

2086 2918 2186 2951 πον
2236 2898 2270 2967 ἡ
2324 2896 2509 2975 Γραφὴ
2568 2897 2659 2951 τὸν
2724 2895 2988 2972 ἐνάρετον,
3048 2894 3286 2953 παλαιὸν
3344 2896 3422 2968 δὲ,
3482 2900 3572 2961 τὸν
3632 2900 3751 2960 ἀσε-

2089 2980 2183 3059 ϐῆ.
2217 2985 2396 3061 Δηλοῖ
2426 2983 2483 3041 δὲ
2512 2986 2597 3042 ὅτι
2632 2986 2692 3044 ού
2724 2984 2933 3042 πολλοὶ
2974 2986 3109 3057 ἦσαν
3170 2989 3300 3071 παρ’
3355 2988 3541 3056 αὐτοῖς
3570 2991 3752 3067 ἁμαρ-

2085 3073 2280 3133 τωλοί.
2317 3100 2344 3127 ‹‹
2373 3078 2490 3131 Ἵνα
2523 3074 2709 3157 φησὶν,
2769 3076 2887 3145 ἦτε,
2919 3099 2945 3127 ››
2994 3075 3289 3148 τουτέστιν,
3342 3076 3495 3144 ἐκτὸς
3524 3085 3622 3151 τῆς
3651 3101 3777 3154 παπ

2086 3165 2245 3229 λαιᾶς
2309 3166 2487 3240 ζύμης
2557 3166 2763 3237 ἐκείνης
2844 3166 2969 3242 περὶ
3029 3168 3094 3238 ἦς
3165 3169 3291 3223 εἶπα
3326 3213 3339 3237 ,
3398 3171 3583 3234 καθώς
3633 3169 3754 3226 ἐστε

2092 3253 2312 3329 ἄζυμοι,
2383 3254 2579 3319 Καθὼς
2616 3300 2629 3325 ,
2687 3254 2843 3335 φησὶ,
2905 3255 3073 3333 χρέος
3133 3258 3261 3329 ὑμῖν
3322 3256 3462 3313 ἐστιν
3518 3259 3754 3334 ἀζύμοις

2090 3343 2251 3400 εἶναι.
2285 3345 2453 3408 Πόθεν
2488 3341 2546 3398 δὲ
2576 3340 2746 3413 δῆλον
2811 3343 2894 3399 ὅτι
2947 3342 3149 3418 ἄζυμοι
3210 3345 3502 3429 ὀφείλομεν
3559 3350 3700 3404 εἶναι
3737 3370 3749 3415 ;

2087 3434 2327 3490 Λύτύθεν
2362 3434 2613 3511 φανερόν.
2660 3434 2737 3489 Τὸ
2765 3432 2869 3509 γὰρ
2913 3457 2940 3485 ‹‹
2972 3435 3173 3511 Πάσχα
3204 3437 3387 3509 ἡμῶν,
3422 3436 3554 3512 ύπέρ
3588 3439 3749 3510 ἡμῶν

2086 3521 2248 3594 ἐτύθη
2285 3523 2538 3603 Χριστός.
2575 3546 2602 3573 ››
2660 3523 2865 3603 Ὥσπερ
2924 3523 3017 3578 οὗν
3078 3524 3130 3579 οἱ
3162 3522 3214 3580 ἐν
3245 3529 3323 3599 τῷ
3350 3526 3505 3598 νόμῳ
3561 3528 3741 3602 βιοῦν-

2084 3632 2193 3680 τες,
2257 3612 2528 3685 θυομένου
2598 3610 2783 3674 αὐτοῖς
2841 3618 2940 3668 τοῦ
2992 3615 3330 3693 προσκαίρου
3388 3616 3477 3670 καὶ
3537 3614 3742 3694 ἀλόγου

2087 3701 2283 3774 ἀμνοῦ,
2314 3699 2365 3754 ἐν
2397 3700 2532 3757 ἑπτὰ
2590 3695 2827 3777 ἡμέραις
2879 3700 3081 3775 ἄζυμοι
3141 3704 3278 3771 ἦσαν
3334 3702 3417 3775 (ού
3468 3705 3573 3785 γὰρ
3623 3703 3746 3776 ἐξῆν

2088 3790 2272 3853 αὐτοῖς
2334 3789 2686 3869 ἐζυμωμένον
2746 3787 2874 3847 οὕτε
2915 3789 3063 3869 ἔχειν
3129 3790 3270 3847 οἷ’κοι
3331 3791 3456 3849 οὔτε
3515 3800 3749 3872 φαγεῖν)·

2086 3880 2265 3942 οὕτως
2293 3878 2385 3935 καὶ
2458 3881 2638 3954 ὑμεῖς,
2696 3884 2794 3936 τοῦ
2855 3880 3077 3935 αἶώνίου
3134 3882 3224 3936 καὶ
3283 3880 3517 3958 λογικοῦ
3573 3885 3748 3958 ἀμνοῦ

2083 3973 2182 4024 τοῦ
2230 3966 2473 4044 αἴροντος
2532 3970 2632 4038 τὴν
2681 3970 2949 4048 ἁμαρτίαν
2983 3975 3081 4026 τοῦ
3137 3972 3347 4043 κόσμου
3411 3972 3538 4047 ὑπὲρ
3585 3976 3743 4041 ἡμῶν

2083 4059 2336 4119 τυθὲντος
2397 4063 2580 4132 (τοῦτο
2663 4059 2766 4136 γὰρ
2853 4057 2966 4115 ἐστι
3059 4060 3122 4117 τὸ
3180 4060 3446 4135 ἡμέτερον
3504 4062 3736 4143 Πάσχα)-

2086 4146 2383 4235 ὀφείωμεν
2414 4147 2612 4218 ἄζυμοι
2643 4147 2726 4203 ἀεὶ
2769 4149 2860 4204 καὶ
2912 4150 3093 4204 καινὸν
3122 4150 3345 4235 φύραμα
3376 4152 3530 4219 εἶναι,
3568 4148 3738 4225 μηδὲν

2083 4242 2185 4305 τῆς
2217 4234 2457 4297 παλαιᾶς
2494 4235 2692 4309 ζύμης,
2723 4235 2851 4307 ἤτοι
2881 4243 2982 4308 τῆς
3024 4234 3316 4314 ἁμαρτίας,
3368 4240 3581 4303 ἑαυτοῖς
3614 4261 3741 4295 συν·-

2086 4325 2492 4403 επιφερόμενοι.
2524 4327 2666 4400 Ὅρα
2724 4322 2782 4382 δὲ
2839 4331 2959 4388 πῶς
3011 4325 3384 4399 καταλλήλως
3443 4331 3532 4385 καὶ
3574 4351 3744 4405 προσ-

2086 4436 2228 4494 φυπς
2288 4413 2538 4488 ἐπέμεινε
2574 4418 2643 4487 τῇ
2699 4418 2901 4491 τροπῇ.
2962 4414 3189 4486 Ἐπειδὴ
3234 4418 3337 4492 γὰρ
3392 4422 3490 4474 τοῦ
3539 4439 3748 4497 πεπορ-

2085 4503 2335 4565 νευκότος
2394 4504 2492 4574 τήν
2554 4503 2822 4579 ἁμαρτίαν
2884 4505 3062 4579 ζύμην
3125 4503 3407 4578 ἐκάλεσεν,
3468 4506 3747 4587 ἐμφαίνων

2087 4593 2171 4648 ὅτι
2232 4593 2308 4664 μὴ
2369 4591 2832 4667 ἐκκαθαιρομένης
2890 4592 3116 4664 ταύτης,
3175 4593 3317 4670 ταχὺ
3379 4596 3472 4654 καὶ
3503 4598 3567 4653 τὸ
3599 4596 3743 4653 ἄλλο

321 4685 479 4758 quod
512 4701 578 4740 ex
612 4680 869 4751 hoc,nisi
896 4679 1264 4753 puriﬁcetur,
1288 4679 1462 4735 facile
1495 4686 1552 4734 et
1581 4679 1699 4737 alia
1731 4688 1976 4753 paratur

2091 4687 2552 4755 συναναζυμοῦται
2615 4683 2859 4758 φύραμα,
2914 4669 3506 4761 ἀκολούθωςῃῆρμοσε
3560 4688 3651 4741 καὶ
3684 4688 3753 4743 τὰ

318 4791 512 4832 massa
533 4770 1013 4845 siveconspersio
1039 4786 1051 4823 :
1087 4769 1310 4842 aptavit
1350 4775 1791 4842 consequenter
1821 4776 1879 4825 et
1909 4788 1979 4828 ea

316 4883 445 4937 quas
478 4868 1067 4935 sequuntur,ncmpe
1092 4865 1258 4914 vetus
1287 4859 1647 4917 fermentum
1682 4866 1740 4915 et
1767 4877 1978 4917 novam

319 4952 806 5024 conspersionem
838 4966 905 5007 ac
937 4966 1173 5020 azymos
1196 4948 1313 5003 sive
1344 4966 1529 5021 panes
1562 4949 1856 5008 fermento
1881 4966 1979 5004 ca-

322 5049 524 5099 rentes
560 5059 572 5095 :
605 5041 855 5094 virtutes
883 5055 951 5094 ac
982 5038 1123 5093 vitia
1144 5038 1237 5096 his
1261 5037 1581 5110 designans
1612 5038 1977 5095 nominibus.

327 5154 353 5181 ‹‹
390 5136 532 5188 Nam
555 5128 856 5185 etPascha
874 5126 1562 5199 nostrum.»Conjunctio
1586 5127 1689 5202 γάρ
1722 5126 1978 5183 causalis

324 5226 412 5277 est
442 5220 523 5275 ita
552 5218 871 5274 causaliter
896 5217 1158 5289 ponitur.
1194 5238 1220 5263 ‹‹
1256 5216 1402 5269 Nam
1450 5217 1674 5271 Pascha
1705 5222 1976 5295 nostrum

323 5328 429 5383 pro
463 5309 632 5365 nobis
664 5307 1007 5364 immolatus
1031 5304 1422 5361 estChristus.
1455 5327 1482 5354 ››
1511 5306 1800 5369 Quoniam
1820 5306 1975 5361 enim

316 5400 491 5473 Jubet
508 5398 599 5454 lex
622 5403 753 5470 post
770 5393 1151 5471 primogeniti
1178 5393 1477 5448 victimam
1500 5394 1559 5449 in
1580 5395 1864 5451 Paschate
1883 5413 1974 5451 se-

323 5495 485 5561 ptem
518 5487 726 5543 diebus
756 5503 942 5558 panes
962 5484 1256 5541 fermento
1289 5488 1561 5540 carentes
1604 5484 1802 5552 edere,
1834 5485 1980 5540 dicit

328 5576 487 5649 quod
517 5593 704 5648 panes
726 5576 814 5629 illi
846 5575 1138 5629 fermento
1163 5577 1432 5627 carentes
1483 5573 1670 5645 ﬁgura
1701 5581 1872 5629 erant
1901 5595 1975 5632 ne

326 5684 436 5723 nos
466 5666 791 5736 quidquam
826 5662 1105 5716 vitiorum
1137 5661 1199 5714 in
1225 5660 1398 5716 nobis
1426 5662 1571 5734 ipsis
1597 5666 1974 5735 haberemus,

330 5758 401 5811 de
433 5772 571 5828 quo,
603 5755 740 5820 ait,a
757 5751 1024 5807 Christus
1056 5748 1462 5822 immolatus,»
1491 5753 1553 5808 in
1579 5754 1826 5828 ﬁguram
1840 5756 1975 5827 agni

2086 4771 2323 4845 ἐφεξῆς,
2404 4773 2583 4847 ζύμην
2637 4771 2875 4829 παλαιὰν
2914 4817 2927 4843 ,
2985 4775 3074 4830 καὶ
3156 4776 3272 4831 νὲον
3324 4775 3549 4861 φύραμα
3584 4821 3598 4845 ,
3657 4782 3752 4834 καὶ

2083 4859 2349 4934 ἀζύμους,
2383 4863 2477 4923 τὰς
2537 4861 2727 4935 ἀρετὰς
2760 4861 2848 4917 καὶ
2908 4865 3121 4934 κακίας,
3180 4859 3398 4933 τούτοις
3457 4873 3574 4930 τοῖς
3628 4868 3751 4923 ὀνύ-

2088 4970 2247 5022 μασιν
2284 4948 2602 5019 ὑποδηλῶν.
2659 4976 2687 5001 ‹‹
2723 4952 2824 5008 Καὶ
2855 4952 2955 5033 γὰρ
3015 4955 3078 5007 τὸ
3139 4956 3353 5030 Πάσχα.
3390 4979 3418 5006 ››
3476 4958 3559 5026 Ὀ,
3620 4959 3747 5033 γάρ,

2084 5036 2384 5115 σύνδεσμος
2430 5037 2831 5119 αἷτιολογικύς.
2894 5042 3019 5097 Ἐπὶ
3073 5043 3223 5114 αἰτίᾳ
3288 5042 3381 5098 οὖν
3441 5050 3631 5100 κεῖται.
3667 5048 3745 5101 Τὸ

2080 5127 2207 5203 γὰρ,
2255 5152 2283 5179 ‹‹
2323 5129 2518 5208 Πάσχα
2576 5132 2739 5204 ἡμῶν
2800 5130 2933 5204 ὑπὲρ
2993 5132 3156 5203 ἡμῶν
3209 5130 3370 5203 ἐτύθη
3428 5131 3742 5210 Χριστός.»

2083 5214 2308 5286 Ἐπειδὴ
2341 5215 2442 5290 γὰρ
2476 5219 2505 5272 ὁ
2532 5218 2701 5293 νόμος
2761 5217 3069 5294 διαγορεύει
3106 5223 3241 5293 μετᾶ
3296 5223 3395 5289 τήν
3453 5226 3550 5277 τοῦ
3590 5243 3746 5299 πρω-

2082 5306 2316 5360 τοτόκου
2370 5306 2576 5376 θυσίαν,
2624 5317 2676 5362 ἐν
2731 5312 2809 5380 τῷ
2870 5308 3067 5383 Πάσχα
3098 5309 3231 5364 ἑπτὰ
3271 5313 3486 5389 ἡμέρας
3544 5310 3747 5388 ἄζυμα,

2085 5394 2279 5458 ἐσθίειν
2314 5439 2327 5463 ,
2384 5397 2547 5471 φησὶν
2588 5440 2602 5467 ,
2663 5396 2746 5452 δτι
2816 5396 2986 5458 τύπος
3052 5399 3119 5467 ἦν
3187 5400 3366 5456 ἐκεῖνα
3422 5402 3489 5457 τὰ
3546 5402 3751 5476 ἄζυμα,

2081 5489 2184 5540 τοῦ
2215 5485 2365 5558 ὑμᾶς
2401 5489 2476 5559 μή
2537 5485 2685 5561 ἔχειν
2740 5484 2794 5542 ἐν
2850 5487 3064 5550 ἑαυτοῖς
3090 5509 3143 5542 τι
3199 5495 3300 5559 τῆς
3354 5490 3566 5561 κακίας,
3626 5494 3750 5567 περὶ

2082 5576 2148 5643 ἧς
2180 5596 2366 5650 φησιν,
2397 5577 2459 5633 ·Ο
2508 5576 2612 5653 γὰρ
2674 5576 2908 5651 Χριστὸς
2962 5576 3165 5647 τυθεὶς,
3220 5578 3409 5656 φησὶν,
3442 5580 3518 5643 εἷς
3578 5583 3750 5637 τύπον

2082 5667 2180 5717 τοῦ
2236 5665 2592 5736 πρωτοτόκου
2651 5665 2824 5738 ἀμνοῦ
2855 5663 3091 5728 τέθυται.
3151 5666 3481 5741 Ἐποὶναγκες
3541 5668 3607 5723 οὗ
3656 5672 3749 5725 καὶ

2084 5754 2233 5826 ἡμᾶς
2265 5753 2355 5808 τὸν
2386 5752 2557 5809 τύπον
2614 5757 2722 5808 τῶν
2779 5753 3002 5827 ἀζύμων
3061 5753 3335 5830 πληροῦν,
3378 5757 3429 5812 ἐν
3456 5755 3536 5831 τῷ
3589 5759 3754 5817 ἐκκα-
