  <div class='ocr_page' id='page_1' title='image "/cluster/home/n/w/nwhite01/storage/ocr_20150623/118:no.1/coo.31924054870229/364.png"; bbox 0 0 4118 6428; ppageno 0'>
   <div class='ocr_carea' id='block_1_1' title="bbox 319 466 439 529">
    <p class='ocr_par' dir='ltr' id='par_1_1' title="bbox 319 466 439 529">
     <span class='ocr_line' id='line_1_1' title="bbox 319 466 439 529; baseline 0.008 -2"><span class='ocrx_word' id='word_1_1' title='bbox 319 466 439 529; x_wconf 82' lang='grc'>701</span> 
     </span>
    </p>
   </div>
   <div class='ocr_carea' id='block_1_2' title="bbox 1332 462 2798 532">
    <p class='ocr_par' dir='ltr' id='par_1_2' title="bbox 1332 462 2798 532">
     <span class='ocr_line' id='line_1_2' title="bbox 1332 462 2798 532; baseline 0.006 -8"><span class='ocrx_word' id='word_1_2' title='bbox 1332 463 1740 524; x_wconf 83' lang='lat' dir='ltr'>COMMENT.</span> <span class='ocrx_word' id='word_1_3' title='bbox 1788 462 1876 524; x_wconf 90' lang='lat' dir='ltr'>IN</span> <span class='ocrx_word' id='word_1_4' title='bbox 1920 462 2172 525; x_wconf 76' lang='lat' dir='ltr'>EPIST.</span> <span class='ocrx_word' id='word_1_5' title='bbox 2220 466 2245 526; x_wconf 95' lang='grc' dir='ltr'>Ι</span> <span class='ocrx_word' id='word_1_6' title='bbox 2288 466 2392 526; x_wconf 87' lang='lat' dir='ltr'><strong>AD</strong></span> <span class='ocrx_word' id='word_1_7' title='bbox 2434 470 2798 532; x_wconf 81' lang='lat' dir='ltr'>CORINTH.</span> 
     </span>
    </p>
   </div>
   <div class='ocr_carea' id='block_1_3' title="bbox 3637 476 3759 535">
    <p class='ocr_par' dir='ltr' id='par_1_3' title="bbox 3637 476 3759 535">
     <span class='ocr_line' id='line_1_3' title="bbox 3637 476 3759 535; baseline 0.016 -2"><span class='ocrx_word' id='word_1_8' title='bbox 3637 476 3759 535; x_wconf 75' lang='grc'>702</span> 
     </span>
    </p>
   </div>
   <div class='ocr_carea' id='block_1_4' title="bbox 317 594 1975 677">
    <p class='ocr_par' dir='ltr' id='par_1_4' title="bbox 317 594 1975 674">
     <span class='ocr_line' id='line_1_4' title="bbox 317 594 1975 674; baseline -0.004 -19"><span class='ocrx_word' id='word_1_9' title='bbox 317 597 532 674; x_wconf 84' lang='grc' dir='ltr'>θαίρειν</span> <span class='ocrx_word' id='word_1_10' title='bbox 566 597 789 657; x_wconf 64' lang='grc' dir='ltr'>ἑαυτοὺς</span> <span class='ocrx_word' id='word_1_11' title='bbox 833 595 941 655; x_wconf 79' lang='grc' dir='ltr'>ἀπὸ</span> <span class='ocrx_word' id='word_1_12' title='bbox 999 602 1100 666; x_wconf 78' lang='grc' dir='ltr'>τῆς</span> <span class='ocrx_word' id='word_1_13' title='bbox 1160 594 1340 670; x_wconf 79' lang='grc' dir='ltr'>ζύμης</span> <span class='ocrx_word' id='word_1_14' title='bbox 1400 600 1500 665; x_wconf 79' lang='grc' dir='ltr'>τῆς</span> <span class='ocrx_word' id='word_1_15' title='bbox 1552 594 1847 668; x_wconf 81' lang='grc' dir='ltr'>πονηρίας,</span> <span class='ocrx_word' id='word_1_16' title='bbox 1904 594 1975 648; x_wconf 82' lang='grc' dir='ltr'>’ἰνι</span> 
     </span>
    </p>
   </div>
   <div class='ocr_carea' id='block_1_5' title="bbox 2090 594 3758 677">
    <p class='ocr_par' dir='ltr' id='par_1_5' title="bbox 2106 597 3758 677">
     <span class='ocr_line' id='line_1_5' title="bbox 2106 597 3758 677; baseline 0.006 -22"><span class='ocrx_word' id='word_1_17' title='bbox 2106 597 2487 673; x_wconf 75' lang='lat' dir='ltr'>primogeniti</span> <span class='ocrx_word' id='word_1_18' title='bbox 2518 603 2863 661; x_wconf 80' lang='lat' dir='ltr'>immolatus</span> <span class='ocrx_word' id='word_1_19' title='bbox 2923 608 3032 662; x_wconf 87' lang='lat' dir='ltr'>est.</span> <span class='ocrx_word' id='word_1_20' title='bbox 3084 604 3329 677; x_wconf 80' lang='lat' dir='ltr'>Oportet</span> <span class='ocrx_word' id='word_1_21' title='bbox 3359 621 3494 677; x_wconf 72' lang='lat' dir='ltr'>ergo</span> <span class='ocrx_word' id='word_1_22' title='bbox 3551 610 3610 661; x_wconf 90' lang='lat' dir='ltr'>et</span> <span class='ocrx_word' id='word_1_23' title='bbox 3647 623 3758 667; x_wconf 87' lang='lat' dir='ltr'>nos</span> 
     </span>
    </p>
   </div>
   <div class='ocr_carea' id='block_1_6' title="bbox 312 685 1983 762">
    <p class='ocr_par' dir='ltr' id='par_1_6' title="bbox 312 685 1983 762">
     <span class='ocr_line' id='line_1_6' title="bbox 312 685 1983 762; baseline -0.007 -10"><span class='ocrx_word' id='word_1_24' title='bbox 312 688 553 752; x_wconf 80' lang='grc' dir='ltr'>τελείως</span> <span class='ocrx_word' id='word_1_25' title='bbox 582 685 907 762; x_wconf 69' lang='grc' dir='ltr'>ἆπιτελεσθῇ</span> <span class='ocrx_word' id='word_1_26' title='bbox 936 687 998 743; x_wconf 83' lang='grc' dir='ltr'>τὸ</span> <span class='ocrx_word' id='word_1_27' title='bbox 1037 686 1237 757; x_wconf 80' lang='grc' dir='ltr'>νοητὸν</span> <span class='ocrx_word' id='word_1_28' title='bbox 1268 686 1484 761; x_wconf 78' lang='grc' dir='ltr'>Πάσχα.</span> <span class='ocrx_word' id='word_1_29' title='bbox 1548 709 1573 737; x_wconf 80' lang='grc' dir='ltr'>ιι</span> <span class='ocrx_word' id='word_1_30' title='bbox 1611 685 1770 760; x_wconf 79' lang='grc' dir='ltr'>Ὑπὶρ</span> <span class='ocrx_word' id='word_1_31' title='bbox 1822 686 1983 757; x_wconf 78' lang='grc' dir='ltr'>ἡμῶν</span> 
     </span>
    </p>
   </div>
   <div class='ocr_carea' id='block_1_7' title="bbox 2099 687 3758 766">
    <p class='ocr_par' dir='ltr' id='par_1_7' title="bbox 2099 687 3758 766">
     <span class='ocr_line' id='line_1_7' title="bbox 2099 687 3758 766; baseline 0.006 -25"><span class='ocrx_word' id='word_1_32' title='bbox 2099 687 2347 759; x_wconf 82' lang='lat' dir='ltr'>ﬁguram</span> <span class='ocrx_word' id='word_1_33' title='bbox 2379 690 2679 764; x_wconf 90' lang='lat' dir='ltr'>complere</span> <span class='ocrx_word' id='word_1_34' title='bbox 2709 707 2931 764; x_wconf 89' lang='lat' dir='ltr'>panum</span> <span class='ocrx_word' id='word_1_35' title='bbox 2960 691 3254 748; x_wconf 85' lang='lat' dir='ltr'>fermento</span> <span class='ocrx_word' id='word_1_36' title='bbox 3273 693 3628 766; x_wconf 79' lang='lat' dir='ltr'>carentium,</span> <span class='ocrx_word' id='word_1_37' title='bbox 3654 712 3758 751; x_wconf 83' lang='lat' dir='ltr'>ex-</span> 
     </span>
    </p>
   </div>
   <div class='ocr_carea' id='block_1_8' title="bbox 315 772 1975 856">
    <p class='ocr_par' dir='ltr' id='par_1_8' title="bbox 315 772 1975 854">
     <span class='ocr_line' id='line_1_8' title="bbox 315 772 1975 854; baseline -0.003 -21"><span class='ocrx_word' id='word_1_38' title='bbox 315 777 488 851; x_wconf 71' lang='grc' dir='ltr'>ὶτύθη</span> <span class='ocrx_word' id='word_1_39' title='bbox 525 777 784 854; x_wconf 77' lang='grc' dir='ltr'>Χριστός.</span> <span class='ocrx_word' id='word_1_40' title='bbox 820 774 1051 839; x_wconf 76' lang='grc' dir='ltr'>»Πάλιν</span> <span class='ocrx_word' id='word_1_41' title='bbox 1100 775 1422 851; x_wconf 75' lang='grc' dir='ltr'>εὐεργεσιῶν</span> <span class='ocrx_word' id='word_1_42' title='bbox 1481 772 1776 850; x_wconf 67' lang='grc' dir='ltr'>μέμνηται.</span> <span class='ocrx_word' id='word_1_43' title='bbox 1825 776 1975 832; x_wconf 79' lang='grc' dir='ltr'>Ὥστε</span> 
     </span>
    </p>
   </div>
   <div class='ocr_carea' id='block_1_9' title="bbox 2090 772 3756 856">
    <p class='ocr_par' dir='ltr' id='par_1_9' title="bbox 2100 778 3756 856">
     <span class='ocr_line' id='line_1_9' title="bbox 2100 778 3756 856; baseline 0.008 -27"><span class='ocrx_word' id='word_1_44' title='bbox 2100 778 2408 850; x_wconf 83' lang='lat' dir='ltr'>purgando</span> <span class='ocrx_word' id='word_1_45' title='bbox 2438 796 2550 839; x_wconf 88' lang='lat' dir='ltr'>nos</span> <span class='ocrx_word' id='word_1_46' title='bbox 2580 780 2742 853; x_wconf 89' lang='lat' dir='ltr'>ipsos</span> <span class='ocrx_word' id='word_1_47' title='bbox 2773 797 2808 841; x_wconf 79' lang='grc' dir='ltr'>ιι</span> <span class='ocrx_word' id='word_1_48' title='bbox 2835 779 3128 839; x_wconf 83' lang='lat' dir='ltr'>fermento</span> <span class='ocrx_word' id='word_1_49' title='bbox 3159 782 3485 852; x_wconf 81' lang='lat' dir='ltr'>pravitatis,</span> <span class='ocrx_word' id='word_1_50' title='bbox 3519 788 3586 841; x_wconf 91' lang='lat' dir='ltr'>ut</span> <span class='ocrx_word' id='word_1_51' title='bbox 3616 801 3756 856; x_wconf 88' lang='lat' dir='ltr'>per-</span> 
     </span>
    </p>
   </div>
   <div class='ocr_carea' id='block_1_10' title="bbox 314 862 1984 945">
    <p class='ocr_par' dir='ltr' id='par_1_10' title="bbox 314 862 1984 945">
     <span class='ocr_line' id='line_1_10' title="bbox 314 862 1984 945; baseline -0.003 -20"><span class='ocrx_word' id='word_1_52' title='bbox 314 869 692 945; x_wconf 72' lang='grc' dir='ltr'>ὲορτάζωμεν.</span> <span class='ocrx_word' id='word_1_53' title='bbox 726 868 1033 943; x_wconf 83' lang='grc' dir='ltr'>Ἐορτάζειν</span> <span class='ocrx_word' id='word_1_54' title='bbox 1077 866 1180 944; x_wconf 75' lang='grc' dir='ltr'>γὰρ</span> <span class='ocrx_word' id='word_1_55' title='bbox 1240 866 1354 940; x_wconf 81' lang='grc' dir='ltr'>χρὴ</span> <span class='ocrx_word' id='word_1_56' title='bbox 1406 865 1495 925; x_wconf 85' lang='grc' dir='ltr'>ἐπὶ</span> <span class='ocrx_word' id='word_1_57' title='bbox 1542 868 1661 927; x_wconf 82' lang='grc' dir='ltr'>ταῖς</span> <span class='ocrx_word' id='word_1_58' title='bbox 1720 862 1984 941; x_wconf 77' lang='grc' dir='ltr'>μεγάλαις</span> 
     </span>
    </p>
   </div>
   <div class='ocr_carea' id='block_1_11' title="bbox 317 952 1986 1036">
    <p class='ocr_par' dir='ltr' id='par_1_11' title="bbox 317 952 1986 1036">
     <span class='ocr_line' id='line_1_11' title="bbox 317 952 1986 1036; baseline -0.002 -22"><span class='ocrx_word' id='word_1_59' title='bbox 317 957 544 1036; x_wconf 79' lang='grc' dir='ltr'>δωρεῖς.</span> <span class='ocrx_word' id='word_1_60' title='bbox 577 981 607 1011; x_wconf 79' lang='grc' dir='ltr'>ιι</span> <span class='ocrx_word' id='word_1_61' title='bbox 642 958 734 1026; x_wconf 79' lang='grc' dir='ltr'>Μὴ</span> <span class='ocrx_word' id='word_1_62' title='bbox 763 955 817 1015; x_wconf 72' lang='grc' dir='ltr'>ἐν</span> <span class='ocrx_word' id='word_1_63' title='bbox 852 955 1000 1032; x_wconf 72' lang='grc' dir='ltr'>ζύμῃ</span> <span class='ocrx_word' id='word_1_64' title='bbox 1049 954 1278 1027; x_wconf 82' lang='grc' dir='ltr'>παλαιᾷ.</span> <span class='ocrx_word' id='word_1_65' title='bbox 1313 978 1343 1011; x_wconf 71' lang='grc' dir='ltr'>υ</span> <span class='ocrx_word' id='word_1_66' title='bbox 1402 958 1481 1029; x_wconf 74' lang='grc' dir='ltr'>Τῇ</span> <span class='ocrx_word' id='word_1_67' title='bbox 1536 957 1718 1028; x_wconf 80' lang='grc' dir='ltr'>τροπῇ</span> <span class='ocrx_word' id='word_1_68' title='bbox 1779 952 1986 1031; x_wconf 67' lang='grc' dir='ltr'>ἐνέμει-</span> 
     </span>
    </p>
   </div>
   <div class='ocr_carea' id='block_1_12' title="bbox 313 1043 1983 1122">
    <p class='ocr_par' dir='ltr' id='par_1_12' title="bbox 313 1043 1983 1122">
     <span class='ocr_line' id='line_1_12' title="bbox 313 1043 1983 1122; baseline -0.005 -17"><span class='ocrx_word' id='word_1_69' title='bbox 313 1069 429 1117; x_wconf 85' lang='grc' dir='ltr'>νεν,</span> <span class='ocrx_word' id='word_1_70' title='bbox 464 1047 662 1107; x_wconf 77' lang='grc' dir='ltr'>ὡσανεὶ</span> <span class='ocrx_word' id='word_1_71' title='bbox 710 1043 902 1122; x_wconf 72' lang='grc' dir='ltr'>λέγων’</span> <span class='ocrx_word' id='word_1_72' title='bbox 942 1047 1035 1116; x_wconf 75' lang='grc' dir='ltr'>Μὴ</span> <span class='ocrx_word' id='word_1_73' title='bbox 1095 1045 1147 1105; x_wconf 71' lang='grc' dir='ltr'>ἑν</span> <span class='ocrx_word' id='word_1_74' title='bbox 1206 1048 1435 1119; x_wconf 80' lang='grc' dir='ltr'>πονηρῷ</span> <span class='ocrx_word' id='word_1_75' title='bbox 1492 1044 1582 1099; x_wconf 82' lang='grc' dir='ltr'>καὶ</span> <span class='ocrx_word' id='word_1_76' title='bbox 1643 1047 1796 1116; x_wconf 84' lang='grc' dir='ltr'>κακῷ</span> <span class='ocrx_word' id='word_1_77' title='bbox 1854 1043 1983 1118; x_wconf 80' lang='grc' dir='ltr'>βίῳ,</span> 
     </span>
    </p>
   </div>
   <div class='ocr_carea' id='block_1_13' title="bbox 310 1130 1983 1213">
    <p class='ocr_par' dir='ltr' id='par_1_13' title="bbox 310 1130 1983 1213">
     <span class='ocr_line' id='line_1_13' title="bbox 310 1130 1983 1213; baseline -0.005 -18"><span class='ocrx_word' id='word_1_78' title='bbox 310 1136 450 1195; x_wconf 70' lang='grc' dir='ltr'>ἀλλ’</span> <span class='ocrx_word' id='word_1_79' title='bbox 482 1135 537 1195; x_wconf 70' lang='grc' dir='ltr'>ἂν</span> <span class='ocrx_word' id='word_1_80' title='bbox 566 1134 677 1213; x_wconf 77' lang='grc' dir='ltr'>βίῳ</span> <span class='ocrx_word' id='word_1_81' title='bbox 711 1137 789 1209; x_wconf 81' lang='grc' dir='ltr'>μή</span> <span class='ocrx_word' id='word_1_82' title='bbox 820 1130 1010 1211; x_wconf 70' lang='grc' dir='ltr'>ἔχοντι</span> <span class='ocrx_word' id='word_1_83' title='bbox 1043 1134 1323 1211; x_wconf 74' lang='grc' dir='ltr'>ἐπιμιξίαν</span> <span class='ocrx_word' id='word_1_84' title='bbox 1355 1140 1455 1204; x_wconf 76' lang='grc' dir='ltr'>τῆς</span> <span class='ocrx_word' id='word_1_85' title='bbox 1485 1137 1717 1194; x_wconf 76' lang='grc' dir='ltr'>πακαιᾶς</span> <span class='ocrx_word' id='word_1_86' title='bbox 1769 1130 1983 1204; x_wconf 79' lang='grc' dir='ltr'>ἐκείνης</span> 
     </span>
    </p>
   </div>
   <div class='ocr_carea' id='block_1_14' title="bbox 318 1221 1984 1300">
    <p class='ocr_par' dir='ltr' id='par_1_14' title="bbox 318 1221 1984 1300">
     <span class='ocr_line' id='line_1_14' title="bbox 318 1221 1984 1300; baseline -0.003 -17"><span class='ocrx_word' id='word_1_87' title='bbox 318 1227 507 1300; x_wconf 77' lang='grc' dir='ltr'>ζύμης</span> <span class='ocrx_word' id='word_1_88' title='bbox 562 1233 665 1296; x_wconf 77' lang='grc' dir='ltr'>τῆς</span> <span class='ocrx_word' id='word_1_89' title='bbox 725 1222 964 1298; x_wconf 58' lang='lat' dir='ltr'>agaso»;</span> <span class='ocrx_word' id='word_1_90' title='bbox 1020 1224 1111 1285; x_wconf 83' lang='grc' dir='ltr'>καὶ</span> <span class='ocrx_word' id='word_1_91' title='bbox 1198 1221 1517 1295; x_wconf 84' lang='grc' dir='ltr'>σεσηπυίας,</span> <span class='ocrx_word' id='word_1_92' title='bbox 1575 1221 1870 1293; x_wconf 79' lang='grc' dir='ltr'>τουτὲςτιν,</span> <span class='ocrx_word' id='word_1_93' title='bbox 1931 1221 1984 1278; x_wconf 83' lang='grc' dir='ltr'>ἐν</span> 
     </span>
    </p>
   </div>
   <div class='ocr_carea' id='block_1_15' title="bbox 308 1309 1983 1395">
    <p class='ocr_par' dir='ltr' id='par_1_15' title="bbox 308 1309 1983 1395">
     <span class='ocr_line' id='line_1_15' title="bbox 308 1309 1983 1395; baseline -0.002 -24"><span class='ocrx_word' id='word_1_94' title='bbox 308 1318 542 1393; x_wconf 75' lang='grc' dir='ltr'>καθαρῷ</span> <span class='ocrx_word' id='word_1_95' title='bbox 569 1315 661 1377; x_wconf 77' lang='grc' dir='ltr'>καὶ</span> <span class='ocrx_word' id='word_1_96' title='bbox 702 1309 994 1387; x_wconf 71' lang='grc' dir='ltr'>ἁκιϐδήλῳ</span> <span class='ocrx_word' id='word_1_97' title='bbox 1026 1314 1156 1395; x_wconf 83' lang='grc' dir='ltr'>βίῳ,</span> <span class='ocrx_word' id='word_1_98' title='bbox 1186 1315 1364 1377; x_wconf 79' lang='grc' dir='ltr'>Τοῦτο</span> <span class='ocrx_word' id='word_1_99' title='bbox 1392 1315 1500 1389; x_wconf 80' lang='grc' dir='ltr'>γάρ</span> <span class='ocrx_word' id='word_1_100' title='bbox 1555 1310 1719 1383; x_wconf 79' lang='grc' dir='ltr'>ἐστιν,</span> <span class='ocrx_word' id='word_1_101' title='bbox 1755 1334 1784 1365; x_wconf 84' lang='grc' dir='ltr'>ι(</span> <span class='ocrx_word' id='word_1_102' title='bbox 1817 1312 1983 1386; x_wconf 76' lang='grc' dir='ltr'>Ἀζύ-</span> 
     </span>
    </p>
   </div>
   <div class='ocr_carea' id='block_1_16' title="bbox 315 1399 1334 1485">
    <p class='ocr_par' dir='ltr' id='par_1_16' title="bbox 315 1399 1334 1485">
     <span class='ocr_line' id='line_1_16' title="bbox 315 1399 1334 1485; baseline -0.003 -27"><span class='ocrx_word' id='word_1_103' title='bbox 315 1424 451 1476; x_wconf 86' lang='grc' dir='ltr'>μοις</span> <span class='ocrx_word' id='word_1_104' title='bbox 482 1402 834 1485; x_wconf 78' lang='grc' dir='ltr'>εἰλικρινείας</span> <span class='ocrx_word' id='word_1_105' title='bbox 860 1404 952 1460; x_wconf 89' lang='grc' dir='ltr'>καὶ</span> <span class='ocrx_word' id='word_1_106' title='bbox 983 1399 1270 1474; x_wconf 74' lang='grc' dir='ltr'>ἀληθείας.</span> <span class='ocrx_word' id='word_1_107' title='bbox 1307 1426 1334 1455; x_wconf 73' lang='grc' dir='ltr'>ιι</span> 
     </span>
    </p>
   </div>
   <div class='ocr_carea' id='block_1_17' title="bbox 2093 867 3756 933">
    <p class='ocr_par' dir='ltr' id='par_1_17' title="bbox 2093 867 3756 933">
     <span class='ocr_line' id='line_1_17' title="bbox 2093 867 3756 933; baseline 0.004 -6"><span class='ocrx_word' id='word_1_108' title='bbox 2093 867 2248 927; x_wconf 82' lang='lat' dir='ltr'>fecte</span> <span class='ocrx_word' id='word_1_109' title='bbox 2275 869 2612 929; x_wconf 76' lang='lat' dir='ltr'>celebretur</span> <span class='ocrx_word' id='word_1_110' title='bbox 2668 873 2732 929; x_wconf 86' lang='lat' dir='ltr'>in</span> <span class='ocrx_word' id='word_1_111' title='bbox 2790 871 2966 928; x_wconf 89' lang='lat' dir='ltr'>nobis</span> <span class='ocrx_word' id='word_1_112' title='bbox 3039 872 3451 929; x_wconf 88' lang='lat' dir='ltr'>intellectuale</span> <span class='ocrx_word' id='word_1_113' title='bbox 3508 876 3756 933; x_wconf 82' lang='lat' dir='ltr'>Pascha.</span> 
     </span>
    </p>
   </div>
   <div class='ocr_carea' id='block_1_18' title="bbox 2096 961 3759 1023">
    <p class='ocr_par' dir='ltr' id='par_1_18' title="bbox 2096 961 3759 1023">
     <span class='ocr_line' id='line_1_18' title="bbox 2096 961 3759 1023; baseline 0.004 -7"><span class='ocrx_word' id='word_1_114' title='bbox 2096 981 2124 1009; x_wconf 87' lang='grc'>‹‹</span> <span class='ocrx_word' id='word_1_115' title='bbox 2161 961 2274 1016; x_wconf 89' lang='lat' dir='ltr'>Pro</span> <span class='ocrx_word' id='word_1_116' title='bbox 2307 961 2479 1019; x_wconf 86' lang='lat' dir='ltr'>nobis</span> <span class='ocrx_word' id='word_1_117' title='bbox 2510 962 2857 1023; x_wconf 80' lang='lat' dir='ltr'>immolatus</span> <span class='ocrx_word' id='word_1_118' title='bbox 2889 968 2979 1021; x_wconf 86' lang='lat' dir='ltr'>est</span> <span class='ocrx_word' id='word_1_119' title='bbox 3009 963 3298 1020; x_wconf 72' lang='lat' dir='ltr'>Christus.</span> <span class='ocrx_word' id='word_1_120' title='bbox 3336 985 3364 1013; x_wconf 71' lang='grc' dir='ltr'><strong>η</strong></span> <span class='ocrx_word' id='word_1_121' title='bbox 3397 967 3620 1023; x_wconf 80' lang='lat' dir='ltr'>Rursus</span> <span class='ocrx_word' id='word_1_122' title='bbox 3652 967 3759 1023; x_wconf 86' lang='lat' dir='ltr'>be-</span> 
     </span>
    </p>
   </div>
   <div class='ocr_carea' id='block_1_19' title="bbox 2097 1048 3755 1124">
    <p class='ocr_par' dir='ltr' id='par_1_19' title="bbox 2097 1048 3755 1124">
     <span class='ocr_line' id='line_1_19' title="bbox 2097 1048 3755 1124; baseline -0.001 -17"><span class='ocrx_word' id='word_1_123' title='bbox 2097 1048 2452 1113; x_wconf 79' lang='lat' dir='ltr'>neﬁciorum</span> <span class='ocrx_word' id='word_1_124' title='bbox 2484 1052 2781 1112; x_wconf 83' lang='lat' dir='ltr'>meminit.</span> <span class='ocrx_word' id='word_1_125' title='bbox 2820 1076 2840 1107; x_wconf 74' lang='grc' dir='ltr'>ι</span> <span class='ocrx_word' id='word_1_126' title='bbox 2862 1052 3068 1124; x_wconf 81' lang='lat' dir='ltr'>Itaque</span> <span class='ocrx_word' id='word_1_127' title='bbox 3084 1052 3303 1108; x_wconf 85' lang='lat' dir='ltr'>festum</span> <span class='ocrx_word' id='word_1_128' title='bbox 3326 1052 3755 1113; x_wconf 78' lang='lat' dir='ltr'>celebremus.»</span> 
     </span>
    </p>
   </div>
   <div class='ocr_carea' id='block_1_20' title="bbox 2095 1138 3756 1214">
    <p class='ocr_par' dir='ltr' id='par_1_20' title="bbox 2095 1138 3756 1214">
     <span class='ocr_line' id='line_1_20' title="bbox 2095 1138 3756 1214; baseline 0.002 -16"><span class='ocrx_word' id='word_1_129' title='bbox 2095 1138 2240 1198; x_wconf 82' lang='lat' dir='ltr'>Nam</span> <span class='ocrx_word' id='word_1_130' title='bbox 2272 1139 2346 1197; x_wconf 91' lang='lat' dir='ltr'>ob</span> <span class='ocrx_word' id='word_1_131' title='bbox 2374 1156 2590 1214; x_wconf 79' lang='lat' dir='ltr'>magna</span> <span class='ocrx_word' id='word_1_132' title='bbox 2620 1141 2778 1199; x_wconf 85' lang='lat' dir='ltr'>dona</span> <span class='ocrx_word' id='word_1_133' title='bbox 2807 1141 3111 1201; x_wconf 86' lang='lat' dir='ltr'>celebrare</span> <span class='ocrx_word' id='word_1_134' title='bbox 3141 1140 3294 1199; x_wconf 87' lang='lat' dir='ltr'>festa</span> <span class='ocrx_word' id='word_1_135' title='bbox 3324 1147 3575 1213; x_wconf 83' lang='lat' dir='ltr'>oportet.</span> <span class='ocrx_word' id='word_1_136' title='bbox 3603 1145 3756 1201; x_wconf 74' lang='lat'>460</span> 
     </span>
    </p>
   </div>
   <div class='ocr_carea' id='block_1_21' title="bbox 2094 1228 3759 1303">
    <p class='ocr_par' dir='ltr' id='par_1_21' title="bbox 2094 1228 3759 1303">
     <span class='ocr_line' id='line_1_21' title="bbox 2094 1228 3759 1303; baseline 0.003 -20"><span class='ocrx_word' id='word_1_137' title='bbox 2094 1247 2123 1276; x_wconf 80' lang='grc' dir='ltr'>α</span> <span class='ocrx_word' id='word_1_138' title='bbox 2156 1228 2285 1287; x_wconf 87' lang='lat' dir='ltr'>Non</span> <span class='ocrx_word' id='word_1_139' title='bbox 2317 1229 2377 1289; x_wconf 90' lang='lat' dir='ltr'>in</span> <span class='ocrx_word' id='word_1_140' title='bbox 2407 1229 2703 1288; x_wconf 86' lang='lat' dir='ltr'>fermento</span> <span class='ocrx_word' id='word_1_141' title='bbox 2734 1232 2937 1289; x_wconf 82' lang='lat' dir='ltr'>veteri.</span> <span class='ocrx_word' id='word_1_142' title='bbox 2973 1252 2998 1279; x_wconf 69' lang='grc' dir='ltr'>ιι</span> <span class='ocrx_word' id='word_1_143' title='bbox 3032 1233 3097 1287; x_wconf 92' lang='lat' dir='ltr'>In</span> <span class='ocrx_word' id='word_1_144' title='bbox 3122 1231 3476 1302; x_wconf 78' lang='lat' dir='ltr'>metaphora</span> <span class='ocrx_word' id='word_1_145' title='bbox 3494 1248 3759 1303; x_wconf 85' lang='lat' dir='ltr'>perseve-</span> 
     </span>
    </p>
   </div>
   <div class='ocr_carea' id='block_1_22' title="bbox 2093 1318 3755 1393">
    <p class='ocr_par' dir='ltr' id='par_1_22' title="bbox 2093 1318 3755 1393">
     <span class='ocr_line' id='line_1_22' title="bbox 2093 1318 3755 1393; baseline 0.002 -18"><span class='ocrx_word' id='word_1_146' title='bbox 2093 1320 2203 1383; x_wconf 83' lang='lat' dir='ltr'>rat,</span> <span class='ocrx_word' id='word_1_147' title='bbox 2239 1333 2307 1375; x_wconf 88' lang='lat' dir='ltr'>ac</span> <span class='ocrx_word' id='word_1_148' title='bbox 2338 1318 2387 1374; x_wconf 89' lang='lat' dir='ltr'>si</span> <span class='ocrx_word' id='word_1_149' title='bbox 2418 1318 2681 1379; x_wconf 81' lang='lat' dir='ltr'>diceret:</span> <span class='ocrx_word' id='word_1_150' title='bbox 2715 1321 2842 1377; x_wconf 88' lang='lat' dir='ltr'>Non</span> <span class='ocrx_word' id='word_1_151' title='bbox 2895 1320 2954 1379; x_wconf 85' lang='lat' dir='ltr'>in</span> <span class='ocrx_word' id='word_1_152' title='bbox 3004 1320 3221 1377; x_wconf 84' lang='lat' dir='ltr'>vitiosa</span> <span class='ocrx_word' id='word_1_153' title='bbox 3266 1336 3565 1393; x_wconf 87' lang='lat' dir='ltr'>pravaque</span> <span class='ocrx_word' id='word_1_154' title='bbox 3614 1322 3755 1391; x_wconf 85' lang='lat' dir='ltr'>vita,</span> 
     </span>
    </p>
   </div>
   <div class='ocr_carea' id='block_1_23' title="bbox 2095 1404 3755 1480">
    <p class='ocr_par' dir='ltr' id='par_1_23' title="bbox 2095 1404 3755 1480">
     <span class='ocr_line' id='line_1_23' title="bbox 2095 1404 3755 1480; baseline 0.004 -19"><span class='ocrx_word' id='word_1_155' title='bbox 2095 1404 2198 1465; x_wconf 87' lang='lat' dir='ltr'>sed</span> <span class='ocrx_word' id='word_1_156' title='bbox 2225 1406 2288 1465; x_wconf 87' lang='lat' dir='ltr'>in</span> <span class='ocrx_word' id='word_1_157' title='bbox 2319 1407 2439 1465; x_wconf 87' lang='lat' dir='ltr'>vita</span> <span class='ocrx_word' id='word_1_158' title='bbox 2468 1425 2600 1480; x_wconf 69' lang='lat' dir='ltr'>quia</span> <span class='ocrx_word' id='word_1_159' title='bbox 2630 1409 3112 1469; x_wconf 89' lang='lat' dir='ltr'>commistionem</span> <span class='ocrx_word' id='word_1_160' title='bbox 3146 1425 3269 1465; x_wconf 92' lang='lat' dir='ltr'>non</span> <span class='ocrx_word' id='word_1_161' title='bbox 3290 1408 3510 1466; x_wconf 86' lang='lat' dir='ltr'>habeat</span> <span class='ocrx_word' id='word_1_162' title='bbox 3537 1412 3755 1469; x_wconf 75' lang='lat' dir='ltr'>veteris</span> 
     </span>
    </p>
   </div>
   <div class='ocr_carea' id='block_1_24' title="bbox 306 1492 3757 1570">
    <p class='ocr_par' dir='ltr' id='par_1_24' title="bbox 306 1492 3757 1570">
     <span class='ocr_line' id='line_1_24' title="bbox 306 1492 3757 1570; baseline 0.001 -20"><span class='ocrx_word' id='word_1_163' title='bbox 306 1495 484 1556; x_wconf 87' lang='lat' dir='ltr'>illius</span> <span class='ocrx_word' id='word_1_164' title='bbox 514 1494 793 1557; x_wconf 78' lang='lat' dir='ltr'>fermentl</span> <span class='ocrx_word' id='word_1_165' title='bbox 827 1494 983 1551; x_wconf 83' lang='lat' dir='ltr'>acidi</span> <span class='ocrx_word' id='word_1_166' title='bbox 1013 1494 1325 1567; x_wconf 70' lang='lat' dir='ltr'>gravisque</span> <span class='ocrx_word' id='word_1_167' title='bbox 1352 1492 1572 1560; x_wconf 87' lang='lat' dir='ltr'>odoris,</span> <span class='ocrx_word' id='word_1_168' title='bbox 1607 1492 1719 1548; x_wconf 87' lang='lat' dir='ltr'>hoc</span> <span class='ocrx_word' id='word_1_169' title='bbox 1751 1498 1842 1547; x_wconf 89' lang='lat' dir='ltr'>est</span> <span class='ocrx_word' id='word_1_170' title='bbox 1870 1492 1931 1548; x_wconf 92' lang='lat' dir='ltr'>in</span> <span class='ocrx_word' id='word_1_171' title='bbox 1969 1509 2123 1565; x_wconf 84' lang='lat' dir='ltr'>pura</span> <span class='ocrx_word' id='word_1_172' title='bbox 2151 1495 2618 1570; x_wconf 85' lang='lat' dir='ltr'>incorruptaque</span> <span class='ocrx_word' id='word_1_173' title='bbox 2648 1498 2764 1559; x_wconf 84' lang='lat' dir='ltr'>vita</span> <span class='ocrx_word' id='word_1_174' title='bbox 2795 1516 2808 1559; x_wconf 85' lang='lat'><strong>;</strong></span> <span class='ocrx_word' id='word_1_175' title='bbox 2842 1514 2982 1558; x_wconf 81' lang='lat' dir='ltr'>nam</span> <span class='ocrx_word' id='word_1_176' title='bbox 3008 1497 3120 1555; x_wconf 91' lang='lat' dir='ltr'>hoc</span> <span class='ocrx_word' id='word_1_177' title='bbox 3152 1503 3244 1554; x_wconf 85' lang='lat' dir='ltr'>est</span> <span class='ocrx_word' id='word_1_178' title='bbox 3291 1499 3450 1570; x_wconf 88' lang='lat' dir='ltr'>quod</span> <span class='ocrx_word' id='word_1_179' title='bbox 3492 1500 3596 1555; x_wconf 84' lang='lat' dir='ltr'>ait.</span> <span class='ocrx_word' id='word_1_180' title='bbox 3629 1521 3658 1550; x_wconf 78' lang='grc' dir='ltr'>ιι</span> <span class='ocrx_word' id='word_1_181' title='bbox 3692 1501 3757 1559; x_wconf 81' lang='lat' dir='ltr'>In</span> 
     </span>
    </p>
   </div>
   <div class='ocr_carea' id='block_1_25' title="bbox 303 1581 3728 1660">
    <p class='ocr_par' dir='ltr' id='par_1_25' title="bbox 303 1581 3728 1660">
     <span class='ocr_line' id='line_1_25' title="bbox 303 1581 3728 1660; baseline 0.001 -20"><span class='ocrx_word' id='word_1_182' title='bbox 303 1585 535 1658; x_wconf 73' lang='lat' dir='ltr'>azymis</span> <span class='ocrx_word' id='word_1_183' title='bbox 564 1584 926 1645; x_wconf 76' lang='lat' dir='ltr'>sinceritatis</span> <span class='ocrx_word' id='word_1_184' title='bbox 954 1588 1014 1645; x_wconf 83' lang='lat' dir='ltr'>et</span> <span class='ocrx_word' id='word_1_185' title='bbox 1042 1582 1307 1643; x_wconf 76' lang='lat' dir='ltr'>veritatis</span> <span class='ocrx_word' id='word_1_186' title='bbox 1341 1604 1367 1632; x_wconf 84' lang='lat'>»</span> <span class='ocrx_word' id='word_1_187' title='bbox 1401 1581 1487 1655; x_wconf 84' lang='lat' dir='ltr'>(id</span> <span class='ocrx_word' id='word_1_188' title='bbox 1519 1587 1629 1651; x_wconf 88' lang='lat' dir='ltr'>est,</span> <span class='ocrx_word' id='word_1_189' title='bbox 1660 1582 1722 1637; x_wconf 92' lang='lat' dir='ltr'>in</span> <span class='ocrx_word' id='word_1_190' title='bbox 1755 1581 2011 1653; x_wconf 89' lang='lat' dir='ltr'>panibus</span> <span class='ocrx_word' id='word_1_191' title='bbox 2035 1582 2334 1646; x_wconf 81' lang='lat' dir='ltr'>fermento</span> <span class='ocrx_word' id='word_1_192' title='bbox 2364 1587 2707 1647; x_wconf 83' lang='lat' dir='ltr'>carentibus</span> <span class='ocrx_word' id='word_1_193' title='bbox 2725 1586 2827 1659; x_wconf 87' lang='lat' dir='ltr'>qui</span> <span class='ocrx_word' id='word_1_194' title='bbox 2859 1593 3000 1645; x_wconf 83' lang='lat' dir='ltr'>sunt</span> <span class='ocrx_word' id='word_1_195' title='bbox 3028 1587 3343 1645; x_wconf 82' lang='lat' dir='ltr'>sinceritas</span> <span class='ocrx_word' id='word_1_196' title='bbox 3376 1603 3445 1647; x_wconf 90' lang='lat' dir='ltr'>ac</span> <span class='ocrx_word' id='word_1_197' title='bbox 3487 1588 3728 1660; x_wconf 75' lang='lat' dir='ltr'>veritas)</span> 
     </span>
    </p>
   </div>
   <div class='ocr_carea' id='block_1_26' title="bbox 384 1675 1977 1757">
    <p class='ocr_par' dir='ltr' id='par_1_26' title="bbox 384 1675 1977 1757">
     <span class='ocr_line' id='line_1_26' title="bbox 384 1675 1977 1757; baseline -0.004 -19"><span class='ocrx_word' id='word_1_198' title='bbox 384 1682 641 1757; x_wconf 79' lang='grc' dir='ltr'>Ἔγραψα</span> <span class='ocrx_word' id='word_1_199' title='bbox 707 1680 837 1755; x_wconf 78' lang='grc' dir='ltr'>ὑμῖν</span> <span class='ocrx_word' id='word_1_200' title='bbox 894 1678 948 1739; x_wconf 69' lang='grc' dir='ltr'>ἄν</span> <span class='ocrx_word' id='word_1_201' title='bbox 1013 1683 1085 1753; x_wconf 69' lang='grc' dir='ltr'>τῇ</span> <span class='ocrx_word' id='word_1_202' title='bbox 1181 1676 1475 1751; x_wconf 73' lang='grc' dir='ltr'>ἆπιστολῇ,</span> <span class='ocrx_word' id='word_1_203' title='bbox 1540 1679 1615 1751; x_wconf 83' lang='grc' dir='ltr'>μή</span> <span class='ocrx_word' id='word_1_204' title='bbox 1685 1675 1977 1751; x_wconf 71' lang='grc' dir='ltr'>συναναμίο</span> 
     </span>
    </p>
   </div>
   <div class='ocr_carea' id='block_1_27' title="bbox 298 1767 1977 1847">
    <p class='ocr_par' dir='ltr' id='par_1_27' title="bbox 298 1767 1977 1847">
     <span class='ocr_line' id='line_1_27' title="bbox 298 1767 1977 1847; baseline -0.004 -20"><span class='ocrx_word' id='word_1_205' title='bbox 298 1781 541 1847; x_wconf 80' lang='grc' dir='ltr'>γνυσθαι</span> <span class='ocrx_word' id='word_1_206' title='bbox 637 1771 884 1846; x_wconf 75' lang='grc' dir='ltr'>πόρνοις,</span> <span class='ocrx_word' id='word_1_207' title='bbox 960 1770 1051 1828; x_wconf 76' lang='grc' dir='ltr'>καὶ</span> <span class='ocrx_word' id='word_1_208' title='bbox 1128 1768 1190 1827; x_wconf 78' lang='grc' dir='ltr'>οὐ</span> <span class='ocrx_word' id='word_1_209' title='bbox 1265 1769 1483 1830; x_wconf 73' lang='grc' dir='ltr'>πάντως</span> <span class='ocrx_word' id='word_1_210' title='bbox 1556 1772 1676 1830; x_wconf 68' lang='grc' dir='ltr'>τοἷς</span> <span class='ocrx_word' id='word_1_211' title='bbox 1750 1767 1977 1843; x_wconf 79' lang='grc' dir='ltr'>πόρνοις</span> 
     </span>
    </p>
   </div>
   <div class='ocr_carea' id='block_1_28' title="bbox 299 1855 1973 1933">
    <p class='ocr_par' dir='ltr' id='par_1_28' title="bbox 299 1855 1973 1933">
     <span class='ocr_line' id='line_1_28' title="bbox 299 1855 1973 1933; baseline -0.005 -16"><span class='ocrx_word' id='word_1_212' title='bbox 299 1864 410 1917; x_wconf 78' lang='grc' dir='ltr'>τοῦ</span> <span class='ocrx_word' id='word_1_213' title='bbox 467 1855 680 1933; x_wconf 83' lang='grc' dir='ltr'>κόσμου</span> <span class='ocrx_word' id='word_1_214' title='bbox 747 1860 968 1933; x_wconf 85' lang='grc' dir='ltr'>τούτου,</span> <span class='ocrx_word' id='word_1_215' title='bbox 1035 1860 1073 1930; x_wconf 72' lang='grc' dir='ltr'><strong>ἢ</strong></span> <span class='ocrx_word' id='word_1_216' title='bbox 1137 1864 1259 1920; x_wconf 77' lang='grc' dir='ltr'>τοῖς</span> <span class='ocrx_word' id='word_1_217' title='bbox 1326 1855 1703 1927; x_wconf 65' lang='grc' dir='ltr'>πλεονέκταις,</span> <span class='ocrx_word' id='word_1_218' title='bbox 1773 1856 1807 1926; x_wconf 74' lang='grc' dir='ltr'><strong>ἢ</strong></span> <span class='ocrx_word' id='word_1_219' title='bbox 1870 1855 1973 1932; x_wconf 71' lang='grc' dir='ltr'>ἄρ.</span> 
     </span>
    </p>
   </div>
   <div class='ocr_carea' id='block_1_29' title="bbox 301 1945 1978 2025">
    <p class='ocr_par' dir='ltr' id='par_1_29' title="bbox 301 1945 1978 2025">
     <span class='ocr_line' id='line_1_29' title="bbox 301 1945 1978 2025; baseline -0.001 -20"><span class='ocrx_word' id='word_1_220' title='bbox 301 1951 497 2023; x_wconf 80' lang='grc' dir='ltr'>παξιν,</span> <span class='ocrx_word' id='word_1_221' title='bbox 551 1948 588 2020; x_wconf 64' lang='grc' dir='ltr'><strong><em>ἦ</em></strong></span> <span class='ocrx_word' id='word_1_222' title='bbox 651 1945 1107 2025; x_wconf 77' lang='grc' dir='ltr'>εἰδωλολάτραις.</span> <span class='ocrx_word' id='word_1_223' title='bbox 1187 1948 1339 2005; x_wconf 73' lang='grc' dir='ltr'>Ἐπεὶ</span> <span class='ocrx_word' id='word_1_224' title='bbox 1414 1945 1657 2024; x_wconf 75' lang='grc' dir='ltr'>ὀφείλετε</span> <span class='ocrx_word' id='word_1_225' title='bbox 1743 1947 1847 2021; x_wconf 72' lang='grc' dir='ltr'>ἂρα</span> <span class='ocrx_word' id='word_1_226' title='bbox 1919 1947 1978 2004; x_wconf 72' lang='grc' dir='ltr'>ἐκ</span> 
     </span>
    </p>
   </div>
   <div class='ocr_carea' id='block_1_30' title="bbox 2164 1682 3753 1754">
    <p class='ocr_par' dir='ltr' id='par_1_30' title="bbox 2164 1682 3753 1754">
     <span class='ocr_line' id='line_1_30' title="bbox 2164 1682 3753 1754; baseline 0.004 -18"><span class='ocrx_word' id='word_1_227' title='bbox 2164 1682 2227 1749; x_wconf 90' lang='lat' dir='ltr'>V,</span> <span class='ocrx_word' id='word_1_228' title='bbox 2270 1683 2675 1754; x_wconf 70' lang='lat' dir='ltr'>9-H.Scripsi</span> <span class='ocrx_word' id='word_1_229' title='bbox 2701 1685 2849 1741; x_wconf 83' lang='lat' dir='ltr'>vobis</span> <span class='ocrx_word' id='word_1_230' title='bbox 2879 1686 2938 1738; x_wconf 79' lang='lat' dir='ltr'>in</span> <span class='ocrx_word' id='word_1_231' title='bbox 2994 1683 3231 1754; x_wconf 81' lang='lat' dir='ltr'>epistola</span> <span class='ocrx_word' id='word_1_232' title='bbox 3280 1701 3347 1741; x_wconf 89' lang='lat' dir='ltr'>ne</span> <span class='ocrx_word' id='word_1_233' title='bbox 3395 1687 3753 1743; x_wconf 78' lang='lat' dir='ltr'>commiscea-</span> 
     </span>
    </p>
   </div>
   <div class='ocr_carea' id='block_1_31' title="bbox 2089 1772 3758 1833">
    <p class='ocr_par' dir='ltr' id='par_1_31' title="bbox 2089 1772 3758 1833">
     <span class='ocr_line' id='line_1_31' title="bbox 2089 1772 3758 1833; baseline 0.003 -8"><span class='ocrx_word' id='word_1_234' title='bbox 2089 1772 2232 1825; x_wconf 84' lang='lat' dir='ltr'>mini</span> <span class='ocrx_word' id='word_1_235' title='bbox 2260 1784 2382 1831; x_wconf 85' lang='lat' dir='ltr'>cum</span> <span class='ocrx_word' id='word_1_236' title='bbox 2410 1774 2809 1831; x_wconf 82' lang='lat' dir='ltr'>scortatoribus</span> <span class='ocrx_word' id='word_1_237' title='bbox 2836 1779 2889 1829; x_wconf 85' lang='lat' dir='ltr'>et</span> <span class='ocrx_word' id='word_1_238' title='bbox 2919 1787 3030 1831; x_wconf 89' lang='lat' dir='ltr'>non</span> <span class='ocrx_word' id='word_1_239' title='bbox 3065 1773 3292 1831; x_wconf 82' lang='lat' dir='ltr'>omnino</span> <span class='ocrx_word' id='word_1_240' title='bbox 3321 1790 3445 1833; x_wconf 87' lang='lat' dir='ltr'>cum</span> <span class='ocrx_word' id='word_1_241' title='bbox 3490 1781 3758 1833; x_wconf 75' lang='lat' dir='ltr'>scortato-</span> 
     </span>
    </p>
   </div>
   <div class='ocr_carea' id='block_1_32' title="bbox 2086 1860 3755 1934">
    <p class='ocr_par' dir='ltr' id='par_1_32' title="bbox 2086 1860 3755 1934">
     <span class='ocr_line' id='line_1_32' title="bbox 2086 1860 3755 1934; baseline 0.004 -19"><span class='ocrx_word' id='word_1_242' title='bbox 2086 1860 2238 1916; x_wconf 80' lang='lat' dir='ltr'>rilms</span> <span class='ocrx_word' id='word_1_243' title='bbox 2257 1862 2451 1919; x_wconf 81' lang='lat' dir='ltr'>mundi</span> <span class='ocrx_word' id='word_1_244' title='bbox 2465 1862 2650 1934; x_wconf 83' lang='lat' dir='ltr'>hujus,</span> <span class='ocrx_word' id='word_1_245' title='bbox 2675 1869 2773 1918; x_wconf 84' lang='lat' dir='ltr'>aut</span> <span class='ocrx_word' id='word_1_246' title='bbox 2801 1865 3115 1929; x_wconf 77' lang='lat' dir='ltr'>avaris,aut</span> <span class='ocrx_word' id='word_1_247' title='bbox 3136 1862 3558 1934; x_wconf 78' lang='lat' dir='ltr'>rapacibus,aut</span> <span class='ocrx_word' id='word_1_248' title='bbox 3576 1864 3755 1923; x_wconf 85' lang='lat' dir='ltr'>idolo-</span> 
     </span>
    </p>
   </div>
   <div class='ocr_carea' id='block_1_33' title="bbox 2089 1949 3752 2022">
    <p class='ocr_par' dir='ltr' id='par_1_33' title="bbox 2089 1949 3752 2022">
     <span class='ocr_line' id='line_1_33' title="bbox 2089 1949 3752 2022; baseline 0.006 -18"><span class='ocrx_word' id='word_1_249' title='bbox 2089 1949 2262 2006; x_wconf 82' lang='lat' dir='ltr'>latris.</span> <span class='ocrx_word' id='word_1_250' title='bbox 2298 1952 2530 2022; x_wconf 80' lang='lat' dir='ltr'>Alioqui</span> <span class='ocrx_word' id='word_1_251' title='bbox 2559 1952 2826 2009; x_wconf 82' lang='lat' dir='ltr'>deberetis</span> <span class='ocrx_word' id='word_1_252' title='bbox 2855 1970 2987 2010; x_wconf 84' lang='lat' dir='ltr'>sane</span> <span class='ocrx_word' id='word_1_253' title='bbox 3018 1953 3083 2011; x_wconf 83' lang='lat' dir='ltr'>de</span> <span class='ocrx_word' id='word_1_254' title='bbox 3110 1955 3323 2009; x_wconf 82' lang='lat' dir='ltr'>mundo</span> <span class='ocrx_word' id='word_1_255' title='bbox 3355 1952 3534 2009; x_wconf 66' lang='lat' dir='ltr'>emire.</span> <span class='ocrx_word' id='word_1_256' title='bbox 3596 1957 3752 2014; x_wconf 85' lang='lat' dir='ltr'>Nunc</span> 
     </span>
    </p>
   </div>
   <div class='ocr_carea' id='block_1_34' title="bbox 301 2032 1975 2123">
    <p class='ocr_par' dir='ltr' id='par_1_34' title="bbox 301 2032 1973 2113">
     <span class='ocr_line' id='line_1_34' title="bbox 301 2032 1973 2113; baseline -0.004 -16"><span class='ocrx_word' id='word_1_257' title='bbox 301 2043 413 2097; x_wconf 78' lang='grc' dir='ltr'>τοῦ</span> <span class='ocrx_word' id='word_1_258' title='bbox 468 2039 679 2113; x_wconf 79' lang='grc' dir='ltr'>κόσμου</span> <span class='ocrx_word' id='word_1_259' title='bbox 732 2036 990 2113; x_wconf 72' lang='grc' dir='ltr'>ἐξελθεῖν.</span> <span class='ocrx_word' id='word_1_260' title='bbox 1050 2037 1185 2095; x_wconf 79' lang='grc' dir='ltr'>Νυνὶ</span> <span class='ocrx_word' id='word_1_261' title='bbox 1245 2034 1304 2097; x_wconf 75' lang='grc' dir='ltr'>δὶ</span> <span class='ocrx_word' id='word_1_262' title='bbox 1385 2032 1592 2113; x_wconf 78' lang='grc' dir='ltr'>ἔγραψα</span> <span class='ocrx_word' id='word_1_263' title='bbox 1679 2036 1808 2109; x_wconf 81' lang='grc' dir='ltr'>ὑμῖν</span> <span class='ocrx_word' id='word_1_264' title='bbox 1896 2037 1973 2110; x_wconf 81' lang='grc' dir='ltr'>μὴ</span> 
     </span>
    </p>
   </div>
   <div class='ocr_carea' id='block_1_35' title="bbox 2090 2032 3295 2123">
    <p class='ocr_par' dir='ltr' id='par_1_35' title="bbox 2090 2042 3295 2113">
     <span class='ocr_line' id='line_1_35' title="bbox 2090 2042 3295 2113; baseline 0.005 -17"><span class='ocrx_word' id='word_1_265' title='bbox 2090 2047 2270 2098; x_wconf 81' lang='lat' dir='ltr'>autem</span> <span class='ocrx_word' id='word_1_266' title='bbox 2301 2045 2503 2113; x_wconf 75' lang='lat' dir='ltr'>scripsi</span> <span class='ocrx_word' id='word_1_267' title='bbox 2530 2042 2686 2101; x_wconf 79' lang='lat' dir='ltr'>vobis</span> <span class='ocrx_word' id='word_1_268' title='bbox 2714 2060 2782 2103; x_wconf 83' lang='lat' dir='ltr'>ne</span> <span class='ocrx_word' id='word_1_269' title='bbox 2810 2046 3295 2105; x_wconf 82' lang='lat' dir='ltr'>commisceamini.</span> 
     </span>
    </p>
   </div>
   <div class='ocr_carea' id='block_1_36' title="bbox 307 2129 836 2204">
    <p class='ocr_par' dir='ltr' id='par_1_36' title="bbox 307 2129 836 2204">
     <span class='ocr_line' id='line_1_36' title="bbox 307 2129 836 2204; baseline -0.004 -18"><span class='ocrx_word' id='word_1_270' title='bbox 307 2129 836 2204; x_wconf 76' lang='grc' dir='ltr'>συναναμίγνυσθαι·</span> 
     </span>
    </p>
   </div>
   <div class='ocr_carea' id='block_1_37' title="bbox 390 2212 1977 2293">
    <p class='ocr_par' dir='ltr' id='par_1_37' title="bbox 390 2212 1977 2293">
     <span class='ocr_line' id='line_1_37' title="bbox 390 2212 1977 2293; baseline -0.003 -18"><span class='ocrx_word' id='word_1_271' title='bbox 390 2219 602 2292; x_wconf 80' lang='grc' dir='ltr'>[ΦΩΤ.]</span> <span class='ocrx_word' id='word_1_272' title='bbox 633 2219 750 2277; x_wconf 85' lang='grc' dir='ltr'>Ηοῦ</span> <span class='ocrx_word' id='word_1_273' title='bbox 777 2214 1046 2293; x_wconf 66' lang='grc' dir='ltr'>ἔγραψενς</span> <span class='ocrx_word' id='word_1_274' title='bbox 1105 2217 1193 2277; x_wconf 79' lang='grc' dir='ltr'>Ἐν</span> <span class='ocrx_word' id='word_1_275' title='bbox 1251 2215 1331 2278; x_wconf 76' lang='grc' dir='ltr'>οἷς</span> <span class='ocrx_word' id='word_1_276' title='bbox 1391 2212 1564 2290; x_wconf 67' lang='grc' dir='ltr'>λέγει·</span> <span class='ocrx_word' id='word_1_277' title='bbox 1626 2237 1653 2273; x_wconf 73' lang='grc' dir='ltr'>ε</span> <span class='ocrx_word' id='word_1_278' title='bbox 1688 2215 1786 2273; x_wconf 80' lang='grc' dir='ltr'>Καὶ</span> <span class='ocrx_word' id='word_1_279' title='bbox 1846 2213 1977 2293; x_wconf 81' lang='grc' dir='ltr'>οὐχὶ</span> 
     </span>
    </p>
   </div>
   <div class='ocr_carea' id='block_1_38' title="bbox 310 2302 1979 2382">
    <p class='ocr_par' dir='ltr' id='par_1_38' title="bbox 310 2302 1979 2382">
     <span class='ocr_line' id='line_1_38' title="bbox 310 2302 1979 2382; baseline -0.001 -22"><span class='ocrx_word' id='word_1_280' title='bbox 310 2304 539 2382; x_wconf 76' lang='grc' dir='ltr'>μᾶλλον</span> <span class='ocrx_word' id='word_1_281' title='bbox 564 2305 908 2378; x_wconf 74' lang='grc' dir='ltr'>ἐπενεήσατε,</span> <span class='ocrx_word' id='word_1_282' title='bbox 935 2303 1027 2365; x_wconf 71' lang='grc' dir='ltr'>’ίνα</span> <span class='ocrx_word' id='word_1_283' title='bbox 1077 2302 1274 2379; x_wconf 68' lang='grc' dir='ltr'>ἐξαρθῇ</span> <span class='ocrx_word' id='word_1_284' title='bbox 1302 2302 1363 2363; x_wconf 78' lang='grc' dir='ltr'>ἐκ</span> <span class='ocrx_word' id='word_1_285' title='bbox 1394 2305 1562 2377; x_wconf 77' lang='grc' dir='ltr'>μέσου</span> <span class='ocrx_word' id='word_1_286' title='bbox 1618 2304 1769 2376; x_wconf 77' lang='grc' dir='ltr'>ὑμῶν</span> <span class='ocrx_word' id='word_1_287' title='bbox 1802 2304 1829 2363; x_wconf 83' lang='grc' dir='ltr'>ὁ</span> <span class='ocrx_word' id='word_1_288' title='bbox 1860 2324 1979 2363; x_wconf 80' lang='grc' dir='ltr'>τοι-</span> 
     </span>
    </p>
   </div>
   <div class='ocr_carea' id='block_1_39' title="bbox 306 2390 1979 2472">
    <p class='ocr_par' dir='ltr' id='par_1_39' title="bbox 306 2390 1979 2472">
     <span class='ocr_line' id='line_1_39' title="bbox 306 2390 1979 2472; baseline -0.004 -19"><span class='ocrx_word' id='word_1_289' title='bbox 306 2400 499 2466; x_wconf 80' lang='grc' dir='ltr'>οῦτος,</span> <span class='ocrx_word' id='word_1_290' title='bbox 532 2420 561 2449; x_wconf 74' lang='grc' dir='ltr'><strong>υ</strong></span> <span class='ocrx_word' id='word_1_291' title='bbox 593 2395 724 2472; x_wconf 79' lang='grc' dir='ltr'>οὐχὶ</span> <span class='ocrx_word' id='word_1_292' title='bbox 753 2397 781 2453; x_wconf 86' lang='grc' dir='ltr'><strong>ὁ</strong></span> <span class='ocrx_word' id='word_1_293' title='bbox 804 2393 970 2465; x_wconf 80' lang='grc' dir='ltr'>δεῖνα,</span> <span class='ocrx_word' id='word_1_294' title='bbox 1005 2396 1042 2467; x_wconf 73' lang='grc' dir='ltr'><strong>ἢ</strong></span> <span class='ocrx_word' id='word_1_295' title='bbox 1075 2395 1105 2453; x_wconf 80' lang='grc' dir='ltr'><strong>ὁ</strong></span> <span class='ocrx_word' id='word_1_296' title='bbox 1134 2391 1281 2451; x_wconf 78' lang='grc' dir='ltr'>δεῖνα</span> <span class='ocrx_word' id='word_1_297' title='bbox 1308 2391 1438 2452; x_wconf 80' lang='grc' dir='ltr'>ἀλλ’</span> <span class='ocrx_word' id='word_1_298' title='bbox 1476 2394 1623 2456; x_wconf 81' lang='grc' dir='ltr'>ὅστις</span> <span class='ocrx_word' id='word_1_299' title='bbox 1655 2390 1715 2448; x_wconf 80' lang='grc' dir='ltr'>ἂν</span> <span class='ocrx_word' id='word_1_300' title='bbox 1739 2391 1776 2467; x_wconf 70' lang='grc' dir='ltr'>ᾗ</span> <span class='ocrx_word' id='word_1_301' title='bbox 1799 2396 1979 2449; x_wconf 71' lang='grc' dir='ltr'>τοιοῦ-</span> 
     </span>
    </p>
   </div>
   <div class='ocr_carea' id='block_1_40' title="bbox 305 2481 1975 2561">
    <p class='ocr_par' dir='ltr' id='par_1_40' title="bbox 305 2481 1975 2561">
     <span class='ocr_line' id='line_1_40' title="bbox 305 2481 1975 2561; baseline -0.004 -19"><span class='ocrx_word' id='word_1_302' title='bbox 305 2507 436 2555; x_wconf 80' lang='grc' dir='ltr'>τος,</span> <span class='ocrx_word' id='word_1_303' title='bbox 471 2487 574 2547; x_wconf 80' lang='grc' dir='ltr'>Καὶ</span> <span class='ocrx_word' id='word_1_304' title='bbox 601 2484 794 2543; x_wconf 67' lang='grc' dir='ltr'>πάλιν*</span> <span class='ocrx_word' id='word_1_305' title='bbox 833 2511 855 2539; x_wconf 87' lang='grc' dir='ltr'>ιι</span> <span class='ocrx_word' id='word_1_306' title='bbox 890 2484 1258 2561; x_wconf 76' lang='grc' dir='ltr'>Ἑκκαθάρατε</span> <span class='ocrx_word' id='word_1_307' title='bbox 1292 2484 1394 2554; x_wconf 73' lang='grc' dir='ltr'>τὴν</span> <span class='ocrx_word' id='word_1_308' title='bbox 1426 2481 1665 2543; x_wconf 73' lang='grc' dir='ltr'>παλαιὰν</span> <span class='ocrx_word' id='word_1_309' title='bbox 1713 2483 1915 2555; x_wconf 83' lang='grc' dir='ltr'>ζύμην.</span> <span class='ocrx_word' id='word_1_310' title='bbox 1945 2506 1975 2535; x_wconf 70' lang='grc' dir='ltr'>»ι</span> 
     </span>
    </p>
   </div>
   <div class='ocr_carea' id='block_1_41' title="bbox 307 2569 1972 2649">
    <p class='ocr_par' dir='ltr' id='par_1_41' title="bbox 307 2569 1972 2649">
     <span class='ocr_line' id='line_1_41' title="bbox 307 2569 1972 2649; baseline -0.001 -20"><span class='ocrx_word' id='word_1_311' title='bbox 307 2573 455 2649; x_wconf 79' lang='grc' dir='ltr'>οὐχὶ</span> <span class='ocrx_word' id='word_1_312' title='bbox 483 2569 647 2645; x_wconf 77' lang='grc' dir='ltr'>τήνδε</span> <span class='ocrx_word' id='word_1_313' title='bbox 676 2575 713 2642; x_wconf 72' lang='grc' dir='ltr'><strong>ἢ</strong></span> <span class='ocrx_word' id='word_1_314' title='bbox 742 2570 930 2645; x_wconf 77' lang='grc' dir='ltr'>τήνδε,</span> <span class='ocrx_word' id='word_1_315' title='bbox 959 2570 1090 2631; x_wconf 78' lang='grc' dir='ltr'>ἀλλ’</span> <span class='ocrx_word' id='word_1_316' title='bbox 1121 2570 1260 2643; x_wconf 81' lang='grc' dir='ltr'>ὅλην</span> <span class='ocrx_word' id='word_1_317' title='bbox 1308 2573 1410 2643; x_wconf 86' lang='grc' dir='ltr'>τήν</span> <span class='ocrx_word' id='word_1_318' title='bbox 1470 2570 1709 2630; x_wconf 83' lang='grc' dir='ltr'>παλαιὰν</span> <span class='ocrx_word' id='word_1_319' title='bbox 1770 2569 1972 2645; x_wconf 79' lang='grc' dir='ltr'>ζύμην.</span> 
     </span>
    </p>
   </div>
   <div class='ocr_carea' id='block_1_42' title="bbox 306 2657 1974 2738">
    <p class='ocr_par' dir='ltr' id='par_1_42' title="bbox 306 2657 1974 2738">
     <span class='ocr_line' id='line_1_42' title="bbox 306 2657 1974 2738; baseline -0.005 -18"><span class='ocrx_word' id='word_1_320' title='bbox 306 2657 510 2720; x_wconf 79' lang='grc' dir='ltr'>Λαϐὼν</span> <span class='ocrx_word' id='word_1_321' title='bbox 550 2662 652 2738; x_wconf 77' lang='grc' dir='ltr'>γὰρ</span> <span class='ocrx_word' id='word_1_322' title='bbox 700 2662 963 2738; x_wconf 73' lang='grc' dir='ltr'>ἀφορμὴν</span> <span class='ocrx_word' id='word_1_323' title='bbox 1022 2662 1129 2723; x_wconf 84' lang='grc' dir='ltr'>ἀπὸ</span> <span class='ocrx_word' id='word_1_324' title='bbox 1194 2665 1293 2716; x_wconf 80' lang='grc' dir='ltr'>τοῦ</span> <span class='ocrx_word' id='word_1_325' title='bbox 1351 2661 1466 2724; x_wconf 73' lang='grc' dir='ltr'>ἑνὸς</span> <span class='ocrx_word' id='word_1_326' title='bbox 1520 2664 1618 2716; x_wconf 83' lang='grc' dir='ltr'>τοῦ</span> <span class='ocrx_word' id='word_1_327' title='bbox 1674 2679 1974 2736; x_wconf 75' lang='grc' dir='ltr'>πεπορνευι.</span> 
     </span>
    </p>
   </div>
   <div class='ocr_carea' id='block_1_43' title="bbox 306 2745 1974 2825">
    <p class='ocr_par' dir='ltr' id='par_1_43' title="bbox 306 2745 1974 2825">
     <span class='ocr_line' id='line_1_43' title="bbox 306 2745 1974 2825; baseline -0.002 -14"><span class='ocrx_word' id='word_1_328' title='bbox 306 2753 498 2825; x_wconf 76' lang='grc' dir='ltr'>κότος,</span> <span class='ocrx_word' id='word_1_329' title='bbox 531 2750 619 2811; x_wconf 75' lang='grc' dir='ltr'>ἰπὶ</span> <span class='ocrx_word' id='word_1_330' title='bbox 648 2750 712 2808; x_wconf 83' lang='grc' dir='ltr'>τὸ</span> <span class='ocrx_word' id='word_1_331' title='bbox 741 2753 926 2812; x_wconf 87' lang='grc' dir='ltr'>κοινὸν</span> <span class='ocrx_word' id='word_1_332' title='bbox 957 2745 1244 2807; x_wconf 78' lang='grc' dir='ltr'>ἀνεϐίϐασε</span> <span class='ocrx_word' id='word_1_333' title='bbox 1292 2751 1383 2807; x_wconf 87' lang='grc' dir='ltr'>τὸν</span> <span class='ocrx_word' id='word_1_334' title='bbox 1442 2748 1625 2825; x_wconf 83' lang='grc' dir='ltr'>λόγον,</span> <span class='ocrx_word' id='word_1_335' title='bbox 1675 2751 1974 2825; x_wconf 78' lang='grc' dir='ltr'>τουτέστιν,</span> 
     </span>
    </p>
   </div>
   <div class='ocr_carea' id='block_1_44' title="bbox 308 2837 1972 2916">
    <p class='ocr_par' dir='ltr' id='par_1_44' title="bbox 308 2837 1972 2916">
     <span class='ocr_line' id='line_1_44' title="bbox 308 2837 1972 2916; baseline -0.005 -15"><span class='ocrx_word' id='word_1_336' title='bbox 308 2842 403 2903; x_wconf 69' lang='grc' dir='ltr'>ἰπὶ</span> <span class='ocrx_word' id='word_1_337' title='bbox 438 2843 612 2903; x_wconf 83' lang='grc' dir='ltr'>πάντα</span> <span class='ocrx_word' id='word_1_338' title='bbox 641 2842 863 2916; x_wconf 80' lang='grc' dir='ltr'>πόρνον.</span> <span class='ocrx_word' id='word_1_339' title='bbox 898 2842 1148 2901; x_wconf 75' lang='grc' dir='ltr'>Κάκεῖθεν</span> <span class='ocrx_word' id='word_1_340' title='bbox 1186 2838 1352 2900; x_wconf 83' lang='grc' dir='ltr'>πάλιν</span> <span class='ocrx_word' id='word_1_341' title='bbox 1407 2840 1720 2913; x_wconf 78' lang='grc' dir='ltr'>κοινότερον</span> <span class='ocrx_word' id='word_1_342' title='bbox 1772 2837 1850 2897; x_wconf 84' lang='grc' dir='ltr'>ἔτι</span> <span class='ocrx_word' id='word_1_343' title='bbox 1881 2839 1972 2901; x_wconf 85' lang='grc' dir='ltr'>τὸν</span> 
     </span>
    </p>
   </div>
   <div class='ocr_carea' id='block_1_45' title="bbox 308 2929 1974 3012">
    <p class='ocr_par' dir='ltr' id='par_1_45' title="bbox 308 2929 1974 3012">
     <span class='ocr_line' id='line_1_45' title="bbox 308 2929 1974 3012; baseline -0.003 -21"><span class='ocrx_word' id='word_1_344' title='bbox 308 2933 491 3012; x_wconf 88' lang='grc' dir='ltr'>λόγον</span> <span class='ocrx_word' id='word_1_345' title='bbox 522 2931 866 3012; x_wconf 74' lang='grc' dir='ltr'>ἀποφαίνων,</span> <span class='ocrx_word' id='word_1_346' title='bbox 911 2931 1124 3010; x_wconf 69' lang='grc' dir='ltr'>ἐπάγων</span> <span class='ocrx_word' id='word_1_347' title='bbox 1178 2934 1243 2989; x_wconf 84' lang='grc' dir='ltr'>τὸ</span> <span class='ocrx_word' id='word_1_348' title='bbox 1282 2931 1413 2991; x_wconf 78' lang='grc' dir='ltr'>αὐτὸ</span> <span class='ocrx_word' id='word_1_349' title='bbox 1460 2929 1833 3008; x_wconf 82' lang='grc' dir='ltr'>παράγγελμα</span> <span class='ocrx_word' id='word_1_350' title='bbox 1883 2933 1974 2987; x_wconf 86' lang='grc' dir='ltr'>καὶ</span> 
     </span>
    </p>
   </div>
   <div class='ocr_carea' id='block_1_46' title="bbox 315 3019 1973 3103">
    <p class='ocr_par' dir='ltr' id='par_1_46' title="bbox 315 3019 1973 3103">
     <span class='ocr_line' id='line_1_46' title="bbox 315 3019 1973 3103; baseline -0.004 -22"><span class='ocrx_word' id='word_1_351' title='bbox 315 3024 410 3082; x_wconf 69' lang='grc' dir='ltr'>ἐπὶ</span> <span class='ocrx_word' id='word_1_352' title='bbox 440 3028 548 3082; x_wconf 77' lang='grc' dir='ltr'>τῶν</span> <span class='ocrx_word' id='word_1_353' title='bbox 574 3024 645 3081; x_wconf 76' lang='grc' dir='ltr'>τὰ</span> <span class='ocrx_word' id='word_1_354' title='bbox 671 3023 841 3097; x_wconf 78' lang='grc' dir='ltr'>ὅμοια</span> <span class='ocrx_word' id='word_1_355' title='bbox 870 3020 1381 3103; x_wconf 75' lang='grc' dir='ltr'>πλημμελούντων,</span> <span class='ocrx_word' id='word_1_356' title='bbox 1413 3023 1523 3079; x_wconf 82' lang='grc' dir='ltr'>οἶον</span> <span class='ocrx_word' id='word_1_357' title='bbox 1582 3019 1973 3081; x_wconf 85' lang='grc' dir='ltr'>πλεονεκτούν-</span> 
     </span>
    </p>
   </div>
   <div class='ocr_carea' id='block_1_47' title="bbox 315 3108 1977 3188">
    <p class='ocr_par' dir='ltr' id='par_1_47' title="bbox 315 3108 1977 3188">
     <span class='ocr_line' id='line_1_47' title="bbox 315 3108 1977 3188; baseline -0.003 -19"><span class='ocrx_word' id='word_1_358' title='bbox 315 3135 451 3182; x_wconf 85' lang='grc' dir='ltr'>των,</span> <span class='ocrx_word' id='word_1_359' title='bbox 483 3109 1061 3188; x_wconf 74' lang='grc' dir='ltr'>εἷδωλολατρούντων,</span> <span class='ocrx_word' id='word_1_360' title='bbox 1091 3110 1182 3169; x_wconf 85' lang='grc' dir='ltr'>καὶ</span> <span class='ocrx_word' id='word_1_361' title='bbox 1214 3109 1270 3172; x_wconf 82' lang='grc' dir='ltr'>εἷ’</span> <span class='ocrx_word' id='word_1_362' title='bbox 1292 3130 1345 3173; x_wconf 76' lang='grc' dir='ltr'>τι</span> <span class='ocrx_word' id='word_1_363' title='bbox 1375 3110 1587 3184; x_wconf 70' lang='grc' dir='ltr'>ὅμοιον.</span> <span class='ocrx_word' id='word_1_364' title='bbox 1620 3133 1647 3162; x_wconf 86' lang='grc'>››</span> <span class='ocrx_word' id='word_1_365' title='bbox 1678 3114 1806 3172; x_wconf 85' lang='grc' dir='ltr'>Τοῖς</span> <span class='ocrx_word' id='word_1_366' title='bbox 1838 3108 1977 3184; x_wconf 78' lang='grc' dir='ltr'>πόρ-¹</span> 
     </span>
    </p>
   </div>
   <div class='ocr_carea' id='block_1_48' title="bbox 310 3198 1973 3278">
    <p class='ocr_par' dir='ltr' id='par_1_48' title="bbox 310 3198 1973 3278">
     <span class='ocr_line' id='line_1_48' title="bbox 310 3198 1973 3278; baseline -0.002 -19"><span class='ocrx_word' id='word_1_367' title='bbox 310 3223 431 3264; x_wconf 85' lang='grc' dir='ltr'>νοις</span> <span class='ocrx_word' id='word_1_368' title='bbox 460 3207 562 3260; x_wconf 81' lang='grc' dir='ltr'><strong>τοῦ</strong></span> <span class='ocrx_word' id='word_1_369' title='bbox 592 3203 804 3276; x_wconf 77' lang='grc' dir='ltr'>κόσμου</span> <span class='ocrx_word' id='word_1_370' title='bbox 836 3202 1058 3261; x_wconf 85' lang='grc' dir='ltr'>τούτου.</span> <span class='ocrx_word' id='word_1_371' title='bbox 1091 3224 1121 3254; x_wconf 83' lang='grc'>››</span> <span class='ocrx_word' id='word_1_372' title='bbox 1152 3202 1269 3259; x_wconf 77' lang='grc' dir='ltr'>Ἵνα</span> <span class='ocrx_word' id='word_1_373' title='bbox 1300 3201 1378 3273; x_wconf 79' lang='grc' dir='ltr'>μὴ</span> <span class='ocrx_word' id='word_1_374' title='bbox 1408 3198 1708 3273; x_wconf 80' lang='grc' dir='ltr'>νομίσωσιν</span> <span class='ocrx_word' id='word_1_375' title='bbox 1735 3198 1973 3278; x_wconf 78' lang='grc' dir='ltr'>ὀφείλειν</span> 
     </span>
    </p>
   </div>
   <div class='ocr_carea' id='block_1_49' title="bbox 308 3288 1974 3365">
    <p class='ocr_par' dir='ltr' id='par_1_49' title="bbox 308 3288 1974 3365">
     <span class='ocr_line' id='line_1_49' title="bbox 308 3288 1974 3365; baseline -0.002 -16"><span class='ocrx_word' id='word_1_376' title='bbox 308 3292 402 3349; x_wconf 84' lang='grc' dir='ltr'>καὶ</span> <span class='ocrx_word' id='word_1_377' title='bbox 427 3298 553 3356; x_wconf 81' lang='grc' dir='ltr'>τοῖς</span> <span class='ocrx_word' id='word_1_378' title='bbox 580 3296 690 3349; x_wconf 73' lang='grc' dir='ltr'>τῶν</span> <span class='ocrx_word' id='word_1_379' title='bbox 715 3289 1002 3363; x_wconf 78' lang='grc' dir='ltr'>Ἐλλήνων</span> <span class='ocrx_word' id='word_1_380' title='bbox 1048 3288 1273 3365; x_wconf 83' lang='grc' dir='ltr'>πόρνοις</span> <span class='ocrx_word' id='word_1_381' title='bbox 1335 3290 1411 3363; x_wconf 81' lang='grc' dir='ltr'>μή</span> <span class='ocrx_word' id='word_1_382' title='bbox 1460 3288 1974 3364; x_wconf 81' lang='grc' dir='ltr'>συναναμίγνυσθαι,</span> 
     </span>
    </p>
   </div>
   <div class='ocr_carea' id='block_1_50' title="bbox 311 3376 2055 3492">
    <p class='ocr_par' dir='ltr' id='par_1_50' title="bbox 311 3376 2055 3492">
     <span class='ocr_line' id='line_1_50' title="bbox 311 3376 2055 3492; baseline -0.004 -52"><span class='ocrx_word' id='word_1_383' title='bbox 311 3383 446 3459; x_wconf 75' lang='grc' dir='ltr'>ὅπερ</span> <span class='ocrx_word' id='word_1_384' title='bbox 502 3386 570 3453; x_wconf 75' lang='grc' dir='ltr'>ἦν</span> <span class='ocrx_word' id='word_1_385' title='bbox 627 3379 891 3439; x_wconf 75' lang='grc' dir='ltr'>ἀδύνατον</span> <span class='ocrx_word' id='word_1_386' title='bbox 943 3385 1067 3444; x_wconf 71' lang='grc' dir='ltr'>τοῖς</span> <span class='ocrx_word' id='word_1_387' title='bbox 1122 3379 1286 3439; x_wconf 76' lang='grc' dir='ltr'>πόλιν</span> <span class='ocrx_word' id='word_1_388' title='bbox 1342 3379 1579 3450; x_wconf 74' lang='grc' dir='ltr'>οἰκοῦσι,</span> <span class='ocrx_word' id='word_1_389' title='bbox 1656 3376 1972 3455; x_wconf 76' lang='grc' dir='ltr'>διορθοῦται</span> <span class='ocrx_word' id='word_1_390' title='bbox 2012 3426 2055 3492; x_wconf 78' lang='lat' dir='ltr'>C</span> 
     </span>
     <span class='ocr_line' id='line_1_51' title="bbox 352 3466 1969 3492; baseline 0 0"><span class='ocrx_word' id='word_1_391' title='bbox 352 3472 367 3492; x_wconf 76' lang='grc'><strong>9</strong></span> <span class='ocrx_word' id='word_1_392' title='bbox 424 3473 437 3492; x_wconf 84' lang='grc' dir='ltr'><strong><em>Ι</em></strong></span> <span class='ocrx_word' id='word_1_393' title='bbox 486 3472 555 3492; x_wconf 49' lang='grc' dir='ltr'><strong>ΜΚ</strong></span> <span class='ocrx_word' id='word_1_394' title='bbox 598 3468 643 3492; x_wconf 49' lang='grc' dir='ltr'>δῖ</span> <span class='ocrx_word' id='word_1_395' title='bbox 828 3471 838 3491; x_wconf 70' lang='grc' dir='ltr'><strong><em>Ι</em></strong></span> <span class='ocrx_word' id='word_1_396' title='bbox 887 3491 893 3492; x_wconf 59' lang='lat'><strong><em>,</em></strong></span> <span class='ocrx_word' id='word_1_397' title='bbox 980 3491 983 3492; x_wconf 39' lang='grc' dir='ltr'>ν</span> <span class='ocrx_word' id='word_1_398' title='bbox 1114 3468 1129 3492; x_wconf 73' lang='grc' dir='ltr'>Ῑ</span> <span class='ocrx_word' id='word_1_399' title='bbox 1174 3470 1334 3492; x_wconf 47' lang='grc' dir='ltr'>,ηθΔμ</span> <span class='ocrx_word' id='word_1_400' title='bbox 1395 3466 1477 3492; x_wconf 63' lang='lat'>2...‘</span> <span class='ocrx_word' id='word_1_401' title='bbox 1525 3470 1539 3492; x_wconf 76' lang='lat' dir='ltr'><em>S</em></span> <span class='ocrx_word' id='word_1_402' title='bbox 1579 3466 1691 3492; x_wconf 61' lang='lat'>_-\_</span> <span class='ocrx_word' id='word_1_403' title='bbox 1728 3489 1822 3492; x_wconf 31' lang='grc' dir='ltr'>ΔΑ...</span> <span class='ocrx_word' id='word_1_404' title='bbox 1857 3466 1879 3492; x_wconf 66' lang='grc'>,⁸</span> <span class='ocrx_word' id='word_1_405' title='bbox 1919 3489 1969 3492; x_wconf 47' lang='grc' dir='ltr'>,η</span> 
     </span>
    </p>
   </div>
   <div class='ocr_carea' id='block_1_51' title="bbox 311 3466 1975 3543">
    <p class='ocr_par' dir='ltr' id='par_1_51' title="bbox 311 3466 1975 3543">
     <span class='ocr_line' id='line_1_52' title="bbox 311 3466 1975 3543; baseline -0.003 -15"><span class='ocrx_word' id='word_1_406' title='bbox 311 3472 462 3529; x_wconf 77' lang='grc' dir='ltr'>αὐτό.</span> <span class='ocrx_word' id='word_1_407' title='bbox 486 3472 564 3529; x_wconf 77' lang='grc' dir='ltr'>Τὸ</span> <span class='ocrx_word' id='word_1_408' title='bbox 594 3468 672 3538; x_wconf 78' lang='grc' dir='ltr'>δὲ,</span> <span class='ocrx_word' id='word_1_409' title='bbox 707 3494 737 3525; x_wconf 83' lang='grc' dir='ltr'>ιι</span> <span class='ocrx_word' id='word_1_410' title='bbox 768 3471 1014 3539; x_wconf 82' lang='grc' dir='ltr'>πάντως,</span> <span class='ocrx_word' id='word_1_411' title='bbox 1045 3494 1074 3525; x_wconf 80' lang='grc' dir='ltr'>ιι</span> <span class='ocrx_word' id='word_1_412' title='bbox 1111 3468 1358 3539; x_wconf 80' lang='grc' dir='ltr'>ἐνταῦθα,</span> <span class='ocrx_word' id='word_1_413' title='bbox 1389 3466 1479 3526; x_wconf 75' lang='grc' dir='ltr'>ἐπὶ</span> <span class='ocrx_word' id='word_1_414' title='bbox 1519 3466 1975 3543; x_wconf 70' lang='grc' dir='ltr'>ὁμολογουμένου</span> 
     </span>
    </p>
   </div>
   <div class='ocr_carea' id='block_1_52' title="bbox 319 3556 1974 3639">
    <p class='ocr_par' dir='ltr' id='par_1_52' title="bbox 319 3556 1974 3639">
     <span class='ocr_line' id='line_1_53' title="bbox 319 3556 1974 3639; baseline -0.001 -21"><span class='ocrx_word' id='word_1_415' title='bbox 319 3569 518 3618; x_wconf 80' lang='grc' dir='ltr'>κεῖται.</span> <span class='ocrx_word' id='word_1_416' title='bbox 551 3587 580 3616; x_wconf 84' lang='grc' dir='ltr'>ιι</span> <span class='ocrx_word' id='word_1_417' title='bbox 615 3563 765 3619; x_wconf 83' lang='grc' dir='ltr'>Ἐπεὶ</span> <span class='ocrx_word' id='word_1_418' title='bbox 815 3558 1063 3639; x_wconf 70' lang='grc' dir='ltr'>ὀφείλετε</span> <span class='ocrx_word' id='word_1_419' title='bbox 1119 3556 1242 3634; x_wconf 78' lang='grc' dir='ltr'>ἄρα.</span> <span class='ocrx_word' id='word_1_420' title='bbox 1276 3582 1305 3611; x_wconf 70' lang='grc' dir='ltr'>ν</span> <span class='ocrx_word' id='word_1_421' title='bbox 1363 3559 1512 3617; x_wconf 74' lang='grc' dir='ltr'>Μετὰ</span> <span class='ocrx_word' id='word_1_422' title='bbox 1567 3562 1666 3617; x_wconf 58' lang='lat' dir='ltr'>tofi</span> <span class='ocrx_word' id='word_1_423' title='bbox 1724 3556 1974 3624; x_wconf 79' lang='grc' dir='ltr'>δυνατοῦ.</span> 
     </span>
    </p>
   </div>
   <div class='ocr_carea' id='block_1_53' title="bbox 319 3645 1975 3726">
    <p class='ocr_par' dir='ltr' id='par_1_53' title="bbox 319 3645 1975 3726">
     <span class='ocr_line' id='line_1_54' title="bbox 319 3645 1975 3726; baseline -0.001 -20"><span class='ocrx_word' id='word_1_424' title='bbox 319 3652 420 3706; x_wconf 81' lang='grc' dir='ltr'>καὶ</span> <span class='ocrx_word' id='word_1_425' title='bbox 446 3651 508 3706; x_wconf 77' lang='grc' dir='ltr'>τὸ</span> <span class='ocrx_word' id='word_1_426' title='bbox 539 3649 766 3709; x_wconf 74' lang='grc' dir='ltr'>εὔκολον</span> <span class='ocrx_word' id='word_1_427' title='bbox 807 3645 957 3726; x_wconf 77' lang='grc' dir='ltr'>ἔχειν</span> <span class='ocrx_word' id='word_1_428' title='bbox 1013 3645 1306 3718; x_wconf 80' lang='grc' dir='ltr'>σπουδάζει</span> <span class='ocrx_word' id='word_1_429' title='bbox 1347 3650 1447 3718; x_wconf 71' lang='grc' dir='ltr'>τήν</span> <span class='ocrx_word' id='word_1_430' title='bbox 1490 3645 1836 3722; x_wconf 82' lang='grc' dir='ltr'>νομοθεσίαν.</span> <span class='ocrx_word' id='word_1_431' title='bbox 1885 3648 1975 3717; x_wconf 78' lang='grc' dir='ltr'>Μὴ</span> 
     </span>
    </p>
   </div>
   <div class='ocr_carea' id='block_1_54' title="bbox 326 3735 1979 3814">
    <p class='ocr_par' dir='ltr' id='par_1_54' title="bbox 326 3735 1979 3814">
     <span class='ocr_line' id='line_1_55' title="bbox 326 3735 1979 3814; baseline -0.002 -20"><span class='ocrx_word' id='word_1_432' title='bbox 326 3737 530 3812; x_wconf 81' lang='grc' dir='ltr'>κρίνετε</span> <span class='ocrx_word' id='word_1_433' title='bbox 552 3738 675 3802; x_wconf 72' lang='grc' dir='ltr'>τοὺς</span> <span class='ocrx_word' id='word_1_434' title='bbox 706 3738 944 3814; x_wconf 79' lang='grc' dir='ltr'>πόρνους</span> <span class='ocrx_word' id='word_1_435' title='bbox 976 3741 1075 3796; x_wconf 77' lang='grc' dir='ltr'>τοῦ</span> <span class='ocrx_word' id='word_1_436' title='bbox 1102 3735 1314 3809; x_wconf 81' lang='grc' dir='ltr'>κόσμου</span> <span class='ocrx_word' id='word_1_437' title='bbox 1344 3735 1562 3805; x_wconf 81' lang='grc' dir='ltr'>τούτου,</span> <span class='ocrx_word' id='word_1_438' title='bbox 1619 3735 1796 3812; x_wconf 76' lang='grc' dir='ltr'>ἤγουν</span> <span class='ocrx_word' id='word_1_439' title='bbox 1851 3736 1979 3800; x_wconf 80' lang='grc' dir='ltr'>τοὺς</span> 
     </span>
    </p>
   </div>
   <div class='ocr_carea' id='block_1_55' title="bbox 327 3822 1977 3905">
    <p class='ocr_par' dir='ltr' id='par_1_55' title="bbox 327 3822 1977 3905">
     <span class='ocr_line' id='line_1_56' title="bbox 327 3822 1977 3905; baseline 0.002 -23"><span class='ocrx_word' id='word_1_440' title='bbox 327 3823 750 3904; x_wconf 78' lang='grc' dir='ltr'>εἰδωλολάτρας,</span> <span class='ocrx_word' id='word_1_441' title='bbox 782 3827 899 3888; x_wconf 74' lang='lat' dir='ltr'>insi</span> <span class='ocrx_word' id='word_1_442' title='bbox 928 3826 1019 3887; x_wconf 75' lang='grc' dir='ltr'>καὶ</span> <span class='ocrx_word' id='word_1_443' title='bbox 1059 3826 1226 3903; x_wconf 67' lang='grc' dir='ltr'>χρέος</span> <span class='ocrx_word' id='word_1_444' title='bbox 1275 3824 1455 3901; x_wconf 71' lang='grc' dir='ltr'>εἴχετε</span> <span class='ocrx_word' id='word_1_445' title='bbox 1507 3825 1557 3895; x_wconf 77' lang='grc' dir='ltr'>ιε</span> <span class='ocrx_word' id='word_1_446' title='bbox 1612 3826 1793 3884; x_wconf 80' lang='grc' dir='ltr'>αὐτῶν</span> <span class='ocrx_word' id='word_1_447' title='bbox 1824 3822 1977 3905; x_wconf 79' lang='grc' dir='ltr'>ἐξελ-</span> 
     </span>
    </p>
   </div>
   <div class='ocr_carea' id='block_1_56' title="bbox 321 3913 1818 3995">
    <p class='ocr_par' dir='ltr' id='par_1_56' title="bbox 321 3913 1818 3995">
     <span class='ocr_line' id='line_1_57' title="bbox 321 3913 1818 3995; baseline -0.003 -21"><span class='ocrx_word' id='word_1_448' title='bbox 321 3921 457 3988; x_wconf 81' lang='grc' dir='ltr'>θεῖν,</span> <span class='ocrx_word' id='word_1_449' title='bbox 489 3915 631 3978; x_wconf 77' lang='grc' dir='ltr'>ἀλλὰ</span> <span class='ocrx_word' id='word_1_450' title='bbox 659 3918 865 3995; x_wconf 72' lang='grc' dir='ltr'>κρίνετε</span> <span class='ocrx_word' id='word_1_451' title='bbox 895 3917 986 3977; x_wconf 83' lang='grc' dir='ltr'>καὶ</span> <span class='ocrx_word' id='word_1_452' title='bbox 1015 3913 1336 3992; x_wconf 69' lang='grc' dir='ltr'>ἀνακρίνετε</span> <span class='ocrx_word' id='word_1_453' title='bbox 1363 3914 1556 3975; x_wconf 78' lang='grc' dir='ltr'>πιστὸν</span> <span class='ocrx_word' id='word_1_454' title='bbox 1595 3914 1818 3990; x_wconf 84' lang='grc' dir='ltr'>πόρνον.</span> 
     </span>
    </p>
   </div>
   <div class='ocr_carea' id='block_1_57' title="bbox 384 4184 1973 4267">
    <p class='ocr_par' dir='ltr' id='par_1_57' title="bbox 384 4184 1973 4267">
     <span class='ocr_line' id='line_1_58' title="bbox 384 4184 1973 4267; baseline 0.001 -20"><span class='ocrx_word' id='word_1_455' title='bbox 384 4189 511 4248; x_wconf 75' lang='grc' dir='ltr'>Ἐάν</span> <span class='ocrx_word' id='word_1_456' title='bbox 582 4210 667 4251; x_wconf 84' lang='grc' dir='ltr'>τις</span> <span class='ocrx_word' id='word_1_457' title='bbox 755 4186 991 4267; x_wconf 69' lang='grc' dir='ltr'>ἀδελφὸς</span> <span class='ocrx_word' id='word_1_458' title='bbox 1076 4186 1486 4261; x_wconf 81' lang='grc' dir='ltr'>ὀνομαζόμενος</span> <span class='ocrx_word' id='word_1_459' title='bbox 1543 4184 1579 4260; x_wconf 68' lang='grc' dir='ltr'><strong><em>ἦ</em></strong></span> <span class='ocrx_word' id='word_1_460' title='bbox 1635 4185 1861 4260; x_wconf 75' lang='grc' dir='ltr'>πόρνος,</span> <span class='ocrx_word' id='word_1_461' title='bbox 1938 4184 1973 4255; x_wconf 76' lang='grc' dir='ltr'>ἢ</span> 
     </span>
    </p>
   </div>
   <div class='ocr_carea' id='block_1_58' title="bbox 309 4272 1977 4351">
    <p class='ocr_par' dir='ltr' id='par_1_58' title="bbox 309 4272 1977 4351">
     <span class='ocr_line' id='line_1_59' title="bbox 309 4272 1977 4351; baseline -0.002 -17"><span class='ocrx_word' id='word_1_462' title='bbox 309 4277 672 4349; x_wconf 72' lang='grc' dir='ltr'>πλεονξκτης,</span> <span class='ocrx_word' id='word_1_463' title='bbox 731 4276 768 4348; x_wconf 76' lang='grc' dir='ltr'>ἤ</span> <span class='ocrx_word' id='word_1_464' title='bbox 827 4275 1264 4351; x_wconf 63' lang='grc' dir='ltr'>εἰδωλολάτρης,</span> <span class='ocrx_word' id='word_1_465' title='bbox 1321 4272 1358 4345; x_wconf 75' lang='grc' dir='ltr'>ἤ</span> <span class='ocrx_word' id='word_1_466' title='bbox 1416 4272 1695 4349; x_wconf 81' lang='grc' dir='ltr'>λοίδορος,</span> <span class='ocrx_word' id='word_1_467' title='bbox 1752 4273 1789 4343; x_wconf 74' lang='grc' dir='ltr'><strong>ἢ</strong></span> <span class='ocrx_word' id='word_1_468' title='bbox 1879 4274 1977 4348; x_wconf 69' lang='grc' dir='ltr'>μί-</span> 
     </span>
    </p>
   </div>
   <div class='ocr_carea' id='block_1_59' title="bbox 313 4361 1974 4444">
    <p class='ocr_par' dir='ltr' id='par_1_59' title="bbox 313 4361 1974 4444">
     <span class='ocr_line' id='line_1_60' title="bbox 313 4361 1974 4444; baseline -0.002 -21"><span class='ocrx_word' id='word_1_469' title='bbox 313 4380 503 4442; x_wconf 80' lang='grc' dir='ltr'>θυσος,</span> <span class='ocrx_word' id='word_1_470' title='bbox 561 4370 598 4440; x_wconf 75' lang='grc' dir='ltr'><strong>ἢ</strong></span> <span class='ocrx_word' id='word_1_471' title='bbox 658 4368 854 4444; x_wconf 72' lang='grc' dir='ltr'>ἅρπαξ,</span> <span class='ocrx_word' id='word_1_472' title='bbox 906 4372 989 4440; x_wconf 78' lang='grc' dir='ltr'>τῷ</span> <span class='ocrx_word' id='word_1_473' title='bbox 1042 4365 1281 4438; x_wconf 79' lang='grc' dir='ltr'>τοιούτῳ</span> <span class='ocrx_word' id='word_1_474' title='bbox 1343 4361 1485 4438; x_wconf 70' lang='grc' dir='ltr'>μηδί</span> <span class='ocrx_word' id='word_1_475' title='bbox 1543 4361 1857 4429; x_wconf 80' lang='grc' dir='ltr'>συνεσθίειν,</span> <span class='ocrx_word' id='word_1_476' title='bbox 1909 4364 1974 4420; x_wconf 89' lang='grc' dir='ltr'>Τί</span> 
     </span>
    </p>
   </div>
   <div class='ocr_carea' id='block_1_60' title="bbox 312 4445 1976 4535">
    <p class='ocr_par' dir='ltr' id='par_1_60' title="bbox 312 4445 1976 4535">
     <span class='ocr_line' id='line_1_61' title="bbox 312 4445 1976 4535; baseline -0.003 -21"><span class='ocrx_word' id='word_1_477' title='bbox 312 4459 424 4535; x_wconf 87' lang='grc' dir='ltr'>γάρ</span> <span class='ocrx_word' id='word_1_478' title='bbox 480 4479 576 4532; x_wconf 85' lang='grc' dir='ltr'>μοι</span> <span class='ocrx_word' id='word_1_479' title='bbox 641 4457 733 4514; x_wconf 80' lang='grc' dir='ltr'>καὶ</span> <span class='ocrx_word' id='word_1_480' title='bbox 788 4457 917 4518; x_wconf 77' lang='grc' dir='ltr'>τοὺς</span> <span class='ocrx_word' id='word_1_481' title='bbox 976 4454 1079 4526; x_wconf 69' lang='grc' dir='ltr'>ἔξω</span> <span class='ocrx_word' id='word_1_482' title='bbox 1135 4454 1334 4529; x_wconf 82' lang='grc' dir='ltr'>κρίνειν</span> <span class='ocrx_word' id='word_1_483' title='bbox 1397 4471 1411 4520; x_wconf 89' lang='grc'><strong>;</strong></span> <span class='ocrx_word' id='word_1_484' title='bbox 1492 4451 1621 4527; x_wconf 76' lang='grc' dir='ltr'>οὐχὶ</span> <span class='ocrx_word' id='word_1_485' title='bbox 1682 4450 1811 4513; x_wconf 73' lang='grc' dir='ltr'>τοὺς</span> <span class='ocrx_word' id='word_1_486' title='bbox 1868 4445 1976 4509; x_wconf 65' lang='grc' dir='ltr'>ἔσω</span> 
     </span>
    </p>
   </div>
   <div class='ocr_carea' id='block_1_61' title="bbox 317 4539 1977 4625">
    <p class='ocr_par' dir='ltr' id='par_1_61' title="bbox 317 4539 1977 4625">
     <span class='ocr_line' id='line_1_62' title="bbox 317 4539 1977 4625; baseline -0.007 -19"><span class='ocrx_word' id='word_1_487' title='bbox 317 4552 479 4623; x_wconf 75' lang='grc' dir='ltr'>ὑμεῖς</span> <span class='ocrx_word' id='word_1_488' title='bbox 531 4547 742 4625; x_wconf 84' lang='grc' dir='ltr'>κρίνετε</span> <span class='ocrx_word' id='word_1_489' title='bbox 793 4567 806 4619; x_wconf 90' lang='lat'><strong>;</strong></span> <span class='ocrx_word' id='word_1_490' title='bbox 893 4545 1032 4607; x_wconf 80' lang='grc' dir='ltr'>Τοὺς</span> <span class='ocrx_word' id='word_1_491' title='bbox 1089 4541 1148 4601; x_wconf 77' lang='grc' dir='ltr'>δὶ</span> <span class='ocrx_word' id='word_1_492' title='bbox 1205 4539 1307 4616; x_wconf 68' lang='grc' dir='ltr'>ἔξω</span> <span class='ocrx_word' id='word_1_493' title='bbox 1366 4543 1394 4596; x_wconf 89' lang='grc' dir='ltr'><strong>ὁ</strong></span> <span class='ocrx_word' id='word_1_494' title='bbox 1452 4541 1586 4604; x_wconf 80' lang='grc' dir='ltr'>Οεὸς</span> <span class='ocrx_word' id='word_1_495' title='bbox 1643 4540 1834 4615; x_wconf 89' lang='grc' dir='ltr'>κρίνει,</span> <span class='ocrx_word' id='word_1_496' title='bbox 1885 4540 1977 4602; x_wconf 77' lang='grc' dir='ltr'>καὶ</span> 
     </span>
    </p>
   </div>
   <div class='ocr_carea' id='block_1_62' title="bbox 315 4631 1448 4716">
    <p class='ocr_par' dir='ltr' id='par_1_62' title="bbox 315 4631 1448 4716">
     <span class='ocr_line' id='line_1_63' title="bbox 315 4631 1448 4716; baseline -0.004 -21"><span class='ocrx_word' id='word_1_497' title='bbox 315 4640 555 4716; x_wconf 66' lang='grc' dir='ltr'>ἐξαιρεῖτε</span> <span class='ocrx_word' id='word_1_498' title='bbox 581 4638 674 4695; x_wconf 80' lang='grc' dir='ltr'>τὸν</span> <span class='ocrx_word' id='word_1_499' title='bbox 707 4636 943 4713; x_wconf 77' lang='grc' dir='ltr'>πονηρὸν</span> <span class='ocrx_word' id='word_1_500' title='bbox 974 4634 1024 4708; x_wconf 65' lang='grc' dir='ltr'>δε</span> <span class='ocrx_word' id='word_1_501' title='bbox 1058 4633 1212 4708; x_wconf 82' lang='grc' dir='ltr'>ὑμῶν</span> <span class='ocrx_word' id='word_1_502' title='bbox 1243 4631 1448 4693; x_wconf 74' lang='grc' dir='ltr'>αὐτῶν.</span> 
     </span>
    </p>
   </div>
   <div class='ocr_carea' id='block_1_63' title="bbox 2163 2221 3751 2295">
    <p class='ocr_par' dir='ltr' id='par_1_63' title="bbox 2163 2221 3751 2295">
     <span class='ocr_line' id='line_1_64' title="bbox 2163 2221 3751 2295; baseline 0.003 -18"><span class='ocrx_word' id='word_1_503' title='bbox 2163 2221 2271 2277; x_wconf 90' lang='lat' dir='ltr'>Ubi</span> <span class='ocrx_word' id='word_1_504' title='bbox 2303 2221 2594 2293; x_wconf 82' lang='lat' dir='ltr'>scripsit?</span> <span class='ocrx_word' id='word_1_505' title='bbox 2621 2223 2868 2287; x_wconf 79' lang='lat' dir='ltr'>Quando</span> <span class='ocrx_word' id='word_1_506' title='bbox 2890 2221 3074 2281; x_wconf 84' lang='lat' dir='ltr'>dixit:</span> <span class='ocrx_word' id='word_1_507' title='bbox 3108 2244 3137 2275; x_wconf 86' lang='grc' dir='ltr'>ι(</span> <span class='ocrx_word' id='word_1_508' title='bbox 3171 2225 3252 2279; x_wconf 80' lang='lat' dir='ltr'>Ac</span> <span class='ocrx_word' id='word_1_509' title='bbox 3282 2239 3404 2281; x_wconf 90' lang='lat' dir='ltr'>non</span> <span class='ocrx_word' id='word_1_510' title='bbox 3434 2223 3626 2295; x_wconf 78' lang='lat' dir='ltr'>magis</span> <span class='ocrx_word' id='word_1_511' title='bbox 3658 2224 3751 2281; x_wconf 85' lang='lat' dir='ltr'>lu-</span> 
     </span>
    </p>
   </div>
   <div class='ocr_carea' id='block_1_64' title="bbox 2089 2309 3750 2383">
    <p class='ocr_par' dir='ltr' id='par_1_64' title="bbox 2089 2309 3750 2383">
     <span class='ocr_line' id='line_1_65' title="bbox 2089 2309 3750 2383; baseline -0.004 -14"><span class='ocrx_word' id='word_1_512' title='bbox 2089 2309 2257 2369; x_wconf 82' lang='lat' dir='ltr'>xistis</span> <span class='ocrx_word' id='word_1_513' title='bbox 2286 2315 2353 2366; x_wconf 87' lang='lat' dir='ltr'>ut</span> <span class='ocrx_word' id='word_1_514' title='bbox 2375 2311 2685 2371; x_wconf 87' lang='lat' dir='ltr'>tolleretur</span> <span class='ocrx_word' id='word_1_515' title='bbox 2701 2311 2772 2369; x_wconf 87' lang='lat' dir='ltr'>de</span> <span class='ocrx_word' id='word_1_516' title='bbox 2798 2311 2993 2367; x_wconf 89' lang='lat' dir='ltr'>medio</span> <span class='ocrx_word' id='word_1_517' title='bbox 3027 2316 3289 2369; x_wconf 88' lang='lat' dir='ltr'>vestrum</span> <span class='ocrx_word' id='word_1_518' title='bbox 3312 2311 3692 2383; x_wconf 84' lang='lat' dir='ltr'>hujusmodi;</span> <span class='ocrx_word' id='word_1_519' title='bbox 3720 2334 3750 2363; x_wconf 76' lang='grc' dir='ltr'>ιι</span> 
     </span>
    </p>
   </div>
   <div class='ocr_carea' id='block_1_65' title="bbox 2088 2398 3747 2473">
    <p class='ocr_par' dir='ltr' id='par_1_65' title="bbox 2088 2398 3747 2473">
     <span class='ocr_line' id='line_1_66' title="bbox 2088 2398 3747 2473; baseline 0.004 -19"><span class='ocrx_word' id='word_1_520' title='bbox 2088 2414 2210 2455; x_wconf 91' lang='lat' dir='ltr'>non</span> <span class='ocrx_word' id='word_1_521' title='bbox 2240 2398 2338 2455; x_wconf 90' lang='lat' dir='ltr'>hic</span> <span class='ocrx_word' id='word_1_522' title='bbox 2368 2404 2473 2457; x_wconf 89' lang='lat' dir='ltr'>aut</span> <span class='ocrx_word' id='word_1_523' title='bbox 2499 2400 2624 2467; x_wconf 88' lang='lat' dir='ltr'>ille,</span> <span class='ocrx_word' id='word_1_524' title='bbox 2659 2400 2764 2459; x_wconf 85' lang='lat' dir='ltr'>sed</span> <span class='ocrx_word' id='word_1_525' title='bbox 2795 2400 3160 2471; x_wconf 89' lang='lat' dir='ltr'>quicumque</span> <span class='ocrx_word' id='word_1_526' title='bbox 3191 2399 3372 2457; x_wconf 84' lang='lat' dir='ltr'>fuerit</span> <span class='ocrx_word' id='word_1_527' title='bbox 3427 2400 3747 2473; x_wconf 85' lang='lat' dir='ltr'>ejusmodi.</span> 
     </span>
    </p>
   </div>
   <div class='ocr_carea' id='block_1_66' title="bbox 2090 2489 3746 2561">
    <p class='ocr_par' dir='ltr' id='par_1_66' title="bbox 2090 2489 3746 2561">
     <span class='ocr_line' id='line_1_67' title="bbox 2090 2489 3746 2561; baseline 0.002 -14"><span class='ocrx_word' id='word_1_528' title='bbox 2090 2490 2505 2560; x_wconf 81' lang='lat' dir='ltr'>Rursumque:</span> <span class='ocrx_word' id='word_1_529' title='bbox 2539 2511 2568 2541; x_wconf 85' lang='lat'><strong><em>«</em></strong></span> <span class='ocrx_word' id='word_1_530' title='bbox 2602 2491 2931 2561; x_wconf 81' lang='lat' dir='ltr'>Expurgate</span> <span class='ocrx_word' id='word_1_531' title='bbox 2962 2493 3128 2547; x_wconf 88' lang='lat' dir='ltr'>vetus</span> <span class='ocrx_word' id='word_1_532' title='bbox 3154 2489 3540 2555; x_wconf 75' lang='lat' dir='ltr'>fermentum,</span> <span class='ocrx_word' id='word_1_533' title='bbox 3562 2513 3590 2541; x_wconf 90' lang='grc'>››</span> <span class='ocrx_word' id='word_1_534' title='bbox 3626 2507 3746 2551; x_wconf 83' lang='lat' dir='ltr'>non</span> 
     </span>
    </p>
   </div>
   <div class='ocr_carea' id='block_1_67' title="bbox 2087 2577 3742 2651">
    <p class='ocr_par' dir='ltr' id='par_1_67' title="bbox 2087 2577 3742 2651">
     <span class='ocr_line' id='line_1_68' title="bbox 2087 2577 3742 2651; baseline 0.004 -19"><span class='ocrx_word' id='word_1_535' title='bbox 2087 2577 2199 2633; x_wconf 86' lang='lat' dir='ltr'>hoc</span> <span class='ocrx_word' id='word_1_536' title='bbox 2230 2583 2333 2634; x_wconf 90' lang='lat' dir='ltr'>aut</span> <span class='ocrx_word' id='word_1_537' title='bbox 2362 2577 2531 2646; x_wconf 89' lang='lat' dir='ltr'>illud,</span> <span class='ocrx_word' id='word_1_538' title='bbox 2562 2578 2666 2637; x_wconf 83' lang='lat' dir='ltr'>sed</span> <span class='ocrx_word' id='word_1_539' title='bbox 2698 2583 2886 2634; x_wconf 91' lang='lat' dir='ltr'>totum</span> <span class='ocrx_word' id='word_1_540' title='bbox 2913 2583 3079 2635; x_wconf 81' lang='lat' dir='ltr'>vetus</span> <span class='ocrx_word' id='word_1_541' title='bbox 3108 2578 3742 2651; x_wconf 78' lang='lat' dir='ltr'>fermentumSumpta</span> 
     </span>
    </p>
   </div>
   <div class='ocr_carea' id='block_1_68' title="bbox 2087 2667 3740 2740">
    <p class='ocr_par' dir='ltr' id='par_1_68' title="bbox 2087 2667 3740 2740">
     <span class='ocr_line' id='line_1_69' title="bbox 2087 2667 3740 2740; baseline 0.001 -13"><span class='ocrx_word' id='word_1_542' title='bbox 2087 2667 2250 2727; x_wconf 81' lang='lat' dir='ltr'>enim</span> <span class='ocrx_word' id='word_1_543' title='bbox 2281 2668 2595 2727; x_wconf 83' lang='lat' dir='ltr'>occasione</span> <span class='ocrx_word' id='word_1_544' title='bbox 2624 2667 2697 2726; x_wconf 88' lang='lat' dir='ltr'>ab</span> <span class='ocrx_word' id='word_1_545' title='bbox 2739 2672 2858 2727; x_wconf 85' lang='lat' dir='ltr'>uno</span> <span class='ocrx_word' id='word_1_546' title='bbox 2915 2669 3017 2740; x_wconf 90' lang='lat' dir='ltr'>qui</span> <span class='ocrx_word' id='word_1_547' title='bbox 3067 2673 3359 2728; x_wconf 85' lang='lat' dir='ltr'>scortatus</span> <span class='ocrx_word' id='word_1_548' title='bbox 3405 2669 3618 2739; x_wconf 84' lang='lat' dir='ltr'>fuerat,</span> <span class='ocrx_word' id='word_1_549' title='bbox 3665 2671 3740 2729; x_wconf 86' lang='lat' dir='ltr'>ad</span> 
     </span>
    </p>
   </div>
   <div class='ocr_carea' id='block_1_69' title="bbox 2085 2756 3742 2826">
    <p class='ocr_par' dir='ltr' id='par_1_69' title="bbox 2085 2756 3742 2826">
     <span class='ocr_line' id='line_1_70' title="bbox 2085 2756 3742 2826; baseline 0.001 -11"><span class='ocrx_word' id='word_1_550' title='bbox 2085 2772 2467 2815; x_wconf 86' lang='lat' dir='ltr'>communem</span> <span class='ocrx_word' id='word_1_551' title='bbox 2497 2756 2868 2818; x_wconf 82' lang='lat' dir='ltr'>transcendit</span> <span class='ocrx_word' id='word_1_552' title='bbox 2895 2773 3253 2826; x_wconf 85' lang='lat' dir='ltr'>sermonem,</span> <span class='ocrx_word' id='word_1_553' title='bbox 3278 2758 3391 2815; x_wconf 90' lang='lat' dir='ltr'>hoc</span> <span class='ocrx_word' id='word_1_554' title='bbox 3423 2759 3600 2816; x_wconf 86' lang='lat' dir='ltr'>estad</span> <span class='ocrx_word' id='word_1_555' title='bbox 3613 2776 3742 2816; x_wconf 82' lang='lat' dir='ltr'>om-</span> 
     </span>
    </p>
   </div>
   <div class='ocr_carea' id='block_1_70' title="bbox 2085 2846 3746 2909">
    <p class='ocr_par' dir='ltr' id='par_1_70' title="bbox 2085 2846 3746 2909">
     <span class='ocr_line' id='line_1_71' title="bbox 2085 2846 3746 2909; baseline 0.003 -7"><span class='ocrx_word' id='word_1_556' title='bbox 2085 2863 2224 2902; x_wconf 91' lang='lat' dir='ltr'>nem</span> <span class='ocrx_word' id='word_1_557' title='bbox 2258 2851 2665 2904; x_wconf 88' lang='lat' dir='ltr'>scortatorem.</span> <span class='ocrx_word' id='word_1_558' title='bbox 2694 2848 2765 2903; x_wconf 88' lang='lat' dir='ltr'>Et</span> <span class='ocrx_word' id='word_1_559' title='bbox 2785 2846 2924 2905; x_wconf 87' lang='lat' dir='ltr'>inde</span> <span class='ocrx_word' id='word_1_560' title='bbox 2945 2848 3419 2909; x_wconf 85' lang='lat' dir='ltr'>communiorem</span> <span class='ocrx_word' id='word_1_561' title='bbox 3442 2848 3635 2907; x_wconf 81' lang='lat' dir='ltr'>adhuc</span> <span class='ocrx_word' id='word_1_562' title='bbox 3656 2866 3746 2907; x_wconf 53' lang='grc' dir='ltr'>οε,</span> 
     </span>
    </p>
   </div>
   <div class='ocr_carea' id='block_1_71' title="bbox 2084 2935 3741 3011">
    <p class='ocr_par' dir='ltr' id='par_1_71' title="bbox 2084 2935 3741 3011">
     <span class='ocr_line' id='line_1_72' title="bbox 2084 2935 3741 3011; baseline 0.003 -21"><span class='ocrx_word' id='word_1_563' title='bbox 2084 2935 2337 2993; x_wconf 87' lang='lat' dir='ltr'>tendens</span> <span class='ocrx_word' id='word_1_564' title='bbox 2367 2950 2730 3005; x_wconf 84' lang='lat' dir='ltr'>sermonem,</span> <span class='ocrx_word' id='word_1_565' title='bbox 2752 2952 2961 2997; x_wconf 79' lang='lat' dir='ltr'>rursus</span> <span class='ocrx_word' id='word_1_566' title='bbox 2991 2935 3150 2995; x_wconf 90' lang='lat' dir='ltr'>idem</span> <span class='ocrx_word' id='word_1_567' title='bbox 3184 2935 3494 3011; x_wconf 78' lang='lat' dir='ltr'>subjungit</span> <span class='ocrx_word' id='word_1_568' title='bbox 3520 2955 3741 3009; x_wconf 68' lang='lat' dir='ltr'>praece-</span> 
     </span>
    </p>
   </div>
   <div class='ocr_carea' id='block_1_72' title="bbox 2085 3024 3740 3097">
    <p class='ocr_par' dir='ltr' id='par_1_72' title="bbox 2085 3024 3740 3097">
     <span class='ocr_line' id='line_1_73' title="bbox 2085 3024 3740 3097; baseline 0.001 -16"><span class='ocrx_word' id='word_1_569' title='bbox 2085 3030 2253 3096; x_wconf 88' lang='lat' dir='ltr'>ptum</span> <span class='ocrx_word' id='word_1_570' title='bbox 2278 3025 2351 3080; x_wconf 92' lang='lat' dir='ltr'>de</span> <span class='ocrx_word' id='word_1_571' title='bbox 2381 3024 2475 3083; x_wconf 81' lang='lat' dir='ltr'>his</span> <span class='ocrx_word' id='word_1_572' title='bbox 2507 3041 2743 3096; x_wconf 85' lang='lat' dir='ltr'>quoque</span> <span class='ocrx_word' id='word_1_573' title='bbox 2774 3025 2875 3095; x_wconf 88' lang='lat' dir='ltr'>qui</span> <span class='ocrx_word' id='word_1_574' title='bbox 2900 3025 2962 3080; x_wconf 91' lang='lat' dir='ltr'>in</span> <span class='ocrx_word' id='word_1_575' title='bbox 2986 3024 3286 3083; x_wconf 83' lang='lat' dir='ltr'>similibus</span> <span class='ocrx_word' id='word_1_576' title='bbox 3299 3025 3740 3097; x_wconf 87' lang='lat' dir='ltr'>delinquerent,</span> 
     </span>
    </p>
   </div>
   <div class='ocr_carea' id='block_1_73' title="bbox 2082 3112 3742 3189">
    <p class='ocr_par' dir='ltr' id='par_1_73' title="bbox 2082 3112 3742 3189">
     <span class='ocr_line' id='line_1_74' title="bbox 2082 3112 3742 3189; baseline 0.001 -18"><span class='ocrx_word' id='word_1_577' title='bbox 2082 3118 2288 3185; x_wconf 87' lang='lat' dir='ltr'>utpote</span> <span class='ocrx_word' id='word_1_578' title='bbox 2308 3112 2888 3180; x_wconf 85' lang='lat' dir='ltr'>avaris,idololatris,</span> <span class='ocrx_word' id='word_1_579' title='bbox 2914 3117 3017 3172; x_wconf 82' lang='lat' dir='ltr'>aut</span> <span class='ocrx_word' id='word_1_580' title='bbox 3041 3112 3204 3171; x_wconf 83' lang='lat' dir='ltr'>aliud</span> <span class='ocrx_word' id='word_1_581' title='bbox 3227 3113 3532 3189; x_wconf 88' lang='lat' dir='ltr'>quippiam</span> <span class='ocrx_word' id='word_1_582' title='bbox 3545 3115 3742 3172; x_wconf 88' lang='lat' dir='ltr'>simile</span> 
     </span>
    </p>
   </div>
   <div class='ocr_carea' id='block_1_74' title="bbox 2083 3201 3742 3275">
    <p class='ocr_par' dir='ltr' id='par_1_74' title="bbox 2083 3201 3742 3275">
     <span class='ocr_line' id='line_1_75' title="bbox 2083 3201 3742 3275; baseline 0.002 -17"><span class='ocrx_word' id='word_1_583' title='bbox 2083 3201 2586 3275; x_wconf 83' lang='lat' dir='ltr'>perpetrantibus.</span> <span class='ocrx_word' id='word_1_584' title='bbox 2620 3222 2651 3253; x_wconf 86' lang='lat'><strong>«</strong></span> <span class='ocrx_word' id='word_1_585' title='bbox 2684 3202 3121 3259; x_wconf 88' lang='lat' dir='ltr'>Scortatoribus</span> <span class='ocrx_word' id='word_1_586' title='bbox 3144 3202 3351 3259; x_wconf 88' lang='lat' dir='ltr'>mundi</span> <span class='ocrx_word' id='word_1_587' title='bbox 3382 3202 3582 3274; x_wconf 88' lang='lat' dir='ltr'>hujus.</span> <span class='ocrx_word' id='word_1_588' title='bbox 3606 3225 3634 3255; x_wconf 84' lang='grc'>››</span> <span class='ocrx_word' id='word_1_589' title='bbox 3662 3206 3742 3261; x_wconf 84' lang='grc' dir='ltr'>Νο</span> 
     </span>
    </p>
   </div>
   <div class='ocr_carea' id='block_1_75' title="bbox 2086 3292 3741 3364">
    <p class='ocr_par' dir='ltr' id='par_1_75' title="bbox 2086 3292 3741 3364">
     <span class='ocr_line' id='line_1_76' title="bbox 2086 3292 3741 3364; baseline -0.001 -13"><span class='ocrx_word' id='word_1_590' title='bbox 2086 3293 2497 3352; x_wconf 82' lang='lat' dir='ltr'>existimarent</span> <span class='ocrx_word' id='word_1_591' title='bbox 2524 3297 2801 3364; x_wconf 83' lang='lat' dir='ltr'>oportere</span> <span class='ocrx_word' id='word_1_592' title='bbox 2826 3308 2888 3349; x_wconf 87' lang='lat' dir='ltr'>se</span> <span class='ocrx_word' id='word_1_593' title='bbox 2914 3309 3036 3350; x_wconf 89' lang='lat' dir='ltr'>non</span> <span class='ocrx_word' id='word_1_594' title='bbox 3056 3292 3432 3351; x_wconf 88' lang='lat' dir='ltr'>commisceri</span> <span class='ocrx_word' id='word_1_595' title='bbox 3446 3299 3741 3351; x_wconf 84' lang='lat' dir='ltr'>scortato-</span> 
     </span>
    </p>
   </div>
   <div class='ocr_carea' id='block_1_76' title="bbox 2085 3380 3742 3454">
    <p class='ocr_par' dir='ltr' id='par_1_76' title="bbox 2085 3380 3742 3454">
     <span class='ocr_line' id='line_1_77' title="bbox 2085 3380 3742 3454; baseline -0.003 -12"><span class='ocrx_word' id='word_1_596' title='bbox 2085 3383 2251 3442; x_wconf 84' lang='lat' dir='ltr'>ribus</span> <span class='ocrx_word' id='word_1_597' title='bbox 2278 3382 2517 3449; x_wconf 59' lang='lat' dir='ltr'>Graecis,</span> <span class='ocrx_word' id='word_1_598' title='bbox 2552 3381 2710 3452; x_wconf 89' lang='lat' dir='ltr'>quod</span> <span class='ocrx_word' id='word_1_599' title='bbox 2744 3380 3118 3454; x_wconf 80' lang='lat' dir='ltr'>impossibile</span> <span class='ocrx_word' id='word_1_600' title='bbox 3150 3381 3403 3438; x_wconf 85' lang='lat' dir='ltr'>essetiis</span> <span class='ocrx_word' id='word_1_601' title='bbox 3431 3382 3531 3453; x_wconf 92' lang='lat' dir='ltr'>qui</span> <span class='ocrx_word' id='word_1_602' title='bbox 3590 3383 3742 3438; x_wconf 81' lang='lat' dir='ltr'>civi-</span> 
     </span>
    </p>
   </div>
   <div class='ocr_carea' id='block_1_77' title="bbox 2083 3470 3743 3543">
    <p class='ocr_par' dir='ltr' id='par_1_77' title="bbox 2083 3470 3743 3543">
     <span class='ocr_line' id='line_1_78' title="bbox 2083 3470 3743 3543; baseline 0.001 -15"><span class='ocrx_word' id='word_1_603' title='bbox 2083 3477 2267 3528; x_wconf 86' lang='lat' dir='ltr'>tatem</span> <span class='ocrx_word' id='word_1_604' title='bbox 2294 3470 2699 3529; x_wconf 85' lang='lat' dir='ltr'>inhabitarent</span> <span class='ocrx_word' id='word_1_605' title='bbox 2724 3487 2737 3525; x_wconf 92' lang='lat'><strong>:</strong></span> <span class='ocrx_word' id='word_1_606' title='bbox 2770 3471 3012 3543; x_wconf 78' lang='lat' dir='ltr'>corrigit</span> <span class='ocrx_word' id='word_1_607' title='bbox 3040 3470 3189 3526; x_wconf 90' lang='lat' dir='ltr'>illud</span> <span class='ocrx_word' id='word_1_608' title='bbox 3244 3471 3408 3536; x_wconf 87' lang='lat' dir='ltr'>Quod</span> <span class='ocrx_word' id='word_1_609' title='bbox 3427 3476 3625 3527; x_wconf 87' lang='lat' dir='ltr'>autem</span> <span class='ocrx_word' id='word_1_610' title='bbox 3646 3473 3743 3530; x_wconf 90' lang='lat' dir='ltr'>hic</span> 
     </span>
    </p>
   </div>
   <div class='ocr_carea' id='block_1_78' title="bbox 2084 3559 3741 3633">
    <p class='ocr_par' dir='ltr' id='par_1_78' title="bbox 2084 3559 3741 3633">
     <span class='ocr_line' id='line_1_79' title="bbox 2084 3559 3741 3633; baseline -0.001 -12"><span class='ocrx_word' id='word_1_611' title='bbox 2084 3562 2188 3628; x_wconf 80' lang='lat' dir='ltr'>ait,</span> <span class='ocrx_word' id='word_1_612' title='bbox 2227 3580 2251 3610; x_wconf 74' lang='grc' dir='ltr'>ι</span> <span class='ocrx_word' id='word_1_613' title='bbox 2290 3562 2561 3627; x_wconf 89' lang='lat' dir='ltr'>omnino,</span> <span class='ocrx_word' id='word_1_614' title='bbox 2598 3582 2625 3611; x_wconf 82' lang='lat'>»</span> <span class='ocrx_word' id='word_1_615' title='bbox 2658 3559 2955 3633; x_wconf 81' lang='lat' dir='ltr'>signiﬁcat</span> <span class='ocrx_word' id='word_1_616' title='bbox 2984 3559 3143 3630; x_wconf 92' lang='lat' dir='ltr'>quod</span> <span class='ocrx_word' id='word_1_617' title='bbox 3183 3560 3245 3619; x_wconf 88' lang='lat' dir='ltr'>in</span> <span class='ocrx_word' id='word_1_618' title='bbox 3305 3560 3579 3617; x_wconf 79' lang='lat' dir='ltr'>confesso</span> <span class='ocrx_word' id='word_1_619' title='bbox 3633 3567 3741 3621; x_wconf 88' lang='lat' dir='ltr'>est.</span> 
     </span>
    </p>
   </div>
   <div class='ocr_carea' id='block_1_79' title="bbox 2085 3649 3742 3721">
    <p class='ocr_par' dir='ltr' id='par_1_79' title="bbox 2085 3649 3742 3721">
     <span class='ocr_line' id='line_1_80' title="bbox 2085 3649 3742 3721; baseline 0.004 -18"><span class='ocrx_word' id='word_1_620' title='bbox 2085 3672 2114 3703; x_wconf 85' lang='grc' dir='ltr'>ιι</span> <span class='ocrx_word' id='word_1_621' title='bbox 2145 3650 2384 3721; x_wconf 83' lang='lat' dir='ltr'>Alioqui</span> <span class='ocrx_word' id='word_1_622' title='bbox 2407 3649 2705 3709; x_wconf 76' lang='lat' dir='ltr'>deberetis</span> <span class='ocrx_word' id='word_1_623' title='bbox 2724 3665 2887 3705; x_wconf 85' lang='lat' dir='ltr'>sane.</span> <span class='ocrx_word' id='word_1_624' title='bbox 2919 3670 2948 3701; x_wconf 72' lang='grc' dir='ltr'>υ</span> <span class='ocrx_word' id='word_1_625' title='bbox 2967 3649 3175 3711; x_wconf 82' lang='lat' dir='ltr'>Studet</span> <span class='ocrx_word' id='word_1_626' title='bbox 3196 3650 3510 3707; x_wconf 87' lang='lat' dir='ltr'>ostendere</span> <span class='ocrx_word' id='word_1_627' title='bbox 3539 3651 3742 3711; x_wconf 88' lang='lat' dir='ltr'>datum</span> 
     </span>
    </p>
   </div>
   <div class='ocr_carea' id='block_1_80' title="bbox 2084 3738 3741 3812">
    <p class='ocr_par' dir='ltr' id='par_1_80' title="bbox 2084 3738 3741 3812">
     <span class='ocr_line' id='line_1_81' title="bbox 2084 3738 3741 3812; baseline -0.001 -16"><span class='ocrx_word' id='word_1_628' title='bbox 2084 3745 2448 3812; x_wconf 78' lang='lat' dir='ltr'>prmceptum</span> <span class='ocrx_word' id='word_1_629' title='bbox 2474 3744 2598 3794; x_wconf 91' lang='lat' dir='ltr'>tum</span> <span class='ocrx_word' id='word_1_630' title='bbox 2629 3738 2915 3810; x_wconf 83' lang='lat' dir='ltr'>possibile</span> <span class='ocrx_word' id='word_1_631' title='bbox 2955 3755 3106 3805; x_wconf 82' lang='lat' dir='ltr'>esse,</span> <span class='ocrx_word' id='word_1_632' title='bbox 3141 3744 3267 3795; x_wconf 89' lang='lat' dir='ltr'>tum</span> <span class='ocrx_word' id='word_1_633' title='bbox 3318 3740 3499 3797; x_wconf 88' lang='lat' dir='ltr'>etiam</span> <span class='ocrx_word' id='word_1_634' title='bbox 3544 3740 3741 3799; x_wconf 87' lang='lat' dir='ltr'>facile.</span> 
     </span>
    </p>
   </div>
   <div class='ocr_carea' id='block_1_81' title="bbox 2084 3828 3742 3901">
    <p class='ocr_par' dir='ltr' id='par_1_81' title="bbox 2084 3828 3742 3901">
     <span class='ocr_line' id='line_1_82' title="bbox 2084 3828 3742 3901; baseline -0.001 -14"><span class='ocrx_word' id='word_1_635' title='bbox 2084 3833 2166 3887; x_wconf 88' lang='lat' dir='ltr'>Ne</span> <span class='ocrx_word' id='word_1_636' title='bbox 2211 3828 2514 3901; x_wconf 86' lang='lat' dir='ltr'>judicetis,</span> <span class='ocrx_word' id='word_1_637' title='bbox 2577 3828 2794 3899; x_wconf 86' lang='lat' dir='ltr'>inquit,</span> <span class='ocrx_word' id='word_1_638' title='bbox 2856 3832 3212 3885; x_wconf 83' lang='lat' dir='ltr'>scortatores</span> <span class='ocrx_word' id='word_1_639' title='bbox 3273 3828 3451 3900; x_wconf 84' lang='lat' dir='ltr'>hujus</span> <span class='ocrx_word' id='word_1_640' title='bbox 3509 3830 3742 3897; x_wconf 89' lang='lat' dir='ltr'>mundi,</span> 
     </span>
    </p>
   </div>
   <div class='ocr_carea' id='block_1_82' title="bbox 2084 3916 3741 3989">
    <p class='ocr_par' dir='ltr' id='par_1_82' title="bbox 2084 3916 3741 3989">
     <span class='ocr_line' id='line_1_83' title="bbox 2084 3916 3741 3989; baseline -0.001 -15"><span class='ocrx_word' id='word_1_641' title='bbox 2084 3935 2301 3989; x_wconf 86' lang='lat' dir='ltr'>nempe</span> <span class='ocrx_word' id='word_1_642' title='bbox 2334 3916 2721 3974; x_wconf 87' lang='lat' dir='ltr'>idololatras:</span> <span class='ocrx_word' id='word_1_643' title='bbox 2757 3916 2981 3987; x_wconf 86' lang='lat' dir='ltr'>alioqui</span> <span class='ocrx_word' id='word_1_644' title='bbox 3013 3930 3258 3973; x_wconf 86' lang='lat' dir='ltr'>necesse</span> <span class='ocrx_word' id='word_1_645' title='bbox 3289 3916 3454 3974; x_wconf 88' lang='lat' dir='ltr'>vobis</span> <span class='ocrx_word' id='word_1_646' title='bbox 3485 3922 3642 3973; x_wconf 86' lang='lat' dir='ltr'>esset</span> <span class='ocrx_word' id='word_1_647' title='bbox 3669 3917 3741 3974; x_wconf 87' lang='lat' dir='ltr'>ab</span> 
     </span>
    </p>
   </div>
   <div class='ocr_carea' id='block_1_83' title="bbox 2084 4004 3741 4078">
    <p class='ocr_par' dir='ltr' id='par_1_83' title="bbox 2084 4004 3741 4078">
     <span class='ocr_line' id='line_1_84' title="bbox 2084 4004 3741 4078; baseline -0.001 -14"><span class='ocrx_word' id='word_1_648' title='bbox 2084 4008 2206 4064; x_wconf 90' lang='lat' dir='ltr'>illis</span> <span class='ocrx_word' id='word_1_649' title='bbox 2235 4023 2474 4078; x_wconf 89' lang='lat' dir='ltr'>quoque</span> <span class='ocrx_word' id='word_1_650' title='bbox 2507 4006 2668 4063; x_wconf 84' lang='lat' dir='ltr'>exire</span> <span class='ocrx_word' id='word_1_651' title='bbox 2696 4023 2709 4062; x_wconf 85' lang='lat'><strong>:</strong></span> <span class='ocrx_word' id='word_1_652' title='bbox 2745 4004 2849 4061; x_wconf 90' lang='lat' dir='ltr'>sed</span> <span class='ocrx_word' id='word_1_653' title='bbox 2872 4004 3140 4077; x_wconf 81' lang='lat' dir='ltr'>judicatc</span> <span class='ocrx_word' id='word_1_654' title='bbox 3169 4021 3236 4062; x_wconf 89' lang='lat' dir='ltr'>ac</span> <span class='ocrx_word' id='word_1_655' title='bbox 3266 4005 3587 4077; x_wconf 87' lang='lat' dir='ltr'>dijudicate</span> <span class='ocrx_word' id='word_1_656' title='bbox 3604 4023 3741 4063; x_wconf 85' lang='lat' dir='ltr'>cre-</span> 
     </span>
    </p>
   </div>
   <div class='ocr_carea' id='block_1_84' title="bbox 2083 4096 2911 4167">
    <p class='ocr_par' dir='ltr' id='par_1_84' title="bbox 2083 4096 2911 4167">
     <span class='ocr_line' id='line_1_85' title="bbox 2083 4096 2911 4167; baseline -0.002 -14"><span class='ocrx_word' id='word_1_657' title='bbox 2083 4098 2324 4153; x_wconf 88' lang='lat' dir='ltr'>dentem</span> <span class='ocrx_word' id='word_1_658' title='bbox 2347 4096 2447 4167; x_wconf 89' lang='lat' dir='ltr'>qui</span> <span class='ocrx_word' id='word_1_659' title='bbox 2479 4100 2772 4153; x_wconf 88' lang='lat' dir='ltr'>scortator</span> <span class='ocrx_word' id='word_1_660' title='bbox 2802 4099 2911 4151; x_wconf 87' lang='lat' dir='ltr'>est.</span> 
     </span>
    </p>
   </div>
   <div class='ocr_carea' id='block_1_85' title="bbox 2158 4183 3738 4255">
    <p class='ocr_par' dir='ltr' id='par_1_85' title="bbox 2158 4183 3738 4255">
     <span class='ocr_line' id='line_1_86' title="bbox 2158 4183 3738 4255; baseline -0.003 -15"><span class='ocrx_word' id='word_1_661' title='bbox 2158 4188 2221 4247; x_wconf 88' lang='lat' dir='ltr'>V.</span> <span class='ocrx_word' id='word_1_662' title='bbox 2255 4189 2443 4243; x_wconf 79' lang='grc'>11-13.</span> <span class='ocrx_word' id='word_1_663' title='bbox 2474 4187 2536 4243; x_wconf 84' lang='lat' dir='ltr'>Si</span> <span class='ocrx_word' id='word_1_664' title='bbox 2564 4186 2688 4255; x_wconf 80' lang='lat' dir='ltr'>quis</span> <span class='ocrx_word' id='word_1_665' title='bbox 2743 4187 2925 4253; x_wconf 74' lang='lat' dir='ltr'>frater</span> <span class='ocrx_word' id='word_1_666' title='bbox 2980 4183 3159 4242; x_wconf 81' lang='lat' dir='ltr'>dictus</span> <span class='ocrx_word' id='word_1_667' title='bbox 3221 4186 3396 4252; x_wconf 72' lang='lat' dir='ltr'>fuerit</span> <span class='ocrx_word' id='word_1_668' title='bbox 3446 4191 3738 4243; x_wconf 71' lang='lat' dir='ltr'>scortator.</span> 
     </span>
    </p>
   </div>
   <div class='ocr_carea' id='block_1_86' title="bbox 2083 4272 3742 4342">
    <p class='ocr_par' dir='ltr' id='par_1_86' title="bbox 2083 4272 3742 4342">
     <span class='ocr_line' id='line_1_87' title="bbox 2083 4272 3742 4342; baseline 0.001 -11"><span class='ocrx_word' id='word_1_669' title='bbox 2083 4282 2181 4331; x_wconf 80' lang='lat' dir='ltr'>aut</span> <span class='ocrx_word' id='word_1_670' title='bbox 2200 4292 2400 4332; x_wconf 82' lang='lat' dir='ltr'>avarus</span> <span class='ocrx_word' id='word_1_671' title='bbox 2431 4281 2529 4332; x_wconf 81' lang='lat' dir='ltr'>aut</span> <span class='ocrx_word' id='word_1_672' title='bbox 2558 4274 2878 4342; x_wconf 77' lang='lat' dir='ltr'>idololatra,</span> <span class='ocrx_word' id='word_1_673' title='bbox 2912 4280 3012 4329; x_wconf 80' lang='lat' dir='ltr'>aut</span> <span class='ocrx_word' id='word_1_674' title='bbox 3046 4272 3402 4340; x_wconf 77' lang='lat' dir='ltr'>conviciator,</span> <span class='ocrx_word' id='word_1_675' title='bbox 3438 4281 3533 4331; x_wconf 76' lang='lat' dir='ltr'>aut</span> <span class='ocrx_word' id='word_1_676' title='bbox 3564 4277 3742 4333; x_wconf 77' lang='lat' dir='ltr'>ebrio-</span> 
     </span>
    </p>
   </div>
   <div class='ocr_carea' id='block_1_87' title="bbox 2082 4361 3742 4436">
    <p class='ocr_par' dir='ltr' id='par_1_87' title="bbox 2082 4361 3742 4436">
     <span class='ocr_line' id='line_1_88' title="bbox 2082 4361 3742 4436; baseline 0.001 -15"><span class='ocrx_word' id='word_1_677' title='bbox 2082 4382 2192 4435; x_wconf 80' lang='lat' dir='ltr'>sus,</span> <span class='ocrx_word' id='word_1_678' title='bbox 2216 4371 2314 4420; x_wconf 79' lang='lat' dir='ltr'>aut</span> <span class='ocrx_word' id='word_1_679' title='bbox 2331 4382 2516 4435; x_wconf 69' lang='lat' dir='ltr'>rupae:</span> <span class='ocrx_word' id='word_1_680' title='bbox 2539 4381 2553 4418; x_wconf 89' lang='lat'><strong>:</strong></span> <span class='ocrx_word' id='word_1_681' title='bbox 2585 4381 2706 4421; x_wconf 84' lang='lat' dir='ltr'>cum</span> <span class='ocrx_word' id='word_1_682' title='bbox 2727 4361 3000 4435; x_wconf 76' lang='lat' dir='ltr'>ejusmodi</span> <span class='ocrx_word' id='word_1_683' title='bbox 3017 4378 3087 4417; x_wconf 85' lang='lat' dir='ltr'>ne</span> <span class='ocrx_word' id='word_1_684' title='bbox 3108 4364 3289 4421; x_wconf 85' lang='lat' dir='ltr'>cibum</span> <span class='ocrx_word' id='word_1_685' title='bbox 3307 4365 3528 4433; x_wconf 79' lang='lat' dir='ltr'>quidem</span> <span class='ocrx_word' id='word_1_686' title='bbox 3540 4367 3742 4436; x_wconf 68' lang='lat' dir='ltr'>capia—</span> 
     </span>
    </p>
   </div>
   <div class='ocr_carea' id='block_1_88' title="bbox 2086 4451 3745 4523">
    <p class='ocr_par' dir='ltr' id='par_1_88' title="bbox 2086 4451 3745 4523">
     <span class='ocr_line' id='line_1_89' title="bbox 2086 4451 3745 4523; baseline 0 -13"><span class='ocrx_word' id='word_1_687' title='bbox 2086 4457 2175 4510; x_wconf 77' lang='lat' dir='ltr'>tis.</span> <span class='ocrx_word' id='word_1_688' title='bbox 2210 4455 2357 4519; x_wconf 81' lang='lat' dir='ltr'>Quid</span> <span class='ocrx_word' id='word_1_689' title='bbox 2385 4457 2534 4509; x_wconf 84' lang='lat' dir='ltr'>enim</span> <span class='ocrx_word' id='word_1_690' title='bbox 2559 4454 2632 4509; x_wconf 84' lang='lat' dir='ltr'>ad</span> <span class='ocrx_word' id='word_1_691' title='bbox 2660 4469 2744 4509; x_wconf 83' lang='lat' dir='ltr'>me</span> <span class='ocrx_word' id='word_1_692' title='bbox 2774 4455 2974 4509; x_wconf 76' lang='lat' dir='ltr'>attinet</span> <span class='ocrx_word' id='word_1_693' title='bbox 3002 4451 3179 4511; x_wconf 82' lang='lat' dir='ltr'>etiam</span> <span class='ocrx_word' id='word_1_694' title='bbox 3209 4468 3296 4508; x_wconf 87' lang='lat' dir='ltr'>eos</span> <span class='ocrx_word' id='word_1_695' title='bbox 3322 4454 3419 4523; x_wconf 85' lang='lat' dir='ltr'>qui</span> <span class='ocrx_word' id='word_1_696' title='bbox 3445 4455 3587 4521; x_wconf 82' lang='lat' dir='ltr'>foris</span> <span class='ocrx_word' id='word_1_697' title='bbox 3615 4462 3745 4510; x_wconf 83' lang='lat' dir='ltr'>sunt</span> 
     </span>
    </p>
   </div>
   <div class='ocr_carea' id='block_1_89' title="bbox 2074 4540 3745 4614">
    <p class='ocr_par' dir='ltr' id='par_1_89' title="bbox 2074 4540 3745 4614">
     <span class='ocr_line' id='line_1_90' title="bbox 2074 4540 3745 4614; baseline 0.003 -16"><span class='ocrx_word' id='word_1_698' title='bbox 2074 4543 2337 4614; x_wconf 80' lang='lat' dir='ltr'>judicare</span> <span class='ocrx_word' id='word_1_699' title='bbox 2373 4546 2402 4599; x_wconf 84' lang='lat'><strong><em>?</em></strong></span> <span class='ocrx_word' id='word_1_700' title='bbox 2430 4559 2610 4601; x_wconf 81' lang='lat' dir='ltr'>nonne</span> <span class='ocrx_word' id='word_1_701' title='bbox 2639 4556 2725 4601; x_wconf 82' lang='lat' dir='ltr'>eos</span> <span class='ocrx_word' id='word_1_702' title='bbox 2758 4540 2860 4612; x_wconf 87' lang='lat' dir='ltr'>qui</span> <span class='ocrx_word' id='word_1_703' title='bbox 2916 4543 3067 4599; x_wconf 80' lang='lat' dir='ltr'>intus</span> <span class='ocrx_word' id='word_1_704' title='bbox 3109 4547 3238 4599; x_wconf 78' lang='lat' dir='ltr'>sunt</span> <span class='ocrx_word' id='word_1_705' title='bbox 3288 4558 3381 4600; x_wconf 80' lang='lat' dir='ltr'>vos</span> <span class='ocrx_word' id='word_1_706' title='bbox 3428 4542 3745 4612; x_wconf 77' lang='lat' dir='ltr'>judicatis?</span> 
     </span>
    </p>
   </div>
   <div class='ocr_carea' id='block_1_90' title="bbox 2083 4630 3744 4702">
    <p class='ocr_par' dir='ltr' id='par_1_90' title="bbox 2083 4630 3744 4702">
     <span class='ocr_line' id='line_1_91' title="bbox 2083 4630 3744 4702; baseline 0.001 -13"><span class='ocrx_word' id='word_1_707' title='bbox 2083 4635 2193 4689; x_wconf 84' lang='lat' dir='ltr'>Eos</span> <span class='ocrx_word' id='word_1_708' title='bbox 2215 4649 2336 4689; x_wconf 80' lang='lat' dir='ltr'>vero</span> <span class='ocrx_word' id='word_1_709' title='bbox 2373 4634 2473 4702; x_wconf 87' lang='lat' dir='ltr'>qui</span> <span class='ocrx_word' id='word_1_710' title='bbox 2500 4631 2644 4701; x_wconf 79' lang='lat' dir='ltr'>foris</span> <span class='ocrx_word' id='word_1_711' title='bbox 2671 4638 2801 4691; x_wconf 76' lang='lat' dir='ltr'>sunt</span> <span class='ocrx_word' id='word_1_712' title='bbox 2830 4633 2972 4689; x_wconf 82' lang='lat' dir='ltr'>Deus</span> <span class='ocrx_word' id='word_1_713' title='bbox 3000 4630 3244 4701; x_wconf 83' lang='lat' dir='ltr'>judicat.</span> <span class='ocrx_word' id='word_1_714' title='bbox 3296 4630 3480 4691; x_wconf 79' lang='lat' dir='ltr'>Etiam</span> <span class='ocrx_word' id='word_1_715' title='bbox 3529 4636 3744 4702; x_wconf 79' lang='lat' dir='ltr'>auferte</span> 
     </span>
    </p>
   </div>
   <div class='ocr_carea' id='block_1_91' title="bbox 2084 4720 3107 4791">
    <p class='ocr_par' dir='ltr' id='par_1_91' title="bbox 2084 4720 3107 4791">
     <span class='ocr_line' id='line_1_92' title="bbox 2084 4720 3107 4791; baseline -0.001 -13"><span class='ocrx_word' id='word_1_716' title='bbox 2084 4738 2206 4779; x_wconf 80' lang='lat' dir='ltr'>eum</span> <span class='ocrx_word' id='word_1_717' title='bbox 2235 4723 2333 4791; x_wconf 83' lang='lat' dir='ltr'>qui</span> <span class='ocrx_word' id='word_1_718' title='bbox 2361 4721 2539 4779; x_wconf 82' lang='lat' dir='ltr'>malus</span> <span class='ocrx_word' id='word_1_719' title='bbox 2568 4727 2645 4779; x_wconf 78' lang='lat' dir='ltr'>est</span> <span class='ocrx_word' id='word_1_720' title='bbox 2676 4738 2746 4776; x_wconf 72' lang='lat' dir='ltr'>ea:</span> <span class='ocrx_word' id='word_1_721' title='bbox 2773 4721 2924 4779; x_wconf 75' lang='lat' dir='ltr'>vobis</span> <span class='ocrx_word' id='word_1_722' title='bbox 2952 4720 3107 4791; x_wconf 81' lang='lat' dir='ltr'>ipsis.</span> 
     </span>
    </p>
   </div>
   <div class='ocr_carea' id='block_1_92' title="bbox 391 4799 1975 4892">
    <p class='ocr_par' dir='ltr' id='par_1_92' title="bbox 391 4810 1972 4892">
     <span class='ocr_line' id='line_1_93' title="bbox 391 4810 1972 4892; baseline -0.007 -19"><span class='ocrx_word' id='word_1_723' title='bbox 391 4820 600 4892; x_wconf 82' lang='grc' dir='ltr'>[ΦΩΤ.]</span> <span class='ocrx_word' id='word_1_724' title='bbox 650 4818 749 4886; x_wconf 80' lang='grc' dir='ltr'>Τὸ,</span> <span class='ocrx_word' id='word_1_725' title='bbox 789 4813 1260 4888; x_wconf 82' lang='grc' dir='ltr'>Ὀνομαζόμενος,</span> <span class='ocrx_word' id='word_1_726' title='bbox 1315 4810 1460 4873; x_wconf 65' lang='grc' dir='ltr'>τινες</span> <span class='ocrx_word' id='word_1_727' title='bbox 1522 4810 1639 4881; x_wconf 72' lang='grc' dir='ltr'>μὶν,</span> <span class='ocrx_word' id='word_1_728' title='bbox 1697 4811 1767 4881; x_wconf 77' lang='grc' dir='ltr'>τῇ</span> <span class='ocrx_word' id='word_1_729' title='bbox 1834 4827 1972 4881; x_wconf 70' lang='grc' dir='ltr'>προσ</span> 
     </span>
    </p>
   </div>
   <div class='ocr_carea' id='block_1_93' title="bbox 2090 4799 3742 4892">
    <p class='ocr_par' dir='ltr' id='par_1_93' title="bbox 2154 4809 3742 4882">
     <span class='ocr_line' id='line_1_94' title="bbox 2154 4809 3742 4882; baseline -0.002 -13"><span class='ocrx_word' id='word_1_730' title='bbox 2154 4812 2302 4869; x_wconf 69' lang='grc'><strong>481</strong></span> <span class='ocrx_word' id='word_1_731' title='bbox 2370 4811 2585 4866; x_wconf 81' lang='lat' dir='ltr'>Vocem</span> <span class='ocrx_word' id='word_1_732' title='bbox 2640 4831 2669 4865; x_wconf 83' lang='lat'><strong>«</strong></span> <span class='ocrx_word' id='word_1_733' title='bbox 2731 4809 2960 4877; x_wconf 85' lang='lat' dir='ltr'>Dictus,</span> <span class='ocrx_word' id='word_1_734' title='bbox 2994 4831 3022 4860; x_wconf 71' lang='grc' dir='ltr'>»ι</span> <span class='ocrx_word' id='word_1_735' title='bbox 3083 4809 3325 4881; x_wconf 85' lang='lat' dir='ltr'>quidam</span> <span class='ocrx_word' id='word_1_736' title='bbox 3381 4811 3742 4882; x_wconf 68' lang='lat' dir='ltr'>prmcedenti</span> 
     </span>
    </p>
   </div>
   <div class='ocr_carea' id='block_1_94' title="bbox 310 4898 1969 4983">
    <p class='ocr_par' dir='ltr' id='par_1_94' title="bbox 310 4898 1969 4983">
     <span class='ocr_line' id='line_1_95' title="bbox 310 4898 1969 4983; baseline -0.007 -19"><span class='ocrx_word' id='word_1_737' title='bbox 310 4910 599 4983; x_wconf 76' lang='grc' dir='ltr'>ηγουμένῃ</span> <span class='ocrx_word' id='word_1_738' title='bbox 631 4905 772 4977; x_wconf 69' lang='grc' dir='ltr'>λέξει</span> <span class='ocrx_word' id='word_1_739' title='bbox 804 4906 1158 4969; x_wconf 76' lang='grc' dir='ltr'>συνάπτουσι,</span> <span class='ocrx_word' id='word_1_740' title='bbox 1188 4903 1279 4960; x_wconf 76' lang='grc' dir='ltr'>καὶ</span> <span class='ocrx_word' id='word_1_741' title='bbox 1310 4898 1611 4972; x_wconf 76' lang='grc' dir='ltr'>δηλοῦσθαι</span> <span class='ocrx_word' id='word_1_742' title='bbox 1673 4898 1969 4975; x_wconf 85' lang='grc' dir='ltr'>βούλονται</span> 
     </span>
    </p>
   </div>
   <div class='ocr_carea' id='block_1_95' title="bbox 312 4987 1970 5070">
    <p class='ocr_par' dir='ltr' id='par_1_95' title="bbox 312 4987 1970 5070">
     <span class='ocr_line' id='line_1_96' title="bbox 312 4987 1970 5070; baseline -0.004 -17"><span class='ocrx_word' id='word_1_743' title='bbox 312 4996 386 5054; x_wconf 79' lang='grc' dir='ltr'>δι’</span> <span class='ocrx_word' id='word_1_744' title='bbox 415 4997 605 5070; x_wconf 75' lang='grc' dir='ltr'>αὐτοῦ,</span> <span class='ocrx_word' id='word_1_745' title='bbox 646 4996 730 5051; x_wconf 73' lang='grc' dir='ltr'>ὅτι</span> <span class='ocrx_word' id='word_1_746' title='bbox 761 4991 997 5070; x_wconf 72' lang='grc' dir='ltr'>ἀδελφὸς</span> <span class='ocrx_word' id='word_1_747' title='bbox 1030 4993 1125 5066; x_wconf 82' lang='grc' dir='ltr'>μὶν</span> <span class='ocrx_word' id='word_1_748' title='bbox 1184 4991 1597 5065; x_wconf 72' lang='grc' dir='ltr'>ὀνομαζόμενος</span> <span class='ocrx_word' id='word_1_749' title='bbox 1653 4988 1745 5047; x_wconf 81' lang='grc' dir='ltr'>καὶ</span> <span class='ocrx_word' id='word_1_750' title='bbox 1801 4987 1970 5063; x_wconf 72' lang='grc' dir='ltr'>μέχρι</span> 
     </span>
    </p>
   </div>
   <div class='ocr_carea' id='block_1_96' title="bbox 313 5074 1977 5160">
    <p class='ocr_par' dir='ltr' id='par_1_96' title="bbox 313 5074 1977 5160">
     <span class='ocr_line' id='line_1_97' title="bbox 313 5074 1977 5160; baseline -0.008 -17"><span class='ocrx_word' id='word_1_751' title='bbox 313 5086 571 5158; x_wconf 78' lang='grc' dir='ltr'>κλήσεως</span> <span class='ocrx_word' id='word_1_752' title='bbox 609 5082 764 5160; x_wconf 79' lang='grc' dir='ltr'>ἔχιον</span> <span class='ocrx_word' id='word_1_753' title='bbox 820 5084 921 5152; x_wconf 81' lang='grc' dir='ltr'>τὴν</span> <span class='ocrx_word' id='word_1_754' title='bbox 955 5080 1268 5152; x_wconf 83' lang='grc' dir='ltr'>κοινωνίαν,</span> <span class='ocrx_word' id='word_1_755' title='bbox 1319 5084 1399 5153; x_wconf 82' lang='grc' dir='ltr'>τῷ</span> <span class='ocrx_word' id='word_1_756' title='bbox 1449 5074 1563 5135; x_wconf 78' lang='grc' dir='ltr'>ὄντι</span> <span class='ocrx_word' id='word_1_757' title='bbox 1616 5075 1674 5133; x_wconf 70' lang='grc' dir='ltr'>δὲ</span> <span class='ocrx_word' id='word_1_758' title='bbox 1726 5074 1817 5131; x_wconf 76' lang='grc' dir='ltr'>διὰ</span> <span class='ocrx_word' id='word_1_759' title='bbox 1869 5080 1977 5131; x_wconf 82' lang='grc' dir='ltr'>τῶν</span> 
     </span>
    </p>
   </div>
   <div class='ocr_carea' id='block_1_97' title="bbox 314 5162 1976 5253">
    <p class='ocr_par' dir='ltr' id='par_1_97' title="bbox 314 5162 1976 5253">
     <span class='ocr_line' id='line_1_98' title="bbox 314 5162 1976 5253; baseline -0.009 -19"><span class='ocrx_word' id='word_1_760' title='bbox 314 5178 493 5253; x_wconf 86' lang='grc' dir='ltr'>ἔργων</span> <span class='ocrx_word' id='word_1_761' title='bbox 523 5176 719 5252; x_wconf 80' lang='grc' dir='ltr'>ἐχθρὸς</span> <span class='ocrx_word' id='word_1_762' title='bbox 753 5174 1018 5248; x_wconf 80' lang='grc' dir='ltr'>ὑπάρχων</span> <span class='ocrx_word' id='word_1_763' title='bbox 1068 5173 1160 5235; x_wconf 83' lang='grc' dir='ltr'>καὶ</span> <span class='ocrx_word' id='word_1_764' title='bbox 1216 5168 1587 5242; x_wconf 78' lang='grc' dir='ltr'>διιστάμενος.</span> <span class='ocrx_word' id='word_1_765' title='bbox 1637 5167 1800 5240; x_wconf 89' lang='grc' dir='ltr'>Ἐμοὶ</span> <span class='ocrx_word' id='word_1_766' title='bbox 1833 5162 1890 5221; x_wconf 73' lang='grc' dir='ltr'>δὲ</span> <span class='ocrx_word' id='word_1_767' title='bbox 1919 5165 1976 5221; x_wconf 80' lang='grc' dir='ltr'>εὖ</span> 
     </span>
    </p>
   </div>
   <div class='ocr_carea' id='block_1_98' title="bbox 310 5255 1977 5343">
    <p class='ocr_par' dir='ltr' id='par_1_98' title="bbox 310 5255 1977 5343">
     <span class='ocr_line' id='line_1_99' title="bbox 310 5255 1977 5343; baseline -0.009 -20"><span class='ocrx_word' id='word_1_768' title='bbox 310 5266 462 5343; x_wconf 77' lang='grc' dir='ltr'>ἔχειν</span> <span class='ocrx_word' id='word_1_769' title='bbox 494 5263 667 5334; x_wconf 79' lang='grc' dir='ltr'>δοκεῖ,</span> <span class='ocrx_word' id='word_1_770' title='bbox 697 5262 789 5323; x_wconf 80' lang='grc' dir='ltr'>καὶ</span> <span class='ocrx_word' id='word_1_771' title='bbox 823 5259 878 5321; x_wconf 72' lang='grc' dir='ltr'>εἴ</span> <span class='ocrx_word' id='word_1_772' title='bbox 902 5283 987 5324; x_wconf 80' lang='grc' dir='ltr'>τις</span> <span class='ocrx_word' id='word_1_773' title='bbox 1034 5259 1167 5317; x_wconf 79' lang='grc' dir='ltr'>αὐτὸ</span> <span class='ocrx_word' id='word_1_774' title='bbox 1221 5264 1341 5324; x_wconf 84' lang='grc' dir='ltr'>τοῖς</span> <span class='ocrx_word' id='word_1_775' title='bbox 1390 5255 1681 5331; x_wconf 71' lang='grc' dir='ltr'>ἇπομένοις</span> <span class='ocrx_word' id='word_1_776' title='bbox 1738 5255 1977 5329; x_wconf 84' lang='grc' dir='ltr'>συνάψας</span> 
     </span>
    </p>
   </div>
   <div class='ocr_carea' id='block_1_99' title="bbox 311 5345 1975 5425">
    <p class='ocr_par' dir='ltr' id='par_1_99' title="bbox 311 5345 1975 5425">
     <span class='ocr_line' id='line_1_100' title="bbox 311 5345 1975 5425; baseline -0.01 -13"><span class='ocrx_word' id='word_1_777' title='bbox 311 5349 562 5425; x_wconf 77' lang='grc' dir='ltr'>ἐκλοϐοι,</span> <span class='ocrx_word' id='word_1_778' title='bbox 596 5353 695 5409; x_wconf 81' lang='grc' dir='ltr'>οὐκ</span> <span class='ocrx_word' id='word_1_779' title='bbox 722 5346 801 5408; x_wconf 81' lang='grc' dir='ltr'>ἔτι</span> <span class='ocrx_word' id='word_1_780' title='bbox 844 5356 963 5419; x_wconf 80' lang='grc' dir='ltr'>τοῦ,</span> <span class='ocrx_word' id='word_1_781' title='bbox 1019 5349 1448 5423; x_wconf 75' lang='grc' dir='ltr'>ὀνομαζόμενος.</span> <span class='ocrx_word' id='word_1_782' title='bbox 1493 5348 1593 5417; x_wconf 83' lang='grc' dir='ltr'>τὴν</span> <span class='ocrx_word' id='word_1_783' title='bbox 1645 5345 1818 5415; x_wconf 76' lang='grc' dir='ltr'>αὐτὴν</span> <span class='ocrx_word' id='word_1_784' title='bbox 1871 5365 1975 5414; x_wconf 84' lang='grc' dir='ltr'>ση-</span> 
     </span>
    </p>
   </div>
   <div class='ocr_carea' id='block_1_100' title="bbox 316 5429 1974 5520">
    <p class='ocr_par' dir='ltr' id='par_1_100' title="bbox 316 5429 1974 5520">
     <span class='ocr_line' id='line_1_101' title="bbox 316 5429 1974 5520; baseline -0.007 -20"><span class='ocrx_word' id='word_1_785' title='bbox 316 5444 605 5520; x_wconf 80' lang='grc' dir='ltr'>μαίνοντος</span> <span class='ocrx_word' id='word_1_786' title='bbox 634 5437 858 5509; x_wconf 78' lang='grc' dir='ltr'>ἔννοιαν,</span> <span class='ocrx_word' id='word_1_787' title='bbox 891 5438 1040 5501; x_wconf 75' lang='grc' dir='ltr'>ἀλλὰ</span> <span class='ocrx_word' id='word_1_788' title='bbox 1075 5438 1414 5508; x_wconf 75' lang='grc' dir='ltr'>τούναντίον,</span> <span class='ocrx_word' id='word_1_789' title='bbox 1468 5436 1562 5494; x_wconf 85' lang='grc' dir='ltr'>τὸν</span> <span class='ocrx_word' id='word_1_790' title='bbox 1618 5433 1705 5495; x_wconf 69' lang='grc' dir='ltr'>ἐπὶ</span> <span class='ocrx_word' id='word_1_791' title='bbox 1759 5429 1974 5508; x_wconf 80' lang='grc' dir='ltr'>προδή-</span> 
     </span>
    </p>
   </div>
   <div class='ocr_carea' id='block_1_101' title="bbox 311 5520 1972 5608">
    <p class='ocr_par' dir='ltr' id='par_1_101' title="bbox 311 5520 1972 5608">
     <span class='ocr_line' id='line_1_102' title="bbox 311 5520 1972 5608; baseline -0.008 -16"><span class='ocrx_word' id='word_1_792' title='bbox 311 5540 435 5598; x_wconf 87' lang='grc' dir='ltr'>λοις</span> <span class='ocrx_word' id='word_1_793' title='bbox 463 5539 580 5596; x_wconf 83' lang='grc' dir='ltr'>τοῖς</span> <span class='ocrx_word' id='word_1_794' title='bbox 608 5526 791 5608; x_wconf 78' lang='grc' dir='ltr'>ἔργοις</span> <span class='ocrx_word' id='word_1_795' title='bbox 824 5526 958 5602; x_wconf 75' lang='grc' dir='ltr'>ἤδη,</span> <span class='ocrx_word' id='word_1_796' title='bbox 988 5527 1079 5584; x_wconf 81' lang='grc' dir='ltr'>καὶ</span> <span class='ocrx_word' id='word_1_797' title='bbox 1112 5528 1262 5601; x_wconf 79' lang='grc' dir='ltr'>παρὰ</span> <span class='ocrx_word' id='word_1_798' title='bbox 1316 5530 1449 5585; x_wconf 84' lang='grc' dir='ltr'>πᾶσι</span> <span class='ocrx_word' id='word_1_799' title='bbox 1490 5524 1629 5583; x_wconf 82' lang='grc' dir='ltr'>κατᾶ</span> <span class='ocrx_word' id='word_1_800' title='bbox 1678 5521 1747 5583; x_wconf 70' lang='grc' dir='ltr'>τὰ</span> <span class='ocrx_word' id='word_1_801' title='bbox 1798 5520 1972 5579; x_wconf 78' lang='grc' dir='ltr'>οἰκεῖα</span> 
     </span>
    </p>
   </div>
   <div class='ocr_carea' id='block_1_102' title="bbox 310 5610 1967 5701">
    <p class='ocr_par' dir='ltr' id='par_1_102' title="bbox 310 5610 1967 5701">
     <span class='ocr_line' id='line_1_103' title="bbox 310 5610 1967 5701; baseline -0.009 -20"><span class='ocrx_word' id='word_1_802' title='bbox 310 5619 445 5701; x_wconf 73' lang='grc' dir='ltr'>ἔργα</span> <span class='ocrx_word' id='word_1_803' title='bbox 503 5618 929 5696; x_wconf 82' lang='grc' dir='ltr'>ὀνομαζόμενον.</span> <span class='ocrx_word' id='word_1_804' title='bbox 985 5619 1089 5681; x_wconf 81' lang='grc' dir='ltr'>Καὶ</span> <span class='ocrx_word' id='word_1_805' title='bbox 1152 5618 1256 5694; x_wconf 79' lang='grc' dir='ltr'>γὰρ</span> <span class='ocrx_word' id='word_1_806' title='bbox 1312 5618 1349 5688; x_wconf 76' lang='grc' dir='ltr'><strong>ἡ</strong></span> <span class='ocrx_word' id='word_1_807' title='bbox 1410 5621 1510 5685; x_wconf 79' lang='grc' dir='ltr'>τῆς</span> <span class='ocrx_word' id='word_1_808' title='bbox 1559 5610 1765 5701; x_wconf 15' lang='grc' dir='ltr'>,λέξεως</span> <span class='ocrx_word' id='word_1_809' title='bbox 1832 5610 1967 5701; x_wconf 71' lang='grc' dir='ltr'>αὕτη</span> 
     </span>
    </p>
   </div>
   <div class='ocr_carea' id='block_1_103' title="bbox 311 5697 1963 5787">
    <p class='ocr_par' dir='ltr' id='par_1_103' title="bbox 311 5697 1963 5787">
     <span class='ocr_line' id='line_1_104' title="bbox 311 5697 1963 5787; baseline -0.004 -21"><span class='ocrx_word' id='word_1_810' title='bbox 311 5697 582 5787; x_wconf 59' lang='grc' dir='ltr'>σῆμασια,</span> <span class='ocrx_word' id='word_1_811' title='bbox 640 5709 823 5784; x_wconf 73' lang='grc' dir='ltr'>ὥσπερ</span> <span class='ocrx_word' id='word_1_812' title='bbox 881 5706 972 5771; x_wconf 79' lang='grc' dir='ltr'>καὶ</span> <span class='ocrx_word' id='word_1_813' title='bbox 1029 5703 1196 5765; x_wconf 71' lang='grc' dir='ltr'>ἄλλαι</span> <span class='ocrx_word' id='word_1_814' title='bbox 1236 5785 1241 5787; x_wconf 16' lang='grc' dir='ltr'><strong>Α</strong></span> <span class='ocrx_word' id='word_1_815' title='bbox 1278 5701 1491 5765; x_wconf 80' lang='grc' dir='ltr'>πολλαὶ</span> <span class='ocrx_word' id='word_1_816' title='bbox 1557 5699 1749 5774; x_wconf 76' lang='grc' dir='ltr'>λέξεις,</span> <span class='ocrx_word' id='word_1_817' title='bbox 1832 5697 1963 5777; x_wconf 80' lang='grc' dir='ltr'>διχῆ</span> 
     </span>
    </p>
   </div>
   <div class='ocr_carea' id='block_1_104' title="bbox 311 5785 1965 5879">
    <p class='ocr_par' dir='ltr' id='par_1_104' title="bbox 311 5785 1965 5879">
     <span class='ocr_line' id='line_1_105' title="bbox 311 5785 1965 5879; baseline -0.01 -21"><span class='ocrx_word' id='word_1_818' title='bbox 311 5785 585 5879; x_wconf 79' lang='grc' dir='ltr'>σχίζεται.</span> <span class='ocrx_word' id='word_1_819' title='bbox 628 5796 837 5858; x_wconf 84' lang='grc' dir='ltr'>Ἐνίοτε</span> <span class='ocrx_word' id='word_1_820' title='bbox 906 5795 1025 5872; x_wconf 76' lang='grc' dir='ltr'>μὲν,</span> <span class='ocrx_word' id='word_1_821' title='bbox 1083 5794 1160 5857; x_wconf 83' lang='grc' dir='ltr'>ὠς</span> <span class='ocrx_word' id='word_1_822' title='bbox 1216 5785 1449 5873; x_wconf 75' lang='grc' dir='ltr'>ἔφημεν,</span> <span class='ocrx_word' id='word_1_823' title='bbox 1500 5791 1592 5848; x_wconf 86' lang='grc' dir='ltr'>τὸν</span> <span class='ocrx_word' id='word_1_824' title='bbox 1648 5789 1797 5866; x_wconf 80' lang='grc' dir='ltr'>μόνῳ</span> <span class='ocrx_word' id='word_1_825' title='bbox 1850 5809 1965 5844; x_wconf 85' lang='grc' dir='ltr'>κοι-</span> 
     </span>
    </p>
   </div>
   <div class='ocr_carea' id='block_1_105' title="bbox 2084 4898 3744 4972">
    <p class='ocr_par' dir='ltr' id='par_1_105' title="bbox 2084 4898 3744 4972">
     <span class='ocr_line' id='line_1_106' title="bbox 2084 4898 3744 4972; baseline 0.002 -17"><span class='ocrx_word' id='word_1_826' title='bbox 2084 4900 2456 4972; x_wconf 78' lang='lat' dir='ltr'>conjungunt</span> <span class='ocrx_word' id='word_1_827' title='bbox 2485 4898 2757 4965; x_wconf 89' lang='lat' dir='ltr'>dictioni,</span> <span class='ocrx_word' id='word_1_828' title='bbox 2788 4903 2847 4955; x_wconf 88' lang='lat' dir='ltr'><strong>et</strong></span> <span class='ocrx_word' id='word_1_829' title='bbox 2876 4914 2983 4968; x_wconf 88' lang='lat' dir='ltr'>per</span> <span class='ocrx_word' id='word_1_830' title='bbox 3012 4915 3143 4957; x_wconf 86' lang='lat' dir='ltr'>eam</span> <span class='ocrx_word' id='word_1_831' title='bbox 3175 4899 3493 4972; x_wconf 78' lang='lat' dir='ltr'>signiﬁcari</span> <span class='ocrx_word' id='word_1_832' title='bbox 3534 4899 3744 4959; x_wconf 82' lang='lat' dir='ltr'>volunt</span> 
     </span>
    </p>
   </div>
   <div class='ocr_carea' id='block_1_106' title="bbox 2087 4985 3742 5061">
    <p class='ocr_par' dir='ltr' id='par_1_106' title="bbox 2087 4985 3742 5061">
     <span class='ocr_line' id='line_1_107' title="bbox 2087 4985 3742 5061; baseline -0.001 -13"><span class='ocrx_word' id='word_1_833' title='bbox 2087 4989 2247 5060; x_wconf 89' lang='lat' dir='ltr'>quod</span> <span class='ocrx_word' id='word_1_834' title='bbox 2264 4991 2449 5046; x_wconf 88' lang='lat' dir='ltr'>frater</span> <span class='ocrx_word' id='word_1_835' title='bbox 2468 4986 2710 5058; x_wconf 80' lang='lat' dir='ltr'>quidem</span> <span class='ocrx_word' id='word_1_836' title='bbox 2731 4985 2924 5045; x_wconf 84' lang='lat' dir='ltr'>dictus</span> <span class='ocrx_word' id='word_1_837' title='bbox 2943 4987 3039 5055; x_wconf 85' lang='lat' dir='ltr'>sit,</span> <span class='ocrx_word' id='word_1_838' title='bbox 3054 4988 3311 5049; x_wconf 75' lang='lat' dir='ltr'>etsolius</span> <span class='ocrx_word' id='word_1_839' title='bbox 3322 4988 3742 5061; x_wconf 81' lang='lat' dir='ltr'>appellationis</span> 
     </span>
    </p>
   </div>
   <div class='ocr_carea' id='block_1_107' title="bbox 2087 5077 3743 5139">
    <p class='ocr_par' dir='ltr' id='par_1_107' title="bbox 2087 5077 3743 5139">
     <span class='ocr_line' id='line_1_108' title="bbox 2087 5077 3743 5139; baseline -0.008 -4"><span class='ocrx_word' id='word_1_840' title='bbox 2087 5079 2315 5135; x_wconf 88' lang='lat' dir='ltr'>habens</span> <span class='ocrx_word' id='word_1_841' title='bbox 2337 5077 2724 5139; x_wconf 84' lang='lat' dir='ltr'>consortium,</span> <span class='ocrx_word' id='word_1_842' title='bbox 2749 5091 2954 5134; x_wconf 86' lang='lat' dir='ltr'>revera</span> <span class='ocrx_word' id='word_1_843' title='bbox 2975 5082 3175 5137; x_wconf 90' lang='lat' dir='ltr'>autem</span> <span class='ocrx_word' id='word_1_844' title='bbox 3202 5078 3479 5137; x_wconf 88' lang='lat' dir='ltr'>inimicus</span> <span class='ocrx_word' id='word_1_845' title='bbox 3491 5096 3560 5136; x_wconf 87' lang='lat' dir='ltr'>ac</span> <span class='ocrx_word' id='word_1_846' title='bbox 3573 5079 3743 5136; x_wconf 86' lang='lat' dir='ltr'>dissi-</span> 
     </span>
    </p>
   </div>
   <div class='ocr_carea' id='block_1_108' title="bbox 2086 5164 3740 5237">
    <p class='ocr_par' dir='ltr' id='par_1_108' title="bbox 2086 5164 3740 5237">
     <span class='ocr_line' id='line_1_109' title="bbox 2086 5164 3740 5237; baseline 0.001 -13"><span class='ocrx_word' id='word_1_847' title='bbox 2086 5168 2272 5224; x_wconf 88' lang='lat' dir='ltr'>dens:</span> <span class='ocrx_word' id='word_1_848' title='bbox 2306 5167 2452 5223; x_wconf 88' lang='lat' dir='ltr'>mihi</span> <span class='ocrx_word' id='word_1_849' title='bbox 2492 5182 2631 5220; x_wconf 86' lang='lat' dir='ltr'>vero</span> <span class='ocrx_word' id='word_1_850' title='bbox 2663 5180 2784 5221; x_wconf 87' lang='lat' dir='ltr'>non</span> <span class='ocrx_word' id='word_1_851' title='bbox 2818 5164 2974 5221; x_wconf 80' lang='lat' dir='ltr'>male</span> <span class='ocrx_word' id='word_1_852' title='bbox 3032 5165 3324 5237; x_wconf 90' lang='lat' dir='ltr'>quadrare</span> <span class='ocrx_word' id='word_1_853' title='bbox 3378 5167 3628 5234; x_wconf 86' lang='lat' dir='ltr'>videtur,</span> <span class='ocrx_word' id='word_1_854' title='bbox 3690 5170 3740 5225; x_wconf 88' lang='lat' dir='ltr'>si</span> 
     </span>
    </p>
   </div>
   <div class='ocr_carea' id='block_1_109' title="bbox 2085 5251 3744 5329">
    <p class='ocr_par' dir='ltr' id='par_1_109' title="bbox 2085 5251 3744 5329">
     <span class='ocr_line' id='line_1_110' title="bbox 2085 5251 3744 5329; baseline 0.001 -18"><span class='ocrx_word' id='word_1_855' title='bbox 2085 5257 2217 5328; x_wconf 88' lang='lat' dir='ltr'>quis</span> <span class='ocrx_word' id='word_1_856' title='bbox 2249 5257 2428 5317; x_wconf 82' lang='lat' dir='ltr'>etiam</span> <span class='ocrx_word' id='word_1_857' title='bbox 2458 5253 2609 5311; x_wconf 88' lang='lat' dir='ltr'>illud</span> <span class='ocrx_word' id='word_1_858' title='bbox 2639 5251 3031 5324; x_wconf 84' lang='lat' dir='ltr'>sequentibus</span> <span class='ocrx_word' id='word_1_859' title='bbox 3050 5253 3329 5325; x_wconf 86' lang='lat' dir='ltr'>junctum</span> <span class='ocrx_word' id='word_1_860' title='bbox 3351 5258 3744 5329; x_wconf 87' lang='lat' dir='ltr'>acceperit,ut</span> 
     </span>
    </p>
   </div>
   <div class='ocr_carea' id='block_1_110' title="bbox 2083 5341 3740 5417">
    <p class='ocr_par' dir='ltr' id='par_1_110' title="bbox 2083 5341 3740 5417">
     <span class='ocr_line' id='line_1_111' title="bbox 2083 5341 3740 5417; baseline 0.002 -17"><span class='ocrx_word' id='word_1_861' title='bbox 2083 5345 2262 5401; x_wconf 88' lang='lat' dir='ltr'>dictio</span> <span class='ocrx_word' id='word_1_862' title='bbox 2286 5341 2717 5416; x_wconf 84' lang='grc' dir='ltr'>ὀνομαζόμενος,</span> <span class='ocrx_word' id='word_1_863' title='bbox 2751 5341 2946 5396; x_wconf 85' lang='lat' dir='ltr'>dictus</span> <span class='ocrx_word' id='word_1_864' title='bbox 2968 5341 3086 5396; x_wconf 88' lang='lat' dir='ltr'>sive</span> <span class='ocrx_word' id='word_1_865' title='bbox 3108 5343 3604 5417; x_wconf 86' lang='lat' dir='ltr'>nominatus,jam</span> <span class='ocrx_word' id='word_1_866' title='bbox 3617 5365 3740 5404; x_wconf 90' lang='lat' dir='ltr'>non</span> 
     </span>
    </p>
   </div>
   <div class='ocr_carea' id='block_1_111' title="bbox 2081 5430 3741 5509">
    <p class='ocr_par' dir='ltr' id='par_1_111' title="bbox 2081 5430 3741 5509">
     <span class='ocr_line' id='line_1_112' title="bbox 2081 5430 3741 5509; baseline -0.007 -15"><span class='ocrx_word' id='word_1_867' title='bbox 2081 5435 2272 5507; x_wconf 88' lang='lat' dir='ltr'>ipsam</span> <span class='ocrx_word' id='word_1_868' title='bbox 2304 5435 2577 5509; x_wconf 80' lang='lat' dir='ltr'>designet</span> <span class='ocrx_word' id='word_1_869' title='bbox 2601 5430 3103 5500; x_wconf 86' lang='lat' dir='ltr'>benevolentiam,</span> <span class='ocrx_word' id='word_1_870' title='bbox 3136 5432 3241 5489; x_wconf 90' lang='lat' dir='ltr'>sed</span> <span class='ocrx_word' id='word_1_871' title='bbox 3271 5435 3469 5506; x_wconf 87' lang='lat' dir='ltr'>potius</span> <span class='ocrx_word' id='word_1_872' title='bbox 3500 5442 3741 5494; x_wconf 84' lang='lat' dir='ltr'>contra.</span> 
     </span>
    </p>
   </div>
   <div class='ocr_carea' id='block_1_112' title="bbox 2082 5521 3738 5599">
    <p class='ocr_par' dir='ltr' id='par_1_112' title="bbox 2082 5521 3738 5599">
     <span class='ocr_line' id='line_1_113' title="bbox 2082 5521 3738 5599; baseline 0.001 -18"><span class='ocrx_word' id='word_1_873' title='bbox 2082 5524 2236 5582; x_wconf 88' lang='lat' dir='ltr'>rium</span> <span class='ocrx_word' id='word_1_874' title='bbox 2268 5540 2483 5596; x_wconf 89' lang='lat' dir='ltr'>nempe</span> <span class='ocrx_word' id='word_1_875' title='bbox 2516 5539 2650 5581; x_wconf 88' lang='lat' dir='ltr'>eum</span> <span class='ocrx_word' id='word_1_876' title='bbox 2685 5521 2785 5593; x_wconf 88' lang='lat' dir='ltr'>qui</span> <span class='ocrx_word' id='word_1_877' title='bbox 2817 5526 3059 5593; x_wconf 88' lang='lat' dir='ltr'>propter</span> <span class='ocrx_word' id='word_1_878' title='bbox 3089 5522 3587 5585; x_wconf 84' lang='lat' dir='ltr'>manifestissima</span> <span class='ocrx_word' id='word_1_879' title='bbox 3612 5529 3738 5599; x_wconf 85' lang='lat' dir='ltr'>jam</span> 
     </span>
    </p>
   </div>
   <div class='ocr_carea' id='block_1_113' title="bbox 2080 5609 3737 5689">
    <p class='ocr_par' dir='ltr' id='par_1_113' title="bbox 2080 5609 3737 5689">
     <span class='ocr_line' id='line_1_114' title="bbox 2080 5609 3737 5689; baseline 0.002 -21"><span class='ocrx_word' id='word_1_880' title='bbox 2080 5630 2282 5687; x_wconf 86' lang='lat' dir='ltr'>opera,</span> <span class='ocrx_word' id='word_1_881' title='bbox 2313 5614 2492 5672; x_wconf 87' lang='lat' dir='ltr'>etiam</span> <span class='ocrx_word' id='word_1_882' title='bbox 2551 5609 2708 5687; x_wconf 87' lang='lat' dir='ltr'>apud</span> <span class='ocrx_word' id='word_1_883' title='bbox 2763 5626 2971 5671; x_wconf 82' lang='lat' dir='ltr'>omnes</span> <span class='ocrx_word' id='word_1_884' title='bbox 3003 5627 3034 5667; x_wconf 89' lang='lat' dir='ltr'>a</span> <span class='ocrx_word' id='word_1_885' title='bbox 3081 5613 3341 5689; x_wconf 85' lang='lat' dir='ltr'>propriis</span> <span class='ocrx_word' id='word_1_886' title='bbox 3388 5615 3737 5675; x_wconf 83' lang='lat' dir='ltr'>nominatur</span> 
     </span>
    </p>
   </div>
   <div class='ocr_carea' id='block_1_114' title="bbox 2079 5699 3736 5777">
    <p class='ocr_par' dir='ltr' id='par_1_114' title="bbox 2079 5699 3736 5777">
     <span class='ocr_line' id='line_1_115' title="bbox 2079 5699 3736 5777; baseline 0.002 -22"><span class='ocrx_word' id='word_1_887' title='bbox 2079 5702 2382 5776; x_wconf 87' lang='lat' dir='ltr'>operibus.</span> <span class='ocrx_word' id='word_1_888' title='bbox 2416 5699 2720 5775; x_wconf 89' lang='lat' dir='ltr'>Siquidem</span> <span class='ocrx_word' id='word_1_889' title='bbox 2753 5700 2932 5760; x_wconf 86' lang='lat' dir='ltr'>dictio</span> <span class='ocrx_word' id='word_1_890' title='bbox 2966 5700 3092 5759; x_wconf 73' lang='lat' dir='ltr'>haec</span> <span class='ocrx_word' id='word_1_891' title='bbox 3119 5700 3549 5777; x_wconf 76' lang='lat' dir='ltr'>signiﬁcatione</span> <span class='ocrx_word' id='word_1_892' title='bbox 3579 5700 3736 5759; x_wconf 73' lang='lat' dir='ltr'>biia-</span> 
     </span>
    </p>
   </div>
   <div class='ocr_carea' id='block_1_115' title="bbox 2078 5787 3726 5866">
    <p class='ocr_par' dir='ltr' id='par_1_115' title="bbox 2078 5787 3726 5866">
     <span class='ocr_line' id='line_1_116' title="bbox 2078 5787 3726 5866; baseline -0.004 -17"><span class='ocrx_word' id='word_1_893' title='bbox 2078 5792 2228 5849; x_wconf 88' lang='lat' dir='ltr'>riam</span> <span class='ocrx_word' id='word_1_894' title='bbox 2277 5791 2627 5859; x_wconf 87' lang='lat' dir='ltr'>dissecatur,</span> <span class='ocrx_word' id='word_1_895' title='bbox 2669 5787 3174 5866; x_wconf 87' lang='lat' dir='ltr'>quemadmodum</span> <span class='ocrx_word' id='word_1_896' title='bbox 3226 5794 3285 5843; x_wconf 87' lang='lat' dir='ltr'>et</span> <span class='ocrx_word' id='word_1_897' title='bbox 3343 5789 3474 5847; x_wconf 63' lang='lat' dir='ltr'>alia;</span> <span class='ocrx_word' id='word_1_898' title='bbox 3522 5789 3726 5849; x_wconf 78' lang='lat' dir='ltr'>multae</span> 
     </span>
    </p>
   </div>
  </div>
