4118 6428
347 378 469 439 ’103

1460 372 1887 436 (ῈΕΙΙΜΕΝΙῙ
1932 371 2234 433 TllICC/E
2280 372 2650 437 EPlSCOPI.

3646 373 3775 434 ἨΜ

353 510 647 566 dictiones
677 525 691 561 :
725 505 1082 577 quandoque
1112 505 1387 561 videlicet
1416 511 1482 561 ut
1510 522 1645 561 cum
1685 503 2000 576 signiﬁcet,

2127 507 2387 560 νωνοῦντα
2436 510 2515 577 τῷ
2576 505 2807 580 ὀνόματι
2867 503 3286 581 παραδηλοῦσα,
3327 504 3496 560 ἐνίοτε
3546 501 3622 570 δὲ,
3678 504 3779 561 τὸν

350 604 528 671 prout
549 597 827 660 diximus,
863 595 963 665 qui
986 595 1113 650 solo
1135 597 1381 651 nomine
1409 594 1775 650 consortium
1789 592 1997 647 habet:

348 687 647 743 interdum
690 703 828 742 vero
862 702 996 740 eum
1029 686 1130 756 qui
1161 685 1237 741 ad
1270 691 1600 741 extremum
1660 700 2007 757 progressus

348 781 444 832 ost
461 777 679 847 operis,
712 779 779 829 ut
806 775 947 829 inde
974 792 1354 830 communem
1386 791 1623 846 quoque
1651 773 2007 846 appellatio-

346 882 484 921 nem
510 865 585 921 ad
613 866 875 937 seipsum
896 865 1265 931 derivaverit,
1289 870 1357 919 ut
1376 865 1447 920 ab
1479 866 1591 920 hac
1612 865 1800 937 magis
1828 881 2006 935 quam

347 971 381 1010 a
411 954 650 1026 proprio
681 954 928 1007 nomine
974 959 1032 1008 et
1087 959 1480 1025 cognoscatur
1535 960 1594 1008 et
1649 953 2002 1025 appelletur.

350 1042 704 1115 Hujusmodi
730 1044 931 1114 itaque
963 1048 1350 1098 scortatorem
1373 1050 1432 1097 et
1449 1060 1690 1099 avarum
1722 1049 1783 1098 et
1811 1043 2007 1099 convi-

353 1135 638 1189 ciatorem
667 1138 726 1188 et
755 1133 1079 1199 ebriosum,
1113 1133 1224 1188 hoc
1256 1138 1363 1199 est,
1398 1133 1497 1204 qui
1530 1133 1679 1189 adeo
1733 1132 2009 1204 publicus

352 1240 422 1279 ac
453 1222 804 1278 manifestus
832 1227 942 1289 est,
992 1229 1058 1277 ut
1107 1221 1248 1278 hinc
1297 1222 1475 1277 etiam
1535 1222 1606 1277 ab
1664 1222 2010 1277 hominibus

355 1316 749 1384 cognoscatur
777 1328 844 1366 ac
875 1310 1239 1378 nominetur,
1271 1312 1432 1366 hunc
1465 1312 1681 1367 evitare
1732 1310 1903 1383 jubet
1953 1315 2013 1364 et

352 1416 488 1456 cum
523 1416 591 1455 eo
625 1416 734 1455 nec
766 1401 962 1455 cibum
986 1416 1219 1472 capere,
1250 1416 1360 1456 nec
1379 1401 1638 1472 colloqui
1667 1406 2013 1456 autconver-

349 1493 467 1547 sari
496 1508 508 1545 :
542 1508 664 1546 non
688 1495 884 1546 autem
921 1506 1057 1545 eum
1108 1490 1209 1560 qui
1251 1490 1647 1562 quorumdam
1698 1489 2014 1561 exponitur

352 1597 598 1637 susurro
626 1585 728 1636 aut
758 1579 1111 1635 detractioni
1137 1597 1149 1634 :
1181 1580 1315 1635 ideo
1357 1581 1658 1652 sapienter
1689 1579 2011 1635 admodum

355 1689 424 1728 ac
454 1688 577 1727 non
603 1672 732 1726 sine
765 1685 979 1739 magna
1007 1669 1272 1725 efﬁcacia
1308 1670 1466 1725 inter
1521 1670 1672 1725 alios
1723 1669 2013 1725 absurdos

363 1767 709 1833 operatores
761 1758 1039 1830 adjunxit
1096 1775 1332 1830 quoque
1389 1758 1894 1814 conviciatorem:
1949 1764 2016 1812 ut

362 1851 559 1907 sciens
590 1847 860 1904 eamdem
885 1863 1121 1920 paenam
1153 1864 1215 1903 se
1265 1848 1604 1903 habiturum
1641 1863 1819 1918 quam
1851 1863 2013 1902 scor—

360 1941 515 1995 iator
536 1944 638 1994 aut
674 1937 1012 2002 idololotra,
1047 1943 1333 2008 quantum
1369 1937 1442 1991 ad
1472 1938 1583 1991 hoc
1614 1937 1827 1992 attinet
1855 1940 1920 1990 ut
1940 1936 2012 1991 ab

357 2029 639 2085 omnibus
670 2027 984 2093 devitetur,
1016 2026 1281 2097 linguam
1332 2027 1527 2082 frenet
1572 2043 1640 2081 ac
1688 2025 2011 2093 contineat,

353 2136 464 2174 nec
495 2134 626 2173 eam
660 2116 846 2171 solvat
877 2115 950 2170 ad
1001 2115 1334 2170 radendum
1384 2115 1791 2186 proximorum
1839 2114 2011 2169 vitas.

354 2208 735 2265 Idololatram
781 2223 916 2261 vero
976 2211 1293 2278 propterea
1349 2206 1495 2262 mihi
1550 2220 2014 2261 connumerasse

351 2298 588 2354 videtur
614 2297 676 2352 in
705 2296 817 2351 hoc
850 2296 1003 2361 loco,
1035 2295 1360 2351 utdoceret
1385 2300 1700 2367 certosque
1713 2294 2013 2360 redderet,

359 2386 518 2459 quod
537 2386 678 2441 licet
703 2401 985 2457 magnum
1010 2390 1169 2440 esset
1193 2384 1390 2441 scelus
1402 2400 1708 2455 unumque
1724 2400 1795 2438 ex
1809 2382 2014 2438 absur-

357 2474 624 2532 dissimis
655 2475 727 2529 de
757 2490 875 2545 quo
906 2474 1185 2528 nonnulli
1216 2477 1500 2529 accusant
1519 2473 1848 2542 hominem,
1884 2472 1933 2527 si
1954 2472 2015 2527 in

359 2564 555 2619 lucem
586 2580 711 2617 non
744 2563 984 2634 prodiit,
1016 2578 1129 2617 noc
1158 2563 1243 2617 ita
1272 2567 1544 2633 oportere
1595 2578 1665 2616 ex
1712 2560 1840 2616 sola
1887 2577 2013 2616 sus-

358 2654 597 2727 picione
628 2651 895 2707 devitari.
931 2651 1234 2722 Siquidem
1262 2651 1376 2705 hoc
1406 2649 1583 2706 modo
1607 2651 1835 2705 mutuis
1860 2650 2019 2704 inter

357 2760 419 2799 se
447 2741 888 2813 suspicionibus
945 2756 1012 2796 ac
1068 2740 1390 2795 calumniis
1449 2740 1665 2794 irritati
1720 2739 2016 2807 homines,

358 2830 868 2887 conversationem
909 2846 1077 2885 suam
1103 2833 1575 2884 transmutarent
1600 2828 1673 2884 ad
1696 2829 1874 2884 vitam
1888 2828 2019 2883 hos-

358 2922 531 2989 tium,
564 2920 684 2974 imo
715 2920 911 2989 potius
939 2918 1221 2973 ferarum.
1255 2918 1367 2973 Sed
1399 2918 1572 2973 illum
1603 2922 1838 2989 oportet
1868 2933 1903 2972 a
1934 2933 2016 2971 se-

358 3011 505 3083 ipsis
536 3009 773 3082 abigere
807 3024 873 3064 ac
903 3025 1179 3080 separare
1213 3009 1313 3080 qui
1363 3008 1719 3064 manifestus
1773 3009 2017 3064 effectus

359 3107 452 3155 est
481 3105 601 3154 tam
632 3099 913 3171 operibus
945 3115 1121 3169 quam
1154 3098 1556 3170 appellatione
1581 3115 1696 3169 qua
1715 3097 1868 3169 apud
1896 3114 2017 3152 om-

357 3206 465 3245 nes
480 3188 842 3243 nominatur.
862 3208 887 3238 ιι
907 3187 1372 3243 Autidololatra.
1389 3210 1415 3240 ιι
1434 3186 1811 3259 thuomodo
1824 3192 2015 3259 potest

2113 591 2189 654 εἷς
2222 593 2385 669 ἃκρον
2413 594 2643 650 ἐλθόντα
2673 602 2776 666 τῆς
2825 595 3092 671 πράξεως,
3152 596 3293 651 ὥστε
3348 593 3437 648 xui
3496 597 3596 664 τὴν
3654 615 3784 649 κοι-

2114 683 2212 751 νὴν
2241 684 2615 760 προσηγορίαν
2649 686 2727 748 εἰς
2776 686 2963 741 ἑαυτὸν
3021 683 3414 751 ἐπισπάσαντα,
3469 683 3528 739 ἐκ
3573 686 3789 754 ταῦτης

2117 771 2332 843 μᾶλλον
2389 774 2423 843 ἢ
2487 772 2546 828 ἐκ
2600 778 2698 829 τοῦ
2758 775 2988 850 Κυρίου,
3050 773 3492 850 ἐπιγινώσκεσθαί
3573 794 3631 828 τε
3685 773 3787 828 καὶ

2117 859 2500 933 ὀνομάζεσθαι.
2545 863 2651 921 Τὸν
2712 863 2805 918 οὖν
2860 867 3112 919 τοιοῦτον
3174 865 3376 938 πόρνον
3435 863 3527 917 καὶ
3583 860 3790 918 πλεον-

2116 949 2275 1021 έκὸην
2306 953 2398 1005 καὶ
2430 949 2702 1027 λοίδορον
2730 953 2822 1008 καὶ
2885 951 3137 1026 μέθυσον,
3188 953 3456 1019 τουτέστι,
3499 952 3591 1007 τὸν
3638 953 3787 1026 πρό-

2117 1036 2287 1109 δηλον
2317 1043 2407 1095 καὶ
2439 1043 2665 1121 φανερὸν
2709 1040 2906 1111 οὕτως,
2968 1041 3107 1097 ὥστε
3165 1042 3312 1096 πασὰ
3369 1047 3499 1097 πᾶσι
3557 1041 3648 1095 καὶ
3700 1064 3792 1117 γι-

2115 1129 2416 1194 νώσκεσθαι
2495 1132 2586 1186 καὶ
2668 1131 3053 1205 ὀνομάζεσθαι,
3138 1135 3332 1186 τοῦτον
3430 1129 3784 1202 ἐκτρέπεσθαι

2117 1217 2570 1293 παρακελεύεται,
2644 1219 2738 1275 καὶ
2817 1216 2959 1294 μηδὲ
3034 1219 3333 1285 συνεσθίειν
3409 1218 3577 1292 αὐτῷ,
3638 1222 3787 1293 μήτε

2117 1307 2584 1385 κοινολογεῖσθαι,
2641 1311 2783 1383 μήτε
2841 1309 3340 1387 συνανστρέφεσθαι,
3398 1309 3529 1388 οὐχὶ
3573 1306 3633 1364 δὲ
3681 1310 3781 1364 τὸν

2122 1398 2211 1452 ὑπ’
2287 1397 2440 1453 ἐνίων
2518 1398 3048 1475 ὑποψιθυριζόμενον
3097 1398 3134 1468 ἢ
3194 1396 3637 1473 λοιδορτύμενον.
3679 1397 3782 1453 Διὸ

2116 1487 2299 1561 σοφῶς
2361 1484 2495 1561 ἃγαν
2552 1486 2643 1540 καὶ
2704 1482 3051 1561 δραστηρίως
3103 1491 3221 1548 τοῖς
3297 1483 3494 1549 ἄλλοις
3552 1485 3784 1547 ἀτόποις

2119 1573 2370 1649 ἐργάταις
2403 1577 2609 1649 συνῆψε
2643 1574 2733 1629 καὶ
2770 1575 2862 1629 τὸν
2898 1572 3171 1648 λοίδορον,
3205 1576 3292 1629 ἰνα
3319 1581 3383 1629 τὸ
3440 1573 3571 1629 αὐτὸ
3617 1573 3784 1636 εῗόὼς

2120 1657 2269 1741 ἔχειν
2314 1663 2617 1737 ἐπιτίμιον,
2677 1664 2810 1739 ὅπερ
2843 1665 2872 1719 ὁ
2900 1667 3101 1736 πόρνος
3159 1665 3248 1720 καὶ
3284 1665 3312 1719 ὁ
3344 1661 3786 1737 εἰδωλολάτρης,

2122 1750 2246 1806 ὅσον
2282 1752 2357 1814 εἷς
2385 1753 2449 1807 τὸ
2481 1753 2585 1808 ὑπὸ
2609 1754 2825 1809 πάντων
2850 1753 3228 1829 ἀποτρόπαιος
3250 1753 3407 1823 εἶέαι,
3437 1750 3660 1828 χαλινοῖ
3676 1756 3782 1821 τήν

2118 1839 2374 1917 γλῶσσαν
2407 1840 2497 1895 καὶ
2528 1840 2756 1917 κατέχῃ,
2789 1842 2879 1897 καὶ
2915 1844 2992 1917 μὴ
3025 1841 3316 1921 ἐπαφίησιν
3371 1841 3565 1911 αὐτὴν,
3613 1861 3786 1896 κατα-

2122 1925 2408 1984 ϐόσκεσθαι
2434 1930 2561 1993 τοὺς
2592 1936 2701 1986 τῶν
2733 1930 2972 2001 πλησίον
3009 1932 3179 2007 βίους.
3220 1932 3325 1988 Καὶ
3355 1931 3437 2001 τὸ,
3470 1927 3786 1986 εἰδωλολά-

2119 2039 2256 2094 τρης
2290 2016 2367 2091 δὲ,
2399 2016 2490 2073 διὰ
2515 2019 2678 2074 τοῦτό
2715 2042 2810 2093 μοι
2867 2018 3019 2076 δοκεῖ
3076 2020 3304 2085 ἐνταῦθα
3352 2027 3779 2095 συναριθμῆσαι,

2123 2115 2392 2173 διδάσκων
2416 2117 2508 2172 xxi
2539 2114 2997 2194 ἀσφαλιζόμενος,
3031 2114 3105 2176 ὠς
3137 2113 3182 2170 εί
3223 2114 3315 2169 καὶ
3371 2114 3506 2191 μέγα
3553 2113 3638 2185 εἴη
3683 2115 3780 2169 καὶ

2120 2212 2233 2263 τῶν
2294 2208 2686 2275 ἀτοπωτάτων,
2714 2205 2768 2261 ἐν
2800 2206 2846 2279 ᾧ
2900 2225 3043 2267 τινες
3101 2204 3352 2261 αίτιῶται
3410 2205 3502 2259 τὸν
3570 2203 3784 2279 ἅνθρω-

2123 2320 2247 2373 πον,
2284 2322 2360 2374 μη
2383 2298 2421 2375 ᾖ
2452 2296 2509 2354 δὲ
2540 2303 2655 2377 φῶς
2693 2296 2941 2375 ἠγμένον
2991 2298 3056 2352 τὸ
3114 2296 3407 2371 τόλμημα,
3464 2294 3578 2352 οὐδ’
3636 2296 3786 2352 οὕτω

2126 2391 2237 2465 χρή
2291 2390 2384 2444 τὸν
2443 2393 2695 2445 τοιοῦτον
2753 2386 2806 2458 ἐξ
2867 2388 3105 2461 ὑποψίας
3168 2386 3341 2460 μόνης
3407 2385 3783 2463 ἐκτρέπεσθαι.

2125 2479 2277 2534 Ἑπεὶ
2310 2475 2453 2532 οὕτω
2483 2498 2544 2554 γε
2596 2479 2657 2532 ἂν
2715 2475 2834 2537 cuiq
2895 2475 2971 2531 εἰς
3030 2474 3318 2547 ἀλλήλους
3379 2474 3636 2551 ὑποψίαις
3692 2475 3788 2530 καὶ

2126 2562 2416 2628 διαϐολαῖς
2496 2565 2924 2641 ἐξερεθιζόμενοι
3014 2564 3291 2641 ἄνθρωποι
3347 2565 3423 2628 είς
3477 2563 3787 2638 πολεμίων,

2130 2654 2343 2731 μᾶλλον
2386 2653 2445 2711 δὲ
2502 2654 2577 2718 εἷς
2633 2655 2840 2731 θηρίων
2903 2655 3042 2730 βίον,
3102 2656 3201 2724 τὴν
3255 2653 3539 2711 πολιτείαν
3598 2653 3785 2717 αὐτοῖς

2129 2746 2574 2818 μεταστήσονται.
2632 2742 2789 2801 Ἀλλ’
2885 2742 3090 2799 ἱκεῖνον
3149 2741 3233 2798 δεῖ
3305 2744 3491 2799 ἑαυτὸν
3553 2744 3782 2817 ἐξαίρειν

2125 2833 2635 2909 καὶάποχωρίζειν,
2667 2833 2725 2895 ὃς
2755 2831 3021 2904 ἐπίδηλος
3050 2834 3139 2888 καὶ
3179 2839 3299 2895 τοῖς
3339 2826 3517 2908 ἔργοις
3572 2833 3663 2888 xui
3711 2835 3787 2905 τῇ

2126 2923 2273 2995 παρὰ
2319 2924 2533 2978 πάντων
2597 2921 2892 2996 ὀννομασίᾳ
2945 2923 3297 2992 καθέστηκεν.
3356 2947 3384 2974 (ι
3417 2923 3486 2979 Ἤ
3546 2919 3779 2977 εἰδωλο-

2129 3009 2357 3086 λάτρης.
2392 3034 2423 3064 ιι
2459 3011 2562 3067 Καὶ
2592 3014 2713 3075 πῶς
2767 3007 2845 3065 ἔνι
2897 3007 3135 3088 ἀδελφὸν
3195 3005 3348 3079 ὄντα,
3394 3006 3643 3065 τουτέστι
3686 3030 3778 3064 πι-

2131 3099 2280 3169 στὸν,
2313 3100 2449 3155 εἶναι
2492 3096 2908 3174 εἷδωλολάτρην
2935 3118 2950 3169 ;
2982 3102 3160 3156 Τοῦτο
3194 3096 3363 3169 δηλοῖ
3391 3096 3624 3179 ἀδελφὸν
3659 3099 3780 3154 ὀνο-

2132 3189 2461 3262 μαζόμενον,
2505 3188 2588 3243 ὅτι
2623 3188 2765 3250 τινες
2806 3187 2897 3242 καὶ
2956 3185 3268 3242 ἐπίστευσαν
3317 3187 3408 3242 καὶ
3461 3191 3569 3243 τῶν
3623 3185 3782 3242 εἰδώ-

357 3279 459 3351 qui
484 3277 668 3332 frater
689 3283 798 3343 est,
823 3276 937 3331 hoc
957 3281 1048 3330 est
1063 3277 1279 3343 ﬁdelis,
1300 3293 1428 3331 esse
1461 3257 1638 3331 simul
1654 3257 1971 3331 idololatra
1988 3275 2015 3331 ?

2128 3257 2240 3333 λων
2273 3257 2511 3352 εἴχοντο.
2549 3277 2644 3332 Διὸ
2675 3276 2766 3331 καί
2806 3297 2995 3356 φησιν,
3058 3300 3085 3328 ι(
3119 3273 3388 3356 Ἀδελφὸς
3438 3276 3787 3349 ὀνομαζόμε-

356 3368 476 3422 Hoc
509 3382 644 3421 eum
669 3365 964 3438 signiﬁcat
988 3365 1087 3436 qui
1104 3365 1290 3421 frater
1305 3364 1500 3420 solum
1518 3364 2016 3429 dicitur.Quidam

361 3455 521 3510 enim
554 3453 931 3509 crediderant
962 3460 1022 3507 et
1041 3454 1380 3509 simulacris
1409 3453 1829 3508 adhmrebant:
1863 3454 2016 3509 462

361 3541 497 3597 ideo
529 3558 764 3612 quoque
796 3542 941 3597 dicit
968 3556 981 3595 :
1015 3542 1263 3597 «Frater
1285 3541 1476 3597 dictus
1496 3560 1509 3609 ;
1529 3564 1556 3591 ››
1573 3541 1707 3596 talis
1722 3541 2019 3612 siquidem

363 3647 567 3686 revera
599 3646 719 3685 non
752 3634 842 3685 est
866 3630 1067 3686 frater.
1101 3654 1127 3681 α
1163 3630 1312 3696 Quid
1344 3630 1502 3685 enim
1552 3628 1627 3685 ad
1679 3646 1772 3685 me
1808 3631 2021 3685 attinet

360 3719 542 3774 etiam
575 3735 676 3774 eos
707 3719 810 3789 qui
839 3718 986 3774 foris
1010 3725 1151 3774 sunt
1163 3718 1436 3791 judicare
1461 3718 1489 3774 ‘I
1521 3740 1548 3766 ιι
1571 3720 2021 3791 Consequenter

362 3823 603 3863 causam
644 3806 839 3861 reddit
869 3824 975 3863 cur
1006 3824 1126 3862 non
1167 3806 1481 3878 prohibeat
1513 3809 1849 3863 conversari
1881 3825 2018 3864 cum

365 3897 581 3952 Graecis
614 3896 1042 3952 scortatoribus
1073 3902 1177 3951 aut
1204 3896 1393 3951 avaris
1427 3913 1495 3951 ac
1551 3898 1822 3951 cmteris:
1873 3897 2021 3962 Quia

355 3986 676 4057 judicium,
709 3986 925 4056 inquit,
958 3985 1030 4041 de
1062 3984 1184 4040 illis
1214 3986 1333 4040 Deo
1363 3984 1831 4057 permittendum
1891 3991 2017 4041 est:

363 4093 474 4131 nos
502 4083 701 4131 autem
728 4076 944 4132 fratres
967 4077 1340 4149 corrigimus,
1392 4075 1534 4131 dum
1586 4074 1765 4130 vitam
1813 4091 2020 4129 eorum

365 4165 430 4219 in
443 4165 813 4220 correctione
829 4164 1174 4235 judicamus
1199 4169 1253 4218 et
1276 4163 1752 4219 condemuamus
1778 4180 1790 4216 :
1815 4163 1887 4217 ab
1904 4162 2022 4216 illis

366 4254 528 4309 enim
568 4254 973 4309 discessimus.
1008 4276 1035 4303 ‹‹
1070 4254 1182 4307 Eos
1215 4268 1349 4307 vero
1381 4253 1482 4324 qui
1517 4252 1661 4307 foris
1693 4257 1832 4307 sunt
1868 4253 2022 4306 Deus

356 4343 610 4417 judicat.
635 4365 664 4393 »
689 4343 914 4398 Deinde
938 4359 1014 4397 ne
1037 4341 1457 4413 delinquentes
1471 4342 1703 4397 Graecos
1722 4341 2023 4396 existimes

364 4433 664 4487 immunes
694 4431 927 4486 futuros
957 4447 992 4486 a
1025 4431 1341 4502 supplicio,
1364 4429 1692 4485 terribilius
1717 4430 2022 4502 magisque

366 4523 756 4579 metuendum
788 4523 898 4590 illi,
932 4523 1255 4597 assignavit
1304 4522 1582 4588 tribunal,
1630 4538 1844 4594 nempe
1894 4524 2021 4590 Dei,

2128 3387 2237 3427 νος.
2282 3389 2304 3420 ι
2343 3364 2447 3422 Καὶ
2503 3364 2608 3439 γὰρ
2665 3364 2802 3419 κατὰ
2851 3365 2952 3430 τὴν
3008 3363 3267 3434 ἀλήθειαν
3297 3366 3598 3425 ὁτοιοῦτος
3653 3360 3785 3417 οὐδέ

2126 3455 2319 3516 πιστός
2350 3451 2513 3509 ἐστιν.
2548 3477 2575 3505 ‹‹
2610 3453 2672 3507 Τί
2704 3452 2807 3529 γάρ
2849 3473 2943 3527 μοι
2992 3453 3084 3509 καὶ
3140 3454 3267 3515 τοὺς
3321 3451 3420 3523 ἔξω
3475 3452 3712 3527 κρίνειν;
3750 3475 3780 3502 ››

2130 3543 2334 3599 Λοιπὸν
2391 3545 2491 3612 τὴν
2543 3542 2724 3597 αἰτίαν
2783 3541 2929 3619 λέγει
3009 3546 3108 3597 τοῦ
3197 3545 3273 3616 μή
3355 3540 3586 3597 κωλύειν
3658 3544 3780 3601 τοῖς

2129 3632 2414 3704 Ἐλλήνων
2483 3634 2707 3709 πόρνοις
2754 3633 2789 3703 ἢ
2848 3631 3204 3695 πλεονέκταις
3370 3631 3589 3692 λοιποῖς
3654 3652 3779 3685 συν-

2130 3724 2538 3800 αναμίγνυσθαι.
2597 3725 2743 3792 Ὅτι,
2804 3722 2962 3803 φησὶ,
3017 3726 3116 3793 τήν
3166 3723 3291 3796 περὶ
3347 3721 3520 3777 αὐτῶν
3579 3721 3780 3796 κρίσιν,

2129 3820 2247 3886 Θεῴ
2269 3814 2473 3870 ἐατέον.
2529 3814 2721 3887 Ἡμεῖς
2774 3809 2831 3867 δὲ
2888 3813 3016 3874 τοὺς
3069 3809 3338 3890 ἀδελφοὺς
3395 3809 3783 3886 διορθούμεθα,

2129 3902 2293 3975 έντῷ
2344 3902 2549 3974 κρίνειν
2606 3903 2696 3957 καὶ
2757 3902 3061 3976 ἀνακρίνειν
3127 3901 3305 3957 αὐτῶν
3357 3902 3449 3956 τὸν
3512 3900 3629 3976 βίον
3695 3899 3785 3955 ἐπὶ

2132 3988 2442 4066 διορθώσει.
2476 3991 2564 4061 Ἐξ
2596 3990 2814 4046 ἐκείνων
2876 3992 2982 4066 γὰρ
3035 3989 3438 4066 ἐχωρίσθημεν.
3492 4011 3513 4039 ι
3546 3988 3688 4051 Τοὺς
3728 3989 3788 4043 δὲ

2130 4077 2449 4150 ἔξωὸθεὸς
2478 4079 2672 4154 κρίνει.
2707 4103 2735 4131 ››
2795 4081 2934 4136 Εἶτα
2989 4077 3084 4133 ’ίνα
3146 4080 3223 4152 μὴ
3281 4077 3513 4153 νομίσῃς
3572 4080 3789 4150 ἀτιμω-

2134 4170 2334 4243 ρήτους
2364 4161 2574 4231 ἔσεσθαι
2630 4168 2761 4229 τοὺς
2816 4166 3100 4238 Ἕλληνας
3160 4167 3478 4232 πταίοντας,
3538 4160 3794 4242 φοϐερώ-

2130 4275 2285 4332 τερον
2345 4255 2530 4319 αὐτοῖς
2588 4256 2851 4327 ἐπέστησε
2905 4253 3280 4332 δικαστήριον,
3357 4257 3420 4312 τὸ
3472 4260 3571 4311 τοῦ
3629 4255 3788 4313 Θεοῦ.

2132 4370 2163 4399 ‹‹
2195 4346 2299 4403 Καὶ
2329 4346 2564 4421 ὲξαρεῖτε
2615 4348 2707 4403 τὸν
2762 4347 3024 4423 πονηρόν.
3060 4368 3091 4401 u
3151 4349 3364 4422 ’Ἡγαγε
3421 4349 3518 4416 τὴν
3584 4368 3790 4422 μαρτυ-

2134 4435 2273 4512 ρίαν,
2306 4432 2516 4499 δεικνὺς
2549 4434 2749 4491 ἄνωθεν
2802 4439 2968 4491 τοῦτο
3021 4439 3499 4508 νενομοθετῆσθαι,
3554 4436 3646 4491 καὶ
3690 4435 3793 4491 οὐκ

2135 4525 2276 4580 εἶναι
2326 4524 2764 4599 καινοτομίαν,ἤ
2795 4530 2884 4580 νῦν
2935 4526 3244 4603 γεγένηται,
3298 4528 3361 4580 τὸ
3421 4524 3649 4602 ἐξαίρειν
3694 4526 3788 4580 τὸν

366 4636 395 4663 α
434 4614 622 4669 Etiam
656 4612 884 4668 auferte
915 4629 1051 4668 eum
1075 4613 1173 4684 qui
1196 4612 1389 4667 malus
1411 4617 1519 4667 est.
1545 4632 1573 4662 »
1598 4612 2015 4668 Testimonium

2138 4615 2375 4689 πονηρὸν
2410 4613 2468 4669 ἐκ
2501 4617 2689 4688 μέσου.
2722 4615 2797 4671 Τὸ
2829 4612 2906 4686 δὲ,
2959 4639 2987 4666 ‹‹
3028 4614 3115 4683 Ἐξ
3174 4614 3328 4685 ὑμῶν
3376 4613 3575 4685 αὐτῶν,
3609 4640 3632 4666 »ι
3689 4610 3795 4670 δεί-

364 4702 614 4758 adduxit
628 4702 952 4759 ostendens
966 4702 1126 4773 quod
1148 4718 1407 4773 superne
1435 4701 1585 4756 illud
1600 4702 1894 4758 sancitum
1912 4708 2022 4772 est,

366 4808 478 4848 nec
498 4797 589 4848 est
605 4809 822 4848 novum
847 4797 1209 4864 praeceptum
1234 4796 1336 4845 aut
1354 4807 1743 4846 nuno'recens
1761 4792 2024 4862 promul-

360 4888 585 4954 gatum,
619 4888 721 4938 aut
751 4882 1087 4937 auferretur
1116 4883 1165 4936 is
1197 4880 1297 4952 qui
1328 4881 1523 4935 malus
1554 4887 1645 4935 est
1694 4882 1768 4936 de
1798 4881 2018 4938 medio.

2135 4725 2286 4759 κνυσι
2315 4705 2405 4760 καὶ
2437 4705 2632 4769 αὐτοὺς
2672 4703 2732 4760 ἐκ
2783 4705 2982 4760 τούτου
3041 4701 3458 4777 ὠφελουμένους
3514 4702 3562 4758 εἰ
3618 4722 3793 4779 χωρι-

2134 4800 2332 4857 «eam
2363 4795 2416 4850 οἱ
2472 4794 2725 4869 πονηροί.
2785 4793 2851 4851 Εἰ
2915 4792 3164 4867 μέλλειὸ
3205 4792 3335 4855 Θεὸς
3386 4791 3615 4854 τούτους
3669 4792 3790 4867 κρί-

2130 4903 2265 4954 νειν,
2298 4883 2616 4958 χωρίσθητε
2641 4884 2731 4938 ἀπ’
2764 4884 2965 4938 αὐτῶν.

361 4972 529 5039 Quod
569 4977 768 5027 autem
800 4970 985 5035 addit,
1022 4994 1047 5020 ‹‹
1080 4972 1161 5024 Ex
1192 4969 1356 5024 vobis
1387 4970 1553 5041 ipsis,
1602 4991 1630 5019 »
1689 4971 1950 5024 ostendit
2007 4972 2170 5043 ipsos
2229 4991 2466 5046 quoque
2517 4974 2712 5046 juvari
2773 4974 2821 5028 si
2883 4973 3025 5029 mali
3086 4978 3458 5045 separentur.
3515 4971 3571 5026 Si
3633 4972 3792 5028 Deus

362 5064 470 5117 hos
495 5061 877 5133 judicaturus
910 5065 1018 5123 est,
1051 5058 1409 5131 seperamini
1440 5058 1513 5113 ab
1544 5058 1650 5113 eis.

1012 5157 1238 5212 CAPUT
1274 5156 1372 5210 III.

546 5244 699 5312 Quod
727 5262 838 5300 non
869 5252 1121 5316 oporteat
1151 5244 1347 5299 habere
1377 5244 1500 5299 lites
1522 5260 1586 5299 ac
1603 5243 1841 5316 judicia.

441 5436 530 5503 VI,
562 5437 677 5490 1-3.
711 5436 895 5489 Audet
937 5434 1149 5505 aliquis
1199 5440 1437 5489 vestrum
1491 5436 1774 5503 negotium
1823 5436 2024 5492 habens

368 5541 490 5580 cum
528 5526 701 5580 altero
721 5524 977 5595 judicari
1019 5525 1117 5579 sub
1165 5524 1406 5592 iniustis,
1448 5529 1500 5577 et
1550 5540 1661 5578 non
1709 5529 1884 5595 magis
1925 5529 2024 5582 sub

366 5614 571 5669 sanctis
594 5614 622 5668 ?
641 5615 721 5669 An
751 5616 971 5668 nescitis
1002 5612 1150 5683 quod
1169 5615 1345 5667 sancti
1374 5611 2027 5684 mundumjudicabunt?

371 5705 446 5758 Et
474 5707 523 5761 si
542 5721 649 5776 per
678 5719 770 5759 vos
791 5702 1085 5772 judicatur
1104 5700 1360 5767 mundus,
1397 5700 1622 5770 indigni
1677 5706 1802 5760 estis
1830 5707 2022 5776 abjec-

2765 5162 3030 5216 ΚΕΦΑΛ.
3073 5160 3144 5214 Γ“.

2333 5248 2460 5325 Περί
2491 5253 2590 5304 τοῦ
2624 5250 2700 5321 μὴ
2735 5246 2938 5304 δεῖσθαι
2969 5244 3156 5318 δικῶν,
3188 5249 3280 5303 καὶ
3309 5251 3480 5303 ταῦτα
3508 5245 3596 5301 ἐπὶ

2823 5341 3086 5397 ἀπίστων.

2205 5428 2405 5505 Τολμᾷ
2436 5452 2520 5492 τις
2585 5432 2741 5504 ὑμῶν
2796 5436 3022 5506 πρᾶγμα
3071 5424 3217 5504 ἕγων
3273 5430 3412 5503 πρὸς
3464 5431 3557 5485 τὸν
3610 5428 3797 5504 ἕτερον

2133 5521 2410 5595 κρίνεσθαι
2480 5520 2567 5575 ἐπὶ
2634 5525 2744 5576 τῶν
2829 5517 3003 5574 ἀδίκω
3094 5518 3186 5573 καὶ
3280 5519 3408 5594 οὐχὶ
3504 5518 3593 5574 ἐπὶ
3684 5526 3792 5574 τῶν

2136 5611 2351 5685 ἀγίων;
2407 5610 2528 5668 Οὐκ
2585 5607 2767 5665 οἳδατε
2827 5610 2910 5664 δτι
2963 5609 3016 5662 oi
3067 5608 3221 5684 ’ἅγιοι
3267 5607 3361 5663 τὸν
3415 5609 3623 5682 κόσμον
3675 5629 3792 5683 κρι-

2133 5703 2317 5754 νοῦσιν
2367 5717 2381 5768 ;
2435 5698 2537 5753 Καὶ
2596 5699 2642 5754 εί
2699 5698 2756 5754 ἐν
2814 5699 2941 5771 ὑμῖν
2995 5696 3233 5771 κρίνεται
3293 5697 3323 5751 ὁ
3378 5697 3607 5771 κόσμος,
3666 5698 3793 5753 ἀνά-
