4118 6422
263 420 392 479 705

264 551 381 623 ξιοί
449 550 569 609 ἐστε
628 553 930 629 κριτηρίων
998 551 1331 630 ἐλαχίστων.

265 640 546 719 ἀγγέλους
578 646 887 719 κρινεῦμεν,
922 645 1121 720 μήτιγε
1147 641 1382 719 βιωτικᾶ
1404 662 1418 714 ;

340 733 490 807 ’Ὅρα
520 731 605 787 ὅτι
636 731 711 794 ὡς
742 731 831 786 ἐπὶ
864 731 1321 808 ὡμολογημένων
1363 737 1601 788 ποιεῖται
1656 730 1754 797 τὴν
1804 748 1940 783 κατ-

266 822 530 897 ηγορίαν,
565 819 655 876 καὶ
687 819 843 885 εὐθὺς
874 819 935 876 ἐκ
990 822 1305 896 προοιμίων
1364 820 1535 895 θυμὸν
1589 817 1936 885 ἐνδείκνυται,

263 910 367 964 καὶ
395 909 613 983 τόλμαν
670 906 852 964 καλεῖ.
910 911 1001 965 καὶ
1065 910 1411 985 παρανομίαν
1468 910 1531 965 τὸ
1590 914 1937 985 πρᾶγμα.-

267 1000 497 1072 [ΦΩΤ.]
554 997 770 1053 Τοῦτων
831 997 1028 1067 οὕτως,
1114 999 1272 1076 φησὶ,
1346 1000 1484 1055 κατὰ
1540 1000 1603 1054 τὸ
1658 1009 1937 1071 προσῆκον

264 1087 552 1167 ἑχόντων,
580 1086 673 1142 καὶ
703 1091 832 1150 τοὺς
869 1087 965 1162 μὲν
998 1087 1051 1143 ἐν
1087 1089 1217 1161 ὑμῖν
1252 1086 1521 1167 ἀδελφοὺς
1550 1087 1750 1162 κρίνειν
1782 1083 1937 1159 ἐχόν.

263 1198 386 1232 τιον
416 1178 519 1247 τὴν
551 1173 820 1247 ἐξουσίαν,
864 1176 955 1231 ἐπὶ
1014 1175 1072 1232 δὲ
1129 1176 1257 1239 τοὺς
1313 1175 1413 1247 ἔξω
1466 1180 1630 1232 τοῦτο
1684 1175 1939 1250 πρᾶττειν

266 1265 337 1322 οὗ
368 1263 871 1345 συγχωρουμένων,
902 1265 1090 1340 τολμᾷ
1117 1288 1200 1330 τις
1231 1267 1359 1328 τοὺς
1390 1262 1491 1336 ἔξω
1522 1264 1710 1322 καλεῖν
1752 1263 1939 1340 κριτὰς

267 1356 499 1417 ἑαυτοῖς
528 1353 770 1430 γενέσθαι
842 1356 993 1429 ὑμῖν,
1053 1356 1144 1410 καὶ
1208 1356 1271 1411 οὗ
1329 1352 1653 1411 καταδύεται
1707 1352 1803 1409 κᾶν
1864 1353 1940 1415 εἷς

269 1442 586 1521 Αογισμοὺς
631 1447 796 1499 τοῦτο
856 1438 1087 1514 λαϐεῖν;
1144 1445 1196 1500 οἱ
1252 1444 1439 1500 πιστοὶ
1490 1445 1616 1507 τοὺς
1675 1442 1941 1504 ἀπίστους

268 1536 494 1597 ἑαυτοῖς
554 1533 834 1590 καθίσουσι
890 1534 1122 1611 κριτάς;
1180 1533 1489 1607 ἐκλὲξονται
1550 1532 1608 1589 δὲ
1665 1531 1780 1590 ἀντὶ
1834 1537 1941 1588 τῶν

272 1622 455 1700 ἁγίων
492 1623 621 1686 τοὺς
655 1620 877 1687 ἀδίκους
905 1643 918 1693 ;
951 1621 1204 1703 σφοδρῶς
1265 1622 1323 1680 δὲ
1367 1629 1554 1695 τοῦτο,
1604 1623 1760 1702 φησὶ,
1809 1641 1945 1679 παν-

270 1713 519 1793 ταχόθεν
550 1709 991 1791 ἂσφαλιςόμενος
1021 1711 1398 1789 περιστέλλειν
1455 1712 1701 1781 ἑαυτοὺς,
1740 1712 1829 1767 καὶ
1866 1711 1943 1784 μὴ

273 1800 496 1859 διδόναι
522 1807 640 1866 τοῖς
674 1802 928 1865 ἀπίστοις
962 1797 1139 1872 λαϐὴν
1173 1800 1225 1858 ἐν
1261 1799 1477 1877 μηδενὶ,
1522 1804 1663 1877 μήτε
1717 1798 1944 1870 δικαζο-

277 1891 505 1967 μένους,
540 1895 682 1967 μήτε
711 1890 857 1947 ἄλλο
885 1913 940 1946 τι
965 1897 1075 1948 τῶν
1105 1891 1244 1968 οὐχὶ
1277 1896 1487 1966 σεμνῶν
1517 1892 1608 1947 καὶ
1656 1889 1944 1966 εἰρηνικῶν

275 1980 308 2038 δ
320 1983 813 2058 ιαπραττομὲνους.

358 2163 536 2219 Τοῦτο
566 2161 695 2237 γὰρ,
728 2159 853 2217 οὕτε
873 2161 938 2216 τὸ
977 2159 1150 2236 ὄνομα
1177 2164 1275 2216 τοῦ
1305 2164 1444 2217 Θεοῦ
1498 2160 1942 2240 βλασφημεῖσθαι

283 2250 361 2307 δι’
391 2250 587 2313 αὐτοὺς
615 2251 1031 2325 παρεσκεύαζεν,
1089 2249 1369 2311 κάκείνους
1436 2248 1606 2306 ἐποίει
1664 2250 1800 2323 πρὸς
1847 2247 1941 2303 τὸν

279 2335 469 2415 ἔρωτα
498 2337 889 2411 διανίστασθαι,
917 2339 1009 2395 καὶ
1046 2340 1139 2395 τὸν
1174 2340 1430 2413 θειασμὸν
1478 2346 1577 2410 τῆς
1633 2336 1941 2413 θρησκείας.

282 2453 322 2483 α
357 2428 638 2504 Κρίνεσθαι
666 2426 756 2483 ἐπὶ
789 2434 899 2484 τῶν
945 2429 1168 2504 ἀγίκων.
1206 2454 1227 2479 ι
1291 2426 1368 2486 Οὗ
1426 2432 1644 2505 πρῶτον
1705 2428 1733 2481 ὁ
1792 2422 1946 2481 δικα-

285 2518 517 2592 ζόμενος
577 2522 766 2593 τυχεῖν
832 2516 1115 2593 βούλεται,
1188 2517 1438 2574 τουτέστι
1510 2522 1618 2572 τῶν
1697 2513 1943 2585 δικαίων,

281 2612 452 2664 τοῦτο
485 2605 750 2663 δείκνυσιν
807 2606 970 2664 αὐτὸν
1030 2606 1097 2663 οὐ
1152 2607 1515 2685 τυγχάνοντα·
1578 2604 1758 2662 ἄδικοι
1813 2605 1945 2679 γὰρ,

282 2697 473 2776 φησὶν,
513 2696 670 2754 εἰσίν.
728 2694 883 2768 Πλήν
940 2697 1276 2770 σημειωτέον
1337 2698 1420 2751 ὅτι
1477 2696 1599 2771 περὶ
1656 2692 1943 2766 Ἑλλήνων

283 2785 501 2862 εἴρηται
533 2783 824 2844 δικαστῶν.
858 2810 886 2838 ‹‹
920 2786 1026 2842 Καὶ
1059 2785 1188 2865 οὐχὶ
1212 2784 1301 2841 ἐπὶ
1322 2790 1430 2841 τῶν
1452 2784 1621 2861 ἁγίων
1649 2803 1662 2853 ;
1698 2809 1726 2836 ››
1755 2782 1948 2858 Τολμᾷ

282 2897 373 2941 τις
408 2876 560 2950 ὑμῶν
621 2881 799 2931 ποιεῖν
851 2880 1100 2932 τοιοῦτον
1168 2880 1437 2953 πρᾶγμα;
1494 2872 1639 2950 ἔχων
1678 2871 1947 2948 κρίνεσθαι

287 2967 429 3042 μετὰ
456 2965 726 3045 ἀδελιξοῦ,
758 2966 821 3022 οὐ
850 2967 1088 3042 κρίνεται
1128 2966 1217 3023 ἐπὶ
1270 2973 1379 3023 τῶν
1438 2966 1635 3043 ἁγίων,
1675 2963 1805 3021 ἀλλ’
1859 2963 1945 3020 ἐπὶ

279 3064 395 3114 τῶν
424 3056 756 3129 Ἑλλήνωνς
807 3054 1083 3129 ἐδήλωσεν
1148 3058 1241 3132 μὶν
1306 3058 1397 3113 οῦν
1456 3056 1630 3112 αὐτῶν
1681 3076 1743 3111 το
1800 3055 1950 3125 ἀξιό-

278 3168 477 3202 πιστον
504 3146 695 3222 ἁγίους
727 3144 981 3209 καλέσας·
1044 3152 1165 3203 Ἔτι
1207 3144 1265 3202 δὲ
1319 3146 1583 3219 μειζόνως
1639 3143 1833 3206 αὐτοὺς
1876 3142 1952 3213 ἐξ-

282 3237 449 3313 αίρει.
516 3260 539 3288 ι
605 3237 712 3294 Τὸν
769 3236 979 3311 κόσμον
1030 3237 1157 3312 γὰρ,
1217 3236 1373 3314 φησὶ,
1434 3236 1737 3312 κρινοῦσιν,
1776 3259 1798 3287 ι
1851 3233 1951 3289 οὐκ

287 3324 443 3381 αὐτοὶ

283 3416 496 3490 Κῦριος
550 3419 767 3490 κρινεῖ),
834 3414 982 3471 ἀλλὰ
1064 3411 1477 3489 κατακρίνοντες
1552 3414 1643 3469 τὸν
1718 3413 1945 3487 κόσμον.

287 3505 630 3572 Πῶς;⁶οταν
660 3503 813 3560 αὐτοὶ
857 3502 1138 3579 ἅνθρωποι
1199 3500 1343 3567 ὄντες
1405 3505 1765 3576 ὁμοιοπαθεῖς
1813 3504 1950 3576 ἡμῖν

286 3593 381 3646 καί
407 3592 748 3665 ἐπίστευσαν,
796 3592 887 3647 καὶ
945 3595 1196 3672 χρηστήν
1249 3590 1586 3662 ἐπεδείξαντο
1642 3590 1946 3649 πολιτείαν.

295 3683 422 3736 Tum
464 3683 536 3754 μὴ
565 3686 833 3737 τοιούτων
876 3681 1181 3759 γενομένων
1242 3682 1346 3757 ἄρα
1401 3681 1502 3737 οὐκ
1560 3679 1773 3736 ἔσονται
1828 3701 1950 3736 κατ⁹

300 3765 920 3845 ήγοροι;διελὲγχουσι
970 3768 1076 3844 γὰρ
1134 3770 1308 3844 ἡμᾶς,
1364 3770 1447 3824 ὅτι
1507 3766 1569 3822 οὐ
1621 3767 1759 3822 κατᾶ
1797 3766 1953 3822 ἀσθέ-

290 3875 432 3909 νειον
488 3857 723 3936 φύσεως,
789 3857 934 3914 ἀλλὰ
991 3858 1132 3913 κατᾶ
1188 3856 1456 3933 ῥᾳθυμίαν
1516 3857 1940 3931 ἡμαρτήσαμεν.

288 3948 454 4021 Ὅπερ
507 3947 787 4027 ἐμφαίνων
840 3949 1050 4024 ἐπάγει·
1106 3974 1133 4001 (ι
1170 3949 1272 4006 Καὶ
1324 3947 1373 4003 εἴ
1429 3946 1482 4003 ἐν
1532 3947 1660 4020 ὑμῖν
1712 3947 1948 4023 κρίνετοι

286 4036 318 4091 ὁ
344 4034 575 4109 κόσμος.
600 4061 629 4089 ι»
663 4038 779 4096 Οὐκ
803 4039 978 4109 εἶπεν,
1005 4039 1119 4105 Ὑφ’
1152 4038 1329 4112 ὑμῶν,
1362 4036 1509 4104 ἀλλ’,
1559 4058 1581 4087 ι
1615 4036 1702 4093 Ἐν
1734 4036 1885 4109 ὑμῖν,
1920 4060 1948 4087 ››

285 4121 557 4181 τουτέστι.
581 4124 661 4179 Δι’
690 4124 865 4199 ὑμῶν.
892 4150 919 4178 ‹‹
936 4127 1058 4183 Ὅτι
1085 4125 1142 4179 οἱ
1167 4125 1338 4201 ἃγιοι.
1364 4149 1393 4177 υ
1416 4125 1506 4196 Ἐξ
1522 4124 1700 4179 αὐτῶν
1724 4123 1946 4202 γυμνῶν

284 4217 397 4266 τῶν
453 4211 742 4287 ὀνομάτων
798 4214 1042 4285 ποξεῖται
1101 4220 1201 4284 τῆς
1256 4214 1487 4289 κρίσεως
1544 4213 1607 4268 τὸ
1667 4213 1947 4292 διάφορον,

284 4298 416 4364 τοῦς
451 4301 547 4374 μὲν
570 4299 815 4373 ἀδίκους,
847 4303 976 4366 τοὺς
1025 4302 1083 4359 δὲ
1140 4305 1333 4379 ἁγίους
1386 4302 1590 4361 καλῶν,
1651 4327 1679 4354 ‹‹
1712 4301 1950 4373 Ἀνάξιοί

286 4390 407 4445 ἐστε
436 4389 740 4466 κριτηρίων
800 4391 1130 4468 ἐλαχίστων.
1167 4416 1196 4445 ››
1253 4391 1527 4467 Αἰσχύνη,
1578 4390 1766 4468 φησὶν,
1823 4390 1952 4463 ὑμῖν

285 4477 404 4534 ἑστι
434 4484 559 4535 τοῖς
588 4480 791 4557 κρίνειν
821 4483 913 4537 τὸν
942 4482 1150 4555 κόσμον
1211 4478 1505 4555 μέλλουσι,
1557 4480 1620 4534 τὸ
1676 4479 1949 4555 κρίνεσθαι

286 4568 343 4623 ἐν
370 4573 492 4630 τοῖς
524 4569 765 4626 εὐτελέσι
794 4571 886 4626 καὶ
912 4569 1127 4634 ἀδίκοις
1171 4568 1478 4646 κριτηρίοις
1527 4573 1635 4621 τῶν
1687 4567 1946 4622 ἀπίστων.

1228 419 1644 484 COMMENT.
1688 418 1768 480 IN
1812 414 2065 477 EPIST.
2115 412 2138 472 Ι
2182 415 2287 473 ΑΙ)
2329 413 2698 476 CORlNTH.

1428 553 1543 613 Οὐκ
1599 548 1779 607 οἳόατε
1847 546 1931 603 δτι

2057 545 2271 602 εὶεείηιίδ
2290 547 2547 617 judiciis.
2587 550 2678 603 An
2709 554 2928 608 nescitis
2959 554 3107 625 quod
3133 555 3357 623 angelos
3412 555 3703 625 judicabi-

1975 1949 2022 2012 Β

3585 421 3700 485 706

2044 653 2186 704 mus,
2222 637 2424 692 nedum
2452 639 2736 695 mundana
2756 642 2784 694 ?

2118 729 2261 785 Vide
2296 730 2456 801 quod
2495 730 2567 786 de
2597 731 2776 787 rebus
2806 751 2937 804 quas
2962 734 3092 807 jam
3123 736 3186 790 in
3236 737 3508 793 confesso
3558 745 3706 794 sunt

2044 817 2223 875 faciat
2251 822 2716 892 accusationem,
2754 823 3076 894 statimque
3109 832 3180 880 ab
3211 825 3381 881 initio
3414 828 3563 883 iram
3596 827 3708 883 de-

2045 913 2360 978 monstret,
2386 914 2585 966 etrem
2613 911 2803 982 ipsam
2816 918 2983 967 vocat
3003 929 3214 967 ausum
3237 930 3304 967 ac
3336 913 3481 986 legis
3510 920 3705 970 trans-

2047 999 2435 1070 gressionem.
2472 1030 2537 1041 —
2561 1000 2919 1073 His,inquit,
2952 1002 3035 1057 ita
3078 1002 3310 1057 decenti
3342 1004 3516 1059 modo
3550 1022 3708 1061 com-

2046 1088 2279 1159 positis,
2314 1095 2380 1143 ut
2409 1089 2676 1145 habeatis
2708 1096 3060 1161 potestatem
3083 1091 3397 1163 judicandi
3424 1092 3709 1164 aliquose

2047 1177 2329 1232 fratribus
2361 1178 2462 1249 qui
2483 1178 2642 1233 inter
2661 1196 2759 1234 vos
2783 1185 2942 1246 sunt,
2963 1197 3084 1235 non
3135 1181 3565 1252 permittamini
3599 1199 3708 1237 au-

2050 1274 2166 1322 tem
2192 1267 2350 1322 idem
2370 1267 2570 1323 facere
2589 1285 2728 1341 erga
2749 1286 2849 1323 eos
2872 1270 2972 1340 qui
2997 1269 3142 1323 foris
3174 1275 3335 1339 sunt,
3386 1271 3566 1326 audet
3594 1270 3709 1327 ali-

2050 1356 2182 1427 quis
2207 1361 2522 1413 extraneos
2554 1374 2761 1413 vocare
2793 1374 2859 1413 ac
2888 1357 3023 1413 illos
3042 1357 3210 1413 vobis
3234 1359 3379 1430 ipsis
3402 1361 3707 1432 praeﬁcere

2043 1444 2277 1516 judices
2302 1451 2359 1501 et
2380 1463 2501 1501 non
2525 1445 2914 1502 confunditur
2944 1446 3003 1502 id
3026 1447 3117 1502 vel
3160 1448 3359 1502 animo
3394 1450 3707 1521 concipere

2050 1539 2116 1588 ut
2133 1533 2339 1590 ﬁdeles
2364 1535 2475 1590 sibi
2499 1535 2894 1608 ipsisjudices
2917 1536 3288 1592 constituant
3308 1537 3581 1593 inﬁdeles
3600 1538 3628 1592 ’ἶ
3648 1544 3708 1593 et

2051 1641 2157 1695 pro
2179 1625 2403 1681 sanctis
2434 1624 2690 1697 injustos
2723 1626 3140 1682 constituant?
3170 1628 3321 1682 463
3355 1627 3474 1683 Iloc
3507 1634 3705 1683 autem

2050 1714 2436 1769 vehementer
2492 1714 2893 1787 undequaque
2954 1716 3291 1771 communit
3342 1721 3407 1771 ut
3477 1716 3707 1788 seipsos

2053 1807 2490 1879 comprimant;
2522 1825 2632 1863 nec
2655 1808 2981 1864 incredulis
3013 1808 3073 1865 in
3105 1809 3310 1880 quavis
3339 1826 3402 1864 re
3435 1808 3578 1865 dent
3606 1827 3704 1867 ac-

2053 1897 2366 1962 casionem,
2389 1913 2585 1969 neque
2619 1897 2758 1953 dum
2767 1897 3143 1971 judicantur,
3170 1916 3363 1970 neque
3378 1898 3521 1955 dum
3541 1899 3705 1956 aliud

2053 1985 2360 2057 quippiam
2394 2003 2601 2042 eorum
2632 2004 2763 2058 quae
2796 2003 2920 2043 non
2952 1988 3095 2043 satis
3125 1988 3378 2045 honesta
3409 1995 3549 2044 sunt
3605 1993 3710 2045 aut

2050 2075 2304 2147 paciﬁca
2330 2081 2697 2147 perpetrant:

2123 2166 2268 2220 Nam
2299 2165 2411 2221 hoc
2432 2165 2607 2221 modo
2639 2165 2938 2222 efﬁciebat
2956 2171 3023 2221 ut
3041 2171 3283 2238 propter
3303 2167 3465 2239 ipsos
3487 2185 3709 2224 nomen

2050 2254 2153 2309 Dei
2176 2255 2458 2310 conviciis
2486 2272 2608 2310 non
2631 2255 3034 2310 incesseretur
3059 2272 3071 2309 :
3102 2261 3159 2310 et
3181 2256 3396 2329 agebat
3416 2263 3482 2311 ut
3512 2257 3600 2312 illi
3631 2257 3708 2313 ad

2050 2343 2356 2417 religionis
2388 2361 2654 2399 amorem
2685 2349 2745 2399 et
2771 2343 3040 2399 afﬂatum
3060 2344 3474 2400 incitarentur.
3500 2346 3705 2401 «ludi-

2050 2433 2172 2487 cari
2200 2433 2307 2489 sub
2334 2434 2594 2506 injustis.
2628 2455 2657 2484 ››
2689 2431 2857 2498 Quod
2886 2433 3146 2504 primum
3178 2434 3415 2505 assequi
3447 2434 3611 2506 cupit
3648 2435 3697 2489 is

2051 2521 2151 2592 qui
2176 2521 2501 2593 judicatur,
2535 2538 2750 2593 nempe
2772 2520 3009 2593 judices
3030 2521 3249 2593 justos,
3284 2522 3393 2577 hoc
3433 2522 3693 2577 ostendit

2050 2607 2222 2662 illum
2250 2624 2369 2663 non
2392 2607 2629 2678 assequi
2654 2623 2667 2664 :
2696 2624 2836 2662 nam
2858 2606 3065 2679 injusti
3088 2613 3247 2676 sunt,
3268 2608 3503 2679 (inquit.
3537 2610 3697 2663 Atta-

2052 2714 2190 2753 men
2214 2696 2635 2754 advertendem
2666 2700 2756 2751 est
2784 2695 2944 2767 quod
2975 2695 3047 2751 de
3080 2697 3295 2752 Graecis
3325 2696 3550 2752 dictum
3610 2700 3705 2753 est

2045 2786 2374 2859 judicibus.
2412 2809 2440 2838 ιι
2472 2789 2542 2841 Et
2571 2803 2691 2841 non
2719 2785 2905 2857 magis
2936 2783 3045 2840 sub
3078 2786 3353 2841 sanctis?
3397 2808 3427 2838 ››
3487 2785 3704 2855 Audet,

2055 2876 2270 2949 inquit,
2306 2876 2601 2949 quispiam
2633 2874 2978 2948 hujusmodi
3010 2891 3136 2930 rem
3177 2876 3431 2947 operari,
3463 2881 3530 2931 ut
3570 2892 3706 2932 cum

2053 2965 2271 3022 habeat
2282 2965 2543 3038 judicari
2567 2983 2702 3021 cum
2724 2964 2927 3032 fratre,
2952 2981 3073 3019 non
3094 2964 3404 3036 judicetur
3425 2965 3533 3019 sub
3566 2982 3708 3020 san-

2055 3054 2185 3122 ctis,
2211 3053 2315 3110 sed
2338 3052 2447 3109 sub
2473 3053 2688 3109 Graecis
2712 3053 2740 3107 ?
2764 3052 3122 3125 Significavit
3144 3053 3343 3124 itaque
3366 3052 3426 3106 id
3454 3051 3612 3123 quod
3644 3052 3705 3108 in

2055 3143 2140 3200 eis
2173 3142 2288 3198 ﬁde
2321 3141 2568 3215 dignum
2599 3147 2745 3209 erat,
2774 3158 2907 3197 cum
2944 3146 3181 3196 sanctos
3212 3141 3467 3196 vocavit:
3511 3140 3707 3196 adhuc

2055 3236 2255 3287 autem
2290 3230 2475 3303 magis
2507 3247 2608 3286 eos
2639 3229 2873 3285 extollit
2902 3229 3107 3285 dicens
3134 3246 3146 3283 :
3182 3252 3210 3278 ‹‹
3245 3228 3524 3285 Mundum
3550 3228 3708 3300 judi-

545 3327 848 3398 καθήμενοι
923 3325 1015 3380 καὶ
1088 3325 1387 3401 κρίνοντες,
1465 3321 1643 3401 ἄπαγε
1729 3324 1782 3397 (ὁ
1854 3322 1945 3400 γὰρ

2060 3320 2301 3389 cabunt,
2333 3341 2362 3369 »
2394 3336 2516 3374 non
2533 3318 2646 3391 ipsi
2671 3318 2913 3390 quidem
2930 3317 3205 3373 sedentes
3225 3323 3328 3374 aut
3340 3317 3706 3389 judicantes,

2058 3408 2214 3464 absit
2239 3426 2251 3463 :
2276 3409 2560 3464 Dominus
2582 3408 2742 3463 enim
2766 3412 2856 3462 est
2876 3407 2975 3478 qui
2992 3407 3226 3476 judicat
3251 3424 3263 3461 :
3289 3407 3393 3462 sed
3417 3406 3711 3461 mundum

2058 3499 2547 3555 condemnantes.
2569 3497 2922 3563 Quomodo?
2972 3498 3121 3552 Dum
3154 3497 3267 3568 ipsi
3301 3496 3401 3567 qui
3434 3496 3712 3551 homines

2059 3592 2248 3653 erant,
2274 3592 2333 3641 et
2363 3586 2641 3641 similiter
2670 3591 2736 3641 ut
2766 3603 2876 3641 nos
2906 3584 3325 3640 affectionibus
3357 3583 3621 3653 obnoxii,
3655 3588 3714 3639 et

2058 3675 2462 3743 crediderunt,
2494 3681 2552 3730 et
2582 3674 2827 3747 probam
2860 3674 3270 3746 praestiterunt
3307 3673 3710 3728 conversatio-

2058 3780 2240 3819 nem:
2275 3780 2476 3818 annon
2508 3768 2883 3819 accusatores
2942 3764 3130 3817 nostri
3185 3768 3364 3817 erunt
3411 3762 3511 3831 qui
3562 3761 3711 3816 tales

2059 3853 2251 3909 eﬂ‘ecti
2279 3870 2399 3907 non
2424 3869 2630 3908 sumus
2649 3851 2678 3906 ‘?
2699 3851 3073 3907 Convincunt
3093 3851 3252 3907 enim
3275 3867 3384 3905 nos
3409 3849 3569 3921 quod
3589 3866 3713 3905 non

2058 3948 2285 3998 naturae
2318 3940 2750 4008 imbecillitate,
2785 3939 2888 3994 sed
2921 3940 3193 3995 socordia
3249 3940 3711 4011 peccaverimus.

2058 4031 2221 4098 Quod
2253 4030 2576 4086 ostendens
2600 4029 2906 4102 subjungit
2935 4045 2948 4083 :
2984 4052 3012 4079 ‹‹
3044 4030 3114 4083 Ει
3144 4029 3190 4084 si
3221 4045 3327 4101 per
3357 4046 3457 4084 vos
3477 4028 3713 4101 judica-

2058 4124 2156 4174 tur
2187 4118 2464 4174 mundus.
2489 4142 2514 4167 ››
2544 4119 2669 4173 Non
2696 4116 2861 4184 dicit,
2887 4115 3126 4184 avobis,
3168 4116 3272 4172 sed
3324 4139 3351 4167 ‹‹
3384 4118 3497 4173 Per
3524 4133 3646 4171 vos.
3682 4138 3711 4166 »

2059 4211 2203 4264 Nam
2232 4204 2283 4260 ἐν
2317 4204 2445 4279 ῧμῖν
2480 4207 2711 4278 capitur
2739 4223 2845 4278 pro
2878 4200 2950 4257 δι’
2980 4202 3153 4277 ὐμῶν.
3189 4228 3216 4255 (ι
3249 4205 3414 4271 Quod
3438 4207 3644 4261 sancti.
3683 4228 3712 4257 »

2059 4300 2141 4352 Ex
2160 4297 2306 4369 ipsis
2322 4295 2499 4351 nudis
2516 4295 2864 4351 nominibus
2887 4294 3099 4366 judicii
3128 4295 3707 4364 facitdiversitatem,

2058 4387 2195 4442 illos
2226 4386 2469 4458 quidem
2500 4402 2717 4441 vocans
2748 4385 3025 4457 injustas,
3057 4385 3168 4440 hos
3199 4391 3401 4441 autem
3449 4392 3708 4441 sanctos.

2061 4499 2091 4528 ιι
2117 4476 2348 4547 1η(ὶὶςηὶ
2383 4478 2525 4530 estis
2554 4475 2821 4530 minimis
2844 4475 3109 4547 judiciis.
3150 4498 3175 4524 ››
3210 4475 3451 4544 Pudori,
3494 4476 3712 4547 inquit,

2060 4569 2224 4623 vobis
2247 4572 2355 4636 est,
2380 4572 2465 4635 ut,
2494 4567 2597 4638 qui
2619 4567 2913 4622 mundum
2933 4566 3259 4640 judicaturi
3291 4569 3459 4635 estis,
3493 4568 3554 4622 in
3614 4569 3715 4623 ab-

289 4682 317 4709 ιι
349 4663 471 4715 *Οτι
528 4657 796 4736 ἀγγέλους
858 4664 1156 4737 κρινοῦκεν·
1191 4682 1221 4711 ››
1282 4655 1586 4736 ’Δγγὲλους
1644 4655 1771 4718 τοὺς
1833 4652 1945 4710 δαί-

2057 4657 2230 4729 jectis
2251 4672 2318 4710 ac
2346 4656 2587 4727 injustis
2611 4655 3714 4727 incredulorumjudiciisjudicemini.

292 4745 469 4818 μονάς
502 4768 661 4826 φησι,
691 4749 872 4812 καθὼς
919 4748 1010 4804 καὶ
1043 4748 1071 4802 ὁ
1102 4747 1331 4822 Χριστὸς
1390 4744 1565 4822 ἔλεγε.
1630 4770 1657 4796 ‹‹
1689 4749 1777 4816 Τῷ
1836 4741 1949 4799 δια-

288 4828 449 4907 ϐόλῳ
482 4835 714 4899 καὶτοῖς
744 4835 1005 4915 ἀγγέλοις
1030 4836 1216 4897 αὐτοῦ,
1252 4859 1280 4888 ››
1309 4840 1433 4898 Ιιῶς
1476 4832 1532 4889 δὲ
1584 4832 1777 4895 αὐτοὺς
1824 4852 1943 4908 κρι-

287 4927 483 4997 νοῦμεν
508 4943 524 4995 ;
554 4926 719 4983 Ὀταν
749 4927 1056 5001 ἀσώματοι,
1098 4924 1322 4982 ἔλαττον
1382 4927 1545 4998 ἡμῶν
1592 4927 1699 4977 τῶν
1750 4943 1947 4997 σαρκο-

290 5012 611 5090 φορούντων
665 5009 886 5091 ἔχοντες
943 5014 1224 5090 εὗρεθῶσι,
1282 5011 1450 5069 πλέον
1509 5012 1945 5087 κατακρίνονται.

287 5102 462 5159 Ὅταν
522 5100 581 5157 δὲ
635 5102 904 5178 ἀγγέλους
986 5109 1298 5180 κρινοῦμεν,
1384 5103 1541 5176 πόσῳ
1596 5110 1656 5178 γε
1717 5102 1950 5178 βιωτικα

288 5190 634 5267 πράγματα;
684 5227 753 5236 -—-
794 5192 1043 5256 Ἄλλως.
1103 5196 1315 5268 [ΦΩΤ.]
1374 5192 1438 5250 Εἰ
1494 5188 1766 5270 ἀγγέλους
1821 5191 1948 5253 τοὺς

288 5279 713 5345 ἐκπεπτωκότας
771 5290 872 5354 τῆς
956 5282 1162 5347 οἷ’κείας
1217 5284 1443 5354 τάξεως,
1521 5281 1749 5356 γνώμης
1812 5277 1950 5342 ἰδίας

292 5371 602 5447 μοχθηρίᾳ,
649 5374 725 5436 εἰς
776 5374 1011 5437 τούτους
1070 5377 1382 5447 κρινοῦμεν,
1450 5372 1578 5441 ἤτοι
1634 5368 1951 5447 ἐλέγξομεν,

288 5459 450 5515 αὐτοὶ
529 5463 666 5534 μετά
742 5464 999 5537 σώματος
1076 5462 1244 5532 ὄντες,
1322 5461 1406 5517 ὅτι
1498 5459 1699 5516 ἐκτῖνοι
1774 5461 1952 5539 χωρὶς

287 5550 551 5623 σώματος
628 5547 801 5625 ὄντες,
876 5554 966 5609 τὸν
1044 5551 1247 5608 οἷκεῖον
1327 5549 1534 5625 θεσμὸοὶ
1607 5550 1708 5605 οὐκ
1757 5547 1954 5625 ἐτήρη.

364 5722 412 5760 εί
445 5725 468 5746 '
502 5726 699 5782 Matth.
737 5744 864 5791 xxv,
897 5729 984 5781 41.

2065 4770 2091 4797 ιι
2125 4745 2289 4812 Quod
2322 4744 2565 4817 angelos
2587 4743 3041 4817 judicabimus?
3073 4766 3101 4793 ››
3136 4745 3390 4818 Angelos
3408 4751 3579 4800 vocat
3595 4745 3715 4799 dee-

2064 4852 2293 4903 mones,
2309 4833 2814 4905 quemadmodum
2834 4839 2893 4888 et
2910 4833 3176 4888 Christus
3199 4832 3435 4889 dicebat
3458 4850 3471 4888 :
3507 4856 3534 4882 u
3569 4834 3712 4888 Dia-

2056 4925 2190 4981 bolo
2215 4930 2270 4979 et
2296 4921 2523 4996 angelis
2546 4921 2729 4995 ejus“
2746 4924 2819 4977 ⁸.»
2849 4922 3154 4989 Quomodo
3167 4928 3368 4978 autem
3387 4922 3715 4995 ipsosjudi-

2059 5014 2325 5070 cabimus
2347 5011 2375 5067 ‘2
2398 5014 2541 5066 Cum
2571 5010 2685 5083 ipsi
2710 5011 2811 5083 qui
2832 5017 2972 5066 sunt
3001 5012 3361 5085 incorporei,
3399 5011 3713 5068 inferiores

2059 5103 2231 5160 nobis
2258 5101 2481 5157 inventi
2513 5101 2738 5155 fuerint
2766 5102 2867 5173 qui
2909 5118 3152 5158 carnem
3212 5102 3714 5172 circumferimus,

2061 5193 2320 5265 amplius
2352 5189 2851 5247 condemnentur.
2876 5191 3022 5248 Cum
3067 5200 3263 5247 autem
3286 5192 3528 5265 angelos
3550 5192 3718 5265 judi-

2062 5282 2251 5339 caturi
2274 5281 2481 5348 simus,
2498 5284 2720 5351 quanto
2735 5280 2922 5353 magis
2938 5299 3033 5337 res
3050 5282 3426 5337 mundanas?
3449 5312 3512 5322 -
3529 5282 3717 5335 Aliud.

2066 5374 2121 5428 Si
2147 5370 2391 5444 angelos
2414 5369 2515 5440 qui
2556 5370 2809 5442 prepriaa
2835 5372 3053 5428 mentis
3085 5373 3371 5444 pravitate
3415 5370 3487 5426 ab
3504 5370 3717 5427 ordine

2066 5479 2173 5518 suo
2200 5459 2567 5527 exciderunt,
2594 5459 2644 5513 si
2683 5459 2793 5515 hos
2819 5459 3228 5533 judicabimus
3267 5468 3371 5518 aut
3395 5476 3714 5534 arguemus

2065 5551 2167 5623 qui
2189 5563 2440 5621 corpora
2455 5546 2743 5603 habemus
2767 5565 2781 5603 :
2806 5550 2948 5621 quia
2966 5549 3052 5607 illi
3076 5552 3425 5623 corporibus
3442 5553 3713 5605 carentes
