4118 6410
354 354 468 416 707

1463 349 1882 412 GECUMENII
1932 345 2239 409 TRICCE
2278 347 2664 411 EPIBCOPI.

3655 346 3781 406 708

344 502 515 543 suam
539 501 659 539 non
678 485 993 537 servarunt
1030 480 1243 554 legem,
1282 498 1391 537 nos
1434 488 1635 537 autem
1681 480 1992 537 secundun

2126 500 2243 551 σαν,
2298 481 2465 555 ἡμεῖς
2519 477 2576 534 δὲ
2635 478 2770 535 κατὰ
2826 477 2956 533 τοὺς
3015 474 3267 539 δοθέντας
3330 479 3465 550 ἡμῖν
3524 476 3628 532 ὑπὸ
3678 474 3784 532 τοῦ

350 574 515 631 datas
547 573 715 627 nobis
747 589 781 627 a
814 569 1061 626 Domino
1093 571 1274 643 leges,
1309 569 1465 626 404
1509 569 1708 641 (etiam
1741 568 1861 624 illis
1902 586 2012 624 nos

345 660 806 734 impotentibus)
841 660 1174 715 conversati
1208 676 1412 715 sumus
1440 676 1452 714 :
1481 656 1529 714 si
1578 676 1715 732 ergo
1748 656 1883 713 illos
1915 674 2010 714 ar-

349 769 619 826 guemus,
635 757 694 806 et
716 748 1125 807 inexcusabile
1151 749 1585 805 constituemus
1603 746 1846 804 illorum
1879 766 2011 821 pec-

351 848 572 910 catum,
608 847 831 913 quanto
858 838 1047 913 magis
1077 836 1279 895 idonei
1313 854 1520 894 sumus
1555 836 1653 909 qui
1710 839 2008 894 humanas

354 931 770 988 contentiones
783 929 1174 985 dissolvamus
1196 933 1552 1000 mutuasque
1570 929 1725 982 inter
1744 944 1853 982 nos
1875 943 2010 982 cau-

356 1038 449 1078 sas
467 1039 535 1078 ac
557 1019 892 1091 lites‘?quod
916 1018 1241 1074 sinondum
1268 1014 1361 1073 his
1382 1034 1513 1089 qua:
1536 1016 1692 1073 dicta
1713 1021 1853 1072 sunt
1870 1030 2005 1089 per-

356 1112 716 1181 suademini,
749 1112 853 1167 sed
885 1111 1080 1166 adhuc
1122 1110 1426 1165 existimas
1487 1106 1793 1163 infirmum
1875 1122 2005 1162 esse

352 1200 722 1259 credentium
747 1198 1046 1273 judicium
1079 1212 1146 1254 ac
1179 1198 1505 1254 invalidum
1565 1197 1639 1254 ad
1697 1215 1908 1253 causas
1947 1202 2005 1252 et

349 1289 783 1356 contentiones,
845 1304 977 1359 qum
1038 1288 1195 1341 inter
1251 1302 1351 1342 vos
1402 1290 1560 1353 sunt,
1594 1283 2003 1340 dissolvendas

345 1378 623 1431 Attamen
657 1373 889 1428 etiamsi
922 1374 1080 1428 inter
1108 1386 1208 1427 vos
1239 1372 1465 1427 fuerint
1494 1371 1720 1426 infirmi
1755 1376 1811 1425 et
1858 1384 2001 1425 con-

342 1464 554 1537 tempti
586 1462 816 1531 ﬁdeles,
850 1462 1073 1535 quique
1103 1478 1224 1517 non
1257 1462 1751 1535 possuntjustum
1774 1460 1998 1516 intelli.

344 1552 813 1626 gerejudicium,
830 1551 1048 1608 melius
1065 1554 1262 1607 tamen
1282 1556 1372 1606 est
1397 1548 1506 1605 hos
1523 1550 1998 1623 sederejudices,

344 1643 583 1715 quando
606 1640 771 1697 vobis
788 1654 1033 1696 necesse
1054 1640 1234 1695 fuerit
1258 1638 1560 1695 mundana
1580 1637 1799 1694 habere
1823 1638 1997 1711 judi-

344 1731 455 1801 cia,
475 1745 655 1803 quam
675 1746 774 1784 vos
797 1729 959 1801 ipsos
981 1728 1311 1784 incredulis
1345 1727 1579 1784 tradere
1600 1728 1661 1782 in
1677 1725 1996 1798 judicium.

342 1822 622 1894 Abjectos
653 1825 855 1874 autem
889 1835 996 1874 seu
1025 1823 1400 1889 contemptos
1431 1816 1572 1885 dixi,
1606 1816 1821 1888 inquit,
1853 1833 1999 1872 con—

342 1910 604 1967 fundens
634 1926 736 1964 vos
770 1925 837 1964 ac
868 1906 1255 1979 pudefaciens
1282 1924 1295 1961 :
1331 1907 1613 1978 quoniam
1646 1905 1816 1961 multi
1859 1912 2000 1963 sunt

345 2003 446 2075 qui
467 2005 718 2074 possunt
744 2015 954 2055 causas
974 2005 1032 2053 et
1054 1997 1491 2066 contentiones,
1517 2013 1649 2069 quae
1673 2003 1815 2053 sunt
1843 1997 2000 2053 inter

342 2111 464 2160 vos,
490 2091 834 2147 dissolvere.
859 2089 916 2144 Id
941 2089 1102 2144 enim
1121 2089 1394 2144 maxime:
1418 2087 1789 2143 verecundiae
1826 2094 1884 2143 et
1912 2087 1998 2142 vi-

341 2178 738 2253 tuperationis
761 2183 870 2246 est,
908 2178 1056 2234 sine
1098 2192 1255 2233 unus
1306 2176 1548 2248 quidem
1589 2177 1748 2232 inter
1777 2190 1877 2232 eos
1911 2194 2000 2234 sa-

340 2271 512 2342 piens
528 2268 716 2341 sitqui
739 2269 901 2341 juste
942 2268 1133 2340 possit
1157 2268 1318 2322 inter
1341 2264 1762 2322 dissentientes
1785 2266 1998 2322 fratres

335 2359 632 2432 judicare.
661 2358 863 2414 Varias
885 2364 1083 2413 autem
1104 2357 1275 2429 ponit
1296 2356 1683 2430 probationes
1706 2355 1999 2427 quodnon

344 2454 618 2519 oporteat
643 2446 867 2503 relictis
886 2444 1164 2501 fidelibus
1192 2445 1266 2501 ad
1298 2444 1560 2500 tribunal
1583 2444 1866 2500 accedere
1895 2443 1996 2500 in-

347 2536 752 2592 credulorum.
775 2535 1042 2591 Primum
1067 2533 1310 2606 quidem
1338 2533 1481 2605 quia
1511 2550 1669 2588 nunc
1691 2548 1825 2589 cum
1860 2531 2001 2588 fide-

338 2621 432 2681 les
453 2643 660 2681 sumus
681 2624 1162 2697 nonjudicamus
1182 2623 1338 2691 illos,
1358 2638 1493 2678 cum
1520 2621 1639 2678 sint
1679 2621 1994 2678 increduli.

348 2718 366 2751 ¹
403 2716 553 2780 Quid
586 2716 769 2784 enim,
805 2714 1022 2786 inquit,
1052 2713 1126 2769 ad
1158 2729 1252 2769 me
1284 2713 1497 2769 attinet
1528 2713 1705 2767 etiam
1739 2728 1839 2767 eos
1896 2711 1997 2784 qui

341 2802 487 2860 foris
510 2804 958 2877 suntjudicare.
984 2824 1012 2853 »
1067 2804 1249 2868 Quam
1297 2818 1578 2876 magnum
1614 2816 1749 2875 ergo
1779 2817 1999 2874 oppro-

346 2891 1353 2964 briumestabincredulisjudicari
1402 2890 1644 2947 ﬁdeles!
1679 2890 1945 2946 Secundo
1981 2907 1995 2946 :

346 2982 403 3036 Si
419 2981 507 3037 illi
527 2980 989 3054 quideminjusti
1010 2979 1271 3045 sunt,isti
1290 2996 1427 3035 vero
1442 2978 1817 3052 sancti;quan
1828 2985 1885 3035 ta
1901 2979 1999 3034 de-

343 3070 569 3127 mentia
582 3076 670 3127 est
686 3070 910 3126 relictis
934 3069 1153 3125 sanctis
1171 3085 1410 3124 currere
1431 3068 1505 3124 ad
1532 3067 1995 3141 injustos,idque

332 3179 470 3219 cum
494 3162 731 3236 assequi
757 3160 1425 3233 cupiantquodjustum
1477 3160 1611 3216 est?
1658 3160 1852 3215 Tertio
1889 3176 1902 3214 :
1935 3160 1991 3214 Si

2707 566 2887 624 καίτοι
2975 564 3239 622 κάκείνων
3343 562 3784 638 ἰπηριαζόντων,

2123 656 2616 731 ἐπολιτευσάμεθα.
2696 655 2763 715 Ei‘
2836 652 2928 712 οὖν
3004 650 3243 716 ἐκείνους
3316 651 3625 729 ἔλὲγξομεν,
3688 656 3787 710 καὶ

2124 745 2544 823 ἀναπολόγητον
2649 746 2834 810 αὐτοῖς
2935 742 3384 821 καταστησόμεθα
3466 744 3527 799 τὸ
3602 740 3792 821 ἁμάρ-

2118 857 2292 910 τημα,
2321 835 2477 911 πόσῳ
2520 832 2734 911 μᾶλλόν
2788 832 2947 911 ἐσμεν
3007 830 3183 891 ἱκανοὶ
3240 834 3308 890 τὰ
3365 834 3600 910 βιωτικὰ
3657 830 3787 892 δια-

2120 924 2277 983 λῦσαι
2309 925 2770 1004 φιλονεικήματα,
2801 926 2889 982 καί
2934 926 3033 988 τὰς
3079 926 3216 1000 πρὸς
3275 918 3564 996 ἀλλήλους
3619 918 3780 991 δίκας

2116 1016 2205 1072 καὶ
2238 1012 2420 1092 ἔριδας
2456 1035 2469 1087 ;
2505 1014 2568 1075 El
2627 1010 2675 1072 δ’
2733 1014 2887 1072 οὕπω
2942 1021 3059 1078 τοῖς
3127 1013 3440 1090 εῗρημὲνοις
3499 1013 3779 1072 δυσωπεῖ-

2116 1107 2226 1178 σθε,
2270 1103 2396 1161 ἀλλ’
2463 1100 2540 1161 ἔτι
2597 1104 2849 1178 νομίζετε
2911 1103 2995 1160 δτι
3057 1106 3168 1161 τῶν
3225 1109 3434 1161 πιστῶν
3496 1103 3559 1161 τὸ
3618 1100 3779 1162 δικα-

2115 1197 2337 1273 στήριον
2411 1190 2626 1260 ἀσθενές
2703 1194 2813 1250 ἐστι
2886 1194 2978 1250 καὶ
3053 1192 3318 1250 ἀδύνατον
3397 1190 3473 1257 είς
3548 1196 3610 1250 τὸ
3651 1188 3782 1250 δια-

2112 1282 2263 1341 λύειν
2290 1283 2385 1347 τὰς
2417 1281 2567 1347 δίκας
2626 1284 2756 1358 ὑμῖν
2804 1283 2891 1339 καὶ
2939 1282 3033 1347 τὰς
3078 1282 3433 1359 φιλονεικίας·
3498 1279 3626 1340 ἀλλ’
3674 1278 3775 1340 οὖν

2113 1373 2165 1430 εἷ’
2187 1375 2277 1430 καὶ
2317 1372 2579 1443 ἀσθενεῖς,
2636 1375 2756 1438 καθ’
2823 1373 2964 1447 ὑμᾶς
3022 1370 3111 1429 καὶ
3170 1368 3580 1446 ἐξουθενημένοι
3638 1372 3775 1429 ὦσιν

2110 1465 2162 1519 οἱ
2237 1463 2446 1535 πιστοὶ,
2522 1463 2610 1518 καὶ
2686 1458 2942 1519 ἀδύνατοι
3020 1454 3252 1517 συνιδεῖν
3349 1457 3780 1550 δικαιοκρισίαν,

2108 1551 2330 1628 ἄμεινόν
2374 1554 2484 1609 ἐστι
2515 1555 2746 1615 τούτους
2801 1546 3040 1622 καθίζειν
3093 1548 3372 1622 δικαστὰς,
3423 1548 3553 1608 ὅταν
3601 1546 3778 1629 ἔχητε

2111 1642 2296 1718 χρείαν
2334 1643 2607 1718 βιωτικῶν
2638 1641 2967 1716 κριτηρίων,
3000 1640 3035 1709 ἤ
3066 1644 3183 1701 τοῖς
3243 1637 3494 1703 ἀπίστοις
3546 1641 3780 1705 ἑαυτοὺς

2110 1731 2187 1792 είς
2217 1728 2391 1803 κρίσιν
2425 1725 2720 1785 ἐκδιδόναι.
2770 1724 3266 1801 Ἐξουθενημὲνους
3319 1724 3376 1782 δὲ
3433 1724 3612 1799 εἶπον,
3654 1748 3768 1807 φη-

2109 1818 2214 1889 σὶν,
2249 1812 2518 1894 ἐντρέπων
2555 1818 2696 1891 ὑμᾶς
2726 1815 2818 1872 καὶ
2873 1815 3174 1896 αἰσχύνων,
3216 1813 3330 1873 ἐπεὶ
3377 1813 3590 1873 πολλοί
3631 1813 3775 1874 εἶσιν

2112 1902 2354 1964 διαλύειν
2409 1905 2460 1961 ἐν
2524 1906 2651 1979 ὑμῖν
2708 1903 2862 1969 δίκας
2918 1905 3205 1981 ἷσχύοντες
3250 1905 3341 1961 καὶ
3407 1902 3771 1985 φιλονεικίας.

2112 1998 2295 2066 [Idam
2324 1997 2427 2071 γὰρ
2457 1996 2557 2051 οὐκ
2585 1995 2728 2051 ἔστιν
2760 1995 2993 2071 αἷχύνης
3020 1996 3108 2050 καὶ
3149 1994 3546 2070 καταγνώσεως
3575 2001 3769 2067 τοῦτο,

2109 2086 2155 2141 εἰ
2187 2086 2285 2141 οὐκ
2317 2080 2389 2141 ἔνι
2424 2085 2588 2164 σοφὸς
2618 2082 2670 2139 ἐν
2725 2084 2876 2158 ὑμῖν,
2930 2084 3117 2161 φησὶν,
3169 2080 3293 2138 οὐδὲ
3339 2084 3436 2151 εἷς,
3490 2084 3550 2140 ὃς
3601 2081 3772 2156 δυνή-

2109 2193 2254 2231 σεται
2309 2172 2593 2229 δικαιῶσαι
2652 2172 2752 2229 ἀνᾶ
2812 2172 2971 2247 μέσον
3032 2169 3278 2252 ἀδελφῶν
3341 2170 3770 2247 δικαζομένων;

2109 2264 2412 2341 Διαφόρους
2445 2258 2502 2318 δὲ
2529 2257 2834 2333 ἀποδείξεις
2894 2258 3079 2334 τίθησι
3134 2262 3232 2317 τοῦ
3292 2259 3366 2335 μή
3429 2259 3536 2317 δεῖν
3598 2280 3770 2317 κατα-

2109 2350 2371 2418 λιπόντας
2398 2351 2526 2417 τοὺς
2555 2352 2804 2420 πιστοὺς,
2838 2350 2925 2408 ἐπῖ
2955 2353 3018 2407 τὸ
3074 2358 3181 2407 τῶν
3230 2350 3473 2406 ἀπίστων
3529 2348 3770 2428 βαδίζειν

2107 2446 2411 2520 κριτήριον.
2448 2448 2672 2518 Πρῶτον
2713 2443 2829 2516 μὲν,
2884 2441 2969 2497 δτι
3019 2441 3184 2514 ἡμεῖς
3241 2444 3334 2495 νῦν
3391 2440 3456 2496 οὗ
3514 2440 3775 2517 κρίνομεν

2108 2529 2345 2593 ἐκείνους
2379 2529 2431 2587 οἱ
2461 2532 2646 2589 πιστοὶ
2675 2532 2803 2593 τοὺς
2841 2530 3121 2593 ἀπίστους.
3153 2552 3180 2583 ‹‹
3203 2530 3272 2587 Τί
3303 2529 3406 2607 γάρ
3441 2549 3560 2603 μοι,
3608 2531 3771 2610 φησὶ,

2104 2621 2196 2677 καὶ
2225 2620 2356 2684 τοὺς
2386 2615 2486 2692 ἔξω
2535 2621 2774 2697 κρίνειν;
2809 2645 2836 2674 ››
2896 2623 3021 2683 Πῶς
3083 2616 3146 2674 οὐ
3194 2619 3331 2693 μὲγα
3386 2614 3601 2681 ὄνειδος
3660 2619 3813 2687 ὑπὸ,

2104 2715 2214 2768 τῶν
2244 2712 2485 2770 ἀπίστων
2516 2713 2787 2789 κρίνεσθαί
2843 2711 2971 2777 τοὺς
3029 2710 3300 2780 πιστούςς
3362 2704 3637 2785 Δεῦτερον·
3697 2710 3765 2768 Εἰ

2107 2802 2160 2857 οἱ
2190 2803 2284 2876 μὶν
2316 2800 2520 2873 ἄδικοι,
2552 2804 2603 2858 οἱ
2647 2801 2704 2858 δὲ
2761 2800 2932 2878 ἅγιοι,
2982 2804 3102 2866 πῶς
3160 2799 3259 2855 οὐκ
3315 2793 3458 2854 ἔασιν
3516 2796 3767 2873 ἠλίθιον,

2106 2888 2481 2947 καταλιπόντα
2508 2892 2636 2953 τοὺς
2664 2886 2872 2961 ἁτίους,
2922 2885 3011 2946 ἐπί
3068 2886 3193 2950 τοὺς
3244 2884 3463 2952 ἀδίκους
3516 2887 3760 2964 τρέχειν,

2104 2979 2195 3035 καὶ
2223 2982 2414 3049 ταῦτα,
2444 2984 2631 3056 τυχεῖν
2675 2978 2970 3050 ἐλπίζοντα
3009 2978 3105 3034 τοῦ
3138 2974 3351 3033 δικαίου
3382 2995 3395 3045 ;
3448 2974 3660 3052 Τρίτον.
3693 2977 3759 3034 Εἴ

2106 3070 2158 3124 οἱ
2189 3068 2339 3147 ἃγιοι
2370 3071 2461 3125 τὸν
2493 3069 2700 3144 κόσμον
2733 3067 3015 3144 ἐλέγξουσι
3061 3065 3153 3122 καὶ
3204 3063 3609 3141 ἀναπόδραστον
3660 3066 3763 3122 αὒ-

2104 3165 2223 3220 τοῖς
2253 3160 2351 3228 τὴν
2386 3156 2543 3230 δίκην
2603 3158 3125 3235 παρασκευάσουσιν,
3176 3153 3255 3235 ἐφ’
3307 3154 3392 3218 οῖς
3439 3158 3539 3226 τῆς
3587 3155 3763 3226 αὐτῆς

2124 570 2325 641 Κυρίου
2399 570 2632 642 νόμους,

334 3250 523 3307 sancti
545 3250 837 3307 mundum
854 3255 1105 3323 arguent
1119 3246 1604 3305 acinevitabilem
1628 3264 1833 3305 eorum
1856 3264 1992 3306 cau-

2104 3249 2316 3325 φύσεως
2343 3246 2510 3318 δντες,
2542 3246 2756 3311 καὶτὰς
2804 3246 2997 3322 ἀρετὰς
3041 3246 3394 3322 πράττοντες,
3451 3244 3548 3301 οὐκ
3593 3240 3766 3321 ἔσχον

327 3358 455 3396 sam
473 3340 757 3404 efficient,
786 3358 854 3395 eo
872 3339 1031 3411 quod
1050 3356 1186 3395 cum
1212 3340 1483 3412 ejusdem
1516 3344 1717 3395 essent
1738 3343 1988 3408 naturaé,

328 3436 386 3486 et
400 3432 649 3487 virtutes
668 3435 1082 3504 operarentur,
1104 3444 1224 3486 non
1238 3429 1581 3485 habuerunt
1601 3446 1702 3485 eos
1726 3429 1990 3485 imitato-

324 3537 420 3575 res
444 3537 591 3590 quos
606 3520 933 3592 arguebant
953 3537 966 3573 :
984 3525 1205 3590 quanto
1225 3518 1412 3591 magis
1434 3522 1708 3590 potentes
1729 3524 1868 3573 sunt
1885 3520 1986 3591 qui

327 3608 486 3665 inter
516 3610 664 3666 duos
690 3609 896 3666 arbitri
930 3610 1051 3664 sint
1108 3627 1175 3665 ac
1221 3608 1550 3683 judicent?
1607 3610 1826 3676 Quarto
1863 3627 1875 3664 :
1929 3610 1984 3665 Si

328 3705 602 3772 potentes
633 3718 839 3755 sumus
870 3700 969 3771 qui
1004 3706 1061 3755 et
1091 3696 1353 3774 angelos,
1410 3696 1469 3754 id
1516 3703 1623 3763 est,
1685 3699 1985 3755 daemones

327 3787 712 3862 incorporeos
743 3806 1080 3862 arguamus,
1100 3794 1321 3861 quanto
1336 3788 1523 3861 magis
1551 3786 1689 3845 illos
1712 3789 1811 3862 qui
1833 3789 1882 3861 ej
1893 3807 1986 3844 us-

327 3877 463 3935 dem
495 3880 805 3936 nobiscum
840 3885 1067 3936 natura;
1101 3884 1259 3946 sunt,
1294 3877 1684 3951 ejusdemque
1733 3878 1983 3934 rationis

324 3968 552 4025 vivendi
576 3970 603 4025 ‘?
632 3969 890 4036 Quinto:
923 3969 1114 4025 Etiam
1148 3968 1195 4022 si
1229 3985 1351 4023 non
1381 3974 1625 4040 possent
1672 3967 1981 4023 credentes

324 4056 491 4113 litem
512 4056 977 4127 dissolvere,hoc
994 4063 1196 4112 tamen
1213 4055 1388 4112 modo
1424 4056 1640 4112 melius
1686 4061 1843 4112 esset
1872 4057 1981 4112 sub

325 4146 680 4216 eisjudicari
698 4164 874 4219 quam
892 4145 1386 4201 subinﬁdelibus.
1427 4145 1516 4200 Ad
1549 4144 1763 4213 haec,si
1813 4163 1981 4201 mun-

326 4236 489 4305 dum,
513 4234 1100 4309 inquit,judicamus,
1121 4250 1318 4290 annon
1356 4232 1667 4308 indignum
1692 4239 1783 4291 est
1810 4240 1877 4291 ut
1907 4236 1979 4292 ab

324 4323 1020 4397 incredulisjudicemini
1035 4324 1062 4378 ‘?
1081 4324 1223 4379 Nam
1248 4322 1359 4377 hoc
1392 4323 1688 4395 signiﬁcat
1703 4341 1837 4379 eum
1859 4324 1976 4383 ait:

326 4436 353 4463 ι(
387 4415 457 4467 Et
478 4412 525 4467 si
553 4430 659 4484 per
678 4411 1097 4485 vosjudicatur
1116 4411 1395 4480 mundus,
1430 4411 1656 4484 indigni
1701 4412 1843 4469 estis
1874 4414 1981 4470 ab—

315 4502 669 4574 jectissimis
691 4501 960 4575 judiciis.
993 4524 1020 4552 »
1055 4500 1161 4557 Ubi
1194 4507 1392 4557 autem
1428 4506 1511 4556 tot
1533 4502 1796 4558 rationes
1818 4503 1978 4559 addi-

2105 3342 2482 3416 μιμουμένους
2511 3342 2638 3405 τοὺς
2698 3338 3130 3421 ἐλεγχομένους,
3178 3338 3335 3412 πόσῳ
3393 3333 3604 3412 μᾶλλόν
3655 3338 3760 3393 είσι

2101 3427 2464 3507 δυνατώτεροι
2521 3428 2823 3506 ἀναμεταξὺ
2885 3425 2980 3485 δύο
3037 3424 3274 3498 δικάζειν
3364 3427 3456 3481 καὶ
3507 3425 3754 3500 κρίνεινς

2097 3520 2388 3598 Τέταρτον·
2453 3520 2517 3579 Ei
2576 3515 2840 3597 ἀγγέλους
2897 3518 3026 3583 τοὺς
3108 3515 3430 3592 ἀσωμάτους
3488 3508 3752 3587 δαίμονας

2097 3606 2348 3686 ἐλέγχειν
2380 3609 2539 3684 ἐσμὲν
2579 3605 2818 3682 δυνατοὶ,
2851 3609 3006 3682 πόσῳ
3056 3607 3269 3682 μᾶλλον
3311 3604 3436 3667 τοὺς
3487 3600 3753 3682 ὁμοφυεῖς

2094 3699 2184 3756 καί
2216 3699 2575 3774 ὁμοδιαίτους
2606 3721 2619 3772 ;
2663 3701 2937 3775 Πέμπτον
2971 3698 3036 3757 Εἰ
3077 3696 3165 3754 καὶ
3202 3699 3278 3771 μή
3313 3694 3505 3776 ’ἴσχυον
3556 3696 3608 3749 οἱ
3655 3710 3749 3749 πι-

2096 3790 2213 3845 στοὶ
2246 3789 2502 3862 δικάζειν,
2551 3792 2768 3865 ἄμεινον
2823 3790 2890 3860 ἦν
2939 3787 3029 3845 καὶ
3077 3787 3277 3855 οίῖτως,
3331 3785 3420 3841 ἐπὶ
3476 3785 3653 3841 αὐτῶν
3710 3783 3747 3854 ἢ

2093 3878 2332 3936 ἐπὶτῶν
2399 3878 2639 3936 ἀπίστων
2693 3879 2989 3955 κρίνεσθαι.
3051 3874 3155 3935 Καὶ
3210 3875 3349 3952 πρὸς
3401 3875 3639 3940 τούτοις,
3699 3867 3749 3928 εἶ

2089 3969 2183 4023 τὸν
2214 3970 2421 4042 κόσμον
2473 3967 2754 4042 κρίνομεν,
2807 3966 2963 4048 φησὶ,
3018 3971 3136 4029 πῶς
3186 3964 3283 4021 οὐκ
3339 3958 3486 4020 ἔστιν
3536 3960 3751 4048 ἀνάξιον

2094 4057 2246 4127 ὑμῶν
2274 4057 2685 4133 κρίνεσθαιὺπό
2727 4045 2839 4113 τῶν
2888 4056 3172 4127 ἀπίστωνς
3219 4054 3381 4110 τοῦτο
3430 4048 3533 4128 γὰρ
3581 4045 3756 4122 δηλοῖ

2091 4142 2180 4201 διὰ
2208 4149 2307 4203 τοῦ
2335 4146 2527 4203 εἷ’πεῒν·
2565 4172 2592 4200 ‹‹
2640 4146 2742 4205 Καὶ
2784 4147 2830 4202 εί
2882 4144 2936 4202 ἕν
3001 4147 3129 4219 ὑμῖν
3189 4142 3428 4221 κρίνεται
3461 4141 3489 4195 δ
3520 4139 3756 4213 κόσμος,

2090 4234 2296 4307 ἀνάξιοί
2326 4232 2444 4292 ἔστε
2491 4236 2790 4313 κριτηρίων
2842 4232 3176 4313 ἐλαχίστων.
3211 4258 3239 4286 n
3272 4230 3535 4309 Παραθεῖς
3567 4227 3625 4286 δὲ
3652 4229 3757 4292 τὰς

2087 4324 2352 4387 τοσαύτας
2416 4323 2743 4399 ἀποδείξεις,
2801 4325 2883 4381 ὅτι
2936 4322 2998 4381 οὗ
3041 4323 3129 4380 δεῖ
3173 4321 3447 4400 κρίνεσοαι
3478 4316 3565 4375 ἐπὶ
3623 4318 3757 4374 ἆπίο

2090 4435 2253 4485 στων,
2287 4410 2375 4469 ἐπὶ
2412 4414 2468 4471 τὸ
2498 4414 2835 4490 τελειότερον
2869 4410 3053 4491 ἀνάγει
3079 4412 3170 4468 τὸν
3229 4410 3415 4488 λόγον,
3457 4409 3549 4464 καὶ
3592 4428 3754 4481 φησι,

2089 4502 2160 4560 Τί
2183 4501 2328 4578 λέγω
2350 4504 2434 4558 ὅτι
2468 4503 2530 4558 οὗ
2565 4500 2650 4558 δεῖ
2677 4503 2953 4579 κρίνεσθαι
2986 4500 3128 4575 ὀμᾶς
3151 4498 3238 4555 ἐπὶ
3272 4498 3512 4556 ἀπίστων
3540 4515 3554 4567 ;
3587 4495 3750 4570 ἅμεια

322 4591 408 4647 dit
438 4592 758 4665 probantes
788 4610 907 4648 non
941 4597 1214 4665 Oportere
1250 4588 1322 4647 ab
1356 4590 1683 4647 incredulis
1693 4592 1979 4663 judicari,

2102 4614 2181 4648 ιον
2212 4592 2303 4663 ἧν,
2339 4590 2481 4668 μὴδὶ
2512 4592 2599 4648 ἐπὶ
2630 4596 2854 4662 πιστῶν,
2893 4589 3040 4648 ἀλλά
3070 4584 3271 4661 πολλῷ
3311 4584 3555 4662 ἄμεινον,
3612 4580 3758 4661 μηδὲ

320 4683 394 4738 ad
419 4683 476 4739 id
499 4683 658 4756 quod
679 4682 999 4756 perfectius
1023 4686 1113 4738 est
1147 4699 1487 4737 sermonem
1536 4680 1793 4751 reducit,
1828 4684 1982 4741 465

321 4779 378 4829 et
408 4774 524 4829 ait:
558 4772 709 4839 Quid
740 4772 871 4829 dico
903 4790 1025 4828 non
1056 4774 1330 4843 oportere
1364 4788 1462 4825 vos
1493 4771 1593 4825 .ab
1655 4770 1984 4829 incredulis

315 4861 576 4932 judicari
602 4864 631 4917 ‘?
660 4863 876 4917 melius
904 4864 1061 4917 esset
1090 4877 1164 4915 ne
1197 4877 1229 4914 a
1279 4859 1662 4915 credentibus
1715 4860 1981 4934 quidem,

323 4949 426 5005 sed
444 4951 632 5006 multo
655 4950 871 5006 melius
891 4950 1090 5005 nullas
1109 4950 1265 5003 inter
1277 4966 1377 5003 vos
1394 4947 1616 5004 habere
1653 4946 1807 5004 lites.
1836 4950 1980 5006 Nam

324 5038 587 5109 idipsum
610 5045 816 5095 mutuo
832 5056 1113 5095 accusare
1137 5056 1205 5093 ac
1228 5035 1501 5109 querelas
1521 5036 1765 5107 habere,
1788 5038 1858 5094 de
1860 5038 1983 5110 jec-

322 5126 403 5182 tio
426 5127 605 5183 vestri
623 5133 731 5182 est.
758 5127 1056 5200 Optimum
1082 5128 1281 5199 itaque
1305 5131 1461 5182 esset
1507 5130 1573 5183 ut
1616 5144 1792 5182 nemo
1824 5128 1981 5201 inju-

317 5214 468 5271 riam
499 5216 809 5288 irrogaret,
836 5221 937 5272 aut
968 5217 1151 5272 etiam
1180 5215 1405 5289 injuria
1455 5214 1795 5271 afﬁceretur
1830 5234 1843 5271 :
1894 5218 1977 5274 ita

318 5303 478 5358 enim
509 5305 845 5360 communis
877 5309 1034 5359 esset
1062 5305 1331 5360 omnium
1356 5302 1544 5360 virtus
1574 5321 1641 5360 ac
1676 5305 1861 5362 salus.
1907 5308 1969 5364 Si

318 5410 453 5448 vero
485 5411 727 5451 necesse
761 5399 848 5449 est
877 5400 944 5449 ut
972 5393 1226 5450 alterum
1250 5392 1515 5461 accedat,
1536 5393 1860 5468 eligibilius
1885 5402 1976 5454 est

2096 4680 2251 4745 δίκας
2282 4676 2429 4758 ἔχειν
2492 4682 2631 4760 πρὸς
2672 4680 2984 4754 ἀλλήλους.
3029 4676 3173 4738 Αὐτὸ
3221 4678 3322 4754 γάρ
3369 4674 3433 4733 τὸ
3480 4676 3756 4733 αἰτιᾶσθαι

2094 4767 2244 4832 ὅλως
2276 4766 2588 4842 ἀλλήλους,
2622 4773 2849 4845 ἥττημα
2881 4768 3033 4846 ὗμῶν
3069 4769 3511 4843 ἔστιν”Αρῑο-τκον
3535 4765 3628 4841 μὲν
3657 4760 3754 4820 οὖν

2095 4857 2303 4933 μηδένα
2364 4863 2506 4935 μήτε
2562 4858 2769 4917 ἀδικεῖν
2830 4864 2971 4936 μήτε
3022 4859 3346 4916 ἀδικεῖσθαι.
3406 4856 3596 4919 Οὕτως
3651 4856 3756 4930 γὰρ

2090 4950 2247 5020 κοινὴ
2279 4949 2495 5007 πάντων
2529 4949 2597 5021 ἧν
2629 4954 2665 5023 ἡ
2697 4949 2863 5028 ἀρετή
2895 4951 2987 5008 καῖ
3018 4952 3052 5021 ἡ
3086 4949 3352 5025 σωτηρία.
3390 4943 3459 5007 Εἰ
3491 4944 3548 5001 δὲ
3606 4940 3752 4999 δωεῖν

2088 5038 2294 5114 ἀνάγκη
2325 5041 2549 5114 θάτερον
2608 5041 2965 5117 αἱρετώτερον
3019 5045 3117 5096 τοῦ
3163 5036 3369 5095 ἀδικεῖν
3426 5038 3506 5108 τῷ
3548 5029 3755 5087 ἀδικεῖ-

2090 5128 2230 5187 σθαι.
2262 5127 2332 5185 Τὸ
2368 5130 2463 5205 μὲν
2496 5128 2600 5208 γᾶρ
2633 5127 2893 5186 ἐκϐάλλει
2925 5136 3027 5202 τῆς
3061 5124 3367 5204 βασιλείας,
3399 5128 3463 5180 τὸ
3494 5117 3553 5177 δὲ
3607 5141 3750 5193 προ-

2088 5217 2225 5289 ξενεῖ
2254 5218 2448 5290 αὐτήν.
2483 5218 2549 5276 Εἰ
2581 5217 2637 5275 δὲ
2671 5218 2734 5275 οὗ
2768 5218 2937 5295 μόνον
2995 5217 3105 5295 οὐχ
3134 5214 3370 5294 αἱρεῖσθε
3423 5208 3750 5278 ἀδικεῖσθαι,

2084 5303 2232 5361 ἀλλὰ
2280 5307 2368 5363 καὶ
2429 5305 2690 5382 ἀδικεῖτε,
2742 5310 2833 5364 καὶ
2889 5309 3016 5365 τότε
3069 5305 3341 5388 ἀδελφοὺς
3387 5324 3476 5379 καὶ
3508 5297 3749 5375 Δὀμοπῖ-

2084 5415 2264 5468 σοους,
2300 5396 2375 5459 εἷς
2407 5398 2523 5454 οἷον
2555 5397 2682 5471 ὑμῖν
2714 5399 2781 5453 τὰ
2810 5404 2909 5470 τῆς
2938 5397 3211 5474 τιμωρίας
3244 5397 3534 5473 χωρήσει;

321 5482 605 5555 iujuriam
637 5485 757 5557 pati
790 5501 968 5556 quam
1000 5483 1166 5540 illam
1197 5485 1481 5556 irrogare.
1519 5482 1827 5556 Siquidem
1860 5487 1971 5544 hoc
1998 5505 2027 5545 e
2059 5504 2245 5563 regno
2274 5489 2460 5561 ejicit,
2494 5488 2644 5546 illud
2675 5497 2875 5547 autem
2908 5490 3108 5564 ipsum
3165 5486 3466 5544 conciliat.
3529 5478 3751 5546 Quodsi

322 5590 441 5629 non
471 5574 650 5631 modo
682 5592 803 5631 non
834 5573 1049 5647 eligitis
1082 5572 1360 5647 injuriam
1397 5572 1690 5646 accipere,
1720 5574 1823 5631 sed
1857 5582 1915 5633 et
1944 5578 2114 5635 illam
2144 5578 2440 5652 irrogatis,
2476 5578 2654 5650 idque
2686 5580 2968 5635 adversus
3001 5580 3213 5634 fratres
3245 5582 3304 5632 et
3333 5576 3436 5647 qui
3481 5571 3749 5637 eiusdem

321 5670 462 5721 sunt
490 5664 652 5734 ﬁdei,
683 5670 972 5736 quantum
1001 5665 1167 5719 vobis
1198 5664 1257 5717 id
1289 5663 1363 5719 ad
1390 5680 1595 5736 pmnas
1626 5665 1801 5722 cedet
1833 5667 2111 5739 supplicii
2141 5669 2152 5723 Ξ
