4118 6382
305 345 436 410 709

1309 344 1711 408 COMMENT.
1759 343 1838 406 IN
1882 342 2131 407 EPIST.
2177 346 2203 407 Ι
2246 345 2351 406 AD
2394 346 2758 409 C(IilNTH.

3620 353 3740 417 ’110

390 476 635 536 manu
698 478 794 551 μὶν
850 475 943 532 οὖν
999 477 1257 552 κριτήρια
1312 474 1402 532 ἰὰν
1456 474 1650 552 ἓχητε,
1707 494 1834 539 τους
1892 475 1974 547 ἐξ-

2163 476 2256 547 γι,
2290 480 2400 537 4-6.
2434 500 2462 530 α
2496 480 2792 537 Mundana
2819 481 2998 553 igitur
3042 482 3092 538 si
3140 483 3468 541 habueritis
3489 484 3740 557 judicia,

306 565 721 639 ουθενημίνους
823 564 877 621 ἰν
976 568 1048 640 τῇ
1161 564 1466 639 Ἐκκλησίᾳ
1536 564 1766 628 τούτους
1840 577 1974 630 καθ-

308 657 478 727 ίζετε.
538 656 681 733 Πρὸς
740 652 1009 732 ἰντροπήν
1071 657 1226 730 ὑμῶν
1293 654 1464 732 λέγω.
1526 656 1717 718 Οὕτως
1771 655 1871 711 οὐκ
1899 651 1972 710 ἔνι

304 745 366 802 ἰν
434 747 562 819 ὑμῖν
623 744 790 822 σοφὸς
848 742 976 800 οὐδὲ
1033 743 1137 812 εἷς,
1221 743 1280 807 ὂς
1341 742 1633 815 δυνήσεται
1700 742 1972 818 διακριναι

302 835 583 910 ἄναμέσον
656 839 754 890 τοῦ
828 830 1070 907 ἀδελφοῦ
1159 835 1388 904 αὐτοῦς
1493 834 1639 890 ἀλλὰ
1738 832 1973 909 ἀδελφὸς

308 929 459 1003 μετὰ
486 925 726 1003 ἀδελφοῦ
755 925 1013 1002 κρίνεται,
1044 927 1136 982 καὶ
1165 931 1327 981 τοῦτο
1358 922 1445 981 ἐπὶ
1478 923 1739 983 ἀπίστων.

387 1020 546 1091 [ΤΟΥ
582 1017 850 1089 ArTOr.]
883 1014 1170 1073 Τουτὶστιν
1204 1015 1294 1071 ἰὰν
1348 1016 1524 1071 αὐτῶν
1558 1016 1750 1095 χρείαν
1783 1010 1974 1090 ἔχητε,

304 1105 406 1162 ἐὰν
462 1104 664 1182 ἀνάγκη
725 1102 865 1161 εἶναι
923 1105 1057 1161 αὐτὰ
1106 1105 1160 1162 tv
1221 1107 1371 1179 ὑμῖν,
1430 1104 1517 1161 ἐὰν
1570 1105 1663 1181 δὲῃ
1712 1111 1975 1174 συστῆναι

306 1197 475 1252 αὐτὰ.
508 1195 606 1250 Καὶ
663 1196 697 1264 ἡ
760 1194 857 1268 μὶν
916 1194 1223 1274 πρόχειρος
1278 1193 1453 1250 ἔννοιά
1501 1214 1561 1250 τε
1616 1195 1705 1249 καὶ
1734 1194 1977 1263 σύνταξις

305 1287 482 1359 αὕτη,
522 1282 602 1342 ἔνι
658 1283 717 1342 Si
770 1286 862 1343 ml
924 1287 1220 1362 βαθύτερον
1276 1284 1377 1358 τήν
1434 1307 1492 1343 τε
1550 1284 1693 1357 λέξιν
1730 1282 1977 1341 διελόντα

308 1374 574 1447 συνιδεῖν,
603 1377 694 1432 καὶ
742 1378 805 1432 τὸ
850 1377 1035 1448 νόημα
1095 1377 1408 1445 ἀναπτύξαι.
1461 1400 1488 1428 ‹‹
1520 1374 1663 1435 Τοὺς
1693 1373 1975 1448 ἐξουθενη-

312 1467 518 1541 μένους
550 1465 603 1521 ἐν
652 1468 723 1540 τῇ
773 1464 1095 1537 Ἐκκλησία.
1136 1488 1157 1517 ι
1218 1467 1316 1523 Ἐκ
1349 1463 1661 1539 περιουσίας
1698 1467 1841 1537 ἡμᾶς
1868 1468 1974 1519 τῶν

306 1556 509 1631 ἔξωθεν
540 1553 908 1630 δικαστηρίων
965 1556 1271 1625 ἀποστῆσαι
1333 1550 1615 1632 βούλεται,
1652 1555 1743 1609 καὶ
1792 1575 1976 1634 φησιν,

310 1649 478 1721 ’Βχει
529 1662 612 1706 τις
669 1645 891 1706 πάντως
949 1644 1123 1700 sine?!
1184 1643 1269 1699 ὅτι
1326 1644 1428 1699 οὐκ
1483 1642 1556 1699 ἔνι
1618 1644 1783 1719 σοφός
1813 1664 1897 1707 τις
1928 1644 1980 1700 ἒν

308 1738 386 1809 τῇ
448 1732 749 1806 Ἐκκλησία
805 1735 837 1789 ὁ
895 1732 1165 1809 διακρῖναι
1222 1730 1562 1806 δυνάμενος;
1622 1734 1669 1787 εἰ
1725 1729 1830 1809 γὰρ
1888 1746 1980 1804 καὶ

306 1826 456 1882 κατὰ
481 1824 572 1881 τὸν
606 1822 759 1900 ὑμῶν
793 1822 962 1900 λόγον
990 1825 1094 1879 οὐκ
1144 1819 1221 1879 ἔνι
1280 1824 1467 1900 σοφὸς,
1500 1824 1628 1885 τοὺς
1660 1822 1971 1897 ἰξουθενουο

314 1916 513 1990 μένους
549 1908 762 1989 μᾶλλον
793 1919 894 1983 τῆς
945 1911 1277 1984 Ἐκκλησίας
1323 1911 1451 1984 ﬁte:
1494 1913 1623 1977 τοὺς
1666 1909 1972 1969 εὑτελεστέυ

312 2028 470 2082 ρους,
501 2003 756 2069 δικαστὰς
813 2003 1079 2075 καθίζετε,
1137 2002 1312 2080 ἤγουν
1367 2005 1621 2081 κριτᾶςῆ
1662 2006 1789 2068 τοὺς
1849 2005 1980 2059 ἀπί-

308 2112 498 2156 στους.
534 2121 561 2148 ι(
596 2092 737 2171 Ηρὸς
768 2094 1034 2169 ἐντροπὴν
1064 2095 1218 2168 ὑμῶν
1250 2093 1421 2170 λέγω.
1457 2119 1487 2147 »
1523 2096 1667 2168 Ηρὸς
1707 2096 1770 2149 τὸ
1803 2094 1981 2171 ἐντρέ-

308 2188 436 2259 ψαι,
467 2182 650 2261 φησὶν,
686 2184 851 2257 ὑμᾶς,
882 2182 973 2237 καὶ
1006 2180 1069 2238 ἐκ
1096 2183 1410 2257 περιουσίας
1458 2181 1669 2238 ἀνελεῖν
1700 2182 1854 2256 ὑμῶν
1882 2184 1977 2246 τὰς

307 2275 635 2350 προφάσεις,
691 2275 844 2328 εἷπον
878 2270 987 2327 δεῖν
1043 2273 1176 2335 τοὺς
1232 2270 1693 2345 ἐξουθενημένους
1724 2272 1981 2362 καθίζειν,

305 2361 429 2418 ἐπεὶ
481 2359 584 2437 ἄρα
636 2360 899 2431 τοσαύτη,
957 2361 1118 2435 φησὶ,
1179 2364 1373 2422 σπάνις
1433 2364 1614 2437 σοφῶν
1663 2364 1791 2435 παρ’
1824 2359 1976 2434 tam

308 2453 389 2513 ὡς
444 2450 573 2514 τοὺς
635 2450 1094 2524 ἐξουθενημένους
1154 2449 1558 2523 ἀναγκασθῆναι
1608 2450 1825 2514 καθίσαι
1857 2469 1981 2524 κρι-

307 2541 432 2603 τᾶς,
466 2564 495 2592 κ
529 2540 821 2613 Ἀναμέσον
874 2543 972 2595 τοῦ
1030 2536 1273 2617 ἀδελφοῦ
1304 2538 1494 2597 αὐτοῦ.
1530 2562 1558 2591 ››
1590 2540 1706 2597 Τοῦ
1737 2536 1980 2617 ἀδελφοῦ

310 2631 641 2705 προσιθηκε,
700 2632 864 2685 τοῦτο
915 2627 1222 2702 σημαίνων,
1280 2627 1389 2696 ὅτι,
1446 2629 1635 2707 φησὶν,
1670 2627 1723 2683 ὲν
1766 2627 1813 2701 ᾦ
1842 2629 1978 2705 πρὸς

312 2718 553 2799 ἀδελφόν
582 2717 724 2775 ἐστιν
757 2720 792 2789 ἡ
825 2715 973 2789 δίκη,
1035 2715 1160 2773 οὐδὲ
1212 2716 1436 2788 πολλῆς
1491 2717 1651 2794 χρεία
1695 2724 1776 2792 τῷ
1820 2736 1976 2792 μεσι-

308 2809 525 2866 τεύοντι
581 2806 866 2870 ποικιλίας
924 2807 1017 2863 καὶ
1071 2805 1353 2879 εἰδήσεως,
1382 2811 1484 2873 τῆς
1523 2804 1828 2886 animi;
1855 2806 1978 2864 δια-

310 2902 514 2965 θέσεως
569 2896 762 2954 πολλὰ
819 2897 1279 2973 συμπραττούσης
1337 2899 1474 2973 πρὸς
1530 2900 1631 2969 τήν
1684 2897 1840 2954 λύσιν
1877 2906 1978 2969 τῆς

309 2988 674 3068 φιλονεικίας.
709 3011 740 3039 ‹‹
769 2984 1038 3063 ’Δδιλφὸς
1096 2987 1231 3063 μετὰ
1283 2985 1544 3067 ἀδελφοῦ.
1586 3012 1606 3037 ι
1643 2986 1885 3043 Διπλοῦν
1911 2989 1978 3042 τὸ

305 3078 498 3137 κακόν.
535 3076 599 3136 Et
650 3078 758 3156 γὰρ
815 3077 906 3133 καὶ
960 3076 1090 3133 αὐτὸ
1146 3077 1211 3132 τὸ
1268 3074 1545 3152 κρίνεσθαι
1573 3073 1810 3156 ἀδελφὸν
1836 3076 1975 3151 πρὸς

305 3168 548 3249 ἀδελφὸν
604 3169 789 3239 κακὸν,
850 3168 1005 3241 πόσῳ
1067 3166 1282 3242 μᾶλλον
1346 3168 1392 3221 εἰ
1447 3166 1538 3222 καὶ
1589 3167 1677 3222 ἐπὶ
1726 3167 1969 3222 ἀπίστων

304 3260 557 3334 κρίνεσθε
580 3272 596 3327 ;

374 3345 521 3418 Ἤδη
558 3347 653 3422 μὲν
689 3344 785 3401 οὖν
842 3343 993 3406 ὅλως
1042 3343 1270 3417 ἥττημα
1329 3343 1456 3416 ὑμῖν
1514 3338 1681 3412 ἔστιν,
1734 3341 1818 3398 ὅτι
1846 3343 1973 3420 κρί-

313 3456 457 3513 ματα
488 3432 648 3514 ἔχετε
709 3435 829 3509 μεθ’
884 3436 1114 3490 ἑαυτῶν.
1179 3432 1333 3491 Διατί
1400 3433 1534 3508 οὐχὶ
1597 3432 1812 3507 μᾶλλον
1852 3431 1976 3490 d8:-

309 3530 529 3595 κεῖσθε;
600 3523 754 3583 Διατί
835 3523 964 3599 οὐχὶ
1056 3518 1273 3597 μᾶλλον
1338 3523 1758 3600 ἀποστερεῖσθες
1828 3522 1974 3579 ἀλλὰ

320 3619 476 3688 ὑμεῖς
532 3614 793 3685 ἀδικεῖτε,
852 3612 945 3668 καὶ
1002 3613 1375 3687 ἀποστερεῖτε,
1433 3610 1526 3667 καὶ
1585 3616 1751 3668 causa
1808 3609 1973 3667 ἀδελ-

327 3722 485 3764 φουξο

342 3762 353 3779 .
399 3762 544 3847 Μετὰ
570 3792 687 3854 τοὺς
721 3790 978 3855 δικαστὰς
1033 3791 1285 3865 ἀμεῖψαι,
1343 3790 1541 3846 λοιπὸν
1601 3789 1690 3844 καὶ
1740 3789 1872 3846 αὐτὸ
1909 3791 1972 3846 τὸ

319 3879 468 3941 ὅλως
523 3882 792 3956 κρίνεσθαι
851 3874 1183 3949 διαϐάλλεις
1242 3881 1468 3951 ἥττημα
1527 3877 1707 3933 καλῶν
1734 3880 1798 3934 τὸ
1830 3884 1970 3950 πρᾶ-

312 3990 449 4047 γμα,
473 3970 568 4026 καὶ
600 3967 846 4034 δικαίως.
880 3970 1135 4026 Ἦττᾶται
1182 3969 1287 4046 γὰρ
1344 3969 1414 4039 τῇ
1445 3967 1609 4044 ὀργῇ,
1668 3966 1697 4022 ὁ
1746 3966 1969 4038 ἐπεξιὼν

309 4061 391 4133 τῷ
449 4057 763 4133 ἠδικηκότι.
825 4061 914 4122 Ἐν
973 4063 1055 4132 τῷ
1126 4053 1278 4137 ἔχειν
1333 4059 1431 4121 τὰς
1498 4056 1725 4133 κρίσεις,
1782 4058 1971 4135 φησὶν,

307 4151 545 4220 ἡττᾶσθε
599 4155 683 4223 τῷ
740 4148 899 4205 πάθει
959 4155 1059 4218 τῆς
1118 4148 1289 4224 ὀργῆς
1345 4147 1436 4203 καὶ
1482 4149 1582 4216 τῆς
1609 4146 1970 4225 φιλονεικίας,

310 4238 530 4316 ἔχοντες
586 4240 686 4304 τὰς
736 4238 940 4314 κρίσεις
1000 4237 1083 4293 ἐπ’
1137 4237 1488 4317 ἀμφοτέρων.
1556 4257 1578 4289 ι
1629 4237 1780 4293 Διατί
1841 4236 1972 4317 οὐχὶ

313 4327 531 4403 μᾶλλον
562 4326 870 4397 timuistis;
900 4351 930 4381 »
995 4325 1367 4383 Πολλαπλοῦν
1397 4326 1460 4381 τὸ
1502 4319 1777 4401 ἔγκλημα,
1812 4330 1971 4401 11,96)-

306 4439 403 4474 τον
429 4421 495 4474 τὸ
526 4421 605 4492 μή
633 4418 811 4499 φέρειν
845 4413 1224 4492 ἀδικούμενον.
1260 4417 1518 4493 Δεύτερον
1563 4417 1627 4471 τὸ
1655 4418 1819 4473 αὐτὸν
1851 4414 1975 4472 ἄδι-

305 4513 445 4563 κεῖν’
475 4509 662 4584 τρίτον
710 4508 795 4577 τὸ,
847 4508 937 4563 καὶ
990 4503 1225 4585 ἀδελφὸν
1273 4505 1502 4562 ἀδικσιν.
1539 4536 1606 4550 --
1639 4507 1973 4580 [ΟΙΚΟΥΜ.]

2088 589 2115 622 α
2142 569 2243 639 qui
2265 570 2592 642 contempti
2614 575 2754 625 sunt
2783 572 2847 625 in
2881 572 3139 628 Ecclesia
3159 590 3260 630 eos
3282 574 3743 633 constituite.Ad

2082 681 2111 709 α
2139 658 2615 715 erubescentiam
2646 665 2901 716 vestram
2929 661 3083 718 dico.
3107 662 3268 718 Adeo
3298 679 3419 718 non
3451 671 3542 719 est
3584 664 3748 721 inter

2085 766 2111 801 α
2138 765 2236 803 vos
2259 765 2335 803 ne
2356 764 2513 804 unus
2535 750 2779 820 quidem
2805 750 3043 822 sapiens
3076 752 3177 822 qui
3199 752 3387 823 possit
3413 752 3742 824 dijudicare

2085 837 2295 892 «inter
2320 836 2533 894 fratres
2562 839 2745 895 suos?
2773 839 2879 896 sed
2920 839 3101 895 frater
3129 856 3266 896 cum
3306 840 3484 897 fratre
3508 842 3739 913 judicio

2089 946 2111 976 ι
2138 926 2467 993 contendit,
2496 927 2674 998 idque
2701 928 2810 984 sub
2832 928 3198 984 infidelibus.
3235 947 3262 980 η

2156 1016 2276 1071 Ηοο
2306 1017 2354 1069 si
2384 1016 2651 1087 ipsorum
2701 1018 3119 1074 necessitatem
3165 1017 3515 1087 habueritis,
3549 1020 3596 1076 si
3639 1037 3741 1075 ne-

2084 1119 2251 1159 cesse
2284 1105 2361 1159 sit
2417 1110 2481 1160 ut
2538 1122 2608 1161 ea
2667 1106 2787 1161 sint
2842 1106 3000 1162 inter
3054 1124 3178 1172 vos,
3210 1107 3260 1163 si
3292 1125 3441 1179 opus
3471 1109 3650 1165 fuerit
3678 1128 3749 1165 ea

2083 1196 2466 1252 constituere.
2491 1197 2560 1252 Et
2579 1197 2707 1252 haec
2728 1197 2973 1267 quidem
2996 1197 3398 1270 intelligentia
3420 1215 3487 1253 ac
3514 1198 3751 1253 ordina-

2086 1285 2168 1341 tio
2198 1285 2391 1341 facilis
2422 1291 2530 1342 est.
2563 1288 2766 1342 Potest
2798 1293 2997 1343 autem
3029 1291 3089 1341 et
3116 1286 3472 1358 profundius
3504 1287 3750 1343 distinc-

2086 1375 2160 1429 tis
2209 1376 2572 1431 dictionibus
2616 1377 2870 1449 intelligi
2917 1392 3248 1448 sensusque
3306 1378 3545 1449 aperiri.
3573 1400 3602 1428 (ι
3638 1378 3747 1443 Qui

2086 1465 2413 1537 contempti
2441 1471 2584 1521 sunt
2612 1466 2676 1520 in
2733 1465 3018 1522 Ecclesia.
3052 1490 3081 1516 ιι
3141 1468 3222 1521 Ex
3263 1466 3591 1524 abundanti
3621 1466 3752 1521 vult

2089 1568 2199 1611 nos
2229 1555 2302 1611 ab
2334 1557 2593 1611 externis
2619 1556 2925 1613 discedere
2949 1556 3219 1629 judiciis,
3265 1562 3323 1612 et
3370 1558 3487 1614 ait:
3548 1559 3751 1613 Potest

2088 1646 2385 1717 quispiam
2417 1646 2665 1701 omnino
2723 1646 2920 1702 dicere
2979 1645 3142 1717 quod
3191 1662 3312 1702 non
3343 1647 3421 1702 sit
3449 1646 3747 1718 quispiam

2089 1735 2329 1806 sapiens
2356 1735 2417 1789 in
2448 1735 2713 1790 Ecclesia
2752 1735 2872 1791 sive
2923 1736 3380 1808 congregatione
3429 1736 3531 1806 qui
3563 1738 3751 1808 possit

2091 1823 2418 1895 dijudicare
2438 1824 2466 1879 ‘2
2496 1824 2737 1880 Etiamsi
2762 1824 2938 1896 juxta
2961 1830 3224 1881 vestrum
3257 1842 3594 1881 sermonem
3626 1842 3748 1883 non

2090 1915 2170 1969 sit
2188 1915 2567 1985 sapiens,eos
2589 1916 2786 1986 potius
2818 1916 2920 1986 qui
2949 1917 3277 1987 contempti
3312 1915 3433 1971 sint
3462 1917 3524 1971 in
3546 1916 3746 1972 Eccle-

2090 2003 2264 2072 sia,id
2295 2010 2402 2071 est,
2424 2004 2782 2075 abjectiores
2811 2005 3157 2061 constituite
3188 2005 3386 2061 litium
3417 2005 3747 2077 dirempto-

2085 2108 2183 2148 res
2215 2093 2334 2148 sive
2357 2092 2594 2164 judices
2624 2110 2805 2163 quam
2862 2093 3156 2150 inﬁdeles.
3203 2115 3231 2143 «
3267 2093 3355 2149 Ad
3385 2094 3763 2154 erubescen-

2087 2182 2231 2237 tiam
2258 2187 2516 2237 vestram
2545 2181 2699 2249 dico,
2727 2203 2756 2232 ιι
2788 2189 2856 2238 ut
2884 2181 3267 2251 confundam,
3300 2182 3516 2254 inquit,
3540 2200 3662 2252 vos,
3687 2188 3749 2239 et

2087 2287 2159 2327 ex
2190 2271 2518 2327 abundanti
2552 2271 2754 2327 tollam
2774 2278 2998 2329 vestros
3018 2272 3484 2344 prietextus,dixi
3517 2281 3750 2345 Oporte-

2087 2380 2150 2418 re
2181 2363 2446 2433 abjectos
2493 2363 2877 2420 constituere.
2914 2363 3408 2435 Quandoquidem
3451 2370 3619 2421 tanta
3657 2371 3747 2421 est

2087 2453 2245 2524 apud
2275 2468 2374 2508 vos
2404 2453 2768 2524 sapientium
2798 2454 3035 2520 raritas,
3060 2459 3128 2509 ut
3153 2469 3255 2509 eos
3285 2454 3385 2524 qui
3418 2456 3746 2526 contempti

2088 2547 2229 2597 sunt
2255 2556 2502 2599 necesse
2528 2542 2606 2597 sit
2625 2542 2990 2599 constituere
3002 2543 3262 2615 judices.
3291 2563 3312 2591 ι
3343 2542 3503 2599 inter
3531 2544 3744 2599 fratres

2089 2648 2248 2687 suos.
2282 2653 2312 2682 »
2344 2630 2589 2686 Addidit
2640 2631 3008 2701 inter'fatres,
3042 2632 3155 2687 hoc
3187 2632 3531 2704 significans
3586 2632 3745 2703 quod

2087 2736 2224 2777 cum
2279 2737 2419 2794 erga
2473 2720 2720 2777 fratrem
2779 2720 2859 2776 sit
2915 2736 3115 2789 causa,
3175 2738 3300 2777 non
3358 2721 3473 2777 erit
3520 2721 3743 2776 arbitro

2086 2810 2426 2866 necessaria
2453 2811 2615 2865 varia
2661 2826 2865 2866 rerum
2905 2810 3183 2883 cognitio,
3232 2811 3448 2867 affectu
3482 2811 3745 2867 fraterno

2086 2899 2344 2955 multum
2368 2899 2686 2970 adjuvante
2719 2899 2793 2955 ad
2826 2899 3232 2955 contentionis
3261 2899 3747 2970 diremptionem.

2087 3008 2114 3040 ιι
2149 2991 2353 3045 Frater
2374 3006 2509 3044 cum
2531 2988 2734 3044 fratre.
2760 3007 2785 3034 ι·
2811 2988 3035 3059 Duplex
3059 2994 3151 3044 est
3175 2987 3400 3044 malum
3426 2990 3581 3045 406
3605 2991 3751 3044 Nam

2086 3078 2136 3133 si
2166 3079 2347 3134 etiam
2367 3078 2482 3133 hoc
2509 3076 2735 3133 malum
2769 3083 2857 3132 est
2886 3083 2955 3133 ut
2980 3077 3163 3133 frater
3192 3077 3472 3133 adversus
3500 3077 3748 3133 fratrem

2078 3167 2402 3240 judicetur,
2437 3172 2659 3238 quanto
2719 3166 2906 3239 magis
2939 3166 2985 3221 si
3020 3166 3203 3222 etiam
3257 3165 3364 3222 sub
3396 3166 3746 3224 infidelibus

2076 3257 2432 3329 judicemini
2449 3257 2477 3312 ‘2

2153 3348 2244 3415 VI,
2268 3350 2322 3413 7,
2350 3348 2398 3401 8.
2426 3368 2454 3397 «
2480 3349 2685 3417 Itaque
2714 3346 2827 3403 hoc
2849 3346 2978 3418 jam
3008 3345 3257 3403 omnino
3289 3345 3543 3417 dejectio
3578 3345 3743 3403 vobis

2084 3457 2108 3489 α
2136 3435 2411 3507 est.un
2423 3436 2654 3507 judicia
2674 3436 2833 3492 inter
2852 3452 2956 3491 vos
2974 3435 3387 3492 babeatis.Cur
3404 3451 3525 3490 non
3542 3437 3743 3506 potius

2079 3548 2106 3578 ι(
2134 3527 2417 3599 injuriam
2439 3526 2753 3598 patimini?
2775 3528 2891 3582 Cur
2910 3543 3032 3582 non
3055 3526 3251 3597 potius
3273 3525 3561 3583 damnum
3584 3526 3709 3582 acci
3725 3557 3743 3566 -

2081 3617 2269 3688 «pitis
2289 3617 2317 3671 ?
2346 3619 2471 3672 lmo
2501 3633 2605 3672 vos
2634 3616 2921 3687 injuriam
2952 3615 3172 3682 facitis,
3205 3620 3264 3672 et
3294 3616 3514 3672 damno
3554 3616 3743 3672 affici-

2083 3727 2111 3757 α
2136 3706 2232 3772 tis,
2260 3705 2445 3777 idque
2473 3706 2713 3761 fratres.
2748 3727 2777 3755 »

2152 3798 2474 3864 Postquam
2505 3794 2579 3849 ad
2601 3793 2838 3865 judices
2871 3792 3077 3849 retulit
3098 3793 3259 3863 quod
3290 3811 3392 3849 eos
3422 3810 3745 3850 concerne-

2080 3886 2217 3953 bat;
2252 3884 2535 3955 deinceps
2568 3899 2685 3954 quo
2718 3883 2915 3954 ipsum
2947 3883 3194 3938 omnino
3219 3882 3479 3955 judicari
3510 3883 3741 3954 vitupe-

2080 3980 2192 4042 rat,
2252 3991 2377 4029 rem
2427 3974 2620 4045 ipsam
2681 3988 2899 4028 vocans
2959 3972 3381 4044 dejectionem,
3414 3978 3473 4027 et
3500 3973 3737 4037 merito,

2081 4080 2187 4137 per
2218 4064 2369 4119 iram
2394 4063 2554 4118 enim
2583 4062 2865 4134 dejicitur
2891 4078 2962 4118 ac
2991 4062 3266 4129 vincitur,
3288 4062 3390 4132 qui
3414 4079 3551 4117 eum
3582 4062 3745 4117 inse-

2081 4155 2287 4227 quitur
2303 4170 2339 4210 a
2360 4170 2477 4225 quo
2504 4154 2752 4209 affectus
2772 4158 2862 4209 est
2880 4152 3199 4223 injuria.ln
3224 4169 3314 4217 eo,
3344 4151 3560 4223 inquit,
3585 4152 3745 4223 quod

2074 4245 2303 4317 judicia
2332 4243 2588 4309 habetis,
2608 4241 2682 4299 ab
2705 4242 2809 4297 ira)
2831 4241 3354 4312 contentionisque
3376 4242 3595 4297 affectu
3617 4241 3747 4297 viu-

2082 4333 2311 4400 cimini,
2336 4332 2455 4387 sive
2487 4331 2598 4387 sub
2633 4332 2727 4387 his
2756 4332 2876 4387 sive
2905 4330 3014 4386 sub
3049 4330 3170 4387 illis
3192 4331 3423 4402 judicia
3452 4329 3744 4389 habeatis.

2087 4445 2107 4471 ο
2145 4423 2262 4476 Cur
2290 4436 2412 4476 non
2458 4421 2658 4492 potius
2700 4420 2989 4491 injuriam
3030 4420 3330 4491 patimini.
3366 4441 3394 4469 »
3436 4419 3747 4491 Multiplex

2083 4517 2174 4567 est
2200 4511 2504 4566 delictum.
2539 4511 2827 4577 Primum,
2861 4508 3018 4581 quod
3062 4528 3201 4567 eum
3232 4528 3353 4568 non
3403 4510 3609 4569 feratis
3642 4528 3746 4582 qui

306 4599 400 4662 Ὡς
455 4597 503 4653 εἰ
559 4599 733 4669 εἶπεν,
790 4596 966 4651 Καλὸν
1030 4595 1146 4668 μὲν,
1205 4602 1267 4650 το
1340 4594 1485 4668 μήτε
1541 4591 1766 4663 ἆδικειν,
1830 4597 1971 4668 μήτε

2090 4599 2261 4655 infert
2281 4599 2590 4670 injuriam.
2616 4599 2976 4665 Secundum,
3001 4600 3161 4668 quod
3184 4600 3466 4671 injuriam
3491 4599 3744 4658 faciatis.

306 4684 637 4757 ἀδικεῖσθαι,
666 4685 721 4741 ἐν
753 4684 957 4761 αἱρέσει
990 4683 1070 4753 δὶ,
1105 4683 1328 4758 βᾶλτιον
1356 4684 1418 4739 τὸ
1451 4679 1779 4747 ἀδικεῖσθαι.

2083 4687 2346 4742 Tertium
2377 4686 2538 4757 quod
2568 4687 2751 4744 etiam
2794 4686 3042 4743 fratrem
3092 4686 3318 4757 injuria
3346 4686 3645 4742 afficiatis.
3679 4717 3747 4728 -

310 4783 389 4835 Ac
422 4778 471 4833 si
502 4778 784 4835 dixisset:
818 4778 1047 4849 Bonum
1078 4774 1321 4847 quidem
1353 4781 1510 4831 esset
1539 4790 1736 4846 neque
1795 4773 2079 4849 injuriam
2146 4777 2343 4833 facere
2401 4791 2597 4846 neque
2656 4776 2882 4846 injuria
2909 4775 3087 4832 afﬁci.
3124 4777 3189 4830 In
3218 4775 3512 4831 electione
3544 4780 3747 4831 autem

309 4850 531 4909 melius
560 4857 654 4906 est
681 4850 905 4922 injuria
933 4848 1112 4907 afﬁci.

383 4947 454 5005 Ἦ
512 4945 611 5003 οὐκ
664 4943 847 5002 οἳδατε
921 4946 1005 5001 ὅτι
1090 4942 1272 5001 ἄδικοι
1360 4942 1644 5020 βασιλείαν
1718 4949 1854 5000 Θεοῦ
1907 4944 1970 5001 οὐ

309 5035 840 5112 κληρονομήσουσις
936 5037 1027 5106 Μὴ
1129 5034 1426 5091 πλανᾶσθε.
1529 5033 1668 5092 Οὕτε
1748 5035 1971 5110 πόρνοι,

309 5122 437 5181 οὔτε
493 5123 921 5200 aiat-101011961,
1007 5120 1133 5180 οὔτε
1218 5123 1439 5198 μοιχοὶ,
1517 5119 1645 5179 οὔτε
1706 5120 1973 5197 μαλακοὶ,

310 5215 440 5272 οὔτε
510 5217 908 5293 ἀρσενοκοῖται,
1002 5213 1129 5270 οὔτε
1219 5212 1472 5283 κλέπται,
1545 5210 1668 5269 οὔτε
1738 5213 1973 5271 πλεονέο

306 5326 454 5376 κται,
512 5305 636 5363 οὔτε
706 5303 953 5378 μέθυσοι,
1031 5302 1095 5360 οὗ
1173 5300 1447 5378 λοίδοροι,
1522 5303 1638 5379 οὐχ
1709 5304 1975 5381 ἅρπαγες,

307 5394 597 5473 βασιλείαν
707 5397 844 5452 Θεοῦ
953 5393 1469 5468 κληρονομήσουσι.
1593 5392 1697 5450 Καὶ
1809 5385 1978 5449 ταῦτά

299 5507 447 5548 τινες
518 5485 639 5554 ἦτε.
723 5481 902 5541 Ἀλλᾶ
979 5480 1378 5549 ἀπελούσασθε,
1437 5478 1585 5541 ἀλλὰ
1657 5483 1974 5561 ἡγιάσθητε,

303 5572 441 5632 ἀλλ’
508 5569 868 5641 ἐδικαιώθητε
953 5569 1004 5627 ἐν
1108 5575 1189 5643 τῷ
1292 5569 1523 5645 ὀνόματ.
1597 5575 1695 5626 τοῦ
1775 5573 1979 5648 Κυρίου

305 5668 524 5735 οΙησοῦ,
601 5663 689 5718 καὶ
766 5661 818 5717 ἐν
894 5666 975 5733 τῷ
1050 5661 1324 5733 [πνεύματι
1411 5663 1509 5715 τοῦ
1582 5665 1719 5717 Θεοῦ
1794 5664 1977 5734 ἡμῶν.

2154 4949 2244 5004 VI.
2269 4950 2425 5002 9-H.
2451 4973 2478 4999 «ι
2509 4947 2599 5003 An
2632 4946 2879 5005 nescitis
2909 4945 3070 5019 quod
3102 4945 3387 5016 injuriam
3419 4945 3750 5002 inferentes

2084 5062 2111 5088 ‹‹
2138 5037 2303 5109 regni
2324 5036 2427 5093 Dei
2450 5036 2860 5095 baereditatcm
2884 5054 3006 5092 non
3028 5036 3371 5108 accipient?
3400 5037 3483 5091 Ne
3509 5037 3747 5094 erretis.

2086 5150 2113 5179 ι(
2136 5130 2337 5199 Neque
2365 5132 2744 5196 scortatores,
2766 5143 2961 5198 neque
2982 5126 3334 5194 idololatrae,
3359 5141 3553 5196 neque
3574 5124 3749 5182 adul-

2088 5216 2274 5283 «teri,
2307 5232 2501 5287 neque
2529 5217 2766 5283 molles,
2798 5232 2993 5288 neque
3037 5215 3139 5287 qui
3171 5216 3581 5272 concumbunt
3609 5232 3749 5273 cum

2090 5329 2118 5358 ιι
2141 5306 2649 5379 masculis,neque
2670 5306 2857 5376 fures,
2879 5322 3073 5378 neque
3097 5306 3480 5378 avari,neque
3504 5305 3748 5377 ebriosi,

2089 5419 2117 5447 κ
2140 5412 2337 5467 neque
2356 5396 2798 5464 convitiatores,
2823 5412 3017 5467 neque
3038 5396 3474 5469 rapaces,regni
3499 5396 3603 5455 Dei
3628 5396 3753 5452 hae—

2090 5509 2117 5539 ‹‹
2136 5485 2452 5543 reditatem
2473 5484 2986 5558 accipient.Atque
3009 5485 3136 5542 haec
3156 5485 3339 5541 eratis
3356 5484 3621 5557 quidam.
3646 5483 3750 5540 sed

2098 5595 2119 5624 α
2136 5574 2327 5631 abluti
2341 5575 2615 5645 estis,sed
2630 5575 2979 5632 sanctificati
2995 5573 3587 5648 estis,sedjustificati
3603 5572 3746 5628 estis

2090 5687 2119 5717 ιι
2133 5678 2475 5737 pernomen
2489 5666 2727 5721 Domini
2741 5667 2878 5722 Jesu
2893 5672 2955 5721 et
2965 5682 3072 5738 per
3082 5665 3369 5737 Spiritum
3384 5662 3484 5721 Dei
3497 5661 3685 5721 nostri
3698 5702 3710 5714 .
3723 5681 3745 5708 ι
