4118 6384
302 351 432 411 ’118

1295 346 1693 409 ΟΟΜΙΕΝΤ.
1740 347 1821 408 ΙΝ
1865 343 2122 409 EPIST.
2165 345 2192 406 Ι
2232 346 2339 407 AD
2382 348 2757 410 CORINTH.

3617 349 3741 417 ἠδ

302 485 457 558 μήτε
483 484 621 557 πρὸς
654 476 946 557 ὑποδοχὴν
999 480 1184 536 σιτίων
1237 481 1471 558 γαστρὸς
1527 478 1965 552 παρασκευάζον-
1997 483 2047 549 Α
2079 479 3736 543 δθάὶιωοοίθθίιινθειιῐνθοιίοῐιθοιίοεᾶθηιῠιθιίῑιιιιίιὶατ

295 594 422 635 τος.
460 570 559 630 Καὶ
611 569 698 641 εἴη
755 569 818 626 ἄν
882 571 971 626 καὶ
1031 570 1060 625 6
1114 573 1243 634 νοῦς
1293 574 1416 640 νοῦ,
1466 593 1494 621 ι(
1558 568 1642 627 Τὰ
1701 568 1969 644 βρώματα

294 665 375 735 τῇ
404 659 617 732 κοιλίᾳ,
674 660 768 714 καὶ
798 660 835 729 ἡ
878 656 1069 716 κοιλία
1120 664 1240 721 τοῖς
1300 659 1575 734 βρώμασι.
1609 677 1636 708 ιι
1692 659 1965 719 τοιοῦτος’

296 748 634 821 ’Λλλήλων,
665 749 854 826 φησὶν,
896 743 1039 803 ἔστιν
1094 747 1401 823 ίρεθιστικά
1444 748 1537 802 καὶ
1583 744 1965 816 ἕπιζητητικά.

294 841 380 897 ⁹¹Η
409 859 473 895 τι
497 839 600 915 γάρ
631 836 685 894 ἦν
712 840 784 912 τῇ
815 835 1007 911 κοιλίᾳ
1049 833 1222 912 ὄρεξις
1274 837 1523 908 ἐπιζητεῖ
1567 836 1637 891 τὰ
1689 834 1851 902 σιτία,
1900 836 1971 890 τά

296 950 365 985 τε.
395 927 659 998 σιτίατήν
691 925 746 982 ἐν
805 928 943 1000 ἡμῖν
997 925 1164 982 πάλιν
1224 923 1397 1002 ὄρεξιν
1452 923 1680 1002 ἆρεθίζει
1735 923 1826 978 καὶ
1884 921 1969 978 δι-

300 1018 528 1094 εγείρει.
561 1018 619 1072 '0
651 1014 711 1072 δὲ
767 1018 921 1088 Θεὸς,
972 1016 1163 1093 φησὶν,
1222 1013 1388 1094 ἄμφω
1447 1015 1498 1071 ἐν
1558 1018 1627 1088 τῇ
1684 1013 1966 1069 ἀναστάσει

300 1108 450 1184 ἀργὰ
477 1108 567 1163 καὶ
597 1106 858 1186 ἄχρηστα
886 1104 1181 1176 ἀποδείξει,
1230 1105 1307 1164 O6
1361 1108 1472 1181 χρὴ
1528 1105 1618 1160 οὖν
1681 1105 1805 1178 περὶ
1856 1108 1964 1158 τῶν

305 1196 632 1271 μελλόντων
666 1191 877 1252 ἔσεσθαι
906 1196 1201 1272 ἀχρήστων
1236 1194 1359 1253 λίαν
1404 1192 1743 1265 σπουδάζειν.
1794 1193 1858 1251 ΕΞ
1909 1190 1967 1248 δὲ

302 1286 579 1361 βρώματα
611 1285 705 1357 μὶν
756 1284 821 1341 τὸ
876 1285 1165 1360 ἀκόρεστον
1209 1290 1318 1340 τῶν
1371 1282 1700 1359 βρωμάτων,
1747 1282 1965 1339 κοιλίαν

297 1372 363 1430 δὲ
414 1375 514 1444 τὴν
569 1372 879 1444 ἀπληστίαν
937 1382 1040 1444 τῆς
1094 1373 1308 1436 κοιλίας
1376 1372 1735 1450 ἐκληψόμεθα
1791 1369 1967 1446 (οὐδὲν

292 1464 406 1540 γὰρ
435 1462 639 1519 κωλύει
687 1467 856 1518 ταῦτα
912 1460 1215 1535 δηλοῦσθαι
1275 1462 1380 1519 ὑπὸ
1437 1466 1544 1518 τῶν
1602 1460 1842 1535 λέξεων),
1899 1460 1963 1516 οὐ

292 1551 756 1628 προαγορεύσεως
787 1545 986 1607 ἔννοιαν
1041 1549 1232 1607 δίδωσι
1280 1552 1342 1606 τὸ
1399 1549 1758 1625 ἐπαγόμενον,
1817 1548 1964 1605 ἀλλά

295 1636 518 1712 μᾶλλον
552 1639 685 1715 ἀρᾶς
734 1639 826 1694 καὶ
872 1635 1053 1711 δίκης.
1112 1639 1456 1715 Καταργήσει
1507 1636 1661 1706 αὐτὰ,
1711 1636 1900 1711 φησὶν,
1933 1635 1960 1691 6

293 1727 457 1796 Θεὸς,
485 1726 744 1784 ἀπελάσει
775 1733 945 1784 ταῦτα
973 1727 1063 1806 ἀφ’
1114 1730 1298 1802 ἡμῶν,
1346 1725 1589 1800 ὲκόιώξει
1641 1729 1741 1797 τήν
1784 1722 1958 1795 ἀδδη-

2078 569 2196 625 Deo
2228 586 2341 626 nos
2368 571 2443 627 ad
2474 570 2987 644 incorruptionem
3013 573 3430 640 transferente,
3453 578 3519 629 ut
3538 587 3737 644 neque

2077 658 2208 716 cibo
2225 676 2376 732 Opus
2396 661 2492 723 sit.
2509 677 2706 732 neque
2723 660 2799 717 ad
2816 661 3084 718 ciborum
3101 663 3507 733 receptionem
3527 668 3736 718 venter

2075 755 2464 821 prmparetur.
2514 752 2717 806 Potest
2773 767 3011 823 quoque
3067 753 3199 822 ejus
3255 751 3414 823 quod
3468 751 3728 806 dicitur:

2075 859 2103 888 «ι
2138 840 2300 895 Escae
2331 839 2458 896 alvo
2491 845 2550 896 et
2577 840 2744 897 alvus
2776 841 2952 909 escis,
2988 863 3017 891 »
3048 840 3185 895 talis
3215 857 3345 896 esse
3385 840 3728 896 intellectus

2074 927 2162 998 (ut
2188 925 2376 983 κοιλία
2422 947 2529 1002 pro
2585 938 2789 987 ventre
2843 929 3157 1003 sumatur).
3206 931 3362 1000 H830,
3414 930 3630 1002 inquit,
3665 945 3727 985 se

2072 1024 2281 1075 mutuo
2307 1018 2550 1076 irritant
2578 1025 2640 1076 et
2689 1026 2993 1093 expetunt.
3027 1020 3161 1092 Ipse
3209 1020 3370 1076 enim
3402 1019 3519 1076 cibi
3550 1035 3733 1091 appe-

2074 1108 2217 1164 titus
2248 1109 2349 1179 qui
2381 1110 2445 1166 in
2474 1108 2809 1166 ventriculo
2843 1117 2932 1166 est
2979 1110 3268 1165 alimenta
3296 1108 3570 1180 requirit,
3600 1125 3735 1163 rur-

2075 1213 2327 1269 sumque
2371 1198 2501 1271 ipsa
2530 1199 2819 1256 alimenta
2849 1199 3180 1270 appetitum
3213 1198 3314 1270 qui
3348 1198 3410 1251 in
3441 1197 3615 1252 nobis
3646 1201 3735 1250 est

2073 1284 2311 1341 irritant
2328 1291 2387 1342 et
2406 1287 2682 1344 excitant.
2710 1285 2863 1343 Deus
2889 1292 3089 1342 autem
3112 1292 3364 1358 utraque
3386 1286 3447 1341 in
3470 1302 3734 1340 resurre-

2072 1374 2269 1430 ctione
2292 1375 2484 1432 otiosa
2504 1392 2571 1433 ac
2595 1376 2835 1431 inutilia
2855 1376 3097 1432 efﬁciet.
3121 1376 3245 1431 Non
3271 1379 3507 1446 oportet
3528 1374 3730 1445 itaque

2072 1462 2144 1518 de
2174 1464 2269 1519 his
2299 1482 2432 1535 quae
2461 1464 2662 1523 futura
2691 1470 2832 1521 sunt
2862 1465 3119 1527 inutilia,
3144 1464 3327 1519 nimis
3358 1480 3487 1519 esse
3509 1462 3730 1521 sollici-

2072 1556 2181 1606 tos.
2219 1552 2276 1607 Si
2325 1568 2458 1608 vero
2510 1570 2618 1624 per
2671 1569 2836 1609 escas
2888 1552 3405 1609 insatiabilitatem
3456 1551 3728 1608 ciborum

2070 1639 2566 1708 intellexerimus,
2598 1660 2707 1715 per
2735 1643 2932 1698 alvum
2981 1647 3178 1698 autem
3209 1642 3433 1699 ventris
3462 1640 3731 1712 inexple-

2068 1728 2363 1787 bilitatem
2415 1730 2592 1801 (nihil
2638 1732 2799 1788 enim
2859 1732 3140 1806 prohibet
3186 1733 3332 1804 quin
3380 1731 3508 1788 haec
3556 1731 3730 1787 dictis

293 1814 503 1906 ιραγίαν
533 1817 623 1872 καί
679 1817 1142 1906 γαστριμαργίαν,
1201 1813 1536 1906 ἐλευθερους,
1567 1817 1775 1873 τούτων
1823 1814 1956 1870 ἀπο-

2080 1819 2482 1889 signiﬁcentur
2501 1821 2889 1894 dictionibus)
2908 1821 3035 1893 jam
3059 1821 3119 1878 id
3142 1820 3302 1893 quod
3333 1821 3605 1894 sequitur
3622 1838 3729 1893 per

296 1904 461 1978 δείξει
489 1911 597 1962 τῶν
631 1911 831 1962 κακῶν.
878 1907 943 1962 Ei
995 1905 1055 1961 δὲ
1103 1906 1238 1982 ἀρὰς
1286 1906 1472 1963 αὐτοῖς
1522 1905 1817 1984 ἐπάγομεν,
1876 1924 1967 1978 καὶ

295 1994 527 2057 ἑαυτοὺς
566 1995 777 2051 τούτων
828 1995 1269 2071 ἐλευθεριυθῆναι
1319 1995 1619 2071 εὐχόμεθα,
1667 1997 1788 2056 πῶς
1834 1992 1967 2068 οὐχὶ

301 2078 724 2158 βδελυξόμεθα;
778 2109 807 2136 ‹‹
841 2085 942 2141 Καὶ
1046 2084 1236 2140 κοιλία
1287 2088 1404 2146 τοῖς
1455 2084 1764 2159 βρώμασιν.
1799 2106 1828 2135 ›ι
1876 2082 1965 2145 Ὠς

293 2171 349 2226 εἴ
382 2171 549 2238 εἶπεν,
578 2174 640 2228 ἸΙ
674 2170 988 2251 ἀδδηφαγία
1017 2173 1205 2251 φιλίαν
1234 2167 1352 2247 ἔχιί
1403 2173 1543 2248 πρὸς
1589 2173 1690 2243 τὴν
1742 2191 1967 2249 γαστρι-

298 2260 556 2338 μαργίαν,
616 2260 838 2333 κάκείνη
901 2262 1040 2336 πρὸς
1126 2261 1363 2333 ἐκείνην,
1446 2260 1535 2316 καὶ
1622 2261 1686 2316 οὐ
1744 2257 1966 2315 δύναται

288 2354 486 2419 ταῦτα,
517 2350 655 2427 πρὸς
678 2351 773 2406 τὸν
808 2351 1050 2427 Χριστὸν
1101 2353 1252 2426 ἡμᾶς
1295 2351 1621 2428 ἀπαγαγεῖν,
1670 2347 1800 2405 ἀλλ’
1845 2349 1963 2405 εαυ-

287 2444 416 2502 ταῖς
469 2437 899 2515 παραπέμπουσι
957 2441 1087 2505 τοὺς
1138 2438 1501 2514 πειθομένους
1556 2438 1768 2512 αὐταῖς,
1826 2437 1963 2509 αὕτη

290 2529 437 2605 πρὸς
467 2527 698 2600 ἐκείνην,
730 2529 953 2600 κάκείνη
1016 2528 1156 2605 πρὸς
1202 2529 1428 2600 ταύτην.
1478 2527 1577 2583 Καὶ
1624 2527 1827 2596 ταύτην
1875 2524 1966 2581 καί

292 2623 471 2674 ταῦτα
499 2621 857 2694 καταργήσει.
890 2619 966 2677 Οὐ
1015 2621 1115 2690 τὴν
1173 2620 1404 2696 γαστέρα
1452 2617 1621 2693 λίγει,
1673 2616 1816 2673 ἀλλά
1863 2618 1963 2686 τήν

299 2707 589 2783 ἀμετρίαν
625 2704 755 2764 οὐδὲ
802 2709 903 2776 τήν
963 2709 1200 2788 τροφὴν,
1258 2704 1406 2763 ἀλλᾶ
1457 2709 1558 2777 τήν
1613 2707 1843 2785 τρυφήν.
1896 2705 1964 2763 Τί

302 2795 363 2852 δὲ
393 2794 506 2852 ἐστι
534 2797 621 2867 τὸ,
654 2822 681 2849 ‹‹
718 2798 1105 2875 Καταργήσεις
1137 2821 1166 2851 n
1201 2798 1355 2859 Τινὲς
1390 2797 1488 2871 μὲν
1541 2817 1668 2874 φασι
1719 2792 1963 2870 προαγό-

304 2907 489 2964 ρευσιν
519 2888 653 2942 εἶναι
683 2890 780 2942 τοῦ
813 2885 1121 2962 μέλλοντος
1156 2884 1383 2955 αἰῶνος,
1414 2885 1497 2941 δτι
1530 2879 1630 2940 οὸκ
1656 2877 1799 2941 ἔστιν
1853 2881 1966 2952 ἐκεῖ

301 2981 497 3054 φαγεῖν
529 2977 618 3031 καὶ
656 2980 821 3034 πιεῖν.
881 2975 945 3034 Ei
997 2973 1056 3033 δὲ
1112 2976 1173 3031 τὸ
1232 2976 1541 3050 σύμμετθον
1602 2968 1718 3049 ἔχει
1778 2972 1960 3037 τέλος,

300 3064 507 3138 πολλῷ
539 3063 754 3139 μᾶλλον
788 3066 851 3121 τὸ
890 3063 1145 3142 ἄμετρον.
1206 3064 1358 3127 Τινὲς
1407 3061 1465 3119 δὲ
1508 3085 1665 3144 φασιν
1719 3062 1803 3118 ὅτι
1858 3063 1962 3131 τήν

296 3154 616 3231 παραίνεσιν
677 3153 819 3230 εὐχῇ
876 3154 1287 3232 ἐπεσφράγισεν,
1343 3152 1460 3210 ἀντὶ
1518 3157 1636 3221 τοῦ,
1692 3150 1752 3207 ἅν
1825 3172 1961 3207 ποτε

2078 1909 2419 1964 vaticinium
2452 1927 2573 1965 non
2602 1910 2910 1983 accipitur,
2945 1910 3049 1966 sed
3080 1911 3277 1983 potius
3324 1928 3431 1983 per
3455 1927 3727 1966 exsecra-

2081 1999 2305 2055 tionem
2360 2005 2419 2053 et
2465 2017 2721 2072 poenam.
2770 2002 2928 2072 Haec,
2978 2001 3191 2073 inquit,
3244 2001 3397 2057 Deus
3445 1999 3728 2064 abolebit,

2078 2088 2309 2144 auferet
2338 2089 2466 2143 haec
2494 2106 2530 2144 a
2567 2089 2780 2147 nobis:
2826 2090 3121 2162 propellet
3150 2089 3504 2146 edacitatem
3540 2096 3600 2144 et
3626 2106 3729 2162 ga-

2079 2177 2478 2250 strimargiam
2505 2193 2518 2231 :
2547 2178 2641 2235 his
2670 2179 2848 2235 malis
2879 2196 2989 2235 nos
3038 2178 3260 2233 efﬁciet
3287 2178 3529 2235 liberos.
3563 2178 3730 2244 Quod

2078 2266 2127 2322 si
2176 2266 2297 2321 illis
2345 2267 2783 2324 exsecrationes
2836 2267 3164 2333 efferimus,
3197 2272 3257 2322 et
3301 2267 3373 2323 ab
3425 2266 3570 2338 ipsis
3619 2284 3729 2322 nos

2075 2355 2316 2412 liberari
2348 2373 2684 2429 precamur,
2718 2356 3017 2429 quomodo
3049 2374 3170 2413 non
3200 2355 3682 2413 abominabimur
3702 2357 3730 2411 Ἰ

2078 2465 2105 2495 ‹‹
2137 2446 2208 2500 Ει
2255 2445 2421 2501 alvus
2469 2446 2643 2502 escis.
2694 2468 2722 2496 »
2774 2447 3077 2516 Tanquam
3122 2445 3406 2501 dixisset:
3456 2444 3728 2501 Edacitas

2077 2550 2343 2591 amorem
2372 2534 2555 2590 habet
2573 2535 2647 2590 ad
2668 2536 3169 2609 gastrimargiam,
3192 2539 3250 2589 et
3274 2535 3402 2589 haec
3423 2534 3498 2590 ad
3522 2534 3688 2590 illam
3715 2551 3728 2588 :

2077 2642 2186 2681 nec
2207 2630 2459 2697 possunt
2478 2626 2605 2681 haec
2622 2626 2697 2682 ad
2710 2624 3009 2682 Christum
3033 2642 3143 2681 nos
3163 2625 3571 2681 transmittere
3596 2641 3609 2677 :
3626 2623 3731 2680 sed

2076 2715 2151 2770 ad
2172 2731 2238 2770 se
2257 2714 2511 2771 invicem
2535 2715 2785 2771 mittunt
2804 2732 2906 2771 eos
2928 2715 3028 2788 qui
3052 2715 3197 2787 ipsis
3220 2714 3490 2778 credunt,
3513 2729 3730 2784 nempe

2075 2804 2181 2860 illa
2226 2803 2303 2860 ad
2351 2804 2506 2860 hanc
2560 2809 2619 2858 et
2665 2804 2793 2860 haec
2839 2803 2916 2860 ad
2957 2804 3144 2861 illam.
3178 2805 3250 2859 Et
3297 2804 3451 2859 hanc
3505 2808 3566 2857 et
3592 2801 3726 2857 illas

2075 2892 2355 2948 abolebit.
2390 2895 2517 2949 Non
2546 2899 2810 2950 ventrem
2845 2893 3009 2961 dicit,
3043 2893 3146 2948 sed
3190 2891 3724 2949 immodicitatem:

2074 2998 2270 3054 neque
2301 2982 2520 3049 cibum,
2546 2983 2650 3038 sed
2673 2981 2936 3039 delicias.
2963 2982 3114 3048 Quid
3146 2988 3236 3038 est
3266 2988 3486 3051 autem,
3516 3003 3544 3031 ‹‹
3566 2980 3725 3035 Abo-

2072 3070 2220 3125 lebit
2240 3071 2266 3125 '?
2298 3093 2327 3121 ››
2360 3069 2609 3137 Quidam
2640 3071 2850 3127 dicunt
2876 3071 3221 3127 vaticinium
3251 3087 3379 3127 esse
3410 3069 3592 3126 futuri
3622 3087 3726 3124 sae-

2073 3159 2214 3229 culi,
2238 3159 2399 3231 quod
2430 3159 2512 3214 ibi
2562 3177 2684 3215 non
2715 3160 3022 3232 contingat
3069 3160 3246 3216 edere
3276 3165 3380 3216 aut
3407 3159 3629 3214 bibere.
3664 3158 3726 3215 Si

296 3246 389 3300 καὶ
415 3243 645 3315 ταύτην,
696 3244 870 3318 ἤγουν
922 3246 1022 3314 τὴν
1063 3244 1349 3321 ἀμετρίαν,
1400 3243 1491 3298 καὶ
1536 3248 1727 3314 ταῦτα,
1783 3242 1955 3320 ⁴ἤγουν

2080 3219 2274 3304 autem
2303 3248 2362 3303 id
2395 3248 2553 3320 quod
2584 3248 2829 3304 modum
2862 3219 3056 3305 servat
3084 3249 3265 3305 ﬁnem
3307 3248 3505 3316 habet,
3537 3247 3726 3303 multo

298 3337 401 3405 τὴν
429 3335 641 3408 τρυφὴν
672 3334 701 3388 6
732 3334 864 3394 Θεὸς
895 3336 1245 3410 καταργήσει.
1284 3359 1305 3385 ι
1340 3333 1413 3391 Τὸ
1462 3330 1519 3389 δὲ
1564 3337 1724 3406 σῶμα
1776 3332 1838 3387 οὐ
1889 3334 1961 3407 τῇ

301 3424 547 3498 πορνείᾳ.
587 3449 608 3474 ι
654 3425 764 3479 Ἰνα
813 3424 890 3496 μή
950 3425 1186 3498 νομίσῃς
1242 3421 1427 3479 ὅτιτὸ
1486 3426 1646 3495 σῶμα
1701 3421 1962 3497 ⁵ᾐτιάσατο

306 3514 525 3589 κοιλίαν
590 3512 781 3582 εἰπὼν,
840 3511 1107 3569 δείκνυσιν
1146 3515 1229 3570 ὅτι
1284 3514 1346 3569 οὔ
1391 3513 1454 3570 τὸ
1514 3519 1675 3586 σῶμα
1704 3510 1757 3567 ἐν
1790 3511 1968 3568 αἷτίά-

313 3625 418 3674 σει,
446 3603 573 3663 ἀλλ’
604 3607 640 3674 ἡ
671 3605 1095 3679 γαστριμαργία.
1150 3606 1228 3662 Τὸ
1267 3605 1371 3679 γὰρ
1424 3608 1606 3677 σῶμα,
1663 3606 1853 3677 φησὶν,
1902 3600 1964 3658 οὐ

323 3690 419 3745 διὰ
440 3697 593 3751 τοῦτο
624 3694 955 3764 πὲπλασται,
994 3692 1086 3748 ’ίνα
1144 3699 1319 3770 τρυφᾷ
1380 3692 1468 3748 καὶ
1527 3690 1587 3749 ἐκ
1638 3691 1835 3748 τούτου
1890 3690 1968 3756 είς

326 3780 574 3855 πορνείαν
602 3781 860 3856 ἐκπίπτῃ,
912 3780 1040 3839 ἀλλ’
1095 3782 1181 3838 ἳνα
1233 3787 1314 3855 τῷ
1369 3783 1587 3857 Χριστῷ
1632 3777 1830 3851 ἕπηται
1889 3779 1967 3842 ὡς

319 3866 432 3926 ὄντι
461 3871 622 3928 αὐτοῦ
679 3873 915 3948 κεφαλῇ,
968 3872 1058 3927 καὶ
1104 3872 1199 3926 ἳνα
1228 3873 1255 3927 6
1287 3872 1523 3937 Χριστὸς
1574 3869 1721 3943 αὖτῷ
1769 3869 1969 3925 ἐπίκει-

307 3981 421 4015 ται.
480 3960 812 4017 Ἀκόλουθον
865 3958 925 4016 δὲ
954 3961 1021 4031 ἦν
1070 3960 1262 4032 εἰπεῖν,
1304 3960 1382 4019 Τὸ
1441 3955 1499 4015 δὲ
1556 3964 1717 4032 σῶμα
1775 3959 1840 4015 οὐ
1896 3961 1968 4032 τῇ

308 4052 490 4127 τρυφῇ
542 4050 634 4105 καὶ
694 4053 764 4123 τῇ
821 4050 1229 4126 γαστριμαργίᾳ
1283 4046 1762 4124 ἀποκεκλήρωται,
1822 4045 1969 4103 ἀλλὰ

306 4144 475 4195 τοῦτο
507 4141 811 4211 σιωπήσας,
853 4141 955 4210 τήν
1012 4138 1335 4215 τικτομένην
1368 4137 1430 4195 ἐκ
1462 4136 1671 4196 τούτων
1719 4137 1972 4215 πορνείαν

310 4229 488 4296 εἶπεν,
547 4225 757 4290 δεικνὺς
814 4229 876 4285 τὸ
954 4226 1305 4302 ἀποτέλεσμα
1355 4231 1453 4297 τῆς
1512 4226 1972 4305 γαστριμαργίας,

309 4320 421 4389 ὅτι,
460 4318 616 4397 φησὶ,
649 4317 869 4395 πορνεία
899 4318 1065 4376 ἐστίν.
1101 4343 1130 4371 ››
1187 4318 1250 4377 Ὁ
1299 4314 1357 4373 δὲ
1413 4319 1542 4380 Θεὸς
1591 4317 1681 4372 καὶ
1723 4318 1815 4373 τὸν
1867 4314 1975 4371 Κύ-

311 4430 430 4485 ριον
481 4407 725 4486 ἤγειρεν.
764 4433 794 4461 ››
855 4410 976 4466 Ἔτι
1035 4406 1255 4478 νηπίοις
1315 4405 1486 4477 οὖσιν,
1544 4401 1651 4463 ἔδει
1706 4427 1975 4482 συγκατα-

312 4493 546 4569 ϐαίνειν,
575 4497 833 4574 καὶπρὸς
860 4500 963 4569 τήν
1007 4498 1317 4568 νηπιότητα
1373 4496 1551 4551 αὐτῶν
1605 4493 1820 4553 λαλεῖν.
1877 4495 1975 4564 Μὴ

2073 3338 2263 3411 magis
2280 3337 2439 3410 quod
2462 3337 2636 3394 modo
2653 3343 2836 3395 caret.
2857 3339 3107 3405 Quidam
3131 3344 3332 3395 autem
3349 3337 3550 3394 dicunt
3570 3336 3731 3409 quod

2077 3428 2547 3485 admonitionem
2568 3428 2913 3500 precatione
2935 3428 3287 3485 concludat:
3306 3444 3375 3483 ac
3397 3427 3446 3482 si
3472 3427 3728 3483 diceret:

2080 3518 2315 3574 Utinam
2340 3523 2400 3573 et
2414 3516 2594 3586 hanc,
2616 3517 2894 3574 videlicet
2918 3517 3501 3587 immediocritatem,
3521 3523 3581 3572 et
3598 3516 3727 3584 has,

2076 3623 2294 3679 nempe
2326 3607 2594 3675 delicias,
2626 3608 2781 3662 Deus
2809 3607 3050 3664 aboleat
3079 3607 3092 3662 ξ
3126 3630 3154 3657 ‹‹
3187 3608 3412 3678 Corpus
3442 3623 3577 3663 vero
3608 3623 3728 3662 non

2078 3702 2303 3767 stupro.
2330 3715 2356 3746 ι
2377 3696 2457 3750 Ne
2479 3695 2854 3751 existimares
2875 3696 3034 3766 quod
3055 3713 3272 3767 corpus
3285 3699 3594 3759 accusaret
3612 3713 3729 3766 quo

2077 3785 2273 3841 alvum
2302 3780 2821 3852 diceret,ostendit
2840 3783 2999 3855 quod
3029 3801 3243 3855 corpus
3268 3784 3332 3841 in
3351 3785 3732 3840 accusatione

2078 3888 2199 3928 non
2230 3870 2433 3931 fuerit.
2467 3870 2572 3925 sed
2601 3868 3031 3943 gastrimargia.
3065 3872 3208 3926 Nam
3246 3887 3480 3941 corpus,
3513 3871 3731 3941 inquit,

2078 3978 2199 4018 non
2223 3961 2296 4017 ob
2320 3960 2380 4016 id
2400 3961 2723 4016 formatum
2746 3965 2837 4016 est
2854 3967 2922 4019 ut
2942 3961 3176 4017 deliciis
3202 3961 3501 4029 serviat,et
3524 3977 3593 4016 ex
3621 3961 3735 4017 hoc

2080 4050 2142 4104 in
2157 4053 2453 4121 stuprum,
2469 4047 2829 4117 excidat,sed
2844 4049 3218 4105 utChristum
3234 4055 3515 4122 tanquam
3530 4065 3732 4107 verum

2081 4144 2259 4210 caput
2272 4154 2445 4192 suum
2466 4143 2779 4208 sequatur:
2798 4143 2981 4211 utque
2995 4138 3264 4195 Christus
3277 4138 3389 4211 ipsi
3403 4137 3736 4209 immineat,

2084 4244 2438 4301 semperque
2461 4226 2617 4283 adsit
2635 4228 3018 4299 Consequens
3034 4234 3233 4285 autem
3252 4234 3380 4284 erat
3392 4234 3459 4285 ut
3474 4228 3699 4286 diceret
3721 4246 3736 4284 :

2082 4319 2309 4391 Corpus
2338 4334 2477 4373 vero
2509 4334 2631 4373 non
2678 4318 3105 4391 gastrimargiae
3146 4325 3249 4375 aut
3295 4318 3528 4375 deliciis
3558 4319 3741 4375 desti—

2084 4413 2293 4464 natum
2317 4406 2589 4471 est,469
2614 4406 2719 4463 sed
2740 4408 2853 4463 hoc
2874 4407 3383 4480 relicto,stuprum
3408 4408 3556 4464 dixit
3582 4409 3744 4481 quod

2086 4513 2157 4553 ex
2186 4496 2280 4551 his
2300 4501 2640 4569 generatur,
2657 4496 2934 4553 effectum
2965 4496 3287 4553 ostendens
3315 4498 3744 4571 gastrimargim

312 4568 630 4660 θυρυὸηθῇς
661 4568 1014 4650 ἂκοεὸσαςγὸτι
1044 4585 1073 4640 6
1128 4585 1259 4647 Θεὸς
1306 4584 1399 4640 τὸν
1448 4582 1682 4656 Χριστὸν
1734 4582 1970 4659 ἤγειρεν.

2089 4587 2192 4659 qui
2213 4592 2304 4642 est
2324 4592 2619 4658 stuprum.
2647 4609 2675 4636 α
2698 4589 2851 4644 Deus
2882 4593 3082 4644 autem
3117 4593 3176 4643 et
3205 4589 3523 4646 Dominum
3555 4590 3748 4647 susci-

315 4673 398 4733 Οὐ
422 4675 547 4750 ,γὰρ
606 4672 799 4744 ἐπειδὴ
850 4674 951 4731 οὐκ
1000 4673 1229 4752 ’ίσχυσεν
1288 4671 1477 4730 ἑαυτὸν
1536 4670 1758 4749 ἐγεῖραι,
1816 4669 1979 4726 τοῦτό

315 4765 704 4844 φησιν.Λύτὸς
732 4766 837 4841 γὰρ
895 4766 964 4835 ἦν
1025 4766 1054 4820 6
1117 4762 1324 4841 λέγων,
1389 4788 1408 4813 ιι
1446 4759 1655 4817 Λύσατε
1712 4761 1804 4818 τὸν
1854 4760 1981 4816 ναὸν

311 4857 509 4910 τοῦτον
535 4854 626 4909 καί
656 4853 711 4909 ἐν
745 4855 925 4930 τρισὶν
952 4852 1190 4930 ἡμέραις
1243 4853 1417 4929 ἐγερῶ
1469 4850 1649 4907 αὐτόν⁹
1682 4876 1710 4904 »
1757 4849 1847 4905 καὶ
1896 4850 1980 4920 τὸ,

316 4968 344 4995 α
378 4943 657 5014 Ἐξουσίαν
691 4938 808 5023 ἔχω
841 4949 1011 5010 θεῖναι
1068 4944 1168 5012 τὴν
1228 4945 1414 5019 ψυχήν
1481 4961 1587 5014 μου
1644 4939 1735 4997 καὶ
1793 4933 1983 4995 λαϐεῖν

318 5031 492 5102 αὐτήν
550 5054 581 5084 ››
608 5031 715 5088 Καὶ
749 5031 827 5096 εἷς
860 5032 957 5094 τάς
988 5030 1216 5107 Πράξεις
1263 5030 1463 5109 λέγειν,
1506 5056 1534 5084 α
1559 5033 1663 5094 Οἷς
1709 5029 1800 5087 καί
1848 5050 1985 5104 παρ-

323 5120 548 5192 έστησεν
581 5119 771 5177 ἑαυτὸν
809 5125 998 5192 ζῶντα.
1033 5144 1063 5172 ››
1123 5118 1285 5178 Ἀλλ’
1336 5121 1365 5176 6
1395 5119 1744 5183 Ἀπόστολος
1783 5117 1873 5174 καὶ
1920 5119 1987 5174 τὰ

320 5213 423 5266 τοῦ
452 5211 583 5266 Υἱοῦ
631 5215 710 5284 τῷ
768 5210 939 5287 Ιιατρὶ
1005 5210 1311 5285 λογίζεται,
1364 5210 1455 5266 καὶ
1502 5209 1569 5265 τά
1622 5206 1721 5265 τοῦ
1779 5209 1987 5284 ῐιατρὸς

321 5301 411 5372 τῷ
438 5299 571 5373 Υἱῷ.
616 5301 686 5357 ’Δ
745 5298 848 5376 γάρ
883 5300 911 5355 6
942 5300 1131 5374 Ηατὴρ
1187 5304 1357 5369 ποιεῖ,
1412 5302 1583 5355 ταῦτα
1637 5299 1731 5354 καὶ
1788 5300 1817 5354 6
1870 5299 1989 5363 Υἱὸς

321 5394 497 5448 ποιεῖ.
566 5388 671 5447 Καὶ
734 5392 884 5465 ἡμᾶς
940 5389 1189 5466 ἐξεγερεῖ.
1249 5389 1318 5447 Εἰ
1389 5388 1482 5444 οὗν
1538 5385 1696 5463 ἐσμεν
1756 5390 1993 5464 Χριστοῦ

324 5477 499 5557 μέλῃ,
595 5479 778 5555 ὥσπερ
837 5478 928 5535 καὶ
984 5478 1172 5553 ἐσμεν,
1232 5486 1331 5550 τῆς
1386 5475 1631 5555 κεφαλῆς
1688 5478 1993 5555 ἐγερθείσης

395 5660 442 5697 ⁸⁸
474 5663 649 5720 Joan.
682 5679 741 5729 ιι,
774 5662 859 5719 19.
937 5660 991 5698 ⁸⁸
1021 5662 1188 5723 Joan.
1223 5679 1277 5731 κ,
1315 5664 1399 5717 18.
1475 5658 1525 5695 ⁸⁷
1551 5663 1679 5719 Act.
1716 5678 1754 5733 ι,
1786 5664 1840 5719 3.

575 5773 836 5833 ΡΑτιιοι..
887 5773 1000 5833 GR.
1047 5770 1319 5833 CXVIII.

2090 4675 2253 4732 tavit.
2279 4696 2307 4724 »
2331 4675 2476 4730 Cum
2508 4674 2704 4731 adhuc
2738 4675 3095 4747 insipientes
3124 4683 3345 4744 essent,
3376 4678 3744 4733 condescen-

2092 4763 2355 4821 dendum
2378 4763 2491 4818 fuit
2512 4768 2572 4820 et
2591 4762 2663 4819 ad
2682 4780 2889 4820 eorum
2910 4764 3319 4836 insipientiam
3343 4782 3412 4821 ac
3433 4765 3749 4823 infantiam

2095 4851 2571 4925 loquendum.Ne
2585 4851 2842 4908 turberis
2855 4852 3108 4908 audiens
3120 4853 3281 4926 quod
3292 4854 3751 4913 DeusChrislum

2097 4944 2457 5002 excitaverit.
2490 4945 2691 5014 Neque
2734 4943 2896 5000 enim
2946 4944 3059 5000 hoc
3102 4943 3248 5002 dicit
3297 4945 3457 5015 quod
3488 4946 3755 5020 seipsum

2098 5035 2356 5091 excitare
2407 5051 2530 5090 non
2588 5033 2870 5104 potuerit.
2915 5034 3221 5104 Siquidem
3279 5034 3406 5106 ipse
3467 5043 3595 5093 erat
3651 5037 3755 5109 qni

2098 5123 2372 5181 dicebat:
2399 5145 2427 5173 «
2460 5121 2677 5179 Solvite
2702 5122 2992 5193 templum
3022 5123 3137 5179 hoc
3168 5127 3229 5178 et
3254 5122 3317 5179 in
3340 5124 3528 5182 tribus
3545 5126 3757 5184 diebus

2101 5213 2325 5286 erigam
2345 5213 2543 5285 ipsum
2559 5210 2730 5281 35,»et
2743 5227 2982 5268 rursum
3000 5228 3015 5267 :
3030 5234 3059 5263 ι(
3076 5214 3434 5270 Potestatem
3453 5214 3643 5272 habeo
3660 5233 3761 5290 po.

2102 5301 2285 5360 nendi
2299 5302 2561 5358 animam
2574 5317 2769 5357 meam
2785 5301 3203 5357 etresumendi
3222 5302 3765 5374 ipsam“,»etinAc-

2103 5390 2180 5446 tis
2193 5387 2364 5444 dicit:
2384 5412 2410 5441 ιι
2435 5388 2657 5453 Quibus
2673 5387 2944 5444 exhibuit
2959 5387 3223 5460 seipsum
3236 5389 3526 5448 viventem
3542 5391 3610 5448 ⁸⁷.
3623 5394 3767 5450 nSed

2106 5477 2427 5551 Apostolus
2475 5494 2608 5550 quas
2638 5477 2771 5533 Filii
2822 5483 2963 5535 sunt
3010 5479 3170 5535 Patri
3218 5479 3512 5551 attribuit,
3544 5488 3607 5539 et
3631 5501 3766 5556 qua

3469 5772 3547 5831 23
