4118 6394
332 346 452 415 ⁸7Ιό

1464 343 1889 412 (ΕΟΠΜΕΝΙΙ
1933 342 2243 408 ΊἫΙΟΟΑΞ
2292 344 2664 407 EPISGOPI.

3637 341 3758 400 116

337 487 536 543 Patris
556 490 696 540 sunt
717 482 882 538 Filio.
902 483 1049 537 Nam
1069 498 1201 553 quae
1226 483 1400 537 Pater
1418 482 1715 552 facit,hazc
1733 487 1791 537 et
1805 480 1990 536 Filius

2106 473 2277 547 δῆλον
2307 477 2381 540 ὡς
2423 477 2875 547 συναναστήσεται
2904 474 2968 530 τὸ
3009 473 3208 531 λοιπὸν
3243 477 3425 547 σῶμα.
3458 495 3488 525 ‹‹
3518 473 3625 528 Ali:
3651 480 3756 543 τῆς

334 576 563 644 facit,et
582 589 689 628 nos
712 570 1177 627 resuscitabit.Si
1194 588 1329 645 ergo
1349 589 1555 628 sumus
1571 570 1786 626 Christi
1809 585 1992 625 mem-

336 664 640 733 bra,sicuti
654 670 813 719 certe
829 665 1451 734 sumus,manifestum
1465 670 1555 719 est
1567 661 1724 734 quod
1739 661 1991 716 excitato

335 753 550 825 capite,
601 752 902 825 reliquum
951 769 1072 807 una
1121 770 1336 825 corpus
1390 751 1761 807 excitabitur.
1799 771 1826 800 ιι
1880 751 1994 805 Per

335 841 668 914 potentiam
701 858 892 897 suam.
926 863 953 892 »
986 842 1127 913 Ejus
1173 840 1331 912 quod
1362 842 1423 897 in
1455 856 1732 896 sermone
1762 838 1994 895 creditu

336 931 581 987 difficile
614 936 760 997 erat,
793 948 901 1002 per
930 931 1031 986 Dei
1069 930 1395 1003 potentiam
1428 930 1609 985 ﬁdem
1639 929 1800 997 facit,
1834 926 1994 998 quod

2100 564 2383 641 δυνάμεως
2416 566 2603 622 αὐτοῦ.
2634 589 2664 620 »
2698 566 2777 623 T6
2806 569 2904 621 τοῦ
2952 562 3121 638 λόγου
3181 563 3465 632 ἀπίθανον,
3518 559 3609 617 διὰ
3657 570 3759 631 τῆς

2102 653 2382 730 δυνάμεως
2404 660 2502 712 τοῦ
2550 660 2685 711 Θεοῦ
2729 658 3152 723 πιστοποιεῖται,
3198 654 3329 727 ὅπερ
3385 650 3463 714 εἷς
3509 652 3610 721 τὴν
3658 657 3758 707 τοῦ

2100 747 2338 819 Χριστοῦ
2412 747 2694 801 ἀνάστασιν
2769 738 2831 799 o6
2903 742 3135 799 τέθεικεν
3236 740 3497 818 (ἐγεγόνει
3598 743 3753 818 γὰρ),

2101 832 2230 890 ἀλλ’
2261 835 2349 890 ἐπὶ
2377 841 2479 903 τῆς
2510 836 2674 909 ἡμῶν
2735 833 3097 901 ἀναστάσεως,
3138 829 3230 885 ’ίνα
3278 832 3354 903 μὴ
3414 828 3756 903 ἀπιστῶμεν,

2103 924 2194 979 καὶ
2221 922 2317 978 ’ίνα
2353 922 2481 986 τοὺς
2512 923 2898 1000 ἀντιλέγοντας
2932 921 3288 994 ἐπιστομίσῃ.

335 1020 411 1075 ad
438 1020 657 1076 Christi
702 1020 1204 1075 resurrectionem
1255 1036 1377 1074 non
1408 1019 1626 1091 posuit,
1653 1018 1779 1089 jam
1820 1017 1981 1071 enim
2038 1014 2195 1070 facta
2252 1019 2396 1083 erat,
2456 1014 2561 1070 sed
2616 1019 2860 1086 propter
2915 1016 3181 1067 nostram
3214 1009 3759 1066 resurrectionem:

336 1126 413 1165 ne
435 1109 728 1165 increduli
752 1110 960 1176 simus,
986 1115 1046 1164 et
1065 1116 1129 1164 ut
1150 1108 1698 1165 contradicentibus
1719 1107 1990 1162 obstruat
2016 1120 2141 1160 ora.

409 1210 504 1276 Vl,
540 1210 726 1263 16-18.
754 1210 844 1263 Αη
875 1206 1098 1263 nescitis
1142 1207 1291 1278 quod
1321 1222 1553 1279 corpora
1596 1211 1775 1261 vestra
1815 1220 1988 1259 mem-

342 1299 442 1354 bra
467 1297 580 1354 sint
607 1297 858 1353 Christi?
889 1299 1030 1352 Num
1069 1299 1248 1366 igitur
1277 1297 1473 1351 tollens
1519 1295 1761 1351 membra
1787 1292 1993 1349 Christi

341 1389 548 1458 faciam
575 1387 743 1442 scorti
781 1387 1023 1441 membra
1050 1389 1078 1440 ?
1103 1387 1279 1442 Absit.
1315 1387 1405 1441 An
1451 1385 1675 1443 nescitis
1718 1385 1866 1458 quod
1896 1385 1995 1455 qui

344 1476 732 1547 agglutinatur
777 1482 955 1530 scorto
1007 1492 1179 1530 unum
1227 1491 1422 1546 corpus
1470 1478 1595 1531 est?
1624 1478 1805 1531 Erunt
1849 1476 1995 1530 enim

338 1568 468 1634 duo,
495 1564 767 1636 inquit,in
792 1580 1011 1620 carnem
1033 1581 1223 1620 unam.
1249 1566 1325 1619 At
1345 1568 1444 1635 qui
1464 1566 1855 1634 agglutinetur
1884 1566 1996 1619 Do-

337 1658 486 1710 mino
515 1670 658 1710 unus
702 1653 936 1724 spiritus
984 1659 1079 1709 est.
1123 1656 1318 1723 Fugite
1363 1657 1774 1709 scortationem.
1830 1654 1998 1709 Omne

332 1750 625 1814 peccatum
655 1743 1019 1813 quodcunque
1036 1744 1234 1812 fecerit
1262 1743 1445 1810 homo,
1473 1749 1635 1798 extra
1664 1757 1863 1813 corpus
1885 1747 1961 1797 est
1980 1758 2003 1794 .-

343 1832 440 1887 sed
466 1834 566 1902 qui
593 1837 895 1897 scortatur,
929 1830 991 1886 in
1012 1833 1309 1902 proprium
1340 1847 1535 1902 corpus
1558 1835 1773 1901 peccat.

416 2011 505 2067 Ad
517 2010 888 2083 prmmissam
903 2008 1552 2066 reditadhortationem
1571 2027 1701 2081 qua;
1721 2009 2001 2065 adversus

344 2099 769 2157 scortationem
804 2103 949 2155 erat.
986 2098 1127 2154 Vide
1160 2104 1361 2154 autem
1402 2100 1560 2169 quod
1593 2115 1713 2153 non
1745 2097 1999 2154 dixerit:

342 2188 603 2245 Membra
631 2186 846 2242 Christi
861 2187 1113 2259 jungam
1145 2186 1468 2256 meretrici,
1496 2186 1599 2241 sed
1623 2186 1781 2257 quod
1813 2184 2003 2242 horri-

341 2278 524 2333 bilius
555 2281 703 2344 erat,
735 2291 953 2347 nempe
985 2275 1197 2330 tollere
1230 2291 1263 2330 a
1300 2274 1532 2330 Christo
1576 2273 1784 2329 eadem
1812 2273 2001 2346 ipsius

343 2365 636 2432 membra,
672 2369 729 2420 et
777 2365 1016 2420 efﬁcere
1045 2370 1110 2419 ut
1154 2364 1276 2418 sint
1303 2363 1520 2419 scorti:
1558 2384 1583 2416 α
1615 2365 1805 2418 Erunt
1842 2362 2000 2418 enim

346 2455 486 2525 duo,
520 2455 738 2526 inquit,
770 2454 833 2509 in
877 2470 1119 2510 carnem
1161 2470 1364 2509 unam.
1400 2475 1428 2503 ››
1472 2453 1559 2507 Ad
1590 2451 2001 2507 testimonium

347 2543 590 2599 adducit
604 2549 773 2599 vetus
793 2545 1261 2598 Testamentum.
1282 2542 1590 2607 Quomodo
1610 2546 1807 2597 autem
1830 2544 2007 2596 erunt

349 2635 469 2690 sive
498 2632 845 2703 redigentur
871 2632 936 2687 in
968 2648 1213 2687 carnem
1256 2648 1441 2687 unam
1464 2630 1492 2686 ?
1519 2630 1810 2695 Quoniam
1842 2646 2004 2685 com-

348 2723 548 2779 mistio
577 2739 699 2779 non
749 2720 1040 2795 permittit
1078 2721 1227 2776 duos
1277 2738 1410 2777 esse
1458 2721 1627 2790 duos,
1662 2720 1765 2776 sed
1814 2737 2001 2776 unum

348 2812 569 2878 efﬁcit;
603 2817 662 2867 et
687 2811 973 2882 quoniam
994 2809 1266 2865 membra
1286 2809 1503 2864 Christi
1533 2814 1671 2865 sunt
1698 2810 1876 2865 homo
1898 2808 2001 2880 qui

347 2907 542 2957 scorto
571 2901 795 2969 unitur,
830 2899 918 2955 illi
965 2899 1226 2971 seipsum
1259 2900 1413 2967 unit,
1444 2898 1783 2970 Christique
1810 2914 2002 2953 mem-

348 2993 455 3046 bra
483 2995 858 3063 conspurcat.
879 2990 949 3044 Et
977 3005 1320 3061 quanquam
1344 2990 1405 3043 in
1435 3004 1570 3043 vero
1603 3003 1839 3059 quoque
1862 3004 1997 3043 con-

2176 1199 2292 1258 Οὐκ
2321 1197 2508 1256 ο’ίδατε
2538 1200 2624 1255 ὃτι
2674 1197 2742 1254 τὰ
2799 1199 3029 1271 σώματα
3088 1196 3243 1270 ὑμῶν
3306 1195 3449 1271 μέλη
3524 1200 3765 1272 Χριστοῦ

2101 1287 2292 1360 ἒστινς
2352 1287 2482 1366 ἃρας
2543 1289 2636 1345 οῦν
2698 1289 2767 1344 τά
2836 1286 2977 1361 μέλη
3046 1290 3151 1342 τοῦ
3220 1289 3464 1361 Χριστοῦ
3537 1289 3760 1357 ποιήσω

2101 1377 2311 1453 πόρνης
2357 1377 2546 1452 μέλης
2590 1378 2685 1447 Mi)
2750 1377 2982 1451 γὲνοιτο.
3047 1377 3114 1432 Ἦ
3184 1376 3284 1431 οὐκ
3352 1372 3541 1429 σ’ίδατε
3605 1373 3689 1430 ὅτι
3732 1375 3762 1429 6

2103 1467 2461 1542 κολλώμενος
2543 1471 2613 1542 τῇ
2692 1466 2869 1543 πόρνῃ
2928 1464 2981 1521 ἔν
3038 1466 3200 1539 σῶμά
3257 1463 3442 1532 inm;
3503 1470 3763 1522 ’Ἔσονται

2104 1559 2231 1634 γὰρ,
2264 1556 2448 1636 φησὶν,
2483 1557 2535 1612 οἱ
2580 1555 2676 1612 δύο
2734 1555 2810 1619 εἰς
2864 1556 3033 1630 σάρκα
3094 1554 3242 1629 μίαν.
3301 1555 3364 1611 Ὀ
3424 1551 3481 1608 δὲ
3537 1550 3764 1609 κολλώ-

2112 1669 2270 1722 μενος
2338 1652 2416 1720 τῷ
2483 1647 2670 1723 Κυρίῳ
2762 1643 2815 1701 ἔν
2885 1646 3098 1720 πνεῦμά
3153 1643 3287 1703 ἐστι.
3359 1642 3596 1720 Φεύγετε
3659 1644 3765 1712 τήν

2106 1735 2378 1812 πορνείαν.
2448 1740 2556 1791 Πᾶν
2613 1736 2915 1811 ἁμάρτημα
2982 1733 3011 1789 ὅ
3088 1733 3175 1789 ἐὰν
3241 1734 3454 1807 ποιήσῃ
3550 1732 3764 1806 ἀνθρω·

2104 1846 2231 1895 πος,
2270 1822 2425 1886 ἐκτὸς
2480 1827 2579 1880 τοῦ
2636 1824 2894 1896 σώματός
2955 1822 3122 1893 ἐστιν,
3158 1822 3185 1876 6
3227 1819 3286 1877 δὲ
3340 1822 3622 1897 πορνεύων
3682 1820 3766 1883 εἷς

2104 1914 2167 1969 τὸ
2198 1911 2340 1969 ἴδιον
2373 1918 2534 1987 σῶμα
2563 1912 2881 1989 ἁμαρτάνει.

2176 2001 2351 2060 Πάλιν
2385 2001 2472 2058 ἐπὶ
2502 2003 2605 2073 τήν
2652 2001 3019 2077 προκειμένην
3074 1999 3213 2069 ἦλθε
3270 1999 3602 2076 παραίνεσιν,
3657 2000 3761 2070 τήν

2104 2092 2240 2148 κατά
2270 2091 2541 2167 πορνείας.
2571 2093 2710 2167 ’Όρα
2739 2088 2817 2161 δὲ,
2853 2091 2953 2146 οὐκ
2975 2092 3097 2146 εἶπε
3125 2090 3206 2147 Τὰ
3276 2088 3420 2164 μέλη
3468 2094 3566 2145 τοῦ
3616 2091 3759 2164 Χρι-

2104 2185 2235 2238 στοῦ
2265 2180 2434 2252 ζεύξω
2465 2181 2657 2256 πόρνῃ,
2689 2177 2818 2236 ἀλλ’
2875 2179 3007 2254 ὅπερ
3053 2179 3122 2248 ἧν
3165 2176 3459 2253 φρικῶδες,
3515 2178 3578 2233 τὸ
3632 2180 3762 2254 ἆραι

2103 2271 2170 2326 τὰ
2199 2271 2392 2326 ἑαυτοῦ
2421 2269 2565 2343 μέλη
2594 2275 2674 2343 τῷ
2732 2269 2869 2324 εἶναι
2927 2271 3166 2342 Χριστοῦ
3204 2269 3294 2323 καὶ
3351 2274 3579 2338 ποιῆσαι
3619 2269 3765 2323 εἶναι

2103 2359 2333 2434 πόρνης·
2370 2380 2398 2409 (ι
2438 2359 2697 2414 Ἔσονται
2755 2357 2883 2433 γὰρ,
2941 2357 3128 2436 φησὶν,
3190 2356 3242 2411 οἳ
3304 2353 3399 2410 δύο
3458 2356 3535 2418 εἷς
3592 2356 3769 2430 σάρκα

2111 2448 2265 2522 μίαν.
2305 2469 2336 2501 ιι
2368 2447 2464 2510 Εἷς
2517 2448 2818 2523 μαρτυρίαν
2862 2446 3014 2526 φέρει
3067 2446 3166 2514 τὴν
3210 2444 3477 2502 Παλαιάν.
3536 2449 3659 2507 Πῶς
3710 2442 3772 2500 δὲ

2106 2534 2319 2593 ἔσονται
2351 2536 2426 2599 εἷς
2481 2538 2652 2613 σάρκα
2701 2535 2875 2609 μίαν;
2924 2536 3044 2589 Ὀτι
3076 2538 3111 2605 ἡ
3146 2532 3372 2597 σύνοδος
3421 2534 3523 2589 οὐκ
3574 2534 3771 2610 ἀφίησι

2103 2629 2232 2690 τοὺς
2264 2624 2361 2681 δύο
2392 2626 2531 2682 εἶναι
2565 2623 2685 2699 δύο,
2717 2623 2846 2681 ἀλλ’
2873 2621 2968 2680 ἕνα
2996 2629 3165 2680 ποιεῖ.
3213 2621 3438 2693 Ἐπειδή
3476 2623 3618 2698 μὲλη
3668 2630 3769 2680 τοῦ

2108 2718 2354 2789 Χριστοῦ
2398 2713 2541 2769 ἐστιν
2570 2714 2599 2768 6
2628 2714 2916 2788 ἅνθρωπος
2964 2712 3251 2786 ἑνούμενος
3295 2715 3364 2786 τῇ
3413 2714 3608 2788 πόρνῃ,
3656 2714 3773 2768 ἑνοῖ

2106 2804 2296 2859 ἑαυτὸν
2329 2801 2466 2878 αὐτῇ
2493 2803 2584 2858 καὶ
2636 2803 2835 2877 μιαίνει
2884 2802 2952 2858 τᾶ
3012 2802 3155 2876 μέλη
3222 2807 3485 2878 Χριστοῦ.
3546 2802 3612 2859 Εἰ
3663 2803 3765 2878 γὰρ

2105 2892 2197 2948 καὶ
2228 2893 2304 2956 εἷς
2333 2893 2425 2948 τὸν
2459 2890 2725 2965 ἀληθινὸν
2756 2892 2934 2967 γάμον
2968 2893 3210 2948 ὲνοῦνται
3245 2893 3297 2947 οἱ
3351 2889 3447 2947 δύο
3481 2893 3556 2956 εἷς
3588 2904 3763 2968 σάρκα

2109 2981 2259 3058 μίαν,
2291 2981 2414 3038 ἀλλ’
2449 2982 2659 3055 ὁμοίως
2689 2982 2781 3037 καὶ
2835 2981 2911 3044 εἷς
2958 2983 3057 3051 τήν
3118 2976 3563 3054 διαϐεϐλημένην
3615 3000 3760 3051 πορ-

341 3080 507 3153 jugio
536 3078 824 3136 uniantur
866 3079 1021 3133 470
1073 3077 1190 3133 duo
1240 3076 1301 3132 in
1342 3093 1582 3133 carnem
1631 3058 1835 3143 unam,
1866 3078 1990 3149 pari

2105 3071 2266 3128 νείαν.
2309 3094 2330 3123 ι
2362 3072 2425 3129 Ὀ
2457 3068 2514 3126 δὲ
2569 3070 2933 3145 κολλώμενος
2979 3074 3059 3142 τῷ
3118 3070 3321 3146 Κυρίῳ.
3360 3094 3388 3121 ››
3443 3072 3584 3147 Ὅρα
3641 3075 3758 3133 πῶς

349 3175 550 3224 tamen
581 3168 758 3224 modo
790 3168 969 3223 etiam
1015 3166 1231 3222 accidit
1260 3167 1319 3221 in
1360 3166 1569 3222 infami
1603 3166 1991 3225 scortatione.

350 3281 378 3308 «
413 3260 487 3312 At
518 3257 619 3328 qui
668 3254 1070 3328 agglutinatur
1112 3255 1382 3311 Domino.
1440 3279 1462 3303 ι
1513 3256 1656 3309 Vide
1701 3255 1999 3326 quomodo

352 3346 575 3417 apertis
600 3345 947 3400 nominibus
973 3344 1147 3399 scorti
1173 3349 1232 3398 et
1250 3343 1487 3408 Christi,
1512 3345 1799 3415 producat
1827 3362 2000 3401 accu-

355 3432 931 3497 sationem,reddens
950 3432 1143 3503 ipsam
1165 3432 1513 3504 graviorem.
1532 3454 1559 3482 ‹‹
1575 3434 1735 3487 Unus
1759 3433 2001 3504 spiritus

356 3527 500 3578 est.»
519 3521 694 3589 Talis,
715 3520 1048 3592 inquit,etsi
1066 3536 1310 3592 corpore
1328 3520 2001 3594 circumdetur,spiritus

359 3617 557 3667 tamen
588 3610 864 3677 efﬁcitur,
897 3627 969 3667 ex
997 3609 1111 3665 hoc
1158 3609 1348 3665 solum
1385 3610 1541 3681 quod
1579 3610 1729 3666 nihil
1763 3613 2001 3668 carnale

356 3704 655 3773 operatur.
686 3731 756 3740 ——
785 3699 906 3754 Alio
934 3699 1111 3754 modo.
1145 3700 1264 3754 Aut
1293 3699 1432 3769 quia
1462 3716 1569 3771 per
1588 3700 1851 3755 medium
1874 3701 2002 3774 Spi-

336 3790 519 3845 ritum
552 3793 824 3844 sanctum
848 3789 966 3843 Deo
997 3787 1508 3861 conjungitur,qui
1532 3806 1638 3861 per
1658 3789 1995 3861 spiritualia

336 3895 518 3951 opera
563 3878 677 3950 ipsi
728 3877 1148 3951 agglutinatur.
1184 3909 1252 3920 —-
1283 3878 1412 3934 Alio
1463 3879 1639 3934 modo.
1686 3880 1872 3935 Unius
1904 3887 1994 3936 est

330 3968 572 4040 speciei,
605 3967 852 4023 omnino
884 3967 1212 4039 spiritualis
1245 3967 1505 4023 efficitur
1532 3971 1756 4025 unione
1787 3970 1859 4025 ad
1885 3971 1993 4026 Do-

328 4057 587 4123 minum,
611 4073 733 4112 non
755 4056 1074 4111 attrahitur
1095 4057 1436 4112 carnalibus
1456 4058 1989 4129 affectibusmeque

320 4144 621 4201 scinditur
643 4145 705 4199 in
723 4145 971 4216 duplum
991 4145 1426 4215 quiddam,Deo
1450 4148 1711 4201 serviens
1731 4151 1789 4203 et
1806 4164 1989 4203 mam-

326 4232 658 4298 mona,sed
676 4233 881 4288 unitus
895 4233 1141 4288 omnino
1157 4239 1552 4305 est,totusque
1567 4235 1988 4306 spiritualis,in

318 4321 566 4393 spiritus
582 4322 872 4377 unitatem
891 4321 1199 4377 adductus.
1222 4346 1249 4373 «
1271 4323 1457 4378 Omne
1478 4330 1785 4395 peccatum
1801 4326 1986 4397 quod-

2113 3159 2205 3217 διά
2233 3166 2455 3240 γυμνῶν
2484 3165 2593 3217 τῶν
2628 3162 2914 3235 ὀνομάτων
2949 3167 3051 3231 τῆς
3106 3159 3310 3236 πόρνης
3350 3160 3441 3215 καὶ
3488 3165 3585 3217 τοῦ
3626 3162 3764 3229 Χρι-

2112 3256 2262 3324 στοῦ,
2316 3252 2543 3328 προάγει
2599 3252 2699 3319 τήν
2755 3248 3114 3326 κατηγορίαν,
3188 3249 3511 3305 δεινοποιῶν
3569 3248 3766 3322 αὐτήν,

2116 3365 2145 3395 α
2173 3344 2271 3397 ’Ἐν
2300 3340 2509 3413 πνεῦμά
2538 3339 2704 3397 ἐστιν.
2742 3363 2769 3391 ››
2800 3340 2862 3396 Ὁ
2907 3343 3178 3405 τοιοῦτος,
3240 3340 3399 3419 φησὶ,
3456 3339 3554 3395 κᾶν
3606 3345 3767 3413 σῶμα

2111 3430 2435 3504 περίκειται,
2463 3433 2677 3504 πνεῦμα
2725 3428 2952 3504 γίνεται,
2996 3429 3164 3501 μόνον
3215 3433 3295 3502 τῷ
3358 3427 3526 3503 μηδὲν
3587 3424 3764 3484 ποιεῖν

2113 3522 2388 3597 σαρκικὸν.
2423 3552 2487 3565 -
2517 3518 2765 3582 Ἄλλως.
2819 3520 3156 3593 [ΟΙΚΟΥΜ.]
3202 3520 3271 3577 Ἥ
3325 3518 3408 3576 ὅτι
3458 3517 3544 3574 διά
3595 3518 3767 3592 μέσου

2110 3616 2208 3667 τοῦ
2238 3610 2393 3686 ἁγίου
2425 3610 2740 3683 Πνεύματος
2774 3610 3098 3664 συνάπτεται
3153 3610 3233 3682 τῷ
3289 3611 3526 3685 Χριστῷ,
3589 3629 3770 3682 προσ-

2111 3699 2470 3775 κολλώμενος
2518 3699 2667 3771 αὐτῷ
2726 3696 2815 3753 διὰ
2871 3701 2979 3753 τῶν
3033 3703 3412 3772 πνευματικῶν
3466 3697 3661 3774 ἔργων.
3697 3733 3771 3743 --

2108 3790 2359 3854 Ἄλλως.
2428 3790 2635 3864 [ΦΩΤ.]
2732 3788 3032 3858 Μονοειδής
3089 3788 3249 3859 ἐστιν,
3330 3786 3478 3851 ὅλως
3562 3787 3771 3865 γίνεται

2109 3880 2500 3954 πνευματικὸς,
2570 3880 2641 3953 τῇ
2709 3879 2846 3954 πρὸς
2920 3879 3013 3932 τὸν
3090 3877 3290 3954 Κύριον
3364 3878 3571 3934 ἑνώσει.
3650 3879 3768 3936 Οὐκ

2110 3969 2417 4044 ἐπισύρεται
2449 3969 2516 4024 τά
2546 3965 2774 4043 σαρκικά
2821 3964 2993 4037 πάθη,
3057 3964 3185 4022 οὐδὲ
3237 3967 3481 4043 σχίζεται
3539 3967 3615 4032 εἷς
3674 3965 3759 4023 διο

2106 4060 2286 4133 πλόην
2313 4061 2452 4129 τινὰ,
2485 4063 2600 4130 Θεῷ
2639 4054 2914 4112 δουλεύων
2969 4057 3060 4112 καὶ
3122 4062 3379 4131 μαμωνᾷ,
3428 4056 3557 4113 ἀλλ’
3611 4059 3765 4121 ὅλως

2106 4151 2302 4212 ἑνιαῖός
2335 4149 2446 4205 ἐστι
2478 4149 2568 4203 καὶ
2600 4147 2730 4208 ὅλος
2783 4148 3172 4220 πνευματικὸς,
3226 4146 3304 4211 εἷς
3345 4147 3574 4218 ἑνότητα
3629 4169 3764 4201 συν-

2104 4239 2373 4316 αγόμενος
2411 4236 2740 4311 πνεύματος.
2792 4260 2822 4289 ιι
2857 4242 2964 4292 Πᾶν
3014 4236 3316 4310 ἁμάρτημα
3346 4237 3376 4291 ὅ
3406 4235 3494 4291 ἐὰν
3552 4238 3765 4312 ποιήσῃ

2103 4328 2407 4402 ἅνθρωπος,
2440 4327 2593 4390 ἐκτὸς
2611 4330 2708 4381 τοῦ
2742 4325 2999 4399 σώματός
3030 4323 3192 4382 ἐστιν.
3230 4349 3256 4377 ››
3300 4324 3423 4382 Ἐπὶ
3466 4332 3567 4395 τῆς
3615 4345 3762 4400 πορ-

316 4426 551 4481 cunque
584 4410 794 4466 iecerit
813 4411 1014 4477 homo,
1041 4417 1205 4467 extra
1234 4429 1449 4483 corpus
1479 4419 1588 4468 est.
1618 4437 1638 4465 ι
1669 4415 1734 4468 In
1766 4422 1981 4471 scorta-

2102 4418 2265 4488 νεῖας,
2298 4416 2485 4494 φησὶν,
2518 4415 2647 4471 ὅλον
2678 4414 2970 4490 μολύνεται
2999 4414 3062 4470 τὸ
3094 4419 3273 4487 σῶμα.
3316 4417 3476 4479 ’Ὁοεν
3528 4414 3617 4470 καὶ
3669 4416 3762 4471 ἐπὶ

316 4498 501 4569 tione,
536 4500 754 4571 inquit,
785 4505 973 4555 totum
1003 4517 1219 4572 corpus
1240 4511 1709 4573 conspurcatur:
1739 4510 1978 4577 propter

314 4588 473 4660 quod
499 4589 679 4645 etiam
706 4588 888 4644 moris
912 4594 1004 4644 est
1026 4594 1094 4644 ut
1115 4589 1215 4659 qui
1238 4591 1478 4646 scortati
1502 4598 1643 4647 sunt
1661 4592 1735 4648 ad
1759 4593 1976 4650 balnea

313 4681 574 4731 currant.
612 4675 921 4732 Homicida
950 4693 1086 4732 vero
1119 4682 1177 4732 et
1205 4684 1407 4749 raptor
1436 4695 1648 4735 manus
1682 4680 1977 4739 duntaxat

312 4765 773 4821 commaculant.
808 4765 975 4830 Quod
1006 4770 1206 4821 autem
1247 4766 1412 4835 dicit,
1446 4769 1710 4841 «Fugite
1752 4778 1976 4827 scorta-

313 4854 559 4924 tionem,
593 4876 621 4904 »
657 4854 989 4911 studiosam
1021 4854 1295 4927 designat
1325 4857 1731 4913 evitationem.
1763 4890 1832 4901 -—-
1862 4862 1978 4916 Aut

311 4942 452 5012 quia
465 4948 680 4998 caetera
693 4944 834 4998 vitia
856 4960 927 4999 ex
951 4944 1626 5018 animiuniuscujusque
1642 4948 1977 5019 procedunt

310 5030 646 5097 affectibus,
669 5036 873 5103 utpote
896 5032 999 5086 ira:
1023 5032 1085 5087 in
1116 5032 1437 5103 homicida,
1466 5035 1662 5090 inanis
1684 5035 1887 5108 gloriaa
1910 5039 1974 5094 in

310 5116 405 5171 his
434 5118 536 5188 qui
581 5118 872 5174 ditescere
922 5120 1209 5190 cupiunt;
1243 5123 1522 5179 scortatio
1556 5140 1691 5178 vero
1739 5142 1809 5179 ex
1844 5127 1973 5197 ipso

307 5221 552 5276 corpore
575 5206 770 5263 fontes
793 5207 885 5262 sui
908 5207 1507 5266 habetardoris.Rem
1532 5218 1730 5268 autem
1757 5230 1972 5287 augere

304 5295 521 5363 noluit,
554 5297 840 5367 quoniam
892 5295 964 5352 de
996 5298 1202 5354 eodem
1255 5301 1567 5372 praemissa
1598 5307 1685 5357 est
1735 5304 1808 5359 ab
1842 5306 1972 5378 ipso

311 5386 666 5442 exhortatio.
699 5386 904 5458 Neque
935 5388 1096 5442 enim
1128 5390 1329 5445 omnia
1362 5391 1611 5446 omnino
1644 5394 1879 5450 excedit
1910 5397 1971 5453 in

303 5475 591 5546 pravitate
628 5475 933 5533 scortatio.
968 5476 1175 5531 Plures
1203 5479 1311 5534 hac
1334 5479 1406 5534 de
1441 5495 1504 5534 re
1538 5479 1702 5535 dedit
1728 5484 1974 5557 iterpre-

305 5565 563 5620 tationes
581 5565 793 5621 beatus
816 5565 1171 5622 Severianus
1194 5568 1690 5641 quinquagesimo
1717 5575 1971 5646 septimo

307 5654 630 5725 volumine,
656 5671 931 5711 sermone
951 5656 1149 5721 tertio,
1175 5657 1368 5727 capite
1382 5658 1615 5715 decimo
1640 5678 1797 5719 nono
1820 5665 1973 5723 hanc

2088 4506 2355 4586 βαλανεῖα
2393 4507 2610 4582 τρέχειν
2643 4503 2760 4567 ἔθος
2800 4510 2918 4567 τοῖς
2947 4503 3326 4579 πορνεύσασιν.
3358 4509 3417 4562 Ὁ
3446 4501 3505 4559 δέ
3554 4526 3614 4578 γε
3660 4505 3759 4559 ἀν-

2085 4597 2351 4676 δροφόνος
2379 4596 2471 4650 καὶ
2502 4595 2698 4671 ἅρπαξ,
2737 4599 2901 4670 χεῖρα
2963 4592 3259 4667 μολύνουσι
3319 4594 3503 4667 μόνον.
3560 4594 3633 4650 Τὸ
3667 4592 3753 4665 δὲ,

2086 4712 2113 4739 ‹‹
2149 4686 2384 4761 Φεύγετε
2410 4686 2512 4755 τήν
2556 4683 2832 4758 πορνείαν,
2895 4684 2999 4754 τήν
3055 4682 3189 4756 μετά
3241 4680 3485 4752 σπουδῆς
3541 4681 3755 4738 67:060-

2086 4777 2195 4854 χὴν
2226 4771 2410 4845 δηλοῖ.
2445 4805 2514 4817 ——
2542 4775 2874 4847 [ΟΙΚΟΥΜ.]
2906 4774 2975 4829 Ἣ
3021 4771 3106 4828 ὅτι
3154 4772 3222 4827 τὰ
3268 4769 3439 4828 λοιπᾶ
3491 4773 3754 4849 ἁμαρτῆ-

2089 4883 2230 4937 ματα
2286 4863 2377 4917 καῖ
2435 4860 2495 4917 ἐκ
2548 4864 2791 4937 ψυχικοῦ
2848 4861 3055 4925 πάθους
3106 4860 3336 4936 γίνεται,
3398 4860 3515 4915 οἷον
3572 4859 3749 4936 ὀργῆς

2084 4951 2171 5007 ἐπὶ
2213 4948 2574 5028 ἀνδροφόνου,
2630 4946 2935 5021 κενοδοξίας
2995 4948 3083 5004 ἐπὶ
3136 4949 3247 5006 τῶν
3306 4949 3570 5005 πλουτεῖν
3631 4948 3750 5004 ἐθε-

2085 5044 2315 5101 λόντων.
2356 5045 2420 5100 Ἢ
2455 5041 2512 5099 δὲ
2532 5064 2596 5119 γε
2625 5043 2851 5118 πορνεία
2880 5042 2932 5114 ἐξ
2992 5043 3156 5098 αὑτοῦ
3202 5047 3301 5098 τοῦ
3341 5043 3599 5116 σώματος
3646 5042 3747 5103 τὰς

2082 5137 2261 5211 πηγάς
2282 5129 2400 5212 ἔχει
2431 5140 2533 5204 τῆς
2591 5133 2901 5208 ἐπιθυμίας.
2951 5134 3171 5208 Ἐξᾶραι
3223 5131 3281 5189 δὲ
3328 5129 3622 5204 ἠϐουλήθη
3679 5133 3749 5187 τὸ

2083 5230 2330 5299 πρᾶγμα,
2363 5221 2549 5294 ἐπειδὴ
2601 5223 2726 5298 περὶ
2792 5222 2960 5279 αὐτοῦ
3007 5224 3296 5298 πρόκειται
3360 5223 3510 5294 αὐτῷ
3542 5223 3577 5292 ἡ
3608 5242 3752 5298 παρ-

2082 5314 2305 5376 αίνεσις.
2340 5314 2417 5371 Οὔ
2458 5313 2561 5388 γὰρ
2614 5314 2827 5377 πάντως
2877 5311 3092 5368 πάντων
3156 5318 3343 5388 χεῖρον
3403 5314 3438 5381 ἡ
3500 5311 3748 5386 πορνεία.

2081 5405 2248 5460 Εἶπεν
2309 5404 2383 5466 εἷς
2439 5403 2602 5459 τοῦτο
2678 5402 2904 5467 πλείους
2989 5403 3304 5477 ἑρμηνείας,
3368 5403 3395 5456 6
3454 5399 3511 5456 ἐν
3570 5400 3753 5477 ἁγίοις

2082 5494 2437 5566 Σευηριανὸς,
2469 5489 2654 5567 τεύχει
2688 5496 2785 5561 νζῇ
2819 5490 2973 5567 λόγω
3021 5492 3088 5567 γ’,
3145 5489 3426 5569 κεφαλαίῳ
3480 5489 3571 5557 ιθ’,
3617 5490 3753 5545 ταύ-

2077 5602 2178 5651 την
2207 5602 2266 5637 τε
2306 5580 2473 5651 αὐτὴν
2530 5580 2697 5637 εἰπὼν
2756 5585 2855 5636 τοῦ
2913 5581 3336 5656 Χρυσοστόμου,
3383 5578 3474 5635 καὶ
3536 5576 3745 5649 ἄλλην·

2078 5671 2225 5739 Ὁτι,
2253 5669 2444 5747 φησὶν,
2476 5671 2504 5723 6
2531 5670 2834 5743 πορνεύων,
2868 5669 2946 5733 εἷς
2976 5669 3077 5737 τήν
3136 5666 3281 5725 ἰδίαν
3329 5667 3604 5734 σύστασιν,
3652 5668 3747 5722 καὶ
