4118 6394
335 394 462 452 71Ἷ

1260 394 1678 457 COMMEN'I‘.
1728 393 1806 453 IN
1852 391 2108 453 EPIST.
2156 390 2180 449 Ι
2224 389 2326 449 ΑΙ)
2369 390 2739 450 CORINTH.

3643 396 3764 455 718

337 522 424 586 εἷς
459 524 626 592 αύτήν
657 526 760 594 τήν
813 529 911 580 τοῦ
970 527 1225 600 σώματος
1281 532 1377 583 τοῦ
1435 526 1780 600 ἀνθρωπείου
1837 547 2000 582 κατα-

2126 525 2308 597 ipsam
2341 527 2546 583 dicens
2579 544 2708 584 esse
2737 529 3140 601 Chrysostomi
3169 547 3182 585 :
3212 536 3272 586 et
3299 531 3656 597 aliam.Quia
3692 533 3766 602 is,

342 617 549 681 σκευήν
585 609 936 687 πλημμελεῖ,
991 611 1284 690 ἐνυϐρίζων
1344 618 1420 681 εἰς
1473 617 1536 672 τὸ
1594 620 1692 672 τοῦ
1751 617 2004 688 σώματος

341 705 512 772 ἡμῶν
539 702 913 777 ἐργαστήριον.
953 705 1058 760 Καὶ
1100 705 1298 774 ἂλλήν·
1353 708 1476 777 ”“()τι
1533 710 1694 778 σῶμα
1740 707 2006 778 Χριστού,

342 793 441 847 καὶ
481 791 621 866 μέλη
692 797 928 866 Χριστοῦ
987 793 1128 850 ἐστιν
1163 797 1191 849 6
1234 794 1536 870 ἄνθρωπος.
1595 797 1658 852 Ὁ
1717 795 1808 849 οὗν
1840 794 1915 855 εἰς
1944 792 2008 848 τὸ

347 879 497 936 ἴδιον
520 887 678 956 σῶμα
705 881 1083 956 πλημμελῶν,
1115 883 1190 946 εἷς
1235 884 1471 960 Χριστὸν
1527 881 1880 956 πλημμελεῖ,
1909 883 2009 950 τὴν

345 969 596 1048 κεφαλήν
640 972 825 1043 ἡμῶν,
886 971 950 1026 οὗ
997 973 1087 1027 καὶ
1142 974 1268 1034 ναός
1326 972 1439 1028 ἐστι
1490 973 1555 1028 τὸ
1611 977 1792 1045 σῶμα.
1857 971 2011 1028 Μετά

345 1064 571 1115 πάντων
602 1059 892 1116 καὶταῦτα
950 1059 1093 1132 δέξαι
1150 1062 1196 1117 εί
1259 1061 1471 1138 βούλευ
1533 1062 1749 1136 Ἐξᾶραι
1811 1058 2012 1136 βουλό-

353 1170 514 1222 μενος
544 1150 606 1204 τὸ
635 1156 735 1219 τῆς
779 1151 1027 1225 πορνείας
1085 1153 1407 1226 ἁμάρτημα,
1466 1153 1717 1206 τοιοῦτόν
1775 1172 1893 1205 τινα
1927 1145 2010 1205 λέ-

347 1261 437 1314 γει
499 1240 727 1309 σκοπὸν,
788 1241 872 1295 ὅτι
933 1240 1141 1316 μυρίων
1203 1241 1354 1311 ἄξιος
1411 1241 2006 1317 τιμωριῶνὸπόρνος.

345 1325 414 1382 Ὀ
449 1326 554 1402 γὰρ
582 1329 678 1381 τοῦ
715 1323 1008 1400 μολυσμοῦ
1053 1332 1151 1382 τοῦ
1183 1327 1388 1382 οἰκείου
1423 1328 1683 1400 σώματοσ
1718 1327 1793 1400 μή
1826 1322 2008 1400 φειδό-

356 1436 540 1488 μενος,
599 1419 718 1478 πῶς
773 1413 951 1471 ἄλλου
1011 1417 1254 1494 φείσαιτο
1292 1436 1305 1486 ;
1343 1423 1402 1475 Ὀ
1431 1417 1532 1492 γὰρ
1592 1417 1765 1487 ἑαυτῷ
1821 1414 2008 1480 κακὸς,

351 1503 463 1560 τίνι
494 1505 698 1580 ἀγαθός
731 1525 744 1574 ;

431 1676 533 1732 Καὶ
631 1673 863 1738 ἄλλως.
945 1677 1252 1752 Γέγραπται
1321 1675 1445 1750 περὶ
1509 1679 1607 1730 τοῦ
1664 1671 1860 1748 ἀνδρὸς
1919 1671 2010 1727 καὶ

353 1771 458 1835 τῆς
485 1765 763 1841 γυναικὸς,
801 1791 826 1817 ‹‹
861 1767 1114 1822 Ἔσονται
1177 1767 1228 1819 οἱ
1291 1763 1385 1820 δύο
1446 1765 1524 1828 είς
1579 1763 1749 1838 σάρκα
1802 1763 1950 1836 μίαν.
1982 1786 2010 1812 υ

2111 615 2437 686 inquit,qui
2470 623 2784 672 scortatur.
2818 618 2878 672 in
2912 619 3214 689 propriam
3247 625 3452 690 peccat
3483 620 3770 675 substan-

2114 704 2257 758 tiazn
2292 709 2350 758 et
2376 705 2435 758 in
2467 703 2657 776 ipsam
2717 705 2962 760 humani
2995 708 3260 778 corporis
3317 709 3761 774 formationem,

2115 793 2400 863 injuriam
2431 811 2715 850 exercens
2747 794 2809 849 in
2841 795 3106 866 corporis
3141 796 3326 850 nostri
3367 797 3768 852 ofﬁcinam.Et

2116 885 2352 938 tertiam
2379 901 2392 938 :
2415 885 2562 950 Quia
2583 887 2799 956 corpus
2831 885 3048 940 Christi
3076 890 3134 940 et
3153 886 3423 941 membra
3443 887 3620 942 homo
3651 893 3762 954 est,

2120 973 2220 1044 qui
2255 975 2315 1028 in
2347 975 2650 1046 proprium
2684 981 2890 1046 peccat
2920 975 3233 1046 corpus,in
3263 976 3560 1031 Christum
3591 981 3769 1048 caput

2117 1069 2387 1118 nostrum
2420 1071 2644 1136 peccat,
2679 1065 2849 1136 cujus
2880 1065 3057 1120 etiam
3094 1064 3382 1136 templum
3413 1071 3502 1120 est
3531 1082 3765 1137 corpus.

2117 1153 2280 1207 Inter
2308 1154 2509 1208 omnia
2538 1170 2674 1209 vero
2707 1160 2765 1208 et
2796 1155 2922 1209 hwc
2969 1154 3172 1224 accipe
3204 1153 3251 1208 si
3284 1153 3516 1225 placet:
3550 1154 3766 1209 Volens

2117 1243 2496 1298 scortationis
2513 1260 2727 1315 augere
2741 1249 3071 1315 peccatum,
3083 1242 3262 1298 talem
3278 1243 3624 1314 quempiam
3646 1259 3770 1298 sco-

2119 1348 2260 1402 pum
2294 1332 2492 1397 habet,
2547 1349 2763 1404 nempe
2817 1333 2974 1403 quod
3014 1332 3348 1387 innumeris
3407 1331 3621 1404 dignus
3680 1336 3772 1386 est

2120 1425 2412 1475 scortator
2441 1421 2752 1492 suppliciis
2784 1439 2796 1475 :
2833 1422 2934 1493 qui
2968 1421 3127 1476 enim
3159 1437 3276 1475 non
3309 1420 3571 1476 abstinet
3597 1437 3632 1476 a
3661 1421 3770 1476 foe-

2117 1507 2312 1563 dando
2344 1510 2583 1580 pr0prio
2617 1526 2884 1581 corpore,
2921 1509 3220 1581 quomodo
3254 1510 3325 1565 ab
3359 1509 3474 1566 alio
3505 1509 3770 1565 abstine-

2119 1596 2206 1651 bit
2229 1597 2256 1652 '?
2286 1600 2429 1654 Nam
2463 1600 2563 1670 qui
2597 1600 2707 1654 sibi
2743 1615 3002 1671 nequam
3035 1604 3145 1671 est,
3178 1600 3273 1656 cui
3301 1600 3495 1656 bonus
3525 1600 3685 1656 erit?

2189 1687 2322 1742 Λιίο
2372 1705 2590 1759 quoque
2645 1690 2829 1744 modd.
2891 1690 3188 1760 Scriptum
3247 1695 3338 1744 est
3395 1689 3468 1745 de
3535 1691 3658 1744 viro
3714 1695 3772 1744 et

2121 1775 2373 1832 muliere
2401 1794 2414 1831 :
2447 1780 2592 1833 471
2659 1801 2687 1828 ‹‹
2748 1781 2934 1833 Erunt
2963 1778 3078 1834 duo
3111 1779 3172 1833 in
3230 1795 3470 1834 carnem
3501 1796 3704 1835 unam.
3741 1802 3768 1828 ››

352 1855 418 1912 Ὁ
471 1852 562 1908 οὗν
627 1854 703 1926 μὴ
761 1853 918 1928 νόμῳ
975 1853 1438 1931 ἐπιτετραμμένος
1498 1852 1590 1908 λαὶ
1645 1853 1775 1925 θείῳ
1823 1851 2008 1926 γάμῳ,

2126 1865 2226 1929 Qui
2257 1882 2391 1936 ergo
2440 1883 2558 1921 non
2604 1867 2732 1940 lege
2781 1867 3066 1922 divinisve
3114 1869 3468 1939 conjunctus
3520 1873 3612 1923 est
3655 1885 3771 1923 nu-

356 1943 505 1998 ἀλλᾶ
533 1943 833 2016 πορνεύων,
868 1942 986 1999 δέον
1017 1941 1163 2020 ἔχειν
1220 1944 1405 2018 τίμιον
1454 1941 1628 2018 γάμον
1675 1941 1766 1996 καὶ
1822 1941 2013 2008 κοίτην

356 2032 641 2106 ἀμίαντον,
703 2033 762 2088 ἐκ
816 2041 918 2104 τῆς
972 2035 1224 2109 πορνείας
1267 2032 1357 2089 καί
1411 2040 1512 2103 τῆς
1578 2027 1716 2086 ἔνθεν
1777 2030 2012 2102 ιῖικαθοιρ⁸

359 2121 504 2189 σίας,
561 2117 834 2198 ἐνυϐρίζει
880 2123 974 2178 τὸν
1028 2125 1202 2197 γάμον
1230 2124 1321 2178 καὶ
1375 2123 1474 2190 τήν
1531 2125 1780 2198 γυναῖκα.
1839 2123 1897 2177 Ὀ
1958 2116 2014 2173 δὲ

356 2215 524 2266 τοῦτο
555 2215 752 2283 ποιῶν,
784 2211 864 2274 είς
897 2209 1036 2266 ἴδιον
1088 2217 1248 2285 σῶμα
1303 2211 1619 2287 ἁμαρτάνει,
1650 2209 1728 2272 εἷς
1784 2209 1881 2276 τήν
1911 2229 2010 2282 γυο

359 2305 521 2355 ναῖκα
551 2301 901 2376 ἁμαρτάνων,
935 2301 1058 2371 ἥτις
1113 2298 1166 2357 ἓν
1219 2302 1380 2375 σῶμά
1437 2299 1550 2354 ἐστι
1605 2299 1736 2372 μετᾶ
1791 2302 1888 2353 τοῦ
1919 2297 2013 2351 ἆν-

359 2387 510 2464 δρός.
547 2389 644 2446 Καὶ
669 2392 830 2463 σῶμά
861 2390 974 2446 ἐστι
1004 2395 1101 2447 τοῦ
1133 2388 1349 2466 ἀνδρὸς,
1391 2389 1524 2454 καθὸ
1580 2386 1792 2462 πλευρά
1848 2386 2012 2441 αὐτοῦ

356 2478 501 2533 ἐστιν
533 2479 623 2534 καὶ
653 2477 704 2549 ἒξ
739 2482 909 2535 αὐτοῦ
962 2478 1199 2559 ἐλήφθη.
1257 2481 1374 2549 Τὴν
1438 2476 1750 2534 τελευταίαν
1804 2475 2012 2548 νομίξω

353 2564 660 2637 καλλίστην
691 2568 854 2621 εἶναι·
889 2565 1159 2636 ἀνελλιπῆ
1204 2567 1309 2644 γὰρ
1361 2567 1461 2636 τήν
1514 2569 1613 2620 τοῦ
1665 2564 1836 2640 ῥητοῦ
1895 2560 2012 2616 διά-

350 2678 504 2711 νοιαν
535 2659 717 2727 σώζει.
774 2657 1099 2732 Εὐρίσκεται
1142 2659 1244 2733 γὰρ
1304 2655 1499 2718 οὕτως’
1553 2660 1664 2711 Ιίἆν
1713 2652 2014 2728 ἁμάρτημα

347 2748 375 2801 ’ὀ
405 2745 466 2801 ἂν
493 2748 669 2822 πράξῃ
699 2745 1010 2822 ἄνθρωπος,
1044 2745 1196 2810 ἐκτός
1252 2745 1366 2802 ἐστι
1395 2753 1496 2816 τῆς
1554 2746 1692 2815 πρὸς
1757 2745 1856 2814 τὴν
1913 2765 2012 2820 γυ-

346 2841 507 2891 ναῖκα
567 2835 806 2910 ἐπιμίξει
865 2835 1150 2913 παροινίας
1186 2882 1200 2909 ,
1259 2836 1351 2891 καὶ
1409 2833 1740 2910 ἀκαθαρσίας
1777 2878 1788 2890 .
1846 2833 1908 2889 Ὀ
1957 2829 2013 2887 δὲ

346 2925 624 2997 πορνεύων
659 2969 674 2996 ,
734 2927 810 2989 εἰς
860 2929 960 2997 τήν
1017 2931 1247 3003 γυναῖκα
1298 2925 1616 3002 ἁμαρτάνει,
1681 2923 2013 2997 ἀκαθαρσίας

350 3017 524 3085 αὐτὴν
585 3015 945 3089 ἀναπιμπλάς
994 3015 1084 3071 καί
1125 3016 1519 3093 αἰσχρότητος.
1553 3014 1649 3068 Καὶ
1701 3017 1798 3068 τοῦ
1857 3011 2012 3087 ἁγίου

351 3105 678 3170 Ἀθανασίου
737 3105 847 3160 ἐστὶ
910 3106 1046 3180 πρὸς
1102 3105 1319 3167 τούτοις
1383 3105 1577 3158 ἅπασιν
1625 3101 1901 3176 ἑρμηνεία,
1956 3099 2008 3156 ἐν

354 3199 438 3266 τῷ
496 3195 626 3271 Ηερὶ
684 3199 884 3267 σεμνοῦ
941 3194 1120 3270 γάμου
1157 3237 1174 3265 ,
1230 3194 1322 3248 καὶ
1379 3193 1517 3267 πρὸς
1581 3190 1798 3254 τούτοις
1851 3187 2006 3250 ὅλοις

357 3257 704 3358 ἡρμήνειυσεν
737 3282 930 3344 οὕτως’
955 3257 1118 3358 Ἰίρὸς
1166 3257 1550 3356 ἁϐροδιαίτους
1585 3282 1674 3335 καὶ
1733 3278 2006 3359 φιλοσάρ-
2045 3257 2094 3324 c

356 3395 488 3436 κους
519 3374 744 3451 γράφων
777 3374 805 3427 6
837 3373 1075 3444 Παῦλος,
1134 3376 1203 3446 τῇ
1258 3371 1432 3427 αὐτῶν
1493 3369 1823 3448 φιλοσαρκία
1880 3391 2008 3423 συν-

360 3469 504 3541 εργῷ
527 3463 802 3539 ἐχρήσατο
834 3463 970 3538 πρὸς
1028 3464 1126 3533 τὴν
1181 3468 1282 3531 τῆς
1337 3461 1591 3536 πορνείας
1657 3460 2009 3535 παραίτησιν,

362 3557 522 3608 τοῦτο
555 3551 752 3628 λέγων,
785 3550 870 3607 ὅτι
901 3554 967 3606 τὰ
996 3549 1168 3606 λοιπά
1221 3552 1590 3626 ἁμαρτήματα
1647 3551 1831 3624 ψυχὴν
1889 3546 2010 3603 ἀδι-

365 3649 471 3711 κεῖ,
499 3644 586 3699 καὶ
618 3642 695 3705 είς
744 3642 912 3712 αὐτὴν
971 3641 1144 3716 μόνην
1203 3643 1302 3710 τήν
1368 3635 1580 3715 βλάϐην
1634 3638 2006 3714 παραπέμπειδ

378 3732 408 3784 6
437 3728 573 3806 δὲγε
623 3731 925 3808 πορνεύων.
982 3731 1073 3785 σὺν
1103 3735 1170 3803 τῇ
1204 3733 1358 3808 ψυχῇ
1413 3730 1502 3783 καὶ
1561 3729 1622 3783 τὸ
1683 3733 1842 3800 σῶμα
1891 3727 2010 3783 ἀδι-

373 3825 473 3889 κεῖ,
507 3822 725 3897 φθείρων
765 3822 896 3877 αὐτὸ
950 3821 1040 3876 καὶ
1098 3817 1439 3892 ὲκδυναμῶν,
1490 3817 1581 3872 καὶ
1633 3819 1724 3872 τὸν
1771 3819 2009 3892 ψυχικὸν

367 3911 454 3963 καί
491 3913 716 3980 ζωτικὸν
745 3913 1016 3986 καθαιρῶν
1061 3910 1241 3977 τόνον,
1273 3907 1347 3968 ὡς
1409 3906 1456 3961 εί
1513 3907 1682 3962 εἶπεν·
1751 3909 2014 3962 Φείσασθε

363 3998 462 4054 κᾶν
490 4003 588 4054 τοῦ
665 4000 921 4074 σώματος
983 4000 1134 4074 ὑμῶν
1191 3999 1220 4052 ’ὁ
1277 3995 1560 4072 περιέπετε
1613 3995 1703 4051 καὶ
1759 3995 2011 4066 θάλπετε,

365 4090 455 4143 καὶ
533 4094 597 4146 οὗ
657 4091 916 4165 πρόνοιαν
976 4089 1244 4158 πλείστην
1302 4089 1559 4142 ποιεῖσθε.
1596 4119 1660 4129 -
1694 4088 1850 4160 [ΤΟΥ
1900 4091 2014 4142 AT-

361 4182 539 4253 ΤΟΥ,]
570 4181 631 4235 Τί
663 4182 756 4236 οὗν
786 4203 801 4251 ;
838 4182 866 4235 6
898 4180 1120 4258 φθόνος,
1160 4179 1347 4258 φησὶν,
1391 4177 1453 4232 οὐ
1511 4178 1666 4247 τήκει
1717 4177 1779 4232 τὸ
1814 4181 2012 4248 adma;

360 4269 416 4323 τί
450 4269 543 4324 οὖν
577 4270 748 4343 μόνην
777 4271 878 4339 τήν
934 4267 1186 4343 πορνείαν
1244 4271 1406 4322 τοῦτο
1437 4267 1544 4342 ιρής
1600 4273 1775 4321 ποιεῖν
1809 4285 1822 4334 ;
1886 4267 2014 4321 Δίαν

361 4360 623 4438 ἀσφαλῶς
681 4360 824 4415 εἶπεν
899 4361 928 4414 6
1009 4355 1368 4418 Ἀπόστολος.
1443 4357 1587 4426 Φησὶ
1647 4357 1770 4432 γὰρ.
1828 4382 1856 4409 α
1909 4358 2018 4413 Πᾶν

365 4451 720 4526 ἁμάρτημαὸ
752 4449 838 4504 ἐὰν
873 4450 1093 4519 ποιήσει
1123 4445 1426 4520 ἄνθρωπος,
1485 4443 1635 4508 ἐκτὸς
1683 4450 1779 4500 τοῦ
1838 4447 2020 4520 σώμα-

360 4538 457 4601 τός
511 4539 730 4594 ἐστιν’»
791 4540 818 4594 ὁ
877 4535 934 4593 δὲ
1017 4535 1212 4614 φθόνος
1273 4535 1334 4589 οὒ
1389 4533 1594 4608 γίνεται
1651 4535 1778 4609 παρ’
1835 4537 2016 4607 ἡμῶν,

2122 1955 2394 2025 ptiis,sed
2426 1957 2847 2026 scortatur,ubi
2881 1974 3028 2029 opus
3059 1963 3218 2012 esset
3240 1957 3653 2013 honorandum
3671 1957 3772 2012 ha‘

2122 2043 2260 2098 bere
2311 2045 2672 2100 connubium
2731 2051 3049 2116 torumque
3109 2045 3560 2100 immaculatum
3597 2045 3665 2110 ⁸⁸,
3698 2062 3769 2100 ex

2123 2133 2481 2188 scortatione
2530 2139 2588 2188 et
2618 2134 2999 2189 immunditia
3028 2151 3159 2204 quas
3190 2133 3330 2188 inde
3380 2135 3649 2205 provenit
3679 2134 3767 2188 in-

2114 2222 2278 2293 juria
2329 2222 2517 2277 afficit
2567 2223 2805 2294 nuptias
2856 2229 2915 2278 et
2966 2239 3235 2278 uxorem.
3269 2223 3377 2287 Qui
3426 2229 3625 2277 autem
3658 2223 3770 2277 hoc

2120 2311 2350 2376 facit,in
2374 2312 2677 2383 proprium
2701 2329 2914 2384 corpus
2933 2312 3250 2382 delinquit,
3275 2311 3416 2366 dum
3442 2311 3501 2366 in
3524 2329 3770 2366 uxorem

2123 2399 2439 2470 delinquit,
2475 2417 2605 2471 qua:
2636 2418 2823 2456 unum
2857 2417 3072 2472 corpus
3131 2406 3220 2454 est
3251 2417 3384 2454 cum
3442 2400 3602 2465 viro;
3653 2399 3772 2455 imo

2122 2507 2336 2562 corpus
2358 2491 2464 2544 viri
2500 2497 2590 2546 est
2612 2507 2681 2546 ea
2702 2492 2931 2546 ratione
2951 2509 3069 2561 qua
3093 2492 3279 2562 ipsius
3301 2491 3458 2546 latus
3490 2496 3580 2545 est
3611 2497 3670 2545 et
3699 2491 3772 2545 ab

2123 2596 2191 2634 eo
2225 2585 2480 2650 sumpta.
2515 2581 2734 2636 Harum
2788 2581 3352 2652 interpretationum
3409 2585 3771 2651 postremam

2123 2668 2379 2722 arbitror
2430 2685 2558 2724 esse
2616 2669 3104 2740 pulcherrimam.
3155 2670 3356 2724 Servat
3391 2671 3549 2723 enim
3607 2668 3770 2723 verbi

2123 2758 2503 2822 sententiam,
2537 2757 2620 2812 sic
2651 2765 2717 2813 ut
2744 2759 2895 2813 nihil
2926 2759 3015 2813 illi
3048 2758 3223 2826 desit,
3257 2759 3528 2830 nihilque
3578 2758 3769 2813 abun-

2123 2845 2239 2900 det.
2275 2847 2420 2902 Nam
2452 2848 2564 2902 hoc
2612 2848 2790 2902 modo
2821 2847 3139 2903 deducitur
3171 2865 3184 2902 :
3218 2850 3405 2904 Omne
3461 2853 3772 2918 peccatum

2121 2936 2520 3006 quodcunque
2550 2937 2760 2992 fecerit
2787 2937 3148 3004 homo,illud
3177 2937 3522 3008 Operabitur
3547 2937 3773 3007 absque

2121 3026 2484 3080 contumelia
2500 3025 2966 3081 acimmunditia
2995 3043 3125 3097 qua:
3161 3026 3227 3080 fit
3257 3026 3316 3080 in
3351 3043 3595 3080 uxorem
3623 3041 3634 3078 :
3670 3024 3771 3096 qui

2122 3120 2319 3170 autem
2354 3116 2739 3181 scortatur,in
2771 3132 3018 3171 uxorem
3050 3115 3670 3186 peccat,immunditia
3704 3130 3774 3169 ac

2122 3205 2488 3275 turpitudine
2521 3206 2711 3276 ipsam
2746 3205 3003 3276 replens.
3033 3206 3250 3259 Prwter
3274 3205 3398 3259 haec
3429 3204 3629 3258 omnia
3659 3202 3775 3256 divi

2123 3309 2359 3364 quoquc
2389 3294 2696 3349 Athanasii
2729 3294 2905 3350 datur
2930 3293 3368 3365 interpretatio,
3402 3293 3503 3363 qui
3536 3292 3598 3345 in
3626 3291 3776 3345 libro

2118 3384 2191 3438 De
2219 3386 2542 3440 venerandis
2567 3385 2970 3455 nuptiis,ultra
2998 3385 3110 3439 ista
3133 3383 3339 3438 omnia
3365 3383 3448 3438 ita
3477 3382 3776 3452 interpre-

2119 3476 2275 3527 tatus
2292 3478 2380 3526 est
2398 3489 2409 3526 :
2427 3473 2513 3527 Ad
2535 3473 2821 3528 delicatos
2840 3489 2906 3527 ac
2920 3470 3326 3543 voluptuarios
3343 3470 3614 3525 scribens
3635 3470 3781 3523 Pau-

2119 3560 2213 3616 lus
2243 3562 2464 3616 auxilio
2523 3561 2913 3633 voluptuariae
2944 3578 3152 3616 eorum
3206 3561 3336 3615 vita:
3378 3576 3524 3614 usus
3582 3563 3671 3613 est
3703 3556 3777 3611 ad

2121 3653 2496 3706 scorta7ionis
2538 3651 2976 3722 depulsionem,
2997 3652 3108 3705 hoc
3142 3647 3535 3719 dicens,quod
3563 3653 3780 3702 caetera

2126 3746 2368 3810 peccata
2388 3740 2654 3795 animam
2679 3740 2900 3810 injuria
2920 3740 3276 3805 afﬁciunt,et
3291 3739 3350 3792 in
3373 3737 3560 3792 solam
3585 3737 3775 3806 ipsam

2125 3835 2550 3884 nocumentum
2569 3829 3016 3894 transmittunt;
3044 3829 3145 3898 qui
3168 3844 3302 3882 vero
3329 3832 3778 3889 scortatur,cor-

2123 3935 2235 3989 pus
2257 3935 2374 3972 una
2396 3933 2531 3972 cum
2554 3918 2757 3973 anima
2771 3917 3607 3987 afficitinjuria,corrumpens
3630 3912 3780 3967 illud

2126 4025 2193 4062 ac
2227 4007 2569 4072 debilitans,
2607 4013 2665 4060 et
2715 4006 3037 4061 animalem
3095 4021 3163 4061 ac
3205 4003 3445 4060 vitalem
3504 4003 3783 4057 auferens

2125 4099 2493 4170 vigorem.Ac
2528 4097 2576 4151 si
2610 4097 2860 4151 dixisset
2894 4113 2906 4149 :
2941 4097 3171 4150 Parcite
3206 4094 3296 4149 vel
3328 4093 3559 4165 corpori
3591 4097 3783 4147 vestro

2128 4187 2289 4258 quod
2321 4186 2590 4241 excolitis
2621 4203 2689 4240 ac
2711 4185 3010 4252 fovetis,et
3037 4185 3209 4257 cujus
3233 4199 3531 4239 summam
3555 4180 3788 4237 habetis

2127 4277 2443 4332 rationem.
2473 4307 2542 4316 -—-
2575 4274 2721 4340 Quid
2757 4275 2937 4347 ergo?
2967 4291 3168 4329 annon
3203 4279 3261 4328 et
3299 4271 3520 4328 invidia
3574 4287 3790 4341 corpus

2128 4365 2566 4422 macerat?cur
2615 4381 2751 4435 ergo
2803 4365 2989 4420 solam
3024 4363 3451 4419 scortationem
3499 4360 3649 4416 dicis
3679 4360 3792 4414 hoc

2129 4456 2323 4510 facere
2345 4455 2373 4509 ‘?
2399 4454 2578 4509 Caute
2610 4453 2936 4508 admodum
2969 4453 3204 4508 locutus
3227 4459 3318 4507 est
3349 4450 3691 4523 Apostolus.
3717 4451 3792 4502 At

2133 4544 2294 4599 enim
2329 4566 2356 4594 «
2387 4544 2576 4597 Omne
2608 4548 2916 4613 peccatum
2941 4541 3341 4612 quodcunque
3373 4540 3582 4595 fecerit
3613 4539 3790 4592 homo

361 4628 495 4685 ἀλλ’
525 4628 832 4706 ἐνγργεῖται
893 4627 970 4690 εἰς
1029 4627 1197 4700 ἡμᾶς*
1265 4624 1553 4700 πάσχομεν
1610 4622 1734 4697 γὰρ,
1795 4621 1923 4678 ἀλλ’
1954 4626 2015 4680 οὗ

2131 4638 2296 4687 extra
2325 4648 2540 4702 corpus
2573 4637 2705 4694 est;
2738 4653 2765 4679 ››
2800 4631 3022 4685 invidia
3052 4647 3186 4684 vero
3241 4646 3357 4684 non
3395 4629 3462 4682 fit
3503 4645 3538 4683 a
3592 4626 3789 4695 nobis,

362 4722 636 4791 ποιοῦμεν
666 4719 759 4773 τὸν
791 4717 1005 4794 φθόνον,
1038 4715 1129 4769 καὶ
1159 4714 1326 4776 πάθος
1378 4711 1540 4784 ἐστὶν,
1591 4709 1720 4765 ἀλλ’
1750 4711 1847 4767 οὐκ
1877 4712 2026 4790 ἐνέρ-

365 4830 512 4884 γεια,
543 4807 668 4884 περὶ
699 4806 963 4884 ἐνεργείας
1003 4803 1060 4860 δὲ
1088 4807 1176 4858 νύν
1234 4803 1264 4858 6
1323 4801 1490 4876 λόγος
1547 4804 1626 4871 τῷ
1683 4801 2024 4878 Ἀποστόλῳ·

371 4899 506 4978 φησὶ
539 4899 662 4974 γὰρ,
696 4922 724 4949 ‹‹
763 4901 871 4952 Πᾶν
903 4896 1205 4968 ἁμάρτημα
1236 4893 1265 4946 ’ὀ
1299 4891 1385 4946 ἐὰν
1411 4892 1618 4964 ποιήσῃ
1653 4891 1964 4966 ἄνθρωπος.
2001 4919 2030 4948 ››

372 4989 440 5043 ού
476 4997 586 5060 μήν
617 4987 742 5062 περὶ
802 4985 1031 5050 πάθους.
1059 5015 1129 5026 -
1158 4979 1388 5042 ’Ἄλλως
1449 4981 1666 5052 [ΦΩΤ.]
1734 4980 1878 5037 Αὐτὸ
1935 5007 2032 5058 με-

378 5077 520 5152 ρίζει
548 5076 612 5131 τὸ
637 5073 782 5130 ’ίδιον
811 5079 994 5149 σῶμα,
1022 5073 1114 5128 καὶ
1147 5071 1223 5133 εἷς
1255 5071 1466 5137 ἑαυτὸν,
1493 5066 1624 5122 ἀλλ’
1673 5068 1772 5124 οὐκ
1792 5071 1867 5134 εἷς
1901 5071 1956 5128 δι’)
1975 5072 2033 5128 λ-

372 5167 474 5222 λον
506 5168 608 5236 τήν
638 5164 848 5221 ἀδικίαν
897 5160 1284 5227 ἐπιδείκνυται,
1346 5158 1478 5234 ὅπερ
1537 5157 1620 5213 ἐπ’
1686 5157 1867 5214 οὐδενὶ
1922 5169 2032 5218 τῶν

371 5255 564 5313 ἄλλων
609 5251 750 5310 ἔστιν
797 5255 970 5329 εύρεῖν
1028 5251 1461 5324 ἀμαοτημᾶτων.
1525 5248 1721 5309 Πάντες
1777 5248 1877 5325 γάρ
1936 5251 2036 5311 ἄλ,

373 5347 508 5408 λους
547 5344 881 5420 βλάπτοντες
949 5341 1372 5417 ἁμαρτάνουσιν,
1403 5339 1432 5392 6
1463 5333 1521 5392 δὲ
1577 5339 1879 5412 πορνεύων,
1913 5341 2038 5397 ἑκυ-

365 5437 466 5492 τὸν
503 5434 761 5511 βλάπτων
791 5433 881 5489 καὶ
911 5435 1248 5487 κακοποιῶν.
1284 5460 1352 5471 —
1384 5424 1637 5488 Ἄλλως.
1674 5427 1737 5484 Ἦ
1767 5426 2034 5508 ἐπαγωγὴ

369 5526 616 5582 δείκνυσι
642 5528 744 5596 τήν
776 5521 980 5580 ἔννοιαν
1011 5526 1109 5578 τοῦ
1139 5518 1578 5596 προτεταγμένου
1622 5517 1791 5588 αὐτῆς
1843 5520 2034 5593 ῥητοῦ·

443 5677 494 5715 ⁸⁸
521 5680 697 5736 Hebr.
727 5697 851 5747 xm,
885 5681 936 5735 4.

2138 4721 2244 4775 sed
2273 4720 2333 4773 in
2361 4736 2470 4773 nos
2492 4719 2769 4774 efficitur.
2804 4719 3070 4773 Patimur
3100 4719 3262 4773 enim
3310 4723 3368 4772 et
3392 4733 3513 4770 non
3562 4715 3793 4786 agimus

2141 4808 2445 4872 invidiam,
2479 4808 2798 4879 passioque
2827 4812 2916 4862 est
2945 4813 3003 4860 et
3034 4823 3153 4861 non
3182 4806 3335 4861 actio
3367 4820 3563 4859 :nunc
3595 4808 3793 4857 autem

2142 4899 2215 4955 de
2237 4897 2468 4954 actione
2484 4913 2823 4952 sermonem
2845 4896 2985 4951 facit
2997 4895 3402 4968 Apostolus,et
3415 4908 3794 4964 nequaquam

2143 4988 2215 5044 de
2243 4987 2644 5060 passione.Ait
2667 4986 2824 5041 enim
2850 5004 2862 5040 :
2895 5008 2922 5037 ‹‹
2945 4987 3130 5041 Omne
3163 4988 3469 5057 peccatum
3495 4981 3798 5053 quodcun-

2144 5095 2260 5150 que
2290 5077 2497 5133 fecerit
2525 5076 2757 5130 homo»
2796 5105 2864 5116 —
2895 5075 3028 5129 Alio
3056 5074 3447 5146 modo.lpsum
3479 5088 3651 5127 suum
3676 5087 3801 5125 cor-

2145 5185 2256 5240 pus
2288 5166 2516 5232 dividit,
2549 5170 2608 5220 et
2654 5166 2715 5220 in
2766 5165 3029 5236 seipsum
3065 5181 3185 5219 non
3235 5163 3298 5217 in
3331 5162 3516 5218 alium
3566 5165 3801 5216 exercet

2146 5256 2523 5330 injustitiam,
2560 5253 2717 5326 quod
2750 5254 2819 5309 de
2847 5253 3014 5309 nullo
3047 5253 3303 5308 aliorum
3330 5251 3629 5307 invenitur
3659 5267 3800 5321 pec-

2147 5346 2662 5403 catorum.0mnes
2691 5345 2850 5399 enim
2873 5343 3006 5400 aliis
3029 5349 3458 5399 nocumentum
3489 5339 3800 5396 inferendo

2149 5441 2398 5509 peccant
2436 5453 2448 5490 :
2491 5435 2592 5506 qui
2624 5451 2760 5489 vero
2794 5439 3092 5489 scortatur
3123 5433 3234 5488 sibi
3269 5432 3383 5505 ipsi
3415 5429 3803 5500 nocet,malo-

2153 5542 2266 5598 que
2300 5525 2506 5581 afﬁcit.
2542 5556 2610 5565 —
2638 5525 2771 5580 Alio
2801 5523 2982 5578 modo.
3009 5521 3294 5578 Deductio
3327 5519 3618 5594 praemissi
3642 5517 3802 5572 verbi
