4118 6380
414 373 533 432 719

1536 368 1948 432 (ΕΟΗΜΕΝΙΙ
1991 364 2298 426 TRICCIE
2341 364 2694 428 EPISCOPI

3715 367 3833 426 ’120

404 506 582 562 talem
612 503 874 561 ostendit
902 519 1030 557 esse
1065 502 1473 559 intellectum:
1501 505 1568 560 In
1601 503 1906 574 proprium
1923 516 2024 555 cor

2158 497 2419 565 τοιαύτην
2452 498 2606 551 εἶναι⁹
2643 495 2737 558 Εἰς
2779 495 2842 550 τὸ
2902 492 3040 549 ἴδιον
3098 498 3258 567 σῶμα
3320 493 3639 571 ἁμαρτάνει,
3697 498 3822 551 οἷον

415 611 522 666 pus
554 599 777 664 peccat,
811 593 966 647 412
997 593 1111 647 hoc
1142 598 1252 661 est,
1286 593 1346 648 in
1375 594 1570 664 ipsum
1603 592 1907 664 proprium
1943 590 2053 644 Do—

415 685 562 738 mini
593 683 1066 754 corpus.Etenim
1097 682 1441 755 subjungit:
1479 707 1502 732 α
1523 691 1611 737 Au
1631 683 1874 738 nescitis
1897 679 2053 750 quod

404 787 653 843 corpora
677 778 870 826 vestra
899 771 1190 842 templum
1224 779 1365 826 sunt
1388 772 1642 842 Spiritus
1676 771 1867 826 sancti
1894 786 1909 829 :
1937 792 1962 816 ››
1997 774 2054 823 et

405 877 640 915 rursum
668 877 730 914 ;‹‹
763 863 832 915 Ει
852 877 971 915 non
999 861 1140 915 estis
1162 861 1338 916 vestri
1365 861 1521 931 juris
1549 879 1560 927 ;
1597 867 1654 915 et
1674 859 1850 930 paulo
1873 864 2010 914 ante
2037 875 2051 912 :

401 972 430 1000 ‹‹
464 952 553 1004 An
586 949 832 1004 nescitis
872 949 1032 1019 quod
1063 966 1311 1019 corpora
1363 957 1556 1004 vestra
1589 949 1857 1004 membra
1913 952 2054 1002 sunt

399 1039 664 1093 Christi?
696 1060 724 1087 »
743 1055 1132 1108 rursumque:
1168 1060 1195 1088 «
1228 1039 1377 1093 Num
1409 1039 1589 1109 igitur
1621 1038 1836 1093 tollens
1864 1053 2052 1092 mem-

398 1128 504 1183 bra
532 1127 850 1184 Cbristi...?
881 1149 906 1175 »
947 1129 1152 1198 Itaque
1184 1127 1234 1181 is
1266 1128 1366 1198 qui
1400 1128 1789 1193 scortatur,in
1813 1127 2052 1198 propria

394 1216 613 1271 Christi
672 1216 939 1272 membra
998 1223 1056 1271 et
1105 1216 1166 1272 in
1223 1217 1410 1287 ipsius
1458 1234 1674 1287 corpus
1731 1215 2051 1285 delinquit.

395 1304 546 1370 Quid
565 1320 703 1377 ergo
720 1304 748 1358 ?
769 1305 998 1375 inquit:
1025 1304 1124 1375 qui
1149 1305 1211 1359 in
1229 1305 1464 1360 casteria
1481 1304 1841 1374 delinquunt
1867 1302 2046 1365 vitiis,

393 1410 596 1448 annon
624 1399 684 1448 et
713 1393 825 1464 ipsi
849 1393 1023 1464 juxta
1055 1393 1334 1448 eumdem
1365 1409 1707 1448 sermonem
1741 1392 1800 1446 in
1831 1391 2046 1446 Christi

391 1499 606 1553 corpus
626 1481 1029 1552 delinquunt?
1049 1485 1118 1538 Et
1143 1483 1400 1538 dicimus
1423 1482 1582 1552 quod
1607 1499 1728 1538 non
1750 1499 1820 1538 eo
1846 1481 2044 1537 modo.

391 1573 740 1641 Quanquam
762 1570 923 1626 enim
949 1571 998 1625 is
1022 1571 1122 1641 qui
1146 1571 1506 1637 furatur,aut
1528 1570 1628 1641 qui
1655 1570 2044 1626 homicidium

392 1660 847 1730 committit,per
875 1659 1120 1730 aliquod
1144 1660 1480 1716 membrum
1513 1665 1823 1730 peccatum
1845 1659 2043 1726 faciat,

389 1756 448 1804 at
471 1767 590 1805 non
611 1750 809 1821 ipsum
836 1749 1194 1816 membrum,
1221 1751 1324 1806 sed
1347 1757 1511 1805 extra
1537 1756 1596 1805 et
1620 1751 1679 1804 in
1704 1750 2043 1820 quempiam

388 1839 574 1894 alium
597 1844 879 1910 operatur
900 1839 1124 1894 malum
1149 1856 1162 1893 :
1188 1840 1289 1909 qui
1315 1856 1446 1895 vero
1465 1845 1895 1910 scortatur,per
1917 1839 2043 1910 ipsa

387 1945 624 2000 quoque
656 1928 924 1984 membra
954 1928 1109 1984 sicut
1132 1935 1191 1985 et
1221 1929 1398 1996 illi,et
1427 1929 1489 1985 in
1513 1945 1621 1984 sua
1653 1929 1919 1984 membra
1949 1935 2040 1984 to-

386 2024 633 2087 tumque
644 2034 860 2087 corpus
873 2022 1303 2073 Documentum
1318 2025 1375 2071 et
1399 2017 1480 2088 inj
1492 2018 1682 2073 uriam
1697 2018 2036 2072 committit.

385 2133 454 2147 -~
467 2110 502 2161 Α
514 2107 590 2160 tio
601 2108 910 2161 modo.Non
924 2106 1212 2171 dixit,Per
1223 2123 1437 2177 corpus
1455 2107 1848 2178 peccat,quod
1867 2107 2036 2162 multi

384 2195 815 2262 existimantes,
873 2197 1179 2267 negotium
1232 2196 1537 2251 facessunt
1588 2195 2035 2266 interpretibus,

386 2284 489 2339 sed
517 2304 538 2335 ι
559 2286 627 2338 In
653 2285 958 2356 proprium
979 2300 1194 2356 corpus
1211 2291 1470 2356 peccat,»
1497 2284 1557 2339 in
1579 2285 1774 2356 ipsum
1793 2283 2034 2347 labitur,

385 2373 582 2444 ipsum
613 2373 1110 2444 inquinat,ipsum
1143 2372 1340 2427 reddit
1367 2373 1806 2429 detestandum.
1845 2372 2033 2427 Veluti

386 2462 435 2516 si
469 2463 604 2532 quis
634 2463 795 2518 dicat
815 2479 827 2516 :
847 2462 1099 2526 Quidam
1131 2462 1396 2532 seipsum
1426 2462 1647 2533 injuria
1676 2461 1862 2518 afﬁcit
1889 2462 2032 2516 dum

382 2550 636 2605 alterum
669 2556 839 2622 putat
869 2551 1088 2622 injuria
1117 2551 1375 2607 afﬁcere.
1402 2553 1566 2607 Nunc
1598 2552 1758 2607 enim
1790 2551 2034 2622 respicit

384 2639 646 2710 Apostoli
679 2656 874 2694 sermo
900 2656 1018 2694 non
1038 2639 1396 2710 supplicium
1421 2640 1579 2710 quod
1610 2645 1818 2710 postea
1839 2641 2034 2710 sequi-

380 2735 478 2783 tur
507 2734 840 2799 peccatum,
873 2728 978 2784 sed
1009 2729 1292 2800 injuriam
1325 2746 1457 2799 quas
1487 2730 1549 2784 in
1594 2729 1724 2800 ipso
1757 2745 1934 2801 opere
1968 2733 2034 2786 ﬁt

377 2818 610 2888 corpori
645 2835 716 2874 ex
747 2819 907 2874 coitu
955 2834 1209 2874 venereo
1244 2834 1256 2872 :
1299 2819 1410 2873 hoc
1456 2824 1565 2886 est,
1623 2818 2027 2876 fuadationem.

382 2907 687 2977 Siquidem
715 2908 815 2979 qui
851 2907 1241 2963 homicidium
1274 2908 1788 2980 perpetrat,alium
1820 2909 2030 2964 interi-

379 2997 520 3051 mit:
555 2997 655 3067 qui
689 3013 827 3052 vero
859 3002 1154 3052 scortatur
1185 2997 1450 3068 seipsum
1481 2997 1704 3069 injuria
1733 2998 1936 3054 afﬁcit.
1961 3000 2031 3054 Et

378 3086 479 3156 qui
511 3092 726 3142 cantera
755 3093 1034 3158 operatur
1065 3087 1396 3158 peccata,in
1428 3087 1545 3142 alia
1564 3093 2030 3158 operatur,scor-

374 3177 531 3229 tator
560 3182 754 3232 sutem
782 3175 1045 3247 seipsum
1077 3175 1398 3246 pudefacit,
1433 3176 1694 3246 seipsum
1726 3176 2024 3247 inquinat.

379 3264 543 3319 Unde
575 3265 754 3321 etiam
787 3265 1132 3334 abluuntur,
1165 3282 1234 3321 eo
1265 3265 1426 3336 quod
1456 3265 1779 3322 fwditatem
1813 3267 2030 3322 intelli-

377 3359 602 3424 gant.et
630 3355 1063 3410 absurditatem
1092 3354 1534 3410 abominentur.
1555 3355 1787 3411 Etenim
1813 3363 2031 3413 cwtera

374 3441 595 3498 delicta
609 3444 669 3498 in
685 3460 819 3499 eum
835 3444 1016 3498 etiam
1038 3443 1369 3514 respiciunt
1383 3444 1484 3513 qui
1502 3444 1726 3515 injuria
1739 3445 2026 3511 afﬁcitur;

373 3530 487 3588 hoc
517 3538 717 3588 autem
747 3532 809 3587 in
840 3549 978 3587 eum
1010 3532 1112 3602 qui
1143 3531 1332 3586 afﬁcit
1361 3531 1834 3602 injuria.Caatera
1865 3541 2029 3592 extra

373 3637 589 3692 corpus
605 3619 1169 3686 suntfacientis,hoc
1183 3618 1461 3690 inquinat
1476 3619 2025 3691 ipsumfacientem.

371 3713 434 3765 In
467 3709 700 3766 cmteris
723 3709 874 3765 alios
907 3708 1131 3780 injuria
1160 3708 1368 3775 afﬁcit,
1404 3709 1466 3764 in
1497 3712 1857 3767 scortatione
1889 3729 2024 3770 vero

372 3801 659 3870 seipsum.

441 3890 607 3954 Quod
637 3889 686 3944 si
720 3889 1051 3945 secundum
1083 3887 1305 3960 aperiri
1329 3888 1437 3945 tibi
1461 3887 1606 3944 velis
1629 3891 2021 3958 ostium,con-

369 3979 566 4034 sidera
585 3979 906 4050 quod,cum
927 3978 1273 4048 frequenter
1294 3977 1522 4034 homini
1552 3978 1843 4034 laboranti
1868 3982 2023 4036 defe—

370 4073 470 4122 ctu
501 4074 602 4123 aut
631 4068 847 4123 delicto
870 4067 1028 4138 quod
1061 4067 1228 4122 venia
1248 4066 1496 4138 dignum
1520 4069 2022 4134 est,adhortantes

372 4156 674 4212 dicamus:
695 4186 768 4198 --
782 4157 1002 4214 Frater.
1025 4155 1263 4210 discede
1278 4155 1352 4210 ab
1367 4157 1479 4211 hoc
1501 4156 1710 4212 morbo
1732 4158 1830 4228 qui
1856 4166 2024 4215 caste-

371 4247 452 4300 ris
480 4244 759 4300 omnibus
790 4245 960 4316 pejor
977 4249 1160 4309 est,—
1189 4260 1310 4298 non
1341 4245 1500 4314 quod
1522 4261 1732 4301 omnes
1753 4249 2018 4318 excedat,

371 4335 474 4390 sed
507 4334 664 4405 quod
697 4334 770 4389 ab
802 4333 905 4388 illo
936 4348 1174 4404 quoque
1204 4332 1456 4388 velimus
1489 4334 1686 4404 ipsum
1715 4338 1977 4407 separari
2003 4354 2017 4394 :

365 4424 518 4478 forte
594 4423 774 4478 etiam
831 4421 1154 4494 Apostolus
1209 4421 1283 4476 de
1339 4427 1545 4493 stupro
1613 4423 1725 4480 hoc
1782 4426 2019 4495 dixerit,

365 4519 426 4568 et
443 4514 690 4585 cupiens
707 4529 844 4568 eum
863 4513 964 4584 qui
982 4511 1139 4585 apud
1154 4511 1493 4567 Corinthios
1515 4519 1807 4570 scortatus
1825 4516 2020 4574 fuerat

362 4609 592 4658 castum
627 4619 776 4671 esse,
821 4602 883 4658 in
915 4603 1068 4657 hanc
1101 4602 1544 4672 erupitvocem.

433 4694 491 4749 Si
522 4710 661 4749 vero
693 4700 750 4750 et
809 4693 1073 4755 tertium,
1119 4691 1274 4746 478
1316 4691 1583 4763 intellige
1641 4694 1800 4764 quod
1859 4698 2013 4752 sicut

361 4783 412 4837 is
444 4784 544 4854 qui
571 4783 832 4839 triticum
855 4789 958 4838 aut
981 4780 1144 4836 aliud
1167 4796 1370 4836 semen
1394 4781 1456 4836 in
1479 4798 1641 4837 mare
1665 4785 1923 4855 projicit,
1949 4787 2009 4841 in

361 4885 568 4925 semen
598 4876 825 4942 peccat,
859 4869 1186 4942 prohibens
1222 4869 1418 4938 ipsum
1450 4885 1524 4923 ne
1569 4869 1643 4924 ad
1672 4874 2012 4942 generatio-

363 4973 500 5012 nem
532 4959 849 5027 procedat:
882 4959 966 5013 ita
986 4963 1045 5012 et
1071 4958 1176 5028 qui
1208 4973 1382 5011 suum
1413 4973 1617 5013 semen
1650 4959 1714 5014 in
1746 4967 2009 5016 scortum

363 5046 691 5117 projicit,in
711 5047 1022 5118 proprium
1044 5059 1259 5117 corpus
1285 5051 1490 5116 peccat
1514 5063 1528 5111 ;
1562 5053 1824 5103 scortum
1845 5051 2007 5105 enim

362 5151 482 5189 non
505 5135 700 5190 solum
723 5135 1015 5190 interimit
1035 5135 1197 5206 quod
1217 5135 1578 5205 peperit,sed
1604 5137 2007 5206 impedimen-

359 5228 485 5279 tum
526 5223 701 5279 etiam
732 5226 901 5296 ponit
930 5241 1006 5280 ne
1031 5225 1244 5296 pariat.

427 5312 594 5378 Quod
639 5315 685 5369 si
745 5315 923 5370 etiam
995 5320 1296 5385 quartum,
1363 5313 1698 5385 intelligere
1775 5325 2009 5388 oportet

353 5403 511 5472 quod
539 5418 608 5458 ea
658 5410 826 5475 parte
857 5417 975 5474 qua
1023 5404 1162 5476 agit,
1195 5405 1374 5459 etiam
1407 5404 1652 5475 patitur.
1701 5405 2006 5476 Siquidem

348 5491 464 5548 nisi
497 5507 711 5564 passus
743 5499 1050 5557 esset,non
1073 5493 1458 5559 deﬁuxisset;
1492 5493 1648 5563 quod
1685 5494 1732 5549 si
1759 5495 2008 5554 defluxit

347 5589 660 5653 corruptus
694 5590 826 5638 est:
871 5584 918 5638 si
953 5589 1160 5638 autem
1206 5589 1520 5653 corruptus
1561 5589 1666 5651 sst,
1722 5585 2002 5657 injuriam

347 5673 594 5744 accepit.
633 5674 894 5746 Denique
928 5674 988 5730 in
1019 5673 1186 5728 nulla
1216 5672 1333 5728 alia
1355 5673 1699 5743 operatione
1731 5692 1907 5745 quam
1943 5679 2002 5735 in

2161 583 2236 646 είς
2271 585 2424 651 αὐτὸ,
2459 585 2616 661 φησὶ,
2671 586 2734 639 τὸ
2795 582 2938 639 ἴδιον
2989 588 3086 639 τοῦ
3143 584 3420 638 Δεσπότου
3473 590 3658 657 σῶμα.
3715 587 3825 643 Καὶ

2157 675 2261 751 γὰρ
2293 673 2500 748 ἐπάγει,
2536 699 2564 725 ‹‹
2597 676 2668 729 "ll
2719 674 2818 728 οὐκ
2878 671 3063 729 οἷ’δατε
3120 672 3204 729 ὅτι
3265 674 3331 728 τὰ
3373 674 3604 744 σώματα
3663 675 3818 747 ὑμῶν

2158 764 2279 825 νιὸς
2309 767 2406 817 τοῦ
2436 761 2599 836 άγίου
2631 763 2944 834 ΙΙνεύματος
2973 761 3124 829 tm;
3163 784 3191 814 ››
3240 763 3331 816 καὶ
3399 763 3590 817 πάλιν·
3653 788 3679 815 ‹‹
3716 765 3819 822 Καὶ

2159 850 2257 905 οὐκ
2286 850 2400 905 ἐστὲ
2428 851 2648 905 ἑαυτῶν·
2687 874 2714 902 ››
2761 850 2852 906 καὶ
2909 853 3015 924 πρὸ
3075 852 3337 926 βραχέος’
3399 873 3426 900 ‹‹
3461 850 3580 906 Ούκ
3640 848 3823 908 οἷ’δατε

2158 940 2241 993 ὅτι
2309 940 2374 993 τὰ
2429 938 2654 1011 σώματα
2714 938 2865 1012 ὑμῶν
2929 938 3074 1012 μέλη
3145 940 3384 1012 Χριστοῦ
3445 937 3557 992 ἐστι
3592 959 3606 1008 ς
3644 961 3672 991 »
3731 938 3821 995 καὶ

2156 1025 2342 1082 πάλιν⁸
2384 1051 2410 1077 ‹‹
2449 1029 2619 1101 Ἀρας
2651 1028 2742 1082 οὗν
2772 1028 2841 1083 τά
2873 1028 3015 1101 μέλη
3057 1031 3158 1082 τοῦ
3204 1031 3516 1101 Χριστοῦ...
3553 1046 3567 1097 ;
3605 1052 3630 1078 ››
3662 1035 3822 1084 Ὥστε

2157 1119 2186 1172 6
2215 1117 2519 1190 πορνεύων,
2550 1117 2625 1180 εἰς
2653 1117 2719 1172 τὰ
2753 1115 2863 1171 ἴδια
2898 1114 3039 1190 μέλη
3084 1121 3179 1170 τοῦ
3228 1118 3462 1192 Χριστοῦ
3519 1116 3611 1172 καὶ
3647 1117 3722 1180 εἷς
3757 1118 3818 1173 τὸ

2158 1213 2316 1277 σῶμα
2347 1207 2515 1260 αὑτοῦ
2569 1205 2918 1279 πλημμελεῖ.
2949 1206 3015 1262 Τί
3049 1206 3138 1260 οὖν
3177 1225 3190 1274 ;
3242 1206 3406 1284 φησίν
3491 1208 3558 1263 Οἱ
3619 1205 3820 1271 λοιπὰς

2154 1297 2619 1371 πλημμελοῦντες
2649 1301 2920 1374 ἁμαρτίας
2966 1299 3096 1374 οὐχὶ
3153 1299 3289 1354 κατά
3317 1304 3509 1354 τοῦτον
3563 1300 3654 1354 τὸν
3713 1299 3816 1355 λό-

2151 1410 2245 1464 γον
2279 1391 2369 1446 καὶ
2410 1392 2566 1447 αὐτοὶ
2620 1392 2695 1454 εἷς
2751 1392 2813 1447 τὸ
2870 1397 2968 1446 τοῦ
3024 1393 3267 1464 Χριστοῦ
3330 1395 3490 1464 σῶμα
3549 1389 3817 1463 πλημμε-

2154 1476 2310 1532 λοῦσι
2346 1500 2360 1551 ;
2397 1481 2490 1534 Καὶ
2523 1501 2724 1555 φαμεν,
2756 1480 2838 1534 ὅτι
2873 1480 2979 1554 ούχ
3037 1480 3235 1542 οὕτως.
3296 1479 3359 1534 Εἰ
3411 1480 3517 1554 γάρ
3576 1480 3666 1534 καὶ
3724 1478 3814 1534 διά

2152 1588 2300 1629 τινος
2361 1568 2563 1640 μέλους
2610 1571 2642 1624 ἁ
2709 1567 2959 1624 κλὲπτων
3009 1568 3042 1636 ἢ
3101 1567 3343 1646 φονεύων
3394 1570 3491 1637 τήν
3545 1567 3814 1642 ἁμαρτίαν

2278 1662 2300 1672 ε’
2361 1658 2477 1678 ἒὶῖο
2544 1658 2556 1675 ν
2623 1659 2634 1674 1
2698 1659 2712 1678 9

2151 1747 2227 1808 εἶς
2261 1747 2430 1802 ἄλλον
2460 1753 2583 1804 τινὰ
2629 1755 2943 1824 κακουργεῖ.
3002 1749 3063 1805 Ὀ
3113 1747 3171 1803 δὶ
3228 1747 3530 1822 πορνεύων.
3571 1747 3661 1803 καὶ
3722 1745 3812 1802 διὰ

2074 1865 2119 1928 Β
2152 1841 2258 1891 τῶν
2287 1837 2488 1908 μελῶν,
2523 1836 2703 1908 ὥςπερ
2757 1838 2978 1912 ἐκεῖνοι,
3009 1838 3099 1892 καὶ
3133 1837 3211 1899 είς
3242 1837 3400 1892 αὐτον
3441 1837 3506 1892 τὰ
3539 1837 3682 1911 μὲλη
3716 1837 3807 1891 καὶ

2151 1923 2282 1980 ὅλον
2312 1928 2374 1981 τό
2424 1932 2584 2001 σῶμα
2638 1930 2738 1996 τὴν
2770 1922 2988 2003 βλάϐην
3047 1927 3140 1982 καὶ
3191 1929 3290 1996 τήν
3349 1923 3559 1982 ἀδικίαν
3608 1923 3806 1982 ἐπιδεί-

2149 2033 2325 2071 κνυσι.

2221 2103 2466 2167 Ἄλλως.
2503 2104 2618 2163 Οὑκ
2675 2108 2816 2173 εἷπε,
2867 2107 2965 2160 Διά
3009 2110 3106 2160 τοῦ
3161 2109 3416 2177 σῶματος
3473 2107 3797 2179 ἁμαρτάνει,

2147 2192 2281 2265 ὅπερ
2367 2197 2419 2248 οἱ
2479 2194 2686 2251 πολλοὶ
2741 2196 3082 2269 νομίζοντες,
3145 2195 3439 2270 πράγματα
3489 2195 3796 2269 παρέχουσι

2146 2287 2264 2343 τοῖς
2312 2284 2728 2358 ἑρμηνεύουσιν,
2786 2284 2934 2351 ἀλλ’,
2999 2283 3089 2346 Εἷς
3148 2283 3278 2339 αὐτὸ
3337 2284 3658 2358 ἁμαρτάνει,
3722 2285 3800 2346 εἰς

2145 2371 2275 2428 αὐτὸ
2308 2372 2564 2446 σφαλλει,
2598 2375 2730 2431 αὐτὸ
2765 2373 3015 2448 μολύνει,
3066 2373 3195 2430 αὐτὸ
3251 2374 3434 2450 ἐναγὲς
3487 2375 3796 2454 ἀποφαίνει·

2144 2462 2220 2524 ὡς
2253 2461 2314 2516 ἀν
2337 2483 2419 2523 τις
2451 2462 2617 2535 εἴποι,
2647 2465 2710 2521 Ὀ
2741 2461 2889 2519 δεῖνα
2920 2465 3106 2520 ἑαυτὸν
3138 2459 3366 2538 ὑϐρίζει,
3417 2463 3591 2520 ἄλλον
3622 2462 3801 2519 δοκῶν

2146 2548 2400 2625 ὑϐρίζει..
2434 2554 2540 2609 Νῦν
2570 2555 2673 2628 γὰρ
2709 2551 2900 2628 βλέπει
2929 2559 3011 2626 τῷ
3066 2552 3396 2626 Ἀποστόλῳ
3446 2554 3473 2607 6
3507 2551 3696 2629 λόγος,
3739 2555 3802 2608 οὐ

2141 2641 2277 2709 πρὸς
2307 2643 2407 2709 τήν
2443 2644 2576 2716 μετά
2600 2646 2767 2698 ταῦτα
2795 2643 3073 2716 ἐψομένην
3101 2643 3182 2714 τῷ
3242 2643 3599 2717 ἁμαρτήματι
3630 2664 3807 2716 τιμω-

2142 2729 2284 2801 ρίαν,
2315 2729 2459 2784 ἀλλά
2480 2733 2614 2805 πρὸς
2647 2734 2746 2802 τήν
2767 2729 2820 2786 ἐν
2841 2734 2909 2805 τῇ
2943 2732 3129 2806 πράξει
3161 2728 3451 2807 γινομένην
3475 2737 3552 2804 τῷ
3586 2733 3800 2805 σώματι

2140 2817 2200 2872 ἐκ
2229 2821 2324 2887 τῆς
2349 2819 2678 2893 συμπλοκῆς
2733 2817 2912 2895 ὕϐριν,
2973 2818 3185 2876 τοτέστι
3240 2821 3332 2875 τὸν
3395 2819 3700 2894 μολυσμόν.
3734 2822 3796 2879 Ὀ

2144 2909 2237 2981 μὲν
2267 2911 2369 2986 γὰρ
2387 2931 2478 2986 φοι
2493 2912 2651 2979 εύων,
2676 2910 2846 2966 ἄλλον
2869 2912 3102 2990 φονεύει,
3128 2913 3156 2966 6
3189 2909 3246 2966 δὶ
3273 2911 3579 2985 πορνεύων,
3604 2913 3792 2966 ἑαυτὸν

2137 2995 2468 3073 καθυϐρίζει.
2532 3002 2632 3057 Καὶ
2689 3002 2717 3055 6
2772 3001 2841 3055 τὰ
2896 2997 3042 3055 ἄλλα
3098 3000 3412 3073 πταίσματα
3471 2997 3649 3073 δρῶν,
3708 2999 3785 3062 είς

2136 3086 2282 3144 ἄλλα
2315 3087 2437 3163 δρᾷ,
2470 3091 2497 3144 6
2531 3087 2588 3144 δὲ
2620 3089 2922 3166 λαγνεύων,
2955 3090 3147 3145 ἓαυτὸτ
3175 3090 3546 3165 καταισχύνει,
3597 3090 3782 3144 ἑαυτὸν

2141 3182 2546 3252 μιαίνει.¹¹06εν
2603 3178 2694 3234 καὶ
2747 3178 3134 3249 ἀπολούονται,
3192 3181 3283 3233 τὸν
3349 3179 3635 3251 μολυσμὸν
3703 3178 3791 3233 ἐν-

2135 3273 2382 3332 νοοῦντες
2415 3311 2427 3324 .
2482 3269 2573 3323 καὶ
2625 3271 2724 3339 τήν
2783 3269 3009 3324 ἀτοπίαν
3075 3266 3520 3344 βδελυττόμενοι.
3589 3269 3662 3323 Τὰ
3697 3269 3791 3342 μὲν

2136 3359 2238 3434 γάρ
2270 3356 2416 3412 ἄλλα
2470 3355 2960 3431 πλημμελήματα,
3004 3358 3096 3412 καὶ
3145 3357 3222 3419 είς
3275 3358 3367 3412 τὸν
3428 3354 3790 3430 ἀδικούμενον

2138 3445 2351 3523 βϐἐπει,
2382 3453 2544 3504 τοῦτο
2577 3447 2654 3518 δὲ,
2696 3449 2773 3511 εἷς
2807 3450 2898 3504 τὸν
2929 3447 3270 3506 ἀδικοῦντνα.
3303 3449 3385 3506 Τά
3436 3447 3581 3504 ἄλλα
3637 3447 3791 3511 ἐκτὸς

2133 3541 2231 3592 τοῦ
2261 3537 2514 3612 σώματός
2539 3537 2773 3594 ἐστιτοῦ
2805 3535 3063 3614 δρῶντος,
3112 3543 3274 3594 τοῦτο
3329 3537 3385 3594 δὲ
3437 3539 3531 3593 τὸν
3581 3534 3788 3609 δρῶντα

2137 3624 2383 3698 μολύνει,
2419 3627 2521 3684 Καὶ
2553 3626 2605 3682 ἐν
2643 3628 2737 3701 μὲν
2791 3633 2910 3689 τοῖς
2969 3626 3189 3696 ἄλλοις,
3238 3627 3452 3691 ἄλλους
3507 3624 3702 3695 ἀδικεῖ,
3735 3626 3789 3681 ἐν

2135 3715 2191 3772 δὶ
2219 3719 2286 3792 τῂ
2315 3719 2561 3792 πορνεία,
2599 3719 2810 3776 ἑαυτόν.

2203 3882 2269 3939 El
2299 3879 2358 3938 δὶ
2388 3881 2640 3956 δευτέραν
2675 3882 2866 3958 βούλει
2918 3904 3004 3938 σοι
3056 3882 3335 3957 ἀνοιγῆναι
3394 3882 3583 3955 θύραν,
3615 3880 3784 3937 ἐννόει

2130 3971 2214 4028 ὅτι
2244 3969 2434 4041 ἐπειδή
2467 3971 2744 4035 πολλάκις
2774 3973 3047 4048 ἀνθρώπῳ
3105 3971 3166 4028 οὑ
3225 3973 3560 4049 συγγνώμης
3595 3978 3781 4045 μεῖζον

2128 4056 2308 4136 ἕχὸντι
2367 4060 2659 4134 ἐλάττωμα
2694 4103 2710 4127 ,
2765 4066 3154 4136 παραινοῦντες
3215 4060 3469 4134 λέγομενο
3530 4059 3783 4139 Ἀδελφὲ,

2128 4150 2400 4221 ἀπόστηθι
2426 4153 2625 4205 τούτου
2662 4154 2758 4206 τοῦ
2818 4153 3152 4223 νοσήματος,
3211 4150 3372 4205 τοῦτο
3425 4149 3636 4204 πάντων
3668 4147 3785 4204 ἐστὶ

2126 4241 2317 4294 κάκιον
2356 4241 2481 4313 (οὐκ
2518 4237 2706 4309 ἐπειδὴ
2766 4239 2942 4294 πάντα
2995 4235 3331 4314 ὑπερϐαίνει,
3366 4238 3492 4293 ἀλλ’
3541 4239 3625 4293 ὅτι
3683 4237 3786 4293 κά-

2125 4331 2307 4385 κείνου
2347 4330 2507 4386 αὑτὸν
2536 4329 2848 4404 ἀπαλλάξαι
2888 4329 3244 4404 βουλόμεθα)·
3301 4331 3377 4400 μὴ
3446 4349 3581 4385 ποτε
3631 4329 3723 4383 καὶ
3753 4330 3784 4383 6

2127 4419 2464 4482 ’Λπόστολος
2519 4419 2608 4475 ἐπὶ
2661 4427 2762 4489 τῆς
2810 4419 3059 4495 πορνείας
3116 4423 3280 4474 τοῦτο
3329 4415 3452 4495 ἔφη.
3517 4419 3625 4475 Τὸν
3678 4418 3787 4492 γὰρ

2124 4514 2492 4588 πορνεύσαντα
2529 4514 2677 4588 παρά
2704 4511 3012 4586 Κορινθίοις
3042 4510 3375 4590 σωφρονίσαι
3413 4507 3784 4585 βουλόμενος,

2046 4597 2092 4660 D
2121 4603 2322 4673 ταύτην
2356 4599 2546 4679 ἔρρηξε
2570 4605 2669 4672 τήν
2699 4604 2909 4682 φωνήν.

2195 4695 2258 4750 Εἰ
2291 4690 2350 4748 δε
2386 4693 2477 4746 καὶ
2503 4693 2718 4766 τρίτην,
2758 4691 2927 4748 ἐννόει
2984 4692 3068 4745 ὅτι
3120 4689 3300 4764 ὥσπερ
3334 4689 3362 4743 6
3396 4688 3471 4750 είς
3506 4685 3783 4753 θάλασσαν

2123 4788 2270 4837 σῖτον
2298 4781 2333 4851 ἢ
2365 4780 2544 4853 ἕτερον
2574 4781 2780 4857 ῥίπτων
2816 4779 3052 4854 σπέρμα,
3102 4778 3179 4841 είς
3209 4779 3302 4834 τὸν
3362 4777 3562 4851 σπόρον
3595 4777 3786 4852 ἁμαρ-

2120 4873 2286 4941 τάνει,
2318 4869 2552 4927 κωλύων
2583 4871 2744 4926 αὐτὸν
2795 4871 2871 4934 είς
2930 4870 3174 4948 γέννησιν
3233 4867 3436 4937 ἐλθεῖν,
3478 4866 3652 4930 οὕτως
3683 4870 3779 4924 καὶ

2121 4965 2150 5018 6
2206 4963 2282 5017 εἰς
2333 4961 2549 5037 ἆταίραν
2638 4961 2841 5038 ῥίπτων
2895 4963 2957 5017 τὸ
3017 4961 3210 5016 εαυτοῦ
3275 4959 3513 5033 σπέρμα,
3571 4958 3647 5018 εἰς
3713 4957 3779 5011 τὸ

2119 5053 2321 5107 οἰκεῖον
2358 5056 2518 5126 σῶμα
2545 5051 2869 5126 ἁμαρτάνει,
2902 5051 3114 5121 ἐκείνης
3146 5049 3208 5105 οὑ
3264 5049 3458 5124 τεχθὲν
3517 5046 3773 5119 ἀναιρού-

2121 5162 2220 5211 σης
2254 5142 2438 5214 μόνον,
2472 5137 2619 5195 ἀλλα
2649 5140 2740 5196 καὶ
2770 5143 3033 5216 τεχθῆναι
3066 5136 3415 5208 κωλυούσης.

2189 5323 2252 5377 Ei
2285 5318 2342 5375 δὲ
2406 5321 2496 5374 καὶ
2548 5321 2837 5396 τετάρτην,
2886 5320 3084 5376 ἐννοεῖν
3135 5321 3276 5395 χρὴ,
3337 5318 3422 5374 ὅτι
3464 5319 3498 5387 ἧ
3533 5314 3653 5391 δρᾷ,
3686 5315 3782 5370 καὶ

2117 5411 2343 5484 πάσχει.
2379 5410 2444 5467 Εἴ
2500 5411 2595 5483 μὲν
2653 5412 2755 5486 γὰρ
2817 5411 2892 5483 μή
2949 5409 3168 5478 ἔπαθεν,
3231 5409 3335 5464 οὑκ
3391 5407 3452 5462 ἃν
3510 5405 3782 5480 ἕρῥευσεν.

2119 5499 2183 5557 Εἰ
2241 5497 2299 5554 δὲ
2350 5498 2614 5575 ἔρῥευσεν,
2697 5501 2930 5580 ἐφθάρη.
2995 5499 3057 5556 El
3115 5495 3174 5553 δὲ
3233 5499 3463 5574 ἐφθάρη,
3525 5491 3782 5571 ὑϐρίσθη.

2119 5589 2347 5660 Ἀμέλει
2402 5589 2485 5644 ἐπ’
2545 5588 2778 5662 οὐδεμιᾷ
2863 5587 3010 5663 ἄλλῃ
3099 5588 3286 5662 πράξει
3367 5588 3400 5656 ἢ
3488 5585 3578 5642 ἐπὶ
3638 5585 3778 5658 μόνῃ

2116 5682 2184 5750 τῇ
2219 5675 2415 5752 ἀνδρὸς
2476 5681 2611 5753 πρὸς
2668 5683 2895 5753 γυναῖκα
2954 5675 3164 5750 συνόδῳ
3221 5675 3460 5751 λέγεται,
3516 5673 3782 5752 ἐφθάρθαι
