4118 6390
317 459 445 520 ’121

1293 459 1693 521 COMMBNT.
1738 458 1829 519 IN
1872 453 2126 517 EPIST.
2172 455 2196 515 Ι
2238 455 2345 516 AD
2389 456 2760 518 CORINTH.

3630 462 3763 527 723

326 592 437 662 τὴν
520 589 791 666 παρθένον
883 591 976 648 καὶ
1079 592 1174 648 τὸν
1270 610 1546 649 νεανισκον
1645 589 1979 667 πειραθένται

2105 589 2212 645 viri
2254 606 2391 647 cum
2440 590 2693 647 muliere
2725 592 3165 660 commistione,
3222 593 3441 651 dicitur
3470 611 3574 652 eos
3622 613 3759 655 esse

399 888 465 945 Et
497 886 553 943 δὶ
582 887 675 944 καὶ
705 888 986 961 πέμπτην,
1018 886 1188 943 ἐννόει
1218 886 1302 944 ὅτι
1349 891 1430 961 τῷ
1486 889 1662 965 πόρνῃ
1718 909 1982 969 συνερχο-

323 976 497 1050 μένῳ,
529 976 576 1032 εἰ
605 977 830 1052 τεχθείη
890 972 1134 1044 παιδίον,
1166 974 1245 1040 είς
1291 974 1546 1052 πορνείαν
1606 978 1981 1056 ἀνατρέφεται,

316 1066 415 1121 καὶ
447 1066 475 1120 6
508 1065 653 1138 ὁρῶν
688 1065 823 1141 μετὰ
850 1068 1022 1122 ταῦτα
1050 1063 1214 1136 λέξιν
1262 1066 1479 1130 ’Ὀντως
1532 1064 1721 1122 ἑαυτὸν
1780 1066 1983 1130 ἰκεῖνος

314 1151 606 1226 ἠδίκησεν.
637 1152 780 1210 Ἰδοὺ
809 1152 910 1231 γὰρ
968 1154 1032 1211 τὸ
1063 1153 1299 1232 σπέρμα,
1333 1150 1550 1228 μᾶλλον
1584 1150 1652 1225 δὴ
1708 1155 1771 1211 τὸ
1821 1160 1983 1231 σῶμα

317 1241 496 1299 αὐτοῦ
523 1243 798 1320 πορνεύει.

395 1335 461 1392 Ei
495 1332 554 1390 δὲ
583 1336 675 1391 καὶ
705 1333 893 1407 ἕκτην,
945 1333 1236 1409 ἐπίστησον
1288 1338 1370 1393 δτι
1418 1337 1463 1393 εί
1496 1334 1667 1413 δούλῃ
1724 1357 1809 1399 τις
1862 1357 1980 1392 κοι-

318 1426 611 1495 νωνήσειν,
644 1421 843 1482 δοῦλον
876 1423 1023 1482 ἔσται
1054 1428 1118 1483 τὸ
1158 1427 1502 1501 τικτόμενον.
1566 1432 1691 1490 Πῶς
1748 1427 1841 1482 οῦν
1882 1427 1981 1483 ούκ

318 1512 400 1577 εἷς
433 1514 617 1571 ἑαυτὸν
645 1516 966 1591 ἁμαρτάνει,
999 1516 1027 1571 6
1058 1513 1257 1573 δοῦλον
1288 1513 1607 1589 σπουδάζων
1638 1520 1811 1574 τεκεῖν
1846 1535 1860 1586 ;

394 1804 454 1860 Εἰ
487 1801 543 1858 δὲ
572 1803 662 1858 καὶ
696 1800 964 1875 ἑϐδόμην.
1008 1802 1107 1880 δρα
1138 1804 1222 1861 ὅτι
1253 1804 1343 1860 καὶ
1394 1807 1456 1861 τὸ
1507 1806 1827 1879 τικτόμειον
1857 1804 1977 1861 ἀδι-

309 1898 514 1964 κεῖται,
545 1892 703 1957 νόθον
753 1890 1117 1966 καλούμενον,
1171 1895 1260 1950 καὶ
1324 1893 1519 1968 ἄτιμον
1574 1899 1856 1972 πανταχοῦ
1887 1917 1974 1973 γι-

311 1981 571 2055 νόμενον.
626 1982 739 2039 Κᾶν
799 1978 850 2036 ἐν
909 1982 1312 2058 βουλευτηρίῳ,
1378 1981 1473 2040 κᾶν
1528 1982 1580 2039 ἐν
1642 1980 1977 2059 δίκαστηρῖῳ

319 2067 738 2138 δέοιεῖσελθεῖν,
773 2065 1120 2131 ἐκϐάλλεται.
1173 2073 1252 2129 Δι’
1291 2070 1352 2129 οῦ
1407 2073 1498 2130 καὶ
1556 2075 1585 2129 6
1638 2073 1975 2152 φυτευσάμε-

316 2181 415 2224 νος
446 2157 808 2216 συναπολαύει
855 2167 962 2230 τῆσ
992 2160 1281 2239 αἰσχύνης.
1341 2163 1684 2238 Ὑπόμνημα
1713 2162 1816 2242 γὰρ
1876 2170 1976 2235 τῆς

316 2250 524 2315 οἰκείας
556 2249 809 2332 λαγνείας
839 2252 1147 2315 κατέλιπεν.

389 2436 453 2491 Εἰ
522 2433 581 2492 δὲ
631 2436 722 2493 καὶ
782 2434 1002 2512 ὀγδόην,
1078 2434 1378 2511 δοκίμασον
1430 2439 1494 2494 τὸ
1576 2439 1971 2517 ῥηθησόμενον

308 2520 542 2593 Ἐπειδὴ
576 2526 605 2578 6
637 2524 916 2600 πορνεύων
964 2523 1016 2581 ἔν
1078 2527 1213 2601 πρὸς
1271 2528 1371 2597 τὴν
1429 2528 1793 2603 πορνεύουσαν
1825 2529 1978 2604 γίνε-

311 2632 426 2684 ται,
460 2613 489 2668 6
514 2613 583 2669 τά
613 2612 788 2668 οἰκεῖα
823 2611 969 2689 μέλη
1011 2621 1180 2687 ποιῶ,
1214 2614 1356 2690 μέλη
1412 2616 1646 2691 πόρνης,
1678 2615 1756 2681 εἴς
1787 2619 1972 2675 ἑαυτὸν

312 2705 397 2774 τῶ
426 2697 544 2756 ὄντι
598 2702 918 2777 ἁμαρτάνει.
981 2705 1146 2779 Φόνῳ
1207 2705 1438 2782 μὲνγὰρ
1500 2703 1556 2761 εὗ
1610 2707 1753 2769 τινὲς
1810 2707 1976 2783 ἐχρή-

316 2810 503 2859 σαντο,
532 2790 605 2853 ὠς
640 2792 848 2861 Μωσῆς
875 2793 966 2848 καὶ
999 2794 1206 2858 Φινεὲς,
1240 2795 1333 2851 καὶ
1365 2794 1527 2870 δργῇ,
1560 2795 1633 2858 ὡς
1665 2796 1866 2872 Πέτρος
1885 2802 1976 2857 καὶ

317 2878 559 2952 Παῦλος,
589 2880 815 2953 πορνείᾳ
855 2877 913 2936 δὲ
944 2878 1123 2946 οὐδεὶς
1153 2882 1376 2940 πώποτε
1404 2881 1684 2962 ἐχρήσατο
1717 2884 1795 2942 εὖ.

392 3075 457 3131 Et
485 3073 543 3137 δὶ
570 3075 662 3131 καὶ
700 3076 953 3149 ·ἐννάτην,
1014 3079 1206 3137 ἰννόει·
1242 3080 1466 3152 Ἐπειδή
1525 3089 1689 3158 σῶμα
1748 3082 1804 3141 ἵν
1835 3084 1974 3142 ἰστιν

319 3170 354 3236 ἡ
416 3163 740 3237 Ἐκκλησία,
774 3164 889 3224 ὁδὶ
939 3171 1061 3226 καθ’
1117 3169 1191 3233 εἶς
1250 3168 1518 3242 ἀλλήλων
1579 3171 1747 3248 μᾶλη·
1781 3176 1809 3230 6
1839 3194 1979 3249 πορ-

321 3258 515 3329 νεύων,
547 3256 624 3321 είς
656 3260 856 3320 πάντας
915 3260 1234 3335 ἁμαρτάνει.
1291 3263 1606 3339 ’Λνατρὲχει
1654 3265 1760 3339 γὰρ
1808 3265 1977 3322 αὐτοῦ

321 3346 384 3402 τὸ
410 3344 638 3420 σφάλμα
666 3344 755 3401 ἐπὶ
788 3347 852 3402 τὸ
898 3355 998 3418 τῆς
1061 3348 1393 3419 Ἐκκλησίας
1455 3349 1760 3428 πλήρωμα,
1793 3355 1856 3409 οὗ
1886 3353 1976 3410 καὶ

322 3434 621 3505 ἐκκοπῆναι
651 3437 813 3493 αὐτὸν
845 3439 1196 3513 προσέταξεν,
1218 3437 1323 3503 ἕως
1353 3440 1415 3497 ἂν
1450 3445 1785 3518 μετανοήσῃ.

396 3524 462 3583 El
488 3521 547 3582 δὶ
574 3527 665 3581 καὶ
696 3523 923 3599 δεκάτην
976 3528 1191 3603 βούλει,
1223 3528 1451 3606 λεχθείη
1506 3530 1586 3600 ἂν,
1643 3534 1726 3589 ὅτι
1785 3532 1974 3604 ἑπειδὴ

325 3613 380 3667 οἱ
408 3613 558 3688 νόμῳ
592 3618 694 3671 τοῦ
728 3617 922 3691 τιμίου
975 3618 1156 3693 γάμυυ
1211 3621 1505 3719 συνιόντες,
1562 3616 1615 3676 ἔν
1677 3643 1838 3696 σωμα
1887 3626 2049 3719 γί-α

334 3721 511 3757 νονται
538 3711 589 3774 (ιι
619 3706 874 3762 Ἔσονται
907 3706 1035 3782 γὰρ,
1069 3708 1225 3783 φησὶ,
1258 3709 1310 3764 οἱ
1333 3706 1430 3764 δύο
1461 3709 1539 3774 εἷς
1567 3711 1739 3786 σάρκα
1767 3710 1891 3785 μίαν
1947 3735 1977 3765 ιι

337 3792 431 3845 Διὸ
460 3794 567 3862 καὶ,
599 3818 626 3848 ιι
658 3797 721 3851 Ἦ
762 3798 898 3873 γυνή
927 3802 1025 3852 τοῦ
1056 3794 1202 3853 ΐδίου
1232 3799 1491 3871 σώματος
1534 3801 1634 3856 ούκ
1663 3800 1978 3873 ἑξουσιᾶζει,

329 3880 459 3937 ἀλλ’
485 3884 645 3959 ἀνὴρ,
678 3886 938 3948 ὡσαύτως
975 3887 1067 3942 καὶ
1122 3888 1151 3942 6
1208 3888 1367 3964 ἀνὴρ·
1402 3894 1470 3963 u)
1527 3892 1752 3954 είκότως
1781 3894 1810 3948 6
1840 3908 1982 3970 πορ-

325 3971 493 4027 νεύων
533 3974 631 4046 μὲν
664 3975 824 4050 ἀνὴρ,
872 3975 949 4040 είς
1004 3979 1105 4047 τὴν
1158 3980 1425 4053 γαμετὴν,
1480 3978 1756 4038 τουτέστιν
1812 3982 1888 4045 είς
1916 3984 1980 4039 τὸ

327 4059 466 4117 ἴδιον
515 4068 678 4137 σῶμα
752 4065 1069 4140 ἁμαρτάνει.
1128 4066 1403 4127 Ὡσαύτως
1440 4070 1534 4125 καὶ
1563 4073 1597 4141 ἡ
1630 4073 1789 4147 γυνή.
1855 4072 1980 4129 Ἐπὶ

328 4152 466 4227 μόνῃ
495 4153 599 4228 γάρ
628 4154 794 4226 ταύτῃ
831 4158 900 4229 τῇ
960 4156 1203 4231 ἁμαρτίᾳ
1255 4159 1425 4232 νόμον
1483 4157 1632 4216 ἔθετο
1664 4162 1693 4216 6
1723 4163 1979 4234 Χριστὸς,

325 4244 654 4319 χωρίξεσθαι
678 4245 875 4309 αὐτοὺς
907 4247 999 4303 ἀπ’
1027 4247 1316 4321 ἀλλήλων.
1347 4274 1377 4304 ιι
1412 4250 1506 4315 Εἰς
1532 4250 1595 4307 τὸ
1626 4249 1767 4309 ἴδιον
1820 4257 1982 4326 σῶμα

323 4334 644 4406 ἁμαρτάνει.
702 4359 732 4388 ιι
792 4334 1076 4411 Τουτὲστι,
1132 4338 1198 4394 τὸ
1254 4337 1396 4395 ξ’διον
1456 4344 1617 4415 σῶμα
1676 4342 1977 4417 ἀκάθαρτον

320 4444 492 4482 ποιεί.

399 4514 466 4570 Ἦ
529 4513 630 4569 οὐκ
677 4510 861 4569 οἴδατε
917 4511 1018 4569 ’ὅτι
1081 4516 1144 4571 τὸ
1230 4521 1390 4589 σῶμα
1446 4517 1598 4591 ὑμῶν
1634 4561 1649 4588 ,
1704 4519 1831 4581 ναὸς
1881 4524 1980 4577 τοῦ

326 4602 383 4657 ἒν
441 4602 568 4676 ύμῖν
633 4603 794 4678 ἁγίου
873 4605 1187 4677 [ἔνεύματός
1266 4604 1432 4674 ἐστιν,
1514 4608 1579 4661 οὗ
1663 4603 1818 4683 ἔχετε
1872 4608 1981 4663 άπὸ

325 4696 464 4747 Θεοῦ
495 4738 511 4766 ,
564 4691 654 4747 καὶ
710 4692 809 4747 ούκ
865 4691 983 4749 iure
1040 4694 1275 4749 ἑαυτῶν·
1336 4695 1684 4770 ἠγοράσθητε
1738 4697 1837 4771 γὰρ
1895 4718 1981 4751 τι-

331 4786 442 4853 μῆς
472 4800 489 4849 ;
525 4780 791 4853 Δοξάσατε
820 4778 887 4850 δή
947 4782 1043 4838 τὸν
1100 4783 1228 4838 Θεὸν
1287 4781 1338 4838 ἓν
1391 4788 1474 4855 τῷ
1526 4785 1742 4857 σώματι
1802 4786 1977 4860 ὑμῶν,

327 4866 420 4922 καὶ
453 4865 504 4922 ἐν
536 4872 617 4940 τῷ
646 4867 913 4941 πνεύματι
946 4868 1122 4942 ὑμῶν,
1154 4867 1310 4925 ἅτινά
1338 4868 1452 4928 ἐστι
1480 4876 1577 4928 τοῦ
1608 4877 1764 4931 Θεοῦ.

402 4957 505 5014 Καὶ
525 4963 605 5029 τῷ
639 4959 855 5033 μεγέθει
902 4965 1003 5028 τῆς
1036 4955 1266 5035 δωρεᾶς,
1310 4961 1400 5016 καὶ
1429 4965 1498 5035 τῇ
1556 4961 1678 5033 ἀξίᾳ
1734 4966 1833 5017 τοῦ
1893 4958 1980 5018 δε·-

2099 684 2408 752 corruptos
2421 680 2525 752 qui
2541 680 2832 753 virginem
2845 686 2946 738 aut
2957 682 3472 741 adolescentulum
3491 688 3753 759 aggressi

2099 774 2258 825 sunt.

2170 875 2228 930 Si
2279 889 2419 932 vero
2474 881 2534 933 et
2592 876 2891 948 quintum,
2973 876 3239 951 intellige
3298 880 3456 951 quod
3514 880 3566 937 is
3642 884 3745 954 qui

2095 969 2290 1021 scorto
2316 966 2778 1039 congreditur,si
2812 966 3104 1022 infantem
3134 972 3396 1040 generet,
3419 971 3495 1025 ad
3521 977 3743 1028 scorta-

2095 1054 2319 1110 tionem
2349 1056 2585 1125 crescit,
2618 1060 2678 1111 et
2706 1054 2806 1127 qui
2837 1062 3046 1128 postea
3075 1056 3305 1126 viderit,
3341 1056 3499 1113 dicet
3530 1075 3545 1113 :
3593 1058 3747 1116 Vere

2092 1143 2195 1198 ille
2226 1144 2490 1215 seipsum
2522 1143 2748 1218 injuria
2772 1145 2990 1203 affecit.
3024 1146 3174 1203 Ecce
3204 1161 3343 1219 ergo
3374 1160 3602 1211 semen.
3623 1149 3743 1205 imo

2091 1234 2289 1304 potius
2320 1250 2494 1290 suum
2525 1234 2712 1308 ipsius
2744 1251 2960 1307 corpus
2989 1240 3360 1308 constuprat.

2161 1333 2326 1388 Puod
2376 1333 2423 1389 si
2471 1340 2699 1390 sextam
2750 1350 2990 1407 quoque
3037 1334 3598 1407 interpretationem
3643 1337 3746 1393 de-

2091 1420 2337 1491 sideras,
2356 1423 2767 1480 animadverte
2798 1423 2958 1495 quod
2989 1423 3038 1479 si
3071 1424 3205 1496 quis
3235 1423 3469 1480 ancillae
3496 1428 3749 1482 commi-

2091 1517 2343 1577 sceatur,
2377 1512 2428 1567 is
2487 1528 2665 1584 quem
2697 1512 2802 1569 illa
2856 1513 3052 1585 pariet
3082 1528 3284 1569 servus
3316 1512 3430 1568 erit
3460 1531 3474 1569 :
3534 1531 3739 1572 annon

2088 1616 2225 1673 ergo
2257 1601 2321 1657 in
2352 1600 2616 1674 seipsum
2658 1608 2863 1674 peccat
2893 1603 2993 1674 qui
3044 1617 3278 1658 servum
3309 1603 3507 1659 studet
3561 1620 3736 1677 gene-

2085 1705 2220 1745 rare
2237 1689 2265 1745 ‘2

2159 1788 2213 1842 Si
2248 1804 2384 1843 vero
2416 1792 2584 1860 optas
2617 1794 2676 1843 et
2705 1787 3045 1861 septimam,
3080 1788 3212 1845 vide
3271 1790 3431 1862 quod
3459 1791 3510 1847 is
3558 1793 3737 1848 etiam

2087 1877 2188 1948 qui
2219 1882 2539 1949 generatur
2569 1877 2793 1950 injuria
2823 1877 3245 1943 afﬁcitur,cum
3278 1879 3502 1937 nothus
3531 1881 3738 1954 appel-

2004 1960 2056 2026 B
2084 1963 2244 2021 letur
2282 1971 2340 2021 et
2367 1965 2591 2037 ubique
2648 1966 2915 2024 locorum
2950 1967 3027 2022 sit
3058 1966 3326 2041 abjectus
3362 1985 3376 2024 :
3409 1973 3468 2024 et
3497 1971 3620 2025 sive
3680 1971 3740 2027 in

2086 2055 2400 2111 consilium
2434 2056 2552 2110 sive
2596 2055 2659 2110 in
2683 2054 2981 2128 judicium
3012 2056 3240 2132 ingredi
3274 2063 3562 2131 Oporteat,
3597 2058 3743 2133 abji-

2085 2144 2239 2201 citur
2271 2162 2285 2200 :
2320 2145 2477 2217 quod
2508 2144 2558 2199 is
2590 2144 2769 2201 etiam
2805 2145 2906 2217 qui
2963 2144 3266 2218 generavit
3293 2147 3590 2220 particeps
3650 2142 3773 2203 est'

2083 2233 2328 2307 pudoris
2355 2250 2367 2287 :
2400 2249 2536 2290 nam
2570 2232 3049 2290 recordationem
3078 2235 3334 2311 praprim
3364 2236 3577 2311 accipit
3606 2236 3740 2292 libi-

2083 2322 2263 2377 dinis.

2156 2417 2320 2486 Quod
2352 2418 2400 2474 si
2431 2425 2697 2475 octavam
2731 2436 2970 2493 quoque
3002 2420 3193 2493 cupis,
3234 2421 3548 2478 considera
3578 2422 3737 2497 quod

2086 2509 2300 2565 dicturi
2334 2526 2558 2568 sumus.
2590 2526 2806 2584 nempe
2838 2510 2997 2583 quod
3027 2509 3077 2566 is
3100 2511 3201 2584 qui
3232 2516 3526 2568 scortatur
3550 2530 3739 2569 unum

2085 2615 2221 2653 cum
2255 2604 2448 2653 scorto
2472 2597 2999 2671 efﬂcitur,propria
3025 2599 3292 2655 membre
3314 2598 3537 2657 faciens
3559 2602 3738 2657 scorti

2085 2687 2354 2743 membra
2380 2705 2393 2755 ;
2429 2693 2487 2742 et
2515 2688 2597 2743 ita
2626 2704 2760 2743 vere
2794 2689 2855 2743 in
2884 2688 3149 2759 seipsum
3180 2696 3406 2761 peccat.
3435 2689 3740 2763 Siquidem

2084 2776 2360 2832 nonnulli
2394 2777 2557 2832 ccede
2590 2781 2730 2832 sunt
2781 2776 2932 2832 bene
2966 2778 3078 2843 usi,
3113 2782 3180 2834 ut
3235 2780 3424 2837 Moses
3478 2796 3544 2834 ac
3602 2779 3741 2835 Phi-

2086 2882 2231 2922 nees
2258 2865 2339 2934 ⁸⁹;
2375 2870 2434 2920 et
2471 2865 2653 2935 ira,ut
2682 2866 2891 2922 Petrus
2925 2872 2980 2921 et
3008 2865 3227 2924 Paulus
3257 2868 3334 2924 ὀξ
3370 2873 3574 2943 stupro
3604 2884 3741 2925 vero

2086 2953 2290 3010 nullus
2319 2970 2584 3027 unquam
2615 2954 2769 3011 bene
2808 2971 2954 3010 usus
2986 2960 3093 3011 est.

2161 3062 2217 3117 Si
2240 3078 2373 3120 vero
2396 3067 2455 3118 et
2472 3061 3044 3125 nonam,considera
3064 3062 3222 3136 quod
3246 3063 3387 3136 quia
3409 3080 3595 3124 unum
3618 3079 3746 3121 cor-

2087 3168 2199 3223 pus
2228 3156 2320 3208 est
2346 3151 2862 3224 Ecclesia,singuli
2892 3156 3090 3208 autem
3124 3152 3225 3209 alii
3260 3152 3517 3211 aliorum
3549 3169 3742 3209 mem-

2085 3241 2194 3297 bra
2222 3240 2265 3276 ⁹¹
2305 3257 2317 3296 :
2353 3240 2453 3311 qui
2487 3239 2873 3307 scortatur,in
2906 3257 3116 3298 omnes
3146 3246 3354 3312 peccat
3384 3258 3398 3299 :
3448 3242 3743 3315 percurrit

2087 3330 2248 3385 enim
2281 3331 2410 3402 ejus
2441 3328 2644 3403 lapsus
2675 3327 2749 3387 ad
2780 3328 3058 3386 Ecclesia:
3091 3329 3594 3405 plenitudinem,a
3624 3344 3741 3402 qua

2088 3419 2266 3476 etiam
2298 3435 2574 3491 separare
2607 3436 2670 3476 se
2700 3417 3020 3475 destinavit
3051 3418 3238 3476 donec
3268 3418 3667 3493 resipisceret.

2157 3508 2320 3577 Quod
2343 3508 2391 3565 si
2425 3508 2795 3565 etdecimam
2828 3508 3155 3573 desideres,
3181 3509 3298 3566 dici
3326 3509 3552 3586 poterit
3574 3509 3737 3581 quod

2088 3616 2224 3654 cum
2257 3599 2314 3653 hi
2340 3601 2441 3672 qui
2477 3598 2603 3672 lege
2634 3598 2971 3655 honorandi
3024 3598 3311 3657 connubii
3352 3599 3740 3669 conveniunt,

2087 3704 2274 3745 unum
2302 3688 2449 3744 ﬁant
2478 3705 2694 3760 corpus
2722 3689 2885 3759 (nam
2916 3688 3347 3760 Erunt,inquit,
3368 3689 3483 3745 duo
3515 3687 3578 3749 in
3610 3706 3738 3746 car-

2089 3794 2228 3832 nem
2255 3794 2457 3833 unam.
2492 3776 2629 3834 Ideo
2661 3776 2841 3832 etiam
2872 3794 3020 3834 uxor
3044 3776 3270 3851 proprii
3311 3777 3577 3848 corporis
3632 3794 3737 3849 po-

2092 3869 2366 3920 testatem
2397 3882 2516 3921 non
2543 3864 2852 3935 habet,sed
2884 3864 3008 3921 vir:
3038 3864 3311 3922 similiter
3338 3865 3513 3921 etiam
3540 3864 3630 3921 vir
3649 3866 3738 3935 θ’),

2090 3955 2303 4010 merito
2331 3955 2418 4009 vir
2465 3954 2566 4026 qui
2599 3959 2914 4019 scortatur,
2974 3954 3034 4011 in
3068 3970 3331 4023 uxorem,
3365 3953 3475 4010 hoc
3535 3959 3642 4020 est,
3677 3954 3739 4011 in

2091 4044 2399 4117 proprium
2432 4061 2644 4117 corpus
2674 4049 2917 4116 peccat;
2953 4042 3229 4101 similiter
3259 4048 3318 4099 et
3348 4059 3494 4100 uxor
3525 4059 3537 4098 :
3586 4044 3743 4101 474

2092 4151 2230 4191 nam
2264 4134 2325 4188 in
2359 4134 2485 4190 solo
2519 4132 2629 4189 hoc
2663 4138 2904 4207 peccato
2935 4133 3128 4208 legem
3157 4133 3357 4208 posuit
3385 4132 3653 4191 Christus
3674 4133 3741 4205 ⁸³,

2094 4225 2142 4281 si
2175 4242 2209 4279 ει
2239 4241 2300 4280 se
2321 4223 2577 4280 invicem
2603 4228 3074 4297 separarentur.-
3103 4223 3168 4278 In
3198 4221 3505 4296 proprium
3528 4239 3744 4295 corpus

2093 4321 2318 4388 peccat.
2348 4337 2375 4365 »
2410 4314 2530 4373 Hoc
2562 4319 2672 4385 est,
2700 4315 3010 4391 proprium
3042 4330 3258 4387 corpus
3291 4311 3488 4369 reddit
3544 4313 3741 4387 impu-

2096 4422 2247 4460 rum.

2167 4513 2261 4581 VI,
2296 4515 2382 4577 19,
2414 4515 2502 4569 20.
2539 4534 2566 4562 ‹‹
2600 4513 2690 4571 An
2749 4510 2994 4569 nescitis
3025 4510 3186 4583 quod
3209 4528 3426 4583 corpus
3482 4514 3744 4568 vestrum

2098 4623 2121 4653 ε
2159 4601 2449 4673 templum
2479 4607 2570 4657 est
2599 4599 2926 4659 habitantis
2956 4600 3018 4657 in
3049 4599 3213 4659 vobis
3243 4600 3497 4672 Spiritus
3529 4600 3743 4663 sancti,

2096 4713 2120 4738 (ι
2151 4706 2326 4760 quem
2348 4688 2625 4748 habetisa
2643 4690 2977 4756 Deo,etnon
2995 4688 3135 4743 estis
3154 4689 3330 4746 vestri
3338 4687 3534 4760 juris?
3550 4688 3743 4758 Empti

2097 4802 2124 4829 ‹‹
2154 4778 2315 4835 enim
2333 4777 2476 4833 estis
2496 4776 3191 4851 pretio.Gloriticatejam
3204 4776 3390 4833 Deum
3415 4776 3476 4829 in
3497 4791 3744 4848 corpore

2098 4891 2126 4918 ιι
2154 4872 2346 4927 vestro
2387 4873 2446 4923 et
2474 4867 2537 4922 in
2568 4866 2782 4938 spiritu
2815 4870 3027 4935 vestro,
3061 4882 3193 4937 quae
3224 4869 3364 4920 sunt
3403 4864 3527 4922 Dei.
3561 4885 3590 4913 ››

2168 4959 2250 5013 Ex
2266 4956 2406 5013 doni
2430 4954 2838 5029 magnitudine
2863 4960 2922 5010 et
2937 4954 3066 5027 ejus
3086 4953 3187 5026 qui
3212 4953 3374 5011 dedit
3395 4953 3745 5025 dignitatem

326 5027 585 5109 wad‘tod
631 5027 968 5105 καταπτοεῖξ
1035 5027 1260 5124 Πνεῦμα.
1306 5050 1407 5125 γάρ
1468 5027 1735 5127 ἦδιορεά.
1795 5054 1979 5127 Ἔχετε

2103 5048 2375 5106 deterret.
2408 5027 2553 5107 Nam
2598 5045 2840 5117 spiritus
2868 5042 3092 5100 donum
3123 5050 3250 5101 est:
3282 5042 3515 5100 habetis
3545 5047 3745 5103 autem

325 5134 388 5190 δὲ
418 5140 581 5193 τοῦτο
612 5137 719 5193 ἀπὸ
751 5142 907 5196 Θεοῦ.
940 5138 1002 5195 Ὁ
1035 5138 1139 5213 γὰρ
1199 5135 1455 5205 δεδωκὼς
1521 5139 1652 5197 αὐτὸ
1709 5142 1861 5209 Θεὸς,
1894 5141 1987 5196 καὶ

322 5225 493 5281 οἰκῶν
527 5224 582 5282 ἐν
610 5230 691 5299 τῷ
720 5231 837 5299 ναῷ
864 5230 962 5283 τοῦ
991 5231 1151 5298 Θεοῦ,
1188 5228 1463 5284 τουτέστιν
1518 5228 1570 5285 ἐν
1630 5234 1710 5301 τῷ
1772 5230 1986 5302 σώματι

323 5317 506 5388 ὑμῶν.
538 5340 565 5367 (ι
604 5316 701 5372 Καὶ
722 5315 825 5372 οὐκ
856 5315 975 5371 ἐστὶ
1002 5316 1229 5377 ἑαυτῶν.
1259 5341 1290 5371 ι)
1323 5319 1404 5376 Οὐ
1433 5318 1495 5375 τὸ
1528 5319 1870 5390 αὐτεξούσιον
1898 5318 1989 5374 ἀν.

322 5410 491 5479 αιρεῖ,
523 5403 671 5461 ἀλλὰ
700 5406 809 5460 τῶν
841 5408 1025 5460 κακῶν
1048 5406 1293 5479 πράξεων
1327 5405 1594 5483 ἀπείργει.
1627 5409 1750 5466 Ὀτι
1784 5408 1988 5464 Ascuri-

316 5516 446 5563 την,
477 5494 663 5573 φησὶν,
701 5493 877 5570 ἔχετε,
910 5493 1000 5550 καὶ
1028 5493 1183 5550 οὐδὲν
1216 5488 1373 5570 ἔχετε
1402 5492 1561 5568 ἴδιον,
1594 5494 1720 5553 οὐδὲ
1765 5497 1894 5553 αὐτὸ
1924 5497 1987 5552 τὸ

321 5586 508 5655 σῶμα.
539 5607 567 5635 ιι
598 5582 973 5658 Ἠγοράσθητε
1000 5583 1103 5659 γὰρ
1132 5590 1326 5657 τιμῆς,
1354 5607 1383 5636 ››
1413 5585 1493 5657 τῷ
1522 5584 1712 5658 αἵματι
1740 5589 1837 5641 τοῦ
1860 5585 1987 5641 Υἱου

324 5671 517 5742 αὐτοῦ,
549 5668 699 5733 ὄντες
753 5672 857 5727 ὑπὸ
887 5672 987 5740 τὴν
1021 5670 1258 5744 ἐξουσίαν
1287 5676 1385 5726 τοῦ
1445 5677 1680 5732 Σατανᾶ.
1742 5697 1770 5725 ι(
1822 5673 1990 5743 Δοξά-

2096 5139 2255 5195 hunc
2285 5155 2321 5195 a
2354 5139 2491 5194 Deo.
2525 5138 2683 5195 Deus
2713 5136 2875 5194 enim
2904 5141 2997 5195 est
3024 5133 3126 5206 qui
3159 5134 3342 5202 dedit,
3366 5139 3428 5189 et
3452 5134 3553 5204 qui
3575 5132 3745 5193 habi-

2096 5235 2182 5285 tat
2212 5228 2275 5283 in
2307 5226 2527 5298 templo
2560 5226 2804 5287 Dei.hoc
2836 5230 2946 5292 est,
2978 5225 3041 5284 in
3071 5240 3319 5295 corpore
3351 5230 3564 5281 vestro.
3603 5245 3627 5277 ι
3678 5225 3750 5283 Et

2095 5335 2218 5377 non
2244 5317 2387 5374 estis
2411 5315 2587 5372 vestri
2596 5315 2771 5387 juris.
2800 5337 2830 5365 ν
2851 5316 2977 5373 Νοιι
3000 5314 3156 5371 tollit
3172 5313 3365 5384 ipsam
3386 5313 3748 5383 libertatem,

2098 5405 2202 5462 sed
2232 5423 2267 5461 a
2298 5406 2471 5461 malis
2502 5410 2663 5460 arcet
2690 5402 2991 5474 Oper-ibus.
3023 5402 3363 5469 Dominum,
3396 5401 3612 5475 inquit,
3642 5403 3751 5461 ha-

2098 5497 2250 5552 betis
2283 5501 2567 5567 tanquam
2599 5493 2839 5560 servi,et
2870 5491 3022 5551 nihil
3051 5491 3284 5549 habetis
3316 5491 3648 5564 proprium,
3671 5507 3748 5548 ne

2099 5586 2297 5657 ipsum
2328 5584 2571 5657 quidem
2605 5598 2878 5654 corpus.«
2912 5580 3109 5652 Empti
3142 5596 3304 5653 enim
3327 5579 3469 5637 estis
3496 5579 3745 5652 pretio,»

2099 5690 2316 5745 nempe
2351 5671 2639 5743 sanguine
2671 5669 2798 5725 Filii
2832 5670 3041 5741 ipsius,
3071 5685 3207 5723 cum
3256 5667 3481 5722 redacti
3539 5664 3749 5720 essetis

402 5789 453 5825 3°
482 5793 654 5848 Num.
685 5807 816 5857 xxv,
859 5791 881 5845 4
922 5805 1089 5860 seqq.
1167 5788 1218 5825 9°
1246 5791 1373 5844 Act.
1403 5806 1454 5857 v,
1495 5795 1526 5846 5
1584 5807 1768 5863 seqq,
1814 5808 1929 5861 xm,
1973 5810 1979 5825 ι

2138 5789 2185 5826 ⁹¹
2218 5792 2386 5846 Rom.
2448 5804 2550 5854 χιι,
2596 5790 2648 5841 5.
2727 5786 2827 5841 ἐἰ
2882 5787 3010 5840 Cor.
3046 5800 3141 5853 vn,
3200 5785 3252 5837 4.
3331 5780 3378 5817 ⁸³
3432 5781 3631 5836 Matth.
3688 5785 3745 5852 5,

320 5884 385 5951 τ,
419 5883 512 5937 28.
