4118 6394
331 452 449 514 723

1454 438 1885 501 (ECUMENII
1927 435 2233 498 TRICC/E
2277 438 2663 502 EPISCOPI.

3624 433 3742 495 ⁸724

331 583 440 641 sub
472 584 825 654 potestatem
854 578 1108 633 Satanae.
1142 599 1169 626 ιι
1196 575 1529 632 Gloriﬁcate
1552 576 1680 646 jam
1710 575 1917 629 Deum.
1950 594 1970 622 ι

2110 588 2218 626 rats
2288 568 2352 641 δὴ
2430 573 2524 626 τὸν
2578 572 2731 626 Θεόν·
2786 593 2815 622 ››
2874 570 3024 625 Ἐπεὶ
3091 568 3181 623 οὖν
3235 566 3580 645 ἠγοράσθητε
3638 566 3742 622 ὑπὸ

328 668 820 740 Quandoquidem
843 666 1027 737 empti
1046 666 1191 720 estis
1213 682 1248 720 a
1272 663 1747 737 Deo.glori{icate
1780 662 1977 734 ipsum

331 777 438 832 per
458 760 616 814 bona
635 757 939 829 Opera.Ait
960 754 1119 809 enim
1147 771 1159 810 :
1186 777 1212 803 «
1239 755 1312 809 Ut
1327 754 1591 809 videntes
1614 753 1772 808 bona
1801 768 1982 824 opera

328 847 870 920 vestraglorilicent
880 846 1115 900 Patrem
1130 848 1387 897 vestrum
1402 842 1501 913 qui
1520 842 1580 896 in
1595 841 1758 896 cmlis
1773 847 1863 896 est
1878 839 1978 897 9‘.»

331 970 397 981 -
425 961 450 987 α
475 939 547 992 Ει
566 937 629 991 in
652 935 864 1008 spiritu
886 939 1100 989 vestro.
1119 954 1146 982 »
1173 933 1289 986 Hoc
1315 930 1520 986 dicens
1541 930 1801 986 ostendit
1822 928 1982 1001 quod

332 1043 455 1082 non
487 1027 613 1082 solo
645 1040 892 1097 corpore
922 1024 1123 1096 fugere
1154 1026 1424 1093 oporteat
1453 1026 1747 1092 stuprum,
1791 1019 1895 1074 sed
1924 1024 1984 1074 et

334 1116 571 1188 spiritu,
587 1114 648 1170 id
672 1120 781 1181 est,
803 1112 1039 1169 anima:
1063 1116 1337 1181 utneque
1358 1114 1558 1164 mente
1582 1109 1687 1165 ﬂat
1708 1108 1982 1181 pollutio.

332 1207 431 1262 Ait
478 1206 641 1260 enim
678 1221 690 1258 :
727 1225 756 1253 ι(
812 1201 1161 1271 Quicunque
1193 1199 1491 1271 aspexerit
1545 1198 1860 1253 mulierem
1908 1197 1982 1253 ad

335 1292 1027 1366 concupiscendum.jam
1059 1306 1192 1345 cum
1218 1306 1286 1343 ea
1307 1288 1667 1343 adulterium
1686 1288 1988 1343 commisit

336 1386 399 1441 in
431 1384 607 1440 corde
638 1399 743 1438 suo
792 1381 856 1434 ⁸⁸.
885 1401 909 1432 ι
947 1402 975 1431 ι(
1008 1381 1145 1446 Quae
1181 1382 1321 1433 sunt
1348 1377 1472 1433 Dei.
1534 1399 1561 1428 ››
1621 1378 1987 1448 Frequenter

338 1475 411 1531 ad
431 1472 769 1529 memoriam
788 1469 1020 1526 reducit
1040 1468 1198 1540 quod
1228 1483 1349 1521 non
1383 1467 1571 1522 simus
1594 1467 1781 1522 nostri
1806 1467 1985 1537 juris,

334 1564 440 1619 sed
474 1561 583 1618 sub
617 1560 867 1616 Domino
899 1559 1106 1613 simus.
1142 1558 1260 1611 Hoc
1290 1555 1511 1610 indicat
1544 1573 1557 1610 :
1595 1576 1622 1606 ι(
1653 1556 1791 1621 Quas
1851 1563 1990 1611 sunt

333 1652 457 1720 Dei,
495 1674 516 1701 ι
554 1656 613 1706 et
637 1666 755 1704 non
787 1646 951 1703 vobis
977 1645 1237 1718 prOpria.

983 1762 1216 1816 CAPUT
1257 1762 1350 1815 1V.

522 1884 673 1941 δίἵῦ
709 1884 781 1938 De
808 1880 1021 1952 nuptiis
1050 1886 1103 1935 et
1132 1881 1407 1935 viduitate
1435 1895 1501 1936 ac
1534 1879 1810 1935 caelibatu.

417 2005 535 2072 VII,
552 2006 693 2062 ι.4.‹‹
710 2004 1002 2057 Cmterum
1016 1999 1087 2055 de
1111 1999 1326 2070 quibus
1341 1998 1664 2069 scripsistis
1686 1997 1996 2070 mihi,pul-

340 2116 373 2146 κ
389 2094 596 2149 chrum
610 2089 936 2148 esthomini
949 2088 1260 2143 mulierem
1277 2104 1394 2141 non
1406 2088 1996 2160 attingere.Attamen

350 2204 373 2232 ι
406 2188 646 2255 propter
663 2185 869 2252 stupra
887 2177 1319 2246 vitanda,suam
1345 2176 1598 2248 quisque
1622 2193 1861 2231 uxorem
1890 2177 1996 2232 ha-

344 2292 375 2320 «
405 2269 628 2338 beat,et
652 2284 824 2323 suum
845 2282 1095 2337 quaeque
1125 2265 1313 2320 virum
1337 2264 1757 2321 habeat.Uxori
1780 2265 1867 2319 vir
1893 2264 1996 2319 de-

347 2382 369 2410 ι
407 2359 594 2414 bitam
624 2356 837 2412 reddat
864 2354 1333 2411 benevolentiam
1360 2372 1373 2408 :
1408 2354 1686 2409 similiter
1715 2360 1913 2410 autem
1939 2359 1998 2410 et

342 2470 373 2501 α
400 2465 550 2503 uxor
569 2448 876 2503 viro.Uxor
894 2445 1118 2517 proprii
1142 2445 1407 2516 corporis
1421 2445 1523 2516 jus
1544 2462 1661 2499 non
1686 2444 1995 2512 habet,sed

343 2558 375 2588 ι(
406 2535 806 2591 vir.Similiter
820 2540 1018 2590 autem
1041 2538 1095 2589 el
1124 2533 1210 2587 vir
1226 2533 1451 2605 proprii
1474 2533 1739 2605 corporis
1753 2533 1854 2606 jus
1875 2550 1994 2589 non

343 2647 374 2676 α
405 2624 607 2692 habet,
640 2624 746 2679 sed
778 2640 943 2678 uxor.
980 2643 1008 2672 »

414 2802 787 2874 Scripserant
853 2799 1054 2870 Paulo,
1088 2804 1288 2854 utrum
1344 2803 1647 2871 oporteret
1684 2799 1757 2853 ab
1815 2815 1996 2855 uxore

346 2890 900 2959 abstinere,annon.
936 2912 963 2939 «
1000 2888 1325 2944 Pulchrum
1358 2894 1447 2943 est
1499 2888 1747 2943 homini.
1779 2910 1806 2937 ››
1860 2888 1995 2943 Pul-

355 2982 588 3046 chrum,
624 2979 840 3051 inquit,
871 2984 962 3034 est
990 2984 1049 3034 et
1077 2979 1359 3034 eximium
1394 2984 1460 3034 ut
1512 2979 1827 3033 mulierem
1878 2995 1999 3034 om-

348 3070 493 3124 nino
524 3086 644 3124 non
675 3068 925 3141 attingat
956 3085 970 3122 :
1003 3068 1162 3138 quod
1188 3074 1387 3123 autem
1436 3083 1710 3122 securum
1738 3073 1828 3122 est
1857 3073 1915 3122 et
1938 3067 1999 3122 in

353 3165 644 3222 auxilium
675 3164 1073 3221 imbecillitati
1103 3172 1321 3220 nostrae
1352 3166 1556 3221 datum
1589 3169 1771 3233 est,ut
1798 3165 1884 3219 vir
1915 3165 1996 3220 le-

345 3257 553 3330 gitima
583 3261 786 3312 utatur
815 3273 1019 3323 uxore,
1054 3261 1111 3312 et
1139 3273 1289 3312 uxor
1314 3257 1578 3330 legitimo
1619 3263 1820 3312 utatur
1851 3257 1994 3312 viro.

2021 1942 2073 2008 B

2088 665 2247 732 Θεοῦ,
2282 660 2542 733 δοξάσατε
2572 663 2736 717 αὐτὸν
2770 659 2860 717 διὰ
2914 664 3173 735 χρηστῶν
3197 660 3464 732 πράξεων.
3489 683 3517 710 ‹‹
3550 660 3741 715 ’Όπως

2086 749 2208 825 γὰρ,
2244 751 2432 828 φησὶν,
2465 753 2698 825 ὁρῶντες
2747 752 2813 806 τά
2869 748 3013 805 καλά
3065 749 3216 822 ὑμῶν
3272 743 3421 821 ἔργα,
3477 744 3743 817 δοξάσωσι

2086 840 2178 895 τὸν
2212 841 2426 916 ΙΙατέρα
2460 841 2613 915 ὑμῶν
2659 839 2752 895 τὸν
2784 838 2836 894 ἐν
2862 845 2981 901 τοῖς
3036 838 3304 911 οὐρανοῖς.
3337 861 3364 887 ιι
3397 870 3465 880 -—
3501 862 3521 886 ι
3558 834 3662 892 Καί
3692 834 3745 891 ἐν

2087 933 2167 1001 τῷ
2200 931 2471 1002 πνεύματι
2505 930 2680 1003 ὑμῶν.
2717 953 2746 981 ››
2806 931 2983 986 Τοῦτο
3038 927 3204 984 εἰπὼν
3266 923 3533 982 δείκνυσιν
3567 928 3649 981 ὅτι
3680 925 3744 980 οὗ

2092 1019 2255 1092 μόνον
2289 1020 2506 1091 σώματι
2563 1020 2677 1097 χρή
2740 1018 2957 1097 φεύγειν
3008 1020 3108 1087 τήν
3148 1015 3429 1091 πορνείαν,
3463 1014 3610 1071 ἀλλά
3651 1014 3746 1069 καὶ

2087 1108 2379 1181 πνεύματι,
2402 1106 2576 1183 ἤγουν
2632 1112 2703 1182 τῇ
2734 1110 2914 1187 ψυχῇ,
2973 1112 3054 1180 τῷ
3117 1102 3258 1179 μηδὲ
3312 1106 3449 1159 κατά
3506 1102 3749 1159 διάνοιαν

2091 1195 2448 1270 μολύνεσθαι.
2481 1220 2509 1251 ιι
2540 1199 2614 1259 Ος
2663 1198 2770 1272 γὰρ
2829 1197 2914 1266 ἂν,
2975 1197 3164 1274 φησὶν,
3222 1189 3473 1269 ἐμϐλέψῃ
3516 1194 3655 1267 πρὸς
3684 1192 3749 1248 τὸ

2090 1284 2449 1359 ἐπιθυμῆσαι,
2499 1283 2609 1357 ἤδη
2644 1285 2967 1361 ἐμοιχευσεν
3024 1284 3076 1339 ἐν
3126 1287 3196 1357 τῇ
3250 1281 3449 1358 καρδίᾳ
3500 1283 3685 1337 αὐτοῦ.
3723 1305 3748 1333 ιι

2098 1398 2125 1429 σι
2178 1376 2368 1432 Ἃτινά
2424 1374 2537 1430 ἐστι
2591 1379 2689 1430 τοῦ
2747 1378 2901 1432 Θεοῦ.
2936 1398 2964 1425 ››
3026 1377 3247 1448 Συχνῶς
3327 1372 3734 1445 ἀναμιμνήσκει

2091 1464 2176 1520 ὅτι
2208 1463 2307 1519 οὐκ
2330 1463 2487 1538 ἐσμὶν
2519 1466 2743 1534 ἑαυτῶν,
2778 1461 2904 1519 ἀλλ’
2963 1463 3065 1518 ὑπὸ
3126 1460 3399 1529 Δεσπότην
3444 1460 3758 1534 τελοῦμεν.-

2095 1557 2273 1611 Τοῠτο
2306 1549 2494 1624 δηλοῖ,
2532 1577 2555 1607 ι
2599 1554 2794 1610 ’Ἁτινά
2832 1552 2945 1608 ἐστι
2974 1556 3071 1607 τοῦ
3101 1556 3258 1619 Θεοῦ,
3292 1576 3321 1602 ››
3379 1551 3470 1606 καὶ
3503 1550 3610 1627 οὐχ
3640 1553 3734 1607 Ῐεαυ

2093 1664 2224 1701 των.

2740 1766 3002 1817 ΚΕΦΑΛ.
3034 1770 3072 1816 Δ
3093 1804 3106 1818 .

2315 1877 2445 1951 Περὶ
2474 1876 2659 1952 γάμου
2687 1875 2779 1931 καὶ
2828 1874 3057 1954 χηρείας
3124 1873 3216 1929 καὶ
3275 1874 3537 1949 ἀγαμίας.

2175 1992 2311 2069 Περὶ
2357 1990 2415 2047 δὲ
2470 1994 2544 2047 ὧν
2605 1991 2870 2068 ἐγράψατέ
2930 2012 3052 2065 μοι,
3110 1990 3278 2048 καλὸν
3333 1991 3605 2066 ἀνθρώπῳ
3663 2015 3757 2068 γυ-

2103 2083 2291 2144 ναικὸς
2351 2083 2428 2155 μὴ
2508 2083 2788 2145 ἅπτεσθαι.
2850 2082 2949 2136 Διά
3017 2078 3075 2136 δὲ
3138 2081 3235 2144 τὰς
3303 2081 3578 2157 πορνείας,
3638 2080 3758 2139 ἔκα-

2106 2192 2230 2234 στος
2295 2173 2398 2239 τὴν
2455 2172 2647 2227 ἑαυτοῦ
2702 2177 2929 2245 γυναῖκα
2984 2170 3158 2245 ἐχὲτω
3193 2212 3208 2238 ,
3266 2171 3356 2225 καὶ
3415 2170 3620 2242 ἐπάστη
3662 2172 3755 2227 τὸν

2107 2258 2243 2315 ἴδιον
2293 2258 2455 2337 ἄνδρα
2514 2260 2709 2336 ἐχέτω.
2766 2264 2850 2326 Τῆ
2902 2260 3119 2335 γυναικὶ
3178 2261 3206 2315 6
3263 2261 3398 2336 ἀνὴρ
3452 2263 3554 2332 τήν
3608 2260 3760 2339 ὄφει-

2106 2346 2345 2425 λομὲνην
2411 2348 2621 2407 εὔνοιαν
2708 2347 3069 2419 ἀποδιδότω,
3150 2352 3361 2425 ὁμοίως
3447 2349 3505 2407 δὲ
3579 2353 3670 2409 καὶ
3722 2356 3758 2423 ἠ

2106 2441 2243 2517 γυνή
2301 2438 2382 2512 τῷ
2439 2436 2616 2513 ἀνδρί.
2680 2441 2745 2496 Ἠ
2796 2439 2934 2514 γυνή
2984 2443 3081 2493 τοῦ
3141 2437 3285 2494 ἰδίου
3345 2440 3600 2508 σώματος
3659 2441 3761 2497 οὐκ

2106 2527 2422 2600 ἐξουσιάζει,
2482 2527 2607 2584 ἀλλ’
2666 2529 2694 2582 6
2746 2527 2906 2600 ἀνήρ.
2968 2528 3213 2602 Ὁμοίως
3273 2526 3332 2583 δὲ
3386 2527 3477 2584 καὶ
3537 2531 3566 2584 6
3625 2529 3759 2601 ἀνὴρ

2104 2622 2203 2674 τοῦ
2278 2615 2420 2673 ἰδίου
2523 2618 2778 2692 σώματος
2881 2618 2985 2673 οὐκ
3084 2617 3402 2688 ἐξουσιάζει,
3498 2617 3625 2675 ἀλλ’
3723 2623 3758 2690 ἡ

2105 2709 2235 2783 γυνή
2249 2728 2261 2741 ’

2180 2799 2455 2873 Ἓγραψαν
2485 2801 2564 2869 τῷ
2614 2794 2819 2869 Παύλῳ
2850 2795 2901 2852 εἴ
2946 2794 3028 2853 δεῖ
3086 2796 3379 2874 ἀπὲχεσθαι
3442 2799 3758 2875 γυναικὸς

2111 2885 2195 2944 οὗ.
2229 2911 2256 2939 ι‹
2284 2885 2462 2944 Καλὸν
2496 2887 2789 2961 ἀνθρώπῳ.
2828 2911 2856 2939 ››
2893 2886 2964 2942 Τὸ
2993 2888 3087 2960 μὲν
3119 2888 3286 2942 καλὸν
3318 2887 3409 2943 καὶ
3472 2889 3758 2964 ὑπερέχον,

2111 2977 2298 3057 φησὶν,
2329 2970 2438 3031 ἔστι
2469 2976 2554 3046 τὸ,
2587 2975 2735 3038 ὅλως
2784 2976 2860 3048 μὴ
2916 2977 3172 3032 ἅπτεσθαι
3230 2977 3499 3051 γυναικός.
3569 2978 3647 3034 Τὸ
3705 2975 3761 3031 δὲ

2112 3064 2348 3139 ἀσφαλὲς
2378 3064 2469 3119 καὶ
2505 3065 2743 3141 βοηθοῦν
2773 3067 2843 3138 τῇ
2886 3064 3132 3136 ἀσθενείᾳ
3161 3067 3343 3138 ἡμῶν,
3399 3066 3485 3127 τὸ.
3535 3065 3762 3139 νομίμῳ

2110 3155 2414 3229 κεχρῆσθαι
2434 3154 2672 3228 γυναικὶ,
2708 3153 2799 3209 καὶ
2831 3153 2914 3221 τὸ,
2949 3152 3179 3227 νομίμῳ
3234 3162 3539 3230 κεχρῆσθαι
3588 3151 3765 3230 ἀνδρί.

2116 3269 2136 3294 ι
2177 3243 2275 3297 Διὰ
2314 3239 2372 3296 δὲ
2423 3242 2518 3305 τὰς
2577 3242 2856 3318 πορνείας.
2893 3266 2915 3295 ι
2981 3239 3132 3313 Αὕτη
3164 3245 3199 3312 ἡ
3230 3250 3330 3313 τῆς
3362 3247 3769 3318 συγχωρήσεως

350 3320 378 3395 ξ
409 3350 677 3401 Attamen
709 3351 951 3417 propter
981 3320 1186 3417 stupra
1214 3320 1468 3403 vitanda.
1498 3370 1525 3395 ››
1548 3348 1681 3402 Haec
1712 3347 1841 3418 ipsa
1871 3364 1995 3418 per-

2110 3331 2271 3400 αἰτία,
2305 3331 2381 3393 εἰς
2439 3330 2750 3406 ἐγκράτειαν
2798 3331 3127 3407 παρακαλεῖ.
3161 3357 3189 3384 ι(
3224 3333 3332 3401 Τὴν
3395 3333 3769 3409 ὀφειλομένην

347 3435 652 3491 missionis
684 3451 863 3490 causa
891 3434 966 3490 ad
996 3437 1420 3492 continentiam
1447 3436 1851 3494 adhortatur.«
1884 3438 1996 3491 De-

346 3525 529 3580 bitam
590 3525 1086 3581 benevolentiam.
1131 3549 1159 3577 »
1208 3527 1477 3582 Ostendit
1530 3527 2000 3583 benevolentiam

351 3614 619 3669 debitum
655 3630 805 3682 esse,
841 3621 984 3686 puta
1014 3614 1363 3671 ﬁdelitatem
1396 3633 1464 3672 ac
1511 3623 1784 3671 mutuum
1835 3633 1998 3672 amo-

351 3707 568 3773 rem,et
608 3720 727 3758 non
757 3704 941 3775 gratis
973 3704 1258 3760 exhiberi.
1304 3728 1331 3755 ‹‹
1383 3705 1669 3760 Similiter
1697 3712 1895 3761 autem
1945 3712 2005 3761 et

349 3794 437 3847 vir
467 3792 558 3847 sui
591 3793 857 3865 corporis
879 3795 981 3865 jus
1040 3810 1158 3848 non
1188 3793 1386 3850 habet.
1426 3816 1453 3843 ››
1511 3795 2002 3866 Quandoquidem

351 3880 600 3948 dixerat,
636 3905 661 3930 ‹‹
698 3882 965 3937 Dehitam
997 3882 1491 3950 benevolentiam,
1526 3904 1546 3933 ι
1580 3885 2003 3956 interpretatus

353 3975 443 4025 est
474 3988 747 4043 quaenam
778 3972 883 4028 illa
913 3974 1021 4029 sit:
1059 3973 1215 4041 Haec,
1247 3973 1463 4044 inquit,
1494 3980 1581 4027 est
1612 3973 1771 4045 quod
1810 3990 2002 4044 neque

350 4060 440 4114 vir
470 4077 663 4131 neque
695 4078 845 4116 uxor
873 4062 963 4116 sui
994 4063 1260 4133 corporis
1283 4064 1385 4134 jus
1418 4062 1656 4129 habent,
1691 4063 1795 4118 sed
1825 4063 2003 4134 hujus

345 4150 450 4221 jus
479 4150 631 4205 alter
660 4151 857 4206 habet.
896 4152 1136 4207 Videtur
1162 4159 1361 4207 autem
1409 4153 1818 4209 benevolentia
1875 4171 2003 4210 esse

353 4240 716 4306 amicitia,et
747 4241 999 4296 maxime
1030 4241 1353 4297 benevolus
1386 4242 1578 4297 fidelis
1610 4244 1857 4299 amicus.
1894 4246 2004 4297 Ve-

354 4344 489 4382 rum
521 4346 698 4399 quam
733 4328 806 4383 ob
837 4345 1079 4384 causam
1112 4329 1171 4383 in
1203 4331 1339 4385 aliis
1360 4330 1495 4402 plus
1517 4332 1724 4387 tribuit
1748 4333 2002 4398 viro,uhi

355 4416 428 4471 de
462 4418 832 4490 subjectione
893 4424 952 4471 et
980 4424 1273 4489 potestate
1332 4420 1443 4490 ipsi
1478 4438 1674 4477 sermo
1705 4429 1815 4485 est,
1847 4440 2005 4479 nunc

353 4519 554 4569 autem
586 4510 987 4582 mqualitatem
1019 4509 1224 4565 dedit?
1256 4513 1323 4563 Et
1352 4509 1605 4566 dicimus
1628 4512 1786 4583 quod
1818 4512 1899 4567 ibi
1932 4512 2004 4568 de

350 4601 636 4676 primario
669 4600 782 4672 ipsi
816 4616 1013 4655 sermo
1046 4605 1317 4666 est,nunc
1347 4617 1482 4656 vero
1515 4602 1587 4656 de
1614 4603 1999 4671 continentia,

349 4693 414 4747 in
446 4708 565 4763 qua
592 4694 806 4747 neuter
834 4690 971 4761 plus
1001 4694 1105 4744 aut
1134 4689 1332 4744 minus
1364 4690 1581 4747 habere
1613 4691 1808 4748 debet.

426 4783 665 4846 Vll,5.‘7.
697 4805 716 4829 ε
740 4781 819 4835 Ne
836 4778 1661 4847 fraudetisvosinvicem,nisi
1682 4783 1731 4837 si
1755 4782 1899 4853 quid
1930 4798 2001 4837 ex

350 4893 379 4922 ‹‹
408 4886 704 4926 consensu
722 4868 794 4923 ad
814 4872 1143 4939 tempus,ut
1160 4869 1379 4923 vacetis
1383 4869 1405 4940 j
1417 4870 1617 4941 ejunio
1639 4870 1962 4926 etorationi
1985 4887 1998 4925 :

348 4980 378 5009 «
400 4974 761 5029 rursumque
775 4959 835 5011 in
849 4972 1031 5012 unum
1048 4957 1515 5024 conveniatis,ne
1536 4964 1830 5014 tentetvos
1845 4960 2002 5014 Sata-

348 5069 376 5097 «
402 5063 511 5101 nas
540 5052 782 5117 propter
811 5045 1335 5116 intemperantiam
1367 5049 1770 5103 vestramJloc
1800 5053 2000 5103 autem

348 5154 377 5183 ‹‹
403 5132 536 5187 dico
568 5149 639 5187 ex
672 5132 1215 5203 permissione,non
1245 5150 1315 5187 ex
1349 5140 1646 5205 prmcepto
1675 5136 1830 5190 476
1857 5138 1999 5190 Nam

348 5243 376 5269 ‹‹
406 5237 684 5293 cuperem
708 5235 913 5276 omnes
936 5220 1208 5276 homines
1232 5237 1361 5277 esse
1383 5228 1449 5277 ut
1462 5239 1566 5295 ego
1589 5224 1715 5295 ipse
1728 5225 2001 5280 sum.Sed

352 5329 375 5359 ι
406 5310 815 5380 unusquisque
836 5309 1143 5380 preprium
1165 5310 1387 5365 donum
1411 5311 1668 5368 habetex
1684 5314 1800 5367 Deo
1819 5330 1832 5369 :
1848 5329 2002 5369 unus

346 5421 375 5449 ‹‹
411 5399 654 5470 quidem
689 5400 791 5465 sic,
822 5398 977 5454 alius
1009 5416 1144 5454 vero
1176 5401 1281 5455 sic.
1319 5423 1347 5450 ››

420 5488 559 5544 Vide
600 5488 758 5559 quod
791 5494 850 5543 et
879 5488 974 5543 hic
1004 5505 1240 5560 quoque
1270 5488 1535 5547 debitum
1583 5494 2005 5566 signiﬁcaverit

348 5578 528 5633 verbo
564 5600 590 5627 «
614 5577 912 5633 Fraudare
946 5600 974 5627 ι’
1005 5609 1071 5617 --
1105 5600 1131 5627 ‹‹
1167 5578 1285 5632 Nisi
1319 5579 1366 5632 si
1392 5582 1534 5650 quid
1557 5598 1625 5637 ex
1648 5600 2000 5642 consensu.»

422 5727 468 5765 ⁹⁴
496 5728 696 5783 Matth.
729 5744 781 5797 ν,
816 5726 904 5784 16.
980 5725 1028 5761 ’⁵
1059 5727 1201 5784 ibid.
1234 5731 1324 5787 28.

2028 4688 2075 4753 D

2108 3417 2340 3477 εὔνοιαν.
2374 3444 2402 3472 ››
2432 3418 2641 3491 ’Έδειξε
2699 3419 2868 3496 χρέος
2919 3420 3081 3476 οὖσαν
3136 3422 3237 3490 τήν
3307 3417 3541 3489 εὔνοιαν,
3592 3419 3765 3497 ἤγουν

2106 3510 2207 3578 τήν
2239 3508 2418 3564 πίστιν
2451 3512 2541 3564 ιιαὶ
2569 3530 2665 3578 την
2716 3507 2955 3585 ἀγάπην,
2987 3509 3078 3565 καὶ
3139 3510 3201 3565 o6
3255 3507 3460 3583 δωρεὰν
3524 3530 3764 3585 παρεχο-

2111 3599 2303 3673 μένην.
2353 3623 2382 3651 ‹‹
2416 3599 2658 3673 Ὁμοίως
2718 3596 2891 3654 δὲκαὶ
2929 3601 2958 3654 6
2990 3600 3124 3675 ἀνὴρ
3155 3604 3252 3654 τοῦ
3311 3598 3452 3655 ἰδίου
3509 3601 3768 3672 σώματος

2109 3687 2209 3743 οὐκ
2237 3686 2553 3759 ἐξουσιάζει.
2591 3715 2611 3742 ι
2682 3685 2905 3757 Ἐπειδή
2966 3690 3110 3759 εἷπε,
3168 3714 3195 3739 «ι
3230 3690 3339 3759 Τὴν
3399 3686 3764 3762 ὀφειλομένην

2108 3773 2342 3844 εὔνοιαν,
2376 3802 2404 3829 ››
2436 3779 2750 3852 ἡρμήνευσε
2772 3777 2905 3832 ποία
2936 3776 3097 3836 ἐστίν.
3142 3778 3320 3848 Αὕτη,
3378 3777 3563 3855 φησίν·
3626 3775 3768 3836 Οὔτε

2109 3866 2267 3941 ἀνὴρ,
2300 3863 2424 3922 οὔτε
2480 3866 2613 3942 γυνὴ
2668 3870 2766 3921 τοῦ
2825 3862 2968 3921 ἰδίου
3023 3870 3281 3939 σῶματος
3339 3867 3766 3940 ἐξουσιάζουσιν,

2109 3955 2255 4012 ἀλλά
2285 3958 2383 4025 τὴν
2407 3956 2602 4013 τούτου
2633 3954 2876 4025 ἐξουσίαν
2928 3958 2956 4011 6
2987 3954 3172 4031 ἔτερος
3225 3952 3365 4036 ἔχει.
3428 3958 3529 4014 Καὶ
3582 3957 3769 4032 φαίνε-

2107 4066 2195 4100 ται
2230 4043 2417 4101 εὔνοια
2464 4048 2499 4115 ἡ
2560 4043 2743 4123 φιλία,
2801 4044 3152 4109 εὐνούστατος
3182 4048 3210 4102 6
3244 4047 3436 4109 πιστὸς
3486 4047 3668 4123 φίλος.
3700 4046 3769 4104 Τί

2111 4132 2178 4205 δή
2211 4156 2344 4190 ποτε
2374 4133 2432 4190 δὲ
2459 4134 2511 4190 ἐν
2549 4136 2643 4208 μὶν
2673 4140 2789 4197 τοῖς
2823 4134 3020 4197 ἄλλοις
3048 4136 3110 4191 τὸ
3142 4135 3309 4191 πλέον
3340 4134 3531 4192 δίδωσι
3561 4141 3639 4207 τῷ
3672 4136 3770 4191 ἀν-

2111 4221 2197 4299 δρὶ
2225 4223 2346 4280 ἔνθα
2376 4225 2500 4299 περὶ
2534 4225 2812 4298 ὑποταγῆς
2842 4225 2935 4281 καὶ
2993 4225 3232 4296 ἔξουσίας
3289 4227 3318 4280 6
3367 4224 3536 4300 λόγος
3594 4226 3769 4297 αὐτῷ,

2109 4318 2201 4368 νῦν
2231 4312 2288 4369 δὲ
2318 4315 2417 4383 τὴν
2453 4313 2678 4385 ἰσότητα
2710 4310 2879 4369 ἔδωκε
2915 4333 2928 4383 ;
2962 4316 3060 4370 Καὶ
3096 4335 3295 4392 φαμεν,
3346 4313 3430 4370 ὅτι
3489 4314 3602 4370 ἐκεῖ
3642 4314 3766 4386 μὲν,

2108 4405 2230 4480 περῖ
2282 4408 2378 4459 τοῦ
2437 4404 2672 4480 ἀρχικοῦ
2706 4405 2733 4459 6
2765 4401 2929 4480 λόγος
2959 4404 3127 4477 αὐτῷ,
3181 4409 3272 4458 νῦν
3328 4402 3406 4473 δὲ,
3464 4405 3588 4480 περῖ
3644 4426 3765 4459 σω-

2108 4494 2403 4574 φροσύνης,
2436 4492 2486 4549 ἐν
2635 4491 2817 4559 οὐδεὶς
2867 4495 2930 4549 τὸ
2985 4496 3152 4549 πλέον
3198 4494 3233 4564 ἢ
3263 4495 3327 4549 τὸ
3357 4490 3580 4550 ἔλαττον
3614 4493 3766 4570 ἔχειν

2110 4583 2340 4661 ὀφείλει.

2181 4787 2273 4855 Μὴ
2308 4786 2655 4861 ἀποστερεῖτε
2710 4783 3022 4857 ἀλλήλους,
3068 4785 3225 4859 εἰμὴ
3283 4808 3337 4842 τι
3397 4785 3457 4842 ἃν
3515 4786 3575 4842 ἐκ
3624 4809 3772 4860 συμ-

2110 4873 2295 4949 φώνου
2352 4875 2487 4950 πρὸς
2566 4876 2754 4949 καιρὸν
2800 4920 2813 4945 ,
2884 4874 2969 4930 ἴνα
3028 4876 3342 4951 σχολάςητε
3392 4880 3461 4951 τῇ
3521 4878 3765 4948 νηστείᾳ,

2108 4959 2201 5013 καὶ
2266 4964 2335 5031 τῇ
2385 4963 2669 5034 προσευχῇ
2706 5003 2719 5028 9
2780 4960 2870 5015 καὶ
2923 4960 3088 5015 πάλιν
3150 4961 3438 5017 ἐπίτοαυτὸ
3493 4960 3765 5036 συνέρχη-

2112 5049 2251 5116 σοε,
2302 5045 2391 5103 ἵνα
2449 5049 2526 5121 μή
2585 5051 2815 5122 πειράζῃ
2876 5049 3015 5121 ὑμᾶς
3069 5051 3101 5104 ἁ
3159 5055 3449 5121 Σατανᾶς,
3507 5048 3595 5104 διὰ
3659 5050 3761 5115 τήν

2111 5136 2367 5213 ἀκρασίαν
2428 5138 2601 5210 ὑμῶν.
2659 5140 2833 5195 Τοῦτο
2903 5135 2959 5192 δὲ
3019 5138 3166 5213 λέγω
3222 5140 3359 5195 κατὰ
3408 5140 3763 5216 συγγνώμην,

2112 5227 2174 5282 οὐ
2234 5229 2352 5282 κατ’
2410 5226 2697 5301 ἐπιταγήν
2778 5225 2921 5291 θέλω
2995 5228 3097 5304 γὰρ
3192 5230 3392 5291 πάντας
3446 5228 3767 5303 ἀνθρώπους

2113 5316 2248 5371 εἶναι
2278 5315 2354 5377 ὠς
2384 5316 2474 5371 καὶ
2533 5315 2789 5388 ἐμαυτὸν,
2847 5313 2973 5370 ἀλλ’
3038 5313 3263 5379 ἕκαστος
3318 5314 3461 5372 ἴδιον
3518 5320 3769 5394 χάρισμα

2112 5400 2230 5482 ἔχει
2271 5405 2329 5460 ἐκ
2359 5410 2517 5473 Θεοῦ,
2550 5405 2609 5470 ὅς
2637 5406 2731 5478 μὲν
2765 5402 2963 5471 οὕτως,
2996 5406 3055 5465 ὃς
3087 5402 3145 5459 δὲ
3177 5405 3369 5468 οὕτως.

2183 5496 2316 5570 Ὅρα
2347 5497 2438 5550 καὶ
2471 5493 2600 5564 ὧδε,
2652 5495 2714 5549 τὸ
2746 5492 2910 5568 χρέος
2968 5496 3239 5567 σημανθὲν
3290 5503 3370 5570 τῷ
3428 5496 3635 5571 ῥήματι
3667 5506 3768 5568 τὴς

2111 5582 2567 5659 ἀποστερήσεως.
2628 5608 2658 5636 ‹‹
2714 5582 2777 5639 Εἰ
2841 5584 2916 5655 μή
2970 5604 3023 5637 τι
3080 5583 3139 5639 ἂν
3200 5584 3261 5640 ἐκ
3321 5588 3618 5665 συμφώνου
3662 5631 3674 5644 .
3739 5611 3768 5638 υ
