4118 6388
317 463 442 525 725

1304 461 1703 524 COMMENT.
1748 464 1838 525 ΙΝ
1884 463 2132 524 EPIST.
2177 465 2201 525 Ι
2245 465 2354 525 ΑΙ)
2397 463 2765 528 CORINTH.

3627 466 3747 527 726

322 595 424 662 Μὴ
471 590 896 669 ἐγκρατευὲσθω,
962 592 1119 662 φησὶ,
1177 591 1421 666 θάτερος,
1478 594 1703 669 θατέρου
1740 596 1814 666 μὴ
1852 594 1968 668 βου-

2094 598 2176 651 Ne
2207 597 2534 665 contineat,
2567 597 2783 669 inquit,
2815 597 2963 653 alter
2994 598 3236 655 nolente
3265 598 3472 664 altero,
3508 615 3583 655 ne
3623 615 3742 671 quo

325 681 590 755 λομένου,
619 683 694 754 μή
728 701 849 741 πως
877 679 1130 753 πορνείας
1162 684 1389 758 γενηται
1420 683 1681 758 πρόξενος
1710 688 1789 756 τῷ
1821 682 1989 759 ἒτέρῳ

334 769 490 846 μέρει
520 772 557 841 ἡ
589 769 895 846 ἐγκράτεια.
932 793 959 822 «ι
991 771 1134 844 Πρὸς
1184 767 1396 844 καιρόν.
1432 794 1461 823 »
1517 768 1797 841 Τουτέστι,
1853 773 1990 827 κατᾶ

330 860 524 935 καιρὸν
556 859 650 915 τὸν
684 861 1055 934 προσήκοντα.
1090 859 1350 934 Εὖκαιρία
1380 857 1439 915 δέ
1485 860 1628 916 ἐστιν
1678 861 1922 937 ἀποχῆς,
1950 863 1987 931 ἡ

328 947 557 1020 νηστεία
586 947 676 1004 καί
708 951 745 1018 ἡ
776 950 1086 1024 προσευχή.
1119 953 1292 1004 Τοῦτο
1352 948 1431 1021 δὲ,
1492 952 1679 1029 φησὶν,
1740 949 1801 1005 οὐ
1858 948 1988 1012 τοὺς

330 1037 587 1100 συνόντας
629 1038 872 1115 γυναικὶ,
913 1034 1171 1113 εὔχεσθαι
1199 1040 1234 1109 ἢ
1266 1039 1541 1110 νηστεύειν
1572 1038 1826 1109 κωλύων,
1864 1037 1990 1094 ἀλλ’

328 1127 484 1191 ὅπως
513 1129 549 1196 ἡ
585 1126 727 1202 εὖχή
777 1126 870 1182 καὶ
920 1128 955 1196 ἡ
1005 1126 1229 1198 νηστεία
1288 1124 1685 1203 σπουδαιοτέρα
1740 1127 1983 1204 γένηται·

327 1217 629 1291 ’Λπέχεσθε
656 1216 785 1293 γὰρ,
818 1215 1007 1290 φησὶν,
1048 1214 1145 1270 ’ίνα
1201 1217 1519 1296 σχολάσητε
1545 1217 1614 1292 τῇ
1646 1217 1869 1289 νηστείᾳ
1895 1216 1986 1271 καὶ

321 1308 395 1379 τῇ
425 1306 738 1383 προπυχῆ,
774 1303 851 1366 ὠς
882 1311 982 1374 τῆς
1039 1305 1239 1379 μίξεως
1298 1305 1566 1382 ἀσχολίαν
1602 1305 1700 1361 οὐκ
1747 1306 1987 1382 ἀκαθαρ-

325 1393 446 1456 σίας
496 1393 793 1463 ποιούσης,
856 1393 1055 1466 μίξεως
1124 1392 1183 1450 δὲ
1236 1401 1339 1464 τῆς
1386 1396 1523 1470 πρὸς
1577 1396 1678 1464 τὴν
1737 1394 1984 1470 νομίμην

323 1487 577 1560 γυναῖκα.
635 1507 657 1533 ι
692 1483 792 1538 Διά
849 1484 949 1552 τήν
1011 1482 1271 1556 ἀκρασίαν
1331 1482 1506 1558 ὕμῶν,
1550 1508 1578 1536 ››
1633 1490 1750 1540 ’Ίνα
1810 1485 1986 1559 μάθῃς

324 1571 412 1627 ὅτι
445 1571 554 1648 οὐχ
582 1572 611 1626 ὁ
647 1566 908 1634 διάϐολος
962 1570 1123 1645 μόνος
1181 1571 1355 1636 αἶ’τιος
1385 1580 1484 1643 τῆς
1514 1573 1792 1648 πορνείας,
1838 1571 1987 1629 ἀλλὰ

325 1662 421 1716 καὶ
474 1664 509 1732 ὴ
569 1664 731 1734 ἡμῶν
792 1661 1042 1737 ἀκρασία,
1085 1662 1295 1739 ἐπάγει,
1354 1688 1381 1715 ‹‹
1414 1664 1514 1718 Διὰ
1570 1666 1669 1735 τὴν
1725 1663 1984 1740 ἀκρασίαν

328 1751 506 1824 ὑμῶν,
536 1775 565 1803 n
598 1747 810 1813 δεικνὺς
842 1749 988 1807 ἔνθεν
1029 1749 1270 1826 μᾶλλον,
1300 1751 1336 1823 ἢ
1368 1751 1429 1808 ἐκ
1453 1758 1550 1809 τοῦ
1597 1748 1862 1809 διαϐόλου
1893 1753 1983 1829 γί-

327 1852 510 1904 νεσθαι
566 1839 926 1917 πειρασμοὺς.
987 1865 1016 1894 ‹‹
1052 1841 1129 1899 Οὐ
1182 1843 1300 1897 κατ’
1358 1841 1642 1917 ἐπιταγήν.
1677 1866 1706 1895 ››
1740 1876 1805 1886 -
1838 1845 1857 1917 [
1889 1846 1983 1899 ΟΙ-

2098 686 2273 742 modo
2294 687 2691 758 temperantia
2707 686 2964 742 sitalteri
2980 688 3131 759 parti
3150 704 3332 745 causa
3355 689 3564 761 stupri.
3599 708 3621 738 ι
3655 688 3745 745 Ad

2096 780 2351 847 tempus.
2387 798 2415 826 ››
2449 776 2568 831 Hoc
2599 780 2708 842 est,
2742 776 3117 832 convenienti
3166 781 3453 848 tempore.
3499 778 3743 834 Occasio

2096 871 2295 922 autem
2325 865 2669 922 abstinendi
2695 871 2786 921 est
2805 865 3109 937 jejunium
3142 872 3202 921 et
3229 868 3439 923 oratio.
3482 869 3601 923 Hoc
3633 883 3744 923 au-

2096 961 2212 1011 tem
2246 955 2412 1021 dicit,
2444 973 2567 1012 non
2597 955 2924 1027 prohibens
2971 971 3073 1010 eos
3121 955 3223 1026 qui
3282 956 3747 1011 commiscentur

2094 1062 2230 1101 cum
2256 1062 2438 1101 uxore
2453 1046 2733 1119 jejunare
2758 1043 3145 1116 autprecari:
3193 1043 3297 1100 sed
3348 1050 3414 1099 ut
3443 1044 3746 1116 jejunium

2093 1151 2161 1190 ac
2194 1134 2383 1190 oratio
2410 1133 2737 1190 studiosius
2760 1133 2884 1188 fiat.
2907 1134 3053 1189 Nam
3097 1131 3414 1199 abstinete,
3438 1131 3653 1203 inquit,
3683 1138 3749 1187 ut

2092 1223 2312 1279 vacetis
2328 1224 2568 1296 jejunio
2590 1228 2651 1278 et
2670 1222 2928 1278 orationi
2958 1237 2971 1276 :
2996 1236 3071 1277 ne
3103 1220 3379 1277 videlicet
3407 1221 3746 1292 occupatio-

2093 1329 2233 1367 nem
2265 1318 2473 1368 causet
2503 1311 2818 1384 impuritas
2846 1309 3283 1367 commistionis
3314 1327 3451 1366 cum
3482 1309 3750 1383 legitima

2091 1418 2296 1457 uxore.
2330 1424 2358 1453 «
2393 1403 2643 1473 Propter
2670 1399 3196 1471 intemperantiam
3254 1404 3534 1455 vestram.
3588 1421 3617 1449 »
3678 1400 3751 1454 Ut

2093 1492 2289 1547 discas
2311 1490 2471 1563 quod
2493 1507 2615 1546 non
2638 1490 2800 1546 solus
2823 1489 3098 1544 diabolus
3115 1488 3306 1561 stupri
3329 1505 3511 1545 causa
3531 1488 3626 1557 sit,
3643 1488 3749 1544 sed

2094 1581 2273 1637 etiam
2306 1585 2514 1635 nostra
2543 1578 3026 1651 intemperantia,
3058 1577 3385 1650 subjungit,
3420 1598 3448 1626 ‹‹
3501 1581 3751 1649 Propter

2091 1670 2623 1742 intemperantiam
2654 1674 2910 1724 vestram
2938 1684 2950 1721 :
2985 1689 3014 1718 ››
3045 1667 3370 1722 ostendens
3400 1666 3540 1721 hinc
3560 1666 3749 1738 magis

2092 1776 2272 1832 quam
2303 1775 2375 1815 ex
2405 1758 2644 1813 diabolo
2675 1758 2818 1813 oriri
2850 1756 3234 1812 tentationes.
3268 1778 3298 1806 «
3328 1757 3458 1812 Non
3498 1771 3569 1810 ex
3596 1772 3746 1827 prm-

2092 1854 2282 1921 cepto.
2321 1869 2345 1899 »
2381 1850 2581 1919 Neque
2612 1848 2773 1903 enim
2824 1846 2997 1913 sicut,
3050 1867 3078 1896 ι(
3136 1847 3263 1901 Non
3315 1843 3589 1911 occides;
3621 1845 3749 1899 Non

324 1930 542 1987 ΚΟΥΜ.
571 1929 591 2005 ]
613 1930 690 1987 Οὐ
722 1929 829 2005 γὰρ
860 1929 1041 2005 ὥσπερ
1061 1930 1147 2000 τὸ,
1172 1956 1199 1983 ‹‹
1222 1931 1302 1989 Οὐ
1334 1932 1674 2006 μοιχεύσεις,
1697 1931 1774 1989 Ού
1793 1931 1954 2008 φονεύ

2093 1938 2457 1995 adulterium
2488 1936 2849 2005 committes,
2885 1957 2912 1985 »
2945 1935 3028 1990 ita
3050 1951 3213 1990 nunc
3270 1950 3508 2006 quoque
3560 1949 3637 1989 ne
3686 1950 3748 1988 se

322 2037 457 2085 σεις,
489 2042 519 2070 ι»
550 2016 659 2089 ἤδη
692 2019 783 2073 καὶ
826 2018 890 2074 τὸ
942 2021 1017 2093 μὴ
1074 2019 1389 2094 ἀποστερεῖν
1448 2017 1736 2091 ἀλλήλους
1788 2018 1976 2076 ἐπιτα-

321 2108 397 2183 γή
430 2106 512 2169 τίς
542 2106 679 2177 ἐστι,
734 2108 827 2163 καὶ
886 2106 1163 2171 ἐπαινετὸς
1196 2111 1224 2165 ὁ
1255 2114 1415 2165 τοῦτο
1446 2113 1620 2165 ποιῶν
1678 2110 1755 2173 ὼς
1807 2109 1975 2183 νόμον

318 2194 574 2271 πληρῶν.
658 2197 803 2252 Κατὰ
881 2197 1237 2275 συγγνώμην,
1330 2197 1488 2276 φησὶ,
1571 2203 1738 2254 τοῦτο
1800 2199 1971 2267 εἷπον,

318 2279 659 2360 συγκαταϐὰς
708 2287 778 2359 τῇ
836 2284 1080 2357 ἀσθενείᾳ
1134 2286 1312 2360 ὑμῶν,
1375 2286 1475 2342 οὐκ
1531 2285 1820 2343 ἐπιτάσσω.
1879 2289 1968 2357 Μὴ

318 2374 691 2448 ἀποστερεῖτε,
742 2371 891 2430 ἀλλά
930 2374 1196 2449 μακάριος
1254 2376 1283 2430 ὁ
1338 2375 1817 2451 ἐγκρατευόμενος.
1880 2377 1975 2433 Ἐκ

318 2460 379 2517 δὲ
396 2467 493 2518 τοῦ
535 2462 731 2533 εἰπεῖν,
791 2464 1152 2541 συγγνώμην,
1184 2460 1377 2538 ἔδειξεν
1412 2463 1498 2521 ὅτι
1554 2465 1645 2520 καὶ
1700 2486 1975 2540 κατεγνω-

317 2548 517 2625 σμένον
573 2552 798 2623 πράττει
867 2556 1118 2627 πρᾶγμα,
1150 2553 1178 2608 ὁ
1213 2553 1380 2627 μόνον
1436 2552 1487 2608 ἐν
1537 2557 1607 2628 τῇ
1637 2552 1855 2625 νηστείᾳ
1882 2551 1972 2609 καὶ

313 2646 388 2715 τῇ
439 2645 727 2719 προσευχῇ
787 2642 1155 2721 ἀπεχόμενοςο
1225 2669 1252 2696 ‹‹
1310 2645 1457 2702 Εἶναι
1516 2645 1592 2707 ὡς
1651 2643 1906 2717 ἐμαυτόν.
1944 2669 1965 2695 1

315 2733 482 2797 Ἔνθα
511 2729 775 2807 δυσχερὲς
829 2732 1102 2789 ἐπιτάσσει
1160 2737 1413 2809 πρᾶγμα,
1470 2735 1660 2790 ἑαυτὸν
1709 2734 1761 2790 ἐν
1825 2733 1972 2810 μέσῳ

315 2817 490 2894 φέρει.
521 2843 550 2871 ι(
584 2816 746 2875 Ἀλλ’
771 2816 998 2882 ἕκαστος
1045 2816 1187 2875 ἴδιον
1230 2822 1478 2896 χάρισμα
1509 2818 1627 2897 ἔχει
1660 2821 1718 2877 ἐκ
1749 2827 1905 2881 Θεοῦ.
1941 2845 1969 2873 ››

312 2904 535 2978 Ἐπειδή
597 2903 803 2987 σφόδρα
885 2908 1061 2964 αὐτῶν
1135 2910 1511 2987 κατηγόρησεν
1567 2911 1758 2982 εἰπὼν,
1815 2936 1844 2964 ‹‹
1876 2914 1966 2982 Μή

310 3016 431 3057 πως
487 2998 718 3071 πειράζῃ
800 2996 940 3071 ὑμᾶς
999 2997 1027 3052 ὁ
1090 3002 1333 3061 Σατανᾶς
1411 2996 1501 3054 διά
1554 3002 1652 3069 τήν
1710 3000 1969 3076 ἀκρασίαν

312 3085 490 3158 ὑμῶν,
524 3108 554 3137 ››
639 3090 729 3140 νῦν
811 3083 1103 3158 σπουδάζει
1188 3090 1685 3162 παραμυθήσασθαι
1747 3090 1967 3152 αὐτούς.

308 3173 580 3249 Παρθενος
606 3175 675 3245 ἦν
705 3176 734 3230 ὁ
768 3173 1006 3247 Παῦλος,
1036 3176 1129 3232 καὶ
1187 3175 1374 3248 ἐπειδή
1412 3176 1550 3248 εἶπε,
1592 3203 1619 3230 ‹‹
1650 3178 1804 3234 Θέλω
1834 3178 1968 3233 πάν-

307 3284 404 3326 τας
436 3263 575 3319 εἶναι
609 3263 687 3327 ὡς
735 3263 863 3341 ἐγὼ,
898 3288 924 3317 ιι
962 3266 1119 3341 φησὶ,
1176 3266 1241 3321 τὸ
1301 3272 1481 3341 μεῖναι
1537 3269 1828 3343 παρθένον,
1860 3269 1967 3343 χά-

2089 2026 2659 2092 fraudentinvicem,
2676 2029 3040 2096 praeceptum
3061 2022 3305 2094 aliquod
3346 2028 3454 2092 est,
3477 2028 3544 2077 ut
3571 2021 3747 2077 laude

2083 2116 2299 2188 dignus
2332 2105 2540 2186 sitqui
2572 2114 2686 2168 hoc
2716 2114 2854 2186 agit,
2888 2118 3173 2184 tanquam
3192 2112 3384 2184 legem
3400 2111 3733 2183 complens.

2081 2207 2166 2262 Ex
2187 2203 2606 2276 permissione,
2631 2202 2845 2273 inquit,
2864 2202 2977 2257 hoc
2997 2202 3140 2268 dixi,
3189 2200 3509 2257 demittens
3532 2215 3628 2255 me
3659 2198 3734 2255 ad

2084 2293 2605 2350 imbelicillitatem
2634 2296 2912 2347 vestram.
2944 2293 3073 2346 Non
3095 2290 3280 2362 jubeo
3311 2306 3387 2345 ne
3417 2287 3731 2353 fraudetis,

2084 2383 2187 2440 sed
2216 2383 2426 2438 beatus
2457 2387 2549 2438 est
2576 2382 2679 2453 qui
2709 2381 2996 2437 continet.
3029 2380 3109 2436 Ex
3154 2380 3268 2435 hoc
3326 2383 3525 2434 autem
3573 2376 3734 2449 quod

2083 2472 2230 2528 dicit
2256 2470 2607 2545 συγγνώμην,
2638 2470 2698 2525 id
2744 2475 2856 2538 est,
2911 2471 3329 2540 permissionem
3379 2472 3483 2523 aut
3536 2467 3734 2538 potius

2081 2565 2317 2628 veniam,
2349 2561 2611 2617 ostendit
2631 2577 2767 2616 eum
2784 2560 2978 2616 facere
3000 2558 3409 2615 damnandum
3431 2574 3602 2629 opus,
3631 2555 3735 2627 qui

2084 2651 2278 2708 solum
2304 2650 2566 2707 abstinet
2585 2667 2720 2705 cum
2731 2647 3136 2722 jejunandum
3159 2653 3251 2705 est
3270 2652 3374 2703 aut
3414 2645 3731 2703 orandum.

2084 2762 2113 2790 «
2143 2742 2214 2796 Ut
2243 2756 2348 2813 ego
2380 2739 2506 2811 ipse
2538 2756 2692 2794 sum.
2726 2760 2754 2788 »
2789 2738 2895 2794 Ubi
2927 2754 3055 2793 rem
3103 2736 3362 2809 imponit
3407 2733 3733 2798 difficilem,

2082 2831 2348 2903 seipsum
2372 2831 2433 2886 in
2457 2829 2797 2901 exemplum
2820 2828 3119 2901 proponit.
3168 2827 3281 2883 Sed
3319 2825 3736 2897 unusquisque

2079 2918 2387 2991 proprium
2408 2917 2587 2973 habet
2601 2917 2845 2973 donum.
2865 2938 2893 2966 ››
2916 2915 3208 2981 Quoniam
3229 2913 3614 2969 vehementer
3633 2928 3736 2967 eos

2081 3011 2463 3062 accusaverat
2482 3006 2689 3061 dicens
2713 3022 2726 3060 :
2752 3027 2781 3056 ‹‹
2805 3007 2887 3060 Ne
2916 3008 3106 3059 tentet
3128 3020 3228 3058 vos
3278 3003 3526 3057 Satanas
3550 3016 3733 3072 prop-

2082 3101 2173 3152 ter
2200 3095 2729 3167 intemperantiam
2760 3099 3037 3161 vestram,
3071 3114 3098 3143 »
3134 3091 3333 3148 studet
3355 3106 3518 3146 nunc
3570 3089 3733 3161 ipsos

2081 3186 2403 3242 consolari.
2465 3186 2638 3258 Virgo
2692 3190 2819 3240 erat
2874 3183 3139 3240 Paulus:
3201 3188 3260 3238 et
3315 3182 3456 3254 quia
3479 3181 3732 3247 dixerat,

2083 3298 2111 3325 ‹‹
2146 3276 2436 3347 Cuperem
2465 3290 2674 3329 omnes
2705 3289 2834 3329 esse
2866 3278 2932 3328 ut
2961 3289 3066 3346 ego
3101 3289 3271 3340 sum;
3325 3293 3354 3322 ››
3400 3270 3545 3326 dicit
3573 3286 3733 3325 nunc

312 3375 483 3431 ρισμα
525 3353 666 3409 εἶναι
723 3354 830 3409 ἀπὸ
857 3359 955 3410 τοῦ
987 3346 1147 3426 Θεοῦ,
1196 3355 1296 3411 οὐκ
1350 3353 1538 3426 ἐπειδὴ
1565 3359 1663 3425 τῆς
1693 3359 1965 3433 ἡμετέρας

2082 3346 2506 3435 quodmanere
2524 3363 2812 3436 virginem
2834 3362 3060 3417 donum
3108 3361 3212 3417 Dei
3262 3366 3390 3427 est;
3422 3376 3544 3415 non
3575 3357 3735 3430 quod

313 3445 376 3502 ού
408 3444 578 3502 δεῖται
633 3444 876 3517 σπουδῆς
930 3448 994 3503 τὸ
1024 3454 1275 3526 πρᾶγμα·
1308 3449 1442 3505 αὐτὸ
1472 3451 1576 3525 γὰρ
1618 3450 1680 3505 τὸ
1729 3450 1967 3521 ἀξιωθῆ-

312 3552 402 3586 ναι
433 3530 797 3607 χαρίσματος,
827 3530 1015 3589 πολλὰ
1043 3538 1212 3605 κοπιᾷ
1266 3554 1370 3597 τις⁸
1428 3532 1557 3590 ἀλλ’
1613 3536 1689 3596 ὡς
1749 3534 1964 3609 εἷ’ρηται

315 3619 713 3692 παραμυθεῖται
777 3618 973 3681 αὐτοὺς
1033 3619 1165 3695 ὑπὲρ
1203 3627 1306 3689 τῆς
1363 3614 1591 3695 ὕϐρεως.
1652 3646 1679 3673 α
1713 3623 1813 3686 Ὄς
1871 3622 1965 3696 μὲν

323 3705 511 3771 οὕτως,
546 3706 605 3769 ’ὃς
636 3704 694 3762 δὲ
751 3705 947 3770 οὕτως.
983 3732 1012 3760 »
1068 3710 1167 3770 ⁸Ὀς
1227 3709 1324 3783 μὲν
1381 3709 1472 3764 καὶ
1531 3707 1811 3772 παντελῶς
1860 3711 1962 3767 ἀπο

318 3794 500 3868 ἔχεται
528 3795 746 3869 μίξεως,
779 3797 838 3860 ὃς
869 3795 927 3851 δὲ
954 3794 1086 3873 ἄχρι
1111 3804 1212 3867 τῆς
1240 3805 1483 3874 γαμετῆς
1508 3798 1745 3857 ἲσταται.

375 4086 529 4161 Δὲγω
587 4084 646 4143 δὲ
715 4093 834 4150 τοῖς
887 4088 1144 4164 ἀγάμοις,
1196 4089 1290 4146 καὶ
1331 4094 1454 4154 ταῖς
1498 4092 1728 4171 χήραις,
1787 4091 1955 4148 καλὸν

297 4173 489 4239 αὐτοῖς
540 4174 678 4238 ἐςτιν
738 4176 826 4231 ἐὰν
911 4198 1167 4251 μεινωσιν
1253 4179 1329 4243 ὡς
1403 4179 1579 4256 κάγὼ.
1635 4179 1697 4237 Εἰ
1757 4177 1813 4237 δὲ
1860 4179 1959 4238 οὐκ

297 4262 766 4339 ἐγκρατεύονται,
848 4269 1258 4342 γαμησάτωσαν
1300 4312 1315 4326 .
1391 4272 1656 4344 Κρεῖσσον
1709 4272 1812 4346 γάρ
1844 4270 1955 4327 ἐστι

295 4360 567 4429 γαμῆσαι,
667 4357 987 4432 πυροῦσθαι.

375 4531 712 4607 [ΘΕΟΔΩΡ.]
740 4530 947 4608 Ἕδειξε
986 4532 1155 4590 πάλιν
1215 4534 1405 4590 ἑαυτὸν
1435 4540 1535 4604 τῆς
1586 4540 1695 4590 τῶν
1723 4534 1949 4612 ἀγάμων

295 4613 428 4674 ὄντα
458 4620 791 4699 συμμορίας.
850 4623 928 4683 Οὐ
984 4623 1088 4699 γάρ
1121 4620 1180 4678 ἄν
1208 4643 1292 4687 τις
1343 4623 1505 4678 αύτὸν
1569 4621 1797 4684 εἶκότως
1831 4629 1951 4686 ταῖς

2085 3470 2182 3509 res
2211 3459 2415 3509 nostro
2446 3469 2568 3509 non
2602 3457 2771 3525 egeat
2792 3451 2987 3507 studio
3012 3467 3028 3507 :
3051 3450 3307 3506 multum
3325 3448 3736 3505 enimlaborat

2084 3543 2383 3616 quispiam
2401 3543 2462 3598 in
2477 3543 2586 3598 hoc
2604 3541 2895 3615 utdignus
2906 3541 3200 3596 habeatur
3220 3538 3406 3595 dono:
3438 3538 3543 3593 sed
3568 3538 3731 3608 quia,

2082 3637 2149 3687 ut
2169 3631 2392 3688 dictum
2411 3639 2520 3703 est,
2540 3631 2886 3688 consolatur
2900 3648 3001 3687 eos
3022 3630 3096 3685 de
3119 3630 3502 3702 imprOperio.
3523 3649 3544 3678 ι
3570 3628 3733 3684 Unus

2080 3720 2320 3792 quidem
2344 3722 2449 3787 sic,
2482 3721 2635 3777 alius
2666 3738 2801 3776 vero
2833 3721 2939 3776 sic.
2974 3742 3002 3771 »
3037 3720 3143 3775 Hic
3174 3718 3416 3789 quidem
3440 3718 3732 3789 penitusa

2077 3809 2495 3865 commistione
2526 3809 2808 3876 abstinet,
2840 3808 2941 3863 ille
2973 3824 3109 3862 vero
3142 3807 3247 3875 sic,
3301 3811 3368 3861 ut
3421 3805 3495 3861 ad
3544 3804 3726 3860 aliam

2074 3916 2196 3955 non
2225 3898 2471 3955 accedat
2499 3914 2677 3970 quam
2706 3912 2974 3953 uxorem.

2144 4096 2239 4151 47
2255 4096 2293 4150 7
2332 4095 2449 4162 Vll,
2480 4097 2534 4163 8,
2568 4097 2620 4149 9.
2682 4095 2816 4149 Dico
2871 4099 3058 4149 autem
3110 4094 3487 4164 inconjugatis
3545 4098 3598 4147 et
3636 4092 3725 4146 vi-

2071 4184 2243 4240 duis:
2278 4185 2478 4240 bonum
2507 4183 2585 4240 eis
2614 4191 2694 4240 est
2748 4184 2796 4239 si
2844 4184 3255 4253 permanserint
3311 4183 3451 4237 sicut
3506 4188 3559 4237 et
3601 4198 3721 4252 ego.

2070 4274 2227 4341 Quod
2270 4276 2320 4330 si
2374 4290 2487 4329 non
2538 4275 2838 4341 continent,
2884 4272 3223 4328 contrahant
3280 4271 3721 4339 matrimonium,

2067 4380 2196 4420 nam
2226 4363 2421 4420 melius
2451 4369 2529 4420 est
2557 4361 2976 4419 matrimonium
3001 4361 3330 4418 contrahere
3386 4378 3553 4432 quam
3608 4363 3718 4417 uri.

2138 4545 2395 4598 Rursum
2427 4543 2693 4615 seipsum
2726 4542 2991 4598 ostendit
3013 4558 3145 4597 esse
3202 4541 3276 4597 de
3333 4540 3719 4597 multitudine

2064 4647 2269 4686 eorum
2301 4631 2403 4700 qui
2435 4631 2737 4702 conjugati
2760 4646 2880 4685 non
2904 4635 3084 4685 sunt:
3108 4646 3303 4699 neque
3327 4631 3488 4686 enim
3506 4631 3719 4685 merito

297 4709 667 4783 χηρευούσαις
725 4711 984 4767 ἐντάττοι·
1042 4708 1253 4772 νεανίας
1305 4710 1410 4787 γὰρ
1442 4707 1516 4764 ὢν
1548 4704 1627 4766 ἔτι
1657 4717 1757 4780 τῆς
1810 4708 1957 4783 κλή-

2082 4719 2379 4791 ιιιίειιιιθω
2407 4718 2604 4790 ipsum
2638 4719 2795 4773 inter
2824 4717 3033 4773 viduas
3063 4716 3373 4789 producet,
3405 4735 3541 4773 cum
3571 4718 3718 4773 ado-

299 4821 440 4863 σεως
472 4801 705 4872 ἠξιώθη.
740 4799 951 4874 Μηδεὶς
984 4797 1044 4856 δὲ
1086 4798 1248 4855 αὐτὸν
1308 4796 1503 4854 οἰέσθω
1531 4799 1632 4867 τὴν
1665 4797 1762 4872 μὶν
1818 4800 1952 4876 ἀγα-

301 4886 432 4964 μίαν
463 4896 582 4952 τοῖς
612 4888 860 4964 ἀνδράσι,
891 4892 993 4960 τὴν
1052 4886 1110 4944 δέ
1150 4889 1287 4962 μετά
1314 4888 1405 4943 τὸν
1433 4887 1608 4965 γάμον
1641 4887 1955 4963 ἐγκράτειαν

298 4983 424 5043 ταῖς
450 4980 660 5055 γυναιξὶ
697 4979 888 5053 μόναις
926 4980 1267 5052 νομοθετεῖν,
1323 4974 1415 5033 διά
1466 4979 1531 5033 τὸ
1589 4978 1782 5048 εἰπεῖν,
1838 4984 1957 5041 τοῖς

299 5072 567 5147 ἀγάμοις,
598 5070 747 5143 ἤτοι,
778 5077 898 5134 τοῖς
924 5067 1175 5146 ἀνδράσι,
1207 5068 1299 5125 καὶ
1355 5074 1473 5131 ταῖς
1501 5071 1729 5145 χήραις,
1760 5069 1955 5147 ἤγουν,

297 5165 423 5223 ταῖς
479 5160 719 5236 γυναιξίν
745 5204 760 5219 .
813 5159 1128 5239 Ἀμφότερα
1182 5159 1287 5233 γάρ
1345 5156 1595 5232 ἑκάτερον
1649 5154 1953 5213 ἐκπαιδεύει

296 5245 483 5325 γένος,
515 5248 605 5305 καὶ
633 5251 733 5320 τὴν
764 5247 1026 5325 ἀγαμίαν,
1066 5247 1157 5302 καὶ
1210 5247 1311 5315 τὴν
1348 5245 1482 5319 μετὰ
1510 5246 1601 5301 τὸν
1658 5248 1832 5321 γάμον
1867 5244 1955 5320 ἐγ-

296 5337 555 5413 κράτειαν
588 5345 688 5407 τῆς
741 5337 999 5413 χηρείας.
1065 5358 1093 5388 u
1123 5334 1191 5391 El
1250 5331 1309 5389 δὲ
1359 5332 1461 5389 οὐκ
1516 5332 1954 5411 ἐγκρατεύονται,

296 5429 737 5506 γαμησάτωσαν.
769 5450 798 5480 ››
851 5426 992 5501 Ὅρα
1021 5425 1235 5503 σοφίαν·
1264 5423 1357 5479 καὶ
1414 5422 1670 5498 βελτίονα
1718 5419 1956 5478 δείκνυσι

294 5519 400 5587 τήν
434 5515 770 5593 ἐγκράτειαν,
802 5515 894 5570 καὶ
925 5515 1031 5570 οὐκ
1058 5512 1342 5589 ἀναγκάζει
1379 5512 1472 5567 τὸν
1532 5514 1608 5585 μή
1665 5511 1954 5590 φθάνοντα,

298 5605 568 5670 δεδοικὼς
630 5611 707 5682 μή
767 5630 822 5663 τι
885 5610 1071 5680 μεῖζον
1144 5604 1495 5680 παράπτωμα
1525 5603 1764 5681 γένηται.
1825 5628 1854 5658 ‹‹
1886 5606 1953 5663 Ἤ

299 5699 630 5772 πυροῦσθαι.
665 5720 686 5747 ι
747 5692 1029 5765 Ἐνέφηνεν
1079 5691 1179 5763 ὅση
1233 5698 1334 5761 τῆς
1368 5690 1657 5764 ἐπιθυμίας
1687 5695 1723 5763 ἡ
1751 5713 1954 5769 τυραν-

300 5786 410 5847 νίς.
445 5785 509 5845 Ei
544 5784 792 5857 πολλὴν,
858 5782 1046 5858 φησὶν,
1108 5779 1387 5855 ὑπομένῃς
1450 5780 1567 5856 βίαν
1622 5782 1712 5836 καὶ
1770 5783 1959 5860 πύρω-

2064 4810 2298 4865 lescens
2321 4806 2515 4863 adhuc
2530 4805 2712 4862 fuerit
2732 4823 2867 4862 cum
2888 4806 3194 4863 vocatione
3230 4805 3444 4879 dignus
3475 4806 3713 4862 habitus

2066 4904 2175 4954 est.
2199 4899 2381 4954 Porro
2404 4912 2582 4953 nemo
2604 4896 2908 4952 existimet
2928 4896 3127 4968 ipsum
3160 4894 3298 4950 viris
3346 4900 3606 4952 statuere
3636 4913 3711 4953 ne

2064 4987 2421 5044 contrahant
2449 4985 2925 5053 matrimonium,
2956 4985 3309 5041 mulieribus
3338 5001 3475 5041 vero
3496 4990 3564 5041 ut
3582 4990 3718 5058 post

2064 5081 2398 5133 contractas
2416 5074 2658 5147 nuptias
2673 5075 2900 5131 eﬂ'ectaa
2919 5074 3108 5130 viduas
3152 5074 3513 5144 abstineant,
3546 5092 3614 5130 ex
3647 5092 3716 5132 eo

2066 5166 2224 5238 quod
2245 5167 2330 5222 ait
2346 5168 2461 5225 τοῖς
2493 5162 2756 5237 ἀγάμοις,
2771 5164 2976 5233 ίάξθδῐ,
2994 5180 3116 5219 non
3148 5165 3480 5237 conjugatis
3500 5180 3717 5238 genere

2063 5256 2418 5323 masculino,
2460 5271 2678 5326 nempe
2724 5253 2902 5309 viris:
2928 5259 2987 5308 et
3018 5257 3141 5316 ταῖς
3168 5255 3392 5327 χήραις,
3412 5254 3474 5311 id
3495 5261 3604 5324 est,
3635 5257 3718 5311 vi-

2064 5345 2200 5402 duis
2214 5345 2523 5410 feminino,
2539 5348 2683 5416 puta
2698 5342 2959 5399 feminis.
2971 5342 3035 5397 In
3051 5348 3303 5414 utroque
3318 5344 3479 5400 enim
3492 5350 3717 5401 utrum.

2067 5451 2181 5505 que
2214 5433 2457 5489 instruit
2485 5448 2693 5505 genus,
2728 5436 2787 5487 et
2817 5431 2891 5485 de
2920 5431 3287 5487 abstinentia
3333 5448 3368 5488 a
3414 5433 3716 5506 conjugio,

2065 5530 2125 5577 et
2146 5523 2218 5577 de
2240 5521 2609 5577 continentia
2634 5520 2695 5575 in
2711 5519 2995 5576 viduitate
3018 5526 3153 5591 post
3197 5526 3532 5578 contractas
3561 5538 3718 5592 nup-

2067 5610 2199 5667 tias.
2240 5632 2266 5663 σ
2295 5610 2462 5676 Quod
2492 5609 2541 5664 si
2572 5626 2691 5664 non
2725 5610 3056 5677 continent,
3114 5611 3470 5666 contrahant
3517 5609 3716 5665 matri-

2068 5699 2358 5755 monium.
2393 5720 2421 5748 »
2457 5697 2596 5754 Vide
2632 5697 3034 5770 prudentiam.
3094 5699 3397 5755 Meliorem
3454 5696 3714 5751 ostendit

2067 5786 2525 5857 continentiam,
2554 5802 2666 5843 nec
2695 5792 2897 5843 tamen
2926 5788 3083 5858 cogit
3138 5803 3272 5842 eum
3330 5785 3432 5855 qui
3474 5783 3550 5838 ad
3579 5798 3710 5838 eam
