4118 6380
358 447 480 509 ⁸127

1482 437 1899 502 ωουΜΕΝΙΙ
1943 436 2253 498 TRICCIE
2294 435 2649 499 EPISGOPI

3661 432 3782 492 738

368 594 488 636 non
517 576 820 649 pertingit,
852 574 1074 630 veritus
1102 591 1180 629 ne
1213 573 1409 645 major
1455 572 1672 642 aliquis
1717 572 2022 643 contingat

2168 589 2210 624 ιν
2264 566 2621 644 ἀπαλλάγηθι
2697 567 2790 624 καὶ
2848 567 3125 647 γάμησον,
3191 568 3267 641 μὴ
3325 585 3460 623 ποτε
3514 584 3780 640 περιτρα-

365 668 588 739 lapsus.
622 686 652 717 α
680 666 873 730 Quem
902 664 1016 721 uri.
1053 685 1082 715 ››
1111 662 1386 719 Ostendit
1413 667 1635 733 quanta
1662 661 1743 723 sit
1796 676 2021 717 conon-

365 755 673 829 piscentim
704 753 999 827 tyrannis.
1034 753 1091 808 Si
1149 751 1427 818 multam,
1480 750 1696 821 inquit,
1756 750 2019 806 sustines

364 844 723 913 violentiam,
758 859 1161 912 magnumque
1192 841 1489 907 ardorem,
1512 840 1767 895 liberare
1797 856 1865 894 ac
1894 855 2021 894 mau

366 934 720 991 trimonium
751 932 1063 1001 contrahe,
1095 930 1412 1001 nequando
1445 927 1750 985 evertaris.

442 1034 560 1099 VII,
595 1033 683 1099 i0,
720 1034 805 1085 11.
836 1031 903 1085 At
933 1030 1242 1100 conjugatis
1261 1029 1553 1098 praecipio,
1609 1042 1724 1084 non
1773 1041 1873 1095 ego
1930 1023 2023 1078 sed

372 1123 640 1180 Dominus
673 1137 685 1175 :
718 1134 864 1175 umor
890 1136 927 1173 a
954 1120 1073 1173 viro
1100 1133 1213 1171 non
1242 1121 1557 1187 separetur.
1596 1115 1755 1181 Quod
1789 1117 1837 1169 si
1855 1116 2024 1169 etiam

373 1217 633 1283 separata
659 1211 851 1279 fuerit,
883 1212 1105 1262 maneat
1128 1206 1388 1276 innupta,
1453 1212 1553 1260 aut
1597 1207 1722 1260 viro
1785 1204 2024 1258 reconci-

377 1302 562 1355 lietur.
593 1301 666 1354 Et
694 1300 781 1353 vir
805 1312 1033 1352 uxorem
1063 1311 1177 1351 non
1205 1296 1475 1350 dimittat.

442 1396 733 1463 Quoniam
749 1395 941 1468 legem
963 1392 1282 1449 manifeste
1307 1407 1341 1447 a
1357 1391 1611 1447 Domino
1631 1391 1885 1462 positam
1906 1388 2026 1444 dic-

370 1493 539 1543 turus
571 1491 681 1555 est,
705 1489 1023 1557 propterea
1053 1483 1138 1537 ait
1170 1499 1184 1536 :
1247 1502 1278 1532 ‹‹
1338 1484 1466 1537 Non
1528 1497 1633 1552 ego
1690 1480 1794 1535 sed
1826 1477 2027 1534 Domi-

372 1594 505 1634 nus.
539 1596 568 1626 »
602 1577 741 1641 Quae
773 1579 864 1629 est
892 1578 1091 1629 autem
1123 1572 1220 1627 lex
1242 1571 1271 1626 Ἰ
1303 1570 1387 1626 Ne
1418 1570 1519 1625 ﬁat
1550 1569 1781 1631 divisio.
1815 1568 1929 1623 nisi
1962 1567 2026 1621 in

376 1681 557 1722 causa
582 1664 793 1735 stupri.
826 1663 898 1716 Et
928 1659 1172 1731 quidem
1229 1676 1301 1715 ea
1359 1676 1490 1731 quae
1548 1658 1833 1730 praedicta
1890 1659 2031 1711 sunt

380 1766 723 1826 quanquam
741 1750 1027 1807 Dominus
1050 1764 1330 1818 expresse
1353 1764 1473 1803 non
1501 1747 1734 1812 dixerit,
1765 1751 2028 1802 attamen

378 1843 494 1915 ipsi
530 1841 779 1897 Domino
810 1839 1127 1895 convenire
1157 1837 1453 1905 videntur,
1487 1842 1589 1891 aut
1627 1853 1734 1907 per
1788 1853 1876 1903 se,
1929 1839 2032 1891 aut

379 1949 488 2006 per
519 1948 584 1986 os
614 1929 782 1985 Pauli
813 1928 1102 1999 loquenti.
1138 1928 1352 1982 Verum
1383 1925 1669 1997 quoniam
1695 1925 1934 1980 verbum
1958 1924 2030 1979 de

379 2020 756 2093 separatione
782 2018 980 2089 palam
1010 2014 1257 2072 tradidit
1314 2016 1622 2082 Dominus,
1682 2015 1816 2069 ideo
1864 2014 2029 2081 dicit,

379 2134 408 2162 «
433 2113 558 2166 Non
583 2107 822 2181 ego,sed
843 2107 1151 2163 Dominus.
1176 2126 1205 2156 υ
1231 2107 1393 2161 Hanc
1416 2106 1618 2176 itaque
1632 2104 2032 2160 differentiam

384 2198 610 2254 habent
636 2219 663 2247 ι(
695 2199 835 2269 Ego,
870 2217 898 2245 »
927 2201 987 2250 et
1016 2216 1045 2245 «
1078 2197 1205 2249 Non
1237 2209 1367 2266 ego,
1403 2215 1431 2243 η
1462 2198 1531 2248 ut
1560 2193 1612 2248 ei
1642 2192 1800 2264 quod
1832 2191 2034 2247 Domi-

386 2305 502 2345 nus
529 2288 679 2343 dixit
708 2287 924 2342 serviat
953 2305 982 2335 «
1014 2287 1140 2341 Non
1173 2300 1300 2357 ego,
1335 2305 1364 2333 ››
1412 2283 1485 2339 de
1533 2283 1650 2338 alio
1706 2299 1843 2339 vero
1892 2282 2039 2336 dicit

391 2402 421 2430 ‹‹
444 2379 586 2452 Ego.
614 2399 643 2428 »
661 2381 730 2431 Et
750 2393 826 2431 ne
850 2391 983 2446 quin
1009 2374 1198 2446 ipsius
1222 2378 1364 2429 sunt
1411 2372 1675 2428 humana
1721 2389 1852 2428 esse
1881 2372 2041 2427 exis-

392 2468 591 2536 times,
611 2465 918 2537 subjungit
935 2463 1190 2519 inferius
1214 2479 1227 2517 :
1253 2484 1281 2512 «
1306 2462 1529 2534 Opinor
1554 2467 1753 2517 autem
1794 2460 1952 2532 quod
1983 2466 2043 2516 et

392 2572 499 2629 ego
532 2555 816 2627 Spiritum
848 2552 952 2608 Dei
985 2551 1258 2607 habeam.
1294 2572 1322 2600 »ι
1348 2580 1416 2593 -
1465 2572 1495 2601 α
1554 2550 1721 2615 Quod
1769 2550 1818 2604 si
1864 2550 2043 2605 etiam

394 2650 671 2717 separata
692 2642 888 2699 fuerit.
914 2662 943 2691 ι)
967 2640 1196 2707 Melius,
1228 2639 1445 2712 inquit,
1493 2644 1583 2694 est
1610 2644 1677 2693 ut
1721 2655 1844 2693 non
1877 2655 2046 2710 sepa-

391 2740 599 2793 retur:
633 2731 792 2805 quod
829 2732 876 2787 si
910 2732 1091 2787 etiam
1123 2735 1396 2801 separata
1424 2729 1625 2797 fuerit,
1656 2735 1895 2785 maneat
1944 2730 2048 2785 ha-

396 2823 546 2879 bens
576 2823 791 2888 virum,
824 2820 976 2876 418
1010 2819 1119 2874 etsi
1178 2834 1301 2874 non
1360 2818 1801 2886 commistione,
1849 2824 2048 2874 tamen

400 2914 639 2980 aﬁ’ectu,
672 2911 756 2966 sic
781 2915 847 2965 ut
871 2925 993 2964 non
1025 2908 1281 2964 adducat
1309 2908 1429 2963 sive
1460 2907 1746 2980 adjungat
1796 2908 1907 2963 sibi
1965 2907 2054 2962 vi—

400 3018 536 3058 rum
568 3000 771 3057 alium.
807 3021 835 3050 ‹‹
869 3000 1123 3055 Uxorem
1154 3013 1275 3053 non
1307 2997 1589 3052 dimittat.
1626 3018 1655 3046 »
1687 2997 1806 3051 Nisi
1870 2997 2051 3069 quip-

400 3093 561 3165 piam
593 3089 913 3146 accesserit
942 3088 1005 3143 in
1037 3103 1214 3143 causa
1243 3087 1456 3159 stupri.
1491 3088 1635 3142 Nam
1667 3086 1794 3143 haec
1834 3087 2051 3142 Christi

401 3183 498 3238 lex
527 3186 635 3237 est.

472 3277 599 3345 VII,
629 3277 715 3344 i2,
751 3278 836 3344 14,
860 3275 1107 3351 Reliquis
1125 3280 1311 3329 autem
1332 3291 1431 3344 ego
1456 3275 1727 3340 dico,non
1747 3275 2009 3330 Dominus
2033 3292 2051 3329 :

405 3370 466 3424 Si
497 3367 619 3437 quis
645 3368 825 3434 frater
851 3380 1081 3419 uxorem
1113 3363 1313 3418 habeat
1350 3362 1644 3431 inﬁdelem,
1694 3370 1747 3417 et
1806 3363 1918 3418 hac
1965 3379 2052 3419 as-

409 3457 646 3511 sentitur
672 3459 735 3508 ut
764 3453 972 3507 habitet
1000 3467 1122 3507 cum
1150 3451 1269 3519 illo,
1299 3467 1369 3505 ne
1397 3451 1643 3506 dimittat
1663 3468 1802 3508 eam.
1827 3453 1893 3506 Et
1914 3468 2063 3507 ua’or

413 3559 535 3615 quae
562 3542 721 3597 habet
748 3543 927 3597 virum
959 3540 1257 3609 inﬁdelem,
1290 3546 1343 3594 et
1370 3542 1418 3595 is
1446 3538 1744 3595 assentitur
1767 3546 1831 3595 ut
1856 3540 2064 3595 habitet

415 3649 536 3689 cum
567 3648 651 3696 ea,
682 3647 751 3685 ne
780 3630 1033 3685 dimittat
1064 3629 1245 3684 illum.
1280 3629 1667 3698 Sanctiﬁcatus
1691 3635 1768 3685 est
1806 3632 1950 3684 enim
1978 3632 2065 3685 vir

413 3720 660 3792 inﬁdelis
681 3736 788 3790 per
815 3734 1044 3774 uxorem
1075 3734 1089 3770 τ
1121 3725 1173 3773 et
1193 3719 1541 3788 sanctiﬁcata
1571 3725 1646 3774 est
1677 3734 1820 3774 umor
1868 3720 2063 3788 inﬁde—

417 3810 484 3868 lis
497 3827 603 3882 per
630 3811 835 3865 virum.

486 3901 567 3955 Ne
598 3897 956 3953 divellantur
984 3895 1263 3969 conjugia
1291 3912 1304 3950 :
1337 3899 1397 3950 et
1425 3897 1509 3951 ita
1566 3896 1936 3952 confusionis
1997 3913 2063 3952 ac

414 3987 793 4053 turbationis,
814 3986 1248 4055 domorumque
1266 3986 1594 4040 eversionis
1637 4002 1817 4042 causa
1838 4002 1873 4041 a
1894 3985 2063 4057 vulgo

409 4077 715 4149 judicetur
743 4074 843 4136 Dei
875 4073 1092 4144 cultus,
1125 4079 1443 4145 propterea
1473 4074 1750 4145 prohibet
1807 4092 1908 4130 eos
1963 4077 2065 4145 qui

417 4166 575 4223 nacti
608 4170 749 4220 sunt
776 4163 1070 4230 inﬁdeles,
1095 4179 1172 4217 ne
1189 4179 1223 4218 a
1243 4162 1684 4220 cohabitatione
1706 4164 2063 4222 dividantur.

418 4258 618 4325 Neque
641 4253 803 4307 enim
832 4252 906 4307 de
938 4251 1031 4305 his
1062 4251 1251 4321 legem
1283 4252 1492 4307 statuit
1508 4253 1610 4323 qui
1633 4252 1902 4309 nondum
1926 4270 2066 4310 con-

420 4347 732 4401 traxerunt
748 4339 1334 4407 matrimonium,sed
1361 4340 1434 4395 de
1455 4341 1548 4396 his
1570 4342 1671 4413 qui
1694 4341 1769 4397 ad
1789 4344 1923 4415 conj
1936 4344 2068 4416 ugia

2129 662 2262 733 πῇςι

2198 943 2332 1002 Τοῖς
2364 938 2421 996 δὶ
2473 940 2819 1017 γεγαμηκόσι
2874 935 3243 1015 παραγγίλλω
3302 936 3403 992 οὐκ
3455 937 3591 1012 ὶγὼ,
3654 934 3786 991 ἄλλ’

2132 1031 2161 1087 ὁ
2204 1028 2420 1104 Κύριος,
2494 1034 2722 1107 γυναῖκα
2796 1028 2903 1083 ἀπο
2982 1025 3172 1103 ἆνδρος
3247 1028 3326 1101 μὴ
3406 1031 3781 1105 χωρισθῆναι.

2131 1121 2258 1176 Ἐάν
2307 1116 2365 1175 δι
2400 1118 2492 1173 καὶ
2550 1119 2825 1198 χωρισθῇ,
2899 1116 3102 1190 μενέτω
3162 1114 3400 1192 ἄγαμος,
3457 1114 3492 1184 ἢ
3548 1114 3630 1187 τῷ
3687 1114 3784 1168 ἆν-

2133 1208 2220 1283 δρὶ
2277 1205 2703 1285 καταλλαγήτω.
2781 1205 2880 1262 Καὶ
2967 1202 3133 1279 ἄνδρα
3193 1209 3423 1281 γυναῖκα
3484 1206 3560 1277 μὴ
3623 1202 3785 1283 ἆφιέυ

2133 1320 2243 1358 ναι.

2204 1383 2430 1455 Ἐπειδὴ
2492 1386 2674 1461 ῥητῶς
2728 1384 2903 1458 νόμου
2964 1384 3069 1439 ὑπὸ
3123 1385 3222 1438 τοῦ
3280 1381 3479 1458 Κυρίου
3536 1380 3788 1443 τεθέντος

2132 1477 2316 1554 λέγειν
2354 1473 2570 1550 μέλλει,
2605 1473 2694 1531 διὰ
2749 1479 2911 1531 τοῦτο
2942 1495 3133 1551 φησιν,
3200 1495 3223 1525 ι
3256 1474 3374 1531 Οὐκ
3435 1472 3565 1551 ἐγὼ,
3597 1471 3727 1529 ἀλλ’
3759 1474 3788 1529 δ

2136 1570 2409 1644 Κύριος.»
2467 1568 2565 1629 Τίς
2597 1565 2713 1623 δὶὸ
2768 1567 2982 1641 νόμοςς
3041 1569 3150 1622 Τοῦ
3211 1566 3286 1638 μή
3345 1564 3584 1640 γίνεσθαι
3643 1561 3794 1619 διαί-

2142 1680 2282 1737 ρεσιν
2311 1657 2581 1734 παρεκτὸς
2640 1654 2808 1732 λόγου
2861 1654 3144 1730 πορνείας.
3192 1654 3297 1711 Καί
3327 1656 3393 1709 τὰ
3428 1654 3520 1727 μὶν
3576 1648 3794 1729 ἔμπρο-

2142 1760 2260 1813 σθεν
2293 1746 2579 1824 εἰρημένα,
2610 1745 2656 1801 εί
2691 1747 2767 1820 μὴ
2798 1745 2891 1801 καὶ
2940 1742 3200 1819 ὀνομαστὶ
3260 1744 3288 1798 ὁ
3354 1742 3554 1820 Κύριος
3613 1743 3791 1811 εἶπεν,

2141 1836 2295 1910 ὅμως
2328 1835 2417 1891 καὶ
2476 1835 2624 1908 αὖτῷ
2689 1838 2768 1907 τῷ
2825 1836 3010 1908 Κυριῳ
3060 1831 3246 1896 καλῶς
3302 1830 3449 1909 ἔχειν
3508 1828 3659 1887 δοκεῖ
3712 1832 3793 1904 τῷ

2065 1948 2111 2012 Β
2144 1924 2432 2012 λαλοῦντι,
2471 1921 2640 1999 ἤγουν
2667 1922 2815 1995 αὖτῷ
2840 1927 2919 1994 τῷ
2950 1921 3137 1998 Κυρίῳ
3163 1926 3244 1994 τῷ
3275 1919 3365 1977 διὰ
3392 1925 3489 1977 τοῦ
3520 1921 3797 1995 στόματος

2141 2011 2365 2071 Παύλου
2395 2011 2678 2070 λαλοῦντι.
2714 2011 2867 2080 Πλὴν
2898 2008 3087 2081 ἐπειδή
3119 2011 3182 2066 τὸ
3214 2014 3312 2067 τοῦ
3357 2014 3650 2086 χωρισμοῦ
3681 2010 3793 2087 ρη-

2142 2110 2273 2169 τῶς,
2299 2106 2375 2165 ὧς
2405 2101 2644 2181 εἴρηται,
2669 2104 2697 2158 ὁ
2720 2101 2920 2177 Κύριος
2950 2098 3254 2177 παρέδωκε,
3285 2100 3483 2157 τούτου
3514 2102 3675 2181 χάριν
3695 2123 3803 2180 φη-

2144 2195 2247 2264 σὶν,
2270 2218 2298 2245 ι(
2333 2192 2448 2251 Οὐκ
2466 2191 2594 2270 ἐγὼ,
2618 2190 2747 2247 ἀλλ’
2767 2193 2796 2248 ὁ
2824 2191 3046 2266 Κύριος.
3073 2215 3101 2242 ››
3128 2193 3289 2247 Ὥστε
3308 2191 3392 2261 τὸ,
3428 2216 3449 2241 s
3475 2192 3604 2266 Εγὸ,
3634 2215 3663 2244 »
3683 2191 3801 2261 καὶ,

2147 2283 2311 2340 «Οὐκ
2331 2281 2458 2359 ἐγὼ,
2487 2280 2735 2352 »ταύτην
2761 2278 2880 2359 ἔχει
2899 2283 2999 2351 τὴν
3016 2278 3300 2357 διαφοράν·
3334 2282 3416 2336 τὸ.
3443 2280 3606 2336 Εἶπεν
3626 2281 3654 2335 ὁ
3688 2280 3804 2337 Κό-

2151 2394 2290 2450 ριος,
2340 2372 2513 2449 λέγει,
2575 2397 2604 2425 ι(
2658 2372 2773 2431 Οὐκ
2832 2373 2995 2448 Ἐγώ·
3030 2395 3058 2425 ι)
3118 2371 3184 2427 τὸ
3233 2368 3291 2426 δὲ
3345 2367 3558 2448 ἕτερον,
3617 2372 3807 2457 φησὶν,

2151 2489 2181 2518 ι(
2214 2463 2377 2539 Ἐγώ.
2411 2486 2439 2514 ››
2471 2463 2581 2520 Ἰνα
2610 2460 2714 2538 γὰρ
2744 2463 2819 2536 μή
2851 2461 2919 2516 τὰ
2949 2459 3119 2518 αὐτοῦ
3148 2461 3454 2537 ἀνθρώπινα
3485 2461 3624 2517 εἶναι
3652 2461 3809 2535 νομί-

2153 2574 2268 2626 σῃς,
2300 2550 2484 2629 ἐπάγει
2514 2552 2832 2627 κατωτέρω,
2866 2575 2894 2603 ‹‹
2928 2553 3082 2607 Δοκῶ
3125 2547 3184 2606 δὲ
3213 2551 3365 2626 κάγὼ
3423 2554 3644 2625 Πνεῦμα
3675 2556 3811 2606 Θεοῦ

2154 2640 2327 2718 ἔχειν.
2359 2674 2426 2685 -
2463 2664 2487 2695 ε
2518 2640 2640 2697 Ἐὰν
2661 2638 2719 2696 δέ
2735 2642 2821 2696 καὶ
2858 2642 3133 2720 χωρισθῇ.
3160 2663 3188 2692 ››
3221 2638 3472 2697 Κάλλιον
3508 2652 3629 2713 μεν,
3655 2641 3810 2720 φησὶ,

2155 2732 2219 2788 τὸ
2281 2731 2357 2803 μὴ
2444 2734 2806 2809 χωρισθῆναι.
2885 2728 2948 2786 El
3006 2726 3063 2787 δι
3116 2730 3206 2785 καὶ
3267 2733 3544 2805 χωρισθῇ,
3605 2731 3811 2803 μενέτω

2158 2817 2363 2899 ἔχουσα
2392 2820 2484 2876 τὸν
2535 2816 2723 2894 ἄνδρα,
2760 2817 2805 2874 εί
2862 2819 2953 2874 κπιὶ
3006 2819 3081 2892 μή
3143 2821 3211 2893 τῇ
3268 2820 3434 2893 μίξει,
3491 2822 3558 2892 τῇ
3619 2819 3809 2892 μέντοι

2162 2910 2449 2981 διαθέσει,
2526 2911 2614 2965 καὶ
2689 2914 2769 2982 τῷ
2828 2911 2905 2984 μή
2966 2908 3332 2987 ἐπεισαγαγεῖν
3393 2906 3553 2984 ἄνδρα
3604 2904 3810 2985 ἕτερον.

2166 3027 2193 3054 ‹‹
2228 3004 2457 3057 Γυναῖκα
2493 3000 2569 3076 μὴ
2602 2998 2835 3074 ἀφιέναι.
2869 3022 2896 3051 ››
2929 2999 2992 3056 Ei
3029 3001 3103 3072 μή
3139 3022 3191 3056 τι
3225 2997 3314 3054 έπῖ
3345 2998 3498 3076 λόγῳ
3542 2997 3812 3071 πορνείας.

2162 3094 2337 3154 Οῦτος
2365 3091 2472 3169 γὰρ
2504 3091 2533 3145 ὁ
2562 3093 2661 3145 τοῦ
2689 3090 2926 3164 Χριστοῦ
2960 3088 3153 3163 νόμος.

2236 3271 2366 3331 Τοῖς
2396 3265 2453 3322 δὶ
2482 3264 2733 3334 λοιππῖς,
2795 3262 2901 3339 ἐγὼ
2958 3264 3125 3339 λέγω,
3160 3262 3270 3339 οὐχ
3298 3264 3325 3318 ὁ
3359 3264 3582 3338 Κύριος·
3635 3260 3704 3321 E'i
3734 3284 3819 3325 τις

2247 3311 2365 3331 ιν...
2398 3311 2453 3322 --
2484 3311 2733 3334 ..-.......,,
2796 3311 2899 3339 Ἴ..
2961 3311 3125 3339 ..-ι-η
3164 3311 3270 3339 --Α
3302 3311 3322 3318 -
3359 3311 3561 3338 _-,--,
3638 3311 3704 3321 ..-
3746 3311 3817 3325 -.τ

2094 3311 2138 3380 c
2167 3352 2402 3434 ἀδελφὸς
2488 3360 2719 3430 γυναῖκα
2777 3348 2893 3428 ἔχει
2953 3353 3179 3408 ἄπιστον
3215 3399 3230 3424 ,
3285 3354 3376 3407 καὶ
3436 3351 3572 3423 αὗτή
3636 3374 3821 3408 συνευ-

2171 3443 2320 3501 δοκεῖ
2378 3444 2545 3500 οίκεῖν
2636 3444 2754 3519 μετ’
2808 3445 3008 3513 αὐτοῦ,
3071 3445 3147 3516 μὴ
3207 3443 3410 3527 ἀφιέτω
3470 3443 3659 3512 αὐτὴν.
3722 3443 3825 3497 Καὲ

2169 3536 2308 3612 γυνὴ
2367 3533 2489 3607 ἥτις
2546 3531 2661 3610 ἔχει
2720 3530 2888 3613 ἄνδρα
2944 3530 3194 3605 ἄπιστον,
3265 3534 3353 3588 καί
3407 3531 3567 3597 αὐτὸς
3632 3554 3823 3587 συνευ-

2171 3621 2321 3680 δοκεῖ
2369 3622 2535 3679 οίκεῖν
2577 3623 2695 3698 μετ’
2749 3621 2937 3693 αὐτῆς,
2999 3622 3074 3695 μὴ
3135 3621 3341 3700 ἀφιέτω
3400 3621 3581 3678 αὐτὸν,
3641 3621 3828 3700 Ἦγία-

2170 3736 2291 3772 σται
2345 3715 2449 3792 γὰρ
2503 3716 2531 3770 ὁ
2588 3714 2724 3795 ἀνὴρ
2784 3714 2812 3768 ὁ
2867 3714 3092 3774 ἄπιστος
3158 3711 3209 3767 ἐν
3287 3714 3356 3788 τῇ
3412 3714 3622 3790 γυναικί
3659 3733 3669 3745 ’
3733 3713 3829 3768 καὶ

2171 3806 2424 3880 ἡγίασται
2455 3805 2490 3874 ἠ
2520 3809 2652 3880 γυνή
2684 3804 2718 3873 ἠ
2751 3800 2977 3865 ἄπιστος
3009 3801 3061 3857 έν
3090 3805 3172 3875 τῷ
3199 3799 3376 3876 ἀνδρί.

2240 3895 2353 3951 ’Ἱνα
2386 3894 2462 3968 μὴ
2491 3889 2895 3947 διασπασθῶσιν
2938 3893 2991 3947 οἱ
3047 3892 3242 3968 γάμοι,
3294 3892 3386 3946 καί
3444 3890 3638 3947 λοιπὸν
3698 3913 3824 3966 συγ-

2174 3984 2386 4061 χύσεως
2433 3984 2527 4039 καὶ
2594 3990 2844 4058 ταραχῆς
2901 3982 2991 4037 καὶ
3051 3980 3220 4037 οἷ’κων
3280 3984 3555 4056 ἂναροπῆς
3610 3984 3825 4054 αίτίαῆ

2171 4071 2415 4132 εὐσέϐεια
2443 4080 2565 4139 τοῖς
2593 4071 2831 4138 πολλοῖς
2884 4076 3140 4147 νομισθῇ,
3197 4070 3286 4129 διὰ
3311 4076 3476 4130 τοῦτο
3506 4076 3634 4138 τοὺς
3694 4075 3832 4149 φθά-

2174 4186 2363 4228 σαντας
2421 4164 2671 4225 ἀπίστοις
2729 4168 3013 4233 συνοικεῖν,
3079 4160 3291 4218 κωλύοι
3352 4160 3695 4239 διαιρεῖσθαι.
3756 4161 3833 4218 Ob

2172 4257 2277 4331 γάρ
2333 4253 2458 4329 περὶ
2514 4258 2624 4308 τῶν
2658 4255 2827 4327 μήπω
2858 4251 3256 4331 γεγαμηκότων
3312 4256 3480 4308 ταῦτα
3526 4254 3837 4326 νομοθετεῖ,

2176 4345 2324 4403 ἀλλᾶ
2352 4345 2614 4420 περὶτῶν
2656 4345 2973 4420 φθασάντων
3014 4349 3210 4421 γῆμαι.
3269 4343 3342 4398 Ob
3401 4343 3504 4422 γὰρ
3564 4345 3733 4416 εἶπεν,
3767 4343 3840 4403 Εἴ

412 4435 542 4505 jam
571 4434 990 4503 pervenerunt.
1022 4427 1325 4498 Siquidem
1378 4444 1499 4483 non
1561 4430 1755 4485 dixit:
1819 4432 1874 4486 Si
1935 4434 2051 4502 qui:

2175 4458 2260 4498 τις
2293 4433 2549 4512 βούλεται
2592 4429 2781 4490 λαϐεῖν
2842 4434 3091 4504 ἄπιστον,
3140 4430 3295 4501 ἀλλ’,
3355 4459 3382 4484 ι(
3417 4432 3483 4490 E'i
3515 4456 3600 4499 τις
3628 4429 3769 4517 ἔχει,
3808 4459 3838 4486 ››

422 4522 545 4577 vult
574 4519 843 4591 accipere
874 4517 1201 4579 inﬁdelem,
1262 4516 1366 4573 sed
1426 4540 1453 4567 «
1511 4519 1569 4574 Si
1627 4519 1763 4591 quis
1805 4520 2002 4579 habet.
2037 4542 2065 4572 η

421 4608 814 4684 Contingebat
843 4599 1003 4669 enim
1033 4606 1095 4662 in
1126 4607 1404 4680 conjugio
1445 4614 1512 4664 ut
1564 4625 1722 4669 unus
1777 4610 2067 4679 crederet,

422 4702 574 4758 alter
601 4717 739 4756 vero
771 4700 833 4754 in
864 4696 1286 4755 incredulitate
1342 4704 1739 4769 permaneret.
1802 4722 1831 4750 ι(

423 4791 750 4847 inﬁdelem.
785 4810 816 4840 ιι
845 4786 998 4854 Quid
1029 4802 1166 4857 ergo
1186 4786 1214 4842 ?
1244 4787 1293 4842 si
1312 4786 1373 4842 in
1396 4793 1600 4860 stupro
1613 4790 1885 4861 capiatur
1903 4806 2072 4857 uxor,

422 4881 777 4953 permissum
807 4884 900 4933 est
925 4877 1117 4948 ipsam
1147 4875 1469 4942 dimittam,
1502 4878 1552 4932 si
1581 4894 1718 4933 vero
1750 4880 1830 4933 sit
1858 4878 2077 4934 inﬁde-

424 4968 519 5032 lis,
550 4983 673 5022 non
705 4966 891 5021 licet:l
921 4965 1099 5036 Atqui
1130 4966 1299 5037 pejor
1350 4972 1441 5020 est
1494 4966 1840 5023 inﬁdelitas.
1903 4968 2077 5039 Pejor

426 5056 668 5128 quidem
698 5060 809 5122 est,
843 5053 946 5109 sed
976 5054 1038 5109 in
1070 5052 1344 5109 adultera
1363 5061 1570 5127 aperta
1591 5063 1683 5111 est
1730 5057 1977 5123 malitia,
2011 5057 2074 5113 in

425 5144 655 5202 inﬁdeli
692 5159 829 5199 vero
861 5144 1196 5215 ignorantia
1226 5144 1423 5215 potius
1455 5143 1660 5205 subest
1688 5162 1865 5217 quam
1901 5146 2077 5207 mall—

427 5234 526 5289 tia.
561 5236 701 5289 Erat
729 5247 966 5304 quoque
1006 5231 1326 5288 verisimile
1385 5248 1516 5289 eam
1573 5241 1960 5305 cessaturum,
2018 5243 2077 5292 et

424 5322 583 5394 quod
612 5322 1029 5377 inﬁdelitatem
1057 5320 1428 5392 relinqueret
1456 5324 1619 5393 (nam
1651 5329 1710 5379 et
1764 5325 1876 5380 hoc
1935 5325 2077 5381 dicit

420 5413 549 5483 ipse
571 5410 793 5466 Paulus
817 5427 830 5465 :
855 5409 1007 5475 Quid
1027 5410 1188 5465 enim
1212 5412 1392 5479 nosti,
1415 5428 1589 5477 uxor,
1611 5427 1686 5469 an
1708 5414 1899 5468 virum
1948 5430 2078 5470 ser-

422 5501 584 5558 vabis
597 5500 645 5570 ‘2)
667 5500 716 5555 si
737 5499 950 5555 saltem
971 5500 1299 5555 assentitur
1318 5498 1393 5555 ad
1414 5500 1900 5560 cohabitandum.
1932 5526 1960 5554 ‹‹
2007 5506 2079 5559 Et

424 5591 550 5646 haec
562 5590 905 5646 assentitur.
925 5609 953 5637 ιι
970 5587 1026 5643 Si
1040 5587 1183 5656 vult,
1199 5588 1414 5661 inquit.
1430 5590 1595 5655 Quod
1638 5591 1799 5647 enim
1832 5592 2076 5665 dispen-

423 5680 588 5736 dium
611 5678 770 5735 estsi
793 5678 907 5743 ﬁde
930 5677 1108 5734 unius
1127 5678 1314 5749 partis
1339 5678 1574 5737 sincera
1585 5687 1919 5754 manentes,
1938 5699 2074 5755 spes

423 5768 583 5825 bona
599 5769 677 5824 sit
687 5768 846 5847 quod
860 5766 1121 5827 inﬁdelis
1137 5771 1405 5839 tempore
1422 5769 1751 5826 mutabitur
1763 5777 1831 5828 ut
1842 5773 2075 5830 credat?

2180 4525 2282 4582 Καὶ
2335 4525 2438 4601 γὰρ
2496 4518 2794 4579 συνέϐαινεν
2855 4519 3187 4598 ἀνδρογύνου
3231 4517 3405 4591 ὄντος,
3464 4519 3559 4577 ’ἕνα
3614 4528 3841 4580 πιστεῦ-

2182 4636 2292 4684 σαι,
2325 4616 2547 4689 θάτερον
2580 4610 2636 4668 δὲ
2666 4612 2717 4669 έν
2743 4613 2966 4686 ἀπιστίᾳ
2997 4616 3197 4685 μεῖναι.
3231 4637 3259 4664 ‹‹
3292 4614 3453 4688 ’Ἑχει
3512 4611 3767 4672 ἄπιστον.
3810 4640 3841 4668 ››

1891 4691 2373 4761 Ηιώθῐθτίοῦν
2422 4701 2467 4757 εί
2525 4700 2577 4756 ἐν
2632 4700 2857 4773 πορνείᾳ
2904 4697 3025 4773 ἁλῷ
3084 4702 3119 4770 ἡ
3177 4701 3338 4776 γυνὴ,
3391 4699 3609 4777 ἀφεῖναι
3669 4702 3845 4773 αὐτὴν

2185 4790 2592 4864 ἐπιτέτραπταιο
2626 4792 2672 4845 εί
2704 4787 2761 4845 δὲ
2791 4786 3037 4855 ἄπιστος,
3081 4788 3180 4844 οὐκ
3229 4785 3306 4845 ἔτι
3338 4806 3360 4853 :
3413 4789 3592 4846 καίτοι
3654 4798 3849 4868 χεῖρον

2184 4880 2220 4948 ἡ
2255 4877 2502 4934 ἀπιστία.
2536 4883 2730 4953 Πεῖρον
2763 4877 2882 4951 μὶν,
2915 4875 3044 4932 ἀλλ’
3082 4875 3166 4932 ἰπὶ
3202 4884 3302 4947 τῆς
3357 4876 3568 4950 πόρνης
3627 4877 3846 4953 ὁμολο-

2185 4966 2431 5045 γουμένη
2465 4966 2608 5022 ἐστιν
2639 4969 2674 5037 ἠ
2710 4967 2973 5042 πονηρία,
3014 4964 3103 5021 ἐπὶ
3164 4963 3223 5020 δὲ
3254 4972 3357 5036 τῆς
3388 4964 3617 5022 ἀπίστου
3653 4965 3847 5041 ἄγνοια

2190 5053 2405 5130 μᾶλλόν
2433 5055 2598 5124 ἔστιν,
2655 5056 2690 5126 ἢ
2749 5054 3008 5129 πονηρία,
3070 5054 3139 5124 ἢν
3194 5055 3286 5109 καί
3344 5056 3611 5125 παυθῆναι
3671 5054 3839 5118 εἰκός⁶

2183 5148 2347 5200 τοῦτο
2375 5144 2477 5221 γὰρ
2506 5144 2597 5199 καί
2629 5144 2791 5207 αὐτός
2823 5162 2976 5223 φησι·
3012 5167 3039 5197 ι(
3069 5144 3133 5198 Τί
3188 5144 3296 5220 γὰρ
3349 5142 3521 5212 οἶδας,
3579 5145 3759 5221 γυναι,
3793 5144 3844 5201 εἴ

2183 5237 2276 5289 τὸν
2302 5231 2469 5308 ἄνδρα
2498 5235 2695 5297 σώσεις
2717 5254 2731 5308 ς
2754 5256 2783 5286 κ
2806 5234 2970 5307 μόνον
3000 5234 3089 5289 ἐὰν
3119 5231 3435 5289 συνευδοκεῖ
3464 5234 3654 5295 οἷ’κεῖν,
3689 5260 3716 5287 ‹‹
3742 5238 3844 5292 Καὶ

2184 5323 2321 5394 αὖτή
2355 5321 2685 5380 συνευδοκεῖ.
2722 5347 2750 5376 ››
2785 5323 2847 5379 El
2900 5323 3179 5398 βούλεται,
3241 5322 3395 5401 φησί.
3454 5324 3522 5382 Τί
3575 5325 3677 5402 γάρ
3733 5324 3847 5382 ἐστι

2189 5408 2419 5489 βλάϐος,
2454 5413 2500 5469 εί
2556 5419 2657 5483 τῆς
2712 5412 2948 5474 πίστεως
3001 5416 3099 5467 τοῦ
3156 5411 3272 5474 ἑνὸς
3335 5410 3532 5488 μέρους
3591 5414 3846 5491 ἀκεραίου

2189 5507 2480 5581 μενούσης,
2524 5504 2687 5568 ὶλπὶς
2739 5502 2823 5575 εἷή
2883 5504 3128 5582 χρηστὴ,
3184 5504 3275 5558 καὶ
3332 5506 3426 5560 τὸν
3483 5501 3708 5561 ἄπιστον
3766 5510 3848 5581 τῷ

2184 5594 2370 5669 χρόνῳ
2432 5589 2812 5668 μεταϐαλόντα
2864 5596 3196 5663 πιστεῦσαις
3264 5594 3416 5663 «Μή
3485 5595 3690 5672 ἀφιέτω
3750 5597 3848 5652 αὐ-

2182 5684 2306 5753 τήν.
2339 5704 2367 5735 s
2405 5685 2464 5739 Et
2498 5683 2525 5737 ὁ
2555 5678 2912 5754 κολλώμενος
2970 5685 3038 5759 τῇ
3078 5681 3255 5757 πόρνῃ
3298 5680 3352 5737 ἔν
3394 5686 3554 5757 σῶμα
3612 5684 3843 5761 γίνεται,

2182 5771 2713 5846 καὶὸκολλώμενος
2765 5773 2834 5846 τῇ
2866 5772 3078 5845 ἆπιστῳ
3109 5768 3374 5845 δηλονότι
3431 5769 3489 5827 ἓν
3548 5777 3707 5848 σῶμα
3762 5774 3851 5851 γί-
