  <div class='ocr_page' id='page_1' title='image "/cluster/home/n/w/nwhite01/storage/ocr_20150623/118:no.1/coo.31924054870229/378.png"; bbox 0 0 4118 6394; ppageno 0'>
   <div class='ocr_carea' id='block_1_1' title="bbox 403 422 524 483">
    <p class='ocr_par' dir='ltr' id='par_1_1' title="bbox 403 422 524 483">
     <span class='ocr_line' id='line_1_1' title="bbox 403 422 524 483; baseline 0.008 -1"><span class='ocrx_word' id='word_1_1' title='bbox 403 422 524 483; x_wconf 76' lang='grc'>’129</span> 
     </span>
    </p>
   </div>
   <div class='ocr_carea' id='block_1_2' title="bbox 1340 417 2810 484">
    <p class='ocr_par' dir='ltr' id='par_1_2' title="bbox 1340 417 2810 484">
     <span class='ocr_line' id='line_1_2' title="bbox 1340 417 2810 484; baseline 0 -2"><span class='ocrx_word' id='word_1_2' title='bbox 1340 419 1757 482; x_wconf 74' lang='grc' dir='ltr'>ΕΟΜΙΙΕΝΤ.</span> <span class='ocrx_word' id='word_1_3' title='bbox 1804 420 1883 481; x_wconf 83' lang='lat' dir='ltr'>1N</span> <span class='ocrx_word' id='word_1_4' title='bbox 1929 417 2178 480; x_wconf 81' lang='lat' dir='ltr'>EPIST.</span> <span class='ocrx_word' id='word_1_5' title='bbox 2228 419 2254 480; x_wconf 92' lang='lat' dir='ltr'>l</span> <span class='ocrx_word' id='word_1_6' title='bbox 2298 422 2402 481; x_wconf 86' lang='lat' dir='ltr'><strong>AD</strong></span> <span class='ocrx_word' id='word_1_7' title='bbox 2447 421 2810 484; x_wconf 80' lang='lat' dir='ltr'>CORINTH.</span> 
     </span>
    </p>
   </div>
   <div class='ocr_carea' id='block_1_3' title="bbox 3702 417 3821 479">
    <p class='ocr_par' dir='ltr' id='par_1_3' title="bbox 3702 417 3821 479">
     <span class='ocr_line' id='line_1_3' title="bbox 3702 417 3821 479; baseline 0.008 -1"><span class='ocrx_word' id='word_1_8' title='bbox 3702 417 3821 479; x_wconf 86' lang='lat'>730</span> 
     </span>
    </p>
   </div>
   <div class='ocr_carea' id='block_1_4' title="bbox 405 549 2052 630">
    <p class='ocr_par' dir='ltr' id='par_1_4' title="bbox 405 549 2052 630">
     <span class='ocr_line' id='line_1_4' title="bbox 405 549 2052 630; baseline -0.002 -19"><span class='ocrx_word' id='word_1_9' title='bbox 405 576 574 625; x_wconf 85' lang='grc' dir='ltr'>νεται,</span> <span class='ocrx_word' id='word_1_10' title='bbox 605 557 726 617; x_wconf 75' lang='grc' dir='ltr'>πῶς</span> <span class='ocrx_word' id='word_1_11' title='bbox 757 554 932 611; x_wconf 68' lang='grc' dir='ltr'>ἐκεῖνο</span> <span class='ocrx_word' id='word_1_12' title='bbox 968 554 1063 628; x_wconf 71' lang='grc' dir='ltr'>μὶν</span> <span class='ocrx_word' id='word_1_13' title='bbox 1093 550 1323 621; x_wconf 76' lang='grc' dir='ltr'>κωλύει,</span> <span class='ocrx_word' id='word_1_14' title='bbox 1353 557 1517 609; x_wconf 88' lang='grc' dir='ltr'>τοῦτο</span> <span class='ocrx_word' id='word_1_15' title='bbox 1550 550 1607 609; x_wconf 77' lang='grc' dir='ltr'><strong>δὶ</strong></span> <span class='ocrx_word' id='word_1_16' title='bbox 1654 549 1757 623; x_wconf 73' lang='lat' dir='ltr'>cii;</span> <span class='ocrx_word' id='word_1_17' title='bbox 1808 551 1908 610; x_wconf 85' lang='grc' dir='ltr'>Καί</span> <span class='ocrx_word' id='word_1_18' title='bbox 1967 573 2052 630; x_wconf 77' lang='grc' dir='ltr'>φα-</span> 
     </span>
    </p>
   </div>
   <div class='ocr_carea' id='block_1_5' title="bbox 2168 549 3821 630">
    <p class='ocr_par' dir='ltr' id='par_1_5' title="bbox 2178 554 3821 630">
     <span class='ocr_line' id='line_1_5' title="bbox 2178 554 3821 630; baseline -0.001 -20"><span class='ocrx_word' id='word_1_19' title='bbox 2178 572 2203 604; x_wconf 75' lang='grc' dir='ltr'>ι</span> <span class='ocrx_word' id='word_1_20' title='bbox 2241 556 2320 610; x_wconf 85' lang='lat' dir='ltr'>Ne</span> <span class='ocrx_word' id='word_1_21' title='bbox 2351 554 2613 611; x_wconf 74' lang='lat' dir='ltr'>dimittat</span> <span class='ocrx_word' id='word_1_22' title='bbox 2642 571 2795 613; x_wconf 89' lang='lat' dir='ltr'>eam.</span> <span class='ocrx_word' id='word_1_23' title='bbox 2828 576 2858 607; x_wconf 84' lang='lat'><strong>»</strong></span> <span class='ocrx_word' id='word_1_24' title='bbox 2889 556 2947 612; x_wconf 90' lang='lat' dir='ltr'>Si</span> <span class='ocrx_word' id='word_1_25' title='bbox 2978 556 3029 613; x_wconf 91' lang='lat' dir='ltr'>is</span> <span class='ocrx_word' id='word_1_26' title='bbox 3050 556 3152 629; x_wconf 90' lang='lat' dir='ltr'>qui</span> <span class='ocrx_word' id='word_1_27' title='bbox 3178 555 3582 630; x_wconf 75' lang='lat' dir='ltr'>agglutinetur</span> <span class='ocrx_word' id='word_1_28' title='bbox 3602 557 3821 620; x_wconf 84' lang='lat' dir='ltr'>scorto,</span> 
     </span>
    </p>
   </div>
   <div class='ocr_carea' id='block_1_6' title="bbox 405 640 2065 722">
    <p class='ocr_par' dir='ltr' id='par_1_6' title="bbox 405 640 2065 722">
     <span class='ocr_line' id='line_1_6' title="bbox 405 640 2065 722; baseline -0.002 -22"><span class='ocrx_word' id='word_1_29' title='bbox 405 666 527 718; x_wconf 85' lang='grc' dir='ltr'>μεν,</span> <span class='ocrx_word' id='word_1_30' title='bbox 558 641 747 717; x_wconf 67' lang='grc' dir='ltr'>ῑν-μὶν</span> <span class='ocrx_word' id='word_1_31' title='bbox 781 647 941 717; x_wconf 81' lang='grc' dir='ltr'>σῶμα</span> <span class='ocrx_word' id='word_1_32' title='bbox 971 642 1062 699; x_wconf 84' lang='grc' dir='ltr'>καὶ</span> <span class='ocrx_word' id='word_1_33' title='bbox 1094 640 1183 698; x_wconf 68' lang='grc' dir='ltr'>ἀπὶ</span> <span class='ocrx_word' id='word_1_34' title='bbox 1211 650 1313 711; x_wconf 86' lang='grc' dir='ltr'>τῆς</span> <span class='ocrx_word' id='word_1_35' title='bbox 1352 643 1584 700; x_wconf 85' lang='grc' dir='ltr'>ἀπίστου</span> <span class='ocrx_word' id='word_1_36' title='bbox 1646 644 1873 722; x_wconf 86' lang='grc' dir='ltr'>γίνεται,</span> <span class='ocrx_word' id='word_1_37' title='bbox 1916 640 2065 699; x_wconf 89' lang='grc' dir='ltr'>ἀλλά</span> 
     </span>
    </p>
   </div>
   <div class='ocr_carea' id='block_1_7' title="bbox 399 732 2063 808">
    <p class='ocr_par' dir='ltr' id='par_1_7' title="bbox 399 732 2063 808">
     <span class='ocr_line' id='line_1_7' title="bbox 399 732 2063 808; baseline -0.001 -21"><span class='ocrx_word' id='word_1_38' title='bbox 399 739 524 805; x_wconf 80' lang='grc' dir='ltr'>νικᾷ</span> <span class='ocrx_word' id='word_1_39' title='bbox 553 736 589 804; x_wconf 81' lang='grc' dir='ltr'><strong>ἡ</strong></span> <span class='ocrx_word' id='word_1_40' title='bbox 621 733 929 808; x_wconf 70' lang='grc' dir='ltr'>καθαρότης</span> <span class='ocrx_word' id='word_1_41' title='bbox 986 734 1085 787; x_wconf 89' lang='grc' dir='ltr'>τοῦ</span> <span class='ocrx_word' id='word_1_42' title='bbox 1140 735 1337 788; x_wconf 77' lang='grc' dir='ltr'>πιστοῦ</span> <span class='ocrx_word' id='word_1_43' title='bbox 1397 734 1620 808; x_wconf 61' lang='grc' dir='ltr'>μέρους,</span> <span class='ocrx_word' id='word_1_44' title='bbox 1670 734 1769 801; x_wconf 78' lang='grc' dir='ltr'>τήν</span> <span class='ocrx_word' id='word_1_45' title='bbox 1824 732 2063 806; x_wconf 87' lang='grc' dir='ltr'>ἀκαθαρ-</span> 
     </span>
    </p>
   </div>
   <div class='ocr_carea' id='block_1_8' title="bbox 403 820 2059 898">
    <p class='ocr_par' dir='ltr' id='par_1_8' title="bbox 403 820 2059 898">
     <span class='ocr_line' id='line_1_8' title="bbox 403 820 2059 898; baseline -0.002 -20"><span class='ocrx_word' id='word_1_46' title='bbox 403 823 527 879; x_wconf 89' lang='grc' dir='ltr'>σίαν</span> <span class='ocrx_word' id='word_1_47' title='bbox 575 827 675 878; x_wconf 83' lang='grc' dir='ltr'>τοῦ</span> <span class='ocrx_word' id='word_1_48' title='bbox 730 821 984 878; x_wconf 79' lang='grc' dir='ltr'>ἀπίστου.</span> <span class='ocrx_word' id='word_1_49' title='bbox 1026 824 1195 889; x_wconf 73' lang='grc' dir='ltr'>Πῶςς</span> <span class='ocrx_word' id='word_1_50' title='bbox 1246 820 1367 879; x_wconf 75' lang='grc' dir='ltr'>Ἐπὶ</span> <span class='ocrx_word' id='word_1_51' title='bbox 1417 823 1514 895; x_wconf 79' lang='grc' dir='ltr'>μὶν</span> <span class='ocrx_word' id='word_1_52' title='bbox 1567 824 1672 898; x_wconf 74' lang='grc' dir='ltr'>γὰρ</span> <span class='ocrx_word' id='word_1_53' title='bbox 1703 829 1805 891; x_wconf 82' lang='grc' dir='ltr'>τῆς</span> <span class='ocrx_word' id='word_1_54' title='bbox 1849 823 2059 895; x_wconf 82' lang='grc' dir='ltr'>πόρνης</span> 
     </span>
    </p>
   </div>
   <div class='ocr_carea' id='block_1_9' title="bbox 398 909 2061 992">
    <p class='ocr_par' dir='ltr' id='par_1_9' title="bbox 398 909 2061 992">
     <span class='ocr_line' id='line_1_9' title="bbox 398 909 2061 992; baseline -0.001 -26"><span class='ocrx_word' id='word_1_55' title='bbox 398 911 704 992; x_wconf 67' lang='grc' dir='ltr'>ἀμφότεροι</span> <span class='ocrx_word' id='word_1_56' title='bbox 776 911 1094 986; x_wconf 68' lang='grc' dir='ltr'>ἀκάθαρτοι,</span> <span class='ocrx_word' id='word_1_57' title='bbox 1155 913 1247 968; x_wconf 76' lang='grc' dir='ltr'>καὶ</span> <span class='ocrx_word' id='word_1_58' title='bbox 1299 913 1335 981; x_wconf 79' lang='grc' dir='ltr'><strong>ἡ</strong></span> <span class='ocrx_word' id='word_1_59' title='bbox 1387 913 1565 988; x_wconf 82' lang='grc' dir='ltr'>πόρνη</span> <span class='ocrx_word' id='word_1_60' title='bbox 1624 912 1715 966; x_wconf 84' lang='grc' dir='ltr'>καὶ</span> <span class='ocrx_word' id='word_1_61' title='bbox 1765 909 1931 979; x_wconf 64' lang='lat'>611:2</span> <span class='ocrx_word' id='word_1_62' title='bbox 1981 913 2061 982; x_wconf 78' lang='grc' dir='ltr'>τῷ</span> 
     </span>
    </p>
   </div>
   <div class='ocr_carea' id='block_1_10' title="bbox 395 998 2057 1075">
    <p class='ocr_par' dir='ltr' id='par_1_10' title="bbox 395 998 2057 1075">
     <span class='ocr_line' id='line_1_10' title="bbox 395 998 2057 1075; baseline -0.002 -18"><span class='ocrx_word' id='word_1_63' title='bbox 395 1005 692 1075; x_wconf 72' lang='grc' dir='ltr'>πορνεῦσαι</span> <span class='ocrx_word' id='word_1_64' title='bbox 723 1004 991 1074; x_wconf 84' lang='grc' dir='ltr'>προσιών.</span> <span class='ocrx_word' id='word_1_65' title='bbox 1025 1001 1154 1058; x_wconf 76' lang='grc' dir='ltr'>Ἐπί</span> <span class='ocrx_word' id='word_1_66' title='bbox 1211 999 1270 1058; x_wconf 72' lang='grc' dir='ltr'>δὶ</span> <span class='ocrx_word' id='word_1_67' title='bbox 1319 1007 1423 1071; x_wconf 81' lang='grc' dir='ltr'>τῆς</span> <span class='ocrx_word' id='word_1_68' title='bbox 1477 998 1729 1068; x_wconf 83' lang='grc' dir='ltr'>ἀπίστου,</span> <span class='ocrx_word' id='word_1_69' title='bbox 1773 1000 1909 1069; x_wconf 76' lang='grc' dir='ltr'>αὕτη</span> <span class='ocrx_word' id='word_1_70' title='bbox 1963 999 2057 1071; x_wconf 76' lang='grc' dir='ltr'>μὶν</span> 
     </span>
    </p>
   </div>
   <div class='ocr_carea' id='block_1_11' title="bbox 397 1082 2055 1166">
    <p class='ocr_par' dir='ltr' id='par_1_11' title="bbox 397 1082 2055 1166">
     <span class='ocr_line' id='line_1_11' title="bbox 397 1082 2055 1166; baseline 0 -21"><span class='ocrx_word' id='word_1_71' title='bbox 397 1089 534 1145; x_wconf 84' lang='grc' dir='ltr'>καθό</span> <span class='ocrx_word' id='word_1_72' title='bbox 568 1088 713 1146; x_wconf 66' lang='grc' dir='ltr'>ἔστιν</span> <span class='ocrx_word' id='word_1_73' title='bbox 743 1088 998 1160; x_wconf 76' lang='grc' dir='ltr'>ἄπιστος,</span> <span class='ocrx_word' id='word_1_74' title='bbox 1030 1089 1357 1165; x_wconf 78' lang='grc' dir='ltr'>ἀκάθσρτος,</span> <span class='ocrx_word' id='word_1_75' title='bbox 1388 1090 1418 1146; x_wconf 82' lang='lat'>6</span> <span class='ocrx_word' id='word_1_76' title='bbox 1449 1087 1507 1145; x_wconf 65' lang='grc' dir='ltr'><strong>δί</strong></span> <span class='ocrx_word' id='word_1_77' title='bbox 1535 1089 1781 1166; x_wconf 86' lang='grc' dir='ltr'>προσιὼν</span> <span class='ocrx_word' id='word_1_78' title='bbox 1809 1088 1911 1144; x_wconf 87' lang='grc' dir='ltr'>οὐκ</span> <span class='ocrx_word' id='word_1_79' title='bbox 1955 1082 2055 1145; x_wconf 65' lang='grc' dir='ltr'>ἔτι.</span> 
     </span>
    </p>
   </div>
   <div class='ocr_carea' id='block_1_12' title="bbox 398 1176 2057 1257">
    <p class='ocr_par' dir='ltr' id='par_1_12' title="bbox 398 1176 2057 1257">
     <span class='ocr_line' id='line_1_12' title="bbox 398 1176 2057 1257; baseline -0.003 -20"><span class='ocrx_word' id='word_1_80' title='bbox 398 1178 479 1237; x_wconf 88' lang='grc' dir='ltr'>Οὐ</span> <span class='ocrx_word' id='word_1_81' title='bbox 508 1178 616 1257; x_wconf 81' lang='grc' dir='ltr'>γὰρ</span> <span class='ocrx_word' id='word_1_82' title='bbox 639 1177 731 1233; x_wconf 79' lang='grc' dir='ltr'>’ίνα</span> <span class='ocrx_word' id='word_1_83' title='bbox 758 1184 867 1234; x_wconf 78' lang='grc' dir='ltr'>τῶν</span> <span class='ocrx_word' id='word_1_84' title='bbox 896 1179 1365 1256; x_wconf 65' lang='grc' dir='ltr'>ἀπηγορευμένων</span> <span class='ocrx_word' id='word_1_85' title='bbox 1413 1199 1469 1235; x_wconf 89' lang='grc' dir='ltr'>τι</span> <span class='ocrx_word' id='word_1_86' title='bbox 1522 1180 1699 1255; x_wconf 76' lang='grc' dir='ltr'>πράξῃ</span> <span class='ocrx_word' id='word_1_87' title='bbox 1752 1176 2057 1253; x_wconf 71' lang='grc' dir='ltr'>προσέρχεο</span> 
     </span>
    </p>
   </div>
   <div class='ocr_carea' id='block_1_13' title="bbox 393 1266 1850 1344">
    <p class='ocr_par' dir='ltr' id='par_1_13' title="bbox 393 1266 1850 1344">
     <span class='ocr_line' id='line_1_13' title="bbox 393 1266 1850 1344; baseline 0.001 -20"><span class='ocrx_word' id='word_1_88' title='bbox 393 1288 509 1340; x_wconf 85' lang='grc' dir='ltr'>ται,</span> <span class='ocrx_word' id='word_1_89' title='bbox 539 1266 690 1323; x_wconf 87' lang='grc' dir='ltr'>ἀλλά</span> <span class='ocrx_word' id='word_1_90' title='bbox 715 1267 817 1339; x_wconf 78' lang='grc' dir='ltr'>τήν</span> <span class='ocrx_word' id='word_1_91' title='bbox 843 1266 1312 1344; x_wconf 71' lang='grc' dir='ltr'>ὶπιτετραμμίνην</span> <span class='ocrx_word' id='word_1_92' title='bbox 1338 1273 1438 1326; x_wconf 84' lang='grc' dir='ltr'>τοῦ</span> <span class='ocrx_word' id='word_1_93' title='bbox 1468 1266 1654 1343; x_wconf 78' lang='grc' dir='ltr'>γάμου</span> <span class='ocrx_word' id='word_1_94' title='bbox 1682 1267 1850 1342; x_wconf 79' lang='grc' dir='ltr'>μίξιν.</span> 
     </span>
    </p>
   </div>
   <div class='ocr_carea' id='block_1_14' title="bbox 2174 642 3820 719">
    <p class='ocr_par' dir='ltr' id='par_1_14' title="bbox 2174 642 3820 719">
     <span class='ocr_line' id='line_1_14' title="bbox 2174 642 3820 719; baseline 0 -20"><span class='ocrx_word' id='word_1_95' title='bbox 2174 659 2361 699; x_wconf 87' lang='lat' dir='ltr'>unum</span> <span class='ocrx_word' id='word_1_96' title='bbox 2375 661 2591 716; x_wconf 90' lang='lat' dir='ltr'>corpus</span> <span class='ocrx_word' id='word_1_97' title='bbox 2610 644 2866 701; x_wconf 83' lang='lat' dir='ltr'>efﬁcitur</span> <span class='ocrx_word' id='word_1_98' title='bbox 2890 662 2903 700; x_wconf 90' lang='lat'><strong>:</strong></span> <span class='ocrx_word' id='word_1_99' title='bbox 2937 651 2996 700; x_wconf 88' lang='lat' dir='ltr'>et</span> <span class='ocrx_word' id='word_1_100' title='bbox 3014 647 3115 717; x_wconf 86' lang='lat' dir='ltr'>qui</span> <span class='ocrx_word' id='word_1_101' title='bbox 3140 646 3541 719; x_wconf 77' lang='lat' dir='ltr'>agglutinetur</span> <span class='ocrx_word' id='word_1_102' title='bbox 3565 642 3820 708; x_wconf 86' lang='lat' dir='ltr'>inﬁdeli,</span> 
     </span>
    </p>
   </div>
   <div class='ocr_carea' id='block_1_15' title="bbox 2173 733 3820 806">
    <p class='ocr_par' dir='ltr' id='par_1_15' title="bbox 2173 733 3820 806">
     <span class='ocr_line' id='line_1_15' title="bbox 2173 733 3820 806; baseline 0.002 -19"><span class='ocrx_word' id='word_1_103' title='bbox 2173 733 2381 789; x_wconf 82' lang='lat' dir='ltr'>itidem</span> <span class='ocrx_word' id='word_1_104' title='bbox 2412 750 2599 789; x_wconf 90' lang='lat' dir='ltr'>unum</span> <span class='ocrx_word' id='word_1_105' title='bbox 2631 751 2848 806; x_wconf 89' lang='lat' dir='ltr'>corpus</span> <span class='ocrx_word' id='word_1_106' title='bbox 2879 735 3486 805; x_wconf 80' lang='lat' dir='ltr'>efﬁcitur:quomodo</span> <span class='ocrx_word' id='word_1_107' title='bbox 3510 733 3660 791; x_wconf 91' lang='lat' dir='ltr'>illud</span> <span class='ocrx_word' id='word_1_108' title='bbox 3682 749 3820 805; x_wconf 87' lang='lat' dir='ltr'>pro-</span> 
     </span>
    </p>
   </div>
   <div class='ocr_carea' id='block_1_16' title="bbox 2174 821 3821 895">
    <p class='ocr_par' dir='ltr' id='par_1_16' title="bbox 2174 821 3821 895">
     <span class='ocr_line' id='line_1_16' title="bbox 2174 821 3821 895; baseline -0.001 -18"><span class='ocrx_word' id='word_1_109' title='bbox 2174 822 2359 890; x_wconf 81' lang='lat' dir='ltr'>hibet,</span> <span class='ocrx_word' id='word_1_110' title='bbox 2383 823 2545 879; x_wconf 80' lang='lat' dir='ltr'>istud</span> <span class='ocrx_word' id='word_1_111' title='bbox 2564 840 2700 879; x_wconf 90' lang='lat' dir='ltr'>vero</span> <span class='ocrx_word' id='word_1_112' title='bbox 2722 839 2842 880; x_wconf 91' lang='lat' dir='ltr'>non</span> <span class='ocrx_word' id='word_1_113' title='bbox 2857 823 2884 879; x_wconf 82' lang='lat'><strong>?</strong></span> <span class='ocrx_word' id='word_1_114' title='bbox 2904 826 2976 880; x_wconf 90' lang='lat' dir='ltr'>Et</span> <span class='ocrx_word' id='word_1_115' title='bbox 2994 824 3246 880; x_wconf 80' lang='lat' dir='ltr'>dicimus</span> <span class='ocrx_word' id='word_1_116' title='bbox 3266 823 3427 895; x_wconf 89' lang='lat' dir='ltr'>quod</span> <span class='ocrx_word' id='word_1_117' title='bbox 3463 838 3653 880; x_wconf 87' lang='lat' dir='ltr'>unum</span> <span class='ocrx_word' id='word_1_118' title='bbox 3684 821 3821 893; x_wconf 88' lang='lat' dir='ltr'>qui-</span> 
     </span>
    </p>
   </div>
   <div class='ocr_carea' id='block_1_17' title="bbox 2173 909 3818 984">
    <p class='ocr_par' dir='ltr' id='par_1_17' title="bbox 2173 909 3818 984">
     <span class='ocr_line' id='line_1_17' title="bbox 2173 909 3818 984; baseline -0.001 -17"><span class='ocrx_word' id='word_1_119' title='bbox 2173 909 2310 967; x_wconf 91' lang='lat' dir='ltr'>dem</span> <span class='ocrx_word' id='word_1_120' title='bbox 2341 928 2558 984; x_wconf 90' lang='lat' dir='ltr'>corpus</span> <span class='ocrx_word' id='word_1_121' title='bbox 2588 914 2768 969; x_wconf 89' lang='lat' dir='ltr'>etiam</span> <span class='ocrx_word' id='word_1_122' title='bbox 2800 914 2861 969; x_wconf 91' lang='lat' dir='ltr'>in</span> <span class='ocrx_word' id='word_1_123' title='bbox 2890 912 3119 969; x_wconf 88' lang='lat' dir='ltr'>inﬁdeli</span> <span class='ocrx_word' id='word_1_124' title='bbox 3152 913 3428 979; x_wconf 87' lang='lat' dir='ltr'>efﬁcitur,</span> <span class='ocrx_word' id='word_1_125' title='bbox 3456 911 3558 969; x_wconf 92' lang='lat' dir='ltr'>sed</span> <span class='ocrx_word' id='word_1_126' title='bbox 3588 912 3818 984; x_wconf 88' lang='lat' dir='ltr'>puritas</span> 
     </span>
    </p>
   </div>
   <div class='ocr_carea' id='block_1_18' title="bbox 2169 999 3819 1075">
    <p class='ocr_par' dir='ltr' id='par_1_18' title="bbox 2169 999 3819 1075">
     <span class='ocr_line' id='line_1_18' title="bbox 2169 999 3819 1075; baseline -0.001 -19"><span class='ocrx_word' id='word_1_127' title='bbox 2169 1001 2357 1073; x_wconf 87' lang='lat' dir='ltr'>partis</span> <span class='ocrx_word' id='word_1_128' title='bbox 2372 1001 2566 1058; x_wconf 89' lang='lat' dir='ltr'>ﬁdelis</span> <span class='ocrx_word' id='word_1_129' title='bbox 2578 1002 3173 1075; x_wconf 85' lang='lat' dir='ltr'>vincitimpuritatem</span> <span class='ocrx_word' id='word_1_130' title='bbox 3197 999 3819 1066; x_wconf 83' lang='lat' dir='ltr'>inﬁdelis.Quomodo‘?</span> 
     </span>
    </p>
   </div>
   <div class='ocr_carea' id='block_1_19' title="bbox 2168 1091 3817 1163">
    <p class='ocr_par' dir='ltr' id='par_1_19' title="bbox 2168 1091 3817 1163">
     <span class='ocr_line' id='line_1_19' title="bbox 2168 1091 3817 1163; baseline -0.001 -18"><span class='ocrx_word' id='word_1_131' title='bbox 2168 1092 2400 1147; x_wconf 88' lang='lat' dir='ltr'>Etenim</span> <span class='ocrx_word' id='word_1_132' title='bbox 2430 1092 2494 1146; x_wconf 90' lang='lat' dir='ltr'>in</span> <span class='ocrx_word' id='word_1_133' title='bbox 2525 1097 2730 1163; x_wconf 82' lang='lat' dir='ltr'>stupro</span> <span class='ocrx_word' id='word_1_134' title='bbox 2761 1098 3010 1163; x_wconf 89' lang='lat' dir='ltr'>uterque</span> <span class='ocrx_word' id='word_1_135' title='bbox 3042 1091 3379 1147; x_wconf 82' lang='lat' dir='ltr'>immundus</span> <span class='ocrx_word' id='word_1_136' title='bbox 3408 1096 3517 1154; x_wconf 91' lang='lat' dir='ltr'>est,</span> <span class='ocrx_word' id='word_1_137' title='bbox 3541 1096 3599 1145; x_wconf 88' lang='lat' dir='ltr'>et</span> <span class='ocrx_word' id='word_1_138' title='bbox 3654 1106 3817 1146; x_wconf 84' lang='lat' dir='ltr'>scor-</span> 
     </span>
    </p>
   </div>
   <div class='ocr_carea' id='block_1_20' title="bbox 2168 1178 3814 1251">
    <p class='ocr_par' dir='ltr' id='par_1_20' title="bbox 2168 1178 3814 1251">
     <span class='ocr_line' id='line_1_20' title="bbox 2168 1178 3814 1251; baseline -0.001 -16"><span class='ocrx_word' id='word_1_139' title='bbox 2168 1186 2295 1235; x_wconf 88' lang='lat' dir='ltr'>tum</span> <span class='ocrx_word' id='word_1_140' title='bbox 2327 1185 2389 1236; x_wconf 88' lang='lat' dir='ltr'>et</span> <span class='ocrx_word' id='word_1_141' title='bbox 2411 1181 2513 1251; x_wconf 88' lang='lat' dir='ltr'>qui</span> <span class='ocrx_word' id='word_1_142' title='bbox 2543 1180 2774 1237; x_wconf 87' lang='lat' dir='ltr'>accedit</span> <span class='ocrx_word' id='word_1_143' title='bbox 2810 1187 2877 1238; x_wconf 91' lang='lat' dir='ltr'>ut</span> <span class='ocrx_word' id='word_1_144' title='bbox 2904 1186 3216 1237; x_wconf 85' lang='lat' dir='ltr'>scortetur.</span> <span class='ocrx_word' id='word_1_145' title='bbox 3277 1180 3343 1237; x_wconf 92' lang='lat' dir='ltr'>In</span> <span class='ocrx_word' id='word_1_146' title='bbox 3401 1178 3632 1236; x_wconf 88' lang='lat' dir='ltr'>inﬁdeli</span> <span class='ocrx_word' id='word_1_147' title='bbox 3684 1195 3814 1233; x_wconf 83' lang='lat' dir='ltr'>vero</span> 
     </span>
    </p>
   </div>
   <div class='ocr_carea' id='block_1_21' title="bbox 2166 1268 3818 1341">
    <p class='ocr_par' dir='ltr' id='par_1_21' title="bbox 2166 1268 3818 1341">
     <span class='ocr_line' id='line_1_21' title="bbox 2166 1268 3818 1341; baseline -0.002 -16"><span class='ocrx_word' id='word_1_148' title='bbox 2166 1285 2371 1338; x_wconf 80' lang='lat' dir='ltr'>uxore,</span> <span class='ocrx_word' id='word_1_149' title='bbox 2405 1270 2535 1341; x_wconf 87' lang='lat' dir='ltr'>ipsa</span> <span class='ocrx_word' id='word_1_150' title='bbox 2563 1270 2806 1341; x_wconf 87' lang='lat' dir='ltr'>quidem</span> <span class='ocrx_word' id='word_1_151' title='bbox 2839 1286 2909 1326; x_wconf 89' lang='lat' dir='ltr'>ea</span> <span class='ocrx_word' id='word_1_152' title='bbox 2937 1271 3167 1327; x_wconf 82' lang='lat' dir='ltr'>ratione</span> <span class='ocrx_word' id='word_1_153' title='bbox 3199 1286 3318 1341; x_wconf 90' lang='lat' dir='ltr'>qua</span> <span class='ocrx_word' id='word_1_154' title='bbox 3374 1268 3654 1336; x_wconf 89' lang='lat' dir='ltr'>inﬁdelis,</span> <span class='ocrx_word' id='word_1_155' title='bbox 3706 1268 3818 1323; x_wconf 85' lang='lat' dir='ltr'>im-</span> 
     </span>
    </p>
   </div>
   <div class='ocr_carea' id='block_1_22' title="bbox 396 1360 3815 1434">
    <p class='ocr_par' dir='ltr' id='par_1_22' title="bbox 396 1360 3815 1434">
     <span class='ocr_line' id='line_1_22' title="bbox 396 1360 3815 1434; baseline -0.001 -16"><span class='ocrx_word' id='word_1_156' title='bbox 396 1361 624 1420; x_wconf 83' lang='lat' dir='ltr'>munda</span> <span class='ocrx_word' id='word_1_157' title='bbox 653 1365 782 1416; x_wconf 88' lang='lat' dir='ltr'>est:</span> <span class='ocrx_word' id='word_1_158' title='bbox 816 1362 919 1432; x_wconf 88' lang='lat' dir='ltr'>qui</span> <span class='ocrx_word' id='word_1_159' title='bbox 949 1366 1149 1417; x_wconf 88' lang='lat' dir='ltr'>autem</span> <span class='ocrx_word' id='word_1_160' title='bbox 1180 1361 1411 1417; x_wconf 80' lang='lat' dir='ltr'>accedit</span> <span class='ocrx_word' id='word_1_161' title='bbox 1430 1362 1560 1434; x_wconf 86' lang='lat' dir='ltr'>jam</span> <span class='ocrx_word' id='word_1_162' title='bbox 1590 1378 1710 1418; x_wconf 90' lang='lat' dir='ltr'>non</span> <span class='ocrx_word' id='word_1_163' title='bbox 1740 1361 1878 1419; x_wconf 83' lang='lat' dir='ltr'>talis</span> <span class='ocrx_word' id='word_1_164' title='bbox 1907 1364 2017 1417; x_wconf 89' lang='lat' dir='ltr'>est.</span> <span class='ocrx_word' id='word_1_165' title='bbox 2050 1362 2249 1431; x_wconf 87' lang='lat' dir='ltr'>Neque</span> <span class='ocrx_word' id='word_1_166' title='bbox 2279 1361 2439 1416; x_wconf 89' lang='lat' dir='ltr'>enim</span> <span class='ocrx_word' id='word_1_167' title='bbox 2469 1361 2698 1417; x_wconf 83' lang='lat' dir='ltr'>accedit</span> <span class='ocrx_word' id='word_1_168' title='bbox 2725 1367 2791 1417; x_wconf 91' lang='lat' dir='ltr'>ut</span> <span class='ocrx_word' id='word_1_169' title='bbox 2820 1361 3185 1432; x_wconf 90' lang='lat' dir='ltr'>prohibitum</span> <span class='ocrx_word' id='word_1_170' title='bbox 3217 1360 3447 1433; x_wconf 88' lang='lat' dir='ltr'>aliquid</span> <span class='ocrx_word' id='word_1_171' title='bbox 3507 1365 3815 1432; x_wconf 82' lang='lat' dir='ltr'>operetur,</span> 
     </span>
    </p>
   </div>
   <div class='ocr_carea' id='block_1_23' title="bbox 395 1450 1899 1523">
    <p class='ocr_par' dir='ltr' id='par_1_23' title="bbox 395 1450 1899 1523">
     <span class='ocr_line' id='line_1_23' title="bbox 395 1450 1899 1523; baseline 0 -17"><span class='ocrx_word' id='word_1_172' title='bbox 395 1450 503 1506; x_wconf 86' lang='lat' dir='ltr'>sed</span> <span class='ocrx_word' id='word_1_173' title='bbox 528 1456 599 1505; x_wconf 86' lang='lat' dir='ltr'>ut</span> <span class='ocrx_word' id='word_1_174' title='bbox 624 1450 922 1522; x_wconf 82' lang='lat' dir='ltr'>permissa</span> <span class='ocrx_word' id='word_1_175' title='bbox 946 1450 1203 1523; x_wconf 80' lang='lat' dir='ltr'>conjugii</span> <span class='ocrx_word' id='word_1_176' title='bbox 1233 1450 1650 1507; x_wconf 86' lang='lat' dir='ltr'>commistione</span> <span class='ocrx_word' id='word_1_177' title='bbox 1679 1454 1899 1507; x_wconf 88' lang='lat' dir='ltr'>utatur.</span> 
     </span>
    </p>
   </div>
   <div class='ocr_carea' id='block_1_24' title="bbox 471 1552 2058 1628">
    <p class='ocr_par' dir='ltr' id='par_1_24' title="bbox 471 1552 2058 1628">
     <span class='ocr_line' id='line_1_24' title="bbox 471 1552 2058 1628; baseline -0.003 -15"><span class='ocrx_word' id='word_1_178' title='bbox 471 1555 572 1613; x_wconf 80' lang='grc' dir='ltr'>Καὶ</span> <span class='ocrx_word' id='word_1_179' title='bbox 623 1552 816 1625; x_wconf 70' lang='grc' dir='ltr'>πάλιν,</span> <span class='ocrx_word' id='word_1_180' title='bbox 875 1556 994 1610; x_wconf 84' lang='grc' dir='ltr'>κατ’</span> <span class='ocrx_word' id='word_1_181' title='bbox 1047 1552 1190 1610; x_wconf 76' lang='grc' dir='ltr'>ἂλλο</span> <span class='ocrx_word' id='word_1_182' title='bbox 1246 1555 1340 1628; x_wconf 78' lang='grc' dir='ltr'>μὶν</span> <span class='ocrx_word' id='word_1_183' title='bbox 1372 1556 1408 1625; x_wconf 82' lang='grc' dir='ltr'>ἠ</span> <span class='ocrx_word' id='word_1_184' title='bbox 1442 1552 1668 1618; x_wconf 77' lang='grc' dir='ltr'>ἄπιστός</span> <span class='ocrx_word' id='word_1_185' title='bbox 1727 1555 1869 1610; x_wconf 81' lang='grc' dir='ltr'>ἐστιν</span> <span class='ocrx_word' id='word_1_186' title='bbox 1932 1555 2058 1609; x_wconf 79' lang='grc' dir='ltr'>ἀκά-</span> 
     </span>
    </p>
   </div>
   <div class='ocr_carea' id='block_1_25' title="bbox 399 1639 2057 1719">
    <p class='ocr_par' dir='ltr' id='par_1_25' title="bbox 399 1639 2057 1719">
     <span class='ocr_line' id='line_1_25' title="bbox 399 1639 2057 1719; baseline -0.001 -20"><span class='ocrx_word' id='word_1_187' title='bbox 399 1656 592 1719; x_wconf 87' lang='grc' dir='ltr'>θαρτος</span> <span class='ocrx_word' id='word_1_188' title='bbox 644 1642 784 1700; x_wconf 84' lang='grc' dir='ltr'>κατά</span> <span class='ocrx_word' id='word_1_189' title='bbox 836 1644 936 1714; x_wconf 73' lang='grc' dir='ltr'>τὴν</span> <span class='ocrx_word' id='word_1_190' title='bbox 992 1639 1263 1714; x_wconf 70' lang='grc' dir='ltr'>ἀσέϐειαν,</span> <span class='ocrx_word' id='word_1_191' title='bbox 1314 1645 1432 1699; x_wconf 86' lang='grc' dir='ltr'>κατ’</span> <span class='ocrx_word' id='word_1_192' title='bbox 1491 1642 1632 1699; x_wconf 77' lang='grc' dir='ltr'>ἄλλο</span> <span class='ocrx_word' id='word_1_193' title='bbox 1685 1641 1749 1704; x_wconf 77' lang='grc' dir='ltr'>,δὲ</span> <span class='ocrx_word' id='word_1_194' title='bbox 1802 1648 2057 1699; x_wconf 84' lang='grc' dir='ltr'>κοινωνεῖ</span> 
     </span>
    </p>
   </div>
   <div class='ocr_carea' id='block_1_26' title="bbox 399 1732 2050 1809">
    <p class='ocr_par' dir='ltr' id='par_1_26' title="bbox 399 1732 2050 1809">
     <span class='ocr_line' id='line_1_26' title="bbox 399 1732 2050 1809; baseline 0.002 -20"><span class='ocrx_word' id='word_1_195' title='bbox 399 1739 481 1806; x_wconf 69' lang='grc' dir='ltr'>τῷ</span> <span class='ocrx_word' id='word_1_196' title='bbox 533 1739 710 1807; x_wconf 82' lang='grc' dir='ltr'>πιστῷ</span> <span class='ocrx_word' id='word_1_197' title='bbox 767 1732 940 1809; x_wconf 78' lang='grc' dir='ltr'>μέρει,</span> <span class='ocrx_word' id='word_1_198' title='bbox 1006 1733 1147 1790; x_wconf 81' lang='grc' dir='ltr'>κατά</span> <span class='ocrx_word' id='word_1_199' title='bbox 1200 1736 1301 1804; x_wconf 81' lang='grc' dir='ltr'>τὴν</span> <span class='ocrx_word' id='word_1_200' title='bbox 1359 1738 1467 1790; x_wconf 83' lang='grc' dir='ltr'>τῶν</span> <span class='ocrx_word' id='word_1_201' title='bbox 1542 1733 1811 1808; x_wconf 75' lang='grc' dir='ltr'>σωμάτων</span> <span class='ocrx_word' id='word_1_202' title='bbox 1885 1733 2050 1807; x_wconf 78' lang='grc' dir='ltr'>μίξιν.</span> 
     </span>
    </p>
   </div>
   <div class='ocr_carea' id='block_1_27' title="bbox 403 1820 2051 1901">
    <p class='ocr_par' dir='ltr' id='par_1_27' title="bbox 403 1820 2051 1901">
     <span class='ocr_line' id='line_1_27' title="bbox 403 1820 2051 1901; baseline -0.001 -21"><span class='ocrx_word' id='word_1_203' title='bbox 403 1820 615 1881; x_wconf 73' lang='grc' dir='ltr'>Ἐπῖδὶ</span> <span class='ocrx_word' id='word_1_204' title='bbox 639 1829 741 1893; x_wconf 83' lang='grc' dir='ltr'>τῆς</span> <span class='ocrx_word' id='word_1_205' title='bbox 798 1823 1009 1898; x_wconf 85' lang='grc' dir='ltr'>πόρνης</span> <span class='ocrx_word' id='word_1_206' title='bbox 1061 1824 1179 1880; x_wconf 82' lang='grc' dir='ltr'>κατ’</span> <span class='ocrx_word' id='word_1_207' title='bbox 1238 1823 1368 1881; x_wconf 86' lang='grc' dir='ltr'>αὐτὸ</span> <span class='ocrx_word' id='word_1_208' title='bbox 1425 1825 1556 1880; x_wconf 88' lang='grc' dir='ltr'>καθό</span> <span class='ocrx_word' id='word_1_209' title='bbox 1617 1823 1758 1880; x_wconf 81' lang='grc' dir='ltr'>ἐστιν</span> <span class='ocrx_word' id='word_1_210' title='bbox 1814 1824 2051 1901; x_wconf 70' lang='grc' dir='ltr'>ἀκάθαρ-</span> 
     </span>
    </p>
   </div>
   <div class='ocr_carea' id='block_1_28' title="bbox 397 1916 2047 1994">
    <p class='ocr_par' dir='ltr' id='par_1_28' title="bbox 397 1916 2047 1994">
     <span class='ocr_line' id='line_1_28' title="bbox 397 1916 2047 1994; baseline 0.002 -23"><span class='ocrx_word' id='word_1_211' title='bbox 397 1937 494 1978; x_wconf 91' lang='grc' dir='ltr'>τος</span> <span class='ocrx_word' id='word_1_212' title='bbox 567 1919 600 1986; x_wconf 81' lang='grc' dir='ltr'>ἠ</span> <span class='ocrx_word' id='word_1_213' title='bbox 677 1916 934 1971; x_wconf 83' lang='grc' dir='ltr'>κοινωνία</span> <span class='ocrx_word' id='word_1_214' title='bbox 1008 1916 1236 1994; x_wconf 89' lang='grc' dir='ltr'>γίνεται,</span> <span class='ocrx_word' id='word_1_215' title='bbox 1314 1918 1434 1973; x_wconf 77' lang='grc' dir='ltr'>οἶον</span> <span class='ocrx_word' id='word_1_216' title='bbox 1510 1917 1647 1973; x_wconf 83' lang='grc' dir='ltr'>κατᾶ</span> <span class='ocrx_word' id='word_1_217' title='bbox 1720 1917 1781 1972; x_wconf 86' lang='grc' dir='ltr'>τὸ</span> <span class='ocrx_word' id='word_1_218' title='bbox 1868 1921 2047 1989; x_wconf 77' lang='grc' dir='ltr'>σῶμα.</span> 
     </span>
    </p>
   </div>
   <div class='ocr_carea' id='block_1_29' title="bbox 400 2002 2048 2086">
    <p class='ocr_par' dir='ltr' id='par_1_29' title="bbox 400 2002 2048 2086">
     <span class='ocr_line' id='line_1_29' title="bbox 400 2002 2048 2086; baseline 0.003 -29"><span class='ocrx_word' id='word_1_219' title='bbox 400 2029 431 2057; x_wconf 75' lang='grc' dir='ltr'>α</span> <span class='ocrx_word' id='word_1_220' title='bbox 462 2005 747 2081; x_wconf 83' lang='grc' dir='ltr'>Ἦγίασται</span> <span class='ocrx_word' id='word_1_221' title='bbox 776 2007 880 2083; x_wconf 77' lang='grc' dir='ltr'>γὰρ</span> <span class='ocrx_word' id='word_1_222' title='bbox 912 2005 940 2060; x_wconf 92' lang='lat'>6</span> <span class='ocrx_word' id='word_1_223' title='bbox 971 2004 1111 2082; x_wconf 77' lang='grc' dir='ltr'>ἀνὴρ</span> <span class='ocrx_word' id='word_1_224' title='bbox 1140 2006 1170 2061; x_wconf 90' lang='lat'>6</span> <span class='ocrx_word' id='word_1_225' title='bbox 1201 2004 1445 2071; x_wconf 78' lang='grc' dir='ltr'>ἄπιστος.</span> <span class='ocrx_word' id='word_1_226' title='bbox 1484 2030 1512 2058; x_wconf 74' lang='grc' dir='ltr'>»ι</span> <span class='ocrx_word' id='word_1_227' title='bbox 1541 2008 1652 2062; x_wconf 88' lang='grc' dir='ltr'>Ἴνα</span> <span class='ocrx_word' id='word_1_228' title='bbox 1689 2008 1765 2080; x_wconf 81' lang='grc' dir='ltr'>μὴ</span> <span class='ocrx_word' id='word_1_229' title='bbox 1797 2002 2048 2086; x_wconf 68' lang='grc' dir='ltr'>ξφοϐῆτατ</span> 
     </span>
    </p>
   </div>
   <div class='ocr_carea' id='block_1_30' title="bbox 400 2091 2051 2173">
    <p class='ocr_par' dir='ltr' id='par_1_30' title="bbox 400 2091 2051 2173">
     <span class='ocr_line' id='line_1_30' title="bbox 400 2091 2051 2173; baseline 0 -22"><span class='ocrx_word' id='word_1_230' title='bbox 400 2095 464 2151; x_wconf 87' lang='grc' dir='ltr'>τὸ</span> <span class='ocrx_word' id='word_1_231' title='bbox 494 2095 683 2150; x_wconf 84' lang='grc' dir='ltr'>πιστὸν</span> <span class='ocrx_word' id='word_1_232' title='bbox 721 2091 888 2169; x_wconf 70' lang='grc' dir='ltr'>μέρος</span> <span class='ocrx_word' id='word_1_233' title='bbox 919 2100 1199 2151; x_wconf 90' lang='grc' dir='ltr'>συνοικοῦν</span> <span class='ocrx_word' id='word_1_234' title='bbox 1246 2100 1324 2169; x_wconf 82' lang='grc' dir='ltr'>τῷ</span> <span class='ocrx_word' id='word_1_235' title='bbox 1371 2094 1586 2170; x_wconf 83' lang='grc' dir='ltr'>ἀπίστῳ</span> <span class='ocrx_word' id='word_1_236' title='bbox 1635 2096 1710 2157; x_wconf 80' lang='grc' dir='ltr'>ὡς</span> <span class='ocrx_word' id='word_1_237' title='bbox 1758 2095 2051 2173; x_wconf 84' lang='grc' dir='ltr'>γενόμενον</span> 
     </span>
    </p>
   </div>
   <div class='ocr_carea' id='block_1_31' title="bbox 398 2180 2056 2260">
    <p class='ocr_par' dir='ltr' id='par_1_31' title="bbox 398 2180 2056 2260">
     <span class='ocr_line' id='line_1_31' title="bbox 398 2180 2056 2260; baseline 0.001 -21"><span class='ocrx_word' id='word_1_238' title='bbox 398 2186 467 2257; x_wconf 76' lang='grc' dir='ltr'>τῇ</span> <span class='ocrx_word' id='word_1_239' title='bbox 529 2185 837 2256; x_wconf 77' lang='grc' dir='ltr'>συνοικήσει</span> <span class='ocrx_word' id='word_1_240' title='bbox 896 2183 1218 2260; x_wconf 78' lang='grc' dir='ltr'>ἀκάθαρτον,</span> <span class='ocrx_word' id='word_1_241' title='bbox 1278 2186 1379 2258; x_wconf 78' lang='grc' dir='ltr'>’ὀρα</span> <span class='ocrx_word' id='word_1_242' title='bbox 1435 2189 1552 2247; x_wconf 80' lang='grc' dir='ltr'>πῶς</span> <span class='ocrx_word' id='word_1_243' title='bbox 1633 2180 1894 2241; x_wconf 66' lang='grc' dir='ltr'>ἐκϐάλλει</span> <span class='ocrx_word' id='word_1_244' title='bbox 1965 2186 2056 2241; x_wconf 85' lang='grc' dir='ltr'>τὸν</span> 
     </span>
    </p>
   </div>
   <div class='ocr_carea' id='block_1_32' title="bbox 401 2267 2057 2352">
    <p class='ocr_par' dir='ltr' id='par_1_32' title="bbox 401 2267 2057 2352">
     <span class='ocr_line' id='line_1_32' title="bbox 401 2267 2057 2352; baseline 0.001 -24"><span class='ocrx_word' id='word_1_245' title='bbox 401 2267 926 2352; x_wconf 77' lang='grc' dir='ltr'>φόϐον.Ἥγίασται,</span> <span class='ocrx_word' id='word_1_246' title='bbox 984 2276 1142 2351; x_wconf 82' lang='grc' dir='ltr'>φησὶ,</span> <span class='ocrx_word' id='word_1_247' title='bbox 1198 2276 1266 2349; x_wconf 78' lang='grc' dir='ltr'>τῇ</span> <span class='ocrx_word' id='word_1_248' title='bbox 1327 2274 1612 2350; x_wconf 79' lang='grc' dir='ltr'>περιουσίᾳ</span> <span class='ocrx_word' id='word_1_249' title='bbox 1668 2277 1767 2343; x_wconf 71' lang='grc' dir='ltr'>τῆς</span> <span class='ocrx_word' id='word_1_250' title='bbox 1819 2275 2057 2349; x_wconf 85' lang='grc' dir='ltr'>καθαρό-</span> 
     </span>
    </p>
   </div>
   <div class='ocr_carea' id='block_1_33' title="bbox 402 2359 2054 2439">
    <p class='ocr_par' dir='ltr' id='par_1_33' title="bbox 402 2359 2054 2439">
     <span class='ocr_line' id='line_1_33' title="bbox 402 2359 2054 2439; baseline 0.001 -23"><span class='ocrx_word' id='word_1_251' title='bbox 402 2382 593 2434; x_wconf 86' lang='grc' dir='ltr'>τητος,</span> <span class='ocrx_word' id='word_1_252' title='bbox 625 2359 807 2439; x_wconf 74' lang='grc' dir='ltr'>λέγων</span> <span class='ocrx_word' id='word_1_253' title='bbox 845 2364 1093 2418; x_wconf 79' lang='grc' dir='ltr'>νικᾶσθαι</span> <span class='ocrx_word' id='word_1_254' title='bbox 1143 2364 1242 2433; x_wconf 75' lang='grc' dir='ltr'>τήν</span> <span class='ocrx_word' id='word_1_255' title='bbox 1299 2363 1652 2438; x_wconf 75' lang='grc' dir='ltr'>ἀκαθαρσίαν,</span> <span class='ocrx_word' id='word_1_256' title='bbox 1711 2361 1810 2418; x_wconf 89' lang='grc' dir='ltr'>οὐκ</span> <span class='ocrx_word' id='word_1_257' title='bbox 1866 2359 2054 2432; x_wconf 75' lang='grc' dir='ltr'>ἐπειδὴ</span> 
     </span>
    </p>
   </div>
   <div class='ocr_carea' id='block_1_34' title="bbox 404 2448 2056 2529">
    <p class='ocr_par' dir='ltr' id='par_1_34' title="bbox 404 2448 2056 2529">
     <span class='ocr_line' id='line_1_34' title="bbox 404 2448 2056 2529; baseline 0.001 -25"><span class='ocrx_word' id='word_1_258' title='bbox 404 2452 559 2529; x_wconf 74' lang='grc' dir='ltr'>ἅγιος</span> <span class='ocrx_word' id='word_1_259' title='bbox 595 2451 624 2504; x_wconf 92' lang='lat'>6</span> <span class='ocrx_word' id='word_1_260' title='bbox 653 2448 882 2514; x_wconf 77' lang='grc' dir='ltr'>ἄπιστος</span> <span class='ocrx_word' id='word_1_261' title='bbox 910 2453 1139 2527; x_wconf 88' lang='grc' dir='ltr'>γίνεται·</span> <span class='ocrx_word' id='word_1_262' title='bbox 1172 2450 1235 2507; x_wconf 83' lang='grc' dir='ltr'>οὐ</span> <span class='ocrx_word' id='word_1_263' title='bbox 1290 2452 1394 2528; x_wconf 81' lang='grc' dir='ltr'>γὰρ</span> <span class='ocrx_word' id='word_1_264' title='bbox 1451 2449 1625 2517; x_wconf 67' lang='grc' dir='ltr'>οὕτως</span> <span class='ocrx_word' id='word_1_265' title='bbox 1678 2451 1849 2521; x_wconf 77' lang='grc' dir='ltr'>εἶπεν,</span> <span class='ocrx_word' id='word_1_266' title='bbox 1907 2448 2056 2520; x_wconf 86' lang='grc' dir='ltr'>ἀλλ’,</span> 
     </span>
    </p>
   </div>
   <div class='ocr_carea' id='block_1_35' title="bbox 407 2540 2056 2618">
    <p class='ocr_par' dir='ltr' id='par_1_35' title="bbox 407 2540 2056 2618">
     <span class='ocr_line' id='line_1_35' title="bbox 407 2540 2056 2618; baseline 0.002 -27"><span class='ocrx_word' id='word_1_267' title='bbox 407 2568 427 2591; x_wconf 78' lang='grc' dir='ltr'>ι</span> <span class='ocrx_word' id='word_1_268' title='bbox 490 2540 799 2615; x_wconf 82' lang='grc' dir='ltr'>Ἡγίασται,</span> <span class='ocrx_word' id='word_1_269' title='bbox 866 2560 891 2586; x_wconf 73' lang='grc' dir='ltr'>ιο</span> <span class='ocrx_word' id='word_1_270' title='bbox 950 2540 1443 2618; x_wconf 80' lang='grc' dir='ltr'>παραμυθούμενος</span> <span class='ocrx_word' id='word_1_271' title='bbox 1498 2541 1562 2595; x_wconf 81' lang='grc' dir='ltr'>τὸ</span> <span class='ocrx_word' id='word_1_272' title='bbox 1619 2540 1810 2596; x_wconf 85' lang='grc' dir='ltr'>πιστὸν</span> <span class='ocrx_word' id='word_1_273' title='bbox 1870 2542 2056 2616; x_wconf 73' lang='grc' dir='ltr'>μέρος,</span> 
     </span>
    </p>
   </div>
   <div class='ocr_carea' id='block_1_36' title="bbox 399 2627 2056 2706">
    <p class='ocr_par' dir='ltr' id='par_1_36' title="bbox 399 2627 2056 2706">
     <span class='ocr_line' id='line_1_36' title="bbox 399 2627 2056 2706; baseline 0.001 -22"><span class='ocrx_word' id='word_1_274' title='bbox 399 2628 492 2684; x_wconf 84' lang='grc' dir='ltr'>καὶ</span> <span class='ocrx_word' id='word_1_275' title='bbox 559 2630 621 2685; x_wconf 84' lang='grc' dir='ltr'>τὸ</span> <span class='ocrx_word' id='word_1_276' title='bbox 680 2628 904 2685; x_wconf 82' lang='grc' dir='ltr'>ἄπιστον</span> <span class='ocrx_word' id='word_1_277' title='bbox 973 2631 1048 2692; x_wconf 79' lang='grc' dir='ltr'>εἰς</span> <span class='ocrx_word' id='word_1_278' title='bbox 1142 2628 1435 2703; x_wconf 81' lang='grc' dir='ltr'>ἐπιθυμίαν</span> <span class='ocrx_word' id='word_1_279' title='bbox 1513 2628 1747 2692; x_wconf 88' lang='grc' dir='ltr'>πίστεως</span> <span class='ocrx_word' id='word_1_280' title='bbox 1830 2627 2056 2706; x_wconf 73' lang='grc' dir='ltr'>ἐνάγων.</span> 
     </span>
    </p>
   </div>
   <div class='ocr_carea' id='block_1_37' title="bbox 402 2715 2061 2797">
    <p class='ocr_par' dir='ltr' id='par_1_37' title="bbox 402 2715 2061 2797">
     <span class='ocr_line' id='line_1_37' title="bbox 402 2715 2061 2797; baseline -0.001 -24"><span class='ocrx_word' id='word_1_281' title='bbox 402 2751 473 2762; x_wconf 90' lang='lat'><strong><em>—</em></strong></span> <span class='ocrx_word' id='word_1_282' title='bbox 504 2720 721 2792; x_wconf 79' lang='grc' dir='ltr'>[ΦΩΤ.]</span> <span class='ocrx_word' id='word_1_283' title='bbox 753 2717 857 2776; x_wconf 83' lang='grc' dir='ltr'>Καὶ</span> <span class='ocrx_word' id='word_1_284' title='bbox 890 2718 1025 2774; x_wconf 88' lang='grc' dir='ltr'>αὐτὸ</span> <span class='ocrx_word' id='word_1_285' title='bbox 1059 2715 1114 2773; x_wconf 78' lang='grc' dir='ltr'>δὲ</span> <span class='ocrx_word' id='word_1_286' title='bbox 1145 2722 1310 2774; x_wconf 87' lang='grc' dir='ltr'>τοῦτο</span> <span class='ocrx_word' id='word_1_287' title='bbox 1351 2719 1414 2773; x_wconf 88' lang='grc' dir='ltr'>τὸ</span> <span class='ocrx_word' id='word_1_288' title='bbox 1459 2716 1742 2797; x_wconf 70' lang='grc' dir='ltr'>ἀνέχεσθαι</span> <span class='ocrx_word' id='word_1_289' title='bbox 1787 2719 1878 2773; x_wconf 89' lang='grc' dir='ltr'>τὸν</span> <span class='ocrx_word' id='word_1_290' title='bbox 1929 2716 2061 2773; x_wconf 75' lang='grc' dir='ltr'>ἄπι-</span> 
     </span>
    </p>
   </div>
   <div class='ocr_carea' id='block_1_38' title="bbox 401 2804 2061 2883">
    <p class='ocr_par' dir='ltr' id='par_1_38' title="bbox 401 2804 2061 2883">
     <span class='ocr_line' id='line_1_38' title="bbox 401 2804 2061 2883; baseline 0 -20"><span class='ocrx_word' id='word_1_291' title='bbox 401 2828 550 2881; x_wconf 89' lang='grc' dir='ltr'>στον,</span> <span class='ocrx_word' id='word_1_292' title='bbox 581 2808 675 2863; x_wconf 79' lang='grc' dir='ltr'>καὶ</span> <span class='ocrx_word' id='word_1_293' title='bbox 711 2810 785 2883; x_wconf 79' lang='grc' dir='ltr'>μή</span> <span class='ocrx_word' id='word_1_294' title='bbox 819 2804 1108 2880; x_wconf 80' lang='grc' dir='ltr'>ἀποπηδᾷν</span> <span class='ocrx_word' id='word_1_295' title='bbox 1137 2811 1235 2864; x_wconf 89' lang='grc' dir='ltr'>τοῦ</span> <span class='ocrx_word' id='word_1_296' title='bbox 1275 2813 1538 2863; x_wconf 82' lang='grc' dir='ltr'>συνοικεῖν</span> <span class='ocrx_word' id='word_1_297' title='bbox 1585 2812 1665 2881; x_wconf 78' lang='grc' dir='ltr'>τῷ</span> <span class='ocrx_word' id='word_1_298' title='bbox 1715 2811 1918 2880; x_wconf 81' lang='grc' dir='ltr'>πιστῷ,</span> <span class='ocrx_word' id='word_1_299' title='bbox 1969 2806 2061 2882; x_wconf 82' lang='grc' dir='ltr'>ἐγ-</span> 
     </span>
    </p>
   </div>
   <div class='ocr_carea' id='block_1_39' title="bbox 403 2892 2062 2975">
    <p class='ocr_par' dir='ltr' id='par_1_39' title="bbox 403 2892 2062 2975">
     <span class='ocr_line' id='line_1_39' title="bbox 403 2892 2062 2975; baseline 0 -24"><span class='ocrx_word' id='word_1_300' title='bbox 403 2897 501 2973; x_wconf 80' lang='grc' dir='ltr'>γύς</span> <span class='ocrx_word' id='word_1_301' title='bbox 561 2895 674 2952; x_wconf 73' lang='grc' dir='ltr'>ἔστι</span> <span class='ocrx_word' id='word_1_302' title='bbox 729 2900 828 2952; x_wconf 86' lang='grc' dir='ltr'>τοῦ</span> <span class='ocrx_word' id='word_1_303' title='bbox 884 2896 1021 2973; x_wconf 85' lang='grc' dir='ltr'>πρὸς</span> <span class='ocrx_word' id='word_1_304' title='bbox 1078 2898 1181 2968; x_wconf 80' lang='grc' dir='ltr'>τήν</span> <span class='ocrx_word' id='word_1_305' title='bbox 1243 2892 1514 2954; x_wconf 74' lang='grc' dir='ltr'>εὐσέϐειαν</span> <span class='ocrx_word' id='word_1_306' title='bbox 1597 2901 1847 2975; x_wconf 82' lang='grc' dir='ltr'>συνορᾷν.</span> <span class='ocrx_word' id='word_1_307' title='bbox 1907 2894 2062 2955; x_wconf 79' lang='grc' dir='ltr'>Ἀλλ’</span> 
     </span>
    </p>
   </div>
   <div class='ocr_carea' id='block_1_40' title="bbox 401 2982 2062 3060">
    <p class='ocr_par' dir='ltr' id='par_1_40' title="bbox 401 2982 2062 3060">
     <span class='ocr_line' id='line_1_40' title="bbox 401 2982 2062 3060; baseline -0.001 -19"><span class='ocrx_word' id='word_1_308' title='bbox 401 2983 550 3041; x_wconf 82' lang='grc' dir='ltr'>εἶ’ποι</span> <span class='ocrx_word' id='word_1_309' title='bbox 580 3007 665 3050; x_wconf 89' lang='grc' dir='ltr'>τις</span> <span class='ocrx_word' id='word_1_310' title='bbox 695 2982 756 3041; x_wconf 72' lang='grc' dir='ltr'>ἂν</span> <span class='ocrx_word' id='word_1_311' title='bbox 783 2983 946 3050; x_wconf 82' lang='grc' dir='ltr'>’ίσως’</span> <span class='ocrx_word' id='word_1_312' title='bbox 978 2985 1189 3044; x_wconf 87' lang='grc' dir='ltr'>Οὐκοῦν</span> <span class='ocrx_word' id='word_1_313' title='bbox 1216 2986 1281 3042; x_wconf 84' lang='grc' dir='ltr'>τὸ</span> <span class='ocrx_word' id='word_1_314' title='bbox 1324 2984 1455 3042; x_wconf 81' lang='grc' dir='ltr'>αὐτὸ</span> <span class='ocrx_word' id='word_1_315' title='bbox 1504 2989 1754 3051; x_wconf 74' lang='grc' dir='ltr'>νοοῦντες</span> <span class='ocrx_word' id='word_1_316' title='bbox 1798 2987 1889 3041; x_wconf 85' lang='grc' dir='ltr'>καὶ</span> <span class='ocrx_word' id='word_1_317' title='bbox 1937 2984 2062 3060; x_wconf 80' lang='grc' dir='ltr'>περὶ</span> 
     </span>
    </p>
   </div>
   <div class='ocr_carea' id='block_1_41' title="bbox 400 3072 2064 3153">
    <p class='ocr_par' dir='ltr' id='par_1_41' title="bbox 400 3072 2064 3153">
     <span class='ocr_line' id='line_1_41' title="bbox 400 3072 2064 3153; baseline -0.001 -22"><span class='ocrx_word' id='word_1_318' title='bbox 400 3079 502 3131; x_wconf 86' lang='grc' dir='ltr'>τοῦ</span> <span class='ocrx_word' id='word_1_319' title='bbox 523 3078 745 3147; x_wconf 78' lang='grc' dir='ltr'>πιστοῦ,</span> <span class='ocrx_word' id='word_1_320' title='bbox 777 3074 935 3153; x_wconf 73' lang='grc' dir='ltr'>ἔγγὺς</span> <span class='ocrx_word' id='word_1_321' title='bbox 964 3072 1126 3131; x_wconf 87' lang='grc' dir='ltr'>αὐτὸν</span> <span class='ocrx_word' id='word_1_322' title='bbox 1171 3075 1306 3131; x_wconf 78' lang='grc' dir='ltr'>εἶναι</span> <span class='ocrx_word' id='word_1_323' title='bbox 1364 3075 1607 3153; x_wconf 77' lang='grc' dir='ltr'>φαίημεν</span> <span class='ocrx_word' id='word_1_324' title='bbox 1668 3074 1729 3130; x_wconf 78' lang='grc' dir='ltr'>ἅν</span> <span class='ocrx_word' id='word_1_325' title='bbox 1781 3078 1879 3131; x_wconf 89' lang='grc' dir='ltr'>τοῦ</span> <span class='ocrx_word' id='word_1_326' title='bbox 1926 3073 2064 3147; x_wconf 84' lang='grc' dir='ltr'>πρὸς</span> 
     </span>
    </p>
   </div>
   <div class='ocr_carea' id='block_1_42' title="bbox 403 3158 2061 3246">
    <p class='ocr_par' dir='ltr' id='par_1_42' title="bbox 403 3158 2061 3246">
     <span class='ocr_line' id='line_1_42' title="bbox 403 3158 2061 3246; baseline -0.001 -25"><span class='ocrx_word' id='word_1_327' title='bbox 403 3159 653 3221; x_wconf 73' lang='grc' dir='ltr'>ἀσέϐειαν</span> <span class='ocrx_word' id='word_1_328' title='bbox 686 3166 837 3239; x_wconf 82' lang='grc' dir='ltr'>ὁρᾷν.</span> <span class='ocrx_word' id='word_1_329' title='bbox 873 3166 1015 3241; x_wconf 85' lang='grc' dir='ltr'>Πρὸς</span> <span class='ocrx_word' id='word_1_330' title='bbox 1063 3166 1092 3220; x_wconf 85' lang='lat'>&#39;6</span> <span class='ocrx_word' id='word_1_331' title='bbox 1150 3186 1349 3246; x_wconf 73' lang='grc' dir='ltr'>φαμεν,</span> <span class='ocrx_word' id='word_1_332' title='bbox 1407 3165 1491 3220; x_wconf 77' lang='grc' dir='ltr'>ὅτι</span> <span class='ocrx_word' id='word_1_333' title='bbox 1550 3166 1654 3221; x_wconf 88' lang='grc' dir='ltr'>οὐκ</span> <span class='ocrx_word' id='word_1_334' title='bbox 1717 3158 1863 3221; x_wconf 78' lang='grc' dir='ltr'>ἔστιν</span> <span class='ocrx_word' id='word_1_335' title='bbox 1912 3162 2061 3232; x_wconf 72' lang='grc' dir='ltr'>’ίσον,</span> 
     </span>
    </p>
   </div>
   <div class='ocr_carea' id='block_1_43' title="bbox 402 3251 2062 3332">
    <p class='ocr_par' dir='ltr' id='par_1_43' title="bbox 402 3251 2062 3332">
     <span class='ocr_line' id='line_1_43' title="bbox 402 3251 2062 3332; baseline -0.001 -21"><span class='ocrx_word' id='word_1_336' title='bbox 402 3252 531 3311; x_wconf 72' lang='grc' dir='ltr'>οὐδὲ</span> <span class='ocrx_word' id='word_1_337' title='bbox 564 3254 785 3311; x_wconf 75' lang='grc' dir='ltr'>πολλοῦ</span> <span class='ocrx_word' id='word_1_338' title='bbox 843 3251 945 3312; x_wconf 79' lang='grc' dir='ltr'>δεῖ.</span> <span class='ocrx_word' id='word_1_339' title='bbox 1004 3256 1065 3315; x_wconf 82' lang='grc' dir='ltr'><strong>Ὀ</strong></span> <span class='ocrx_word' id='word_1_340' title='bbox 1126 3255 1220 3329; x_wconf 76' lang='grc' dir='ltr'>μὶν</span> <span class='ocrx_word' id='word_1_341' title='bbox 1276 3253 1381 3332; x_wconf 71' lang='grc' dir='ltr'>γὰρ</span> <span class='ocrx_word' id='word_1_342' title='bbox 1435 3254 1627 3317; x_wconf 85' lang='grc' dir='ltr'>πιστὸς</span> <span class='ocrx_word' id='word_1_343' title='bbox 1665 3260 1926 3310; x_wconf 82' lang='grc' dir='ltr'>συνοικῶν</span> <span class='ocrx_word' id='word_1_344' title='bbox 1983 3258 2062 3326; x_wconf 80' lang='grc' dir='ltr'>τῷ</span> 
     </span>
    </p>
   </div>
   <div class='ocr_carea' id='block_1_44' title="bbox 2237 1556 3816 1628">
    <p class='ocr_par' dir='ltr' id='par_1_44' title="bbox 2237 1556 3816 1628">
     <span class='ocr_line' id='line_1_44' title="bbox 2237 1556 3816 1628; baseline -0.001 -16"><span class='ocrx_word' id='word_1_345' title='bbox 2237 1557 2393 1612; x_wconf 73' lang='lat'><strong>470</strong></span> <span class='ocrx_word' id='word_1_346' title='bbox 2423 1558 2493 1611; x_wconf 90' lang='lat' dir='ltr'>Et</span> <span class='ocrx_word' id='word_1_347' title='bbox 2516 1572 2790 1611; x_wconf 82' lang='lat' dir='ltr'>rursum:</span> <span class='ocrx_word' id='word_1_348' title='bbox 2841 1559 3013 1613; x_wconf 84' lang='lat' dir='ltr'>Juxta</span> <span class='ocrx_word' id='word_1_349' title='bbox 3059 1557 3222 1612; x_wconf 84' lang='lat' dir='ltr'>aliud</span> <span class='ocrx_word' id='word_1_350' title='bbox 3272 1556 3510 1628; x_wconf 88' lang='lat' dir='ltr'>impura</span> <span class='ocrx_word' id='word_1_351' title='bbox 3556 1561 3647 1611; x_wconf 90' lang='lat' dir='ltr'>est</span> <span class='ocrx_word' id='word_1_352' title='bbox 3677 1556 3816 1610; x_wconf 90' lang='lat' dir='ltr'>inﬁ-</span> 
     </span>
    </p>
   </div>
   <div class='ocr_carea' id='block_1_45' title="bbox 2165 1644 3817 1719">
    <p class='ocr_par' dir='ltr' id='par_1_45' title="bbox 2165 1644 3817 1719">
     <span class='ocr_line' id='line_1_45' title="bbox 2165 1644 3817 1719; baseline 0.001 -18"><span class='ocrx_word' id='word_1_353' title='bbox 2165 1644 2337 1715; x_wconf 86' lang='lat' dir='ltr'>delis,</span> <span class='ocrx_word' id='word_1_354' title='bbox 2372 1663 2589 1718; x_wconf 86' lang='lat' dir='ltr'>nempe</span> <span class='ocrx_word' id='word_1_355' title='bbox 2620 1645 2949 1703; x_wconf 89' lang='lat' dir='ltr'>secundum</span> <span class='ocrx_word' id='word_1_356' title='bbox 2980 1648 3388 1719; x_wconf 81' lang='lat' dir='ltr'>impietatem;</span> <span class='ocrx_word' id='word_1_357' title='bbox 3431 1647 3605 1719; x_wconf 81' lang='lat' dir='ltr'>juxta</span> <span class='ocrx_word' id='word_1_358' title='bbox 3654 1646 3817 1702; x_wconf 88' lang='lat' dir='ltr'>aliud</span> 
     </span>
    </p>
   </div>
   <div class='ocr_carea' id='block_1_46' title="bbox 2162 1734 3816 1808">
    <p class='ocr_par' dir='ltr' id='par_1_46' title="bbox 2162 1734 3816 1808">
     <span class='ocr_line' id='line_1_46' title="bbox 2162 1734 3816 1808; baseline 0.001 -20"><span class='ocrx_word' id='word_1_359' title='bbox 2162 1751 2299 1789; x_wconf 87' lang='lat' dir='ltr'>vero</span> <span class='ocrx_word' id='word_1_360' title='bbox 2330 1736 2736 1792; x_wconf 84' lang='lat' dir='ltr'>communicat</span> <span class='ocrx_word' id='word_1_361' title='bbox 2764 1753 2898 1792; x_wconf 90' lang='lat' dir='ltr'>cum</span> <span class='ocrx_word' id='word_1_362' title='bbox 2929 1742 3096 1807; x_wconf 88' lang='lat' dir='ltr'>parte</span> <span class='ocrx_word' id='word_1_363' title='bbox 3118 1735 3302 1805; x_wconf 88' lang='lat' dir='ltr'>ﬁdeli,</span> <span class='ocrx_word' id='word_1_364' title='bbox 3326 1741 3469 1808; x_wconf 86' lang='lat' dir='ltr'>puta</span> <span class='ocrx_word' id='word_1_365' title='bbox 3487 1734 3816 1790; x_wconf 88' lang='lat' dir='ltr'>secundum</span> 
     </span>
    </p>
   </div>
   <div class='ocr_carea' id='block_1_47' title="bbox 2164 1825 3815 1897">
    <p class='ocr_par' dir='ltr' id='par_1_47' title="bbox 2164 1825 3815 1897">
     <span class='ocr_line' id='line_1_47' title="bbox 2164 1825 3815 1897; baseline 0 -18"><span class='ocrx_word' id='word_1_366' title='bbox 2164 1840 2478 1897; x_wconf 90' lang='lat' dir='ltr'>corporum</span> <span class='ocrx_word' id='word_1_367' title='bbox 2510 1825 3015 1882; x_wconf 90' lang='lat' dir='ltr'>commistionem.</span> <span class='ocrx_word' id='word_1_368' title='bbox 3052 1828 3112 1881; x_wconf 87' lang='lat' dir='ltr'>In</span> <span class='ocrx_word' id='word_1_369' title='bbox 3141 1831 3337 1882; x_wconf 89' lang='lat' dir='ltr'>scorto</span> <span class='ocrx_word' id='word_1_370' title='bbox 3368 1831 3564 1881; x_wconf 88' lang='lat' dir='ltr'>autem</span> <span class='ocrx_word' id='word_1_371' title='bbox 3608 1826 3672 1880; x_wconf 88' lang='lat' dir='ltr'>in</span> <span class='ocrx_word' id='word_1_372' title='bbox 3703 1826 3815 1880; x_wconf 93' lang='lat' dir='ltr'>hoc</span> 
     </span>
    </p>
   </div>
   <div class='ocr_carea' id='block_1_48' title="bbox 2158 1914 3804 1987">
    <p class='ocr_par' dir='ltr' id='par_1_48' title="bbox 2158 1914 3804 1987">
     <span class='ocr_line' id='line_1_48' title="bbox 2158 1914 3804 1987; baseline 0 -18"><span class='ocrx_word' id='word_1_373' title='bbox 2158 1914 2288 1986; x_wconf 88' lang='lat' dir='ltr'>ipso</span> <span class='ocrx_word' id='word_1_374' title='bbox 2320 1932 2437 1987; x_wconf 93' lang='lat' dir='ltr'>quo</span> <span class='ocrx_word' id='word_1_375' title='bbox 2468 1915 2779 1972; x_wconf 64' lang='lat' dir='ltr'>immunda</span> <span class='ocrx_word' id='word_1_376' title='bbox 2809 1922 2896 1972; x_wconf 89' lang='lat' dir='ltr'>est</span> <span class='ocrx_word' id='word_1_377' title='bbox 2928 1917 2994 1971; x_wconf 89' lang='lat' dir='ltr'>ﬁt</span> <span class='ocrx_word' id='word_1_378' title='bbox 3049 1917 3534 1981; x_wconf 82' lang='lat' dir='ltr'>communicatio,</span> <span class='ocrx_word' id='word_1_379' title='bbox 3587 1930 3804 1987; x_wconf 89' lang='lat' dir='ltr'>nempe</span> 
     </span>
    </p>
   </div>
   <div class='ocr_carea' id='block_1_49' title="bbox 2167 2004 3813 2077">
    <p class='ocr_par' dir='ltr' id='par_1_49' title="bbox 2167 2004 3813 2077">
     <span class='ocr_line' id='line_1_49' title="bbox 2167 2004 3813 2077; baseline -0.001 -17"><span class='ocrx_word' id='word_1_380' title='bbox 2167 2005 2494 2060; x_wconf 89' lang='lat' dir='ltr'>secundum</span> <span class='ocrx_word' id='word_1_381' title='bbox 2514 2021 2746 2077; x_wconf 86' lang='lat' dir='ltr'>corpus.</span> <span class='ocrx_word' id='word_1_382' title='bbox 2768 2027 2797 2054; x_wconf 78' lang='grc' dir='ltr'>κ</span> <span class='ocrx_word' id='word_1_383' title='bbox 2820 2006 3234 2061; x_wconf 85' lang='lat' dir='ltr'>Sanctiﬁcatus</span> <span class='ocrx_word' id='word_1_384' title='bbox 3248 2006 3510 2061; x_wconf 91' lang='lat' dir='ltr'>estenim</span> <span class='ocrx_word' id='word_1_385' title='bbox 3550 2004 3638 2059; x_wconf 85' lang='lat' dir='ltr'>vir</span> <span class='ocrx_word' id='word_1_386' title='bbox 3668 2004 3813 2060; x_wconf 85' lang='lat' dir='ltr'>ﬁde-</span> 
     </span>
    </p>
   </div>
   <div class='ocr_carea' id='block_1_50' title="bbox 2166 2091 3818 2166">
    <p class='ocr_par' dir='ltr' id='par_1_50' title="bbox 2166 2091 3818 2166">
     <span class='ocr_line' id='line_1_50' title="bbox 2166 2091 3818 2166; baseline 0 -19"><span class='ocrx_word' id='word_1_387' title='bbox 2166 2091 2263 2149; x_wconf 87' lang='lat' dir='ltr'>lis.</span> <span class='ocrx_word' id='word_1_388' title='bbox 2279 2114 2307 2143; x_wconf 81' lang='lat'>»</span> <span class='ocrx_word' id='word_1_389' title='bbox 2326 2094 2406 2148; x_wconf 84' lang='lat' dir='ltr'>Ne</span> <span class='ocrx_word' id='word_1_390' title='bbox 2427 2098 2656 2149; x_wconf 86' lang='lat' dir='ltr'>metuat</span> <span class='ocrx_word' id='word_1_391' title='bbox 2666 2110 2803 2166; x_wconf 81' lang='lat' dir='ltr'>pars</span> <span class='ocrx_word' id='word_1_392' title='bbox 2819 2093 3014 2150; x_wconf 91' lang='lat' dir='ltr'>ﬁdelis</span> <span class='ocrx_word' id='word_1_393' title='bbox 3032 2094 3373 2150; x_wconf 84' lang='lat' dir='ltr'>cohabitare</span> <span class='ocrx_word' id='word_1_394' title='bbox 3389 2093 3818 2164; x_wconf 87' lang='lat' dir='ltr'>inﬁdeli,quasi</span> 
     </span>
    </p>
   </div>
   <div class='ocr_carea' id='block_1_51' title="bbox 2166 2181 3812 2254">
    <p class='ocr_par' dir='ltr' id='par_1_51' title="bbox 2166 2181 3812 2254">
     <span class='ocr_line' id='line_1_51' title="bbox 2166 2181 3812 2254; baseline -0.001 -18"><span class='ocrx_word' id='word_1_395' title='bbox 2166 2181 2609 2238; x_wconf 90' lang='lat' dir='ltr'>cohabitatione</span> <span class='ocrx_word' id='word_1_396' title='bbox 2638 2183 2911 2254; x_wconf 86' lang='lat' dir='ltr'>impurus</span> <span class='ocrx_word' id='word_1_397' title='bbox 2940 2181 3313 2249; x_wconf 89' lang='lat' dir='ltr'>redderetur,</span> <span class='ocrx_word' id='word_1_398' title='bbox 3343 2182 3475 2236; x_wconf 87' lang='lat' dir='ltr'>vide</span> <span class='ocrx_word' id='word_1_399' title='bbox 3514 2182 3812 2253; x_wconf 89' lang='lat' dir='ltr'>quomodo</span> 
     </span>
    </p>
   </div>
   <div class='ocr_carea' id='block_1_52' title="bbox 2164 2272 3814 2344">
    <p class='ocr_par' dir='ltr' id='par_1_52' title="bbox 2164 2272 3814 2344">
     <span class='ocr_line' id='line_1_52' title="bbox 2164 2272 3814 2344; baseline -0.001 -17"><span class='ocrx_word' id='word_1_400' title='bbox 2164 2272 2405 2344; x_wconf 89' lang='lat' dir='ltr'>repellit</span> <span class='ocrx_word' id='word_1_401' title='bbox 2425 2272 2722 2328; x_wconf 90' lang='lat' dir='ltr'>timorem.</span> <span class='ocrx_word' id='word_1_402' title='bbox 2753 2274 3163 2329; x_wconf 88' lang='lat' dir='ltr'>Sanctiﬁcatus</span> <span class='ocrx_word' id='word_1_403' title='bbox 3177 2278 3267 2327; x_wconf 88' lang='lat' dir='ltr'>est</span> <span class='ocrx_word' id='word_1_404' title='bbox 3298 2273 3515 2343; x_wconf 85' lang='lat' dir='ltr'>inquit,</span> <span class='ocrx_word' id='word_1_405' title='bbox 3537 2288 3814 2327; x_wconf 87' lang='lat' dir='ltr'>asserens</span> 
     </span>
    </p>
   </div>
   <div class='ocr_carea' id='block_1_53' title="bbox 2164 2360 3817 2434">
    <p class='ocr_par' dir='ltr' id='par_1_53' title="bbox 2164 2360 3817 2434">
     <span class='ocr_line' id='line_1_53' title="bbox 2164 2360 3817 2434; baseline -0.001 -18"><span class='ocrx_word' id='word_1_406' title='bbox 2164 2360 2317 2416; x_wconf 84' lang='lat' dir='ltr'>vinci</span> <span class='ocrx_word' id='word_1_407' title='bbox 2342 2362 2747 2434; x_wconf 89' lang='lat' dir='ltr'>impuritatem</span> <span class='ocrx_word' id='word_1_408' title='bbox 2774 2363 3124 2418; x_wconf 84' lang='lat' dir='ltr'>adveniente</span> <span class='ocrx_word' id='word_1_409' title='bbox 3146 2363 3404 2434; x_wconf 85' lang='lat' dir='ltr'>puritate</span> <span class='ocrx_word' id='word_1_410' title='bbox 3433 2378 3445 2416; x_wconf 89' lang='lat'><strong>:</strong></span> <span class='ocrx_word' id='word_1_411' title='bbox 3480 2376 3602 2416; x_wconf 91' lang='lat' dir='ltr'>non</span> <span class='ocrx_word' id='word_1_412' title='bbox 3656 2360 3817 2431; x_wconf 91' lang='lat' dir='ltr'>quod</span> 
     </span>
    </p>
   </div>
   <div class='ocr_carea' id='block_1_54' title="bbox 2167 2449 3820 2523">
    <p class='ocr_par' dir='ltr' id='par_1_54' title="bbox 2167 2449 3820 2523">
     <span class='ocr_line' id='line_1_54' title="bbox 2167 2449 3820 2523; baseline -0.001 -18"><span class='ocrx_word' id='word_1_413' title='bbox 2167 2450 2430 2507; x_wconf 88' lang='lat' dir='ltr'>inﬁdelis</span> <span class='ocrx_word' id='word_1_414' title='bbox 2460 2457 2700 2506; x_wconf 88' lang='lat' dir='ltr'>sanctus</span> <span class='ocrx_word' id='word_1_415' title='bbox 2732 2452 2834 2506; x_wconf 89' lang='lat' dir='ltr'>ﬁat</span> <span class='ocrx_word' id='word_1_416' title='bbox 2867 2468 2879 2505; x_wconf 94' lang='lat'><strong>:</strong></span> <span class='ocrx_word' id='word_1_417' title='bbox 2913 2468 3108 2523; x_wconf 88' lang='lat' dir='ltr'>neque</span> <span class='ocrx_word' id='word_1_418' title='bbox 3142 2452 3304 2507; x_wconf 88' lang='lat' dir='ltr'>enim</span> <span class='ocrx_word' id='word_1_419' title='bbox 3349 2451 3431 2504; x_wconf 90' lang='lat' dir='ltr'>ita</span> <span class='ocrx_word' id='word_1_420' title='bbox 3487 2450 3657 2517; x_wconf 81' lang='lat' dir='ltr'>dixit,</span> <span class='ocrx_word' id='word_1_421' title='bbox 3715 2449 3820 2504; x_wconf 88' lang='lat' dir='ltr'>sed</span> 
     </span>
    </p>
   </div>
   <div class='ocr_carea' id='block_1_55' title="bbox 2171 2538 3821 2611">
    <p class='ocr_par' dir='ltr' id='par_1_55' title="bbox 2171 2538 3821 2611">
     <span class='ocr_line' id='line_1_55' title="bbox 2171 2538 3821 2611; baseline 0.002 -21"><span class='ocrx_word' id='word_1_422' title='bbox 2171 2561 2199 2591; x_wconf 90' lang='grc'><strong>‹‹</strong></span> <span class='ocrx_word' id='word_1_423' title='bbox 2234 2540 2639 2596; x_wconf 88' lang='lat' dir='ltr'>sanctiﬁcatus</span> <span class='ocrx_word' id='word_1_424' title='bbox 2670 2547 2791 2598; x_wconf 89' lang='lat' dir='ltr'>est:</span> <span class='ocrx_word' id='word_1_425' title='bbox 2824 2562 2852 2592; x_wconf 84' lang='grc'><strong>››</strong></span> <span class='ocrx_word' id='word_1_426' title='bbox 2885 2541 3246 2596; x_wconf 84' lang='lat' dir='ltr'>consolando</span> <span class='ocrx_word' id='word_1_427' title='bbox 3280 2546 3507 2611; x_wconf 89' lang='lat' dir='ltr'>partem</span> <span class='ocrx_word' id='word_1_428' title='bbox 3558 2538 3821 2608; x_wconf 86' lang='lat' dir='ltr'>ﬁdelem,</span> 
     </span>
    </p>
   </div>
   <div class='ocr_carea' id='block_1_56' title="bbox 2172 2627 3821 2685">
    <p class='ocr_par' dir='ltr' id='par_1_56' title="bbox 2172 2627 3821 2685">
     <span class='ocr_line' id='line_1_56' title="bbox 2172 2627 3821 2685; baseline -0.001 -1"><span class='ocrx_word' id='word_1_429' title='bbox 2172 2646 2239 2684; x_wconf 90' lang='lat' dir='ltr'>ac</span> <span class='ocrx_word' id='word_1_430' title='bbox 2270 2629 2560 2685; x_wconf 90' lang='lat' dir='ltr'>inducens</span> <span class='ocrx_word' id='word_1_431' title='bbox 2592 2630 2893 2685; x_wconf 87' lang='lat' dir='ltr'>inﬁdelem</span> <span class='ocrx_word' id='word_1_432' title='bbox 2926 2630 2999 2685; x_wconf 90' lang='lat' dir='ltr'>ad</span> <span class='ocrx_word' id='word_1_433' title='bbox 3031 2630 3167 2685; x_wconf 91' lang='lat' dir='ltr'>ﬁdei</span> <span class='ocrx_word' id='word_1_434' title='bbox 3199 2645 3465 2684; x_wconf 89' lang='lat' dir='ltr'>amorem</span> <span class='ocrx_word' id='word_1_435' title='bbox 3497 2635 3553 2683; x_wconf 87' lang='lat' dir='ltr'>et</span> <span class='ocrx_word' id='word_1_436' title='bbox 3585 2627 3821 2683; x_wconf 88' lang='lat' dir='ltr'>deside-</span> 
     </span>
    </p>
   </div>
   <div class='ocr_carea' id='block_1_57' title="bbox 2170 2716 3820 2791">
    <p class='ocr_par' dir='ltr' id='par_1_57' title="bbox 2170 2716 3820 2791">
     <span class='ocr_line' id='line_1_57' title="bbox 2170 2716 3820 2791; baseline -0.002 -17"><span class='ocrx_word' id='word_1_437' title='bbox 2170 2718 2348 2774; x_wconf 89' lang='lat' dir='ltr'>rium.</span> <span class='ocrx_word' id='word_1_438' title='bbox 2382 2750 2447 2760; x_wconf 94' lang='lat'><strong><em>—</em></strong></span> <span class='ocrx_word' id='word_1_439' title='bbox 2479 2720 2669 2776; x_wconf 88' lang='lat' dir='ltr'>Etiam</span> <span class='ocrx_word' id='word_1_440' title='bbox 2699 2719 2812 2775; x_wconf 91' lang='lat' dir='ltr'>hoc</span> <span class='ocrx_word' id='word_1_441' title='bbox 2842 2721 3041 2791; x_wconf 90' lang='lat' dir='ltr'>ipsum</span> <span class='ocrx_word' id='word_1_442' title='bbox 3073 2735 3289 2790; x_wconf 88' lang='lat' dir='ltr'>nempe</span> <span class='ocrx_word' id='word_1_443' title='bbox 3350 2717 3508 2790; x_wconf 83' lang='lat' dir='ltr'>quod</span> <span class='ocrx_word' id='word_1_444' title='bbox 3556 2716 3820 2772; x_wconf 89' lang='lat' dir='ltr'>inﬁdelis</span> 
     </span>
    </p>
   </div>
   <div class='ocr_carea' id='block_1_58' title="bbox 2171 2806 3817 2877">
    <p class='ocr_par' dir='ltr' id='par_1_58' title="bbox 2171 2806 3817 2877">
     <span class='ocr_line' id='line_1_58' title="bbox 2171 2806 3817 2877; baseline -0.002 -14"><span class='ocrx_word' id='word_1_445' title='bbox 2171 2808 2406 2877; x_wconf 89' lang='lat' dir='ltr'>toleret,</span> <span class='ocrx_word' id='word_1_446' title='bbox 2439 2825 2550 2863; x_wconf 90' lang='lat' dir='ltr'>nec</span> <span class='ocrx_word' id='word_1_447' title='bbox 2607 2809 2839 2865; x_wconf 87' lang='lat' dir='ltr'>resiliat</span> <span class='ocrx_word' id='word_1_448' title='bbox 2887 2808 2961 2864; x_wconf 89' lang='lat' dir='ltr'>ab</span> <span class='ocrx_word' id='word_1_449' title='bbox 3018 2808 3387 2864; x_wconf 88' lang='lat' dir='ltr'>habitatione</span> <span class='ocrx_word' id='word_1_450' title='bbox 3437 2823 3572 2864; x_wconf 90' lang='lat' dir='ltr'>cum</span> <span class='ocrx_word' id='word_1_451' title='bbox 3634 2806 3817 2874; x_wconf 85' lang='lat' dir='ltr'>ﬁdeli,</span> 
     </span>
    </p>
   </div>
   <div class='ocr_carea' id='block_1_59' title="bbox 2171 2896 3820 2970">
    <p class='ocr_par' dir='ltr' id='par_1_59' title="bbox 2171 2896 3820 2970">
     <span class='ocr_line' id='line_1_59' title="bbox 2171 2896 3820 2970; baseline -0.001 -18"><span class='ocrx_word' id='word_1_452' title='bbox 2171 2896 2432 2953; x_wconf 87' lang='lat' dir='ltr'>vicinum</span> <span class='ocrx_word' id='word_1_453' title='bbox 2465 2898 2774 2970; x_wconf 89' lang='lat' dir='ltr'>quidpiam</span> <span class='ocrx_word' id='word_1_454' title='bbox 2830 2897 2952 2968; x_wconf 70' lang='lat' dir='ltr'>agit</span> <span class='ocrx_word' id='word_1_455' title='bbox 3004 2903 3071 2953; x_wconf 90' lang='lat' dir='ltr'>ut</span> <span class='ocrx_word' id='word_1_456' title='bbox 3126 2899 3396 2954; x_wconf 90' lang='lat' dir='ltr'>animum</span> <span class='ocrx_word' id='word_1_457' title='bbox 3455 2897 3717 2969; x_wconf 87' lang='lat' dir='ltr'>applicet</span> <span class='ocrx_word' id='word_1_458' title='bbox 3745 2897 3820 2951; x_wconf 90' lang='lat' dir='ltr'>ad</span> 
     </span>
    </p>
   </div>
   <div class='ocr_carea' id='block_1_60' title="bbox 2172 2986 3820 3059">
    <p class='ocr_par' dir='ltr' id='par_1_60' title="bbox 2172 2986 3820 3059">
     <span class='ocr_line' id='line_1_60' title="bbox 2172 2986 3820 3059; baseline -0.001 -18"><span class='ocrx_word' id='word_1_459' title='bbox 2172 2987 2475 3058; x_wconf 88' lang='lat' dir='ltr'>pietatem.</span> <span class='ocrx_word' id='word_1_460' title='bbox 2510 2987 2622 3043; x_wconf 90' lang='lat' dir='ltr'>Sed</span> <span class='ocrx_word' id='word_1_461' title='bbox 2643 2987 2801 3043; x_wconf 88' lang='lat' dir='ltr'>dicet</span> <span class='ocrx_word' id='word_1_462' title='bbox 2814 2988 3065 3043; x_wconf 83' lang='lat' dir='ltr'>fortasse</span> <span class='ocrx_word' id='word_1_463' title='bbox 3083 2988 3302 3059; x_wconf 89' lang='lat' dir='ltr'>aliquis</span> <span class='ocrx_word' id='word_1_464' title='bbox 3323 3005 3335 3042; x_wconf 90' lang='lat'>:</span> <span class='ocrx_word' id='word_1_465' title='bbox 3355 2988 3535 3059; x_wconf 84' lang='lat' dir='ltr'>igitur</span> <span class='ocrx_word' id='word_1_466' title='bbox 3560 2986 3820 3057; x_wconf 91' lang='lat' dir='ltr'>idipsum</span> 
     </span>
    </p>
   </div>
   <div class='ocr_carea' id='block_1_61' title="bbox 2173 3075 3825 3149">
    <p class='ocr_par' dir='ltr' id='par_1_61' title="bbox 2173 3075 3825 3149">
     <span class='ocr_line' id='line_1_61' title="bbox 2173 3075 3825 3149; baseline -0.001 -19"><span class='ocrx_word' id='word_1_467' title='bbox 2173 3076 2642 3145; x_wconf 87' lang='lat' dir='ltr'>considerantes,</span> <span class='ocrx_word' id='word_1_468' title='bbox 2661 3075 2734 3132; x_wconf 92' lang='lat' dir='ltr'>de</span> <span class='ocrx_word' id='word_1_469' title='bbox 2746 3076 2907 3131; x_wconf 88' lang='lat' dir='ltr'>ﬁdeli</span> <span class='ocrx_word' id='word_1_470' title='bbox 2926 3078 3254 3149; x_wconf 85' lang='lat' dir='ltr'>poterimus</span> <span class='ocrx_word' id='word_1_471' title='bbox 3286 3076 3484 3131; x_wconf 88' lang='lat' dir='ltr'>dicere</span> <span class='ocrx_word' id='word_1_472' title='bbox 3509 3075 3665 3146; x_wconf 89' lang='lat' dir='ltr'>quod</span> <span class='ocrx_word' id='word_1_473' title='bbox 3685 3081 3825 3130; x_wconf 85' lang='lat' dir='ltr'>ten-</span> 
     </span>
    </p>
   </div>
   <div class='ocr_carea' id='block_1_62' title="bbox 2172 3164 3825 3237">
    <p class='ocr_par' dir='ltr' id='par_1_62' title="bbox 2172 3164 3825 3237">
     <span class='ocr_line' id='line_1_62' title="bbox 2172 3164 3825 3237; baseline -0.001 -18"><span class='ocrx_word' id='word_1_474' title='bbox 2172 3165 2274 3219; x_wconf 89' lang='lat' dir='ltr'>dat</span> <span class='ocrx_word' id='word_1_475' title='bbox 2301 3165 2375 3220; x_wconf 90' lang='lat' dir='ltr'>ad</span> <span class='ocrx_word' id='word_1_476' title='bbox 2404 3166 2793 3236; x_wconf 86' lang='lat' dir='ltr'>impietatem.</span> <span class='ocrx_word' id='word_1_477' title='bbox 2827 3166 2916 3221; x_wconf 84' lang='lat' dir='ltr'>Ad</span> <span class='ocrx_word' id='word_1_478' title='bbox 2947 3166 3105 3237; x_wconf 91' lang='lat' dir='ltr'>quod</span> <span class='ocrx_word' id='word_1_479' title='bbox 3139 3166 3392 3220; x_wconf 89' lang='lat' dir='ltr'>dicimus</span> <span class='ocrx_word' id='word_1_480' title='bbox 3422 3180 3542 3220; x_wconf 89' lang='lat' dir='ltr'>non</span> <span class='ocrx_word' id='word_1_481' title='bbox 3577 3178 3707 3219; x_wconf 88' lang='lat' dir='ltr'>esse</span> <span class='ocrx_word' id='word_1_482' title='bbox 3739 3164 3825 3218; x_wconf 88' lang='lat' dir='ltr'>si-</span> 
     </span>
    </p>
   </div>
   <div class='ocr_carea' id='block_1_63' title="bbox 2172 3253 3816 3326">
    <p class='ocr_par' dir='ltr' id='par_1_63' title="bbox 2172 3253 3816 3326">
     <span class='ocr_line' id='line_1_63' title="bbox 2172 3253 3816 3326; baseline -0.001 -17"><span class='ocrx_word' id='word_1_483' title='bbox 2172 3254 2333 3321; x_wconf 87' lang='lat' dir='ltr'>mile,</span> <span class='ocrx_word' id='word_1_484' title='bbox 2365 3270 2560 3324; x_wconf 89' lang='lat' dir='ltr'>neque</span> <span class='ocrx_word' id='word_1_485' title='bbox 2591 3256 2835 3309; x_wconf 87' lang='lat' dir='ltr'>omnino</span> <span class='ocrx_word' id='word_1_486' title='bbox 2864 3254 2924 3309; x_wconf 91' lang='lat' dir='ltr'>id</span> <span class='ocrx_word' id='word_1_487' title='bbox 2954 3260 3247 3326; x_wconf 90' lang='lat' dir='ltr'>oportere.</span> <span class='ocrx_word' id='word_1_488' title='bbox 3282 3255 3426 3311; x_wconf 83' lang='lat' dir='ltr'>Nam</span> <span class='ocrx_word' id='word_1_489' title='bbox 3459 3253 3651 3309; x_wconf 86' lang='lat' dir='ltr'>ﬁdelis</span> <span class='ocrx_word' id='word_1_490' title='bbox 3684 3254 3816 3324; x_wconf 87' lang='lat' dir='ltr'>qui-</span> 
     </span>
    </p>
   </div>
   <div class='ocr_carea' id='block_1_64' title="bbox 400 3331 2052 3419">
    <p class='ocr_par' dir='ltr' id='par_1_64' title="bbox 400 3331 2052 3419">
     <span class='ocr_line' id='line_1_64' title="bbox 400 3331 2052 3419; baseline -0.001 -20"><span class='ocrx_word' id='word_1_491' title='bbox 400 3342 637 3417; x_wconf 83' lang='grc' dir='ltr'>ἀπίστῳ,</span> <span class='ocrx_word' id='word_1_492' title='bbox 668 3351 769 3414; x_wconf 85' lang='grc' dir='ltr'>τῆς</span> <span class='ocrx_word' id='word_1_493' title='bbox 796 3343 1029 3409; x_wconf 89' lang='grc' dir='ltr'>πίστεως</span> <span class='ocrx_word' id='word_1_494' title='bbox 1059 3331 1401 3413; x_wconf 71' lang='grc' dir='ltr'>ἔντολήνκαὶ</span> <span class='ocrx_word' id='word_1_495' title='bbox 1434 3343 1605 3419; x_wconf 80' lang='grc' dir='ltr'>νόμον</span> <span class='ocrx_word' id='word_1_496' title='bbox 1655 3343 1889 3418; x_wconf 78' lang='grc' dir='ltr'>πληροῖ,</span> <span class='ocrx_word' id='word_1_497' title='bbox 1939 3342 2052 3398; x_wconf 82' lang='grc' dir='ltr'>ὥσ-</span> 
     </span>
    </p>
   </div>
   <div class='ocr_carea' id='block_1_65' title="bbox 2168 3331 3814 3419">
    <p class='ocr_par' dir='ltr' id='par_1_65' title="bbox 2173 3341 3814 3414">
     <span class='ocr_line' id='line_1_65' title="bbox 2173 3341 3814 3414; baseline 0 -17"><span class='ocrx_word' id='word_1_498' title='bbox 2173 3341 2308 3397; x_wconf 91' lang='lat' dir='ltr'>dem</span> <span class='ocrx_word' id='word_1_499' title='bbox 2330 3342 2560 3398; x_wconf 87' lang='lat' dir='ltr'>inﬁdeli</span> <span class='ocrx_word' id='word_1_500' title='bbox 2581 3342 3098 3410; x_wconf 88' lang='lat' dir='ltr'>cohabitans,ﬁdei</span> <span class='ocrx_word' id='word_1_501' title='bbox 3126 3349 3487 3414; x_wconf 69' lang='lat' dir='ltr'>praeceptum</span> <span class='ocrx_word' id='word_1_502' title='bbox 3502 3342 3814 3414; x_wconf 79' lang='lat' dir='ltr'>legemque</span> 
     </span>
    </p>
   </div>
   <div class='ocr_carea' id='block_1_66' title="bbox 398 3429 2059 3508">
    <p class='ocr_par' dir='ltr' id='par_1_66' title="bbox 398 3429 2059 3508">
     <span class='ocr_line' id='line_1_66' title="bbox 398 3429 2059 3508; baseline -0.001 -20"><span class='ocrx_word' id='word_1_503' title='bbox 398 3454 457 3488; x_wconf 89' lang='grc' dir='ltr'>τε</span> <span class='ocrx_word' id='word_1_504' title='bbox 484 3434 575 3490; x_wconf 78' lang='grc' dir='ltr'>καὶ</span> <span class='ocrx_word' id='word_1_505' title='bbox 606 3432 776 3507; x_wconf 78' lang='grc' dir='ltr'>ταύτῃ</span> <span class='ocrx_word' id='word_1_506' title='bbox 813 3429 1029 3506; x_wconf 77' lang='grc' dir='ltr'>μᾶλλον</span> <span class='ocrx_word' id='word_1_507' title='bbox 1056 3432 1328 3506; x_wconf 83' lang='grc' dir='ltr'>ᾠκείωται</span> <span class='ocrx_word' id='word_1_508' title='bbox 1358 3437 1427 3508; x_wconf 85' lang='grc' dir='ltr'>τῇ</span> <span class='ocrx_word' id='word_1_509' title='bbox 1458 3432 1661 3503; x_wconf 82' lang='grc' dir='ltr'>πίστει,</span> <span class='ocrx_word' id='word_1_510' title='bbox 1700 3433 1791 3488; x_wconf 85' lang='grc' dir='ltr'>καὶ</span> <span class='ocrx_word' id='word_1_511' title='bbox 1849 3431 2059 3488; x_wconf 82' lang='grc' dir='ltr'>διίστα-</span> 
     </span>
    </p>
   </div>
   <div class='ocr_carea' id='block_1_67' title="bbox 398 3521 2054 3600">
    <p class='ocr_par' dir='ltr' id='par_1_67' title="bbox 398 3521 2054 3600">
     <span class='ocr_line' id='line_1_67' title="bbox 398 3521 2054 3600; baseline 0.002 -23"><span class='ocrx_word' id='word_1_512' title='bbox 398 3542 485 3577; x_wconf 87' lang='grc' dir='ltr'>ται</span> <span class='ocrx_word' id='word_1_513' title='bbox 514 3528 614 3591; x_wconf 79' lang='grc' dir='ltr'>τῆς</span> <span class='ocrx_word' id='word_1_514' title='bbox 646 3522 917 3585; x_wconf 85' lang='grc' dir='ltr'>ἀπιστίας.</span> <span class='ocrx_word' id='word_1_515' title='bbox 968 3524 1032 3582; x_wconf 84' lang='lat' dir='ltr'>&#39;O</span> <span class='ocrx_word' id='word_1_516' title='bbox 1078 3521 1135 3579; x_wconf 75' lang='grc' dir='ltr'>δὲ</span> <span class='ocrx_word' id='word_1_517' title='bbox 1183 3522 1411 3586; x_wconf 84' lang='grc' dir='ltr'>ἄπιστος</span> <span class='ocrx_word' id='word_1_518' title='bbox 1465 3522 1607 3597; x_wconf 84' lang='grc' dir='ltr'>μόνη</span> <span class='ocrx_word' id='word_1_519' title='bbox 1662 3528 1731 3599; x_wconf 83' lang='grc' dir='ltr'>τῇ</span> <span class='ocrx_word' id='word_1_520' title='bbox 1777 3525 1914 3600; x_wconf 89' lang='grc' dir='ltr'>πρὸς</span> <span class='ocrx_word' id='word_1_521' title='bbox 1962 3524 2054 3580; x_wconf 84' lang='grc' dir='ltr'>τὸν</span> 
     </span>
    </p>
   </div>
   <div class='ocr_carea' id='block_1_68' title="bbox 407 3610 2055 3691">
    <p class='ocr_par' dir='ltr' id='par_1_68' title="bbox 407 3610 2055 3691">
     <span class='ocr_line' id='line_1_68' title="bbox 407 3610 2055 3691; baseline 0.002 -27"><span class='ocrx_word' id='word_1_522' title='bbox 407 3615 757 3666; x_wconf 85' lang='grc' dir='ltr'>συνοικοῦντα</span> <span class='ocrx_word' id='word_1_523' title='bbox 813 3615 1017 3688; x_wconf 81' lang='grc' dir='ltr'>στοργῇ</span> <span class='ocrx_word' id='word_1_524' title='bbox 1088 3610 1398 3686; x_wconf 70' lang='grc' dir='ltr'>δεδεμένος,</span> <span class='ocrx_word' id='word_1_525' title='bbox 1479 3613 1579 3683; x_wconf 74' lang='grc' dir='ltr'>τήν</span> <span class='ocrx_word' id='word_1_526' title='bbox 1640 3613 1927 3691; x_wconf 76' lang='grc' dir='ltr'>συνάφειαν</span> <span class='ocrx_word' id='word_1_527' title='bbox 1994 3612 2055 3667; x_wconf 86' lang='grc' dir='ltr'>οὐ</span> 
     </span>
    </p>
   </div>
   <div class='ocr_carea' id='block_1_69' title="bbox 410 3696 2054 3776">
    <p class='ocr_par' dir='ltr' id='par_1_69' title="bbox 410 3696 2054 3776">
     <span class='ocr_line' id='line_1_69' title="bbox 410 3696 2054 3776; baseline 0.003 -23"><span class='ocrx_word' id='word_1_528' title='bbox 410 3696 546 3771; x_wconf 78' lang='grc' dir='ltr'>λόει,</span> <span class='ocrx_word' id='word_1_529' title='bbox 575 3699 703 3776; x_wconf 83' lang='grc' dir='ltr'>οὐχῖ</span> <span class='ocrx_word' id='word_1_530' title='bbox 737 3700 908 3775; x_wconf 89' lang='grc' dir='ltr'>νόμον</span> <span class='ocrx_word' id='word_1_531' title='bbox 940 3703 1033 3757; x_wconf 88' lang='grc' dir='ltr'>τὸν</span> <span class='ocrx_word' id='word_1_532' title='bbox 1067 3701 1175 3756; x_wconf 83' lang='grc' dir='ltr'>ἀπὸ</span> <span class='ocrx_word' id='word_1_533' title='bbox 1203 3708 1303 3772; x_wconf 80' lang='grc' dir='ltr'>τῆς</span> <span class='ocrx_word' id='word_1_534' title='bbox 1342 3699 1550 3763; x_wconf 70' lang='grc' dir='ltr'>οἰκείας</span> <span class='ocrx_word' id='word_1_535' title='bbox 1600 3703 1851 3765; x_wconf 76' lang='grc' dir='ltr'>ἀπιστίας</span> <span class='ocrx_word' id='word_1_536' title='bbox 1892 3700 2054 3764; x_wconf 85' lang='grc' dir='ltr'>αὐτὸς</span> 
     </span>
    </p>
   </div>
   <div class='ocr_carea' id='block_1_70' title="bbox 406 3786 2057 3868">
    <p class='ocr_par' dir='ltr' id='par_1_70' title="bbox 406 3786 2057 3868">
     <span class='ocr_line' id='line_1_70' title="bbox 406 3786 2057 3868; baseline 0.003 -25"><span class='ocrx_word' id='word_1_537' title='bbox 406 3786 659 3858; x_wconf 73' lang='grc' dir='ltr'>ἐκτελῶν,</span> <span class='ocrx_word' id='word_1_538' title='bbox 694 3788 933 3868; x_wconf 74' lang='grc' dir='ltr'>στέργων</span> <span class='ocrx_word' id='word_1_539' title='bbox 966 3786 1023 3846; x_wconf 70' lang='grc' dir='ltr'>δὲ</span> <span class='ocrx_word' id='word_1_540' title='bbox 1078 3791 1170 3846; x_wconf 80' lang='grc' dir='ltr'>τὸν</span> <span class='ocrx_word' id='word_1_541' title='bbox 1226 3794 1578 3847; x_wconf 83' lang='grc' dir='ltr'>συνοικοῦντα</span> <span class='ocrx_word' id='word_1_542' title='bbox 1622 3792 2057 3868; x_wconf 82' lang='grc' dir='ltr'>χειραγωγηθή-</span> 
     </span>
    </p>
   </div>
   <div class='ocr_carea' id='block_1_71' title="bbox 401 3877 2052 3954">
    <p class='ocr_par' dir='ltr' id='par_1_71' title="bbox 401 3877 2052 3954">
     <span class='ocr_line' id='line_1_71' title="bbox 401 3877 2052 3954; baseline 0.004 -22"><span class='ocrx_word' id='word_1_543' title='bbox 401 3878 549 3934; x_wconf 88' lang='grc' dir='ltr'>σεταί</span> <span class='ocrx_word' id='word_1_544' title='bbox 606 3898 742 3935; x_wconf 89' lang='grc' dir='ltr'>ποτε</span> <span class='ocrx_word' id='word_1_545' title='bbox 790 3877 1058 3954; x_wconf 73' lang='grc' dir='ltr'>καὶπρὸς</span> <span class='ocrx_word' id='word_1_546' title='bbox 1114 3881 1214 3949; x_wconf 77' lang='grc' dir='ltr'>τὴν</span> <span class='ocrx_word' id='word_1_547' title='bbox 1271 3878 1437 3936; x_wconf 87' lang='grc' dir='ltr'>αὐτοῦ</span> <span class='ocrx_word' id='word_1_548' title='bbox 1494 3879 1673 3936; x_wconf 91' lang='grc' dir='ltr'>πίστιν</span> <span class='ocrx_word' id='word_1_549' title='bbox 1735 3877 1806 3935; x_wconf 81' lang='grc' dir='ltr'>δι’</span> <span class='ocrx_word' id='word_1_550' title='bbox 1862 3879 2052 3939; x_wconf 88' lang='grc' dir='ltr'>αὐτοῦ.</span> 
     </span>
    </p>
   </div>
   <div class='ocr_carea' id='block_1_72' title="bbox 400 3964 2055 4046">
    <p class='ocr_par' dir='ltr' id='par_1_72' title="bbox 400 3964 2055 4046">
     <span class='ocr_line' id='line_1_72' title="bbox 400 3964 2055 4046; baseline 0.002 -24"><span class='ocrx_word' id='word_1_551' title='bbox 400 3967 498 4022; x_wconf 78' lang='grc' dir='ltr'>Καὶ</span> <span class='ocrx_word' id='word_1_552' title='bbox 525 3968 592 4024; x_wconf 84' lang='grc' dir='ltr'>τὸ</span> <span class='ocrx_word' id='word_1_553' title='bbox 623 3964 859 4046; x_wconf 77' lang='grc' dir='ltr'>στὲργὲιν</span> <span class='ocrx_word' id='word_1_554' title='bbox 891 3966 948 4025; x_wconf 74' lang='grc' dir='ltr'>δὲ</span> <span class='ocrx_word' id='word_1_555' title='bbox 978 3968 1131 4040; x_wconf 81' lang='grc' dir='ltr'>αὐτὸ,</span> <span class='ocrx_word' id='word_1_556' title='bbox 1182 3978 1283 4041; x_wconf 82' lang='grc' dir='ltr'>τῆς</span> <span class='ocrx_word' id='word_1_557' title='bbox 1340 3965 1596 4032; x_wconf 75' lang='grc' dir='ltr'>εὐσεϐοῦς</span> <span class='ocrx_word' id='word_1_558' title='bbox 1651 3969 1762 4026; x_wconf 71' lang='grc' dir='ltr'>ἔστι</span> <span class='ocrx_word' id='word_1_559' title='bbox 1819 3982 2055 4045; x_wconf 85' lang='grc' dir='ltr'>νομοθε-</span> 
     </span>
    </p>
   </div>
   <div class='ocr_carea' id='block_1_73' title="bbox 399 4054 2052 4135">
    <p class='ocr_par' dir='ltr' id='par_1_73' title="bbox 399 4054 2052 4135">
     <span class='ocr_line' id='line_1_73' title="bbox 399 4054 2052 4135; baseline 0.001 -23"><span class='ocrx_word' id='word_1_560' title='bbox 399 4057 539 4130; x_wconf 88' lang='grc' dir='ltr'>σίας,</span> <span class='ocrx_word' id='word_1_561' title='bbox 568 4054 697 4114; x_wconf 88' lang='grc' dir='ltr'>ἀλλ’</span> <span class='ocrx_word' id='word_1_562' title='bbox 728 4058 856 4135; x_wconf 73' lang='grc' dir='ltr'>οὐχί</span> <span class='ocrx_word' id='word_1_563' title='bbox 882 4066 984 4130; x_wconf 80' lang='grc' dir='ltr'>τῆς</span> <span class='ocrx_word' id='word_1_564' title='bbox 1015 4054 1279 4125; x_wconf 85' lang='grc' dir='ltr'>ἀσεϐείας.</span> <span class='ocrx_word' id='word_1_565' title='bbox 1325 4062 1489 4115; x_wconf 82' lang='grc' dir='ltr'>Ὥστε</span> <span class='ocrx_word' id='word_1_566' title='bbox 1537 4059 1630 4115; x_wconf 82' lang='grc' dir='ltr'>καί</span> <span class='ocrx_word' id='word_1_567' title='bbox 1674 4058 1843 4135; x_wconf 69' lang='grc' dir='ltr'>ταύτῃ</span> <span class='ocrx_word' id='word_1_568' title='bbox 1896 4058 2052 4135; x_wconf 70' lang='grc' dir='ltr'>ἔγγὺς</span> 
     </span>
    </p>
   </div>
   <div class='ocr_carea' id='block_1_74' title="bbox 397 4143 2055 4227">
    <p class='ocr_par' dir='ltr' id='par_1_74' title="bbox 397 4143 2055 4227">
     <span class='ocr_line' id='line_1_74' title="bbox 397 4143 2055 4227; baseline 0.002 -25"><span class='ocrx_word' id='word_1_569' title='bbox 397 4144 509 4203; x_wconf 81' lang='grc' dir='ltr'>ἐστι</span> <span class='ocrx_word' id='word_1_570' title='bbox 538 4151 637 4203; x_wconf 84' lang='grc' dir='ltr'>τοῦ</span> <span class='ocrx_word' id='word_1_571' title='bbox 668 4143 908 4204; x_wconf 83' lang='grc' dir='ltr'>εὐσεϐεῖν</span> <span class='ocrx_word' id='word_1_572' title='bbox 939 4148 1124 4221; x_wconf 81' lang='grc' dir='ltr'>αὐτὸν,</span> <span class='ocrx_word' id='word_1_573' title='bbox 1183 4150 1274 4206; x_wconf 79' lang='grc' dir='ltr'>καὶ</span> <span class='ocrx_word' id='word_1_574' title='bbox 1326 4150 1583 4227; x_wconf 79' lang='grc' dir='ltr'>ἠγιάσθαι</span> <span class='ocrx_word' id='word_1_575' title='bbox 1628 4147 1717 4206; x_wconf 78' lang='grc' dir='ltr'>διὰ</span> <span class='ocrx_word' id='word_1_576' title='bbox 1767 4156 1868 4220; x_wconf 84' lang='grc' dir='ltr'>τῆς</span> <span class='ocrx_word' id='word_1_577' title='bbox 1928 4170 2055 4206; x_wconf 87' lang='grc' dir='ltr'>συν-</span> 
     </span>
    </p>
   </div>
   <div class='ocr_carea' id='block_1_75' title="bbox 397 4239 1041 4308">
    <p class='ocr_par' dir='ltr' id='par_1_75' title="bbox 397 4239 1041 4308">
     <span class='ocr_line' id='line_1_75' title="bbox 397 4239 1041 4308; baseline 0.006 -16"><span class='ocrx_word' id='word_1_578' title='bbox 397 4239 522 4308; x_wconf 78' lang='grc' dir='ltr'>οική</span> <span class='ocrx_word' id='word_1_579' title='bbox 531 4257 668 4301; x_wconf 85' lang='grc' dir='ltr'>σεως</span> <span class='ocrx_word' id='word_1_580' title='bbox 696 4243 794 4294; x_wconf 87' lang='grc' dir='ltr'>τοῦ</span> <span class='ocrx_word' id='word_1_581' title='bbox 823 4242 1041 4298; x_wconf 77' lang='grc' dir='ltr'>πιστοῦ.</span> 
     </span>
    </p>
   </div>
   <div class='ocr_carea' id='block_1_76' title="bbox 473 4325 2049 4406">
    <p class='ocr_par' dir='ltr' id='par_1_76' title="bbox 473 4325 2049 4406">
     <span class='ocr_line' id='line_1_76' title="bbox 473 4325 2049 4406; baseline 0.002 -22"><span class='ocrx_word' id='word_1_582' title='bbox 473 4327 625 4384; x_wconf 73' lang='grc' dir='ltr'>Ἐπεὶ</span> <span class='ocrx_word' id='word_1_583' title='bbox 686 4325 790 4403; x_wconf 82' lang='grc' dir='ltr'>ἂρα</span> <span class='ocrx_word' id='word_1_584' title='bbox 845 4326 913 4383; x_wconf 80' lang='grc' dir='ltr'>τὰ</span> <span class='ocrx_word' id='word_1_585' title='bbox 970 4325 1132 4384; x_wconf 81' lang='grc' dir='ltr'>τέκνα</span> <span class='ocrx_word' id='word_1_586' title='bbox 1190 4329 1344 4402; x_wconf 78' lang='grc' dir='ltr'>ὑμῶν</span> <span class='ocrx_word' id='word_1_587' title='bbox 1401 4329 1677 4406; x_wconf 78' lang='grc' dir='ltr'>ἀκάθαρτά</span> <span class='ocrx_word' id='word_1_588' title='bbox 1745 4331 1877 4389; x_wconf 82' lang='grc' dir='ltr'>ἐστι.</span> <span class='ocrx_word' id='word_1_589' title='bbox 1939 4331 2049 4389; x_wconf 84' lang='grc' dir='ltr'>Νῦν</span> 
     </span>
    </p>
   </div>
   <div class='ocr_carea' id='block_1_77' title="bbox 399 4412 2053 4498">
    <p class='ocr_par' dir='ltr' id='par_1_77' title="bbox 399 4412 2053 4498">
     <span class='ocr_line' id='line_1_77' title="bbox 399 4412 2053 4498; baseline 0.002 -27"><span class='ocrx_word' id='word_1_590' title='bbox 399 4412 458 4471; x_wconf 70' lang='grc' dir='ltr'>δὲ</span> <span class='ocrx_word' id='word_1_591' title='bbox 488 4418 614 4492; x_wconf 80' lang='grc' dir='ltr'>ἀγιά</span> <span class='ocrx_word' id='word_1_592' title='bbox 641 4415 812 4474; x_wconf 77' lang='grc' dir='ltr'>ἐστιν.</span> <span class='ocrx_word' id='word_1_593' title='bbox 868 4415 930 4474; x_wconf 77' lang='lat' dir='ltr'>El</span> <span class='ocrx_word' id='word_1_594' title='bbox 991 4414 1050 4472; x_wconf 68' lang='grc' dir='ltr'>δὲ</span> <span class='ocrx_word' id='word_1_595' title='bbox 1105 4418 1134 4472; x_wconf 90' lang='lat'>6</span> <span class='ocrx_word' id='word_1_596' title='bbox 1210 4417 1437 4479; x_wconf 76' lang='grc' dir='ltr'>ἄπιστος</span> <span class='ocrx_word' id='word_1_597' title='bbox 1490 4420 1812 4498; x_wconf 80' lang='grc' dir='ltr'>χωρίζεται,</span> <span class='ocrx_word' id='word_1_598' title='bbox 1881 4439 2053 4498; x_wconf 79' lang='grc' dir='ltr'>χωρι-</span> 
     </span>
    </p>
   </div>
   <div class='ocr_carea' id='block_1_78' title="bbox 398 4502 2048 4585">
    <p class='ocr_par' dir='ltr' id='par_1_78' title="bbox 398 4502 2048 4585">
     <span class='ocr_line' id='line_1_78' title="bbox 398 4502 2048 4585; baseline 0.002 -25"><span class='ocrx_word' id='word_1_599' title='bbox 398 4505 591 4578; x_wconf 79' lang='grc' dir='ltr'>ζέσθω.</span> <span class='ocrx_word' id='word_1_600' title='bbox 640 4505 719 4564; x_wconf 87' lang='grc' dir='ltr'>Οὐ</span> <span class='ocrx_word' id='word_1_601' title='bbox 779 4502 1119 4561; x_wconf 77' lang='grc' dir='ltr'>δεδούλωται</span> <span class='ocrx_word' id='word_1_602' title='bbox 1173 4505 1202 4562; x_wconf 87' lang='lat'>6</span> <span class='ocrx_word' id='word_1_603' title='bbox 1254 4504 1491 4585; x_wconf 75' lang='grc' dir='ltr'>ἀδελφὸς</span> <span class='ocrx_word' id='word_1_604' title='bbox 1538 4505 1575 4575; x_wconf 84' lang='grc' dir='ltr'>ἤ</span> <span class='ocrx_word' id='word_1_605' title='bbox 1639 4509 1667 4578; x_wconf 69' lang='grc' dir='ltr'>ἡ</span> <span class='ocrx_word' id='word_1_606' title='bbox 1725 4504 1937 4585; x_wconf 77' lang='grc' dir='ltr'>ἀδελφή</span> <span class='ocrx_word' id='word_1_607' title='bbox 1996 4508 2048 4564; x_wconf 63' lang='grc' dir='ltr'>ἐν</span> 
     </span>
    </p>
   </div>
   <div class='ocr_carea' id='block_1_79' title="bbox 394 4594 2050 4673">
    <p class='ocr_par' dir='ltr' id='par_1_79' title="bbox 394 4594 2050 4673">
     <span class='ocr_line' id='line_1_79' title="bbox 394 4594 2050 4673; baseline 0.002 -21"><span class='ocrx_word' id='word_1_608' title='bbox 394 4601 512 4661; x_wconf 81' lang='grc' dir='ltr'>τοῖς</span> <span class='ocrx_word' id='word_1_609' title='bbox 569 4595 865 4659; x_wconf 75' lang='grc' dir='ltr'>τοιούτοις.</span> <span class='ocrx_word' id='word_1_610' title='bbox 926 4598 1018 4656; x_wconf 81' lang='grc' dir='ltr'>Ἐν</span> <span class='ocrx_word' id='word_1_611' title='bbox 1070 4594 1128 4653; x_wconf 65' lang='grc' dir='ltr'>δὲ</span> <span class='ocrx_word' id='word_1_612' title='bbox 1201 4596 1390 4672; x_wconf 70' lang='grc' dir='ltr'>εἰρήνῃ</span> <span class='ocrx_word' id='word_1_613' title='bbox 1475 4595 1741 4669; x_wconf 72' lang='grc' dir='ltr'>κέκληκεν</span> <span class='ocrx_word' id='word_1_614' title='bbox 1815 4600 1963 4673; x_wconf 75' lang='grc' dir='ltr'>ἡμᾶς</span> <span class='ocrx_word' id='word_1_615' title='bbox 2021 4600 2050 4655; x_wconf 90' lang='lat'>6</span> 
     </span>
    </p>
   </div>
   <div class='ocr_carea' id='block_1_80' title="bbox 393 4686 549 4750">
    <p class='ocr_par' dir='ltr' id='par_1_80' title="bbox 393 4686 549 4750">
     <span class='ocr_line' id='line_1_80' title="bbox 393 4686 549 4750; baseline 0 -8"><span class='ocrx_word' id='word_1_616' title='bbox 393 4686 549 4750; x_wconf 86' lang='grc' dir='ltr'>Θεός.</span> 
     </span>
    </p>
   </div>
   <div class='ocr_carea' id='block_1_81' title="bbox 464 4775 2047 4853">
    <p class='ocr_par' dir='ltr' id='par_1_81' title="bbox 464 4775 2047 4853">
     <span class='ocr_line' id='line_1_81' title="bbox 464 4775 2047 4853; baseline 0.001 -21"><span class='ocrx_word' id='word_1_617' title='bbox 464 4776 527 4833; x_wconf 69' lang='lat' dir='ltr'>Ei</span> <span class='ocrx_word' id='word_1_618' title='bbox 557 4777 663 4853; x_wconf 81' lang='grc' dir='ltr'>γὰρ</span> <span class='ocrx_word' id='word_1_619' title='bbox 698 4777 772 4850; x_wconf 83' lang='grc' dir='ltr'>μή</span> <span class='ocrx_word' id='word_1_620' title='bbox 805 4781 1043 4845; x_wconf 77' lang='grc' dir='ltr'>νικᾶται,</span> <span class='ocrx_word' id='word_1_621' title='bbox 1104 4777 1260 4853; x_wconf 78' lang='grc' dir='ltr'>φησί,</span> <span class='ocrx_word' id='word_1_622' title='bbox 1308 4779 1377 4851; x_wconf 81' lang='grc' dir='ltr'>τῇ</span> <span class='ocrx_word' id='word_1_623' title='bbox 1425 4775 1756 4852; x_wconf 87' lang='grc' dir='ltr'>καθαρότητι</span> <span class='ocrx_word' id='word_1_624' title='bbox 1813 4782 1910 4833; x_wconf 88' lang='grc' dir='ltr'>τοῦ</span> <span class='ocrx_word' id='word_1_625' title='bbox 1960 4799 2047 4834; x_wconf 87' lang='grc' dir='ltr'>πι-</span> 
     </span>
    </p>
   </div>
   <div class='ocr_carea' id='block_1_82' title="bbox 393 4863 2046 4943">
    <p class='ocr_par' dir='ltr' id='par_1_82' title="bbox 393 4863 2046 4943">
     <span class='ocr_line' id='line_1_82' title="bbox 393 4863 2046 4943; baseline 0.001 -23"><span class='ocrx_word' id='word_1_626' title='bbox 393 4870 523 4921; x_wconf 89' lang='grc' dir='ltr'>στοῦ</span> <span class='ocrx_word' id='word_1_627' title='bbox 558 4868 755 4942; x_wconf 81' lang='grc' dir='ltr'>μέρους</span> <span class='ocrx_word' id='word_1_628' title='bbox 807 4867 872 4922; x_wconf 89' lang='grc' dir='ltr'>τὸ</span> <span class='ocrx_word' id='word_1_629' title='bbox 930 4865 1177 4937; x_wconf 80' lang='grc' dir='ltr'>ἄπιστον,</span> <span class='ocrx_word' id='word_1_630' title='bbox 1238 4863 1392 4922; x_wconf 76' lang='grc' dir='ltr'>οὐδὲν</span> <span class='ocrx_word' id='word_1_631' title='bbox 1452 4865 1627 4922; x_wconf 86' lang='grc' dir='ltr'>λείπει</span> <span class='ocrx_word' id='word_1_632' title='bbox 1667 4866 1944 4943; x_wconf 78' lang='grc' dir='ltr'>ἀκάθαρτα</span> <span class='ocrx_word' id='word_1_633' title='bbox 1978 4868 2046 4923; x_wconf 78' lang='grc' dir='ltr'>τὰ</span> 
     </span>
    </p>
   </div>
   <div class='ocr_carea' id='block_1_83' title="bbox 389 4955 2042 5033">
    <p class='ocr_par' dir='ltr' id='par_1_83' title="bbox 389 4955 2042 5033">
     <span class='ocr_line' id='line_1_83' title="bbox 389 4955 2042 5033; baseline 0.002 -22"><span class='ocrx_word' id='word_1_634' title='bbox 389 4958 700 5031; x_wconf 83' lang='grc' dir='ltr'>γεννώμενα</span> <span class='ocrx_word' id='word_1_635' title='bbox 755 4956 1090 5033; x_wconf 75' lang='grc' dir='ltr'>γίνεσθαι,ἤ</span> <span class='ocrx_word' id='word_1_636' title='bbox 1140 4955 1190 5030; x_wconf 78' lang='grc' dir='ltr'>ἐξ</span> <span class='ocrx_word' id='word_1_637' title='bbox 1249 4957 1508 5030; x_wconf 74' lang='grc' dir='ltr'>ἡμισείας</span> <span class='ocrx_word' id='word_1_638' title='bbox 1563 4959 1788 5033; x_wconf 80' lang='grc' dir='ltr'>καθαρά.</span> <span class='ocrx_word' id='word_1_639' title='bbox 1847 4960 2042 5033; x_wconf 86' lang='grc' dir='ltr'>Ὅπερ,</span> 
     </span>
    </p>
   </div>
   <div class='ocr_carea' id='block_1_84' title="bbox 390 5048 2046 5127">
    <p class='ocr_par' dir='ltr' id='par_1_84' title="bbox 390 5048 2046 5127">
     <span class='ocr_line' id='line_1_84' title="bbox 390 5048 2046 5127; baseline 0.002 -25"><span class='ocrx_word' id='word_1_640' title='bbox 390 5048 579 5123; x_wconf 76' lang='grc' dir='ltr'>φησὶν,</span> <span class='ocrx_word' id='word_1_641' title='bbox 614 5048 715 5105; x_wconf 90' lang='grc' dir='ltr'>οὐκ</span> <span class='ocrx_word' id='word_1_642' title='bbox 744 5048 886 5105; x_wconf 79' lang='grc' dir='ltr'>ἔστιν</span> <span class='ocrx_word' id='word_1_643' title='bbox 918 5050 1071 5127; x_wconf 77' lang='grc' dir='ltr'>(ἅγια</span> <span class='ocrx_word' id='word_1_644' title='bbox 1136 5048 1238 5127; x_wconf 76' lang='grc' dir='ltr'>γάρ</span> <span class='ocrx_word' id='word_1_645' title='bbox 1288 5050 1443 5123; x_wconf 78' lang='grc' dir='ltr'>ἐστι),</span> <span class='ocrx_word' id='word_1_646' title='bbox 1489 5052 1556 5121; x_wconf 81' lang='grc' dir='ltr'>τῇ</span> <span class='ocrx_word' id='word_1_647' title='bbox 1609 5050 1896 5126; x_wconf 78' lang='grc' dir='ltr'>περιουσίᾳ</span> <span class='ocrx_word' id='word_1_648' title='bbox 1943 5057 2046 5120; x_wconf 85' lang='grc' dir='ltr'>τῆς</span> 
     </span>
    </p>
   </div>
   <div class='ocr_carea' id='block_1_85' title="bbox 389 5133 2041 5216">
    <p class='ocr_par' dir='ltr' id='par_1_85' title="bbox 389 5133 2041 5216">
     <span class='ocr_line' id='line_1_85' title="bbox 389 5133 2041 5216; baseline 0.001 -23"><span class='ocrx_word' id='word_1_649' title='bbox 389 5141 489 5193; x_wconf 89' lang='grc' dir='ltr'>τοῦ</span> <span class='ocrx_word' id='word_1_650' title='bbox 519 5138 677 5214; x_wconf 81' lang='grc' dir='ltr'>ἁγίου</span> <span class='ocrx_word' id='word_1_651' title='bbox 710 5136 910 5209; x_wconf 74' lang='grc' dir='ltr'>λέξεως</span> <span class='ocrx_word' id='word_1_652' title='bbox 940 5133 1230 5194; x_wconf 70' lang='grc' dir='ltr'>ἐκϐάλλων</span> <span class='ocrx_word' id='word_1_653' title='bbox 1251 5138 1315 5194; x_wconf 82' lang='grc' dir='ltr'>τὸ</span> <span class='ocrx_word' id='word_1_654' title='bbox 1348 5135 1487 5198; x_wconf 80' lang='grc' dir='ltr'>δέος.</span> <span class='ocrx_word' id='word_1_655' title='bbox 1526 5139 1704 5195; x_wconf 84' lang='grc' dir='ltr'>Τοῦτο</span> <span class='ocrx_word' id='word_1_656' title='bbox 1750 5140 1850 5216; x_wconf 78' lang='grc' dir='ltr'>γάρ</span> <span class='ocrx_word' id='word_1_657' title='bbox 1900 5137 2041 5196; x_wconf 66' lang='grc' dir='ltr'>εστιν</span> 
     </span>
    </p>
   </div>
   <div class='ocr_carea' id='block_1_86' title="bbox 388 5224 2041 5304">
    <p class='ocr_par' dir='ltr' id='par_1_86' title="bbox 388 5224 2041 5304">
     <span class='ocr_line' id='line_1_86' title="bbox 388 5224 2041 5304; baseline 0 -22"><span class='ocrx_word' id='word_1_658' title='bbox 388 5228 420 5282; x_wconf 80' lang='grc' dir='ltr'><strong>δ</strong></span> <span class='ocrx_word' id='word_1_659' title='bbox 452 5225 624 5303; x_wconf 79' lang='grc' dir='ltr'>λέγει·</span> <span class='ocrx_word' id='word_1_660' title='bbox 648 5253 678 5282; x_wconf 73' lang='grc' dir='ltr'>ι(</span> <span class='ocrx_word' id='word_1_661' title='bbox 705 5227 839 5289; x_wconf 77' lang='grc' dir='ltr'>Επεὶ</span> <span class='ocrx_word' id='word_1_662' title='bbox 868 5224 972 5303; x_wconf 73' lang='grc' dir='ltr'>ἄρα</span> <span class='ocrx_word' id='word_1_663' title='bbox 997 5229 1066 5283; x_wconf 77' lang='grc' dir='ltr'>τὰ</span> <span class='ocrx_word' id='word_1_664' title='bbox 1092 5226 1249 5284; x_wconf 75' lang='grc' dir='ltr'>τέκνα</span> <span class='ocrx_word' id='word_1_665' title='bbox 1280 5227 1434 5301; x_wconf 77' lang='grc' dir='ltr'>ὑμῶν</span> <span class='ocrx_word' id='word_1_666' title='bbox 1494 5226 1767 5304; x_wconf 73' lang='grc' dir='ltr'>ἀκάθαρτά</span> <span class='ocrx_word' id='word_1_667' title='bbox 1816 5228 1977 5299; x_wconf 75' lang='grc' dir='ltr'>ἐστιν,</span> <span class='ocrx_word' id='word_1_668' title='bbox 2013 5253 2041 5282; x_wconf 85' lang='grc'><strong>››</strong></span> 
     </span>
    </p>
   </div>
   <div class='ocr_carea' id='block_1_87' title="bbox 388 5313 2041 5401">
    <p class='ocr_par' dir='ltr' id='par_1_87' title="bbox 388 5313 2041 5401">
     <span class='ocr_line' id='line_1_87' title="bbox 388 5313 2041 5401; baseline 0.002 -30"><span class='ocrx_word' id='word_1_669' title='bbox 388 5317 436 5372; x_wconf 83' lang='grc' dir='ltr'>εἰ</span> <span class='ocrx_word' id='word_1_670' title='bbox 468 5317 579 5394; x_wconf 81' lang='grc' dir='ltr'>οὐχ</span> <span class='ocrx_word' id='word_1_671' title='bbox 609 5318 785 5381; x_wconf 75' lang='grc' dir='ltr'>οὕτως</span> <span class='ocrx_word' id='word_1_672' title='bbox 814 5313 957 5401; x_wconf 80' lang='grc' dir='ltr'>ἔχει.</span> <span class='ocrx_word' id='word_1_673' title='bbox 990 5315 1169 5374; x_wconf 83' lang='grc' dir='ltr'>Ἀλλὰ</span> <span class='ocrx_word' id='word_1_674' title='bbox 1208 5321 1300 5375; x_wconf 86' lang='grc' dir='ltr'>νῦν</span> <span class='ocrx_word' id='word_1_675' title='bbox 1333 5317 1465 5394; x_wconf 75' lang='grc' dir='ltr'>ἅγιά</span> <span class='ocrx_word' id='word_1_676' title='bbox 1495 5316 1610 5373; x_wconf 83' lang='grc' dir='ltr'>ἐστι</span> <span class='ocrx_word' id='word_1_677' title='bbox 1638 5321 1706 5393; x_wconf 83' lang='grc' dir='ltr'>τῇ</span> <span class='ocrx_word' id='word_1_678' title='bbox 1755 5319 2041 5395; x_wconf 85' lang='grc' dir='ltr'>περιουσίᾳ</span> 
     </span>
    </p>
   </div>
   <div class='ocr_carea' id='block_1_88' title="bbox 386 5407 846 5483">
    <p class='ocr_par' dir='ltr' id='par_1_88' title="bbox 386 5407 846 5483">
     <span class='ocr_line' id='line_1_88' title="bbox 386 5407 846 5483; baseline 0 -21"><span class='ocrx_word' id='word_1_679' title='bbox 386 5412 488 5478; x_wconf 83' lang='grc' dir='ltr'>τῆς</span> <span class='ocrx_word' id='word_1_680' title='bbox 521 5407 794 5483; x_wconf 78' lang='grc' dir='ltr'>ἁγιωσύνη</span> <span class='ocrx_word' id='word_1_681' title='bbox 804 5430 846 5471; x_wconf 92' lang='grc' dir='ltr'>ς.</span> 
     </span>
    </p>
   </div>
   <div class='ocr_carea' id='block_1_89' title="bbox 462 5494 2041 5576">
    <p class='ocr_par' dir='ltr' id='par_1_89' title="bbox 462 5494 2041 5576">
     <span class='ocr_line' id='line_1_89' title="bbox 462 5494 2041 5576; baseline 0 -23"><span class='ocrx_word' id='word_1_682' title='bbox 462 5521 489 5546; x_wconf 78' lang='grc' dir='ltr'>α</span> <span class='ocrx_word' id='word_1_683' title='bbox 523 5496 586 5554; x_wconf 78' lang='grc' dir='ltr'>Εἰ</span> <span class='ocrx_word' id='word_1_684' title='bbox 619 5494 678 5553; x_wconf 74' lang='grc' dir='ltr'>δὲ</span> <span class='ocrx_word' id='word_1_685' title='bbox 718 5499 746 5553; x_wconf 92' lang='lat'>6</span> <span class='ocrx_word' id='word_1_686' title='bbox 787 5494 1012 5557; x_wconf 84' lang='grc' dir='ltr'>ἃπιστος</span> <span class='ocrx_word' id='word_1_687' title='bbox 1072 5495 1389 5572; x_wconf 82' lang='grc' dir='ltr'>χωρίζεται,</span> <span class='ocrx_word' id='word_1_688' title='bbox 1452 5495 1795 5576; x_wconf 81' lang='grc' dir='ltr'>χωριζέσθω.</span> <span class='ocrx_word' id='word_1_689' title='bbox 1831 5522 1860 5550; x_wconf 86' lang='grc'><strong>››</strong></span> <span class='ocrx_word' id='word_1_690' title='bbox 1909 5499 2041 5556; x_wconf 77' lang='grc' dir='ltr'>Οῖον</span> 
     </span>
    </p>
   </div>
   <div class='ocr_carea' id='block_1_90' title="bbox 385 5582 2037 5660">
    <p class='ocr_par' dir='ltr' id='par_1_90' title="bbox 385 5582 2037 5660">
     <span class='ocr_line' id='line_1_90' title="bbox 385 5582 2037 5660; baseline 0.002 -22"><span class='ocrx_word' id='word_1_691' title='bbox 385 5582 433 5639; x_wconf 82' lang='grc' dir='ltr'>εί</span> <span class='ocrx_word' id='word_1_692' title='bbox 462 5583 673 5640; x_wconf 76' lang='grc' dir='ltr'>κελεύει</span> <span class='ocrx_word' id='word_1_693' title='bbox 728 5585 1167 5660; x_wconf 77' lang='grc' dir='ltr'>συγκοινωνῆσαι</span> <span class='ocrx_word' id='word_1_694' title='bbox 1223 5587 1326 5649; x_wconf 81' lang='grc' dir='ltr'>τῆς</span> <span class='ocrx_word' id='word_1_695' title='bbox 1378 5582 1631 5648; x_wconf 84' lang='grc' dir='ltr'>ἀπιστίας</span> <span class='ocrx_word' id='word_1_696' title='bbox 1688 5585 1857 5659; x_wconf 82' lang='grc' dir='ltr'>αὐτῷ,</span> <span class='ocrx_word' id='word_1_697' title='bbox 1888 5582 1927 5656; x_wconf 69' lang='grc' dir='ltr'>ἥ</span> <span class='ocrx_word' id='word_1_698' title='bbox 1959 5588 2037 5660; x_wconf 79' lang='grc' dir='ltr'>μὴ</span> 
     </span>
    </p>
   </div>
   <div class='ocr_carea' id='block_1_91' title="bbox 385 5672 2036 5755">
    <p class='ocr_par' dir='ltr' id='par_1_91' title="bbox 385 5672 2036 5755">
     <span class='ocr_line' id='line_1_91' title="bbox 385 5672 2036 5755; baseline 0.002 -27"><span class='ocrx_word' id='word_1_699' title='bbox 385 5674 549 5728; x_wconf 89' lang='grc' dir='ltr'>τοῦτο</span> <span class='ocrx_word' id='word_1_700' title='bbox 623 5681 917 5745; x_wconf 68' lang='grc' dir='ltr'>ποιούσης,</span> <span class='ocrx_word' id='word_1_701' title='bbox 995 5673 1322 5747; x_wconf 73' lang='grc' dir='ltr'>ἀναχωρεῖν,</span> <span class='ocrx_word' id='word_1_702' title='bbox 1398 5672 1775 5752; x_wconf 87' lang='grc' dir='ltr'>ἀναχωρείτω,</span> <span class='ocrx_word' id='word_1_703' title='bbox 1879 5674 2036 5755; x_wconf 73' lang='grc' dir='ltr'>φησί.</span> 
     </span>
    </p>
   </div>
   <div class='ocr_carea' id='block_1_92' title="bbox 383 5759 2035 5841">
    <p class='ocr_par' dir='ltr' id='par_1_92' title="bbox 383 5759 2035 5841">
     <span class='ocr_line' id='line_1_92' title="bbox 383 5759 2035 5841; baseline 0.001 -20"><span class='ocrx_word' id='word_1_704' title='bbox 383 5762 612 5821; x_wconf 76' lang='grc' dir='ltr'>Βέλτιον</span> <span class='ocrx_word' id='word_1_705' title='bbox 644 5766 749 5841; x_wconf 77' lang='grc' dir='ltr'>γὰρ</span> <span class='ocrx_word' id='word_1_706' title='bbox 798 5762 892 5820; x_wconf 78' lang='grc' dir='ltr'>τὸν</span> <span class='ocrx_word' id='word_1_707' title='bbox 946 5761 1146 5837; x_wconf 89' lang='grc' dir='ltr'>γάμον,</span> <span class='ocrx_word' id='word_1_708' title='bbox 1204 5763 1240 5832; x_wconf 72' lang='grc' dir='ltr'><strong>ἢ</strong></span> <span class='ocrx_word' id='word_1_709' title='bbox 1298 5763 1398 5833; x_wconf 74' lang='grc' dir='ltr'>τήν</span> <span class='ocrx_word' id='word_1_710' title='bbox 1456 5759 1726 5820; x_wconf 74' lang='grc' dir='ltr'>εὐσέϐειαν</span> <span class='ocrx_word' id='word_1_711' title='bbox 1784 5763 2035 5838; x_wconf 80' lang='grc' dir='ltr'>λυθῆναιο</span> 
     </span>
    </p>
   </div>
   <div class='ocr_carea' id='block_1_93' title="bbox 2080 4693 2129 4758">
    <p class='ocr_par' dir='ltr' id='par_1_93' title="bbox 2080 4693 2129 4758">
     <span class='ocr_line' id='line_1_93' title="bbox 2080 4693 2129 4758; baseline 0 0"><span class='ocrx_word' id='word_1_712' title='bbox 2080 4693 2129 4758; x_wconf 92' lang='lat' dir='ltr'><strong>D</strong></span> 
     </span>
    </p>
   </div>
   <div class='ocr_carea' id='block_1_94' title="bbox 2165 3432 3814 3506">
    <p class='ocr_par' dir='ltr' id='par_1_94' title="bbox 2165 3432 3814 3506">
     <span class='ocr_line' id='line_1_94' title="bbox 2165 3432 3814 3506; baseline -0.002 -18"><span class='ocrx_word' id='word_1_713' title='bbox 2165 3432 2445 3506; x_wconf 90' lang='lat' dir='ltr'>complet,</span> <span class='ocrx_word' id='word_1_714' title='bbox 2478 3437 2544 3487; x_wconf 87' lang='lat' dir='ltr'>ut</span> <span class='ocrx_word' id='word_1_715' title='bbox 2572 3433 2683 3488; x_wconf 89' lang='lat' dir='ltr'>hoc</span> <span class='ocrx_word' id='word_1_716' title='bbox 2714 3433 2889 3488; x_wconf 91' lang='lat' dir='ltr'>modo</span> <span class='ocrx_word' id='word_1_717' title='bbox 2923 3438 2980 3487; x_wconf 92' lang='lat' dir='ltr'>et</span> <span class='ocrx_word' id='word_1_718' title='bbox 3007 3432 3144 3487; x_wconf 89' lang='lat' dir='ltr'>ﬁdei</span> <span class='ocrx_word' id='word_1_719' title='bbox 3191 3433 3380 3504; x_wconf 76' lang='lat' dir='ltr'>magis</span> <span class='ocrx_word' id='word_1_720' title='bbox 3438 3432 3814 3500; x_wconf 82' lang='lat' dir='ltr'>concilietur,</span> 
     </span>
    </p>
   </div>
   <div class='ocr_carea' id='block_1_95' title="bbox 2166 3521 3818 3594">
    <p class='ocr_par' dir='ltr' id='par_1_95' title="bbox 2166 3521 3818 3594">
     <span class='ocr_line' id='line_1_95' title="bbox 2166 3521 3818 3594; baseline -0.001 -17"><span class='ocrx_word' id='word_1_721' title='bbox 2166 3526 2225 3577; x_wconf 89' lang='lat' dir='ltr'>et</span> <span class='ocrx_word' id='word_1_722' title='bbox 2252 3522 2325 3577; x_wconf 89' lang='lat' dir='ltr'>ab</span> <span class='ocrx_word' id='word_1_723' title='bbox 2358 3521 2711 3577; x_wconf 88' lang='lat' dir='ltr'>inﬁdelitate</span> <span class='ocrx_word' id='word_1_724' title='bbox 2740 3521 2928 3594; x_wconf 76' lang='lat' dir='ltr'>magis</span> <span class='ocrx_word' id='word_1_725' title='bbox 2960 3522 3277 3577; x_wconf 84' lang='lat' dir='ltr'>dissideat:</span> <span class='ocrx_word' id='word_1_726' title='bbox 3312 3522 3573 3577; x_wconf 89' lang='lat' dir='ltr'>inﬁdelis</span> <span class='ocrx_word' id='word_1_727' title='bbox 3618 3526 3818 3578; x_wconf 89' lang='lat' dir='ltr'>autem</span> 
     </span>
    </p>
   </div>
   <div class='ocr_carea' id='block_1_96' title="bbox 2163 3610 3818 3682">
    <p class='ocr_par' dir='ltr' id='par_1_96' title="bbox 2163 3610 3818 3682">
     <span class='ocr_line' id='line_1_96' title="bbox 2163 3610 3818 3682; baseline -0.001 -15"><span class='ocrx_word' id='word_1_728' title='bbox 2163 3628 2368 3667; x_wconf 86' lang='lat' dir='ltr'>amore</span> <span class='ocrx_word' id='word_1_729' title='bbox 2410 3612 2621 3666; x_wconf 89' lang='lat' dir='ltr'>saltem</span> <span class='ocrx_word' id='word_1_730' title='bbox 2656 3628 2795 3682; x_wconf 78' lang='lat' dir='ltr'>erga</span> <span class='ocrx_word' id='word_1_731' title='bbox 2825 3612 3269 3667; x_wconf 87' lang='lat' dir='ltr'>cohabitantem</span> <span class='ocrx_word' id='word_1_732' title='bbox 3301 3610 3632 3675; x_wconf 84' lang='lat' dir='ltr'>devinctus,</span> <span class='ocrx_word' id='word_1_733' title='bbox 3674 3626 3818 3667; x_wconf 92' lang='lat' dir='ltr'>con-</span> 
     </span>
    </p>
   </div>
   <div class='ocr_carea' id='block_1_97' title="bbox 2155 3699 3813 3772">
    <p class='ocr_par' dir='ltr' id='par_1_97' title="bbox 2155 3699 3813 3772">
     <span class='ocr_line' id='line_1_97' title="bbox 2155 3699 3813 3772; baseline 0.001 -18"><span class='ocrx_word' id='word_1_734' title='bbox 2155 3699 2533 3771; x_wconf 88' lang='lat' dir='ltr'>junctionem</span> <span class='ocrx_word' id='word_1_735' title='bbox 2558 3717 2678 3755; x_wconf 91' lang='lat' dir='ltr'>non</span> <span class='ocrx_word' id='word_1_736' title='bbox 2703 3700 2896 3769; x_wconf 81' lang='lat' dir='ltr'>solvit,</span> <span class='ocrx_word' id='word_1_737' title='bbox 2923 3718 3045 3756; x_wconf 77' lang='lat' dir='ltr'>suae</span> <span class='ocrx_word' id='word_1_738' title='bbox 3069 3700 3438 3756; x_wconf 90' lang='lat' dir='ltr'>inﬁdelitatis</span> <span class='ocrx_word' id='word_1_739' title='bbox 3468 3701 3659 3772; x_wconf 79' lang='lat' dir='ltr'>legem</span> <span class='ocrx_word' id='word_1_740' title='bbox 3689 3716 3813 3755; x_wconf 89' lang='lat' dir='ltr'>non</span> 
     </span>
    </p>
   </div>
   <div class='ocr_carea' id='block_1_98' title="bbox 2159 3786 3809 3861">
    <p class='ocr_par' dir='ltr' id='par_1_98' title="bbox 2159 3786 3809 3861">
     <span class='ocr_line' id='line_1_98' title="bbox 2159 3786 3809 3861; baseline 0.001 -18"><span class='ocrx_word' id='word_1_741' title='bbox 2159 3789 2497 3859; x_wconf 87' lang='lat' dir='ltr'>perﬁciens,</span> <span class='ocrx_word' id='word_1_742' title='bbox 2530 3786 2635 3844; x_wconf 90' lang='lat' dir='ltr'>sed</span> <span class='ocrx_word' id='word_1_743' title='bbox 2659 3805 2863 3846; x_wconf 88' lang='lat' dir='ltr'>amore</span> <span class='ocrx_word' id='word_1_744' title='bbox 2922 3804 3291 3861; x_wconf 87' lang='lat' dir='ltr'>prosequens</span> <span class='ocrx_word' id='word_1_745' title='bbox 3342 3790 3809 3860; x_wconf 83' lang='lat' dir='ltr'>cohabitantem,</span> 
     </span>
    </p>
   </div>
   <div class='ocr_carea' id='block_1_99' title="bbox 2160 3876 3809 3949">
    <p class='ocr_par' dir='ltr' id='par_1_99' title="bbox 2160 3876 3809 3949">
     <span class='ocr_line' id='line_1_99' title="bbox 2160 3876 3809 3949; baseline 0.002 -18"><span class='ocrx_word' id='word_1_746' title='bbox 2160 3893 2416 3949; x_wconf 90' lang='lat' dir='ltr'>pereum</span> <span class='ocrx_word' id='word_1_747' title='bbox 2440 3877 2878 3933; x_wconf 89' lang='lat' dir='ltr'>manuducetur</span> <span class='ocrx_word' id='word_1_748' title='bbox 2892 3877 3248 3949; x_wconf 84' lang='lat' dir='ltr'>quandoque</span> <span class='ocrx_word' id='word_1_749' title='bbox 3275 3877 3347 3934; x_wconf 86' lang='lat' dir='ltr'>ad</span> <span class='ocrx_word' id='word_1_750' title='bbox 3389 3879 3576 3949; x_wconf 86' lang='lat' dir='ltr'>ipsius</span> <span class='ocrx_word' id='word_1_751' title='bbox 3608 3876 3809 3934; x_wconf 88' lang='lat' dir='ltr'>ﬁdem.</span> 
     </span>
    </p>
   </div>
   <div class='ocr_carea' id='block_1_100' title="bbox 2161 3966 3811 4039">
    <p class='ocr_par' dir='ltr' id='par_1_100' title="bbox 2161 3966 3811 4039">
     <span class='ocr_line' id='line_1_100' title="bbox 2161 3966 3811 4039; baseline 0.001 -19"><span class='ocrx_word' id='word_1_752' title='bbox 2161 3967 2359 4038; x_wconf 86' lang='lat' dir='ltr'>Ipsum</span> <span class='ocrx_word' id='word_1_753' title='bbox 2390 3982 2651 4037; x_wconf 88' lang='lat' dir='ltr'>namque</span> <span class='ocrx_word' id='word_1_754' title='bbox 2681 3983 2903 4034; x_wconf 87' lang='lat' dir='ltr'>amare,</span> <span class='ocrx_word' id='word_1_755' title='bbox 2938 3966 3231 4039; x_wconf 62' lang='lat' dir='ltr'>religiosa;</span> <span class='ocrx_word' id='word_1_756' title='bbox 3272 3966 3665 4039; x_wconf 83' lang='lat' dir='ltr'>legislntionis</span> <span class='ocrx_word' id='word_1_757' title='bbox 3719 3972 3811 4022; x_wconf 89' lang='lat' dir='ltr'>est</span> 
     </span>
    </p>
   </div>
   <div class='ocr_carea' id='block_1_101' title="bbox 2161 4055 3811 4127">
    <p class='ocr_par' dir='ltr' id='par_1_101' title="bbox 2161 4055 3811 4127">
     <span class='ocr_line' id='line_1_101' title="bbox 2161 4055 3811 4127; baseline 0.001 -17"><span class='ocrx_word' id='word_1_758' title='bbox 2161 4060 2221 4110; x_wconf 90' lang='lat' dir='ltr'>et</span> <span class='ocrx_word' id='word_1_759' title='bbox 2247 4071 2366 4110; x_wconf 89' lang='lat' dir='ltr'>non</span> <span class='ocrx_word' id='word_1_760' title='bbox 2394 4055 2715 4127; x_wconf 87' lang='lat' dir='ltr'>impietatis</span> <span class='ocrx_word' id='word_1_761' title='bbox 2748 4072 2762 4109; x_wconf 90' lang='lat'><strong>:</strong></span> <span class='ocrx_word' id='word_1_762' title='bbox 2795 4055 2997 4126; x_wconf 88' lang='lat' dir='ltr'>itaque</span> <span class='ocrx_word' id='word_1_763' title='bbox 3025 4055 3136 4112; x_wconf 89' lang='lat' dir='ltr'>hoc</span> <span class='ocrx_word' id='word_1_764' title='bbox 3166 4070 3403 4127; x_wconf 90' lang='lat' dir='ltr'>quoque</span> <span class='ocrx_word' id='word_1_765' title='bbox 3434 4070 3634 4111; x_wconf 88' lang='lat' dir='ltr'>amore</span> <span class='ocrx_word' id='word_1_766' title='bbox 3665 4056 3811 4111; x_wconf 90' lang='lat' dir='ltr'>vici-</span> 
     </span>
    </p>
   </div>
   <div class='ocr_carea' id='block_1_102' title="bbox 2159 4144 3814 4217">
    <p class='ocr_par' dir='ltr' id='par_1_102' title="bbox 2159 4144 3814 4217">
     <span class='ocr_line' id='line_1_102' title="bbox 2159 4144 3814 4217; baseline 0.001 -18"><span class='ocrx_word' id='word_1_767' title='bbox 2159 4162 2273 4201; x_wconf 89' lang='lat' dir='ltr'>nus</span> <span class='ocrx_word' id='word_1_768' title='bbox 2302 4149 2393 4200; x_wconf 89' lang='lat' dir='ltr'>est</span> <span class='ocrx_word' id='word_1_769' title='bbox 2419 4151 2486 4200; x_wconf 88' lang='lat' dir='ltr'>ut</span> <span class='ocrx_word' id='word_1_770' title='bbox 2511 4145 2825 4217; x_wconf 84' lang='lat' dir='ltr'>religiosus</span> <span class='ocrx_word' id='word_1_771' title='bbox 2856 4144 3169 4213; x_wconf 87' lang='lat' dir='ltr'>efﬁciatur,</span> <span class='ocrx_word' id='word_1_772' title='bbox 3200 4150 3261 4200; x_wconf 87' lang='lat' dir='ltr'>et</span> <span class='ocrx_word' id='word_1_773' title='bbox 3278 4145 3683 4201; x_wconf 86' lang='lat' dir='ltr'>sanctiﬁcetur</span> <span class='ocrx_word' id='word_1_774' title='bbox 3706 4158 3814 4216; x_wconf 87' lang='lat' dir='ltr'>per</span> 
     </span>
    </p>
   </div>
   <div class='ocr_carea' id='block_1_103' title="bbox 2160 4233 2910 4291">
    <p class='ocr_par' dir='ltr' id='par_1_103' title="bbox 2160 4233 2910 4291">
     <span class='ocr_line' id='line_1_103' title="bbox 2160 4233 2910 4291; baseline 0 -2"><span class='ocrx_word' id='word_1_775' title='bbox 2160 4233 2663 4291; x_wconf 86' lang='lat' dir='ltr'>cohabitationem</span> <span class='ocrx_word' id='word_1_776' title='bbox 2695 4234 2910 4291; x_wconf 84' lang='lat' dir='ltr'>ﬁdelis.</span> 
     </span>
    </p>
   </div>
   <div class='ocr_carea' id='block_1_104' title="bbox 2229 4322 3809 4395">
    <p class='ocr_par' dir='ltr' id='par_1_104' title="bbox 2229 4322 3809 4395">
     <span class='ocr_line' id='line_1_104' title="bbox 2229 4322 3809 4395; baseline 0.003 -19"><span class='ocrx_word' id='word_1_777' title='bbox 2229 4322 2351 4392; x_wconf 82' lang='lat' dir='ltr'><strong>VII,</strong></span> <span class='ocrx_word' id='word_1_778' title='bbox 2389 4325 2472 4390; x_wconf 77' lang='grc'>14,</span> <span class='ocrx_word' id='word_1_779' title='bbox 2510 4326 2593 4378; x_wconf 79' lang='lat' dir='ltr'>i5.</span> <span class='ocrx_word' id='word_1_780' title='bbox 2630 4324 2859 4395; x_wconf 82' lang='lat' dir='ltr'>Alioqui</span> <span class='ocrx_word' id='word_1_781' title='bbox 2912 4326 3021 4394; x_wconf 79' lang='lat' dir='ltr'>ﬁlii</span> <span class='ocrx_word' id='word_1_782' title='bbox 3070 4327 3238 4381; x_wconf 82' lang='lat' dir='ltr'>vestri</span> <span class='ocrx_word' id='word_1_783' title='bbox 3295 4326 3567 4382; x_wconf 75' lang='lat' dir='ltr'>immundi</span> <span class='ocrx_word' id='word_1_784' title='bbox 3617 4332 3809 4394; x_wconf 80' lang='lat' dir='ltr'>essent,</span> 
     </span>
    </p>
   </div>
   <div class='ocr_carea' id='block_1_105' title="bbox 2157 4414 3808 4486">
    <p class='ocr_par' dir='ltr' id='par_1_105' title="bbox 2157 4414 3808 4486">
     <span class='ocr_line' id='line_1_105' title="bbox 2157 4414 3808 4486; baseline 0 -17"><span class='ocrx_word' id='word_1_785' title='bbox 2157 4429 2305 4469; x_wconf 81' lang='lat' dir='ltr'>nunc</span> <span class='ocrx_word' id='word_1_786' title='bbox 2332 4421 2515 4469; x_wconf 85' lang='lat' dir='ltr'>autem</span> <span class='ocrx_word' id='word_1_787' title='bbox 2543 4418 2723 4470; x_wconf 78' lang='lat' dir='ltr'>sancti</span> <span class='ocrx_word' id='word_1_788' title='bbox 2749 4422 2897 4470; x_wconf 84' lang='lat' dir='ltr'>sunt.</span> <span class='ocrx_word' id='word_1_789' title='bbox 2960 4415 3117 4481; x_wconf 85' lang='lat' dir='ltr'>Quod</span> <span class='ocrx_word' id='word_1_790' title='bbox 3170 4415 3217 4471; x_wconf 85' lang='lat' dir='ltr'>si</span> <span class='ocrx_word' id='word_1_791' title='bbox 3266 4414 3510 4486; x_wconf 80' lang='lat' dir='ltr'>inﬁdelis</span> <span class='ocrx_word' id='word_1_792' title='bbox 3554 4416 3808 4484; x_wconf 77' lang='lat' dir='ltr'>discedit,</span> 
     </span>
    </p>
   </div>
   <div class='ocr_carea' id='block_1_106' title="bbox 2158 4502 3808 4575">
    <p class='ocr_par' dir='ltr' id='par_1_106' title="bbox 2158 4502 3808 4575">
     <span class='ocr_line' id='line_1_106' title="bbox 2158 4502 3808 4575; baseline 0.001 -18"><span class='ocrx_word' id='word_1_793' title='bbox 2158 4502 2422 4558; x_wconf 80' lang='lat' dir='ltr'>discedat.</span> <span class='ocrx_word' id='word_1_794' title='bbox 2453 4505 2576 4560; x_wconf 83' lang='lat' dir='ltr'>Non</span> <span class='ocrx_word' id='word_1_795' title='bbox 2602 4510 2681 4558; x_wconf 82' lang='lat' dir='ltr'>est</span> <span class='ocrx_word' id='word_1_796' title='bbox 2709 4506 2962 4559; x_wconf 76' lang='lat' dir='ltr'>servituti</span> <span class='ocrx_word' id='word_1_797' title='bbox 2986 4505 3260 4575; x_wconf 76' lang='lat' dir='ltr'>subjectus</span> <span class='ocrx_word' id='word_1_798' title='bbox 3285 4508 3465 4574; x_wconf 75' lang='lat' dir='ltr'>frater</span> <span class='ocrx_word' id='word_1_799' title='bbox 3502 4511 3599 4561; x_wconf 85' lang='lat' dir='ltr'>aut</span> <span class='ocrx_word' id='word_1_800' title='bbox 3652 4519 3808 4559; x_wconf 77' lang='lat' dir='ltr'>soror</span> 
     </span>
    </p>
   </div>
   <div class='ocr_carea' id='block_1_107' title="bbox 2158 4588 3561 4663">
    <p class='ocr_par' dir='ltr' id='par_1_107' title="bbox 2158 4588 3561 4663">
     <span class='ocr_line' id='line_1_107' title="bbox 2158 4588 3561 4663; baseline 0.002 -18"><span class='ocrx_word' id='word_1_801' title='bbox 2158 4588 2220 4645; x_wconf 79' lang='lat' dir='ltr'>in</span> <span class='ocrx_word' id='word_1_802' title='bbox 2240 4591 2577 4661; x_wconf 84' lang='lat' dir='ltr'>hujusmodi.</span> <span class='ocrx_word' id='word_1_803' title='bbox 2614 4595 2751 4648; x_wconf 87' lang='lat' dir='ltr'>Nam</span> <span class='ocrx_word' id='word_1_804' title='bbox 2782 4595 2841 4647; x_wconf 90' lang='lat' dir='ltr'>in</span> <span class='ocrx_word' id='word_1_805' title='bbox 2864 4609 3004 4663; x_wconf 82' lang='lat' dir='ltr'>pace</span> <span class='ocrx_word' id='word_1_806' title='bbox 3028 4597 3245 4649; x_wconf 79' lang='lat' dir='ltr'>vocavit</span> <span class='ocrx_word' id='word_1_807' title='bbox 3272 4609 3371 4651; x_wconf 85' lang='lat' dir='ltr'>nos</span> <span class='ocrx_word' id='word_1_808' title='bbox 3403 4596 3561 4650; x_wconf 78' lang='lat' dir='ltr'>Deus.</span> 
     </span>
    </p>
   </div>
   <div class='ocr_carea' id='block_1_108' title="bbox 2228 4787 3809 4862">
    <p class='ocr_par' dir='ltr' id='par_1_108' title="bbox 2228 4787 3809 4862">
     <span class='ocr_line' id='line_1_108' title="bbox 2228 4787 3809 4862; baseline 0.002 -20"><span class='ocrx_word' id='word_1_809' title='bbox 2228 4788 2372 4843; x_wconf 84' lang='lat' dir='ltr'>Nam</span> <span class='ocrx_word' id='word_1_810' title='bbox 2391 4787 2437 4842; x_wconf 89' lang='lat' dir='ltr'>si</span> <span class='ocrx_word' id='word_1_811' title='bbox 2461 4805 2619 4859; x_wconf 89' lang='lat' dir='ltr'>pars,</span> <span class='ocrx_word' id='word_1_812' title='bbox 2642 4788 3126 4860; x_wconf 87' lang='lat' dir='ltr'>inquit,inﬁdelis</span> <span class='ocrx_word' id='word_1_813' title='bbox 3143 4804 3263 4843; x_wconf 92' lang='lat' dir='ltr'>non</span> <span class='ocrx_word' id='word_1_814' title='bbox 3288 4788 3809 4862; x_wconf 87' lang='lat' dir='ltr'>vinciturpuritate</span> 
     </span>
    </p>
   </div>
   <div class='ocr_carea' id='block_1_109' title="bbox 2158 4875 3805 4952">
    <p class='ocr_par' dir='ltr' id='par_1_109' title="bbox 2158 4875 3805 4952">
     <span class='ocr_line' id='line_1_109' title="bbox 2158 4875 3805 4952; baseline 0.001 -20"><span class='ocrx_word' id='word_1_815' title='bbox 2158 4875 2373 4945; x_wconf 90' lang='lat' dir='ltr'>ﬁdelis,</span> <span class='ocrx_word' id='word_1_816' title='bbox 2398 4877 2548 4932; x_wconf 90' lang='lat' dir='ltr'>nihil</span> <span class='ocrx_word' id='word_1_817' title='bbox 2570 4882 2755 4933; x_wconf 90' lang='lat' dir='ltr'>restat</span> <span class='ocrx_word' id='word_1_818' title='bbox 2774 4878 2889 4934; x_wconf 88' lang='lat' dir='ltr'>nisi</span> <span class='ocrx_word' id='word_1_819' title='bbox 2911 4882 2978 4932; x_wconf 93' lang='lat' dir='ltr'>ut</span> <span class='ocrx_word' id='word_1_820' title='bbox 2997 4877 3098 4952; x_wconf 89' lang='lat' dir='ltr'>qui</span> <span class='ocrx_word' id='word_1_821' title='bbox 3149 4882 3480 4933; x_wconf 86' lang='lat' dir='ltr'>nascuntur</span> <span class='ocrx_word' id='word_1_822' title='bbox 3509 4878 3805 4934; x_wconf 88' lang='lat' dir='ltr'>immundi</span> 
     </span>
    </p>
   </div>
   <div class='ocr_carea' id='block_1_110' title="bbox 2157 4966 3807 5040">
    <p class='ocr_par' dir='ltr' id='par_1_110' title="bbox 2157 4966 3807 5040">
     <span class='ocr_line' id='line_1_110' title="bbox 2157 4966 3807 5040; baseline 0.002 -19"><span class='ocrx_word' id='word_1_823' title='bbox 2157 4967 2324 5035; x_wconf 89' lang='lat' dir='ltr'>ﬁant,</span> <span class='ocrx_word' id='word_1_824' title='bbox 2351 4967 2714 5024; x_wconf 87' lang='lat' dir='ltr'>autdimidia</span> <span class='ocrx_word' id='word_1_825' title='bbox 2735 4973 2967 5024; x_wconf 88' lang='lat' dir='ltr'>tantum</span> <span class='ocrx_word' id='word_1_826' title='bbox 2990 4973 3156 5040; x_wconf 87' lang='lat' dir='ltr'>parte</span> <span class='ocrx_word' id='word_1_827' title='bbox 3182 4966 3415 5025; x_wconf 91' lang='lat' dir='ltr'>mundi:</span> <span class='ocrx_word' id='word_1_828' title='bbox 3440 4968 3599 5040; x_wconf 89' lang='lat' dir='ltr'>quod</span> <span class='ocrx_word' id='word_1_829' title='bbox 3619 4969 3699 5024; x_wconf 90' lang='lat' dir='ltr'>ita</span> <span class='ocrx_word' id='word_1_830' title='bbox 3720 4969 3807 5024; x_wconf 85' lang='lat' dir='ltr'>in-</span> 
     </span>
    </p>
   </div>
   <div class='ocr_carea' id='block_1_111' title="bbox 2156 5056 3808 5130">
    <p class='ocr_par' dir='ltr' id='par_1_111' title="bbox 2156 5056 3808 5130">
     <span class='ocr_line' id='line_1_111' title="bbox 2156 5056 3808 5130; baseline 0.002 -19"><span class='ocrx_word' id='word_1_831' title='bbox 2156 5056 2303 5128; x_wconf 89' lang='lat' dir='ltr'>quit,</span> <span class='ocrx_word' id='word_1_832' title='bbox 2326 5074 2449 5113; x_wconf 90' lang='lat' dir='ltr'>non</span> <span class='ocrx_word' id='word_1_833' title='bbox 2472 5063 2581 5121; x_wconf 76' lang='lat' dir='ltr'>est,</span> <span class='ocrx_word' id='word_1_834' title='bbox 2605 5074 2745 5113; x_wconf 91' lang='lat' dir='ltr'>nam</span> <span class='ocrx_word' id='word_1_835' title='bbox 2769 5059 2958 5114; x_wconf 85' lang='lat' dir='ltr'>sancti</span> <span class='ocrx_word' id='word_1_836' title='bbox 2982 5064 3150 5114; x_wconf 90' lang='lat' dir='ltr'>sunt:</span> <span class='ocrx_word' id='word_1_837' title='bbox 3175 5075 3282 5130; x_wconf 88' lang='lat' dir='ltr'>per</span> <span class='ocrx_word' id='word_1_838' title='bbox 3301 5056 3624 5114; x_wconf 90' lang='lat' dir='ltr'>dictionem</span> <span class='ocrx_word' id='word_1_839' title='bbox 3676 5076 3808 5115; x_wconf 86' lang='lat' dir='ltr'>san-</span> 
     </span>
    </p>
   </div>
   <div class='ocr_carea' id='block_1_112' title="bbox 2154 5144 3803 5217">
    <p class='ocr_par' dir='ltr' id='par_1_112' title="bbox 2154 5144 3803 5217">
     <span class='ocr_line' id='line_1_112' title="bbox 2154 5144 3803 5217; baseline 0.001 -14"><span class='ocrx_word' id='word_1_840' title='bbox 2154 5145 2375 5203; x_wconf 85' lang='lat' dir='ltr'>ctitatis</span> <span class='ocrx_word' id='word_1_841' title='bbox 2407 5144 2785 5202; x_wconf 86' lang='lat' dir='ltr'>abundanter</span> <span class='ocrx_word' id='word_1_842' title='bbox 2802 5147 3104 5217; x_wconf 88' lang='lat' dir='ltr'>repellens</span> <span class='ocrx_word' id='word_1_843' title='bbox 3142 5146 3440 5203; x_wconf 81' lang='lat' dir='ltr'>timorem.</span> <span class='ocrx_word' id='word_1_844' title='bbox 3476 5147 3594 5204; x_wconf 82' lang='lat' dir='ltr'>Hoc</span> <span class='ocrx_word' id='word_1_845' title='bbox 3642 5150 3803 5204; x_wconf 84' lang='lat' dir='ltr'>enim</span> 
     </span>
    </p>
   </div>
   <div class='ocr_carea' id='block_1_113' title="bbox 2156 5235 3802 5308">
    <p class='ocr_par' dir='ltr' id='par_1_113' title="bbox 2156 5235 3802 5308">
     <span class='ocr_line' id='line_1_113' title="bbox 2156 5235 3802 5308; baseline -0.002 -17"><span class='ocrx_word' id='word_1_846' title='bbox 2156 5240 2244 5291; x_wconf 89' lang='lat' dir='ltr'>est</span> <span class='ocrx_word' id='word_1_847' title='bbox 2265 5235 2423 5308; x_wconf 90' lang='lat' dir='ltr'>quod</span> <span class='ocrx_word' id='word_1_848' title='bbox 2444 5237 2527 5291; x_wconf 92' lang='lat' dir='ltr'>ait</span> <span class='ocrx_word' id='word_1_849' title='bbox 2550 5253 2563 5290; x_wconf 93' lang='lat'><strong>:</strong></span> <span class='ocrx_word' id='word_1_850' title='bbox 2586 5256 2608 5288; x_wconf 77' lang='lat' dir='ltr'>c</span> <span class='ocrx_word' id='word_1_851' title='bbox 2633 5235 2869 5308; x_wconf 85' lang='lat' dir='ltr'>Alioqui</span> <span class='ocrx_word' id='word_1_852' title='bbox 2886 5235 2992 5291; x_wconf 88' lang='lat' dir='ltr'>ﬁlii</span> <span class='ocrx_word' id='word_1_853' title='bbox 3012 5237 3188 5292; x_wconf 81' lang='lat' dir='ltr'>vestri</span> <span class='ocrx_word' id='word_1_854' title='bbox 3211 5236 3502 5293; x_wconf 88' lang='lat' dir='ltr'>immundi</span> <span class='ocrx_word' id='word_1_855' title='bbox 3520 5244 3738 5307; x_wconf 89' lang='lat' dir='ltr'>essent,</span> <span class='ocrx_word' id='word_1_856' title='bbox 3774 5261 3802 5289; x_wconf 81' lang='lat'><strong>»</strong></span> 
     </span>
    </p>
   </div>
   <div class='ocr_carea' id='block_1_114' title="bbox 2152 5324 3806 5399">
    <p class='ocr_par' dir='ltr' id='par_1_114' title="bbox 2152 5324 3806 5399">
     <span class='ocr_line' id='line_1_114' title="bbox 2152 5324 3806 5399; baseline 0.003 -20"><span class='ocrx_word' id='word_1_857' title='bbox 2152 5325 2267 5380; x_wconf 89' lang='lat' dir='ltr'>nisi</span> <span class='ocrx_word' id='word_1_858' title='bbox 2320 5324 2594 5382; x_wconf 85' lang='lat' dir='ltr'>videlicet</span> <span class='ocrx_word' id='word_1_859' title='bbox 2650 5325 2734 5381; x_wconf 91' lang='lat' dir='ltr'>ita</span> <span class='ocrx_word' id='word_1_860' title='bbox 2790 5330 2948 5381; x_wconf 89' lang='lat' dir='ltr'>esset</span> <span class='ocrx_word' id='word_1_861' title='bbox 2980 5342 2994 5380; x_wconf 89' lang='lat'><strong>:</strong></span> <span class='ocrx_word' id='word_1_862' title='bbox 3042 5331 3101 5381; x_wconf 87' lang='lat' dir='ltr'>at</span> <span class='ocrx_word' id='word_1_863' title='bbox 3130 5342 3289 5383; x_wconf 89' lang='lat' dir='ltr'>nunc</span> <span class='ocrx_word' id='word_1_864' title='bbox 3321 5327 3511 5384; x_wconf 89' lang='lat' dir='ltr'>sancti</span> <span class='ocrx_word' id='word_1_865' title='bbox 3544 5334 3699 5399; x_wconf 90' lang='lat' dir='ltr'>sunt,</span> <span class='ocrx_word' id='word_1_866' title='bbox 3736 5346 3806 5384; x_wconf 85' lang='lat' dir='ltr'>ex</span> 
     </span>
    </p>
   </div>
   <div class='ocr_carea' id='block_1_115' title="bbox 2152 5412 2897 5472">
    <p class='ocr_par' dir='ltr' id='par_1_115' title="bbox 2152 5412 2897 5472">
     <span class='ocr_line' id='line_1_115' title="bbox 2152 5412 2897 5472; baseline 0 -2"><span class='ocrx_word' id='word_1_867' title='bbox 2152 5412 2522 5471; x_wconf 87' lang='lat' dir='ltr'>abundantia</span> <span class='ocrx_word' id='word_1_868' title='bbox 2544 5414 2897 5472; x_wconf 87' lang='lat' dir='ltr'>sanctitatis.</span> 
     </span>
    </p>
   </div>
   <div class='ocr_carea' id='block_1_116' title="bbox 2222 5503 3803 5577">
    <p class='ocr_par' dir='ltr' id='par_1_116' title="bbox 2222 5503 3803 5577">
     <span class='ocr_line' id='line_1_116' title="bbox 2222 5503 3803 5577; baseline 0.003 -18"><span class='ocrx_word' id='word_1_869' title='bbox 2222 5504 2379 5560; x_wconf 73' lang='lat'><strong>480</strong></span> <span class='ocrx_word' id='word_1_870' title='bbox 2410 5526 2437 5553; x_wconf 88' lang='grc'>‹‹</span> <span class='ocrx_word' id='word_1_871' title='bbox 2471 5503 2636 5570; x_wconf 84' lang='lat' dir='ltr'>Quod</span> <span class='ocrx_word' id='word_1_872' title='bbox 2669 5506 2717 5560; x_wconf 90' lang='lat' dir='ltr'>si</span> <span class='ocrx_word' id='word_1_873' title='bbox 2750 5503 3013 5561; x_wconf 90' lang='lat' dir='ltr'>inﬁdelis</span> <span class='ocrx_word' id='word_1_874' title='bbox 3033 5506 3598 5577; x_wconf 88' lang='lat' dir='ltr'>discedit,discedat.</span> <span class='ocrx_word' id='word_1_875' title='bbox 3629 5531 3656 5558; x_wconf 83' lang='lat'><strong>»</strong></span> <span class='ocrx_word' id='word_1_876' title='bbox 3686 5511 3803 5564; x_wconf 84' lang='lat' dir='ltr'>Hoc</span> 
     </span>
    </p>
   </div>
   <div class='ocr_carea' id='block_1_117' title="bbox 2151 5594 3801 5666">
    <p class='ocr_par' dir='ltr' id='par_1_117' title="bbox 2151 5594 3801 5666">
     <span class='ocr_line' id='line_1_117' title="bbox 2151 5594 3801 5666; baseline 0.001 -17"><span class='ocrx_word' id='word_1_877' title='bbox 2151 5594 2315 5659; x_wconf 89' lang='lat' dir='ltr'>est,si</span> <span class='ocrx_word' id='word_1_878' title='bbox 2322 5594 2497 5666; x_wconf 86' lang='lat' dir='ltr'>jubet</span> <span class='ocrx_word' id='word_1_879' title='bbox 2514 5600 2578 5650; x_wconf 92' lang='lat' dir='ltr'>ut</span> <span class='ocrx_word' id='word_1_880' title='bbox 2589 5610 2724 5651; x_wconf 90' lang='lat' dir='ltr'>cum</span> <span class='ocrx_word' id='word_1_881' title='bbox 2738 5611 2805 5651; x_wconf 88' lang='lat' dir='ltr'>eo</span> <span class='ocrx_word' id='word_1_882' title='bbox 2819 5596 3228 5652; x_wconf 90' lang='lat' dir='ltr'>communices</span> <span class='ocrx_word' id='word_1_883' title='bbox 3244 5598 3304 5651; x_wconf 90' lang='lat' dir='ltr'>in</span> <span class='ocrx_word' id='word_1_884' title='bbox 3319 5596 3801 5662; x_wconf 82' lang='lat' dir='ltr'>inﬁdelitate,aut</span> 
     </span>
    </p>
   </div>
   <div class='ocr_carea' id='block_1_118' title="bbox 2148 5682 3796 5758">
    <p class='ocr_par' dir='ltr' id='par_1_118' title="bbox 2148 5682 3796 5758">
     <span class='ocr_line' id='line_1_118' title="bbox 2148 5682 3796 5758; baseline 0.003 -21"><span class='ocrx_word' id='word_1_885' title='bbox 2148 5683 2265 5738; x_wconf 89' lang='lat' dir='ltr'>nisi</span> <span class='ocrx_word' id='word_1_886' title='bbox 2283 5682 2397 5740; x_wconf 90' lang='lat' dir='ltr'>hoc</span> <span class='ocrx_word' id='word_1_887' title='bbox 2414 5683 2782 5757; x_wconf 86' lang='lat' dir='ltr'>facias,quod</span> <span class='ocrx_word' id='word_1_888' title='bbox 2800 5686 3070 5758; x_wconf 86' lang='lat' dir='ltr'>separabi</span> <span class='ocrx_word' id='word_1_889' title='bbox 3079 5692 3194 5753; x_wconf 88' lang='lat' dir='ltr'>tur,</span> <span class='ocrx_word' id='word_1_890' title='bbox 3212 5691 3539 5757; x_wconf 87' lang='lat' dir='ltr'>separetur,</span> <span class='ocrx_word' id='word_1_891' title='bbox 3563 5685 3758 5756; x_wconf 87' lang='lat' dir='ltr'>inquit</span> <span class='ocrx_word' id='word_1_892' title='bbox 3782 5704 3796 5742; x_wconf 89' lang='lat'><em>:</em></span> 
     </span>
    </p>
   </div>
   <div class='ocr_carea' id='block_1_119' title="bbox 2149 5771 3794 5849">
    <p class='ocr_par' dir='ltr' id='par_1_119' title="bbox 2149 5771 3794 5849">
     <span class='ocr_line' id='line_1_119' title="bbox 2149 5771 3794 5849; baseline -0.001 -19"><span class='ocrx_word' id='word_1_893' title='bbox 2149 5771 2364 5830; x_wconf 87' lang='lat' dir='ltr'>melius</span> <span class='ocrx_word' id='word_1_894' title='bbox 2382 5778 2473 5829; x_wconf 92' lang='lat' dir='ltr'>est</span> <span class='ocrx_word' id='word_1_895' title='bbox 2485 5775 2642 5830; x_wconf 88' lang='lat' dir='ltr'>enim</span> <span class='ocrx_word' id='word_1_896' title='bbox 2657 5790 2766 5830; x_wconf 91' lang='lat' dir='ltr'>con</span> <span class='ocrx_word' id='word_1_897' title='bbox 2764 5775 2999 5849; x_wconf 79' lang='lat' dir='ltr'>jugium</span> <span class='ocrx_word' id='word_1_898' title='bbox 3017 5771 3257 5830; x_wconf 86' lang='lat' dir='ltr'>dissolvi</span> <span class='ocrx_word' id='word_1_899' title='bbox 3273 5788 3449 5845; x_wconf 87' lang='lat' dir='ltr'>quam</span> <span class='ocrx_word' id='word_1_900' title='bbox 3490 5771 3794 5847; x_wconf 89' lang='lat' dir='ltr'>pietatem.</span> 
     </span>
    </p>
   </div>
  </div>
