4118 6462
286 434 401 494 ’131

1412 435 1837 499 OECUMENII
1884 436 2189 497 ΤΙιΙΟΟιΕ
2233 437 2610 502 EPISCOPI.

3598 438 3713 499 732

296 589 324 616 ‹‹
347 568 469 622 Non
484 571 573 621 est
587 567 850 621 servituti
871 567 1176 640 subjectus
1190 569 1393 625 frater.
1417 591 1444 619 «
1464 568 1631 634 Quod
1680 569 1728 624 si
1760 568 1938 623 etiam

2054 588 2083 617 ‹‹
2118 566 2195 623 Οὐ
2228 565 2571 625 δεδούλωται
2612 573 2640 627 6
2671 569 2929 652 ἀδελφός.
2964 595 2992 625 ››
3049 570 3112 628 Εἰ
3161 568 3218 626 δὲ
3265 570 3358 624 καὶ
3409 568 3527 633 καθ’
3586 568 3711 623 ἑκά-

293 656 355 709 in
374 655 500 711 dies
514 663 735 729 pugnat
749 658 1189 723 autcontendit,
1212 658 1416 714 volens
1435 664 1490 713 te
1511 659 1585 713 ad
1607 673 1775 712 suam
1812 657 1940 712 inﬁ-

295 745 600 800 delitatem
623 747 968 818 pertrahere
996 765 1008 801 :
1034 749 1144 803 hoc
1167 764 1402 820 quoque
1426 748 1600 803 modo
1643 762 1938 819 separare.

290 835 413 887 Non
433 834 592 890 enim
606 836 679 890 ad
703 837 1222 909 bujuscemodires
1250 838 1551 909 subjectus
1568 853 1631 892 es
1650 836 1938 902 servituti,

284 924 537 978 utetiam
554 926 1181 999 pugnantenﬁferasEt
1196 926 1577 983 manifestum
1595 925 1854 997 estquod
1867 924 1940 980 de

287 1029 485 1085 pugna
499 1031 631 1085 quae
647 1016 1303 1088 acciditloquitur,cum
1320 1016 1449 1088 subj
1460 1015 1652 1088 ungit:
1681 1035 1707 1067 ιι
1719 1017 1784 1069 In
1795 1030 1939 1086 pace

291 1105 523 1160 vocavit
552 1123 662 1161 nos
694 1107 871 1175 Deus,
909 1129 932 1159 ν
970 1108 1081 1163 hoc
1112 1114 1219 1178 est,
1248 1112 1314 1163 ut
1343 1108 1404 1162 in
1432 1124 1578 1180 pace
1634 1107 1939 1179 degamus,

298 1200 356 1249 et
376 1212 497 1251 non
520 1196 598 1251 sit
618 1196 772 1251 inter
794 1214 902 1252 nos
927 1198 1240 1253 dissidium
1263 1203 1365 1254 aut
1396 1214 1607 1270 pagna.
1650 1196 1940 1262 Quoniam

290 1283 471 1357 igitur
499 1292 723 1359 pugnat
752 1292 810 1341 et
834 1289 1079 1356 rixatur,
1112 1294 1427 1360 propterea
1446 1287 1668 1343 bonum
1691 1291 1779 1340 est
1798 1284 1942 1339 libe-

292 1373 470 1430 rari.«
490 1376 613 1429 Non
633 1381 722 1430 est
739 1376 1004 1431 servituti
1024 1376 1155 1448 subj
1166 1382 1330 1432 ectus
1347 1376 1529 1431 frater
1547 1380 1650 1431 aut
1683 1390 1852 1429 soror
1878 1372 1940 1426 in

292 1460 656 1531 hujusmodi.
682 1484 709 1514 »
737 1468 858 1518 Non
880 1464 1077 1532 habet,
1095 1465 1311 1535 inquit,
1334 1463 1527 1519 ﬁdelis
1562 1462 1809 1517 maritus
1840 1464 1943 1515 aut

288 1566 442 1605 uxor
463 1568 599 1607 cum
623 1552 900 1609 ﬁdelibus
922 1570 1053 1609 eam
1075 1555 1493 1609 necessitatem
1516 1569 1647 1624 quas
1670 1550 1943 1606 imminet

291 1640 344 1695 ei
369 1656 506 1695 cum
530 1641 828 1698 ﬁdelibus.
850 1642 934 1697 Ibi
961 1644 1119 1698 enim
1140 1643 1305 1699 nullo
1324 1642 1497 1698 modo
1517 1641 1739 1711 absque
1764 1654 1941 1694 causa

286 1731 701 1787 fornicationis
715 1732 856 1787 licet
868 1750 902 1788 a
914 1750 975 1788 se
991 1739 1196 1788 mutuo
1210 1750 1312 1789 eos
1334 1733 1436 1803 qui
1470 1731 1601 1803 conj
1611 1729 1772 1785 uncti
1804 1732 1944 1783 sunt

291 1820 577 1890 separari.
612 1821 718 1876 Hic
747 1838 884 1877 vero
915 1821 966 1877 si
996 1822 1321 1878 assenserit
1346 1820 1588 1893 quidem
1637 1836 1775 1891 pars
1805 1817 1936 1871 inﬁ-

296 1908 448 1964 delis
486 1915 553 1964 ut
581 1910 810 1965 habitet
838 1928 973 1967 cum
1004 1911 1188 1981 ﬁdeli,
1246 1916 1480 1983 oportet
1536 1924 1655 1964 non
1714 1907 1939 1963 solvere

295 1999 425 2071 conj
436 1999 660 2069 ugium,
677 2000 725 2054 si
742 2017 877 2056 vero
892 2000 1207 2056 dissidium
1231 2000 1477 2055 moverit
1498 2015 1565 2053 ac
1581 1997 1941 2052 solutionem

292 2087 398 2142 illa
429 2088 656 2157 fecerit,
690 2106 809 2143 non
844 2095 934 2144 est
960 2090 1227 2145 servituti
1259 2089 1561 2160 subjectus
1620 2084 1813 2142 ﬁdelis
1878 2087 1943 2138 ut

290 2192 410 2231 non
446 2183 791 2249 separetur:
822 2178 927 2233 sed
957 2179 1110 2234 liber
1136 2184 1226 2234 est
1253 2182 1321 2233 ut
1348 2177 1453 2233 illa
1492 2174 1940 2232 matrimonium

291 2267 555 2324 solvente
577 2269 756 2325 etiam
780 2269 906 2342 ipse
931 2276 1259 2341 separetur.
1282 2272 1557 2325 Attamen
1590 2282 1941 2337 quanquam

291 2356 442 2411 liber
463 2358 558 2424 sit,
576 2363 642 2412 ut
662 2365 905 2430 propter
922 2359 1246 2415 incredulae
1270 2358 1582 2415 dissidium
1610 2356 1796 2412 solvat
1808 2371 1943 2410 con-

286 2448 525 2518 jugium
553 2464 565 2502 :
590 2449 778 2503 multo
805 2454 1004 2504 tamen
1028 2448 1244 2504 melius
1267 2450 1531 2504 facturus
1550 2452 1658 2515 est,
1680 2446 1727 2500 si
1751 2443 1946 2499 soluta

295 2537 676 2592 contentione
697 2554 805 2609 per
824 2554 1031 2609 pacem
1053 2538 1327 2608 bonaque
1349 2553 1549 2609 opera,
1567 2552 1686 2590 non
1706 2532 1947 2589 solverit

292 2626 763 2681 matrimonium.
795 2648 823 2676 «
858 2628 1003 2682 Nam
1034 2627 1093 2681 in
1125 2643 1268 2698 pace
1289 2627 1514 2682 vocavit
1542 2641 1652 2679 nos
1681 2625 1854 2678 Deus.
1913 2640 1944 2669 κ

283 2715 422 2783 Hoc,
458 2716 915 2790 inquit,signum
947 2724 1038 2773 est
1068 2719 1435 2773 vocationem
1461 2721 1723 2771 nostram
1757 2727 1885 2767 esse
1911 2726 1946 2766 a

298 2806 440 2873 Deo,
476 2805 525 2859 si
558 2822 695 2878 erga
722 2823 929 2862 omnes
960 2813 1248 2877 quantum
1277 2808 1336 2861 in
1366 2806 1539 2862 nobis
1571 2809 1662 2859 est
1713 2799 1945 2873 paciﬁci

296 2893 505 2949 simus.
538 2896 609 2949 Et
638 2895 776 2950 huic
833 2896 1311 2968 interpretationi
1379 2895 1683 2951 co‘nforme
1740 2895 1831 2945 est
1888 2889 1946 2943 id

296 2983 455 3053 quod
487 2985 791 3055 sequitur:
825 3006 847 3036 ι
882 2985 1032 3051 Quid
1063 2987 1222 3041 enim
1253 2986 1431 3051 nosti,
1464 3000 1632 3047 uxor,
1659 2998 1732 3036 an
1755 2980 1945 3034 virum

296 3072 520 3128 salvum
552 3075 778 3131 facies?
808 3097 835 3125 »
864 3081 1107 3147 propter
1137 3075 1457 3131 maximam
1488 3073 1562 3129 ad
1588 3073 1777 3144 ipsam
1805 3085 1948 3123 con-

295 3160 681 3221 formitatem.

366 3252 482 3317 VII,
518 3253 605 3321 i6,
650 3256 737 3307 17.
769 3254 920 3323 Quid
944 3257 1090 3310 enim
1119 3256 1286 3323 nosti,
1320 3271 1482 3319 uxor,
1528 3270 1600 3308 an
1632 3254 1811 3306 virum
1832 3248 1942 3302 sal—

2051 658 2421 734 στηνὴμέραν
2464 659 2717 717 πυκτεύει
2772 662 2865 716 καὶ
2926 662 3183 737 μάχεται,
3249 657 3588 733 βουλόμενός
3650 679 3710 713 σε

2050 746 2185 821 πρὸς
2215 750 2315 815 τήν
2345 749 2540 805 ἑαυτοῦ
2587 750 2837 806 ἀπιστίαν
2899 749 3148 821 ἑλκύσαι,
3204 750 3295 804 καὶ
3355 748 3529 809 οὕτως
3586 767 3706 822 χωο

2051 834 2286 909 ρίσθητι.
2329 836 2405 895 Ού
2439 840 2541 915 γὰρ
2573 836 2934 909 δεδούλωσαι,
2977 839 3162 919 φησὶν,
3223 837 3300 901 εἷς
3344 839 3411 893 τὰ
3458 835 3704 919 τοιαῦτα,

2051 923 2310 981 ὥστεκαὶ
2343 928 2659 1003 μαχόμενον
2695 916 2999 1004 βαστάζεινζ
3059 929 3163 986 Καὶ
3215 925 3386 997 δῆλον
3438 928 3527 983 ὃτι
3578 916 3704 1003 περῖ

2053 1013 2241 1089 μάχης
2269 1015 2565 1090 γενομένης
2595 1016 2767 1094 λέγει,
2820 1015 2873 1088 ἐξ
2906 1016 2980 1071 ὧν
3006 1016 3219 1094 ἐπάγει·
3249 1040 3277 1069 ‹‹
3313 1018 3400 1074 Ἐν
3431 1013 3490 1072 δὲ
3520 1015 3708 1091 εῗρήνῃ

2049 1101 2317 1173 κέκληκεν
2348 1107 2497 1180 ἡμᾶς
2526 1107 2554 1161 6
2583 1108 2736 1169 Θεός·
2774 1131 2803 1159 ››
2842 1106 3141 1176 τουτέστιν,
3190 1103 3287 1161 ἵνα
3316 1105 3708 1181 εἰρηνεύωμεν,

2047 1192 2138 1245 καὶ
2166 1195 2240 1265 μὴ
2276 1192 2328 1248 έν
2366 1196 2493 1268 ὑμῖν
2521 1195 2558 1270 ᾖ
2590 1194 2772 1258 στάσις
2811 1196 2845 1265 ἢ
2884 1197 3062 1271 μάχη.
3098 1194 3253 1254 Ἐπεὶ
3303 1196 3398 1249 οὖν
3447 1193 3706 1270 μάχεται,

2052 1281 2140 1337 δια
2195 1290 2359 1341 τοῦτο
2418 1285 2805 1363 ἀπαλλαγῆναι
2864 1288 3056 1346 καλόν.
3116 1311 3145 1339 ‹‹
3180 1285 3255 1345 Οὐ
3311 1284 3708 1343 δεδούλωταιὸ

2048 1370 2284 1450 ἀδελφὸς
2308 1375 2343 1445 ἢ
2377 1379 2411 1445 ἡ
2439 1374 2651 1456 ἀδελφή
2686 1377 2736 1432 έν
2771 1382 2887 1438 τοῖς
2915 1378 3213 1442 τοιούτοις.
3249 1402 3276 1430 ››
3307 1376 3422 1435 Ούκ
3441 1371 3559 1450 ἔχει
3590 1375 3709 1430 ἀνά-

2047 1482 2208 1537 γκην,
2269 1462 2457 1536 φησὶν,
2512 1465 2540 1519 ὁ
2583 1465 2774 1527 πιστὸς
2825 1465 2923 1536 ἢῆ
2955 1467 3122 1536 πιστή
3181 1465 3234 1522 ἐν
3287 1470 3403 1527 τοῖς
3456 1464 3708 1525 ἀπίστοις

2046 1551 2331 1623 τοιαύτην,
2366 1551 2457 1608 οἶα
2487 1553 2638 1626 αὐτῷ
2668 1553 2931 1610 ἐπίκειται
2989 1555 3074 1612 ἐπὶ
3117 1560 3224 1611 τῶν
3280 1559 3510 1612 πιστῶν.
3562 1554 3710 1609 Ἐκεῖ

2053 1640 2146 1711 μὶν
2186 1640 2289 1716 γὰρ
2333 1642 2493 1722 παντὶ
2552 1643 2763 1718 τρόπῳ,
2813 1644 2989 1719 χωρὶς
3048 1642 3221 1722 λόγου
3276 1644 3552 1721 πορνείας,
3608 1642 3707 1698 ούκ

2050 1725 2249 1798 ἔξεστιν
2282 1729 2372 1784 ἀπ’
2413 1729 2683 1802 ἀλλήλων
2735 1732 2863 1795 τοὺς
2923 1731 3281 1813 συναφθέντας
3339 1735 3702 1808 χωρισθῆναι·

2049 1816 2274 1873 ἐνταῦθα
2335 1817 2417 1887 δὲ,
2473 1817 2533 1874 ἄν
2591 1821 2689 1894 μὶν
2745 1819 3043 1897 συνευδοκῇ
3099 1822 3161 1878 τὸ
3245 1820 3471 1878 ἃπιστον
3540 1823 3704 1897 μέρος

2048 1912 2127 1979 τῷ
2158 1912 2335 1981 πιστῷ
2384 1915 2674 1979 συνοικεῖν,
2735 1908 2820 1965 δεῖ
2888 1913 2964 1984 μὴ
3026 1910 3173 1967 λύειν
3224 1913 3287 1967 τὸ
3344 1912 3700 1966 συνοικέσιον.

2051 1993 2111 2052 ἄν
2191 1994 2249 2051 δὲ
2325 2000 2612 2073 στασιάζῃ,
2689 1999 2779 2055 καὶ
2854 2002 2956 2071 την
3034 2001 3189 2056 Λύσιν
3268 2001 3470 2064 ἐκεῖνος
3544 2004 3704 2075 ποιῇ,

2051 2086 2115 2141 οὐ
2175 2083 2508 2143 δεδούλωται
2573 2090 2601 2144 ὁ
2661 2090 2853 2151 πιστὸς
2910 2090 2987 2152 εἰς
3041 2091 3104 2146 τὸ
3183 2092 3260 2163 μή
3339 2098 3704 2166 χωρισθῆναι,

2049 2173 2177 2231 ἀλλ’
2250 2173 2537 2251 ἐλεύθερός
2612 2176 2776 2247 ἐστιν,
2853 2178 3056 2234 ἐκείνου
3134 2178 3359 2241 λύοντος
3442 2180 3534 2235 τὸν
3607 2182 3708 2256 γά-

2054 2284 2178 2337 μον,
2222 2263 2312 2319 καὶ
2374 2264 2537 2328 αὐτὸς
2601 2265 2973 2332 διαναστῆναι.
3037 2267 3214 2340 Πλὴν,
3274 2269 3460 2348 φησὶν,
3516 2269 3561 2324 εἰ
3614 2270 3705 2325 καὶ

2049 2351 2329 2428 ἐλεύθερός
2385 2352 2495 2409 ἐστι
2576 2355 2639 2410 τὸ
2725 2356 3052 2412 συνοικέσιον
3120 2354 3209 2413 διὰ
3262 2360 3362 2427 τήν
3422 2363 3519 2414 τοῦ
3577 2359 3703 2414 imi-

2051 2461 2179 2497 στου
2256 2442 2437 2497 στάσιν
2517 2441 2690 2516 λύειν,
2768 2444 2895 2501 ἀλλ’
2969 2445 3189 2520 ἄμεινον
3264 2445 3465 2519 πολλῷ
3538 2451 3701 2520 ποιή·

2053 2551 2155 2599 σει,
2208 2531 2253 2586 εἷ
2309 2533 2409 2601 τὴν
2464 2529 2577 2608 ἔριν
2656 2533 2842 2609 εἰρήνῃ
2903 2534 2993 2589 καὶ
3059 2534 3440 2612 καλοκαγαθίᾳ
3515 2535 3702 2606 λύσας,

2055 2621 2132 2693 μὴ
2167 2618 2320 2676 λύσει
2348 2622 2441 2677 τὸν
2501 2624 2704 2697 γάμον.
2759 2625 2906 2681 «Ἐν
2965 2625 3068 2699 γὰρ
3127 2624 3344 2701 εἰρήνῃ,
3403 2626 3559 2702 φησὶ,
3617 2626 3703 2683 κέ-

2052 2708 2254 2781 κληκεν
2306 2713 2514 2783 ὴμᾶςὸ
2548 2713 2697 2773 Θεός.
2736 2736 2757 2763 ι
2818 2717 2991 2768 Τοῦτο
3051 2716 3178 2789 γὰρ,
3237 2716 3393 2793 φησὶ,
3453 2717 3542 2772 καὶ
3602 2725 3702 2788 τῆς

2051 2796 2304 2868 κλήσεως
2378 2802 2479 2865 τῆς
2582 2801 2688 2856 ἀπὸ
2791 2805 2924 2856 Θεοῦ
3028 2808 3282 2876 σημεῖον,
3358 2803 3420 2859 τὸ
3496 2805 3703 2880 εἰρηνι-

2052 2885 2182 2949 κοὺς
2243 2888 2367 2942 ὅσον
2420 2888 2482 2942 τὸ
2542 2888 2591 2963 ἐξ
2645 2891 2804 2962 ἡμῶν
2893 2889 3029 2964 πρὸς
3099 2892 3303 2954 πάντας
3361 2892 3516 2948 εἶναι.
3597 2892 3700 2949 Καὶ

2052 2973 2114 3029 τὸ
2146 2973 2336 3051 ἐφεξῆς
2367 2972 2444 3047 δὲ,
2470 3000 2498 3027 ‹‹
2533 2975 2599 3033 Τί
2626 2977 2727 3052 γὰρ
2762 2973 2937 3047 οἶδας,
2969 2977 3147 3053 γύναι,
3176 3002 3203 3029 ››
3236 2979 3324 3033 καὶ
3356 2979 3498 3049 ἑξῆς,
3529 2979 3699 3054 ταύτῃ

2055 3060 2267 3134 συνᾴδει
2304 3066 2376 3137 τῇ
2437 3065 2702 3141 ἑρμηνείᾳ
2758 3061 2848 3120 διὰ
2898 3072 2998 3132 τῆς
3055 3067 3193 3143 πρὸς
3238 3065 3406 3137 αὐτὴν
3469 3066 3704 3141 μάλιστα

2052 3150 2402 3217 ἀκολουθίας.

2122 3241 2179 3296 Τί
2236 3242 2339 3317 γὰρ
2399 3240 2572 3312 οἶδας,
2632 3242 2813 3320 γύναι,
2875 3243 2920 3299 εἰ
2976 3244 3068 3300 τὸν
3138 3241 3307 3319 ἄνδρα
3374 3246 3608 3315 σώσεις;
3668 3246 3703 3316 ’ἢ

292 3358 420 3396 vum
447 3341 619 3410 facies
647 3346 676 3397 ?
703 3350 799 3398 aut
828 3343 929 3414 qui
957 3345 1124 3410 nosti,
1158 3347 1265 3411 vir,
1325 3361 1399 3399 an
1454 3359 1684 3398 umorem
1730 3340 1937 3395 salvam

2054 3332 2100 3387 τί
2161 3330 2333 3402 οἶδας,
2394 3334 2536 3409 ἆνερ,
2596 3332 2643 3389 εἰ
2714 3335 2814 3401 τήν
2897 3335 3129 3409 γυναῖκα
3212 3334 3403 3397 σώσεις
3458 3337 3493 3407 ἢ
3554 3337 3631 3409 μή
3688 3356 3701 3406 ;

292 3432 463 3500 facies
484 3434 725 3486 annon?
788 3434 1168 3504 Unusquisque
1223 3440 1287 3488 ut
1345 3431 1454 3502 ipsi
1511 3432 1698 3486 divisit
1755 3430 1937 3483 Deus:

292 3522 668 3590 unusquisque
697 3528 759 3574 ut
790 3521 969 3591 ipsum
995 3524 1213 3577 vocavit
1242 3523 1521 3587 Dominus,
1547 3523 1629 3575 ita
1659 3519 1939 3575 ambulet:

292 3614 344 3663 et
370 3611 448 3663 sic
477 3611 536 3662 in
567 3611 804 3665 ecclesiis
834 3611 1082 3666 omnibus
1121 3611 1305 3666 doceo.

363 3697 452 3752 Ad
483 3697 543 3750 id
573 3714 810 3754 rursum
867 3700 1115 3769 accedit,
1176 3705 1375 3755 utrum
1424 3696 1817 3754 dimittendus
1865 3696 1942 3751 sit

291 3786 553 3842 inﬁdelis
579 3788 678 3858 qui
703 3787 826 3842 vult
850 3805 1112 3857 manere,
1138 3806 1246 3844 nec
1278 3788 1592 3844 dissidium
1637 3791 1850 3851 movet,
1885 3791 1944 3841 et

292 3876 372 3931 ait
399 3893 412 3930 :
441 3876 498 3930 Si
526 3876 839 3933 dissidium
863 3895 983 3934 non
1008 3884 1238 3935 moveat
1257 3879 1568 3935 adversum
1603 3883 1678 3944 te,
1702 3882 1941 3932 maneto

294 3981 429 4020 cum
453 3966 603 4037 ipso.
630 3968 963 4023 Verisimile
987 3970 1148 4024 enim
1171 3974 1260 4024 est
1281 3968 1440 4040 quod
1470 3968 1756 4039 temporis
1787 3966 1934 4021 481

293 4069 609 4126 progressu
641 4057 837 4127 ipsum
884 4074 1121 4128 quoque
1177 4057 1403 4113 salvum
1458 4056 1662 4123 facies,
1723 4055 1943 4110 factum

294 4144 561 4215 ejusdem
620 4150 817 4201 tecum
870 4146 1077 4214 animi,
1132 4147 1435 4216 faciesque
1494 4145 1754 4200 ﬁdelem.
1798 4143 1943 4198 Vide

296 4238 495 4287 autem
527 4233 685 4303 quod
717 4250 837 4289 non
869 4236 1049 4307 exigit
1076 4241 1142 4289 ut
1172 4236 1232 4290 id
1290 4234 1629 4290 necessario
1689 4234 1811 4301 ﬁat,
1870 4250 1945 4287 ne

294 4339 466 4395 grave
497 4339 646 4377 onus
675 4324 960 4394 imponat,
990 4324 1094 4380 sed
1125 4324 1309 4380 futuri
1326 4322 1748 4379 incertitudine
1769 4328 1828 4378 et
1843 4339 1944 4378 ne-

297 4412 636 4468 cessitatem
657 4413 898 4480 ademit,
924 4418 984 4468 et
1003 4413 1064 4468 id
1090 4412 1319 4468 curavit
1360 4429 1434 4467 ne
1466 4413 1592 4467 haec
1623 4413 1945 4468 necessitas

297 4502 371 4559 ad
402 4502 882 4573 desperationem
941 4502 1218 4558 suaderet
1270 4509 1373 4558 aut
1430 4509 1662 4574 torpere
1704 4502 1942 4557 faceret.

302 4613 324 4640 ι
362 4596 587 4648 Annon.
625 4613 650 4642 κ
689 4591 883 4663 Usque
913 4592 987 4647 ad
1018 4591 1077 4646 id
1107 4591 1350 4647 verbum
1383 4615 1407 4640 α
1445 4594 1675 4657 Annon,
1704 4613 1731 4640 »
1751 4590 1946 4663 perfe-

2045 3422 2254 3494 ἑκάστῳ
2308 3421 2383 3484 ὠς
2468 3421 2712 3497 ἐμέρισεν
2768 3423 2796 3477 6
2845 3424 2996 3493 Θεὸς,
3107 3419 3330 3478 ἕκαστον
3435 3422 3509 3486 ὠς
3611 3445 3697 3479 κε-

2044 3509 2249 3580 κληκεν
2305 3511 2332 3564 6
2391 3510 2611 3586 Κύριος,
2670 3510 2843 3575 οὕτως
2903 3511 3290 3586 περιπατείτω.
3364 3511 3462 3567 Καὶ
3522 3508 3698 3577 οὕτως

2045 3601 2096 3655 ἐν
2124 3606 2245 3659 ταῖς
2276 3600 2629 3672 Έκκλησίαις
2668 3602 2864 3667 πάσαις
2896 3600 3274 3678 διατάσσομαι.

2120 3689 2291 3747 Ηάλιν
2325 3694 2461 3766 πρός
2492 3693 2582 3747 τὸν
2628 3690 2835 3770 ἀφιέναι
2897 3691 3074 3766 μένειν
3127 3691 3360 3757 θέλοντα
3414 3693 3504 3748 τὸν
3572 3691 3703 3749 ἂπι-

2048 3802 2174 3835 στον
2265 3779 2406 3854 μηδέ
2481 3783 2836 3852 στασιάζοντα
2915 3778 3277 3856 μεταϐέϐηκε,
3354 3783 3445 3839 καί
3519 3804 3702 3862 φησιν·

2048 3868 2110 3926 Εἰ
2141 3870 2219 3942 μὴ
2248 3867 2622 3941 διαστασιάζοι
2651 3873 2790 3945 πρὸς
2820 3872 2899 3936 σε,
2937 3871 3061 3944 μένε
3123 3873 3239 3946 μετ’
3288 3873 3478 3929 αὐτοῦ.
3544 3873 3709 3936 Εἰκὸς

2049 3962 2154 4037 γὰρ
2183 3968 2262 4036 τῷ
2292 3966 2483 4040 χρόνῳ
2512 3966 2603 4020 καὶ
2635 3967 2828 4030 σώσεις
2873 3966 3036 4022 αὐτὸν
3088 3961 3557 4038 συμϐουλεύοντα,
3617 3967 3707 4023 καὶ

2050 4052 2239 4107 πιστὸν
2268 4056 2547 4123 ποιήσεις.
2580 4056 2718 4130 *Ορα
2748 4053 2806 4110 δὲ
2858 4059 2975 4118 πῶς
3033 4054 3132 4111 οὐκ
3187 4053 3238 4110 ἐν
3280 4054 3485 4131 ἀνάγκῃ
3544 4060 3704 4112 τοῦτο

2050 4142 2297 4216 γενέσθαι
2330 4142 2631 4217 ἀπῄτησεν,
2663 4144 2756 4200 ἳνα
2792 4144 2869 4217 μὴ
2908 4144 3073 4219 βάρος
3104 4144 3288 4219 ἐπιθῇ,
3335 4143 3479 4200 ἀλλὰ
3508 4149 3578 4220 τῇ
3608 4150 3704 4202 τοῦ

2056 4227 2362 4302 μέλλοντος
2434 4229 2641 4303 ἀδηλίᾳ
2715 4232 2803 4287 καὶ
2879 4234 2978 4301 τήν
3056 4233 3289 4311 ἀνάγκην
3368 4232 3560 4306 ἐξεῖλε,
3614 4235 3703 4291 καὶ

2049 4318 2252 4391 ταύτην
2337 4322 2414 4394 μή
2492 4322 2800 4397 ἆπογνῶναι
2874 4324 2965 4378 καὶ
3041 4322 3364 4401 ένναρκῆσαι
3461 4320 3707 4400 συμϐου-

2054 4408 2338 4476 λεύουσαν,
2399 4412 2816 4486 παρεσκεύασεν.
2878 4437 2905 4464 ι(
2968 4414 3038 4470 ἸΙ
3100 4415 3201 4487 μή.
3273 4439 3302 4466 ››
3359 4417 3502 4477 Ἓως
3586 4420 3708 4483 τοῦ,

2054 4522 2081 4549 ‹‹
2124 4498 2192 4554 "H
2275 4499 2375 4572 μῆ,
2421 4522 2445 4551 n
2525 4499 2700 4570 στίξον
2772 4500 2985 4557 τελείαν
3058 4504 3319 4577 στιγμὴν,
3389 4502 3479 4559 ’ἵνα
3533 4505 3710 4577 ﬁcii-

2052 4609 2183 4649 τως.
2212 4588 2285 4645 "H
2316 4587 2368 4642 τί
2401 4586 2578 4659 οἶδας,
2611 4587 2752 4662 ἄνερ,
2787 4589 2836 4646 εἷ·
2864 4592 2964 4660 τήν
2996 4597 3227 4667 γυναῖκα
3287 4593 3479 4656 σώσεις
3511 4593 3546 4663 ἢ
3583 4596 3659 4667 μή
3692 4613 3705 4663 ;

295 4689 449 4739 ctam
472 4682 784 4754 producito
821 4681 1285 4747 distinctionem,
1336 4687 1404 4737 ut
1451 4680 1529 4735 sit
1560 4681 1655 4737 hic
1687 4698 1896 4735 sensus
1928 4697 1939 4733 :

2054 4675 2315 4746 τουτέστι,
2351 4679 2516 4733 Πόθεν
2552 4677 2700 4741 οἶδας
2734 4678 2779 4735 εἷ
2814 4678 3004 4743 σώσεις
3035 4682 3070 4751 ἤ
3107 4682 3183 4754 μὴ
3219 4682 3450 4750 σώσεις;
3496 4679 3704 4754 ἄδηλον

293 4775 407 4828 Aut
436 4773 537 4844 qui
569 4772 747 4841 nosti,
780 4771 885 4834 vir.
944 4778 1143 4827 utrum
1204 4782 1449 4827 uxdrem
1508 4770 1729 4850 salvam
1761 4770 1942 4826 facies

296 4880 491 4919 annon
511 4863 539 4918 ‘2
570 4864 689 4919 Hoc
720 4868 829 4930 est,
864 4862 1027 4917 Unde
1056 4862 1211 4916 nosti
1242 4867 1442 4916 utrum
1472 4861 1692 4917 salvam
1736 4860 1939 4925 facies,

295 4968 491 5007 annon
525 4953 746 5007 salvam
778 4951 959 5007 facies
980 4953 1007 5006 ‘?
1036 4952 1337 5006 Incertum
1372 4956 1461 5005 est
1485 4951 1645 5005 enim
1678 4948 1821 5020 quid
1848 4949 1944 5002 fu-

294 5048 494 5096 turum
525 5042 652 5113 conj
662 5043 886 5113 ugium.

364 5131 598 5185 Etenim
632 5131 681 5185 si
713 5131 937 5185 salvam
968 5147 1089 5185 non
1137 5130 1369 5197 feceris,
1421 5130 1655 5185 nullum
1687 5128 1943 5199 accipies

293 5217 720 5273 detrimentum
749 5234 762 5272 :
798 5218 846 5272 si
878 5234 1012 5273 vero
1047 5219 1268 5274 salvam
1328 5218 1564 5284 feceris,
1618 5222 1677 5272 et
1712 5214 1942 5286 juvabis

295 5307 494 5373 etipse
512 5306 836 5376 juvaberis.
862 5328 890 5356 ‹‹
918 5308 1243 5379 Unicuique
1267 5307 1461 5379 utipsi
1485 5306 1682 5361 divisit
1709 5311 1877 5360 Deus.
1910 5327 1941 5355 ι»

295 5394 599 5465 Siquidem
626 5395 788 5449 solus
819 5395 946 5466 ipse
977 5396 1143 5450 novit
1171 5395 1313 5466 quid
1340 5395 1485 5450 utile
1515 5395 1609 5461 sit,
1645 5399 1702 5448 et
1744 5398 1942 5448 utrum

292 5483 481 5556 magis
514 5482 856 5538 conferebat
886 5490 951 5539 ut
979 5483 1050 5539 ab
1108 5485 1277 5538 initio
1339 5483 1530 5539 ﬁdelis
1590 5483 1942 5554 conjunctus

293 5580 450 5629 esset
481 5573 708 5628 inﬁdeli
740 5590 814 5628 an
847 5573 1030 5629 ﬁdeli.
1068 5575 1301 5628 Etenim
1332 5575 1389 5627 in
1424 5574 1779 5644 quibusdam
1801 5590 1943 5628 con-

293 5662 550 5719 ducebat
578 5668 644 5719 ut
673 5662 1063 5736 ﬁdelisEﬁdeli
1099 5663 1468 5718 cobabitaret
1500 5680 1567 5718 ac
1589 5662 1944 5735 conjunctus

294 5760 469 5820 esset,
502 5755 564 5809 in
595 5752 954 5825 quibusdam
986 5768 1121 5807 vero
1155 5758 1222 5807 ut
1251 5752 1447 5807 ﬁdelis
1478 5752 1737 5808 inﬁdeli:
1772 5760 1830 5809 et
1861 5756 1942 5812 ita

2052 4767 2159 4841 γὰρ
2187 4768 2249 4823 τὸ
2284 4766 2515 4840 μέλ)ον”
2566 4766 2779 4841 ἀδήλου
2834 4767 2893 4826 δὲ
2946 4767 3126 4839 ὄντος,
3183 4769 3244 4826 ού
3278 4769 3361 4825 δεῖ
3407 4768 3557 4826 λύειν
3610 4774 3703 4827 τὸν

2050 4855 2252 4932 γάμον.

2124 5124 2218 5195 Mi}
2252 5125 2440 5195 σώζων
2477 5126 2573 5200 μὲν
2605 5127 2711 5202 γὰρ
2744 5125 2843 5181 ούκ
2890 5119 3158 5195 ἐϐλάϐης,
3215 5123 3403 5190 σώζων
3457 5119 3512 5177 δὲ
3562 5122 3703 5197 ὡφε-

2052 5210 2252 5283 λήθης.
2311 5238 2339 5266 ‹‹
2373 5214 2620 5287 Ἐκάστῳ
2678 5214 2753 5277 ὡς
2812 5212 3056 5285 ἐμέρισεν
3116 5212 3144 5266 6
3203 5209 3410 5271 Θεός.»
3463 5210 3543 5267 Τὸ
3599 5211 3701 5285 γὰρ

2052 5305 2325 5382 συμφέρον
2380 5303 2542 5366 αὐτὸς
2607 5305 2769 5377 μόνος
2825 5299 2959 5369 οἶδε,
3020 5301 3109 5356 καὶ
3195 5299 3422 5376 πότερον
3492 5297 3705 5374 μᾶλλον

2054 5391 2346 5463 συνετέλει,
2386 5394 2479 5448 τὸν
2521 5394 2714 5448 πιστὸν
2773 5389 2822 5463 ἐξ
2883 5391 3065 5465 ἀρχῆς
3103 5389 3316 5463 ἀπίστῳ
3374 5392 3704 5467 συναφθῆναι

2050 5480 2087 5551 ἤ
2116 5485 2311 5552 πιστῷ.
2350 5482 2465 5535 Ἐπ’
2495 5478 2652 5534 ἐνίων
2705 5481 2800 5552 μὲν
2853 5479 2956 5554 γὰρ
2999 5480 3249 5556 συνέφερε
3294 5479 3484 5534 πιστὸν
3532 5484 3708 5550 πιστῴ

2052 5576 2341 5637 συνοικεῖν,
2373 5569 2463 5624 καὶ
2499 5571 2767 5647 συνήιρθη·
2799 5567 2882 5623 ἐπ’
2932 5568 3088 5624 ένίων
3142 5566 3198 5625 δὲ
3230 5569 3422 5625 πιστὸν
3475 5569 3707 5641 ἀπίστῳ,

2049 5658 2142 5714 καὶ
2171 5657 2385 5732 γέγονεν
2417 5653 2609 5718 οὕτως,
2648 5655 2746 5710 Καὶ
2803 5657 3010 5712 τούτων
3067 5653 3247 5719 οὐδείς
3307 5656 3447 5712 ἐστιν
3502 5657 3704 5722 ἱκανὸς,

2053 5744 2284 5805 συνιδεῖν
2316 5745 2411 5807 τὰς
2442 5744 2639 5815 αἰτίας,
2666 5744 2813 5815 πλήν
2844 5750 2941 5801 τοῦ
2983 5746 3127 5803 οὕτω
3183 5743 3570 5819 διαταξαμένου
3617 5746 3707 5800 καὶ
