4118 6444
351 478 476 537 733

1326 467 1740 530 COMMENT.
1789 468 1865 528 ΙΝ
1914 466 2167 530 EPIST.
2213 469 2238 530 Ι
2282 470 2386 529 AD
2430 470 2795 531 COBINTH.

3665 465 3780 527 734

354 608 685 684 μερίσαντος
718 606 878 669 Θεοῦ,
908 600 1000 657 καὶ
1039 599 1373 664 καλέσαντος
1406 602 1634 676 Κυρίου.
1667 602 1733 656 Εἰ
1755 598 1813 655 δὲ
1842 601 1869 656 ὃ
1897 599 2027 662 Θεὸς

2147 601 2358 657 factum
2390 604 2574 659 est.Et
2600 605 2816 659 horum
2838 621 3044 660 causas
3072 621 3247 660 nemo
3276 603 3526 658 idoneus
3558 608 3647 658 est
3676 602 3778 673 qui

350 698 508 756 καὶὸ
539 695 736 770 Κύριος
763 692 860 753 τὰς
889 689 1149 752 τοιαύτας
1197 690 1483 770 συναφείας
1543 688 1691 761 ἔταξε
1747 689 1835 744 καὶ
1888 689 2018 763 ἐμέ-

357 808 477 862 ρισε
504 784 642 840 κατά
669 782 731 836 τὸ
764 780 991 836 ἑκάστου
1024 778 1325 858 συμφέρον,
1377 780 1479 834 οὐκ
1530 778 1738 858 ὀφείλει
1771 779 1798 833 ὁ
1832 778 2020 840 πιστὸς

362 875 576 946 ἀπίστῳ
616 869 898 949 συναφθεὶς
956 867 1271 947 δυσφορεῖν,
1332 866 1367 937 ἢ
1425 866 1658 942 ἀγωνίαν
1717 864 1807 921 καί
1864 864 2020 922 λύσιν

362 965 640 1034 ἐπιζητεῖν
675 1003 690 1030 ,
770 956 920 1014 ἀλλά
1005 957 1183 1019 καθὼς
1269 955 1477 1028 ἐκλήθη
1543 955 1790 1024 Ιἐκςλιστος,
1846 956 2025 1027 τούτῳ

363 1052 614 1128 ἐμμένειν
669 1048 762 1103 καὶ
791 1051 1246 1122 συμπεριπατεῖν.
1278 1046 1337 1103 Ὀ
1368 1046 1474 1120 γὰρ
1503 1045 1831 1120 Σευηριανὸς
1883 1043 2022 1100 ἔστι-

364 1143 445 1214 ξεν
500 1138 695 1200 οὕτως.
758 1136 822 1194 Εἰ
880 1134 982 1212 γὰρ
1043 1134 1121 1208 μὴ
1183 1133 1357 1196 οὕτως
1416 1135 1600 1208 στίξῃς
1654 1133 2022 1209 ἀσυνάρτητον

366 1231 549 1307 ἔλεγεν
587 1231 730 1285 εἶναι
760 1229 860 1298 τὴν
895 1225 1163 1299 σύνταξιν.
1197 1222 1382 1287 Οὕτως
1412 1246 1493 1295 σε,
1549 1227 1714 1304 φησὶν
1744 1224 2022 1299 ἐρμὲρισεν

366 1324 397 1378 ὁ
428 1320 559 1381 Θεὸς
588 1317 680 1373 καὶ
711 1318 890 1380 οὕτως
947 1313 1234 1385 κέκληκεν,
1289 1315 1424 1387 μετά
1478 1314 1730 1388 γυναικὸς
1770 1314 1804 1383 ἢ
1836 1310 2026 1388 ἀνδρὸς

367 1411 621 1467 ἀπίστου’
656 1407 848 1484 στέργε
876 1408 1165 1481 τοιγαροῦν
1219 1404 1315 1459 τὸν
1375 1404 1578 1481 γάμον,
1631 1405 1722 1459 καὶ
1786 1404 1862 1476 μή
1904 1401 2025 1458 δια-

370 1498 545 1574 λύσῃς
573 1499 674 1567 τήν
707 1497 916 1552 πίστιν.
949 1517 969 1546 ι
1006 1494 1197 1556 Οὕτως
1219 1492 1270 1548 ἐν
1298 1500 1418 1556 ταῖς
1449 1493 1800 1565 Ἐκκλησίαις
1830 1493 2026 1555 πάσαις

371 1587 756 1661 διατάσσομαι.
789 1608 818 1637 κ
850 1587 1029 1641 Τοῦτο
1061 1583 1275 1660 ἐπάγει,
1301 1582 1387 1637 ἳνα
1411 1588 1490 1656 τῷ
1512 1589 1666 1658 σχεῖν
1696 1582 1787 1637 καὶ
1818 1579 2025 1643 ἄλλους

370 1677 672 1738 κοινωνοὺς
723 1672 814 1729 καὶ
893 1670 1070 1734 ἄλλας
1155 1670 1488 1743 Ἐκκλησίας
1524 1713 1539 1740 ,
1623 1669 2026 1748 προθυμότεροι

375 1768 503 1843 περὶ
530 1768 631 1836 τὴν
662 1763 905 1833 ὑπακοὴν
939 1763 1222 1840 γένωνται.

2127 701 2445 767 cognoscat
2474 695 2591 750 nisi
2625 696 2751 767 ipse
2771 696 2922 749 Deus
2942 696 3038 766 qui
3056 697 3139 750 ita
3159 695 3531 767 disposuitac
3554 694 3773 762 divisit,

2132 791 2189 840 et
2212 786 2501 841 Dominus
2527 787 2627 858 qui
2652 786 3066 851 vocavit.Quod
3091 787 3138 840 si
3182 787 3333 841 Deus
3372 802 3440 840 ac
3488 785 3779 840 Dominus

2130 874 2473 946 hujusmodi
2496 875 2953 947 conjunctiones
2976 875 3361 945 disposuit.ac
3382 872 3580 928 divisit
3604 875 3776 946 juxta

2131 965 2420 1036 cujusque
2449 965 2791 1032 utilitatem,
2825 982 2942 1020 non
2978 964 3153 1020 debet
3185 964 3377 1019 ﬁdelis
3420 964 3776 1034 conjunctus

2130 1053 2363 1109 inﬁdeli
2414 1056 2668 1125 graviter
2696 1055 2852 1110 ferre
2883 1062 2984 1110 aut
3041 1054 3271 1109 anxiari
3303 1058 3361 1108 et
3417 1053 3777 1107 solutionem

2130 1144 2437 1213 requirere
2472 1162 2484 1199 :
2518 1146 2621 1200 sed
2648 1146 2802 1200 sicut
2852 1145 3264 1216 unusquisque
3294 1149 3533 1199 vocatus
3574 1149 3683 1211 est,
3717 1143 3780 1196 in

2132 1233 2245 1287 hoc
2276 1241 2624 1304 permaneat
2653 1251 2722 1289 ac
2766 1234 3067 1306 procedat.
3102 1233 3454 1289 Severianus
3480 1233 3639 1287 enim
3697 1232 3781 1286 ita

2133 1322 2430 1378 distinxit:
2458 1340 2598 1378 nam
2630 1325 2677 1378 si
2706 1324 2788 1379 ita
2816 1340 2937 1378 non
2965 1320 3779 1395 distinguas,incompositam
3837 1324 3845 1330 '

2134 1413 2280 1467 dixit
2307 1429 2435 1468 esse
2463 1413 2925 1469 ordinationem.
2952 1412 3281 1482 Ita.inquit,
3310 1416 3367 1466 te
3400 1410 3597 1465 divisit
3627 1411 3783 1465 Deus

2136 1507 2194 1556 et
2223 1501 2305 1557 ita
2335 1503 2560 1558 vocavit
2618 1519 2754 1558 cum
2786 1517 2971 1557 uxore
3024 1506 3127 1557 aut
3150 1501 3275 1555 viro
3330 1498 3557 1555 infideli
3593 1516 3606 1554 :
3648 1516 3783 1553 ama

2134 1591 2313 1665 igitur
2341 1592 2684 1665 conjugium
2719 1608 2831 1646 nec
2861 1591 3037 1646 fidem
3070 1590 3377 1645 dissolvas.
3414 1611 3442 1639 «
3470 1591 3553 1644 Ita
3582 1589 3643 1643 in
3676 1590 3787 1642 Ec—

2136 1681 2334 1736 clesiis
2367 1681 2648 1736 omnibus
2679 1680 2912 1736 ordino.
2950 1702 2978 1729 υ
3006 1682 3125 1735 Hoc
3157 1684 3357 1734 autem
3388 1677 3784 1750 subjungit,ut

2139 1787 2209 1826 ex
2238 1770 2352 1825 hoc
2383 1770 2543 1841 quod
2583 1770 2733 1825 alios
2765 1785 3001 1841 quoque
3031 1769 3293 1823 habeant
3324 1768 3516 1822 socios
3548 1772 3603 1821 et
3635 1766 3784 1821 alias

2139 1858 2444 1921 ecclesias,
2477 1858 2875 1930 promptiores
2906 1858 3053 1912 fiant
3083 1856 3157 1912 ad
3188 1855 3613 1911 obedientiam.

455 1945 921 2038 Περιτετμημένος
1016 1965 1100 2007 τις
1178 1944 1389 2038 ἐκλήθη
1426 1987 1439 2011 ,
1527 1944 1604 2017 μὴ
1690 1941 2024 2006 ἐπισπάσθω·

2212 1948 2331 2013 VII,
2349 1949 2538 2003 {8-20.
2568 1968 2594 1998 α
2627 1946 2992 2002 Circumcisus
3020 1946 3300 2017 quispiam
3328 1951 3548 2000 vocatus
3570 1950 3784 2011 est,non

380 2041 466 2095 Ἐν
551 2030 884 2111 ἀκροϐυστίᾳ
967 2055 1051 2095 τις
1128 2030 1363 2103 ἐκλήθη,
1443 2033 1520 2106 μή
1595 2031 2027 2107 παριτεμνέσθω.

373 2128 436 2182 Ἦ
501 2125 776 2201 περιτομή
835 2122 987 2179 οὐδὲν
1049 2121 1184 2191 ἐστι,
1242 2121 1333 2177 καὶ
1389 2124 1425 2191 ἡ
1481 2115 1812 2187 ἀκροϐυστία
1877 2118 2032 2177 οὐὸὶν

373 2214 538 2286 ἐστιν,
574 2212 720 2271 ἀλλά
747 2215 981 2289 τήρησις
1041 2209 1274 2267 ἐντολῶν
1336 2215 1493 2268 Θεοῦ.
1552 2211 1821 2272 Ἕκαστος
1878 2209 1929 2265 ἐν
1960 2213 2029 2284 τῇ

374 2303 572 2377 κλήσει
669 2302 903 2374 ἐκλήθη,
934 2301 984 2357 ἐν
1009 2301 1178 2376 ταύτῃ
1213 2302 1438 2374 μενέτω.

449 2393 645 2463 Πάλιν,
685 2392 843 2473 φησὶ,
877 2390 1350 2467 περιτετμημένος
1380 2388 1645 2460 ἐκλήθης,
1681 2391 1756 2462 μή
1795 2387 2030 2447 ἐπισπῶ.

378 2517 446 2527 -
480 2486 499 2556 [
532 2488 691 2538 ΦΩΤ.
724 2484 742 2554 ]
770 2482 833 2540 Ὀ
863 2479 1016 2557 ἅγιος
1053 2481 1368 2559 Ἐπιφάνιος
1410 2478 1574 2534 τοῦτό
1608 2500 1791 2553 φησιν,
1825 2479 1908 2533 ὅτι
1943 2475 2033 2532 διὰ

376 2593 527 2636 τινος
570 2571 857 2645 θεραπείας
887 2574 1331 2648 φαρμακευτικῆς
1387 2564 1610 2623 δύναταί
1667 2588 1751 2630 τις
1805 2574 2030 2636 ποιῆσαι

379 2664 471 2719 τὸν
504 2661 877 2736 ἐμπερίτομον
905 2654 1263 2734 ἀκρόϐυστον,
1294 2658 1384 2713 καὶ
1417 2658 1499 2712 ὅτι
1530 2657 1733 2728 ταύτης
1775 2665 1876 2729 τῆς
1907 2657 2029 2713 ἐπι-

377 2751 525 2815 νοίας
545 2754 766 2826 πρῶτος
797 2749 1017 2825 εὑρετής
1060 2747 1277 2823 γέγονεν
1331 2748 1519 2805 Ἡσαῦ.
1579 2748 1679 2802 Διά
1733 2746 1893 2804 τοῦτό
1925 2770 2031 2824 φη-

381 2862 462 2896 σιν
492 2841 520 2896 ὁ
542 2839 693 2901 Θεός·
721 2861 750 2891 α
771 2839 880 2896 Τὸν
900 2838 1068 2894 Ἡσαῦ
1099 2834 1353 2908 ἐμίσησα.
1380 2859 1407 2888 »
1431 2868 1499 2878 —
1531 2860 1559 2888 «
1593 2838 1680 2893 ’Ev
1700 2832 2035 2909 ἀκροϐυστίᾳ

380 2951 465 2993 τις
485 2927 721 3000 ἐκλήθη,
758 2928 834 3001 μή
866 2924 1289 3000 περιτεμνέσθω.
1326 2948 1352 2975 η
1384 2958 1454 2967 —
1491 2946 1510 2971 ι
1542 2926 1868 2997 [ΟΙΚΟΥΜ.
1902 2926 2032 2998 ]Εἰ-

377 3016 473 3080 xii:
506 3018 611 3095 γὰρ
646 3016 752 3072 ἀπὸ
783 3035 928 3077 τινος
954 3014 1240 3090 θεραπείας
1272 3011 1525 3078 δύνασθαι
1572 3013 1648 3075 εἷς
1703 3015 1766 3069 τὸ
1798 3014 2030 3090 ἀρχαῖον

386 3105 700 3163 ἐπανελθεῖν
735 3107 835 3175 τήν
868 3104 1201 3180 περιτομὴν,
1232 3102 1323 3158 καὶ
1356 3102 1492 3177 πρὸς
1519 3102 1685 3173 αὐτὴν
1714 3104 2032 3179 ἀνατρέχειν

382 3197 473 3253 καὶ
503 3199 837 3274 καυχᾶσθαι.
861 3195 952 3251 Ἐν
974 3187 1326 3267 ἀκροϐυστίᾳ,
1349 3192 1530 3269 φησὶν,
1561 3189 1823 3262 ἐκλήθης,
1849 3192 1975 3265 μένε
2003 3195 2032 3248 ’ὀ

380 3289 451 3345 εἴ,
486 3285 626 3346 Οὔτε
659 3286 759 3361 γὰρ
779 3287 815 3354 ἡ
854 3285 1131 3358 περιτομὴ
1163 3285 1302 3359 πρὸς
1329 3282 1602 3358 σωτηρίαν
1630 3279 2030 3357 συμϐάλλεται,

382 3372 507 3432 οὔτε
532 3378 568 3445 ἡ
596 3345 937 3449 ἀκροϐυστία⁸
980 3345 1327 3447 λυμαίνεται.
1359 3345 1514 3436 Ἔνος
1542 3373 1648 3447 γὰρ
1677 3345 1841 3448 έρεία
1874 3345 2034 3447 μόνον
2062 3345 2105 3407 C

383 3469 484 3521 τοῦ
513 3463 764 3538 πληροῦν
789 3462 885 3525 τάς
909 3460 1161 3524 ἐντολάς-
1184 3494 1251 3505 --
1284 3464 1475 3535 [ΦΩΤ.
1509 3464 1527 3535 ]
1561 3462 1665 3519 Καὶ
1713 3465 1748 3532 ἡ
1803 3461 2042 3542 ὠφέλεια

390 3553 480 3610 διὰ
507 3555 609 3623 τήν
637 3555 871 3629 τήρησιν
910 3559 1011 3622 τῆς
1069 3550 1297 3622 ἐντολῆς
1338 3552 1666 3628 περιγίνεται
1699 3553 1909 3626 ὁμοίως
1948 3553 2039 3608 καὶ

390 3647 462 3716 τῇ
485 3645 759 3719 περιτομῇ
798 3643 890 3697 καὶ
948 3645 1015 3715 τῇ
1073 3636 1426 3715 ἀκροϐυστίᾳ.
1496 3643 1616 3699 Τὦν
1675 3641 1780 3717 γὰρ
1839 3641 1893 3697 ἐν
1950 3643 2042 3697 ἀν-

394 3732 627 3805 θρώποις
658 3730 925 3804 πράξεων,
958 3732 1017 3786 αἱ
1051 3730 1144 3803 μεν
1173 3731 1291 3786 καθ’
1350 3728 1513 3792 αὐτὰς
1567 3726 1758 3808 ἔχουσι
1797 3731 1859 3785 τὸ
1892 3733 2040 3804 χρή-

396 3840 579 3894 σιμον,
611 3821 698 3877 καὶ
727 3820 772 3877 εἰ
807 3822 885 3895 μή
918 3820 1049 3874 ὦσιν
1080 3817 1308 3889 ἐντολῆς
1350 3820 1656 3893 ἠρτημέναι
1698 3820 1866 3888 θείας,
1921 3820 2040 3874 οἷον

389 3912 424 3980 ἡ
461 3906 771 3980 δικαιοσύνη
810 3910 902 3965 καὶ
969 3908 1036 3964 τὰ
1097 3908 1284 3982 ὅμοια’
1341 3909 1396 3963 αἱ
1445 3905 1503 3962 δέ
1562 3905 1653 3963 διὰ
1710 3908 1882 3982 μόνην
1938 3909 2039 3977 τήν

384 3997 633 4068 ἐντολὴν,
667 3999 740 4061 ὡς
769 3998 837 4053 τὰ
864 3996 1095 4053 πλεῖστα
1125 4003 1233 4054 τῶν
1268 3996 1318 4052 ἐν
1353 4001 1430 4069 τῷ
1458 3998 1635 4070 νόμῳ.

456 4087 664 4152 Δοῦλος
715 4088 981 4160 ἐκλήθης,
1070 4091 1146 4162 μή
1224 4108 1308 4142 σοι
1374 4085 1604 4162 μελέτω·
1669 4086 1797 4144 ἀλλ’
1853 4086 1902 4142 εἲ
1948 4088 2042 4142 καὶ

383 4176 611 4234 δύνασαι
713 4176 995 4254 ἐλεύθερος
1117 4176 1384 4252 γενέσθαι,
1491 4174 1705 4250 μᾶλλον
1809 4183 2040 4252 χρῆσαι.

381 4268 445 4327 Ὀ
512 4268 615 4345 γὰρ
683 4267 736 4324 ἐν
814 4267 1003 4344 Κυρίῳ
1077 4268 1306 4339 κληθεὶς
1383 4263 1601 4336 δοῦλος,
1678 4263 2040 4340 ἀπελεύθερος

384 4357 591 4432 Κυρίου
667 4357 828 4415 ἐστίν.
905 4356 1146 4430 Ὁμοίως
1246 4357 1340 4412 καὶ
1438 4356 1466 4410 ὁ
1568 4354 1850 4432 ἐλεύθερος
1908 4353 2044 4424 κλη-

384 4446 516 4508 θεὶς.
600 4444 797 4507 δοῦλός
882 4443 997 4500 ἐστι
1080 4446 1340 4521 Χριστοῦ.
1451 4446 1634 4518 Τιμῆς
1721 4443 2042 4518 ἠγοράσθη-

380 4554 442 4589 τε
477 4577 492 4603 ,
546 4536 621 4609 μή
682 4535 891 4610 γίνεσθε
940 4531 1132 4591 δοῦλοι
1185 4533 1510 4610 ἀνθρώπων.
1570 4534 1835 4594 Ἕκαστος
1891 4533 1945 4587 ἐν
1996 4533 2043 4604 ᾧ

383 4622 619 4696 ἐκλήθη,
653 4621 903 4700 ἀδελφοὶ,
961 4621 1014 4678 ἐν
1068 4623 1250 4695 τούτῳ
1310 4623 1516 4697 μενέτω
1569 4620 1714 4695 παρά
1768 4624 1847 4691 τῷ
1904 4624 2041 4692 Θεῷ,

460 4711 634 4769 Παλιν
677 4716 712 4783 ἡ
780 4713 920 4783 αὐτὴ
979 4706 1295 4785 συμϐουλὴ,
1326 4711 1390 4767 τὸ
1420 4711 1471 4765 ἐν
1498 4716 1615 4771 τοῖς
1669 4708 1855 4771 αὐτοῖς
1887 4711 2042 4778 εἶναι,
2075 4710 2124 4776 D

386 4802 440 4858 ἐν
471 4803 554 4867 οἷς
583 4801 792 4875 ἐκλήθη
824 4824 930 4866 τις.
961 4802 1031 4860 Εἰ
1076 4798 1274 4864 δοῦλος
1315 4795 1389 4855 ὥν
1419 4798 1689 4870 ἐκλήθης,
1750 4800 1826 4871 μὴ
1882 4800 2047 4871 θορυ-

384 4884 508 4960 ϐοὖ,
542 4889 604 4946 οὐ
625 4890 945 4965 λυμαίνεται
975 4890 1114 4966 πρὸς
1152 4891 1254 4960 τήν
1319 4889 1497 4944 πίστιν
1556 4891 1592 4958 ἡ
1665 4885 1907 4945 δουλεία.
1940 4886 2042 4945 Καὶ

381 4983 645 5035 τοσοῦτον
672 4978 734 5035 οὐ
765 4977 1113 5053 λυμαίνεται,
1146 4977 1229 5033 ὅτι
1274 4978 1321 5033 εἱ
1372 4976 1462 5033 καὶ
1494 4974 1713 5032 δύνασαι
1744 4973 2040 5052 ἐλευτερω-

386 5075 570 5140 θῆναι,
606 5067 820 5141 μᾶλλον
876 5070 990 5146 χρή
1061 5088 1118 5123 σε
1172 5065 1473 5123 δουλεύειν.
1533 5065 1723 5127 Οὕτως
1780 5062 1909 5120 οὐδέ
1965 5065 2044 5128 εἷς

383 5157 534 5214 ἔσται
560 5180 643 5215 σοι
677 5159 737 5214 ἐκ
790 5165 890 5228 τῆς
953 5156 1175 5220 δολείας
1235 5155 1607 5232 ἐμποδισμύς.
1664 5189 1735 5198 -
1791 5152 2041 5217 Ἀλλως.

386 5251 590 5324 [ΦΩΤ.
616 5251 634 5323 ]
663 5250 780 5305 Ἵνα
813 5251 889 5322 μή
921 5253 1038 5311 τοῖς
1061 5247 1287 5310 δούλοις
1313 5245 1578 5321 ἐμπόδιον
1610 5247 1747 5322 πρὸς
1779 5248 1879 5316 την
1904 5244 2046 5301 εὐσέ-

384 5334 534 5393 ϐειαν
568 5340 602 5408 ἡ
637 5336 859 5393 δουλεία
902 5340 1169 5411 νομισθῇ,
1220 5334 1491 5414 διαρῤήδη
1527 5336 1709 5416 φησὶν,
1743 5334 1828 5392 ὅτι
1879 5339 2044 5391 τοῦτο

381 5428 642 5484 τοσοῦτον
666 5425 860 5504 ἀπέχει
884 5431 982 5499 τοᾷ
1013 5424 1271 5499 ἐμποδὼν
1300 5426 1453 5498 εἶναι,
1477 5424 1617 5480 ὥστε
1647 5423 1769 5480 οὐδὲ
1802 5424 1855 5481 ἐν
1886 5444 2045 5501 φρον-

380 5517 498 5576 τίδι
530 5520 662 5575 εἶναι
698 5516 781 5574 δεῖ
811 5518 934 5592 περὶ
993 5519 1186 5587 αὐτῆς.
1227 5520 1376 5591 «Μὴ
1436 5520 1541 5595 γὰρ
1603 5512 1820 5591 μέλετω
1878 5536 2036 5586 cogo

383 5610 575 5688 φησὶν,
609 5607 736 5664 ἀλλ’
768 5607 902 5662 εἶναι
934 5607 1023 5663 καὶ
1057 5605 1280 5663 δύνασαι
1325 5605 1415 5662 δια
1471 5628 1618 5669 τινος
1678 5604 1918 5676 σπουδῆς
1950 5606 2043 5661 καὶ

456 5765 504 5802 ⁸³
535 5764 680 5823 Gen.
711 5780 844 5830 xxv,
875 5766 982 5833 25;
1017 5764 1184 5819 Rom.
1218 5766 1295 5830 ix,
1333 5764 1420 5819 10.

2139 2045 2381 2094 accersat
2399 2040 2746 2109 praeputium
2779 2055 2793 2094 :
2826 2040 2886 2092 in
2903 2039 3184 2107 praeputio
3240 2036 3382 2091 alius
3410 2042 3632 2091 vocatus
3688 2039 3786 2099 est,

2138 2144 2248 2182 non
2277 2126 2727 2182 circumcidatur.
2760 2126 3113 2182 Circumcisio
3160 2125 3306 2178 nihil
3336 2130 3433 2190 est,
3480 2131 3531 2177 et
3569 2139 3792 2193 prwpu-

2141 2220 2279 2273 tium
2309 2217 2453 2271 nihil
2481 2215 2682 2283 est,sed
2716 2216 3016 2270 observatio
3040 2221 3449 2285 praceptorum
3481 2214 3788 2268 Dei.Unus-

2139 2308 2370 2375 quisque
2397 2306 2457 2358 in
2486 2321 2550 2359 ea
2578 2307 2871 2359 vocatione
2893 2309 3114 2358 maneat
3142 2305 3201 2357 in
3232 2318 3344 2373 qua
3363 2308 3588 2357 vocatus
3616 2306 3713 2355 est-

2211 2393 2745 2464 Prietereaﬁnquit,
2771 2392 3161 2448 circumcisus
3190 2398 3433 2447 vocatus
3465 2409 3548 2458 es,
3579 2407 3657 2446 ne
3688 2407 3789 2445 ac—

2140 2499 2338 2539 cersas
2359 2483 2990 2554 prerputium.-—-Divus
3010 2482 3376 2553 Epiphanius
3398 2478 3665 2552 ait,quod
3683 2496 3791 2551 per

2141 2573 2406 2644 aliquam
2423 2571 2845 2627 medicinalem
2864 2587 3066 2626 curam
3097 2575 3295 2642 potest
3323 2570 3621 2641 quispiam
3652 2585 3786 2624 eum

2142 2662 2244 2733 qui
2275 2660 2663 2716 circumcisus
2697 2654 2786 2715 eet
2822 2660 3017 2715 facere
3046 2659 3467 2732 praeputiatum
3500 2676 3513 2713 :
3545 2657 3698 2713 482
3732 2664 3789 2712 et

2142 2751 2301 2822 quod
2332 2750 2511 2821 hujus
2543 2749 2776 2805 consilii
2836 2749 3065 2821 primus
3096 2750 3368 2804 inventor
3424 2749 3537 2804 fuit
3592 2747 3742 2803 Esau
3773 2764 3786 2802 :

2142 2844 2200 2895 et
2230 2845 2545 2910 pr0pterea
2576 2839 2722 2895 dixit
2753 2840 2906 2893 Deus
2938 2855 2951 2893 :
2990 2860 3017 2887 ‹‹
3049 2840 3199 2893 Esau
3259 2838 3394 2893 odio
3443 2838 3623 2893 habui
3654 2836 3720 2890 9⁸.
3757 2860 3786 2887 ››

2141 2960 2210 2970 --
2241 2950 2268 2978 ‹‹
2302 2929 2367 2983 In
2400 2928 2689 2999 praeputio
2720 2927 2873 2982 alius
2903 2933 3143 2982 vocatus
3183 2934 3291 2992 est,
3326 2944 3443 2982 non
3477 2927 3787 2982 circumci-

2143 3017 2334 3072 datur.
2370 3037 2400 3065 ››
2432 3046 2498 3056 -—
2534 3016 2863 3071 Verisimile
2895 3021 2985 3070 est
3013 3015 3211 3086 aliqua
3242 3032 3384 3070 cura
3432 3015 3560 3069 ﬁeri
3614 3031 3787 3086 posse

2140 3112 2207 3161 ut
2238 3110 2568 3160 revertatur
2600 3104 2972 3159 circumcisio
3004 3103 3066 3158 in
3096 3104 3157 3158 id
3186 3104 3345 3175 quod
3376 3104 3519 3159 olim
3552 3109 3697 3168 erat,
3729 3108 3789 3158 et

2143 3193 2218 3249 ad
2244 3194 2435 3264 ipsam
2468 3193 2601 3263 quis
2632 3198 2901 3248 recurrat
2928 3209 2996 3247 ac
3027 3192 3331 3265 glorietur.
3364 3194 3431 3246 In
3471 3191 3786 3264 praeputio,

2146 3283 2608 3353 inquit,vocatus
2637 3298 2903 3349 es,mane
2926 3281 2987 3336 in
3018 3298 3087 3337 eo
3120 3281 3279 3352 quod
3310 3284 3599 3353 es.Neque
3629 3281 3789 3336 enim

2148 3371 2376 3427 confert
2404 3372 2479 3428 ad
2509 3371 2765 3428 salutem
2796 3372 3192 3439 circumcisio,
3219 3388 3413 3442 neque
3443 3370 3612 3427 obest
3640 3387 3789 3443 prae-

2148 3463 2400 3534 putium.
2445 3463 2748 3534 Siquidem
2778 3463 2889 3517 hoc
2914 3480 3035 3519 uno
3062 3479 3211 3534 opus
3233 3469 3322 3518 est
3356 3468 3418 3517 ut
3448 3463 3792 3536 complean-

2148 3558 2247 3606 tur
2259 3559 2647 3623 praecepta.—
2668 3554 2852 3624 Etper
2863 3552 3339 3608 observationem
3357 3559 3792 3624 praeceptorum

2149 3642 2359 3698 eadem
2389 3641 2618 3698 accedit
2645 3643 2873 3699 utilitas
2903 3643 3343 3699 circumcisioni
3368 3649 3426 3698 et
3479 3643 3791 3715 praeputio.

2151 3731 2314 3786 Inter
2344 3746 2525 3802 opera
2553 3747 2813 3802 namque
2843 3732 3126 3795 humana,
3158 3730 3431 3802 quaedam
3465 3748 3531 3786 ex
3581 3733 3795 3803 seipsis

2148 3820 2304 3875 bona
2334 3826 2493 3888 sunt,
2525 3820 2757 3875 etiamsi
2784 3826 3080 3892 praacepto
3112 3838 3233 3876 non
3266 3826 3545 3891 aptentur
3573 3821 3794 3889 divino,

2147 3909 2326 3965 veluti
2359 3916 2449 3964 est
2495 3909 2731 3981 justitia
2760 3925 2829 3964 ac
2888 3909 3154 3965 similia:
3212 3910 3330 3964 alia
3359 3925 3495 3964 vero
3551 3914 3797 3981 propter

2148 3998 2342 4055 solum
2373 4005 2758 4070 praeceptum,
2790 3997 2992 4070 qualia
3023 4004 3162 4052 sunt
3191 3998 3380 4054 multa
3408 3998 3468 4052 in
3499 3998 3648 4070 lege.

2222 4089 2734 4155 VII,21-24.Servus
2758 4094 2981 4143 vocatus
3008 4103 3154 4155 es,ne
3180 4090 3254 4142 sit
3283 4087 3389 4142 tibi
3418 4103 3560 4143 curae
3586 4104 3599 4142 :
3631 4089 3796 4158 quin-

2150 4177 2318 4234 etiam
2359 4181 2407 4233 si
2429 4183 2587 4247 potes
2617 4176 2741 4246 ﬁeri
2786 4177 2944 4244 liber,
2986 4179 3178 4248 potius
3200 4183 3371 4232 utere.
3424 4180 3563 4233 Nam
3609 4172 3709 4248 qui
3738 4181 3795 4233 in

2149 4267 2386 4323 Domino
2413 4274 2638 4323 vocatus
2671 4273 2746 4322 est
2774 4283 2959 4323 servus
2991 4267 3214 4322 libertus
3247 4267 3462 4322 Domini
3499 4274 3578 4323 est
3602 4285 3614 4334 ;
3642 4268 3798 4323 simi-

2152 4357 2280 4413 liter
2309 4363 2361 4412 et
2392 4359 2490 4428 qui
2520 4356 2659 4411 liber
2683 4364 2903 4412 vocatus
2933 4362 3219 4419 est.servus
3250 4363 3325 4411 est
3355 4356 3576 4412 Christi.
3610 4359 3797 4411 Pretio

2149 4448 2320 4517 empti
2346 4445 2567 4514 estisne
2595 4447 2919 4515 efﬁciamini
2937 4447 3076 4501 servi
3099 4444 3402 4500 hominum.
3418 4448 3795 4517 Unusquisque

2149 4538 2209 4590 in
2239 4551 2299 4590 eo
2328 4536 2388 4589 in
2416 4550 2526 4605 quo
2550 4542 2774 4591 vocatus
2804 4541 2901 4605 est,
2914 4537 3142 4604 fratres,
3174 4536 3235 4589 in
3266 4535 3366 4590 hoc
3396 4542 3616 4590 maneat
3644 4538 3796 4607 apud

2151 4625 2335 4679 Deum.

2228 4713 2391 4767 Idem
2421 4729 2629 4767 rursus
2660 4711 2977 4767 consilium
3011 4714 3342 4784 est,nempe
3365 4719 3430 4768 ut
3455 4714 3516 4767 in
3550 4714 3622 4769 iis
3644 4715 3802 4784 quis-

2153 4818 2267 4873 que
2312 4805 2659 4872 permaneat
2714 4801 2776 4855 in
2837 4800 3053 4871 quibus
3084 4809 3322 4857 vocatus
3380 4808 3469 4856 est
3546 4803 3603 4857 Si
3662 4820 3797 4859 cum

2155 4907 2357 4947 servus
2391 4907 2552 4945 esses
2579 4896 2820 4945 vocatus
2839 4906 3004 4955 es,ne
3037 4890 3293 4945 turberis
3318 4909 3331 4946 :
3368 4908 3489 4947 non
3511 4892 3697 4947 ofﬁcit
3726 4893 3800 4948 ad

2154 4980 2335 5035 fidem
2392 4978 2662 5043 servitus,
2721 4978 2989 5050 adeoque
3052 4996 3173 5034 non
3216 4979 3403 5035 officit
3436 4987 3498 5035 ut
3538 4981 3716 5038 etiam
3751 4984 3800 5038 si

2153 5088 2360 5143 posses
2393 5070 2519 5125 ﬁeri
2549 5069 2719 5137 liber,
2758 5070 2945 5142 magis
2975 5071 3250 5143 expediat
3281 5071 3384 5127 tibi
3420 5073 3660 5128 servire.
3716 5076 3803 5130 Ita

2153 5160 2389 5216 nullum
2449 5159 2554 5214 tibi
2612 5159 2918 5231 proveniet
2970 5177 3000 5215 e
3060 5162 3340 5216 servitute
3407 5163 3801 5235 impedimen-

2153 5256 2300 5305 tum.
2333 5282 2403 5290 —
2433 5249 2624 5306 Aliud.
2658 5250 2738 5304 Ne
2771 5249 2953 5303 servis
2983 5251 3358 5306 existimetur
3413 5254 3487 5307 ad
3517 5255 3802 5325 pietatem

2153 5339 2526 5394 obstaculum
2559 5354 2689 5393 esse
2729 5338 2998 5398 servitus.
3026 5339 3242 5410 palam.
3273 5340 3490 5412 inquit,
3524 5349 3611 5398 est
3643 5346 3803 5416 quod

2152 5429 2263 5483 hoc
2294 5427 2441 5484 adeo
2474 5444 2595 5482 non
2626 5433 2868 5499 praestat
2912 5427 3435 5498 impedimentum,
3493 5438 3559 5487 ut
3606 5450 3800 5505 neque

2151 5517 2331 5590 hujus
2353 5533 2557 5573 curam
2589 5516 2808 5571 habere
2839 5523 3132 5587 oporteat,
3164 5518 3247 5573 ait
3280 5520 3439 5575 enim
3477 5538 3489 5575 :
3521 5544 3548 5570 ‹‹
3588 5524 3666 5576 Ne
3725 5524 3801 5576 sit

2151 5606 2258 5661 tibi
2289 5623 2486 5674 curua;
2523 5631 2544 5657 ι
2581 5605 2913 5677 quinetiam
2945 5607 2993 5661 si
3042 5612 3213 5678 potes
3251 5608 3453 5680 aliquo
3505 5610 3698 5664 studio
3731 5627 3799 5665 ac
