4118 6388
304 414 424 477 735

1388 418 1803 480 OECUMENII
1851 415 2152 477 TlllCCxE
2195 415 2546 478 EPISCOPI

3607 416 3725 479 736

312 570 453 609 cura
482 552 609 608 ﬁeri
642 551 794 607 liber
819 568 832 605 :
857 552 986 607 sine
1009 552 1209 615 hoc,et
1227 553 1423 624 potius
1446 558 1611 608 utere
1633 551 1911 607 servitute
1938 567 1951 607 :

2084 548 2385 622 ἐπιμελείας
2470 548 2751 623 ἐλεύθερος
2833 544 3100 624 γενέσθαι,
3160 543 3220 602 ἔα
3261 548 3425 603 τοῦτο
3485 549 3576 603 καὶ
3632 548 3728 603 xt-

311 649 367 697 et
395 658 587 712 neque
608 641 694 697 ita
719 642 781 696 in
806 640 928 696 ullo
948 641 1067 697 eris
1092 641 1290 696 minor
1311 642 1556 697 domino
1583 658 1595 696 :
1628 642 1964 697 communis

310 733 468 787 enim
515 730 745 786 domini
777 729 1030 785 libertus
1063 747 1125 786 es
1189 731 1343 786 sieut
1374 737 1432 785 et
1485 730 1587 786 ille
1659 730 1963 801 Siquidem

311 820 648 875 communis
682 819 917 875 Domini
953 836 1155 876 servus
1184 836 1249 874 es
1281 820 1433 875 sicut
1463 826 1519 875 et
1551 819 1652 875 ille
1695 836 1964 876 rursum-

311 926 425 981 que
456 908 707 966 libertus
739 909 893 965 sicut
932 909 1053 966 ille.
1089 909 1239 974 Quid
1272 925 1408 981 ergo
1445 925 1649 966 curam
1703 910 1859 982 geris
1889 909 1962 965 de

317 998 612 1069 corporali
647 999 948 1065 servitute,
977 1015 1108 1069 qum
1131 1015 1327 1069 neque
1357 1004 1412 1053 te
1443 998 1745 1065 diminuit,
1769 1013 1964 1070 neque

317 1089 369 1145 ei
403 1089 499 1144 cui
534 1089 787 1144 servitur
813 1088 1006 1160 majus
1037 1087 1342 1159 quidpiam
1374 1088 1537 1143 addit
1563 1105 1575 1142 :
1608 1088 1713 1143 sed
1744 1094 1969 1144 utrum-

318 1195 433 1250 que
466 1177 540 1234 ad
571 1178 825 1248 mqualia
853 1176 1271 1247 consequenda
1301 1178 1547 1248 praemia
1574 1177 1727 1233 nihil
1758 1177 1965 1234 ofﬁcit.

318 1290 345 1319 ‹‹
373 1269 507 1322 Nam
537 1266 639 1337 qui
671 1266 732 1321 in
780 1266 1030 1321 Domino
1081 1270 1319 1321 vocatus
1353 1270 1443 1321 est
1492 1283 1713 1323 servus.
1744 1288 1774 1317 »
1808 1266 1966 1323 488

314 1358 380 1411 In
412 1356 505 1423 iis,
540 1354 756 1426 inquit.
791 1370 924 1425 quas
955 1354 1254 1410 Christum
1285 1361 1656 1412 concernunt
1708 1356 1969 1425 aequales

317 1446 459 1501 estis
488 1450 551 1498 tu
582 1449 840 1515 tuusque
874 1443 1172 1499 dominus.

389 1536 533 1589 Nam
565 1540 623 1589 et
654 1532 753 1588 ille
806 1532 1024 1588 Christi
1059 1549 1261 1589 servus
1311 1540 1399 1590 est
1430 1551 1443 1591 :
1483 1535 1627 1605 quin
1678 1535 1875 1606 potius
1907 1540 1971 1590 tu

315 1624 567 1679 fortasse
606 1622 739 1694 plus
770 1621 1198 1687 habes,Christi
1230 1624 1392 1681 enim
1422 1624 1671 1680 libertus
1701 1624 1973 1696 es,siqui-—

319 1714 457 1769 dem
487 1713 614 1784 ipse
675 1718 733 1769 te
765 1711 925 1767 omni
987 1712 1283 1783 spirituali
1336 1713 1615 1769 servitute
1674 1713 1965 1769 liberavit.

319 1806 539 1858 Tamen
596 1818 668 1857 ex
715 1817 927 1857 vocum
986 1800 1356 1859 abundantia
1395 1803 1520 1859 vult
1564 1804 1967 1873 aequalitatem

320 1891 636 1947 ostendere
669 1891 819 1945 servi
852 1896 909 1946 et
933 1890 1163 1947 domini
1190 1909 1203 1959 ;
1228 1892 1513 1963 quoniam
1536 1910 1745 1949 omnes
1764 1894 1964 1948 liberti
2001 1925 2048 1991 Β

320 1999 526 2039 sumus
556 1982 789 2047 Christi,
824 1981 1151 2037 secundum
1186 1984 1345 2053 quod
1374 2000 1483 2040 nos
1512 1984 1785 2039 liberavit
1813 2002 1848 2040 a
1878 1992 1970 2056 ty-

316 2072 568 2127 rannide
602 2072 869 2139 Satanas;
904 2077 961 2127 et
993 2071 1143 2127 servi
1175 2072 1389 2128 Christi
1426 2090 1437 2127 :
1490 2088 1630 2129 nam
1671 2090 1805 2129 cum
1859 2091 1969 2129 nos

316 2161 678 2218 reddidisset
724 2161 863 2217 inde
895 2161 1137 2230 liberos,
1191 2162 1299 2219 sub
1357 2165 1665 2236 proprium
1724 2164 1970 2220 adduxit

317 2268 589 2321 regnum.
624 2272 653 2301 «
716 2251 915 2306 Pretio
950 2252 1132 2322 empti
1166 2252 1330 2318 estis,
1368 2274 1396 2302 »
1430 2270 1645 2325 nempe
1680 2254 1969 2327 sanguine

323 2340 617 2413 Unigeniti
642 2340 861 2411 ipsius;
882 2341 1029 2395 emit
1059 2341 1219 2397 enim
1242 2358 1353 2398 nos
1383 2343 1536 2399 Deus
1564 2350 1622 2399 et
1641 2345 1869 2400 Pater.«
1889 2345 1967 2399 Ne

325 2430 666 2487 efﬁciamini
729 2431 878 2486 servi
928 2429 1262 2487 hominum.
1327 2453 1356 2482 »
1416 2432 1697 2503 Superius
1772 2433 1966 2490 dixit:

324 2544 351 2572 ‹‹
378 2521 689 2587 Quoniam,
749 2522 796 2576 si
828 2526 998 2593 potes
1030 2522 1157 2577 ﬁeri
1214 2520 1388 2591 liber,
1434 2522 1632 2593 potius
1687 2531 1855 2579 utere
1890 2541 1905 2589 ;
1943 2544 1965 2574 ι

322 2611 419 2665 hic
446 2615 643 2666 autem
672 2610 813 2666 dicit
838 2626 851 2665 :
880 2632 907 2660 ιι
931 2612 1009 2666 Ne
1041 2610 1385 2666 efﬁciamini
1409 2613 1559 2666 servi
1582 2613 1912 2668 hominum.
1943 2634 1969 2663 ››

323 2702 469 2755 Nam
500 2699 613 2754 hoc
653 2705 711 2754 et
741 2699 947 2755 liberis
977 2703 1215 2770 aptatur
1244 2704 1302 2754 et
1333 2700 1651 2765 servis.Qui
1682 2702 1841 2755 enim
1871 2700 1973 2756 do-

330 2788 491 2843 mino
524 2788 708 2859 impia
738 2794 798 2842 et
853 2788 1113 2844 absurda
1134 2788 1367 2859 jubenti
1428 2806 1550 2845 non
1604 2796 1791 2860 paret,
1851 2807 1973 2846 non

332 2877 589 2933 efﬁcitur
638 2892 839 2931 servus
896 2876 1229 2946 hominum,
1290 2878 1521 2933 etiamsi
1574 2879 1681 2933 sub
1704 2879 1849 2952 jugo
1899 2880 1975 2934 sit

328 2967 627 3022 servitutis
652 2983 665 3022 :
699 2965 834 3021 talis
864 2965 975 3021 fuit
1002 2966 1237 3037 Josepli.
1263 2967 1370 3031 Qui
1400 2984 1536 3022 vero
1568 2975 1811 3040 propter
1838 2985 1972 3025 mu-

326 3072 472 3113 nera
502 3060 603 3111 aut
632 3055 854 3111 ventris
882 3054 1302 3125 expletionem,
1335 3057 1678 3113 hominibus
1710 3076 1772 3114 se
1832 3059 1975 3114 sub-

319 3146 455 3217 jicit
484 3145 559 3201 ad
591 3144 850 3200 absurda
880 3144 1236 3212 ministeria,
1271 3162 1475 3202 servus
1507 3153 1597 3202 est
1638 3149 1972 3217 hominum,

325 3250 687 3306 quamquam
748 3233 900 3289 liber
958 3249 1089 3289 esse
1142 3234 1448 3291 videatur:
1507 3238 1660 3293 hanc
1699 3240 1977 3311 prohibet

326 3325 691 3390 servitutem,
748 3339 867 3377 non
901 3339 1033 3379 eam
1083 3341 1213 3395 quas
1267 3333 1551 3381 consueta
1580 3333 1670 3382 est
1724 3333 1782 3382 et
1805 3330 1978 3400 juxta

332 3414 491 3485 leges
522 3412 833 3469 humanas.
869 3413 1012 3469 Nam
1046 3412 1156 3470 hac
1178 3414 1457 3469 servitute
1479 3415 1813 3488 subjectum
1846 3434 1978 3474 esse

331 3507 389 3557 et
420 3500 837 3571 obtemperare
868 3500 1088 3571 ubique
1118 3502 1421 3558 admonet.

403 3589 522 3657 V11,
555 3590 734 3644 25-28.
770 3591 846 3645 De
900 3589 1211 3659 virginibus
1240 3598 1421 3648 autem
1470 3602 1812 3665 preceptum
1866 3598 1974 3651 Do-

328 3679 467 3735 mini
490 3694 601 3733 non
633 3678 825 3746 habeo,
858 3681 1150 3736 consilium
1181 3687 1364 3737 tamen
1395 3683 1463 3737 do
1513 3689 1779 3753 tanquam
1815 3687 1978 3741 mise-

327 3768 627 3825 ricordiam
688 3775 1007 3826 consecutus
1063 3784 1098 3826 a
1159 3771 1411 3838 Domino,
1461 3781 1524 3827 ut
1575 3790 1737 3829 assem
1778 3776 1973 3845 ﬁdelis.

328 3859 578 3914 Arbitror
594 3860 769 3928 igitur
790 3858 889 3915 hoc
911 3859 1109 3915 bonum
1133 3875 1243 3917 esse
1263 3861 1330 3915 ob
1342 3869 1671 3931 marcentem
1693 3867 1980 3921 necessita-

330 3948 604 4001 tem.Nam
628 3946 829 4001 bonum
849 3952 926 4003 est
950 3946 1160 4003 homini
1188 3949 1266 4004 sic
1286 3949 1694 4020 esse.Alligatus
1715 3967 1767 4006 es
1786 3954 1976 4017 umori,

327 4052 397 4090 ne
426 4050 654 4107 quazras
682 4034 1046 4099 solutionem;
1066 4035 1275 4094 solutus
1306 4054 1359 4093 es
1373 4039 1442 4093 ab
1472 4056 1738 4107 amarante
1764 4057 1978 4110 quaeras

332 4125 920 4179 uxorem.Attamen.si
939 4125 1165 4182 duxeris
1184 4142 1550 4193 uxoremmon
1564 4133 1846 4198 peccasti;
1865 4137 1913 4185 et
1932 4135 1980 4186 si

331 4215 583 4283 nupserit
614 4212 793 4281 virgo,
826 4228 938 4268 nan
963 4217 1212 4283 peccavit
1255 4231 1268 4270 :
1300 4219 1659 4286 afﬂictionem
1706 4226 1891 4274 tamen
1920 4223 1979 4275 in

335 4319 501 4357 carne
531 4300 809 4356 habebunt
841 4301 1177 4371 Iiujusmodi.
1214 4307 1327 4373 Ego
1358 4313 1544 4361 autem
1592 4309 1744 4363 vobis
1784 4325 1976 4379 parco.

401 4391 691 4458 Quoniam
723 4391 798 4447 ad
827 4393 1114 4463 majorem
1146 4396 1305 4450 venit
1333 4395 1876 4466 doctrinam,timet
1906 4401 1979 4456 il-

329 4485 449 4542 lam
504 4500 650 4555 pure
682 4484 977 4555 nudisque
1021 4486 1214 4543 verbis
1253 4488 1490 4560 jubere,
1522 4507 1723 4550 casum
1760 4495 1979 4549 veritus

335 4591 541 4629 eorum
575 4574 674 4644 qui
724 4575 1206 4647 aggrederentur,
1265 4578 1484 4633 idcirco
1516 4597 1635 4635 non
1695 4588 1977 4654 tanquam

2071 655 2252 712 χρησο
2287 636 2498 710 μᾶλλον
2538 642 2605 710 τῇ
2639 634 2878 708 δουλείᾳ.
2914 633 3046 693 Οὐδ’
3074 636 3248 697 οὕτως
3279 635 3434 691 οὖδὶν
3463 633 3721 692 ἰλαττοῦ-

2070 746 2158 780 σαι
2195 730 2294 781 τοῦ
2347 724 2631 784 δεσπότου.
2672 723 3066 799 Ἀπελεύθερος
3115 725 3242 803 γὰρ,
3301 723 3482 799 ὥσπερ
3538 728 3722 781 κάκεῖ-

2067 836 2178 879 νος,
2206 820 2302 871 τοῦ
2329 813 2515 871 κοινοῖ)
2539 817 2831 873 Δεσπότου.
2858 813 3063 877 Δοῦλος
3096 815 3191 888 μὶν
3215 815 3319 891 γὰρ
3351 814 3506 870 εἶτοῦ
3535 819 3724 870 κοινοῦ

2071 904 2348 963 Δεσπότου
2382 947 2396 975 ,
2450 904 2634 979 ὥσπερ
2687 905 2951 974 ἑάκεῖνος,
2998 904 3088 959 καὶ
3129 904 3489 978 ἀπελεῦτερος
3532 903 3726 973 πάλιν,

2071 996 2254 1071 ὥσπερ
2282 995 2504 1058 ἐκεῖνος.
2530 994 2595 1051 Τί
2630 996 2720 1050 οὗν
2751 1015 2834 1050 σοι
2878 1001 2979 1064 τῆς
3034 999 3355 1068 σωματικῆς
3392 993 3545 1069 μέλει
3609 992 3732 1048 δου-

2070 1084 2243 1153 λείας,
2292 1092 2394 1155 τῆς
2427 1086 2567 1158 μήτε
2622 1083 2680 1139 σὶ
2739 1084 3094 1154 ἰλαττούσης,
3133 1086 3274 1157 μήτε
3331 1089 3411 1156 τῷ
3464 1082 3728 1139 δουλευο-

2075 1174 2217 1247 μὲνῳ
2277 1174 2460 1247 μείζόν
2515 1194 2567 1228 τι
2625 1172 3034 1249 προστιθείσης,
3086 1170 3216 1228 ἀλλ’
3274 1173 3499 1248 ἑκάτερα
3556 1170 3727 1245 μηδὲν

2072 1263 2145 1324 είς
2178 1264 2241 1318 τὸ
2269 1268 2457 1338 τυχεῖν
2486 1267 2593 1317 τῶν
2635 1260 2766 1323 ἴςων
2794 1257 3306 1337 παραϐλαπτοόσης
3339 1280 3353 1331 ;
3393 1285 3420 1314 «
3449 1263 3507 1317 Ὀ
3538 1264 3641 1337 γαρ
3674 1261 3728 1317 ἐν

2071 1352 2264 1425 Κυρίῳ
2291 1352 2518 1423 κληθεὶς
2547 1350 2768 1415 δοῦλος.
2800 1376 2829 1405 ν
2865 1354 2956 1409 Ἐν
2985 1358 3103 1415 τοῖς
3132 1353 3270 1408 κατὰ
3290 1354 3541 1429 Χριστὸν,
3568 1354 3727 1433 φησί,

2071 1443 2411 1519 πράγμασιν,
2441 1440 2552 1497 ξ’σοι
2584 1440 2723 1500 ἐστὶ,
2755 1442 2818 1496 σὺ
2847 1442 2940 1496 καί
2972 1442 3001 1496 6
3033 1440 3303 1514 δεσπότης
3334 1444 3362 1498 6
3394 1444 3506 1506 σός.

2145 1531 2398 1592 Κάκεῖνος
2428 1531 2533 1607 γὰρ
2565 1528 2764 1592 δοῦλος
2805 1532 3043 1606 Χριστοῦ
3099 1529 3233 1587 ἑστι.
3297 1532 3376 1588 Σὺ
3444 1531 3502 1589 δὲ
3558 1534 3726 1609 τάχα,

2072 1620 2228 1698 φησὶ,
2268 1621 2358 1676 καὶ
2415 1621 2583 1675 πλέον
2642 1618 2812 1695 ἔχεις.
2872 1618 3270 1695 Ἀπελεῦθερος
3322 1622 3425 1697 γὰρ
3484 1620 3535 1677 εἲ
3588 1625 3728 1696 Χρι-

2073 1715 2221 1767 στοῦ.
2257 1711 2435 1772 Αὐτός
2461 1711 2564 1784 γὰρ
2616 1731 2673 1764 σε
2703 1712 2883 1780 πάσης
2939 1717 3142 1780 νοητῆς
3197 1708 3451 1775 δουλείας
3503 1710 3730 1782 ἠλευθέ-

2074 1800 2490 1875 ρωσεν.”ομως
2521 1797 2581 1853 ἐκ
2625 1805 2725 1867 τῆς
2784 1799 3095 1872 περιουσίας
3150 1804 3257 1854 τῶν
3319 1798 3518 1873 λέξεων
3578 1800 3729 1864 θὲλει

2079 1885 2245 1960 δεῖξαι
2299 1887 2364 1942 τὸ
2420 1886 2536 1941 ἴσον
2593 1885 2799 1943 δούλου
2857 1888 2948 1943 καὶ
3008 1885 3297 1958 δεσπότου,
3360 1889 3474 1945 ἐπεὶ
3536 1892 3729 1953 πάντες

2076 1976 2429 2053 ἆπελεύθεροί
2482 1978 2540 2032 τέ
2597 1975 2754 2050 ἐσμεν
2813 1978 3047 2052 Χριστοῦ
3081 2023 3095 2048 ,
3161 1979 3295 2034 καθὸ
3354 1979 3728 2054 ἠλευθὶρωσεν

2075 2070 2221 2138 ἡμᾶς
2249 2071 2351 2132 τῆς
2414 2066 2729 2143 τυραννίδος
2781 2072 2879 2122 τοῦ
2923 2074 3135 2123 Σατανᾶ
3199 2069 3292 2123 καὶ
3357 2066 3549 2125 δοῦλοι
3591 2071 3731 2145 Χρι-

2076 2155 2225 2228 στοῦ,
2258 2154 2444 2226 ἐπειδὴ
2504 2154 2701 2211 ἐκεῖθεν
2757 2154 3148 2233 ὶλευθερώσας,
3210 2158 3314 2213 ὑπὸ
3367 2158 3467 2227 τὴν
3527 2158 3729 2214 οἰκείαν

2074 2243 2253 2323 ἤγαγε
2313 2245 2621 2321 βασιλείαν.
2693 2250 2925 2319 «τιμῆς
2984 2248 3353 2325 ἠγοράσθητε.
3392 2271 3420 2300 ››
3476 2253 3568 2322 Τῷ
3623 2250 3726 2324 γὰρ

2077 2334 2267 2408 αἶ’ματι
2322 2340 2422 2391 τοῦ
2502 2337 2842 2412 Μονογενοῢς
2923 2336 3110 2406 αὐτοῦ,
3169 2336 3439 2415 ἠγόρασεν
3489 2340 3641 2411 ἡμᾶς
3700 2341 3729 2394 ὁ

2077 2425 2207 2486 Θεὸς
2234 2426 2322 2479 καὶ
2356 2427 2564 2500 Πατήρ.
2621 2449 2651 2478 ‹‹
2686 2427 2774 2495 Μὴ
2832 2424 3040 2501 γίνεσθε
3093 2423 3284 2482 δοῦλοι
3340 2425 3665 2502 ἀνθρώπων.
3700 2450 3729 2479 ››

2073 2517 2223 2572 ’Δνιυ
2254 2516 2421 2584 εἶπεν,
2475 2541 2502 2569 (ι
2533 2517 2660 2575 Ἐὰν
2721 2517 2811 2571 καί
2843 2514 3065 2572 δύνασαι
3122 2514 3404 2593 ἐλεύθερος
3459 2517 3730 2594 γενέσθαι,

2082 2605 2294 2679 μᾶλλον
2326 2613 2555 2681 χρῆσαι·
2587 2630 2617 2659 ››
2659 2605 2886 2671 ἐνταῦθα
2937 2604 2996 2661 δὲ
3044 2605 3212 2682 λέγει,
3275 2630 3303 2658 α
3365 2608 3458 2676 Μὴ
3515 2608 3727 2683 γίνεσθε

2080 2693 2271 2753 δοῦλοι
2301 2695 2622 2769 ἀνθρώπων.
2658 2721 2686 2749 ι»
2716 2699 2894 2754 Τοῦτο
2918 2699 3024 2776 γὰρ
3064 2700 3152 2754 καὶ
3215 2699 3352 2774 πρὸς
3414 2696 3729 2774 ἐλευθέρους

2077 2787 2169 2845 καὶ
2226 2789 2363 2862 πρὸς
2420 2785 2654 2852 δούλους
2738 2788 2987 2861 ἁρμόζει.
3044 2790 3106 2846 Ὀ
3162 2792 3262 2865 γὰρ
3331 2792 3412 2857 τῷ
3490 2786 3723 2864 δεσπότῃ

2079 2875 2255 2933 ἄτοπα
2306 2877 2397 2932 καὶ
2429 2872 2597 2952 ἀσεϐῇ
2656 2878 2995 2934 ἐπιτάττοντι
3057 2879 3133 2951 μή
3194 2878 3377 2948 ενκων,
3410 2878 3472 2934 οὗ
3525 2878 3725 2955 γίνεται

2081 2964 2281 3029 δοῦλος
2313 2966 2637 3042 ἀνθρώπων,
2667 2967 2763 3023 κ’ἁν
2805 2968 2907 3023 ὑπὸ
2965 2968 3123 3043 ζυγὸν
3269 2966 3538 3031 δουλείας.
3598 2969 3728 3025 Τοι-

2083 3060 2241 3118 οὗτος
2270 3060 2334 3126 ἦν
2368 3058 2397 3112 6
2429 3058 2652 3135 Ἰωσήφ.
2685 3058 2747 3115 Ὀ
2779 3055 2836 3112 δὲ
2877 3055 2966 3112 διὰ
3019 3055 3193 3131 δῶρα,
3225 3055 3260 3128 ἢ
3294 3058 3727 3134 γαστριμαργίαν

2083 3147 2374 3221 ὑπουργῶν
2456 3147 2764 3221 ἀνθρώποις
2855 3148 2993 3221 πρὸς
3087 3147 3325 3209 ἀτόπους
3411 3145 3735 3223 ὑπηρεσίας,

2086 3233 2284 3297 δοῦλός
2316 3234 2457 3290 ἐστιν
2516 3237 2834 3312 ἀνθρώπων,
2891 3237 2989 3291 κᾶν
3041 3234 3324 3309 ἐλεύθερος
3384 3236 3519 3291 εἶναι
3580 3232 3738 3311 δοκῇ.

2087 3326 2304 3395 Ταύτην
2359 3325 2686 3399 ἀπαγορεύει
2743 3326 2845 3395 τήν
2900 3323 3154 3380 δουλείαν
3192 3370 3205 3396 ,
3249 3325 3313 3380 οὗ
3361 3326 3463 3395 τήν
3525 3326 3737 3395 συνήθη

2079 3413 2167 3470 καὶ
2205 3413 2627 3487 νενομισμένην.
2683 3413 2893 3487 Ἐκείνῃ
2919 3414 3021 3490 γὰρ
3087 3417 3156 3480 τῆ
3219 3411 3437 3484 δουλείᾳ
3494 3412 3729 3467 ὑποτάσ-

2081 3504 2264 3557 σεσθαι
2292 3502 2384 3557 καὶ
2416 3500 2581 3557 εἷ’κειν
2611 3506 2895 3577 πανταχοῦ
2924 3508 3193 3578 παραινεῖ.

2152 3592 2279 3667 Περὶ
2342 3588 2399 3647 δὲ
2480 3596 2590 3646 τῶν
2650 3590 2923 3667 παρθένων
3005 3589 3267 3667 ἐπιταγὴν
3345 3589 3549 3665 Κυρίου
3636 3590 3737 3645 οὐκ

2079 3676 2217 3760 ἔχω,
2244 3682 2471 3756 γνώμην
2503 3678 2559 3735 δὲ
2616 3677 2817 3753 δίδωμι
2875 3680 2950 3741 ὡς
3002 3679 3312 3754 ἠλεημένος
3370 3679 3475 3735 ὐπὸ
3535 3678 3734 3756 Κυρίου

2079 3773 2271 3836 πιστὸς
2326 3774 2507 3829 εἶναι.
2570 3771 2797 3844 Νομίζω
2853 3772 2946 3826 οὗν
2998 3776 3160 3827 τοῦτο
3217 3771 3385 3827 καλὸν
3444 3771 3732 3846 ὑπάρχειν,

2080 3860 2169 3916 διὰ
2234 3863 2334 3931 τήν
2395 3860 2688 3916 ἐνεστῶσαν
2768 3861 3033 3937 ἀνάγκην,
3094 3860 3177 3917 ὅτι
3229 3859 3399 3916 καλὸν
3469 3859 3735 3936 ἀνθρώπῳ

2120 3952 2132 3966 ε
2217 3950 2278 3984 ν,
2439 3950 2460 3971 τ
2678 3947 2701 3969 ,ο
3108 3950 3123 3969 ς
3265 3952 3279 3969 \
3599 3947 3623 3984 ,1
3721 3968 3733 3979 ,

2080 3972 2142 4007 το
2183 3972 2357 4013 ου.ιι›ς
2413 3971 2569 4009 ειναι.
2635 3947 2852 4005 Δεδεσαι
2910 3971 3145 4026 γυναικι,
3212 3971 3287 4021 μη
3353 3950 3502 4020 ζήτει
3559 3946 3713 4003 λδσιν

2080 4038 2309 4095 λέλυσαι
2367 4038 2473 4094 ἀπὸ
2547 4039 2823 4117 γυναικὸς,
2911 4040 2988 4114 μὴ
3100 4040 3248 4109 ζήτει
3305 4042 3555 4113 γυναῖκω
3606 4035 3731 4092 Ἐὰν

2082 4126 2139 4183 δὲ
2195 4129 2287 4182 καὶ
2343 4130 2554 4202 γήμῃς,
2627 4127 2736 4203 οὐχ
2789 4129 3056 4203 ἥμαρτες,
3144 4126 3234 4181 καὶ
3306 4126 3401 4180 ἒὰν
3482 4126 3637 4199 γήμῃ
3693 4126 3727 4191 ἢ

2080 4218 2368 4291 παρθένος,
2429 4218 2539 4293 οὐχ
2619 4216 2853 4293 ἥμαρτε.
2943 4214 3140 4291 Θλίψιν
3202 4213 3260 4271 δὶ
3341 4214 3395 4270 ἐν
3450 4219 3519 4290 τῇ
3574 4216 3731 4289 σαρκὶ

2081 4304 2287 4377 ἕξουσιν
2321 4308 2373 4362 οἱ
2392 4311 2658 4366 τοιοῦτοι.
2689 4309 2835 4382 Ἐγὼ
2867 4306 2922 4362 δὲ
2950 4308 3101 4380 ὑμῶν
3135 4304 3414 4386 φείδομαι.

2155 4395 2378 4464 Ἐπειδὴ
2462 4398 2537 4460 είς
2622 4396 2845 4469 μείζονα
2920 4395 3250 4477 φιλοσοφίαν
3306 4389 3552 4471 ἔρχεται,
3634 4415 3736 4472 φο·

2082 4481 2256 4542 ϐεῖται
2315 4486 2448 4542 αὐτὸ
2524 4490 2774 4561 καθαρῶς
2869 4483 3165 4555 ἐπιτάξαι,
3247 4486 3346 4554 τῆν
3430 4483 3735 4563 ἀποτυχίαν

2082 4581 2192 4632 τῶν
2227 4578 2523 4649 μετιόντων
2554 4574 2836 4638 δεδοικώς.
2872 4574 2969 4630 Διά
3024 4579 3186 4630 τοῦτο
3249 4574 3359 4649 οὐχ
3417 4574 3492 4635 ὡς
3551 4572 3740 4628 Ξπιτα-

332 4669 718 4735 przeceptum,
753 4664 857 4720 sed
899 4666 1068 4736 quasi
1113 4667 1427 4722 consilium
1477 4670 1655 4726 tradit
1682 4650 1849 4727 illud.
1913 4706 1974 4715 ~—

2086 4670 2207 4745 γῆν,
2232 4666 2359 4722 ἀλλ’
2391 4668 2465 4727 ὡς
2498 4662 2817 4739 συμϐουλὴν
2849 4662 3039 4719 δίδωσι
3081 4699 3147 4709 -—
3179 4665 3493 4739 [ΟΙΚΟΥΜ,
3528 4666 3547 4736 ]
3577 4663 3655 4718 Τὰ
3684 4659 3742 4717 δὲ

336 4755 470 4809 Ηωο
502 4759 703 4811 autem
735 4771 868 4825 qua)
895 4755 967 4812 de
998 4755 1323 4827 virginibus
1354 4761 1862 4834 sunt,diligentius
1896 4765 1981 4819 in-

338 4848 695 4914 terpretatus
726 4848 835 4913 est,
867 4850 933 4900 ut
964 4843 1066 4914 qui
1098 4845 1327 4917 integro
1367 4849 1666 4907 volumine
1716 4855 1980 4909 exactius

336 4932 446 4987 hac
477 4932 549 4986 de
582 4948 643 4985 re
676 4932 1110 4999 disseruerit,et
1140 4935 1219 4990 ibi
1250 4939 1670 4996 animadverte.
1697 4944 1812 5012 Ego
1844 4959 1980 4997 vero

337 5035 468 5089 quae
499 5019 688 5089 gratia
726 5020 829 5075 Dei
878 5028 1185 5079 assecutus
1243 5041 1373 5081 sum
1431 5031 1777 5102 conscripsi.
1828 5032 1983 5087 484

338 5130 365 5156 ‹‹
390 5108 692 5177 Tanquam
725 5108 1192 5167 misericordiam
1216 5123 1570 5174 consecutus
1601 5135 1634 5173 a
1656 5120 1924 5176 Domino.
1958 5143 1982 5171 ››

343 5195 1049 5269 Misericordiam,inquit,
1083 5211 1438 5261 consecutus
1458 5214 1523 5261 ut
1541 5223 1733 5263 essem
1766 5210 1983 5278 ﬁdelis,

339 5292 482 5356 puta
515 5302 707 5355 prisco
770 5303 874 5343 seu
923 5291 1329 5359 concionator,
1389 5295 1674 5367 datorque
1725 5300 1981 5357 consilii.

343 5398 371 5424 ‹‹
405 5373 674 5429 Arbitror
704 5376 882 5447 igitur
902 5378 1014 5432 hoc
1046 5378 1268 5437 bonum
1302 5399 1489 5439 esse.»
1518 5387 1656 5441 Vide
1681 5404 1816 5461 ergo
1840 5406 1988 5460 quo-

344 5465 519 5520 modo
537 5469 1205 5540 temperetpraaceptum
1230 5488 1299 5527 ex
1321 5475 1675 5531 necessitate
1695 5483 1983 5535 exortum.

346 5576 373 5604 ‹‹
401 5553 728 5620 Arbitror,»
752 5555 968 5627 inquit,
985 5559 1269 5629 quidnam
1286 5561 1314 5616 ‘I
1334 5563 1490 5632 quod
1515 5564 1733 5620 bonum
1762 5567 1837 5621 sit
1859 5568 1986 5622 sine

347 5643 621 5716 conjugio
653 5652 1057 5717 esse,propter
1078 5647 1457 5707 difﬁcultates
1488 5671 1617 5725 qua:
1641 5654 1702 5709 in
1736 5673 1803 5710 eo
1829 5663 1987 5726 sunt,

348 5732 622 5803 malaque
655 5735 1020 5806 nuptiarum.
1056 5759 1083 5788 ‹‹
1128 5737 1211 5792 Ob
1270 5747 1624 5809 praesentem
1675 5747 1994 5801 necessita-

2089 4758 2351 4833 περὶτῶν
2399 4758 2674 4833 παρθένων
2739 4751 2867 4809 τάδε
2923 4751 3321 4828 ἐμμελέστερον
3379 4754 3743 4827 ἡρμήνευσεν,

2090 4849 2164 4908 ὡς
2199 4847 2250 4902 ἐν
2316 4840 2638 4918 μονοϐίϐλῳ
2697 4840 3076 4919 ἀκριϐέστερον
3110 4844 3235 4918 περὶ
3291 4842 3487 4897 τούτου
3548 4839 3740 4896 διαλα-

2091 4935 2222 5003 ϐών,
2254 4937 2340 4991 καί
2372 4935 2484 4990 ἐκεῖ
2520 4936 2782 5011 πρόσχες.
2826 4934 2972 5007 Ἐγὼ
3006 4932 3063 4988 δὲ
3090 4932 3156 4988 τὰ
3205 4932 3391 5008 χάριτι
3450 4936 3584 4986 Θεοῦ
3646 4930 3742 4983 ἐπ-

2092 5026 2321 5082 ελτόντα
2357 5046 2450 5098 μοι
2483 5021 2710 5100 ἔγραψα.
2775 5046 2803 5076 ‹‹
2837 5024 2925 5084 Ὠς
2956 5021 3268 5095 ἠλεημένος
3316 5020 3419 5075 ὑπὸ
3471 5019 3687 5091 Κυρίου.
3716 5040 3742 5067 ››

2091 5111 2454 5185 Ἠλεημὲνος,
2491 5111 2678 5190 φησὶν,
2712 5109 2787 5172 είς
2816 5110 2879 5165 τὸ
2934 5110 3073 5164 εἶναι
3130 5108 3342 5175 πιστὸς,
3405 5107 3517 5160 οἷον
3573 5104 3743 5176 κῆρυξ

2092 5202 2183 5257 καί
2242 5199 2626 5278 γνωμοδότης.
2685 5224 2713 5251 ‹‹
2773 5198 3002 5271 Νομίζω
3049 5197 3141 5252 οὗν
3194 5200 3355 5252 τοῦτο
3421 5190 3590 5247 καλὸν
3652 5192 3754 5246 ὑπ-

2095 5293 2306 5368 άρχειν.
2339 5316 2368 5344 »
2396 5295 2533 5367 Ὅρα
2563 5289 2728 5348 πάλιν
2780 5295 2897 5353 πῶς
2926 5292 3027 5360 τήν
3086 5288 3136 5360 ἐξ
3194 5287 3436 5363 ἀνάγκης
3487 5281 3746 5355 ἐπιταγὴν

2094 5384 2339 5453 κολάζει.
2384 5407 2409 5438 ε
2453 5382 2703 5456 Νομίζω,
2741 5406 2768 5433 ››
2805 5380 2958 5460 φησί.
2991 5380 3052 5433 Τί
3089 5399 3101 5448 ;
3133 5379 3153 5399 ⁸
3184 5379 3282 5435 Οτι
3313 5375 3481 5432 καλὸν
3512 5377 3575 5430 τὸ
3629 5374 3750 5428 ἄνευ

2095 5476 2281 5552 γάμου
2313 5474 2466 5540 εἶναι,
2500 5470 2590 5527 διὰ
2631 5471 2726 5535 τὰς
2779 5470 2833 5526 ἐν
2867 5469 3012 5540 αὐτῷ
3042 5465 3357 5537 δυσκολίας,
3387 5464 3476 5521 καὶ
3534 5463 3602 5519 τὰ
3656 5467 3754 5517 τοῦ

2099 5549 2283 5641 γάμου
2312 5563 2469 5618 κατά.
2506 5587 2533 5613 ι(
2567 5562 2666 5617 Διά
2688 5561 2787 5628 τὴν
2813 5557 3103 5613 ἐνεστῶσαν
3164 5557 3420 5631 ἀνάγκην.
3456 5578 3483 5607 ››
3514 5587 3585 5597 -—
3613 5549 3754 5608 νΑλ-

2099 5639 2236 5715 λως.
2271 5652 2488 5725 [ΦΩΤ,]
2544 5651 2650 5707 Τὸν
2708 5647 2954 5723 διωγμὸν
3006 5647 3165 5719 οἶμαι
3225 5643 3399 5721 λέγειν
3452 5642 3612 5698 αὐτὸν
3673 5639 3755 5695 ἐν-

2099 5743 2285 5814 ταῦθα,
2307 5743 2399 5797 τὸν
2430 5740 2535 5797 ἀπὸ
2570 5743 2676 5794 τῶν
2733 5737 2975 5793 ἀπίστων
3031 5736 3150 5799 τοῖς
3205 5739 3419 5795 πιστοῖς
3478 5732 3755 5788 ἐπανατει-
