4118 6426
366 345 487 405 737

1335 345 1760 408 COMMENT.
1808 347 1885 408 IN
1936 342 2253 406 EPIST..I
2296 346 2403 407 AD
2447 347 2822 411 GORINTH.

3676 353 3793 420 738

366 473 620 546 νόμενον,
681 474 771 530 καὶ
842 473 937 537 τὰς
998 474 1175 537 ἄλλας
1241 473 1500 552 ὀπηρείας
1581 476 1672 532 καὶ
1736 477 2031 545 κακώσεις,

2148 484 2289 534 tem.
2322 500 2351 531 »
2385 479 2567 535 Aliud.
2593 481 2818 554 Opinor
2843 498 2979 539 eum
3006 485 3117 541 hoc
3148 485 3277 543 loco
3306 490 3788 559 persecutionem

370 561 435 626 ἃς
466 563 759 635 ὑπέμενον.
818 568 997 621 Τοῦτο
1055 565 1159 640 γὰρ
1219 563 1521 621 ἀκόλουθον
1581 565 1875 621 ἐνεστῶσαν
1907 565 2039 621 ἀνά-

368 672 510 727 γκην
541 652 702 708 αὑτὸν
750 651 965 710 καλεῖν.
1028 651 1252 723 Ἐπειδὴ
1311 655 1414 730 γὰρ
1471 654 1784 729 παραίνεσιν
1815 653 2035 727 ὑψηλὴν

370 742 466 797 καὶ
501 741 747 818 μεγάλην
801 743 1043 815 ἠθέλησε
1099 748 1454 815 ποιήσασθαι,
1504 747 1641 819 μετὰ
1668 745 2038 817 περιστάσεως

371 827 555 905 ἔδοξεν
610 832 779 900 αὐτὴν
840 833 1101 911 εἰσάγειν.
1164 833 1367 901 Καλὸν,
1428 834 1615 913 φησὶν,
1658 837 1693 903 ἡ
1750 834 2034 908 παρθενία,

371 923 465 977 καί
532 919 624 977 διὰ
686 922 789 989 τήν
853 922 1153 979 ἐνεστῶσαν
1230 928 1338 979 τῶν
1437 929 1755 1000 πειρασμῶν
1825 923 2026 1000 φοράν.

372 1012 535 1081 Ῥᾷον
595 1012 701 1089 γὰρ
758 1012 850 1068 καὶ
910 1012 1258 1087 ἀκοπώτερον
1313 1014 1515 1083 ταύτην
1575 1011 1818 1085 οἴσομεν,
1848 1012 1882 1082 ἢ
1937 1033 2034 1086 γυ-

376 1105 567 1165 ναῖκας
609 1102 703 1156 καί
733 1101 892 1156 τέκνα
950 1101 1005 1157 ὲν
1056 1099 1328 1177 διωγμοῖς
1379 1103 1471 1158 καὶ
1506 1101 1726 1176 μυρίαις
1752 1102 2035 1156 ταλαιπω-

376 1188 521 1265 ρίαις
622 1191 1071 1264 συνεπαγόμενοι.
1176 1194 1699 1267 Καταμεριζομὲνης
1781 1193 1882 1267 γὰρ
1958 1191 2035 1254 εἰς

372 1277 562 1335 πολλᾶ
591 1278 739 1348 πάθη
797 1287 899 1349 τῆς
955 1284 1170 1356 ψυχῆς,
1228 1280 1281 1336 ἐν
1341 1282 1607 1359 ἀφορήτῳ
1635 1283 1789 1352 κακῷ
1820 1280 2032 1357 ἀνάγκη

371 1363 881 1438 καταϐαπτισθῆναι
936 1372 1030 1425 τὸν
1088 1370 1391 1444 ἄνθρωπον·
1457 1371 1624 1444 μόνον
1656 1368 1713 1425 δὲ
1761 1368 1912 1437 ὄντα,
1945 1384 2037 1439 καὶ

368 1461 491 1520 τοῖς
533 1456 732 1531 ἑτέρων
762 1460 954 1514 πάθεσι
1019 1461 1094 1531 μή
1154 1461 1655 1534 κατατεμνόμενον,
1682 1459 1906 1534 εὐχερὲς
1935 1466 2036 1528 τῆς

368 1551 478 1601 τῶν
530 1551 711 1603 κακῶν
768 1548 1166 1623 ὑπερανασχεῖν
1244 1549 1558 1624 τρικυμίας.
1621 1549 1756 1606 Εἶτα
1809 1548 1897 1603 ἳνα
1958 1552 2033 1622 μή

366 1655 449 1697 τις
514 1634 666 1711 εἷ’πῃ·
734 1637 947 1693 Οὐκοῦν
1014 1638 1107 1693 καὶ
1168 1640 1196 1693 ὁ
1256 1638 1460 1717 φθάσας
1537 1638 1704 1713 γάμῳ
1767 1645 2035 1706 κοινωνῆ-

369 1743 481 1795 σαι,
533 1723 762 1798 ἄμεινον
827 1728 1053 1797 ποιήσει
1114 1724 1262 1781 λόων
1334 1727 1426 1783 τὸν
1497 1726 1704 1801 γάμον,
1771 1725 2039 1816 ἐπήγαγε,

2141 568 2360 636 dicere,
2394 585 2526 639 quae
2557 570 2630 625 ab
2661 571 2985 629 incredulis
3029 575 3454 633 intendebatur
3484 577 3790 648 fidelibus,

2140 665 2502 731 craterasque
2526 662 2970 731 persecutiones
2994 669 3052 718 et
3070 664 3425 721 afﬂictiones
3446 682 3593 736 quas
3617 668 3789 723 susti-

2142 746 2384 803 nebant.
2418 750 2562 803 Nam
2592 765 2967 821 consequens
2999 757 3124 807 erat
3149 759 3215 807 ut
3243 754 3354 809 hoc
3384 761 3619 812 vocaret
3637 774 3789 826 prae-

2142 841 2373 891 sentem
2403 837 2839 893 necessitatem.
2869 839 3015 894 Cum
3045 841 3207 896 enim
3234 841 3549 899 sublimem
3581 860 3649 899 ac
3675 860 3792 899 ma-

2141 941 2318 999 gnam
2347 927 2634 983 voluisset
2677 930 2914 985 tradere
2962 931 3456 998 admonitionem,
3497 934 3657 989 visus
3700 940 3791 990 est

2144 1017 2308 1072 illam
2328 1034 2397 1073 ex
2414 1020 2699 1089 temporis
2717 1020 3167 1075 circumstantia
3187 1020 3500 1077 deducere.
3522 1023 3680 1079 Bona
3696 1041 3791 1080 res

2143 1107 2359 1178 inquit,
2393 1114 2485 1163 est
2513 1110 2817 1181 virginitas
2847 1110 2923 1166 ob
2957 1116 3315 1182 praesentem
3348 1128 3585 1184 quoque
3612 1113 3794 1169 afﬂic-

2145 1197 2374 1252 tionum
2397 1197 2705 1269 impetum.
2730 1201 2873 1254 Nam
2890 1199 3126 1255 facilius
3145 1206 3204 1255 et
3223 1200 3353 1256 sine
3374 1201 3791 1273 defatigatione

2144 1286 2303 1341 hunc
2332 1285 2611 1355 feremus,
2645 1304 2824 1358 quam
2856 1289 2904 1344 si
2936 1305 3151 1344 uxores
3181 1305 3249 1345 ac
3300 1290 3455 1346 ﬁlios
3486 1292 3547 1345 in
3590 1307 3792 1363 perse-

2142 1376 2970 1448 cutionibus,inuumerisque
2991 1378 3250 1433 miseriis
3272 1378 3590 1450 adjunctos
3613 1380 3794 1436 liabe-

2144 1478 2366 1519 remus.
2401 1465 2728 1535 Siquidem,
2762 1465 2950 1521 divisa
2979 1466 3042 1521 in
3072 1467 3264 1521 varios
3293 1469 3541 1523 affectus
3572 1469 3794 1537 anima,

2144 1568 2390 1608 necesse
2419 1561 2509 1609 est
2537 1560 2602 1610 ut
2645 1554 2823 1611 homo
2854 1555 2917 1610 in
2966 1556 3128 1611 malo
3168 1556 3530 1612 intolerabili
3561 1558 3798 1613 demer-

2143 1648 2352 1714 gatur:
2393 1659 2530 1698 cum
2586 1649 2784 1700 tamen
2836 1646 2884 1700 si
2938 1644 3101 1700 solus
3151 1651 3327 1715 esset,
3377 1663 3488 1701 nec
3536 1647 3792 1703 aliorum

2145 1748 2382 1803 quoque
2415 1733 2962 1804 perturbationibus
2994 1735 3483 1804 contunderetur,
3513 1736 3685 1792 facile
3708 1754 3798 1792 es-

374 1818 470 1886 Μὴ
534 1813 761 1890 γένοιτο.
831 1819 1009 1874 Τοῦτο
1072 1817 1176 1893 γὰρ
1263 1815 1432 1888 δηλοῖ
1497 1814 1585 1871 διὰ
1677 1821 1775 1872 τοῦ
1841 1813 2035 1889 εἰπεῖν,

457 1903 649 1928 Διέ--μν
792 1913 895 1928 ...γε
1034 1907 1048 1928 ἓ
1122 1908 1242 1928 VIA,
1333 1907 1483 1928 ‘IA,
1552 1926 1559 1928 _
1634 1904 1787 1928 ἰἻἾῖ
1835 1903 1864 1928 νυ
1930 1926 1947 1928 Δ
1992 1925 2002 1928 λ

2148 1826 2235 1875 set
2253 1821 2547 1876 malorum
2566 1822 2819 1879 tolerare
2838 1823 3183 1895 procellam.
3210 1824 3434 1879 Deinde
3456 1841 3529 1879 ne
3552 1827 3687 1897 quis
3703 1826 3797 1881 di-

386 1928 411 1956 ι
447 1903 655 1962 Δέδεσαι
684 1913 920 1982 γυναικί,
979 1907 1056 1979 μὴ
1121 1908 1272 1976 ζήτει
1333 1907 1510 1963 λύσιν.
1539 1926 1569 1960 ι
1634 1904 1787 1963 Ἀλλ’
1827 1903 2035 1981 ὥσπερ,

386 1995 571 2070 φησίν,
598 1996 625 2051 ὁ
654 1993 940 2068 δεδεμένος
996 1996 1097 2052 οὐκ
1155 1994 1366 2074 ὀφείλει
1426 1994 1585 2052 λύσιν
1625 1999 1827 2068 ζητεῖν,
1859 1995 2035 2058 οὕτως

380 2080 507 2137 οὐδὲ
561 2083 589 2137 ὁ
648 2082 949 2157 λελυμένος
1009 2082 1206 2156 δεσμὸν
1267 2084 1439 2156 ἑαυτῷ
1495 2081 1704 2162 ὀφείλει
1742 2088 2030 2158 περινοεῖν.

373 2174 454 2231 Ἰὸ
508 2172 587 2241 δὲ,
648 2173 967 2243 «ΛέΛυσαι,
1001 2199 1031 2226 ››
1092 2172 1268 2249 διχῶς
1327 2167 1467 2229 ἔστιν
1523 2168 1794 2241 ἐκλαϐεῖν,
1951 2172 2033 2226 ὅτι

369 2262 541 2321 υῦπω
595 2261 745 2327 ὅλως
801 2261 1015 2334 ἐδέθης,
1058 2261 1096 2333 ἤ
1143 2264 1226 2319 ὃτι
1286 2263 1476 2326 Λυθεὶς
1508 2262 1602 2336 ἀφ’
1632 2263 1693 2317 οὗ
1726 2261 1910 2332 ἐδέθης
1944 2260 2032 2317 δε·

374 2357 540 2425 σμοῢ,
575 2352 674 2409 οὐκ
704 2350 943 2431 ὀφείλεις
984 2352 1146 2426 ἄλλῳ
1194 2353 1448 2430 γυναικὸς
1498 2350 1683 2425 δεσμῷ
1713 2350 1880 2406 πάλιν
1910 2372 2037 2406 συν-

375 2442 621 2512 δεθῆναι.
684 2465 713 2496 α
768 2445 855 2513 Μὴ
922 2444 1074 2513 ζήτει
1134 2440 1290 2496 Λύσιν
1369 2467 1390 2493 ι
1450 2438 1675 2509 Ἐπειδή
1739 2440 1854 2496 εἶπε
1908 2441 2034 2516 περὶ

370 2531 687 2606 παρθενίας,
746 2528 1008 2593 δεδοικὼς
1065 2530 1262 2592 αὐτοὺς
1317 2530 1396 2593 ὡς
1453 2528 1814 2604 ἀστηρίκτους
1873 2531 1949 2602 μή
1981 2550 2035 2585 τι

371 2616 751 2698 θορυϐηθῶσι,
804 2619 1082 2695 συντρίχει
1140 2619 1233 2674 τὸν
1292 2619 1494 2694 γάμον.
1554 2616 1781 2689 Συνᾷδει
1829 2615 1886 2673 Si
1916 2623 2034 2680 τοῖς

370 2709 486 2765 ἅνω
538 2707 872 2784 εἰρημένοις.
960 2708 1126 2764 Λύσιν
1206 2708 1309 2785 γὰρ
1389 2707 1636 2777 ἐνταῦθα,
1698 2707 1760 2763 οὗ
1819 2714 1916 2777 τῆν
1976 2706 2038 2764 ἐκ

376 2799 699 2877 συμφωνίας
749 2798 976 2876 ἆποχήν
1052 2804 1155 2868 τῆς
1240 2797 1438 2871 μίξεως
1507 2796 1674 2871 λέγει,
1733 2795 1882 2853 ἀλλὰ
1934 2798 2034 2866 τὴν

372 2890 523 2965 παρᾶ
575 2889 806 2964 γνώμην
864 2888 957 2944 καὶ
1024 2886 1151 2944 ἄνευ
1227 2887 1396 2963 λόγου
1452 2888 1730 2962 πορνείας,
1789 2884 2034 2943 διάλυσιν

369 2984 471 3035 τοῦ
524 2977 1003 3053 συναλλάγματος·
1064 2978 1126 3033 τὸ
1184 2974 1265 3050 δὲ,
1327 2979 1587 3051 μένοντος
1637 2981 1737 3032 τοῦ
1774 2974 2035 3052 ἀνδρογύ-

372 3091 469 3125 νου
535 3069 897 3143 παρθενεύειν,
960 3067 1155 3126 καλόν.
1227 3091 1258 3120 «ς
1292 3069 1415 3125 Ἐὰν
1483 3065 1544 3122 8‘s
1607 3067 1699 3123 καὶ
1762 3068 1970 3142 γήμῃς.
2004 3090 2033 3119 ››

2146 1914 2241 1963 cat
2269 1926 2281 1962 :
2315 1911 2498 1983 Igitur
2542 1912 2720 1967 etiam
2749 1912 2801 1967 is
2851 1914 2953 1983 qui
2991 1930 3059 1968 eo
3108 1914 3377 1985 pervenit
3403 1919 3468 1969 ut
3498 1916 3793 1986 particeps

2137 1998 2265 2070 jam
2298 2000 2375 2054 sit
2395 2001 2676 2072 conjugii,
2703 2002 2918 2057 melius
2942 2002 3115 2057 faciet
3147 2003 3196 2057 si
3220 2002 3410 2059 solvat
3429 2003 3796 2077 conjugium,

2147 2089 2490 2162 subjungit:
2524 2092 2949 2162 Nequaquam;
2984 2093 3095 2148 hoc
3140 2093 3298 2148 enim
3332 2095 3629 2166 signiﬁcat
3657 2112 3793 2151 cum

2145 2177 2326 2232 dicit:
2375 2200 2405 2229 ‹‹
2454 2179 2744 2251 Alligatus
2793 2195 2855 2235 es
2904 2181 3092 2248 uxori,
3143 2196 3219 2236 ne
3269 2197 3502 2253 qumras
3542 2183 3793 2238 solutio-

2143 2283 2304 2323 nem.
2339 2288 2368 2317 »
2401 2268 2513 2324 Sed
2543 2266 3069 2339 quemadmodum,
3104 2269 3321 2340 inquit,
3369 2271 3470 2341 qui
3516 2271 3793 2342 alligatus

2143 2360 2235 2411 est
2264 2372 2386 2411 non
2417 2356 2595 2412 debet
2625 2373 2894 2428 quaarere
2925 2358 3399 2425 solutionem,ita
3428 2359 3477 2413 is
3501 2359 3602 2431 qui
3636 2360 3796 2414 solu-

2143 2450 2240 2501 tus
2273 2452 2362 2501 est
2391 2462 2513 2501 non
2544 2445 2722 2501 debet
2748 2445 2862 2501 sibi
2896 2447 3011 2518 ipsi
3032 2447 3337 2502 vinculum
3366 2447 3663 2503 adducere
3695 2454 3801 2504 aut

2145 2535 2542 2592 comminisci.
2574 2535 2743 2600 Quod
2786 2542 2987 2591 autem
3017 2535 3102 2590 ait
3130 2551 3143 2589 :
3183 2560 3203 2584 ι
3241 2536 3482 2592 Solutus
3513 2552 3597 2604 es,
3630 2559 3658 2587 »
3690 2537 3797 2593 du-

2143 2625 2381 2698 pliciter
2408 2630 2603 2696 potest
2632 2624 2884 2698 intelligi
2911 2642 2925 2679 :
2958 2625 3053 2680 vel
3094 2625 3235 2696 quia
3281 2625 3549 2682 nondum
3584 2627 3799 2698 ligatus

2145 2730 2411 2787 unquam
2442 2714 2628 2780 fuisti,
2660 2715 2749 2770 vel
2790 2715 2930 2785 quia
2971 2715 3203 2771 solutus
3234 2732 3297 2770 es
3328 2732 3365 2771 a
3410 2716 3646 2771 vinculo
3678 2733 3796 2787 quo

2136 2804 2360 2876 ligatus
2390 2819 2566 2859 eras:
2599 2820 2721 2859 non
2771 2803 2953 2859 debes
2997 2820 3133 2876 ergo
3183 2804 3395 2860 iterato
3436 2805 3638 2860 uxoris
3667 2806 3798 2860 vin-

2146 2895 2280 2950 culo
2311 2894 2598 2967 colligari.
2625 2915 2654 2945 ιι
2677 2895 2759 2948 Ne
2781 2909 3013 2965 quaeras
3044 2893 3424 2949 solutionem.
3454 2916 3483 2944 ››
3505 2896 3797 2960 Quoniam

2146 2984 2218 3040 de
2245 2984 2579 3056 virginitate
2609 2982 2842 3038 locutus
2868 2988 3016 3050 erat,
3038 2984 3263 3040 veritus
3288 3000 3362 3040 ne
3389 2984 3476 3039 illi
3511 2990 3796 3056 tanquam

2144 3086 2267 3125 non
2299 3070 2457 3124 ﬁrmi
2488 3070 2550 3124 in
2580 3069 2782 3139 aliquo
2810 3069 3215 3139 turbarentur,
3247 3070 3428 3125 simul
3460 3069 3641 3125 etiam
3662 3086 3799 3125 con-

374 3159 816 3236 Ἐπιδιοροοῦται
873 3160 1026 3231 αὐτὸ,
1081 3160 1146 3216 τὸ
1203 3160 1422 3222 ἀσθενὲς
1476 3164 1585 3214 τῶν
1633 3160 1915 3234 ἀκροατῶν
1946 3156 2034 3213 δε-

2148 3159 2373 3229 iugium
2403 3157 2656 3225 inducit,
2689 3162 2749 3212 et
2793 3157 3181 3213 conformiter
3226 3157 3492 3230 loquitur
3534 3160 3629 3214 bis
3660 3175 3792 3230 quae

374 3250 597 3318 δοικὼς,
622 3251 698 3314 ὡς
731 3250 795 3306 οὐ
827 3252 1159 3327 χωρούντων
1188 3252 1292 3321 τὴν
1318 3248 1631 3325 παρθενίαν.

2075 3232 2117 3297 C
2147 3262 2328 3319 supra
2356 3247 2514 3302 dicta
2554 3252 2716 3302 sunt.
2749 3247 2895 3302 Nam
2947 3246 3306 3302 solutionem
3355 3247 3469 3303 hoc
3507 3247 3637 3305 loco
3668 3265 3793 3304 non

369 3350 544 3400 vocat
572 3344 1011 3415 separationem
1042 3359 1077 3399 a
1108 3343 1523 3399 commistione
1557 3347 1763 3398 mutuo
1815 3355 2113 3395 consensu
2142 3338 2360 3393 factam
2389 3353 2403 3391 :
2437 3336 2541 3392 sed
2590 3341 2808 3407 praeter
2835 3336 3130 3393 consortis
3160 3337 3547 3405 voluntatem,
3581 3344 3638 3393 et
3669 3355 3791 3393 non

375 3431 818 3489 subexsistente
867 3449 1046 3488 causa
1101 3432 1291 3504 stupri
1338 3431 1599 3503 conjugii
1647 3429 2145 3486 dissolutionem:
2180 3433 2240 3483 at
2282 3427 2534 3483 durante
2587 3426 2862 3482 caelibatu
2894 3442 3131 3482 servare
3179 3427 3576 3499 virginitatem
3608 3429 3797 3484 hone-

372 3528 530 3578 stum
563 3527 674 3577 est.
709 3542 738 3573 α
766 3525 1046 3577 Attamen
1072 3522 1121 3577 si
1151 3521 1395 3578 duxeris
1423 3537 1691 3587 uxorem,
1719 3536 1842 3575 non
1890 3518 2169 3591 peccasti.
2202 3538 2231 3567 »
2261 3516 2517 3589 Corrigit
2563 3523 2622 3572 et
2650 3516 2933 3588 explanat
2961 3516 3123 3587 quod
3170 3516 3398 3572 dictum
3429 3523 3538 3587 est,
3570 3518 3795 3573 veritus

375 3610 711 3666 auditorum
741 3609 1235 3679 imbecillitatem,
1267 3616 1334 3665 ut
1361 3609 1463 3682 qui
1493 3626 1614 3664 non
1646 3609 1963 3681 capiebant
1987 3607 2405 3680 virginitatem.

453 3695 694 3759 ’Δλλως.
1026 3698 1121 3767 Τὸ,
1179 3721 1208 3751 ι(
1243 3696 1366 3754 Ἐὰν
1423 3694 1481 3753 δὲ
1534 3695 1626 3752 καὶ
1674 3698 1889 3771 γήμῃς,
1922 3693 2032 3773 οὐχ

383 3782 641 3861 ἥμαρτες,
675 3811 704 3840 υ
768 3788 861 3843 καὶ
926 3787 1144 3865 ἐφεξῆς,
1211 3792 1330 3850 τοῖς
1398 3785 1512 3842 ἅνω
1568 3788 1689 3841 καθ’
1731 3781 2033 3862 ὑπερϐατὸν

381 3876 719 3946 συντατέον,
779 3878 920 3932 οῖον·
958 3876 1141 3934 Καλὸν
1198 3876 1470 3951 ἀνθρώπῳ
1526 3877 1589 3931 τὸ
1639 3874 1815 3937 οὕτως
1866 3875 2029 3930 εἶναι.

374 3965 525 4021 Ἐὰν
583 3963 644 4020 δὲ
702 3968 794 4021 καί
848 3968 1040 4041 γήμῃς
1108 3967 1219 4041 οὐχ
1283 3964 1554 4039 ἥμαρτες,
1610 3964 1700 4019 καὶ
1758 3965 1903 4034 ἑξῆς.
1952 3962 2030 4020 Οὐ

372 4052 476 4128 γὰρ
506 4050 592 4109 δεῖ
619 4056 902 4110 συνάπτειν
932 4055 1066 4111 αὐτὸ
1121 4060 1223 4128 τῷ,
1282 4080 1312 4108 ι(
1352 4054 1589 4111 Δέλυσαι
1619 4056 1726 4110 ἀπὸ
1752 4054 2032 4131 γυναικὸς,

378 4145 458 4217 μή
491 4145 644 4215 ζήτει
673 4150 924 4222 γυναῖκα.
959 4147 1081 4202 Ἐὰν
1116 4143 1174 4201 δὲ
1229 4146 1319 4201 καὶ
1350 4148 1537 4223 γήμῃς
1568 4147 1680 4222 οὐχ
1708 4147 1968 4220 ἥμαρτες.
2003 4168 2033 4197 »ι

376 4234 606 4306 Πρῶτον
665 4234 768 4307 μὲν
818 4235 947 4311 γὰρ,
1005 4233 1377 4298 ἀνακόλουθος
1436 4234 1581 4291 οὕτω
1641 4230 2031 4307 λαμϐανομένη

377 4326 414 4394 ἡ
446 4318 649 4379 ἔννοια.
682 4323 750 4380 Τί
802 4325 908 4400 γὰρ
956 4327 1036 4396 τῷ
1090 4325 1437 4400 γεγαμηκότι
1464 4322 1574 4395 ἤδη
1606 4324 1696 4379 καὶ
1728 4321 2034 4380 διαλυθιντι

380 4414 648 4488 προσήκει
715 4411 911 4489 λέγειν,
982 4434 1008 4464 ι
1060 4415 1184 4470 Ἐάν
1246 4412 1303 4469 δε
1365 4413 1457 4469 καὶ
1516 4416 1746 4488 γήμῃς
1780 4438 1809 4467 ››
1862 4418 2036 4469 Τοῦτο

378 4503 481 4576 γὰρ
534 4508 655 4565 τοῖς
715 4505 887 4576 μήπω
943 4502 1318 4578 γεγαμηκόσιν
1377 4500 1669 4576 ἁρμόδιον.
1700 4504 1927 4559 Ἔπειτα
1956 4500 2035 4569 δὲ,

377 4592 471 4647 καὶ
551 4591 689 4667 μέγα
756 4592 902 4648 ἐστὶν
971 4591 1300 4667 ἁμάρτημα,
1381 4591 1683 4665 λυσάμενον
1757 4592 1864 4646 ἀπὸ
1937 4598 2039 4659 τῆς

377 4682 648 4758 γυναικὸς,
715 4679 896 4753 ἄλλην
994 4682 1298 4759 γήμασθαι’
1365 4678 1506 4736 ὥστε
1600 4679 1699 4736 οὐκ
1798 4680 2043 4756 ἐγχωρεῖ

385 4770 562 4835 οὕτως
591 4771 824 4846 συνάψαι
851 4773 916 4828 τὸ
946 4771 1181 4847 χωρίον,
1222 4768 1353 4826 ἀλλ’
1400 4771 1476 4833 ὡς
1504 4766 1770 4846 πρότερον
1802 4769 2036 4844 εἷ’ρηται.

387 4861 494 4916 Καὶ
525 4860 628 4936 γὰρ
676 4859 767 4918 καὶ
814 4861 921 4934 πρὸ
976 4860 1170 4935 ὀλίγου
1239 4858 1424 4935 φησὶν,
1457 4883 1486 4912 ‹‹
1524 4859 1649 4915 Ἐὰν
1692 4855 1751 4913 δὲ
1801 4859 1894 4914 καὶ
1923 4878 2045 4934 χω-

388 4951 572 5024 ρισθῇ,
607 4948 815 5022 μενὲτω
843 4951 1080 5025 ἄγαμος.
1116 4973 1147 5001 »
1201 4948 1300 5004 Διά
1343 4967 1402 5003 τε
1453 4950 1546 5003 οὗν
1575 4948 1643 5003 τὰ
1669 4950 2045 5023 προειρημένα

2216 3696 2367 3752 Δϐὗ
2399 3696 2594 3751 Aliud.
2618 3695 2784 3761 Quod
2815 3696 3053 3765 dicitur,
3087 3718 3117 3746 α
3145 3698 3422 3752 Attamen
3456 3698 3505 3753 si
3549 3697 3792 3755 duxeris

2143 3801 2542 3852 uxorem,non
2564 3786 2822 3857 peccasti
2851 3808 2878 3837 η
2903 3791 2964 3841 et
2986 3791 3223 3853 cwtera,
3256 3787 3667 3858 superioribus
3690 3805 3796 3858 per

2144 3877 2514 3949 hyperbaton
2559 3876 2979 3949 conjungenda
3031 3881 3190 3941 sunt,
3230 3883 3411 3948 puta:
3448 3879 3673 3935 Bonum
3703 3885 3799 3935 est

2145 3967 2374 4021 homini
2407 3967 2491 4022 sic
2522 3983 2651 4023 esse
2681 3984 2694 4022 :
2727 3973 2993 4022 attamen
3024 3968 3073 4021 si
3100 3966 3339 4021 duxeris
3370 3983 3638 4036 uxorem,
3670 3985 3795 4024 non

2147 4057 2402 4127 peccasti
2429 4072 2443 4122 ;
2479 4061 2588 4112 etc.
2622 4071 2818 4126 neque
2850 4055 3010 4110 enim
3036 4055 3318 4127 conjungi
3350 4055 3527 4111 debet
3557 4074 3695 4112 cum
3725 4073 3795 4113 eo

2148 4145 2308 4216 quod
2337 4145 2594 4200 dicitur:
2627 4167 2657 4195 «
2707 4145 2946 4200 Solutus
2976 4160 3039 4199 es
3090 4144 3165 4199 ab
3211 4160 3416 4217 uxore,
3449 4160 3524 4200 ne
3564 4162 3796 4216 quaeras

2146 4239 2695 4291 uxorem.Attamen
2718 4235 2766 4289 si
2789 4234 3029 4289 duxeris
3049 4250 3317 4299 uxorem,
3337 4249 3458 4289 non
3482 4236 3796 4306 peccasti.»

2150 4325 2415 4380 Primum
2448 4324 2715 4396 quidem,
2746 4340 2867 4379 non
2897 4329 3060 4379 recte
3111 4323 3502 4395 consequitur
3532 4332 3805 4397 sumptus

2151 4413 2264 4469 hoc
2293 4413 2470 4469 modo
2516 4413 2878 4469 intellectus.
2907 4413 3061 4478 Quid
3100 4413 3262 4467 enim
3310 4415 3585 4468 convenit
3615 4415 3668 4469 ei
3700 4414 3803 4485 qui

2144 4503 2275 4575 jam
2295 4503 2547 4559 duxerat
2570 4509 2631 4557 et
2650 4502 2882 4558 solutus
2902 4506 2995 4557 est
3010 4501 3210 4556 dicere
3234 4517 3249 4555 :
3271 4523 3303 4552 «
3325 4505 3599 4558 Attamen
3622 4503 3670 4557 si
3690 4503 3803 4559 du-

2151 4591 2309 4645 xeris
2338 4607 2587 4645 uxorem
2606 4590 2635 4645 ?
2656 4612 2686 4640 ιο
2717 4591 2863 4645 Nam
2893 4590 3006 4644 hoc
3034 4588 3109 4643 iis
3137 4593 3378 4660 aptatur
3406 4591 3506 4660 qui
3535 4591 3805 4646 nondum

2152 4695 2403 4734 uxorem
2434 4679 2757 4734 duxerunt.
2793 4677 3018 4733 Deinde
3047 4691 3183 4731 vero
3231 4693 3511 4747 magnum
3542 4685 3633 4733 est
3662 4694 3800 4750 pec-

2156 4773 2375 4834 catum,
2407 4767 2458 4822 si
2490 4765 2539 4821 is
2572 4767 2674 4837 qui
2703 4766 2935 4822 solutus
2966 4770 3056 4820 est
3072 4765 3149 4819 ab
3177 4781 3362 4820 uxore
3390 4766 3573 4821 aliam
3604 4766 3802 4821 ducat.

2154 4857 2358 4927 Itaque
2389 4871 2510 4910 non
2538 4859 2737 4927 potest
2763 4871 2835 4910 eo
2860 4854 3036 4909 modo
3066 4852 3347 4926 conjungi
3378 4855 3806 4925 particula,sed

2156 4947 2309 5003 sicut
2340 4947 2504 5018 prius
2539 4944 2766 5001 dictum
2813 4950 2921 5000 est.
2973 4946 3118 4999 Nam
3162 4949 3226 4998 et
3271 4943 3448 5015 paulo
3493 4950 3632 5000 ante
3679 4945 3801 5002 ait:

388 5008 481 5093 καὶ
596 5008 686 5092 νῦν
718 5008 1056 5113 εἰρημὲνόνί
1082 5036 1177 5094 ’ίνα
1237 5038 1313 5112 μή
1375 5037 1584 5093 ἐναντία
1636 5008 1841 5110 ἑαυτῷ⁸
1868 5008 2036 5114 λόγειν

2153 5060 2185 5090 ‹‹
2214 5036 2383 5102 Quod
2412 5036 2463 5091 si
2491 5035 2673 5090 etiam
2699 5038 2974 5106 separata
2999 5032 3201 5100 fuerit,
3224 5039 3467 5089 maneat
3495 5035 3804 5108 innupta.»

387 5124 544 5201 δόξῃ,
574 5128 695 5191 καθ’
752 5122 1052 5203 ὑπερϐατὸν
1112 5126 1454 5183 συντακτὲον.
1521 5126 1587 5185 Ei
1644 5124 1702 5182 δὲ
1759 5127 1844 5193 τὸ,
1879 5152 1908 5179 ι(
1942 5126 2045 5183 Λέ-

388 5213 574 5286 λυσαι,
608 5240 639 5268 ››
692 5216 817 5293 οὐχῖ
878 5216 1017 5293 πρὸς
1071 5216 1202 5280 τοὺς
1255 5217 1629 5291 συναφθέντας,
1687 5216 1805 5271 εἶτα
1855 5214 2049 5272 διαλυ-

382 5303 573 5368 θέντας
619 5305 895 5374 ἀκούσεις,
948 5304 1078 5361 ἀλλ’
1133 5305 1325 5369 ἁπλῶς
1376 5306 1512 5381 πρὸς
1562 5307 1693 5368 τοὺς
1747 5308 1823 5379 μή
1858 5304 2049 5361 συνελ-

387 5393 578 5460 θόντας
624 5394 772 5459 ὅλως
828 5396 905 5460 εἰς
961 5396 1143 5469 γάμου
1194 5396 1510 5467 κοινωνίαν,
1544 5393 1689 5452 ἀλλὰ
1716 5395 2051 5467 λελυμένους

387 5482 550 5548 ὄντας
592 5490 691 5540 τοῦ
738 5484 998 5540 τοιούτου
1048 5482 1275 5559 δεσμοῦ,
1327 5484 1569 5561 ὀγχωρεῖ
1615 5485 1704 5541 καὶ
1744 5486 1881 5541 κατὰ
1908 5484 2053 5540 πόδα

386 5577 426 5644 ἠ
459 5573 871 5647 σῦνταξιςΑιΚαὶ
902 5572 990 5629 ἐὰν
1026 5575 1186 5649 γήμῃ
1229 5577 1263 5644 ἡ
1323 5573 1729 5652 παρθένος,οὐχ
1759 5575 1987 5649 ἥμαρτε.
2021 5597 2050 5625 9)

389 5659 669 5739 Παρθένον
720 5662 950 5718 ἐνταῦθά
1006 5683 1170 5737 φησιν
1220 5662 1283 5717 οὐ
1333 5663 1434 5731 τὴν
1494 5663 1873 5740 ἀφιερωμένην
1910 5667 2050 5735 Θεῷ,

2156 5130 2405 5198 Propter
2435 5125 2541 5179 illa
2570 5124 2748 5195 igitur
2777 5139 2909 5194 quas
2939 5121 3098 5178 dicta
3127 5127 3286 5190 sunt,
3316 5123 3499 5179 etiam
3542 5141 3807 5196 praesens

2156 5216 2424 5282 verbum,
2445 5231 2523 5270 ne
2552 5213 2668 5269 sibi
2697 5212 3000 5269 contraria
3028 5210 3230 5266 dicere
3257 5212 3548 5279 videatur,
3569 5231 3679 5286 per
3708 5216 3811 5286 hy-

2159 5305 2446 5377 perbaton
2496 5302 2985 5375 conjungendum
3036 5306 3145 5358 est.
3188 5301 3353 5366 Quod
3395 5303 3445 5357 si
3485 5303 3809 5360 dictionem

2158 5414 2190 5446 α
2218 5394 2457 5451 Solutus
2489 5411 2573 5462 es,
2607 5415 2636 5444 »
2670 5410 2791 5448 non
2821 5391 2898 5447 ad
2945 5408 3047 5448 eos
3078 5391 3181 5462 qui
3207 5392 3518 5461 conjuncti
3546 5394 3810 5463 fuerunt,

2160 5491 2219 5541 et
2247 5483 2463 5540 deinde
2493 5483 2672 5538 soluti
2705 5488 2863 5549 sunt,
2895 5481 3195 5549 retuleris,
3224 5481 3332 5537 sed
3360 5483 3717 5554 simpliciter
3739 5484 3815 5538 ad

2160 5590 2263 5632 eos
2277 5574 2379 5646 qui
2391 5573 2638 5628 omnino
2652 5589 2773 5627 non
2788 5571 3279 5628 conveneruntad
3295 5572 3813 5644 participationem

2162 5663 2445 5735 conjugii,
2478 5662 2583 5717 sed
2605 5662 2678 5717 ab
2711 5660 3055 5734 hujusmodi
3079 5659 3316 5715 vinculo
3346 5660 3517 5716 liberi
3545 5665 3606 5715 et
3633 5659 3814 5715 soluti
