4118 6430
353 326 472 387 ’739

1477 320 1859 383 OECUMENI
1901 317 2213 379 TRICGJE
2256 316 2630 379 EPISCOPI.

3653 324 3776 385 ’740

353 469 513 529 sunt,
547 462 743 517 locum
774 460 954 516 habet
983 476 1116 531 quae
1162 458 1367 513 statim
1401 473 1531 513 sese
1564 458 1735 512 offert
1766 455 2004 510 ordina-

2120 446 2267 505 ἀΛλὰ
2296 452 2397 521 τήν
2429 452 2640 526 ἄγαμον
2687 451 2877 527 κόρην.
2941 453 3028 515 Ὠς
3082 455 3178 530 ἦγε
3233 454 3596 534 ἂφιερωθεῖσα
3628 463 3774 532 Θεῷ,

356 552 458 608 tio.
485 574 513 601 «
542 553 610 605 Et
631 550 678 605 si
702 549 973 620 nupserit
993 549 1177 620 virgo,
1202 564 1323 603 non
1346 546 1629 618 peccavit.
1654 567 1682 595 ››
1707 543 2004 616 Virginem

357 643 470 696 hoc
501 640 628 695 loco
649 639 911 710 appellat
933 655 1053 693 non
1078 654 1209 693 eam
1234 654 1364 708 quae
1395 638 1507 691 Deo
1531 638 1878 690 consecrata
1901 638 2011 715 est,

359 729 460 784 sed
494 729 807 799 innuptam
840 726 1126 799 puellam.
1159 728 1305 781 Nam
1351 742 1481 796 quae
1518 726 1631 779 Deo
1663 726 2012 777 consecrata

356 823 449 873 est
477 818 526 871 si
557 817 849 888 nupserit,
882 816 1114 871 Christo
1145 814 1343 870 reddit
1371 812 1708 868 adulterum
1746 826 1880 865 eum
1913 809 2008 864 cui

352 907 545 962 nubit.
581 928 610 956 «
642 905 1048 961 Afﬂictionem
1073 910 1269 960 tamen
1291 904 1352 958 in
1375 919 1552 958 carne
1573 900 1880 956 habebunt
1896 899 2004 953 hu-

344 996 634 1069 jusmodi.
672 1017 700 1046 »
728 996 837 1061 Qui
869 994 1340 1060 matrimonium,
1374 992 1592 1063 inquit,
1626 990 2004 1054 contrahunt,

351 1086 740 1143 afflictionem
773 1084 1078 1140 habebunt
1098 1083 1171 1139 ob
1195 1098 1477 1137 mmrores
1508 1081 1609 1152 qui
1635 1081 1695 1134 in
1727 1078 2002 1150 conjugio

355 1182 515 1233 sunt.
550 1198 577 1225 ‹‹
609 1176 726 1247 Ego
759 1180 957 1229 autem
1001 1173 1168 1229 vobis
1200 1188 1400 1245 parco,
1444 1193 1471 1221 »
1523 1176 1805 1240 tanquam
1839 1169 1999 1235 filiis,

2117 538 2167 593 εἴ
2193 542 2374 615 γήμῃ,
2427 541 2629 619 μοιχὸν
2686 539 2930 617 ἐπιφέρει
2986 544 3066 615 τῷ
3123 547 3366 619 Χριστῷ,
3398 545 3775 626 ᾦνενύμφευ-

2120 650 2230 685 ται.
2290 655 2317 682 ‹‹
2349 628 2548 705 Θλίψιν
2604 628 2661 685 δὲ
2712 627 2890 701 ἕξουσι
2942 637 3011 706 τῇ
3072 634 3250 710 σαρκί.
3291 658 3313 688 ι
3349 636 3412 690 Οἱ
3441 643 3771 712 γαμοῦντες,

2121 717 2272 798 φησῗ,
2308 718 2490 793 θλίψιν
2535 717 2736 792 ἕξουσι,
2797 718 2887 775 διὰ
2942 723 3038 785 τὰς
3093 722 3144 777 ἐν
3200 728 3282 796 τῷ
3334 725 3499 801 γάμῳ
3558 724 3761 788 λύπας.

2122 831 2148 860 (ι
2180 808 2321 881 Ἐγὼ
2380 806 2457 877 δὲ,
2516 808 2673 887 φησὶ,
2733 806 2993 886 φείδομαι
3058 811 3238 884 ὑμῶν,
3272 836 3299 863 ι)
3331 813 3406 874 ὡς
3434 813 3655 884 τέκνων,
3684 815 3777 869 καὶ

2120 894 2397 971 βούλομαι
2448 895 2763 973 ἐλευθέρους
2824 900 2961 953 εἶναι
3019 899 3107 955 καὶ
3156 899 3424 964 ἀλύπους.
3482 905 3629 965 Τέως
3669 904 3771 980 γὰρ

2115 986 2166 1040 ἐν
2224 982 2446 1059 δεσμοῖς
2498 988 2819 1063 τυγχάνετε.
2881 1011 2909 1041 ‹‹
2971 984 3189 1044 Δέδεσαι
3256 992 3384 1067 γὰρ,
3442 991 3599 1069 φησὶ,
3668 1014 3773 1066 γυ-

2111 1074 2272 1132 ναικί.
2307 1099 2337 1128 ››
2368 1076 2504 1132 Εἶτα
2554 1077 2645 1132 καὶ
2682 1078 2887 1133 ἑαυτῶν
2944 1080 3046 1135 οὐκ
3096 1079 3521 1150 ἐξουσιάζουσιν,
3553 1083 3628 1145 ὡς
3660 1080 3769 1139 ἄνω

2110 1185 2295 1241 φησιν.

356 1271 416 1321 et
447 1266 621 1337 cupio
650 1281 751 1319 vos
782 1263 1003 1318 liberos
1033 1278 1164 1318 esse
1193 1277 1262 1317 ac
1294 1261 1421 1316 sine
1467 1274 1740 1314 mmrore.
1774 1256 2017 1311 Interim
2048 1271 2307 1325 namque
2357 1255 2420 1310 in
2451 1254 2704 1311 vinculis
2745 1257 2905 1314 estis.
2941 1258 3037 1313 Ait
3085 1259 3244 1314 enim
3278 1277 3291 1315 :
3325 1283 3353 1311 «
3389 1260 3676 1334 Alligatus
3708 1279 3774 1319 es

351 1354 542 1411 uxori.
577 1377 606 1405 ››
638 1353 860 1409 Deinde
892 1352 1071 1407 etiam
1102 1368 1223 1406 non
1254 1355 1395 1405 sunt
1423 1349 1513 1405 sui
1537 1348 1715 1420 juris,
1747 1351 1814 1401 ut
1843 1345 2119 1417 superius
2150 1343 2320 1399 dixit.

425 1444 541 1507 VII,
574 1443 765 1496 29-31.
819 1442 1085 1496 Caterum
1134 1440 1277 1494 illud
1322 1437 1467 1505 dico,
1516 1440 1742 1507 fratres,
1789 1441 1998 1504 tempus

2178 1434 2353 1487 Τοῦτο
2429 1428 2485 1485 δὲ
2559 1454 2727 1511 φημι,
2802 1431 3055 1513 ἀδελφοὶ,
3122 1437 3204 1491 ὃτι
3282 1439 3310 1492 ὁ
3386 1439 3576 1513 καιρὸς
3642 1460 3780 1494 συν-

351 1536 700 1586 contractum
729 1535 850 1585 est:
879 1535 1121 1600 superest
1150 1536 1212 1583 ut
1259 1531 1357 1598 qui
1386 1528 1596 1581 habent
1637 1541 1858 1591 umores,
1888 1525 2000 1579 sint

2119 1516 2438 1592 ισταλμὲνος
2502 1521 2567 1575 τὸ
2634 1519 2832 1577 λοιπόν
2899 1522 3059 1593 ἐστιν,
3112 1522 3206 1580 ’ίνα
3266 1527 3358 1581 καὶ
3427 1528 3481 1582 οἱ
3545 1523 3773 1608 ἔχοντες

353 1627 619 1690 tanquam
651 1636 762 1675 non
793 1619 1031 1674 habeant
1059 1635 1075 1672 :
1107 1624 1159 1672 et
1188 1616 1289 1687 qui
1311 1618 1561 1687 plorant,
1593 1622 1861 1684 tanquam
1887 1630 2000 1668 non

2119 1612 2386 1680 γυναῖκας,
2455 1607 2529 1670 ὡς
2590 1609 2665 1681 μὴ
2727 1604 2950 1685 ἔχοντες
3009 1612 3167 1683 ὦσιν,
3224 1614 3317 1669 καὶ
3378 1615 3429 1669 οἱ
3487 1604 3774 1677 κλαίοντες

352 1710 609 1779 plorent:
642 1714 695 1762 et
727 1709 825 1777 qui
853 1707 1116 1776 gaudent,
1152 1713 1419 1776 tanquam
1465 1721 1576 1759 non
1606 1704 1925 1774 gaudeant:
1954 1708 2006 1756 et

2119 1696 2190 1758 ὡς
2251 1697 2327 1770 μή
2389 1693 2696 1766 κλαίοντες,
2751 1698 2843 1753 καὶ
2896 1700 2948 1754 οἱ
3004 1701 3293 1777 χαίροντες
3349 1704 3425 1765 ὡς
3491 1706 3567 1777 μή
3642 1704 3774 1779 χαί-

357 1798 458 1867 qui
485 1802 691 1864 emunt,
724 1803 990 1866 tanquam
1020 1811 1132 1849 non
1169 1794 1534 1865 possideant:
1566 1799 1617 1848 et
1645 1792 1745 1863 qui
1773 1797 2007 1847 utuntur

356 1886 562 1941 mundo
590 1886 712 1953 hoc,
748 1892 1015 1954 tanquam
1054 1900 1167 1939 non
1218 1884 1538 1939 abutantur.
1573 1883 1825 1937 Prwterit
1863 1882 2006 1935 enim

355 1975 575 2031 habitus
602 1975 800 2030 mundi
829 1974 1014 2044 hujus.

427 2155 719 2220 Quoniam
751 2154 935 2209 dixit:
970 2175 997 2203 «
1032 2152 1437 2207 Afﬂictionem
1488 2156 1689 2206 tamen
1720 2152 1781 2205 in
1829 2166 2007 2205 carne

356 2244 682 2311 habebunt,
721 2266 742 2293 ιι
779 2261 855 2299 ne
888 2243 1022 2315 quis
1063 2243 1260 2298 dicat:
1292 2242 1469 2312 Atqui
1520 2242 1700 2296 etiam
1728 2241 2006 2312 volupta-

356 2339 476 2388 tem
503 2332 828 2397 habebunt,
853 2349 925 2387 ex
957 2337 1260 2387 contracto
1294 2336 1562 2402 tempore
1593 2336 1845 2385 conatur
1864 2347 2010 2400 prae-

359 2422 631 2478 scindere
684 2421 840 2476 486
893 2421 1280 2492 voluptatem.
1326 2422 1650 2492 Propterea
1695 2420 1823 2474 ait:
1868 2420 2006 2475 Dico

360 2511 519 2582 quod
549 2510 937 2565 afﬂictionem
986 2508 1311 2576 habebunt,
1345 2508 1627 2580 quoniam
1676 2525 1869 2579 neque
1910 2526 2009 2564 vo-

357 2600 649 2671 luptatem
680 2598 899 2654 habere
931 2604 1181 2671 possunt
1211 2598 1284 2654 ob
1315 2598 1376 2653 id
1406 2598 1564 2669 quod
1590 2604 1825 2670 tempus
1860 2598 2007 2653 adeo

358 2694 729 2745 contractum
770 2689 849 2744 sit
890 2694 949 2743 et
990 2688 1064 2743 ad
1119 2687 1575 2743 dissolutionem
1623 2692 1847 2759 urgeat.
1879 2688 2006 2743 lam

359 2778 521 2834 enim
553 2777 1052 2850 appropinquavit
1091 2793 1336 2849 regnum
1370 2776 1604 2843 Christi,
1639 2783 1697 2831 et
1725 2776 2009 2848 deinceps

360 2866 435 2923 ad
467 2883 603 2921 eum
636 2867 889 2939 migrare
913 2865 1218 2938 jubemur.
1242 2888 1269 2916 (ι
1295 2865 1424 2920 Sint
1450 2871 1736 2937 tanquam
1768 2881 1889 2920 non
1910 2864 2011 2920 ha-

357 2956 558 3011 beant.
591 2978 620 3005 »
652 2956 776 3021 Quo
806 2961 977 3027 pacto
1029 2955 1157 3010 ﬁeri
1205 2959 1402 3026 potest
1449 2961 1512 3009 ut
1559 2955 1681 3010 sint
1726 2959 2009 3025 tanquam

2113 1805 2320 1860 ροντες,
2422 1785 2512 1841 καὶ
2588 1789 2639 1841 οἱ
2714 1787 3074 1865 ἀγοράζοντες
3152 1792 3228 1857 ὡς
3320 1794 3396 1867 μὴ
3502 1791 3774 1870 κατέχον-

2110 1895 2222 1942 τες,
2292 1875 2383 1931 καὶ
2450 1877 2502 1930 οἱ
2568 1876 2847 1952 χρώμενοι
2916 1884 2997 1952 τῷ
3060 1880 3259 1955 κόσμῳ
3317 1880 3501 1956 τούτῳ
3558 1883 3634 1948 ὡς
3690 1885 3769 1957 μὴ

2112 1965 2556 2043 καταχρώμενοι.
2615 1965 2850 2042 Ιίαράγει
2908 1987 3010 2044 γαρ
3067 1969 3131 2025 τὸ
3192 1977 3388 2049 σχῆμα
3430 1976 3528 2027 τοῦ
3557 1973 3772 2045 κόσμου

2112 2075 2331 2111 τουτου.

2185 2142 2412 2215 Ἐπειδή
2462 2147 2611 2201 εἶπεν
2674 2147 2758 2202 ὅτι
2810 2145 2994 2222 θλίψιν
3028 2151 3095 2223 τῇ
3128 2149 3284 2224 σαρκὶ
3314 2148 3549 2219 ἕξουσιν,
3578 2151 3665 2206 ’ἱνα
3694 2153 3771 2225 μή

2112 2255 2197 2298 τις
2226 2232 2378 2309 εἷ’πῃ,
2421 2232 2599 2289 Ἀλλὰ
2646 2236 2735 2290 καὶ
2785 2234 3013 2307 ἡδονὴν,
3066 2235 3127 2293 ἐκ
3179 2242 3278 2293 τοῦ
3340 2239 3776 2314 συνεσταλμένου

2115 2328 2309 2400 καιροῦ
2338 2329 2589 2400 πειρᾶται
2620 2326 2685 2380 τὰ
2714 2332 2814 2395 τῆς
2865 2324 3072 2396 ἡδονῆς
3124 2327 3443 2400 ὑποτεμεῖν.
3486 2328 3584 2385 Διὰ
3612 2328 3776 2386 τοῦτό

2116 2432 2271 2494 φησι·
2307 2413 2487 2491 Λέγω,
2542 2414 2625 2470 ὅτι
2673 2413 2859 2490 θλίψιν
2912 2412 3143 2486 ἕξουσιν,
3177 2414 3367 2486 ἐπειδὴ
3405 2420 3547 2492 μήτε
3575 2417 3778 2489 ἡδονὴν

2117 2502 2361 2560 δύνανται
2420 2501 2591 2579 ἔχειν,
2645 2509 2727 2577 τῷ
2779 2506 2875 2560 τὸν
2932 2506 3121 2582 καιρὸν
3180 2506 3327 2563 οὕτω
3395 2506 3777 2580 συνεστάλθαι,

2114 2595 2206 2649 καὶ
2236 2594 2373 2669 πρὸς
2406 2591 2562 2648 λύσιν
2613 2592 2937 2668 ἐπειγεσθαι.
2995 2593 3139 2666 ’Ήδη
3200 2599 3299 2672 γὰρ
3351 2596 3580 2674 ἤγγικεν
3608 2600 3643 2669 ἡ
3676 2599 3779 2674 βα..

2118 2680 2295 2738 σιλεία
2322 2680 2419 2737 τοῖ’)
2450 2684 2709 2758 Χριστοῦ,
2739 2682 2831 2738 καὶ
2864 2681 3061 2739 λοιπὸν
3093 2682 3403 2759 ἀποδημεῖν
3432 2687 3570 2761 πρὸς
3601 2688 3768 2744 αὐτὸν

2116 2772 2470 2843 κελευόμεθα.
2506 2796 2534 2823 ‹‹
2557 2773 2644 2834 Ὠς
2679 2773 2754 2846 μὴ
2815 2769 3034 2847 ἔχοντες
3091 2775 3215 2830 ὦσι.
3248 2796 3277 2826 η
3313 2779 3437 2840 Πῶς
3467 2773 3516 2830 δ’
3546 2775 3606 2830 ἂν
3638 2775 3771 2831 ὦσιν

2119 2862 2192 2924 ὡς
2231 2862 2307 2935 μὴ
2339 2855 2560 2936 ἔχοντες
2588 2880 2601 2930 ;
2633 2861 2722 2917 Ἑν
2752 2865 2832 2933 τῷ
2883 2862 2960 2935 μή
2997 2862 3294 2919 ὑπακούειν
3329 2864 3520 2927 αὐταῖς
3548 2865 3624 2924 εἰς
3669 2865 3769 2928 τὰς

2122 2950 2309 3025 μωρὰς
2345 2955 2444 3006 τοῦ
2492 2950 2711 3024 κόσμου
2766 2949 3080 3024 ἐπιθυμίας.
3113 2985 3182 2995 -
3214 2953 3549 3026 [ΟΙΚΟΥΜ.]
3581 2958 3650 3006 ’Ἠ
3680 2950 3766 3007 ὅτι

359 3062 481 3100 non
510 3043 817 3100 habeant?
848 3045 913 3100 1n
946 3045 1056 3099 hoc
1089 3045 1248 3116 quod
1274 3044 1419 3115 ipsis
1451 3060 1573 3099 non
1604 3044 2007 3115 obsequantur

2121 3040 2365 3130 καὶπερὶ
2416 3042 2515 3110 τήν
2575 3039 2715 3114 μίξιν
2776 3040 3051 3117 ἐγκρατεῖς
3105 3043 3245 3098 εἶναι
3300 3039 3577 3118 βούλεται.
3619 3062 3641 3092 ι
3671 3041 3770 3096 Καὶ

360 3132 435 3189 ad
466 3133 678 3189 stultas
700 3134 907 3189 mundi
933 3133 1445 3205 concupiscentias
1470 3149 1483 3197 ;
1507 3138 1610 3188 aut
1640 3133 1799 3204 quod
1830 3132 2010 3189 etiam

360 3222 527 3295 cupit
553 3228 620 3277 ut
649 3223 809 3278 circa
838 3221 1315 3278 commistionem
1337 3221 1704 3278 abstinentes
1725 3223 1865 3277 sint.
1890 3244 1919 3272 «
1943 3224 2013 3276 Et

361 3313 463 3383 qui
494 3311 755 3384 plorant,
790 3317 1076 3383 tanquam
1106 3328 1228 3367 non
1256 3311 1513 3383 plorent.
1548 3332 1576 3361 ››
1609 3312 1692 3366 0b
1724 3312 2010 3383 temporis

360 3401 732 3468 brevitatem,
765 3401 982 3472 inquit,
1006 3401 1209 3456 omnia
1230 3417 1363 3470 quaa
1382 3399 1693 3455 nonnullis
1714 3400 1774 3455 in
1800 3418 2012 3473 magna

365 3495 503 3544 sunt
534 3506 694 3558 cura,
729 3489 1012 3545 debemus
1045 3489 1262 3545 ducere
1310 3494 1590 3559 tanquam
1625 3506 1746 3544 non
1772 3496 2007 3545 essent:

365 3583 421 3633 et
451 3579 535 3634 ita
563 3578 781 3635 habere
830 3595 1078 3634 uxorem
1111 3584 1169 3634 et
1213 3577 1470 3649 gaudere
1514 3594 1582 3633 ac
1614 3577 1832 3650 lugere.
1865 3579 2011 3634 Cum

366 3668 525 3722 enim
552 3668 611 3722 in
666 3668 999 3740 prOpinquo
1031 3667 1109 3722 sit
1155 3684 1337 3736 mors,
1369 3667 1514 3737 quid
1557 3683 1705 3738 opus
1739 3673 1826 3722 est
1856 3684 2010 3740 prae-

367 3757 635 3813 sentibus
657 3776 790 3813 cum
815 3774 1014 3817 amore
1037 3757 1389 3813 immorari?
1406 3756 1497 3812 vel
1517 3757 1854 3813 existimare
1881 3773 2012 3813 esse

356 3849 698 3921 conjugium
717 3854 820 3905 aut
837 3849 1082 3905 omnino
1107 3848 1331 3904 mundo
1350 3849 1436 3903 uti
1451 3847 1479 3903 ‘l
1496 3869 1523 3899 ‹‹
1548 3850 1617 3903 Et
1638 3848 1741 3919 qui
1762 3852 2013 3903 utuntur

357 3937 468 3993 hoc
499 3938 747 4007 mundo,
796 3943 1083 4008 tanquam
1131 3954 1254 3992 non
1305 3937 1648 3993 abutantur.
1684 3960 1712 3987 ››
1745 3937 2010 3992 Abusum

355 4025 500 4082 dicit
529 4027 784 4081 nimium
814 4027 900 4081 uti
928 4026 1230 4081 mundana
1263 4026 1562 4097 voluptate
1583 4032 1726 4097 puta
1755 4025 2009 4095 deliciis,

355 4116 573 4172 divitiis
604 4132 671 4171 ac
700 4115 1002 4187 voluptate
1045 4129 1150 4171 seu
1180 4115 1432 4186 imperio
1469 4132 1481 4168 :
1515 4115 1857 4188 signiﬁcans
1899 4114 2010 4169 hoc

357 4222 485 4261 esse
518 4221 636 4259 non
668 4204 751 4260 uti
784 4222 852 4260 eo
902 4205 1057 4259 sicut
1085 4204 1273 4259 decet.
1306 4205 1507 4275 Neque
1539 4204 1699 4259 enim
1744 4204 1819 4259 ob
1858 4203 1918 4259 id
1949 4205 2010 4259 in

353 4294 648 4350 mundum
683 4294 923 4349 adducti
957 4310 1162 4349 sumus
1189 4298 1255 4348 ut
1282 4294 1410 4348 haec
1435 4293 1744 4348 faciamus.
1771 4295 1915 4347 Nam
1948 4293 2009 4348 in

355 4383 531 4438 bonis
562 4382 843 4453 operibus
864 4382 1044 4437 creati
1070 4381 1411 4447 sumus.Qui
1435 4398 1572 4453 ergo
1596 4381 1688 4436 his
1708 4382 1768 4436 in
1791 4382 2006 4452 quibus

348 4473 643 4528 formatus
663 4478 752 4527 est
771 4472 1201 4536 relictis,etiam
1221 4472 1339 4526 alio
1363 4470 1536 4526 modo
1551 4472 1737 4525 utitur
1757 4471 2000 4541 mundo,

350 4561 618 4617 abutitur
647 4561 798 4632 ipso.
835 4582 862 4613 α
890 4562 1161 4615 Praeterit
1193 4561 1354 4615 enim
1383 4559 1622 4614 habitus
1655 4560 1861 4615 mundi
1894 4561 2006 4616 hu-

346 4651 467 4723 jus.
506 4674 533 4700 »
561 4652 795 4707 Transit
826 4657 885 4707 et
920 4650 1100 4706 ﬁnem
1130 4651 1328 4717 habet,
1364 4650 1576 4720 inquit,
1610 4651 1871 4707 mundus
1902 4653 2003 4721 qui

355 4755 516 4794 nunc
564 4739 813 4794 videtur.
849 4739 999 4803 Quid
1055 4754 1190 4810 ergo
1238 4737 1327 4792 illi
1373 4736 1676 4793 adhaerere
1731 4754 1878 4809 opus
1918 4743 2009 4794 est

355 4827 516 4899 quod
539 4827 881 4885 dissolvitur
900 4827 928 4883 ?
955 4827 1231 4883 Habitum
1261 4831 1461 4882 autem
1493 4821 1662 4891 dixit,
1686 4827 2008 4883 ostendens

2122 3130 2174 3184 οἱ
2204 3127 2508 3193 κλαίοντες.
2548 3154 2569 3181 ι
2605 3130 2704 3184 Διὰ
2729 3131 2829 3200 τὴν
2861 3134 2960 3185 τοῦ
2990 3135 3184 3207 καιροῦ
3220 3131 3569 3210 βραχύτητα,
3600 3132 3775 3186 πάντα

2115 3218 2169 3275 ἐν
2203 3217 2412 3293 σπουδῇ
2451 3223 2541 3274 νῦν
2574 3219 2891 3295 ὑπάρχοντά
2945 3241 3112 3289 τισιν,
3163 3221 3239 3283 ὡς
3281 3221 3385 3276 οὐκ
3413 3216 3559 3289 ὄντα,
3588 3219 3776 3299 φησὶν,

2117 3308 2412 3388 ὀφείλομεν
2473 3310 2742 3384 ἡγεῖσθαι,
2802 3309 2892 3364 καὶ
2950 3311 3013 3365 τὸ
3071 3304 3221 3385 ἔχειν
3275 3315 3522 3386 γυναῖκα,
3579 3310 3670 3364 καὶ
3712 3309 3774 3364 τὸ

2117 3400 2351 3475 χαίρειν,
2415 3399 2505 3454 καὶ
2579 3399 2644 3455 τὸ
2721 3402 3026 3457 Αυπεῖσθαι.
3105 3402 3270 3459 Ὅταν
3348 3400 3453 3477 γὰρ
3519 3399 3678 3475 ἐγγὺς
3745 3401 3777 3455 ὁ

2117 3488 2366 3557 θάνατος,
2405 3487 2459 3541 τί
2490 3484 2574 3541 δεῖ
2628 3493 2743 3550 τοῖς
2772 3485 2882 3543 ὧδε
2935 3486 3376 3568 ἐμφιλοχωρεῖν,
3406 3489 3496 3544 καὶ
3524 3487 3775 3561 νομίζειν

2078 3577 2251 3631 εἶναι
2281 3577 2460 3651 γάμον
2517 3575 2607 3631 καὶ
2662 3575 2980 3653 ἀγορασίας,
3038 3579 3074 3649 ἢ
3130 3579 3194 3633 τὸ
3252 3577 3397 3641 ὅλως
3429 3579 3665 3654 χρᾶσθαι
3693 3580 3776 3648 τῷ

2116 3665 2351 3738 κόσμῳ;
2384 3689 2411 3716 ‹‹
2448 3665 2546 3719 Καὶ
2578 3667 2630 3720 οἱ
2662 3667 2945 3742 χρώμενοι
2993 3672 3075 3739 τῷ
3126 3667 3321 3741 κόσμῳ
3349 3666 3550 3740 τούτῳ,
3579 3667 3654 3729 ὡς
3691 3667 3772 3739 μή

2116 3754 2557 3832 καταχρώμενοι.
2617 3778 2645 3807 »ι
2703 3756 2776 3812 Τὸ
2829 3755 2965 3811 πάνυ
3020 3760 3090 3831 τῇ
3149 3760 3393 3831 κοσμικῇ
3444 3754 3773 3825 ἀπολαύσει,

2118 3844 2237 3898 οἷον
2284 3845 2463 3921 τρυφῇ
2521 3844 2610 3898 καὶ
2669 3844 2895 3918 πλούτῳ
2953 3844 3043 3900 καὶ
3103 3843 3385 3917 δυναστείᾳ
3445 3852 3776 3924 κεχρῆσθαι,

2117 3932 2469 4009 παράχρησιν
2526 3932 2705 4006 καλεῖ,
2765 3933 3012 3992 τουτέστι
3041 3937 3103 3992 τὸ
3138 3940 3217 4011 μὴ
3272 3940 3577 4013 κεχρῆσθαι
3632 3938 3784 4010 αύτῷ

2116 4023 2297 4088 καθὼς
2354 4025 2549 4098 πρέπει
2608 4024 2914 4100 σημαίνων.
2971 4025 3049 4084 Οὐ
3112 4027 3219 4102 γὰρ
3280 4024 3369 4082 διὰ
3424 4030 3589 4082 τοῦτο
3643 4046 3789 4101 παρ-

2117 4116 2376 4188 ήχθημεν
2408 4112 2484 4175 εἷς
2531 4115 2625 4170 τὸν
2683 4118 2911 4189 κόσμον,
2943 4115 3029 4170 ἳνα
3079 4119 3249 4171 ταῦτα
3278 4116 3626 4191 πράττωμεν.
3660 4116 3785 4173 Ἐπ’

2119 4196 2303 4277 ἔργοις
2359 4202 2464 4279 γὰρ
2522 4202 2741 4279 ἀγαθοῖς
2817 4202 3130 4278 ἐκτίσμεθα·
3191 4206 3252 4262 Ὁ
3313 4203 3407 4260 οὖν
3466 4207 3534 4260 τὰ
3592 4203 3646 4259 ἐν
3703 4205 3789 4266 οἷς

2117 4288 2361 4361 ἐπλάσθη
2423 4290 2598 4369 ἀφείς,
2653 4293 2742 4347 καὶ
2810 4292 3007 4367 ἐτὲρως
3071 4299 3154 4367 τῷ
3218 4315 3414 4368 κοσμῳ
3472 4294 3786 4370 χρώμενος,

2116 4387 2466 4458 παραχρᾶται
2527 4383 2696 4457 αὐτῷ.
2758 4410 2786 4437 ‹‹
2851 4385 3092 4461 Παράγει
3150 4385 3254 4461 γὰρ
3308 4387 3373 4441 τὸ
3434 4392 3631 4460 σχῆμα
3683 4389 3782 4439 τοῦ

2112 4471 2324 4544 κόσμου
2354 4471 2573 4527 τούτου.
2609 4496 2637 4525 n
2698 4475 3038 4549 Παρὲρχεται
3096 4475 3187 4529 καὶ
3236 4473 3397 4535 τέλος
3425 4473 3552 4544 ἓξει,
3586 4473 3776 4552 φησὶν,

2117 4562 2146 4616 ὁ
2177 4563 2385 4633 κόσμος
2417 4563 2445 4616 ὁ
2475 4566 2567 4616 νῦν
2625 4563 2925 4637 ὁρώμενος.
2962 4563 3031 4621 Τί
3091 4563 3231 4633 οὗν;
3284 4558 3503 4640 ἔχεσθαι
3557 4561 3638 4618 δεῖ
3678 4567 3779 4618 τοῦ

2119 4649 2430 4724 λυομένους
2490 4658 2695 4726 Σχῆμα
2754 4650 2810 4708 δὲ
2868 4655 3012 4709 εἶπεν
3063 4652 3343 4732 ἐμφαίνων
3405 4651 3538 4729 ἄχρι
3598 4651 3781 4727 ὄψεως

2120 4740 2257 4795 εἶναι
2315 4741 2384 4796 τὰ
2439 4744 2540 4795 τοῦ
2592 4741 2858 4818 παρόντος
2916 4742 3152 4818 κόσμου,
3209 4743 3300 4798 καὶ
3365 4742 3466 4798 οὐκ
3520 4737 3670 4817 ἔχειν
3727 4761 3782 4796 τι

2122 4829 2356 4904 μόνιμον
2383 4826 2418 4898 ἤ
2455 4825 2701 4904 βέϐαιον.

355 4917 418 4972 in
451 4923 767 4989 prospectu
799 4923 1029 4973 tantum
1063 4934 1192 4973 esse
1224 4933 1355 4988 qua:
1384 4915 1562 4985 hujus
1595 4916 1802 4971 mundi
1835 4923 1992 4984 sunt,
2024 4936 2134 4975 nec
2163 4921 2490 4992 quidquam
2516 4922 2733 4979 habere
2767 4924 3038 4980 durabile
3070 4930 3173 4980 aut
3202 4924 3460 4979 ﬁrmum.

428 5015 545 5082 Vll,
575 5016 771 5071 22-35.
806 5019 979 5086 Cupio
1022 5022 1208 5070 autem
1254 5031 1344 5070 vos
1393 5014 1594 5083 absque
1639 5014 2010 5070 sollicitudine

355 5119 484 5158 esse.
520 5104 626 5167 Qui
654 5104 843 5159 caelebs
871 5111 950 5160 est
981 5111 1137 5160 curat
1166 5121 1230 5159 ea
1258 5120 1381 5173 quae
1422 5109 1550 5157 sunt
1593 5105 1835 5170 Domini,
1869 5120 2010 5173 quo-

360 5191 518 5246 modo
541 5192 854 5261 placiturus
901 5193 974 5250 sit
1003 5195 1259 5249 Domino.
1312 5193 1418 5257 Qui
1443 5197 1628 5247 autem
1674 5191 1839 5246 dua-it
1867 5209 2008 5249 uxo-

356 5296 491 5346 rem,
525 5288 683 5336 curat
711 5299 774 5337 ea
804 5300 928 5353 quae
969 5288 1095 5338 sunt
1123 5283 1339 5347 mundi,
1388 5280 1659 5351 quomodo
1696 5280 2009 5350 placiturus

356 5371 427 5424 sit
457 5372 644 5424 uxori.
677 5372 866 5427 Divisa
894 5378 973 5427 est
1001 5373 1300 5442 conjugata
1329 5387 1364 5425 a
1390 5372 1627 5438 virgine.
1662 5369 1790 5434 Quae
1820 5373 2007 5430 caelebs

359 5464 437 5512 est
466 5463 624 5512 curat
649 5476 715 5514 ea
760 5475 882 5529 qua
910 5468 1039 5516 sunt
1087 5460 1326 5523 Domini,
1359 5466 1420 5514 ut
1464 5460 1533 5514 sit
1575 5464 1763 5514 sancta
1801 5467 1855 5515 et
1884 5478 2004 5518 cor-

351 5562 493 5616 pore
520 5553 571 5601 et
598 5549 802 5619 spiritu
821 5567 840 5603 :
871 5565 994 5621 qum
1040 5566 1166 5605 vero
1195 5552 1384 5619 nupsit
1411 5550 1553 5616 viro,
1585 5555 1743 5603 curat
1790 5566 1854 5637 ea
1884 5568 2006 5622 quae

360 5644 489 5693 sunt
518 5638 730 5706 mundi,
762 5640 1032 5710 quomodo
1056 5640 1339 5710 placitura
1367 5636 1440 5693 sit
1469 5636 1609 5692 viro.

2191 5014 2346 5072 Θὲλω
2406 5014 2464 5072 δὲ
2525 5017 2666 5092 ὑμᾶς
2747 5019 3086 5096 ἀμερίμνους
3171 5021 3330 5079 εἶναι.
3412 5021 3475 5077 Ὀ
3558 5016 3779 5093 ἄγαμος

2123 5111 2363 5180 μεριμνᾷ
2436 5105 2503 5162 τὰ
2559 5112 2655 5163 τοῦ
2709 5110 2941 5184 Κυρίου,
3002 5114 3118 5172 πῶς
3179 5110 3356 5185 ἀρέσει
3423 5111 3501 5179 τῷ
3567 5106 3768 5181 Κυρίῳ·

2119 5195 2147 5248 ὁ
2252 5193 2310 5250 δὲ
2382 5198 2635 5273 γαμήσας
2715 5204 2949 5274 μεριμνᾷ
3021 5199 3088 5253 τὰ
3178 5203 3276 5255 τοῦ
3350 5196 3584 5270 κόσμου,
3660 5199 3779 5258 πῶς

2118 5283 2296 5359 ἆρὲσει
2371 5288 2440 5359 τῇ
2517 5287 2753 5362 γυναικί.
2835 5288 3177 5363 Μεμὲρισται
3250 5290 3285 5357 ἡ
3363 5287 3499 5365 γυνή
3577 5285 3667 5340 καὶ
3743 5289 3779 5357 ἡ

2117 5373 2396 5448 παρθένος.
2471 5375 2535 5433 Ἥ
2614 5374 2828 5451 ἄγαμος
2908 5382 3143 5452 μεριμνᾷ
3245 5376 3314 5433 τὰ
3385 5380 3484 5431 τοῦ
3552 5375 3779 5452 Κυρίου,

2114 5463 2202 5517 ἳνα
2399 5463 2524 5539 ἆγία
2608 5466 2701 5520 καὶ
2786 5467 3002 5539 σώματι
3083 5465 3171 5520 καὶ
3255 5465 3544 5541 πνεύματι·
3606 5468 3640 5535 ἡ
3722 5462 3780 5520 δὲ

2114 5558 2428 5627 γαμήσασα,
2491 5559 2731 5630 μεριμνᾷ
2784 5555 2853 5610 τὰ
2904 5559 3003 5609 τοῦ
3059 5555 3293 5626 κόσμου,
3343 5560 3461 5619 πῶς
3492 5553 3669 5629 ἁρέσει
3699 5558 3778 5626 τῷ

2114 5637 2295 5714 ἀνδρί.
