4118 6396
278 330 405 391 ’141

1255 317 1682 382 COMMENT.
1728 315 1804 376 IN
1848 312 2091 373 EPlS'I‘.
2139 314 2164 375 I
2207 316 2311 375 AD
2357 318 2727 385 GORINTH.

3592 335 3712 392 742

288 463 424 523 Πῶς
490 456 561 514 δι’
618 456 681 513 ἄν
737 453 928 528 εἷήμεν
986 454 1307 529 ἀμέριμνοι,
1374 453 1419 508 εἶ
1486 446 1993 538 ἅγαμοιῷιιενςλ

2138 449 2444 514 Quomodo
2475 458 2674 510 autem
2700 456 2923 530 absque
2981 460 3391 520 sollicitudine
3425 480 3554 521 esse
3613 484 3720 538 po-

288 550 408 610 Τὰς
435 549 537 624 γὰρ
569 545 841 618 κοσμικὰς
890 540 1200 623 φροντίδας,
1256 542 1340 604 τίς
1393 541 1620 616 ἀγνοεῖς
1654 561 1683 590 ι(
1713 537 1776 593 Ὁ
1824 532 1963 609 ἄγα-

298 659 407 712 μος
442 639 681 709 μεριμνᾷ
722 634 791 688 τὰ
846 632 942 689 τοῦ
1003 632 1231 707 Κυρίου.
1292 655 1321 683 ››
1370 631 1509 706 “Ope:
1563 631 1680 688 πῶς
1742 627 1812 698 τῇ
1862 629 1964 712 τῆς

299 711 578 803 μερίμνης
608 722 842 803 διαφορᾷ
870 721 959 777 ἐπὶ
1001 721 1292 797 παρθενίαν
1349 716 1677 792 παρακαλεῖ,
1734 713 1811 769 Τὸ

301 799 498 874 τατοῦ
552 799 758 888 Κυρίου
821 815 1115 885 μεριμνᾷν,
1174 810 1278 865 οὐκ
1327 803 1438 864 ἔστι
1502 807 1762 881 μέριμνα,
1822 799 1968 856 ἀλλά

305 903 575 980 σωτηρία.
606 904 767 966 ’Ὀθεν
798 899 911 957 ἅνω
959 898 1135 975 λέγει,
1196 920 1218 947 ι
1252 897 1405 955 Θέλω
1462 895 1521 952 δὶ
1574 892 1718 968 ὕμᾶς
1775 888 1966 967 ἁμερί-

313 1016 482 1071 mou:
542 993 702 1049 εἶναι.
741 1015 769 1043 ››
799 1024 868 1035 -
919 1017 943 1042 ιι
974 988 1310 1064 Μεμέρισται
1364 990 1401 1057 ἡ
1459 986 1598 1062 γυνὴ
1647 984 1738 1038 καὶ
1766 983 1801 1052 ἠ
1834 998 1969 1054 παρ-

304 1070 477 1147 θένος.
512 1107 539 1135 n
577 1079 912 1154 [ΟῙΚΟΥΜ.]
936 1111 1004 1121 -
1034 1079 1397 1153 Μεμέρισται,
1444 1074 1740 1141 τουτέστιν,
1774 1070 1839 1125 οὐ
1865 1071 1963 1137 τὴν

309 1174 479 1244 αὐτὴν
512 1170 704 1247 ἔχουσι
735 1166 1018 1249 φροντίδα,
1052 1165 1199 1224 ἀλλά
1240 1160 1637 1241 μεμερισμέναι
1691 1160 1795 1216 εἶσὶ
1850 1162 1969 1220 ταῖς

308 1260 597 1323 σπουδαῖς.
673 1261 734 1317 ἹΙ
819 1259 916 1331 μὶν
990 1258 1092 1334 γὰρ
1166 1255 1457 1333 παρθένος,
1534 1252 1690 1332 φησὶ,
1766 1249 1833 1306 τὰ
1872 1250 1968 1302 τοῦ

306 1352 511 1428 Κυρίου
572 1351 835 1424 μεριμνᾷ,
887 1345 1044 1420 ’ἱναῇ
1077 1346 1293 1420 σώματι
1352 1344 1445 1399 καὶ
1495 1338 1764 1414 πνεύματι
1821 1338 1969 1410 ἁγία,

305 1425 522 1516 σώματι
559 1440 654 1514 μὶν
688 1435 780 1493 διὰ
828 1436 929 1506 τήν
988 1434 1220 1512 ἁγνείαν,
1281 1432 1550 1506 πνεύματι
1609 1427 1667 1485 δὲ
1726 1425 1816 1482 διὰ
1872 1426 1973 1494 τὴν

306 1530 447 1606 πρὸς
487 1527 582 1584 τὸν
646 1525 775 1582 Θεὸν
832 1523 1167 1595 οἰκειότητα,
1226 1521 1318 1577 καὶ
1378 1521 1480 1590 τήν
1539 1518 1815 1587 ἐνοίκησιν
1870 1516 1969 1568 τοῦ

305 1604 668 1695 παρακλήτου
739 1614 1075 1687 Πνιύματος.
1133 1635 1158 1666 ι
1210 1617 1272 1667 Ἦ
1331 1608 1390 1666 δὲ
1444 1610 1512 1664 τὰ
1576 1611 1675 1662 τοῦ
1757 1604 1971 1677 κόσμου

310 1691 570 1784 μεριμνᾷ,
605 1729 634 1758 ››
666 1701 854 1778 Ἀνδρὶ
896 1702 999 1779 γὰρ
1057 1701 1244 1777 ἀρέσαι
1306 1697 1591 1776 βούλεται.
1647 1697 1843 1784 ’Ἴσωςμ
1868 1691 1972 1768 γάρ

2073 539 2405 606 terimus,si
2430 558 2553 597 non
2582 544 2768 600 simus
2805 551 3143 623 conjugati?
3180 553 3321 618 Quis
3350 554 3510 609 enim
3543 571 3715 611 curas

2071 627 2308 700 ignorat
2328 632 2700 689 mundanas?
2730 657 2759 685 «
2783 637 2891 702 Qui
2913 640 3128 696 caelebs
3150 646 3239 696 est
3268 649 3434 698 curat
3483 660 3553 699 ea
3583 662 3717 715 quaa

2074 724 2213 773 sunt
2241 719 2496 775 Domini.
2532 743 2560 772 »
2596 722 2735 779 Vide
2765 727 3062 796 quomodo
3096 746 3200 801 per
3234 748 3389 787 curae
3443 733 3724 789 differen-

2072 806 2214 862 tiam
2234 808 2381 877 487
2409 809 2483 865 ad
2501 812 2899 885 virginitatem
2920 816 3285 873 adhortetur.
3335 823 3477 875 Nam
3511 839 3719 879 curare

2073 911 2143 950 ea
2173 913 2304 967 qua;
2340 899 2571 955 Domini
2605 908 2762 968 sunt,
2795 921 2916 959 non
2950 912 3041 961 est
3070 907 3392 963 sollicitum
3428 927 3579 977 esse,
3614 910 3719 967 sed

2074 991 2163 1040 est
2181 988 2362 1045 salus.
2390 991 2516 1046 Und
2539 994 2813 1064 superius
2844 995 3024 1052 dicit:
3059 1021 3086 1046 ‹‹
3123 997 3304 1070 Cupio
3361 1006 3560 1056 autem
3618 1019 3719 1057 vos

2075 1073 2298 1146 absque
2313 1077 2717 1137 sollicitudine
2732 1100 2882 1138 esse.
2903 1110 2924 1136 ι
2944 1116 3012 1126 -
3034 1086 3261 1142 ιυίνίεδ,
3291 1093 3381 1143 est
3405 1090 3722 1162 conjugata

2075 1179 2109 1217 a
2139 1163 2383 1236 virgine.
2422 1189 2450 1217 »
2486 1192 2513 1218 ιι
2547 1170 2743 1226 Divisa
2773 1178 2883 1238 est,
2914 1196 2941 1223 ››
2974 1173 3085 1229 hoc
3117 1180 3227 1241 est,
3278 1192 3401 1231 non
3450 1177 3722 1232 eamdem

2072 1252 2297 1309 habent
2322 1273 2547 1326 curam,
2582 1260 2688 1315 sed
2720 1262 2932 1318 studiis
2964 1263 3166 1320 divisas
3207 1272 3366 1320 sunt.
3418 1266 3723 1337 Siquidem

2075 1342 2254 1414 virgo,
2272 1344 2487 1416 inquit,
2509 1355 2677 1404 curat
2699 1366 2767 1406 ea
2790 1369 2921 1422 quas
2945 1359 3085 1407 sunt
3102 1354 3360 1420 Domini,
3384 1360 3449 1409 ut
3479 1372 3726 1426 corpore

2076 1437 2136 1487 et
2183 1434 2394 1504 spiritu
2448 1443 2653 1493 sancta
2709 1440 2830 1495 sit:
2893 1458 3140 1513 corpore
3192 1443 3434 1514 quidem
3483 1450 3729 1516 propter

2074 1521 2427 1591 castitatem,
2462 1527 2675 1597 spiritu
2704 1546 2840 1585 vero
2871 1536 3114 1602 propter
3149 1531 3618 1589 familiaritatem
3650 1533 3728 1589 ad

2076 1612 2284 1679 Deum,
2318 1621 2375 1670 et
2397 1616 2649 1688 Spiritus
2669 1621 2954 1692 paracleti
2986 1623 3505 1679 inhabitationem.
3530 1646 3559 1674 «
3582 1626 3721 1690 Qum

2080 1718 2213 1758 vero
2244 1705 2449 1776 nupsit
2479 1707 2624 1777 viro,
2656 1716 2824 1765 curat
2849 1727 2917 1765 ea
2934 1728 3065 1783 quas
3083 1712 3288 1768 mundi
3314 1720 3471 1769 sunt.
3500 1734 3527 1763 ››
3577 1715 3723 1770 Nam

308 1800 408 1855 καὶ
436 1794 662 1859 εὕοπτος
695 1796 834 1850 εἶναι
868 1791 1151 1869 βούλεται,
1181 1791 1270 1846 καὶ
1303 1787 1578 1865 οἰκουρὸς,
1600 1784 1693 1841 καὶ
1720 1780 1862 1858 μηδὶι⁹
1888 1785 1968 1853 τῷ

332 1884 341 1886 _
475 1884 484 1886 _
632 1885 638 1886 κ
697 1881 710 1886 -
1217 1878 1234 1886 α
1274 1881 1285 1886 -
1630 1880 1666 1886 ._
1770 1877 1792 1886 ιι
1913 1866 1957 1886 δε

2105 1791 2200 1846 'iro
2231 1792 2466 1886 placere
2497 1798 2675 1869 cupit.
2714 1780 3003 1855 Fortassis
3021 1801 3184 1856 enim
3203 1802 3454 1874 pulchra
3483 1808 3726 1874 aspectu

325 1884 564 1960 δεομένῳ
619 1866 878 1940 ἁπλοῦσαγ
925 1888 1090 1958 χεῖρα
1154 1878 1568 1961 φιλάνθρωπον.
1629 1877 1862 1929 Γυναῖκα
1910 1866 1969 1924 δὲ

321 1996 477 2058 φησι,
505 1976 602 2045 τήν
628 1977 1025 2052 γεγαμηκυῖαν.

392 2260 564 2314 Τοῦτο
596 2251 654 2309 δὲ
698 2251 837 2327 πρὸς
893 2249 956 2304 τὸ
1023 2248 1178 2321 ὑμῶν
1234 2244 1411 2300 αὐτῶν
1474 2242 1747 2317 συμφέρον
1808 2243 1977 2317 λέγω,

322 2347 436 2426 οὐχ
496 2342 592 2399 ’ίνα
672 2340 879 2419 βρόχον
946 2337 1076 2426 ὑμῖν
1144 2329 1632 2426 ἐπιϐάλω,ἀλλά
1720 2331 1853 2408 πρὸς
1915 2332 1980 2426 τὸ

319 2419 608 2511 εὔσχημον
664 2430 757 2486 καὶ
815 2422 1176 2503 εὖπρόσεδρον
1263 2427 1345 2495 τῷ
1401 2419 1609 2511 ,Κυρίῳγ
1677 2419 1980 2511 ἀπερισπά-

552 2522 620 2579 Et
693 2515 751 2574 δέ
814 2537 898 2579 τις
991 2515 1330 2589 ἀσχημονεῖν
1395 2509 1485 2566 ἐπὶ
1553 2510 1654 2580 τὴν
1722 2508 1982 2585 παρθένον

323 2616 495 2671 αὐτοῦ
567 2607 803 2685 νομίζει,
897 2605 987 2660 ἐὰν
1061 2603 1098 2678 ᾗ
1180 2599 1515 2676 ὑπέρακμος,
1619 2599 1711 2654 καὶ

326 2704 540 2784 ὀφείλει
571 2700 834 2779 γίνεσθαι,
893 2696 923 2751 ’ὁ
975 2692 1145 2762 θέλει,
1191 2692 1444 2760 ποιείτω,
1502 2691 1615 2764 οὐχ
1669 2689 1988 2764 ἁμαρτάνει,

326 2792 692 2871 γαμείτωσαν.

405 2881 548 2944 Τοὺς
581 2879 639 2935 δὲ
676 2875 803 2953 περὶ
862 2873 1153 2952 παρθενίας
1217 2870 1442 2946 λόγους,
1498 2867 1685 2949 φησὶν,
1746 2867 1990 2939 έκίνησα,

330 2977 493 3032 τοῦτο
529 2973 658 3045 ὑμῖν
688 2964 981 3043 συμφέρειν
1039 2960 1221 3033 εἷ’δὼς,
1279 2960 1392 3039 οὐχ
1443 2959 1528 3015 ’ἱνα
1588 2957 1646 3015 δὶ
1702 2959 1992 3035 ἀναγκάσω

336 3063 474 3136 ὑμᾶς
540 3057 630 3115 καί
690 3053 949 3115 θέλοντας
1006 3051 1096 3108 καὶ
1162 3052 1238 3125 μή
1290 3049 1549 3111 θέλοντας
1622 3044 1990 3123 παρθενεύειν.

344 3133 457 3219 Τὴν
484 3150 582 3224 γὰρ
611 3146 848 3222 ἀνάγκην
895 3142 1104 3219 βρόχον
1153 3137 1334 3195 καλεῖ.
1379 3140 1543 3212 Ὁρᾷς
1605 3143 1722 3224 πῷς
1783 3133 1993 3191 δέδοικε

353 3222 558 3294 τέλειόν
583 3257 633 3292 τι
675 3234 961 3304 έπιτάξαι;
1021 3256 1049 3285 ιι
1082 3226 1259 3287 ’Λλλά
1314 3227 1450 3304 πρὸς
1504 3226 1568 3281 τὸ
1627 3222 1931 3301 εὔσχημον.
1964 3247 1991 3275 »

352 3329 416 3386 Τί
459 3328 563 3404 γάρ
614 3325 883 3402 παρθένου
949 3323 1041 3377 καὶ
1094 3325 1195 3386 τῆς
1252 3319 1512 3390 τοιαύτης
1568 3316 1850 3378 πολιτείας
1907 3315 1998 3370 καὶ

344 3424 491 3489 ζωῆς
543 3414 1091 3491 εὐσχημονέστερον;
1141 3435 1171 3463 ‹‹
1198 3409 1305 3467 Καὶ
1348 3405 1707 3484 εὐπρύσεδρον
1754 3410 1834 3479 τῷ
1888 3409 1998 3462 Κυ·

341 3508 467 3584 ρίῳ.
502 3531 531 3560 ››
563 3506 637 3561 Οὐ
667 3505 773 3581 γὰρ
804 3503 975 3579 λέγω,
1007 3501 1163 3581 φησὶ,
1218 3503 1406 3568 ταῦτα,
1468 3497 1550 3553 ἶνα
1611 3497 1816 3574 βρόχον
1871 3499 2000 3572 ὑμῖν

348 3599 437 3655 καὶ
471 3597 708 3673 ἀνάγκην
738 3589 1009 3661 ἐπιϐάλω,
1076 3588 1223 3646 ἀλλά
1278 3590 1414 3664 πρὸς
1470 3588 1537 3644 τὸ
1576 3586 1858 3663 εὔσχημον
1913 3587 2004 3643 καὶ

346 3686 765 3762 ἀπερισπάστως
825 3677 1184 3756 εὐπρόσεδρον
1238 3682 1318 3748 τῷ
1371 3676 1557 3751 Κυρίῳ
1588 3677 1808 3752 ἀγαγεῖν
1866 3678 2005 3748 ὑμᾶς

356 3776 721 3853 βουλόμενος.
750 3774 906 3831 Ἐστι
940 3768 998 3825 δὲ
1054 3765 1440 3842 εὐπρόσεδρον,
1493 3766 1556 3821 τὸ
1603 3766 1846 3841 εὐχερῶς
1901 3786 2005 3820 παι

353 3865 587 3943 ραμένον
638 3862 674 3932 ἢ
731 3859 1022 3933 διηνεκῶς,
1098 3856 1534 3932 ἁμετεωρίστως,
1612 3855 2006 3932 ἀφροντίστως.

352 3980 381 4010 α
421 3954 481 4012 Εἰ
513 3952 572 4010 δέ
598 3972 680 4015 τις
735 3951 1097 4026 ἀσχημονεῖν.
1134 3970 1162 3998 ››
1226 3944 1505 4010 Ἀσθένεια
1548 3944 1758 4023 φύσεως
1804 3945 2012 4019 ἀνθρώ-

348 4067 458 4102 που
485 4044 549 4099 ca
578 4039 819 4116 νομίζειν
858 4040 1226 4115 ἀσχημονεῖν,
1288 4033 1406 4113 ε’ίγε
1452 4037 1552 4103 τήν
1599 4035 1792 4089 ἑαυτοῦ
1850 4036 2013 4107 θυγα-

348 4135 483 4210 τέρα
521 4132 782 4209 φυλάττει
813 4130 1105 4205 παρθένον,
1134 4127 1226 4183 καὶ
1256 4131 1375 4199 Θεῷ
1429 4125 1666 4202 ἀφιεροῖ.
1702 4158 1766 4168 -
1801 4126 2013 4211 [ΦΩΤ.]

352 4225 421 4284 Et
453 4222 511 4280 δέ
538 4244 644 4294 τις,
671 4222 860 4297 φησὶν,
887 4216 1288 4293 ἀσχημοσύνην
1347 4215 1563 4290 νομίζει
1611 4217 1791 4293 φέρειν
1845 4214 2012 4286 αὐτῷ,

358 4311 644 4370 ἀνέκδοτον
676 4311 844 4386 γάμῳ
874 4306 1165 4386 φυλάττειν
1195 4304 1337 4360 οἳκοι
1397 4306 1496 4372 τῆν
1552 4303 1819 4381 θυγατέρα
1876 4324 2013 4378 παρ-

356 4402 695 4471 θενεύουσαν,
727 4400 819 4454 καὶ
880 4398 1052 4453 οἴεται
1109 4394 1253 4450 οὕτω
1313 4391 1529 4467 μᾶλλον
1590 4390 1829 4468 ὀφείλειν
1875 4392 2015 4468 γίνε-

356 4504 503 4562 σθαι,
550 4491 666 4546 οῖον
720 4485 988 4556 ἐκδοῦναι,
1046 4508 1075 4535 ‹‹
1144 4483 1379 4540 Ηοιείτω
1435 4482 1464 4536 ὅ
1503 4480 1670 4537 θέλει.
1707 4502 1733 4534 ι
1777 4480 1855 4537 Οὐ
1912 4480 2017 4554 γάρ

1811 2599 1988 2662 οὓτως
2033 2633 2044 2643 ι

2084 1896 2215 1936 esse
2245 1882 2388 1951 vult,
2423 1891 2482 1939 et
2510 1886 2723 1943 domus
2754 1905 2959 1945 curam
2997 1890 3246 1960 habens,
3279 1908 3390 1947 nec
3438 1891 3731 1964 indigenti

2084 1969 2404 2045 benignam
2434 1977 2682 2050 porrigit
2706 1996 2971 2035 manum.
3011 1980 3187 2037 Vocat
3244 1987 3445 2038 autem
3499 1985 3733 2056 γυναῖκα

2088 2076 2219 2115 eam
2250 2078 2381 2134 quas
2410 2063 2535 2119 viro
2566 2071 2753 2138 nupta
2783 2074 2892 2138 est,
2925 2085 3140 2141 nempe
3168 2086 3417 2125 uxorem
3450 2071 3573 2126 sive
3589 2088 3737 2127 con-

2080 2150 2372 2221 jugatam.

2167 2262 2188 2288 ι
2224 2241 2343 2307 VII,
2378 2244 2467 2309 35,
2502 2245 2589 2301 36.
2624 2246 2744 2301 Hoc
2772 2252 2973 2303 autem
3004 2248 3080 2303 ad
3110 2248 3169 2303 id
3193 2249 3352 2320 quod
3383 2250 3547 2305 vobis
3594 2267 3738 2305 con-

2091 2349 2119 2377 «
2150 2327 2407 2385 ducibile
2440 2338 2529 2386 est
2554 2332 2709 2403 dico,
2742 2351 2864 2390 non
2890 2336 2976 2390 uti
3033 2336 3315 2407 laqueum
3374 2338 3536 2393 vobis
3596 2338 3741 2410 inji-

2097 2437 2124 2467 «ι
2155 2417 2329 2486 ciam,
2364 2418 2468 2473 sed
2500 2420 2574 2475 ad
2605 2421 2662 2476 id
2696 2423 2854 2493 quod
2887 2423 3175 2479 decorum
3206 2430 3298 2480 est
3340 2433 3399 2480 et
3446 2425 3742 2481 indivulse

2096 2527 2124 2557 «
2160 2504 2407 2561 Domino
2439 2508 2752 2566 adhaarens
2770 2511 3552 2582 absqueulladistractione.
3576 2513 3743 2579 Quod

2097 2616 2127 2645 κ
2158 2595 2207 2649 si
2239 2596 2373 2667 quis
2406 2597 2753 2654 indecorum
2780 2599 2991 2672 virgini
3021 2618 3143 2656 sum
3172 2607 3361 2674 putat,
3420 2603 3471 2657 si
3526 2607 3746 2674 prate-

2099 2705 2128 2735 α
2160 2692 2289 2741 reat
2312 2686 2578 2743 nubendi
2609 2684 2861 2762 tempus,
2897 2694 2955 2745 et
2986 2691 3070 2746 sic
3103 2697 3337 2764 oportet
3367 2692 3532 2747 ﬁeri:
3588 2690 3747 2763 quod

2101 2800 2129 2830 «
2161 2777 2285 2833 vult
2312 2779 2510 2848 faciat,
2538 2797 2658 2835 non
2690 2787 2918 2852 peccat,
2951 2781 3207 2838 elocent.
3244 2804 3272 2832 ››

2174 2868 2509 2937 Sermones,
2526 2870 2742 2941 inquit,
2760 2870 2834 2925 de
2847 2871 3183 2944 virginitate
3201 2873 3377 2940 movi,
3422 2871 3618 2927 sciens
3640 2871 3753 2926 hoc

2101 2956 2267 3012 vobis
2288 2957 2435 3013 utile
2468 2974 2596 3013 esse
2629 2976 2641 3012 :
2693 2975 2816 3013 non
2862 2966 3062 3015 autem
3110 2966 3178 3015 ut
3207 2976 3413 3032 cogam
3442 2977 3546 3015 vos
3578 2964 3636 3013 et
3660 2974 3755 3011 vo-

2104 3045 2296 3100 lentes
2318 3052 2376 3101 et
2399 3046 2672 3101 nolentes
2698 3047 2760 3102 in
2790 3048 3125 3120 virginitate
3168 3048 3405 3120 degere.
3432 3046 3756 3103 Necessita-

2107 3140 2225 3188 tem
2244 3135 2403 3189 enim
2427 3140 2594 3191 vocat
2608 3135 2907 3207 laqueum.
2940 3135 3139 3192 Viden’
3190 3153 3370 3207 quam
3414 3136 3622 3191 timeat
3650 3134 3755 3190 ali-

2107 3222 2250 3293 quid
2278 3223 2607 3294 perfectum
2629 3225 2953 3296 prmcipere
2972 3225 3000 3280 Ἰ
3022 3249 3047 3276 ‹‹
3074 3224 3185 3280 Sed
3208 3225 3280 3280 ad
3298 3225 3358 3279 id
3386 3224 3544 3296 quod
3576 3224 3757 3280 deco-

2104 3328 2239 3367 rum
2272 3318 2379 3368 est.
2415 3337 2438 3361 »
2471 3313 2621 3378 Quid
2653 3314 2814 3369 enim
2843 3314 3068 3387 virgine
3101 3321 3159 3370 et
3188 3315 3293 3369 tali
3324 3315 3438 3369 vita
3488 3331 3554 3369 ac
3611 3329 3758 3368 con-

2105 3402 2438 3459 versatione
2468 3404 2654 3477 magis
2685 3404 2968 3460 decorum
2991 3405 3019 3459 Ἰ
3050 3428 3076 3456 ‹‹
3098 3407 3167 3459 Et
3188 3404 3480 3460 indivulse
3505 3402 3759 3458 Domino

2110 3493 2442 3548 adhazrens.
2478 3516 2506 3543 ››
2536 3495 2685 3561 Non,
2720 3494 2936 3565 inquit,
2970 3495 3097 3549 hmo
3130 3494 3262 3550 dico
3292 3498 3362 3549 ut
3389 3493 3669 3565 laqueum
3704 3494 3765 3545 et

2111 3583 2529 3639 necessitatem
2560 3584 2727 3639 vobis
2750 3584 3038 3656 injiciam,
3075 3582 3179 3639 sed
3210 3583 3416 3639 volens
3464 3581 3761 3638 adducere

2112 3678 2178 3728 ut
2233 3673 2444 3729 decore
2506 3680 2563 3729 et
2618 3675 2966 3730 indistracte
3023 3691 3091 3730 ac
3149 3672 3442 3729 indivulse
3511 3672 3764 3727 Domino

2114 3762 2489 3817 adhaerentis.
2557 3765 2660 3818 Est
2744 3769 2944 3818 autem
3026 3757 3409 3836 εὐπρόσεὸρον,
3492 3763 3767 3832 prompte

2115 3852 2205 3907 vel
2263 3852 2544 3906 continue
2603 3868 2966 3923 permanens
3024 3852 3152 3906 sine
3211 3848 3467 3905 elatione
3515 3854 3571 3904 et
3602 3864 3765 3903 cura.

2115 3964 2141 3992 ‹‹
2179 3941 2344 4006 Quod
2377 3941 2426 3996 si
2456 3940 2592 4011 quis
2622 3939 2993 3996 indecorum.
3021 3959 3051 3991 ι»
3092 3942 3176 3995 Ex
3204 3945 3432 3995 naturas
3493 3938 3771 3992 humanas

2117 4030 2526 4085 imbecillitate
2549 4030 2837 4102 provenit,
2862 4035 2929 4085 ut
2949 4029 3082 4101 quis
3127 4028 3475 4084 indecorum
3510 4025 3771 4081 arbitre-

2120 4126 2215 4175 tur
2237 4120 2285 4175 si
2316 4120 2500 4175 filiam
2518 4136 2686 4175 suam
2711 4125 2903 4174 servet
2922 4119 3210 4191 virginem
3233 4134 3300 4173 ac
3348 4118 3467 4172 Deo
3514 4115 3769 4171 dedicet.

2122 4209 2178 4263 Si
2209 4211 2363 4280 quis,
2398 4209 2612 4280 inquit,
2645 4208 2970 4264 arbitratur
3003 4208 3129 4263 ﬁeri
3199 4206 3312 4263 sibi
3369 4206 3431 4260 in
3490 4204 3771 4270 dedecus,

2123 4299 2282 4370 quod
2304 4299 2605 4355 illocatam
2628 4304 2819 4354 servet
2835 4298 2994 4353 domi
3019 4297 3203 4352 ﬁliam
3228 4297 3289 4351 in
3308 4294 3640 4368 virginitate
3667 4293 3770 4348 de-

2123 4394 2380 4460 gentem,
2415 4394 2475 4444 et
2504 4389 2587 4444 ita
2615 4389 2814 4460 potius
2846 4388 2974 4443 ﬁeri
3005 4387 3222 4443 debere
3252 4389 3422 4458 putat
3447 4388 3514 4438 ut
3559 4383 3772 4447 elocet,

2125 4496 2155 4529 (ι
2188 4477 2387 4532 Faciat
2416 4477 2575 4548 quod
2604 4477 2751 4533 vult.
2786 4498 2815 4527 »
2848 4479 3048 4547 Neque
3081 4476 3240 4531 enim
3270 4473 3586 4546 prohibita;
3635 4474 3776 4526 sunt

358 4557 668 4638 κεκώλυται
699 4579 728 4633 ὁ
759 4577 937 4655 γάμος
995 4576 1098 4648 (μὴ
1157 4570 1369 4647 γένοιτο
1395 4573 1455 4641 l),
1507 4570 1552 4626 εί
1598 4569 1689 4626 καὶ
1742 4567 1993 4644 ὑψηλότει

2127 4564 2374 4634 nuptias,
2408 4564 2656 4620 minime
2680 4564 2970 4636 gentium,
2994 4579 3339 4634 quanquam
3364 4560 3679 4615 sublimior
3700 4559 3777 4613 sit

358 4690 453 4747 ρον
482 4672 517 4739 ἡ
558 4667 838 4742 παρθενία.
898 4666 1064 4718 ’Ώστε
1104 4659 1171 4747 ,εἴ
1231 4660 1543 4736 βούλονται,
1602 4657 2012 4733 ἔκγαμείτωσαν

360 4745 554 4826 αὐτὰς,
587 4756 741 4834 φησί.
774 4754 841 4811 Ei
873 4751 931 4808 δέ
969 4771 1053 4812 τις
1100 4746 1323 4820 ἔστηκεν
1384 4747 1436 4802 ἐν
1482 4747 1650 4819 ταύτῃ
1697 4750 1767 4821 τῇ
1818 4745 2013 4823 γνώμῃ

358 4847 600 4924 ἑδραῖος,
625 4844 753 4916 ἤτοι
783 4842 864 4907 εἷς
889 4842 954 4898 τὸ
1016 4841 1091 4913 μή
1125 4838 1414 4914 έκγαμίσαι
1462 4837 1657 4907 αὐτὴν,
1709 4837 1784 4911 μή
1834 4842 2014 4891 ποιῶν

353 4943 520 4994 τοῦτο
577 4937 654 5000 ὠς
711 4934 763 5004 ἐξ
818 4934 1056 5007 ἀνάγκης
1112 4929 1202 4984 καὶ
1264 4927 1372 4982 ἀπὸ
1429 4927 1605 5001 νόμου
1661 4925 2017 5000 κωλυόμενος

360 5030 418 5104 (ὁ
455 5027 562 5104 γὰρ
600 5024 745 5081 οὓτω
772 5026 934 5078 τοῦτο
965 5023 1161 5090 ποιῶν,
1210 5016 1335 5074 λίαν
1386 5017 1726 5091 ἀμαρτάνει)·
1777 5017 1865 5071 έὰν
1923 5017 2014 5073 οὖν

353 5138 442 5181 τις
466 5122 635 5173 τοῦτο
666 5114 742 5176 ὠς
777 5114 854 5186 μὴ
886 5108 1032 5185 ἔχων
1084 5108 1328 5185 ἀνάγκην
1383 5108 1541 5179 ποιῇ,
1600 5105 1730 5160 ἀλλ’
1786 5104 1864 5168 ὡς
1920 5106 2015 5161 κύ.

360 5228 479 5285 ριος
535 5206 629 5278 μὲν
690 5199 765 5257 ὢν
815 5199 1073 5274 ἑκατέρου
1131 5195 1447 5269 θελήματος
1506 5194 1612 5248 ἀπὸ
1663 5199 1761 5248 τοῦ
1817 5193 2014 5267 νόμου,

358 5282 520 5357 αὐτὸς
553 5293 610 5349 δὲ
640 5291 995 5366 αἱρετώτερον
1054 5285 1252 5360 κρίνων
1302 5284 1366 5340 τὸ
1422 5284 1497 5357 μή
1542 5282 1878 5359 έκγαμίζειν,
1926 5284 2015 5339 καὶ

358 5387 520 5449 οὗτος
561 5381 751 5444 καλῶς
809 5382 962 5435 ποιεῖ
1017 5373 1303 5455 φυλάττων
1362 5373 1621 5447 παρθένον
1682 5373 1768 5429 καὶ
1825 5374 2015 5449 ἁμέρι.

360 5498 498 5554 μνον
530 5475 631 5543 τὴν
665 5472 859 5526 ἑαυτοῦ
890 5464 1176 5542 θυγατέρα.
1202 5464 1429 5520 Δύναται
1456 5459 1515 5518 δέ
1541 5463 1627 5529 τὸ,
1661 5486 1689 5514 ‹‹
1724 5464 1818 5533 Μὴ
1869 5457 2015 5542 ἕχῶν

352 5548 616 5640 ἀνάγκην,
648 5586 674 5612 ››
705 5559 796 5614 καὶ
830 5555 1016 5618 ἄλλως
1044 5552 1197 5610 οὐδὲν
1221 5556 1387 5623 ἦττον
1413 5551 1630 5614 οἰκείως
1654 5548 2016 5632 έκληφθῆναι,

348 5659 475 5714 οἷον
508 5654 587 5727 μὴ
648 5645 1093 5724 ἀναγκκζόμενος
1132 5644 1194 5698 τὸ
1244 5642 1483 5698 ἐναντίον
1537 5647 1712 5699 ποιεῖν
1766 5643 1869 5697 ὑπὸ
1916 5650 2015 5713 τῆς

2124 4656 2451 4727 virginitas.
2482 4658 2688 4727 Itaque
2720 4657 2767 4711 si
2795 4656 3021 4723 volunt,
3054 4656 3291 4711 elocent
3320 4655 3502 4725 ipsas,
3557 4651 3772 4721 inquit.

2126 4748 2279 4805 488
2304 4749 2359 4803 Si
2380 4749 2665 4820 veroquis
2687 4754 2803 4804 stat
2824 4749 2887 4804 in
2937 4749 3048 4804 hac
3097 4746 3396 4802 sententia
3447 4745 3675 4808 ﬁrmus,
3708 4747 3778 4798 ut

2127 4855 2248 4893 non
2272 4837 2463 4893 elocet
2480 4837 2692 4910 ipsam,
2714 4836 2918 4893 nonid
2940 4853 3120 4909 agens
3165 4840 3450 4906 tanquam
3472 4850 3541 4888 ex
3572 4848 3777 4887 neces-

2127 4930 2321 4995 sitate,
2348 4934 2406 4984 et
2426 4944 2462 4983 a
2481 4928 2608 4996 lege
2630 4927 2965 5000 prohibitus
3013 4926 3175 4998 (nam
3228 4924 3329 4996 qui
3363 4923 3445 4979 ita
3468 4923 3581 4978 hoc
3609 4921 3773 4992 facit,

2126 5020 2514 5075 vehementer
2534 5017 2711 5088 errat)
2740 5033 2754 5082 ;
2779 5016 2827 5071 si
2850 5016 2985 5088 quis
3016 5031 3153 5087 ergo
3203 5019 3489 5085 tanquam
3517 5029 3640 5068 non
3672 5028 3777 5067 ne-

2128 5107 2404 5162 cessitate
2435 5112 2675 5161 coactus
2705 5106 2815 5160 hoc
2844 5104 3042 5168 faciat,
3077 5102 3182 5158 sed
3227 5102 3398 5173 quasi
3464 5102 3778 5171 utriusque

2127 5196 2361 5251 consilii
2394 5195 2676 5250 dominus
2705 5211 2741 5250 a
2764 5194 2893 5266 lege
2925 5192 3283 5248 constitutus
3309 5208 3321 5246 :
3354 5190 3480 5263 ipse
3513 5207 3648 5247 vero
3672 5190 3778 5261 ju-

2128 5286 2335 5341 dicans
2366 5284 2687 5358 eligibilius
2719 5300 2848 5339 esse
2879 5300 3001 5338 non
3033 5281 3266 5337 eloeare
3303 5297 3317 5335 :
3350 5286 3409 5336 et
3466 5280 3562 5337 hic
3619 5279 3776 5336 bene

2128 5375 2286 5446 facit,
2322 5390 2489 5430 suam
2523 5374 2709 5429 ﬁliam
2742 5390 2984 5429 servans
3015 5372 3309 5445 virginem
3341 5376 3401 5426 et
3430 5369 3561 5425 sine
3609 5386 3775 5425 cura.

2129 5467 2330 5521 Potest
2349 5471 2544 5522 autem
2570 5465 2730 5536 quod
2752 5463 2970 5520 dicitur
2992 5483 3007 5524 :
3029 5485 3056 5513 «ι
3081 5464 3210 5519 Non
3239 5462 3468 5517 habens
3511 5459 3779 5515 necessi-

2129 5561 2334 5622 tatem,
2369 5578 2397 5604 »
2422 5554 2541 5610 alio
2568 5571 2805 5627 quoque
2829 5553 3006 5610 modo
3033 5568 3142 5608 nec
3160 5553 3360 5608 minus
3409 5549 3647 5621 proprie
3678 5564 3780 5602 ac-

2128 5644 2267 5717 cipi,
2285 5644 2396 5699 hoc
2421 5648 2545 5698 est:
2572 5644 2681 5710 Qui
2711 5660 2831 5699 non
2854 5642 3082 5715 cogitur
3103 5658 3136 5696 a
3167 5640 3291 5695 ﬁlia
3319 5644 3384 5693 ut
3414 5634 3777 5692 contrarium
