4118 6374
372 321 492 380 743

1494 311 1904 381 (ECUMENII
1949 309 2259 373 TRICCE
2304 308 2659 372 EPISOOPI

3676 311 3805 373 7M

372 453 571 510 faciat.
605 455 662 509 Si
695 468 956 523 namque
983 452 1143 509 videt
1182 468 1380 509 mores
1410 458 1514 509 aut
1540 468 1720 525 opera
1751 451 1891 506 filias
1920 464 1984 504 co

2099 442 2422 518 ,θυγατρός
2478 442 2603 500 Ἐὰν
2664 443 2765 520 ὁρᾷ
2814 444 2921 519 γὰρ
2984 443 3055 500 τὰ
3107 451 3208 514 τῆς
3272 444 3543 521 θυγατρὸς
3598 444 3677 507 εἰς
3733 446 3798 500 τὸ

370 544 716 616 gereipsum
732 541 804 597 ad
817 541 1200 609 elocandum,
1225 559 1346 598 non
1373 542 1551 599 debet
1577 543 1769 614 ipsam
1796 555 1984 595 servat

2139 531 2456 609 ἐκγαμίζειν
2513 534 2672 591 αὐτὸν
2731 536 3119 612 ἀναγκάζοντα,
3202 536 3302 593 οὐκ
3347 536 3556 615 ὀφείλει
3603 536 3803 610 παρθέ-

373 631 679 703 virginem,
714 646 930 703 cogens
963 646 1094 686 eam
1125 630 1407 687 adversus
1439 631 1497 685 id
1530 631 1687 701 quod
1720 635 1809 684 est
1829 627 2031 682 volun-

2138 645 2228 679 vov
2274 623 2444 693 αὖτὴν
2498 631 2708 702 τηρεῖν,
2779 627 2855 689 εἷς
2913 626 2977 683 τὸ
3032 627 3269 683 ἐναντίον
3324 627 3492 697 αὐτὴν
3545 629 3635 684 καὶ
3693 633 3796 694 τῆς

365 720 504 775 tatis
526 735 594 775 ac
616 720 931 775 sententiaa
956 721 1501 792 ipsius.Virginitas
1520 721 1675 776 enim
1692 717 1984 773 voluntari

2139 715 2321 788 ὁρμῆς
2351 714 2572 786 καὶτῆς
2610 717 2842 792 γνώμης
2896 711 3307 792 ἐκϐιαζόμενος
3367 716 3616 773 δκούσιον
3668 718 3795 794 γὰρ,

364 825 491 863 esse
525 809 704 864 debet
735 814 949 865 etnon
997 816 1221 866 coacta.
1273 812 1417 865 Nam
1472 809 1765 865 coactioni
1814 808 1984 880 junci

2136 801 2397 859 ἀλλὀὐκ
2455 805 2730 875 ἀκούσιον,
2787 807 2852 861 τὸ
2910 814 3015 876 τῆς
3069 806 3382 881 παρθενίας.
3442 808 3595 863 Ἐπεὶ
3660 809 3795 881 μετὰ

363 904 567 968 posset
590 898 651 953 in
677 899 849 971 pejus
872 897 1176 955 declinare
1202 915 1215 953 :
1242 899 1352 954 sibi
1383 899 1623 971 quidem
1649 898 1885 953 veniam
1909 895 2024 950 tri-

363 987 580 1056 buens,
601 989 676 1045 ad
699 1005 836 1044 eum
859 1005 996 1044 vero
1020 990 1120 1061 qui
1144 990 1335 1062 ipsam
1380 989 1670 1062 coegisset
1716 987 2022 1061 virginita-

365 1082 487 1133 tem
505 1078 1533 1143 servare,absurdisceleriscausam
1581 1078 1871 1134 referens.
1910 1080 2021 1131 Aut

364 1166 445 1233 id,
463 1188 490 1215 α
507 1169 633 1221 Non
653 1167 880 1223 habens
894 1169 1438 1237 neccesssitatem,»
1452 1167 1563 1223 hoc
1577 1168 1725 1240 signi
1736 1168 1910 1222 ﬂcare
1923 1182 2022 1237 po-

2133 896 2232 946 τοῦ
2262 892 2541 964 ἀκουσίου,
2571 893 2664 949 καὶ
2706 894 2785 959 είς
2836 900 3025 974 χεῖρον
3086 894 3146 950 ἂν
3205 894 3570 966 ἀποκλίνειεν,
3627 896 3792 970 ἑαυτῇ

2135 980 2232 1053 μὲν
2272 982 2598 1057 συγγνώμην
2677 983 2935 1060 φέρουσα,
3012 983 3092 1046 είς
3167 982 3225 1040 δὲ
3294 986 3388 1041 τὸν
3466 985 3791 1061 βιασᾶμενον

2132 1072 2503 1145 παρθενεύειν,
2550 1078 2652 1142 τῆς
2734 1074 2967 1136 ἀτοπίας
3041 1075 3145 1144 τήν
3205 1073 3378 1130 αἰτίαν
3437 1074 3790 1152 ἀναφέρουσα.

2130 1158 2206 1215 Ἦ
2234 1160 2320 1229 τὸ,
2397 1188 2423 1216 ει
2454 1162 2544 1229 Μὴ
2604 1156 2752 1240 ἔχων
2801 1162 3071 1240 ἀνάγκην,
3105 1163 3255 1218 »καὶ
3309 1162 3473 1220 τοῦτο
3529 1162 3592 1219 ἄν
3652 1164 3791 1221 ὑπο-

364 1256 524 1323 terit,
542 1271 663 1311 non
688 1257 918 1313 habens
942 1258 999 1312 id
1024 1258 1279 1313 faciendi
1298 1258 1984 1327 necessitatem,autqu0<

2127 1242 2449 1317 δηλώσειεν.
2489 1253 2576 1322 Μή
2628 1246 2799 1327 ἔχων,
2857 1255 3041 1331 φησὶν,
3104 1255 3340 1329 ἀνάγκην
3388 1259 3550 1310 τοῦτο
3590 1262 3787 1327 ποιεῖν,

360 1345 528 1416 prius
552 1347 668 1400 Deo
700 1347 1137 1402 consecraverit
1166 1365 1234 1402 ac
1267 1347 1646 1414 dedicaverit,
1698 1351 1801 1401 aut
1857 1361 1984 1417 quot

2126 1335 2163 1404 ἢ
2222 1335 2298 1399 ὡς
2355 1341 2777 1415 προαφιερώσας
2835 1345 2916 1413 τῷ
2973 1344 3112 1415 Θεῷ,
3169 1342 3263 1396 καὶ
3318 1342 3532 1408 ἀναθεὶς
3586 1346 3788 1419 παρθε-

362 1434 486 1489 illia
517 1435 590 1490 ad
622 1436 731 1491 hoc
758 1443 948 1510 cogat.
982 1437 1047 1491 Ei
1080 1438 1239 1493 enim
1273 1438 1371 1509 qui
1407 1437 1479 1493 ab
1538 1438 1738 1510 aliquo
1796 1435 1979 1533 praedi

2121 1422 2317 1494 νεύειν,
2376 1424 2411 1497 ἤ
2466 1427 2541 1491 ὡς
2601 1435 2702 1499 τῆς
2770 1431 3036 1506 θυγατρὸς
3092 1427 3181 1486 ἐπὶ
3234 1436 3399 1486 τοῦτο
3454 1450 3788 1507 καταναγκα-

2125 1517 2169 1533 -,
2200 1512 2214 1533 ρ
2377 1515 2457 1533 ...ι
2544 1516 2558 1533 .
2663 1518 2677 1533 .
2747 1518 2759 1533 .
3052 1524 3080 1533 -
3206 1519 3221 1533 .
3355 1520 3366 1533 .
3552 1520 3567 1533 .
3626 1522 3635 1533 .

361 1528 591 1580 ctorum
612 1526 1033 1581 necessitatem
1048 1528 1227 1583 habet
1244 1542 1360 1585 non
1377 1527 1648 1582 elocandi
1663 1526 1736 1584 ad
1752 1525 1984 1599 nuptias

2125 1512 2343 1599 ζούσης.
2377 1515 2457 1573 Τὰ
2497 1516 2602 1593 γὰρ
2658 1518 2761 1573 ὑπό
2812 1538 2958 1583 τινος
3013 1524 3123 1575 τῶν
3176 1519 3481 1596 εἰρημένων
3541 1520 3783 1599 ἀνάγκην

356 1629 468 1669 nec
496 1614 664 1670 aliud
698 1615 948 1671 suadere
980 1616 1144 1683 licet,
1178 1632 1288 1671 nec
1314 1617 1496 1673 aliam
1529 1616 1889 1672 sententiam
1949 1614 1984 1669 i1

2119 1595 2305 1677 ἔχοντι
2369 1606 2446 1677 μὴ
2509 1606 2851 1681 ἐκγαμίζειν,
2913 1608 3041 1664 οὐδὲ
3126 1607 3530 1685 βουλεύσασθαι
3592 1595 3786 1674 ἄλλως

355 1702 534 1759 corde
560 1703 837 1759 meditari
864 1721 878 1759 :
914 1705 1035 1761 imo
1066 1721 1258 1777 neque
1286 1706 1594 1779 peragenti
1627 1710 1857 1761 tantum
1880 1705 1978 1760 lau

2119 1685 2219 1763 ἔνι,
2277 1692 2401 1749 ούδὶ
2456 1697 2637 1770 κρίσιν
2693 1694 2875 1768 ἃλλην
2929 1698 2985 1753 ἐν
3040 1702 3110 1772 τῇ
3169 1695 3371 1775 καρδίᾳ
3459 1698 3780 1773 μελετῆσαι.

355 1791 660 1861 tribuitur,
695 1800 985 1864 quantum
1028 1812 1150 1850 non
1203 1796 1514 1869 peragenti
1567 1794 1984 1850 condemnatio

2116 1782 2277 1840 Ἀλλ’
2333 1780 2461 1839 οὐδὲ
2508 1783 2853 1842 ἐπιτελοῦντι
2904 1785 3241 1858 τηλικοῦτος
3272 1789 3303 1843 6
3354 1783 3594 1882 ἔπαινος,
3651 1790 3783 1845 ὅσον

358 1897 547 1954 eaque
571 1882 899 1954 multiplex.
930 1885 1036 1949 Qui
1064 1890 1263 1940 autem
1288 1884 1513 1956 absque
1536 1884 1893 1940 necessitate
1910 1882 1982 1937 de

2125 1874 2202 1947 μὴ
2261 1872 2604 1930 ἐπιτελοῦντι
2641 1876 2705 1931 τὸ
2759 1876 3090 1951 κατάκριμα,
3133 1877 3281 1934 ἀλλὰ
3333 1874 3778 1936 πολλαπλάσιον.

357 1972 540 2027 crevit
569 1973 628 2028 in
662 1972 839 2029 corde
868 1974 981 2029 hoc
1038 1974 1271 2030 facere:
1336 1975 1383 2030 si
1444 1975 1737 2047 virginem
1797 1978 1984 2030 servat

2115 1963 2215 2023 Ὃς
2249 1959 2305 2017 δὲ
2345 1963 2523 2039 χωρὶς
2574 1964 2821 2040 ἀνάγκης
2873 1971 3036 2021 τοῦτο
3093 1966 3310 2042 κέκρικε
3367 1973 3543 2023 ποιεῖν
3596 1967 3657 2024 ἐν
3709 1973 3779 2044 τῇ

356 2061 655 2133 egregium
688 2063 967 2133 praestitit
992 2063 1263 2121 facinus:
1291 2065 1338 2119 si
1369 2080 1505 2120 vero
1537 2064 1728 2120 elocet
1766 2062 1838 2119 ad
1895 2079 1977 2118 nu

2116 2048 2330 2127 καρδίᾳ,
2389 2054 2655 2128 παρθένον
2739 2055 2833 2128 μὲν
2920 2049 3090 2131 ἔχων,
3183 2058 3319 2132 μέγα
3398 2058 3773 2132 κατώρθωσεν,

352 2149 527 2220 ptias,
563 2152 809 2206 omnino
844 2169 967 2207 non
999 2153 1279 2224 peccavit.
1316 2176 1342 2203 ‹‹
1378 2153 1544 2219 Quod
1577 2154 1701 2208 vult
1742 2152 1940 2208 faciat.
1976 2174 1984 2202 ι

2116 2140 2410 2216 ἐκγαμίσας
2470 2140 2547 2213 δὲ,
2618 2142 2774 2200 οὐδὲν
2863 2144 3012 2207 ὅλως
3094 2147 3358 2223 ¹ἥμαρτεν.
3420 2171 3451 2202 α
3503 2150 3567 2202 "0
3625 2149 3774 2205 θέλει

351 2238 477 2294 Sive
502 2238 722 2305 tradat,
755 2240 972 2312 inquit,
1007 2241 1305 2314 conjugio,
1341 2243 1462 2298 sive
1483 2247 1676 2297 servet
1693 2241 1978 2315 virginem

2110 2235 2359 2291 ποιείτω.
2394 2257 2422 2286 ››
2457 2266 2522 2279 --
2552 2236 2886 2309 [OIKOI’IL]
2940 2236 3073 2294 Εἴτε
3120 2237 3496 2313 έκγαμισάτω,
3580 2240 3769 2313 φησὶν,

346 2325 500 2382 bene
530 2327 693 2395 facit,
728 2335 1011 2385 neutrum
1051 2331 1210 2385 enim
1270 2337 1578 2403 peccatum
1634 2336 1742 2387 est.
1803 2330 1984 2385 Place

2112 2320 2219 2378 εἴτε
2276 2322 2514 2398 τηρείτω
2600 2324 2885 2398 παρθένον.
2972 2323 3274 2402 Ούδέτερον
3338 2327 3443 2403 γὰρ
3506 2328 3769 2403 ἁμαρτία.

345 2421 546 2472 autem
578 2417 766 2490 magis
798 2418 846 2473 si
875 2424 1068 2474 servet
1090 2419 1403 2491 virginem,
1437 2424 1504 2475 ut
1560 2421 1623 2475 in
1682 2435 1984 2491 progresst

2109 2407 2346 2467 Εύδοκεῖ
2394 2409 2452 2466 δὲ
2520 2411 2739 2485 μᾶλλον
2770 2414 2799 2468 6
2830 2412 3120 2491 φυλάττων
3178 2414 3439 2488 παρθένον
3495 2416 3572 2479 ὡς
3628 2437 3769 2493 προ-

343 2503 521 2559 dicit:
556 2526 585 2555 «
617 2506 804 2577 Cupio
836 2524 939 2563 vos
969 2509 1097 2563 sine
1126 2508 1529 2565 sollicitudine
1589 2526 1737 2579 esse,
1800 2530 1828 2559 »
1877 2509 1999 2563 sive

341 2595 621 2666 virgines.

415 2704 444 2733 ιε
480 2685 596 2751 VII,
629 2687 718 2751 37,
752 2688 839 2742 38.
871 2688 981 2752 Qui
1012 2704 1147 2743 vero
1183 2695 1297 2744 stat
1329 2690 1536 2744 ﬁrmus
1568 2690 1627 2744 in
1650 2688 1846 2754 corde,
1871 2704 1992 2743 non

341 2793 368 2820 «
406 2771 633 2827 habens
694 2777 1134 2844 necessitatem,
1200 2779 1302 2834 sed
1360 2783 1715 2850 potestatem
1766 2777 1993 2833 habens

341 2879 372 2909 ιι
404 2860 564 2916 circa
592 2864 893 2934 propriam
924 2865 1288 2922 voluntatem
1320 2883 1334 2921 :
1368 2872 1426 2922 et
1456 2867 1567 2922 hoc
1625 2867 1883 2922 decrevit
1929 2866 1990 2921 in

342 2968 369 3000 ε
402 2949 581 3004 corde
613 2967 720 3006 suo
751 2958 817 3007 ut
847 2960 1041 3009 servet
1073 2971 1239 3011 suam
1271 2956 1581 3027 virginem,
1618 2957 1770 3011 bene
1826 2955 1985 3010 facit.

341 3058 363 3085 ι
400 3038 605 3110 Itaque
638 3046 698 3095 et
727 3042 827 3111 qui
860 3041 1055 3098 elocat
1082 3045 1154 3099 ad
1186 3046 1445 3117 nuptias,
1480 3045 1634 3100 bene
1664 3044 1824 3115 facit,
1887 3043 1984 3115 qui

331 3149 362 3177 α
394 3145 531 3184 vero
563 3146 685 3186 non
720 3132 933 3196 elocat,
965 3134 1183 3190 melius
1209 3136 1367 3192 facit.
1408 3158 1435 3187 »

401 3219 556 3274 489
578 3186 1282 3292 Videsquomodostatim
1300 3225 1374 3281 ab
1414 3226 1586 3281 initio
1627 3239 1761 3281 eum
1787 3225 1980 3281 admi-
2015 3186 2058 3253 Ο

328 3312 497 3361 ratur
521 3308 622 3378 qui
646 3315 841 3365 servat
858 3328 1025 3367 suam
1050 3313 1335 3388 virginem
1356 3315 1384 3369 ‘.’
1409 3338 1437 3361 κ
1459 3314 1566 3380 Qui
1607 3321 1722 3370 stat
1753 3316 1982 3381 ﬁrmus,

328 3394 548 3466 inquit,
579 3397 642 3450 in
675 3398 850 3454 corde
887 3416 1058 3455 suo.»
1084 3403 1226 3456 Nam
1252 3403 1305 3457 is
1336 3404 1438 3473 qui
1461 3408 1705 3475 propter
1739 3403 1985 3459 indeco—

325 3499 483 3555 rum,
517 3490 584 3539 ut
612 3485 939 3553 videbatur,
974 3490 1179 3544 omisit
1199 3506 1266 3546 ac
1283 3499 1535 3563 nuptum
1557 3493 1824 3555 elocavit,
1861 3509 1981 3548 non

327 3574 493 3629 stetit
522 3575 585 3630 in
618 3592 796 3647 apere
827 3579 925 3632 Dei
950 3580 1174 3634 ﬁrmus.
1212 3604 1239 3629 κ
1273 3583 1401 3636 Νοη
1432 3582 1659 3638 habens
1716 3585 1981 3639 necessi-

323 3667 528 3718 tatem.
566 3686 593 3713 ιι
630 3666 738 3730 Qui
773 3683 893 3722 non
924 3668 1122 3737 habet,
1157 3670 1373 3741 inquit,
1407 3673 1824 3728 necessitatem
1859 3690 1979 3728 non

324 3752 597 3809 elocandi
617 3754 806 3811 illam.
848 3756 1089 3829 Alioqui
1112 3760 1272 3815 enim
1294 3776 1671 3833 nequaquam
1695 3762 1843 3818 adeo
1874 3763 1981 3817 ad-

322 3846 635 3902 mirandus
657 3854 815 3904 esset
837 3850 886 3904 si
902 3867 1022 3906 non
1040 3851 1301 3908 elocaret
1324 3855 1694 3910 :necessitati
1717 3871 1975 3926 namque

323 3952 471 4006 opus
503 3938 632 4008 ejus
667 3939 1096 3995 attribueretur
1126 3947 1183 3995 et
1213 3959 1335 3998 non
1363 3942 1515 4015 ipsi:
1558 3959 1717 3999 nunc
1775 3950 1975 4000 autem

321 4028 446 4079 tota
467 4041 563 4079 res
588 4032 677 4081 est
699 4026 772 4082 ad
799 4028 928 4098 ejus
946 4029 1216 4101 gloriam,
1239 4036 1297 4085 et
1325 4032 1481 4103 piam
1524 4033 1747 4103 Deique
1768 4035 1975 4089 cultri-

321 4129 452 4168 cem
474 4114 851 4170 electionem.
878 4117 1181 4188 Siquidem
1207 4120 1309 4189 qui
1333 4121 1552 4177 invitus
1570 4129 1626 4177 et
1665 4138 1733 4177 ex
1765 4138 1976 4179 neces-

322 4200 496 4255 sitate
523 4217 690 4258 suam
726 4210 919 4259 servat
945 4207 1258 4277 virginem,
1291 4226 1427 4279 qua:
1452 4216 1542 4264 est
1588 4210 1675 4265 illi
1732 4213 1921 4283 gratia
1947 4213 1976 4267 ‘2

315 4290 424 4354 Qui
457 4306 593 4345 vero
625 4291 843 4347 Christi
874 4293 1196 4361 desiderio,
1229 4312 1351 4351 non
1384 4298 1610 4353 habens
1650 4301 1972 4357 necessita-

316 4383 461 4445 tem,
490 4379 595 4434 sed
645 4386 859 4451 potens
910 4384 1068 4453 quod
1119 4385 1241 4439 vult
1276 4386 1490 4451 facere,
1526 4390 1842 4444 servaverit
1871 4391 1973 4447 ille

316 4468 709 4524 admirandus
741 4475 848 4525 est.
890 4493 913 4519 ι
949 4473 1019 4526 Et
1049 4473 1160 4528 hoc
1192 4473 1450 4531 decrevit
1478 4476 1541 4531 in
1570 4478 1749 4533 corde
1778 4495 1905 4535 suo.
1943 4503 1969 4529 η

2106 2501 2231 2573 ϊὼν,
2262 2501 2419 2581 φησὶ,
2453 2523 2483 2554 ν
2512 2500 2668 2557 Θέλω
2718 2502 2858 2575 ὑμᾶς
2921 2504 3263 2580 ἀμερίμνους
3318 2506 3481 2572 εἶναι,
3516 2529 3544 2558 ι
3593 2506 3767 2584 ἤγουν

2106 2588 2429 2663 παρθένους.

2176 2680 2275 2737 ’Ός
2319 2675 2377 2733 δὲ
2431 2674 2653 2749 ἕστηκεν
2709 2677 2924 2754 ἑδραῖος
2982 2680 3034 2737 έν
3090 2685 3158 2755 τῇ
3217 2680 3412 2759 καρδίᾳ
3483 2685 3560 2758 μὴ
3618 2682 3765 2759 ἔχων

2102 2766 2365 2841 ἀνάγκην,
2423 2766 2662 2837 ἐξουσίαν
2737 2767 2794 2824 δὲ
2851 2764 2968 2845 ἔχει
3023 2772 3149 2846 περὶ
3205 2777 3303 2827 τοῦ
3370 2771 3516 2829 ἰδίου
3590 2774 3757 2845 θελή-

2106 2876 2295 2929 ματος,
2353 2857 2447 2912 καὶ
2513 2861 2677 2914 τοῦτο
2761 2859 3006 2934 κέκρικεν
3092 2858 3145 2915 ἐν
3223 2866 3292 2936 τῇ
3381 2860 3579 2937 καρδίᾳ
3658 2865 3757 2918 αὐ-

2097 2950 2199 3001 τοῦ
2296 2949 2394 3001 τοῦ
2465 2953 2655 3022 τηρεῖν
2729 2950 2829 3018 τὴν
2907 2950 3101 3005 ἐαυτοῦ
3184 2953 3468 3026 παρθένον,
3569 2951 3754 3016 καλῶς

2096 3041 2264 3091 ποιεῖ.
2321 3038 2483 3091 Ὥστε
2529 3036 2621 3091 καὶ
2678 3037 2707 3091 ὁ
2768 3036 3083 3113 ἐκγαμίζων
3149 3038 3337 3103 καλῶς
3389 3047 3553 3096 ποιεῖ·
3608 3043 3638 3096 6
3693 3039 3751 3096 δὲ

2100 3127 2176 3199 μὴ
2208 3124 2541 3201 ἐκγαμίζων,
2568 3131 2818 3201 κρεῖσσον
2845 3134 3014 3186 ποιεῖ.

2167 3216 2327 3290 Ὁρᾷς
2358 3218 2478 3279 πῶς
2534 3214 2595 3270 ἐκ
2648 3216 2962 3292 προοιμίων
3023 3219 3285 3293 θαυμάζει
3335 3222 3430 3277 τὸν
3484 3225 3755 3295 τηροῦντα

2093 3303 2261 3374 αὐτὴν
2317 3303 2624 3380 παρθένονς
2687 3330 2715 3358 ‹‹
2745 3309 2844 3371 ‘Oc
2899 3304 3119 3379 ἵστηκε,
3177 3310 3366 3389 φησὶν,
3425 3308 3642 3385 ἑδραῖος
3698 3312 3750 3366 ἐν

2091 3397 2161 3468 τῇ
2222 3392 2498 3470 καρδίᾳ.»
2556 3394 2835 3465 Δηλονότι
2889 3397 3152 3462 ἐκεῖνοςό
3184 3398 3275 3454 διὰ
3328 3400 3430 3469 τήν
3485 3397 3750 3456 δοκοῦσαν

2093 3483 2490 3558 ἀσχημοσύνην
2520 3485 2774 3563 καθυφεὶς
2827 3487 2918 3541 καὶ
2984 3486 3303 3563 ἐγγαμίσας,
3360 3489 3470 3563 οὐχ
3522 3487 3749 3559 ἔστηκεν

2091 3567 2310 3655 ἑδραῖος
2338 3573 2390 3626 ἐν
2416 3574 2497 3644 τῷ
2524 3567 2667 3649 ἔργῳ
2696 3578 2794 3628 τοῦ
2823 3577 2980 3631 Θεοῦ.
3013 3600 3041 3626 ‹‹
3076 3577 3171 3645 Μὴ
3228 3574 3373 3655 ἔχων
3426 3575 3689 3651 ἀνάγκην.
3715 3600 3744 3632 ιε

2091 3658 2207 3717 Οὐκ
2232 3654 2372 3735 ἔχει,
2404 3661 2595 3740 φησῖν,
2655 3662 2897 3737 ἀνάγκην
2953 3665 3032 3737 μή
3085 3654 3375 3739 ἐγγαμίσαι
3423 3665 3615 3737 αὐτήν.
3675 3673 3749 3725 Ἦ

2089 3753 2193 3823 γάρ
2249 3747 2313 3805 ἄν
2367 3747 2492 3805 οὔτε
2549 3751 2724 3813 οὕτως
2785 3750 3084 3826 θαυμάσιος
3148 3754 3220 3823 ἦν
3283 3754 3359 3827 μὴ
3419 3753 3743 3829 ἐγγαμίζων.

2089 3840 2174 3910 Τῇ
2203 3838 2306 3912 γὰρ
2338 3837 2538 3915 ἀνάγκῃ
2597 3839 2690 3895 καὶ
2748 3839 2850 3896 οὐκ
2903 3842 3058 3914 αὐτῷ
3111 3842 3176 3897 τὸ
3231 3840 3387 3918 ἔργον
3444 3844 3742 3918 ἐλογίζετο.

2088 3929 2198 3984 Νῦν
2228 3925 2287 3983 δὲ
2316 3932 2484 3984 αὐτοῦ
2513 3928 2816 4006 φιλοτιμία
2870 3929 2980 3986 ἐστὶ
3046 3932 3113 3987 τὸ
3166 3939 3290 4003 πᾶν,
3348 3933 3440 3989 καὶ
3482 3936 3744 4014 θεοφιλὴς

2085 4017 2426 4091 προαίρεσις.
2458 4018 2519 4075 ’0
2552 4018 2655 4095 γὰρ
2708 4017 2854 4075 ἄκων
2908 4022 2997 4075 καὶ
3054 4019 3107 4091 ἕξ
3164 4022 3404 4097 ἀνάγκης
3455 4023 3742 4102 φυλάττων

2082 4106 2183 4175 τήν
2217 4106 2409 4161 ἑαυτοῦ
2433 4108 2721 4182 παρθένον,
2746 4109 2966 4184 ἃχαρις.
3000 4111 3063 4167 Ὁ
3093 4107 3151 4166 ὃὶ
3208 4107 3299 4165 διὰ
3341 4113 3435 4167 τὸν
3481 4118 3581 4169 τοῦ
3631 4116 3743 4171 Κυ-

2084 4195 2206 4268 ρίου
2263 4196 2436 4251 πόθον
2500 4198 2575 4269 μή
2631 4192 2776 4274 ἔχων
2830 4198 3088 4275 ἀνάγκην,
3145 4199 3275 4255 ἀλλ’
3304 4202 3335 4256 6'
3375 4202 3520 4266 θέλει
3575 4208 3739 4259 τοῦτο

2084 4290 2260 4339 ποιεῖν
2286 4284 2609 4358 δυνάμενος,
2668 4288 2912 4367 φυλάετι,
2966 4288 3170 4352 ἐκεῖνος
3224 4292 3547 4363 θαυμάσιος·
3586 4318 3607 4344 ε
3634 4293 3739 4351 Καὶ

2080 4378 2241 4428 τοῦτο
2269 4375 2514 4450 κέκρικεν
2546 4373 2596 4429 ἐν
2636 4375 2705 4450 τῇ
2761 4374 2960 4452 καρδίᾳ
3005 4377 3193 4435 αὐτοῦ.
3224 4402 3252 4432 ››
3309 4378 3560 4453 Ἐδραῖόν
3617 4401 3741 4438 τινα

2086 4462 2401 4518 ὑποτίθεται
2432 4462 2743 4539 ἄνθρωπον,
2779 4466 2838 4520 δν
2875 4466 2981 4521 οὐκ
3036 4465 3232 4541 ’ἰσχυσε
3278 4468 3532 4525 σαλεῦσαι
3565 4473 3604 4540 ἡ
3635 4468 3737 4527 δο-

316 4556 581 4613 Firmum
598 4558 858 4629 aliquem
873 4561 1099 4632 profert
1111 4563 1170 4617 in
1187 4564 1446 4619 medium
1460 4566 1972 4639 hominem,quem

2099 4555 2249 4607 ιοῦσοι
2296 4553 2443 4627 παρὰ
2488 4558 2607 4616 τοῖς
2665 4553 2978 4627 ἀνθρώποις
3034 4556 3425 4631 ἀσχημοσύνη.
3481 4557 3573 4614 ἐπὶ
3625 4565 3735 4616 τῶν

313 4663 435 4702 non
461 4647 660 4720 potuit
679 4648 740 4703 id
759 4666 1132 4707 commovere
1155 4653 1313 4723 quod
1336 4655 1495 4726 apud
1542 4656 1817 4714 homines
1846 4660 1971 4716 exi-

314 4737 595 4793 stimatur
629 4737 980 4795 indecorum
1009 4741 1071 4796 in
1103 4742 1195 4796 his
1225 4758 1356 4798 esse
1388 4746 1489 4814 qui
1522 4746 1676 4802 ﬁlias
1735 4754 1972 4804 servant

312 4825 590 4898 virgines.
628 4849 653 4879 ι
692 4830 847 4884 Bene
881 4830 1040 4885 facit.
1076 4852 1109 4880 »
1139 4832 1361 4888 Laudat
1388 4833 1587 4905 ipsum
1618 4835 1691 4891 ob
1751 4838 1969 4893 mentis

312 4914 680 4971 ﬁrmitatem.
722 4939 750 4968 (ί
782 4920 852 4973 Et
882 4919 981 4989 qui
1014 4920 1205 4975 elocat
1236 4921 1390 4976 bene
1416 4924 1576 4979 facit.
1614 4925 1967 4996 rSiquidem

310 5007 369 5055 et
398 5002 551 5058 illud
583 5003 804 5061 bonum
837 5013 973 5063 est:
1036 5026 1233 5081 neque
1292 5012 1453 5067 enim
1507 5020 1819 5084 peccatum
1878 5023 1967 5071 est

311 5097 565 5162 nuptum
592 5093 825 5151 elocare
851 5111 865 5149 :
889 5113 1066 5152 omne
1088 5106 1289 5154 autem
1308 5102 1466 5171 quod
1492 5119 1612 5158 non
1638 5109 1729 5158 est
1754 5120 1968 5174 pecca-

311 5185 463 5251 tum,
496 5180 815 5239 honestum
846 5192 953 5240 est.
985 5188 1092 5252 Qui
1126 5205 1266 5244 vero
1288 5205 1408 5244 non
1451 5192 1663 5260 elocat,
1718 5193 1963 5264 praecla-

311 5284 443 5323 rum
476 5269 774 5340 quoddam
809 5290 958 5346 opus
986 5275 1127 5332 facit
1157 5278 1315 5349 quod
1341 5280 1558 5335 melius
1590 5286 1697 5337 est.
1758 5282 1964 5338 Consi-

311 5357 457 5415 dera
481 5365 680 5416 autem
714 5364 872 5434 quod
905 5379 976 5421 ex
1007 5366 1216 5422 horum
1251 5368 1679 5441 dijudicatione
1720 5372 1963 5429 suadeat

307 5463 430 5502 non
464 5448 699 5506 eloea‘re
740 5459 1013 5523 nuptum.

378 5538 495 5605 VII,
545 5541 633 5605 39,
668 5543 758 5596 40.
788 5544 936 5598 Uxor
958 5546 1073 5615 lege
1097 5547 1273 5615 ligata
1293 5555 1373 5604 est
1411 5551 1663 5619 quandiu
1712 5554 1846 5608 vivit
1874 5556 1962 5609 vir

304 5629 466 5699 ejus:
491 5631 705 5701 quodsi
722 5632 1015 5689 dormierit
1039 5639 1123 5691 vir
1146 5637 1285 5705 ejus,
1314 5638 1490 5693 libera
1535 5647 1693 5696 estut
1723 5645 1813 5697 cui
1840 5646 1961 5699 vult

2043 4637 2468 4717 ,φυλαττόντων
2528 4643 2827 4714 παρθένους
2888 4645 2984 4707 τὰς
3068 4646 3388 4721 θυγατέρας.
3449 4670 3480 4702 α
3535 4649 3734 4712 Καλῶς

2079 4735 2249 4786 ποιεῖ.
2286 4733 2601 4787 »’E1tauva‘i
2657 4730 2817 4786 αὐτὸν
2874 4740 2976 4802 τῆς
3034 4733 3251 4811 ἑδραίας
3310 4736 3558 4810 γνώμης.
3630 4740 3735 4795 Καὶ

2081 4819 2109 4874 6
2185 4818 2493 4893 ἐγγαμίζων
2571 4817 2759 4883 καλῶς
2831 4827 3001 4877 ποιεῖ.
3076 4855 3151 4868 -—-
3222 4826 3557 4900 [ΟΙΚΟὶἨι]
3629 4828 3733 4885 Καὶ

2078 4907 2253 4963 ἐκεῖνο
2305 4909 2423 4981 μὲν,
2479 4909 2629 4985 φησί,
2680 4909 2873 4968 καλόν.
2935 4911 3014 4970 Οὐ
3073 4913 3179 4990 γὰρ
3232 4914 3477 4989 ἁμαρτία
3525 4917 3589 4971 τὸ
3643 4915 3732 4991 ἐγ-

2077 4996 2351 5071 γαμίζειν.
2389 5002 2501 5053 [Ιᾶν
2528 4995 2587 5054 δὶ
2643 4997 2674 5054 6'
2720 5000 2832 5078 οὐχ
2889 5002 3152 5077 ἁμαρτία,
3196 5004 3392 5061 καλόν.
3441 5006 3503 5063 '0
3554 5003 3614 5060 δέ
3668 5023 3731 5074 γε

2081 5090 2157 5160 μὴ
2192 5086 2522 5164 ἐγγαμίζων,
2574 5089 2666 5145 καὶ
2717 5091 3044 5166 κανόρθωμά
3093 5113 3145 5148 τι
3190 5096 3436 5170 πράττει,
3482 5094 3515 5149 ὅ
3539 5099 3728 5168 κρεῖτ-

2075 5177 2169 5233 τόν
2201 5175 2365 5236 ἐστιν.
2398 5178 2538 5252 Ὅρα
2593 5176 2651 5233 δὲ
2690 5183 2807 5240 πῶς
2848 5180 2910 5236 ἐκ
2961 5185 3063 5249 τῆς
3114 5184 3465 5260 συγκρίσεως,
3523 5183 3587 5240 τὸ
3649 5185 3727 5257 μὴ

2076 5265 2385 5342 ἐγγαμίζειν
2415 5288 2476 5322 συ
2484 5264 2662 5340 μόοολ
2671 5270 2806 5327 εύει.

2142 5555 2284 5623 Γυνὴ
2341 5551 2548 5609 δέδεται
2637 5555 2812 5628 νόμῳ,
2909 5554 2992 5633 ἐφ’
3076 5558 3203 5612 ’ὀσον
3291 5560 3494 5635 χρόνον
3581 5565 3645 5635 ζῇ
3701 5562 3730 5616 6

2071 5643 2209 5718 ἀνὴρ
2237 5642 2426 5711 αὐτῆς.
2484 5641 2605 5698 Ἐὰν
2676 5639 2732 5698 δὲ
2791 5644 2881 5700 καὶ
2948 5648 3195 5721 κοιμηθῇ
3259 5649 3291 5703 6
3343 5648 3507 5724 ἀνὴρ,
3571 5649 3727 5706 ἐλεύ-
