4118 6444
361 393 483 455 745

1346 395 1758 460 OOMMENT.
1804 398 1882 458 IN
1932 395 2177 460 EPIST.
2223 398 2249 458 Ι
2294 400 2398 461 AD
2441 398 2814 461 CORINTH.

3670 403 3792 464 746

358 530 494 607 “pa
580 527 724 584 ἐστὶν
802 528 849 603 ᾧ
934 528 1082 592 θέλει
1161 530 1507 604 γαμηθῆναι,
1586 530 1770 605 μόνον
1807 529 1860 587 ἄν
1919 533 2019 590 Κυ-

2139 534 2334 603 nubat,
2367 534 2527 591 modo
2556 536 2616 591 in
2659 536 2923 591 Domino:
2985 535 3193 592 beatior
3250 544 3433 592 tamen
3490 544 3568 594 est
3618 540 3666 595 si
3722 540 3800 595 sic

359 620 490 697 ρίῳ.

353 710 500 766 κατᾶ
576 711 678 779 τήν
766 708 905 783 ἰμήν
970 709 1218 786 γνώμην.
1283 713 1437 765 Δοκῶ
1486 706 1543 766 8t
1600 711 1756 786 γάγὼ
1811 715 2031 784 Πνεῦμα

368 803 510 855 Θεοῦ
536 793 711 875 ἔχειν.

434 887 607 960 Νόμῳ
634 884 785 963 λέγει
815 890 897 959 τῷ
926 886 1053 963 περὶ
1105 890 1215 943 τῶν
1269 892 1512 963 μοιχῶν,
1556 888 1602 961 ᾧ
1632 892 1921 965 κατέχεται
1954 890 2032 954 εἰς

358 977 424 1032 τὸ
459 977 536 1051 μὴ
588 974 982 1050 συμπλακῆναι
1041 977 1227 1050 ἑτέρῳ.
1262 977 1359 1032 Διὰ
1389 981 1557 1033 τοῦτο
1611 978 1751 1047 εἴτε,
1807 1004 1833 1031 ι(
1871 976 2031 1034 Δέδε-

357 1084 471 1120 ται.
513 1086 540 1114 ››
576 1065 673 1118 Καὶ
715 1061 770 1118 ἐν
823 1066 904 1135 τῷ
964 1062 1154 1133 εἰπεῖν,
1214 1088 1243 1117 ιι
1277 1059 1517 1130 Δέδεται,
1548 1087 1575 1116 ››
1638 1062 1897 1120 δείκνυσιν
1945 1063 2029 1121 ὅτι

364 1154 394 1208 ὁ
430 1153 507 1227 μή
541 1150 853 1229 ἐγγαμίζων
912 1159 1162 1228 κρεῖσσον
1190 1158 1360 1224 ποιεῖ,
1402 1151 1606 1227 δεσμοῦ
1663 1154 1835 1225 αὐτ-ἠν
1869 1153 2029 1210 ἐλευ-

358 1244 550 1318 θερῶν.
587 1266 613 1294 «ι
643 1240 938 1317 Ἐλευθέρα
967 1243 1111 1298 ἐστῗν
1146 1241 1192 1314 ᾧ
1223 1244 1365 1306 eius:
1397 1251 1741 1318 γαμηθῆναι.
1777 1268 1802 1297 ν
1832 1243 2027 1301 Ἡλευ-

362 1329 595 1403 θέρωται
618 1331 719 1407 γὰρ
749 1336 846 1387 τοῦ
878 1332 1100 1407 πρώτου
1122 1331 1325 1407 δεσμοῦ
1344 1334 1435 1389 καὶ
1461 1334 1634 1406 νόμου
1657 1334 1748 1388 καί
1779 1332 2022 1390 λέλυται.

356 1422 547 1480 Εἰπὼν
580 1420 637 1478 δὲ
668 1422 752 1478 ὃτι
785 1420 978 1493 ἐλύθη,
1012 1425 1370 1501 προτρὲπεται
1410 1425 1487 1498 μή
1521 1424 1687 1481 πάλιν
1722 1431 1902 1502 γῆμαι
1932 1424 2024 1481 καὶ

360 1508 605 1580 δεθῆναι.
661 1534 685 1567 α
725 1512 902 1567 Μόνον
948 1512 1000 1568 ἐν
1067 1512 1275 1588 Κυρῖῳ.
1322 1508 1350 1565 ἱ)
1384 1512 1537 1584 Πλὴν
1605 1514 1741 1588 μετὰ
1797 1535 2023 1594 σωιρρο-

360 1607 551 1673 σύν-ης,
612 1600 787 1680 φησὶ,
848 1602 938 1658 καὶ
994 1603 1369 1677 κοσμιότητος
1414 1603 1638 1678 νομίμῳ
1697 1603 1884 1682 γάμῳ,
1936 1603 2025 1660 ἐπὶ

366 1689 734 1764 παιδοποιίᾳ,
793 1692 884 1747 καὶ
943 1691 1264 1768 προστασίᾳ,
1326 1694 1401 1767 μή
1462 1690 1551 1749 διὰ
1610 1693 1780 1757 πάθος
1835 1693 2025 1760 ἐπιου-

368 1778 520 1854 μίας.
559 1780 761 1839 σΚατὰ
813 1780 914 1850 τήν
970 1781 1110 1855 ἐμὴν
1169 1782 1424 1858 γνώμην.
1462 1806 1489 1835 ι›
1549 1784 1663 1840 Ἵνα
1720 1784 1798 1856 μὴ
1855 1782 2025 1859 ἀνάγ-

366 1889 480 1980 κην,
519 1870 583 1926 τὸ
636 1876 858 1948 πρᾶγμα
911 1871 1169 1981 νομίσῃς,
1229 1872 1385 1950 φησί.
1449 1896 1477 1926 ‹‹
1509 1873 1661 1930 Κατά
1719 1874 1821 1944 τήν
1881 1873 2020 1949 ἐμήν
2054 1914 2101 1981 Β

374 1959 621 2035 γνώμην.
654 1983 683 2012 ››
741 1962 906 2018 ’Ὀσον
993 1960 1101 2036 ἐγὼ
1185 1961 1464 2035 γινώσκω,
1525 1962 1680 2040 φησὶ,
1732 1962 1868 2018 κατὰ
1925 1965 2025 2033 τὴν

369 2045 511 2121 ἰμὴν
537 2049 847 2123 παραίνεσιν
900 2049 992 2106 καὶ
1048 2044 1390 2124 ωμϐουκήν,
1448 2049 1512 2107 ού
1566 2051 1704 2108 κατά
1752 2072 1875 2108 τινα
1930 2072 2025 2108 νο-

369 2137 628 2211 μοθεσίας
677 2139 940 2217 ἀνάγκην.
998 2142 1135 2197 Εἶτα
1188 2138 1282 2196 ’ίνα
1314 2143 1392 2214 μή
1447 2161 1532 2205 τις
1588 2138 1739 2217 ε’ίπῃ,
1809 2141 2022 2200 Οὐκοῦν

366 2226 412 2283 εἰ
445 2229 523 2301 μὴ
555 2223 669 2285 ἔστι
718 2228 1034 2304 νομοθεσία,
1088 2252 1141 2287 τι
1198 2233 1312 2308 χρή
1362 2231 1510 2293 ὅλως
1563 2233 1685 2287 τινὰ
1730 2233 1871 2289 κατὰ
1924 2234 2023 2303 τὴν

364 2318 675 2394 παραίνεσιν
757 2325 985 2390 ποιεῖν;
1068 2319 1358 2399 ἐπήγαγεν,
1430 2322 1515 2377 ὃτι
1575 2321 1680 2379 Καὶ
1736 2320 1904 2378 ταῦτα
1963 2323 2023 2378 ἐκ

363 2411 463 2464 τοῦ
511 2409 786 2484 παναγίου
842 2412 1152 2483 Πνεύματος
1207 2416 1623 2488 παραινοῦμεν,
1685 2411 1735 2467 εἰ
1787 2413 1879 2467 καὶ
1941 2412 2018 2486 μὴ

364 2497 441 2560 εἰς
469 2498 644 2574 νόμου
675 2498 939 2576 ἀνάγκην,
972 2499 1067 2557 διὰ
1092 2503 1193 2570 τὴν
1224 2499 1497 2557 ἀσθένειαν
1549 2501 1721 2575 ὑμῶν,
1753 2503 1854 2570 τὴν
1881 2522 2022 2574 συμ-

362 2582 577 2660 ϐουλὴν
604 2588 1027 2666 κατακλείομεν·
1065 2615 1092 2645 ιι
1125 2596 1279 2648 Δοκῶ
1338 2589 1395 2647 δὲ
1422 2590 1573 2667 κάγώ
1636 2596 1856 2666 Πνεῦμα
1885 2596 2021 2648 Θεοῦ

361 2676 533 2754 ἔχειν.
574 2703 603 2732 ι)
632 2686 754 2737 Ἵνα
822 2682 1016 2753 μήτις
1047 2681 1251 2757 νομίσῃ
1310 2682 1409 2746 τὰς
1461 2680 1716 2744 τοιαύτας
1775 2676 2022 2756 συμϐου-

362 2764 489 2831 λίας
524 2767 745 2825 Παύλου
804 2771 936 2827 εἶναι
992 2771 1080 2827 καὶ
1141 2768 1231 2826 διὰ
1283 2774 1446 2827 τοῦτο
1504 2770 1872 2847 ἀνθρωπίνας,
1923 2769 2020 2826 ἐπ-

363 2857 499 2933 άγει.
525 2857 609 2914 ὅτι
647 2883 674 2913 ιι
705 2863 927 2933 Πνεῦμα
957 2858 1091 2916 Θεοῦ
1123 2859 1260 2936 ἔχω,
1287 2884 1314 2912 ››
1365 2857 1599 2929 δεικνὺς,
1632 2860 1715 2916 ὅτι
1783 2863 2022 2935 Νομοθε-

365 2947 498 3016 σίαι,
529 2948 634 3004 εἶσὶ
688 2953 786 3005 τοῦ
840 2949 1204 3026 Ιίαρακλῆτου
1240 2994 1255 3021 ,
1307 2949 1411 3006 οὐκ
1476 2949 1625 3023 ἐμαί.
1686 2949 1912 3019 Πολλὴν
1964 2949 2022 3007 δὲ

361 3038 865 3119 ταπεινοφροσύνην
897 3037 1254 3107 ἐνδείκνυται,
1291 3039 1377 3110 τὸ,
1437 3063 1463 3089 α
1516 3043 1694 3111 Δοκῶ,
1737 3062 1763 3093 ι
1822 3039 2019 3116 λὲγωνο

358 3126 665 3201 τουτέστιν,
696 3130 995 3206 Ἦγοῦμαι,
1032 3134 1274 3190 ὑπονοῶ.

1005 3409 1264 3466 ΚΕΦΑΛ.
1308 3412 1371 3466 Ε.

359 3498 491 3573 Περὶ
549 3495 814 3579 διεφορᾶς
861 3495 1213 3574 ἐδεσμάτων,
1265 3498 1355 3556 καὶ
1403 3497 1625 3569 ἀποχῆς
1692 3496 2020 3574 δαιμονικοῦ

1007 3583 1370 3662 σεϐάσματος.

436 3679 563 3752 Περὶ
642 3676 700 3734 δὶ
771 3684 881 3735 τῶν
959 3676 1339 3735 εἰδωλοθύτων
1396 3677 1619 3753 οἴδαμεν
1680 3679 1765 3736 ὅτι
1822 3680 2019 3743 πάντες

367 3770 564 3841 γνῶσιν
640 3762 865 3843 ἔχομεν,
952 3768 1015 3827 Ἦ
1092 3773 1294 3845 γνῶσις
1351 3773 1558 3849 φυσιοῖ,
1617 3771 1652 3839 ἡ
1713 3766 1772 3824 δὲ
1828 3768 2013 3841 ἀγάπὴ

365 3852 670 3930 οἰκοδομεῖ.
750 3857 812 3914 Εἰ
897 3854 954 3914 δὲ
1007 3878 1094 3921 τις
1147 3854 1298 3914 δοκεῖ
1353 3855 1546 3914 εἰδέναι
1604 3879 1679 3928 τι,
1747 3855 1874 3915 ούδέ
1927 3879 2016 3915 πω

362 3942 517 4002 οὐδὲν
544 3942 798 4024 ἔγνωκεν,
834 3947 1015 4010 καθὼς
1080 3944 1163 4003 δεῖ
1188 3952 1408 4025 γνῶναι·
1470 3948 1536 4006 Εἰ
1590 3945 1647 4003 δέ
1699 3969 1783 4011 τις
1832 3947 2016 4026 ἀγαπᾷ

357 4037 451 4092 τὸν
481 4038 636 4105 Θεὸν,
668 4037 830 4101 οὗτος
858 4033 1126 4115 ἔγνωσται
1158 4038 1248 4094 ὑπ’
1289 4039 1476 4096 αὐτοῦ.

430 4127 495 4184 ’11
522 4126 675 4183 αἰτία
727 4134 827 4196 τῆς
854 4132 966 4184 τῶν
1016 4124 1397 4184 εἰδωλοθύτων
1447 4126 1791 4201 ἐπιπλήξεως
1851 4127 2012 4200 αὕτη·

357 4216 513 4280 Τινὲς
561 4212 712 4279 ὄντες
755 4216 879 4293 περῖ
911 4218 1012 4286 τήν
1042 4216 1222 4274 πίστιν
1276 4217 1502 4289 τέλειοι,
1529 4218 1620 4274 καὶ
1668 4216 1873 4282 εἰδότες
1928 4217 2015 4275 ὅτι

360 4306 425 4363 οὗ
454 4306 522 4363 τὰ
551 4305 982 4382 εἰσπορευόμενοι
1027 4313 1209 4365 κοινοῖ
1261 4310 1353 4365 τὸν
1412 4307 1723 4386 ἄνθρωπον,
1782 4308 1872 4365 καὶ
1928 4304 2011 4366 ὅτι

356 4398 427 4455 τά
449 4395 660 4454 εἰδωλα
686 4396 824 4469 ξύλα
850 4398 941 4456 καὶ
974 4397 1119 4455 λίθοι
1178 4398 1305 4455 ὄντα
1362 4397 1516 4455 οὐδὲν
1576 4399 1730 4471 εἰσιν,
1783 4397 2015 4457 ἀδιαφό-

358 4504 469 4563 ρως
501 4485 555 4542 ἐν
584 4492 702 4551 τοῖς
764 4491 983 4563 μιαροῖς
1043 4491 1153 4543 τῶν
1203 4483 1450 4543 εἰδώλων
1511 4485 1684 4550 οἴκοις
1731 4487 2012 4559 εἰσιόντες,

359 4581 617 4654 μετεῖχον
670 4580 780 4633 τῶν
865 4574 1039 4634 ἐκεῖσε
1093 4579 1377 4652 τραπεζῶν
1405 4620 1421 4647 ,
1481 4576 1572 4632 καὶ
1631 4574 2011 4634 εἰδωλοθύτων

581 618 986 695 Μακαριωτέρα
1065 615 1123 674 δὲ
1205 617 1350 675 ἐστιν
1424 617 1513 674 ἐὰν
1602 617 1779 684 οὕτως
1847 618 2019 697 μείνῃ.

2134 628 2531 695 permanserit,
2551 627 2729 697 juxta
2751 641 2929 681 meam
2960 629 3311 682 sententiam.
3343 626 3556 699 Opinor
3614 634 3799 686 autem

2138 715 2290 785 quod
2319 721 2373 771 et
2403 717 2519 786 ipse
2550 715 2827 786 Spiritum
2862 714 2957 771 Dei
2979 717 3232 775 habeam.

2214 894 2422 967 Legem
2455 893 2601 951 dicit
2629 910 2762 967 quas
2793 893 2866 949 de
2897 892 3184 949 adulteris
3234 893 3355 950 lata
3384 899 3493 958 est,
3518 911 3635 967 qua
3649 895 3796 952 reti-

2138 983 2461 1047 neturhoc,
2480 1000 2555 1039 ne
2569 984 2742 1039 alteri
2759 983 3237 1040 commisceatur.
3254 983 3575 1055 Propterea
3601 984 3749 1041 dixit
3776 1001 3792 1042 :

2142 1093 2170 1122 ‹‹
2204 1072 2404 1145 Ligata
2436 1078 2545 1129 est.
2583 1094 2607 1124 υ
2643 1076 2714 1128 Et
2737 1090 2843 1145 per
2896 1073 3010 1128 hoc
3067 1071 3227 1143 quod
3277 1072 3461 1128 dixit:
3524 1094 3549 1124 α
3595 1074 3798 1147 Ligata

2139 1166 2248 1230 est,
2278 1184 2303 1209 ››
2327 1162 2589 1218 ostendit
2615 1163 2773 1234 quod
2795 1163 2894 1233 qui
2923 1179 3043 1218 non
3064 1162 3256 1219 elocat
3296 1169 3551 1234 nuptum
3579 1164 3794 1219 melius

2134 1251 2297 1313 facit,
2328 1252 2580 1308 vinculis
2613 1253 2802 1324 ipsam
2836 1252 3100 1308 liberans
3155 1276 3181 1300 σι
3219 1252 3426 1307 Libera
3458 1258 3549 1307 est
3579 1258 3645 1306 ut
3699 1250 3794 1308 cui

2135 1342 2260 1396 vult
2288 1341 2491 1398 nubat.
2534 1365 2560 1391 »ι
2594 1342 2863 1397 Liberata
2890 1348 2981 1397 est
3011 1342 3203 1413 primo
3235 1341 3472 1396 vinculo
3519 1356 3589 1397 ac
3644 1342 3793 1415 lege,

2136 1432 2407 1488 etsoluta
2433 1431 2982 1487 est.Dicensautem
2999 1430 3154 1503 quod
3190 1431 3388 1486 soluta
3432 1437 3543 1495 est,
3578 1430 3794 1486 adhor-

2136 1527 2296 1576 tatur
2328 1538 2402 1576 ne
2431 1538 2669 1578 rursum
2699 1521 2885 1577 nubat
2914 1537 2983 1576 ac
3015 1521 3250 1594 ligetur.
3285 1544 3311 1571 ιι
3355 1520 3527 1576 Modo
3562 1520 3620 1575 in
3676 1521 3792 1576 Do—

2136 1611 2372 1667 mino.»
2391 1615 2666 1667 Attamen
2682 1628 2819 1668 cum
2860 1609 3399 1682 modestia,inquit,
3424 1627 3490 1666 ac
3511 1608 3789 1667 decentia

2135 1700 2416 1774 legitimis
2439 1700 2730 1774 jungatur
2759 1700 2986 1772 nuptiis
3016 1699 3091 1756 ob
3123 1699 3311 1772 prolis
3343 1698 3785 1772 susceptionem

2135 1796 2195 1845 et
2225 1790 2666 1856 educationem,
2697 1806 2818 1845 non
2864 1804 2935 1846 ex
2990 1791 3208 1846 affectu
3265 1788 3786 1861 concupiscentiis.

2136 1901 2164 1929 ιι
2189 1880 2359 1936 Juxta
2382 1896 2576 1936 meam
2595 1879 2976 1935 sententiam.
3004 1901 3032 1928 ››
3056 1879 3134 1935 Ne
3152 1894 3277 1934 rem
3301 1877 3604 1934 existimes
3653 1892 3785 1934 esse

2132 1969 2578 2037 necessitatem,
2605 1969 2708 2026 ait.
2741 1991 2769 2019 ‹‹
2799 1968 2974 2026 Juxta
3028 1984 3225 2024 meam
3283 1966 3643 2024 sententiam
3679 1982 3693 2023 :
3754 1988 3784 2018 ››

2131 2059 2286 2116 491)
2319 2064 2610 2130 quantum
2642 2074 2748 2133 ego
2781 2057 2944 2114 valeo
2975 2057 3313 2130 concipere,
3355 2061 3645 2129 quantum
3678 2071 3785 2130 ego

2128 2148 2464 2222 intelligere
2495 2165 2738 2221 possum
2764 2165 2779 2215 ;
2802 2149 2976 2220 juxta
3007 2163 3203 2203 meam
3229 2145 3703 2203 admonitionem
3728 2151 3787 2202 et

2129 2238 2469 2304 consilium,
2493 2254 2613 2293 non
2633 2254 2703 2294 ex
2728 2238 3085 2293 necessitate
3110 2236 3523 2309 legislationis.
3558 2235 3782 2291 Deinde

2127 2343 2205 2383 ne
2231 2327 2367 2399 quis
2388 2326 2547 2382 dicat
2571 2343 2585 2382 :
2615 2326 2670 2381 Si
2694 2341 2830 2398 ergo
2853 2342 2974 2380 non
2992 2330 3173 2380 estea
3220 2324 3294 2380 de
3342 2341 3406 2380 re
3459 2323 3777 2397 legislatio,

2128 2434 2235 2474 cur
2258 2423 2491 2489 oportet
2522 2431 2883 2489 quemquam
2914 2415 3162 2471 omnino
3186 2412 3358 2486 juxta
3388 2419 3548 2470 tuam
3571 2413 3779 2470 admo-

2127 2508 2425 2564 nitionum
2455 2523 2628 2580 agere
2657 2507 2685 2563 ?
2715 2505 3023 2578 subjunxit
3054 2522 3068 2562 :
3112 2504 3302 2560 Etiam
3359 2504 3509 2572 haec,
3560 2504 3779 2576 inquit,

2119 2598 2294 2671 juxta
2324 2597 2771 2655 sanctissimum
2800 2596 3084 2668 Spiritum
3116 2594 3509 2651 admonemus
3534 2610 3548 2649 :
3580 2610 3779 2666 quan-

2129 2705 2309 2761 quam
2331 2687 2404 2744 ob
2426 2693 2682 2743 vestram
2708 2686 3181 2743 imbecillitatem
3208 2684 3526 2741 consilium
3545 2683 3617 2740 ad
3636 2684 3784 2758 legis

2127 2776 2545 2833 necessitatem
2564 2791 2686 2830 non
2707 2773 3100 2830 declinemus.
3120 2772 3386 2844 «Opinor
3408 2776 3606 2828 autem
3625 2770 3787 2844 quod

2129 2869 2189 2919 et
2216 2864 2343 2937 ipse
2373 2863 2658 2935 Spiritum
2692 2862 2794 2917 Dei
2826 2860 3098 2917 habeam.
3134 2883 3163 2910 »
3178 2862 3259 2915 Ne
3281 2859 3416 2932 quis
3438 2858 3785 2931 hujusmodi

2130 2953 2381 3010 consilia
2411 2969 2543 3009 esse
2572 2951 2741 3008 Pauli
2772 2951 3096 3014 existimet,
3128 2954 3187 3006 et
3215 2950 3300 3006 ita
3330 2950 3613 3015 humana,
3647 2948 3796 3004 sub-

2123 3044 2323 3118 jungit
2355 3061 2368 3098 :
2405 3064 2433 3093 «
2465 3042 2748 3113 Spiritum
2781 3041 2883 3096 Dei
2939 3040 3152 3104 habeo,
3203 3062 3232 3090 ››
3293 3055 3362 3095 ac
3422 3038 3471 3094 si
3514 3038 3787 3094 diceret:

2130 3134 2555 3209 Legislationes
2588 3139 2727 3188 sunt
2760 3131 3070 3198 Paracleti,
3130 3146 3255 3186 non
3311 3146 3481 3185 meai.
3542 3128 3787 3185 Multam

2130 3231 2330 3281 autem
2361 3222 2731 3278 demonstrat
2760 3218 3116 3275 modestiam
3147 3218 3354 3274 dicens
3413 3240 3442 3268 ιι
3477 3215 3721 3288 Opinor,
3756 3236 3787 3266 ιο

2048 3299 2094 3363 C
2134 3313 2247 3370 hoc
2277 3318 2389 3378 est,
2422 3310 2719 3380 existimo,
2754 3309 3032 3365 arbitror.

2792 3399 3023 3455 CAPUT
3056 3399 3119 3457 V.

2238 3496 2315 3549 De
2344 3494 2661 3551 diversitate
2689 3491 2955 3553 ciborum.
2989 3496 3043 3546 et
3073 3489 3409 3547 abstinentia
3437 3505 3473 3546 a
3502 3488 3655 3545 cultu

2792 3580 3121 3637 daemonum.

2199 3682 2347 3753 VIII,
2381 3688 2434 3752 1,
2467 3686 2520 3740 3.
2555 3682 2819 3739 Ceterum
2848 3681 2916 3736 de
2945 3681 3032 3735 his
3062 3695 3184 3751 qua:
3212 3679 3380 3734 idolis
3427 3679 3789 3735 immolantur

2126 3776 2375 3831 novimus
2407 3772 2556 3844 quod
2584 3787 2765 3827 omnes
2818 3772 3110 3827 scientiam
3165 3768 3481 3826 habeamus.
3541 3768 3788 3824 Scientia

2125 3866 2307 3934 inﬂat,
2329 3863 2556 3919 dilectio
2576 3877 2704 3918 vero
2723 3861 2983 3929 mdiﬁcat.
3009 3858 3165 3924 Quod
3183 3860 3231 3914 si
3254 3859 3378 3930 quis
3401 3857 3510 3914 sibi
3567 3855 3792 3912 videtur

2127 3951 2345 4023 aliquid
2363 3966 2536 4019 nosse,
2560 3949 2804 4005 nondum
2851 3946 3159 4017 quidquam
3212 3948 3367 4001 nouit
3395 3945 3539 4001 sicut
3575 3949 3791 4015 oportet

2124 4059 2297 4099 nosse.
2325 4044 2401 4098 At
2425 4043 2472 4097 si
2493 4042 2617 4112 quis
2636 4038 2825 4108 diligit
2847 4039 3041 4104 Deum,
3067 4035 3157 4092 hic
3182 4037 3430 4107 cognitus
3471 4038 3550 4091 est
3571 4034 3641 4089 ab
3662 4032 3786 4092 illo.

2196 4134 2388 4189 Causa
2415 4128 2844 4201 increpationis
2874 4127 2946 4184 de
2976 4127 3072 4183 his
3111 4143 3244 4198 qua:
3304 4123 3483 4181 idolis
3542 4123 3789 4181 fuerant

2124 4224 2455 4283 immolata.
2479 4228 2607 4278 erat
2625 4220 2753 4277 haec
2773 4237 2786 4276 :
2806 4217 3088 4275 Nonnulli
3126 4216 3191 4272 in
3212 4216 3327 4272 ﬁde
3348 4213 3619 4288 perfecti,
3647 4229 3786 4271 cum
3868 4238 3877 4255 ι

2125 4314 2349 4370 scirent
2369 4328 2439 4369 ea
2468 4326 2601 4383 quae
2633 4307 3074 4382 ingrediuntur,
3094 4322 3215 4363 non
3244 4320 3617 4363 communem
3636 4299 3785 4358 red-

2125 4402 2267 4460 dere
2291 4408 2396 4459 aut
2415 4400 2804 4473 coinquinare
2827 4397 3135 4454 hominem
3154 4393 3282 4437 ⁹ῖ-⁹⁸
3306 4411 3321 4451 :
3350 4400 3409 4451 et
3438 4391 3783 4461 simulacra,

2125 4508 2263 4549 cum
2292 4492 2455 4564 ligna
2484 4490 2606 4546 sint
2634 4494 2695 4546 et
2719 4488 2971 4561 lapides,
3004 4484 3156 4543 nihil
3187 4500 3341 4553 esse,
3376 4485 3499 4539 sive
3554 4480 3785 4539 nullius

2126 4597 2256 4639 esse
2286 4580 2573 4637 momenti
2600 4596 2615 4636 :
2647 4578 3063 4635 indifferenter
3091 4576 3154 4633 in
3184 4575 3450 4648 impurae
3482 4571 3783 4628 idolorum

356 4664 634 4744 ὶγεύοντο.
665 4667 843 4724 Τοῦτο
875 4663 934 4723 δὲ
959 4666 1051 4722 καὶ
1076 4665 1274 4731 αὐτοὺς
1301 4664 1428 4728 τοὺς
1457 4664 1701 4731 τελείους
1754 4660 2014 4725 ἔϐλαπτε.

2133 4670 2336 4727 domos
2364 4669 2789 4744 ingredientes,
2827 4667 3148 4740 participes
3205 4677 3553 4721 mensarum
3613 4662 3789 4717 erant

357 4756 647 4829 Δαιμόνων
723 4756 828 4832 γάρ
904 4754 1229 4812 ἐκοινώνουν
1312 4754 1641 4832 τραπέζαις,
1725 4756 1817 4813 καὶ
1886 4755 2017 4821 τοὺς

356 4841 744 4921 ἂτελεστᾶρους
778 4838 1075 4903 ἔϐλαπτον.
1130 4842 1274 4904 Οὓδὶ
1329 4845 1432 4921 γὰρ
1488 4844 1741 4915 ἐξήταζον
1800 4846 1919 4919 μεθ’
1948 4846 2017 4917 ἧς

355 4938 530 4992 ταῦτα
587 4941 807 4993 ποιοῦσι
877 4937 1133 5013 γνώμης,
1191 4934 1338 4993 ἀλλᾶ
1389 4937 1452 4991 τὸ
1498 4935 1790 5014 γινόμενον
1850 4938 2014 5010 μόνον

358 5032 620 5107 ὁρῶντες,
674 5049 944 5110 προτρασιν
997 5022 1307 5100 ἐλάμϐανον
1355 5024 1758 5099 ε’δωλοθοτεῖν,
1818 5029 1894 5091 ὡς
1923 5029 2013 5085 καὶ

354 5125 469 5178 τῶν
498 5119 725 5177 τελείων
755 5118 892 5175 κατᾶ
921 5119 1091 5191 τιμὴν
1130 5121 1239 5172 τῶν
1292 5113 1541 5173 εἰδώλων
1597 5116 2012 5174 κοινωνούντων

351 5216 464 5269 τῶν
493 5209 665 5267 ἐκεῖσε
721 5212 1026 5282 τραπεζῶν.
1085 5232 1114 5261 α
1177 5204 1418 5281 Ονδαμεθ
1477 5206 1562 5262 δτι
1628 5206 1823 5270 πάντες
1872 5212 2013 5285 Υνῶ⁹

354 5323 442 5358 σιν
494 5298 720 5377 ἔχομεν.
756 5324 786 5352 ››
841 5297 990 5375 Μέγα
1046 5294 1303 5376 ἐρρόνουν
1339 5344 1354 5368 ,
1415 5296 1491 5358 ὡς
1538 5301 1732 5372 γνῶσιν
1791 5292 2013 5372 ἔχοντες

353 5395 512 5449 Θεοῦ.
560 5390 655 5446 Διὸ
707 5387 934 5445 ἐδόκουν
971 5385 1112 5462 μηδέ
1165 5386 1671 5465 παραφυλάττεσθαι
1734 5387 1804 5442 τὰ
1859 5383 2015 5442 εἶδωι

353 5479 580 5546 λόθυτα.
613 5480 829 5551 Ταύτην
860 5479 953 5534 οῦν
983 5480 1084 5546 τὴν
1109 5482 1311 5554 γνῶσιν
1369 5479 1555 5546 κοινὴν
1596 5477 1808 5533 πάντων
1842 5479 2007 5555 Λέγευ

352 5594 385 5626 α
418 5569 619 5633 Πάντες
649 5571 754 5649 γὰρ
784 5562 989 5645 ἔχομεν
1011 5565 1214 5639 ταύτην
1247 5587 1347 5638 την
1375 5565 1601 5644 γνῶσιν.
1634 5589 1666 5622 »
1694 5571 1867 5625 Τοῦτο
1917 5565 2013 5625 λι-

346 5682 464 5741 γων
492 5661 743 5739 καθαιρεῖ
765 5659 943 5715 αὐτῶν
967 5656 1034 5714 τὸ
1062 5655 1340 5740 φρόνημα.
1367 5678 1400 5713 ιι
1428 5655 1497 5714 Ἦ
1516 5660 1719 5737 γνῶσις
1742 5661 1949 5734 φυσιοῖ.
1980 5682 2011 5712 »

424 5778 556 5823 θυοδ
582 5778 791 5840 Matth.
821 5793 913 5851 xv,
946 5779 1035 5836 it.

680 5899 952 5959 ΡΑτιιοι.
996 5892 1110 5955 αι.
1155 5891 1415 5955 CXVIII.

2127 4776 2259 4833 quae
2286 4758 2369 4814 ibi
2427 4758 2902 4831 apponebantur,
2962 4761 3022 4812 et
3076 4752 3415 4811 simulacris
3472 4747 3786 4806 immolata

2125 4848 2462 4924 gustabunt.
2487 4849 2606 4904 Hoc
2623 4853 2823 4904 autem
2844 4846 2991 4918 ipsis
3010 4859 3249 4917 quoque
3294 4839 3575 4914 perfectis
3603 4853 3783 4895 noce-

2124 4941 2247 5009 bat,
2275 4956 2414 4996 nam
2434 4954 2778 4995 mensarum
2801 4937 3140 4993 dmmonum
3165 4930 3486 5005 participes
3508 4929 3786 4993 erant;et

2125 5027 2490 5102 imperfectis
2506 5026 2821 5085 nocebant.
2845 5041 3041 5098 neque
3062 5023 3225 5079 enim
3256 5020 3344 5075 illi
3392 5014 3784 5089 requirebant

2127 5138 2242 5192 quo
2267 5120 2393 5175 hmc
2424 5121 2690 5175 facerent
2717 5117 2919 5173 animo
2950 5132 2963 5172 :
2998 5113 3103 5170 sed
3134 5112 3356 5168 factum
3406 5114 3639 5165 tantum
3690 5106 3783 5162 in-

2124 5217 2382 5267 tuentes.
2417 5208 2791 5265 occasionem
2822 5203 3142 5261 sumebant
3172 5201 3348 5258 idolis
3399 5195 3780 5265 immolandi,

2125 5317 2191 5358 ac
2216 5317 2263 5355 ει
2288 5299 2530 5372 perfecti
2557 5300 2617 5353 in
2641 5298 2926 5353 honorem
2975 5293 3271 5349 idolorum
3316 5288 3638 5363 participes
3670 5286 3784 5343 ﬂe-

2123 5396 2262 5446 rent
2287 5405 2625 5445 mensarum
2647 5403 2779 5459 quaa
2803 5385 2884 5441 ibi
2906 5381 3390 5457 apponebantur:
3420 5401 3443 5425 α
3499 5375 3781 5434 Novimus

2125 5479 2284 5551 quod
2332 5495 2543 5536 omnes
2587 5476 2899 5534 scientiam
2947 5473 3293 5530 habeamus.
3324 5494 3352 5519 η
3379 5468 3524 5525 491
3565 5472 3784 5539 Super-

2122 5570 2371 5629 biebant
2389 5576 2673 5641 tanquam
2697 5566 2797 5623 Dei
2817 5565 3129 5622 scientiam
3152 5561 3472 5627 habentes;
3500 5556 3633 5614 ideo
3658 5552 3787 5626 opi-

2122 5661 2424 5720 nabantur
2452 5675 2576 5717 non
2637 5673 2767 5715 esse
2826 5652 3145 5714 devitanda
3202 5668 3336 5726 qum
3381 5648 3560 5709 idolis
3613 5646 3789 5702 erant

3456 5884 3547 5951 ει
