4118 6418
356 396 472 456 “M7

1478 383 1897 446 CEOUMENII
1940 382 2246 446 ΤίτιοοΕ
2293 374 2649 448 EPISCOPI

3656 391 3777 452 748

356 529 684 587 immolata.
701 526 861 582 Hanc
874 540 1012 597 ergo
1025 539 1406 580 communem
1419 520 1706 579 dicitesse
1736 520 1998 578 omnium

2120 516 2218 571 Καὶ
2250 518 2446 595 ἑτέρως
2474 522 2655 578 αὐτῶν
2695 518 3035 580 καταϐάλλει
3059 525 3124 580 τὸ
3162 523 3411 602 φύσημα,
3443 521 3655 589 δεικνὺς
3679 526 3781 597 τὴν

360 620 689 675 scientiam.
712 639 731 664 α
751 616 971 672 Omnes
988 615 1146 669 enim
1169 612 1479 669 scientiam
1496 612 1636 668 hanc
1651 611 1959 667 habemus.
1975 631 2004 661 »

359 710 477 763 Hoc
498 709 704 763 dicens
726 704 1141 761 tollitillorum
1161 703 1500 759 elationem.
1539 725 1565 751 ‹‹
1624 700 1881 759 Scientia
1912 701 2005 755 in-

358 800 482 856 flat.
515 825 534 846 -
573 799 703 855 Alio
733 814 971 870 quoque
1004 796 1178 852 modo
1204 796 1357 850 tollit
1387 795 1626 850 illorum
1658 794 2004 859 elationem,

358 889 680 945 ostendens
710 887 1021 944 scientiam
1052 886 1275 957 absque
1309 884 1628 940 dilectione
1660 901 1780 939 non
1813 883 2007 939 solum

344 963 765 1049 fnihiljuvare.
797 993 994 1032 verum
1055 976 1232 1031 etiam
1291 990 1555 1029 nocere:
1616 989 1755 1028 nam
1816 972 2003 1036 inﬂat,

360 1070 595 1140 inquit;
630 1068 869 1123 dilectio
897 1083 1033 1120 vero
1062 1082 1093 1120 e
1134 1064 1366 1119 diverso
1426 1063 1683 1118 mdiﬁcat
1740 1062 2009 1117 membra

359 1174 492 1230 quas
512 1158 820 1212 occasione
849 1155 1172 1210 inflationis
1195 1171 1262 1209 ex
1291 1154 1538 1210 scientia
1583 1153 2007 1209 subexistentis

360 1247 594 1318 alvjecta
625 1251 682 1301 et
713 1246 969 1300 dissecla
999 1252 1185 1300 erant.
1213 1266 1242 1295 ‹‹
1276 1244 1437 1298 Sicut
1458 1250 1691 1313 oportet
1732 1257 1932 1298 nosse.
1977 1264 2004 1291 η

362 1337 620 1392 Rursum
642 1336 758 1390 alio
792 1333 966 1389 modo
999 1333 1158 1405 ipsos
1184 1333 1431 1404 corripit
1481 1333 1608 1387 Non
1642 1332 1858 1392 solum.
1914 1331 2003 1385 in-

360 1426 507 1498 quit,
534 1424 868 1480 communis
886 1424 1135 1479 scientia
1156 1422 1328 1478 inﬂat
1372 1438 1507 1476 cum
1546 1426 1633 1476 est
1663 1422 1790 1476 sine
1823 1420 2003 1475 dilec-

357 1514 879 1584 tionezsedneque
918 1512 1181 1584 perfecta
1221 1510 1843 1583 est,quemadmodum
1875 1525 2005 1564 esse

355 1609 606 1676 oportet.
627 1604 773 1660 Acsi
792 1601 1330 1658 diceretzNondum
1371 1599 1697 1672 quidquam
1746 1598 2005 1672 perfecte

354 1693 566 1761 nostis,
587 1709 932 1764 quanquam
950 1708 1127 1748 nosse
1140 1689 1464 1746 videamini
1488 1705 1701 1760 ;quare
1725 1704 1860 1761 ergo
1884 1693 2007 1744 tan-

355 1789 482 1838 tum
502 1783 859 1839 extollimini
876 1785 899 1839 P
919 1784 1043 1838 Non
1068 1787 1299 1838 tantum
1320 1779 1393 1835 de
1411 1780 1504 1836 his
1527 1796 1658 1850 quae
1678 1779 2008 1850 {proposita

2117 612 2318 685 γνῶσιν
2352 611 2529 686 χωρὶς
2549 611 2767 690 ἀγάπης
2802 612 2865 669 οὗ
2901 614 3067 688 μόνον
3112 614 3213 670 οὐκ
3266 613 3608 693 ὠφελοῦσαν,
3638 617 3783 673 ἀλλά

2116 700 2209 753 καί
2260 697 2635 774 βλάπτουσαν.
2702 708 2905 758 Φυσιοῖ
2958 704 3085 779 γὰρ,
3144 704 3329 781 φησὶν,
3381 707 3416 773 ἡ
3476 701 3534 759 δὲ
3592 706 3777 780 ἀγάπη

2118 788 2431 843 τοῦναντίον
2458 788 2746 865 οἰκοδομεῖ
2780 791 2848 846 τὰ
2895 786 3306 862 καταϐληθέντα
3349 790 3438 847 καί
3488 794 3780 868 σχισθέντα

2117 879 2381 955 προεξάσει
2414 887 2513 947 τῆς
2545 879 2632 934 ἐπὶ
2676 883 2744 954 τῇ
2801 881 2997 953 γνώσει
3056 881 3372 958 φυσιώσεως
3404 882 3572 954 μέλη.
3610 877 3777 938 «σ’Κα-

2120 966 2227 1030 θὼς
2262 965 2345 1023 δεῖ
2391 974 2617 1047 γνῶναι,
2650 994 2680 1021 ››
2738 967 2912 1026 Πάλιν
2957 969 3154 1046 ἑτέρως
3209 969 3406 1035 αὐτοὺς
3464 970 3771 1030 συστέλλει.

2117 1056 2194 1113 Οὐ
2230 1058 2421 1133 μόνον,
2454 1060 2639 1139 φησὶν,
2707 1061 2740 1129 ἡ
2798 1065 2999 1135 γνῶσις
3057 1063 3214 1131 κοινή
3273 1060 3385 1115 ἔστι
3443 1063 3532 1116 καὶ
3589 1068 3779 1138 φυσιοῖ

2120 1147 2332 1221 ἀγάπης
2387 1148 2518 1203 οὖσα
2595 1148 2795 1227 χωρ’ς,
2837 1146 3124 1205 ἀλλὀὖδέ
3175 1147 3360 1205 τελεία
3420 1148 3533 1207 ἐστὶ
3591 1154 3774 1215 καθὼς

2120 1237 2258 1291 εἶναι
2293 1232 2374 1292 δεῖ
2431 1236 2560 1291 ὡσεὶ
2590 1235 2791 1309 ἔλεγεν·
2840 1235 3010 1295 Οὔπω
3069 1235 3222 1294 ο·’›δέν
3280 1233 3484 1313 ἔγνωτε
3539 1238 3770 1307 τέλεόν,

2120 1327 2169 1382 εν
2196 1327 2284 1383 καῖ
2320 1326 2547 1397 δοκεῖτε,
2569 1328 2660 1384 καὶ
2693 1326 2782 1384 διὰ
2812 1330 2863 1384 τί
2890 1335 3151 1386 τοσοῦτον
3185 1330 3466 1407 ἐπα’ρεσοε
3491 1354 3504 1400 ;
3540 1332 3617 1391 05
3647 1331 3771 1409 περῖ

2117 1421 2225 1473 τῶν
2247 1419 2626 1492 προκαιμὲνων
2647 1415 2705 1474 δὲ
2732 1418 2916 1490 μόνον,
2949 1418 3196 1476 ἀλλὰκαὶ
3230 1421 3350 1497 περῖ
3383 1424 3603 1492 παντὸς,
3637 1422 3774 1498 πρά-

2117 1527 2350 1579 γματος,
2383 1508 2486 1563 οὐκ
2516 1506 2689 1564 ἔνεστι
2721 1511 2812 1563 νῦν
2841 1530 3043 1586 γνωσις
3072 1508 3272 1566 τελεία.
3313 1510 3494 1567 Εἰπὼν
3527 1508 3606 1573 δὲ,
3642 1536 3671 1565 ‹‹
3704 1511 3771 1570 Ei

2122 1591 2180 1650 δέ
2227 1617 2313 1660 τις
2363 1595 2541 1671 ἀγαπᾷ
2597 1597 2689 1654 τὸν
2750 1600 2877 1654 Θεὸν
2911 1642 2927 1669 ,
2962 1623 2990 1650 ››
3049 1595 3313 1655 δείκνυσιν
3392 1601 3499 1656 ἀπὸ
3556 1601 3773 1676 ἀγάπης

2120 1683 2482 1761 ἐγγινομένην
2513 1688 2613 1758 τήν
2630 1685 2842 1743 τελείαν
2876 1692 3099 1763 γνῶσιν.
3138 1712 3166 1742 (ι
3196 1689 3264 1747 Εἴ
3313 1710 3397 1752 τις
3423 1690 3547 1767 γὰρ,
3580 1693 3769 1768 φησᾫ,

2108 1775 2303 1850 ἀγαπᾷ
2331 1777 2421 1831 τὸν
2452 1774 2606 1833 Θεόν.
2644 1800 2671 1827 ι»
2706 1776 2803 1832 Καὶ
2843 1776 2963 1852 ὅρα⁸
2995 1778 3095 1835 οὐκ
3114 1779 3260 1835 εἶπεν
3296 1776 3425 1836 οὐδὲ
3455 1779 3648 1847 οὕτως,
3682 1780 3770 1837 ὅτι

358 1879 519 1941 sunt,
548 1871 652 1928 sed
682 1889 875 1944 neque
907 1871 979 1927 de
1010 1871 1135 1926 ulla
1162 1886 1228 1925 re
1258 1886 1418 1926 nunc
1449 1868 1712 1941 perfecta
1742 1873 1831 1923 est
1861 1867 1998 1923 noti-

2122 1867 2376 1954 Γινώσκει
2424 1866 2575 1936 Θεὸν,
2616 1865 2768 1937 ἀλλ’,
2801 1898 2828 1920 ιι
2861 1868 3164 1945 Ἒγνωσθαι
3201 1870 3303 1925 ὑπὸ
3334 1874 3468 1925 Θεοῦ
3500 1894 3529 1923 ι»
3575 1870 3766 1947 (ταύτῃ

355 1965 457 2020 tia.
479 1965 693 2021 Dicens
712 1970 909 2021 autem
936 1982 949 2019 :
975 1987 1002 2013 ‹‹
1026 1966 1101 2018 At
1122 1963 1170 2018 si
1190 1962 1324 2034 quis
1368 1960 1562 2034 diligit
1608 1961 1813 2030 Deum,
1849 1981 1877 2009 ››
1909 1976 2007 2014 os-

356 2054 550 2111 tendit
578 2074 613 2112 a
643 2055 959 2112 dilectione
988 2052 1313 2127 perfectam
1347 2052 1489 2108 oriri
1534 2051 1866 2114 scientiam,
1927 2049 2010 2104 ait

359 2144 519 2200 enim
553 2161 567 2200 :
606 2167 633 2196 «
665 2144 722 2200 Si
753 2145 887 2216 quis
915 2143 1109 2217 diligit
1140 2144 1347 2198 Deum.
1378 2162 1407 2193 »
1441 2142 1512 2196 Et
1539 2139 1669 2195 vide
1714 2138 1874 2211 quod
1933 2152 2006 2193 ne

354 2235 437 2290 ita
458 2234 701 2307 quidem
724 2234 882 2290 dicat
907 2233 1065 2306 quod
1087 2231 1394 2305 cognoscit
1418 2232 1620 2291 Deum.
1646 2229 1784 2285 sed:
1824 2250 1850 2282 α
1900 2228 2009 2283 Co-

353 2325 553 2397 gnilus
585 2330 675 2380 est
702 2341 738 2380 a
767 2324 885 2380 Deo
912 2341 925 2391 ;
958 2345 985 2374 ››
1020 2339 1127 2396 per
1156 2321 1268 2377 hoc
1328 2319 1762 2393 impossibilem
1803 2322 2006 2373 osten-

354 2414 501 2470 dens
533 2415 1031 2487 perfectissimam
1065 2413 1366 2476 notitiam,
1400 2416 1460 2466 et
1487 2411 1756 2482 ipsorum
1787 2407 2006 2463 tollens

2117 1952 2380 2012 ἀδύνατον
2466 1957 2881 2027 κατασκευάζων
2952 1959 3053 2028 τὴν
3123 1958 3475 2032 τελειοτάτην
3565 1966 3768 2037 γνῶσιν

2117 2044 2209 2101 καὶ
2247 2043 2518 2120 καθαιρῶν
2574 2045 2751 2101 αὐτῶν
2802 2048 2866 2102 τὸ
2925 2047 3142 2122 οἶήμα)·
3196 2049 3232 2119 ἢ
3291 2049 3375 2105 ὅτι
3423 2048 3769 2128 ἐγνωσμένος

2115 2135 2263 2209 παρὰ
2305 2139 2441 2191 Θεοῦ
2495 2137 2738 2206 ἀξιοῦται
2796 2137 3221 2213 ἀποκαλύψεως,
3254 2139 3328 2203 ὦς
3388 2140 3553 2207 αὐτὸς
3609 2159 3765 2220 φησι⁶

2123 2249 2144 2277 ι
2183 2224 2280 2282 Καὶ
2324 2224 2557 2295 ἤκουσεν
2616 2225 2828 2302 ἅρῥητα
2884 2228 3125 2303 ῥήματα,
3166 2227 3199 2284 ἃ
3229 2230 3327 2285 οὑκ
3383 2231 3496 2302 ἐξὸν
3555 2230 3770 2306 ἀνθρώ-

2116 2335 2204 2386 πῳ
2233 2312 2498 2385 λαλῆσαι,
2533 2337 2558 2368 ο
2590 2319 2751 2370 τοῦτο
2791 2312 3001 2387 δηλῶν·
3062 2318 3252 2381 ’Ὁστις
3305 2314 3423 2393 ἔχει
3478 2321 3578 2389 τὴν
3631 2320 3765 2397 ἀγα-

2118 2423 2219 2473 πη,
2254 2400 2461 2466 ἐκεῖνος
2515 2402 2963 2461 ἀποκαλύπτεται
2990 2407 3090 2475 τήν
3149 2407 3489 2482 τελειοτέραν
3541 2414 3766 2486 γνῶσιν.

353 2504 761 2575 supercilium.
793 2506 904 2558 Aut
934 2503 1075 2574 quia
1104 2502 1153 2557 is
1185 2502 1286 2573 qui
1317 2518 1352 2556 a
1382 2501 1500 2555 Deo
1553 2499 1824 2568 cognitus
1884 2502 1993 2565 est,
2028 2493 2240 2566 dignus
2268 2493 2522 2549 habetur
2550 2496 2945 2565 revelatione;
2979 2498 3131 2554 sicut
3160 2500 3287 2571 ipse
3316 2499 3418 2565 ait,
3453 2500 3525 2557 de
3573 2502 3766 2574 seipso

353 2593 643 2664 loquens:
677 2616 704 2643 ιι
737 2593 807 2647 Et
836 2592 1058 2648 audivit
1087 2608 1304 2647 arcana
1332 2589 1513 2644 verba
1540 2605 1671 2660 quas
1706 2587 1792 2643 fas
1822 2602 1945 2641 non
1975 2589 2066 2640 est
2094 2583 2323 2638 homini
2353 2583 2518 2655 loqui
2548 2585 2631 2651 ’9';
2667 2606 2694 2635 »
2727 2584 2839 2641 hoc
2896 2587 3240 2659 significans
3307 2589 3465 2661 quod
3522 2590 3767 2648 habenti

355 2682 738 2737 dilectionem
773 2680 1089 2753 perfectior
1116 2680 1411 2734 revelatur
1441 2676 1713 2733 scientia.

428 2783 576 2850 VIII,
607 2783 662 2846 4,
695 2784 741 2837 7.
788 2783 864 2836 De
912 2796 1004 2836 esu
1034 2781 1208 2850 igitur
1236 2794 1427 2833 eorum
1456 2793 1578 2846 qua
1617 2776 1782 2831 idolis
1810 2773 2007 2830 immo-

360 2872 568 2938 lantur,
600 2872 850 2926 novimus
880 2870 1029 2941 quod
1058 2870 1200 2924 nihil
1227 2871 1296 2922 sit
1327 2867 1535 2922 idolum
1568 2869 1627 2921 in
1674 2865 1917 2920 mundo:
1952 2870 2006 2919 et

343 2961 503 3032 ,quod
533 2960 720 3015 nul/us
748 2961 819 3016 sit
853 2963 994 3015 Deus
1022 2960 1164 3015 alius
1195 2959 1307 3013 nisi
1336 2973 1494 3013 unus.
1529 2958 1667 3011 Nam
1715 2958 1839 3010 tiret
1894 2957 2006 3012 sint

339 3042 454 3121 ’τίκιὶ
474 3050 735 3105 dicantur
755 3050 858 3117 dii,
882 3052 991 3105 sive
1014 3053 1067 3103 in
1092 3050 1223 3105 ca’lo
1270 3048 1384 3103 sire
1426 3048 1483 3101 in
1522 3054 1669 3101 terra
1698 3045 2004 3116 :quomodo

352 3145 481 3194 sunt
511 3140 592 3193 dii
618 3140 779 3194 multi
808 3147 859 3193 et
890 3139 1103 3194 domini
1155 3137 1320 3192 multi
1353 3153 1365 3191 :
1417 3135 1576 3190 nobis
1630 3142 1811 3191 tamen
1860 3152 2002 3190 unus

352 3235 429 3282 est
461 3229 617 3285 Deus.
651 3230 767 3297 ipse
797 3230 962 3282 Pater
989 3245 1058 3283 ex
1088 3244 1194 3298 quo
1226 3229 1411 3282 omnia
1453 3233 1503 3281 et
1558 3242 1655 3280 nos
1713 3228 1771 3279 in
1818 3225 2001 3289 illum,

354 3323 406 3371 et
436 3333 578 3372 unus
608 3317 874 3372 Dominus
902 3319 1055 3373 Iesus
1086 3318 1355 3381 Christus,
1386 3332 1482 3384 per
1506 3332 1667 3384 quem
1718 3316 1902 3369 omnia
1954 3320 2004 3369 et

352 3421 451 3461 nos
471 3422 577 3476 per
608 3405 808 3462 illum:
839 3407 929 3463 sed
965 3422 1077 3461 non
1116 3409 1175 3461 in
1205 3405 1455 3462 omnibus
1486 3411 1562 3460 est
1590 3406 1838 3459 scientia.

429 3582 502 3638 Ut
529 3580 672 3653 quid
702 3581 913 3638 cristas
941 3581 1165 3654 erigitis
1186 3580 1214 3636 ?
1243 3597 1363 3636 non
1393 3586 1587 3636 vestra
1647 3585 1734 3636 est
1790 3580 2002 3653 hujus-

357 3671 517 3727 modi
542 3673 798 3746 cognitio
824 3672 981 3744 quod
1000 3688 1076 3728 ne
1104 3672 1223 3728 sint
1243 3672 1483 3744 quidem
1521 3670 1701 3740 idola,
1748 3670 1859 3729 hoc
1891 3677 2001 3740 est,

356 3762 506 3817 nihil
529 3762 669 3829 sint,
699 3762 923 3819 nullius
947 3763 1069 3818 sint
1090 3762 1399 3832 momenti,
1425 3761 1569 3833 quid
1610 3762 1769 3817 enim
1801 3769 2002 3819 essent

353 3850 516 3921 ligna
546 3857 608 3908 et
634 3851 912 3925 lapides?
941 3869 1150 3908 omnes
1180 3853 1292 3909 hoc
1323 3852 1596 3909 novimus
1628 3857 1687 3907 et
1722 3868 1844 3908 non
1898 3869 1999 3908 vos

346 3941 477 3996 soli.
503 3942 567 3997 In
595 3942 1059 3998 mundoidolum
1084 3942 1237 3999 492
1266 3942 1419 3998 nihil
1470 3948 1596 4008 est;
1631 3941 1745 3998 hoc
1772 3949 1881 4010 est,
1914 3943 2001 3999 ni-

332 4029 432 4084 hil
460 4047 668 4087 eorum
700 4047 832 4102 quae
852 4039 992 4088 sunt
1019 4033 1082 4086 in
1102 4032 1324 4087 mundo
1357 4037 1447 4087 est
1468 4031 1716 4096 idolum,
1745 4031 1996 4088 sedvani

340 4119 564 4174 inventi
597 4120 817 4175 efﬁctio
845 4126 937 4176 est
966 4127 1023 4176 et
1056 4120 1440 4193 imaginatio:
1476 4120 1607 4176 ideo
1641 4122 1702 4176 in
1733 4120 1994 4177 solisho-

338 4224 474 4264 rum
508 4211 808 4266 mentibus
848 4211 1146 4268 idolorum
1177 4211 1510 4268 substantia
1540 4211 1744 4267 sedem
1793 4211 1992 4284 habet,

337 4295 567 4356 cumin
599 4300 765 4357 nullo
824 4302 940 4357 alio
995 4301 1228 4374 possint
1282 4301 1501 4357 habere
1560 4302 1991 4359 exsistentiam.

336 4400 368 4436 ’u
400 4390 471 4443 Et
510 4389 668 4463 quod
698 4390 903 4446 nullus
936 4391 1013 4446 sit
1044 4391 1199 4446 Deus
1229 4389 1403 4446 alius.
1439 4411 1463 4442 ι
1503 4391 1622 4446 Ηοο
1652 4392 1725 4447 ad
1748 4391 1883 4448 illos
1909 4392 1994 4448 di-

2188 2770 2317 2844 Περὶ
2374 2773 2475 2835 τῆς
2536 2772 2794 2845 βρώσεως
2862 2773 2953 2829 οὗν
3007 2777 3115 2829 τῶν
3177 2771 3581 2847 εἰδωλοθύτων,
3615 2776 3767 2833 οἴδα-

2118 2879 2212 2933 μεν
2270 2859 2353 2913 ὅτι
2423 2856 2575 2915 οὐδὲν
2626 2859 2857 2917 εἶ’δωλον
2916 2862 2967 2916 ἐν
3026 2863 3244 2937 κόσμῳ,
3303 2866 3395 2920 καὶ
3449 2867 3533 2920 δτι
3592 2863 3771 2929 οὐδείς

2115 2948 2246 3011 Θεὸς
2278 2947 2483 3023 ἓτερος,
2518 2949 2563 3004 εἰ
2597 2952 2674 3024 μή
2708 2952 2807 3011 εἷς.
2854 2951 2956 3009 Καὶ
3014 2953 3114 3026 γάρ
3173 2951 3323 3028 ε’ίπερ
3380 2953 3477 3009 εἰσί
3542 2955 3767 3031 λεγόμε-

2114 3058 2200 3092 νοι
2233 3039 2368 3107 θεοῖ,
2426 3039 2535 3093 εἳτε
2592 3040 2644 3094 ἐν
2691 3041 2932 3114 οὐρανῷ,
2967 3042 3073 3096 εῗτε
3102 3040 3188 3097 ἐπὶ
3240 3051 3340 3111 τῆς
3398 3045 3519 3117 γῆς,
3578 3041 3761 3119 ὥσπερ

2035 3105 2075 3170 C
2114 3129 2215 3184 εἶσὶ
2250 3133 2358 3194 0εοῖ
2392 3129 2600 3186 πολλοὶ
2649 3133 2740 3188 καὶ
2799 3134 2977 3206 κύριοι
3045 3132 3275 3203 πολλοῖ,
3309 3133 3435 3191 ἀλλ’
3491 3136 3625 3209 ἡμῖν
3684 3136 3763 3199 εἷς

2114 3220 2243 3281 Θεὸς
2292 3221 2320 3274 ὁ
2356 3224 2540 3295 Πατὴρ
2593 3221 2642 3292 ἐξ
2705 3224 2767 3278 οὗ
2812 3224 2877 3279 τᾶ
2926 3224 3122 3293 πάντα,
3182 3224 3271 3279 καὶ
3329 3227 3493 3296 ἡμεῖς
3554 3226 3628 3287 εἷς
3669 3226 3765 3280 αὖ-

2112 3311 2227 3378 τὸν,
2286 3312 2376 3366 καὶ
2463 3312 2540 3374 εἶς
2609 3313 2811 3388 Κύριος
2877 3316 3091 3383 Ἰησοῦς
3150 3315 3400 3390 Χριστὸς,
3460 3313 3532 3370 δι’
3586 3317 3649 3371 οὗ
3702 3320 3768 3372 τὰ

2111 3400 2286 3455 πάντα
2337 3400 2429 3456 καὶ
2488 3403 2639 3470 ἡνεῖς
2690 3400 2761 3457 δι’
2816 3404 3007 3475 αὐτοῦ,
3060 3403 3188 3460 ἀλλ’
3247 3403 3345 3460 οὐκ
3400 3404 3453 3461 ἒν
3506 3409 3667 3486 πᾶσιν
3726 3407 3762 3476 ἡ

2109 3509 2312 3565 γνωσις

2182 3578 2251 3636 Τί
2283 3581 2419 3658 μέγα
2454 3586 2726 3661 φρονεῖτες
2761 3599 2775 3651 ;
2834 3583 2960 3658 Οὐχ
2990 3584 3164 3657 ὑμῶν,
3196 3583 3357 3661 φησὶν
3415 3584 3450 3654 ἡ
3496 3582 3763 3655 εἴδησιςὴ

2108 3669 2337 3741 τοιαύτη
2376 3670 2539 3744 μόνον
2577 3671 2639 3726 τὸ
2694 3668 2887 3727 εἰδέναι
2928 3673 3012 3728 ὅτι
3072 3671 3199 3728 οὐδὲ
3253 3670 3367 3728 ἔστι
3421 3674 3491 3728 τά
3537 3670 3763 3744 εἴδωλα,

2111 3758 2224 3814 ἀντὶ
2249 3763 2366 3825 τοῦ,
2400 3755 2553 3815 οὐδὲν
2587 3759 2746 3830 ἐστιν,
2798 3759 3018 3824 οὐδενός
3067 3762 3199 3817 εἰσιν
3255 3761 3398 3834 ἄξια.
3456 3761 3521 3821 Τί
3553 3764 3654 3839 γὰρ
3702 3762 3764 3819 ἂν

2108 3846 2294 3921 ε’ίησαν
2326 3849 2460 3920 ξύλα
2516 3850 2608 3905 καὶ
2665 3850 2862 3921 λίθοις
2919 3851 3124 3915 Πάντες
3176 3856 3342 3909 τοῦτο
3395 3852 3762 3928 γινώσκομεν,

2107 3938 2199 3993 καὶ
2230 3937 2339 4018 οὐχ
2372 3938 2531 4012 ὑμεῖς
2566 3940 2743 4012 μόνοι.
2773 3973 2844 3984 -
2874 3942 3089 4015 [ΦΩΤ]
3124 3942 3211 3998 Ἐν
3267 3943 3464 4015 κόσμῳ
3522 3939 3759 3998 εἴδωλον

2108 4024 2261 4082 οὐδέν
2295 4028 2429 4085 ἐστι.
2463 4030 2775 4101 Τουτὲστιν,
2807 4028 2960 4085 οὐδὲν
2991 4029 3104 4086 ἐστι
3139 4035 3246 4088 τῶν
3277 4029 3330 4087 ἐν
3360 4030 3554 4105 κόσμῳ
3585 4030 3758 4088 ὄντων

2102 4117 2166 4172 τὸ
2225 4114 2479 4191 εἳδωλον,
2540 4117 2784 4182 ἐπινοίας
2842 4116 2900 4175 δὲ
2962 4119 3192 4194 ματαίας
3240 4118 3618 4195 ἀναπλασμὸς,
3667 4119 3757 4176 καὶ

2106 4205 2472 4270 ἀνατύπωσις.
2508 4208 2602 4264 Διὸ
2636 4207 2687 4264 ἐν
2722 4229 2914 4282 μοναις
2971 4215 3089 4272 ταῖς
3143 4208 3352 4266 τούτων
3410 4206 3677 4273 διανοίαις
3718 4212 3753 4280 ἡ

2102 4299 2213 4351 τῶν
2245 4293 2492 4352 εἰδώλων
2526 4296 2750 4373 ὕπαρξις
2791 4295 3033 4374 ἵδρυται,
3066 4297 3118 4354 ἐν
3153 4296 3313 4372 ἄλλῳ
3365 4297 3544 4356 οὐδενὶ
3603 4296 3760 4355 δυναα

2105 4385 2282 4459 μένων
2314 4384 2460 4461 ἔχειν
2505 4388 2605 4457 τὴν
2657 4387 2969 4445 ὑπόστασιν.
3021 4412 3051 4443 ιι
3084 4387 3190 4445 Καὶ
3248 4388 3331 4445 ὅτι
3387 4386 3567 4452 οὐδεὶς
3622 4387 3755 4452 Θεὸς

339 4479 494 4533 οἱῐυῐ·
520 4476 623 4550 qui
646 4474 1071 4536 existimabant
1091 4480 1253 4553 ligna
1276 4481 1403 4553 ipsa
1427 4487 1485 4536 et
1522 4480 1751 4554 lapides
1799 4482 1990 4537 idolo-

2112 4473 2303 4550 ἕτερος.
2335 4503 2356 4532 ι
2394 4480 2569 4534 Τοῦτο
2600 4479 2735 4553 πρὸς
2774 4478 2902 4541 τοὺς
2947 4479 3276 4552 νομίζοντας
3322 4477 3457 4536 αὐτὰ
3510 4480 3577 4536 τὰ
3618 4479 3753 4551 ξύλα

334 4576 492 4635 'rum,
525 4567 788 4639 aliquam
820 4568 1040 4625 habere
1099 4569 1447 4640 potentiam.
1482 4592 1511 4620 «
1567 4569 1688 4625 Nisi
1746 4586 1921 4626 unus.
1959 4592 1986 4622 »

335 4654 423 4709 Ad
454 4655 592 4711 illos
625 4656 736 4712 hoc
766 4657 1042 4729 dirigitur
1072 4658 1171 4729 qui
1206 4656 1605 4729 Opinabanlur
1634 4658 1863 4714 divinas
1885 4659 1988 4714 ali-

334 4761 482 4815 quas
503 4747 751 4803 virtutes
774 4748 1008 4818 assequi
1034 4754 1260 4803 statuas
1280 4748 1600 4816 idolorum.
1632 4772 1659 4800 α
1683 4750 1824 4805 Nam
1850 4749 1989 4804 licet

334 4834 457 4904 sint
487 4838 586 4908 qui
622 4838 899 4893 dicantur
924 4838 1026 4894 (lii.
1056 4860 1081 4889 ιι
1121 4838 1409 4903 Quoniam
1443 4838 1629 4894 dixit:
1690 4862 1718 4889 «
1777 4839 1986 4895 Nullus

331 4923 484 4978 alius
517 4934 606 4979 est
631 4927 804 4992 Deus,
834 4951 859 4977 ››
894 4928 1388 4983 existimabantur
1425 4936 1623 4984 autem
1648 4928 1801 4999 apud
1825 4928 1985 4982 Grie-

331 5028 429 5065 cos
462 5014 562 5068 alii
588 5031 715 5071 esse
756 5018 856 5079 dii,
891 5035 967 5071 ne
998 5019 1311 5075 manifeste
1344 5019 1681 5074 Graecorum
1714 5016 1981 5088 Opinioni

330 5104 487 5172 (qum
548 5105 657 5157 etsi
717 5122 967 5161 erronea
1022 5114 1167 5165 erat.
1229 5114 1491 5163 attamen
1569 5106 1980 5179 prmvaluerat)

333 5196 536 5259 aperte
567 5195 904 5249 contrarius
936 5213 1063 5251 esse
1100 5196 1388 5261 videatur,
1420 5198 1547 5251 vide
1580 5196 1723 5268 quid
1776 5196 1935 5250 dicat
1964 5212 1978 5250 :

330 5301 357 5326 ‹‹
394 5279 501 5343 Qui
538 5280 835 5337 dicuntur.
872 5308 900 5333 ››
927 5286 996 5339 Et
1027 5286 1177 5340 bene
1210 5310 1236 5335 «
1274 5287 1378 5353 Qui
1413 5286 1728 5351 dicuntur;
1794 5306 1816 5336 ν
1869 5303 1976 5342 ηο-

327 5382 442 5439 que
473 5371 631 5425 enim
653 5380 792 5427 sunt
821 5373 1106 5431 absolute.
1146 5377 1289 5432 Nam
1347 5383 1450 5432 aut
1508 5382 1646 5432 sunt
1704 5376 1765 5431 in
1805 5377 1972 5443 coelo,

336 5464 479 5528 puta
502 5460 671 5516 solet
697 5462 858 5519 luna:
890 5471 993 5520 aut
1023 5465 1083 5520 in
1113 5466 1502 5540 terraquales
1524 5466 1681 5538 apud
1705 5481 1804 5521 eos
1835 5474 1975 5523 sunt

2095 4566 2185 4620 καὶ
2217 4566 2345 4629 τοὺς
2383 4565 2574 4631 λίθους
2602 4572 2709 4623 τῶν
2738 4563 2987 4624 εἰδώλων
3035 4566 3182 4642 ἔχειν
3235 4571 3359 4624 τινὰ
3412 4570 3594 4645 ἰσχύν.
3628 4594 3658 4621 ‹‹
3692 4569 3754 4626 El

2101 4656 2178 4728 μή
2214 4656 2314 4718 εἷς.
2344 4681 2365 4709 ι
2392 4660 2560 4712 Τοῦτο
2593 4659 2732 4732 πρὸς
2760 4656 2887 4718 τοὺς
2934 4657 3256 4731 νομίζοντας
3315 4656 3573 4732 δυνάμεις
3600 4658 3752 4720 τινὰς

2097 4744 2243 4808 θείας
2270 4744 2601 4821 παρέπεσθαι
2650 4752 2767 4808 τοῖς
2824 4751 2934 4803 τῶν
2990 4746 3240 4803 εῗλδώλων
3297 4748 3527 4819 ξοάνοις.
3590 4774 3617 4802 α
3653 4748 3751 4803 Καὶ

2093 4836 2199 4913 γὰρ
2231 4834 2387 4909 ε’ίπερ
2415 4836 2516 4891 εἰσὶ
2550 4836 2833 4912 λεγόμενοι
2868 4837 3001 4894 θεοί.
3040 4862 3067 4889 ››
3115 4835 3337 4909 Ἐπειδή
3385 4839 3549 4909 εἶπεν,
3585 4863 3611 4890 (ι
3643 4837 3753 4896 Οὖ-

2094 4920 2205 4987 δεῖς
2235 4927 2386 4987 Θεὸς,
2423 4953 2444 4979 ι
2482 4923 2798 4997 ἐνομίζοντο
2839 4923 2895 4981 δὲ
2946 4928 3074 5001 παρ’
3131 4925 3402 4998 Ἕλλησιν
3451 4928 3612 4993 εἶναι,
3660 4926 3751 4982 ἳνα

2096 5016 2172 5087 μή
2205 5018 2273 5088 τῇ
2308 5019 2504 5092 φανετᾷ
2537 5012 2665 5090 δόξῃ
2711 5019 2819 5070 τῶν
2852 5013 3139 5085 Ἑλλήνων
3197 5020 3266 5089 τῇ
3326 5014 3745 5088 πεπλανημὲνῃ,

2090 5104 2366 5178 κρατούσῃ
2427 5102 2486 5159 δὲ
2516 5104 2694 5178 ὅμως,
2727 5104 3099 5161 ἐναντιοῦσθαι
3132 5102 3261 5181 δόξῃ
3323 5106 3423 5181 δρα
3474 5106 3529 5159 τί
3586 5123 3740 5181 φησι.

2092 5218 2121 5246 α
2159 5194 2478 5267 Λεγόμενοι.
2510 5192 2750 5256 »Καλῶς
2779 5195 2861 5257 τὸ,
2888 5219 2917 5247 ‹‹
2947 5196 3271 5271 Λεγόμενοι,
3298 5219 3325 5247 ›)
3352 5195 3468 5251 υύκ
3492 5192 3590 5248 ε¹σὶ
3616 5193 3743 5271 γὰρ.

2089 5284 2209 5342 Εἷσῖ
2242 5283 2347 5359 γάρ
2381 5283 2433 5338 ἐν
2466 5285 2708 5360 οὐρανῷ,
2758 5288 2875 5341 οἷον
2942 5287 3104 5351 ἣλιος
3135 5289 3225 5342 καὶ
3271 5287 3498 5359 σελήνη
3528 5284 3617 5342 ἐπὶ
3647 5291 3750 5359 γῆς

2088 5370 2143 5428 δὲ
2173 5375 2226 5427 οἱ
2256 5374 2385 5445 παρ’
2417 5373 2602 5433 αὐτοῖς
2633 5375 2832 5444 ἥρωες.
2880 5376 2947 5432 Εἰ
3001 5375 3102 5450 γὰρ
3158 5376 3212 5431 ἐν
3263 5375 3479 5453 οὐρανῷ
3516 5376 3606 5431 καὶ
3660 5375 3746 5432 ἐπὶ

2085 5470 2190 5541 γίς
2221 5459 2424 5539 ἔχωσιν
2454 5464 2508 5518 οἱ
2555 5461 2830 5533 Ἕλληνες
2861 5465 3110 5528 πολλοὺς
3144 5467 3298 5531 θεοὺς
3352 5468 3442 5522 καὶ
3495 5465 3744 5541 κυρίους,

321 5540 555 5606 heroes.
578 5551 1362 5628 Quanquamigiturincoelo
1410 5562 1470 5612 et
1505 5556 1568 5611 in
1591 5561 1747 5611 terra
1787 5556 1972 5613 Graeci

2112 5551 2215 5608 :Dt’
2262 5555 2399 5627 ἡμῖν
2433 5553 2513 5616 εἷς
2544 5552 2698 5644 Θεός.
2734 5577 2764 5607 ‹‹
2805 5553 2950 5615 Θεοί.
2977 5578 3007 5608 ››
3063 5556 3210 5627 Φησὶ
3239 5557 3365 5634 γὰρ,
3427 5556 3747 5636 τοὺςᾶγγέ-

384 5706 430 5741 ⁸³
456 5706 507 5761 II
530 5708 662 5765 Cor.
696 5727 797 5781 xu,
826 5680 873 5766 6.

562 5846 643 5909 ἐστι
