4118 6452
243 465 361 525 ’149

1210 452 1745 520 COMMENT.-lN
1791 454 2041 515 EPIS'I‘.
2089 458 2115 516 Ι
2160 456 2265 517 AD
2309 455 2682 519 COBINTH.

3546 470 3667 532 τω
3692 449 3705 483 ⁵

281 569 375 664 ους
408 595 566 664 θεοὺς
598 594 738 652 κατὰ
783 594 945 672 ’χάριν
991 590 1312 663 κεκλῆσθαι.
1345 593 1547 668 Ὠσπερ
1577 589 1678 668 γὰρ
1713 588 1897 663 εἷ’ρην-

2011 591 2232 649 multos
2288 594 2547 653 habeant
2603 596 2745 653 deos
2776 612 2844 653 ac
2901 601 3197 670 dominos,
3231 606 3405 662 nobis
3457 612 3656 667 tamen

240 712 327 749 ται
354 688 557 765 Ἀρχαὶ
589 687 678 742 καὶ
739 683 1033 761 Ἐξουτίαι,
1088 684 1440 760 κυριότητες,
1469 682 1682 758 Θρόνοι,
1718 679 1894 742 οὕτως

240 782 328 840 καὶ
362 780 495 837 θεοί.
556 806 584 833 ι(
614 782 822 852 Ὥσπερ
881 777 983 833 εἷσῖ
1039 778 1151 833 Osci
1212 775 1441 831 πολλοί.
1478 799 1506 827 ››
1540 773 1678 831 Ἀπὸ
1708 775 1896 827 κοινοῦ

238 874 320 935 τὸ,
344 897 373 925 ‹‹
401 872 729 948 Λεγόμενοι,
756 895 783 923 n
817 865 982 939 δέξαι.
1010 866 1130 925 Eia?
1164 867 1288 945 γὰρ,
1315 865 1470 944 φησὶ,
1497 866 1624 940 παρ’
1654 860 1894 934 ’Ἕλλησι

242 961 353 1019 θεοὶ
384 963 475 1018 καὶ
536 961 719 1036 scipio:
779 958 1092 1034 λεγόμενοι,
1151 954 1280 1012 ἀλλ’
1337 957 1473 1028 ἡμῖν
1507 955 1588 1015 εἷς
1621 953 1775 1021 Θεὸς,
1802 952 1891 1007 καὶ

242 1055 316 1116 εἷς
336 1052 554 1126 Κύριος.
598 1073 619 1102 ι
653 1046 813 1105 Ἀλλ’
843 1050 980 1122 ἡμῖν
1012 1049 1089 1108 εἴς
1137 1046 1267 1109 Θεὸς
1299 1047 1326 1100 ὁ
1362 1047 1570 1121 Πατήρ.
1607 1066 1635 1095 ››
1668 1038 1893 1110 Ἐπειδὴ

243 1142 407 1212 εἶπεν,
446 1164 469 1193 α
506 1142 600 1203 Εἷς
649 1138 780 1202 Θεὸς
839 1138 868 1192 ὸ
935 1137 1145 1212 Πατὴρ.
1203 1136 1294 1191 καὶ
1352 1134 1426 1196 εἷς
1456 1132 1654 1209 Κύριος
1684 1133 1896 1201 Ἰησοῦς

240 1231 495 1305 Χριστὸς,
531 1254 559 1281 ››
591 1230 667 1300 μή
699 1226 934 1302 νομίσῃς
968 1222 1462 1301 ἀποκεκληρῶσοαι
1491 1223 1583 1295 μὶν
1612 1226 1691 1294 τῷ
1727 1218 1896 1296 [largi

236 1323 317 1393 τὸ,
348 1322 503 1391 Θεὸς,
523 1323 605 1393 τῷ
628 1316 686 1374 δὲ
707 1318 839 1390 Υἱῷ,
862 1318 945 1383 τὸ,
976 1315 1191 1392 Κύριος.
1221 1314 1520 1372 ΙΙολλαχοῦ
1546 1313 1649 1388 γὰρ
1678 1312 1732 1367 αὶ
1765 1318 1896 1386 Γρα-

239 1412 349 1490 φαί,
380 1409 468 1465 καὶ
498 1410 593 1465 τὸν
629 1408 838 1484 Πατέρα
867 1407 1067 1481 Κύριον
1106 1404 1392 1472 καλοῦσιν,
1446 1403 1522 1465 ὡς
1551 1403 1636 1474 τὸ,
1668 1426 1695 1455 ‹‹
1732 1401 1895 1459 Εἶπεν

240 1501 267 1557 ὁ
295 1501 489 1577 Κύριος
511 1503 594 1572 τῷ
624 1497 809 1574 Κυρίῳ
844 1517 969 1571 μου·
1010 1520 1030 1549 ι
1065 1496 1158 1551 καὶ
1186 1495 1280 1551 τὸν
1331 1494 1453 1550 rte»
1487 1493 1635 1562 Θεὸν,
1684 1493 1758 1554 ὡς
1808 1491 1898 1572 τὸ,

243 1615 270 1645 ιι
292 1591 387 1649 Διὰ
414 1595 580 1647 τοῦτο
610 1583 801 1664 ἔχρισέ
831 1608 887 1644 σε
912 1588 940 1643 ὁ
973 1588 1107 1650 Θεός
1153 1587 1181 1642 ὁ
1222 1585 1353 1648 Θεός
1387 1603 1501 1642 σουο
1540 1609 1568 1638 »
1601 1585 1714 1657 καὶ,
1748 1608 1777 1637 ‹‹
1808 1586 1896 1655 Ἐξ

240 1682 312 1738 ὧν
346 1681 653 1759 ὁχριστὸς,
687 1706 709 1735 ι
771 1678 836 1734 τὸ
892 1678 1034 1734 κατᾶ
1090 1676 1283 1752 σάρκα,
1345 1699 1375 1730 ‹‹
1411 1674 1485 1730 ὢν
1541 1673 1629 1730 ἐπὶ
1682 1674 1896 1731 πάντων

239 1774 365 1832 Θεὸς
396 1770 725 1849 εὖλογηεός.
762 1794 784 1825 ι
823 1768 888 1827 Εἴ
946 1765 1004 1824 δὲ
1057 1789 1141 1830 τις
1172 1767 1323 1846 λέγει
1355 1766 1443 1823 ἐπὶ
1482 1766 1694 1842 ΙῘατρὸς
1730 1765 1899 1840 μόνου

239 1864 329 1933 τὸ,
361 1862 514 1930 Θεὸς,
548 1859 823 1937 ἁρμόζειν,
859 1855 948 1913 διὰ
973 1859 1035 1913 τὸ
1067 1858 1265 1929 εἶπεῖν,
1295 1879 1327 1913 ι(
1349 1857 1447 1920 Εἷς
1472 1857 1618 1920 Θεὸς,
1651 1881 1677 1910 ι
1710 1856 1815 1932 ἇρά
1837 1876 1899 1930 γε

2009 698 2168 739 unus
2199 690 2290 740 est
2320 687 2493 742 Deus.
2522 710 2548 736 ιι
2588 687 2713 744 Dei.
2748 711 2777 739 »
2807 688 2960 745 Dicit
2989 694 3149 749 enim
3181 696 3422 769 angelos
3453 714 3664 757 secun-

2011 771 2150 828 dum
2184 776 2435 847 gratiam
2488 771 2631 832 deos
2679 785 2909 834 vocatos
2960 797 3106 837 esse.
3152 784 3663 849 Quemadmodum

2011 878 2271 934 namque
2306 864 2445 921 dicti
2479 874 2621 922 sunt
2660 868 3033 941 Principatus
3065 879 3123 927 et
3168 875 3515 946 Potestates,
3550 880 3659 935 Do-

2008 952 2375 1010 minationes
2407 972 2474 1011 ac
2504 956 2745 1024 Throni,
2781 958 2862 1013 ita
2891 966 2952 1016 et
2994 960 3094 1015 dii.
3131 985 3158 1010 «
3191 964 3493 1029 Quomodo
3525 974 3665 1026 sunt

2010 1041 2091 1096 dii
2125 1043 2317 1099 multi.
2349 1068 2369 1095 υ
2402 1048 2448 1100 Α
2480 1047 2781 1102 communi
2815 1064 2995 1105 sensu
3027 1060 3249 1123 repete.
3274 1075 3300 1102 ‹‹
3330 1055 3438 1120 Qui
3462 1054 3663 1114 dicun-

2008 1135 2125 1186 tur.
2160 1154 2189 1182 «
2221 1134 2361 1189 Nam
2398 1142 2557 1194 sunt.
2594 1136 2806 1208 inquit.
2843 1139 2999 1211 apud
3052 1140 3285 1199 Graecos
3316 1145 3417 1215 qui
3450 1145 3664 1203 dicun-

2009 1227 2105 1277 tur
2136 1222 2218 1277 dii
2250 1240 2318 1279 ac
2347 1223 2613 1293 domini;
2656 1227 2830 1283 nobis
2862 1235 3061 1286 tamen
3110 1248 3268 1288 unus
3300 1241 3391 1289 est
3420 1236 3573 1292 Deus
3606 1242 3667 1293 et

2008 1327 2163 1367 unus
2196 1313 2502 1372 Dominus.
2538 1337 2565 1366 ι-
2600 1316 2779 1373 Nobis
2811 1322 3010 1375 tamen
3041 1338 3197 1377 unus
3232 1331 3324 1379 est
3354 1325 3507 1381 Deus
3536 1326 3665 1398 ipse

2008 1401 2201 1457 Pater.
2238 1424 2266 1451 »
2299 1402 2382 1458 Ex
2412 1419 2480 1459 eo
2513 1403 2673 1476 quod
2703 1405 2889 1462 dixit:
2925 1431 2952 1458 ι‹
2987 1408 3150 1466 Unus
3196 1412 3349 1468 Deus
3381 1413 3508 1485 ipse
3549 1417 3666 1472 Pa-

2009 1495 2119 1558 ter,
2144 1496 2203 1546 et
2229 1507 2386 1548 unus
2418 1494 2703 1551 Dominus
2732 1495 2906 1553 Jesus
2924 1499 3214 1568 Christus,
3238 1523 3266 1552 ››
3292 1519 3366 1558 ne
3398 1504 3665 1575 opineris

2009 1579 2092 1635 ita
2112 1583 2492 1654 appropriata
2517 1600 2647 1641 esse
2668 1587 2935 1656 nomina,
2957 1594 3025 1644 ut
3048 1591 3222 1646 Pater
3243 1592 3482 1664 quidem
3508 1595 3663 1654 Deus

2009 1668 2260 1733 dicatur,
2292 1670 2478 1729 Filius
2510 1689 2646 1730 vero
2677 1676 2985 1734 Dominus.
3022 1679 3169 1736 Nam
3202 1681 3515 1755 Scripturae
3545 1684 3662 1742 fre-

2009 1767 2264 1832 quenter
2296 1762 2524 1820 Patrem
2555 1781 2794 1838 quoque
2824 1767 3147 1827 Dominum
3173 1779 3404 1842 vocant,
3435 1780 3499 1830 ut
3528 1792 3665 1833 cum

2010 1849 2266 1906 dicitur:
2302 1874 2329 1901 ‹‹
2364 1852 2518 1909 Dixit
2550 1855 2839 1913 Dominus
2889 1860 3134 1916 Domino
3180 1878 3312 1919 meo
3337 1865 3375 1918 ¹.
3411 1890 3436 1915 ››
3471 1865 3541 1920 Et
3569 1866 3665 1922 Fi-

245 1952 336 2009 καὶ
392 1951 479 2008 ἱπὶ
534 1954 629 2005 τοῦ
686 1949 813 2004 rio-3
872 1949 1101 2023 ἁρμόσει
1158 1948 1241 2019 τὸ,
1305 1948 1523 2024 Κύριος,
1586 1943 1675 2002 διὰ
1717 1947 1780 2002 τὸ
1812 1945 1896 2001 εἰ-

314 2047 338 2053 ..
475 2042 545 2053 ..-
605 2039 680 2053 ..Ι
840 2041 877 2053 ι.
995 2043 1020 2053 ε.
1086 2039 1129 2053 ι’
1275 2037 1287 2053 Ι
1444 2036 1602 2053 ιλςκ.
1672 2036 1685 2053 9
1760 2029 1786 2053 Ἡ

2010 1938 2155 1997 lium
2179 1942 2486 2015 appellant
2514 1944 2723 2011 Deum,
2746 1954 2811 2003 ut
2835 1965 2971 2005 cum
3004 1949 3258 2008 dicitur:
3283 1976 3309 2003 «
3344 1955 3664 2026 Propterea

241 2047 377 2113 πεῖν,
414 2065 442 2095 ‹‹
472 2042 573 2105 Εἷς
605 2039 811 2115 Κύριος
839 2041 1053 2110 Ἰησοῦς
1086 2037 1321 2113 Χριστός
1346 2057 1361 2108 ;
1388 2063 1414 2089 »ι
1444 2036 1602 2095 Ἀλλ’
1631 2036 1730 2092 οὐκ
1758 2029 1892 2093 ἔστι.

241 2134 381 2211 Πρὸς
409 2129 836 2202 ἇντιδιαστολὴν
857 2132 959 2209 γὰρ
979 2134 1088 2187 τῶν
1117 2128 1489 2206 ψευδωνύμων
1518 2131 1652 2186 θεῶν
1684 2127 1772 2184 καὶ
1803 2149 1895 2184 κυ-

247 2223 368 2300 ρίων
398 2225 484 2298 τὸ,
508 2249 535 2277 ‹‹
562 2222 687 2294 Εἷς,
709 2244 736 2277 ι
765 2220 999 2298 εἷ’ρηται.
1026 2218 1238 2276 Πολλοὶ
1263 2218 1320 2276 δὲ
1342 2224 1588 2291 ζητοῦσι,
1611 2217 1758 2281 τίνος
1779 2214 1893 2273 ’ἑνε-

243 2335 329 2372 κεν
359 2314 458 2371 οὐκ
487 2311 733 2388 ἐμνήσθη
789 2316 887 2368 τοῦ
947 2310 1100 2388 ἁγίου
1160 2311 1494 2385 Πνεῦματος.
1547 2311 1647 2368 Καὶ
1697 2329 1890 2389 φαμεν,

243 2406 322 2461 ὅτι
374 2404 511 2482 πρὸς
569 2402 849 2474 ’Έλληνας
906 2402 973 2473 ἦν
1008 2402 1035 2456 ὸ
1068 2400 1236 2479 λόγος
1295 2401 1465 2475 αὐτῷ,
1491 2402 1618 2463 τοὺς
1648 2398 1894 2463 πολλοὺς

246 2495 389 2561 θεοὺς
441 2494 533 2551 καὶ
586 2492 807 2570 κυρίους
866 2491 1150 2570 λέγοντας.
1211 2486 1490 2572 Ἐφοϐήθη
1553 2488 1645 2546 οὖν
1673 2490 1763 2545 γαὶ
1795 2494 1893 2546 τοῦ

244 2585 551 2659 Πνεῦματος
584 2589 917 2658 μνησθῆναι,
953 2584 1029 2656 μή
1079 2604 1196 2645 πως
1245 2581 1336 2637 καὶ
1384 2581 1511 2658 παρ’
1548 2582 1684 2654 ἡμῖν
1714 2577 1891 2636 πολυ-

244 2672 380 2738 θεΐαν
436 2673 573 2730 εἶναι
629 2670 923 2748 νομίσωσι.
984 2671 1079 2728 Διὸ
1134 2670 1225 2727 καὶ
1279 2671 1454 2743 οὓτως
1504 2668 1765 2750 ἀσφαλῶς
1793 2673 1889 2725 τοῦ

244 2761 444 2841 [ἰατρὸς
474 2763 566 2819 καὶ
596 2766 694 2817 τοῦ
726 2761 853 2817 ficii
904 2762 1173 2837 ἐμνήσθηθ
1223 2760 1315 2817 τὸν
1354 2761 1449 2836 μὲν
1484 2757 1694 2835 Πατέρα
1725 2758 1891 2815 εἰπὼν

239 2848 327 2910 ἕνα
357 2857 511 2923 Θεὸν,
539 2853 631 2908 ἳνα
664 2853 740 2925 μὴ
776 2849 873 2908 δὸο
906 2851 1059 2915 θεοὺς
1108 2850 1404 2925 νομίσωσι,
1432 2850 1526 2906 τὸν
1559 2848 1617 2905 δὲ
1643 2849 1766 2905 Υἱὸν
1796 2845 1893 2905 ἕνα

244 2945 460 3021 Κύριον,
488 2939 586 2999 ’ἕνα
618 2944 697 3016 μὴ
730 2940 826 2998 δύο
888 2941 1118 3016 Κυρίους
1168 2941 1488 3013 νομίσωσιν.
1525 2938 1586 2997 Εἰ
1614 2939 1717 3016 γὰρ
1749 2940 1890 3011 εἷπε,

243 3033 368 3090 Θεὸν
397 3033 488 3091 καὶ
543 3035 695 3098 Θεὸν,
754 3028 1049 3089 πολυθεῒαν
1110 3031 1169 3087 ἃν
1228 3031 1279 3102 ἐξ
1335 3030 1582 3106 ἀπειρίας
1633 3030 1888 3103 ἐνόμισαν

243 3120 532 3193 Ἓλληνες,
581 3122 618 3192 ἢ
661 3121 861 3197 Κῦρεον
916 3120 1010 3177 καὶ
1068 3119 1293 3195 Κῦριον,
1351 3118 1799 3194 πολυκυριότητοι
1830 3116 1890 3173 ἂν

247 3211 702 3282 ἰνόμισαν,¹Ὡστε
751 3210 843 3265 καὶ
897 3213 994 3264 τοῦ
1027 3212 1117 3263 νῦν
1171 3207 1340 3264 εἷπεῖν
1392 3208 1522 3264 Θεὸν
1564 3203 1778 3278 Πατέρα
1800 3204 1891 3261 καὶ

251 3300 449 3374 Κῆριον
481 3299 572 3355 τὸν
604 3300 744 3365 Υἱὸν,
772 3300 913 3369 αὕτη
957 3300 992 3369 ἡ
1048 3298 1217 3354 αἰτία.
1247 3300 1346 3355 Ἢν
1376 3297 1477 3373 γὰρ
1512 3296 1890 3372 ὑποσχόμενος

246 3394 374 3469 παρ’
401 3396 534 3465 ἡμῖν
564 3389 653 3448 ἕνα
685 3393 811 3449 Θεὸν
844 3393 1001 3451 εἶναι.
1062 3392 1124 3448 El
1183 3389 1277 3446 οὖν
1336 3391 1485 3447 εἶπεν
1525 3390 1615 3445 καὶ
1649 3388 1740 3445 τὸν
1776 3393 1893 3443 Πα-

246 3483 371 3557 τὲρα
396 3483 488 3539 καὶ
518 3483 610 3538 τὸν
641 3483 786 3554 Υἱὸν,
817 3482 945 3538 Θεὸν
974 3480 1009 3552 ἢ
1045 3480 1258 3558 Κύριον,
1311 3479 1477 3536 πάλιν
1522 3479 1797 3556 εὑρίσκετο
1827 3480 1897 3552 τῇ

248 3572 417 3645 οἰκείᾳ
449 3571 744 3648 ὑποσχέσει
794 3571 918 3628 ὅσον
966 3571 1101 3647 πρὸς
1145 3569 1429 3640 Ἕλληνας
1460 3568 1897 3643 ἐναντιούμενος,

245 3663 327 3719 καὶ
359 3662 657 3728 πολυθεῖαν
715 3662 751 3733 ἢ
802 3658 1252 3735 πολυκυριότητα
1302 3659 1441 3716 κατὰ
1480 3660 1543 3715 τὸ
1576 3657 1901 3733 φαινόμενον

247 3751 494 3829 εἰσάγων.
555 3752 649 3808 Διὸ
706 3752 835 3808 Θεὸν
892 3750 1059 3806 εἰπὼν
1117 3751 1209 3805 τὸν
1270 3750 1503 3824 Πατέρα,
1551 3747 1753 3824 Κύριον
1784 3748 1902 3802 εἷπε

242 3842 329 3900 τὸν
362 3843 513 3914 Υἳὸν,
545 3844 616 3917 τῇ
645 3842 941 3913 νηπιότητι
971 3834 1411 3918 συγκαταϐαίνων
1442 3843 1550 3894 τῶν
1585 3834 1899 3908 Ἑλλήνων.

244 3929 659 3990 Ἀποὸέὂεικται
707 3931 812 4008 γὰρ
867 3928 1186 4006 ἀδιαφορως
1212 3934 1330 3992 τοῖς
1360 3926 1637 3989 τοιούτοις
1670 3925 1902 3999 ὀνόμασι

243 4021 568 4100 ηχρημένη
604 4023 640 4092 ἡ
677 4023 881 4098 Γραφή.
921 4042 944 4071 ι
972 4021 1061 4092 Ἐξ
1095 4020 1158 4076 οὗ
1206 4019 1274 4076 τὰ
1303 4020 1495 4075 πάντα.
1526 4041 1555 4070 ››
1592 4015 1766 4079 Αὐτὸς
1799 4017 1903 4092 γὰρ

247 4112 396 4169 uitia
426 4112 556 4167 πάσι
584 4116 700 4174 τοῖς
753 4108 893 4166 οὖσι.
954 4111 1027 4169 Τὸ
1086 4110 1212 4187 γὰρ,
1270 4134 1298 4163 (ι
1339 4108 1427 4180 Ἐξ
1459 4108 1522 4164 οὗ
1552 4108 1619 4164 τὰ
1651 4106 1840 4173 πάντα,
1878 4129 1899 4157 μ

245 4203 339 4271 τήν
378 4197 751 4279 δημιουργίαν
812 4198 1090 4274 σημαίνει,
1142 4200 1233 4255 καὶ
1289 4199 1388 4268 τὴν
1420 4197 1482 4254 ἐκ
1507 4201 1604 4253 τοῦ
1640 4197 1716 4273 μή
1750 4194 1906 4258 ὄντος

250 4291 320 4357 εἶς
348 4291 421 4348 τὸ
451 4292 591 4347 εἶναι
622 4291 981 4368 παραγωγήν.
1011 4313 1040 4341 ‹‹
1072 4288 1179 4345 Καὶ
1221 4290 1388 4360 ἡμεῖς
1418 4287 1495 4350 εἰς
1525 4286 1707 4343 αὐτόν.
1743 4310 1772 4337 ››
1804 4285 1906 4342 Τὸν

247 4387 345 4451 τῆς
377 4381 618 4444 πίστεως
642 4381 805 4451 ἡμῶν
837 4377 929 4434 καὶ
974 4376 1302 4438 οἷκειώσεως
1332 4374 1477 4451 λέγει
1510 4376 1908 4452 τρόπονλοῖον,

248 4470 345 4535 Εἲς
374 4469 540 4525 αὐτόν
581 4469 742 4544 ἐσμεν
771 4468 1100 4544 ἠρτημενοι.
1149 4490 1176 4519 ‹‹
1211 4463 1315 4523 Καὶ
1348 4466 1429 4530 εἷς
1463 4463 1676 4540 Κύριος.
1711 4489 1738 4515 ι»
1771 4460 1912 4521 Ἀλ.

250 4557 344 4623 λος
379 4561 410 4615 ὁ
448 4559 760 4635 ΠατήρΛά
787 4563 951 4614 τοῦτο
984 4557 1071 4611 ἐπὶ
1102 4556 1268 4611 αὐτοῦ
1297 4556 1419 4624 ea,“
1442 4555 1562 4616 Εἷς.
1588 4577 1616 4606 ››
1656 4586 1718 4596 -
1754 4576 1778 4606 α
1811 4551 1914 4610 Καὶ

248 4651 424 4723 ἡμεῖς
457 4645 528 4703 δι’
558 4648 741 4705 α·5τοῦ.
781 4674 808 4700 η
843 4645 1036 4720 Διπλῷ
1085 4643 1262 4723 λόγῳ,
1292 4649 1370 4717 τῷ
1397 4664 1456 4701 τε
1488 4642 1540 4699 ἐν
1573 4648 1670 4699 τοῦ
1707 4643 1781 4715 μή
1818 4639 1916 4697 ὅν-

2003 2031 2175 2087 unxit
2204 2038 2260 2089 te
2293 2033 2468 2101 Deus,
2504 2035 2657 2092 Deus
2704 2041 2840 2093 tuus
2867 2038 2906 2107 ε,
2946 2062 2973 2088 »
3006 2046 3064 2096 et
3093 2057 3106 2095 :
3144 2062 3168 2093 α
3205 2041 3282 2098 Ex
3325 2044 3543 2115 quibus
3574 2051 3665 2102 est

2002 2122 2291 2191 Christus,
2319 2146 2346 2174 »
2375 2124 2534 2198 quod
2554 2125 2628 2183 ad
2649 2144 2894 2186 carnem
2921 2132 3156 2200 attinet,
3183 2156 3208 2185 ιι
3235 2134 3344 2200 Qui
3370 2140 3461 2190 est
3481 2151 3664 2208 super

2002 2217 2204 2273 omnia
2234 2220 2388 2275 Deus
2416 2219 2788 2280 benedictus.
2824 2244 2853 2274 »
2905 2225 3072 2292 Quod
3117 2226 3163 2282 si
3214 2227 3347 2299 quis
3397 2227 3555 2285 dicat
3584 2229 3670 2290 ad.

2004 2307 2196 2363 solum
2229 2310 2417 2381 aptari
2468 2311 2703 2366 Patrem
2755 2313 2912 2384 quod
2959 2315 3062 2385 ait,
3114 2316 3288 2385 Deus,
3325 2318 3463 2389 quia
3493 2318 3658 2388 dicit,

2005 2417 2033 2447 ‹‹
2068 2397 2229 2453 Unus
2261 2399 2436 2469 Deus,
2464 2423 2490 2450 ››
2526 2417 2670 2458 num
2703 2401 2882 2458 etiam
2915 2403 2986 2459 ad
3022 2404 3217 2461 solum
3248 2407 3551 2477 aptabitur
3571 2407 3661 2463 Fi.

2002 2487 2149 2543 lium
2211 2489 2370 2560 quod
2428 2490 2531 2562 ait,
2594 2514 2622 2541 «
2686 2491 2994 2563 Dominus,
3029 2516 3056 2543 »
3108 2511 3175 2551 eo
3237 2494 3394 2567 quod
3455 2495 3656 2555 dicat:

2001 2600 2029 2627 ‹‹
2065 2578 2227 2634 Unus
2258 2579 2547 2636 Dominus
2575 2580 2743 2638 Iesus
2774 2581 3045 2640 Christus
3065 2584 3094 2639 ?
3120 2606 3147 2635 υ
3181 2590 3255 2641 At
3283 2602 3406 2641 non
3436 2586 3519 2642 ita
3548 2592 3657 2643 est.

2002 2668 2146 2724 Nam
2163 2669 2238 2724 ad
2257 2667 2656 2726 differentiam
2680 2669 2829 2727 falso
2848 2673 3297 2730 nominatorum
3320 2674 3568 2731 deorum
3593 2692 3661 2733 ac

2003 2755 2383 2815 dominorum
2408 2758 2632 2816 dictum
2655 2766 2745 2817 est
2766 2762 2950 2819 Unus.
2973 2763 3137 2819 Multi
3157 2770 3356 2821 autem
3380 2770 3662 2837 quaerunt

2003 2864 2182 2919 quam
2215 2847 2289 2903 ob
2323 2865 2564 2906 causam
2595 2850 2852 2922 Spiritus
2897 2855 3088 2910 sancti
3136 2857 3657 2927 nonfmeminerit.

2001 2939 2071 2993 Et
2101 2938 2357 2997 dicimus
2406 2942 2567 3013 quod
2597 2942 2674 2998 ad
2726 2942 2960 3001 Graecos
2990 2944 3104 3017 ipsi
3156 2962 3351 3002 sermo
3393 2954 3522 3003 erat
3551 2948 3654 3019 qui

2001 3028 2223 3084 multos
2273 3028 2548 3086 dicebant
2599 3030 2742 3088 deos
2791 3046 2857 3088 ac
2904 3033 3201 3091 dominos.
3247 3035 3467 3092 Timuit
3514 3052 3653 3110 ergo

2002 3118 2255 3189 Spiritus
2288 3136 2523 3191 quoque
2544 3120 2739 3177 facere
2762 3122 3154 3191 mentionem,
3177 3140 3251 3180 ne
3274 3124 3422 3181 forte
3452 3126 3655 3181 multi-

2000 3207 2217 3278 plicem
2249 3209 2428 3264 etiam
2460 3208 2616 3280 apud
2648 3227 2758 3265 nos
2781 3212 3193 3268 existimarent
3222 3229 3354 3269 esse
3384 3212 3655 3270 divinita-

2006 3301 2146 3351 tem.
2185 3296 2320 3353 ldeo
2353 3315 2590 3371 quoque
2639 3300 2787 3357 adeo
2818 3307 2988 3358 caute
3038 3301 3227 3360 Patris
3273 3320 3341 3360 ac
3369 3303 3502 3360 Filii
3532 3321 3657 3360 me-

2009 3386 2223 3444 minit:
2257 3389 2412 3444 493
2444 3390 2679 3446 Patrem
2712 3391 2954 3463 quidem
3000 3410 3191 3450 unum
3222 3395 3425 3451 dicens
3454 3396 3661 3467 Deum,

2004 3494 2079 3533 ne
2111 3477 2259 3533 duos
2284 3496 2414 3536 esse
2438 3480 2582 3537 deos
2609 3482 3041 3554 existimarent,
3066 3484 3283 3541 Filium
3312 3503 3449 3543 vero
3478 3503 3665 3542 unum

2005 3566 2346 3637 Dominum,
2381 3586 2455 3625 ne
2487 3570 2637 3626 duos
2669 3571 2944 3629 dominos
2978 3575 3387 3647 opinarentur.
3412 3576 3470 3632 Si
3503 3576 3664 3633 enim

2005 3656 2252 3713 dixisset
2268 3659 2453 3715 Deum
2476 3665 2534 3715 et
2562 3660 3000 3730 Deum,variam
3032 3670 3191 3721 certe
3216 3666 3664 3723 existimassent

2009 3748 2193 3803 δι’ωοί
2227 3748 2599 3806 divinitatem
2635 3752 2709 3807 ob
2743 3770 2911 3809 suam
2946 3756 3331 3827 imperitiam,
3355 3762 3457 3812 aut
3478 3757 3527 3811 si
3555 3756 3666 3812 Do-

2007 3837 2236 3892 minum
2259 3843 2315 3893 et
2335 3839 2649 3895 Dominum
2674 3840 3169 3907 dixisset,variam
3191 3845 3665 3901 dominationem

2009 3926 2235 3998 Opinati
2269 3927 2542 3984 fuissent.
2579 3929 2713 3986 Haec
2743 3931 2944 4003 itaque
2989 3949 3168 3989 causa
3212 3940 3339 3990 erat
3368 3950 3474 3990 cur
3502 3950 3665 3990 nunc

2010 4016 2196 4072 Deum
2244 4018 2480 4074 Patrem
2523 4017 2748 4075 diceret
2794 4027 2854 4075 et
2899 4020 3219 4078 Dominum
3270 4023 3505 4091 Filium,
3539 4026 3669 4080 erat

2014 4106 2174 4161 enim
2204 4107 2509 4180 professus
2530 4125 2716 4165 unum
2745 4110 2903 4182 apud
2924 4129 3033 4168 nos
3055 4129 3184 4169 eSse
3214 4114 3419 4171 Deum.
3444 4113 3502 4169 Si
3527 4130 3666 4188 ergo

2013 4195 2261 4252 dixisset
2291 4203 2346 4253 et
2377 4199 2613 4255 Patrem
2646 4204 2703 4255 et
2732 4200 2949 4257 Filium
2982 4206 3165 4259 Deum
3192 4220 3323 4260 esse
3353 4204 3444 4260 vel
3474 4203 3671 4261 Domi-

2016 4302 2182 4354 num,
2213 4304 2454 4343 rursum
2485 4288 2854 4346 inveniretur
2903 4307 2971 4347 ex
3002 4309 3109 4348 sua
3159 4293 3402 4365 quidem
3433 4293 3670 4366 profes-

2016 4377 2184 4432 sione
2216 4377 2434 4433 Graacis
2465 4380 2825 4450 contrarius,
2862 4386 2922 4436 et
2969 4386 3171 4439 tamen
3201 4385 3423 4440 variam
3459 4382 3674 4439 divini-

2020 4471 2199 4521 tatem
2231 4482 2298 4521 ac
2330 4465 2803 4524 dominationem
2849 4477 3208 4542 apparenter
3247 4473 3550 4529 inducere.
3581 4471 3677 4527 Id-

2019 4555 2175 4609 circo
2208 4570 2343 4609 cum
2382 4561 2562 4611 Deum
2596 4556 2846 4614 dixisset
2895 4561 3149 4619 Patrem.
3186 4562 3504 4618 Dominum
3533 4561 3681 4618 dixit

2019 4642 2253 4697 Filium.
2276 4643 2346 4697 ad
2384 4643 2699 4700 infantiam
2727 4664 2857 4703 sese
2880 4647 3189 4705 dimittens
3211 4652 3571 4708 Graecorum.
3600 4648 3686 4703 Si-

250 4722 341 4802 τος
380 4738 458 4800 εἷς
489 4738 552 4794 τὸ
585 4738 723 4793 εἶναι
780 4736 979 4807 ἐλθεῖν,
1037 4735 1127 4792 καὶ
1184 4739 1265 4807 τῷ
1322 4733 1382 4790 ἐκ
1437 4740 1539 4803 τῆς
1576 4731 1897 4802 πλάνης,εἶ‹

2027 4730 2268 4803 quidem
2301 4731 2774 4792 demonstratum
2809 4744 2898 4792 est
2936 4737 3300 4811 Scripturam
3333 4736 3679 4812 hujusmodi

251 4833 350 4902 τήν
387 4828 648 4902 ἀλήθειαν
682 4826 999 4904 ἐπιστρέψαι
1032 4824 1103 4882 δι’
1134 4826 1321 4885 αὐτοῦ.
1361 4849 1385 4881 α
1410 4822 1575 4881 Ἀλλ’
1607 4823 1706 4880 οὐκ
1727 4821 1778 4878 ἐν
1811 4828 1897 4878 πᾶ·

2026 4820 2370 4878 nominibus
2402 4821 2816 4881 indiﬂ‘erenter
2844 4843 3014 4883 usam
3043 4844 3192 4885 esse.
3228 4852 3256 4881 «
3291 4830 3370 4884 Ex
3401 4845 3518 4900 quo
3549 4843 3697 4892 om-_

257 4940 335 4975 σιν
362 4922 407 4991 ἡ
436 4923 658 4997 γνῶσις.
693 4944 721 4972 ››
752 4918 829 4977 υῦ
861 4919 1077 4988 πάντες,
1127 4915 1311 4996 φησὶν,
1363 4914 1534 4970 ἶέασιν
1562 4914 1647 4970 ’ὁτι
1678 4915 1755 4975 εἷς
1785 4911 1897 4968 Θεόε

2027 4911 2147 4968 nia.
2182 4933 2211 4962 »
2242 4909 2532 4967 Omnibus
2581 4913 2739 4969 enim
2793 4932 2925 4987 quin
2980 4923 3139 4982 sunt,
3176 4919 3304 4991 ipse
3348 4935 3528 4975 causa
3567 4922 3678 4975 est.

257 5009 398 5079 ἐστι,
426 5008 518 5065 καὶ
545 5010 626 5072 εἷς
667 5007 891 5085 Κύριος,
923 5009 1010 5063 καὶ
1045 5005 1107 5062 οὗ
1138 5002 1364 5064 πολλοί.
1391 5001 1532 5062 Οὐδὲ
1562 5002 1757 5067 πάντες
1791 5000 1897 5058 ἴσα-

2030 5006 2195 5065 Nam,
2230 5024 2259 5052 »
2312 5007 2389 5057 Ex
2440 5019 2555 5074 quo
2604 5005 2826 5073 omnia,
2862 5031 2883 5060 ι
2942 5009 3245 5065 creatione
3298 5010 3589 5085 designat,
3623 5016 3685 5068 et

260 5120 340 5155 σιν
375 5098 460 5155 δτι
491 5099 559 5155 τὰ
590 5097 793 5155 εἶ’δωλα
824 5096 980 5153 οὖδέν
1016 5095 1142 5154 εἱσι.

2029 5092 2447 5150 deductionem
2466 5109 2500 5148 a
2521 5110 2641 5149 non
2666 5110 2795 5151 esse
2817 5096 2892 5152 ad
2913 5113 3063 5154 esse.
3090 5121 3118 5150 «
3141 5101 3211 5155 Et
3233 5117 3341 5156 nos
3367 5102 3429 5156 in
3452 5100 3683 5157 illum.»

259 5191 428 5248 Fidei
460 5197 678 5248 nostris
710 5208 777 5248 ac
826 5189 1249 5247 familiaritatis
1298 5188 1542 5245 modum
1575 5186 1759 5242 dicit:
1812 5186 1924 5241 hoc
1955 5190 2064 5249 est,
2108 5199 2217 5238 nos
2267 5182 2341 5238 ad
2390 5183 2585 5256 ipsum
2629 5186 2958 5256 pendemus
3008 5192 3067 5245 et
3096 5190 3147 5245 ei
3198 5190 3418 5247 addicti
3453 5207 3682 5249 sumus.

265 5305 294 5334 ‹‹
325 5284 399 5338 Et
426 5300 586 5340 unus
614 5281 920 5343 Dominus.
954 5302 983 5331 »
1014 5280 1182 5336 Alius
1212 5285 1303 5335 est
1331 5279 1460 5351 ipse
1493 5279 1687 5342 Pater,
1720 5280 2037 5348 propterea
2067 5273 2244 5329 etiam
2278 5271 2518 5328 additur
2548 5296 2575 5324 ‹‹
2610 5275 2795 5332 Unus.
2831 5300 2859 5327 ››
2890 5310 2962 5320 -
2992 5301 3021 5331 ‹‹
3057 5279 3122 5334 Et
3150 5298 3260 5336 nos
3295 5298 3399 5353 per
3428 5282 3621 5338 illum.
3656 5301 3685 5332 »

264 5373 495 5446 Duplici
554 5372 821 5428 ratione:
856 5377 982 5426 tum
1036 5368 1413 5444 procedendo
1473 5385 1544 5424 ex
1589 5383 1711 5422 non
1771 5382 1900 5422 esse
1950 5364 2025 5421 ad
2084 5379 2237 5426 esse,
2274 5369 2397 5418 tum
2429 5363 2502 5419 ab
2559 5381 2758 5422 errore
2809 5367 2883 5423 ad
2938 5369 3245 5427 veritatem
3287 5374 3553 5428 conversi
3585 5387 3694 5445 per

265 5463 486 5536 ipsum.
521 5486 548 5514 «
584 5463 699 5520 Sed
729 5461 939 5519 nonin
972 5460 1250 5517 omnibus
1284 5465 1374 5515 est
1403 5458 1674 5515 scientia.
1713 5478 1739 5506 »ι
1771 5458 1898 5512 Non
1929 5471 2158 5523 omnes,
2192 5453 2410 5524 inquit,
2445 5461 2667 5511 norunt
2716 5457 2876 5531 quod
2905 5475 3060 5517 unus
3111 5468 3201 5518 est
3244 5463 3400 5519 Deus
3451 5468 3511 5519 et
3537 5477 3695 5519 unus

265 5551 557 5610 Dominus
592 5559 650 5609 et
679 5569 800 5608 non
827 5549 1001 5608 multi
1035 5566 1049 5605 :
1081 5566 1276 5623 neque
1305 5565 1513 5605 omnes
1543 5552 1768 5604 norunt
1796 5544 1956 5619 quod
1984 5544 2145 5600 idola
2174 5542 2327 5598 nihil
2360 5543 2502 5599 sint.

338 5668 492 5734 Τινὶς
557 5665 617 5726 δὲ
679 5671 751 5745 τῇ
791 5663 1093 5739 συνειδήσει
1159 5669 1258 5722 τοῦ
1307 5661 1542 5722 εῗδώλου
1604 5658 1709 5728 ἕως
1775 5659 1924 5738 ἄρτι,

2111 5659 2254 5730 VIII,
2303 5663 2358 5731 ’7,
2411 5663 2465 5716 8.
2519 5662 2789 5722 Nonnulli
2835 5684 2962 5725 vero
3004 5684 3129 5727 cum
3175 5670 3515 5728 conscientia
3563 5666 3709 5744 idoli

298 5792 790 5874 .‘Psai.atx,l.
857 5797 1342 5868 ’Psal.n.rv,8.-
1584 5830 1613 5851 ι,
1736 5848 1743 5859 ι
1836 5832 1839 5833 ν

3416 5798 3429 5808 ν

3259 5829 3267 5833 .
3484 5822 3491 5831 ι
3572 5826 3583 5831 -

2944 5831 2949 5835 '
3166 5844 3175 5851 ι

857 5798 883 5835 ³
910 5797 1066 5857 Paul.
1098 5812 1245 5868 ηπ,
1274 5798 1342 5854 8.-
1434 5812 1440 5829 τ
1476 5835 1481 5838 ο
1519 5828 1525 5835 ο
