4118 6388
383 428 499 490 751

1486 409 1902 475 (ΕΟΠΜΕΝΙΙ
1945 410 2254 474 ΤΒΙΕΟΑΕ
2295 413 2653 478 EPISCUPI

3700 411 3815 473 ’182

388 580 561 636 usque
607 561 681 617 ad
728 559 827 613 hoc
883 560 1114 624 tempus,
1176 558 1445 623 tanquam
1489 550 1654 606 idolis
1699 547 2042 605 immolatum

2163 543 2231 609 ὥς
2292 545 2657 607 εἰδωλόθυτον
2737 546 3027 615 ἐσθίουσιν,
3088 545 3179 604 καὶ
3236 548 3273 617 ἠ
3343 542 3649 636 συνᾷείδησις
3710 545 3817 602 αὖ·

386 656 601 712 eduut:
631 658 681 706 et
713 648 1055 705 conscientia
1103 643 1328 698 illorum
1372 659 1496 697 cum
1542 644 1613 697 sit
1659 643 1885 709 inﬁrma
1916 639 2048 711 pol-

389 747 587 800 luitur.
621 740 796 810 Atqui
839 752 959 793 esca
1006 750 1103 789 nos
1150 750 1259 788 non
1309 731 1648 787 commendat
1695 731 1842 785 Deo:
1873 745 2047 800 neque

384 836 431 890 si
460 832 829 889 comedumus.
882 825 1103 897 aliquid
1146 823 1305 878 nobis
1349 825 1543 892 magni
1588 821 1836 876 accedit:
1870 835 2046 889 neque

385 929 433 983 si
462 942 571 981 non
604 921 971 985 comedamus,
1004 916 1308 987 qu'dquam
1332 914 1491 969 nobis
1519 914 1684 967 deest.

462 1015 677 1071 Dicens
709 1036 735 1061 ε(
790 1006 1093 1072 Nonnulli,
1129 1028 1155 1055 ι»
1199 1021 1320 1059 non
1370 1002 1712 1058 manifestat
1754 1001 1938 1072 ipsos,
1969 1016 2045 1057 ne

392 1105 651 1177 amplius
674 1119 776 1157 eos
808 1095 1163 1171 pudefaciat.
1190 1116 1216 1143 ‹.
1253 1095 1447 1164 Usque
1472 1092 1548 1148 ad
1580 1093 1689 1147 hoc
1722 1097 1978 1163 tempus.
2015 1115 2037 1143 ι

392 1195 571 1250 Vides
596 1210 712 1247 non
737 1205 945 1244 omnes
976 1201 1151 1241 nosse
1183 1182 1340 1255 quod
1374 1183 1525 1237 nihil
1560 1182 1681 1236 sint
1709 1180 1869 1236 idola
1888 1179 1916 1235 ?
1939 1180 2044 1235 De-

393 1285 576 1357 nique
607 1280 849 1352 quidam
881 1277 954 1332 ad
987 1276 1096 1330 hoc
1128 1289 1317 1344 usque
1352 1280 1606 1343 tempus,
1633 1270 1691 1325 id
1723 1276 1832 1338 est,
1866 1269 2046 1324 etiam

391 1381 708 1447 postquam
740 1366 1144 1431 crediderunt,
1170 1363 1347 1419 idolis
1370 1360 1679 1417 immolata
1712 1360 1895 1415 edunt
1925 1365 2048 1415 tan-

390 1478 571 1535 quam
603 1459 781 1515 idolis
830 1454 1160 1516 immolata,
1193 1452 1304 1507 hoc
1353 1457 1460 1512 est,
1495 1467 1565 1506 ea
1612 1455 1813 1505 mente
1843 1465 1959 1520 qua
1989 1454 2048 1504 et

391 1551 597 1618 Graeci,
630 1556 916 1620 tanquam
964 1543 1377 1601 existimantes
1421 1539 1582 1596 idola
1628 1538 1859 1611 aliquid
1890 1554 2043 1595 esse.

393 1641 544 1709 Quia
574 1654 710 1713 ergo
743 1636 1048 1692 infirmam
1078 1649 1145 1689 ac
1176 1630 1435 1688 debilem
1471 1629 1694 1685 habent
1723 1627 2043 1685 conscien-

392 1734 562 1799 tiam,
593 1728 947 1802 polluuntur
982 1724 1249 1789 edentes,
1282 1735 1625 1793 quanquam
1665 1718 1889 1790 alioqui
1920 1735 2043 1775 non

394 1821 830 1896 polluerentur.
864 1815 1020 1872 494
1048 1814 1238 1879 Quare
1282 1815 1482 1866 autem
1522 1809 1564 1863 ii
1609 1808 1709 1880 qui
1740 1808 2044 1864 infirmam

2152 642 2261 694 τῶν
2304 640 2532 713 ἀσθενής
2590 643 2727 698 οὖσα
2787 638 3101 714 μολὸνεται.
3164 642 3372 714 Βρῶμα
3429 634 3488 692 δὲ
3542 639 3691 711 ἡμᾶς
3751 637 3813 694 οὗ

2154 730 2451 804 παρίστησι
2503 736 2585 806 τῷ
2642 736 2779 805 Θεῷ.
2848 730 2987 789 Οὔτε
3065 728 3171 805 γάρ
3228 728 3316 783 ἐὰν
3401 728 3665 804 φάγωμεν
3720 746 3813 783 πε-

2157 821 2503 896 ρισσεύομεν,
2563 818 2687 877 οὔτε
2767 820 2854 876 ἐὰν
2940 820 3016 894 μὴ
3099 820 3361 898 φάγωμεν
3418 816 3813 893 ὑστερούμεθα.

2227 1020 2431 1089 Λεγων,
2463 1038 2491 1066 ι(
2526 1014 2699 1081 Τινὲς,
2735 1036 2761 1067 ε
2822 1013 2921 1070 οὐκ
2952 1012 3329 1070 ἀποκαλύπτει
3361 1009 3578 1075 αὐτοὺς,
3607 1011 3696 1065 ’ἱνα
3733 1011 3810 1083 μὴ

2156 1102 2680 1179 ἀναισχυντοτέρους
2726 1106 2961 1179 ποιήσῃ.
3016 1127 3044 1156 ‹‹
3093 1107 3238 1165 Ἕως
3288 1100 3426 1176 ἄρτι.
3466 1125 3492 1151 ι)
3531 1100 3695 1173 Ὁρᾷς
3727 1098 3811 1154 δτι

2156 1190 2219 1246 οὗ
2263 1195 2456 1255 πάντες
2503 1190 2682 1249 ἴσασιν
2733 1195 2820 1249 ὅτι
2873 1192 3025 1249 οῦδὲν
3059 1191 3170 1248 ἐστι
3220 1192 3288 1249 τὶ
3339 1188 3813 1263 εἷδωλαςάμὲλει

2152 1277 2257 1343 ἓως
2290 1282 2409 1357 ἄρτι
2440 1284 2606 1351 τινες,
2660 1283 2930 1347 τουτέστι,
2988 1288 3078 1338 καί
3137 1283 3271 1354 μετά
3318 1281 3383 1337 τὸ
3414 1283 3723 1349 πιστεῦσαι,
3748 1279 3816 1335 τὰ

2155 1369 2495 1438 εἰδωλόθυτα
2553 1373 2628 1436 ὡς
2686 1371 3029 1437 εἰδωλόθυτα
3078 1372 3339 1442 ἐσθίουσι,
3398 1374 3647 1427 τουτέστι
3682 1370 3821 1443 μετά

2152 1468 2254 1533 τῆς
2286 1461 2460 1533 αὐτῆς
2486 1463 2717 1538 γνώμης
2752 1465 2867 1533 μεθ’
2896 1466 2962 1533 ἧς
2994 1462 3084 1520 καὶ
3117 1464 3171 1518 οἱ
3201 1459 3498 1532 Ἕλληνες,
3530 1461 3607 1524 ὡς
3640 1458 3820 1537 ἡγοῦ-

2160 1570 2314 1625 μενοι
2367 1552 2505 1607 εἷναί
2559 1574 2611 1609 τι
2665 1553 2733 1608 τὰ
2787 1549 3017 1609 εἶ’δωλα.
3050 1552 3203 1611 ἐπεὶ
3235 1551 3327 1607 οὗν
3355 1551 3555 1618 ἀσθενῆ
3600 1558 3690 1605 καί
3722 1569 3818 1605 σα-

2156 1639 2321 1716 σθράν
2372 1638 2561 1717 ἔχουσι
2612 1644 2712 1711 τήν
2771 1638 3100 1713 συνείδησιν,
3162 1638 3493 1716 μολύνονται
3525 1636 3816 1712 ἐσθίοντες,

2155 1728 2201 1784 εἷ
2232 1729 2324 1785 καὶ
2359 1732 2436 1805 μή
2469 1729 2828 1805 ἐμολῦνοντο.
2864 1731 2962 1787 Διὰ
3007 1730 3062 1785 τί
3115 1728 3173 1787 δὲ
3227 1731 3304 1804 μὴ
3360 1725 3581 1806 ἔχοντες
3611 1729 3812 1797 ἀσθενῆ

2150 1824 2252 1893 τήν
2283 1820 2616 1894 συνείδησιν,
2644 1822 2745 1879 οὐκ
2774 1821 3111 1894 ἐμολῦνοντο
3136 1841 3151 1892 ;
3173 1824 3296 1879 Ὀτι
3324 1818 3424 1875 οὐκ
3452 1818 3555 1874 εἰσί
3580 1839 3633 1874 τι
3665 1816 3815 1880 ὁλως

392 1926 515 1967 non
554 1908 780 1966 habent
822 1902 1270 1969 conscientiam,
1303 1916 1424 1956 non
1471 1897 1869 1972 polluuntur?
1898 1898 2045 1965 Quia

2163 1913 2219 1970 εά
2290 1912 2518 1982 εἲδωλα,
2593 1911 2746 1970 οὐδὲν
2803 1913 2961 1987 εἰσιν⁸
3037 1910 3258 1975 οὐδενὸς
3324 1910 3464 1982 ἄξια,
3528 1908 3819 1989 ἀνωφελῆ.

395 2000 640 2058 omnino
664 2014 784 2053 non
804 2001 944 2051 sunt
965 1992 1293 2065 quidquam
1316 1989 1494 2056 idola,
1520 1988 1673 2044 nihil
1693 1995 1855 2057 sunt,
1878 1988 2046 2045 nullo

399 2090 581 2164 digna
629 2094 790 2150 sunt,
824 2083 1063 2140 inutilia
1115 2086 1273 2137 sunt.
1312 2103 1339 2131 ‹‹
1371 2079 1549 2151 Atqui
1598 2094 1736 2135 esca
1776 2094 1887 2134 nos
1926 2093 2049 2133 non

393 2176 776 2236 commendat
807 2179 943 2230 Deo.
972 2195 999 2224 »
1032 2174 1113 2228 Ne
1145 2170 1304 2243 quod
1330 2168 1653 2225 verisimile
1687 2174 1776 2224 est
1809 2168 2047 2224 dicant:

393 2269 511 2342 Ego
541 2282 691 2339 pura
724 2264 833 2320 edo
864 2260 1253 2326 conscientia,
1287 2265 1347 2315 et
1387 2258 1533 2331 quid
1571 2258 1717 2314 mihi
1749 2275 1907 2315 cura:
1939 2263 2049 2329 est,

393 2357 445 2413 si
494 2355 629 2427 quis
681 2369 751 2408 ex
799 2350 1212 2407 imbecillitate
1266 2348 1528 2421 patiatur
1574 2346 2053 2403 olfendiculum‘t

397 2444 661 2504 ostendit
707 2442 867 2516 quod
916 2442 1112 2514 ipsum
1162 2455 1400 2511 quoque
1452 2438 1628 2495 edere
1674 2446 1958 2511 tanquam
1991 2438 2053 2494 in

396 2542 806 2609 contemptum
832 2534 1126 2590 idolorum
1146 2531 1296 2587 nihil
1316 2536 1558 2603 prmstat
1581 2530 1877 2604 egregium
1910 2531 2055 2586 Nam

393 2628 503 2684 etsi
542 2626 826 2699 injuriam
860 2640 981 2680 non
1013 2622 1287 2694 accipiat,
1315 2620 1529 2691 inquit,
1556 2618 1741 2675 frater
1768 2619 1869 2690 qui
1896 2618 2059 2674 inﬁr-

392 2734 529 2775 mus
560 2723 669 2781 est,
703 2731 779 2770 ne
814 2713 895 2770 ita
926 2711 1167 2785 quidem
1205 2710 1432 2780 aliquid
1478 2726 1684 2765 eorum
1716 2726 1848 2780 quae
1882 2708 2055 2765 laude

403 2808 583 2881 digna
608 2812 749 2863 sunt
774 2803 1042 2861 effeceris
1070 2819 1082 2857 :
1116 2807 1219 2859 aut
1241 2818 1371 2873 qua)
1399 2801 1460 2855 in
1491 2816 1740 2873 regnum
1772 2799 2054 2855 cceloruzn

402 2897 686 2953 inducere
737 2894 827 2950 vel
856 2891 1276 2950 commendare
1312 2889 1562 2963 possint.
1596 2888 1746 2955 Quid
1778 2888 1935 2944 enim
1971 2894 2061 2945 est

399 2985 575 3043 edere
599 2992 701 3043 aut
727 3001 848 3041 non
872 2982 1048 3039 edere
1072 2981 1100 3038 ?
1129 3003 1148 3030 ι
1176 2980 1476 3053 Siquidem
1504 2995 1698 3050 neque
1722 2979 1769 3034 si
1790 2978 2063 3035 comeda-

390 3094 547 3146 mus,
587 3074 817 3148 aliquid
848 3072 1022 3129 nobis
1053 3071 1253 3144 magni
1299 3068 1548 3126 accedit.
1582 3090 1610 3119 ››
1647 3068 1764 3125 Hoc
1797 3073 1906 3136 est,
1939 3085 2060 3125 non

393 3166 541 3241 grati
559 3182 769 3223 sumus
784 3162 943 3236 apud
959 3168 1141 3218 Deum
1158 3166 1439 3233 tanquam
1459 3158 1653 3231 magni
1673 3156 1902 3230 aliquid
1920 3175 2065 3231 prse-

402 3255 758 3317 stiterimus,
781 3258 840 3309 et
861 3251 1186 3309 crescimus
1217 3251 1278 3305 in
1306 3249 1500 3306 laude.
1529 3247 1622 3304 Illi
1654 3248 1815 3304 enim
1848 3264 1919 3304 ex
1949 3247 2062 3305 hoc

2158 2026 2189 2056 «
2221 2007 2426 2079 Βρῶμα
2484 2000 2541 2058 δὲ
2592 2005 2739 2077 ἡμᾶς
2788 2000 2849 2058 οὗ
2898 2000 3193 2077 παρίστησι
3221 2004 3301 2074 τῷ
3331 2003 3470 2072 Θεῷ.
3505 2023 3533 2051 ιι
3563 2000 3680 2056 Ἵνα
3712 1998 3816 2071 μὴ,

2156 2093 2250 2148 οἷα
2289 2091 2453 2163 εἰκὸς,
2515 2092 2760 2149 εἴπωσιν
2803 2092 2947 2167 Ἐγὼ
3002 2092 3213 2166 καθαρᾷ
3272 2089 3433 2146 ἰστίω
3490 2084 3819 2159 συνειδήσει,

2154 2180 2245 2236 καὶ
2274 2180 2327 2237 τί
2360 2203 2454 2256 μοι
2489 2179 2645 2256 μέλει
2700 2179 2754 2237 εἴ
2776 2202 2858 2244 τις
2916 2177 2988 2235 δι’
3043 2179 3314 2245 ἀσθένειαν
3364 2174 3819 2247 σκανδαλίζεται;

2157 2268 2424 2327 δείκνυσιν
2458 2270 2542 2327 ὅτι
2572 2269 2663 2326 καὶ
2714 2269 2846 2326 αὐτὸ
2901 2269 2964 2325 τὸ
3021 2273 3208 2347 φαγεῖν
3241 2268 3317 2331 ὡς
3347 2265 3435 2324 ἐπὶ
3465 2267 3821 2346 καταφρονή-

2157 2379 2237 2415 σει
2266 2363 2375 2415 τῶν
2405 2356 2675 2427 εἰδώλων,
2729 2356 2887 2414 οὐδὲν
2947 2358 3193 2433 γενναῖόν
3252 2355 3388 2413 ἔστι.
3451 2355 3557 2411 Κᾶν
3599 2355 3703 2433 γὶρ
3742 2357 3819 2428 μὴ

2157 2445 2431 2519 ἠδικεῖτο,
2464 2469 2653 2527 φησιν,
2711 2448 2739 2504 ὁ
2786 2445 3022 2521 ἀδελφὸς
3077 2446 3306 2515 ἀσθενῆς
3355 2444 3455 2513 ὢν,
3490 2443 3615 2502 οὐδὲ
3645 2443 3821 2507 οὕτως

2158 2559 2212 2592 τι
2268 2543 2376 2594 τῶν
2430 2536 2835 2613 ἐπαινουμὲνων
2892 2535 3112 2602 ἐποῖεις,
3145 2533 3181 2606 ἤ
3231 2539 3339 2592 τῶν
3404 2534 3482 2598 είς
3538 2533 3822 2611 βασιλείαν

2157 2631 2256 2683 τοῦ
2289 2632 2424 2684 Θεοῦ
2453 2628 2764 2707 εἰσαγαγεῖν
2817 2626 2909 2683 καὶ
2966 2632 3313 2700 παραστῆσαι
3366 2622 3707 2701 δυναμένων.
3761 2625 3823 2681 Τί

2160 2716 2262 2792 γάρ
2286 2717 2396 2773 ἐστι
2430 2723 2620 2793 φαγεῖν
2652 2717 2744 2773 καὶ
2778 2718 2854 2790 μή
2887 2722 3077 2795 φαγεῖν
3105 2734 3120 2786 ;
3156 2741 3181 2767 ‹‹
3207 2713 3348 2773 Οὔτε
3375 2715 3475 2791 γὰρ
3509 2715 3599 2771 ἑάν
3632 2717 3822 2793 φάγω-

2166 2825 2260 2879 μεν
2322 2805 2800 2881 περισσεύομεν.»
2858 2805 3173 2876 Τουτὲστιν,
3205 2803 3624 2879 Εὐδοκιμῶμεν
3676 2804 3822 2880 παρά

2164 2900 2282 2969 Θεῷ
2311 2896 2388 2959 ὡς
2442 2895 2582 2974 μέγα
2636 2918 2688 2953 τι
2748 2897 3135 2968 πεποιηκότες,
3193 2896 3283 2951 καὶ
3338 2896 3727 2972 περισσεύομεν
3762 2894 3815 2950 ἓν

2165 2984 2394 3059 ἐπαίνῳ.
2456 2980 2854 3060 Ένηϐρῦνοντο
2913 2988 3020 3062 γὰρ
3074 2983 3274 3041 ἐκεῖνοι
3330 2982 3415 3040 ἐπὶ
3474 2983 3668 3056 τούτῳ,
3725 2983 3816 3038 καὶ

2168 3073 2435 3131 δείκνυσιν
2493 3074 2689 3139 αὐτοὺς
2749 3072 2902 3132 οὐδὲν
2957 3079 3274 3138 ποιοῦντας.
3343 3099 3370 3130 ιι
3425 3070 3564 3132 Οῧτε
3618 3073 3706 3128 ἒςίν
3740 3072 3820 3147 μὴ

2168 3164 2827 3242 φάγωμενῦστερούμεθα.
2861 3189 2891 3219 ››
2947 3166 3263 3235 Τουτέστιν,
3319 3161 3727 3241 Ἐλαττοῦμεθα
3769 3160 3823 3218 ἂν

2169 3252 2395 3329 ἐπαίνῳ.

406 3343 847 3403 extollebantur
880 3358 893 3396 :
928 3348 985 3396 et
1033 3337 1300 3396 ostendit
1354 3354 1453 3393 eos
1483 3338 1736 3393 nihilex
1783 3353 1854 3394 ea
1896 3354 1959 3394 re
2012 3340 2226 3402 facere.
2263 3367 2290 3395 α
2338 3347 2539 3418 Neque
2588 3345 2637 3401 si
2697 3363 2821 3403 non
2850 3345 3256 3418 comedamus,
3297 3346 3624 3419 quidquam
3654 3344 3830 3403 nobis

407 3432 595 3490 deest.
629 3455 657 3483 »
690 3432 810 3486 Hoc
841 3435 950 3496 est,
983 3447 1104 3485 non
1136 3427 1449 3484 inferiores
1478 3427 1540 3482 in
1575 3426 1748 3483 laude
1781 3443 2007 3484 sumus.

468 3521 631 3593 ινιιι,
664 3523 822 3578 9-12.
853 3519 960 3577 Sed
988 3520 1166 3575 videte
1213 3534 1282 3573 ne
1311 3534 1419 3590 quo
1467 3518 1631 3573 modo
1668 3524 1915 3588 potestas
1944 3519 2049 3577 haec

2241 3520 2481 3580 Βλέπετε
2538 3522 2597 3580 δι
2657 3526 2733 3599 μή
2790 3546 2908 3588 πως
2964 3526 2999 3595 ἡ
3054 3523 3269 3596 ἐξουσία
3327 3525 3479 3598 ὑμῶν
3519 3522 3656 3595 αὕτη
3686 3524 3827 3599 πρό-

408 3619 587 3670 vestra
618 3610 948 3683 oﬂ‘endicuio
998 3613 1097 3679 ﬁat
1144 3610 1211 3663 iis
1254 3609 1354 3679 qui
1399 3606 1612 3678 inﬁrmi
1655 3614 1801 3664 sunt.
1847 3610 2059 3666 Etenim

408 3706 456 3760 si
484 3704 609 3775 quis
638 3701 984 3773 conspexerit
1029 3705 1079 3754 te
1109 3698 1214 3771 qui
1259 3697 1420 3753 habes
1468 3699 1775 3767 scientiam,
1808 3698 1869 3755 in
1899 3700 2061 3772 epulo

408 3791 692 3852 idolorum
720 3791 1145 3856 accumbentem,
1180 3805 1363 3845 nonne
1413 3791 1747 3845 conscientia
1791 3790 1908 3861 ejus
1936 3807 2061 3847 cum

406 3888 657 3956 inﬁrmus
687 3883 780 3949 sit,
816 3881 1185 3952 adiﬁcabitur
1212 3879 1287 3935 ad
1315 3879 1581 3935 edendum
1610 3895 1734 3951 quae
1763 3879 1928 3937 idolis
1953 3882 2058 3936 im-

408 3976 617 4033 molata
644 3974 819 4030 sunt?
848 3974 919 4028 Et
962 3971 1171 4042 peribit
1217 3969 1318 4041 qui
1362 3972 1614 4039 inﬁrmus
1663 3976 1738 4026 est
1784 3972 1963 4039 frater
1990 3972 2060 4028 ob

406 4075 561 4121 tuam
590 4065 896 4130 scientiam,
920 4067 1151 4132 propter
1193 4076 1351 4131 quem
1400 4059 1646 4115 Christus
1674 4066 1919 4116 mortuus
1960 4067 2057 4116 est.

405 4156 495 4211 Sic
526 4160 709 4208 autem
731 4157 1024 4222 peccantes
1066 4152 1126 4203 in
1171 4152 1396 4217 fratres,
1446 4155 1499 4204 et
1523 4151 1895 4219 percutientes
1924 4165 2057 4205 con-

404 4244 691 4299 scientiam
720 4242 943 4295 illorum
978 4241 1272 4309 inﬁrmam,
1304 4238 1364 4292 in
1396 4238 1667 4293 Christum
1693 4242 1949 4309 peccatis.

480 4330 779 4388 Terrentis
830 4346 1025 4386 sermo
1076 4334 1183 4384 est.
1219 4351 1246 4377 «
1282 4328 1361 4382 Ne
1411 4344 1527 4399 quo
1575 4327 1752 4384 modo
1799 4334 2059 4400 potestas

412 4424 556 4477 haec.
593 4443 621 4471 ››
680 4421 806 4475 Non
865 4417 1033 4481 dixit,
1090 4417 1367 4485 Scientia,
1418 4423 1520 4473 aut
1565 4418 1894 4485 Perfectio;
1930 4418 2059 4487 sed,

412 4536 440 4563 ‹‹
476 4514 763 4579 Potestas,
803 4533 829 4559 ››
862 4508 1019 4581 quod
1050 4507 1443 4564 immodestia:
1476 4514 1565 4564 est
1595 4514 1651 4563 et
1680 4511 2055 4583 arrogantia}.

412 4624 435 4655 (ι
471 4599 841 4659 Οίΐειιάὶςυιο
873 4599 996 4665 fiat,
1033 4621 1057 4649 υ
1110 4597 1222 4654 hoc
1271 4605 1379 4655 est.
1413 4597 1730 4655 offensioni
1785 4606 1841 4655 et
1886 4617 2055 4656 ever-

405 4692 579 4749 sioni.
612 4692 826 4749 Dicens
860 4695 1059 4746 autem
1086 4706 1099 4743 :
1126 4710 1153 4737 α
1190 4687 1265 4743 lis
1287 4687 1388 4759 qui
1421 4687 1644 4743 infirmi
1677 4694 1836 4757 sunt,
1870 4712 1899 4739 ‹‹
1932 4706 2055 4746 car-

397 4783 485 4855 pit
515 4783 677 4855 ipsos
704 4778 861 4853 quod
886 4796 960 4835 ne
984 4779 1239 4834 infirmis
1263 4778 1504 4849 quidem
1529 4785 1843 4849 parcerent
1861 4779 2056 4835 fratri-

401 4873 535 4937 bus,
566 4873 784 4944 quibus
834 4869 1149 4943 oportebat
1201 4869 1379 4924 etiam
1429 4884 1673 4923 manum
1725 4869 2049 4941 porrigere.

402 4985 431 5012 ‹‹
463 4964 539 5018 Te
572 4963 672 5032 qui
704 4961 889 5017 habes
920 4957 1251 5016 scientiam.
1291 4981 1318 5008 ››
1353 4959 1428 5013 Te
1460 4957 1585 5029 qui,
1616 4963 1681 5013 ut
1711 4957 1884 5021 dicis,
1917 4974 2055 5029 per-

399 5044 591 5107 fectus
624 5069 705 5108 es.
741 5074 767 5101 ‹‹
802 5052 1005 5106 Nonne
1049 5048 1415 5105 conscientia
1458 5049 1607 5117 ejus.
1647 5070 1668 5096 ι
1704 5050 1920 5103 Annon
1951 5064 2052 5103 oc-

400 5141 705 5196 casionem
734 5144 928 5195 sumet
946 5145 1015 5195 ut
1043 5139 1179 5194 edat
1201 5155 1331 5209 quae
1362 5136 1539 5192 idolis
1563 5137 2050 5208 suntimmolata,

400 5235 752 5285 cumtamen
781 5234 949 5299 putet
966 5227 1124 5283 idola
1143 5225 1371 5298 aliquid
1395 5242 1525 5281 esse
1545 5225 1573 5281 τὶ
1595 5226 1806 5282 Dicens
1829 5234 2049 5298 autem,

398 5340 426 5368 ‹‹
460 5317 886 5379 ΑΞιΙὶδςίώἰιυν,
951 5340 977 5366 υ
1029 5316 1291 5373 ostendit
1339 5314 1497 5387 quod
1548 5315 1928 5373 imbecillitas
1978 5318 2049 5374 il-

396 5406 514 5463 lius
548 5407 733 5480 magis
764 5406 1089 5481 augebitur.
1127 5430 1152 5455 «
1188 5408 1258 5461 Et
1285 5404 1504 5478 peribit
1530 5407 1631 5476 qui
1666 5405 1940 5463 inﬁrmus
1961 5414 2053 5465 est

392 5494 598 5553 frater.
634 5517 658 5546 ο
698 5496 941 5568 Fielque
975 5501 1074 5552 tua
1104 5496 1390 5568 perfectio
1431 5493 1603 5551 alteri
1651 5495 1883 5552 occasio
1916 5514 2047 5571 per-

396 5586 665 5644 ditionis.
698 5586 849 5645 495
887 5607 911 5640 ι
939 5587 1190 5659 Propter
1238 5601 1418 5657 quem
1466 5584 1736 5643 Christus
1775 5594 2047 5646 mortuus

393 5683 502 5736 est.
536 5698 566 5727 υ
597 5677 888 5745 Christus,
921 5676 1141 5750 inquit,
1172 5690 1369 5750 neque
1398 5676 1550 5735 mori
1580 5692 1689 5750 pro
1721 5676 1850 5750 ipso
1882 5694 2046 5736 recu-

392 5767 565 5839 savit,
584 5772 648 5825 tu
676 5782 814 5825 vero
836 5781 1032 5841 neque
1052 5764 1127 5821 ad
1149 5764 1420 5821 ciborum
1452 5767 1849 5837 quorumdam
1869 5766 2048 5826 absti-

2166 3632 2393 3687 σκομμα
2448 3612 2672 3689 γίνηται
2730 3619 2849 3679 τοῖς
2931 3614 3268 3680 ἀσθενοῦσιν.
3352 3614 3476 3672 Ἐὰν
3554 3612 3658 3691 γὰρ
3743 3634 3829 3677 τις

2166 3697 2257 3776 ἴδῃ
2316 3721 2375 3758 σε
2422 3701 2513 3758 τὸν
2566 3695 2763 3778 ἔχοντα
2844 3707 3045 3781 γνῶσιν
3126 3701 3179 3758 ὲν
3255 3699 3528 3775 εἰδωλείῳ
3578 3702 3828 3758 κατακεί·

2168 3812 2355 3866 μενον,
2409 3793 2543 3873 οὐχὶ
2602 3795 2637 3864 ἡ
2694 3791 3001 3866 συνείδησις
3086 3792 3250 3850 αὐτοῦ
3332 3793 3587 3856 ἀσθενοῦς
3664 3791 3821 3856 ὄντος

2166 3878 2665 3956 οἰκοδομηθήσεται
2742 3883 2818 3945 εἷς
2900 3884 2963 3939 τὸ
3044 3883 3112 3938 τὰ
3185 3879 3525 3948 εἰδωλόθυτα
3582 3881 3821 3953 ﬁctilem;

2164 3971 2254 4026 καὶ
2313 3969 2600 4028 ἀπολεῖται
2660 3974 2687 4029 ὁ
2737 3972 2974 4028 ἀσθενῶν
3033 3969 3271 4051 ἀδελφὸς
3303 3971 3392 4028 ἐπὶ
3420 3976 3490 4047 τῇ
3522 3975 3592 4046 σῇ
3622 3972 3822 4046 γνώσει

2167 4057 2238 4115 δι’
2297 4056 2354 4116 ὅν
2412 4062 2641 4138 Χριστὸς
2690 4061 2968 4119 ἀπέθανεν.
3037 4060 3226 4124 Οὕτως
3304 4059 3362 4116 δὲ
3419 4060 3825 4136 ἁμαρτάνοντες

2167 4149 2243 4213 εἷς
2307 4151 2438 4214 τοὺς
2533 4149 2829 4225 ἀδελφοὺς,
2921 4150 3012 4207 καὶ
3102 4151 3399 4214 τύπτοντες
3484 4151 3661 4206 αὐτῶν
3722 4151 3827 4220 τὴν

2168 4238 2467 4310 συνείδησιν
2549 4242 2899 4313 ἀσθενοῦσαν,
2987 4240 3065 4307 εἷς
3147 4241 3384 4317 Χριστὸν
3467 4239 3829 4316 ἁμαρτάνετε.

2238 4328 2561 4396 Φοϐοῦντος
2591 4333 2620 4387 ὁ
2652 4330 2838 4408 λόγος.
2874 4357 2902 4385 ιι
2935 4334 3025 4402 Μή
3083 4352 3201 4394 πως
3259 4333 3294 4401 ἡ
3356 4330 3569 4403 ἐξουσία
3599 4330 3756 4401 αὕτη.
3800 4354 3829 4382 ››

2164 4420 2284 4478 Οὐκ
2320 4422 2490 4493 εἶπεν,
2544 4422 2607 4480 Ἦ
2663 4427 2889 4501 γνῶσις,
2939 4419 3000 4491 ἤ,
3055 4426 3118 4479 'll
3176 4419 3482 4493 τελειότης,
3516 4418 3666 4486 ἀλλ’,
3703 4444 3724 4472 ι
3759 4419 3828 4478 Ἦ

2164 4510 2399 4585 ἐξουσία,
2456 4535 2477 4565 ι
2539 4514 2673 4589 ’ὀπερ
2750 4510 3076 4588 προπετείας
3153 4508 3266 4567 ἐστὶ
3340 4512 3430 4566 καὶ
3506 4507 3831 4580 ἀλαζονείας

2168 4602 2404 4677 μᾶλλον.
2460 4628 2489 4655 ι(
2544 4603 2890 4676 Πρόσδιομμα
2934 4598 3181 4679 γὲνηται.
3229 4625 3257 4650 τι
3307 4597 3843 4657 Τουτὲστισκάνδα-

2163 4691 2284 4762 λον,
2341 4694 2712 4769 καταστροφή.
2771 4691 2957 4748 Εἰπὼν
3014 4687 3091 4760 δὲ,
3164 4715 3193 4744 (ι
3239 4692 3373 4753 Τοῖς
3428 4691 3760 4757 ἀσθενοῦσιν,
3795 4712 3825 4743 υ

2161 4780 2397 4837 αἰτιᾶται
2446 4780 2662 4850 αὐτοὺς,
2712 4779 2797 4837 ὅτι
2848 4779 2975 4836 οὐδὲ
3024 4784 3134 4835 τῶν
3182 4777 3555 4845 ἀσθενούντων
3610 4776 3826 4854 φείδον-

2161 4890 2249 4927 ται
2299 4868 2574 4951 ἀδελφῶν,
2626 4871 2713 4934 οἷς
2763 4867 2871 4926 ἔδει
2919 4870 3009 4927 καὶ
3058 4875 3222 4948 χεῖρα
3274 4865 3501 4947 ὀρέγειν.
3553 4893 3582 4922 ‹‹
3615 4871 3683 4924 Σὲ
3733 4869 3827 4926 τὸν

2163 4960 2362 5036 ἔχοντα
2430 4964 2654 5039 γνῶσιν.
2703 4987 2725 5017 ι
2785 4961 2911 5026 Τὸν,
2977 4960 3051 5023 ὡς
3115 4959 3321 5035 λέγεις,
3390 4957 3605 5015 τέλειον
3669 4954 3822 5017 ὄντα.

2170 5076 2191 5101 ι
2216 5050 2357 5127 Οὐχὶ
2389 5054 2423 5120 ἡ
2459 5049 2764 5123 συνείδησις
2811 5050 2998 5106 αὐτοῦ.
3038 5074 3066 5103 ››
3116 5050 3234 5109 Οὐκ
3276 5050 3400 5125 ἆρα,
3434 5069 3616 5126 φησιν,
3648 5047 3822 5125 ἀφορι-

2166 5141 2276 5215 μὴν
2307 5136 2452 5216 λόϐῂ
2484 5140 2707 5206 ἐσθείειν
2736 5140 2804 5196 τὰ
2844 5138 3206 5207 εἰδωλόθυτα,
3237 5141 3327 5195 καὶ
3362 5135 3568 5201 οἴεσθαι
3599 5136 3737 5191 εἶναί
3765 5156 3819 5192 τι

2161 5229 2228 5284 τά
2260 5226 2502 5298 ε’ῗδωλα;
2556 5228 2739 5286 Εἰπὼν
2784 5225 2863 5292 δὲ,
2914 5254 2941 5280 ‹‹
2971 5225 3513 5302 Οἳκοδομηθησεται,
3550 5252 3572 5281 ι
3610 5221 3816 5281 δείκνυ-

2161 5339 2245 5373 σιν
2294 5318 2378 5373 δτι
2434 5317 2523 5374 ἐπὶ
2584 5317 2775 5375 πλεῖον
2833 5317 2997 5375 οὖτοῦ
3050 5320 3085 5389 ἡ
3146 5316 3391 5383 ἀσθένεια
3435 5317 3822 5390 αὐξηθήσεται.

2160 5432 2189 5461 ‹‹
2225 5408 2322 5463 Καὶ
2371 5405 2658 5464 ἀπολεῖται
2708 5410 2736 5464 ὁ
2785 5408 3020 5463 ἀσθενῶν
3065 5404 3324 5487 ἀδελφός.
3360 5433 3389 5462 ››
3442 5409 3547 5465 Καὶ
3597 5408 3829 5484 γενήσε-

2156 5518 2247 5554 ται
2274 5496 2545 5575 πρόφασις
2591 5499 2627 5567 ἡ
2675 5499 2743 5566 σὴ
2787 5496 3070 5567 τελειότης
3116 5498 3286 5573 ὲτέρῳ
3339 5496 3642 5562 ἀπωλείας.
3678 5524 3706 5551 ‹‹
3741 5499 3824 5555 Δι’

2159 5587 2217 5644 δν
2263 5586 2503 5664 Χριστὸς
2548 5586 2826 5654 ἀπέθανεν.
2875 5610 2905 5642 »
2959 5587 3064 5646 Καὶ
3115 5588 3144 5643 ὁ
3191 5588 3290 5662 μὶν
3335 5588 3591 5665 Χριστὸς,
3633 5587 3826 5668 φησὶν,

2157 5673 2284 5734 οὐδὲ
2314 5676 2602 5743 ἀποθανεῖν
2657 5676 2793 5755 ὑπὲρ
2840 5675 3007 5734 αὐτοῦ
3053 5679 3436 5755 παρῃτήσατο,
3486 5678 3550 5734 σὺ
3599 5675 3659 5734 δὲ
3698 5673 3826 5733 οὐδὶ

2155 5763 2279 5844 ἕχρι
2364 5766 2678 5847 βρωμάτων
2760 5768 2987 5844 ἀποχῆς
3064 5760 3537 5847 συγκαταϐαίνεις,
3583 5765 3677 5825 ’ἶνα
3736 5764 3823 5843 μὴ
