4118 6412
299 443 421 504 753

1309 431 1719 497 COMMENT.
1756 429 1844 492 ‘IN
1890 425 2139 489 EPIST.
2174 426 2200 488 Ι
2245 426 2350 489 AD
2392 425 2761 489 OORINTH.

3606 425 3728 488 754

305 571 767 645 σκανδαλίζησαι.
805 596 826 623 u
860 570 967 630 Καὶ
1016 568 1314 630 τύπτοντες
1361 566 1542 625 αὐτῶν
1585 566 1685 635 τὴν
1723 559 1963 633 συνείδη-

2082 561 2351 619 nentiam
2374 566 2491 617 tete
2513 559 2798 629 demittis,
2815 562 3327 620 neotl'endiculum
3341 561 3733 635 patiatur.«Et

305 686 410 722 σιν.
434 674 477 716 ’››
509 662 631 719 Οὐκ
660 660 800 729 εἶπε,
850 655 1340 730 Σκανδαλίζοντες,
1394 653 1543 714 ἀλλᾶ
1568 654 1634 712 τὸ
1663 646 1967 727 ὠμότερον,

304 781 333 809 ‹‹
369 754 702 813 Τύπτοντες,
737 775 766 804 ››
818 751 884 806 Τί
943 749 1049 825 γάρ
1105 748 1389 823 ὠμότερον
1423 749 1520 802 τοῦ
1550 744 1845 802 τύπτοντος
1876 741 1967 796 τὸν

303 845 502 911 ἀσθενῆ
536 862 552 912 ἶ
624 865 653 895 ‹‹
690 840 785 905 Ei:
832 839 1062 916 Χριστὸν
1110 838 1468 912 ἁμαρτάνετε·
1503 857 1531 885 ’⁸
1574 837 1696 894 Πῶς
1728 831 1804 892 ἐς
1835 849 1968 903 Χρμ

305 935 431 991 στὸν
491 930 781 1002 πταίομεν,
840 930 1234 1004 ἁμαρτάνοντες
1319 923 1395 986 εἰς
1471 922 1600 984 τοῦς
1657 917 1966 996 ἀδελφούςς

258 1030 261 1031 ⁷
305 1029 432 1085 ἰιῶς
459 1043 473 1082 :
507 1021 590 1077 ὅτι
622 1022 693 1077 τά
720 1023 829 1075 τῶν
860 1017 1105 1083 οἶκετιῖιν,
1147 1015 1225 1077 ὡς
1280 1013 1580 1083 Δεσπότης,
1613 1011 1969 1066 οἶκειοποιεῖ-

302 1132 412 1169 τιαι⁸
446 1111 537 1167 καὶ
568 1112 654 1166 ὅτι
704 1108 783 1170 εἰς
843 1126 1006 1181 σωμα
1062 1104 1228 1161 αὐτοῦ
1284 1102 1534 1159 τελοῦσιν
1564 1101 1617 1157 οἱ
1647 1098 1967 1171 πληττόμε-

299 1223 409 1267 νοι,
442 1200 534 1256 καὶ
589 1200 621 1256 δ
675 1198 878 1260 ἒκεῖνος
937 1194 1029 1251 διὰ
1082 1200 1186 1263 τῆς
1243 1191 1446 1254 οἰκείας
1474 1191 1803 1266 κατώρθωσε
1831 1208 1968 1269 σιρα-

298 1297 426 1370 γῆς,
485 1290 550 1347 σὺ
598 1286 691 1344 διὰ
744 1287 1044 1363 βρώματος
1100 1281 1407 1345 καταλύεις.
1465 1281 1567 1338 Καὶ
1598 1278 1651 1336 τί
1675 1279 1870 1355 γένοιτ’
1902 1274 1965 1332 ἃν

300 1381 498 1439 τούτου
527 1378 880 1457 ἀλογώτερον
911 1395 927 1446 ;

374 1564 576 1641 Διόπερ
678 1561 724 1620 εἱ
814 1558 1013 1638 βρώμα
1098 1553 1442 1627 σκανδαλίζει
1556 1552 1646 1611 θεὸν
1725 1549 1960 1631 ἀδελφόν

309 1677 439 1730 μου,
493 1655 560 1711 οῦ
623 1653 699 1726 μὴ
761 1655 922 1732 φάγω
994 1647 1125 1722 κρέα
1201 1647 1277 1709 εἰς
1342 1646 1433 1702 τὸν
1486 1644 1683 1707 αἰῶνα,
1738 1642 1825 1698 ἳνα
1883 1644 1961 1713 μή

303 1745 397 1801 τὸν
455 1740 689 1825 ἀδελφόν
778 1731 886 1813 μου
976 1734 1348 1794 σκανδαλίσω.
1443 1735 1560 1792 Οὔκ
1642 1731 1757 1807 εἰμὶ
1824 1731 1965 1788 ἀπό-

308 1830 549 1900 στολοςς
606 1824 705 1886 οὐκ
758 1829 873 1904 εδμὶ
957 1826 1279 1898 ἐλεόθεροςς
1337 1824 1469 1905 οὐχὶ
1554 1824 1767 1892 Ἰησοῦν
1824 1824 1963 1895 Χρι-

2075 653 2482 727 percutientes
2524 653 2954 711 conscientiam
3001 653 3263 711 illorum.
3299 676 3327 705 »
3359 655 3485 711 Non
3524 648 3727 712 dixit:

2075 743 2516 801 OlTendiculum
2557 751 2886 816 ponentes;
2920 744 3042 800 sed.
3078 743 3235 815 quod
3279 743 3581 800 crudelius
3612 748 3726 810 est,

2077 855 2105 883 «
2136 834 2566 891 Percutientes.
2604 857 2631 882 »ι
2664 833 2815 900 Quid
2848 833 3006 888 enim
3041 850 3110 889 eo
3141 833 3441 890 crudelius
3472 841 3583 891 est.
3623 834 3724 906 qui

2073 924 2380 980 infirmum
2413 923 2686 982 verberat
2709 925 2779 981 ?«
2809 926 2874 980 In
2898 924 3193 979 Christum
3221 924 3493 996 peccatis.
3513 944 3539 974 η
3569 926 3725 988 Quo-

2072 1014 2322 1071 modoin
2338 1014 2632 1070 Christum
2655 1014 2912 1071 labimur
2928 1030 3061 1070 cum
3078 1014 3137 1068 in
3154 1014 3363 1069 fratres
3383 1012 3728 1084 peccamus?

2073 1107 2379 1174 Quomodo
2406 1108 2434 1163 ?
2464 1108 2605 1179 quia
2638 1114 2922 1178 tanquam
2947 1107 3235 1162 Dominus
3266 1122 3373 1161 sua
3402 1105 3567 1161 ducit
3595 1121 3725 1177 quas

2074 1216 2383 1256 servorum
2414 1206 2573 1269 sunt,
2598 1199 2832 1272 sibique
2863 1198 3142 1261 vindicat,
3169 1204 3228 1253 et
3250 1197 3392 1269 quia
3417 1196 3490 1253 ad
3515 1212 3728 1269 corpus

2073 1288 2203 1361 ejus
2233 1296 2559 1346 censentur
2587 1291 2688 1362 qui
2721 1289 3173 1362 percutiuntur:
3206 1294 3266 1344 et
3297 1286 3455 1360 quod
3488 1287 3589 1342 ille
3622 1303 3731 1343 sua

2071 1386 2263 1436 morte
2296 1380 2578 1452 provexit,
2612 1380 2725 1436 hoc
2761 1386 2821 1434 tu
2852 1395 2960 1452 per
2987 1394 3184 1434 escam
3229 1376 3504 1434 dissolvis
3533 1392 3547 1433 :
3582 1375 3728 1450 quid

2071 1474 2270 1526 autem
2303 1469 2431 1525 ﬁeri
2464 1475 2658 1542 potest
2687 1469 2798 1526 hac
2827 1484 2892 1523 re
2920 1468 3237 1523 absurdius
3258 1466 3286 1524 ?

2142 1559 2296 1619 Vill,
2334 1561 2431 1626 l3;
2469 1559 2560 1629 IX,
2596 1561 2647 1624 1,
2678 1562 2732 1614 2.
2765 1561 3113 1629 Quapropter
3155 1559 3204 1612 si
3240 1572 3360 1614 esca
3388 1553 3723 1628 offendicula

2071 1655 2149 1706 est
2176 1650 2348 1720 fratri
2374 1665 2514 1714 meo,
2563 1664 2916 1720 nequaquam
2946 1663 3141 1709 uescar,
3180 1648 3437 1703 carnibus
3468 1648 3527 1701 in
3554 1652 3723 1703 .z‘ter-

2070 1756 2227 1807 num,
2257 1756 2327 1795 ne
2381 1738 2558 1811 fratri
2612 1756 2731 1795 meo
2784 1742 2889 1795 sim
2944 1738 3302 1811 oﬂ'endiculo.
3365 1745 3561 1793 Annon
3605 1753 3726 1793 sum

2074 1831 2404 1902 apostolus?
2433 1832 2627 1886 Annon
2683 1845 2804 1883 sum
2858 1829 3044 1884 liber?
3081 1844 3271 1883 annon
3325 1829 3507 1883 Iesum
3562 1828 3727 1885 Chri-

316 1923 439 1978 στὸν
486 1921 577 1977 τὸν
632 1920 831 1988 Κύριον
891 1920 1054 1992 ἡμῶν
1110 1916 1364 1990 ἓώρακα;
1417 1914 1479 1969 οὗ
1529 1912 1591 1968 τὸ
1636 1906 1792 1988 ἔργον
1856 1932 1962 1984 μου

2073 1926 2215 1977 stum
2272 1921 2565 1975 Dominum
2616 1925 2866 1974 nostrum
2911 1920 3080 1974 vidi?
3131 1935 3319 1975 annon
3368 1934 3504 1989 opus
3550 1934 3731 1975 meum

312 2014 470 2086 ὑμεῖς
523 2010 639 2068 ἐστε
696 2009 751 2067 ἐν
809 2009 1035 2085 Κυρίῳ;
1089 2007 1162 2065 Εἴ
1218 2004 1417 2067 ἄλλοις
1476 2004 1583 2061 οὐκ
1653 2003 1769 2078 εἶμὶ
1827 2002 1968 2059 ἀπό-

302 2100 526 2171 στολος,
587 2098 736 2157 ἀλλὰ
786 2120 851 2175 γε
909 2100 1036 2172 ὑμῖν
1104 2098 1241 2170 εἶμι.
1301 2096 1365 2153 Ἦ
1415 2094 1518 2172 γαρ
1578 2093 1809 2173 σφραγὶς
1864 2098 1965 2162 τῆς

300 2190 441 2268 ἆμῆς
474 2189 793 2259 ἀποστολῆς
827 2190 984 2262 ὑμεῖς
1012 2185 1133 2245 ἐστε
1162 2186 1214 2242 ὲν
1244 2185 1454 2262 Κυρίῳ.

369 2282 547 2341 Τοῦτο
601 2278 842 2354 μάλιστα
896 2276 1123 2353 ἀρίστου
1177 2272 1533 2345 διδασκάλου,
1566 2274 1628 2331 τὸ
1677 2271 1730 2346 ἐξ
1769 2273 1963 2329 ἑαυτοῦ

300 2367 600 2429 παιδεύειν.
633 2370 838 2443 Ὑμεῖς,
889 2367 1071 2445 φησὶν,
1133 2362 1264 2421 οὐδὲ
1313 2360 1694 2427 εἰδωλοθύτων
1733 2366 1841 2418 τῶν
1872 2360 1965 2416 καὶ

302 2458 490 2523 ἄλλως
547 2456 1012 2534 ἀπηγορευμένων
1066 2451 1332 2537 φείδεσθε,
1395 2452 1529 2528 ὑπὲρ
1558 2454 1657 2508 τοῦ
1691 2452 1766 2522 μὴ
1801 2470 1962 2505 σκαν-

302 2548 522 2608 δαλίται
581 2545 841 2620 ἀδελφόν.
902 2544 1047 2622 Ἐγὼ
1118 2542 1176 2601 εὶ
1230 2544 1285 2600 τί
1333 2542 1478 2621 λίγω
1537 2538 1961 2612 εἷδωλοθῦτωνς

302 2636 431 2698 οὖόὶ
462 2636 642 2696 ὀιλλου
672 2635 733 2693 ἂν
787 2634 922 2711 atat
930 2655 1038 2711 μην
1092 2631 1290 2703 κρέως,
1321 2632 1368 2688 εἶ
1413 2630 1475 2687 ἐκ
1503 2630 1702 2688 τούτου
1733 2626 1962 2685 σκανδα-

303 2730 509 2801 λίζεταί
565 2749 671 2792 τις.
726 2728 791 2786 Ἦ
850 2722 910 2783 δὶ
965 2723 1291 2799 παραίτησῗς
1361 2743 1488 2796 μου,
1547 2717 1696 2777 ἔσται
1746 2718 1959 2776 αἰωνία·

305 2845 327 2871 ι
363 2819 441 2879 Οὐ
477 2821 554 2892 μή
589 2820 749 2896 φάγω
802 2813 955 2889 κρέα,
986 2815 1174 2895 φησὶν,
1206 2813 1282 2876 εἷς
1311 2814 1403 2869 τὸν
1435 2811 1631 2869 αἰῶνα.
1672 2835 1700 2863 »ι
1734 2807 1959 2879 Ἐπειδῆ

299 2912 397 2988 γαρ
428 2909 596 2970 εἶπεν,
630 2930 662 2960 ‹‹
709 2906 766 2964 Εἴ
822 2906 1022 2981 βρῶμα
1072 2901 1417 2973 σκανδαλίζει
1442 2903 1535 2958 τὸν
1562 2898 1798 2982 ἀδελφόν
1831 2920 1958 2973 μου,

297 2999 359 3055 οὗ
392 3000 469 3073 μὴ
501 2997 659 3073 φάγω
690 2996 821 3071 κρέα
850 2994 928 3057 εἷς
978 2994 1071 3049 τὸν
1118 2993 1313 3063 αἰῶνα,
1350 3018 1371 3043 ιι
1403 2992 1494 3047 ἳνα
1527 2993 1603 3065 μή
1636 3012 1720 3053 τις
1750 2990 1957 3067 νομίσῃ

296 3089 384 3145 ’ὁτι
445 3087 742 3166 φιλοτιμία
798 3084 1062 3161 ῥημάτων
1122 3083 1261 3154 αὓτη
1321 3080 1444 3154 (οὐκ
1471 3080 1532 3136 ἄν
1558 3081 1661 3156 γάρ
1692 3079 1781 3135 καὶ
1812 3077 1960 3157 ἔργῳ

301 3183 471 3234 ταῦτα
525 3175 860 3252 ἐπλήρωσε),
916 3173 1271 3251 ἀναγκάζεται
1357 3169 1554 3227 λοιπὸν
1611 3168 1781 3241 δεῖξαι
1837 3173 1958 3232 πῶς

2074 2026 2168 2067 vos
2195 2012 2325 2065 estis
2347 2008 2407 2064 in
2425 2010 2654 2064 Domino
2673 2011 2700 2063 ?
2718 2009 2780 2065 Si
2801 2011 3016 2064 cwteris
3039 2025 3151 2064 non
3180 2024 3302 2064 sum
3332 2009 3641 2078 apostolus.
3670 2014 3731 2064 at

2070 2116 2202 2157 sane
2230 2099 2379 2156 vobis
2403 2116 2545 2166 sum,
2575 2098 2847 2171 siquidem
2873 2097 3123 2168 sigillum
3142 2098 3485 2169 apostolatus
3504 2096 3611 2154 mei
3631 2112 3726 2154 vos

2070 2193 2199 2246 estis
2221 2206 2326 2261 per
2344 2190 2660 2245 Dominum.

2142 2280 2205 2335 1n
2232 2279 2404 2351 longe
2437 2277 2645 2351 optimi
2670 2278 3054 2350 praeceptoris
3078 2282 3168 2333 est
3187 2293 3221 2333 a
3245 2277 3500 2349 propriis
3524 2276 3718 2349 operi-

2069 2369 2180 2427 bus
2213 2369 2528 2424 instruere.
2564 2368 2700 2434 Vos,
2721 2367 2938 2439 inquit,
2963 2383 3039 2422 ne
3071 2366 3143 2422 ab
3176 2366 3268 2422 his
3294 2365 3538 2437 quidem
3569 2371 3719 2423 tem-

2070 2459 2292 2534 peratis
2324 2475 2457 2531 quae
2486 2457 2664 2514 idolis
2708 2456 3019 2513 immolata
3065 2462 3223 2525 sunt,
3269 2473 3343 2512 ne
3391 2455 3560 2512 fratri
3591 2455 3721 2514 sitis

2069 2548 2450 2615 oﬂ'eudiculo,
2486 2565 2618 2622 quas
2671 2548 2851 2604 etiam
2891 2547 3117 2620 alioqui
3160 2547 3341 2603 vetita
3389 2551 3577 2603 sunt:
3612 2562 3717 2616 ego

2065 2656 2226 2708 vero,
2250 2639 2394 2713 quid
2416 2638 2547 2695 dico
2568 2628 2748 2695 idolis
2772 2636 3086 2694 immolata
3105 2637 3133 2693 ‘2
3159 2639 3358 2708 Neque
3388 2635 3569 2694 aliam
3597 2634 3719 2693 ullo

2066 2731 2245 2789 modo
2264 2746 2505 2788 carnem
2527 2727 2892 2801 attingam,si
2911 2727 3209 2799 quispiam
3227 2743 3297 2784 ex
3313 2727 3424 2782 hoc
3442 2726 3626 2782 sumit
3640 2725 3723 2783 of-

2066 2821 2431 2879 fendiculum
2444 2825 2523 2890 ,et
2538 2819 2665 2876 haec
2683 2834 2817 2876 mea
2832 2817 3167 2875 observatio
3186 2818 3298 2873 erit
3314 2814 3681 2888 sempiterna
3703 2831 3718 2871 :

2066 2940 2092 2968 ι.
2120 2917 2527 2986 Nequaquam.
2547 2912 2761 2984 inquit,
2779 2927 2981 2968 vescar
2995 2911 3275 2967 carnibus
3291 2910 3352 2965 in
3366 2915 3717 2965 aeternum.»

2064 3005 2131 3060 Et
2163 3002 2447 3075 quoniam
2478 3000 2748 3057 dixerat:
2782 3000 2838 3056 Si
2872 3015 3007 3055 esca
3041 2997 3403 3055 offendicula
3430 3003 3521 3052 est
3547 2995 3717 3052 fratri

2062 3105 2196 3147 meo
2230 3104 2608 3161 nequaquam
2639 3103 2842 3142 vescar
2870 3085 3151 3143 carnibus
3180 3085 3240 3140 in
3273 3092 3564 3140 aeternum
3595 3099 3609 3138 :
3636 3098 3712 3139 ne

2063 3178 2197 3250 quis
2231 3178 2597 3234 existimaret
2622 3178 2777 3233 hanc
2804 3176 3055 3250 gloriam
3090 3180 3321 3233 tantum
3347 3190 3478 3229 esse
3506 3172 3716 3229 verbo-

304 3267 396 3323 καὶ
449 3270 557 3322 τῶν
616 3265 1124 3341 συγκεχωρημένων
1198 3260 1469 3337 ἀπέσχετο
1530 3259 1663 3336 ὑπὲρ
1719 3262 1817 3314 τοῦ
1877 3260 1954 3334 μή

2073 3284 2224 3335 rum,
2250 3272 2309 3322 et
2337 3266 2497 3339 quod
2526 3267 2651 3323 hmo
2676 3266 2843 3323 nullo
2864 3265 3040 3322 modo
3062 3279 3240 3338 opere
3260 3262 3621 3336 compleret:
3644 3261 3719 3318 ad

303 3353 653 3413 σκανδαλίσαι
708 3355 878 3418 τινάς.
938 3353 1000 3408 Τί
1065 3352 1169 3428 γάρ
1224 3350 1396 3426 λέγω,
1455 3349 1612 3432 φησὶ,
1668 3348 1791 3426 περὶ
1847 3353 1956 3405 τῶν

302 3444 723 3515 εἷδωλοθῦτωνς
782 3444 964 3504 Αὐτοῦ
1019 3447 1119 3501 τοῦ
1177 3445 1415 3519 Χριστοῦ
1471 3440 1839 3514 ἐπιτάξαντος,
1870 3440 1963 3495 τὸν

298 3536 641 3613 κηρύσσοντα
715 3534 776 3592 ἐκ
846 3532 945 3592 τοῦ
1021 3532 1365 3609 Εὖαγγελίου
1438 3530 1656 3600 ἐσθίειν,
1715 3527 1962 3586 τουτέστι

301 3627 448 3702 παρίι
474 3630 584 3684 τῶν
634 3621 1115 3699 μαθητευομένων,
1148 3621 1410 3695 εἱλομην,
1435 3620 1484 3675 εἰ
1512 3616 1650 3691 δὲοι,
1678 3617 1771 3674 καὶ
1805 3616 1963 3693 λιμῷ

303 3719 599 3795 φθαρῆναι,
631 3715 721 3770 καὶ
767 3711 937 3788 μηδὲν
992 3712 1119 3785 παρ’
1179 3712 1333 3784 ὑμῶν
1393 3703 1604 3765 λαϐεῖν’
1641 3708 1740 3764 οὐκ
1769 3704 1956 3777 ἐπειδὴ

300 3794 641 3884 παρέχοντες
675 3824 793 3877 μοι,
827 3802 983 3879 φησὶ,
1040 3796 1481 3872 σκανδαλίζεσθε,
1506 3796 1643 3884 Δἀλλ’
1671 3797 1767 3852 ἳνα
1793 3794 1962 3853 πλέον

296 3882 693 3968 οἰκοδομῆσϐε,
748 3891 979 3964 ὁρῶντες
1034 3910 1102 3964 με
1157 3887 1430 3946 ἀδάπανον
1483 3882 1612 3943 ὅντα
1642 3887 1794 3960 ὑμῖν.
1826 3888 1961 3940 Ὥσ-

294 4007 380 4054 τε,
405 3984 563 4067 φησί,
593 3982 684 4039 καὶ
737 3982 911 4055 νόμου
964 3980 1113 4038 θεῖον
1170 3977 1562 4053 ἑπιτρέποντός
1612 3998 1708 4049 μοι
1739 3970 1963 4048 λαμϐά-

293 4058 431 4141 νειν,
464 4070 556 4129 διὰ
580 4075 682 4145 τὴν
709 4072 866 4143 ὑμῶν
926 4067 1230 4144 οἰκοδομὴν
1300 4065 1457 4125 οὐδὲν
1508 4064 1736 4140 εὶδόμην
1770 4058 1959 4122 λαϐεῖν

294 4162 427 4235 παρ’
460 4159 639 4234 ὑμῶν,
697 4154 844 4215 ἀλλά
892 4160 1015 4218 ταῖς
1072 4156 1230 4232 χερσί
1294 4175 1403 4228 μαυ
1458 4151 1692 4208 ἐκοπίων
1737 4150 1963 4226 ἐργαζὸ-

301 4270 469 4326 μενος
525 4246 619 4303 καὶ
647 4244 1110 4327 ἀποτρειρόμενος.
1169 4240 1309 4301 Ἰδοὺ
1359 4240 1494 4304 τὲως
1526 4238 1797 4312 ἀπέδειξεν
1825 4237 1965 4311 ἀλη-

298 4339 496 4396 θεᾶων·
553 4335 752 4394 λοιπὸν
809 4331 866 4391 δὲ
922 4334 1016 4392 καὶ
1071 4331 1215 4392 ἄλλο
1267 4332 1673 4403 κατασκευάζει.
1732 4328 1804 4386 lsi
1832 4329 1962 4405 ἐγὼ,

299 4428 494 4506 φησὶν,
553 4425 748 4496 οὕτως,
812 4424 970 4498 ὑμεῖς
1045 4420 1175 4480 οὖδὶ
1230 4419 1615 4485 amasios-$ch
1672 4419 1961 4494 ἀπέχεσθε,

298 4520 443 4592 πρὸς
472 4517 536 4574 τὸ
597 4518 673 4589 μή
733 4514 862 4577 τοὺς
922 4513 1158 4575 ἀσθενεῖς
1210 4515 1319 4567 τῶν
1376 4507 1629 4587 ἀδελφῶν
1670 4506 1966 4564 σκανδαλί-

301 4615 439 4680 ζειν,
475 4605 691 4681 μᾶλλον
723 4603 782 4662 ὂὶ
826 4601 1153 4661 ἀπολλύειν.
1213 4598 1449 4657 Πολλῶν
1501 4598 1561 4654 δὲ
1617 4596 1826 4674 στίχων
1864 4617 1960 4653 πε-

300 4697 551 4777 ριεκτική
611 4696 754 4752 ἐστιν
815 4695 851 4763 ἡ
911 4690 1086 4750 ἔννοια
1140 4696 1241 4761 τῆς
1297 4693 1688 4767 παραγραφῆς,
1742 4685 1833 4741 καὶ
1878 4683 1964 4742 ἐκ-
2002 4665 2043 4730 D

292 4786 534 4844 τείνεται
554 4781 658 4848 ἕως
680 4786 801 4855 τοῦ,
821 4806 850 4835 ‹‹
876 4779 1196 4858 Ἐλεύθερος
1220 4776 1297 4835 ὢν
1319 4776 1381 4835 ἐκ
1400 4779 1635 4836 πάντων.
1663 4799 1692 4830 »
1713 4806 1781 4819 --
1809 4799 1835 4830 σι
1855 4776 1969 4832 Οὔκ

296 4875 420 4950 εἰμὶ
449 4873 803 4944 ἀπόστολοςς
839 4894 868 4925 ››
902 4871 1038 4931 Εἶτα
1071 4868 1162 4927 ἵνα
1222 4869 1302 4947 μή
1361 4865 1623 4944 λέγωσιν,
1668 4865 1757 4925 ὅτι
1788 4864 1845 4923 El
1875 4864 1967 4922 καὶ

296 4959 538 5022 ἐϐούλου
595 4956 809 5032 λαϐεῖν,
871 4959 973 5017 οὐκ
1028 4958 1152 5031 ὶξῆν
1212 4979 1319 5030 σοι,
1380 4955 1471 5014 διὰ
1523 4962 1685 5014 τοῦτο
1744 4954 1858 5013 οὐδ’
1892 4957 1967 5016 εἴη

300 5058 507 5138 ληφας,
536 5059 658 5116 Ἰνα
684 5056 762 5125 τί,
798 5054 984 5137 φησὶν,
1016 5054 1114 5111 οὐκ
1173 5052 1299 5125 ἰξῆν
1358 5072 1492 5127 μοις
1525 5054 1578 5108 οἱ
1629 5049 1796 5109 ἄλλοι
1827 5052 1965 5110 ἀπό-

254 5187 259 5193 -
298 5149 497 5209 στολοι
527 5149 594 5206 οὐ
622 5148 912 5227 τρίφονται
957 5144 1018 5202 ἐκ
1069 5149 1170 5202 τοῦ
1231 5141 1616 5220 Εὖαγγελίους
1649 5144 1775 5215 Ναὶ,
1808 5144 1967 5224 φησί,

276 5240 363 5299 ’Τί
420 5238 554 5311 οῦν;
612 5238 719 5316 ἐγὼ
775 5236 874 5294 οὐκ
927 5235 1045 5312 εἶμὶ
1102 5234 1419 5299 ἀπόστολος
1477 5235 1553 5297 ὡς
1594 5233 1832 5305 ἐκεῖνοι;
1865 5236 1969 5295 οὐκ.

298 5332 417 5404 εἰμὶ
451 5329 732 5403 ἐλεύθερος
760 5346 775 5399 ;
823 5327 1096 5395 τουτέστι,
1143 5327 1237 5395 Μὴ
1297 5324 1404 5381 ὗπό
1433 5323 1554 5380 τινά
1584 5323 1701 5398 εἰμι
1731 5325 1821 5381 τὸν
1853 5346 1967 5381 κω-

298 5421 502 5481 λύοντά
536 5440 605 5496 με
633 5413 862 5487 λαϐεῖνς
897 5419 1034 5476 Εἶτα
1054 5414 1149 5472 ἳνα
1188 5418 1265 5492 μή
1315 5415 1572 5493 λέγωσιν,
1602 5415 1688 5472 ὅτι
1718 5417 1773 5472 οἳ
1799 5413 1966 5473 ἄλλοι

298 5508 607 5569 ἀπόστολοι
652 5506 823 5565 πλέον
872 5504 1087 5582 ἔχουσι,
1140 5506 1205 5563 τὸ
1247 5506 1341 5561 τὸν
1390 5511 1619 5582 Χριστον
1671 5504 1964 5581 ἑωρακέναι

298 5603 392 5659 καὶ
449 5600 957 5678 συναναστραφῆναι
1011 5594 1182 5668 αὐτῷ,
1242 5594 1449 5670 ἐπάγει·
1494 5619 1521 5647 ‹‹
1555 5593 1701 5673 Οὐχὶ
1751 5598 1962 5665 Ἰησοῦν

299 5690 534 5769 Χριστὸν
564 5688 657 5745 τὸν
689 5688 892 5763 Κύριον
922 5687 1085 5769 ἡμῶν
1129 5684 1385 5760 ἒώρακα;
1421 5708 1450 5737 ››
1500 5686 1661 5741 Ὥστε
1719 5682 1862 5758 μηδὲ
1908 5684 1961 5741 ἐν

300 5768 488 5857 τούτῳ
546 5776 772 5837 ἔλαττόν
851 5796 903 5833 τι
987 5768 1106 5853 ἔχει
1162 5777 1271 5831 τῶν
1348 5772 1560 5849 λοιπῷν
1617 5774 1960 5838 ἀποστόλων.

2073 3358 2187 3414 hoc
2217 3361 2656 3429 consequenter
2683 3355 2962 3428 adigitur.
2993 3360 3061 3413 ut
3107 3353 3383 3410 ostendat
3424 3350 3722 3425 quomodo

2074 3447 2146 3505 ab
2178 3447 2273 3504 his
2301 3462 2540 3519 quoque
2569 3445 2899 3503 abstineret
2928 3461 3060 3517 quas
3105 3444 3398 3517 permissa
3426 3446 3618 3510 erant,
3649 3457 3726 3499 ne

2075 3536 2377 3612 aliquibus
2407 3541 2567 3594 esset
2602 3535 2986 3594 oﬂ'endiculo.
3018 3534 3170 3602 Quid
3222 3533 3377 3597 dico,
3409 3532 3626 3604 inquit,
3655 3530 3728 3587 de

2072 3628 2167 3686 his
2198 3645 2334 3700 quas
2356 3627 2533 3685 idolis
2554 3631 2695 3682 sunt
2715 3625 3069 3683 immolata?
3089 3625 3234 3682 Cum
3256 3624 3524 3681 Christus
3536 3622 3736 3695 jusse-

2073 3717 2152 3773 rit
2193 3723 2261 3773 ut
2307 3716 2409 3788 qui
2458 3715 2829 3788 praedicaret,
2882 3715 2956 3770 de
3004 3713 3318 3789 Evangelia
3359 3713 3581 3777 ederet,
3614 3712 3727 3769 hoc

2073 3810 2183 3872 est,
2240 3804 2314 3861 ab
2361 3805 2456 3860 his
2500 3805 2603 3877 qui
2658 3805 2948 3861 docentur
2994 3804 3349 3862 alimentum
3407 3801 3723 3873 acciperet,

2032 3908 2039 3914 ‘
2074 3894 2247 3967 elegi,
2280 3894 2329 3950 si
2360 3909 2509 3966 Opus
2540 3898 2718 3959 esset,
2749 3894 2904 3951 fame
2948 3894 3167 3965 perire,
3200 3897 3260 3948 et
3302 3891 3453 3947 nihil
3491 3907 3527 3946 a
3554 3888 3725 3946 vobis

2072 3984 2342 4057 accipere
2376 4000 2389 4038 :
2422 4000 2542 4039 non
2570 3983 2728 4055 quod
2758 4000 2858 4039 vos
2889 3983 3031 4039 mihi
3080 3981 3416 4056 praebentes
3446 3979 3723 4037 offenda-

2071 4074 2243 4133 mini.
2276 4074 2490 4147 inquit,
2520 4072 2626 4129 sed
2658 4079 2724 4129 ut
2747 4072 3006 4146 amplius
3049 4072 3451 4142 ardiflcemini,
3483 4068 3724 4141 conspi-

2073 4164 2301 4220 cientes
2331 4162 2491 4236 quod
2522 4162 2651 4219 sine
2684 4171 2927 4235 sumptu
2957 4162 3118 4218 vobis
3148 4161 3487 4234 prmdicem.
3519 4161 3726 4232 Itaque

2073 4269 2208 4312 cum
2241 4252 2336 4309 lex
2367 4268 2605 4325 quoque
2653 4251 2853 4308 divina
2884 4252 3038 4308 496
3071 4251 3217 4308 mihi
3251 4251 3543 4323 permittit
3569 4248 3725 4307 acci-

2074 4359 2236 4418 pere,
2261 4350 2501 4415 propter
2514 4343 2690 4400 vestri
2706 4342 3164 4399 aedificationem
3179 4340 3411 4399 decrevi
3425 4339 3729 4396 nihilavo-

2072 4432 2166 4488 bis
2187 4433 2457 4504 accipere
2471 4432 2575 4488 sed
2590 4433 2931 4490 laborabam
2950 4431 3226 4488 manibus
3242 4432 3390 4488 meis
3402 4445 3659 4503 operans
3674 4433 3735 4486 et

2072 4538 2168 4578 me
2185 4522 2354 4578 alens
2385 4525 2528 4579 Ecce
2549 4524 2789 4579 interim
2808 4524 3066 4579 ostendit
3082 4539 3294 4579 severa
3307 4523 3506 4579 dicere
3517 4526 3576 4578 et
3590 4538 3734 4593 prai-

2074 4616 2234 4667 stare
2265 4628 2397 4682 qua
2426 4612 2681 4669 dicebat.
2716 4613 3007 4685 Deinceps
3037 4628 3174 4668 vero
3211 4612 3391 4668 etiam
3432 4611 3595 4668 aliud
3629 4625 3736 4681 pa-

2078 4704 2187 4755 rat.
2221 4701 2365 4756 Cum
2399 4716 2529 4774 ego,
2563 4702 2777 4773 inquit,
2802 4702 2886 4758 ita
2914 4701 3158 4775 egerim,
3182 4717 3282 4756 vos
3314 4716 3510 4771 neque
3540 4698 3611 4752 ab
3634 4697 3730 4755 his

2076 4803 2209 4860 quas
2240 4786 2418 4843 idolis
2449 4794 2590 4844 sunt
2633 4788 2943 4844 immolata
2979 4788 3317 4857 abstinetis,
3366 4803 3441 4844 ne
3472 4785 3729 4842 inﬁrmis

2075 4875 2359 4933 fratribus
2415 4876 2546 4933 sitis
2611 4876 2993 4947 oﬂ'endiculo,
3051 4877 3173 4933 imo
3238 4876 3521 4950 perdatis.
3580 4875 3727 4932 Mul-

2076 4970 2167 5023 tos
2199 4971 2397 5022 autem
2427 4982 2632 5024 versus
2653 4966 3108 5040 comprehendit
3126 4965 3521 5041 intelligentia
3547 4964 3729 5037 hujus

2076 5057 2411 5126 sententia),
2435 5062 2496 5112 et
2521 5057 2596 5114 ad
2625 5072 2764 5114 eum
2785 5073 2976 5130 usque
2997 5057 3193 5113 locum
3214 5055 3592 5130 protenditur
3611 5071 3729 5129 quo

2076 5146 2195 5204 ait:
2231 5168 2257 5199 α
2289 5147 2435 5204 Cum
2465 5146 2620 5204 liber
2644 5162 2837 5206 essem
2870 5164 2940 5206 ex
2969 5147 3269 5206 omnibus.
3304 5169 3333 5198 »
3357 5179 3425 5190 ..-
3454 5169 3484 5198 ‹‹
3518 5149 3735 5206 Annon

2078 5253 2209 5293 sum
2231 5237 2560 5311 apostolus.
2586 5259 2614 5288 ››
2638 5236 2864 5296 Deinde
2888 5254 2963 5296 ne
2993 5237 3231 5296 dicant:
3255 5237 3448 5295 Etiam
3482 5237 3531 5294 si
3557 5236 3735 5294 velles

2075 5328 2368 5401 accipere,
2400 5344 2523 5385 non
2554 5327 2661 5384 tibi
2712 5327 2951 5399 liceret,g
2974 5334 3218 5402 prepter
3260 5327 3375 5386 hoc
3416 5343 3538 5385 non
3567 5344 3732 5384 acce-

2076 5417 2214 5492 pisti
2241 5434 2255 5473 :
2289 5419 2359 5475 Ut
2390 5417 2553 5490 quid.
2578 5418 2795 5490 inquit,
2817 5434 2939 5476 non
2970 5418 3115 5475 mihi
3141 5418 3607 5475 liceret?nonne
3627 5417 3730 5474 alii

2074 5509 2329 5581 apostoli
2351 5509 2591 5567 aluntur
2619 5525 2691 5566 ex
2722 5510 3035 5583 Evangelia
3055 5509 3083 5565 Ἰ
3106 5510 3336 5582 Utique.
3372 5509 3523 5575 Quid
3545 5524 3680 5581 ergo
3701 5508 3730 5563 ‘I

2073 5614 2274 5656 annon
2308 5616 2442 5656 sum
2489 5616 2596 5673 ego
2629 5601 2938 5672 apostolus
2983 5599 3138 5657 sicut
3185 5599 3320 5656 illi?
3349 5601 3562 5654 Annon
3590 5611 3723 5651 sum

2072 5690 2271 5748 liber?
2303 5691 2423 5748 Hoc
2451 5698 2560 5755 est,
2585 5708 2731 5749 num
2760 5692 2941 5748 alicui
2972 5691 3259 5764 subjicior
3279 5689 3379 5762 qui
3405 5706 3496 5744 me
3516 5685 3719 5759 probi-

2070 5780 2211 5839 beat
2237 5781 2507 5854 accipere
2525 5780 2553 5837 ?
2584 5782 2969 5839 Postmodum
2994 5796 3070 5838 ue
3100 5780 3303 5837 dicant
3328 5776 3488 5849 quod
3519 5773 3716 5832 caeteri
