  <div class='ocr_page' id='page_1' title='image "/cluster/home/n/w/nwhite01/storage/ocr_20150623/118:no.1/coo.31924054870229/391.png"; bbox 0 0 4118 6394; ppageno 0'>
   <div class='ocr_carea' id='block_1_1' title="bbox 374 390 517 465">
    <p class='ocr_par' dir='ltr' id='par_1_1' title="bbox 374 390 517 465">
     <span class='ocr_line' id='line_1_1' title="bbox 374 390 517 465; baseline 0.021 -16"><span class='ocrx_word' id='word_1_1' title='bbox 374 390 517 465; x_wconf 66' lang='grc' dir='ltr'>σεδ</span> 
     </span>
    </p>
   </div>
   <div class='ocr_carea' id='block_1_2' title="bbox 1476 381 2701 452">
    <p class='ocr_par' dir='ltr' id='par_1_2' title="bbox 1476 381 2701 452">
     <span class='ocr_line' id='line_1_2' title="bbox 1476 381 2701 452; baseline -0.004 0"><span class='ocrx_word' id='word_1_2' title='bbox 1476 386 1923 452; x_wconf 74' lang='grc' dir='ltr'><strong>’(ΕΟΗΜΕΝΙΙ</strong></span> <span class='ocrx_word' id='word_1_3' title='bbox 1968 381 2276 445; x_wconf 71' lang='grc' dir='ltr'><strong>ΤΗΙϐΟΕ</strong></span> <span class='ocrx_word' id='word_1_4' title='bbox 2318 381 2701 447; x_wconf 80' lang='lat' dir='ltr'><strong>EPISCOPI.</strong></span> 
     </span>
    </p>
   </div>
   <div class='ocr_carea' id='block_1_3' title="bbox 3706 383 3831 445">
    <p class='ocr_par' dir='ltr' id='par_1_3' title="bbox 3706 383 3831 445">
     <span class='ocr_line' id='line_1_3' title="bbox 3706 383 3831 445; baseline 0.04 -5"><span class='ocrx_word' id='word_1_5' title='bbox 3706 383 3831 445; x_wconf 72' lang='lat'><strong>756</strong></span> 
     </span>
    </p>
   </div>
   <div class='ocr_carea' id='block_1_4' title="bbox 404 515 2066 601">
    <p class='ocr_par' dir='ltr' id='par_1_4' title="bbox 404 521 2057 601">
     <span class='ocr_line' id='line_1_4' title="bbox 404 521 2057 601; baseline -0.004 -17"><span class='ocrx_word' id='word_1_6' title='bbox 404 525 655 601; x_wconf 76' lang='lat' dir='ltr'><strong>apostoli</strong></span> <span class='ocrx_word' id='word_1_7' title='bbox 702 521 1021 580; x_wconf 83' lang='lat' dir='ltr'><strong>sublimius</strong></span> <span class='ocrx_word' id='word_1_8' title='bbox 1065 522 1295 598; x_wconf 84' lang='lat' dir='ltr'><strong>aliquid</strong></span> <span class='ocrx_word' id='word_1_9' title='bbox 1326 522 1604 588; x_wconf 85' lang='lat' dir='ltr'><strong>habeant.</strong></span> <span class='ocrx_word' id='word_1_10' title='bbox 1637 538 1855 596; x_wconf 86' lang='lat' dir='ltr'><strong>nempe</strong></span> <span class='ocrx_word' id='word_1_11' title='bbox 1897 521 2057 596; x_wconf 89' lang='lat' dir='ltr'><strong>quod</strong></span> 
     </span>
    </p>
   </div>
   <div class='ocr_carea' id='block_1_5' title="bbox 2172 515 3829 601">
    <p class='ocr_par' dir='ltr' id='par_1_5' title="bbox 2172 515 3829 597">
     <span class='ocr_line' id='line_1_5' title="bbox 2172 515 3829 597; baseline 0 -24"><span class='ocrx_word' id='word_1_12' title='bbox 2172 543 2201 573; x_wconf 75' lang='grc' dir='ltr'><strong>ιι</strong></span> <span class='ocrx_word' id='word_1_13' title='bbox 2233 521 2507 596; x_wconf 81' lang='grc' dir='ltr'>Ἕσχατον</span> <span class='ocrx_word' id='word_1_14' title='bbox 2537 520 2662 597; x_wconf 77' lang='grc' dir='ltr'>γὰρ,</span> <span class='ocrx_word' id='word_1_15' title='bbox 2698 518 2855 596; x_wconf 69' lang='grc' dir='ltr'>φησὶ,</span> <span class='ocrx_word' id='word_1_16' title='bbox 2910 517 3149 586; x_wconf 70' lang='grc' dir='ltr'>πάντων,</span> <span class='ocrx_word' id='word_1_17' title='bbox 3195 516 3431 593; x_wconf 80' lang='grc' dir='ltr'>ὡσπερεὶ</span> <span class='ocrx_word' id='word_1_18' title='bbox 3486 520 3569 591; x_wconf 81' lang='grc' dir='ltr'><strong>τῷ</strong></span> <span class='ocrx_word' id='word_1_19' title='bbox 3622 515 3829 592; x_wconf 78' lang='grc' dir='ltr'>ἐκτρώ-</span> 
     </span>
    </p>
   </div>
   <div class='ocr_carea' id='block_1_6' title="bbox 369 613 2067 689">
    <p class='ocr_par' dir='ltr' id='par_1_6' title="bbox 369 613 2067 689">
     <span class='ocr_line' id='line_1_6' title="bbox 369 613 2067 689; baseline -0.013 -14"><span class='ocrx_word' id='word_1_20' title='bbox 369 654 380 689; x_wconf 67' lang='lat'>;</span> <span class='ocrx_word' id='word_1_21' title='bbox 405 616 701 674; x_wconf 78' lang='lat' dir='ltr'><strong>Christum</strong></span> <span class='ocrx_word' id='word_1_22' title='bbox 719 614 1062 679; x_wconf 71' lang='lat' dir='ltr'><strong>viderint,et</strong></span> <span class='ocrx_word' id='word_1_23' title='bbox 1076 632 1210 671; x_wconf 92' lang='lat' dir='ltr'><strong>cum</strong></span> <span class='ocrx_word' id='word_1_24' title='bbox 1226 632 1294 670; x_wconf 90' lang='lat' dir='ltr'><strong>eo</strong></span> <span class='ocrx_word' id='word_1_25' title='bbox 1314 616 1643 672; x_wconf 85' lang='lat' dir='ltr'><strong>conversati</strong></span> <span class='ocrx_word' id='word_1_26' title='bbox 1663 621 1802 682; x_wconf 79' lang='lat' dir='ltr'><strong>sint,</strong></span> <span class='ocrx_word' id='word_1_27' title='bbox 1823 613 2067 683; x_wconf 75' lang='lat' dir='ltr'><strong>subjun-</strong></span> 
     </span>
    </p>
   </div>
   <div class='ocr_carea' id='block_1_7' title="bbox 407 705 2068 779">
    <p class='ocr_par' dir='ltr' id='par_1_7' title="bbox 407 705 2068 779">
     <span class='ocr_line' id='line_1_7' title="bbox 407 705 2068 779; baseline -0.001 -19"><span class='ocrx_word' id='word_1_28' title='bbox 407 707 527 779; x_wconf 78' lang='lat' dir='ltr'><strong>git:</strong></span> <span class='ocrx_word' id='word_1_29' title='bbox 566 730 591 754; x_wconf 77' lang='grc' dir='ltr'><strong>α</strong></span> <span class='ocrx_word' id='word_1_30' title='bbox 627 709 844 761; x_wconf 86' lang='lat' dir='ltr'><strong>Annon</strong></span> <span class='ocrx_word' id='word_1_31' title='bbox 874 706 1075 760; x_wconf 79' lang='lat' dir='ltr'><strong>Jesuin</strong></span> <span class='ocrx_word' id='word_1_32' title='bbox 1111 706 1407 761; x_wconf 74' lang='lat' dir='ltr'><strong>Christum</strong></span> <span class='ocrx_word' id='word_1_33' title='bbox 1442 705 1758 761; x_wconf 89' lang='lat' dir='ltr'><strong>Dominum</strong></span> <span class='ocrx_word' id='word_1_34' title='bbox 1790 712 2068 759; x_wconf 85' lang='lat' dir='ltr'><strong>nostrum</strong></span> 
     </span>
    </p>
   </div>
   <div class='ocr_carea' id='block_1_8' title="bbox 408 795 2068 867">
    <p class='ocr_par' dir='ltr' id='par_1_8' title="bbox 408 795 2068 867">
     <span class='ocr_line' id='line_1_8' title="bbox 408 795 2068 867; baseline -0.001 -17"><span class='ocrx_word' id='word_1_35' title='bbox 408 796 523 851; x_wconf 87' lang='lat' dir='ltr'><strong>vidi</strong></span> <span class='ocrx_word' id='word_1_36' title='bbox 552 796 579 851; x_wconf 86' lang='lat'><strong>?</strong></span> <span class='ocrx_word' id='word_1_37' title='bbox 610 819 638 847; x_wconf 84' lang='lat'>»</span> <span class='ocrx_word' id='word_1_38' title='bbox 672 798 756 851; x_wconf 86' lang='lat' dir='ltr'><strong>Ita</strong></span> <span class='ocrx_word' id='word_1_39' title='bbox 783 812 860 851; x_wconf 90' lang='lat' dir='ltr'><strong>ne</strong></span> <span class='ocrx_word' id='word_1_40' title='bbox 893 795 953 850; x_wconf 92' lang='lat' dir='ltr'><strong>in</strong></span> <span class='ocrx_word' id='word_1_41' title='bbox 994 796 1107 852; x_wconf 92' lang='lat' dir='ltr'><strong>hoc</strong></span> <span class='ocrx_word' id='word_1_42' title='bbox 1148 796 1391 867; x_wconf 88' lang='lat' dir='ltr'><strong>quidem</strong></span> <span class='ocrx_word' id='word_1_43' title='bbox 1438 796 1682 850; x_wconf 79' lang='lat' dir='ltr'><strong>inferior</strong></span> <span class='ocrx_word' id='word_1_44' title='bbox 1714 801 1804 850; x_wconf 80' lang='lat' dir='ltr'><strong>est</strong></span> <span class='ocrx_word' id='word_1_45' title='bbox 1835 795 2068 849; x_wconf 59' lang='lat' dir='ltr'><strong>caeteris</strong></span> 
     </span>
    </p>
   </div>
   <div class='ocr_carea' id='block_1_9' title="bbox 408 885 2069 958">
    <p class='ocr_par' dir='ltr' id='par_1_9' title="bbox 408 885 2069 958">
     <span class='ocr_line' id='line_1_9' title="bbox 408 885 2069 958; baseline -0.002 -16"><span class='ocrx_word' id='word_1_46' title='bbox 408 886 697 958; x_wconf 78' lang='lat' dir='ltr'><strong>apostolis</strong></span> <span class='ocrx_word' id='word_1_47' title='bbox 722 887 749 941; x_wconf 87' lang='lat'><strong><em>?</em></strong></span> <span class='ocrx_word' id='word_1_48' title='bbox 779 887 876 941; x_wconf 86' lang='lat' dir='ltr'><strong>Ait</strong></span> <span class='ocrx_word' id='word_1_49' title='bbox 918 886 1122 942; x_wconf 91' lang='lat' dir='ltr'><strong>enim:</strong></span> <span class='ocrx_word' id='word_1_50' title='bbox 1156 909 1182 933; x_wconf 87' lang='grc'><strong>‹‹</strong></span> <span class='ocrx_word' id='word_1_51' title='bbox 1237 887 1541 940; x_wconf 84' lang='lat' dir='ltr'><strong>Postremo</strong></span> <span class='ocrx_word' id='word_1_52' title='bbox 1593 886 1862 941; x_wconf 89' lang='lat' dir='ltr'><strong>omnium</strong></span> <span class='ocrx_word' id='word_1_53' title='bbox 1908 885 2069 939; x_wconf 87' lang='lat' dir='ltr'><strong>velut</strong></span> 
     </span>
    </p>
   </div>
   <div class='ocr_carea' id='block_1_10' title="bbox 407 974 2066 1048">
    <p class='ocr_par' dir='ltr' id='par_1_10' title="bbox 407 974 2066 1048">
     <span class='ocr_line' id='line_1_10' title="bbox 407 974 2066 1048; baseline -0.002 -14"><span class='ocrx_word' id='word_1_54' title='bbox 407 976 672 1034; x_wconf 78' lang='lat' dir='ltr'><strong>abortivo</strong></span> <span class='ocrx_word' id='word_1_55' title='bbox 705 977 864 1031; x_wconf 80' lang='lat' dir='ltr'><strong>visus</strong></span> <span class='ocrx_word' id='word_1_56' title='bbox 895 981 987 1033; x_wconf 84' lang='lat' dir='ltr'><strong>est</strong></span> <span class='ocrx_word' id='word_1_57' title='bbox 1011 986 1070 1031; x_wconf 86' lang='lat' dir='ltr'><strong>et</strong></span> <span class='ocrx_word' id='word_1_58' title='bbox 1093 974 1253 1031; x_wconf 86' lang='lat' dir='ltr'><strong>mihi.</strong></span> <span class='ocrx_word' id='word_1_59' title='bbox 1280 1006 1349 1016; x_wconf 89' lang='lat'><strong>-—</strong></span> <span class='ocrx_word' id='word_1_60' title='bbox 1372 997 1399 1024; x_wconf 85' lang='grc'><strong>‹‹</strong></span> <span class='ocrx_word' id='word_1_61' title='bbox 1438 984 1651 1030; x_wconf 84' lang='lat' dir='ltr'>Annon</span> <span class='ocrx_word' id='word_1_62' title='bbox 1685 992 1834 1048; x_wconf 86' lang='lat' dir='ltr'><strong>opus</strong></span> <span class='ocrx_word' id='word_1_63' title='bbox 1867 991 2066 1030; x_wconf 90' lang='lat' dir='ltr'><strong>meum</strong></span> 
     </span>
    </p>
   </div>
   <div class='ocr_carea' id='block_1_11' title="bbox 406 1064 2065 1124">
    <p class='ocr_par' dir='ltr' id='par_1_11' title="bbox 406 1064 2065 1124">
     <span class='ocr_line' id='line_1_11' title="bbox 406 1064 2065 1124; baseline -0.001 -3"><span class='ocrx_word' id='word_1_64' title='bbox 406 1084 509 1124; x_wconf 91' lang='lat' dir='ltr'><strong>vos</strong></span> <span class='ocrx_word' id='word_1_65' title='bbox 540 1067 685 1123; x_wconf 85' lang='lat' dir='ltr'><strong>estis</strong></span> <span class='ocrx_word' id='word_1_66' title='bbox 712 1067 772 1121; x_wconf 91' lang='lat' dir='ltr'><strong>in</strong></span> <span class='ocrx_word' id='word_1_67' title='bbox 803 1066 1053 1122; x_wconf 90' lang='lat' dir='ltr'><strong>Domino</strong></span> <span class='ocrx_word' id='word_1_68' title='bbox 1075 1064 1102 1119; x_wconf 85' lang='lat'><strong><em>?</em></strong></span> <span class='ocrx_word' id='word_1_69' title='bbox 1134 1088 1161 1114; x_wconf 85' lang='lat'><strong>»</strong></span> <span class='ocrx_word' id='word_1_70' title='bbox 1193 1064 1418 1122; x_wconf 88' lang='lat' dir='ltr'>Deinde</span> <span class='ocrx_word' id='word_1_71' title='bbox 1448 1082 1522 1122; x_wconf 90' lang='lat' dir='ltr'><strong>ne</strong></span> <span class='ocrx_word' id='word_1_72' title='bbox 1554 1065 1797 1121; x_wconf 88' lang='lat' dir='ltr'><strong>dicant:</strong></span> <span class='ocrx_word' id='word_1_73' title='bbox 1825 1065 2065 1120; x_wconf 84' lang='lat' dir='ltr'><strong>Etiamsi</strong></span> 
     </span>
    </p>
   </div>
   <div class='ocr_carea' id='block_1_12' title="bbox 408 1154 2062 1231">
    <p class='ocr_par' dir='ltr' id='par_1_12' title="bbox 408 1154 2062 1231">
     <span class='ocr_line' id='line_1_12' title="bbox 408 1154 2062 1231; baseline -0.003 -17"><span class='ocrx_word' id='word_1_74' title='bbox 408 1157 491 1215; x_wconf 84' lang='lat' dir='ltr'><strong>sis</strong></span> <span class='ocrx_word' id='word_1_75' title='bbox 523 1157 849 1231; x_wconf 85' lang='lat' dir='ltr'><strong>apostolus,</strong></span> <span class='ocrx_word' id='word_1_76' title='bbox 883 1156 1118 1211; x_wconf 90' lang='lat' dir='ltr'><strong>nullum</strong></span> <span class='ocrx_word' id='word_1_77' title='bbox 1170 1162 1372 1211; x_wconf 87' lang='lat' dir='ltr'><strong>tamen</strong></span> <span class='ocrx_word' id='word_1_78' title='bbox 1420 1172 1571 1228; x_wconf 89' lang='lat' dir='ltr'><strong>opus</strong></span> <span class='ocrx_word' id='word_1_79' title='bbox 1601 1154 2062 1212; x_wconf 80' lang='lat' dir='ltr'><strong>demonstrasti:</strong></span> 
     </span>
    </p>
   </div>
   <div class='ocr_carea' id='block_1_13' title="bbox 407 1243 2061 1318">
    <p class='ocr_par' dir='ltr' id='par_1_13' title="bbox 407 1243 2061 1318">
     <span class='ocr_line' id='line_1_13' title="bbox 407 1243 2061 1318; baseline -0.002 -16"><span class='ocrx_word' id='word_1_80' title='bbox 407 1246 711 1313; x_wconf 88' lang='lat' dir='ltr'><strong>Quomodo</strong></span> <span class='ocrx_word' id='word_1_81' title='bbox 736 1247 763 1301; x_wconf 87' lang='lat'><strong>?</strong></span> <span class='ocrx_word' id='word_1_82' title='bbox 792 1244 1028 1317; x_wconf 89' lang='lat' dir='ltr'><strong>inquit;</strong></span> <span class='ocrx_word' id='word_1_83' title='bbox 1053 1268 1081 1294; x_wconf 83' lang='grc'><strong>‹‹</strong></span> <span class='ocrx_word' id='word_1_84' title='bbox 1108 1261 1312 1301; x_wconf 89' lang='lat' dir='ltr'><strong>annon</strong></span> <span class='ocrx_word' id='word_1_85' title='bbox 1337 1263 1486 1318; x_wconf 92' lang='lat' dir='ltr'><strong>opus</strong></span> <span class='ocrx_word' id='word_1_86' title='bbox 1507 1262 1704 1302; x_wconf 91' lang='lat' dir='ltr'><strong>meum</strong></span> <span class='ocrx_word' id='word_1_87' title='bbox 1732 1262 1833 1301; x_wconf 88' lang='lat' dir='ltr'><strong>vos</strong></span> <span class='ocrx_word' id='word_1_88' title='bbox 1850 1243 2061 1301; x_wconf 76' lang='lat' dir='ltr'><strong>estis?»</strong></span> 
     </span>
    </p>
   </div>
   <div class='ocr_carea' id='block_1_14' title="bbox 407 1335 2064 1408">
    <p class='ocr_par' dir='ltr' id='par_1_14' title="bbox 407 1335 2064 1408">
     <span class='ocr_line' id='line_1_14' title="bbox 407 1335 2064 1408; baseline -0.001 -14"><span class='ocrx_word' id='word_1_89' title='bbox 407 1336 521 1394; x_wconf 88' lang='lat' dir='ltr'><strong>hoc</strong></span> <span class='ocrx_word' id='word_1_90' title='bbox 577 1342 686 1405; x_wconf 92' lang='lat' dir='ltr'><strong>est,</strong></span> <span class='ocrx_word' id='word_1_91' title='bbox 745 1352 948 1392; x_wconf 90' lang='lat' dir='ltr'><strong>annon</strong></span> <span class='ocrx_word' id='word_1_92' title='bbox 1007 1336 1414 1408; x_wconf 83' lang='lat' dir='ltr'><strong>operationem</strong></span> <span class='ocrx_word' id='word_1_93' title='bbox 1487 1336 1759 1408; x_wconf 80' lang='lat' dir='ltr'><strong>apostolo</strong></span> <span class='ocrx_word' id='word_1_94' title='bbox 1825 1335 2064 1407; x_wconf 76' lang='lat' dir='ltr'><strong>dignam</strong></span> 
     </span>
    </p>
   </div>
   <div class='ocr_carea' id='block_1_15' title="bbox 408 1425 2063 1498">
    <p class='ocr_par' dir='ltr' id='par_1_15' title="bbox 408 1425 2063 1498">
     <span class='ocr_line' id='line_1_15' title="bbox 408 1425 2063 1498; baseline -0.001 -17"><span class='ocrx_word' id='word_1_95' title='bbox 408 1426 647 1482; x_wconf 82' lang='lat' dir='ltr'><strong>exhibui</strong></span> <span class='ocrx_word' id='word_1_96' title='bbox 691 1425 837 1482; x_wconf 91' lang='lat' dir='ltr'><strong>dum</strong></span> <span class='ocrx_word' id='word_1_97' title='bbox 883 1442 984 1482; x_wconf 93' lang='lat' dir='ltr'><strong>vos</strong></span> <span class='ocrx_word' id='word_1_98' title='bbox 1035 1425 1492 1482; x_wconf 82' lang='lat' dir='ltr'><strong>converterem?</strong></span> <span class='ocrx_word' id='word_1_99' title='bbox 1521 1425 1679 1498; x_wconf 89' lang='lat' dir='ltr'><strong>quod</strong></span> <span class='ocrx_word' id='word_1_100' title='bbox 1711 1426 1774 1480; x_wconf 90' lang='lat' dir='ltr'><strong>in</strong></span> <span class='ocrx_word' id='word_1_101' title='bbox 1813 1425 2063 1481; x_wconf 90' lang='lat' dir='ltr'><strong>Domino</strong></span> 
     </span>
    </p>
   </div>
   <div class='ocr_carea' id='block_1_16' title="bbox 408 1515 2063 1590">
    <p class='ocr_par' dir='ltr' id='par_1_16' title="bbox 408 1515 2063 1590">
     <span class='ocr_line' id='line_1_16' title="bbox 408 1515 2063 1590; baseline -0.002 -18"><span class='ocrx_word' id='word_1_102' title='bbox 408 1532 516 1590; x_wconf 89' lang='lat' dir='ltr'><strong>per</strong></span> <span class='ocrx_word' id='word_1_103' title='bbox 544 1516 845 1573; x_wconf 80' lang='lat' dir='ltr'><strong>Christum</strong></span> <span class='ocrx_word' id='word_1_104' title='bbox 878 1521 1157 1588; x_wconf 80' lang='lat' dir='ltr'><strong>operatus</strong></span> <span class='ocrx_word' id='word_1_105' title='bbox 1191 1531 1342 1571; x_wconf 89' lang='lat' dir='ltr'><strong>sum.</strong></span> <span class='ocrx_word' id='word_1_106' title='bbox 1368 1538 1395 1565; x_wconf 78' lang='grc' dir='ltr'><em>υ</em></span> <span class='ocrx_word' id='word_1_107' title='bbox 1428 1515 1483 1571; x_wconf 91' lang='lat' dir='ltr'><strong>Si</strong></span> <span class='ocrx_word' id='word_1_108' title='bbox 1515 1515 1748 1571; x_wconf 66' lang='lat' dir='ltr'><strong>caeteris</strong></span> <span class='ocrx_word' id='word_1_109' title='bbox 1777 1531 1898 1571; x_wconf 91' lang='lat' dir='ltr'><strong>non</strong></span> <span class='ocrx_word' id='word_1_110' title='bbox 1933 1530 2063 1569; x_wconf 91' lang='lat' dir='ltr'><strong>sum</strong></span> 
     </span>
    </p>
   </div>
   <div class='ocr_carea' id='block_1_17' title="bbox 408 1603 2062 1678">
    <p class='ocr_par' dir='ltr' id='par_1_17' title="bbox 408 1603 2062 1678">
     <span class='ocr_line' id='line_1_17' title="bbox 408 1603 2062 1678; baseline -0.001 -17"><span class='ocrx_word' id='word_1_111' title='bbox 408 1606 736 1678; x_wconf 87' lang='lat' dir='ltr'><strong>apostolus.</strong></span> <span class='ocrx_word' id='word_1_112' title='bbox 772 1626 800 1655; x_wconf 86' lang='lat'>»</span> <span class='ocrx_word' id='word_1_113' title='bbox 834 1605 1012 1676; x_wconf 82' lang='lat' dir='ltr'><strong>Atqui</strong></span> <span class='ocrx_word' id='word_1_114' title='bbox 1036 1621 1297 1677; x_wconf 90' lang='lat' dir='ltr'><strong>possem,</strong></span> <span class='ocrx_word' id='word_1_115' title='bbox 1327 1605 1545 1677; x_wconf 89' lang='lat' dir='ltr'><strong>inquit,</strong></span> <span class='ocrx_word' id='word_1_116' title='bbox 1578 1605 1775 1662; x_wconf 90' lang='lat' dir='ltr'><strong>dicere</strong></span> <span class='ocrx_word' id='word_1_117' title='bbox 1806 1604 1963 1676; x_wconf 89' lang='lat' dir='ltr'><strong>quod</strong></span> <span class='ocrx_word' id='word_1_118' title='bbox 1990 1603 2062 1660; x_wconf 91' lang='lat' dir='ltr'><strong>ab</strong></span> 
     </span>
    </p>
   </div>
   <div class='ocr_carea' id='block_1_18' title="bbox 409 1693 2063 1767">
    <p class='ocr_par' dir='ltr' id='par_1_18' title="bbox 409 1693 2063 1767">
     <span class='ocr_line' id='line_1_18' title="bbox 409 1693 2063 1767; baseline -0.002 -15"><span class='ocrx_word' id='word_1_119' title='bbox 409 1695 740 1752; x_wconf 85' lang='lat' dir='ltr'><strong>Jerusalem</strong></span> <span class='ocrx_word' id='word_1_120' title='bbox 766 1700 826 1749; x_wconf 89' lang='lat' dir='ltr'><strong>et</strong></span> <span class='ocrx_word' id='word_1_121' title='bbox 845 1694 1487 1765; x_wconf 88' lang='lat' dir='ltr'><strong>circumadjacentibus</strong></span> <span class='ocrx_word' id='word_1_122' title='bbox 1508 1694 1654 1750; x_wconf 89' lang='lat' dir='ltr'><strong>locis</strong></span> <span class='ocrx_word' id='word_1_123' title='bbox 1684 1711 1873 1767; x_wconf 91' lang='lat' dir='ltr'><strong>usque</strong></span> <span class='ocrx_word' id='word_1_124' title='bbox 1897 1694 1972 1749; x_wconf 84' lang='lat' dir='ltr'><strong>ad</strong></span> <span class='ocrx_word' id='word_1_125' title='bbox 1995 1693 2063 1749; x_wconf 90' lang='lat' dir='ltr'><strong>ll-</strong></span> 
     </span>
    </p>
   </div>
   <div class='ocr_carea' id='block_1_19' title="bbox 411 1783 2062 1858">
    <p class='ocr_par' dir='ltr' id='par_1_19' title="bbox 411 1783 2062 1858">
     <span class='ocr_line' id='line_1_19' title="bbox 411 1783 2062 1858; baseline -0.002 -15"><span class='ocrx_word' id='word_1_126' title='bbox 411 1785 665 1858; x_wconf 87' lang='lat' dir='ltr'><strong>lyricum</strong></span> <span class='ocrx_word' id='word_1_127' title='bbox 695 1783 1066 1857; x_wconf 84' lang='lat' dir='ltr'><strong>impleverim</strong></span> <span class='ocrx_word' id='word_1_128' title='bbox 1099 1784 1474 1858; x_wconf 78' lang='lat' dir='ltr'><strong>Evangelium</strong></span> <span class='ocrx_word' id='word_1_129' title='bbox 1501 1784 1716 1841; x_wconf 81' lang='lat' dir='ltr'><strong>Christi</strong></span> <span class='ocrx_word' id='word_1_130' title='bbox 1738 1783 1781 1851; x_wconf 79' lang='lat'><strong>3,</strong></span> <span class='ocrx_word' id='word_1_131' title='bbox 1816 1783 1920 1841; x_wconf 89' lang='lat' dir='ltr'><strong>sed</strong></span> <span class='ocrx_word' id='word_1_132' title='bbox 1949 1783 2062 1840; x_wconf 92' lang='lat' dir='ltr'><strong>hoc</strong></span> 
     </span>
    </p>
   </div>
   <div class='ocr_carea' id='block_1_20' title="bbox 409 1872 2062 1945">
    <p class='ocr_par' dir='ltr' id='par_1_20' title="bbox 409 1872 2062 1945">
     <span class='ocr_line' id='line_1_20' title="bbox 409 1872 2062 1945; baseline -0.001 -16"><span class='ocrx_word' id='word_1_133' title='bbox 409 1874 650 1930; x_wconf 89' lang='lat' dir='ltr'><strong>interim</strong></span> <span class='ocrx_word' id='word_1_134' title='bbox 686 1888 807 1928; x_wconf 91' lang='lat' dir='ltr'><strong>non</strong></span> <span class='ocrx_word' id='word_1_135' title='bbox 839 1872 1011 1929; x_wconf 89' lang='lat' dir='ltr'><strong>dico:</strong></span> <span class='ocrx_word' id='word_1_136' title='bbox 1044 1888 1246 1929; x_wconf 91' lang='lat' dir='ltr'><strong>nonne</strong></span> <span class='ocrx_word' id='word_1_137' title='bbox 1293 1877 1488 1930; x_wconf 85' lang='lat' dir='ltr'><strong>vester</strong></span> <span class='ocrx_word' id='word_1_138' title='bbox 1531 1872 1722 1929; x_wconf 82' lang='lat' dir='ltr'><strong>factus</strong></span> <span class='ocrx_word' id='word_1_139' title='bbox 1754 1889 1885 1930; x_wconf 89' lang='lat' dir='ltr'><strong>sum</strong></span> <span class='ocrx_word' id='word_1_140' title='bbox 1920 1888 2062 1945; x_wconf 87' lang='lat' dir='ltr'><strong>apo-</strong></span> 
     </span>
    </p>
   </div>
   <div class='ocr_carea' id='block_1_21' title="bbox 411 1962 2061 2033">
    <p class='ocr_par' dir='ltr' id='par_1_21' title="bbox 411 1962 2061 2033">
     <span class='ocr_line' id='line_1_21' title="bbox 411 1962 2061 2033; baseline 0 -14"><span class='ocrx_word' id='word_1_141' title='bbox 411 1962 601 2020; x_wconf 84' lang='lat' dir='ltr'><strong>stolus</strong></span> <span class='ocrx_word' id='word_1_142' title='bbox 624 1963 653 2019; x_wconf 87' lang='lat'><strong>?</strong></span> <span class='ocrx_word' id='word_1_143' title='bbox 673 1984 701 2013; x_wconf 86' lang='lat'><strong>»</strong></span> <span class='ocrx_word' id='word_1_144' title='bbox 728 1963 871 2019; x_wconf 89' lang='lat' dir='ltr'><strong>Nam</strong></span> <span class='ocrx_word' id='word_1_145' title='bbox 905 1963 954 2019; x_wconf 92' lang='lat' dir='ltr'><strong>si</strong></span> <span class='ocrx_word' id='word_1_146' title='bbox 987 1962 1243 2019; x_wconf 90' lang='lat' dir='ltr'><strong>aliorum</strong></span> <span class='ocrx_word' id='word_1_147' title='bbox 1275 1979 1395 2018; x_wconf 91' lang='lat' dir='ltr'><strong>non</strong></span> <span class='ocrx_word' id='word_1_148' title='bbox 1428 1978 1582 2033; x_wconf 88' lang='lat' dir='ltr'><strong>sum,</strong></span> <span class='ocrx_word' id='word_1_149' title='bbox 1605 1967 1665 2019; x_wconf 87' lang='lat' dir='ltr'><strong>at</strong></span> <span class='ocrx_word' id='word_1_150' title='bbox 1693 1968 1888 2020; x_wconf 85' lang='lat' dir='ltr'><strong>vester</strong></span> <span class='ocrx_word' id='word_1_151' title='bbox 1911 1962 2061 2019; x_wconf 84' lang='lat' dir='ltr'><strong>inte-</strong></span> 
     </span>
    </p>
   </div>
   <div class='ocr_carea' id='block_1_22' title="bbox 406 2052 2063 2127">
    <p class='ocr_par' dir='ltr' id='par_1_22' title="bbox 406 2052 2063 2127">
     <span class='ocr_line' id='line_1_22' title="bbox 406 2052 2063 2127; baseline 0.001 -18"><span class='ocrx_word' id='word_1_152' title='bbox 406 2054 522 2110; x_wconf 86' lang='lat' dir='ltr'><strong>rim</strong></span> <span class='ocrx_word' id='word_1_153' title='bbox 551 2069 683 2110; x_wconf 91' lang='lat' dir='ltr'><strong>sum</strong></span> <span class='ocrx_word' id='word_1_154' title='bbox 708 2068 722 2120; x_wconf 89' lang='lat'><strong>;</strong></span> <span class='ocrx_word' id='word_1_155' title='bbox 747 2053 851 2109; x_wconf 93' lang='lat' dir='ltr'><strong>sed</strong></span> <span class='ocrx_word' id='word_1_156' title='bbox 879 2058 1078 2110; x_wconf 86' lang='lat' dir='ltr'><strong>tamen</strong></span> <span class='ocrx_word' id='word_1_157' title='bbox 1104 2053 1307 2109; x_wconf 87' lang='lat' dir='ltr'><strong>nihila</strong></span> <span class='ocrx_word' id='word_1_158' title='bbox 1326 2052 1489 2111; x_wconf 85' lang='lat' dir='ltr'><strong>vobis</strong></span> <span class='ocrx_word' id='word_1_159' title='bbox 1511 2054 1734 2127; x_wconf 88' lang='lat' dir='ltr'><strong>accepi.</strong></span> <span class='ocrx_word' id='word_1_160' title='bbox 1759 2056 1879 2111; x_wconf 85' lang='lat' dir='ltr'><strong>Hoc</strong></span> <span class='ocrx_word' id='word_1_161' title='bbox 1902 2055 2063 2111; x_wconf 88' lang='lat' dir='ltr'><strong>enim</strong></span> 
     </span>
    </p>
   </div>
   <div class='ocr_carea' id='block_1_23' title="bbox 406 2143 2062 2219">
    <p class='ocr_par' dir='ltr' id='par_1_23' title="bbox 406 2143 2062 2219">
     <span class='ocr_line' id='line_1_23' title="bbox 406 2143 2062 2219; baseline 0.001 -20"><span class='ocrx_word' id='word_1_162' title='bbox 406 2148 636 2216; x_wconf 85' lang='lat' dir='ltr'><strong>spectat</strong></span> <span class='ocrx_word' id='word_1_163' title='bbox 649 2144 943 2199; x_wconf 87' lang='lat' dir='ltr'><strong>sermonis</strong></span> <span class='ocrx_word' id='word_1_164' title='bbox 955 2144 1085 2215; x_wconf 90' lang='lat' dir='ltr'><strong>ejus</strong></span> <span class='ocrx_word' id='word_1_165' title='bbox 1098 2143 1403 2200; x_wconf 92' lang='lat' dir='ltr'><strong>conclusio</strong></span> <span class='ocrx_word' id='word_1_166' title='bbox 1420 2161 1434 2211; x_wconf 88' lang='lat'><strong>;</strong></span> <span class='ocrx_word' id='word_1_167' title='bbox 1450 2144 1610 2202; x_wconf 91' lang='lat' dir='ltr'><strong>unde</strong></span> <span class='ocrx_word' id='word_1_168' title='bbox 1624 2145 1708 2200; x_wconf 87' lang='lat' dir='ltr'><strong>ait</strong></span> <span class='ocrx_word' id='word_1_169' title='bbox 1724 2161 1737 2199; x_wconf 89' lang='lat'><strong>:</strong></span> <span class='ocrx_word' id='word_1_170' title='bbox 1753 2167 1777 2196; x_wconf 76' lang='grc' dir='ltr'><strong>ι</strong></span> <span class='ocrx_word' id='word_1_171' title='bbox 1790 2145 2062 2219; x_wconf 80' lang='lat' dir='ltr'><strong>Sigillum</strong></span> 
     </span>
    </p>
   </div>
   <div class='ocr_carea' id='block_1_24' title="bbox 404 2231 2059 2307">
    <p class='ocr_par' dir='ltr' id='par_1_24' title="bbox 404 2231 2059 2307">
     <span class='ocr_line' id='line_1_24' title="bbox 404 2231 2059 2307; baseline 0.001 -18"><span class='ocrx_word' id='word_1_172' title='bbox 404 2231 775 2305; x_wconf 80' lang='lat' dir='ltr'><strong>apostolatus</strong></span> <span class='ocrx_word' id='word_1_173' title='bbox 794 2233 909 2288; x_wconf 85' lang='lat' dir='ltr'><strong>mei</strong></span> <span class='ocrx_word' id='word_1_174' title='bbox 928 2249 1027 2289; x_wconf 90' lang='lat' dir='ltr'><strong>vos</strong></span> <span class='ocrx_word' id='word_1_175' title='bbox 1046 2233 1207 2289; x_wconf 89' lang='lat' dir='ltr'><strong>estis.</strong></span> <span class='ocrx_word' id='word_1_176' title='bbox 1232 2255 1259 2282; x_wconf 71' lang='grc' dir='ltr'><strong>ιι</strong></span> <span class='ocrx_word' id='word_1_177' title='bbox 1278 2235 1399 2290; x_wconf 90' lang='lat' dir='ltr'><strong>Hoc</strong></span> <span class='ocrx_word' id='word_1_178' title='bbox 1416 2238 1526 2302; x_wconf 88' lang='lat' dir='ltr'><strong>est,</strong></span> <span class='ocrx_word' id='word_1_179' title='bbox 1546 2233 1595 2290; x_wconf 90' lang='lat' dir='ltr'><strong>si</strong></span> <span class='ocrx_word' id='word_1_180' title='bbox 1619 2233 1741 2290; x_wconf 89' lang='lat' dir='ltr'><strong>vult</strong></span> <span class='ocrx_word' id='word_1_181' title='bbox 1761 2234 2059 2307; x_wconf 89' lang='lat' dir='ltr'><strong>quispiam</strong></span> 
     </span>
    </p>
   </div>
   <div class='ocr_carea' id='block_1_25' title="bbox 405 2322 2060 2395">
    <p class='ocr_par' dir='ltr' id='par_1_25' title="bbox 405 2322 2060 2395">
     <span class='ocr_line' id='line_1_25' title="bbox 405 2322 2060 2395; baseline 0 -15"><span class='ocrx_word' id='word_1_182' title='bbox 405 2337 761 2395; x_wconf 86' lang='lat' dir='ltr'><strong>cognoscere</strong></span> <span class='ocrx_word' id='word_1_183' title='bbox 823 2322 1014 2378; x_wconf 89' lang='lat' dir='ltr'><strong>simne</strong></span> <span class='ocrx_word' id='word_1_184' title='bbox 1063 2323 1391 2395; x_wconf 87' lang='lat' dir='ltr'><strong>apostolus,</strong></span> <span class='ocrx_word' id='word_1_185' title='bbox 1435 2340 1535 2379; x_wconf 87' lang='lat' dir='ltr'><strong>vos</strong></span> <span class='ocrx_word' id='word_1_186' title='bbox 1586 2324 1663 2379; x_wconf 87' lang='lat' dir='ltr'><strong>ad</strong></span> <span class='ocrx_word' id='word_1_187' title='bbox 1720 2324 2060 2380; x_wconf 89' lang='lat' dir='ltr'><strong>evidentem</strong></span> 
     </span>
    </p>
   </div>
   <div class='ocr_carea' id='block_1_26' title="bbox 404 2412 2059 2487">
    <p class='ocr_par' dir='ltr' id='par_1_26' title="bbox 404 2412 2059 2487">
     <span class='ocr_line' id='line_1_26' title="bbox 404 2412 2059 2487; baseline 0.001 -19"><span class='ocrx_word' id='word_1_188' title='bbox 404 2412 818 2487; x_wconf 88' lang='lat' dir='ltr'><strong>probationem</strong></span> <span class='ocrx_word' id='word_1_189' title='bbox 853 2428 1141 2486; x_wconf 90' lang='lat' dir='ltr'><strong>propono.</strong></span> <span class='ocrx_word' id='word_1_190' title='bbox 1161 2414 1302 2468; x_wconf 89' lang='lat' dir='ltr'><strong>Nam</strong></span> <span class='ocrx_word' id='word_1_191' title='bbox 1324 2429 1696 2486; x_wconf 71' lang='lat' dir='ltr'><strong>quascunque</strong></span> <span class='ocrx_word' id='word_1_192' title='bbox 1717 2412 1791 2469; x_wconf 90' lang='lat' dir='ltr'><strong>ad</strong></span> <span class='ocrx_word' id='word_1_193' title='bbox 1822 2419 2059 2485; x_wconf 86' lang='lat' dir='ltr'><strong>aposto-</strong></span> 
     </span>
    </p>
   </div>
   <div class='ocr_carea' id='block_1_27' title="bbox 2181 602 3829 689">
    <p class='ocr_par' dir='ltr' id='par_1_27' title="bbox 2181 602 3829 689">
     <span class='ocr_line' id='line_1_27' title="bbox 2181 602 3829 689; baseline -0.002 -23"><span class='ocrx_word' id='word_1_194' title='bbox 2181 632 2332 683; x_wconf 89' lang='grc' dir='ltr'>ματι,</span> <span class='ocrx_word' id='word_1_195' title='bbox 2367 611 2521 689; x_wconf 64' lang='grc' dir='ltr'>ὣαοθη</span> <span class='ocrx_word' id='word_1_196' title='bbox 2555 613 2786 684; x_wconf 71' lang='grc' dir='ltr'>κάμοί.»</span> <span class='ocrx_word' id='word_1_197' title='bbox 2809 644 2876 654; x_wconf 91' lang='grc'><strong>-</strong></span> <span class='ocrx_word' id='word_1_198' title='bbox 2907 610 3014 668; x_wconf 71' lang='grc' dir='ltr'><strong>ιιυύ</strong></span> <span class='ocrx_word' id='word_1_199' title='bbox 3036 610 3098 664; x_wconf 81' lang='grc' dir='ltr'><strong>τὸ</strong></span> <span class='ocrx_word' id='word_1_200' title='bbox 3119 602 3277 686; x_wconf 70' lang='grc' dir='ltr'>ἔργον</span> <span class='ocrx_word' id='word_1_201' title='bbox 3316 629 3420 680; x_wconf 82' lang='grc' dir='ltr'><strong>μου</strong></span> <span class='ocrx_word' id='word_1_202' title='bbox 3449 608 3604 679; x_wconf 82' lang='grc' dir='ltr'>ὑμεῖς</span> <span class='ocrx_word' id='word_1_203' title='bbox 3634 606 3751 663; x_wconf 85' lang='grc' dir='ltr'>ἐστε</span> <span class='ocrx_word' id='word_1_204' title='bbox 3775 607 3829 665; x_wconf 85' lang='grc' dir='ltr'><strong>ἐν</strong></span> 
     </span>
    </p>
   </div>
   <div class='ocr_carea' id='block_1_28' title="bbox 2176 698 3833 776">
    <p class='ocr_par' dir='ltr' id='par_1_28' title="bbox 2176 698 3833 776">
     <span class='ocr_line' id='line_1_28' title="bbox 2176 698 3833 776; baseline -0.004 -16"><span class='ocrx_word' id='word_1_205' title='bbox 2176 702 2404 776; x_wconf 76' lang='grc' dir='ltr'>Κυρίῳς</span> <span class='ocrx_word' id='word_1_206' title='bbox 2440 728 2467 753; x_wconf 72' lang='grc' dir='ltr'>»ι</span> <span class='ocrx_word' id='word_1_207' title='bbox 2505 702 2635 758; x_wconf 73' lang='grc' dir='ltr'>Εἶτα</span> <span class='ocrx_word' id='word_1_208' title='bbox 2689 701 2778 756; x_wconf 80' lang='grc' dir='ltr'>’ἱνα</span> <span class='ocrx_word' id='word_1_209' title='bbox 2839 703 2914 774; x_wconf 75' lang='grc' dir='ltr'>μὴ</span> <span class='ocrx_word' id='word_1_210' title='bbox 2976 699 3225 773; x_wconf 68' lang='grc' dir='ltr'>λέγωσιν,</span> <span class='ocrx_word' id='word_1_211' title='bbox 3279 699 3342 756; x_wconf 81' lang='grc' dir='ltr'>Εἰ</span> <span class='ocrx_word' id='word_1_212' title='bbox 3400 699 3493 754; x_wconf 81' lang='grc' dir='ltr'><strong>καὶ</strong></span> <span class='ocrx_word' id='word_1_213' title='bbox 3524 698 3833 762; x_wconf 78' lang='grc' dir='ltr'><strong>ἀπόστολος</strong></span> 
     </span>
    </p>
   </div>
   <div class='ocr_carea' id='block_1_29' title="bbox 2176 786 3835 867">
    <p class='ocr_par' dir='ltr' id='par_1_29' title="bbox 2176 786 3835 867">
     <span class='ocr_line' id='line_1_29' title="bbox 2176 786 3835 867; baseline -0.001 -22"><span class='ocrx_word' id='word_1_214' title='bbox 2176 791 2243 858; x_wconf 69' lang='lat' dir='ltr'><strong>e7,</strong></span> <span class='ocrx_word' id='word_1_215' title='bbox 2275 788 2427 846; x_wconf 74' lang='grc' dir='ltr'>οὐδὲν</span> <span class='ocrx_word' id='word_1_216' title='bbox 2465 795 2650 863; x_wconf 70' lang='grc' dir='ltr'>μέντοι</span> <span class='ocrx_word' id='word_1_217' title='bbox 2702 786 2854 867; x_wconf 85' lang='grc' dir='ltr'>ἔργον</span> <span class='ocrx_word' id='word_1_218' title='bbox 2896 787 3172 859; x_wconf 75' lang='grc' dir='ltr'>ἐπεδείξω,</span> <span class='ocrx_word' id='word_1_219' title='bbox 3209 792 3327 851; x_wconf 80' lang='grc' dir='ltr'><strong>Πῶς</strong></span> <span class='ocrx_word' id='word_1_220' title='bbox 3356 808 3369 858; x_wconf 93' lang='grc'><strong>;</strong></span> <span class='ocrx_word' id='word_1_221' title='bbox 3404 788 3583 866; x_wconf 80' lang='grc' dir='ltr'>φησίν·</span> <span class='ocrx_word' id='word_1_222' title='bbox 3617 812 3644 841; x_wconf 92' lang='grc'><strong>‹‹</strong></span> <span class='ocrx_word' id='word_1_223' title='bbox 3678 786 3739 844; x_wconf 81' lang='grc' dir='ltr'><strong>οὑ</strong></span> <span class='ocrx_word' id='word_1_224' title='bbox 3771 791 3835 843; x_wconf 86' lang='grc' dir='ltr'>τὸ</span> 
     </span>
    </p>
   </div>
   <div class='ocr_carea' id='block_1_30' title="bbox 2173 879 3836 959">
    <p class='ocr_par' dir='ltr' id='par_1_30' title="bbox 2173 879 3836 959">
     <span class='ocr_line' id='line_1_30' title="bbox 2173 879 3836 959; baseline -0.001 -22"><span class='ocrx_word' id='word_1_225' title='bbox 2173 880 2335 959; x_wconf 84' lang='grc' dir='ltr'>ἔργον</span> <span class='ocrx_word' id='word_1_226' title='bbox 2371 903 2476 955; x_wconf 88' lang='grc' dir='ltr'><strong>μου</strong></span> <span class='ocrx_word' id='word_1_227' title='bbox 2509 883 2664 954; x_wconf 80' lang='grc' dir='ltr'>ὑμεῖς</span> <span class='ocrx_word' id='word_1_228' title='bbox 2698 881 2852 949; x_wconf 76' lang='grc' dir='ltr'>ἐστες</span> <span class='ocrx_word' id='word_1_229' title='bbox 2890 907 2916 933; x_wconf 87' lang='grc'><strong>››</strong></span> <span class='ocrx_word' id='word_1_230' title='bbox 2938 882 3237 948; x_wconf 71' lang='grc' dir='ltr'><strong>τουτέστιν,</strong></span> <span class='ocrx_word' id='word_1_231' title='bbox 3270 880 3386 937; x_wconf 71' lang='grc' dir='ltr'><strong>Οὐκ</strong></span> <span class='ocrx_word' id='word_1_232' title='bbox 3425 879 3676 957; x_wconf 70' lang='grc' dir='ltr'>ἐργασίαν</span> <span class='ocrx_word' id='word_1_233' title='bbox 3703 879 3836 935; x_wconf 83' lang='grc' dir='ltr'>ἀπο-</span> 
     </span>
    </p>
   </div>
   <div class='ocr_carea' id='block_1_31' title="bbox 2175 969 3834 1049">
    <p class='ocr_par' dir='ltr' id='par_1_31' title="bbox 2175 969 3834 1049">
     <span class='ocr_line' id='line_1_31' title="bbox 2175 969 3834 1049; baseline -0.001 -22"><span class='ocrx_word' id='word_1_234' title='bbox 2175 971 2394 1034; x_wconf 76' lang='grc' dir='ltr'><strong>στόλοις</strong></span> <span class='ocrx_word' id='word_1_235' title='bbox 2453 973 2761 1049; x_wconf 79' lang='grc' dir='ltr'>πρέπουσαν</span> <span class='ocrx_word' id='word_1_236' title='bbox 2817 969 3173 1046; x_wconf 76' lang='grc' dir='ltr'><strong>ἐπεδειξάμην</strong></span> <span class='ocrx_word' id='word_1_237' title='bbox 3228 971 3329 1033; x_wconf 72' lang='grc' dir='ltr'>εἷς·</span> <span class='ocrx_word' id='word_1_238' title='bbox 3365 971 3527 1043; x_wconf 82' lang='grc' dir='ltr'>ὑμᾶς,</span> <span class='ocrx_word' id='word_1_239' title='bbox 3581 969 3834 1045; x_wconf 79' lang='grc' dir='ltr'>ἐπιστρέ-</span> 
     </span>
    </p>
   </div>
   <div class='ocr_carea' id='block_1_32' title="bbox 2130 1058 3830 1138">
    <p class='ocr_par' dir='ltr' id='par_1_32' title="bbox 2130 1058 3830 1138">
     <span class='ocr_line' id='line_1_32' title="bbox 2130 1058 3830 1138; baseline -0.001 -19"><span class='ocrx_word' id='word_1_240' title='bbox 2130 1115 2135 1119; x_wconf 86' lang='grc'><strong>.</strong></span> <span class='ocrx_word' id='word_1_241' title='bbox 2184 1066 2285 1138; x_wconf 77' lang='grc' dir='ltr'><strong>ψας</strong></span> <span class='ocrx_word' id='word_1_242' title='bbox 2351 1062 2529 1134; x_wconf 85' lang='grc' dir='ltr'>ὑμᾶς;</span> <span class='ocrx_word' id='word_1_243' title='bbox 2590 1062 2724 1137; x_wconf 78' lang='grc' dir='ltr'>ὅπερ</span> <span class='ocrx_word' id='word_1_244' title='bbox 2776 1061 2828 1117; x_wconf 90' lang='grc' dir='ltr'><strong>ἐν</strong></span> <span class='ocrx_word' id='word_1_245' title='bbox 2882 1063 3069 1135; x_wconf 84' lang='grc' dir='ltr'>Κυρίῳ</span> <span class='ocrx_word' id='word_1_246' title='bbox 3128 1058 3217 1116; x_wconf 74' lang='grc' dir='ltr'><strong>διὰ</strong></span> <span class='ocrx_word' id='word_1_247' title='bbox 3272 1064 3519 1137; x_wconf 75' lang='grc' dir='ltr'><strong>Χριστοῦ</strong></span> <span class='ocrx_word' id='word_1_248' title='bbox 3550 1058 3830 1136; x_wconf 71' lang='grc' dir='ltr'>πέπραχα.</span> 
     </span>
    </p>
   </div>
   <div class='ocr_carea' id='block_1_33' title="bbox 2180 1148 3828 1231">
    <p class='ocr_par' dir='ltr' id='par_1_33' title="bbox 2180 1148 3828 1231">
     <span class='ocr_line' id='line_1_33' title="bbox 2180 1148 3828 1231; baseline -0.004 -22"><span class='ocrx_word' id='word_1_249' title='bbox 2180 1173 2201 1201; x_wconf 78' lang='grc' dir='ltr'>ι</span> <span class='ocrx_word' id='word_1_250' title='bbox 2239 1151 2302 1209; x_wconf 64' lang='grc' dir='ltr'>Εἴ</span> <span class='ocrx_word' id='word_1_251' title='bbox 2361 1150 2556 1214; x_wconf 81' lang='grc' dir='ltr'>ἀλλοις</span> <span class='ocrx_word' id='word_1_252' title='bbox 2617 1154 2718 1206; x_wconf 73' lang='grc' dir='ltr'><strong>οὐκ</strong></span> <span class='ocrx_word' id='word_1_253' title='bbox 2784 1151 2896 1224; x_wconf 82' lang='grc' dir='ltr'>εἰμὶ</span> <span class='ocrx_word' id='word_1_254' title='bbox 2957 1149 3286 1214; x_wconf 81' lang='grc' dir='ltr'>ἀπόστολος.</span> <span class='ocrx_word' id='word_1_255' title='bbox 3319 1172 3348 1201; x_wconf 76' lang='grc'><strong>›;</strong></span> <span class='ocrx_word' id='word_1_256' title='bbox 3397 1148 3606 1218; x_wconf 76' lang='grc' dir='ltr'>Καίτοι,</span> <span class='ocrx_word' id='word_1_257' title='bbox 3637 1150 3828 1231; x_wconf 46' lang='lat' dir='ltr'><strong>quasi»,</strong></span> 
     </span>
    </p>
   </div>
   <div class='ocr_carea' id='block_1_34' title="bbox 2172 1235 3829 1319">
    <p class='ocr_par' dir='ltr' id='par_1_34' title="bbox 2172 1235 3829 1319">
     <span class='ocr_line' id='line_1_34' title="bbox 2172 1235 3829 1319; baseline -0.002 -22"><span class='ocrx_word' id='word_1_258' title='bbox 2172 1239 2339 1313; x_wconf 78' lang='grc' dir='ltr'>ἔξεστί</span> <span class='ocrx_word' id='word_1_259' title='bbox 2396 1262 2493 1317; x_wconf 88' lang='grc' dir='ltr'><strong>μοι</strong></span> <span class='ocrx_word' id='word_1_260' title='bbox 2548 1242 2725 1319; x_wconf 67' lang='grc' dir='ltr'>λέγειν</span> <span class='ocrx_word' id='word_1_261' title='bbox 2778 1241 2861 1296; x_wconf 79' lang='grc' dir='ltr'><strong>ὅτι</strong></span> <span class='ocrx_word' id='word_1_262' title='bbox 2922 1240 3027 1296; x_wconf 83' lang='grc' dir='ltr'>ἀπὸ</span> <span class='ocrx_word' id='word_1_263' title='bbox 3088 1237 3453 1314; x_wconf 75' lang='grc' dir='ltr'>Ἰερουσαλὴμ</span> <span class='ocrx_word' id='word_1_264' title='bbox 3508 1237 3600 1294; x_wconf 83' lang='grc' dir='ltr'><strong>καὶ</strong></span> <span class='ocrx_word' id='word_1_265' title='bbox 3637 1235 3829 1309; x_wconf 71' lang='grc' dir='ltr'>κύκλῳ</span> 
     </span>
    </p>
   </div>
   <div class='ocr_carea' id='block_1_35' title="bbox 2177 1328 3830 1411">
    <p class='ocr_par' dir='ltr' id='par_1_35' title="bbox 2177 1328 3830 1411">
     <span class='ocr_line' id='line_1_35' title="bbox 2177 1328 3830 1411; baseline -0.002 -24"><span class='ocrx_word' id='word_1_266' title='bbox 2177 1330 2342 1411; x_wconf 73' lang='grc' dir='ltr'>μέχρι</span> <span class='ocrx_word' id='word_1_267' title='bbox 2373 1336 2469 1389; x_wconf 80' lang='grc' dir='ltr'><strong>τοῦ</strong></span> <span class='ocrx_word' id='word_1_268' title='bbox 2528 1330 2843 1406; x_wconf 84' lang='grc' dir='ltr'>Ἰλλυρικοῦ</span> <span class='ocrx_word' id='word_1_269' title='bbox 2900 1330 3244 1405; x_wconf 70' lang='grc' dir='ltr'>πεπλήρωκα</span> <span class='ocrx_word' id='word_1_270' title='bbox 3271 1330 3336 1385; x_wconf 85' lang='grc' dir='ltr'>τὸ</span> <span class='ocrx_word' id='word_1_271' title='bbox 3370 1328 3698 1403; x_wconf 60' lang='grc' dir='ltr'>Εὑαγγέλιον</span> <span class='ocrx_word' id='word_1_272' title='bbox 3728 1332 3830 1384; x_wconf 80' lang='grc' dir='ltr'><strong>τοῦ</strong></span> 
     </span>
    </p>
   </div>
   <div class='ocr_carea' id='block_1_36' title="bbox 2172 1417 3828 1498">
    <p class='ocr_par' dir='ltr' id='par_1_36' title="bbox 2172 1417 3828 1498">
     <span class='ocr_line' id='line_1_36' title="bbox 2172 1417 3828 1498; baseline -0.004 -20"><span class='ocrx_word' id='word_1_273' title='bbox 2172 1426 2433 1496; x_wconf 77' lang='grc' dir='ltr'>Χριστοῦ,</span> <span class='ocrx_word' id='word_1_274' title='bbox 2497 1420 2642 1478; x_wconf 84' lang='grc' dir='ltr'>ἀλλὰ</span> <span class='ocrx_word' id='word_1_275' title='bbox 2698 1422 2835 1484; x_wconf 74' lang='grc' dir='ltr'>τὲως</span> <span class='ocrx_word' id='word_1_276' title='bbox 2894 1420 2955 1476; x_wconf 88' lang='grc' dir='ltr'><strong>οὑ</strong></span> <span class='ocrx_word' id='word_1_277' title='bbox 3015 1418 3181 1498; x_wconf 80' lang='grc' dir='ltr'>λέγῳ’</span> <span class='ocrx_word' id='word_1_278' title='bbox 3261 1421 3336 1491; x_wconf 81' lang='grc' dir='ltr'>μὴ</span> <span class='ocrx_word' id='word_1_279' title='bbox 3395 1419 3492 1475; x_wconf 75' lang='grc' dir='ltr'>κᾶν</span> <span class='ocrx_word' id='word_1_280' title='bbox 3552 1419 3705 1493; x_wconf 81' lang='grc' dir='ltr'>ὑμῶν</span> <span class='ocrx_word' id='word_1_281' title='bbox 3764 1417 3828 1474; x_wconf 78' lang='grc' dir='ltr'><strong>οὑ</strong></span> 
     </span>
    </p>
   </div>
   <div class='ocr_carea' id='block_1_37' title="bbox 2170 1506 3828 1589">
    <p class='ocr_par' dir='ltr' id='par_1_37' title="bbox 2170 1506 3828 1589">
     <span class='ocr_line' id='line_1_37' title="bbox 2170 1506 3828 1589; baseline -0.003 -22"><span class='ocrx_word' id='word_1_282' title='bbox 2170 1511 2367 1589; x_wconf 69' lang='grc' dir='ltr'>γέγονα</span> <span class='ocrx_word' id='word_1_283' title='bbox 2427 1512 2777 1581; x_wconf 65' lang='grc' dir='ltr'>ἀπόστολοςς</span> <span class='ocrx_word' id='word_1_284' title='bbox 2839 1510 2903 1567; x_wconf 77' lang='lat' dir='ltr'><strong>El</strong></span> <span class='ocrx_word' id='word_1_285' title='bbox 2959 1510 3062 1586; x_wconf 78' lang='grc' dir='ltr'><strong>γὰρ</strong></span> <span class='ocrx_word' id='word_1_286' title='bbox 3124 1507 3312 1566; x_wconf 80' lang='grc' dir='ltr'>ἀλλων</span> <span class='ocrx_word' id='word_1_287' title='bbox 3368 1507 3469 1564; x_wconf 88' lang='grc' dir='ltr'><strong>οὑκ</strong></span> <span class='ocrx_word' id='word_1_288' title='bbox 3498 1506 3635 1581; x_wconf 74' lang='grc' dir='ltr'>εἰμὶ,</span> <span class='ocrx_word' id='word_1_289' title='bbox 3670 1508 3828 1582; x_wconf 82' lang='grc' dir='ltr'>ὑμῶν</span> 
     </span>
    </p>
   </div>
   <div class='ocr_carea' id='block_1_38' title="bbox 2167 1597 3828 1675">
    <p class='ocr_par' dir='ltr' id='par_1_38' title="bbox 2167 1597 3828 1675">
     <span class='ocr_line' id='line_1_38' title="bbox 2167 1597 3828 1675; baseline -0.004 -17"><span class='ocrx_word' id='word_1_290' title='bbox 2167 1601 2306 1664; x_wconf 73' lang='grc' dir='ltr'>τὲως</span> <span class='ocrx_word' id='word_1_291' title='bbox 2346 1601 2480 1675; x_wconf 82' lang='grc' dir='ltr'>εἶμί.</span> <span class='ocrx_word' id='word_1_292' title='bbox 2514 1601 2671 1660; x_wconf 84' lang='grc' dir='ltr'>Ἀλλ’</span> <span class='ocrx_word' id='word_1_293' title='bbox 2729 1601 2882 1674; x_wconf 79' lang='grc' dir='ltr'>ὅμως</span> <span class='ocrx_word' id='word_1_294' title='bbox 2914 1598 3068 1656; x_wconf 73' lang='grc' dir='ltr'>οὐδὲν</span> <span class='ocrx_word' id='word_1_295' title='bbox 3128 1599 3255 1675; x_wconf 88' lang='grc' dir='ltr'>παρ’</span> <span class='ocrx_word' id='word_1_296' title='bbox 3290 1600 3443 1673; x_wconf 78' lang='grc' dir='ltr'>ὑμῶν</span> <span class='ocrx_word' id='word_1_297' title='bbox 3472 1597 3693 1675; x_wconf 72' lang='grc' dir='ltr'>ε’ληφα.</span> <span class='ocrx_word' id='word_1_298' title='bbox 3732 1597 3828 1660; x_wconf 85' lang='grc' dir='ltr'>Εἰς</span> 
     </span>
    </p>
   </div>
   <div class='ocr_carea' id='block_1_39' title="bbox 2134 1686 3823 1769">
    <p class='ocr_par' dir='ltr' id='par_1_39' title="bbox 2134 1686 3823 1769">
     <span class='ocr_line' id='line_1_39' title="bbox 2134 1686 3823 1769; baseline -0.007 -18"><span class='ocrx_word' id='word_1_299' title='bbox 2134 1750 2141 1753; x_wconf 25' lang='grc' dir='ltr'><strong>ι</strong></span> <span class='ocrx_word' id='word_1_300' title='bbox 2168 1698 2330 1749; x_wconf 71' lang='grc' dir='ltr'>τοῦτο</span> <span class='ocrx_word' id='word_1_301' title='bbox 2388 1694 2492 1767; x_wconf 79' lang='grc' dir='ltr'><strong>γὰρ</strong></span> <span class='ocrx_word' id='word_1_302' title='bbox 2552 1694 2655 1769; x_wconf 79' lang='grc' dir='ltr'>ὁρᾷ</span> <span class='ocrx_word' id='word_1_303' title='bbox 2682 1693 2745 1749; x_wconf 87' lang='grc' dir='ltr'>τὸ</span> <span class='ocrx_word' id='word_1_304' title='bbox 2777 1690 3124 1765; x_wconf 78' lang='grc' dir='ltr'><strong>ἀποτέλεσμα</strong></span> <span class='ocrx_word' id='word_1_305' title='bbox 3176 1691 3347 1762; x_wconf 82' lang='grc' dir='ltr'>αὑτῷ.</span> <span class='ocrx_word' id='word_1_306' title='bbox 3382 1715 3409 1742; x_wconf 84' lang='grc'><strong>‹‹</strong></span> <span class='ocrx_word' id='word_1_307' title='bbox 3442 1691 3601 1748; x_wconf 76' lang='grc' dir='ltr'>’Όοεν</span> <span class='ocrx_word' id='word_1_308' title='bbox 3633 1686 3823 1763; x_wconf 72' lang='grc' dir='ltr'>φησῗν,</span> 
     </span>
    </p>
   </div>
   <div class='ocr_carea' id='block_1_40' title="bbox 2171 1778 3827 1862">
    <p class='ocr_par' dir='ltr' id='par_1_40' title="bbox 2171 1778 3827 1862">
     <span class='ocr_line' id='line_1_40' title="bbox 2171 1778 3827 1862; baseline -0.001 -28"><span class='ocrx_word' id='word_1_309' title='bbox 2171 1806 2199 1835; x_wconf 86' lang='grc'><em>‹‹</em></span> <span class='ocrx_word' id='word_1_310' title='bbox 2230 1784 2293 1857; x_wconf 78' lang='grc' dir='ltr'><strong>Ἠ</strong></span> <span class='ocrx_word' id='word_1_311' title='bbox 2328 1782 2555 1862; x_wconf 76' lang='grc' dir='ltr'>σφραγὶς</span> <span class='ocrx_word' id='word_1_312' title='bbox 2586 1789 2685 1851; x_wconf 78' lang='grc' dir='ltr'><strong>τῆς</strong></span> <span class='ocrx_word' id='word_1_313' title='bbox 2718 1780 2854 1856; x_wconf 71' lang='grc' dir='ltr'>ἐμῆς</span> <span class='ocrx_word' id='word_1_314' title='bbox 2886 1778 3205 1850; x_wconf 78' lang='grc' dir='ltr'>ἀποστολῆς</span> <span class='ocrx_word' id='word_1_315' title='bbox 3242 1781 3397 1853; x_wconf 81' lang='grc' dir='ltr'>ὑμεῖς</span> <span class='ocrx_word' id='word_1_316' title='bbox 3418 1778 3557 1836; x_wconf 82' lang='grc' dir='ltr'>ἐστε.</span> <span class='ocrx_word' id='word_1_317' title='bbox 3590 1803 3618 1831; x_wconf 85' lang='grc'><strong>››</strong></span> <span class='ocrx_word' id='word_1_318' title='bbox 3651 1781 3827 1835; x_wconf 83' lang='grc' dir='ltr'>Τουτ-</span> 
     </span>
    </p>
   </div>
   <div class='ocr_carea' id='block_1_41' title="bbox 2092 1868 3824 1975">
    <p class='ocr_par' dir='ltr' id='par_1_41' title="bbox 2092 1868 3824 1975">
     <span class='ocr_line' id='line_1_41' title="bbox 2092 1868 3824 1975; baseline -0.002 -46"><span class='ocrx_word' id='word_1_319' title='bbox 2092 1909 2141 1975; x_wconf 80' lang='grc' dir='ltr'><strong>Β</strong></span> <span class='ocrx_word' id='word_1_320' title='bbox 2172 1868 2334 1940; x_wconf 69' lang='grc' dir='ltr'>ἐστιν,</span> <span class='ocrx_word' id='word_1_321' title='bbox 2395 1871 2457 1931; x_wconf 78' lang='grc' dir='ltr'><strong>Εἰ</strong></span> <span class='ocrx_word' id='word_1_322' title='bbox 2518 1870 2779 1947; x_wconf 69' lang='grc' dir='ltr'>βούλεταί</span> <span class='ocrx_word' id='word_1_323' title='bbox 2835 1892 2948 1975; x_wconf 56' lang='grc' dir='ltr'><strong>τις¹³</strong></span> <span class='ocrx_word' id='word_1_324' title='bbox 2978 1876 3169 1947; x_wconf 77' lang='grc' dir='ltr'>μαθεῖν</span> <span class='ocrx_word' id='word_1_325' title='bbox 3223 1870 3271 1926; x_wconf 82' lang='grc' dir='ltr'><strong>εί</strong></span> <span class='ocrx_word' id='word_1_326' title='bbox 3322 1868 3437 1942; x_wconf 83' lang='grc' dir='ltr'>είμὶ</span> <span class='ocrx_word' id='word_1_327' title='bbox 3487 1869 3824 1975; x_wconf 66' lang='grc' dir='ltr'>ἀπόστολος,</span> 
     </span>
    </p>
   </div>
   <div class='ocr_carea' id='block_1_42' title="bbox 2176 1957 3828 2036">
    <p class='ocr_par' dir='ltr' id='par_1_42' title="bbox 2176 1957 3828 2036">
     <span class='ocr_line' id='line_1_42' title="bbox 2176 1957 3828 2036; baseline -0.003 -19"><span class='ocrx_word' id='word_1_328' title='bbox 2176 1962 2315 2035; x_wconf 82' lang='grc' dir='ltr'>ὑμᾶς</span> <span class='ocrx_word' id='word_1_329' title='bbox 2336 1960 2423 2023; x_wconf 80' lang='grc' dir='ltr'><strong>είς</strong></span> <span class='ocrx_word' id='word_1_330' title='bbox 2471 1958 2746 2032; x_wconf 79' lang='grc' dir='ltr'>ἀπόδειξιν</span> <span class='ocrx_word' id='word_1_331' title='bbox 2804 1957 3222 2036; x_wconf 74' lang='grc' dir='ltr'>προϐάλλομαι.</span> <span class='ocrx_word' id='word_1_332' title='bbox 3286 1959 3469 2015; x_wconf 78' lang='grc' dir='ltr'>Πάντα</span> <span class='ocrx_word' id='word_1_333' title='bbox 3495 1958 3597 2035; x_wconf 76' lang='grc' dir='ltr'><strong>γὰρ</strong></span> <span class='ocrx_word' id='word_1_334' title='bbox 3627 1957 3695 2013; x_wconf 66' lang='grc' dir='ltr'><strong>τὰ</strong></span> <span class='ocrx_word' id='word_1_335' title='bbox 3728 1961 3828 2013; x_wconf 75' lang='grc' dir='ltr'><strong>τοῦ</strong></span> 
     </span>
    </p>
   </div>
   <div class='ocr_carea' id='block_1_43' title="bbox 2175 2047 3829 2125">
    <p class='ocr_par' dir='ltr' id='par_1_43' title="bbox 2175 2047 3829 2125">
     <span class='ocr_line' id='line_1_43' title="bbox 2175 2047 3829 2125; baseline -0.004 -17"><span class='ocrx_word' id='word_1_336' title='bbox 2175 2050 2485 2109; x_wconf 79' lang='grc' dir='ltr'>ἀποστόλου</span> <span class='ocrx_word' id='word_1_337' title='bbox 2543 2051 2597 2107; x_wconf 82' lang='grc' dir='ltr'><strong>ἐν</strong></span> <span class='ocrx_word' id='word_1_338' title='bbox 2655 2052 2781 2125; x_wconf 86' lang='grc' dir='ltr'>ὑμῖν</span> <span class='ocrx_word' id='word_1_339' title='bbox 2842 2049 3225 2125; x_wconf 75' lang='grc' dir='ltr'><strong>ἐπεδειξάμην,</strong></span> <span class='ocrx_word' id='word_1_340' title='bbox 3281 2047 3372 2106; x_wconf 83' lang='grc' dir='ltr'><strong>καὶ</strong></span> <span class='ocrx_word' id='word_1_341' title='bbox 3428 2054 3633 2123; x_wconf 84' lang='grc' dir='ltr'>σημεῖα</span> <span class='ocrx_word' id='word_1_342' title='bbox 3662 2050 3829 2120; x_wconf 74' lang='grc' dir='ltr'>ποιή-</span> 
     </span>
    </p>
   </div>
   <div class='ocr_carea' id='block_1_44' title="bbox 2174 2136 3831 2215">
    <p class='ocr_par' dir='ltr' id='par_1_44' title="bbox 2174 2136 3831 2215">
     <span class='ocr_line' id='line_1_44' title="bbox 2174 2136 3831 2215; baseline -0.001 -18"><span class='ocrx_word' id='word_1_343' title='bbox 2174 2163 2289 2210; x_wconf 87' lang='grc' dir='ltr'>σας,</span> <span class='ocrx_word' id='word_1_344' title='bbox 2348 2142 2440 2197; x_wconf 82' lang='grc' dir='ltr'><strong>καὶ</strong></span> <span class='ocrx_word' id='word_1_345' title='bbox 2501 2138 2717 2215; x_wconf 76' lang='grc' dir='ltr'>διδάξας</span> <span class='ocrx_word' id='word_1_346' title='bbox 2772 2142 2873 2212; x_wconf 74' lang='grc' dir='ltr'>τὴν</span> <span class='ocrx_word' id='word_1_347' title='bbox 2941 2141 3143 2210; x_wconf 86' lang='grc' dir='ltr'>πίστιν,</span> <span class='ocrx_word' id='word_1_348' title='bbox 3197 2139 3290 2196; x_wconf 83' lang='grc' dir='ltr'><strong>καὶ</strong></span> <span class='ocrx_word' id='word_1_349' title='bbox 3345 2136 3632 2200; x_wconf 76' lang='grc' dir='ltr'>κινδύνους</span> <span class='ocrx_word' id='word_1_350' title='bbox 3692 2139 3831 2195; x_wconf 84' lang='grc' dir='ltr'>ὑπο-</span> 
     </span>
    </p>
   </div>
   <div class='ocr_carea' id='block_1_45' title="bbox 2173 2226 3826 2307">
    <p class='ocr_par' dir='ltr' id='par_1_45' title="bbox 2173 2226 3826 2307">
     <span class='ocr_line' id='line_1_45' title="bbox 2173 2226 3826 2307; baseline -0.003 -19"><span class='ocrx_word' id='word_1_351' title='bbox 2173 2231 2382 2307; x_wconf 90' lang='grc' dir='ltr'>μείνας,</span> <span class='ocrx_word' id='word_1_352' title='bbox 2411 2230 2503 2287; x_wconf 84' lang='grc' dir='ltr'><strong>καὶ</strong></span> <span class='ocrx_word' id='word_1_353' title='bbox 2565 2230 2684 2307; x_wconf 88' lang='grc' dir='ltr'>βίον</span> <span class='ocrx_word' id='word_1_354' title='bbox 2742 2229 3114 2303; x_wconf 86' lang='grc' dir='ltr'>ἀνεπίληπτον</span> <span class='ocrx_word' id='word_1_355' title='bbox 3171 2226 3461 2303; x_wconf 77' lang='grc' dir='ltr'>ἐπιδείξας.</span> <span class='ocrx_word' id='word_1_356' title='bbox 3512 2230 3699 2288; x_wconf 77' lang='grc' dir='ltr'>Ταῦτα</span> <span class='ocrx_word' id='word_1_357' title='bbox 3725 2227 3826 2305; x_wconf 80' lang='grc' dir='ltr'><strong>γὰρ</strong></span> 
     </span>
    </p>
   </div>
   <div class='ocr_carea' id='block_1_46' title="bbox 2168 2315 3828 2401">
    <p class='ocr_par' dir='ltr' id='par_1_46' title="bbox 2168 2315 3828 2401">
     <span class='ocr_line' id='line_1_46' title="bbox 2168 2315 3828 2401; baseline -0.002 -23"><span class='ocrx_word' id='word_1_358' title='bbox 2168 2321 2258 2378; x_wconf 86' lang='grc' dir='ltr'>καὶ</span> <span class='ocrx_word' id='word_1_359' title='bbox 2289 2322 2356 2379; x_wconf 80' lang='grc' dir='ltr'><strong>τὰ</strong></span> <span class='ocrx_word' id='word_1_360' title='bbox 2385 2325 2606 2378; x_wconf 71' lang='grc' dir='ltr'>τοιαῦτα</span> <span class='ocrx_word' id='word_1_361' title='bbox 2633 2321 2915 2401; x_wconf 73' lang='grc' dir='ltr'>σφραγίζει</span> <span class='ocrx_word' id='word_1_362' title='bbox 2964 2320 3056 2376; x_wconf 84' lang='grc' dir='ltr'>καὶ</span> <span class='ocrx_word' id='word_1_363' title='bbox 3106 2320 3331 2377; x_wconf 83' lang='grc' dir='ltr'>ἐκτυποῖ</span> <span class='ocrx_word' id='word_1_364' title='bbox 3357 2319 3449 2375; x_wconf 83' lang='grc' dir='ltr'><strong>καὶ</strong></span> <span class='ocrx_word' id='word_1_365' title='bbox 3478 2315 3828 2377; x_wconf 77' lang='grc' dir='ltr'>ἀποδεικνύει</span> 
     </span>
    </p>
   </div>
   <div class='ocr_carea' id='block_1_47' title="bbox 2167 2410 2500 2469">
    <p class='ocr_par' dir='ltr' id='par_1_47' title="bbox 2167 2410 2500 2469">
     <span class='ocr_line' id='line_1_47' title="bbox 2167 2410 2500 2469; baseline 0.006 -2"><span class='ocrx_word' id='word_1_366' title='bbox 2167 2410 2500 2469; x_wconf 77' lang='grc' dir='ltr'>ἀπόστολον.</span> 
     </span>
    </p>
   </div>
   <div class='ocr_carea' id='block_1_48' title="bbox 404 2501 3829 2587">
    <p class='ocr_par' dir='ltr' id='par_1_48' title="bbox 404 2501 3829 2587">
     <span class='ocr_line' id='line_1_48' title="bbox 404 2501 3829 2587; baseline -0.001 -28"><span class='ocrx_word' id='word_1_367' title='bbox 404 2501 591 2559; x_wconf 84' lang='lat' dir='ltr'><strong>latum</strong></span> <span class='ocrx_word' id='word_1_368' title='bbox 625 2506 918 2574; x_wconf 85' lang='lat' dir='ltr'><strong>spectant,</strong></span> <span class='ocrx_word' id='word_1_369' title='bbox 951 2503 1014 2557; x_wconf 92' lang='lat' dir='ltr'><strong>in</strong></span> <span class='ocrx_word' id='word_1_370' title='bbox 1046 2501 1211 2558; x_wconf 89' lang='lat' dir='ltr'><strong>vobis</strong></span> <span class='ocrx_word' id='word_1_371' title='bbox 1259 2503 1499 2587; x_wconf 81' lang='lat' dir='ltr'><strong>exhibui</strong></span> <span class='ocrx_word' id='word_1_372' title='bbox 1536 2521 1548 2559; x_wconf 92' lang='lat'>:</span> <span class='ocrx_word' id='word_1_373' title='bbox 1583 2509 1642 2559; x_wconf 71' lang='lat' dir='ltr'><strong>et</strong></span> <span class='ocrx_word' id='word_1_374' title='bbox 1686 2503 1855 2578; x_wconf 79' lang='lat' dir='ltr'><strong>signa</strong></span> <span class='ocrx_word' id='word_1_375' title='bbox 1901 2502 2148 2567; x_wconf 84' lang='lat' dir='ltr'><strong>faciens.</strong></span> <span class='ocrx_word' id='word_1_376' title='bbox 2182 2512 2242 2561; x_wconf 88' lang='lat' dir='ltr'><strong>et</strong></span> <span class='ocrx_word' id='word_1_377' title='bbox 2280 2504 2459 2561; x_wconf 79' lang='lat' dir='ltr'><strong>ﬁdem</strong></span> <span class='ocrx_word' id='word_1_378' title='bbox 2508 2503 2753 2571; x_wconf 90' lang='lat' dir='ltr'><strong>docens,</strong></span> <span class='ocrx_word' id='word_1_379' title='bbox 2785 2509 2844 2560; x_wconf 91' lang='lat' dir='ltr'><strong>et</strong></span> <span class='ocrx_word' id='word_1_380' title='bbox 2890 2502 3158 2577; x_wconf 87' lang='lat' dir='ltr'><strong>pericula</strong></span> <span class='ocrx_word' id='word_1_381' title='bbox 3204 2501 3530 2572; x_wconf 87' lang='lat' dir='ltr'><strong>sustinens,</strong></span> <span class='ocrx_word' id='word_1_382' title='bbox 3562 2507 3622 2557; x_wconf 86' lang='lat' dir='ltr'><strong>et</strong></span> <span class='ocrx_word' id='word_1_383' title='bbox 3649 2501 3829 2558; x_wconf 87' lang='lat' dir='ltr'><strong>vitam</strong></span> 
     </span>
    </p>
   </div>
   <div class='ocr_carea' id='block_1_49' title="bbox 408 2591 3834 2668">
    <p class='ocr_par' dir='ltr' id='par_1_49' title="bbox 408 2591 3834 2668">
     <span class='ocr_line' id='line_1_49' title="bbox 408 2591 3834 2668; baseline 0 -21"><span class='ocrx_word' id='word_1_384' title='bbox 408 2591 826 2648; x_wconf 87' lang='lat' dir='ltr'><strong>demonstrans</strong></span> <span class='ocrx_word' id='word_1_385' title='bbox 880 2591 1267 2665; x_wconf 78' lang='lat' dir='ltr'><strong>inculpatum.</strong></span> <span class='ocrx_word' id='word_1_386' title='bbox 1326 2592 1461 2648; x_wconf 74' lang='lat' dir='ltr'><strong>Haec</strong></span> <span class='ocrx_word' id='word_1_387' title='bbox 1519 2592 1677 2649; x_wconf 91' lang='lat' dir='ltr'><strong>enim</strong></span> <span class='ocrx_word' id='word_1_388' title='bbox 1733 2593 1969 2664; x_wconf 88' lang='lat' dir='ltr'><strong>aliaque</strong></span> <span class='ocrx_word' id='word_1_389' title='bbox 2025 2593 2371 2665; x_wconf 88' lang='lat' dir='ltr'><strong>hujusmodi</strong></span> <span class='ocrx_word' id='word_1_390' title='bbox 2430 2594 2781 2668; x_wconf 78' lang='lat' dir='ltr'><strong>insigniunt,</strong></span> <span class='ocrx_word' id='word_1_391' title='bbox 2832 2600 2891 2650; x_wconf 92' lang='lat' dir='ltr'><strong>et</strong></span> <span class='ocrx_word' id='word_1_392' title='bbox 2945 2593 3235 2668; x_wconf 79' lang='lat' dir='ltr'><strong>efiligiant</strong></span> <span class='ocrx_word' id='word_1_393' title='bbox 3290 2610 3359 2650; x_wconf 85' lang='lat' dir='ltr'><strong>ac</strong></span> <span class='ocrx_word' id='word_1_394' title='bbox 3415 2593 3834 2650; x_wconf 86' lang='lat' dir='ltr'><strong>demonstrant</strong></span> 
     </span>
    </p>
   </div>
   <div class='ocr_carea' id='block_1_50' title="bbox 406 2682 764 2754">
    <p class='ocr_par' dir='ltr' id='par_1_50' title="bbox 406 2682 764 2754">
     <span class='ocr_line' id='line_1_50' title="bbox 406 2682 764 2754; baseline -0.003 -16"><span class='ocrx_word' id='word_1_395' title='bbox 406 2682 764 2754; x_wconf 82' lang='lat' dir='ltr'><strong>apostolum.</strong></span> 
     </span>
    </p>
   </div>
   <div class='ocr_carea' id='block_1_51' title="bbox 477 2771 2055 2845">
    <p class='ocr_par' dir='ltr' id='par_1_51' title="bbox 477 2771 2055 2845">
     <span class='ocr_line' id='line_1_51' title="bbox 477 2771 2055 2845; baseline 0.003 -20"><span class='ocrx_word' id='word_1_396' title='bbox 477 2771 624 2827; x_wconf 74' lang='grc'><strong>497</strong></span> <span class='ocrx_word' id='word_1_397' title='bbox 663 2772 759 2833; x_wconf 87' lang='grc' dir='ltr'><strong>ΙΧ,</strong></span> <span class='ocrx_word' id='word_1_398' title='bbox 790 2771 824 2826; x_wconf 92' lang='lat'>3</span> <span class='ocrx_word' id='word_1_399' title='bbox 861 2773 914 2826; x_wconf 87' lang='lat'><strong>6.</strong></span> <span class='ocrx_word' id='word_1_400' title='bbox 947 2774 1069 2828; x_wconf 81' lang='lat' dir='ltr'><strong>Mea</strong></span> <span class='ocrx_word' id='word_1_401' title='bbox 1094 2774 1373 2843; x_wconf 82' lang='lat' dir='ltr'><strong>responsio</strong></span> <span class='ocrx_word' id='word_1_402' title='bbox 1417 2774 1572 2844; x_wconf 89' lang='lat' dir='ltr'><strong>apud</strong></span> <span class='ocrx_word' id='word_1_403' title='bbox 1596 2788 1682 2829; x_wconf 84' lang='lat' dir='ltr'><strong>eos</strong></span> <span class='ocrx_word' id='word_1_404' title='bbox 1715 2774 1815 2845; x_wconf 88' lang='lat' dir='ltr'><strong>qui</strong></span> <span class='ocrx_word' id='word_1_405' title='bbox 1844 2789 1927 2829; x_wconf 89' lang='lat' dir='ltr'><strong>me</strong></span> <span class='ocrx_word' id='word_1_406' title='bbox 1966 2775 2055 2829; x_wconf 88' lang='lat' dir='ltr'><strong>in-</strong></span> 
     </span>
    </p>
   </div>
   <div class='ocr_carea' id='block_1_52' title="bbox 409 2861 2063 2934">
    <p class='ocr_par' dir='ltr' id='par_1_52' title="bbox 409 2861 2063 2934">
     <span class='ocr_line' id='line_1_52' title="bbox 409 2861 2063 2934; baseline 0.001 -19"><span class='ocrx_word' id='word_1_407' title='bbox 409 2866 686 2929; x_wconf 82' lang='lat' dir='ltr'><strong>terrogant</strong></span> <span class='ocrx_word' id='word_1_408' title='bbox 718 2861 836 2919; x_wconf 69' lang='lat' dir='ltr'><strong>haec</strong></span> <span class='ocrx_word' id='word_1_409' title='bbox 867 2868 965 2917; x_wconf 88' lang='lat' dir='ltr'><strong>est.</strong></span> <span class='ocrx_word' id='word_1_410' title='bbox 990 2863 1197 2918; x_wconf 82' lang='lat' dir='ltr'><strong>Annon</strong></span> <span class='ocrx_word' id='word_1_411' title='bbox 1229 2862 1484 2919; x_wconf 81' lang='lat' dir='ltr'><strong>habemus</strong></span> <span class='ocrx_word' id='word_1_412' title='bbox 1502 2869 1831 2934; x_wconf 85' lang='lat' dir='ltr'><strong>potestatem</strong></span> <span class='ocrx_word' id='word_1_413' title='bbox 1864 2862 2063 2918; x_wconf 81' lang='lat' dir='ltr'><strong>edendi</strong></span> 
     </span>
    </p>
   </div>
   <div class='ocr_carea' id='block_1_53' title="bbox 406 2949 2063 3022">
    <p class='ocr_par' dir='ltr' id='par_1_53' title="bbox 406 2949 2063 3022">
     <span class='ocr_line' id='line_1_53' title="bbox 406 2949 2063 3022; baseline 0.002 -18"><span class='ocrx_word' id='word_1_414' title='bbox 406 2964 471 3006; x_wconf 91' lang='lat' dir='ltr'><strong>ac</strong></span> <span class='ocrx_word' id='word_1_415' title='bbox 529 2949 805 3006; x_wconf 83' lang='lat' dir='ltr'><strong>bibendi?</strong></span> <span class='ocrx_word' id='word_1_416' title='bbox 861 2954 1063 3007; x_wconf 81' lang='lat' dir='ltr'><strong>Annon</strong></span> <span class='ocrx_word' id='word_1_417' title='bbox 1120 2951 1381 3007; x_wconf 85' lang='lat' dir='ltr'><strong>habemus</strong></span> <span class='ocrx_word' id='word_1_418' title='bbox 1441 2956 1770 3022; x_wconf 84' lang='lat' dir='ltr'><strong>potestatem</strong></span> <span class='ocrx_word' id='word_1_419' title='bbox 1824 2967 2063 3009; x_wconf 77' lang='lat' dir='ltr'><strong>sororem</strong></span> 
     </span>
    </p>
   </div>
   <div class='ocr_carea' id='block_1_54' title="bbox 407 3038 2065 3112">
    <p class='ocr_par' dir='ltr' id='par_1_54' title="bbox 407 3038 2065 3112">
     <span class='ocr_line' id='line_1_54' title="bbox 407 3038 2065 3112; baseline 0.002 -16"><span class='ocrx_word' id='word_1_420' title='bbox 407 3038 698 3096; x_wconf 83' lang='lat' dir='ltr'><strong>mulierem</strong></span> <span class='ocrx_word' id='word_1_421' title='bbox 758 3041 1225 3106; x_wconf 82' lang='lat' dir='ltr'><strong>circumducendi,</strong></span> <span class='ocrx_word' id='word_1_422' title='bbox 1278 3043 1737 3112; x_wconf 88' lang='lat' dir='ltr'><strong>quemadmodum</strong></span> <span class='ocrx_word' id='word_1_423' title='bbox 1785 3048 1835 3098; x_wconf 88' lang='lat' dir='ltr'><strong>et</strong></span> <span class='ocrx_word' id='word_1_424' title='bbox 1880 3058 1942 3097; x_wconf 75' lang='lat' dir='ltr'><strong>ea</strong></span> <span class='ocrx_word' id='word_1_425' title='bbox 1961 3044 2065 3099; x_wconf 86' lang='lat' dir='ltr'><strong>teri</strong></span> 
     </span>
    </p>
   </div>
   <div class='ocr_carea' id='block_1_55' title="bbox 405 3128 2061 3203">
    <p class='ocr_par' dir='ltr' id='par_1_55' title="bbox 405 3128 2061 3203">
     <span class='ocr_line' id='line_1_55' title="bbox 405 3128 2061 3203; baseline 0.002 -19"><span class='ocrx_word' id='word_1_426' title='bbox 405 3128 647 3202; x_wconf 79' lang='lat' dir='ltr'><strong>apostoli</strong></span> <span class='ocrx_word' id='word_1_427' title='bbox 679 3135 730 3184; x_wconf 88' lang='lat' dir='ltr'><strong>et</strong></span> <span class='ocrx_word' id='word_1_428' title='bbox 756 3131 960 3199; x_wconf 81' lang='lat' dir='ltr'><strong>fratres</strong></span> <span class='ocrx_word' id='word_1_429' title='bbox 1004 3129 1231 3186; x_wconf 82' lang='lat' dir='ltr'><strong>Domini</strong></span> <span class='ocrx_word' id='word_1_430' title='bbox 1259 3137 1311 3187; x_wconf 89' lang='lat' dir='ltr'><strong>et</strong></span> <span class='ocrx_word' id='word_1_431' title='bbox 1342 3131 1549 3203; x_wconf 77' lang='lat' dir='ltr'><strong>L’ephas</strong></span> <span class='ocrx_word' id='word_1_432' title='bbox 1570 3134 1599 3187; x_wconf 86' lang='lat'><strong><em>?</em></strong></span> <span class='ocrx_word' id='word_1_433' title='bbox 1628 3132 1733 3187; x_wconf 86' lang='lat' dir='ltr'><strong>Aut</strong></span> <span class='ocrx_word' id='word_1_434' title='bbox 1780 3129 1931 3188; x_wconf 87' lang='lat' dir='ltr'><strong>solus</strong></span> <span class='ocrx_word' id='word_1_435' title='bbox 1962 3148 2061 3203; x_wconf 85' lang='lat' dir='ltr'><strong>ego</strong></span> 
     </span>
    </p>
   </div>
   <div class='ocr_carea' id='block_1_56' title="bbox 411 3219 2064 3293">
    <p class='ocr_par' dir='ltr' id='par_1_56' title="bbox 411 3219 2064 3293">
     <span class='ocr_line' id='line_1_56' title="bbox 411 3219 2064 3293; baseline 0.002 -19"><span class='ocrx_word' id='word_1_436' title='bbox 411 3225 463 3274; x_wconf 88' lang='lat' dir='ltr'><strong>et</strong></span> <span class='ocrx_word' id='word_1_437' title='bbox 491 3219 776 3274; x_wconf 83' lang='lat' dir='ltr'><strong>Barnabas</strong></span> <span class='ocrx_word' id='word_1_438' title='bbox 804 3235 913 3275; x_wconf 89' lang='lat' dir='ltr'><strong>non</strong></span> <span class='ocrx_word' id='word_1_439' title='bbox 944 3219 1203 3275; x_wconf 82' lang='lat' dir='ltr'><strong>habemus</strong></span> <span class='ocrx_word' id='word_1_440' title='bbox 1223 3228 1551 3292; x_wconf 85' lang='lat' dir='ltr'><strong>potestatem</strong></span> <span class='ocrx_word' id='word_1_441' title='bbox 1597 3238 1708 3277; x_wconf 87' lang='lat' dir='ltr'><strong>non</strong></span> <span class='ocrx_word' id='word_1_442' title='bbox 1738 3221 2011 3293; x_wconf 79' lang='lat' dir='ltr'><strong>operundt</strong></span> <span class='ocrx_word' id='word_1_443' title='bbox 2034 3224 2064 3278; x_wconf 81' lang='lat'><strong><em>?</em></strong></span> 
     </span>
    </p>
   </div>
   <div class='ocr_carea' id='block_1_57' title="bbox 2241 2770 3829 2851">
    <p class='ocr_par' dir='ltr' id='par_1_57' title="bbox 2241 2770 3829 2851">
     <span class='ocr_line' id='line_1_57' title="bbox 2241 2770 3829 2851; baseline -0.001 -23"><span class='ocrx_word' id='word_1_444' title='bbox 2241 2774 2298 2828; x_wconf 86' lang='lat' dir='ltr'><strong>&#39;ll</strong></span> <span class='ocrx_word' id='word_1_445' title='bbox 2361 2772 2468 2845; x_wconf 82' lang='grc' dir='ltr'><strong>ἐμή</strong></span> <span class='ocrx_word' id='word_1_446' title='bbox 2529 2771 2805 2851; x_wconf 79' lang='grc' dir='ltr'>ἀπολογία</span> <span class='ocrx_word' id='word_1_447' title='bbox 2889 2778 3007 2836; x_wconf 89' lang='grc' dir='ltr'>τοῖς</span> <span class='ocrx_word' id='word_1_448' title='bbox 3091 2772 3192 2846; x_wconf 71' lang='grc' dir='ltr'>ἐμὲ</span> <span class='ocrx_word' id='word_1_449' title='bbox 3255 2771 3636 2848; x_wconf 83' lang='grc' dir='ltr'>ἀνακρίνουσιν</span> <span class='ocrx_word' id='word_1_450' title='bbox 3694 2770 3829 2843; x_wconf 76' lang='grc' dir='ltr'>αὕτη</span> 
     </span>
    </p>
   </div>
   <div class='ocr_carea' id='block_1_58' title="bbox 2173 2859 3827 2942">
    <p class='ocr_par' dir='ltr' id='par_1_58' title="bbox 2173 2859 3827 2942">
     <span class='ocr_line' id='line_1_58' title="bbox 2173 2859 3827 2942; baseline -0.001 -25"><span class='ocrx_word' id='word_1_451' title='bbox 2173 2859 2307 2920; x_wconf 83' lang='grc' dir='ltr'>ἐστί.</span> <span class='ocrx_word' id='word_1_452' title='bbox 2372 2863 2467 2931; x_wconf 77' lang='grc' dir='ltr'><strong>Μὴ</strong></span> <span class='ocrx_word' id='word_1_453' title='bbox 2523 2861 2624 2918; x_wconf 75' lang='grc' dir='ltr'><strong>οὐκ</strong></span> <span class='ocrx_word' id='word_1_454' title='bbox 2680 2861 2882 2940; x_wconf 83' lang='grc' dir='ltr'>ἔχομεν</span> <span class='ocrx_word' id='word_1_455' title='bbox 2943 2862 3185 2934; x_wconf 80' lang='grc' dir='ltr'>ἐξουσίαν</span> <span class='ocrx_word' id='word_1_456' title='bbox 3244 2867 3434 2942; x_wconf 65' lang='grc' dir='ltr'>φαγεῖν</span> <span class='ocrx_word' id='word_1_457' title='bbox 3494 2860 3585 2918; x_wconf 83' lang='grc' dir='ltr'><strong>καὶ</strong></span> <span class='ocrx_word' id='word_1_458' title='bbox 3644 2866 3827 2930; x_wconf 83' lang='grc' dir='ltr'>πιεῖν;</span> 
     </span>
    </p>
   </div>
   <div class='ocr_carea' id='block_1_59' title="bbox 2180 2947 3828 3032">
    <p class='ocr_par' dir='ltr' id='par_1_59' title="bbox 2180 2947 3828 3032">
     <span class='ocr_line' id='line_1_59' title="bbox 2180 2947 3828 3032; baseline -0.004 -23"><span class='ocrx_word' id='word_1_459' title='bbox 2180 2953 2256 3026; x_wconf 83' lang='grc' dir='ltr'>μὴ</span> <span class='ocrx_word' id='word_1_460' title='bbox 2324 2953 2425 3008; x_wconf 83' lang='grc' dir='ltr'><strong>οὑκ</strong></span> <span class='ocrx_word' id='word_1_461' title='bbox 2506 2947 2709 3028; x_wconf 74' lang='grc' dir='ltr'>ἔχομεν</span> <span class='ocrx_word' id='word_1_462' title='bbox 2804 2952 3047 3024; x_wconf 78' lang='grc' dir='ltr'>ἐξουσίαν</span> <span class='ocrx_word' id='word_1_463' title='bbox 3147 2950 3390 3032; x_wconf 70' lang='grc' dir='ltr'>ἀδελφὴν</span> <span class='ocrx_word' id='word_1_464' title='bbox 3446 2955 3672 3027; x_wconf 83' lang='grc' dir='ltr'>γυναῖκα</span> <span class='ocrx_word' id='word_1_465' title='bbox 3727 2968 3828 3004; x_wconf 88' lang='grc' dir='ltr'>πε-</span> 
     </span>
    </p>
   </div>
   <div class='ocr_carea' id='block_1_60' title="bbox 2175 3035 3827 3119">
    <p class='ocr_par' dir='ltr' id='par_1_60' title="bbox 2175 3035 3827 3119">
     <span class='ocr_line' id='line_1_60' title="bbox 2175 3035 3827 3119; baseline -0.002 -22"><span class='ocrx_word' id='word_1_466' title='bbox 2175 3044 2406 3119; x_wconf 86' lang='grc' dir='ltr'>ριάγειν,</span> <span class='ocrx_word' id='word_1_467' title='bbox 2460 3044 2535 3105; x_wconf 83' lang='grc' dir='ltr'>ὡς</span> <span class='ocrx_word' id='word_1_468' title='bbox 2590 3043 2682 3098; x_wconf 82' lang='grc' dir='ltr'><strong>καὶ</strong></span> <span class='ocrx_word' id='word_1_469' title='bbox 2740 3043 2793 3099; x_wconf 75' lang='grc' dir='ltr'>οὶ</span> <span class='ocrx_word' id='word_1_470' title='bbox 2852 3043 3041 3099; x_wconf 85' lang='grc' dir='ltr'>λοιποὶ</span> <span class='ocrx_word' id='word_1_471' title='bbox 3098 3041 3398 3098; x_wconf 83' lang='grc' dir='ltr'>ἀπόστολοι</span> <span class='ocrx_word' id='word_1_472' title='bbox 3444 3040 3532 3096; x_wconf 80' lang='grc' dir='ltr'><strong>καὶ</strong></span> <span class='ocrx_word' id='word_1_473' title='bbox 3581 3040 3633 3095; x_wconf 68' lang='grc' dir='ltr'>οἱ</span> <span class='ocrx_word' id='word_1_474' title='bbox 3664 3035 3827 3094; x_wconf 87' lang='grc' dir='ltr'>ἀδελ-</span> 
     </span>
    </p>
   </div>
   <div class='ocr_carea' id='block_1_61' title="bbox 2171 3128 3832 3211">
    <p class='ocr_par' dir='ltr' id='par_1_61' title="bbox 2171 3128 3832 3211">
     <span class='ocr_line' id='line_1_61' title="bbox 2171 3128 3832 3211; baseline -0.002 -23"><span class='ocrx_word' id='word_1_475' title='bbox 2171 3132 2264 3211; x_wconf 72' lang='grc' dir='ltr'><strong>φοὶ</strong></span> <span class='ocrx_word' id='word_1_476' title='bbox 2294 3136 2391 3189; x_wconf 74' lang='grc' dir='ltr'><strong>τοῦ</strong></span> <span class='ocrx_word' id='word_1_477' title='bbox 2424 3134 2623 3209; x_wconf 79' lang='grc' dir='ltr'>Κυρίου</span> <span class='ocrx_word' id='word_1_478' title='bbox 2653 3132 2743 3188; x_wconf 85' lang='grc' dir='ltr'><strong>καὶ</strong></span> <span class='ocrx_word' id='word_1_479' title='bbox 2804 3135 2994 3209; x_wconf 67' lang='grc' dir='ltr'>Κηφᾶς</span> <span class='ocrx_word' id='word_1_480' title='bbox 3018 3135 3047 3191; x_wconf 74' lang='lat' dir='ltr'><strong>‘I</strong></span> <span class='ocrx_word' id='word_1_481' title='bbox 3104 3135 3172 3191; x_wconf 83' lang='grc' dir='ltr'><em>Ἣ</em></span> <span class='ocrx_word' id='word_1_482' title='bbox 3224 3133 3390 3205; x_wconf 85' lang='grc' dir='ltr'>μόνος</span> <span class='ocrx_word' id='word_1_483' title='bbox 3422 3130 3533 3206; x_wconf 80' lang='grc' dir='ltr'>ἐγὼ</span> <span class='ocrx_word' id='word_1_484' title='bbox 3562 3128 3653 3186; x_wconf 85' lang='grc' dir='ltr'>καὶ</span> <span class='ocrx_word' id='word_1_485' title='bbox 3686 3131 3832 3205; x_wconf 85' lang='grc' dir='ltr'>Βαρ-</span> 
     </span>
    </p>
   </div>
   <div class='ocr_carea' id='block_1_62' title="bbox 2171 3216 3832 3299">
    <p class='ocr_par' dir='ltr' id='par_1_62' title="bbox 2171 3216 3832 3299">
     <span class='ocr_line' id='line_1_62' title="bbox 2171 3216 3832 3299; baseline -0.001 -21"><span class='ocrx_word' id='word_1_486' title='bbox 2171 3216 2381 3292; x_wconf 73' lang='grc' dir='ltr'>νάϐαςς</span> <span class='ocrx_word' id='word_1_487' title='bbox 2438 3222 2537 3278; x_wconf 82' lang='grc' dir='ltr'><strong>οὑκ</strong></span> <span class='ocrx_word' id='word_1_488' title='bbox 2605 3216 2809 3299; x_wconf 75' lang='grc' dir='ltr'>ἔχομεν</span> <span class='ocrx_word' id='word_1_489' title='bbox 2869 3223 3113 3294; x_wconf 77' lang='grc' dir='ltr'>ἐξουσίαν</span> <span class='ocrx_word' id='word_1_490' title='bbox 3172 3226 3272 3279; x_wconf 73' lang='grc' dir='ltr'><strong>τοῦ</strong></span> <span class='ocrx_word' id='word_1_491' title='bbox 3333 3223 3409 3296; x_wconf 82' lang='grc' dir='ltr'>μὴ</span> <span class='ocrx_word' id='word_1_492' title='bbox 3470 3221 3832 3299; x_wconf 70' lang='grc' dir='ltr'>ἐργάζεσθαις</span> 
     </span>
    </p>
   </div>
   <div class='ocr_carea' id='block_1_63' title="bbox 478 3308 2066 3388">
    <p class='ocr_par' dir='ltr' id='par_1_63' title="bbox 478 3308 2066 3384">
     <span class='ocr_line' id='line_1_63' title="bbox 478 3308 2066 3384; baseline 0.001 -19"><span class='ocrx_word' id='word_1_493' title='bbox 478 3308 652 3381; x_wconf 84' lang='lat' dir='ltr'><strong>Apud</strong></span> <span class='ocrx_word' id='word_1_494' title='bbox 699 3325 802 3364; x_wconf 93' lang='lat' dir='ltr'><strong>eos</strong></span> <span class='ocrx_word' id='word_1_495' title='bbox 851 3309 1129 3368; x_wconf 85' lang='lat' dir='ltr'><strong>videlicet</strong></span> <span class='ocrx_word' id='word_1_496' title='bbox 1176 3312 1277 3382; x_wconf 92' lang='lat' dir='ltr'><strong>qui</strong></span> <span class='ocrx_word' id='word_1_497' title='bbox 1329 3317 1608 3383; x_wconf 69' lang='lat' dir='ltr'><strong>quaerunt</strong></span> <span class='ocrx_word' id='word_1_498' title='bbox 1655 3312 1807 3368; x_wconf 90' lang='lat' dir='ltr'><strong>scire</strong></span> <span class='ocrx_word' id='word_1_499' title='bbox 1838 3311 1899 3367; x_wconf 92' lang='lat' dir='ltr'><strong>in</strong></span> <span class='ocrx_word' id='word_1_500' title='bbox 1948 3328 2066 3384; x_wconf 91' lang='lat' dir='ltr'><strong>quo</strong></span> 
     </span>
    </p>
   </div>
   <div class='ocr_carea' id='block_1_64' title="bbox 2172 3308 3836 3388">
    <p class='ocr_par' dir='ltr' id='par_1_64' title="bbox 2250 3309 3836 3388">
     <span class='ocr_line' id='line_1_64' title="bbox 2250 3309 3836 3388; baseline -0.003 -18"><span class='ocrx_word' id='word_1_501' title='bbox 2250 3315 2381 3378; x_wconf 84' lang='grc' dir='ltr'>Τοῖς</span> <span class='ocrx_word' id='word_1_502' title='bbox 2413 3318 2639 3385; x_wconf 76' lang='grc' dir='ltr'>ζητοῦσι</span> <span class='ocrx_word' id='word_1_503' title='bbox 2703 3314 2890 3388; x_wconf 82' lang='grc' dir='ltr'>μαθεῖν</span> <span class='ocrx_word' id='word_1_504' title='bbox 2950 3312 3115 3368; x_wconf 84' lang='grc' dir='ltr'>πόθεν</span> <span class='ocrx_word' id='word_1_505' title='bbox 3170 3309 3429 3381; x_wconf 80' lang='grc' dir='ltr'>δηλονότι</span> <span class='ocrx_word' id='word_1_506' title='bbox 3475 3312 3547 3367; x_wconf 85' lang='grc' dir='ltr'><strong>τά</strong></span> <span class='ocrx_word' id='word_1_507' title='bbox 3568 3314 3667 3366; x_wconf 79' lang='grc' dir='ltr'><strong>τοῦ</strong></span> <span class='ocrx_word' id='word_1_508' title='bbox 3696 3309 3836 3366; x_wconf 87' lang='grc' dir='ltr'>ἀπο-</span> 
     </span>
    </p>
   </div>
   <div class='ocr_carea' id='block_1_65' title="bbox 408 3397 2070 3474">
    <p class='ocr_par' dir='ltr' id='par_1_65' title="bbox 408 3397 2070 3474">
     <span class='ocr_line' id='line_1_65' title="bbox 408 3397 2070 3474; baseline 0.001 -20"><span class='ocrx_word' id='word_1_509' title='bbox 408 3397 778 3455; x_wconf 84' lang='lat' dir='ltr'><strong>ostenderim</strong></span> <span class='ocrx_word' id='word_1_510' title='bbox 811 3400 978 3470; x_wconf 81' lang='lat' dir='ltr'><strong>signa</strong></span> <span class='ocrx_word' id='word_1_511' title='bbox 1008 3400 1285 3470; x_wconf 86' lang='lat' dir='ltr'><strong>apostoli,</strong></span> <span class='ocrx_word' id='word_1_512' title='bbox 1317 3407 1420 3457; x_wconf 86' lang='lat' dir='ltr'><strong>aut</strong></span> <span class='ocrx_word' id='word_1_513' title='bbox 1463 3400 1623 3474; x_wconf 86' lang='lat' dir='ltr'><strong>quod</strong></span> <span class='ocrx_word' id='word_1_514' title='bbox 1672 3402 1801 3457; x_wconf 89' lang='lat' dir='ltr'><strong>sine</strong></span> <span class='ocrx_word' id='word_1_515' title='bbox 1833 3407 2070 3474; x_wconf 86' lang='lat' dir='ltr'><strong>sumptu</strong></span> 
     </span>
    </p>
   </div>
   <div class='ocr_carea' id='block_1_66' title="bbox 416 3486 2074 3559">
    <p class='ocr_par' dir='ltr' id='par_1_66' title="bbox 416 3486 2074 3559">
     <span class='ocr_line' id='line_1_66' title="bbox 416 3486 2074 3559; baseline -0.001 -14"><span class='ocrx_word' id='word_1_516' title='bbox 416 3486 799 3559; x_wconf 81' lang='lat' dir='ltr'><strong>Evangelium</strong></span> <span class='ocrx_word' id='word_1_517' title='bbox 832 3488 1302 3558; x_wconf 76' lang='lat' dir='ltr'><strong>prmdicaverim,</strong></span> <span class='ocrx_word' id='word_1_518' title='bbox 1329 3507 1431 3545; x_wconf 89' lang='lat' dir='ltr'><strong>vos</strong></span> <span class='ocrx_word' id='word_1_519' title='bbox 1470 3490 1532 3545; x_wconf 91' lang='lat' dir='ltr'><strong>in</strong></span> <span class='ocrx_word' id='word_1_520' title='bbox 1575 3491 1984 3547; x_wconf 88' lang='lat' dir='ltr'><strong>testimonium</strong></span> <span class='ocrx_word' id='word_1_521' title='bbox 2014 3495 2074 3546; x_wconf 89' lang='lat' dir='ltr'><strong>et</strong></span> 
     </span>
    </p>
   </div>
   <div class='ocr_carea' id='block_1_67' title="bbox 364 3578 2068 3653">
    <p class='ocr_par' dir='ltr' id='par_1_67' title="bbox 364 3578 2068 3653">
     <span class='ocr_line' id='line_1_67' title="bbox 364 3578 2068 3653; baseline 0.001 -19"><span class='ocrx_word' id='word_1_522' title='bbox 364 3634 381 3646; x_wconf 72' lang='grc'><strong>,</strong></span> <span class='ocrx_word' id='word_1_523' title='bbox 420 3578 827 3635; x_wconf 90' lang='lat' dir='ltr'><strong>ostensionem</strong></span> <span class='ocrx_word' id='word_1_524' title='bbox 875 3594 1191 3650; x_wconf 89' lang='lat' dir='ltr'><strong>pr0pono:</strong></span> <span class='ocrx_word' id='word_1_525' title='bbox 1241 3596 1380 3635; x_wconf 89' lang='lat' dir='ltr'><strong>nam</strong></span> <span class='ocrx_word' id='word_1_526' title='bbox 1438 3580 1550 3636; x_wconf 92' lang='lat' dir='ltr'><strong>hoc</strong></span> <span class='ocrx_word' id='word_1_527' title='bbox 1596 3586 1706 3647; x_wconf 90' lang='lat' dir='ltr'><strong>est,</strong></span> <span class='ocrx_word' id='word_1_528' title='bbox 1743 3580 1902 3653; x_wconf 92' lang='lat' dir='ltr'><strong>quod</strong></span> <span class='ocrx_word' id='word_1_529' title='bbox 1951 3581 2068 3647; x_wconf 88' lang='lat' dir='ltr'><strong>ait;</strong></span> 
     </span>
    </p>
   </div>
   <div class='ocr_carea' id='block_1_68' title="bbox 420 3668 2072 3744">
    <p class='ocr_par' dir='ltr' id='par_1_68' title="bbox 420 3668 2072 3744">
     <span class='ocr_line' id='line_1_68' title="bbox 420 3668 2072 3744; baseline 0.004 -22"><span class='ocrx_word' id='word_1_530' title='bbox 420 3688 449 3717; x_wconf 83' lang='lat'><strong><em>«</em></strong></span> <span class='ocrx_word' id='word_1_531' title='bbox 482 3669 610 3723; x_wconf 88' lang='lat' dir='ltr'><strong>Mea</strong></span> <span class='ocrx_word' id='word_1_532' title='bbox 639 3668 948 3739; x_wconf 89' lang='lat' dir='ltr'><strong>responsio</strong></span> <span class='ocrx_word' id='word_1_533' title='bbox 979 3668 1135 3741; x_wconf 90' lang='lat' dir='ltr'><strong>apud</strong></span> <span class='ocrx_word' id='word_1_534' title='bbox 1168 3685 1268 3724; x_wconf 92' lang='lat' dir='ltr'><strong>eos</strong></span> <span class='ocrx_word' id='word_1_535' title='bbox 1299 3669 1398 3740; x_wconf 91' lang='lat' dir='ltr'><strong>qui</strong></span> <span class='ocrx_word' id='word_1_536' title='bbox 1425 3686 1518 3725; x_wconf 93' lang='lat' dir='ltr'><strong>me</strong></span> <span class='ocrx_word' id='word_1_537' title='bbox 1548 3670 1917 3744; x_wconf 79' lang='lat' dir='ltr'><strong>interrogant</strong></span> <span class='ocrx_word' id='word_1_538' title='bbox 1944 3671 2072 3728; x_wconf 69' lang='lat' dir='ltr'><strong>hinc</strong></span> 
     </span>
    </p>
   </div>
   <div class='ocr_carea' id='block_1_69' title="bbox 415 3758 2072 3835">
    <p class='ocr_par' dir='ltr' id='par_1_69' title="bbox 415 3758 2072 3835">
     <span class='ocr_line' id='line_1_69' title="bbox 415 3758 2072 3835; baseline 0.002 -21"><span class='ocrx_word' id='word_1_539' title='bbox 415 3762 525 3824; x_wconf 86' lang='lat' dir='ltr'><strong>est,</strong></span> <span class='ocrx_word' id='word_1_540' title='bbox 561 3778 588 3807; x_wconf 84' lang='lat'>»</span> <span class='ocrx_word' id='word_1_541' title='bbox 622 3773 840 3830; x_wconf 90' lang='lat' dir='ltr'><strong>nempe</strong></span> <span class='ocrx_word' id='word_1_542' title='bbox 869 3758 1240 3830; x_wconf 87' lang='lat' dir='ltr'><strong>apostolatus</strong></span> <span class='ocrx_word' id='word_1_543' title='bbox 1271 3759 1345 3815; x_wconf 91' lang='lat' dir='ltr'><strong>ad</strong></span> <span class='ocrx_word' id='word_1_544' title='bbox 1377 3776 1477 3815; x_wconf 89' lang='lat' dir='ltr'><strong>vos</strong></span> <span class='ocrx_word' id='word_1_545' title='bbox 1531 3759 1650 3817; x_wconf 89' lang='lat' dir='ltr'><strong>sive</strong></span> <span class='ocrx_word' id='word_1_546' title='bbox 1683 3760 1900 3833; x_wconf 73' lang='lat' dir='ltr'><strong>legatio</strong></span> <span class='ocrx_word' id='word_1_547' title='bbox 1936 3778 2072 3835; x_wconf 75' lang='lat' dir='ltr'><strong>erga</strong></span> 
     </span>
    </p>
   </div>
   <div class='ocr_carea' id='block_1_70' title="bbox 413 3844 2071 3924">
    <p class='ocr_par' dir='ltr' id='par_1_70' title="bbox 413 3844 2071 3924">
     <span class='ocr_line' id='line_1_70' title="bbox 413 3844 2071 3924; baseline 0.001 -22"><span class='ocrx_word' id='word_1_548' title='bbox 413 3866 533 3904; x_wconf 90' lang='lat' dir='ltr'><strong>vos.</strong></span> <span class='ocrx_word' id='word_1_549' title='bbox 567 3851 783 3904; x_wconf 85' lang='lat' dir='ltr'><strong>Annon</strong></span> <span class='ocrx_word' id='word_1_550' title='bbox 834 3848 1148 3922; x_wconf 86' lang='lat' dir='ltr'><strong>habebam,</strong></span> <span class='ocrx_word' id='word_1_551' title='bbox 1200 3851 1418 3923; x_wconf 85' lang='lat' dir='ltr'><strong>inquit,</strong></span> <span class='ocrx_word' id='word_1_552' title='bbox 1452 3857 1808 3924; x_wconf 86' lang='lat' dir='ltr'><strong>potestatem</strong></span> <span class='ocrx_word' id='word_1_553' title='bbox 1853 3844 2071 3910; x_wconf 79' lang='lat' dir='ltr'><strong>edendi</strong></span> 
     </span>
    </p>
   </div>
   <div class='ocr_carea' id='block_1_71' title="bbox 412 3938 2068 4011">
    <p class='ocr_par' dir='ltr' id='par_1_71' title="bbox 412 3938 2068 4011">
     <span class='ocr_line' id='line_1_71' title="bbox 412 3938 2068 4011; baseline 0.001 -15"><span class='ocrx_word' id='word_1_554' title='bbox 412 3956 480 3996; x_wconf 85' lang='lat' dir='ltr'><strong>ac</strong></span> <span class='ocrx_word' id='word_1_555' title='bbox 510 3938 752 3995; x_wconf 53' lang='lat' dir='ltr'><strong>bibendi</strong></span> <span class='ocrx_word' id='word_1_556' title='bbox 777 3938 850 3994; x_wconf 90' lang='lat' dir='ltr'><strong>ab</strong></span> <span class='ocrx_word' id='word_1_557' title='bbox 880 3938 973 3995; x_wconf 83' lang='lat' dir='ltr'><strong>bis</strong></span> <span class='ocrx_word' id='word_1_558' title='bbox 1005 3940 1104 4011; x_wconf 90' lang='lat' dir='ltr'><strong>qui</strong></span> <span class='ocrx_word' id='word_1_559' title='bbox 1141 3939 1555 3998; x_wconf 87' lang='lat' dir='ltr'><strong>docebantur?</strong></span> <span class='ocrx_word' id='word_1_560' title='bbox 1584 3958 1721 3997; x_wconf 92' lang='lat' dir='ltr'><strong>nam</strong></span> <span class='ocrx_word' id='word_1_561' title='bbox 1755 3942 1867 3999; x_wconf 90' lang='lat' dir='ltr'><strong>hoc</strong></span> <span class='ocrx_word' id='word_1_562' title='bbox 1896 3944 2068 4000; x_wconf 83' lang='lat' dir='ltr'><strong>Chri-</strong></span> 
     </span>
    </p>
   </div>
   <div class='ocr_carea' id='block_1_72' title="bbox 376 4028 2067 4101">
    <p class='ocr_par' dir='ltr' id='par_1_72' title="bbox 376 4028 2067 4101">
     <span class='ocr_line' id='line_1_72' title="bbox 376 4028 2067 4101; baseline 0.002 -17"><span class='ocrx_word' id='word_1_563' title='bbox 376 4084 390 4096; x_wconf 72' lang='grc'><strong>,</strong></span> <span class='ocrx_word' id='word_1_564' title='bbox 415 4034 540 4085; x_wconf 86' lang='lat' dir='ltr'><strong>stus</strong></span> <span class='ocrx_word' id='word_1_565' title='bbox 565 4029 767 4101; x_wconf 88' lang='lat' dir='ltr'><strong>jussit.</strong></span> <span class='ocrx_word' id='word_1_566' title='bbox 792 4028 904 4084; x_wconf 87' lang='lat' dir='ltr'><strong>Sed</strong></span> <span class='ocrx_word' id='word_1_567' title='bbox 929 4035 1128 4086; x_wconf 85' lang='lat' dir='ltr'><strong>tamen</strong></span> <span class='ocrx_word' id='word_1_568' title='bbox 1163 4046 1231 4086; x_wconf 91' lang='lat' dir='ltr'><strong>ea</strong></span> <span class='ocrx_word' id='word_1_569' title='bbox 1260 4048 1323 4087; x_wconf 91' lang='lat' dir='ltr'><strong>re</strong></span> <span class='ocrx_word' id='word_1_570' title='bbox 1351 4031 1633 4090; x_wconf 85' lang='lat' dir='ltr'><strong>abstinui.</strong></span> <span class='ocrx_word' id='word_1_571' title='bbox 1668 4048 1746 4087; x_wconf 92' lang='lat' dir='ltr'><strong>ne</strong></span> <span class='ocrx_word' id='word_1_572' title='bbox 1777 4032 1943 4088; x_wconf 88' lang='lat' dir='ltr'><strong>vobis</strong></span> <span class='ocrx_word' id='word_1_573' title='bbox 1974 4032 2067 4088; x_wconf 86' lang='lat' dir='ltr'><strong>ul-</strong></span> 
     </span>
    </p>
   </div>
   <div class='ocr_carea' id='block_1_73' title="bbox 411 4116 2070 4189">
    <p class='ocr_par' dir='ltr' id='par_1_73' title="bbox 411 4116 2070 4189">
     <span class='ocr_line' id='line_1_73' title="bbox 411 4116 2070 4189; baseline 0.001 -15"><span class='ocrx_word' id='word_1_574' title='bbox 411 4116 538 4174; x_wconf 90' lang='lat' dir='ltr'><strong>lum</strong></span> <span class='ocrx_word' id='word_1_575' title='bbox 572 4117 936 4189; x_wconf 77' lang='lat' dir='ltr'><strong>praeberetur</strong></span> <span class='ocrx_word' id='word_1_576' title='bbox 965 4118 1414 4177; x_wconf 74' lang='lat' dir='ltr'><strong>oll‘endiculum.</strong></span> <span class='ocrx_word' id='word_1_577' title='bbox 1452 4142 1479 4170; x_wconf 76' lang='grc' dir='ltr'><strong>«ε</strong></span> <span class='ocrx_word' id='word_1_578' title='bbox 1522 4124 1738 4177; x_wconf 86' lang='lat' dir='ltr'><strong>Annon</strong></span> <span class='ocrx_word' id='word_1_579' title='bbox 1777 4121 2070 4180; x_wconf 86' lang='lat' dir='ltr'><strong>habemus</strong></span> 
     </span>
    </p>
   </div>
   <div class='ocr_carea' id='block_1_74' title="bbox 414 4208 2070 4282">
    <p class='ocr_par' dir='ltr' id='par_1_74' title="bbox 414 4208 2070 4282">
     <span class='ocr_line' id='line_1_74' title="bbox 414 4208 2070 4282; baseline 0.003 -19"><span class='ocrx_word' id='word_1_580' title='bbox 414 4214 770 4282; x_wconf 83' lang='lat' dir='ltr'><strong>potestatem</strong></span> <span class='ocrx_word' id='word_1_581' title='bbox 787 4223 1048 4263; x_wconf 89' lang='lat' dir='ltr'><strong>sororem</strong></span> <span class='ocrx_word' id='word_1_582' title='bbox 1067 4208 1380 4264; x_wconf 72' lang='lat' dir='ltr'><strong>mulierem</strong></span> <span class='ocrx_word' id='word_1_583' title='bbox 1414 4244 1449 4264; x_wconf 88' lang='lat'><strong>.-</strong></span> <span class='ocrx_word' id='word_1_584' title='bbox 1467 4210 1495 4266; x_wconf 74' lang='lat' dir='ltr'><strong>‘l</strong></span> <span class='ocrx_word' id='word_1_585' title='bbox 1513 4236 1536 4257; x_wconf 77' lang='grc' dir='ltr'><strong>υ</strong></span> <span class='ocrx_word' id='word_1_586' title='bbox 1552 4211 1768 4267; x_wconf 85' lang='lat' dir='ltr'><strong>Divites</strong></span> <span class='ocrx_word' id='word_1_587' title='bbox 1788 4211 2070 4268; x_wconf 90' lang='lat' dir='ltr'><strong>mulieres</strong></span> 
     </span>
    </p>
   </div>
   <div class='ocr_carea' id='block_1_75' title="bbox 370 4295 2067 4372">
    <p class='ocr_par' dir='ltr' id='par_1_75' title="bbox 370 4295 2067 4372">
     <span class='ocr_line' id='line_1_75' title="bbox 370 4295 2067 4372; baseline 0.004 -20"><span class='ocrx_word' id='word_1_588' title='bbox 370 4354 382 4363; x_wconf 67' lang='grc'><strong>,</strong></span> <span class='ocrx_word' id='word_1_589' title='bbox 416 4314 549 4371; x_wconf 77' lang='lat' dir='ltr'><strong>qum</strong></span> <span class='ocrx_word' id='word_1_590' title='bbox 580 4295 979 4361; x_wconf 84' lang='lat' dir='ltr'><strong>crediderant,</strong></span> <span class='ocrx_word' id='word_1_591' title='bbox 1011 4298 1301 4367; x_wconf 88' lang='lat' dir='ltr'><strong>quosdam</strong></span> <span class='ocrx_word' id='word_1_592' title='bbox 1335 4300 1741 4370; x_wconf 89' lang='lat' dir='ltr'><strong>sequebantur</strong></span> <span class='ocrx_word' id='word_1_593' title='bbox 1771 4301 2067 4372; x_wconf 84' lang='lat' dir='ltr'><strong>apostolo-</strong></span> 
     </span>
    </p>
   </div>
   <div class='ocr_carea' id='block_1_76' title="bbox 416 4386 2071 4461">
    <p class='ocr_par' dir='ltr' id='par_1_76' title="bbox 416 4386 2071 4461">
     <span class='ocr_line' id='line_1_76' title="bbox 416 4386 2071 4461; baseline 0.004 -18"><span class='ocrx_word' id='word_1_594' title='bbox 416 4402 573 4456; x_wconf 87' lang='lat' dir='ltr'><strong>rum,</strong></span> <span class='ocrx_word' id='word_1_595' title='bbox 596 4386 658 4441; x_wconf 91' lang='lat' dir='ltr'><strong>in</strong></span> <span class='ocrx_word' id='word_1_596' title='bbox 676 4387 1048 4442; x_wconf 87' lang='lat' dir='ltr'><strong>necessarios</strong></span> <span class='ocrx_word' id='word_1_597' title='bbox 1063 4404 1267 4444; x_wconf 89' lang='lat' dir='ltr'><strong>eorum</strong></span> <span class='ocrx_word' id='word_1_598' title='bbox 1281 4405 1424 4443; x_wconf 88' lang='lat' dir='ltr'><strong>usus</strong></span> <span class='ocrx_word' id='word_1_599' title='bbox 1438 4391 1888 4461; x_wconf 84' lang='lat' dir='ltr'><strong>suppeditantes</strong></span> <span class='ocrx_word' id='word_1_600' title='bbox 1905 4409 1917 4447; x_wconf 89' lang='lat'><strong>:</strong></span> <span class='ocrx_word' id='word_1_601' title='bbox 1934 4391 2071 4448; x_wconf 89' lang='lat' dir='ltr'><strong>util-</strong></span> 
     </span>
    </p>
   </div>
   <div class='ocr_carea' id='block_1_77' title="bbox 415 4475 2072 4547">
    <p class='ocr_par' dir='ltr' id='par_1_77' title="bbox 415 4475 2072 4547">
     <span class='ocr_line' id='line_1_77' title="bbox 415 4475 2072 4547; baseline 0.004 -16"><span class='ocrx_word' id='word_1_602' title='bbox 415 4475 457 4531; x_wconf 92' lang='lat' dir='ltr'><strong>li</strong></span> <span class='ocrx_word' id='word_1_603' title='bbox 477 4475 760 4547; x_wconf 88' lang='lat' dir='ltr'><strong>deinceps</strong></span> <span class='ocrx_word' id='word_1_604' title='bbox 778 4476 1008 4545; x_wconf 84' lang='lat' dir='ltr'><strong>abjecta</strong></span> <span class='ocrx_word' id='word_1_605' title='bbox 1020 4476 1091 4533; x_wconf 90' lang='lat' dir='ltr'><strong>de</strong></span> <span class='ocrx_word' id='word_1_606' title='bbox 1107 4476 1218 4533; x_wconf 93' lang='lat' dir='ltr'><strong>hoc</strong></span> <span class='ocrx_word' id='word_1_607' title='bbox 1230 4477 1774 4545; x_wconf 79' lang='lat' dir='ltr'><strong>sollicitudine,soli</strong></span> <span class='ocrx_word' id='word_1_608' title='bbox 1794 4487 2072 4537; x_wconf 83' lang='lat' dir='ltr'><strong>vacarent</strong></span> 
     </span>
    </p>
   </div>
   <div class='ocr_carea' id='block_1_78' title="bbox 415 4564 2070 4646">
    <p class='ocr_par' dir='ltr' id='par_1_78' title="bbox 415 4564 2070 4646">
     <span class='ocr_line' id='line_1_78' title="bbox 415 4564 2070 4646; baseline 0.004 -25"><span class='ocrx_word' id='word_1_609' title='bbox 415 4564 845 4639; x_wconf 73' lang='lat' dir='ltr'><strong>prmdicationi.</strong></span> <span class='ocrx_word' id='word_1_610' title='bbox 875 4565 1013 4622; x_wconf 91' lang='lat' dir='ltr'><strong>Vide</strong></span> <span class='ocrx_word' id='word_1_611' title='bbox 1045 4574 1243 4623; x_wconf 85' lang='lat' dir='ltr'><strong>autem</strong></span> <span class='ocrx_word' id='word_1_612' title='bbox 1274 4567 1432 4640; x_wconf 90' lang='lat' dir='ltr'><strong>quod</strong></span> <span class='ocrx_word' id='word_1_613' title='bbox 1464 4570 1869 4640; x_wconf 86' lang='lat' dir='ltr'><strong>apostolorum</strong></span> <span class='ocrx_word' id='word_1_614' title='bbox 1900 4588 2070 4646; x_wconf 84' lang='lat' dir='ltr'><strong>cory-</strong></span> 
     </span>
    </p>
   </div>
   <div class='ocr_carea' id='block_1_79' title="bbox 412 4655 2067 4734">
    <p class='ocr_par' dir='ltr' id='par_1_79' title="bbox 412 4655 2067 4734">
     <span class='ocr_line' id='line_1_79' title="bbox 412 4655 2067 4734; baseline 0.003 -23"><span class='ocrx_word' id='word_1_615' title='bbox 412 4656 653 4730; x_wconf 71' lang='lat' dir='ltr'><strong>phinum</strong></span> <span class='ocrx_word' id='word_1_616' title='bbox 675 4671 714 4711; x_wconf 94' lang='lat' dir='ltr'>n</span> <span class='ocrx_word' id='word_1_617' title='bbox 744 4655 1061 4712; x_wconf 90' lang='lat' dir='ltr'><strong>-vissimum</strong></span> <span class='ocrx_word' id='word_1_618' title='bbox 1091 4658 1307 4728; x_wconf 89' lang='lat' dir='ltr'><strong>posuit,</strong></span> <span class='ocrx_word' id='word_1_619' title='bbox 1332 4658 1441 4714; x_wconf 90' lang='lat' dir='ltr'><strong>hoc</strong></span> <span class='ocrx_word' id='word_1_620' title='bbox 1464 4658 1800 4731; x_wconf 68' lang='lat' dir='ltr'><strong>designans.</strong></span> <span class='ocrx_word' id='word_1_621' title='bbox 1818 4662 2067 4734; x_wconf 86' lang='lat' dir='ltr'><strong>thuid,</strong></span> 
     </span>
    </p>
   </div>
   <div class='ocr_carea' id='block_1_80' title="bbox 2176 3398 3836 3475">
    <p class='ocr_par' dir='ltr' id='par_1_80' title="bbox 2176 3398 3836 3475">
     <span class='ocr_line' id='line_1_80' title="bbox 2176 3398 3836 3475; baseline -0.002 -18"><span class='ocrx_word' id='word_1_622' title='bbox 2176 3402 2379 3458; x_wconf 87' lang='grc' dir='ltr'>στόλου</span> <span class='ocrx_word' id='word_1_623' title='bbox 2409 3408 2615 3474; x_wconf 77' lang='grc' dir='ltr'>σημεῖα</span> <span class='ocrx_word' id='word_1_624' title='bbox 2646 3399 3023 3475; x_wconf 72' lang='grc' dir='ltr'>ἐπεδειξάμην,</span> <span class='ocrx_word' id='word_1_625' title='bbox 3084 3403 3118 3473; x_wconf 76' lang='grc' dir='ltr'><strong>ἢ</strong></span> <span class='ocrx_word' id='word_1_626' title='bbox 3178 3400 3261 3459; x_wconf 81' lang='grc' dir='ltr'><strong>δτι</strong></span> <span class='ocrx_word' id='word_1_627' title='bbox 3292 3398 3569 3457; x_wconf 69' lang='grc' dir='ltr'>ἀδάπανον</span> <span class='ocrx_word' id='word_1_628' title='bbox 3602 3398 3836 3474; x_wconf 67' lang='grc' dir='ltr'>ἐκήρυξα</span> 
     </span>
    </p>
   </div>
   <div class='ocr_carea' id='block_1_81' title="bbox 2136 3487 3831 3569">
    <p class='ocr_par' dir='ltr' id='par_1_81' title="bbox 2136 3487 3831 3569">
     <span class='ocr_line' id='line_1_81' title="bbox 2136 3487 3831 3569; baseline -0.003 -21"><span class='ocrx_word' id='word_1_629' title='bbox 2136 3492 2240 3562; x_wconf 52' lang='grc' dir='ltr'>,τό</span> <span class='ocrx_word' id='word_1_630' title='bbox 2301 3490 2661 3569; x_wconf 84' lang='grc' dir='ltr'>Εὐαγγέλιον,</span> <span class='ocrx_word' id='word_1_631' title='bbox 2726 3493 2868 3564; x_wconf 85' lang='grc' dir='ltr'>ὑμᾶς</span> <span class='ocrx_word' id='word_1_632' title='bbox 2926 3491 3017 3565; x_wconf 58' lang='grc' dir='ltr'><strong>εἷς⁴</strong></span> <span class='ocrx_word' id='word_1_633' title='bbox 3063 3490 3361 3566; x_wconf 74' lang='grc' dir='ltr'>μαρτυρίαν</span> <span class='ocrx_word' id='word_1_634' title='bbox 3416 3491 3508 3547; x_wconf 84' lang='grc' dir='ltr'><strong>καὶ</strong></span> <span class='ocrx_word' id='word_1_635' title='bbox 3556 3487 3831 3564; x_wconf 77' lang='grc' dir='ltr'>ἀπόδειξιν</span> 
     </span>
    </p>
   </div>
   <div class='ocr_carea' id='block_1_82' title="bbox 2177 3577 3834 3660">
    <p class='ocr_par' dir='ltr' id='par_1_82' title="bbox 2177 3577 3834 3660">
     <span class='ocr_line' id='line_1_82' title="bbox 2177 3577 3834 3660; baseline -0.001 -24"><span class='ocrx_word' id='word_1_636' title='bbox 2177 3577 2594 3657; x_wconf 72' lang='grc' dir='ltr'>προϐάλλομαι.</span> <span class='ocrx_word' id='word_1_637' title='bbox 2655 3584 2831 3639; x_wconf 81' lang='grc' dir='ltr'>Τοῦτο</span> <span class='ocrx_word' id='word_1_638' title='bbox 2889 3581 2996 3657; x_wconf 75' lang='grc' dir='ltr'><strong>γὰρ</strong></span> <span class='ocrx_word' id='word_1_639' title='bbox 3051 3581 3272 3660; x_wconf 39' lang='grc' dir='ltr'>ἐστινηι(</span> <span class='ocrx_word' id='word_1_640' title='bbox 3304 3581 3367 3639; x_wconf 77' lang='grc' dir='ltr'>Ἠ</span> <span class='ocrx_word' id='word_1_641' title='bbox 3399 3579 3507 3648; x_wconf 76' lang='grc' dir='ltr'>ἐμὴ</span> <span class='ocrx_word' id='word_1_642' title='bbox 3557 3577 3834 3655; x_wconf 76' lang='grc' dir='ltr'>ἀπολογία</span> 
     </span>
    </p>
   </div>
   <div class='ocr_carea' id='block_1_83' title="bbox 2174 3670 3838 3747">
    <p class='ocr_par' dir='ltr' id='par_1_83' title="bbox 2174 3670 3838 3747">
     <span class='ocr_line' id='line_1_83' title="bbox 2174 3670 3838 3747; baseline -0.002 -20"><span class='ocrx_word' id='word_1_643' title='bbox 2174 3676 2293 3734; x_wconf 85' lang='grc' dir='ltr'>τοῖς</span> <span class='ocrx_word' id='word_1_644' title='bbox 2342 3670 2439 3745; x_wconf 79' lang='grc' dir='ltr'>ἐμὶ</span> <span class='ocrx_word' id='word_1_645' title='bbox 2496 3671 2865 3747; x_wconf 82' lang='grc' dir='ltr'>ἀνακρίνουσιν</span> <span class='ocrx_word' id='word_1_646' title='bbox 2920 3671 3055 3743; x_wconf 67' lang='grc' dir='ltr'>αὕτη</span> <span class='ocrx_word' id='word_1_647' title='bbox 3108 3670 3221 3727; x_wconf 84' lang='grc' dir='ltr'>ἐστί</span> <span class='ocrx_word' id='word_1_648' title='bbox 3252 3695 3280 3724; x_wconf 71' lang='grc' dir='ltr'>»ι</span> <span class='ocrx_word' id='word_1_649' title='bbox 3312 3670 3611 3739; x_wconf 78' lang='grc' dir='ltr'>τόυτὲστιν,</span> <span class='ocrx_word' id='word_1_650' title='bbox 3645 3670 3713 3728; x_wconf 85' lang='grc' dir='ltr'>Ἠ</span> <span class='ocrx_word' id='word_1_651' title='bbox 3760 3670 3838 3731; x_wconf 84' lang='grc' dir='ltr'><strong>εἰς</strong></span> 
     </span>
    </p>
   </div>
   <div class='ocr_carea' id='block_1_84' title="bbox 2180 3759 3831 3839">
    <p class='ocr_par' dir='ltr' id='par_1_84' title="bbox 2180 3759 3831 3839">
     <span class='ocr_line' id='line_1_84' title="bbox 2180 3759 3831 3839; baseline -0.002 -22"><span class='ocrx_word' id='word_1_652' title='bbox 2180 3761 2318 3833; x_wconf 77' lang='grc' dir='ltr'>ὑμᾶς</span> <span class='ocrx_word' id='word_1_653' title='bbox 2347 3760 2655 3832; x_wconf 83' lang='grc' dir='ltr'>ἀποστολή.</span> <span class='ocrx_word' id='word_1_654' title='bbox 2716 3760 2831 3819; x_wconf 75' lang='grc' dir='ltr'>Οὐκ</span> <span class='ocrx_word' id='word_1_655' title='bbox 2887 3762 3065 3836; x_wconf 80' lang='grc' dir='ltr'>εἶχον,</span> <span class='ocrx_word' id='word_1_656' title='bbox 3122 3759 3304 3839; x_wconf 78' lang='grc' dir='ltr'>φησὶν,</span> <span class='ocrx_word' id='word_1_657' title='bbox 3366 3759 3607 3834; x_wconf 77' lang='grc' dir='ltr'>ἐξουσίαν</span> <span class='ocrx_word' id='word_1_658' title='bbox 3648 3763 3831 3838; x_wconf 68' lang='grc' dir='ltr'>φαγεῖν</span> 
     </span>
    </p>
   </div>
   <div class='ocr_carea' id='block_1_85' title="bbox 2178 3848 3839 3927">
    <p class='ocr_par' dir='ltr' id='par_1_85' title="bbox 2178 3848 3839 3927">
     <span class='ocr_line' id='line_1_85' title="bbox 2178 3848 3839 3927; baseline -0.002 -22"><span class='ocrx_word' id='word_1_659' title='bbox 2178 3851 2272 3927; x_wconf 81' lang='grc' dir='ltr'><strong>καὶ</strong></span> <span class='ocrx_word' id='word_1_660' title='bbox 2304 3855 2445 3906; x_wconf 84' lang='grc' dir='ltr'>πιεῖν</span> <span class='ocrx_word' id='word_1_661' title='bbox 2485 3850 2546 3907; x_wconf 87' lang='grc' dir='ltr'><strong>ἐκ</strong></span> <span class='ocrx_word' id='word_1_662' title='bbox 2571 3854 2679 3905; x_wconf 80' lang='grc' dir='ltr'>τῶν</span> <span class='ocrx_word' id='word_1_663' title='bbox 2736 3848 3226 3925; x_wconf 72' lang='grc' dir='ltr'>μαθητευομὲνωνς</span> <span class='ocrx_word' id='word_1_664' title='bbox 3277 3852 3453 3907; x_wconf 80' lang='grc' dir='ltr'>Τοῦτο</span> <span class='ocrx_word' id='word_1_665' title='bbox 3503 3849 3609 3924; x_wconf 80' lang='grc' dir='ltr'><strong>γὰρ</strong></span> <span class='ocrx_word' id='word_1_666' title='bbox 3641 3849 3669 3905; x_wconf 89' lang='grc' dir='ltr'><strong>ὁ</strong></span> <span class='ocrx_word' id='word_1_667' title='bbox 3703 3850 3839 3922; x_wconf 80' lang='grc' dir='ltr'>Χρι-</span> 
     </span>
    </p>
   </div>
   <div class='ocr_carea' id='block_1_86' title="bbox 2180 3934 3844 4016">
    <p class='ocr_par' dir='ltr' id='par_1_86' title="bbox 2180 3934 3844 4016">
     <span class='ocr_line' id='line_1_86' title="bbox 2180 3934 3844 4016; baseline -0.002 -22"><span class='ocrx_word' id='word_1_668' title='bbox 2180 3940 2308 4004; x_wconf 83' lang='grc' dir='ltr'>στὸς</span> <span class='ocrx_word' id='word_1_669' title='bbox 2339 3938 2639 3997; x_wconf 71' lang='grc' dir='ltr'>ἐκέλευσεν.</span> <span class='ocrx_word' id='word_1_670' title='bbox 2691 3938 2850 3997; x_wconf 87' lang='grc' dir='ltr'>Ἀλλ’</span> <span class='ocrx_word' id='word_1_671' title='bbox 2910 3939 3065 4013; x_wconf 80' lang='grc' dir='ltr'>ὅμως</span> <span class='ocrx_word' id='word_1_672' title='bbox 3114 3939 3314 3995; x_wconf 67' lang='grc' dir='ltr'>τούτου</span> <span class='ocrx_word' id='word_1_673' title='bbox 3370 3937 3720 4016; x_wconf 73' lang='grc' dir='ltr'>ἀπεσχόμην.</span> <span class='ocrx_word' id='word_1_674' title='bbox 3753 3934 3844 3992; x_wconf 72' lang='grc' dir='ltr'><strong>διὰ</strong></span> 
     </span>
    </p>
   </div>
   <div class='ocr_carea' id='block_1_87' title="bbox 2175 4024 3844 4104">
    <p class='ocr_par' dir='ltr' id='par_1_87' title="bbox 2175 4024 3844 4104">
     <span class='ocr_line' id='line_1_87' title="bbox 2175 4024 3844 4104; baseline -0.001 -21"><span class='ocrx_word' id='word_1_675' title='bbox 2175 4031 2240 4086; x_wconf 84' lang='grc' dir='ltr'>τὸ</span> <span class='ocrx_word' id='word_1_676' title='bbox 2276 4030 2351 4102; x_wconf 80' lang='grc' dir='ltr'>μή</span> <span class='ocrx_word' id='word_1_677' title='bbox 2402 4027 2862 4099; x_wconf 77' lang='grc' dir='ltr'>σκανδαλισθῆναι</span> <span class='ocrx_word' id='word_1_678' title='bbox 2916 4029 3078 4103; x_wconf 81' lang='grc' dir='ltr'>ὑμᾶς.</span> <span class='ocrx_word' id='word_1_679' title='bbox 3135 4054 3163 4084; x_wconf 80' lang='grc' dir='ltr'><strong>ιι</strong></span> <span class='ocrx_word' id='word_1_680' title='bbox 3194 4030 3288 4097; x_wconf 76' lang='grc' dir='ltr'><strong>Μὴ</strong></span> <span class='ocrx_word' id='word_1_681' title='bbox 3322 4028 3421 4084; x_wconf 82' lang='grc' dir='ltr'><strong>οὑκ</strong></span> <span class='ocrx_word' id='word_1_682' title='bbox 3452 4024 3657 4104; x_wconf 75' lang='grc' dir='ltr'>ἔχομεν</span> <span class='ocrx_word' id='word_1_683' title='bbox 3689 4026 3844 4099; x_wconf 77' lang='grc' dir='ltr'>ἐξου-</span> 
     </span>
    </p>
   </div>
   <div class='ocr_carea' id='block_1_88' title="bbox 2137 4116 3840 4197">
    <p class='ocr_par' dir='ltr' id='par_1_88' title="bbox 2137 4116 3840 4197">
     <span class='ocr_line' id='line_1_88' title="bbox 2137 4116 3840 4197; baseline -0.001 -24"><span class='ocrx_word' id='word_1_684' title='bbox 2137 4119 2292 4174; x_wconf 88' lang='grc' dir='ltr'>.σίαν</span> <span class='ocrx_word' id='word_1_685' title='bbox 2348 4116 2591 4195; x_wconf 69' lang='grc' dir='ltr'>ἀδελφὴν</span> <span class='ocrx_word' id='word_1_686' title='bbox 2650 4124 2923 4197; x_wconf 83' lang='grc' dir='ltr'>γυναῖκα;</span> <span class='ocrx_word' id='word_1_687' title='bbox 2957 4143 2987 4172; x_wconf 85' lang='grc'><strong>››</strong></span> <span class='ocrx_word' id='word_1_688' title='bbox 3041 4120 3111 4177; x_wconf 77' lang='grc' dir='ltr'><strong>Αἱ</strong></span> <span class='ocrx_word' id='word_1_689' title='bbox 3166 4116 3396 4195; x_wconf 72' lang='grc' dir='ltr'>εὔποροι</span> <span class='ocrx_word' id='word_1_690' title='bbox 3451 4123 3697 4196; x_wconf 83' lang='grc' dir='ltr'>γυναῖκες</span> <span class='ocrx_word' id='word_1_691' title='bbox 3746 4137 3840 4173; x_wconf 85' lang='grc' dir='ltr'>πι-</span> 
     </span>
    </p>
   </div>
   <div class='ocr_carea' id='block_1_89' title="bbox 2134 4206 3837 4279">
    <p class='ocr_par' dir='ltr' id='par_1_89' title="bbox 2134 4206 3837 4279">
     <span class='ocr_line' id='line_1_89' title="bbox 2134 4206 3837 4279; baseline 0 -16"><span class='ocrx_word' id='word_1_692' title='bbox 2134 4210 2483 4276; x_wconf 73' lang='grc' dir='ltr'>.στεὺουσαι,</span> <span class='ocrx_word' id='word_1_693' title='bbox 2536 4207 2879 4279; x_wconf 73' lang='grc' dir='ltr'>ἠκολούθουν</span> <span class='ocrx_word' id='word_1_694' title='bbox 2936 4208 3103 4273; x_wconf 79' lang='grc' dir='ltr'>ἐνίοις</span> <span class='ocrx_word' id='word_1_695' title='bbox 3186 4212 3294 4263; x_wconf 82' lang='grc' dir='ltr'>τῶν</span> <span class='ocrx_word' id='word_1_696' title='bbox 3351 4206 3699 4276; x_wconf 78' lang='grc' dir='ltr'>ἀποστόλων,</span> <span class='ocrx_word' id='word_1_697' title='bbox 3759 4206 3837 4271; x_wconf 71' lang='grc' dir='ltr'><strong>εἰς</strong></span> 
     </span>
    </p>
   </div>
   <div class='ocr_carea' id='block_1_90' title="bbox 2177 4295 3841 4377">
    <p class='ocr_par' dir='ltr' id='par_1_90' title="bbox 2177 4295 3841 4377">
     <span class='ocr_line' id='line_1_90' title="bbox 2177 4295 3841 4377; baseline -0.002 -23"><span class='ocrx_word' id='word_1_698' title='bbox 2177 4301 2273 4363; x_wconf 67' lang='grc' dir='ltr'><strong>τὰς</strong></span> <span class='ocrx_word' id='word_1_699' title='bbox 2328 4299 2613 4375; x_wconf 76' lang='grc' dir='ltr'>ἀναγκαίας</span> <span class='ocrx_word' id='word_1_700' title='bbox 2663 4298 2841 4356; x_wconf 81' lang='grc' dir='ltr'>αὐτῶν</span> <span class='ocrx_word' id='word_1_701' title='bbox 2889 4299 3083 4374; x_wconf 79' lang='grc' dir='ltr'>χρείας</span> <span class='ocrx_word' id='word_1_702' title='bbox 3130 4302 3499 4377; x_wconf 68' lang='grc' dir='ltr'>χορηγοῦσαι·</span> <span class='ocrx_word' id='word_1_703' title='bbox 3535 4297 3610 4358; x_wconf 85' lang='grc' dir='ltr'><strong>ὡς</strong></span> <span class='ocrx_word' id='word_1_704' title='bbox 3640 4295 3841 4353; x_wconf 67' lang='grc' dir='ltr'>αὐτοὺς</span> 
     </span>
    </p>
   </div>
   <div class='ocr_carea' id='block_1_91' title="bbox 2177 4385 3842 4467">
    <p class='ocr_par' dir='ltr' id='par_1_91' title="bbox 2177 4385 3842 4467">
     <span class='ocr_line' id='line_1_91' title="bbox 2177 4385 3842 4467; baseline -0.003 -21"><span class='ocrx_word' id='word_1_705' title='bbox 2177 4390 2373 4447; x_wconf 84' lang='grc' dir='ltr'>λοιπὸν</span> <span class='ocrx_word' id='word_1_706' title='bbox 2403 4389 2564 4456; x_wconf 70' lang='grc' dir='ltr'>ὄντας</span> <span class='ocrx_word' id='word_1_707' title='bbox 2594 4390 2718 4467; x_wconf 85' lang='grc' dir='ltr'>περὶ</span> <span class='ocrx_word' id='word_1_708' title='bbox 2747 4391 2949 4446; x_wconf 82' lang='grc' dir='ltr'>τούτου</span> <span class='ocrx_word' id='word_1_709' title='bbox 2980 4390 3341 4465; x_wconf 83' lang='grc' dir='ltr'>ἀμερίμνους,</span> <span class='ocrx_word' id='word_1_710' title='bbox 3377 4389 3529 4463; x_wconf 85' lang='grc' dir='ltr'>μόνῳ</span> <span class='ocrx_word' id='word_1_711' title='bbox 3556 4393 3635 4460; x_wconf 80' lang='grc' dir='ltr'>τῷ</span> <span class='ocrx_word' id='word_1_712' title='bbox 3665 4385 3842 4461; x_wconf 77' lang='grc' dir='ltr'>κηρύ-</span> 
     </span>
    </p>
   </div>
   <div class='ocr_carea' id='block_1_92' title="bbox 2134 4471 3840 4558">
    <p class='ocr_par' dir='ltr' id='par_1_92' title="bbox 2134 4471 3840 4558">
     <span class='ocr_line' id='line_1_92' title="bbox 2134 4471 3840 4558; baseline -0.002 -22"><span class='ocrx_word' id='word_1_713' title='bbox 2134 4523 2145 4531; x_wconf 93' lang='grc'><strong>.</strong></span> <span class='ocrx_word' id='word_1_714' title='bbox 2174 4502 2344 4558; x_wconf 75' lang='grc' dir='ltr'>γμκτι</span> <span class='ocrx_word' id='word_1_715' title='bbox 2378 4479 2836 4557; x_wconf 80' lang='grc' dir='ltr'>ἀπασχολεῖσθαι.</span> <span class='ocrx_word' id='word_1_716' title='bbox 2859 4483 2994 4557; x_wconf 84' lang='grc' dir='ltr'>Ὅρα</span> <span class='ocrx_word' id='word_1_717' title='bbox 3025 4477 3083 4537; x_wconf 74' lang='grc' dir='ltr'>δὲ</span> <span class='ocrx_word' id='word_1_718' title='bbox 3113 4481 3195 4537; x_wconf 79' lang='grc' dir='ltr'>ὃτι</span> <span class='ocrx_word' id='word_1_719' title='bbox 3216 4481 3311 4535; x_wconf 88' lang='grc' dir='ltr'><strong>τὸν</strong></span> <span class='ocrx_word' id='word_1_720' title='bbox 3343 4485 3640 4557; x_wconf 83' lang='grc' dir='ltr'>κορυφαῖον</span> <span class='ocrx_word' id='word_1_721' title='bbox 3671 4471 3840 4552; x_wconf 70' lang='grc' dir='ltr'>ἔσχα-</span> 
     </span>
    </p>
   </div>
   <div class='ocr_carea' id='block_1_93' title="bbox 2174 4566 3844 4650">
    <p class='ocr_par' dir='ltr' id='par_1_93' title="bbox 2174 4566 3844 4650">
     <span class='ocr_line' id='line_1_93' title="bbox 2174 4566 3844 4650; baseline -0.002 -23"><span class='ocrx_word' id='word_1_722' title='bbox 2174 4592 2265 4627; x_wconf 89' lang='grc' dir='ltr'><strong>τον</strong></span> <span class='ocrx_word' id='word_1_723' title='bbox 2298 4572 2505 4635; x_wconf 78' lang='grc' dir='ltr'>τέθεικε</span> <span class='ocrx_word' id='word_1_724' title='bbox 2532 4576 2695 4627; x_wconf 80' lang='grc' dir='ltr'>τοῦτο</span> <span class='ocrx_word' id='word_1_725' title='bbox 2724 4570 3120 4644; x_wconf 85' lang='grc' dir='ltr'>αἰνιττόμενος·</span> <span class='ocrx_word' id='word_1_726' title='bbox 3157 4570 3257 4628; x_wconf 78' lang='grc' dir='ltr'><strong>Καὶ</strong></span> <span class='ocrx_word' id='word_1_727' title='bbox 3287 4571 3364 4639; x_wconf 88' lang='grc' dir='ltr'><strong>τί,</strong></span> <span class='ocrx_word' id='word_1_728' title='bbox 3396 4571 3552 4650; x_wconf 81' lang='grc' dir='ltr'>φησὶ,</span> <span class='ocrx_word' id='word_1_729' title='bbox 3584 4568 3711 4630; x_wconf 77' lang='grc' dir='ltr'>τοὺς</span> <span class='ocrx_word' id='word_1_730' title='bbox 3745 4566 3844 4624; x_wconf 78' lang='grc' dir='ltr'>αλ-</span> 
     </span>
    </p>
   </div>
   <div class='ocr_carea' id='block_1_94' title="bbox 2179 4659 3839 4739">
    <p class='ocr_par' dir='ltr' id='par_1_94' title="bbox 2179 4659 3839 4739">
     <span class='ocr_line' id='line_1_94' title="bbox 2179 4659 3839 4739; baseline -0.003 -20"><span class='ocrx_word' id='word_1_731' title='bbox 2179 4661 2311 4725; x_wconf 84' lang='grc' dir='ltr'>λους</span> <span class='ocrx_word' id='word_1_732' title='bbox 2341 4660 2529 4739; x_wconf 70' lang='grc' dir='ltr'>λέγως</span> <span class='ocrx_word' id='word_1_733' title='bbox 2563 4662 2723 4724; x_wconf 79' lang='grc' dir='ltr'>αὑτὸς</span> <span class='ocrx_word' id='word_1_734' title='bbox 2756 4663 2785 4717; x_wconf 87' lang='grc' dir='ltr'><strong>ὁ</strong></span> <span class='ocrx_word' id='word_1_735' title='bbox 2818 4662 3021 4737; x_wconf 84' lang='grc' dir='ltr'>Πέτρος</span> <span class='ocrx_word' id='word_1_736' title='bbox 3051 4660 3114 4717; x_wconf 86' lang='grc' dir='ltr'><strong>οὑ</strong></span> <span class='ocrx_word' id='word_1_737' title='bbox 3144 4665 3306 4719; x_wconf 77' lang='grc' dir='ltr'>τοῦτο</span> <span class='ocrx_word' id='word_1_738' title='bbox 3338 4661 3510 4717; x_wconf 81' lang='grc' dir='ltr'>ἐποίει</span> <span class='ocrx_word' id='word_1_739' title='bbox 3536 4680 3552 4729; x_wconf 89' lang='lat'><strong>;</strong></span> <span class='ocrx_word' id='word_1_740' title='bbox 3584 4685 3612 4714; x_wconf 80' lang='grc' dir='ltr'><strong>ιι</strong></span> <span class='ocrx_word' id='word_1_741' title='bbox 3646 4660 3749 4717; x_wconf 87' lang='grc' dir='ltr'>Καὶ</span> <span class='ocrx_word' id='word_1_742' title='bbox 3784 4659 3839 4715; x_wconf 77' lang='grc' dir='ltr'>οἱ</span> 
     </span>
    </p>
   </div>
   <div class='ocr_carea' id='block_1_95' title="bbox 415 4714 2066 4829">
    <p class='ocr_par' dir='ltr' id='par_1_95' title="bbox 415 4714 2066 4821">
     <span class='ocr_line' id='line_1_95' title="bbox 415 4714 2066 4821; baseline 0.002 -18"><span class='ocrx_word' id='word_1_743' title='bbox 415 4714 886 4821; x_wconf 54' lang='lat' dir='ltr'><strong>inquibcaeteros</strong></span> <span class='ocrx_word' id='word_1_744' title='bbox 900 4746 1031 4803; x_wconf 91' lang='lat' dir='ltr'><strong>dico</strong></span> <span class='ocrx_word' id='word_1_745' title='bbox 1043 4714 1650 4820; x_wconf 39' lang='lat' dir='ltr'><strong>?;\nnonipsePetruls</strong></span> <span class='ocrx_word' id='word_1_746' title='bbox 1666 4714 1776 4806; x_wconf 83' lang='lat' dir='ltr'><strong>hoc</strong></span> 
     </span>
    </p>
   </div>
   <div class='ocr_carea' id='block_1_96' title="bbox 2172 4714 3839 4829">
    <p class='ocr_par' dir='ltr' id='par_1_96' title="bbox 2178 4714 3839 4829">
     <span class='ocr_line' id='line_1_96' title="bbox 2181 4714 3803 4739; baseline -0.002 -7"><span class='ocrx_word' id='word_1_747' title='bbox 2181 4714 2309 4725; x_wconf 53' lang='grc' dir='ltr'><strong>--η-</strong></span> <span class='ocrx_word' id='word_1_748' title='bbox 2342 4714 2483 4739; x_wconf 47' lang='grc' dir='ltr'><strong>-κ-.η</strong></span> <span class='ocrx_word' id='word_1_749' title='bbox 2515 4714 2529 4731; x_wconf 70' lang='grc' dir='ltr'><em>ι</em></span> <span class='ocrx_word' id='word_1_750' title='bbox 2566 4714 2721 4724; x_wconf 42' lang='grc' dir='ltr'><strong>ᾔνη-</strong></span> <span class='ocrx_word' id='word_1_751' title='bbox 2764 4714 2779 4717; x_wconf 59' lang='grc' dir='ltr'><strong>τ</strong></span> <span class='ocrx_word' id='word_1_752' title='bbox 2820 4714 3019 4737; x_wconf 60' lang='grc' dir='ltr'><strong>--ν-Γη</strong></span> <span class='ocrx_word' id='word_1_753' title='bbox 3060 4714 3107 4717; x_wconf 57' lang='grc' dir='ltr'><strong>τ-</strong></span> <span class='ocrx_word' id='word_1_754' title='bbox 3157 4714 3300 4719; x_wconf 20' lang='lat' dir='ltr'><strong>vv-“</strong></span> <span class='ocrx_word' id='word_1_755' title='bbox 3647 4714 3692 4717; x_wconf 82' lang='grc'><strong>--</strong></span> <span class='ocrx_word' id='word_1_756' title='bbox 3796 4714 3803 4715; x_wconf 44' lang='grc' dir='ltr'><em>κ</em></span> 
     </span>
     <span class='ocr_line' id='line_1_97' title="bbox 2178 4750 3839 4829; baseline -0.002 -20"><span class='ocrx_word' id='word_1_757' title='bbox 2178 4750 2409 4829; x_wconf 64' lang='grc' dir='ltr'>ἀδελφοὶ</span> <span class='ocrx_word' id='word_1_758' title='bbox 2438 4756 2536 4808; x_wconf 73' lang='grc' dir='ltr'><strong>τοὺ</strong></span> <span class='ocrx_word' id='word_1_759' title='bbox 2570 4751 2793 4827; x_wconf 81' lang='grc' dir='ltr'>Κυρίου,</span> <span class='ocrx_word' id='word_1_760' title='bbox 2824 4777 2850 4804; x_wconf 83' lang='grc'><strong>››</strong></span> <span class='ocrx_word' id='word_1_761' title='bbox 2885 4750 3180 4829; x_wconf 76' lang='grc' dir='ltr'>Ἀδελφοὺς</span> <span class='ocrx_word' id='word_1_762' title='bbox 3209 4756 3306 4809; x_wconf 72' lang='grc' dir='ltr'>τοῦ</span> <span class='ocrx_word' id='word_1_763' title='bbox 3339 4752 3566 4824; x_wconf 85' lang='grc' dir='ltr'>Κυρίου,</span> <span class='ocrx_word' id='word_1_764' title='bbox 3586 4750 3715 4814; x_wconf 77' lang='grc' dir='ltr'>τοὺς</span> <span class='ocrx_word' id='word_1_765' title='bbox 3744 4770 3839 4806; x_wconf 83' lang='grc' dir='ltr'>νο-</span> 
     </span>
    </p>
   </div>
   <div class='ocr_carea' id='block_1_97' title="bbox 421 4837 2069 4913">
    <p class='ocr_par' dir='ltr' id='par_1_97' title="bbox 421 4837 2069 4913">
     <span class='ocr_line' id='line_1_98' title="bbox 421 4837 2069 4913; baseline 0.002 -22"><span class='ocrx_word' id='word_1_766' title='bbox 421 4859 447 4885; x_wconf 83' lang='grc'><strong>‹‹</strong></span> <span class='ocrx_word' id='word_1_767' title='bbox 482 4843 548 4892; x_wconf 74' lang='lat' dir='ltr'><strong>bt</strong></span> <span class='ocrx_word' id='word_1_768' title='bbox 572 4837 786 4893; x_wconf 85' lang='lat' dir='ltr'><strong>fratres</strong></span> <span class='ocrx_word' id='word_1_769' title='bbox 811 4837 1072 4893; x_wconf 89' lang='lat' dir='ltr'><strong>Domini.</strong></span> <span class='ocrx_word' id='word_1_770' title='bbox 1104 4861 1123 4886; x_wconf 74' lang='grc' dir='ltr'><strong>ι</strong></span> <span class='ocrx_word' id='word_1_771' title='bbox 1149 4837 1386 4894; x_wconf 82' lang='lat' dir='ltr'><strong>Fratres</strong></span> <span class='ocrx_word' id='word_1_772' title='bbox 1407 4840 1642 4896; x_wconf 89' lang='lat' dir='ltr'><strong>Domini</strong></span> <span class='ocrx_word' id='word_1_773' title='bbox 1669 4841 1812 4897; x_wconf 92' lang='lat' dir='ltr'><strong>dicit</strong></span> <span class='ocrx_word' id='word_1_774' title='bbox 1843 4858 1945 4896; x_wconf 90' lang='lat' dir='ltr'><strong>eos</strong></span> <span class='ocrx_word' id='word_1_775' title='bbox 1968 4841 2069 4913; x_wconf 90' lang='lat' dir='ltr'><strong>qui</strong></span> 
     </span>
    </p>
   </div>
   <div class='ocr_carea' id='block_1_98' title="bbox 416 4926 2074 5004">
    <p class='ocr_par' dir='ltr' id='par_1_98' title="bbox 416 4926 2074 5004">
     <span class='ocr_line' id='line_1_99' title="bbox 416 4926 2074 5004; baseline 0.004 -23"><span class='ocrx_word' id='word_1_776' title='bbox 416 4926 631 4983; x_wconf 84' lang='lat' dir='ltr'><strong>fratres</strong></span> <span class='ocrx_word' id='word_1_777' title='bbox 649 4927 778 4997; x_wconf 90' lang='lat' dir='ltr'><strong>ejus</strong></span> <span class='ocrx_word' id='word_1_778' title='bbox 791 4926 1311 4992; x_wconf 85' lang='lat' dir='ltr'><strong>existimabantur;</strong></span> <span class='ocrx_word' id='word_1_779' title='bbox 1328 4945 1465 4984; x_wconf 91' lang='lat' dir='ltr'><strong>nam</strong></span> <span class='ocrx_word' id='word_1_780' title='bbox 1482 4930 1765 5001; x_wconf 86' lang='lat' dir='ltr'><strong>quoniam</strong></span> <span class='ocrx_word' id='word_1_781' title='bbox 1786 4931 2074 5004; x_wconf 82' lang='lat' dir='ltr'><strong>itaappel-</strong></span> 
     </span>
    </p>
   </div>
   <div class='ocr_carea' id='block_1_99' title="bbox 419 5014 2073 5091">
    <p class='ocr_par' dir='ltr' id='par_1_99' title="bbox 419 5014 2073 5091">
     <span class='ocr_line' id='line_1_100' title="bbox 419 5014 2073 5091; baseline 0.004 -22"><span class='ocrx_word' id='word_1_782' title='bbox 419 5014 902 5085; x_wconf 85' lang='lat' dir='ltr'><strong>labantur,etiam</strong></span> <span class='ocrx_word' id='word_1_783' title='bbox 919 5016 1616 5089; x_wconf 80' lang='lat' dir='ltr'><strong>ipsejuxlacommunem</strong></span> <span class='ocrx_word' id='word_1_784' title='bbox 1630 5020 1977 5091; x_wconf 90' lang='lat' dir='ltr'><strong>opinionem</strong></span> <span class='ocrx_word' id='word_1_785' title='bbox 1993 5020 2073 5077; x_wconf 94' lang='lat' dir='ltr'><strong>lo-</strong></span> 
     </span>
    </p>
   </div>
   <div class='ocr_carea' id='block_1_100' title="bbox 419 5105 2070 5182">
    <p class='ocr_par' dir='ltr' id='par_1_100' title="bbox 419 5105 2070 5182">
     <span class='ocr_line' id='line_1_101' title="bbox 419 5105 2070 5182; baseline 0.004 -22"><span class='ocrx_word' id='word_1_786' title='bbox 419 5110 591 5160; x_wconf 90' lang='lat' dir='ltr'><strong>cutus</strong></span> <span class='ocrx_word' id='word_1_787' title='bbox 612 5106 835 5171; x_wconf 89' lang='lat' dir='ltr'><strong>est.Qui</strong></span> <span class='ocrx_word' id='word_1_788' title='bbox 861 5105 969 5162; x_wconf 80' lang='lat' dir='ltr'><strong>ﬁlii</strong></span> <span class='ocrx_word' id='word_1_789' title='bbox 989 5108 1412 5181; x_wconf 86' lang='lat' dir='ltr'><strong>erantJoseph,</strong></span> <span class='ocrx_word' id='word_1_790' title='bbox 1437 5125 1504 5165; x_wconf 91' lang='lat' dir='ltr'><strong>eo</strong></span> <span class='ocrx_word' id='word_1_791' title='bbox 1522 5109 1682 5181; x_wconf 91' lang='lat' dir='ltr'><strong>quod</strong></span> <span class='ocrx_word' id='word_1_792' title='bbox 1701 5110 1795 5165; x_wconf 89' lang='lat' dir='ltr'><strong>hic</strong></span> <span class='ocrx_word' id='word_1_793' title='bbox 1817 5109 2070 5182; x_wconf 86' lang='lat' dir='ltr'><strong>despon-</strong></span> 
     </span>
    </p>
   </div>
   <div class='ocr_carea' id='block_1_101' title="bbox 419 5196 2070 5277">
    <p class='ocr_par' dir='ltr' id='par_1_101' title="bbox 419 5196 2070 5277">
     <span class='ocr_line' id='line_1_102' title="bbox 419 5196 2070 5277; baseline 0.002 -24"><span class='ocrx_word' id='word_1_794' title='bbox 419 5202 649 5253; x_wconf 85' lang='lat' dir='ltr'><strong>saverat</strong></span> <span class='ocrx_word' id='word_1_795' title='bbox 665 5196 775 5252; x_wconf 89' lang='lat' dir='ltr'><strong>sibi</strong></span> <span class='ocrx_word' id='word_1_796' title='bbox 796 5198 896 5253; x_wconf 84' lang='lat' dir='ltr'><strong>Dei</strong></span> <span class='ocrx_word' id='word_1_797' title='bbox 918 5200 1162 5255; x_wconf 86' lang='lat' dir='ltr'><strong>Matrem</strong></span> <span class='ocrx_word' id='word_1_798' title='bbox 1189 5216 1202 5253; x_wconf 90' lang='lat'><strong>:</strong></span> <span class='ocrx_word' id='word_1_799' title='bbox 1227 5217 1441 5273; x_wconf 89' lang='lat' dir='ltr'><strong>nempe</strong></span> <span class='ocrx_word' id='word_1_800' title='bbox 1461 5201 1712 5259; x_wconf 86' lang='lat' dir='ltr'><strong>Jacobus</strong></span> <span class='ocrx_word' id='word_1_801' title='bbox 1735 5203 2070 5277; x_wconf 83' lang='lat' dir='ltr'><strong>Hierosoly—</strong></span> 
     </span>
    </p>
   </div>
   <div class='ocr_carea' id='block_1_102' title="bbox 418 5286 2071 5365">
    <p class='ocr_par' dir='ltr' id='par_1_102' title="bbox 418 5286 2071 5365">
     <span class='ocr_line' id='line_1_103' title="bbox 418 5286 2071 5365; baseline 0.005 -24"><span class='ocrx_word' id='word_1_802' title='bbox 418 5302 657 5342; x_wconf 89' lang='lat' dir='ltr'><strong>morum</strong></span> <span class='ocrx_word' id='word_1_803' title='bbox 672 5286 1225 5361; x_wconf 87' lang='lat' dir='ltr'><strong>episcopus,Joseph</strong></span> <span class='ocrx_word' id='word_1_804' title='bbox 1249 5289 1457 5347; x_wconf 90' lang='lat' dir='ltr'><strong>eodem</strong></span> <span class='ocrx_word' id='word_1_805' title='bbox 1476 5308 1611 5347; x_wconf 90' lang='lat' dir='ltr'><strong>cum</strong></span> <span class='ocrx_word' id='word_1_806' title='bbox 1631 5297 1795 5364; x_wconf 88' lang='lat' dir='ltr'><strong>patre</strong></span> <span class='ocrx_word' id='word_1_807' title='bbox 1813 5293 2071 5365; x_wconf 87' lang='lat' dir='ltr'><strong>appella-</strong></span> 
     </span>
    </p>
   </div>
   <div class='ocr_carea' id='block_1_103' title="bbox 418 5376 2062 5451">
    <p class='ocr_par' dir='ltr' id='par_1_103' title="bbox 418 5376 2062 5451">
     <span class='ocr_line' id='line_1_104' title="bbox 418 5376 2062 5451; baseline 0.003 -22"><span class='ocrx_word' id='word_1_808' title='bbox 418 5379 512 5430; x_wconf 83' lang='lat' dir='ltr'><strong>tus</strong></span> <span class='ocrx_word' id='word_1_809' title='bbox 536 5376 797 5439; x_wconf 89' lang='lat' dir='ltr'><strong>nomine,</strong></span> <span class='ocrx_word' id='word_1_810' title='bbox 825 5381 883 5431; x_wconf 92' lang='lat' dir='ltr'><strong>et</strong></span> <span class='ocrx_word' id='word_1_811' title='bbox 904 5377 1107 5433; x_wconf 91' lang='lat' dir='ltr'><strong>Simon</strong></span> <span class='ocrx_word' id='word_1_812' title='bbox 1129 5395 1197 5434; x_wconf 89' lang='lat' dir='ltr'><strong>ac</strong></span> <span class='ocrx_word' id='word_1_813' title='bbox 1215 5380 1416 5436; x_wconf 85' lang='lat' dir='ltr'><strong>Judas.</strong></span> <span class='ocrx_word' id='word_1_814' title='bbox 1442 5403 1467 5429; x_wconf 85' lang='grc'><em>‹‹</em></span> <span class='ocrx_word' id='word_1_815' title='bbox 1495 5382 1611 5451; x_wconf 74' lang='lat' dir='ltr'><strong>Ego</strong></span> <span class='ocrx_word' id='word_1_816' title='bbox 1636 5386 1694 5436; x_wconf 91' lang='lat' dir='ltr'><strong>et</strong></span> <span class='ocrx_word' id='word_1_817' title='bbox 1714 5382 2062 5438; x_wconf 61' lang='lat' dir='ltr'><strong>Barnabas.»</strong></span> 
     </span>
    </p>
   </div>
   <div class='ocr_carea' id='block_1_104' title="bbox 382 5464 2070 5542">
    <p class='ocr_par' dir='ltr' id='par_1_104' title="bbox 382 5464 2070 5542">
     <span class='ocr_line' id='line_1_105' title="bbox 382 5464 2070 5542; baseline 0.004 -22"><span class='ocrx_word' id='word_1_818' title='bbox 382 5535 387 5542; x_wconf 89' lang='lat'>_</span> <span class='ocrx_word' id='word_1_819' title='bbox 418 5464 623 5520; x_wconf 91' lang='lat' dir='ltr'><strong>Sciens</strong></span> <span class='ocrx_word' id='word_1_820' title='bbox 654 5465 981 5520; x_wconf 86' lang='lat' dir='ltr'><strong>Barnabam</strong></span> <span class='ocrx_word' id='word_1_821' title='bbox 1013 5466 1125 5522; x_wconf 89' lang='lat' dir='ltr'><strong>sibi</strong></span> <span class='ocrx_word' id='word_1_822' title='bbox 1151 5468 1377 5526; x_wconf 90' lang='lat' dir='ltr'><strong>socium</strong></span> <span class='ocrx_word' id='word_1_823' title='bbox 1400 5486 1531 5525; x_wconf 86' lang='lat' dir='ltr'><strong>esse</strong></span> <span class='ocrx_word' id='word_1_824' title='bbox 1562 5470 1623 5524; x_wconf 90' lang='lat' dir='ltr'><strong>in</strong></span> <span class='ocrx_word' id='word_1_825' title='bbox 1645 5469 1758 5526; x_wconf 88' lang='lat' dir='ltr'><strong>hoc</strong></span> <span class='ocrx_word' id='word_1_826' title='bbox 1783 5471 1980 5528; x_wconf 91' lang='lat' dir='ltr'><strong>studio</strong></span> <span class='ocrx_word' id='word_1_827' title='bbox 2002 5488 2070 5527; x_wconf 90' lang='lat' dir='ltr'><strong>ac</strong></span> 
     </span>
    </p>
   </div>
   <div class='ocr_carea' id='block_1_105' title="bbox 417 5553 2071 5635">
    <p class='ocr_par' dir='ltr' id='par_1_105' title="bbox 417 5553 2071 5635">
     <span class='ocr_line' id='line_1_106' title="bbox 417 5553 2071 5635; baseline 0.005 -25"><span class='ocrx_word' id='word_1_828' title='bbox 417 5553 690 5630; x_wconf 76' lang='lat' dir='ltr'><strong>diligenti</strong></span> <span class='ocrx_word' id='word_1_829' title='bbox 721 5554 1118 5624; x_wconf 87' lang='lat' dir='ltr'><strong>observantia,</strong></span> <span class='ocrx_word' id='word_1_830' title='bbox 1143 5564 1286 5629; x_wconf 84' lang='lat' dir='ltr'><strong>puta</strong></span> <span class='ocrx_word' id='word_1_831' title='bbox 1313 5558 1473 5630; x_wconf 88' lang='lat' dir='ltr'><strong>quod</strong></span> <span class='ocrx_word' id='word_1_832' title='bbox 1502 5559 1631 5615; x_wconf 89' lang='lat' dir='ltr'><strong>sine</strong></span> <span class='ocrx_word' id='word_1_833' title='bbox 1661 5567 1903 5633; x_wconf 87' lang='lat' dir='ltr'><strong>sumptu</strong></span> <span class='ocrx_word' id='word_1_834' title='bbox 1924 5578 2071 5635; x_wconf 76' lang='lat' dir='ltr'><strong>prea-</strong></span> 
     </span>
    </p>
   </div>
   <div class='ocr_carea' id='block_1_106' title="bbox 487 5737 951 5817">
    <p class='ocr_par' dir='ltr' id='par_1_106' title="bbox 487 5737 951 5817">
     <span class='ocr_line' id='line_1_107' title="bbox 487 5737 951 5817; baseline -0.004 -20"><span class='ocrx_word' id='word_1_835' title='bbox 487 5737 509 5773; x_wconf 83' lang='grc'>⁸</span> <span class='ocrx_word' id='word_1_836' title='bbox 536 5738 706 5798; x_wconf 82' lang='lat' dir='ltr'><strong>Rom.</strong></span> <span class='ocrx_word' id='word_1_837' title='bbox 737 5739 951 5817; x_wconf 54' lang='lat' dir='ltr'><strong>v.19.</strong></span> 
     </span>
    </p>
   </div>
   <div class='ocr_carea' id='block_1_107' title="bbox 2185 4839 3839 4921">
    <p class='ocr_par' dir='ltr' id='par_1_107' title="bbox 2185 4839 3839 4921">
     <span class='ocr_line' id='line_1_108' title="bbox 2185 4839 3839 4921; baseline 0 -25"><span class='ocrx_word' id='word_1_838' title='bbox 2185 4841 2469 4913; x_wconf 79' lang='grc' dir='ltr'>μισθὲντας</span> <span class='ocrx_word' id='word_1_839' title='bbox 2495 4839 2764 4921; x_wconf 62' lang='grc' dir='ltr'>ἀδελφοὺς</span> <span class='ocrx_word' id='word_1_840' title='bbox 2820 4842 2986 4900; x_wconf 60' lang='lat' dir='ltr'><strong>auito:</strong></span> <span class='ocrx_word' id='word_1_841' title='bbox 3043 4842 3211 4918; x_wconf 66' lang='grc' dir='ltr'>λέγει.</span> <span class='ocrx_word' id='word_1_842' title='bbox 3270 4839 3494 4912; x_wconf 83' lang='grc' dir='ltr'>Ἐπειδὴ</span> <span class='ocrx_word' id='word_1_843' title='bbox 3527 4843 3632 4919; x_wconf 79' lang='grc' dir='ltr'><strong>γὰρ</strong></span> <span class='ocrx_word' id='word_1_844' title='bbox 3660 4841 3839 4904; x_wconf 75' lang='grc' dir='ltr'>οὕτως</span> 
     </span>
    </p>
   </div>
   <div class='ocr_carea' id='block_1_108' title="bbox 2181 4930 3840 5011">
    <p class='ocr_par' dir='ltr' id='par_1_108' title="bbox 2181 4930 3840 5011">
     <span class='ocr_line' id='line_1_109' title="bbox 2181 4930 3840 5011; baseline 0 -24"><span class='ocrx_word' id='word_1_845' title='bbox 2181 4930 2582 5011; x_wconf 68' lang='grc' dir='ltr'>ἐχρημάτιζον,</span> <span class='ocrx_word' id='word_1_846' title='bbox 2613 4935 2705 4989; x_wconf 77' lang='grc' dir='ltr'><strong>καὶ</strong></span> <span class='ocrx_word' id='word_1_847' title='bbox 2736 4932 2897 4996; x_wconf 81' lang='grc' dir='ltr'>αὐτὸς</span> <span class='ocrx_word' id='word_1_848' title='bbox 2927 4932 3064 4989; x_wconf 84' lang='grc' dir='ltr'>κατὰ</span> <span class='ocrx_word' id='word_1_849' title='bbox 3108 4934 3210 5002; x_wconf 82' lang='grc' dir='ltr'><strong>τήν</strong></span> <span class='ocrx_word' id='word_1_850' title='bbox 3256 4936 3446 5004; x_wconf 77' lang='grc' dir='ltr'>κοινὴν</span> <span class='ocrx_word' id='word_1_851' title='bbox 3479 4931 3635 5006; x_wconf 82' lang='grc' dir='ltr'>δόξαν</span> <span class='ocrx_word' id='word_1_852' title='bbox 3666 4934 3840 4989; x_wconf 82' lang='grc' dir='ltr'>εἶπεν.</span> 
     </span>
    </p>
   </div>
   <div class='ocr_carea' id='block_1_109' title="bbox 2181 5018 3839 5099">
    <p class='ocr_par' dir='ltr' id='par_1_109' title="bbox 2181 5018 3839 5099">
     <span class='ocr_line' id='line_1_110' title="bbox 2181 5018 3839 5099; baseline -0.002 -21"><span class='ocrx_word' id='word_1_853' title='bbox 2181 5018 2399 5083; x_wconf 80' lang='grc' dir='ltr'>Ο’ίτινές</span> <span class='ocrx_word' id='word_1_854' title='bbox 2432 5021 2564 5093; x_wconf 75' lang='grc' dir='ltr'>εἰσιν</span> <span class='ocrx_word' id='word_1_855' title='bbox 2616 5021 2726 5078; x_wconf 70' lang='grc' dir='ltr'>υἱοὶ</span> <span class='ocrx_word' id='word_1_856' title='bbox 2775 5024 3001 5099; x_wconf 58' lang='grc' dir='ltr'>Ἰωσὴφ,</span> <span class='ocrx_word' id='word_1_857' title='bbox 3056 5020 3145 5078; x_wconf 81' lang='grc' dir='ltr'><strong>διὰ</strong></span> <span class='ocrx_word' id='word_1_858' title='bbox 3196 5023 3297 5091; x_wconf 80' lang='grc' dir='ltr'><strong>τήν</strong></span> <span class='ocrx_word' id='word_1_859' title='bbox 3342 5022 3479 5097; x_wconf 86' lang='grc' dir='ltr'>πρὸς</span> <span class='ocrx_word' id='word_1_860' title='bbox 3510 5022 3607 5090; x_wconf 76' lang='grc' dir='ltr'>τήν</span> <span class='ocrx_word' id='word_1_861' title='bbox 3638 5018 3839 5077; x_wconf 84' lang='grc' dir='ltr'>Θεοτό-</span> 
     </span>
    </p>
   </div>
   <div class='ocr_carea' id='block_1_110' title="bbox 2180 5107 3836 5186">
    <p class='ocr_par' dir='ltr' id='par_1_110' title="bbox 2180 5107 3836 5186">
     <span class='ocr_line' id='line_1_111' title="bbox 2180 5107 3836 5186; baseline -0.005 -17"><span class='ocrx_word' id='word_1_862' title='bbox 2180 5130 2274 5164; x_wconf 84' lang='grc' dir='ltr'><strong>κον</strong></span> <span class='ocrx_word' id='word_1_863' title='bbox 2343 5111 2653 5184; x_wconf 85' lang='grc' dir='ltr'>μνηστείαν,</span> <span class='ocrx_word' id='word_1_864' title='bbox 2717 5107 2976 5175; x_wconf 77' lang='grc' dir='ltr'>Ἰάκωϐος</span> <span class='ocrx_word' id='word_1_865' title='bbox 3057 5112 3351 5175; x_wconf 84' lang='grc' dir='ltr'>ἐπίσκοπος</span> <span class='ocrx_word' id='word_1_866' title='bbox 3408 5107 3836 5186; x_wconf 72' lang='grc' dir='ltr'>Ἱεροσολύμων,</span> 
     </span>
    </p>
   </div>
   <div class='ocr_carea' id='block_1_111' title="bbox 2180 5195 3838 5277">
    <p class='ocr_par' dir='ltr' id='par_1_111' title="bbox 2180 5195 3838 5277">
     <span class='ocr_line' id='line_1_112' title="bbox 2180 5195 3838 5277; baseline 0 -20"><span class='ocrx_word' id='word_1_867' title='bbox 2180 5200 2384 5277; x_wconf 69' lang='grc' dir='ltr'>Ἰωσήφ</span> <span class='ocrx_word' id='word_1_868' title='bbox 2443 5202 2740 5274; x_wconf 83' lang='grc' dir='ltr'>ὁμώνυμος</span> <span class='ocrx_word' id='word_1_869' title='bbox 2795 5208 2873 5277; x_wconf 82' lang='grc' dir='ltr'><strong>τῷ</strong></span> <span class='ocrx_word' id='word_1_870' title='bbox 2944 5202 3130 5275; x_wconf 79' lang='grc' dir='ltr'>πατρὶ,</span> <span class='ocrx_word' id='word_1_871' title='bbox 3205 5205 3394 5277; x_wconf 90' lang='grc' dir='ltr'>Σίμων</span> <span class='ocrx_word' id='word_1_872' title='bbox 3467 5201 3558 5258; x_wconf 82' lang='grc' dir='ltr'><strong>καὶ</strong></span> <span class='ocrx_word' id='word_1_873' title='bbox 3607 5195 3838 5265; x_wconf 81' lang='grc' dir='ltr'>Ἰούδας.</span> 
     </span>
    </p>
   </div>
   <div class='ocr_carea' id='block_1_112' title="bbox 2182 5286 3839 5370">
    <p class='ocr_par' dir='ltr' id='par_1_112' title="bbox 2182 5286 3839 5370">
     <span class='ocr_line' id='line_1_113' title="bbox 2182 5286 3839 5370; baseline 0.004 -28"><span class='ocrx_word' id='word_1_874' title='bbox 2182 5314 2209 5342; x_wconf 87' lang='grc'><strong>‹‹</strong></span> <span class='ocrx_word' id='word_1_875' title='bbox 2243 5291 2387 5367; x_wconf 85' lang='grc' dir='ltr'><strong>Ἐγὼ</strong></span> <span class='ocrx_word' id='word_1_876' title='bbox 2418 5293 2507 5347; x_wconf 80' lang='grc' dir='ltr'><strong>καὶ</strong></span> <span class='ocrx_word' id='word_1_877' title='bbox 2541 5286 2848 5367; x_wconf 80' lang='grc' dir='ltr'>Βαρνάϐας.</span> <span class='ocrx_word' id='word_1_878' title='bbox 2891 5316 2920 5345; x_wconf 86' lang='grc'><strong>››</strong></span> <span class='ocrx_word' id='word_1_879' title='bbox 2970 5290 3149 5356; x_wconf 80' lang='grc' dir='ltr'>Εἰδὼς</span> <span class='ocrx_word' id='word_1_880' title='bbox 3197 5294 3289 5352; x_wconf 79' lang='grc' dir='ltr'><strong>τὸν</strong></span> <span class='ocrx_word' id='word_1_881' title='bbox 3322 5288 3603 5370; x_wconf 76' lang='grc' dir='ltr'>Βαρνάϐαν</span> <span class='ocrx_word' id='word_1_882' title='bbox 3634 5312 3839 5348; x_wconf 82' lang='grc' dir='ltr'>κοινω-</span> 
     </span>
    </p>
   </div>
   <div class='ocr_carea' id='block_1_113' title="bbox 2179 5379 3840 5464">
    <p class='ocr_par' dir='ltr' id='par_1_113' title="bbox 2179 5379 3840 5464">
     <span class='ocr_line' id='line_1_114' title="bbox 2179 5379 3840 5464; baseline 0.002 -30"><span class='ocrx_word' id='word_1_883' title='bbox 2179 5385 2382 5436; x_wconf 74' lang='grc' dir='ltr'>νοῦντα</span> <span class='ocrx_word' id='word_1_884' title='bbox 2443 5382 2587 5455; x_wconf 82' lang='grc' dir='ltr'>αὐτῷ</span> <span class='ocrx_word' id='word_1_885' title='bbox 2642 5389 2743 5453; x_wconf 79' lang='grc' dir='ltr'><strong>τῆς</strong></span> <span class='ocrx_word' id='word_1_886' title='bbox 2801 5379 3076 5459; x_wconf 79' lang='grc' dir='ltr'>ἀκριϐείας</span> <span class='ocrx_word' id='word_1_887' title='bbox 3131 5384 3354 5457; x_wconf 77' lang='grc' dir='ltr'>ταύτης,</span> <span class='ocrx_word' id='word_1_888' title='bbox 3416 5386 3589 5464; x_wconf 76' lang='grc' dir='ltr'>ἦγουν</span> <span class='ocrx_word' id='word_1_889' title='bbox 3620 5384 3684 5440; x_wconf 81' lang='grc' dir='ltr'>τὸ</span> <span class='ocrx_word' id='word_1_890' title='bbox 3716 5386 3840 5440; x_wconf 71' lang='grc' dir='ltr'>ἄνευ</span> 
     </span>
    </p>
   </div>
   <div class='ocr_carea' id='block_1_114' title="bbox 2181 5468 3843 5555">
    <p class='ocr_par' dir='ltr' id='par_1_114' title="bbox 2181 5468 3843 5555">
     <span class='ocr_line' id='line_1_115' title="bbox 2181 5468 3843 5555; baseline 0 -29"><span class='ocrx_word' id='word_1_891' title='bbox 2181 5468 2425 5543; x_wconf 72' lang='grc' dir='ltr'>δαπάνης</span> <span class='ocrx_word' id='word_1_892' title='bbox 2478 5472 2789 5548; x_wconf 68' lang='grc' dir='ltr'>κηρύττειν,</span> <span class='ocrx_word' id='word_1_893' title='bbox 2847 5475 2936 5529; x_wconf 86' lang='grc' dir='ltr'><strong>καὶ</strong></span> <span class='ocrx_word' id='word_1_894' title='bbox 3023 5496 3084 5551; x_wconf 84' lang='grc' dir='ltr'><strong>γε</strong></span> <span class='ocrx_word' id='word_1_895' title='bbox 3158 5473 3402 5548; x_wconf 79' lang='grc' dir='ltr'>ἐξουσίαν</span> <span class='ocrx_word' id='word_1_896' title='bbox 3457 5472 3605 5555; x_wconf 82' lang='grc' dir='ltr'>ἔχων</span> <span class='ocrx_word' id='word_1_897' title='bbox 3664 5479 3843 5532; x_wconf 72' lang='grc' dir='ltr'>ποιεῖν</span> 
     </span>
    </p>
   </div>
   <div class='ocr_carea' id='block_1_115' title="bbox 2180 5559 3845 5640">
    <p class='ocr_par' dir='ltr' id='par_1_115' title="bbox 2180 5559 3845 5640">
     <span class='ocr_line' id='line_1_116' title="bbox 2180 5559 3845 5640; baseline 0.003 -23"><span class='ocrx_word' id='word_1_898' title='bbox 2180 5559 2375 5632; x_wconf 77' lang='grc' dir='ltr'>οὕτως,</span> <span class='ocrx_word' id='word_1_899' title='bbox 2435 5560 2534 5617; x_wconf 82' lang='grc' dir='ltr'><strong>οὑκ</strong></span> <span class='ocrx_word' id='word_1_900' title='bbox 2590 5561 2907 5638; x_wconf 79' lang='grc' dir='ltr'>ἀπέκροψεν.</span> <span class='ocrx_word' id='word_1_901' title='bbox 2968 5586 2996 5617; x_wconf 82' lang='grc' dir='ltr'>ι(</span> <span class='ocrx_word' id='word_1_902' title='bbox 3055 5564 3168 5620; x_wconf 81' lang='grc' dir='ltr'><strong>Οὐκ</strong></span> <span class='ocrx_word' id='word_1_903' title='bbox 3226 5559 3418 5640; x_wconf 82' lang='grc' dir='ltr'>ἔχουεν</span> <span class='ocrx_word' id='word_1_904' title='bbox 3477 5565 3719 5637; x_wconf 75' lang='grc' dir='ltr'>ἐξουσίαν</span> <span class='ocrx_word' id='word_1_905' title='bbox 3745 5569 3845 5622; x_wconf 78' lang='grc' dir='ltr'><strong>τοῦ</strong></span> 
     </span>
    </p>
   </div>
  </div>
