4118 6440
346 419 466 491 157

1339 421 1753 483 COMMENT.
1797 421 1876 482 IN
1922 423 2173 487 EPIST.
2220 428 2245 488 Ι
2289 428 2393 488 AD
2435 429 2801 493 OORINTH.

3660 438 3782 498 753

346 551 426 648 μὴ
448 549 781 648 ἐργάζεσθαι
803 566 818 620 ;
843 571 873 604 ››
903 551 1016 607 Τοῦ
1044 553 1114 607 τὰ
1131 550 1270 648 πρὸς
1298 552 1509 631 τροιρὴν
1539 552 1633 609 καὶ
1683 551 1983 630 αὐτάρκεια·

2121 558 2369 643 dicaret,
2402 579 2538 621 cum
2566 568 2924 637 potestatem
2953 566 3203 623 haberet
3226 568 3310 622 ita
3338 568 3619 648 faciendi,
3650 586 3775 627 non

341 641 452 697 ἀπὸ
481 644 582 695 τοῦ
611 639 969 718 κηρύγματος
1012 640 1328 717 πορίζεσθαι
1359 662 1375 711 ;
1429 641 1559 700 ἀλλ⁹
1597 644 1752 718 ὅμως
1781 641 2001 721 ἔχοντες

339 731 608 802 ἐξουσίαν,
643 730 705 785 οὐ
761 731 1029 808 χρώμεθα
1056 735 1125 805 τῇ
1172 730 1409 804 ἐξουσίᾳ,
1442 731 1532 789 ἳνα
1585 734 1799 806 μὶλλον
1859 737 2000 809 ὑμᾶς

341 819 749 897 ὡφελήσωμεν,
783 815 1051 875 ἀδάπανον
1106 821 1469 895 κηρύσσοντες
1523 823 1586 878 τό
1646 823 1998 901 Εὐαγγέλιον.

337 908 413 969 ET
440 906 499 965 δὲ
525 912 689 964 τοῦτο
732 906 928 978 δῆλον,
962 907 1046 965 ὅτι
1080 909 1124 964 εἶ
1156 910 1247 965 καὶ
1279 909 1527 985 συνῄδειν
1566 910 2002 989 σκανδαλιζομέ-

338 1020 467 1071 νρυς
500 998 646 1070 ὑμᾶς
688 994 865 1054 ἕνεκεν
921 999 1289 1080 κρεοφαγίας,
1337 999 1517 1056 καίτοι
1576 1002 1862 1058 ἀκώλυτον
1919 1004 1998 1073 ὃν,

335 1088 440 1145 οὐκ
495 1086 555 1143 ἂν
606 1086 806 1167 ἔφαγον
866 1088 942 1151 εἷς
1007 1090 1100 1144 τὸν
1152 1091 1340 1161 αἷῶνα,
1396 1091 1488 1146 ἶνα
1548 1093 1623 1166 μὴ
1693 1091 1998 1150 σκανδάλου

333 1177 598 1254 πρόξενος
647 1177 916 1256 γενοίμην
1000 1183 1080 1251 τῷ
1133 1176 1373 1255 ἀδελφῷ·
1434 1183 1590 1256 πόσῳ
1639 1182 1853 1256 μᾶλλον
1917 1179 2001 1239 δεῖ

334 1265 698 1349 φυλάττεσθαι
735 1266 877 1340 ὑμᾶς
935 1267 1042 1326 ἀπὸ
1098 1272 1204 1324 τῶν
1263 1266 1644 1335 εἰδωλοθύτων
1680 1291 1695 1342 ;
1727 1271 1797 1327 δι’
1826 1274 1900 1328 ὧν
1934 1274 1996 1328 οὐ

339 1356 504 1433 μόνον
533 1357 588 1413 οἱ
620 1353 848 1435 ἀδελῳοὶ
899 1355 1373 1429 σκανδαλίζονται,
1406 1359 1552 1416 ἁ).λά
1582 1363 1668 1417 καὶ
1721 1362 1815 1425 τὰς
1871 1384 1999 1419 συν-

333 1444 573 1519 ιιδῆσεις
607 1446 928 1520 μολύνουσι.
967 1448 1044 1505 Τὸ
1080 1446 1160 1518 δὲ,
1201 1475 1220 1499 ι
1256 1451 1329 1506 ’Ἠ
1365 1451 1531 1523 μόνος
1562 1448 1674 1526 ἐγὼ
1729 1451 1821 1508 καὶ
1854 1454 1993 1529 Βαρ-

327 1531 495 1598 νάϐας
536 1536 636 1591 οὐκ
693 1533 895 1610 ἔχομεν
960 1537 1202 1608 ἐξουσίαν
1258 1543 1358 1594 τοῦ
1420 1541 1495 1613 μὴ
1556 1539 1870 1616 ἐργάζεσθαι
1913 1563 1928 1613 ;
1966 1566 1991 1597 ο

331 1623 661 1702 οἰκειότερόν
691 1624 801 1682 ἐστι
831 1633 931 1696 τῆς
991 1624 1190 1698 λέξεεος
1249 1628 1429 1692 οὕτως
1490 1625 1760 1685 ἐκλαϐεῖν·
1794 1633 1862 1689 Οἱ
1896 1635 1991 1705 μὲν

332 1717 427 1772 οὖν
485 1714 671 1786 ἀλλοι,
731 1715 917 1790 φησὶν,
972 1715 1294 1786 ἀπόστολοι,
1362 1718 1603 1793 ἐξοτσίαν
1661 1716 1853 1801 ἔχουσι
1913 1726 1990 1798 μή

333 1805 678 1882 ἰργάζεσθαι,
734 1801 875 1879 μηδὲ
922 1810 1120 1877 κοπιᾷν
1170 1813 1290 1870 ταῖς
1342 1810 1556 1884 χερσὶν,
1614 1808 1745 1866 ἀλλ’
1787 1809 1849 1866 ἐκ
1886 1816 1993 1867 τῶν

2110 650 2447 708 occultavit.
2482 675 2510 702 «
2560 654 2687 709 Non
2738 652 3026 711 habemus
3068 659 3424 726 potestatem
3470 672 3591 711 non
3623 673 3769 729 ope-

2108 729 2330 797 randi?
2359 763 2386 790 .›
2432 742 2548 797 Hoc
2574 748 2682 807 est,
2715 748 2781 797 ut
2809 759 2844 797 a
2875 743 3291 814 prmdicatione
3314 745 3769 816 suppeditaren-

2110 834 2195 884 ιω
2263 830 2439 886 nobis
2469 849 2602 903 qum
2635 831 2709 886 ad
2757 839 2971 889 Victum
3008 832 3353 887 sufﬁcerent
3382 834 3409 888 Ἰ
3428 835 3529 889 sed
3563 841 3761 892 tamen

2108 936 2243 976 cum
2278 921 2455 976 talem
2481 921 2837 977 haberemus
2865 927 3236 994 potestatem,
3272 939 3389 977 non
3434 941 3638 979 sumus
3667 927 3761 981 usi

2109 1016 2401 1082 potestate
2454 1017 2521 1066 ut
2566 1012 2756 1084 magis
2804 1029 2903 1067 vos
2954 1012 3321 1082 juvaremus,
3382 1011 3760 1085 Evangelium

2110 1098 2238 1153 sine
2262 1096 2503 1170 sumptu
2534 1101 2946 1172 praedicantes.
2969 1100 3135 1166 Quod
3169 1100 3214 1155 si
3244 1101 3353 1155 hoc
3385 1106 3466 1155 ita
3491 1108 3599 1169 est,
3632 1118 3758 1158 ma-

2106 1186 2389 1243 nifestum
2415 1197 2506 1244 est
2529 1189 2687 1261 quod
2722 1191 2767 1244 si
2802 1207 2901 1245 vos
2935 1190 3330 1255 intelligerem
3390 1206 3625 1245 sumere
3684 1191 3764 1247 of-

2104 1276 2470 1334 fendiculum
2500 1279 2574 1334 ob
2607 1295 2771 1335 esum
2802 1279 3093 1335 carnium.
3130 1280 3227 1350 qui
3272 1284 3475 1335 tamen
3523 1296 3642 1335 non
3674 1286 3767 1336 est

2103 1369 2462 1440 prohibitus,
2507 1386 2884 1442 nequaquam
2919 1370 3005 1425 eis
3036 1384 3307 1425 vescerer
3350 1370 3411 1425 in
3470 1377 3763 1427 mternum

2104 1457 2269 1514 fratri
2295 1475 2474 1515 causa
2497 1459 2696 1515 ﬁerem
2723 1458 3101 1515 oﬂ'endiculi:
3130 1465 3353 1530 quanto
3379 1460 3563 1533 magis
3584 1459 3764 1516 absti-

2103 1565 2246 1603 nere
2274 1565 2376 1603 vos
2406 1554 2638 1619 oportet
2668 1548 2741 1603 ab
2774 1548 2867 1603 liis
2894 1564 3026 1619 qua:
3053 1555 3192 1603 sunt
3223 1548 3398 1601 idolis
3422 1548 3754 1617 immolata,

2103 1638 2257 1693 498
2290 1654 2396 1711 per
2425 1654 2554 1708 quae
2580 1654 2697 1693 non
2728 1637 2919 1692 solum
2946 1638 3157 1692 fratres
3190 1637 3614 1694 oﬁ‘endiculum
3650 1655 3755 1711 pa-

2103 1727 2353 1794 tiuntur,
2386 1727 2490 1783 sed
2520 1732 2575 1782 et
2606 1726 3005 1783 conscientias
3028 1725 3350 1797 polluunt‘?
3371 1726 3534 1791 Quod
3556 1733 3755 1784 tamen

2102 1816 2217 1872 ait:
2238 1836 2263 1867 α
2286 1815 2575 1871 Autsolus
2597 1832 2702 1888 ego
2727 1821 2785 1870 et
2805 1814 3104 1871 Barnabas
3123 1831 3245 1870 non
3259 1814 3545 1871 habemus
3563 1822 3756 1887 potes-

337 1892 730 1951 διακονούντων
772 1894 959 1958 αὐτοῖς
1012 1896 1316 1972 τρέφεσθαι·
1360 1897 1471 1976 ἐγὼ
1520 1897 1580 1955 δὲ
1634 1899 1725 1955 καὶ
1784 1902 1983 1977 Βαρνά-

342 1978 373 2000 Π
526 1984 540 2000 ο
721 1983 733 2000 1
1072 1985 1086 2000 ι
1245 1986 1259 2000 ο
1359 1981 1384 2000 II
1615 1987 1665 2000 ιι.
1779 1989 1790 2000 ι
1967 1992 1978 2000 .

2101 1910 2282 1962 tatem
2299 1921 2420 1961 non
2443 1904 3040 1978 operandi,»propius
3060 1904 3132 1960 ad
3151 1903 3758 1978 verbumitaaccipia—

338 1978 462 2052 ϐας,
509 1984 584 2047 ὡς
641 1983 902 2064 φαίνεται,
956 1985 1143 2063 φησὶν,
1204 1986 1304 2043 οὐκ
1357 1981 1560 2063 ἔχομεν
1613 1987 1853 2060 ἐξουσίαν
1912 1992 1990 2064 μὴ

332 2072 672 2148 ἰργάζεσθαι,
707 2072 834 2131 ἀλλ’
888 2072 1092 2151 ἀνάγκῃ
1124 2080 1244 2139 ταῖς
1303 2077 1461 2152 χερσὶ
1513 2083 1846 2149 κοπιῶντας,
1893 2079 1989 2136 οὕ.

325 2182 438 2225 τως
493 2163 708 2228 ἑαυτοῖς
761 2163 830 2219 τὰ
889 2164 1026 2241 πρὸς
1081 2165 1180 2234 τήν
1231 2165 1514 2243 ἀναγκαίαν
1576 2167 1765 2245 χρείαν
1819 2169 1985 2246 ἐπαρ-

326 2270 387 2307 κε
396 2272 439 2306 ιν
477 2271 492 2321 ;

384 2535 480 2598 Τίς
546 2536 900 2612 στρατεύεται
957 2537 1119 2603 ἰδίοις
1178 2541 1442 2616 ὀψωνίοις
1500 2543 1681 2613 «est;
1737 2546 1822 2608 τίς
1880 2567 1976 2623 φυ-

323 2624 460 2693 νιύει
512 2624 839 2699 ἀμπελῶνα,
917 2628 1008 2685 καὶ
1101 2628 1161 2686 ἐκ
1237 2636 1335 2687 τοῦ
1383 2638 1596 2707 καρποῦ
1651 2634 1821 2692 αύτοῦ
1877 2637 1981 2695 οὐκ

320 2711 599 2785 ἰσθίει;ἤ
659 2717 744 2779 τίς
800 2720 1084 2791 ποιμαίνει
1142 2721 1403 2796 ποίμνην,
1461 2724 1552 2779 καὶ
1611 2724 1671 2780 ἐκ
1722 2730 1823 2783 τοῦ
1874 2726 1975 2802 γά-

314 2801 523 2868 λακτος
553 2813 656 2875 τῆς
687 2807 929 2880 ποίμνης
960 2809 1068 2865 οὐκ
1095 2809 1260 2867 ἐσθίει
1291 2831 1305 2881 ;

386 2893 506 2964 Τίς,
566 2897 722 2974 φησὶ,
774 2899 1221 2974 στρατευόμενος,
1283 2900 1497 2967 οἷ’κοθεν
1552 2902 1824 2983 τρέφεται,
1884 2907 1973 2963 καὶ

318 2984 423 3039 οὐκ
475 2982 537 3040 ἐκ
590 2993 691 3055 τῆς
752 2986 1074 3060 στρατείας;
1133 2989 1224 3045 καὶ
1283 2995 1445 3047 τοῦτο
1502 2982 1674 3069 λέγει,
1736 2991 1974 3056 «Ἰδίοις

318 3072 602 3147 ὀψωνίοις.
639 3099 667 3127 ιι
706 3074 898 3139 Καλῶς
957 3074 1015 3133 δὲ
1040 3078 1102 3134 τὸ
1158 3082 1256 3134 τοῦ
1315 3081 1654 3155 στρατιώτου
1703 3083 1967 3158 πρότερον

317 3164 546 3225 τέθεικε.
580 3167 762 3222 Τοῦτο
791 3167 893 3242 γὰρ
953 3165 1219 3243 ἁρμόδιον
1246 3173 1315 3244 τῇ
1357 3170 1641 3245 ἀποστολῇ
1701 3169 1791 3228 διὰ
1847 3173 1974 3239 τοὺς

322 3250 377 3315 ἰν
428 3251 567 3327 αὐτῇ
622 3253 919 3325 κινδύνους,
978 3258 1068 3313 καὶ
1131 3259 1224 3314 τὸν
1286 3259 1534 3335 πόλεμον
1589 3267 1698 3318 τῶν
1755 3267 1966 3331 νοητῶν

316 3339 551 3416 ἐχθρῶν.
613 3368 641 3394 ιι
670 3346 761 3408 Τίς
818 3345 1036 3423 φυτεύει
1092 3348 1395 3420 ἀμπελῶνα
1426 3368 1441 3420 ;
1475 3375 1502 3403 n
1558 3354 1738 3409 Ταῦτα
1789 3351 1965 3409 πάντα

311 3431 381 3497 τὰ
429 3429 866 3512 παραδείγματα⁴
930 3433 1166 3493 δείκνυσι
1225 3442 1429 3515 χρῆναι
1480 3443 1572 3496 τὸν
1631 3437 1961 3498 διδάσκαλον

310 3517 372 3585 ἐκ
400 3525 508 3585 τῶν
554 3525 1008 3599 μαθητευομένων
1064 3527 1277 3597 ἔσοίειν,
1312 3516 1494 3604 ὥσπερ
1550 3531 1644 3586 τὸν
1694 3532 1966 3606 στρατιώ-

313 3630 413 3681 τῃν
469 3608 530 3666 ἐκ
584 3619 684 3681 τῆς
741 3615 1045 3689 στρατείας,
1102 3616 1192 3672 καὶ
1257 3619 1348 3674 τὶν
1406 3619 1741 3699 φυτεύσαντα
1796 3620 1972 3695 ἀμπε-

312 3697 464 3756 λῶνα
492 3698 555 3757 ἐκ
581 3705 678 3757 τοῦ
718 3708 930 3776 καρποῦ
986 3705 1174 3771 αὔτοῦ,
1227 3707 1317 3762 καὶ
1369 3697 1462 3763 τόν
1492 3709 1729 3780 ποιμένα
1784 3706 1844 3764 ἐκ
1871 3708 1969 3764 τοῦ

311 3795 415 3874 τῆς
445 3788 683 3865 ποίμνης
738 3792 1034 3870 γάλακτος.
1088 3791 1249 3850 Ἀλλ’
1278 3794 1456 3868 ὅμως,
1513 3796 1670 3874 φησὶ.
1726 3798 1818 3852 κπὶ
1872 3802 1971 3853 τοῦ

317 3873 530 3935 δικαίου
557 3885 724 3936 τοῦτο
759 3881 1126 3957 βουλομένοτ,
1173 3885 1261 3939 καὶ
1302 3889 1399 3940 τοῦ
1434 3873 1632 3961 Κυρίου
1690 3885 1975 3943 κελεύσαν-

313 3989 435 4039 τος,
459 3969 567 4045 ἐγὼ
594 3968 887 4034 ἀδαπάνως
919 3972 1048 4046 ὑμῖν
1105 3972 1359 4047 ἐκήρυξα,
1389 3976 1482 4031 ἳνα
1514 3978 1590 4048 μὴ
1645 3997 1765 4031 τινα
1818 3997 1975 4032 σκαν-

315 4055 549 4117 δαλίσω.
607 4060 754 4136 Ἐγὼ
832 4067 1119 4139 τοιγαροῦν
1180 4064 1271 4120 καὶ
1334 4069 1442 4120 τῶν
1494 4065 1974 4142 ἐπιτετραμμένων

316 4148 672 4229 ἀπεσχόμην,
705 4146 794 4206 διὰ
857 4153 958 4220 τοὶ.)
1016 4152 1275 4225 ὑμετέραν
1333 4153 1656 4228 οἰκοδομήν.
1702 4157 1882 4232 Ὑμεῖς
1920 4154 1978 4212 δὲ

313 4234 441 4292 οὐδὲ
484 4235 866 4307 εἰδωλοθύτων
895 4238 1160 4316 ἀπέχεσθε
1189 4238 1280 4297 Sci:
1307 4244 1370 4299 τὸ
1400 4245 1478 4316 μή
1530 4243 1793 4322 βλάπτειν
1850 4245 1980 4309 τοὺς

316 4322 605 4407 ἀδελφούς.
663 4328 837 4387 Οὗτος
888 4328 993 4405 γὰρ
1025 4330 1054 4385 ὁ
1081 4331 1287 4395 σκοπός
1318 4330 1462 4389 ἐστιν
1518 4333 1667 4406 αύτῷ
1709 4335 1788 4397 εἷς
1845 4333 1976 4391 ὅλον

313 4419 477 4474 τοῦτο
522 4418 586 4473 τὸ
647 4417 879 4495 χωρίον.
935 4442 967 4472 ‹‹
1019 4419 1112 4482 Τίς
1160 4420 1376 4501 φυτεύει
1436 4422 1852 4498 ἀμπελῶνας»
1885 4425 1982 4480 Ἐκ

315 4509 414 4562 τοῦ
464 4507 820 4582 ἀμπελῶνος,
879 4509 974 4564 τὸν
1029 4509 1082 4565 iv
1111 4513 1182 4584 τῇ
1212 4509 1505 4577 ἀποστολῆ
1562 4512 1728 4571 πόνον
1789 4510 1976 4582 δηλοῖ.

323 4616 347 4647 ι
380 4596 451 4653 Ἦ
514 4597 597 4659 τίς
651 4597 937 4671 ποιμαίνει
993 4597 1297 4673 ποίμνηνς
1352 4624 1381 4651 ››
1436 4600 1534 4658 Διά
1587 4603 1687 4669 τῆς
1740 4602 1983 4675 ποίμνης

2100 1992 2879 2067 tur:Itaque,inquit,caeteri
2893 1993 3144 2065 apostoli
3164 1998 3517 2064 potestatem
3531 1993 3757 2051 habent

2099 2102 2221 2141 non
2247 2085 2533 2157 operandi
2556 2100 2749 2155 neque
2768 2082 3077 2138 laborandi
3097 2082 3507 2151 manibus,sed
3521 2084 3758 2140 utalan-

2097 2180 2194 2231 tur
2224 2193 2295 2232 ex
2309 2175 2546 2246 hisquaa
2562 2173 2674 2229 sibi
2695 2173 3149 2239 ministrantur;
3177 2189 3281 2245 ego
3299 2189 3435 2228 vero
3460 2174 3755 2230 etBarna-

2092 2264 2294 2331 bas,ut
2312 2268 2579 2336 apparet,
2600 2280 2722 2319 non
2753 2261 3042 2318 habemus
3078 2266 3435 2334 potestatem
3462 2278 3585 2319 non
3607 2278 3749 2335 ope-

2092 2353 2396 2422 randi,sed
2417 2353 2818 2410 necessarium
2835 2349 3287 2407 estutmanibus
3301 2350 3752 2420 laborantes,ita

2092 2446 2265 2504 nobis
2289 2444 2739 2518 suppeditemus
2762 2462 2892 2516 quae
2914 2444 2989 2499 ad
3007 2460 3180 2499 usum
3203 2448 3344 2499 sunt
3371 2443 3749 2500 necessaria?

2165 2537 2255 2604 1X,
2289 2540 2340 2593 ’7.
2393 2536 2525 2602 Quis
2582 2536 2787 2591 militat
2838 2534 2953 2591 suis
2980 2532 3220 2589 obsoniis
3258 2550 3501 2606 unquam
3532 2534 3561 2589 7
3616 2536 3747 2600 Quis

2081 2628 2309 2701 plantat
2339 2628 2554 2682 vineam
2584 2632 2635 2681 et
2665 2625 2741 2680 de.
2758 2628 2950 2691 fructu
2979 2626 3098 2694 ejus
3125 2640 3237 2679 non
3267 2627 3438 2680 edit?
3467 2626 3572 2680 Aut
3622 2628 3745 2696 quis

2079 2720 2263 2792 pascit
2293 2733 2531 2788 gregem,
2561 2721 2613 2771 et
2642 2716 2708 2769 de
2739 2715 2879 2770 lacte
2903 2715 3091 2785 gregis
3128 2729 3237 2769 non
3267 2714 3383 2768 edit
3412 2714 3440 2767 ?

2157 2899 2318 2966 Quis,
2342 2898 2558 2971 inquit.
2596 2897 2772 2953 miles
2811 2895 3044 2952 adomo
3077 2911 3183 2951 sua
3205 2895 3388 2951 alitur
3427 2898 3485 2950 et
3515 2911 3637 2950 non
3670 2910 3742 2951 ex

2086 2988 2347 3045 militia?
2378 2991 2446 3043 Et
2498 2988 2611 3043 hoc
2667 2992 2758 3041 est
2809 2986 2969 3058 quod
2997 2986 3082 3040 ait
3116 3002 3129 3040 :
3170 3008 3190 3032 α
3227 2984 3360 3040 Suis
3394 2983 3680 3039 obsoniis.
3710 3004 3740 3034 »

2084 3081 2241 3136 Bene
2271 3084 2469 3134 autem
2506 3076 2713 3133 militis
2744 3076 3086 3148 exemplum
3122 3075 3288 3147 prius
3322 3074 3524 3146 posuit
3553 3090 3565 3127 :
3601 3089 3740 3128 nam

2083 3155 2143 3224 id
2176 3173 2379 3239 aptum
2412 3171 2503 3221 est
2539 3164 2897 3237 apostolatui
2940 3168 3182 3236 propter
3230 3179 3300 3218 ea
3351 3180 3483 3233 quae
3516 3163 3578 3218 in
3609 3163 3739 3234 ipso

2083 3253 2801 3329 suntpericulaetbellum
2819 3251 3737 3309 intellectualiuminimicorum.

2000 3310 2043 3377 C
2083 3370 2110 3398 ‹‹
2128 3346 2267 3410 Quis
2298 3345 2530 3418 plantat
2549 3344 2784 3399 vineam
2804 3343 2832 3398 ‘2
2849 3368 2871 3389 υ
2888 3343 3022 3400 Haec
3036 3343 3240 3399 omnia
3257 3341 3738 3414 exemplaosten-

2073 3437 2225 3493 dunt
2252 3441 2525 3509 oportere
2586 3438 3016 3506 praeceptorem
3039 3432 3119 3490 ali
3141 3432 3215 3488 ab
3257 3433 3349 3487 his
3383 3433 3481 3504 qui
3516 3430 3732 3489 docen~

2075 3534 2191 3589 tur,
2224 3524 2728 3599 quemadmodum
2769 3523 3021 3579 militem
3069 3541 3138 3580 ex
3181 3523 3418 3588 militia,
3470 3527 3530 3577 et
3556 3520 3729 3578 illum

2075 3618 2175 3690 qui
2203 3598 2741 3690 planta'vitvineam
2774 3630 2845 3669 ex
2877 3614 3040 3670 illius
3059 3614 3278 3679 fructu,
3307 3618 3729 3684 pastbremque

2078 3695 2109 3765 e
2141 3707 2293 3763 lacte
2322 3706 2535 3779 gregis.
2570 3707 2639 3759 Et
2670 3710 2867 3760 tamen
2899 3719 3244 3776 quanquam
3276 3709 3329 3758 et
3354 3703 3727 3775 mquitas,in-

2079 3797 2227 3871 quit,
2269 3796 2381 3851 hoc
2433 3794 2716 3864 requirat,
2752 3798 2810 3848 et
2859 3794 3149 3849 Dominus
3207 3791 3584 3864 itajusserit,
3619 3807 3724 3862 ego

2080 3887 2207 3943 sine
2231 3888 2472 3955 sumptu
2492 3881 2657 3937 vobis
2680 3881 3012 3954 praedicari.
3037 3898 3114 3937 ne
3137 3898 3329 3937 essem
3349 3881 3513 3936 vobis
3546 3880 3730 3936 offen-

2081 3973 2300 4031 diculo.
2333 3975 2447 4047 Ego
2478 3973 2658 4045 igitur
2687 3970 2863 4027 etiam
2895 3970 2968 4026 ab
3005 3971 3098 4026 his
3128 3970 3387 4027 abstinui
3413 3987 3545 4041 quae
3576 3987 3729 4027 con-

2081 4081 2250 4122 cessa
2279 4069 2469 4130 erant,
2503 4066 2746 4134 propter
2795 4066 3050 4116 vestram
3077 4060 3533 4116 aedificationem
3567 4078 3580 4117 :
3632 4077 3733 4116 vos

2083 4140 2283 4212 autem
2297 4169 2491 4226 neque
2508 4152 2579 4207 ab
2604 4151 2844 4223 hisquaa
2868 4149 3043 4205 idolis
3068 4149 3374 4206 immolata
3396 4155 3537 4205 sunt
3558 4149 3737 4206 absti-

2083 4246 2259 4310 netis,
2280 4262 2355 4301 ne
2372 4243 2655 4302 fratribus
2684 4247 3113 4299 nocumentum
3136 4241 3424 4298 inferatis.
3444 4242 3591 4299 Nam
3620 4245 3743 4298 tota

2084 4336 2197 4394 hac
2230 4341 2396 4409 parte
2447 4334 2546 4391 hic
2594 4334 2726 4407 ejus
2778 4350 2993 4406 scopus
3026 4338 3133 4388 est.
3175 4355 3194 4381 ε
3223 4332 3364 4399 Quis
3398 4331 3629 4404 plantat
3656 4332 3744 4388 vi-

2086 4440 2263 4481 neam
2285 4422 2360 4480 ‘In
2393 4424 2506 4478 Per
2533 4421 2767 4478 vineam
2790 4420 3089 4495 significat
3135 4419 3397 4476 laborem
3426 4420 3527 4492 qui
3560 4424 3647 4476 est
3679 4420 3741 4476 in

2088 4512 2447 4588 apostolatu.
2472 4514 2589 4568 Aut
2618 4511 2752 4583 quis
2782 4511 2975 4583 pascit
2994 4527 3231 4585 gregem
3252 4511 3281 4568 Ἰ
3314 4533 3341 4561 ››
3366 4513 3477 4567 Per
3501 4527 3739 4586 gregem

2088 4604 2386 4680 significat
2425 4602 2759 4658 doctrinam
2797 4607 2855 4657 et
2900 4602 3206 4676 providam
3241 4602 3738 4677 gubernationem

317 4682 491 4769 δηλοῖ
515 4688 616 4756 τὴν
652 4683 896 4764 διδαχὴν
937 4688 1033 4744 καὶ
1088 4690 1188 4758 τὴν
1250 4685 1587 4765 κηδεμονίαν
1643 4691 1744 4760 τὴν
1805 4689 1858 4747 ἐν
1909 4692 1979 4762 τῇ

2098 4709 2222 4768 quin
2256 4697 2346 4748 est
2369 4692 2432 4747 in
2454 4691 2814 4765 apostolatu.

318 4773 629 4850 ἀποστολῇ.

396 4885 485 4955 Μὴ
535 4887 674 4942 κατά
726 4884 1014 4961 ἄνθρωπον
1060 4891 1231 4944 ταῦτα
1273 4885 1434 4947 λαλῶ
1466 4908 1480 4959 ;
1512 4888 1549 4959 ἢ
1608 4886 1746 4970 οὐχί
1800 4886 1894 4944 καὶ
1951 4889 1980 4943 ὁ

314 4973 491 5047 νόμος
518 4980 726 5047 ταῦτας
759 4978 848 5035 Ἐν
879 4978 985 5054 γὰρ
1020 4982 1100 5051 τῷ
1155 4976 1396 5041 Μωσέως
1447 4979 1603 5053 νόμῳ
1657 4979 1978 5055 γέγραπται,

312 5062 399 5124 Ού
449 5067 722 5146 φιμώσεις
786 5068 914 5143 βοῦν
972 5066 1247 5141 ἀλοῶντα.
1299 5071 1391 5140 Μή
1448 5073 1556 5124 τῶν
1620 5070 1764 5146 βοῶν
1826 5067 1981 5142 μὲλει

312 5163 399 5231 τῷ
454 5165 609 5235 Θεῷ;
668 5161 741 5218 'll
822 5158 893 5218 δι’
969 5164 1116 5235 ἡμᾶς
1172 5161 1390 5225 πάντως
1446 5161 1643 5239 λὲγεις
1697 5164 1776 5219 Δι’
1833 5165 1984 5235 ἡμᾶς

324 5249 429 5325 γὰρ
513 5248 719 5329 ἐγράφη
816 5251 900 5307 δτι
953 5248 1038 5307 ἐπ’
1096 5247 1287 5307 ἑλπίδι
1345 5250 1556 5333 ὀφειλει
1624 5254 1654 5309 ὁ
1710 5253 1983 5329 ἀροτριῶν

308 5340 582 5416 ⁹ἀροτριᾷν
618 5383 634 5410 ,
692 5340 783 5396 καὶ
842 5341 872 5396 ὁ
932 5338 1114 5397 ἀλοῶν
1172 5347 1273 5412 τῆς
1328 5340 1559 5406 ἐλπίδος
1629 5342 1795 5400 αὐτοῦ
1856 5364 1987 5417 μετ-

331 5427 480 5510 ἔχειν
514 5428 598 5485 ἐπ’
628 5426 836 5487 ἐλπίδι.

397 5515 626 5590 Ἐπειδὴ
687 5519 752 5576 τὸ
829 5519 1113 5597 τρὲφεπθαι
1201 5521 1260 5575 ἐκ
1351 5524 1462 5577 τῶν
1531 5521 1989 5596 μαθητευομὲνων

310 5602 519 5683 ιέδειξε,
577 5608 670 5666 καὶ
724 5612 832 5665 τῶν
891 5607 1104 5667 λοιπῶν
1158 5609 1481 5666 αποστόλων
1539 5613 1676 5669 εἶναι
1722 5613 1823 5684 τὴν
1881 5632 1996 5668 κοι-

313 5703 424 5773 νὴν
459 5701 744 5771 συνήθειαν
776 5703 943 5759 τοῦτο
987 5698 1305 5775 βούλεσθαι,
1335 5697 1533 5757 λοιπὸν
1564 5701 1655 5758 καὶ
1715 5703 1822 5762 ἀπὸ
1852 5707 1996 5783 Γρα-

313 5796 495 5876 vui:
539 5789 836 5867 μαρτυρίας
863 5787 1010 5854 θέλει
1051 5792 1217 5855 τοῦτο
1259 5779 1656 5870 πιστώσασθαι,
1696 5794 1802 5851 .καῖ
1836 5779 1992 5871 φησει

2158 4891 2257 4957 .IX,
2290 4891 2344 4946 8.
2381 4889 2466 4947 10.
2499 4890 2645 4946 Num
2690 4889 2987 4945 secundum
3033 4887 3308 4945 hominem
3337 4887 3449 4944 hac
3505 4888 3744 4961 loquor?

2091 4998 2280 5038 annon
2336 4986 2390 5037 et
2448 4980 2541 5035 lea:
2600 4979 2790 5035 eadem
2845 4979 2987 5034 dicit
3015 4981 3044 5034 ?
3088 4979 3309 5035 Etenim
3360 4979 3419 5033 in
3460 4980 3600 5035 Mosi
3630 4978 3744 5050 lege

2090 5071 2364 5144 scriptum
2391 5076 2507 5128 est:
2541 5071 2661 5126 Non
2690 5068 2975 5126 obturabis
3005 5084 3060 5126 os
3112 5069 3234 5124 bovi
3265 5070 3576 5125 trituranti.
3610 5070 3749 5126 Num

2096 5163 2254 5220 boves
2278 5178 2421 5220 curae
2465 5166 2594 5217 sunt
2625 5161 2781 5216 Deo?
2828 5160 2893 5215 In
2950 5159 3050 5214 hoc
3089 5164 3326 5230 propter
3370 5175 3469 5215 nos
3526 5162 3753 5217 omnino

2086 5253 2233 5309 :dicit
2264 5254 2293 5309 ?
2326 5257 2559 5322 Propter
2589 5265 2688 5307 nos
2736 5248 2886 5305 enim
2913 5250 3182 5319 scriptum
3209 5255 3284 5304 est
3313 5248 3463 5321 quod
3489 5249 3680 5306 debeat
3708 5251 3756 5307 is

2097 5342 2203 5415 qui
2230 5349 2358 5399 arat
2388 5342 2486 5399 sub
2515 5356 2810 5412 spe'arare,
2834 5346 2886 5394 et
2917 5340 3017 5411 qui
3048 5340 3298 5407 trilurat,
3327 5338 3448 5409 spei
3487 5355 3599 5395 suae
3622 5356 3756 5412 par-

2104 5433 2275 5503 ticeps
2304 5447 2415 5488 esse
2438 5432 2535 5487 sub
2566 5447 2682 5502 spe.

2175 5523 2328 5579 499
2360 5521 2651 5588 Quoniam
2682 5518 2929 5575 alendos
2950 5535 3083 5576 esse
3129 5519 3393 5576 ostendit
3419 5519 3493 5577 ab
3529 5519 3635 5576 his.
3654 5522 3755 5591 qui

2104 5613 2414 5679 docentur,
2447 5611 2726 5684 quodque
2755 5610 2870 5666 hoc
2916 5610 3000 5667 ita
3029 5609 3127 5677 sit,
3165 5610 3376 5668 suadet
3399 5618 3751 5667 cmterorum

2104 5700 2513 5775 apostolorum
2542 5700 2879 5758 communis
2900 5699 3292 5767 consuetudo,
3316 5704 3751 5769 consequenter

2081 5794 2421 5853 .etiamhoc
2449 5792 2846 5866 a.Scriptum.
2862 5791 3202 5857 testimonio
3222 5790 3343 5858 V12.“
3378 5786 3746 5858 .ceaﬁrmare
