4118 6394
350 424 476 488 ’159

1478 414 1909 483 ωΟϋΜΕΝΙΙ
1952 409 2260 472 ΤΗΙΟΟΛΕ
2301 403 2653 474 EPISOOPI

3668 412 3793 475 760

354 564 417 616 et
433 559 519 616 ait
546 572 561 614 :
595 579 624 607 «
657 557 807 613 Num
838 553 1170 611 secundum
1198 554 1505 611 hominem
1537 553 1662 610 base
1690 552 1909 625 loquor
1934 549 2006 605 Ἰ»

2133 566 2165 594 η
2198 544 2293 614 Μὴ
2325 544 2464 602 κατὰ
2491 541 2777 619 ἄνθρωπον
2817 547 2983 603 ταῦτα
3039 542 3200 604 λαλῶ
3234 565 3250 617 ;
3282 569 3313 600 υ
3366 540 3638 614 τουτέστι.
3694 549 3788 620 Μὴ

356 651 470 707 hoc
519 652 625 704 est.
687 648 838 703 Num
892 645 1087 701 solum
1141 645 1375 702 videtur
1432 646 1544 701 hoc
1618 640 2022 701 hominibus?

357 741 474 797 Aut
503 737 899 792 humanorum
924 740 1153 791 tantum
1183 735 1590 808 exemplorum
1615 748 1856 806 possum
1882 748 2016 788 con-

356 828 595 884 ﬁrmare
626 826 857 881 ratione
888 824 1148 880 ‘?Annon
1179 832 1239 881 et
1260 825 1350 879 lex
1371 825 1576 881 eadem
1602 822 1790 881 dicit?
1811 846 1840 873 «
1873 824 2021 878 Num

358 917 537 974 boves
571 932 728 972 cura:
752 920 894 970 sunt
913 916 1031 969 Ileo
1053 915 1082 970 ?
1103 936 1127 963 ιι
1162 916 1242 971 Ne
1265 915 1400 986 quis
1434 914 1623 971 dicat:
1642 916 1712 969 Et
1732 928 2018 985 quorsum

360 1006 684 1063 adductum
716 1012 808 1061 est
831 1004 990 1076 quod
1025 1003 1095 1059 de
1118 1004 1308 1060 bobus
1329 1003 1551 1060 dictum
1575 1009 1665 1059 est
1683 1003 2018 1060 ?ait:«l\'um

360 1095 541 1154 boves
572 1112 730 1152 curm
763 1101 905 1151 sunt
932 1094 1050 1149 Deo
1076 1093 1105 1150 ?
1129 1117 1154 1142 ι»
1188 1095 1403 1151 Curam
1437 1094 1646 1165 utique
1684 1094 1838 1166 gerit
1892 1092 2019 1164 ipse

364 1187 545 1243 etiam
567 1184 639 1241 de
670 1184 949 1253 brutis,at
976 1199 1097 1238 non
1128 1184 1212 1239 ita
1241 1188 1308 1239 ut
1354 1187 1598 1256 propter
1645 1184 1775 1254 ipsa
1829 1181 2020 1255 legem

364 1291 603 1348 quoque
632 1274 930 1346 posuisset
954 1290 969 1328 :
991 1273 1091 1328 sed
1118 1288 1224 1345 per
1245 1273 1357 1329 hoc
1378 1272 1503 1328 vult
1541 1289 1648 1328 nos
1701 1272 2016 1335 instruere,

365 1364 524 1439 quod
556 1362 894 1418 laborantes
926 1378 1046 1418 non
1078 1362 1297 1417 frustra
1319 1361 1682 1427 laboremus,
1704 1361 1808 1417 sed
1840 1376 1907 1415 ex
1932 1359 2019 1416 la-

364 1453 612 1509 boribus
639 1451 835 1509 alendi
861 1468 1086 1509 sumus.
1106 1453 1312 1524 Itaque
1340 1457 1399 1508 et
1428 1468 1535 1525 ego
1579 1453 1680 1523 qui
1737 1450 2018 1520 laboravi,

366 1540 579 1614 dignus
603 1559 734 1598 sum
770 1541 873 1613 qui
905 1558 939 1596 a
968 1540 1132 1596 vobis
1153 1541 1299 1597 alar.
1334 1562 1364 1592 «
1387 1543 1477 1598 An
1500 1540 1611 1596 hoc
1641 1546 1886 1614 propter
1911 1555 2022 1595 nos

365 1632 612 1688 omnino
635 1631 824 1688 dicit?
856 1652 885 1680 »
907 1630 1185 1695 Omnino,
1209 1629 1267 1685 id
1292 1636 1401 1695 est,
1434 1635 1500 1686 ut
1529 1630 1589 1685 in
1617 1630 1889 1686 confesso
1913 1633 2021 1699 est,

369 1722 649 1779 omnibus
697 1720 909 1777 modis.
936 1740 966 1773 «ι
1007 1721 1155 1786 Quia
1212 1720 1321 1777 sub
1373 1737 1476 1794 spe
1504 1720 1703 1776 debet.
1741 1742 1768 1769 ››
1800 1719 2027 1776 Insistit

367 1818 538 1885 tropo
569 1811 670 1883 qui
703 1812 777 1868 de
807 1809 998 1866 bobus
1019 1815 1127 1865 est.
1152 1809 1301 1876 Quia
1320 1808 1893 1881 prmceptordnquit,
1921 1808 2026 1865 de-

365 1902 469 1959 bet
496 1899 1149 1973 repensionemhabere
1178 1898 1474 1966 laborum,
1507 1914 1630 1955 non
1661 1898 1820 1971 quod
1858 1896 2026 1954 nulla
2056 1919 2100 1984 Β

371 1990 645 2048 ulteriori
661 1989 950 2045 fruiturus
977 1990 1055 2044 sit
1082 1987 1499 2056 retributione,
1533 1986 1636 2044 sed
1667 1988 1824 2060 quod
1856 2003 2021 2061 spem

368 2080 585 2139 habeat
599 2085 732 2152 post
752 2080 906 2136 hanc
925 2079 1315 2152 temporalem
1342 2094 1702 2152 parvamque
1722 2079 2028 2151 repensio-

367 2187 507 2228 nem
531 2170 711 2226 etiam
725 2175 947 2225 aeterna
964 2185 1032 2225 ac
1055 2167 1535 2240 supernaturalia
1557 2168 1821 2225 nancisci
1842 2167 2020 2223 bona.

368 2262 511 2317 Nam
546 2267 607 2316 et
635 2260 746 2317 hoc
774 2259 1075 2335 signiﬁcat
1103 2258 1263 2332 quod
1284 2258 1648 2333 subjungitza
1683 2260 1753 2315 Et
1782 2259 1883 2332 qui
1917 2258 2023 2313 tri-

367 2356 547 2417 turat,
582 2350 706 2424 spei
732 2367 853 2406 sum
877 2351 1171 2422 particeps
1202 2364 1335 2405 esse
1366 2347 1474 2404 sub
1509 2365 1632 2421 spe.
1660 2371 1685 2398 ›ι
1722 2348 2025 2421 Siquidem

372 2440 627 2513 apostoli
659 2456 825 2513 Spem
852 2438 1152 2494 habebant
1176 2437 1334 2509 quod
1359 2437 1430 2493 ab
1463 2438 1557 2494 his
1588 2437 1690 2509 qui
1723 2437 2025 2494 doceban-

373 2534 472 2587 tur
488 2534 1001 2600 consequerentur
1012 2527 1363 2600 obsequium
1386 2543 1502 2599 quo
1516 2527 1868 2583 alimentum
1885 2528 2026 2583 sub-

375 2618 839 2681 ministraretur,
891 2622 951 2672 et
1008 2615 1551 2689 consequebantur.
1585 2617 1763 2688 Atqui
1796 2632 1916 2672 non
1965 2617 2025 2672 id

375 2714 503 2765 erat
530 2709 677 2780 ipsis
710 2723 844 2780 spes
860 2705 1057 2762 ﬁnalis
1083 2725 1097 2769 ;
1132 2706 1237 2762 sed
1264 2705 1373 2762 hac
1404 2722 1507 2778 spe
1538 2705 1803 2761 fruentes
1834 2706 2026 2775 majo-

372 2814 499 2855 rem
532 2797 726 2853 adhuc
757 2795 1182 2867 exspectabant
1208 2812 1276 2851 ac
1306 2795 1646 2868 sperabant.
1679 2796 1800 2851 Hoc
1827 2803 2025 2853 autem

371 2891 473 2958 ait,
497 2887 656 2959 quod
687 2886 839 2942 nihil
887 2885 1251 2959 impediebat
1278 2884 1613 2942 futurorum
1646 2902 1809 2958 spem
1835 2902 1903 2942 ac
1933 2903 2028 2942 re-

368 2978 754 3035 tributionem
783 2975 1098 3041 bonorum,
1145 2976 1411 3048 acceptio
1440 2974 1755 3030 ministerii
1789 2992 1905 3048 quo
1953 2976 2026 3032 ab

374 3070 469 3127 his
527 3068 626 3141 qui
660 3067 1030 3123 docebantur
1057 3066 1346 3122 alimenta
1375 3066 2023 3124 subministrabantur:

372 3161 514 3217 hinc
542 3158 888 3229 significans
910 3156 1070 3229 quod
1093 3157 1254 3213 Licet
1274 3156 1425 3211 nihil
1450 3154 1738 3228 impediat
1768 3156 2027 3215 futuram

370 3248 846 3307 retributionem.
880 3263 916 3303 a
942 3246 1251 3319 discipulis
1294 3246 1391 3302 hic
1420 3246 1690 3319 accipere
1713 3247 2022 3319 alimenta,
2055 3281 2098 3348 α

374 3356 499 3396 non
525 3344 726 3394 tamen
775 3337 999 3409 accepi,
1024 3336 1237 3407 inquit.
1272 3336 1554 3392 Plurimis
1598 3341 1794 3393 autem
1829 3338 2023 3394 modis

380 3429 595 3486 nititur
619 3432 886 3483 astruere
952 3425 1113 3497 quod
1161 3425 1407 3481 vetitum
1458 3442 1579 3481 non
1646 3426 1844 3495 fuerit,
1903 3433 2030 3484 tum

381 3522 624 3591 propter
653 3514 713 3570 id
745 3513 905 3588 quod
936 3514 1159 3570 dictum
1190 3520 1298 3580 est,
1334 3518 1461 3570 tum
1508 3530 1585 3569 ne
1644 3514 1770 3586 ipse
1799 3514 1911 3571 hac
1966 3532 2031 3573 re

380 3606 711 3674 abstinens,
734 3603 1089 3661 calumniari
1121 3619 1221 3660 eos
1242 3602 1542 3660 videretur
1562 3603 1665 3676 qui
1686 3605 2027 3663 utebantur.

380 3719 411 3747 ‹‹
443 3697 515 3752 Ει
543 3695 644 3768 qui
678 3693 937 3762 triturat,
972 3694 1098 3767 spei
1122 3710 1263 3750 suae.
1300 3715 1325 3745 α
1357 3693 1522 3750 Idem
1551 3711 1790 3751 rursum
1822 3700 2028 3769 tr0pus

377 3791 485 3843 est.
520 3807 550 3836 «
570 3786 640 3841 Et
658 3784 761 3858 qui
783 3783 1398 3858 triturat,inquit,spei
1432 3801 1552 3840 suae
1576 3786 1875 3859 particeps
1898 3801 2027 3843 esse

373 3874 482 3933 sub
514 3892 638 3949 spe.
676 3896 704 3924 »
734 3874 1028 3941 Quoniam
1050 3873 1212 3930 enim
1244 3874 1295 3930 is
1326 3875 1428 3946 qui
1459 3881 1591 3931 arat
1620 3875 1683 3931 in
1716 3892 1819 3948 spe
1877 3881 2027 3945 arat,

370 3968 481 4024 hac
504 3966 683 4023 etiam
718 3983 824 4039 spe
853 3965 970 4021 frui
1002 3964 1183 4020 debet
1212 3965 1314 4037 qui
1359 3963 1740 4037 postmodum
1767 3966 2024 4033 triturat,

365 4073 498 4130 quae
533 4055 810 4127 sperabat
837 4054 979 4109 dum
1010 4059 1226 4110 araret.
1256 4055 1395 4120 Quas
1439 4060 1531 4111 est
1578 4059 1777 4111 autem
1836 4071 1971 4127 spes
1998 4053 2029 4111 7

365 4137 523 4196 500
555 4151 771 4207 nempe
799 4136 957 4206 quod
988 4136 1287 4207 particeps
1313 4135 1425 4190 erit
1445 4135 1764 4190 fructuum.
1800 4136 2027 4193 Deinde

367 4225 554 4292 addit,
589 4246 616 4273 «
650 4224 766 4280 Sub
801 4240 925 4295 spe.
959 4245 989 4275 »
1013 4225 1092 4279 Ne
1126 4223 1261 4294 quis
1288 4224 1447 4279 enim
1480 4223 1677 4280 dicat:
1704 4225 2026 4283 Tantorum

368 4331 506 4388 ergo
528 4314 802 4371 laborum
836 4329 987 4385 quos
1008 4314 1309 4368 sustinent
1337 4314 1612 4386 apostoli,
1645 4313 1772 4371 hmo
1812 4322 1903 4372 est
1930 4333 2026 4373 re-

371 4405 642 4470 tributio,
676 4410 819 4477 puta
840 4403 1017 4460 edere
1038 4404 1067 4459 ?
1096 4403 1327 4460 addidit
1355 4426 1384 4453 ‹‹
1418 4404 1535 4461 Sub
1567 4422 1692 4479 spe,
1728 4428 1757 4455 ››
1790 4408 1902 4465 hoc
1934 4413 2026 4467 est

368 4510 473 4567 spe
499 4493 740 4566 quidem
764 4492 1097 4549 futurorum
1122 4493 1417 4549 bonorum
1441 4494 1717 4551 laborant
1744 4498 2021 4570 apostoli,

365 4590 629 4640 attamen
651 4587 887 4655 oportet
905 4599 1141 4655 quoque
1166 4583 1306 4639 hinc
1323 4584 1385 4640 in
1406 4585 1777 4656 refrigerium
1802 4587 2021 4645 habere

2123 638 2239 695 τοῖς
2264 633 2575 709 ἀνθρώποις
2611 635 2778 707 μόνον
2825 640 2990 692 τοῦτο
3022 633 3191 700 δοκεῖ,
3224 636 3260 705 ἢ
3320 635 3372 708 ἐξ
3430 637 3787 713 ἀνθρωπίνων

2125 721 2592 799 παραδειγμάτων
2622 729 2784 780 τοῦτο
2814 719 2932 800 ἔχω
2964 733 3229 795 συστῆσαι
3280 732 3360 800 τῷ
3419 724 3575 801 λόγῳ
3608 747 3623 796 ς
3657 726 3790 805 οὐχὶ

2126 813 2216 867 καὶ
2249 813 2277 867 ὁ
2307 813 2478 888 νόμος
2507 819 2677 869 ταῦτα
2709 814 2853 889 λέγει
2888 834 2901 883 ;
2937 840 2965 868 «
2997 817 3090 885 Μὴ
3123 821 3230 871 τῶν
3285 817 3432 892 βοῶν
3496 814 3650 889 μέλει
3707 822 3791 892 τῷ

2130 902 2247 973 Θεῴ
2282 920 2297 970 ;
2330 925 2359 954 ››
2390 905 2506 958 Ἵνα
2543 905 2618 976 μή
2654 925 2737 967 τις
2766 903 2911 979 εἶ’πῃ,
2944 905 3045 962 Καὶ
3078 904 3130 960 τί
3170 905 3339 977 ἀνῆκε
3365 906 3503 982 πρὸς
3548 908 3612 962 τὸ
3640 927 3791 983 προ-

2131 991 2380 1064 κείμενον
2409 993 2470 1049 τὸ
2500 992 2626 1069 περὶ
2664 997 2771 1049 τῶν
2804 994 2951 1070 βοῶν
2984 1017 2999 1063 ;
3046 996 3203 1074 σησὶ,
3258 1019 3288 1048 ‹‹
3321 997 3412 1064 Μὴ
3471 1001 3580 1051 τῶν
3635 998 3781 1072 βοῶν

2134 1079 2292 1153 μέλει
2330 1087 2413 1155 τῷ
2439 1087 2554 1154 Θεῷ
2588 1101 2602 1152 ;
2638 1105 2663 1136 ε
2696 1081 2867 1141 Μέλει
2903 1085 2998 1159 μὶν
3040 1085 3148 1163 γάρ
3176 1084 3323 1158 αὐτῷ
3352 1086 3444 1141 καὶ
3496 1087 3622 1162 περὶ
3675 1088 3787 1144 τῶν

2130 1170 2313 1240 ζώων,
2348 1171 2459 1252 ούχ
2489 1172 2667 1236 οὕτως
2699 1170 2757 1230 δὲ
2788 1174 2863 1237 ὡς
2894 1175 2985 1230 καὶ
3038 1176 3208 1249 νόμον
3269 1173 3352 1231 δι’»
3392 1176 3591 1240 αὐτοὺς
3644 1180 3795 1236 τιθέ-

2131 1280 2238 1317 ναι.
2294 1259 2446 1318 Ἀλλ’
2480 1262 2539 1319 ἐκ
2565 1263 2761 1320 τούτου
2793 1261 3079 1321 παιδεῦσαι
3132 1269 3281 1337 ἡμᾶς
3343 1266 3603 1343 βούλεται
3658 1268 3792 1334 τοὺς

2130 1353 2442 1413 κοπιῶντας
2476 1353 2553 1424 μή
2608 1352 2889 1424 ἀνονήτως
2943 1359 3163 1427 κοπεᾷν,
3223 1353 3371 1411 ἀλλὰ
3407 1357 3695 1435 τρέφεσθαι
3733 1357 3798 1416 ἐκ

2126 1443 2235 1494 τῶν
2275 1440 2477 1496 πόνων.
2534 1442 2686 1499 Ἐπεὶ
2737 1442 2831 1499 οὖν
2863 1444 2951 1499 καὶ
2984 1444 3094 1519 ἐγὼ
3152 1445 3210 1507 ’ὃς
3245 1444 3525 1516 ἐκοπίασα,
3585 1444 3795 1510 δίκαιος

2131 1528 2284 1603 ἤμην
2314 1530 2621 1609 τρέσεσοαι.
2656 1557 2685 1585 ‹‹
2719 1536 2791 1591 "Il
2824 1531 2897 1589 δι’
2925 1537 3075 1608 ἡμᾶς
3105 1535 3323 1600 πάντως
3371 1534 3522 1615 λέγει
3556 1555 3571 1607 ;
3602 1561 3633 1592 ››
3690 1539 3794 1615 Τὸ,

2132 1644 2161 1673 ‹‹
2190 1618 2425 1691 πάντως,
2451 1644 2480 1673 ››
2503 1622 2578 1684 ὡς
2602 1621 2687 1678 ἐπὶ
2712 1621 3167 1702 ὁμολογουμένου
3192 1625 3349 1704 φησί,
3371 1625 3637 1698 τουτέστι,
3658 1632 3794 1685 πᾶσι

2130 1707 2377 1784 τρόποις.
2396 1732 2424 1762 cc
2450 1708 2675 1768 Ὃτιέπ⁹
2698 1708 2887 1769 ἐλπίδι
2909 1711 3140 1788 ὀφείλει.
3167 1737 3196 1765 ››
3221 1713 3583 1789 Ἐπέμεινετῇ
3607 1719 3793 1791 τροπῇ

2132 1803 2239 1855 τῶν
2268 1800 2437 1874 βοῶν.
2469 1800 2592 1857 ⁶Οτι
2632 1801 2660 1857 ὁ
2693 1798 3042 1870 διδάσκαλος,
3077 1803 3264 1881 φησῖν,
3298 1803 3507 1881 ὀφείλει
3543 1808 3654 1860 τῶν
3685 1803 3794 1862 πό-

2130 1911 2234 1944 νων
2262 1882 2412 1969 ἕχειν
2443 1884 2699 1965 ἀμοιϐὰς,
2753 1891 2888 1968 οὐχὶ
2947 1890 3029 1970 ἐφ’
3086 1891 3195 1967 ὅτῳ
3255 1890 3424 1968 μηδὶν
3482 1896 3791 1972 περαιτέρω

2132 1976 2481 2052 ἀπολαύσειν,
2511 1979 2645 2037 ἀλλ’
2676 1978 2759 2061 ἐφ’
2812 1981 2858 2056 ᾦ
2917 1979 3116 2039 ἐλπίδα
3178 1982 3327 2064 ἔχειν
3391 1984 3529 2057 μετά
3579 1983 3789 2057 ταύτην

2128 2071 2195 2139 τὴ
2265 2071 2599 2147 πρόσκαιρον
2675 2072 2766 2128 καὶ
2829 2072 3090 2149 βραχεῖαν
3142 2071 3472 2145 ἀπόλαυσιν,
3530 2074 3623 2131 καὶ
3678 2078 3790 2131 τῶν

2132 2159 2369 2216 αἰωνίων
2409 2161 2499 2217 καὶ
2563 2162 2853 2240 ὑπερφυῶν
2909 2169 3099 2238 τυχεῖν
3159 2163 3396 2239 ἀγαθῶν.
3455 2168 3629 2223 Τοῦτο
3685 2165 3789 2242 γὰρ

2132 2246 2302 2319 δηλοῖ
2326 2251 2411 2320 τὸ,
2443 2275 2472 2303 ‹‹
2506 2254 2610 2309 Καὶ
2640 2252 2669 2308 ὁ
2700 2249 2881 2309 ἀλοῶν
2923 2258 3025 2323 τῆς
3056 2250 3279 2317 ἐλπίδος
3327 2254 3497 2312 αὐτοῦ
3533 2253 3790 2331 μετέχειν

2133 2338 2216 2395 ἐπ’
2247 2336 2455 2397 ἐλπίδι.
2491 2364 2519 2392 »
2550 2342 2664 2410 Τῆς
2712 2341 2815 2418 γὰρ
2867 2339 3148 2407 διακονίας
3212 2344 3270 2398 οἱ
3328 2342 3632 2401 ἀπόστοὶοι
3686 2350 3794 2415 τῆς

2131 2427 2218 2484 ἐπὶ
2248 2433 2318 2503 τῇ
2352 2427 2620 2508 διατροφῇ
2654 2429 2852 2487 ἐλπίδα
2894 2434 3050 2508 εἶχον
3108 2434 3257 2506 παρά
3308 2437 3417 2489 τῶν
3480 2445 3791 2510 μαθητευο-

2136 2520 2314 2593 μένων
2342 2520 2654 2597 τυγχάνειν,
2686 2520 2777 2576 καὶ
2817 2519 3140 2600 ἐτύγχανον.
3174 2521 3253 2580 Ού
3288 2521 3473 2599 μέντοι
3505 2545 3570 2599 γε
3624 2528 3791 2582 τοῦτο

2129 2609 2196 2676 ἧν
2227 2607 2414 2670 αὐτοῖς
2446 2610 2481 2678 ἡ
2514 2606 2699 2664 τελεία
2727 2606 2909 2677 ἐλπὶς,
2949 2607 3095 2665 ἀλλά
3148 2609 3352 2683 ταύτης
3413 2609 3788 2678 ἀπολαύοντες

2130 2702 2230 2765 τῆς
2262 2694 2508 2761 ἐλπίδος,
2541 2693 2622 2753 ἕτι
2664 2699 2730 2753 τὰ
2783 2699 3007 2772 μείζονα
3061 2697 3423 2776 ἐκαροδόκουν
3482 2702 3571 2757 καὶ
3623 2700 3795 2773 ἤλπι-

2133 2790 2247 2856 ζον,
2278 2790 2452 2842 Τοῦτο
2495 2783 2554 2842 δέ
2610 2808 2796 2865 φησιν,
2851 2789 2933 2844 ’ὁτι
2993 2787 3164 2845 Οὐδὲν
3222 2788 3476 2848 ἐνέκοπτε
3525 2794 3624 2863 τήν
3677 2797 3788 2848 τῶν

2137 2873 2457 2949 μελλόντων
2516 2876 2715 2934 ἐλπίδα
2769 2880 2856 2935 καὶ
2917 2879 3218 2936 ἀπόλαυσιν
3249 2884 3285 2952 ἠ
3318 2885 3418 2948 τῆς
3476 2882 3622 2958 παρὲι
3673 2886 3783 2938 τῶν

2133 2967 2595 3041 μαθητευομὲνων
2627 2967 2717 3023 ἐπὶ
2746 2973 2814 3043 τῇ
2864 2974 3041 3048 τροφῇ
3102 2970 3401 3048 ὑπηρεσίας
3456 2971 3782 3038 ἀπόλαυσις·

2132 3054 2373 3120 ἐντεῦθεν
2423 3054 2634 3127 δηλῶν,
2694 3058 2770 3121 ὡς
2829 3059 3022 3118 Καίτοι
3083 3058 3253 3134 μηδὲν
3307 3059 3569 3137 ἐμποδὼν
3627 3060 3784 3129 ὄντος

2132 3147 2271 3217 πρὸς
2326 3146 2426 3214 τήν
2484 3146 2684 3212 ἐκεῖθεν
2743 3148 3046 3206 ἀπόλαυσιν
3126 3155 3223 3207 τοῦ
3299 3153 3588 3231 τρέφεσθαι
3643 3156 3792 3231 παρά

2134 3239 2245 3290 τῶν
2280 3238 2566 3309 μαθητῶν,
2621 3237 2773 3310 ὅμως
2804 3238 2915 3314 οὐχ
2945 3238 3199 3313 εἱλόμην.
3260 3240 3488 3299 Πλείοσι
3544 3241 3602 3300 δὶ
3658 3244 3790 3303 αὐτο

2135 3322 2564 3402 ἐπιχειρήμασιν
2592 3325 2880 3384 ἀκώλυτον
2912 3328 2973 3385 ’ὸν
3029 3331 3436 3403 κατασκευάζει,
3494 3329 3587 3389 διά
3640 3354 3698 3390 τε
3725 3336 3791 3392 τὸ

2136 3412 2447 3487 εἰρημένον,
2477 3414 2566 3471 καὶ
2596 3414 2683 3471 ’ἶνα
2742 3417 2819 3492 μὴ
2879 3418 3226 3494 ἀπεχόμενος
3281 3419 3466 3487 αὐτὸς,
3523 3422 3653 3486 τοὺς
3687 3423 3788 3481 ἀλ-

2136 3500 2268 3567 λους
2299 3500 2433 3579 δόξῃ
2467 3506 2794 3581 χρωμένους
2825 3505 2878 3562 ἐν
2908 3503 3146 3583 διαϐολῇ
3177 3530 3288 3565 τινι
3314 3512 3589 3583 καθιστᾷν.
3622 3536 3651 3565 ιι
3686 3512 3787 3570 Καὶ

2134 3594 2162 3648 ὁ
2190 3591 2372 3650 ἀλοῶν
2398 3601 2497 3664 τῆς
2528 3593 2753 3659 ἐλπίδος
2810 3620 2838 3649 ››
2867 3599 2930 3655 Ἢ
2961 3597 3098 3670 αύτή
3130 3598 3297 3654 πάλιν
3334 3603 3535 3675 τροπή.
3570 3625 3603 3655 α
3630 3604 3727 3659 Καὶ
3757 3605 3787 3660 ὁ

2134 3680 2337 3756 ἀλοῶν,
2369 3684 2525 3765 φησὶ,
2550 3692 2649 3755 τῆς
2669 3683 2897 3751 ἐλπίδος
2928 3686 3094 3744 αὐτοῦ
3127 3689 3379 3770 μετέχειν
3401 3688 3483 3747 ἐπ’
3513 3688 3721 3748 ἐλπίδι.
3754 3717 3785 3746 ω

2131 3769 2358 3844 Ἐπειδη
2390 3773 2494 3849 γὰρ
2528 3775 2557 3830 ὁ
2586 3774 2878 3850 ἀροτριῶν,
2918 3775 3003 3833 ἐπ’
3033 3775 3220 3834 ἐλπίδι
3278 3769 3529 3857 ἀροτριᾷ,
3582 3780 3787 3854 ταύτης

2131 3869 2233 3932 τῆς
2260 3860 2484 3926 ἐλπίδος
2516 3862 2714 3921 λοιπὸν
2760 3865 2851 3922 καὶ
2885 3868 2913 3922 ὁ
2944 3866 3126 3925 ἀλοῶν
3187 3869 3396 3948 όφειλει
3454 3870 3784 3940 ἀπολαῦσαι,

2131 3951 2199 4023 ἢν
2238 3949 2474 4021 ἤλπισεν
2505 3951 2557 4008 ἐν
2582 3958 2663 4026 τῷ
2695 3954 2973 4031 ἀροτριᾷν.
3009 3958 3102 4020 Τίς
3135 3955 3192 4014 δὲ
3233 3961 3268 4029 ἡ
3327 3957 3485 4023 ἐλπίς
3518 3980 3532 4032 ;
3593 3964 3657 4019 τὸ
3688 3984 3790 4037 με-

2128 4037 2388 4099 ταλαϐεῖν
2420 4041 2680 4114 δηλονόςι
2736 4051 2845 4102 τῶν
2906 4052 3153 4123 καρπῶν.
3213 4050 3345 4105 Εἶτα
3400 4052 3784 4125 προστίθησιν,

2132 4156 2160 4185 ‹‹
2194 4133 2312 4188 Ἐπ’
2342 4130 2547 4189 ἐλπίδι.
2584 4157 2613 4186 ››
2645 4135 2762 4191 Ἵνα
2815 4137 2916 4211 γὰρ
2980 4139 3055 4210 μή
3110 4160 3195 4202 τις
3226 4137 3378 4216 εἴπῃ,
3418 4146 3536 4198 Τῶν
3586 4145 3786 4200 τοσού-

2128 4242 2238 4277 των
2272 4228 2366 4278 οὗν
2402 4224 2586 4278 πόνων
2622 4225 2698 4280 ὦν
2732 4225 3101 4300 ὑπομένουσιν
3153 4229 3208 4284 οἱ
3267 4230 3596 4303 ἀπόστολοι,
3644 4232 3786 4306 αὕτη

2130 4310 2272 4393 ἐστὶν
2304 4315 2340 4382 ἡ
2402 4308 2638 4387 ἀμοιϐὴ,
2690 4314 2755 4370 τὸ
2808 4314 3003 4378 ἐσθίειν
3060 4319 3415 4393 προσέθηκεν,
3460 4346 3489 4374 α
3526 4323 3646 4379 Ἰἱπ’
3698 4322 3792 4381 ἐλ-

2128 4390 2269 4448 πίδι.
2303 4416 2332 4445 ››
2382 4393 2694 4463 Τουτέστιν,
2756 4394 2840 4451 ἐπ’
2897 4390 3112 4454 ἐλπίδι⁷
3145 4399 3239 4473 μὶν
3294 4406 3405 4457 τῶν
3468 4399 3793 4475 μελλόντων

2129 4482 2339 4555 ἀγαθῶν
2392 4483 2446 4539 οἳ
2501 4483 2807 4542 ἀπόστολοι
2866 4489 3161 4563 μοχθοῦσι,
3203 4489 3351 4559 πλὴν
3411 4487 3495 4548 δεῖ
3548 4491 3639 4548 καὶ
3695 4493 3786 4549 ἐν-

2127 4575 2308 4637 τεῦθεν
2339 4567 2488 4649 ἔχειν
2519 4577 2855 4653 παραψυχὴν
2886 4579 2988 4645 τὴν
3032 4580 3179 4654 παρά
3234 4584 3344 4637 τῶν
3405 4581 3784 4657 μαθητευομὲ-

364 4678 690 4746 sumptum,
725 4671 799 4729 ab
831 4671 924 4728 his
939 4672 1042 4746 qui
1075 4672 1381 4729 docentur.
1402 4674 1730 4732 Hooautem
1756 4677 2020 4734 ostendit

2132 4665 2558 4753 lt-(OVA‘XOpletaV.
2591 4668 2766 4725 Τοῦτο
2796 4664 2855 4722 δὲ
2882 4663 3069 4739 δηλοῖ,
3113 4670 3200 4725 ὅτι
3250 4667 3344 4726 ἐπὶ
3398 4675 3466 4747 τῇ
3501 4670 3786 4753 μελλούσῃ

361 4762 521 4836 quod
552 4762 660 4819 sub
691 4761 892 4818 futura
920 4777 1024 4834 spe
1055 4762 1406 4835 participem
1429 4780 1560 4821 esse
1583 4771 1857 4838 oporteat
1874 4767 2012 4823 alte~

360 4851 487 4908 rius
513 4868 752 4925 quoque
782 4852 931 4924 spei,
965 4851 1077 4907 hoc
1096 4855 1205 4918 est,
1238 4852 1511 4909 alimenti
1541 4870 1610 4910 ac
1639 4861 2014 4913 caaterorum.

435 4941 529 5004 IX,
563 4944 651 5007 11,
682 4943 766 4995 12.
801 4942 865 4997 Si
890 4957 988 4997 nos
1030 4941 1183 4998 vobis
1236 4942 1565 5013 spiritualia
1608 4946 2013 5013 seminavimus,

361 5045 624 5099 magnum
652 5036 731 5085 est
765 5033 814 5085 si
839 5045 937 5087 nos
984 5032 1240 5086 carnalia
1268 5039 1449 5089 vestra
1502 5036 1884 5089 messuerimus
1903 5034 1931 5089 ‘I
1955 5036 2018 5091 Si

362 5119 465 5175 alii
485 5120 774 5189 potestatis
803 5135 936 5188 erga
978 5136 1068 5176 vos
1091 5122 1400 5192 participes
1427 5128 1574 5185 sunt,
1608 5138 1706 5178 cur
1759 5139 1870 5178 non
1911 5141 2014 5195 po-

364 5207 474 5263 tius
527 5222 626 5263 nas
662 5210 690 5264 ?
746 5209 925 5279 Atqui
980 5225 1094 5265 non
1139 5212 1227 5265 usi
1277 5227 1463 5267 sumus
1514 5216 1784 5282 potestate
1842 5216 1949 5269 ista
2000 5230 2013 5270 :

356 5296 454 5352 sed
487 5299 673 5351 omnia
708 5298 1026 5367 suﬂ'erimus
1076 5316 1145 5355 ne
1197 5300 1349 5372 quod
1398 5301 1797 5372 oﬁ’endiculum
1829 5303 2017 5361 demus

364 5385 668 5457 Evangelia
708 5386 932 5442 Christi.

434 5474 658 5530 Deinde
687 5473 850 5530 aliud
873 5493 1109 5550 quoque
1142 5478 1306 5539 dicit,
1340 5485 1407 5535 ut
1434 5480 1713 5538 ostendat
1742 5487 2015 5555 oportere

362 5569 792 5637 prmceptorem
823 5565 921 5620 ali.
956 5567 1082 5622 Non
1105 5573 1170 5623 ut
1195 5567 1436 5633 similia,
1477 5570 2016 5644 inquit,pra3beatis

363 5655 458 5710 his
478 5670 613 5726 qum
635 5656 1121 5728 accepistis.Nam
1143 5659 1194 5714 si
1217 5674 1326 5716 nos
1352 5661 1687 5734 spiritualia
1706 5664 1768 5720 in
1801 5681 1900 5722 vos
1920 5683 2016 5724 se-

366 5743 747 5812 minavimus,
779 5744 891 5805 hoc
921 5745 1506 5821 est,prebuimus,an
1538 5768 1819 5829 magnum
1850 5760 1941 5814 est
1965 5757 2015 5817 si

2125 4749 2312 4809 ἐλπίδι
2379 4751 2462 4810 δεῖ
2517 4756 2768 4832 μετέχειν
2849 4757 2940 4813 καὶ
2998 4756 3181 4837 ἐτέρας
3236 4758 3481 4832 ἐλπίδος,
3538 4749 3789 4822 τουτέστι

2123 4849 2337 4917 τροφῆς
2366 4843 2459 4899 καὶ
2488 4848 2597 4901 τῶν
2627 4843 2858 4903 λοιπῶν.

2196 4940 2264 4999 Εἰ
2320 4944 2485 5016 ἡμεῖς
2538 4944 2667 5019 ὑμῖν
2713 4947 2781 5002 τὰ
2840 4950 3176 5023 πνευματικά
3233 4948 3585 5027 ἐσπείραμεν,
3645 4954 3789 5028 μέγα

2125 5031 2172 5086 εἱ
2232 5034 2400 5105 ἡμεῖς
2459 5034 2615 5106 ὑμῶν
2674 5036 2740 5092 τὰ
2797 5039 3027 5115 σαρκικά
3083 5040 3416 5117 θερίσομεν;
3492 5041 3556 5100 El
3614 5040 3786 5100 ἄλλοι

2123 5126 2224 5189 τῆς
2328 5120 2571 5194 ἐξουσίας
2681 5127 2831 5199 ὑμῶν
2940 5129 3291 5205 μετέχουσιν,
3397 5130 3457 5187 οὗ
3564 5130 3781 5206 μᾶλλον

2126 5212 2327 5282 ἡμεῖςς
2392 5211 2553 5270 Ἀλλ’
2631 5213 2730 5272 οὒκ
2788 5216 3144 5293 ἐχρησάμεθα
3198 5224 3268 5294 τῇ
3322 5219 3544 5295 ἐξουσίᾳ
3593 5220 3783 5296 ταύτῃ,

2124 5298 2273 5356 ἀλλά
2327 5304 2505 5359 πάντα
2579 5307 2863 5382 στέγομεν,
2910 5306 3002 5363 ’ίνα
3062 5312 3140 5385 μή
3200 5309 3440 5388 ἐγκοπήν
3496 5333 3617 5370 τινα
3674 5310 3789 5369 δῶ.

2129 5411 2224 5465 μεν
2259 5392 2331 5464 τῷ
2367 5392 2683 5470 Εὐαγγελίῳ
2711 5394 2807 5452 τοῖ’)
2832 5399 3092 5472 Χριστοῦ.

2196 5489 2335 5545 Εἶτα
2356 5490 2445 5545 καὶ
2476 5490 2620 5548 ἄλλο
2655 5491 2827 5571 λέγει,
2862 5493 3072 5561 δεικνὺς
3130 5496 3241 5555 δεῖν
3300 5501 3392 5555 τὸν
3450 5497 3781 5559 διδέσκαλον

2122 5577 2430 5659 τρέφεσθαι.
2464 5581 2537 5636 Ού
2560 5583 2664 5660 γὰρ
2696 5583 2885 5657 ὅμοια,
2914 5588 3102 5666 φησὶν,
3144 5610 3218 5644 ων
3275 5586 3586 5665 λαμϐάνετε
3638 5611 3783 5668 παρ-

2125 5666 2300 5748 έχετε.
2336 5670 2403 5728 Εἰ
2427 5672 2532 5750 γὰρ
2571 5674 2735 5747 ἡμεῖς
2764 5675 2832 5731 τά
2870 5679 3209 5754 πνευματικά
3260 5680 3338 5743 εἷς
3397 5681 3538 5756 ὑμᾶς
3596 5666 3783 5738 ἐσπείο

2124 5777 2315 5834 ραμεν,
2373 5762 2672 5840 τουτέστι,
2728 5784 3102 5845 παρεσχομεν,
3166 5770 3306 5849 μέγα
3363 5770 3505 5827 ἐστὶν
3564 5769 3655 5826 ἐὰν
3709 5771 3781 5828 τὰ
