4118 6428
401 437 512 500 τοι

1387 429 1800 493 ΟΟΜΜΕΝΤ.
1848 429 1931 490 IN
1977 428 2227 492 EPIST.
2273 431 2297 491 l
2342 430 2446 492 AD
2490 433 2855 496 COBINTH.

3709 437 3825 498 762

407 565 642 646 σαρκικᾶ
694 559 1006 639 λάϐωμενς
1066 561 1402 638 πνευματικᾶ
1459 562 1558 632 τὴν
1619 558 1800 618 πίστιν
1857 557 2059 638 λέγων,

2186 566 2440 623 carnalia
2467 567 2828 640 accipiamus
2846 568 2874 624 εἰ
2895 569 3229 642 spiritualia
3257 569 3462 627 dicens
3491 570 3667 628 ﬁdem
3699 587 3827 628 car-

405 658 636 736 σαρκικὰ
669 654 726 712 ’ὀὶ
751 657 850 726 τὴν
885 656 1112 736 τροφήν.
1175 678 1203 707 α
1245 653 1314 712 Εἴ
1371 650 1535 709 ἃλλοι
1593 658 1693 722 τῆς
1738 649 1996 722 ἐξουσίας.
2031 674 2058 702 »

405 750 582 823 Δηλοῖ
637 769 791 812 τινας
845 747 1181 812 ἀπατεῶνας,
1237 749 1566 820 κρατοῦντας
1624 743 1824 809 αἰνῶν,
1879 740 1968 796 καὶ
2001 744 2063 799 οὐ

408 842 574 916 μόνον
603 840 733 913 παρ’
768 837 952 899 αὐτοῖς
1005 835 1305 904 ἐσθίοντας,
1365 831 1515 890 ἀλλᾶ
1569 834 1662 888 καὶ
1731 831 2063 905 ἐξουσιάζονο

403 951 498 992 τας
521 929 716 985 αὐτῶν.
757 928 818 985 Εἰ
855 928 951 984 οἷκ
1000 927 1224 995 ἐκεῖνοι,
1285 925 1440 999 φησί,
1481 932 1581 994 τῆς
1639 924 1881 998 ἐξουσίας
1936 942 2066 996 μετ-

406 1022 631 1097 έχουσιν
664 1019 715 1075 ἐν
748 1023 826 1090 τῷ
877 1016 1065 1093 ἃρχειν
1129 1016 1306 1089 ὑμῶν,
1366 1014 1463 1069 οὐκ
1521 1016 1624 1089 ἄρα
1686 1016 1852 1087 ἡμεῖς
1910 1012 2067 1084 ἐσμεν

409 1107 614 1166 δίκαιοι
651 1105 872 1181 μᾶλλον
904 1109 1070 1162 τοῦτο
1120 1110 1337 1174 ποιεῖν;
1375 1129 1395 1154 ι
1460 1100 1617 1162 Ἀλλ’
1675 1104 1777 1159 οὐκ
1827 1101 2066 1178 ἐχρησά-

409 1201 548 1275 μεθα
578 1203 648 1272 τῇ
683 1196 897 1269 ἐξουσίᾳ
944 1195 1135 1270 ταύτῃ.
1171 1218 1200 1247 »
1257 1196 1420 1271 Ὁρᾷς
1475 1198 1584 1249 ποῦ
1634 1190 1954 1250 ἀποδίδοται
2004 1192 2069 1248 τὸ

407 1286 782 1363 συμπέρασμα
828 1288 926 1340 τοῦ
984 1285 1264 1357 νοήματος
1319 1301 1333 1352 ;
1395 1282 1460 1341 El
1509 1284 1607 1358 γὰρ
1662 1282 1753 1338 καὶ
1819 1282 1886 1351 ἧν
1950 1302 2065 1353 μοι,

407 1378 600 1457 φησὶν,
635 1375 849 1448 ἐξουσία
879 1378 977 1431 τοῦ
1009 1369 1307 1447 λαμϐάνειν
1337 1375 1464 1446 παρ’
1515 1373 1687 1447 ὑμῶν,
1741 1373 1817 1437 ὡς
1869 1369 2070 1428 ἀποδέ-

408 1465 618 1524 δειλται
661 1459 723 1522 ἔκ
770 1486 829 1520 τε
866 1462 962 1519 τοῦ
1016 1467 1184 1521 ταῦτα
1231 1469 1408 1519 ποιεῖν
1457 1462 1585 1525 τοὺς
1645 1460 1876 1523 λοιποὺς
1927 1461 2068 1518 ἀπο·

411 1555 669 1619 στόλους,
705 1555 794 1611 καὶ
831 1554 882 1628 ἐξ
939 1555 1012 1610 ὧν
1069 1553 1381 1630 παρεθέμην
1436 1550 1918 1629 παραδειγμάτων,
1977 1551 2070 1607 καὶ

409 1650 504 1703 τοῦ
533 1647 712 1720 νόμου
748 1644 1009 1709 Μωσέως·
1040 1645 1194 1715 ὅμως
1227 1640 1376 1699 οὐδὲν
1431 1641 1653 1721 ε’ίληςνα,
1695 1639 1956 1705 δεδοικὼς
1991 1643 2066 1715 μή

411 1736 572 1792 τοῦτὸ
593 1754 741 1797 τινας
773 1734 983 1812 ἐγκόψῃ
1051 1735 1187 1810 πρὸς
1241 1735 1338 1803 τὴν
1398 1733 1600 1788 πίστιν.
1664 1732 1726 1790 Εἰ
1785 1732 1876 1788 οὖν
1937 1731 2070 1808 ἐγὼ,

415 1825 549 1902 φησὶ
579 1829 760 1894 (τοῦτο
790 1824 893 1901 γὰρ
927 1822 1188 1900 βούλεται
1229 1824 1292 1878 τὸ
1349 1823 1578 1896 νόημα),
1610 1823 1701 1877 καὶ
1729 1827 1837 1879 τῶν
1886 1821 2068 1878 ἐπιτε-

2179 657 2341 713 nalia
2369 674 2504 713 vero
2537 659 2908 716 alimentum.
2937 682 2965 710 «
2986 661 3044 714 Si
3067 660 3168 715 alii
3202 662 3527 733 potestatis.
3563 662 3830 718 nlndicat

2175 749 2463 820 quosdam
2505 749 2860 821 impostores
2892 751 2990 820 qui
3021 749 3180 820 ipsos
3211 751 3386 805 veluti
3420 751 3825 824 possidebant:

2175 854 2285 894 nec
2317 838 2507 894 solum
2542 839 2698 910 apud
2725 856 2827 895 eos
2881 838 3172 895 edebant:
3209 841 3312 896 sed
3362 847 3419 896 et
3467 849 3821 913 potestatem

2176 944 2314 1000 erga
2347 929 2504 1000 ipsos
2535 928 2834 984 habebant
2861 929 2915 984 Si
2949 929 3126 995 igitur
3157 929 3489 1000 illi.inquit.
3515 933 3820 1001 potestatis

2177 1037 2314 1094 erga
2343 1037 2442 1076 vos
2476 1022 2795 1093 participes
2827 1028 2986 1089 sunt,
3020 1021 3100 1075 ita
3131 1027 3196 1076 ut
3225 1021 3386 1076 vobis
3417 1021 3821 1080 dominentur:

2178 1126 2333 1166 anne
2365 1126 2573 1166 sumus
2602 1127 2710 1166 nos
2742 1111 2937 1166 idonei
2973 1111 3071 1184 qui
3107 1111 3293 1183 magis
3339 1111 3452 1166 hoc
3480 1111 3764 1168 faciamus
3793 1112 3822 1168 Ἰ

2185 1222 2206 1251 α
2242 1201 2417 1272 Atqui
2442 1218 2560 1256 non
2591 1201 2682 1256 usi
2716 1218 2921 1256 sumus
2956 1206 3246 1272 potestate
3279 1200 3408 1255 ista.
3446 1221 3476 1250 »
3513 1200 3684 1256 \‘ides
3726 1201 3829 1258 ubi

2178 1291 2390 1348 reddat
2415 1292 2505 1347 sui
2565 1291 2777 1347 intenti
2836 1290 3323 1347 conclusionem?
3353 1291 3583 1347 Etenim
3637 1307 3824 1362 quan-

2179 1397 2357 1454 quam
2390 1397 2762 1446 conceSsum,
2793 1382 3005 1452 inquit.
3040 1381 3183 1436 mihi
3217 1386 3346 1437 erat
3374 1387 3441 1436 ut
3469 1397 3502 1435 a
3530 1382 3695 1436 vobis
3727 1398 3826 1438 acc

2178 1472 2460 1544 ciperem,
2491 1471 2672 1528 veluti
2695 1471 3165 1526 demonstratum
3193 1477 3301 1540 est,
3326 1478 3448 1525 tum
3478 1486 3546 1527 ex
3578 1488 3646 1526 eo
3671 1472 3826 1542 quod

2178 1561 2262 1616 ita
2288 1560 2510 1618 faciant
2537 1561 2736 1616 caeteri
2769 1561 3045 1632 apostoli,
3080 1569 3203 1615 tum
3245 1576 3316 1615 ex
3373 1560 3662 1633 exemplis
3695 1578 3827 1631 quas

2179 1651 2484 1723 proposui,
2514 1656 2639 1706 tum
2672 1667 2740 1705 ex
2771 1651 2897 1722 lege
2921 1650 3061 1704 Mosi
3099 1667 3112 1712 ;
3141 1650 3291 1704 nihil
3345 1655 3544 1704 tamen
3602 1651 3827 1722 accepi,

2182 1742 2400 1796 timens
2430 1757 2503 1796 ne
2532 1741 2642 1797 hoc
2673 1741 2906 1813 aliquos
2956 1739 3288 1795 offenderet
3328 1739 3487 1795 circa
3533 1739 3708 1794 ﬁdem
3739 1755 3753 1805 ;
3782 1741 3832 1795 si

2181 1849 2318 1901 ergo
2352 1847 2458 1904 ego
2491 1833 2652 1902 (nam
2685 1830 2796 1886 hoc
2829 1830 3016 1902 ipsius
3047 1830 3344 1885 intentum
3385 1827 3496 1899 est)
3529 1828 3705 1883 etiam
3739 1829 3832 1884 his

415 1915 732 1990 τραμμὲνων
765 1915 1049 1990 ἀπέχομαι
1103 1910 1194 1968 διὰ
1242 1912 1305 1968 τὸ
1359 1915 1435 1986 μὴ
1483 1910 1839 1968 σκανδαλίσαι
1896 1912 2062 1976 τινας,

2186 1939 2312 1996 qua:
2344 1922 2636 1995 permissa
2667 1927 2808 1977 sunt
2835 1921 3128 1984 abstineo,
3153 1936 3228 1974 ne
3245 1919 3478 1991 aliquos
3509 1919 3831 1989 oﬂ'endam,

413 2007 530 2065 πῶς
565 2004 720 2078 ὑμεῖς
752 2001 878 2058 οὐδὲ
904 2006 1013 2058 τῶν
1047 1999 1424 2058 εἰδωλοθύτων
1455 2000 1724 2076 ἀπέχεσθε
1780 2003 1870 2057 καὶ
1919 2000 2066 2064 ὅλως

410 2091 902 2168 ἀπηγορευμένων,
961 2091 1096 2168 ὑπὶρ
1161 2095 1260 2146 τοῦ
1324 2092 1402 2165 μὴ
1485 2088 1862 2162 σκανδαλίζειν
1947 2089 2074 2154 τοὺς

410 2184 832 2254 ἀσθενεστέρους
861 2186 969 2238 τῶν
1004 2178 1255 2261 ἀδελφῶν
1293 2200 1306 2252 ;
1370 2204 1399 2233 ‹‹
1430 2183 1515 2255 Τῇ
1555 2181 1770 2254 ἐξουσίᾳ
1815 2180 2009 2258 ταύτῃ.
2042 2203 2070 2233 ››

410 2271 731 2342 Τουτέστιν,
765 2268 934 2330 Οόὂέν
966 2271 1114 2346 παρά
1143 2291 1286 2332 τινος
1346 2265 1565 2328 ἔλαϐον.
1623 2295 1643 2320 ι
1681 2270 1857 2328 Ἀλλὰ
1904 2272 2076 2327 πάντα

415 2363 696 2437 στέγομεν.
731 2383 762 2414 »
793 2364 907 2416 Ἵνα
936 2360 1044 2437 γὰρ
1077 2362 1153 2434 μή
1194 2379 1276 2422 τις
1307 2357 1452 2435 εἶ’πῃ.
1511 2361 1636 2419 Ὅτι
1687 2361 1786 2416 οὑκ
1824 2353 2072 2437 ἔχρῃζες,

417 2449 509 2508 διὰ
537 2455 700 2507 τοῦτο
735 2449 835 2506 οὐκ
863 2444 1078 2519 ἔλαϐες,
1113 2449 1328 2525 ἐπάγει,
1379 2477 1403 2502 α
1435 2448 1615 2506 Ἀλλὰ
1667 2449 1842 2506 πάντα
1882 2448 2076 2526 στὲγο-

420 2562 540 2618 μεν,
583 2564 612 2593 »
645 2539 762 2596 οῖον
818 2545 1026 2607 πεῖναν,
1057 2538 1148 2594 καὶ
1208 2535 1387 2613 δίψαν,
1446 2537 1538 2593 καὶ
1593 2534 1930 2614 γυμνὸτητα,
1982 2535 2078 2593 ’ίνα

421 2633 587 2707 μόνον
623 2632 699 2705 μή
767 2650 849 2693 τις
909 2630 1114 2704 ἐγκοπή
1165 2627 1405 2706 γένηται*
1465 2631 1743 2685 τουτέστιν
1771 2632 1807 2700 ἡ
1833 2634 2078 2706 τυχοῦσα

417 2716 666 2790 ἀναϐολή
701 2721 838 2795 πρὸς
864 2721 927 2776 τὸ
960 2717 1300 2794 Εὐαγγέλιον
1329 2717 1420 2774 καὶ
1449 2719 1512 2774 τὸ
1541 2721 1824 2793 κήρυγμα.

494 2813 614 2870 Οὐκ
666 2806 849 2866 οἳδατε
900 2808 986 2865 ὅτι
1043 2809 1095 2864 o't
1152 2807 1220 2864 τὰ
1275 2809 1394 2882 ἱερὰ
1447 2807 1806 2883 ἐργαζόμενοι
1865 2807 1926 2864 ἐκ
1982 2813 2078 2863 τοῦ

423 2901 572 2978 ἱεροῦ
647 2899 991 2970 ἐσθίουσιας
1092 2900 1145 2955 οἱ
1244 2903 1326 2972 τῷ
1417 2898 1788 2974 θυσιαστηρῗῳ
1907 2918 2078 2975 προσ-

413 2989 740 3067 εδρεῦοντες,
794 2995 876 3064 τῷ
933 2988 1304 3065 θυσιαστηρίῳ
1390 2989 1818 3064 συμμερίζονται
1868 3009 1882 3058 ;
1969 2987 2080 3048 0’5-

413 3104 520 3145 τως
586 3082 676 3136 καὶ
744 3080 772 3134 ὁ
850 3079 1045 3154 Κύριος
1115 3075 1342 3150 διέταξε,
1411 3084 1530 3139 τοῖς
1594 3080 1658 3134 τὸ
1738 3077 2081 3156 Εὐαγγέλιον

418 3168 901 3246 καταγγελλουσιν,
963 3168 1024 3224 ἐκ
1076 3171 1176 3224 τοῦ
1236 3167 1591 3245 Εὖαγγελίου
1827 3167 1974 3244 Ἐγὼ
2019 3165 2078 3222 δὶ

423 3256 594 3315 οὐδενὶ
625 3257 947 3335 ἐχρησάμην
978 3255 1206 3317 τοῦτωνε

488 3348 576 3414 Μὴ
609 3346 883 3419 ἀρκεσθεῖς
914 3350 1031 3408 τοῖς
1061 3346 1326 3421 πρώτοις,
1352 3344 1442 3401 καὶ
1481 3341 1639 3416 ἕτερα
1698 3345 1913 3424 ἐπάγει,
1967 3343 2072 3402 δει-

416 3437 539 3499 κνὺς
569 3435 644 3498 ὡς
675 3435 796 3508 ἐξῆν
826 3435 980 3507 αὐτῷ
1011 3435 1165 3508 παρὰ
1216 3439 1325 3491 τῶν
1389 3437 1647 3508 μαθητῶν
1709 3430 1918 3502 λαϐεῖν,
1978 3435 2072 3490 καί

416 3549 600 3610 φησιν·
632 3551 660 3579 ‹‹
695 3526 765 3584 Οἱ
794 3526 862 3583 τὲ
889 3526 1010 3600 ἱερὰ
1041 3523 1424 3603 ἐργαζόμενοι.
1461 3548 1488 3575 ››
1519 3526 1828 3595 Τουτὲστιν,
1861 3527 1916 3581 οἱ
1967 3548 2074 3583 πα-

415 3619 743 3696 ραμένοντες
771 3620 852 3688 τῷ
880 3617 1013 3690 ἱερῷ
1042 3617 1135 3672 καὶ
1165 3617 1264 3678 τᾶς
1298 3614 1350 3671 ἐν
1383 3615 1532 3688 αὗτῷ
1564 3614 1912 3690 λειτουργίας
1933 3616 2074 3674 ἐκτε-

411 3707 635 3767 λοῦντες
668 3707 836 3782 ἱερεῖς
866 3727 926 3762 τε
954 3705 1045 3761 καὶ
1079 3710 1321 3762 Λευῖται.
1359 3729 1379 3756 αι
1415 3705 1514 3763 Ἐκ
1541 3709 1638 3761 τοῖ’)
1664 3707 1819 3783 ⁴ίτροῦ
1859 3705 2069 3763 ἐσθίου-

409 3821 516 3858 σιν.
549 3822 576 3850 ››
603 3797 720 3856 Οὐκ
741 3797 914 3863 εἶπεν,
946 3799 1044 3854 Ἐτ
1067 3800 1176 3851 τῶν
1199 3794 1634 3874 προσφερόντων,
1651 3793 1744 3851 ’ίνα
1778 3799 1916 3870 μήτε
1943 3796 2071 3860 τοὺς

403 3883 795 3965 λαμϐάνοντας
853 3884 1126 3961 εὖτελίσῃ,
1197 3887 1337 3960 μήτε
1391 3884 1513 3948 soi);
1566 3883 1819 3949 διδόντας
1878 3885 2070 3963 ἐπάρῃ,

413 3977 566 4048 ἀλλ’,
601 4001 629 4031 ‹‹
663 3979 760 4032 Ἐκ
787 3979 884 4032 τοῦ
914 3975 1088 4051 ἱεροῦ,
1122 3997 1151 4027 n
1192 3973 1379 4055 φησίν.
1420 3999 1448 4026 ‹‹
1481 3976 1550 4032 Οἱ
1577 3977 1659 4048 τῷ
1699 3975 2072 4051 θυσιαστηρίῳ

413 4064 888 4144 προσεδρευοντες.
934 4089 962 4116 »
1000 4098 1064 4109 -—
1101 4067 1431 4141 [OIKUI‘M.]
1466 4065 1605 4138 Ἱερὰ
1637 4067 1732 4138 μὶν
1773 4063 2075 4140 ἐργαζομέ-

411 4180 536 4223 νους
565 4157 692 4218 τοὺς
726 4157 950 4218 Λευίτας
983 4155 1173 4233 φησὶν,
1204 4152 1264 4209 ο⁹ί
1295 4154 1364 4211 τὰ
1401 4151 1690 4212 ἰπιδὲκατα
1732 4152 2068 4229 ἐλάμϐανον.

419 4245 800 4320 Θοσιαστηρίῳ
833 4242 889 4300 δὲ
922 4240 1386 4320 προσεδρεύοντας
1415 4247 1544 4307 τοὺς
1572 4245 1770 4322 ἱερέας,
1795 4246 1848 4301 οἳ
1878 4244 1939 4302 ἐκ
1963 4252 2072 4303 τῶν

413 4337 672 4412 θυμάτων
695 4336 850 4412 εἶχον
876 4334 950 4414 ait?
965 4336 1083 4407 τιρτς
1095 4355 1258 4405 ματα.
1286 4357 1311 4388 α
1346 4337 1441 4406 Τῷ
1459 4335 1830 4412 θυσιαστηρίῳ
1861 4357 2075 4410 συμμε-

415 4431 681 4504 ρίζονται.
705 4453 732 4478 »
758 4425 928 4483 Ιιοὶλιν
951 4426 1039 4482 καὶ
1063 4422 1172 4481 ὧδε
1195 4426 1286 4481 τὸν
1311 4426 1473 4481 αὐτὸν
1486 4428 1604 4482 εἷπε
1621 4427 1942 4502 τρόπον.()ὗ
1969 4429 2073 4502 γὰρ

415 4521 583 4590 εἶπεν,
614 4520 713 4576 Ἐκ
747 4521 857 4574 τῶν
889 4516 1133 4572 θυόντων
1166 4509 1568 4590 λαμϐάνουσιν,
1599 4513 1749 4586 ἄλλ’,
1796 4543 1816 4566 α
1853 4518 1950 4574 Ἐκ
1977 4523 2074 4574 τοῦ

415 4607 829 4681 θυσιαστηρίου.
891 4628 922 4659 »
982 4605 1118 4680 μετὰ
1174 4604 1277 4680 γὰρ
1335 4604 1397 4658 τὸ
1450 4607 1907 4680 προσενεχθῆναι,
1973 4607 2076 4663 οὐκ

2179 2012 2478 2086 quomodo
2505 2029 2605 2068 vos
2635 2028 2709 2067 ne
2742 2010 2814 2066 ab
2855 2010 3203 2082 idolothytis
3243 2010 3485 2081 quidem
3515 2009 3830 2066 abstinetis

2182 2119 2313 2176 quae
2345 2102 2591 2159 omnino
2622 2102 2801 2158 vetita
2829 2106 2985 2166 sunt,
3021 2099 3606 2155 neimbecillioribus
3636 2098 3832 2155 fratri-

2179 2197 2289 2252 bus
2321 2195 2679 2253 oft‘endiculo
2708 2195 2856 2259 sitis,
2894 2216 2921 2244 «
2954 2197 3252 2250 Potestate
3301 2194 3434 2248 ista.
3471 2214 3499 2242 »
3558 2193 3678 2249 Hoc
3717 2197 3828 2260 est,

2179 2287 2331 2343 nihil
2361 2303 2396 2342 a
2426 2301 2728 2358 quoquam
2759 2284 2981 2356 accepi.
3023 2305 3050 2332 ‹‹
3087 2282 3199 2339 Sed
3231 2282 3433 2339 omnia
3462 2281 3827 2338 offerimus.»

2181 2379 2260 2434 Ne
2293 2377 2452 2432 enim
2478 2376 2611 2450 quis
2643 2375 2804 2431 dicat
2837 2391 2850 2429 :
2879 2376 3005 2430 Non
3039 2372 3274 2446 egebas,
3335 2375 3650 2444 propterea
3707 2387 3830 2426 non

2180 2468 2483 2542 accepisti,
2512 2465 2897 2538 subjungitm
2926 2463 3035 2520 Sed
3058 2464 3260 2519 omnia
3289 2462 3836 2534 sull‘erimus.»puta

2181 2559 2404 2626 famen,
2436 2558 2580 2615 501
2620 2556 2802 2611 sitim.
2846 2553 3180 2610 nuditatem
3214 2569 3226 2607 :
3264 2552 3457 2608 solum
3481 2567 3556 2607 ne
3588 2568 3705 2622 qua
3728 2551 3834 2606 ﬁat

2182 2648 2452 2705 offensio.
2488 2647 2600 2703 hoc
2630 2651 2738 2712 est,
2774 2662 2847 2702 ne
2875 2644 3017 2718 quid
3076 2648 3408 2700 remoretur
3455 2641 3836 2714 Evangelium

2185 2761 2252 2800 ac
2281 2740 2793 2815 prmdicationem.

2255 2835 2346 2891 IX.
2385 2833 2468 2887 13.
2503 2832 2585 2886 14.
2619 2833 2710 2886 Αη
2741 2826 2963 2884 nescitis
3015 2827 3164 2898 quod
3219 2827 3261 2880 ii
3291 2827 3390 2898 qui
3416 2839 3576 2880 sacra
3604 2839 3834 2893 operan-

2185 2931 2295 2984 tur.
2330 2939 2398 2978 ex
2431 2921 2626 2989 templo
2657 2919 2876 2974 edunt?
2906 2919 3010 2982 Qui
3049 2917 3219 2971 altari
3257 2917 3538 2978 assistunt,
3571 2929 3683 2968 una
3712 2929 3834 2968 cum

2185 3015 2358 3070 altari
2381 3018 2602 3084 partem
2637 3009 2962 3080 accipiunt?
2988 3009 3076 3062 Ila
3130 3013 3182 3060 et
3216 3006 3470 3061 Dominus
3528 3003 3834 3070 ordinavit,

2185 3111 2246 3160 ut
2275 3105 2373 3175 qui
2409 3099 2765 3169 Evangelium
2794 3098 3157 3152 annuntiant.
3191 3112 3260 3150 ea:
3281 3093 3589 3163 [Evangelia
3617 3095 3831 3147 vivant.

2185 3195 2302 3264 Ego
2333 3197 2516 3246 tamen
2543 3188 2696 3243 nullo
2728 3187 2924 3241 horum
2955 3201 3081 3240 usus
3102 3200 3241 3240 sum.

2253 3352 2559 3411 Prioribus
2579 3367 2700 3407 non
2724 3353 3060 3406 contentus.
3094 3346 3213 3403 alia
3234 3361 3471 3418 quoque
3501 3343 3830 3413 subiungit:

2185 3444 2508 3503 ostendens
2540 3441 2696 3514 quod
2730 3439 2841 3494 sibi
2875 3439 3101 3494 licitum
3136 3442 3324 3492 erata
3355 3434 3664 3507 discipulis
3689 3433 3838 3489 acci-

2182 3551 2350 3610 pere,
2383 3539 2442 3590 et
2471 3532 2555 3589 ait
2586 3548 2600 3586 :
2634 3552 2664 3582 «
2694 3531 2800 3597 Qui
2837 3546 3004 3587 sacra
3026 3533 3369 3602 operantur.
3401 3546 3428 3575 ι
3465 3527 3584 3583 Hoc
3615 3525 3834 3596 estqui

2183 3627 2246 3682 in
2270 3623 2491 3696 templo
2523 3627 2895 3694 permanent.
2931 3624 2986 3675 et
3018 3633 3270 3674 munera
3298 3633 3431 3688 quas
3463 3616 3524 3670 in
3557 3631 3626 3671 eo
3685 3614 3839 3671 ﬁunt

2186 3721 2612 3784 exsequuntur,
2672 3726 2890 3782 nempe
2951 3707 3288 3764 sacerdotes
3319 3711 3378 3761 et
3426 3706 3654 3762 Levita).
3697 3725 3726 3754 «
3756 3708 3838 3760 Ex

2183 3803 2407 3876 templo
2440 3802 2640 3857 edunt.
2676 3822 2704 3851 »
2734 3802 2861 3857 Non
2894 3799 3044 3855 dixit
3070 3815 3088 3853 :
3122 3799 3202 3854 De
3233 3797 3326 3853 his
3347 3798 3448 3868 qui
3477 3797 3838 3860 oﬂ‘ernnt,ne

2183 3893 2272 3950 vel
2300 3891 2662 3964 accipientes
2681 3889 3062 3962 deprimeret,
3089 3888 3178 3944 vel
3205 3886 3595 3943 offerentibus
3625 3885 3836 3940 cristas

2183 3985 2455 4057 erigeret,
2490 3981 2614 4036 sed.
2639 4002 2668 4030 «
2702 3981 2782 4035 Ex
2814 3978 3055 4050 templo,
3087 3999 3114 4025 ››
3151 3978 3250 4032 ait.
3286 3999 3313 4027 ι(
3347 3976 3455 4042 Qui
3489 3974 3661 4029 altari
3683 3973 3836 4029 assi-

2185 4080 2368 4132 stunt.
2402 4095 2428 4121 »
2465 4072 2640 4127 Sacra
2669 4069 2909 4143 quidem
2943 4073 3258 4140 operantes
3281 4066 3425 4122 dicit
3449 4065 3695 4127 Levitas,
3730 4066 3835 4136 qui

2185 4164 2447 4221 decimas
2472 4160 2879 4233 accipiebant:
2907 4158 3077 4213 altari
3103 4173 3237 4213 vero
3267 4157 3617 4212 assistenles
3640 4170 3839 4210 sacer-

2184 4252 2482 4324 dotes,qui
2507 4267 2576 4306 ea
2598 4247 2892 4304 habebant
2911 4264 3041 4320 quae
3070 4245 3435 4302 tollebantur
3451 4261 3486 4299 a
3506 4242 3836 4300 sacrificiis.

2191 4367 2217 4399 α
2251 4347 2376 4402 Una
2397 4359 2528 4400 cum
2554 4342 2724 4398 altari
2759 4345 2986 4412 partem
3008 4339 3362 4410 accipiunt.»
3376 4338 3628 4394 Rursum
3655 4341 3715 4390 et
3745 4334 3842 4391 hic

2185 4435 2394 4492 eodem
2427 4441 2595 4504 tropo
2629 4433 2862 4489 locutus
2901 4429 3331 4501 est.Siquidem
3365 4443 3485 4484 non
3543 4425 3731 4482 dixit:
3758 4426 3841 4481 Ex

2185 4529 2278 4583 his
2301 4528 2399 4598 qui
2433 4525 2750 4581 immolant
2796 4523 3116 4595 accipiunt,
3179 4520 3304 4586 sed,
3365 4541 3395 4569 α
3442 4519 3521 4574 Ex
3578 4518 3771 4574 altari.
3804 4540 3834 4569 »

2182 4619 2508 4688 Postquam
2525 4615 2684 4669 enim
2709 4614 2862 4671 facta
2884 4611 3389 4682 eratoblatio,jam
3416 4626 3536 4665 non
3565 4609 3694 4679 ejus
3712 4614 3841 4664 erat

415 4695 496 4758 ἔτι
529 4703 626 4757 τοῦ
655 4698 1116 4776 προσενέγκαντός
1172 4695 1338 4762 ἐστιν,
1372 4693 1518 4752 ἀλλὰ
1559 4701 1655 4752 τοῦ
1687 4698 1836 4773 ἱεροῦ
1860 4697 1951 4752 καὶ
1981 4703 2073 4754 τοῦ

2188 4706 2288 4778 qui
2319 4685 2637 4766 obtulerat,
2671 4702 2775 4758 sed
2804 4701 3009 4774 templi
3041 4706 3100 4755 et
3137 4700 3359 4755 altaris.
3387 4701 3457 4754 Et
3483 4698 3638 4752 bene
3668 4697 3837 4752 dixit:

420 4789 830 4865 θυσιαστηρίου.
866 4786 1066 4849 Καλῶς
1097 4788 1184 4860 τὸ,
1249 4811 1276 4842 ι
1307 4787 1766 4865 Συμμερῗζονται.
1801 4812 1832 4841 ››
1863 4788 1944 4847 Τὰ
1977 4788 2070 4864 μὶν

419 4882 525 4959 γὰρ
551 4879 990 4954 ὁλοκαυτώματα
1020 4877 1252 4957 ὶγίνετο,
1284 4876 1375 4932 καί
1403 4878 1474 4948 ἦν
1527 4877 1697 4951 μόνου
1744 4883 1842 4936 τοῖ’)
1891 4890 2079 4944 θυσια.

418 4971 669 5048 στηρίου.
709 4969 814 5028 Καὶ
844 4968 906 5026 ἐκ
931 4973 1040 5026 τῶν
1073 4967 1356 5043 θυομένων
1389 4966 1468 5039 δὶ,
1507 4971 1570 5024 τὸ
1614 4969 1711 5042 μὲν
1743 4970 1876 5043 αἷμα
1906 4991 2072 5047 προσ·

419 5068 606 5144 εχεῖτο
627 5065 708 5134 τῷ
743 5060 1130 5135 θυσιαστηρίῳ.
1163 5059 1254 5144 καὶ
1283 5059 1347 5115 τὸ
1367 5061 1528 5134 στέαρ
1561 5059 1841 5132 ἐθυμιᾶτο.
1868 5063 1990 5117 Τῶν
2023 5058 2082 5116 δὲ

421 5142 600 5226 κρεῶν
630 5150 925 5230 ἀφαίρημά
950 5170 1002 5204 τι
1058 5142 1360 5221 ἐλάμϐανεν
1420 5149 1449 5204 ὁ
1492 5147 1690 5224 ἱερεὺς,
1723 5149 1840 5205 οἶον
1867 5151 1959 5205 τὸν
1992 5147 2082 5206 δε-

425 5241 539 5315 ξιὸν
572 5239 844 5318 βραχίονα
863 5239 956 5294 καὶ
983 5238 1045 5293 τὸ
1075 5237 1388 5308 στηΘῦνιον,
1410 5237 1499 5293 καὶ
1532 5237 1594 5294 τὸ
1619 5232 1891 5316 ἔνυστρον.
1926 5264 1953 5292 ‹‹
1981 5237 2084 5298 Οὕ-

421 5351 532 5395 τως
559 5329 649 5385 καῖ
684 5331 712 5384 ὁ
749 5328 971 5399 Κύριος.
1005 5349 1034 5379 >>
1065 5328 1278 5389 Οὕτως.
1313 5323 1492 5392 οὐδὲν.
1524 5329 1681 5408 φησὶ,
1711 5327 1880 5400 ξένον,
1936 5327 2084 5386 am

419 5423 490 5493 τῇ
551 5417 766 5490 Ιιαλαιᾷ
821 5415 1114 5489 ἰπόμενος,
1175 5414 1334 5472 οὐδὲν
1390 5422 1740 5490 καινοτομῶν
1827 5417 2078 5489 ἐποίησα.

415 5510 559 5586 ’Όρα
591 5506 666 5572 ὂὶ,
703 5508 765 5564 τὸ
831 5507 1088 5584 μέγιστον
1132 5502 1364 5586 ἔσχατον
1427 5504 1685 5572 τέθεικεν.
1747 5532 1775 5560 ‹‹
1831 5510 1931 5566 Ἐκ
1983 5512 2082 5564 τοῦ

421 5597 759 5674 Εὖαγγελίου
793 5599 913 5671 ζῇν.
948 5619 978 5649 »
1013 5595 1316 5671 Καθώσπερ
1348 5595 1462 5653 ἐκεῖ
1491 5597 1594 5653 οὐκ
1620 5597 1794 5655 εἶπεν.
1828 5598 1926 5656 Ἐκ
1971 5601 2080 5653 τῶν

420 5687 913 5765 προσενεγκάντων,
945 5683 1096 5754 ἀλλ’,
1128 5710 1157 5738 ‹‹
1192 5686 1288 5744 Ἐκ
1315 5689 1414 5742 τοῦ
1443 5687 1594 5762 ἱεροῦ
1647 5687 1736 5743 καὶ
1765 5691 1864 5743 τοῦ
1895 5698 2082 5752 θυσια-

429 5776 676 5854 στηρίου.
709 5798 735 5832 ι
774 5775 948 5838 οὕτως
978 5774 1067 5830 καὶ
1100 5772 1210 5830 ὦδε
1239 5772 1338 5831 οὐκ
1363 5774 1649 5847 εῖπεν,Ἐκ
1661 5780 1771 5832 τῶν
1795 5782 2082 5854 μαθητῶν,

2189 4818 2217 4846 ‹‹
2253 4795 2378 4851 Una
2408 4799 2635 4864 partem
2668 4789 3338 4862 accipiunt.»Siquidem
3360 4786 3844 4842 holocautomata

2191 4885 2414 4941 fiebant
2444 4888 2502 4937 et
2533 4898 2604 4937 ea
2626 4881 2810 4937 solius
2837 4885 3009 4936 erant
3037 4880 3244 4936 altaris
3269 4897 3280 4934 :
3305 4893 3480 4951 porro
3500 4893 3570 4931 ex
3587 4876 3843 4934 victimis

2192 4975 2432 5048 sanguis
2462 4971 2700 5045 quidem
2731 4971 2901 5028 altari
2931 4970 3265 5033 cedebat,et
3285 4969 3466 5042 adeps
3496 4966 3846 5048 immolaba-

2191 5045 2329 5121 tur‘:
2363 5063 2683 5136 quamdam
2715 5077 2850 5116 vero
2881 5060 3150 5118 carnium
3183 5059 3548 5115 oblationem
3587 5045 3847 5130 accipie-

2191 5155 2293 5211 bat
2322 5153 2616 5211 sacerdos.
2643 5157 2846 5224 utpote
2876 5151 3146 5207 dextrum
3168 5149 3499 5214 brachium,
3533 5154 3844 5221 pectuscu-

2191 5243 2315 5299 lum
2349 5243 2468 5299 sive
2502 5240 2762 5298 medium
2798 5239 3054 5313 pectoris
3084 5246 3143 5295 et
3169 5256 3401 5296 armum
3422 5239 3846 5296 dextrutnmlta

2193 5340 2252 5390 et
2281 5332 2589 5388 Dominus.
2625 5355 2644 5382 ιι
2684 5330 2977 5396 lta,nihil.
3003 5330 3218 5402 inquit,
3243 5347 3483 5398 novum,
3515 5329 3620 5385 sed
3650 5334 3850 5385 vetera

2195 5428 2453 5488 secutus,
2480 5420 2630 5476 nihil
2659 5420 2792 5476 novi
2820 5419 3062 5476 molitus
3124 5436 3276 5475 sum.
3326 5418 3651 5475 Considera
3707 5434 3845 5474 vero

2191 5511 2350 5583 quod
2381 5517 2642 5581 pstremo
2676 5508 2935 5580 posuerit
2970 5507 3126 5582 quod
3159 5507 3485 5568 maximum
3508 5511 3674 5563 erat:
3707 5526 3735 5555 α
3764 5507 3849 5562 Ex

2191 5602 2508 5677 Evangelio
2541 5601 2752 5656 vivant.
2791 5621 2817 5648 η
2852 5600 3016 5656 Sicut
3043 5599 3127 5656 ibi
3157 5617 3279 5658 non
3300 5600 3550 5663 dixerat,
3588 5621 3614 5645 ι»
3640 5598 3723 5653 Ex
3755 5595 3847 5651 his

2194 5693 2294 5766 qui
2328 5691 2688 5762 obtulerant,
2726 5712 2750 5740 ››
2785 5689 2889 5747 sed
2927 5710 2948 5736 α
2981 5693 3066 5749 Ex
3095 5690 3321 5764 templo
3354 5693 3412 5743 et
3457 5705 3529 5744 ex
3579 5685 3751 5742 altari
3775 5699 3792 5753 ;
3815 5702 3840 5735 ι

2194 5783 2277 5839 ita
2308 5785 2368 5837 et
2396 5780 2493 5837 hic
2524 5797 2644 5838 non
2677 5779 2854 5836 dixit:
2887 5781 2968 5837 Ex
2985 5778 3315 5852 discipulis,
3342 5774 3462 5842 sed,
3502 5794 3524 5818 η
3556 5775 3638 5830 Ex
3661 5774 3847 5831 Evan-
