4118 6374
233 363 348 424 763

1357 359 1784 422 (BCUMENII
1829 355 2138 446 TRICCE
2183 359 2540 421 EPISCOPI

3539 358 3658 423 764

235 513 410 589 gelio.
437 536 465 568 υ
497 512 745 569 Et-bene
777 511 880 578 ait,
913 511 1128 578 vivere,
1164 510 1487 568 ostendens
1537 509 1696 582 quod
1740 508 1891 566 nihil

2014 487 2155 548 ἄλλ’.
2196 516 2216 543 α
2250 494 2346 549 Ἐκ
2373 496 2471 548 τοῦ
2502 488 2863 568 Εὐαγγελίου.
2901 516 2927 542 ››
2961 487 3156 552 Καλῶς
3185 489 3242 548 δὶ
3270 490 3333 548 τὸ
3366 495 3487 566 ζῇν,
3549 487 3658 548 δει-

239 604 399 660 aliud
427 603 597 657 liceat
618 601 887 673 accipere
911 605 1127 672 przeter
1144 600 1494 655 alimentum
1516 605 1574 655 et
1594 600 1890 656 vestitum.

235 716 263 742 «
319 692 491 748 Nullo
548 692 760 746 horum
820 707 964 746 usus
1019 706 1172 744 sum.
1236 713 1263 738 »
1314 691 1557 750 Horum,
1591 690 1894 761 quorum?

235 781 644 853 exemplorum
676 797 806 852 qua)
838 779 979 838 dixi.
1006 779 1152 853 legis
1177 785 1234 835 et
1263 780 1708 834 ordinationum
1731 779 1894 834 Chri-

235 861 305 929 sti
337 889 348 927 ;
381 871 542 942 quod
572 876 844 943 oporteat
873 869 1140 941 accipere
1162 876 1581 942 prmceptores,
1615 876 1673 925 et
1703 870 1892 926 vivere

233 979 303 1018 ex
335 962 428 1017 bis
452 961 552 1032 qui
586 960 895 1016 docentur.

305 1143 460 1201 502
487 1142 1123 1213 IX.15-18.Quanquam
1154 1157 1266 1198 non
1297 1141 1410 1197 haec
1438 1142 1638 1214 ε(νίρεὶ
1694 1148 1756 1196 ut
1811 1144 1896 1197 ita

234 1235 333 1303 ﬁat
355 1233 411 1285 in
438 1249 538 1286 me.
570 1231 761 1287 Melius
777 1233 919 1285 enim
937 1237 1014 1286 est
1046 1231 1182 1285 mihi
1205 1233 1366 1297 mori,
1400 1247 1566 1303 quam
1596 1238 1656 1286 ut
1681 1231 1890 1301 gloria-

238 1325 441 1378 tz'onem
470 1338 643 1376 meam
671 1320 877 1393 aliquis
893 1323 1112 1376 inanem
1144 1321 1360 1376 reddat.
1389 1323 1602 1376 Etenim
1633 1323 1681 1376 si
1710 1323 1892 1376 Evan-

237 1413 443 1483 gelium
484 1412 798 1481 prauiicem,
830 1429 941 1467 non
989 1418 1066 1466 est
1123 1412 1272 1484 quod
1328 1413 1566 1482 glorier:
1609 1415 1893 1468 neressitas

238 1506 380 1560 enim
411 1503 547 1558 mihi
577 1503 868 1558 incumbit.
909 1504 1000 1558 γε
1039 1510 1220 1557 autem
1251 1502 1391 1557 mihi
1415 1504 1619 1558 estnisi
1641 1505 1890 1572 Evange-

242 1595 376 1650 lium
403 1595 721 1664 praedicem.
758 1596 893 1649 Nam
922 1596 968 1648 si
1007 1593 1288 1650 ultroneus
1321 1593 1422 1648 hoc
1461 1596 1686 1665 faciam,
1742 1610 1894 1664 prae-

243 1687 412 1738 mium
447 1685 638 1749 habeo,
658 1685 706 1739 si
727 1691 909 1738 autem
941 1699 1049 1738 non
1080 1683 1730 1755 ultroneus,dispensatio
1753 1681 1896 1738 mihi

241 1773 530 1826 commissa
585 1777 680 1826 est.
745 1772 902 1837 Quod
929 1772 1107 1840 igitur
1138 1770 1272 1825 mihi
1306 1773 1601 1842 premium
1631 1777 1709 1826 cst
1738 1772 1766 1825 ?
1829 1771 1894 1826 Ut

1999 583 2126 646 κνὺς
2164 584 2245 639 ὃτι
2282 583 2434 640 οὐδὲν
2489 578 2686 654 ἔξεστιν
2747 581 2887 639 ἄλλο
2942 577 3264 655 λαμϐάνειν,
3325 579 3474 652 πλὴν
3533 604 3659 658 τρο-

2000 678 2113 752 φῶν
2145 675 2234 730 καὶ
2290 671 2610 748 ἐνδ·3ματος.
2671 700 2697 725 ‹‹
2735 671 2925 731 Οὐδενὶ
2983 671 3309 746 ἐχρησάμην
3359 673 3590 731 τούτων.
3626 697 3654 726 »

2000 765 2246 835 Τούτων,
2279 764 2484 832 ποίωνς
2517 767 2639 820 Τῶν
2694 761 3154 840 παραδειγμάτων
3212 763 3284 816 ὧν
3337 765 3509 831 εἷπον,
3558 768 3655 818 τοῦ

1997 859 2192 925 νόμου,
2253 860 2358 909 τῶν
2445 853 2824 927 ἐπιταγμάτων
2911 857 3009 908 τοῦ
3075 857 3331 924 Χριστοῦ,
3391 851 3476 907 δτι
3542 855 3655 929 χρῆ

2000 938 2303 1016 λαμϐάνειν
2339 943 2468 1005 τοὺς
2529 939 2914 1008 διδασκάλους,
2973 941 3064 995 καὶ
3122 945 3218 1014 ζῇν
3279 941 3338 995 ἐκ
3397 947 3504 997 τῶν
3558 964 3662 1017 μα-

2003 1032 2405 1108 θητευομένων.

2073 1142 2188 1200 Οὐκ
2247 1139 2457 1217 ἔγραψα
2512 1139 2570 1196 δὲ
2634 1143 2802 1194 ταῦτα
2873 1139 2964 1192 ’ἱνα
3048 1137 3225 1202 οὕτως
3303 1137 3522 1215 γένηται
3605 1137 3659 1195 ἐν

2001 1228 2146 1301 ἐμοί.
2210 1227 2386 1285 Καλὸν
2459 1230 2560 1304 γάρ
2649 1227 2742 1302 μοί
2829 1225 3044 1300 μᾶλλον
3129 1227 3436 1298 ἀποθανεῖν,
3504 1227 3538 1298 ἢ
3599 1227 3661 1283 τὸ

2000 1318 2270 1394 καύχημά
2342 1339 2447 1393 μου
2505 1319 2594 1373 ἳνα
2650 1339 2733 1378 τις
2788 1316 3017 1389 κενώσῃ.
3105 1315 3227 1372 Ἐὰν
3316 1315 3418 1392 γὰρ
3498 1317 3664 1392 εὐαγ-

1998 1409 2330 1484 γελίζωμαι,
2391 1407 2490 1463 οὐκ
2571 1402 2684 1463 ἔστι
2745 1405 2838 1481 μοί
2906 1405 3194 1480 καύχημα.
3267 1405 3504 1482 Ἀνάγκη
3562 1406 3665 1480 γάρ

2004 1520 2100 1574 μοι
2158 1498 2445 1554 ἐπίκειται.
2505 1498 2639 1556 Οὐαὶ
2700 1495 2757 1551 δὲ
2817 1495 2912 1568 μοί
2971 1495 3138 1564 ἐστιν,
3198 1493 3288 1550 ἐὰν
3353 1496 3428 1568 μὴ
3502 1493 3662 1568 εὐαγ-

1997 1589 2328 1666 γελίζωμαι.
2395 1587 2456 1644 Εἰ
2513 1587 2615 1662 γὰρ
2677 1585 2813 1642 ἑκὼν
2869 1589 3033 1642 τοῦτο
3121 1585 3366 1660 πράσσω,
3466 1584 3659 1658 μισθὸν

1997 1674 2134 1754 ἔχω’
2170 1678 2216 1733 εἰ
2249 1675 2307 1734 δὲ
2354 1677 2524 1747 ἄκων,
2586 1675 2904 1749 οἰκονομίαν
2966 1674 3352 1748 πεπίστευμαι.
3411 1675 3510 1738 Τίς
3565 1675 3656 1729 οὖν

2003 1769 2096 1842 μοί
2157 1768 2269 1824 ἐστι
2318 1769 2560 1840 μισοὸς;
2639 1769 2755 1822 Ἵνα
2807 1765 3326 1840 εὐαγγελιζόμενος,
3383 1762 3658 1820 ἀδάπανον

243 1877 365 1916 cum
396 1860 780 1928 evangelizem,
814 1860 932 1916 sine
960 1867 1184 1930 sumptu
1215 1877 1424 1931 ponam
1454 1861 1656 1916 Christi
1703 1861 1887 1916 Evan-

2014 1861 2159 1931 δήσω
2238 1857 2300 1914 τὸ
2383 1855 2723 1934 Εὐαγγέλιον
2812 1860 2914 1911 τοῦ
2997 1857 3262 1930 Χριστοΰ,
3319 1854 3394 1915 εἰς
3459 1851 3521 1907 τὸ
3585 1851 3661 1925 μὴ

240 1951 464 2017 gelium,
499 1965 610 2006 non
668 1949 942 2006 abutendo
974 1955 1245 2020 potestate
1274 1967 1391 2005 mea
1422 1951 1480 2004 in
1511 1949 1884 2019 Evangelium.

315 2137 394 2189 Ne
415 2135 736 2207 opinentur
756 2134 881 2190 haec
904 2150 1038 2188 eum
1053 2138 1366 2206 propterea
1389 2134 1697 2206 scripsisse
1720 2134 1890 2206 quasi

232 2226 360 2297 jam
389 2223 561 2278 vellet
589 2223 650 2278 in
682 2228 986 2294 posterum
1009 2223 1300 2295 accipere,
1326 2222 1567 2296 corrigit
1595 2223 1728 2278 hoc.
1763 2224 1889 2278 Non

243 2313 476 2384 scripsi,
510 2313 725 2384 inquit,
759 2312 906 2378 haec,
937 2317 1003 2367 ut
1033 2313 1114 2368 ita
1144 2311 1246 2368 ﬁat
1275 2313 1336 2368 in
1372 2329 1486 2380 me,
1544 2320 1687 2385 puta
1740 2313 1892 2369 sicut

242 2402 513 2474 exempla
543 2403 875 2474 requirunt,
903 2402 1056 2458 sicut
1088 2403 1509 2474 Dominijussa
1539 2403 1888 2475 disponunt,

240 2508 456 2564 nempe
488 2498 552 2547 ut
582 2492 889 2564 accipiam.
911 2513 939 2540 «
974 2493 1179 2548 Melius
1204 2493 1360 2549 enim
1387 2497 1476 2548 est
1501 2493 1648 2548 mihi
1683 2493 1889 2548 mori.»

242 2582 384 2638 Vide
417 2599 550 2637 cum
583 2588 810 2653 quanta
865 2581 1240 2638 vehementia
1291 2583 1544 2654 refugiat
1597 2583 1890 2655 accipere.

238 2673 466 2739 Melius,
500 2672 714 2742 inquit,
751 2677 840 2727 est
870 2673 1018 2727 mihi
1053 2672 1226 2729 mori.
1263 2688 1479 2744 nempe
1501 2671 1679 2735 fame,
1713 2689 1892 2744 quam

241 2769 307 2818 ut
336 2762 531 2817 inanis
555 2768 613 2818 et
640 2778 789 2817 vana
806 2761 908 2816 ﬁat
936 2762 1211 2834 gloriatio
1243 2777 1374 2832 qua:
1407 2762 1479 2817 de
1505 2763 1614 2818 hac
1663 2778 1725 2817 re
1781 2768 1892 2817 est.

241 2854 323 2908 Ne
354 2852 487 2924 quis
508 2851 666 2908 enim
687 2851 1014 2922 dicatquod
1034 2867 1167 2906 cum
1192 2868 1310 2906 non
1347 2851 1895 2923 accipiat,tristatur

245 2958 385 2996 sane
413 2946 472 2996 et
501 2941 753 3014 graviter
779 2941 891 2997 fert
922 2939 1082 3012 quod
1114 2957 1234 2996 non
1265 2941 1671 3013 accipiat,rem
1702 2942 1893 3013 ipsam

241 3035 407 3086 vocat
463 3030 901 3104 gloriationem.
935 3027 1260 3085 ostendens
1291 3029 1570 3103 gaudium
1623 3037 1681 3085 et
1704 3031 1891 3087 animi

241 3119 606 3175 alacritatem
632 3135 810 3190 super
834 3134 900 3174 eo
925 3117 1082 3191 quod
1104 3119 1450 3185 fiebatQuis
1463 3120 1624 3175 enim
1656 3119 1892 3177 inanem

2005 1949 2452 2026 καταχρήσασθαι
2482 1951 2552 2013 τῆ
2585 1945 2796 2019 ἐξουσίᾳ
2829 1967 2934 2020 μου
2966 1945 3020 2003 ἐν
3050 1950 3128 2018 τῷ
3160 1941 3506 2022 Εὐαγγιλίῳ.

2075 2136 2188 2192 Ἲνα
2219 2133 2295 2206 μή
2329 2130 2598 2200 νομίσωσι
2658 2127 2747 2185 διὰ
2801 2133 2964 2185 τοῦτο
3023 2127 3186 2185 αὐτὸν
3241 2131 3409 2182 ταῦτα
3465 2145 3678 2202 γεγρα-

2004 2223 2232 2303 φηκὲναι
2265 2221 2342 2282 ὡς
2385 2219 2726 2296 βουλόμενον
2781 2217 2982 2293 ἀπάρτι
3030 2221 3127 2273 τοῦ
3177 2215 3383 2274 λοιποῦ
3436 2210 3663 2288 λαμϐα-

2005 2333 2137 2378 νειν,
2168 2307 2483 2386 διοροοῦται
2517 2308 2665 2364 αὐτὸ.
2723 2331 2752 2359 ‹‹
2790 2307 2906 2363 Οὐκ
2965 2305 3177 2384 ἔγραψα
3222 2309 3393 2362 ταῦτα
3434 2303 3527 2361 ’ίνα
3573 2303 3669 2361 οὕ-

2005 2423 2136 2467 τως,
2168 2400 2322 2479 φησὶ,
2354 2401 2573 2474 γενηται
2607 2397 2660 2453 ὲν
2693 2396 2842 2469 ἐμοὶ,
2880 2421 2907 2448 ››
2937 2396 3212 2453 τουτέστιν
3249 2396 3323 2460 ὡς
3373 2397 3441 2451 τὰ
3491 2413 3672 2469 παρα-

2007 2489 2274 2569 δείγματα
2343 2489 2624 2567 βούλεται,
2687 2488 2761 2550 ὡς
2823 2490 2878 2543 αἱ
2939 2492 3035 2545 τοῦ
3095 2487 3299 2563 Κυρίου
3377 2485 3668 2558 διατάξεις,

2009 2580 2238 2638 οἷονθίνα
2269 2576 2560 2652 λαμϐάνω.
2634 2578 2877 2637 «Καλὸν
2933 2580 3038 2654 γάρ
3097 2599 3192 2650 μοι
3255 2575 3470 2652 μᾶλλον
3529 2577 3672 2632 ἀπο-

2009 2679 2208 2740 θανεῖν,
2247 2698 2266 2722 ι
2323 2675 2467 2748 Ἦρα
2525 2671 2661 2743 μετὰ
2719 2670 2894 2737 πόσης
2950 2671 3014 2724 τὸ
3075 2663 3264 2725 λαϐεῖν
3323 2667 3674 2744 διακρούεται

2008 2761 2400 2842 σφοδρότητος,
2436 2789 2461 2812 u
2501 2760 2682 2818 Καλόν
2716 2783 2833 2835 μοι,
2867 2762 3022 2837 φησῖ,
3051 2759 3266 2835 μᾶλλον
3291 2761 3599 2818 ἀποθανεῖν.
3641 2784 3668 2812 »

2009 2857 2126 2910 οἷον
2160 2853 2336 2928 λιμῷ,
2367 2851 2520 2922 ἢῖνα
2547 2853 2758 2922 κενωοῇ
2811 2851 2903 2906 καὶ
2964 2850 3188 2923 μάταιόν
3254 2871 3360 2921 μου
3414 2851 3476 2906 τὸ
3533 2851 3665 2925 ὑπὲρ

2006 2946 2203 3002 τούτου
2234 2946 2460 3019 γενηται
2488 2943 2775 3018 καύχημα.
2801 2946 2914 2998 Ἵνα
2964 2941 3067 3015 γὰρ
3131 2943 3206 3016 μή
3260 2963 3343 3003 τις
3386 2940 3545 3016 λεγῃ,
3579 2939 3661 2996 ὅτι

2009 3037 2074 3094 Εἰ
2113 3035 2205 3090 καὶ
2267 3036 2343 3107 μὴ
2404 3027 2696 3105 λαμϐάνει,
2754 3034 2953 3103 ἀθυμεῖ
3011 3032 3194 3106 μεντοι
3252 3031 3343 3086 καὶ
3399 3027 3664 3102 ἁδημονεῖ

2008 3127 2092 3198 ἐφ’
2137 3128 2220 3189 οἷς
2280 3123 2340 3180 οὐ
2394 3118 2686 3194 λαμϐάνει,
2743 3122 3011 3197 καύχημα
3071 3123 3132 3178 τὸ
3193 3127 3422 3198 πρᾶγμα
3476 3118 3660 3190 καλεῖ,

239 3210 582 3266 redditurus
613 3215 773 3265 esset
806 3210 968 3265 Pauli
1027 3209 1440 3283 gloriationem
1474 3211 1629 3277 ?Qui
1664 3211 1892 3285 aliquid

2014 3214 2218 3277 δεικνὺς
2249 3217 2348 3285 τήν
2381 3215 2515 3289 ὑπὲρ
2571 3217 2670 3267 τοῦ
2725 3213 3017 3286 γινομένου
3073 3211 3248 3287 χαρὰν
3310 3210 3402 3266 καὶ
3462 3212 3668 3285 προθυ-

248 3300 360 3374 ipsi
385 3298 790 3356 contribueret
809 3299 881 3354 ad
902 3299 1304 3373 Evangelium.
1329 3321 1360 3350 «
1390 3301 1620 3356 Etenim
1646 3301 1692 3356 si
1716 3301 1896 3357 Evan-

250 3390 471 3463 gelium
510 3388 847 3459 praedicem.
868 3388 1084 3461 inquit.
1116 3406 1236 3445 non
1269 3394 1359 3445 est
1383 3389 1540 3461 quod
1598 3390 1838 3463 glorier.
1871 3411 1903 3442 ››

250 3478 403 3546 Quid
430 3483 521 3534 est
567 3478 786 3547 ergoin
821 3494 938 3549 quo
968 3478 1246 3550 glorieris
1277 3477 1305 3534 (ἶ
1358 3485 1563 3551 posset
1607 3479 1906 3552 quispiam

250 3569 365 3642 ipsi
400 3567 616 3623 dicere.
644 3567 995 3639 Subjungit:
1023 3569 1095 3626 Ut
1127 3567 1187 3625 id
1218 3569 1476 3626 efﬁciam
1499 3586 1614 3640 quo
1645 3571 1910 3644 Evange-

257 3658 406 3715 lium
439 3659 569 3714 sine
601 3664 840 3730 sumptu
871 3659 1122 3724 sit.Quid
1147 3675 1283 3728 ergo
1307 3659 1430 3716 ?an
1462 3661 1576 3717 hoc
1606 3677 1798 3732 maJus
1821 3666 1912 3716 est

261 3766 438 3824 quam
473 3748 851 3822 Evangelium
913 3749 1236 3820 prz-«licare
1265 3749 1293 3806 ‘2
1343 3767 1720 3823 nequaquam
1756 3767 1770 3806 :
1806 3750 1910 3806 sed

258 3838 568 3896 definitum
599 3844 689 3893 est
719 3844 784 3892 ut
823 3853 891 3893 ex
922 3838 1214 3911 Evangelii
1248 3839 1670 3911 praedicatione
1692 3841 1908 3897 alerer:

261 3929 416 4001 quod
440 3936 637 3983 autem
664 3927 792 3984 sine
817 3935 1059 4000 sumptu
1080 3930 1192 3985 hoc
1224 3929 1434 3984 faciam
1468 3946 1617 4000 opus
1650 3935 1740 3985 est
1764 3947 1910 3985 mem

258 4019 651 4075 liberalitatis.
687 4042 713 4067 ‹‹
741 4020 864 4074 Non
897 4025 988 4073 est
1013 4019 1172 4090 quod
1202 4019 1434 4090 glorier.
1452 4020 1911 4076 iiGloriationem

259 4109 422 4164 enim
466 4107 612 4163 dicit
639 4113 708 4164 ut
737 4108 861 4179 ipse
893 4125 961 4163 ex
1006 4108 1247 4180 propria
1277 4107 1633 4164 liberalitate
1667 4109 1726 4164 id
1759 4127 1912 4180 prae-

259 4203 376 4254 stet
407 4215 419 4252 :
447 4214 586 4254 nam
617 4213 732 4267 quo
767 4197 998 4252 Domini
1023 4203 1385 4270 prmceptum
1405 4204 1685 4271 tanquam
1718 4198 1914 4255 fidelis

262 4303 464 4342 servus
517 4291 894 4358 exsequatur.
927 4302 1048 4341 non
1097 4286 1400 4342 existimat
1427 4286 1502 4341 ad
1553 4303 1724 4344 suum
1758 4305 1914 4359 praa-

264 4375 491 4433 clarum
523 4376 756 4432 facinus
782 4375 1104 4447 pertinere.
1140 4375 1374 4431 Audivit
1411 4376 1570 4432 enim
1598 4379 1914 4434 Dominum

263 4467 766 4533 dicentem,uCum
796 4466 1056 4524 feceritis
1077 4467 1276 4521 omnia
1299 4483 1430 4539 qum
1454 4473 1749 4540 prmcepta
1778 4475 1918 4526 sunt

262 4557 654 4615 vobis.dicite:
683 4557 836 4612 Servi
863 4556 1105 4612 inutiles
1137 4573 1363 4620 sumus,
1397 4557 1555 4631 quod
1596 4558 1912 4615 debuimus

261 4649 456 4706 facere
487 4648 736 4705 fecimus
760 4647 839 4701 ‘.»
871 4647 1008 4713 Qua:
1031 4663 1168 4720 ergo
1199 4647 1468 4720 gloriatio
1501 4649 1548 4703 si
1571 4648 1788 4707 factum
1822 4657 1914 4706 est

265 4736 422 4810 quod
455 4737 581 4793 ﬁeri
616 4737 881 4810 oportuit
899 4735 955 4791 ?-i
976 4736 1308 4792 Necessitas
1328 4737 1488 4793 enim
1511 4738 1656 4815 mihi
1682 4741 1912 4796 incum-

263 4826 367 4882 bit.
405 4849 432 4877 »
460 4827 750 4894 Quoniam
775 4826 1044 4882 Christus
1067 4827 1508 4899 prmcepit.«Vre
1539 4835 1736 4884 autem
1763 4830 1909 4885 milii

265 4922 355 4972 est
374 4917 488 4972 nisi
517 4917 890 4988 Evangeliqu
923 4916 1262 4988 prmdicem.
1282 4917 1468 4974 »503
1491 4919 1913 4992 Transgredior

265 5005 423 5060 enim
481 5005 718 5061 Domini
776 5012 1089 5078 praecepta.
1124 5030 1150 5054 ‹‹
1179 5007 1321 5062 Nam
1373 5007 1422 5061 si
1450 5007 1762 5064 ultroneus
1801 5007 1912 5063 hoc

260 5093 830 5166 faciaquuidnam
858 5095 884 5150 ‘2
913 5096 1174 5169 utgratis
1203 5112 1419 5169 ponam
1445 5096 1564 5151 sive
1595 5096 1913 5170 praedicem

262 5183 664 5256 Evangelium,
703 5205 728 5235 α
759 5185 1073 5241 Praemium
1097 5185 1283 5242 habeo
1309 5205 1322 5243 :
1350 5208 1378 5236 »
1403 5186 1544 5260 quia
1567 5203 1703 5243 cum
1735 5187 1914 5244 etiam

263 5274 604 5348 permiserit
635 5273 920 5328 Dominus
944 5283 1246 5347 sumptum
1270 5278 1560 5348 accipere.
1594 5294 1714 5332 non
1745 5293 1916 5333 acce-

265 5363 340 5433 pi.
377 5393 443 5402 -—
476 5365 590 5418 Aut
619 5363 720 5419 hoc
749 5365 1079 5420 modouNam
1104 5366 1150 5420 si
1177 5367 1554 5439 Evangelium
1588 5367 1914 5438 praedicare

263 5453 377 5526 mei
407 5453 825 5509 essetomnin
852 5453 1115 5511 liberalis
1135 5457 1340 5515 animi.
1365 5463 1424 5513 et
1455 5455 1618 5512 nulla
1647 5457 1788 5512 mihi
1824 5457 1917 5512 iu—

263 5542 568 5601 cumberet
626 5544 914 5601 Dominici
976 5545 1256 5618 praicepti
1301 5545 1376 5602 ad
1410 5546 1523 5603 hoc
1562 5546 1912 5615 necessitas,

277 5774 296 5787 τ
333 5697 354 5728 ⁸
382 5698 514 5753 Luc.
554 5715 681 5765 XVII,
722 5699 805 5752 10.

2012 3305 2163 3380 μίαν.
2228 3305 2323 3368 Τίς
2379 3304 2482 3378 γὰρ
2542 3301 2760 3376 ἤμελλε
2796 3307 3021 3358 κενῶσαι
3076 3302 3140 3356 τὸ
3195 3300 3464 3374 καύχημα
3522 3298 3669 3356 111-5-

2010 3393 2148 3462 λου;
2224 3395 2304 3452 Ὁ.
2361 3393 2620 3467 παρέχων
2695 3413 2748 3447 τι
2825 3391 2976 3463 αὑτῷ
3052 3389 3128 3454 εἷς
3203 3391 3270 3446 τὸ
3322 3388 3688 3464 Εὐαγγελιον..

2017 3509 2046 3537 ‹‹
2077 3485 2199 3540 Ἐὰν
2229 3484 2330 3557 γὰρ
2363 3479 2827 3555 εὐαγγελίζωμαι,
2860 3481 3046 3557 φησὶν,
3081 3478 3180 3535 οὐκ
3221 3473 3334 3535 ἔστι
3388 3499 3482 3550 μοι
3535 3478 3674 3533 21'5-

2014 3593 2194 3650 χημα.
2234 3597 2261 3624 ››
2293 3573 2360 3629 Τί
2393 3574 2482 3628 οὖν
2515 3569 2625 3627 ἐστί
2659 3591 2744 3627 σοι
2793 3571 3104 3645 nix-qua;
3167 3566 3312 3624 ε’ίποι
3368 3588 3452 3629 τις
3499 3567 3674 3639 αὐτῷ’

2013 3661 2220 3738 ἐπάγει,
2281 3662 2361 3720 Τὸ
2430 3658 2700 3716 ὁδαπανον
2784 3662 3011 3727 ποιησαι
3065 3660 3128 3714 τὸ
3187 3656 3543 3735 Εὐαγγέλιον.
3603 3655 3677 3714 Τί

2015 3752 2146 3820 οὖν;
2202 3756 2364 3808 τοῦτο
2425 3755 2521 3806 τοῦ
2581 3748 3022 3825 εὐαγγελίζεσθαι
3081 3755 3316 3821 μεῖζον;
3375 3748 3677 3820 Οὐμενοῦν,

2017 3841 2164 3899 ἀλλὰ
2220 3842 2282 3899 τὸ
2363 3840 2804 3916 εὐαγγελίζεσθαι
2889 3839 3158 3913 ὠρίσοην,
3245 3838 3674 3912 ἐπιτέτραμμαι·

2015 3955 2078 3988 το
2135 3929 2192 3988 δὲ
2243 3929 2558 3991 ἀδαπάνως.
2615 3931 2755 4002 ἒμῆς
2826 3927 3151 4010 φιλοτιμίας
3235 3923 3411 4003 ἕργος.
3473 3950 3494 3977 ι
3557 3926 3677 3984 Οὐκ

2017 4016 2253 4095 imam
2287 4021 2574 4094 καύχημα.
2609 4043 2638 4072 ››
2681 4051 2750 4062 --
2807 4020 3147 4092 [Omont]
3205 4019 3489 4096 Καύχημκ
3545 4014 3673 4090 γάρ,

2019 4111 2208 4186 φησὶν,
2266 4110 2296 4166 ὅ
2350 4110 2510 4170 αὐτὸς
2563 4108 2614 4178 ἐξ
2671 4107 2875 4169 οἰκείας
2963 4106 3284 4182 φιλοτιμίας
3374 4102 3673 4162 ἐπιδείκνυ-

2019 4223 2129 4269 ται,
2176 4203 2279 4270 τὴν
2339 4197 2397 4255 ὃὶ
2454 4199 2787 4266 Δεσποτικῆν
2847 4196 3107 4273 ἐπιναγὴν
3176 4197 3252 4260 ὡς
3317 4193 3515 4256 δοῦλος
3582 4215 3672 4251 πι-

2021 4292 2170 4360 στὸς,
2229 4289 2290 4345 οὐ
2349 4288 2708 4364 λογιζόμενος
2763 4288 2956 4344 είκεῖον
3034 4288 3386 4363 κατόρθωμα.
3440 4286 3678 4343 Ἤκουσε

2019 4387 2126 4462 γὰρ
2173 4389 2269 4440 τοῦ
2331 4383 2602 4439 Δεσπὸτου
2663 4383 2938 4459 λὲγοντοςσ
3000 4404 3021 4433 ι
3069 4386 3227 4435 Ὅταν
3288 4381 3462 4434 πάντα
3523 4379 3690 4449 ποιή-Δ

2022 4495 2176 4546 σητε,
2206 4484 2207 4487 “
2238 4473 2444 4548 λέγετε,
2491 4474 2574 4529 δτι
2623 4473 2877 4552 Ἀχρεῖοι
2924 4469 3116 4527 δοῦλοί
3165 4469 3350 4544 ἐσμεν,
3383 4470 3412 4524 ὅ
3443 4467 3685 4546 ὠφείλο-

2027 4586 2122 4638 μεν
2168 4571 2420 4634 ποιῆσαι,
2481 4564 2880 4635 πεποιήκαμεν.
2918 4584 2946 4614 η
3007 4566 3173 4619 Ποῖον
3229 4559 3321 4615 οὐν
3385 4559 3679 4638 καύχημα,

2019 4655 2082 4710 τὸ
2128 4653 2266 4708 κατά
2323 4651 2488 4730 χρέος
2564 4652 2896 4730 γινόμενον;
2975 4674 3003 4701 ι(
3081 4650 3316 4723 Ἀνάγκη
3393 4649 3500 4723 γάρ
3578 4666 3676 4720 μοι

2019 4743 2308 4814 ἐπίκειται,
2417 4766 2438 4793 ι
2521 4738 2708 4809 ἐπειδὴ
2739 4739 2970 4815 Χριστὸς
3042 4736 3361 4795 ἐνετείλατο.
3441 4761 3470 4789 α
3545 4734 3684 4793 Οὐαὶ

2022 4831 2082 4889 δέ
2135 4833 2230 4906 μοί
2305 4834 2468 4897 ἔστιν,
2547 4831 2638 4887 ἐὰν
2719 4833 2794 4905 μή
2874 4827 3341 4908 εὐαγγελίζωμαι·
3389 4850 3416 4880 n
3494 4832 3685 4900 Παρα-

2021 4918 2191 4979 ϐαίνω
2223 4923 2325 5001 γαρ
2355 4923 2450 4984 τας
2479 4919 2704 4983 ἐντολὰς
2760 4924 2858 4976 τοῦ
2918 4918 3146 4995 Κυρίου.
3204 4943 3232 4970 ‹‹
3267 4916 3333 4973 Eii
3382 4916 3486 4992 γάρ
3543 4916 3680 4971 ἑκὼν

2020 5017 2184 5069 τοῦτο
2232 5013 2459 5085 πράσσω
2518 5033 2543 5066 ι
2603 5015 2827 5083 (ποῖον;
2888 5010 2950 5065 τὸ
3007 5006 3280 5065 ἀδάπανον
3336 5005 3540 5071 τιθέναι
3608 5003 3670 5057 τὸ

2024 5101 2396 5178 Εὐαγγέλιον),
2459 5125 2486 5152 ‹‹
2524 5101 2715 5172 μισθὸν
2785 5099 2924 5176 ἔχω,
2961 5123 2988 5150 »
3045 5098 3131 5155 ὅτι
3184 5118 3274 5152 και
3330 5100 3427 5152 τοῦ
3481 5094 3681 5166 Κυρίου

2025 5187 2328 5264 λαμϐάνειν
2387 5191 2797 5265 ἐπιτρέψαντος,
2857 5189 2956 5245 οὐκ
3003 5186 3230 5267 ε’⁷λτ,φα.
3264 5220 3333 5230 -
3363 5189 3433 5242 ’Ἠ
3482 5183 3680 5244 οὕτως’

2025 5282 2089 5340 Εἰ
2122 5284 2224 5356 γὰρ
2278 5283 2341 5337 τὸ
2393 5280 2682 5355 κηρύσσειν
2735 5282 2798 5336 τὸ
2853 5277 3213 5354 ὴύαγγὲλιον,
3267 5284 3366 5346 τῆς
3417 5276 3556 5347 ἐμῆς
3615 5273 3682 5342 ἦν

2026 5371 2172 5433 ὅλως
2205 5371 2548 5451 φιλοτιμίας,
2580 5371 2668 5425 καὶ
2704 5367 2938 5441 οὐδεμία
2971 5389 3066 5440 μοι
3097 5369 3304 5440 ἀνάγκη
3338 5365 3398 5422 ἐκ
3437 5368 3538 5433 τῆς
3589 5372 3685 5421 Δε-

2025 5469 2292 5530 σποτικῆς
2324 5460 2552 5526 ἐντολῆς
2602 5460 2871 5524 ἐπέκειτο,
2923 5458 3150 5518 εἰκότως
3207 5456 3299 5510 ἐπὶ
3363 5453 3542 5526 τούτῳ
3604 5473 3692 5526 μι-

2026 5553 2152 5617 σθὸν
2193 5551 2355 5626 μίγα-ι
2388 5550 2648 5623 ἤλπιζον,
2670 5550 2761 5606 καὶ
2803 5549 2928 5619 δᾶν
2965 5570 3060 5622 μοι
3091 5548 3168 5607 ὡς
3227 5545 3314 5601 ἐπὶ
3385 5539 3511 5615 ἰδίῳ
3558 5563 3687 5599 κατ-
