4118 6372
406 373 524 436 769

409 506 657 588 γέγονεν.
689 539 756 549 -
776 505 1028 569 Ἄλλως.
1055 530 1084 560 ι(
1115 508 1246 569 Τοῖς
1273 506 1502 580 ἀνόμοις
1520 504 1596 570 ὡς
1620 503 1844 582 ἄνομος.
1874 531 1902 559 ››
1921 503 2076 566 Ἀνό-

416 619 553 674 μους
593 595 766 676 λέγει.
799 597 929 660 τοὺς
966 597 1044 672 μή
1077 593 1233 659 ὄντας
1267 595 1372 653 ὑπὸ
1427 598 1520 654 τὸν
1579 596 1824 660 Μωσέως
1881 597 2079 672 νόμον,

414 693 542 755 τοῦς
595 691 644 762 ἐξ
707 692 897 760 ἐθνῶν,
978 690 1064 753 οἷς
1145 691 1236 746 καὶ
1325 691 1488 754 αὐτὸς
1575 691 1874 765 ἐπιφοιτῶν
1953 713 2078 768 συγο

411 779 697 840 κατέϐαινε
726 785 795 856 τῇ
857 781 1102 852 ἀσθενείᾳ
1162 782 1364 848 αὐτῶν,
1422 781 1514 838 καὶ
1571 779 1760 838 πολλὰ
1815 787 1922 837 τῶν
1983 802 2084 855 με-

417 871 602 948 γάλων
667 870 955 946 δογμάτων
1021 870 1120 926 οὐκ
1177 870 1470 951 ἐξεφ-κινεν,
1521 869 1681 934 εἰδὼς
1742 872 1938 934 αὐτοὺς
2001 871 2077 945 μὴ

422 962 816 1038 βαστάζοντας.
878 961 1071 1025 Οὕτως
1137 959 1252 1030 οὖν,
1327 961 1514 1041 φησὶν,
1592 960 1856 1040 ἐγενόμην
1943 962 2081 1033 πρὸς

420 1052 744 1115 αύτοῦς,ῶς
787 1053 863 1124 μή
915 1047 990 1104 ὢν
1049 1051 1153 1106 ὑπὸ
1209 1049 1338 1113 τοὺς
1400 1052 1604 1124 νόμους
1661 1056 1758 1106 τοῦ
1820 1053 2078 1126 Χριστοῦ,

414 1141 604 1198 Ἢνίκα
634 1141 735 1216 γαρ
770 1141 904 1214 πρὸς
956 1141 1278 1211 Ἀθηναίους
1336 1137 1694 1215 ἐδημηγόρει,
1751 1140 1813 1195 οὐ
1871 1145 2080 1214 τρανῶς

417 1231 492 1294 ὡς
525 1233 645 1307 περὶ
680 1234 816 1286 Θεοῦ
870 1226 1156 1306 διειλὲχθη
1222 1231 1290 1284 τὰ
1343 1234 1442 1285 τοῦ
1504 1234 1762 1302 Χριστοῦ,
1824 1229 1950 1285 ἀλλ’
2008 1230 2082 1292 ὡς

416 1321 541 1394 περὶ
571 1321 866 1395 ἀνθρώπου
905 1318 1094 1395 ψιλοῦ.
1153 1317 1295 1377 ωδε
1356 1320 1460 1397 γὰρ
1519 1318 1770 1396 ἐχώρουν
1829 1319 2079 1374 τοιοῦτόν

415 1431 467 1466 τι
499 1410 742 1467 ἀκούειν.
773 1408 1104 1480 Ὑπενόησαν
1136 1410 1238 1484 γὰρ
1290 1407 1350 1463 ἂν
1412 1409 1572 1463 αὐτὸν
1631 1406 1724 1464 ἕνα
1769 1413 1881 1463 τῶν
1937 1407 2080 1482 παρὰ

421 1500 576 1580 σφίσι
621 1501 1127 1571 τεθεοποιημένων,
1190 1500 1307 1563 οἷος
1339 1499 1366 1553 ὁ
1399 1496 1696 1574 Ἡρακλῆς.
1758 1499 1786 1552 ὁ
1845 1495 2083 1567 Ἀσκλη-

417 1591 574 1659 πιὸς,
605 1587 696 1643 καὶ
729 1589 779 1642 οἱ
825 1586 1036 1644 λοιποί.
1100 1612 1127 1639 ‹‹
1164 1588 1254 1656 Μὴ
1303 1584 1376 1642 ὢν
1437 1586 1639 1660 ἄνομος
1685 1591 1821 1659 Θεῷ.
1859 1610 1887 1638 ››
1950 1589 2080 1642 Εἶτα

422 1679 519 1734 ’ἱνα
553 1679 630 1750 μὴ
671 1676 906 1752 νομίσῃς
969 1672 1284 1751 μεταϐολὴν
1341 1677 1571 1752 γνώμης
1626 1675 1926 1754 γεγονέναι,
1987 1675 2084 1730 ἐπ-

428 1769 568 1843 άγει,
605 1792 631 1818 ι(
666 1767 761 1835 Μή
792 1764 868 1821 ὢν
901 1765 1106 1840 ἂνομος
1154 1770 1292 1838 Θεῷ,
1327 1791 1355 1818 ››
1414 1765 1687 1822 τουτέστιν
1731 1765 1853 1821 ἄνευ
1898 1765 2082 1838 νόμων

431 1859 586 1925 Θεοῦ,
641 1854 768 1912 ἀλλ’
823 1849 1055 1930 ἔννομος
1110 1859 1354 1931 Χριστῷ,
1405 1879 1432 1910 ι
1493 1855 1788 1927 τουτέστιν,
1848 1850 2082 1929 ἔννομος

1379 373 1790 436 COMMENT.
1838 373 1917 435 IN
1964 370 2210 434 EPIST.
2259 374 2281 435 Ι
2327 376 2429 438 AD
2477 377 2847 443 COBINTH.

2102 559 2157 625 Α

3730 389 3802 445 ’Π
3807 386 3850 446 0

2190 516 2515 571 sectatores
2548 513 2695 590 legis
2729 517 2794 573 '°.
2827 539 2857 569 »
2887 523 3050 576 'l‘unc
3081 519 3242 576 enim
3275 525 3520 594 propter
3546 521 3709 594 ipsos
3740 537 3847 595 pu-

2187 601 2452 660 rificatus
2472 612 2564 660 est
2591 606 2733 663 Vide
2757 613 2956 664 autem
2975 609 3132 681 quod
3157 611 3374 683 ubique
3388 611 3736 684 adjunctum
3757 613 3837 669 sit

2189 714 2214 742 «
2251 693 2450 762 Quasi,
2478 719 2499 744 ι
2529 701 2594 751 ιιι
2614 698 2891 753 ostendat
2911 699 3070 769 quod
3092 700 3215 755 hinc
3237 701 3670 772 dispensatorie
3684 701 3842 758 facta

2190 781 2330 838 sint.
2364 815 2421 825 —
2444 785 2586 841 Alio
2607 789 2790 844 modo.
2815 812 2840 838 «
2862 789 2942 844 lis
2963 789 3064 861 qui
3110 790 3236 846 sine
3291 791 3416 864 lege
3467 799 3633 848 erant
3667 791 3839 864 quasi

2190 874 2316 929 sine
2350 875 2496 948 lege.
2533 900 2561 927 »
2599 879 2735 933 Sine
2769 879 2894 952 lege
2920 880 3065 935 dicit
3094 897 3193 934 eos
3225 882 3325 952 qui
3357 899 3477 938 non
3507 890 3679 938 erant
3730 881 3841 938 sub

2189 960 2317 1033 lege
2352 965 2514 1031 Mosi,
2551 983 2767 1038 nempe
2799 967 2898 1038 qui
2933 985 2962 1022 e
2994 969 3268 1040 gentibus
3301 977 3470 1024 erant
3502 987 3514 1024 :
3559 971 3633 1026 ad
3691 987 3846 1042 quos

2189 1053 2368 1108 etiam
2393 1071 2527 1110 cum
2548 1058 2878 1124 accederet,
2902 1057 3144 1114 demisit
3165 1075 3226 1114 se
3248 1059 3322 1114 ad
3347 1076 3550 1114 eorum
3580 1059 3842 1115 imbecil-

2189 1140 2442 1211 litatem,
2474 1146 2782 1218 multaque
2815 1165 3025 1220 magna
3056 1149 3331 1222 dogmata
3362 1150 3616 1218 reticuit,
3651 1151 3847 1204 sciens

2191 1247 2292 1287 eos
2323 1233 2477 1288 ferre
2508 1251 2627 1290 non
2663 1253 2854 1306 posse.
2890 1239 2973 1292 ιω
3004 1255 3140 1310 ergo
3174 1239 3366 1293 factus
3410 1256 3574 1306 sum,
3635 1238 3852 1309 inquit,

2190 1321 2347 1392 apud
2381 1323 2535 1392 illos,
2566 1331 2846 1396 tanquam
2872 1327 2980 1382 sub
3003 1329 3217 1382 Christi
3242 1328 3470 1400 legibus
3493 1345 3614 1383 non
3635 1343 3851 1383 essem.

2187 1413 2332 1468 Cum
2364 1415 2522 1468 enim
2553 1415 2712 1487 apud
2742 1418 3134 1473 Athenienses
3183 1419 3667 1484 concionuretur,
3726 1434 3848 1473 non

2191 1501 2450 1572 palmam
2481 1520 2552 1560 ea
2580 1521 2712 1576 qua:
2745 1507 2958 1562 Christi
2992 1513 3164 1562 erant
3193 1507 3494 1572 disseruit,
3551 1507 3723 1578 quasi
3778 1505 3851 1562 de

2189 1590 2309 1646 Deo
2341 1591 2612 1665 loquens.
2641 1596 2796 1652 506
2828 1596 2933 1651 sed
2971 1598 3141 1668 quasi
3201 1597 3272 1653 de
3335 1597 3495 1652 nudo
3553 1596 3797 1652 homine
3835 1613 3847 1650 :

2189 1695 2384 1752 neque
2407 1683 2565 1738 enim
2585 1701 2831 1757 capaces
2853 1693 3042 1753 erant,
3081 1693 3147 1741 ut
3193 1687 3309 1743 tale
3336 1687 3651 1760 quippium
3685 1685 3853 1742 audi-

2189 1775 2342 1823 rent.
2363 1770 2828 1843 Suspicabantur
2840 1790 3097 1847 namque
3116 1791 3254 1831 eum
3268 1776 3438 1846 quasi
3459 1791 3645 1830 unum
3661 1790 3863 1830 eorum

2192 1859 2292 1928 qui
2311 1862 2469 1932 apud
2493 1862 2656 1934 ipsos
2679 1865 2833 1920 inter
2852 1865 3000 1921 duos
3022 1865 3192 1922 relati
3217 1871 3410 1928 erant,
3433 1865 3643 1938 quales
3683 1868 3854 1920 erant

434 1945 698 2020 ὑπάρχων
732 1949 997 2021 Χριστοῦ.
1031 1944 1386 2020 Σημειωτέον
1443 1944 1500 2001 δὲ
1551 1947 1614 2001 τὸ
1672 1944 1858 2022 ῥητὸν,
1911 1968 1940 1997 ‹‹
1972 1943 2088 2002 Οὐκ

2202 1948 2478 2019 Herodes,
2497 1952 3115 2025 Asclepiusacczeteri.
3136 1978 3163 2006 ‹‹
3189 1956 3334 2011 Cum
3366 1956 3482 2010 Deo
3510 1971 3630 2010 non
3657 1969 3851 2010 essem

429 2033 543 2108 ἐῖμὶ
575 2033 780 2108 ἄνομος
812 2039 967 2105 Θεοῦ,
998 2033 1128 2090 ἀλλ’
1159 2031 1406 2108 ἔννομος,
1442 2059 1471 2088 ››
1501 2035 1592 2090 καὶ
1622 2035 1740 2090 ἀντὶ
1769 2038 1865 2090 τοῦ
1885 2034 2080 2105 εἰπεῖν,

427 2127 564 2180 Θεοῦ
595 2126 780 2198 (τοῦτο
810 2124 910 2200 γαρ
941 2127 976 2195 ἡ
1008 2122 1350 2197 ἀκολουθία),
1379 2126 1520 2197 εἷπε,
1545 2149 1573 2177 ‹‹
1602 2126 1854 2198 Χριστοῦ.
1882 2149 1910 2176 ››
1943 2125 2084 2201 Ἄρα

425 2215 660 2290 Χριστὸς
716 2215 745 2270 ὁ
795 2215 946 2278 Θεός.
1013 2240 1035 2266 ι
1096 2217 1230 2279 Τοῖς
1283 2212 1556 2280 ἀσθενέσιν
1616 2215 1691 2276 ὡς
1751 2215 2000 2286 ἀσθενής.
2051 2238 2082 2267 ιο

426 2303 528 2360 Καὶ
560 2300 690 2359 οὐδὲ
723 2302 893 2379 μέχρι
922 2303 1130 2360 τούτων
1159 2299 1344 2375 ἔστην,
1384 2305 1573 2384 φησίν,
1632 2301 1778 2359 ἀλλά
1819 2304 1908 2359 καὶ
1965 2307 2083 2366 τοῖς

425 2391 670 2457 ἀσθενέσι
702 2395 829 2468 περὶ
868 2395 970 2463 τὴν
1028 2394 1209 2450 πίστιν
1267 2393 1528 2456 ὡσαύτως
1579 2393 1806 2462 ἀσθενὴς
1861 2391 2084 2470 γέγονα.

432 2487 555 2547 Πῶς
579 2483 684 2559 γὰρ
717 2483 826 2539 οὐκ
853 2483 920 2553 ἦν
955 2482 1126 2546 οὕτως
1185 2482 1308 2538 ὅταν
1366 2479 1705 2558 δημηγορῶν
1764 2482 1826 2538 οὗ
1873 2483 2083 2559 τρανῶς

425 2575 500 2640 ὦς
529 2575 656 2647 περὶ
689 2579 824 2631 Θεοῦ
859 2578 957 2630 τοῦ
988 2575 1115 2630 Υἱοῦ
1163 2574 1254 2630 καὶ
1311 2577 1407 2628 τοῦ
1465 2573 1780 2648 Πνεῦματος
1832 2571 2086 2646 ἐμνημό-

430 2685 617 2735 νευεν;
655 2665 755 2723 Καὶ
788 2663 839 2719 ἐν
862 2668 930 2738 τῇ
963 2665 1100 2737 πρὸς
1157 2664 1488 2737 Ῥωμαίους,
1546 2665 1636 2718 ὃτε
1695 2665 1820 2726 τοὺς
1882 2661 2087 2736 διακρι-

430 2757 696 2832 νομένους
726 2761 918 2837 φαγεῖν
969 2756 1100 2833 κρέα
1159 2753 1249 2812 διὰ
1305 2758 1405 2827 τὴν
1467 2756 1622 2811 ἐνίων
1677 2761 1850 2831 κρεῶν
1909 2777 2086 2832 παρα·

432 2851 694 2920 τήρησιν,
745 2850 954 2902 τούτων
1010 2851 1078 2920 τῇ
1135 2847 1377 2919 ἀσθενείᾳ
1433 2841 1899 2923 συγκαταϐαίνων,
1965 2844 2088 2902 οὔτε

432 2937 599 3000 αὐτὸς
658 2937 875 3000 τούτοις
935 2936 1185 3011 ἐπετίμα,
1240 2936 1332 2991 καὶ
1387 2937 1520 2997 τοὺς
1578 2933 1786 2996 ἄλλους
1845 2930 2085 3010 ὄχλησιν

432 3027 626 3088 αὐτοῖς
686 3027 907 3102 ἐπάγειν
965 3026 1218 3082 ἐκώλυεν,
1285 3050 1314 3077 ‹‹
1373 3027 1512 3087 Τοῖς
1577 3029 1706 3079 πᾶσι
1766 3024 1968 3101 γέγονα
2023 3025 2092 3079 τὰ

434 3117 628 3174 πάντα.
664 3137 694 3170 ι)
726 3118 828 3174 Καὶ
862 3117 1147 3190 συντόμως
1206 3115 1397 3170 εἷπεῖν·
1454 3117 1586 3175 Τοῖς
1638 3117 1770 3168 πᾶσι
1828 3111 2030 3188 γέγονα
2060 3111 2091 3168 ὅ

439 3204 600 3273 ἦσαν,
669 3205 790 3260 οὔτε
844 3207 1046 3266 πάντας
1105 3207 1298 3276 σώζειν
1367 3200 1687 3278 προσδοκῶν
1749 3205 1802 3273 «ἦ
1870 3203 1973 3278 γὰρ
2031 3200 2091 3256 ἄν

2200 2036 2329 2092 sine
2348 2037 2534 2111 lege.»
2549 2041 2858 2097 Deindene
2883 2043 3182 2098 sententia
3210 2043 3605 2098 mutationem
3635 2042 3852 2098 factam

2202 2142 2332 2182 esse
2358 2129 2682 2198 existimes,
2717 2131 3022 2205 subjungit
3057 2150 3069 2186 :
3105 2155 3134 2182 ‹‹
3170 2133 3314 2188 Cum
3348 2134 3466 2188 Deo
3498 2149 3619 2188 non
3660 2148 3853 2188 essem

2201 2215 2328 2270 sine
2357 2216 2507 2290 lege,
2543 2241 2570 2268 ››
2603 2218 2713 2275 hoc
2744 2227 2852 2285 est,
2888 2221 3017 2276 sine
3049 2222 3186 2291 Dei,
3217 2221 3578 2289 lenibus,sed
3601 2221 3708 2276 sub
3728 2221 3857 2294 lege

2197 2304 2414 2361 Christi
2455 2306 2876 2364 Adnotandum
2901 2317 3212 2367 estautem
3263 2311 3374 2367 hoc
3423 2311 3647 2367 dictum
3680 2327 3694 2365 :
3729 2314 3859 2366 Non

2200 2410 2331 2450 sum
2363 2397 2492 2451 sine
2524 2397 2671 2470 lege.
2701 2397 2806 2454 sed
2837 2399 2948 2455 sub
2981 2399 3129 2471 lege.
3164 2401 3306 2455 Nam
3337 2417 3472 2456 cum
3505 2405 3662 2456 esset
3711 2415 3854 2456 con-

2200 2500 2458 2556 sequens
2490 2491 2553 2541 ut
2584 2487 2988 2562 subjungeret,
3025 2490 3149 2553 Dei,
3184 2489 3334 2544 dixit
3359 2489 3581 2545 Christi.
3643 2491 3847 2560 Itaque

2199 2573 2466 2631 Christus
2501 2577 2655 2632 Dens
2686 2584 2795 2635 est.
2837 2598 2857 2625 ι
2892 2577 3152 2634 Inﬁrmis
3183 2579 3353 2650 quasi
3397 2579 3691 2635 infirmus.
3731 2602 3756 2628 ι»
3788 2579 3858 2634 Ει

2201 2679 2395 2734 neque
2418 2666 2478 2721 in
2501 2666 2613 2733 his,
2638 2666 3187 2738 inquit,terminum
3207 2669 3405 2740 posui,
3457 2685 3656 2724 verum
3693 2668 3859 2724 infir-

2201 2755 2316 2810 mis
2348 2773 2586 2828 quoque
2619 2758 2678 2812 in
2711 2757 2822 2814 fide
2845 2757 3035 2814 factus
3066 2776 3199 2814 sum
3231 2758 3510 2814 similiter
3554 2760 3856 2814 infirmus.

2201 2845 2416 2898 Annon
2441 2845 2522 2900 ita
2553 2863 2615 2901 se
2647 2846 2862 2902 habeat
2892 2847 3131 2918 quando
3189 2848 3541 2903 concionem
3598 2846 3852 2914 habens,

2202 2931 2333 2986 Filii
2367 2949 2433 2988 ac
2467 2935 2716 3005 Spiritus
2747 2937 3116 2990 mentionem
3150 2936 3423 3004 faciebat,
3474 2953 3595 2992 non
3651 2941 3864 3008 aperte

2201 3029 2486 3093 tanquam
2519 3023 2591 3079 de
2616 3025 2730 3079 Deo
2755 3024 3004 3096 loquens
3022 3024 3049 3079 ἱ)
3070 3027 3138 3079 Et
3158 3026 3218 3080 in
3239 3025 3494 3096 Epistola
3513 3025 3588 3080 ad
3638 3027 3856 3080 Roma-

2203 3128 2311 3166 nos
2334 3111 2688 3182 quibusdam
2702 3113 2782 3185 dij
2795 3114 3169 3170 udicantibus
3182 3113 3358 3169 edere
3375 3129 3604 3179 carnes,
3617 3120 3858 3186 propter

2204 3201 2675 3258 observationem
2711 3202 3103 3274 quarumdam
3164 3205 3457 3269 carnium,
3514 3202 3589 3259 ad
3645 3203 3858 3258 horum

443 3294 544 3348 οὐκ
573 3295 638 3363 ἦν
670 3293 842 3359 οὕτως
871 3294 1228 3368 θαυμαστὸν),
1261 3291 1386 3348 ἀλλ’
1416 3293 1504 3347 ἳνα
1533 3292 1624 3347 καὶ
1658 3291 1881 3367 ὀλίγους
1909 3291 2090 3348 σώσω.

2209 3289 2617 3346 infirmitatem
2643 3308 2772 3348 sese
2795 3292 3117 3348 demittens
3159 3309 3354 3365 neque
3378 3294 3485 3348 hos
3503 3292 3858 3365 objurgavit,

434 3385 504 3438 Τὸ
537 3379 616 3453 δὶ,
648 3410 675 3436 ι(
710 3385 950 3452 παντως,
987 3409 1016 3436 »
1046 3383 1135 3438 καὶ
1177 3383 1315 3459 πρὸς
1372 3383 1696 3458 προτροπὴν
1751 3386 1926 3436 κεῖται
1984 3386 2094 3436 τῶν

430 3474 838 3546 κηρυσσόντων.
898 3480 1100 3548 Ὠσπερ
1150 3474 1277 3548 γὰρ,
1339 3471 1498 3551 φησί,
1580 3471 1786 3532 πάντας
1855 3472 2093 3536 σωθῆναι

434 3559 722 3638 δυσχερὲς,
755 3561 902 3618 οὕτω
931 3563 1021 3618 καὶ
1051 3562 1114 3616 τὸ
1149 3562 1226 3634 μή
1285 3560 1489 3624 πάντας
1537 3561 1802 3629 σωθῆναιο
1856 3584 1884 3611 (ί
1916 3561 2095 3618 Τοῦτο

432 3648 490 3706 δὲ
518 3655 665 3708 ποιῶ
693 3647 786 3707 διὰ
814 3653 878 3707 τὸ
914 3651 1266 3728 Εὗαγγέλιον.
1303 3673 1332 3702 ››
1388 3648 1730 3724 Εὐαγγέλιόν
1775 3670 1929 3728 φησι,
1966 3649 2096 3711 τοὺς

434 3737 525 3796 διὰ
552 3744 650 3797 τοῦ
682 3738 1023 3817 Εὖαγγελίου
1056 3743 1438 3815 σωζομένους,
1471 3737 1546 3800 ὡς
1583 3735 1672 3793 καί
1733 3737 1841 3792 ἂνω
1891 3733 2095 3815 ἔλεγεν,

437 3855 466 3885 «
500 3831 594 3887 Ἐκ
620 3834 720 3886 τοῦ
762 3826 1114 3907 Εὐαγγελίου
1147 3833 1267 3903 ζῇν,
1302 3852 1329 3882 ››
1362 3827 1665 3898 τουτέστιν,
1694 3824 1754 3882 ἐκ
1785 3826 1892 3882 τών
1946 3827 2097 3900 αὐτῷ

435 3923 897 3981 πεπιστευκότων.
958 3927 1127 3979 Τοῦτο
1178 3919 1236 3978 δὲ
1293 3925 1458 3990 ποιῶ,
1530 3919 1618 3975 διὰ
1673 3919 1800 3982 τοὺς
1883 3919 1944 3975 ἐκ
1998 3923 2095 3975 τοῦ

439 4013 790 4096 Εὖαγγελίου
821 4017 1231 4078 πιστεύσαντας.
1265 4021 1377 4072 Ἵνα
1409 4011 1650 4082 δυνηθῶ,
1682 4011 1839 4092 φησὶ,
1890 4031 2097 4068 κοινω-

1530 3917 1618 3975 διὰ
1673 3918 1800 3982 τοὺς

437 4118 597 4181 νῆσαι
630 4114 817 4174 σῦτοῖς
845 4115 955 4167 τῶν
988 4109 1364 4182 ἀποκειμένων
1394 4107 1578 4170 αὐτοῖς
1608 4105 1852 4182 ἀγαθῶν,
1922 4106 2100 4162 πάντα

440 4201 674 4274 ἐποίησα
705 4202 793 4257 καὶ
827 4203 994 4256 ποιῶ.
1025 4200 1169 4274 Ὅρα
1206 4195 1703 4273 ταπεινοφροσύνης
1762 4189 2097 4270 ὑπερϐολήν.

438 4295 618 4348 Ταῦτα
651 4289 709 4346 δὲ
741 4289 948 4368 ἔλεγεν,
983 4288 1082 4344 οὐκ
1113 4285 1298 4356 ἐπειδὴ
1338 4289 1516 4360 μισθῷ
1543 4307 1652 4341 τινι
1679 4289 1848 4340 ταῦτα
1902 4280 2101 4358 ἔπρατ-

440 4402 552 4449 τεν,
584 4378 712 4436 ἀλλ’
739 4382 831 4435 ἳνα
862 4379 1097 4440 ἐκείνους
1129 4377 1493 4444 ἐπισπάσηται,
1524 4377 1692 4430 πάντα
1735 4380 1911 4430 ποιεῖν
1965 4375 2098 4449 ὑπὲρ

440 4474 540 4540 τῆς
567 4475 677 4526 τῶν
709 4468 962 4549 ἀδελφῶν
1010 4463 1337 4539 οἰκοδομῆς,
1387 4465 1462 4528 ὡς
1509 4465 1599 4520 καὶ
1648 4462 1848 4525 ἐκεῖνος
1903 4462 2096 4519 ἐποίει”

2210 3381 2311 3438 sed
2344 3388 2402 3436 et
2425 3382 2577 3438 alios
2609 3383 2752 3455 ipsis
2785 3400 2913 3440 esse
2947 3384 3230 3441 molestos
3254 3384 3559 3457 prohibuit
3583 3386 3645 3438 ¹¹.
3675 3405 3699 3436 υ
3728 3383 3866 3440 Om-

2204 3471 2382 3528 nibus
2412 3473 2614 3530 omnia
2643 3474 2831 3529 factus
2864 3491 3017 3531 sum.
3078 3497 3107 3525 ››
3168 3475 3236 3530 Ut
3292 3475 3550 3531 breviter
3615 3474 3866 3530 dicam:

2206 3563 2496 3620 Omnibus
2512 3569 2698 3620 Iactus
2721 3580 2852 3620 sum
2876 3565 2935 3620 id
2954 3564 3113 3636 quod
3136 3581 3321 3630 eram,
3344 3582 3454 3623 nec
3484 3572 3685 3621 tamen
3737 3579 3869 3620 om-

2207 3667 2316 3707 nes
2338 3652 2530 3708 salvos
2548 3653 2741 3709 facere
2761 3657 3251 3725 sperans(revera
3275 3654 3433 3710 enim
3457 3653 3543 3710 sic
3566 3669 3686 3709 non
3716 3651 3864 3708 adeo

2207 3738 2630 3796 admirandum
2646 3740 2956 3813 esset),sed
2972 3748 3037 3796 ut
3057 3743 3145 3797 vel
3171 3759 3392 3814 paucos
3415 3742 3606 3798 salvos
3619 3740 3856 3796 faciam.

2208 3829 2374 3896 Quod
2405 3837 2601 3888 autem
2636 3832 2755 3887 ait:
2790 3854 2816 3881 «
2852 3831 3162 3900 Omnino,»
3195 3833 3374 3888 etiam
3395 3831 3470 3888 ad
3501 3830 3862 3888 exhortatio-

2209 3938 2346 3978 nem
2377 3922 2828 3995 praedicantium
2863 3923 3124 3995 ponitur.
3167 3921 3680 3988 Quemadmodum
3701 3921 3863 3977 enim

2209 4027 2440 4080 omnes,
2474 4011 2690 4082 inquit,
2751 4011 2943 4067 salvos
3001 4012 3200 4068 facere
3253 4017 3412 4068 esset
3459 4009 3724 4078 difficile,
3785 4009 3871 4064 ita

2210 4118 2444 4174 quoque
2479 4101 2605 4157 fieri
2638 4118 2758 4156 non
2789 4101 2961 4158 facile
2991 4105 3189 4173 potest
3219 4105 3284 4156 ut
3313 4100 3466 4156 nulli
3501 4097 3644 4156 salvi
3696 4099 3864 4154 fiant.

2211 4193 2371 4247 «Hoc
2385 4197 2583 4246 autem
2596 4190 2746 4247 facio
2760 4197 3002 4263 propter
3020 4190 3422 4265 Evangelium.
3443 4215 3463 4241 ι
3495 4190 3868 4264 Evangelium

2211 4281 2704 4355 diciteosquiper
2723 4282 3104 4357 Evangelium
3120 4283 3266 4338 salvi
3295 4283 3472 4338 ﬁunt:
3500 4282 3654 4338 sicut
3686 4281 3865 4337 etiam

2210 4382 2386 4430 antea
2415 4373 2566 4428 dixit
2599 4390 2611 4427 :
2649 4397 2674 4424 α
2710 4373 2789 4428 Ex
2821 4373 3133 4446 Evangelio
3167 4373 3382 4439 vivere,
3418 4393 3442 4424 ι
3480 4371 3591 4428 hoc
3623 4377 3734 4438 est,
3795 4387 3867 4428 ex

2210 4463 2304 4519 his
2334 4463 2435 4535 qui
2469 4462 2580 4535 ipsi
2613 4462 3017 4519 crediderunt.
3056 4467 3174 4518 Hoc
3204 4469 3406 4519 autem
3438 4462 3590 4518 facio
3623 4468 3868 4534 propter

441 4581 546 4624 ωε
578 4565 679 4636 qui
713 4580 783 4619 ex
814 4561 1124 4635 Evangelia
1151 4557 1554 4614 crediderunt.
1612 4556 1684 4612 Ut
1740 4555 1984 4628 possim,
2044 4555 2257 4628 inquit,
2319 4571 2455 4608 cum
2514 4554 2659 4632 ipsis
2719 4555 3014 4626 particeps
3069 4554 3197 4610 fieri
3256 4554 3659 4626 repositorum
3714 4552 3864 4624 ipsis

441 4653 758 4719 bonorum,
787 4653 988 4709 omnia
1018 4650 1132 4706 feci
1162 4655 1220 4704 et
1249 4647 1420 4704 facio.
1458 4646 1599 4703 Vide
1633 4645 1936 4701 modestim
1969 4643 2453 4718 magnitudinem.
2485 4645 2617 4700 Haec
2670 4649 2870 4698 autem
2930 4644 3182 4711 dicebat,
3242 4659 3365 4698 non
3423 4641 3582 4713 quod
3630 4640 3704 4697 ob
3757 4641 3868 4696 ali-

444 4742 604 4815 quod
636 4744 946 4815 praamium
979 4741 1106 4796 haec
1136 4739 1358 4796 faceret
1389 4754 1403 4793 :
1438 4736 1543 4794 sed
1572 4743 1638 4792 ut
1668 4736 1803 4792 illos
1824 4735 2170 4803 attraheret,
2204 4750 2320 4805 quo
2351 4733 2553 4789 omnia
2582 4731 2847 4790 facerent
2877 4750 2980 4806 pro
2999 4733 3249 4789 fratrum
3271 4731 3688 4798 aedificatione,
3712 4732 3872 4786 sicut

444 4839 506 4889 et
537 4833 666 4905 ipse
691 4833 968 4890 faciebat.

517 5040 634 5100 Οὐκ
691 5038 877 5096 ο⁹ίδατε
931 5039 1014 5094 ὅτι
1073 5040 1124 5094 οἱ
1184 5037 1236 5093 ἐν
1298 5033 1502 5108 σταδίῳ
1561 5035 1850 5112 τρέχοντες
1909 5034 2104 5099 πάντες
2137 5041 2182 5107 D

449 5133 544 5205 μὲν
609 5130 921 5206 τρέχουσιν,
1011 5131 1091 5190 εἷς
1177 5125 1234 5182 δὲ
1319 5120 1590 5202 λαμϐὶνει
1643 5127 1706 5180 τὸ
1769 5121 2023 5200 βραϐεῖον
2082 5147 2098 5197 ;

445 5221 636 5285 Οὕτως
663 5218 889 5298 τρέχετέ
933 5216 1022 5272 ἳνα
1075 5210 1446 5287 καταλάϐητε.
1509 5217 1618 5278 Hi;
1680 5216 1709 5270 ὁ
1766 5214 2105 5290 ἀγωνιζόμε-

443 5331 555 5374 νος.
613 5309 793 5366 παῖντα
848 5306 1246 5383 ἐγκρατεύεται.
1321 5308 1559 5362 Ἐκεῖνοι
1648 5303 1744 5377 μέν
1839 5305 1936 5360 οὗν
2006 5305 2101 5362 ἳνα

447 5400 680 5479 φθαρτὸν
750 5397 1004 5478 στέφανον
1062 5391 1331 5462 λάϐωσιν,
1405 5396 1570 5469 ἡμεῖς
1660 5391 1716 5448 δὲ
1802 5392 2097 5471 ἄφθαρτον.

447 5491 590 5565 Ἐγὼ
620 5489 800 5546 τοίνυν
831 5485 1004 5550 οὕτως
1059 5485 1267 5564 τρέχω,
1328 5483 1406 5547 ὡς
1459 5484 1565 5540 οὐκ
1609 5480 1859 5554 ἀδήλωςο
1919 5483 2098 5548 οὕτως

447 5579 718 5654 πυκτεύω,
777 5579 851 5640 ὡς
905 5577 1006 5632 οὑκ
1079 5573 1210 5651 ἀέρα
1293 5571 1490 5650 δέρων,
1573 5571 1701 5629 ἀλλ’
1791 5573 2096 5644 ὑπωπιάζω

525 5697 573 5736 ¹⁰
601 5700 725 5753 Act.
759 5698 877 5763 xxi,
911 5697 999 5751 20.
1035 5695 1078 5732 η
1112 5693 1282 5760 Rom,
1307 5708 1422 5759 xxv,
1456 5694 1479 5745 l
1517 5707 1643 5763 neq.

2284 5061 2310 5088 ‹‹
2331 5039 2614 5106 ΙΧ,24ο27,
2631 5040 2721 5094 An
2733 5038 2981 5094 nescitis
3000 5037 3157 5109 quod
3176 5038 3274 5110 qui
3291 5038 3352 5094 in
3392 5039 3567 5094 statio
3595 5042 3865 5104 currunt,

2213 5152 2240 5179 ι(
2257 5145 2467 5184 omnes
2484 5128 2726 5200 quidem
2745 5128 3126 5191 currunt.sed
3140 5145 3292 5184 unus
3305 5129 3523 5200 accipit
3537 5125 3872 5200 praemium?

2213 5240 2241 5269 «
2256 5218 2350 5274 Sic
2370 5219 2589 5274 currite
2606 5224 2674 5274 ut
2695 5219 3736 5292 comprehendatis.Quisquisautem
3750 5233 3872 5274 cer-

2210 5331 2238 5358 ‹‹
2265 5313 2350 5364 tat
2376 5309 2622 5364 omnino
2647 5315 2988 5380 temperans
3011 5315 3121 5364 est.
3149 5309 3240 5365 llli
3265 5309 3562 5380 siquidem
3579 5315 3648 5364 ut
3667 5322 3870 5364 corru-

2214 5420 2240 5448 ‹‹
2254 5397 2526 5470 ptibilem
2541 5413 2821 5453 coronam
2838 5398 3272 5470 accipiant,nos
3284 5415 3419 5454 vero
3448 5396 3872 5468 incorruptibi-

2215 5510 2241 5538 ‹‹
2257 5488 2520 5562 lem.Ego
2536 5489 2736 5559 itaque
2751 5487 2836 5544 sic
2850 5504 3045 5554 curro,
3069 5494 3266 5545 utnon
3281 5490 3428 5546 ΜΠ
3454 5489 3514 5544 in
3528 5488 3824 5544 incertum
3851 5498 3872 5538 :

2212 5599 2233 5624 ι
2251 5578 2339 5634 sic
2355 5577 2616 5651 pugilem
2628 5593 2887 5651 ago,non
2900 5577 3060 5634 velut
3074 5596 3276 5638 aerem
3287 5579 3508 5636 feriens
3527 5594 3541 5633 :
3560 5576 3663 5633 sed
3676 5571 3877 5644 subji-
