4118 6442
249 400 357 481 m‘

1370 410 1778 475 (EGUMENII
1821 384 2135 469 Τπιεολε
2175 382 2525 474 Εριεοορι

3539 384 3671 473 ττι

248 557 331 611 cio
347 533 547 624 corpus
557 566 737 607 meum
758 556 811 605 et
831 550 891 603 in
902 527 1220 604 servitutem
1236 527 1451 617 redigo,
1483 524 1551 601 ne
1573 542 1682 616 quo
1727 532 1883 599 rnodc

2012 548 2118 614 μου
2173 544 2237 599 τὸ
2280 534 2453 617 ’σῶμα
2507 547 2599 602 καὶ
2658 538 3027 625 δουλαγωγῶ,
3088 548 3166 623 μή
3262 566 3381 609 πως
3452 535 3685 608 ,ἄλλοις⁸

247 648 365 716 ﬁat,
387 649 449 698 ut
470 657 591 697 cum
616 640 742 695 aliis
758 639 1181 710 pmdicaverim
1208 640 1323 709 ipse
1361 638 1625 709 reprobus
1660 633 1896 705 efﬁciar.

321 734 640 803 Postquam
672 730 933 786 ostendit
961 735 1233 800 oportere
1267 726 1580 783 demittere
1611 741 1673 780 se
1704 724 1779 780 ad
1808 725 1902 779 in-

252 822 478 888 ﬁrmos,
508 819 811 876 dicendo:
872 843 899 869 (ι
954 819 1167 874 Factus
1225 834 1357 872 sum
1416 816 1583 888 quasi
1639 813 1896 879 Judmus,

250 911 419 982 quasi
452 910 583 965 sine
615 909 765 982 lege.
799 907 967 980 quasi
994 907 1290 969 infirmus.
1320 928 1346 955 »ι
1385 912 1453 961 ut
1499 921 1600 960 eos
1632 903 1733 974 qui
1764 917 1897 956 vere

246 1001 396 1055 tales
427 1010 599 1054 erant
628 998 821 1053 salvos
851 997 1105 1053 facerem
1140 1013 1151 1051 :
1188 996 1469 1065 deinceps
1527 993 1724 1048 acrius
1759 1007 1896 1047 cum

247 1090 332 1146 eis
351 1090 609 1146 disserit.
637 1090 755 1145 Hoc
777 1094 975 1144 autem
1007 1087 1342 1158 exemplum
1401 1085 1618 1156 posuit,
1646 1099 1765 1139 non
1798 1097 1896 1137 vo-

240 1178 377 1236 lens
407 1179 724 1235 ostendere
759 1195 818 1233 se
852 1178 1044 1233 solum
1067 1193 1135 1232 ex
1166 1176 1447 1231 omnibus
1478 1172 1744 1229 futurum
1764 1170 1891 1226 sal—

237 1285 373 1324 vum
412 1285 425 1323 :
459 1268 657 1324 absit:
693 1267 795 1323 sed
845 1265 1170 1322 ostendens
1227 1263 1387 1337 quod
1444 1263 1588 1319 satis
1644 1277 1767 1317 non
1816 1261 1895 1315 sit

236 1361 481 1416 credere
513 1365 764 1423 tantum,
800 1358 955 1413 sicut
983 1374 1094 1413 nec
1125 1357 1245 1412 illis
1277 1356 1420 1412 satis
1479 1360 1570 1409 est
1626 1367 1887 1416 currere,

238 1449 339 1505 sed
373 1454 607 1520 Oportet
637 1448 985 1521 diligentem
1013 1463 1082 1502 ac
1109 1445 1382 1501 sedulum
1416 1459 1569 1505 esse.
1592 1458 1781 1514 usque
1812 1441 1887 1497 ad

236 1539 465 1611 prmmii
525 1539 644 1593 sive
702 1553 947 1593 coronis
995 1536 1461 1608 perceptionem.
1535 1535 1887 1604 Quanquam

237 1629 396 1684 enim
417 1627 577 1696 fidei,
600 1627 811 1700 inquit.
832 1626 1109 1681 notitiam
1150 1624 1402 1691 habetis,
1453 1624 1571 1679 nisi
1603 1639 1732 1678 eam
1766 1622 1884 1676 fra-

232 1722 392 1774 trum
411 1714 1223 1788 dilectionijunxeritisnibil
1244 1712 1685 1786 proderitvobis
1738 1711 1884 1767 Nam

231 1806 294 1861 in
321 1806 731 1879 superioribus
755 1822 991 1878 quoque
1013 1804 1173 1860 hunc
1205 1818 1542 1859 sermonem
1577 1800 1879 1873 explicuit.

2008 631 2265 707 κηρύξας,
2299 632 2461 699 αὐτὸς
2489 632 2755 709 ἀδυῖκιμος
2786 632 3057 710 γένωμαι.

2079 724 2231 781 Μετὰ
2258 724 2320 778 τὸ
2346 721 2515 793 δεῖξαι
2566 721 2683 780 δεῖν
2742 717 3185 800 συγκαταϐαίνειν
3243 728 3363 787 τοῖς
3420 723 3663 788 ἀσθενέσι

2007 807 2076 865 δι’
2099 809 2174 866 ὧν
2208 812 2375 880 εἶπεν,
2413 838 2440 866 ‹‹
2468 814 2765 889 Ἐγενόμην
2811 815 2888 877 ὡς
2948 811 3236 883 Ἰουδαῖος,
3294 811 3372 876 ὡς
3429 808 3685 886 ἄνομος,

2005 896 2080 961 ὠς
2108 900 2356 972 ἀσθενής,
2390 927 2417 954 ››
2443 901 2536 958 ’ἳνα
2566 903 2697 967 τοὺς
2729 903 2781 959 ἐν
2813 903 3048 976 ἀληθείᾳ
3080 899 3239 965 ὄντας
3273 901 3447 965 οὕτως
3475 903 3659 972 σώσω,

2005 989 2201 1047 λοιπὸν
2275 993 2724 1071 πληκτικώτερον
2805 996 2992 1058 αὐτοῖς
3066 993 3398 1072 διαλέγεται.
3475 995 3552 1052 Τὸ
3603 991 3661 1050 δὲ

2000 1077 2349 1157 παράδειγμα
2378 1088 2547 1140 τοῦτο
2576 1087 2715 1154 εἷπε,
2747 1084 2809 1140 οὐ
2842 1080 3009 1156 δεῖξαι
3039 1084 3217 1140 θέλων
3276 1084 3359 1139 ὅτι
3414 1082 3474 1139 ἐκ
3519 1083 3659 1137 πάν-

2001 1191 2108 1226 των
2144 1171 2218 1232 εἷς
2267 1174 2596 1246 σωθήσεται,
2658 1172 2879 1249 ἃπαγεί
2938 1171 3085 1228 ἀλλᾶ
3152 1170 3357 1235 δεικνὺς
3410 1172 3494 1228 ὅτι
3552 1173 3653 1229 οὐκ

1998 1259 2153 1335 ἀρκεῖ
2179 1261 2461 1318 πιστεῦσαι
2497 1263 2678 1337 μόνον.
2737 1262 2920 1338 ὣσπερ
2969 1260 3096 1319 οὐδὲ
3148 1262 3372 1325 ἐκείνοις
3418 1262 3481 1318 τὸ
3531 1260 3655 1337 δρα·

2001 1355 2139 1423 μεῖν,
2174 1352 2319 1407 άλλά
2356 1353 2470 1432 χρὴ
2499 1349 2820 1422 σπουδάζειν
2885 1354 3086 1431 μέχρις
3138 1353 3307 1410 αὐτοῦ
3358 1356 3458 1409 τοῦ
3517 1354 3656 1428 βρα-

1997 1436 2168 1511 ϐείου,
2244 1439 2413 1519 ἤγουν
2488 1448 2586 1500 τοῦ
2659 1444 2947 1520 στεφάνου.
3024 1443 3089 1501 Εἰ
3165 1443 3272 1519 γὰρ
3309 1446 3397 1499 καὶ
3448 1448 3651 1519 γνῶσιν

1995 1528 2170 1612 ἔχετε,
2252 1533 2409 1608 φησῖ,
2462 1540 2566 1603 τῆς
2620 1533 2878 1604 πίστεως,
2936 1533 2982 1590 εί
3044 1533 3122 1607 μὴ
3185 1533 3319 1606 μετά
3384 1539 3484 1603 τῆς
3539 1537 3648 1589 τῶν

1992 1616 2245 1699 ἀδελφῶν
2278 1621 2489 1696 ἀγάπης
2519 1620 2698 1702 ἔχετε,
2755 1621 2909 1679 οὐδὲν
2960 1621 3401 1703 ὠφεληθήσεσθε.
3451 1618 3679 1678 Τοῦτο(

1990 1709 2092 1785 γάρ
2123 1710 2214 1765 καὶ
2246 1711 2357 1765 ἄνω
2384 1714 2477 1768 τὸν
2511 1710 2681 1790 λόγον
2715 1711 3030 1788 ἐγύμνασεν.
3093 1736 3121 1764 ι(
3157 1710 3346 1773 Οὕτως
3403 1712 3648 1789 τρέχετε,

1988 1792 2079 1851 ’ίνα
2135 1792 2504 1868 καταλιῗϐητε.
2569 1824 2589 1851 ι
2649 1799 2761 1855 Οὐκ
2817 1802 2919 1875 αρα
2996 1796 3399 1878 κατειληφότες
3481 1798 3641 1868 ἦσαν.

231 1917 261 1947 ‹‹
285 1894 379 1953 Sic
396 1897 616 1952 currite
637 1902 705 1951 ut
728 1893 1270 1967 comprehendutis.
1301 1918 1323 1945 ι
1361 1892 1565 1964 Itaque
1614 1889 1880 1947 nondum

1994 1908 2023 1937 ‹‹
2057 1889 2164 1948 Πᾶς
2198 1883 2254 1942 δὲ
2287 1887 2314 1942 ὁ
2344 1886 2772 1964 ἀγωνιζόμενος.
2805 1912 2834 1942 »
2867 1885 3116 1945 Διδάσκει
3148 1889 3237 1944 καὶ
3268 1888 3361 1943 τὸν
3418 1887 3649 1963 τρόπον,

230 1986 812 2057 comprehenderant
842 2008 868 2034 ‹‹
901 1984 1183 2055 Quisquis
1213 1989 1409 2038 autem
1444 1987 1649 2037 certat.
1686 1982 1736 2051 ii"
1766 1980 1882 2036 Do-

233 2080 328 2130 cet
357 2075 536 2130 etiam
567 2073 810 2130 modum
841 2090 958 2145 quo
1015 2073 1206 2146 possit
1264 2071 1560 2144 quispiam
1610 2085 1881 2141 compre-

235 2165 516 2221 hendere.
579 2187 608 2215 ‹‹
667 2164 921 2221 Omnino
981 2169 1320 2236 temperans
1378 2166 1487 2217 est.
1576 2162 1697 2216 Hoc
1773 2166 1882 2232 est,

230 2254 361 2311 Non
392 2254 785 2326 aliquousque
817 2258 1109 2325 temperat
1164 2257 1223 2308 et
1278 2251 1676 2322 aliquousque
1733 2265 1877 2305 non.

231 2338 375 2399 Nam
408 2342 522 2399 hoc
550 2358 683 2398 vere
741 2347 967 2398 certare
1029 2347 1138 2407 est,
1199 2347 1550 2397 cunctarum
1596 2340 1880 2394 virtutum

231 2447 285 2489 et
317 2439 748 2505 praeceptorum
783 2431 1192 2488 observantem
1225 2447 1377 2496 esse,
1415 2436 1474 2485 et
1502 2428 1574 2485 ab
1604 2427 1884 2485 omnibus

226 2523 402 2580 malis
434 2529 492 2578 et
520 2522 837 2578 contrariis
867 2521 1165 2577 abstinere
1195 2537 1208 2575 :
1242 2518 1338 2575 hic
1369 2520 1532 2575 enim
1564 2535 1736 2574 verus
1796 2523 1886 2574 est

227 2612 412 2686 pugil.
450 2638 469 2661 ι
510 2613 581 2668 Ut
610 2612 1061 2684 corruptibilem
1088 2626 1370 2667 coronam
1404 2609 1718 2681 accipiant.
1755 2631 1784 2659 »
1804 2610 1885 2665 Ex

229 2701 673 2773 comparatione
702 2701 779 2756 ad
810 2701 871 2755 id
908 2699 1067 2769 quod
1098 2699 1302 2755 minus
1328 2705 1417 2754 est
1437 2714 1561 2753 rem
1595 2704 1788 2771 auget.
1825 2697 1883 2752 Si

230 2792 288 2847 hi
323 2792 722 2864 inquit,quiin
743 2790 936 2847 stadio
950 2790 1456 2846 certantomnino
1482 2795 1885 2860 temperantes

233 2888 374 2937 sunt
400 2897 476 2937 ne
508 2880 918 2937 fortitudinem
967 2886 1376 2951 corrumpant,
1437 2878 1886 2949 corruptibilem

231 2975 473 3043 Optante
489 2970 1098 3042 coronam,quomodo
1115 2986 1224 3024 nos
1239 2969 1338 3039 qui
1363 2968 1882 3039 incorruptibilem

230 3068 644 3133 exspectamus
672 3077 789 3116 non
828 3059 1012 3115 muito
1044 3059 1234 3132 magis
1264 3058 1337 3113 ab
1360 3058 1637 3114 omnibus
1665 3058 1887 3114 nocivis

227 3151 683 3208 abstinebimus.
715 3173 737 3196 α
769 3151 885 3223 Ego
918 3151 1139 3220 itaque.
1177 3172 1203 3198 »
1240 3149 1509 3220 Seipsum
1568 3155 1777 3219 postea
1824 3148 1886 3203 in

227 3243 564 3313 exemplum
600 3241 841 3312 protr-rt.
877 3248 935 3295 et
962 3240 1220 3311 optimus
1255 3238 1348 3293 hic
1380 3237 1631 3293 docendi
1671 3236 1882 3293 modus

229 3337 318 3387 est
343 3349 375 3386 ει
406 3332 601 3403 seipso
635 3331 909 3402 exempla
948 3330 1211 3385 invenire
1263 3329 1378 3400 Ego
1400 3329 1598 3399 itaque
1615 3327 1878 3400 pruden-

230 3421 313 3475 tia
330 3421 477 3476 duce
500 3437 695 3486 curro,
719 3437 840 3475 non
866 3420 925 3473 in
949 3419 1267 3484 incertum,
1304 3418 1414 3473 hoc
1464 3424 1574 3485 est,
1606 3434 1726 3472 non
1758 3417 1879 3472 fru-

233 3499 355 3564 stra
385 3514 443 3564 et
471 3508 535 3563 in
558 3508 804 3573 vanum,
839 3514 896 3562 et
925 3507 998 3562 ad
1028 3507 1264 3561 nullum
1297 3522 1566 3577 scopum,
1601 3507 1756 3561 sicut
1780 3522 1880 3561 vos

229 3598 329 3669 qui
359 3597 431 3652 in-
450 3590 673 3653 vanum
704 3597 962 3653 curritis.
995 3596 1136 3661 Qua:
1159 3595 1316 3651 enim
1340 3594 1505 3651 vobis
1554 3594 1780 3651 utilitas
1809 3611 1882 3651 ex

225 3688 294 3741 eo
321 3686 482 3758 quod
511 3692 795 3758 tanquam
826 3685 1255 3758 perfectionem
1289 3689 1657 3740 ostentantes
1688 3683 1880 3739 idolo-

226 3777 393 3847 thyta
419 3775 627 3845 edatis,
661 3791 796 3833 cum
852 3776 978 3831 haec
1036 3780 1251 3842 vestra,
1312 3773 1529 3845 inquit,
1591 3771 1878 3845 perfectio

225 3865 391 3922 fratri
424 3866 677 3923 noceat?
720 3868 795 3921 At
823 3882 943 3921 non
975 3881 1079 3938 ego
1111 3864 1213 3929 ita,
1249 3863 1352 3919 sed
1384 3863 1641 3937 exigenti
1665 3880 1878 3936 oppor-

226 3956 475 4012 tunitate
504 3957 683 4012 etiam
715 3955 831 4012 mei
864 3955 1227 4011 demissione
1259 3970 1402 4009 usus
1433 3969 1586 4020 sum,
1640 3959 1705 4008 ut
1753 3950 1887 4009 om;

225 4045 636 4119 ninoaliquos
666 4045 858 4101 salvos
882 4045 1115 4100 faciam.
1144 4066 1173 4096 «
1205 4045 1332 4099 Non
1356 4043 1515 4099 velut
1536 4059 1736 4099 aerem
1786 4043 1876 4100 fe-

223 4138 407 4192 riens.
443 4159 470 4186 ››
504 4138 590 4192 lta
619 4137 881 4209 pugilem
913 4152 1018 4209 ago
1043 4141 1101 4191 et
1129 4139 1311 4199 certo,
1335 4149 1455 4190 non
1480 4139 1544 4190 ut
1561 4150 1760 4190 aerem
1791 4135 1877 4190 fe-

218 4220 375 4297 riam
409 4243 422 4281 :
457 4225 648 4282 habeo
683 4227 844 4282 enim
876 4242 1053 4298 quem
1084 4223 1296 4280 feriam
1355 4222 1661 4279 diabolum
1697 4239 1711 4280 :
1771 4240 1874 4280 vos

221 4320 420 4371 autem
444 4313 909 4379 ﬁde-currentes,
937 4320 994 4370 et
1043 4313 1385 4370 verberibus
1433 4313 1664 4385 pugiles
1696 4330 1877 4387 agen-

219 4408 334 4470 tes,
366 4404 439 4459 ad
469 4403 624 4475 nihil
653 4419 861 4461 eorum
890 4420 1022 4475 quas
1050 4407 1373 4475 oporteret,
1405 4402 1666 4458 utimini.
1719 4403 1873 4460 508

226 4515 267 4543 tr
288 4492 401 4549 Sed
430 4494 687 4565 subjicio
712 4487 948 4566 corpus
968 4509 1191 4549 meum.
1230 4515 1258 4542 »
1291 4494 1417 4548 Non
1451 4492 1750 4564 permitto,
1786 4493 1878 4550 in-

229 4580 376 4653 quit,
408 4579 607 4660 ventri?
630 4588 733 4639 aut
762 4583 996 4655 corpori
1031 4599 1161 4638 meo
1192 4582 1471 4641 habenas.
1498 4582 1600 4637 sed
1633 4599 1878 4639 coerceo

1953 3238 2312 3310 .toqapoﬁv,
2376 3238 2513 3310 μετά
2571 3239 2832 3314 γνώσεως
2908 3238 3115 3313 τρέχω,

1948 3320 2289 3391 ’τουτέστιη
2361 3325 2464 3381 οὐκ
2520 3325 2638 3397 εῗκῆ
2712 3326 2804 3382 καὶ
2868 3328 3044 3401 μάτην
3113 3326 3203 3383 καὶ
3256 3326 3392 3402 πρὸς
3464 3323 3656 3381 οὐδένα

1992 1978 2112 2037 πῶς
2142 1973 2203 2031 ἂν
2243 1997 2327 2040 τις
2383 1973 2711 2036 καταλάϐοι.
2781 1980 2982 2045 Πάντα,
3025 1979 3182 2059 φησὶ,
3243 1977 3647 2056 ἐγκρατεύεται,

1988 2063 2264 2121 τουτέστιν
2325 2066 2456 2144 οὐχὶ
2507 2065 2669 2125 τοῦδε
2725 2068 2821 2143 μὲν
2879 2068 3179 2145 ἀντέχεται,
3231 2065 3391 2125 τοῦδε
3447 2065 3505 2124 δὲ
3561 2067 3647 2124 οὕ·

1989 2157 2151 2211 τοῦτο
2183 2155 2310 2232 γάρ,
2350 2158 2414 2213 τὸ
2472 2153 2644 2222 ὅντως
2699 2157 3088 2234 ἀγωνίσασθαι,
3145 2159 3209 2215 τὸ
3265 2159 3480 2214 πάντων
3541 2161 3648 2213 τῶν

1991 2243 2199 2318 ἀρετῶν
2219 2244 2308 2300 καὶ
2359 2243 2595 2303 ἐντολῶν
2656 2245 2831 2327 φύλαξ
2885 2247 3151 2325 γενέσθαι,
3200 2247 3292 2303 καὶ
3348 2245 3649 2324 ἀπέχεσθαι

1989 2333 2207 2388 πάντων
2265 2334 2372 2390 τῶν
2425 2339 2686 2408 πονηρῶν
2743 2336 2834 2392 καὶ
2919 2334 3202 2396 ἐναντίων,
3280 2335 3465 2399 Οὗτος
3547 2334 3652 2412 γὰρ

1994 2420 2210 2496 ἀληθὴς
2241 2427 2571 2503 ἀγωνιστής.
2600 2452 2627 2481 ‹‹
2649 2430 2763 2485 Ἵνα
2790 2427 3029 2506 φθαρτὸν
3051 2427 3309 2508 στέφανον
3332 2421 3596 2485 λάϐωσιν.
3622 2451 3660 2498 ››⁴

1993 2512 2088 2569 Ἐκ
2113 2521 2215 2584 τῆς
2247 2515 2324 2581 εἷς
2366 2518 2431 2573 τὸ
2488 2515 2712 2575 ἔλαττον
2772 2519 3102 2596 συγκρίσεως
3159 2514 3305 2589 αὔξει
3352 2515 3415 2572 τὸ
3472 2519 3659 2594 πρᾶγ-ι

1995 2623 2091 2676 μα.
2122 2604 2184 2659 Ei
2216 2605 2268 2661 οἱ
2295 2606 2715 2682 ἀγωνιζόμενοι,
2748 2610 2935 2686 φησὶν,
2982 2608 3035 2664 ἐν
3088 2612 3167 2680 τῷ
3223 2605 3426 2681 σταδίῳ
3474 2606 3651 2663 πάντα

1995 2690 2435 2767 ἰγκρατεῦονται,
2464 2693 2559 2751 ἵνα
2593 2698 2671 2770 μὴ
2700 2698 2801 2768 τήν
2860 2697 3022 2773 ἰσχὺν
3079 2695 3351 2753 ἐκλῦσωσι
3405 2695 3670 2771 φθαρτοῦ

1994 2779 2268 2857 ἐᾳιέμενοι
2302 2786 2587 2862 στεφάνου,
2639 2791 2756 2849 πῶς
2812 2789 2980 2859 ἡμεῖς
3041 2787 3093 2843 οἳ
3148 2785 3422 2861 ἄψθαρτον
3478 2805 3649 2861 προσ-

1994 2866 2281 2936 δοκῶντες.
2316 2874 2420 2929 οὐκ
2451 2872 2515 2934 ἄν
2587 2874 2803 2948 μᾶλλον
2857 2875 3339 2951 ἐμρατευσὼμεθα
3396 2874 3458 2931 ἐκ
3512 2874 3648 2929 πάν-

1991 2981 2102 3016 των
2132 2967 2242 3017 τῶν
2300 2961 2653 3039 βλαπτόντων
2684 2984 2699 3036 ;
2733 2992 2760 3018 ‹‹
2797 2966 2938 3041 Ἐγὼ
2967 2965 3173 3021 τοίνυν.
3206 2990 3235 3019 ››
3268 2964 3469 3021 Λοιπὸν
3509 2963 3638 3019 ἑαυ-

1992 3053 2084 3107 τὸν
2118 3052 2193 3115 εἷς
2227 3052 2388 3126 μέσον
2422 3057 2593 3135 φέρει·
2645 3057 2805 3120 οὗτος
2864 3056 3083 3134 ἄριστος
3139 3056 3343 3131 τρόπος
3396 3052 3646 3111 διδασκα-

1993 3141 2141 3212 λίας,
2219 3142 2269 3214 ἒξ
2345 3145 2538 3201 ἑαυτοῦ
2614 3147 2788 3203 εὑ’.εῖν
2864 3148 2934 3204 τά
3004 3143 3433 3222 παραδείγματα.
3509 3144 3661 3220 ἹιῖγὼΔ

3205 3235 3339 3313 οὐχῖ
3408 3234 3653 3306 ἀδήλως,

1988 3412 2219 3481 σκοπὸν,
2252 3414 2329 3479 ὡς
2390 3415 2571 3489 ὑμεῖς,
2625 3418 2820 3492 φησὶν,
2878 3416 2930 3472 οἱ
2982 3417 3159 3492 μάτην
3217 3419 3529 3492 τρέχοντες.
3586 3414 3655 3474 Τί

1985 3500 2087 3576 γὰρ
2125 3502 2279 3578 ὑμῖν,
2340 3505 2530 3582 φησὶν,
2593 3502 2794 3585 ὄφελος
2853 3505 2913 3563 ἐκ
2967 3511 3065 3563 τοῦ
3119 3505 3442 3576 τελειότητα
3495 3503 3655 3577 δῆθεν

1988 3588 2393 3659 ὲπιδείκνυσθαι
2453 3594 2507 3650 ἐν
2568 3600 2650 3670 τῷ
2706 3596 2777 3653 τά
2831 3594 3173 3662 εἰδωλόθυτα
3260 3596 3478 3666 ἐσθίειν,
3537 3595 3654 3667 in,

1988 3700 2085 3736 σου
2114 3680 2400 3756 τελειότης
2435 3683 2671 3761 βλάπτει
2713 3687 2809 3743 τὸν
2860 3684 3144 3767 ἀδιλφόνς
3195 3684 3353 3746 Ἀλλ’
3405 3686 3507 3741 οὐκ
3554 3684 3661 3761 ἑγὼ

1988 3770 2189 3844 οὕτως,
2248 3776 2431 3856 φησῖν,
2491 3773 2624 3833 ἀλλ’
2678 3775 2733 3833 ἐν
2817 3782 2995 3855 καιρῷ
3077 3777 3170 3833 καὶ
3253 3770 3647 3854 συγκαταϐάσει

1983 3862 2287 3940 κέχρημαι,
2318 3864 2414 3922 ’ἱνα
2446 3867 2666 3931 πάντως
2696 3867 2850 3931 τινάς
2909 3868 3095 3926 σώσω.
3158 3893 3186 3921 ι(
3217 3871 3312 3930 Ὧς
3367 3866 3470 3923 οὔκ
3526 3863 3657 3942 ἀέρα

1986 3953 2179 4031 δέρων.
2217 3979 2245 4020 υ
2278 3956 2470 4027 Οὕτως
2507 3957 2758 4014 πυκτεύω
2820 3956 2910 4015 καὶ
2968 3958 3342 4034 ἀγωνίζομαι,
3399 3957 3511 4033 οὐχ
3555 3954 3651 4012 ἵνα

1986 4043 2127 4119 δέρω
2175 4046 2323 4119 άὲραη
2383 4047 2541 4122 "Exeo
2597 4047 2698 4124 γάρ
2755 4048 2880 4105 τίνα
2947 4044 3134 4125 δείρω,
3218 4047 3313 4103 τὸν
3366 4042 3653 4105 διάϐολον.

1981 4137 2163 4207 Ὑμεῖς
2222 4131 2281 4190 δὲ
2336 4139 2407 4209 τῇ
2464 4135 2640 4192 πίστει
2695 4138 3011 4213 τρέχοντες,
3070 4136 3163 4193 καὶ
3214 4141 3336 4199 τοῖς
3402 4135 3653 4215 πληγαῖς

1985 4223 2368 4288 πυκτεύοντες.
2401 4225 2480 4288 εἰς
2511 4222 2664 4281 οὐδὲν
2706 4225 2827 4283 δέον
2893 4228 3192 4304 κέχρησθε.
3227 4250 3254 4281 ιι
3284 4224 3446 4285 Ἀλλ’
3497 4226 3653 4282 ὑπω-

1985 4315 2166 4384 πιάζω
2203 4334 2308 4390 μου
2336 4313 2399 4370 τὸ
2432 4319 2610 4388 σῶμα.
2649 4341 2677 4369 η
2704 4315 2819 4376 Οὐκ
2849 4317 3081 4397 ἀφίημι,
3131 4315 3288 4395 φησὶ,
3344 4320 3414 4391 τῇ
3458 4316 3650 4393 γαστρὶ

1984 4404 2188 4476 καὶτῷ
2246 4404 2462 4478 σώματι
2517 4407 2613 4468 τάς
2668 4408 2851 4477 ἡνίας,
2912 4404 3061 4464 ἀλλά
3116 4405 3461 4485 περισφίγγω
3521 4407 3652 4463 αὐτὸ

1984 4493 2073 4548 καὶ
2109 4493 2421 4551 ὑποτάσσω.
2454 4496 2629 4551 Τοῦτο
2685 4495 2788 4572 γὰρ
2848 4494 2992 4572 λέγει
3046 4495 3133 4566 τὸ,
3199 4495 3503 4568 ὑπωπιάζω
3560 4497 3648 4552 καὶ

1986 4579 2349 4658 δουλαγωγῶ*
2380 4583 2648 4653 τουτέστι,
2681 4584 2915 4658 Δαμάζω
2972 4584 3062 4639 καὶ
3116 4584 3191 4648 ὡς
3251 4582 3449 4641 δοῦλον
3504 4584 3664 4660 ἅγωῗ

228 4671 379 4729 illud
409 4680 471 4729 et
495 4670 788 4745 subjicid:
825 4690 960 4730 nam
995 4674 1107 4728 hoc
1133 4672 1245 4728 sibi
1295 4671 1420 4727 vult
1452 4688 1465 4727 :
1524 4672 1776 4743 Subjicio
1831 4680 1883 4730 et

1993 4669 2068 4729 Οὐ
2102 4671 2206 4748 γὰρ
2238 4666 2637 4744 συμϐάλλεται,
2686 4674 2841 4753 φησὶ,
2905 4673 3000 4747 μοὶ
3054 4674 3119 4729 τὸ
3169 4674 3398 4749 κηρύξαι
3463 4675 3645 4748 μόνον,

230 4760 288 4817 in
314 4760 632 4821 seminum
660 4765 872 4835 redigo,
906 4760 1017 4820 hoc
1052 4770 1161 4824 est.
1195 4762 1370 4819 domo
1401 4779 1470 4819 ac
1510 4763 1580 4826 in
1639 4766 1882 4821 modum

232 4853 380 4907 servi
411 4855 640 4926 redigo.
681 4856 882 4926 Neque
916 4854 1075 4909 enim
1107 4852 1416 4925 prodesset
1437 4853 1629 4908 solum
1663 4854 1883 4926 prmdi-

233 4960 387 5012 care,
420 4948 533 5001 nisi
567 4949 745 5004 etiam
779 4965 910 5019 quae
942 4964 976 5002 a
1008 4963 1102 5002 me
1144 4947 1273 5001 ﬂeri
1332 4953 1582 5017 possunt
1637 4954 1881 5017 prmsta-

229 5051 378 5091 rem.
417 5036 549 5091 Haec
579 5044 777 5092 autem
809 5037 1037 5099 dicens,
1067 5036 1268 5091 innuit
1301 5051 1400 5091 eos
1416 5035 1598 5091 ventri
1622 5035 1877 5100 deditos,

230 5122 511 5194 quodque
524 5140 642 5179 non
657 5126 800 5180 satis
813 5126 899 5181 eis
916 5124 1328 5181 sitcredidisse
1345 5124 1758 5192 tantum,sicut
1772 5141 1881 5182 nec

230 5212 343 5283 ipsi
375 5213 729 5284 prmdicasse
756 5231 769 5268 :
802 5214 995 5269 nisiet
1014 5231 1141 5287 ego,
1166 5214 1380 5285 inquit,
1412 5220 1471 5268 et
1511 5230 1611 5268 vos
1668 5230 1882 5286 corpus

233 5302 482 5373 ejusque
518 5303 1048 5375 concupiscientias
1068 5305 1130 5359 in
1148 5304 1492 5359 servitutem
1519 5303 1879 5375 red‘gamus.

304 5392 523 5460 Χ,1-4.
559 5393 739 5448 Nolim
769 5400 951 5449 autem
1006 5410 1098 5449 vos
1154 5395 1417 5464 ignorare
1469 5395 1675 5461 fratres
1733 5394 1883 5465 quod

222 5488 414 5551 patres
450 5483 630 5537 nostri
658 5498 841 5550 omnes
871 5483 971 5538 sub
1002 5483 1147 5538 nube
1170 5485 1438 5552 fuerunt:
1467 5488 1519 5537 et
1551 5498 1733 5537 omnes
1778 5499 1883 5553 per

230 5584 379 5634 mare
433 5574 776 5638 transierunt
806 5589 845 5638 :_
882 5579 935 5628 et
978 5589 1158 5640 omnes
1219 5573 1316 5637 sub
1362 5559 1566 5639 Mosen.
1613 5573 1884 5644 baptizari

230 5670 357 5721 sunt
390 5666 452 5721 in
480 5664 624 5721 nube
651 5670 704 5723 et
732 5662 794 5720 in
823 5665 971 5720 mari
1001 5681 1015 5719 :
1049 5670 1101 5720 et
1155 5678 1337 5721 omnes
1391 5663 1645 5720 eumdem
1700 5665 1883 5723 cibum

231 5753 542 5824 spiritalem
585 5754 988 5813 comederunt:
1043 5761 1096 5811 et
1153 5770 1337 5811 omnes
1386 5753 1633 5811 eumdem
1685 5763 1882 5827 potum

1990 4758 2051 4815 ἄν
2090 4760 2283 4834 μήκαὶ
2314 4763 2381 4816 τά
2419 4763 2545 4837 παρ’
2603 4760 2842 4836 ἐμαυτοῦ
2900 4762 3294 4839 παράσχωμαι.
3354 4767 3531 4820 Ταῦτα
3589 4763 3648 4819 δὲ

1993 4847 2192 4924 λέγων,
2249 4851 2542 4907 αἰνίττεται
2596 4850 2792 4915 αὐτοὺς
2847 4852 2938 4909 καὶ
3020 4854 3490 4929 γαστριμάργους,
3555 4853 3648 4910 καὶ

1991 4939 2073 4994 ὃτι
2107 4939 2223 4998 Οὐκ
2252 4942 2407 5014 ἀρκεῖ
2439 4941 2566 5016 ὑμῖν
2597 4942 2661 4997 τὸ
2700 4947 2981 4998 πιστεῦσαι
3040 4942 3229 5017 μόνον,
3283 4940 3467 5019 ὥσπερ
3520 4941 3645 4998 οὑδὲ

1991 5027 2117 5101 ἐμοὶ
2147 5029 2210 5085 τὸ
2240 5030 2492 5106 κηρύξαι,
2527 5030 2614 5088 ἐὰν
2650 5033 2727 5105 μή
2759 5030 2866 5107 ἐγὼ
2895 5032 2985 5088 καὶ
3019 5033 3174 5106 ὑμεῖς
3229 5032 3320 5089 καὶ
3368 5034 3433 5090 τὸ
3482 5036 3642 5105 σῶμα

1988 5119 2079 5175 καὶ
2108 5119 2204 5184 τὰς
2236 5118 2526 5195 ἐπιθυμίας
2551 5120 2716 5179 αὐτοῦ
2748 5118 3088 5194 δουλώσητε.

2062 5398 2140 5456 Οὐ
2205 5398 2350 5455 θὲλω
2408 5396 2466 5455 δὲ
2550 5401 2689 5472 ὑμᾶς
2775 5402 3014 5476 ἀγνοεῖν,
3101 5400 3356 5484 ἀδελφοὶ,
3442 5403 3527 5460 ὅτι
3596 5403 3650 5458 o't

1988 5485 2214 5563 πατέρες
2271 5490 2433 5561 ἡμῶν
2520 5489 2717 5555 πάντες
2792 5492 2898 5548 ὑπὸ
2981 5494 3086 5563 τήν
3167 5491 3405 5571 νεφέλην
3488 5492 3654 5562 ἦσαν,

1989 5578 2078 5634 καὶ
2163 5579 2357 5642 πάντες
2440 5576 2531 5635 διὰ
2607 5588 2707 5651 τῆς
2809 5580 3090 5653 θαλάσσης
3196 5581 3447 5653 διῆλθον,
3558 5579 3661 5639 καὶ

1988 5667 2186 5733 πάντες
2240 5667 2318 5732 εἷς
2372 5669 2464 5726 τὸν
2531 5674 2738 5743 Μωσῆν
2822 5667 3184 5730 ἐϐαπτίσαντο
3269 5672 3326 5729 ἐν
3406 5675 3477 5747 τῇ
3566 5690 3651 5728 νε-

1989 5755 2131 5837 φέλῃ
2188 5758 2278 5816 καὶ
2326 5757 2379 5815 ἄν
2429 5762 2500 5835 τῇ
2573 5759 2844 5839 θαλάσσῃ.
2918 5763 3017 5820 Καὶ
3101 5764 3297 5826 πάντες
3378 5762 3444 5820 τὸ
3519 5755 3649 5818 αὖτό
