4118 6390
340 410 453 471 773

1325 375 1742 471 COMMENT.
1782 407 1870 469 ‘IN
1914 406 2160 469 EPIST.
2207 406 2231 468 ι
2276 408 2389 469 AD
2434 410 2804 474 comam.

3644 385 3760 478 77.;

337 545 539 622 βρῶμα
619 544 990 617 πνευματικὸν
1040 541 1267 619 ἶφαγον,
1350 542 1442 599 καὶ
1494 543 1691 608 πάντες
1747 544 1811 600 τὸ
1867 541 2000 600 αῦτῦ

2117 550 2425 621 spiritalem
2457 534 2730 607 biberunt.
2764 552 3036 611 Biberunt
3059 557 3202 612 enim
3234 555 3302 612 de
3329 557 3583 630 spiritali
3635 572 3758 630 qua

332 636 489 708 πόμα
542 634 909 706 πνευματικὸν
996 625 1171 692 ἔπιον.
1256 635 1478 691 Ἐπινον
1563 634 1668 710 γὰρ
1726 631 1787 689 ἐκ
1842 656 2004 691 πνευ-

338 730 580 797 ματικῆς
637 722 1055 794 ἀκολουθούσης
1106 719 1326 798 πέτρας.
1387 723 1454 781 Ἡ
1511 719 1571 779 δὶ
1624 723 1794 800 πέτρα
1848 710 1915 794 ἦν
1974 725 2003 779 ὁ

334 812 594 890 Χριστὸς.

410 901 721 980 Καταλέγει
755 900 980 964 λοιπὸν,
1010 901 1196 957 πόσων
1243 902 1557 973 ἠξιώθησαν
1609 899 1867 959 Ἰουδαῖοι
1897 900 2003 957 ἀπὸ

339 996 476 1050 Θεοῦ
508 988 756 1066 δωρεῶν,
800 990 891 1045 καὶ
923 986 1162 1045 δείκνυσι
1198 992 1332 1063 μετά
1358 991 1453 1053 τὰς
1514 988 1720 1065 δωρεὰς
1782 1010 2003 1060 ταυτας,

343 1081 471 1143 τους
505 1080 755 1141 πολλοὺς
813 1080 890 1152 μὴ
949 1078 1242 1155 ἀρέσαντας
1299 1084 1434 1148 Θεῷ.
1495 1084 1675 1138 Ταῦτα
1731 1079 1789 1135 δὲ
1847 1100 2002 1160 φησι,

341 1172 569 1239 πείθων,
603 1169 687 1225 ὅτι
715 1171 920 1243 Ὥσπερ
953 1167 1188 1231 ἐκείνους
1236 1168 1334 1224 οὐκ
1372 1164 1547 1241 ὤνησε
1605 1170 1669 1225 τὸ
1727 1170 2002 1225 τοσούτων

345 1257 653 1317 ἀπολαῦσαι
740 1255 960 1332 δωρεῶν
996 1302 1010 1327 ,
1071 1256 1260 1329 ἐπειδὴ
1341 1258 1408 1313 τὰ
1462 1259 1587 1334 παρ’
1653 1258 1866 1321 ἑαυτοῖς
1925 1258 2002 1333 μή

345 1346 602 1426 ἔσχοντο,
637 1346 811 1409 οὕτως
861 1343 987 1402 οὐδὲ
1049 1347 1189 1419 ὑμᾶς
1249 1344 1528 1425 ὠφελήσει
1588 1350 1620 1417 ἡ
1689 1346 1869 1411 πίστις
1914 1346 2004 1401 καὶ

341 1440 407 1495 τὸ
464 1438 786 1513 μυστηρίων
844 1435 1156 1493 ἀπολαῦσαι
1214 1458 1462 1512 πνευματ
1488 1442 1622 1502 κῶν,
1677 1437 1728 1492 εἴ
1779 1439 1856 1509 μή
1912 1436 2003 1492 καὶ

339 1528 523 1600 ἀξίους
570 1527 795 1591 ἑαυτοὺς
850 1529 1175 1602 παράσχητε
1229 1534 1331 1597 τῆς
1396 1526 1493 1581 τοῦ
1558 1531 1694 1582 Θεοῦ
1752 1527 2000 1601 χάρ.τος.

343 1643 372 1673 ιι
396 1621 522 1677 ’Ότι
554 1619 607 1673 οἱ
638 1618 863 1692 πατέρες
901 1620 1064 1691 ἡμῶν
1124 1619 1340 1680 πάντες.
1380 1640 1408 1669 »
1471 1618 1556 1673 Ἐν
1600 1616 1838 1686 τούτοις,
1898 1613 2004 1673 ἀπὸ

339 1719 441 1782 τῆς
494 1710 841 1790 παραθέσεως
924 1714 1032 1765 τῶν
1117 1707 1396 1778 παλαιῶν,
1473 1706 1757 1765 παιδεῦσαι
1808 1708 2006 1772 αὐτοὺς

350 1801 608 1879 βούλεται
634 1801 699 1856 τὰ
730 1802 1106 1877 προσήκοντα,
1161 1798 1369 1864 δεικνὺς
1423 1799 1703 1861 κάκείνους
1761 1798 2002 1873 καθάπερ

348 1884 402 1946 ἔν
465 1911 569 1945 τινι
631 1889 784 1963 τύπῳ
841 1894 950 1945 τῶν
1006 1887 1141 1944 ἴσων
1198 1884 1518 1962 ἀξιωθέντας
1553 1930 1568 1947 .

348 1978 707 2053 καταλλήλου
733 1981 1067 2055 φαινομένου
1096 1984 1194 2036 τοῦ
1224 1977 1690 2056 παραδείγματος,
1720 1981 1999 2056 εὑρίσκετο

349 2067 575 2132 δικαίως
625 2068 811 2132 αὐτοῖς
841 2074 1115 2146 παραινῶν
1150 2071 1227 2143 μὴ
1296 2070 1362 2125 τὰ
1419 2070 1588 2144 ὃμοια
1643 2068 2000 2144 πλημμελεῖν

343 2159 435 2215 ἳνα
469 2162 547 2233 μὴ
590 2159 657 2215 τά
711 2159 880 2232 ὅμοια
936 2158 1252 2216 πείσωνται.
1313 2159 1390 2218 Τὸ
1450 2160 1545 2232 μὲν
1606 2157 1697 2215 οῦν
1766 2160 1871 2216 ὑπὸ
1899 2160 1997 2229 τὴν

346 2248 580 2328 νεφέλην
644 2247 843 2312 αὐτοὺς
927 2248 1221 2327 γενέσθαι,
1308 2244 1551 2319 δήλωσις
1627 2248 1693 2318 ἦν
1747 2254 1848 2319 τῆς
1903 2251 2001 2303 τοῦ

351 2339 667 2413 Πνεῦματος
725 2337 980 2418 χάριτος.
1070 2336 1342 2400 Ἐκείνους
1426 2358 1485 2393 τε
1540 2337 1645 2414 γὰρ
1704 2339 1739 2407 ἡ
1798 2336 2000 2414 νεφέλη

352 2429 802 2498 σκ,άζουσα,τῆς
853 2432 958 2483 τῶν
1014 2426 1332 2503 Αἰγυπτίων
1388 2421 1605 2503 βλάϐης
1661 2425 2004 2498 ἀπήλλαττε,

349 2520 439 2575 καὶ
470 2521 618 2591 ἡμᾶς
648 2520 684 2588 ἡ
717 2517 880 2594 χάρις
908 2520 1006 2573 τοῦ
1045 2517 1204 2595 ἁγίου
1265 2516 1597 2590 Ιινεύματος,
1657 2524 1756 2587 τῆς
1805 2513 2005 2592 δαιμο-

350 2614 510 2676 νικῆς
537 2605 736 2683 ἐξαίρει
765 2607 978 2669 κακίας.
1036 2608 1110 2663 Τὸ
1173 2602 1230 2661 δὲ
1278 2603 1369 2661 διὰ
1421 2613 1521 2675 τῆς
1581 2603 1857 2676 θαλάσσης
1911 2604 2005 2661 αῦ-

348 2698 477 2760 τοὺς
535 2695 796 2767 διελθεῖν,
856 2691 1003 2753 ἔοικε
1078 2696 1216 2752 κατὰ
1296 2700 1461 2752 τοῦτο
1517 2702 1636 2759 τοῖς
1687 2695 2004 2770 ἡμετέροις.

348 2792 522 2867 Ὀπερ
589 2791 695 2870 γάρ
749 2789 972 2853 ἐκείνοις
1025 2791 1060 2859 ἡ
1117 2786 1206 2844 διὰ
1261 2791 1362 2859 τῆς
1428 2789 1704 2862 θαλάσσης
1763 2792 2007 2865 παρέσχε

352 2875 623 2949 διάϐασις,
681 2884 789 2935 τῶν
873 2879 968 2952 μέν
1069 2879 1353 2952 πολεμίων
1453 2878 1651 2942 αὐτοὺς
1728 2879 2008 2941 παντελῶς

348 2969 735 3041 ἀπαλλάξασα,
772 2963 994 3045 βεϐαίαν
1026 2965 1084 3023 δὲ
1137 2972 1233 3022 τοῦ
1282 2966 1484 3023 λοιποῦ
1541 2970 1641 3037 τὴν
1697 2966 2006 3042 ἐλευθερίαν

354 3057 750 3134 δωρησαμένη,
824 3064 986 3113 τοῦτο
1045 3059 1180 3130 ἡμῖν
1269 3059 1406 3131 πρὸς
1480 3057 1608 3118 τοὺς
1704 3059 2008 3131 ἡμετέρους

356 3146 592 3223 ἐχθροὺς
621 3147 745 3209 τοὺς
781 3145 1069 3219 δαίμονας,
1120 3145 1182 3201 τὸ
1243 3146 1525 3221 βάπτισμα
1580 3145 1786 3221 γέγονε.
1820 3147 1899 3202 Τὸ
1931 3144 2007 3216 δὲ,

364 3266 393 3289 ιι
427 3236 519 3298 Εἷς
550 3237 641 3291 τὸν
672 3242 871 3306 Μωσῆν
910 3230 1264 3290 ἐϐαπτίσαντο
1310 3233 1360 3289 ἐν
1388 3238 1458 3309 τῇ
1491 3234 1689 3312 νεφέλῃ
1736 3236 1826 3289 καί
1856 3236 1909 3289 ἐν
1939 3237 2008 3308 τῇ

362 3322 629 3402 θαλάσσῃ.
690 3349 718 3377 ››
801 3324 1054 3398 σημαίνει
1109 3324 1192 3379 ὅτι
1249 3324 1492 3399 καθάπερ
1547 3324 1740 3380 ἐκεῖνοι
1796 3323 2005 3380 τούτων

355 3412 612 3492 τυχόντες
653 3415 958 3495 ὑπέσχοντο
1013 3420 1131 3477 τοῖς
1200 3416 1516 3479 Μωσαῖκοῖς
1576 3414 1770 3488 νόμοις
1828 3417 2006 3490 βιοῦν,

355 3504 503 3561 οὕτω
532 3518 622 3561 καί
654 3508 818 3580 ἡμεῖς
870 3505 921 3561 ἑν
971 3509 1051 3578 τῷ
1086 3505 1420 3581 βαπτίσματι
1476 3506 1540 3560 τὸ
1594 3510 1695 3574 τῆς
1734 3504 2007 3569 υἱοθεσίας

328 3597 716 3670 ’κομιζόμενοι
773 3599 1009 3668 πνεῦμα,
1071 3596 1340 3665 συνθήκας
1398 3593 1488 3650 καὶ
1538 3592 1845 3670 ὁμολογίας
1866 3593 2008 3650 τιθέσ-

325 3683 337 3696 ’
357 3687 494 3760 μεθα
521 3691 620 3742 τοῦ
646 3685 783 3741 κατᾶ
818 3685 915 3747 τὰς
945 3683 1172 3747 ἐντολάς
1224 3682 1464 3758 Χριστοῦ
1525 3687 1645 3757 ζῇν,
1676 3680 1861 3759 ὥσπερ
1913 3684 2007 3739 καὶ

353 3777 405 3832 οἱ
437 3774 695 3835 Ἰουδαῖοι
729 3776 887 3832 εἷπον
920 3774 1057 3851 πρὸς
1091 3777 1320 3845 Μωσῆν,
1353 3774 1437 3829 δτι
1470 3772 1542 3831 Εἴ
1563 3794 1618 3829 τι
1647 3775 1783 3846 ἡμῖν
1817 3775 1847 3828 ὁ
1877 3773 2006 3836 Θεὸς

352 3865 499 3943 εἷ’πῃ,
530 3868 858 3940 ποιήσομεν,
907 3865 1041 3939 μετὰ
1092 3867 1190 3933 τὴν
1255 3858 1501 3919 διάϐασιν
1567 3869 1668 3933 τῆς
1725 3866 2005 3939 Ἐρυθρᾶς.

351 3981 381 4011 α
412 3957 545 4013 Ὑπὸ
591 3957 692 4025 τήν
718 3951 972 4024 νεφέλην.
1006 3978 1035 4005 ››
1076 3955 1235 4032 Λέγει
1265 3953 1369 4030 γάρ
1426 3954 1455 4008 ὁ
1513 3950 1698 4008 Δαυΐό·
1760 3977 1789 4006 ιι
1819 3953 2009 4009 Διεπέ-

351 4068 480 4104 τασε
508 4046 739 4126 νεφέλην
774 4045 850 4107 είς
881 4044 1082 4116 σκέπην
1131 4044 1337 4114 αὐτοῖς,
1394 4044 1482 4100 καὶ
1542 4048 1650 4120 πῦρ
1708 4047 1804 4100 τοῦ
1835 4043 2008 4123 φωτί-

352 4158 441 4193 σαι
471 4137 667 4199 αὖτοὺς
695 4138 794 4209 τὴν
817 4134 1005 4192 νύκτα.
1042 4158 1070 4187 ››
1106 4167 1171 4177 --
1203 4159 1230 4187 ‹‹
1263 4135 1359 4196 Εἰς
1386 4136 1479 4190 τὸν
1508 4141 1751 4205 Μωυσῆν
1785 4129 2006 4191 ἐϐαπτί-

356 4248 536 4284 σαντο.
570 4253 592 4283 ι
686 4228 948 4285 Τουτέστι
1033 4228 1113 4298 τῷ
1199 4229 1387 4280 Μωσεῖ
1477 4223 1841 4296 ἐκοινώνησαν
1927 4230 2008 4298 τῷ

359 4318 675 4395 βαπτισμῷ,
709 4312 930 4385 Ἐπειδή
960 4314 1062 4390 γάρ
1100 4315 1165 4369 τὸ
1220 4314 1504 4390 βάπτισμα
1549 4321 1823 4371 κοινωνεῖν
1859 4317 2009 4390 ἡμᾶς

352 4412 505 4463 ποιεῖ
540 4411 620 4480 τῷ
677 4404 894 4471 θανάτῳ
948 4406 1046 4459 τοῦ
1104 4404 1361 4475 Χριστοῦ,
1416 4404 1479 4458 τὸ
1531 4407 1636 4458 τῶν
1693 4404 1873 4460 αὐτῶν
1931 4405 2006 4459 ὧν

351 4497 506 4553 εἶπον
591 4496 882 4569 θαυμάτων
987 4497 1323 4562 κοινωνῆσαι
1404 4491 1722 4561 Ἰουδαίους,
1811 4493 2007 4567 βάπτι·

352 4608 468 4660 σμα
504 4583 685 4643 καλεῖ.
744 4583 1147 4661 Βουλεταιγὲιρ
1178 4581 1271 4638 τὸν
1328 4581 1499 4637 τύπον
1561 4580 1724 4656 ἐγγὺς
1782 4582 2007 4661 ἀγαγεῖν

2106 655 2193 696 eos
2221 642 2599 698 comitabatur
2618 648 2826 714 petra;
2849 651 3015 715 petra
3043 652 3223 702 autem
3254 654 3373 704 erat
3403 647 3674 705 Christus.
3738 708 3739 715 η

2180 916 2504 973 Enumerat
2526 916 2807 992 deinceps
2823 918 2981 990 quod
2998 918 3170 975 donis
3186 920 3372 977 Judaei
3386 939 3419 978 a
3440 924 3551 978 Deo
3565 924 3761 980 allecti

2109 1003 2277 1059 sint:
2312 1011 2370 1060 et
2400 1007 2664 1063 ostendit
2718 1010 2938 1064 multos
2980 1026 3184 1066 eorum
3241 1011 3419 1067 etiam
3460 1021 3592 1083 post
3634 1013 3760 1069 haec

2110 1093 2266 1149 dona
2296 1111 2416 1150 non
2451 1096 2742 1167 placuisse
2776 1105 2909 1154 Deo.
2948 1100 3081 1154 Haec
3110 1105 3311 1155 autem
3353 1100 3498 1155 dicit
3540 1101 3761 1156 docens

2109 1182 2461 1254 quod,Sicut
2488 1185 2610 1242 illis
2642 1203 2760 1242 non
2795 1187 3278 1259 profuittotillos
3306 1190 3488 1245 fuisse
3533 1189 3762 1258 gavisos

2111 1271 2598 1345 donisquoniam
2622 1292 2691 1332 ea
2714 1293 2844 1348 quae
2868 1277 2929 1331 in
2953 1294 3015 1332 se
3039 1284 3208 1333 erant
3230 1294 3350 1333 non
3375 1279 3761 1350 praestabant,

2109 1361 2192 1417 ita
2222 1379 2415 1435 neque
2445 1365 2609 1420 vobis
2641 1366 2904 1438 proderit
2936 1366 3103 1428 fides.
3133 1373 3237 1423 aut
3267 1368 3636 1439 spiritalibus
3659 1366 3765 1423 do-

2107 1456 2262 1506 tatos
2295 1469 2423 1508 esse
2455 1455 2777 1526 mysteriis,
2811 1455 2925 1511 nisi
2961 1472 3058 1510 vos
3090 1455 3289 1511 divina
3318 1457 3507 1530 gratia
3553 1457 3763 1529 dignos

2112 1540 2482 1607 [.rmbueritis
2539 1565 2568 1592 ‹‹
2625 1543 2792 1609 Quod
2824 1554 3024 1616 patres
3082 1545 3270 1599 nostri
3304 1561 3534 1600 omnes.
3572 1567 3601 1594 ››
3654 1546 3766 1599 Per

2109 1627 2236 1685 hmc
2267 1646 2302 1685 a
2330 1637 2595 1687 veterum
2626 1634 3071 1705 comparatione
3098 1633 3221 1688 vult
3251 1650 3353 1689 eos
3384 1635 3680 1689 instruere
3702 1633 3765 1688 in

2109 1718 2204 1773 bis
2236 1735 2366 1790 qua:
2399 1722 2784 1791 conveniunt,
2819 1723 3143 1779 ostendens
3172 1723 3309 1779 illos
3349 1740 3587 1795 quoque
3630 1728 3765 1779 tan-

2111 1823 2290 1880 quam
2325 1809 2387 1865 in
2421 1816 2559 1883 typo
2582 1811 2841 1883 quodam
2865 1812 3120 1884 aaqualia
3140 1812 3461 1885 accepisse.
3499 1812 3582 1868 Ita
3604 1811 3765 1868 enim

1643 1889 1833 1988 Οῧτξυς
1893 1888 1996 1967 γὰρ
2030 1900 2491 1988 Bconvenienti
2544 1901 2816 1974 exemplo
2870 1902 3196 1975 proposito,
3257 1900 3595 1957 inveniebat
3650 1915 3765 1973 quo

2112 1994 2283 2062 pacto
2317 1989 2527 2045 merito
2576 1993 2735 2063 ipsos
2783 1990 3201 2047 adhortaretur
3230 2007 3304 2047 ne
3356 1992 3420 2046 in
3469 1990 3768 2046 similibus

2112 2078 2552 2152 delinquerent,
2584 2086 2651 2136 ut
2691 2097 2811 2136 non
2860 2081 3081 2137 similia
3111 2096 3347 2153 quoque
3394 2086 3762 2152 paterentur.

2111 2168 2225 2223 Eos
2254 2169 2455 2241 itaque
2483 2168 2591 2226 sub
2624 2169 2782 2226 nube
2812 2170 3017 2236 fuisse,
3042 2170 3444 2227 manil‘estatio
3477 2175 3605 2226 erat
3631 2185 3767 2242 gra-

2113 2258 2211 2313 tim
2243 2258 2507 2329 spiritus.
2542 2258 2848 2331 Siquidem
2878 2259 3068 2315 nubes
3099 2259 3231 2314 illos
3264 2257 3630 2334 obumbrans
3689 2256 3762 2313 ab

2113 2347 2516 2420 Egyptiorum
2547 2354 2908 2404 nocumento
2940 2347 3250 2414 liberabat,
3280 2354 3335 2403 et
3366 2364 3477 2404 nos
3507 2347 3764 2419 Spiritus

2115 2437 2307 2492 sancti
2349 2439 2539 2509 gratia
2589 2454 2623 2494 a
2670 2437 3038 2494 daamoniaca
3082 2436 3297 2492 liberat
3344 2436 3592 2492 malitia.
3654 2436 3767 2491 Per

2114 2542 2278 2581 mare
2309 2543 2443 2582 vero
2489 2528 2650 2599 ipsos
2681 2527 3013 2594 transiisse,
3074 2528 3297 2583 nostris
3328 2526 3505 2582 rebus
3562 2525 3626 2581 in
3656 2525 3770 2580 hoc

2116 2616 2388 2689 congruit
2422 2633 2434 2671 :
2467 2633 2608 2673 nam
2640 2604 2799 2688 quod
2829 2617 2951 2671 illis
2981 2617 3237 2689 praebuit
3265 2633 3371 2689 per
3398 2631 3558 2671 mare
3608 2620 3772 2671 tran-

2117 2706 2368 2770 situs,ab
2401 2706 2660 2762 inimicis
2686 2707 2932 2763 omnino
2964 2708 3318 2770 liberans.et
3340 2706 3578 2763 ﬁrmam
3600 2705 3769 2762 dein-

2117 2811 2256 2868 ceps
2286 2795 2531 2852 tradens
2563 2796 2922 2852 libertatem.
2984 2797 3103 2853 Hoc
3133 2796 3305 2853 nobis
3365 2813 3504 2871 erga
3533 2803 3769 2852 nostros

2119 2885 2394 2942 inimicos
2425 2902 2641 2959 nempe
2684 2885 3010 2953 daemones,
3044 2887 3265 2942 factum
3322 2892 3413 2942 est
3452 2885 3768 2957 baptisma.

2120 2975 2272 3033 509
2300 2975 2465 3040 Quod
2522 2983 2723 3031 autem
2777 2975 2884 3031 sub
2921 2980 3122 3031 Mosen
3172 2974 3450 3045 baptizali
3510 2979 3652 3029 sunt
3706 2974 3770 3028 in

2119 3064 2278 3119 nube
2311 3070 2371 3119 et
2420 3065 2483 3119 in
2542 3065 2713 3125 mari.
2747 3064 3043 3137 signiﬁcat
3097 3063 3256 3136 quod
3288 3065 3441 3119 sicut
3497 3063 3586 3117 illi
3647 3061 3776 3118 haec

2120 3153 2399 3219 assecuti,
2433 3153 2682 3226 polliciti
2728 3158 2867 3208 sunt
2899 3170 2961 3207 se
2993 3152 3260 3208 Mosaicis
3294 3152 3520 3225 legibus
3551 3153 3778 3223 paritu-

2119 3259 2256 3297 ros:
2292 3244 2373 3297 ita
2405 3249 2463 3298 et
2491 3260 2601 3298 nos
2635 3243 2695 3297 in
2728 3242 3359 3314 baptismate,spirilus
3390 3242 3774 3312 adoptionem

2104 3332 2504 3416 accipientes.
2554 3340 2727 3405 pacta
2758 3339 2817 3388 et
2872 3349 3181 3389 assensum
3215 3332 3553 3404 praebemus
3602 3332 3775 3403 juxta

2118 3420 2334 3475 Christi
2389 3427 2686 3492 prmcepta
2736 3436 2849 3477 nos
2905 3420 3210 3476 victuros:
3270 3418 3425 3475 sicut
3482 3424 3542 3474 et
3587 3416 3776 3475 Judaei

2119 3517 2255 3583 post
2286 3512 2605 3568 transitum
2636 3511 2822 3567 maris
2854 3511 3037 3567 Rubri
3072 3510 3356 3567 dixerunt
3416 3509 3490 3565 ad
3544 3508 3774 3565 Mosen.

2121 3623 2149 3653 «
2182 3600 2239 3657 Si
2271 3601 2414 3673 quid
2446 3600 2664 3657 dixerit
2693 3600 2866 3656 nobis
2899 3601 3075 3670 Deus,
3105 3598 3397 3655 faciemus
3427 3602 3563 3671 post
3617 3604 3774 3653 tran-

2120 3690 2301 3747 situm
2358 3690 2542 3746 maris
2590 3689 2773 3746 Rubri
2806 3690 2870 3743 ¹³.
2939 3711 3064 3739 ››-
3099 3713 3120 3738 ι
3183 3688 3302 3744 Sub
3360 3688 3540 3744 nube.
3591 3708 3621 3739 »
3683 3688 3781 3742 Ait

2121 3780 2282 3834 enim
2314 3778 2537 3834 David:
2574 3802 2596 3827 α
2634 3777 2927 3850 Expendit
2976 3777 3198 3833 nubem
3230 3777 3294 3831 in
3346 3775 3779 3848 protectionem

2120 3868 2226 3936 eis,
2252 3873 2311 3923 et
2335 3868 2531 3940 ignem
2564 3872 2631 3923 ut
2661 3868 3032 3923 illuminaret
3057 3884 3159 3922 eos
3182 3871 3357 3921 nocte
3382 3863 3485 3918 ‘3.»
3508 3895 3578 3906 .-
3602 3885 3632 3913 ‹‹
3661 3863 3778 3919 Sub

2118 3959 2322 4013 Mosen
2354 3956 2634 4029 baptizati
2679 3961 2839 4025 sunt,
2876 3978 2904 4005 ››
2931 3953 3008 4017 εἰς
3045 3954 3138 4009 τὸν
3187 3956 3446 4022 Μωυσῆν⁸
3503 3952 3616 4009 hoc
3665 3958 3775 4022 est,

2120 4047 2280 4120 quod
2311 4046 2460 4103 Mosi
2520 4046 3122 4102 communicaverunt
3153 4044 3215 4100 in
3272 4043 3591 4115 baptismo.
3624 4042 3781 4108 Quo.

2118 4139 2283 4194 niam
2315 4138 2477 4194 enim
2507 4136 2804 4210 baptisma
2825 4136 3182 4208 participare
3207 4151 3319 4189 nos
3339 4133 3480 4190 facit
3499 4132 3562 4188 in
3586 4136 3776 4191 morte

2117 4229 2355 4296 Christi,
2388 4228 2688 4301 baptisma
2736 4226 2882 4283 dicit
2939 4225 3098 4298 quod
3128 4224 3315 4282 Judaei
3372 4223 3588 4279 horum
3647 4235 3778 4294 qum

2121 4318 2383 4375 diximus
2415 4317 2845 4374 miraculorum
2903 4315 3226 4388 participes
3255 4312 3395 4370 facti
3455 4313 3592 4368 sint.
3644 4309 3785 4366 Vult

2121 4422 2383 4479 namque
2405 4413 2612 4479 typum
2639 4402 2871 4462 veritati
2890 4402 3230 4476 proximum
3251 4400 3531 4458 reddere:
3556 4399 3780 4456 idcirco

2121 4496 2299 4552 etiam
2333 4494 2541 4551 eodem
2563 4493 2741 4550 verbo
2772 4510 2917 4549 usus
2944 4498 3055 4559 est,
3101 4491 3422 4547 transitum
3451 4506 3560 4562 per
3615 4489 3779 4544 mare

2119 4585 2431 4657 appellans
2461 4585 2780 4656 baptisma.
2818 4581 3139 4654 Baptizavit
3169 4587 3228 4637 et
3257 4586 3394 4636 ante
3427 4580 3539 4635 hoc
3592 4583 3780 4653 Moses

345 4684 453 4746 τῆς
494 4674 777 4747 ἀληθείας.
814 4673 907 4728 Διὸ
954 4674 1045 4728 καὶ
1102 4676 1182 4745 τῷ
1241 4669 1391 4741 αῦτῷ
1444 4671 1652 4744 ῥήματι
1709 4667 2005 4745 ἐχρήσατο,

2121 4675 2183 4729 in
2214 4674 2373 4729 nube
2404 4680 2462 4729 et
2520 4672 2669 4728 mari
2704 4689 2716 4727 :
2752 4677 2928 4743 typus
2987 4671 3147 4726 enim
3182 4675 3328 4733 erat,
3362 4668 3537 4723 sicuti
3596 4666 3780 4721 Paule

346 4768 450 4835 τὴν
481 4765 771 4820 κοινωνίαν
803 4770 903 4831 τῆς
945 4760 999 4816 ἐν
1053 4765 1123 4835 τῇ
1179 4759 1422 4835 θαλάσσῃ
1484 4756 1670 4814 διόδου
1730 4760 2013 4835 βάπτισμα

349 4856 688 4932 προσειπών.
725 4887 789 4898 οη
823 4852 1228 4927 [ΓΡΗΓΟΡΙΟΥ
1260 4851 1395 4908 ΤΟΥ
1418 4850 1827 4923 θΕΟ.ιΟΓΟι’.]
1860 4845 2018 4907 Ἑϐέ.

348 4967 507 5001 πτισε
530 4948 769 5013 Μωυσῆς
798 4943 891 4999 καὶ
924 4942 1031 5016 πρὸ
1059 4940 1257 4997 τοῦτου
1289 4938 1340 4995 ἐν
1368 4936 1570 5014 νεφέλῃ
1620 4941 1711 4995 καὶ
1743 4938 2011 5018 θαλάσσῃ.

344 5035 528 5098 Τόπος
562 5032 619 5089 δὲ
660 5037 746 5104 ἦν.
799 5033 872 5094 ὡς
929 5030 1020 5086 καὶ
1081 5028 1282 5103 Παύλῳ
1341 5027 1582 5098 δοκεῖ,ἡ
1614 5027 1856 5085 θάλασσα
1913 5037 2014 5088 τοῦ

346 5123 570 5194 ὕδατος,
602 5126 638 5193 ἦ
668 5122 869 5197 νεφέλη
901 5125 998 5177 τοῦ
1055 5123 1392 5193 ιΙνεεματο-τ,
1422 5118 1485 5174 τὰ
1544 5121 1717 5192 μάννα
1780 5124 1878 5175 τοῦ
1909 5127 2012 5188 τῆς

352 5219 498 5285 ζωῆς
530 5212 717 5290 ἄρτου,
757 5215 820 5269 τὸ
862 5211 1017 5284 πόμα
1059 5215 1157 5266 τοῦ
1210 5210 1360 5265 θείου
1389 5210 1662 5283 πόματος.
1696 5244 1766 5253 -
1797 5212 2007 5287 [aut]

344 5304 441 5366 Εἷς
497 5302 722 5372 ἐκεῖνον,
806 5302 992 5383 φησῖν.
1051 5301 1357 5381 ἀφορῶντες
1440 5302 1530 5356 καὶ
1616 5300 2008 5376 θαριῖησαντεε,

341 5392 560 5470 ἀφῆκαν
614 5391 836 5453 ἑαυτοὺς
912 5393 992 5461 τῷ
1040 5388 1319 5460 θαλασσίῳ
1385 5388 1584 5463 ῥείθρῳ
1629 5389 2003 5464 βιπτίζεσθαι.

341 5482 480 5540 Εἶτα
536 5482 627 5539 καὶ
686 5483 790 5539 ὑπὸ
845 5487 946 5548 τῆς
1002 5477 1235 5559 νεφέλης
1292 5476 1559 5541 ὡσαᾶτως
1623 5476 1818 5553 ἐκείνῳ
1874 5501 2003 5538 κατ-

340 5570 769 5635 ακολουθοῦντες
826 5567 1161 5638 έσκιάζοντο.
1229 5566 1291 5625 Εἰ
1330 5567 1436 5645 γὰρ
1478 5567 1571 5623 καὶ
1598 5570 1678 5644 μὴ
1710 5573 1790 5643 τῷ
1847 5568 2002 5626 ὕδατι

342 5658 729 5742 ικαλῦφθησαν
760 5706 779 5734 ,
833 5657 963 5717 ἀλλ’
1020 5657 1113 5713 οῦν
1168 5655 1224 5713 ἐν
1292 5653 1480 5729 έκιίνῳ
1542 5661 1624 5730 τῷ
1672 5658 1849 5735 χώρῳ
1903 5663 2004 5717 τοῦ

420 5792 466 5831 ³²
495 5790 685 5849 Exod.
718 5806 867 5859 xxrv,
901 5790 954 5844 3.
1035 5786 1078 5822 ί³
1103 5784 1261 5842 Psal.
1296 5800 1401 5852 σιν,
1438 5786 1534 5842 30.

2123 4778 2360 4836 quoque
2391 4761 2626 4817 videtur
2656 4777 2673 4816 :
2731 4776 2919 4823 mare.
2952 4774 3121 4830 aqum
3158 4774 3171 4812 :
3231 4759 3442 4823 nubes,
3485 4755 3729 4827 Spiritus
3762 4758 3777 4810 ':

2127 4869 2369 4911 manna.
2398 4851 2571 4924 panis
2602 4851 2734 4905 vitm
2760 4865 2773 4905 :
2802 4854 2997 4922 potus,
3026 4847 3205 4903 divini
3230 4846 3451 4919 poculi.
3484 4846 3550 4899 In
3580 4843 3776 4911 illum,

2131 4943 2348 5016 inquit,
2382 4942 2685 4997 intuentes
2719 4946 2776 4994 et
2805 4938 3177 4994 conﬁdentes
3206 4934 3613 5008 permiserunt
3668 4931 3783 4989 sei-

2126 5054 2264 5110 psos
2295 5034 2546 5091 marinis
2576 5032 2856 5089 ﬂuctibus
2886 5030 3190 5103 baptizari.
3230 5028 3451 5085 Deinde
3483 5027 3592 5084 sub
3621 5027 3780 5083 nube

2124 5142 2362 5199 quoque
2375 5123 2833 5181 similiterillum
2846 5118 3786 5192 subsequentestanquamumbra

2126 5215 2850 5289 tegebanturQuanquam
2886 5211 3046 5266 enim
3071 5225 3229 5282 aqua
3256 5226 3377 5264 non
3410 5209 3531 5264 sint
3562 5206 3777 5281 operti,

2122 5302 2384 5361 attamen
2418 5319 2486 5359 eo
2517 5318 2687 5373 aqua)
2718 5300 2908 5372 spatio
2938 5298 3382 5367 gradiebantur,
3415 5297 3476 5352 in
3510 5314 3627 5369 quo
3669 5311 3782 5352 ne-

2120 5410 2286 5451 cesse
2316 5399 2409 5450 est
2438 5408 2539 5449 eos
2579 5392 2681 5463 qui
2728 5393 3144 5463 pertranseant
3194 5387 3330 5443 totis
3361 5388 3534 5460 aquis
3585 5387 3779 5459 bapti-

2115 5485 2230 5542 zari
2267 5483 2387 5540 sive
2421 5481 2706 5547 demergi.
2758 5497 2914 5552 aqua
2943 5495 3113 5557 suam
3146 5484 3415 5556 servante
3477 5483 3780 5533 naturam.

2114 5572 2297 5629 «Sub
2330 5574 2531 5629 Mosen
2583 5568 2869 5643 baptizati
2918 5575 3079 5636 sunt,
3114 5590 3143 5619 ιι
3198 5567 3415 5640 inquit.
3473 5564 3779 5640 Siquidem

2114 5661 2315 5720 intuiti
2378 5660 2621 5719 illumin
2649 5659 2833 5717 maris
2873 5657 3197 5715 divisiones
3250 5658 3607 5728 ingressum,
3638 5650 3784 5707 ιωμ

3350 5774 3355 5781 .
3682 5756 3696 5788 α
