4118 6380
337 360 456 419 ’1Ἷὸ

1482 351 1666 414 CECU
1682 349 1894 412 ΜΕΝΙΙ
1940 345 2248 408 TRICCE
2292 345 2646 408 EPISCOPI

3653 350 3772 410 ’176

345 498 450 552 tati
485 503 670 552 sunt:
720 496 897 564 huius
955 496 1156 566 itaque
1195 495 1281 550 rei
1342 499 1624 566 tanquam
1677 491 1996 566 primarius

2113 478 2305 544 ὕδατος
2363 481 2645 556 γεγονότες
2733 484 3081 556 ἐπορεύοντο,
3164 483 3217 537 ἐν
3277 484 3324 555 ᾧ
3374 482 3586 560 ἀνάγκη
3644 481 3773 546 τοὺς

351 588 435 642 eis
474 586 588 642 dux
624 587 812 640 factus
844 590 933 640 est
965 586 1175 640 Moses.
1217 607 1240 636 ιι
1280 585 1340 640 In
1369 585 1526 640 nube
1577 590 1634 639 et
1663 583 1723 639 in
1763 583 1934 639 mari.
1969 604 1996 633 »ι

349 676 532 732 Simul
567 677 725 730 enim
758 693 891 730 cum
927 677 1081 731 Mose
1106 683 1388 746 tanquam
1421 675 1631 730 umbra
1655 673 2004 746 tegebantur

349 775 406 822 et
463 768 643 822 simul
692 785 827 823 cum
886 769 1042 823 Mose
1101 766 1288 821 diviso
1347 766 1495 821 mari
1554 764 1998 835 gradiebantur.

352 877 373 903 ι
409 857 694 913 Eumdem
729 858 928 912 cibum
961 857 1294 928 spiritalem
1329 879 1353 903 ››
1380 855 1720 927 Spiritalem
1746 860 1914 910 vocat
1943 857 2002 908 et

345 947 542 1003 cibum
571 955 628 1002 et
651 955 953 1018 potumeo
979 947 1136 1018 quod
1160 954 1480 1017 utrumque
1505 945 1756 1016 Spiritus
1783 960 2002 999 arcana

348 1054 454 1092 sua
488 1037 754 1108 potentia
803 1053 908 1108 per
939 1039 1133 1090 Mosen
1189 1034 1421 1090 dederit
1453 1051 1465 1088 :
1502 1035 1646 1089 dicit
1675 1041 1872 1089 autem
1930 1033 2001 1088 de

345 1143 566 1181 manna
597 1133 654 1181 et
683 1127 963 1181 carnibus
1005 1133 1062 1180 et
1107 1125 1178 1180 de
1209 1141 1384 1196 aqua.
1445 1149 1462 1171 σ
1516 1122 1934 1184 Comederunt,
1970 1145 1995 1171 »ι

347 1232 567 1287 nempe
603 1233 839 1283 manna,
870 1215 1021 1270 sicut
1053 1232 1160 1270 nos
1192 1232 1406 1286 corpus
1437 1213 1674 1268 Christi.
1727 1236 1751 1262 (ι
1790 1215 2000 1267 Polum

348 1306 696 1377 spiritalem.
739 1330 758 1352 ι
823 1305 939 1359 [loc
972 1311 1079 1371 est,
1116 1321 1332 1376 aquam
1394 1321 1424 1358 e
1457 1320 1601 1374 rupe
1659 1303 1779 1358 sive
1836 1308 2002 1373 petra

347 1393 1299 1465 scaturientem,quemadmodum
1330 1410 1438 1447 nos
1470 1393 1816 1464 sanguinem
1843 1391 2002 1446 Chri-

347 1485 441 1540 sti.
478 1485 826 1556 Quanquam
853 1484 1010 1538 enim
1045 1482 1358 1538 sensibilia
1388 1498 1623 1553 quoque
1657 1487 1826 1536 erant
1869 1497 2000 1552 quas

345 1574 467 1630 illis
499 1574 939 1645 praebebantur,
999 1573 1152 1628 5I0
1194 1581 1392 1626 tamen
1447 1571 1839 1644 spiritualiter
1892 1576 2004 1623 tra-

348 1662 644 1719 debantur
670 1681 682 1718 :
708 1680 902 1734 neque
935 1663 1094 1717 enim
1131 1669 1357 1718 natura:
1383 1660 1707 1717 conformis
1733 1666 1861 1716 erat
1884 1665 2002 1713 tra-

349 1750 516 1820 ditio,
545 1753 647 1807 sed
679 1752 880 1824 gratias
909 1751 1183 1824 spiritali.
1220 1774 1247 1801 (ί
1284 1751 1363 1806 De
1403 1749 1656 1822 spiritali
1703 1767 1833 1821 quas
1866 1749 2001 1803 illos

2110 566 2604 646 διαπορευομένους
2687 569 2805 645 ὅλῳ
2879 565 3376 642 καταϐαπτίζεσθαε
3449 575 3530 644 τῷ
3589 569 3768 646 ὕδατι,

2108 661 2244 716 κατὰ
2275 659 2432 740 φύσιν
2465 657 2693 736 ἔχοντος
2751 664 2846 716 τοῦ
2879 657 3095 724 ὕδατος.
3130 685 3158 714 ‹‹
3219 660 3312 724 Εἰς
3368 661 3463 716 τὸν
3523 663 3765 731 Μωϋσῆν

2107 746 2487 808 ἐϐαπτίσαντο.
2528 775 2551 804 ιν
2612 751 2800 830 (ρησίν,
2836 784 2902 794 -—
2936 752 3272 826 [OlKOl‘M.]
3320 747 3544 819 Ἐπειδή
3602 750 3768 807 αὐτὸν

2109 837 2311 905 ἰδόντες
2363 837 2727 896 εἰσδαλλοντα
2791 842 2926 897 κατᾶ
2975 848 3075 911 τῆς
3133 838 3449 914 διαιρέσεως
3509 846 3610 910 τῆς
3671 842 3763 896 θα-

2109 926 2316 1000 λάσσης
2345 927 2705 1004 ἐμιμήσαντο·
2739 933 2942 1006 Ὥσπερ
2976 929 3067 985 οῦν
3120 929 3514 1001 πιεωτόστπὶτης
3571 929 3763 993 αὐτοῖς

2105 1019 2301 1074 τούτου
2349 1023 2538 1096 γέγονε
2589 1024 2850 1090 Μωυσῆς,
2886 1048 2910 1072 ‹‹
2947 1023 3032 1076 ’Lv
3089 1024 3156 1094 τῇ
3203 1019 3400 1098 νενρέλῃ
3461 1021 3550 1074 καὶ
3609 1018 3662 1074 ἐν
3694 1023 3762 1093 τῇ

2108 1107 2374 1184 θαλάσσῃ.
2415 1134 2440 1161 n
2488 1111 2584 1167 Καί
2621 1111 2724 1186 γὰρ
2784 1111 3192 1180 συνισκιάζνντο
3245 1115 3324 1181 τί)
3368 1115 3589 1167 Μτυϋσεῖ
3650 1110 3754 1164 ὑπὸ

2107 1204 2206 1265 τῆς
2236 1195 2488 1276 νεφέλης,
2540 1198 2627 1253 καὶ
2688 1198 3035 1269 συνεπὲζευον
3104 1196 3342 1264 Μιυὺσεῖ,
3403 1198 3768 1276 διαιρεθείσης

2106 1291 2206 1352 τῆς
2239 1286 2534 1359 θαλάσσης,
2589 1314 2616 1340 (ι
2649 1290 2725 1346 Τὸ
2770 1289 2899 1344 αὐτὸ
2959 1290 3155 1364 βῑῶμα
3214 1291 3597 1361 πνευματικόν.
3637 1314 3663 1339 ››
3699 1321 3762 1332 —

2110 1387 2448 1462 ]ΘΕΟΔΩΡ.]
2487 1388 2849 1460 Πνεῦματικὸν
2907 1386 3184 1444 καλεῖκαί
3240 1390 3303 1444 τὸ
3339 1391 3537 1464 βρῶμα
3575 1391 3666 1446 καὶ
3697 1392 3761 1446 τὸ

2107 1475 2283 1548 πόμα,
2317 1478 2392 1538 ὡς
2424 1476 2482 1530 ἂν
2516 1479 2610 1532 τοὶ
2655 1476 2968 1551 ΙΙνε-ὂματος
3002 1478 3166 1556 ἄμφω
3225 1475 3313 1533 διὰ
3369 1483 3467 1534 τοῦ
3521 1482 3766 1545 Μςυσὲως

2107 1565 2243 1620 κατὰ
2301 1567 2398 1634 τήν
2460 1566 2764 1643 ἀπόρῥτπον
2823 1565 2990 1622 αὑτοῦ
3068 1568 3452 1648 παρασχόντος
3515 1565 3764 1644 δῖναμιν.

2110 1653 2357 1730 Λὲγειδέ
2397 1655 2648 1730 περὶτοῦ
2700 1656 2872 1730 μαννα
2927 1656 3016 1711 καὶ
3074 1661 3182 1712 τῶν
3238 1662 3433 1733 κρεῶν,
3492 1657 3581 1714 καὶ
3640 1661 3764 1734 περὶ

2106 1747 2204 1798 τοῦ
2257 1741 2473 1806 ὕδατος·
2547 1769 2575 1797 ι‹
2633 1747 2898 1822 Ἐφαγον.
2935 1771 2963 1798 »
3018 1746 3152 1804 ΟΤον
3208 1747 3270 1802 τὸ
3333 1744 3524 1820 μάννα,
3583 1748 3768 1826 ὥσπερ

350 1840 746 1897 comitabatur
800 1845 988 1913 petra.
1050 1864 1078 1892 «
1142 1839 1452 1896 Sensibilis
1520 1838 1762 1910 quidem
1829 1844 1996 1905 erat,

2109 1834 2272 1906 ἡμεῖς
2327 1833 2389 1889 τὸ
2447 1838 2608 1908 σῶμα
2677 1836 2934 1910 Χριστοῦ.
2986 1836 3150 1910 ιιόμα
3202 1837 3588 1910 πνευματικὸν,
3647 1837 3765 1895 οἶον

346 1949 565 2004 nempe
587 1939 755 2006 petra
771 1951 900 2005 qua:
922 1933 1206 1988 Israelitis
1229 1949 1443 2004 aquam
1459 1929 2003 1997 scaturivit“,hanc

347 2029 546 2078 tamen
579 2039 698 2078 non
730 2022 969 2094 propria
1007 2029 1221 2078 natura
1251 2020 1628 2082 scaturiebat,
1667 2020 1770 2076 sed
1819 2027 2000 2092 petraa

346 2112 633 2183 spiritalis
666 2113 898 2178 virtute,
933 2129 1064 2182 quae
1106 2111 1158 2167 ei
1190 2128 1294 2183 per
1319 2111 1646 2167 efﬁcaciam
1686 2110 1910 2173 aderat.
1943 2115 2002 2166 et

342 2201 416 2257 ad
449 2218 622 2256 usum
655 2201 987 2257 sitientium
1019 2201 1455 2257 comitabatur:
1490 2201 1602 2256 hoc
1634 2200 1824 2260 est.ad
1855 2200 1998 2255 illo-

341 2309 476 2348 rum
508 2293 766 2348 salutem
799 2297 858 2346 et
889 2292 1210 2347 utilitatem
1241 2292 1445 2346 omnia
1476 2289 1882 2346 commutabat
1931 2306 1999 2346 ac

343 2381 825 2446 transformabat,
851 2387 908 2435 et
929 2380 1002 2436 ad
1026 2381 1288 2452 ipsorum
1315 2381 1677 2436 voluntatem
1709 2378 2002 2450 sequeba-

343 2477 440 2525 tur
476 2487 487 2525 :
521 2477 580 2526 et
610 2487 768 2526 nunc
801 2470 1042 2541 quidem
1095 2487 1309 2541 aquam
1339 2470 1424 2525 eis
1449 2468 1524 2525 ad
1569 2469 1885 2524 transitum
1939 2468 2000 2523 in

344 2568 647 2634 petrarum
683 2560 925 2616 modum
961 2561 1236 2616 firmabat
1269 2577 1281 2614 :
1311 2577 1469 2616 nunc
1502 2576 1636 2615 vero
1669 2559 1882 2615 caelum
1923 2558 1999 2614 ad

341 2649 542 2706 cibum
563 2658 621 2705 et
646 2651 915 2704 edulium
949 2649 1188 2705 abunde
1211 2650 1298 2704 eis
1329 2647 1780 2705 excolebatalio
1799 2653 1999 2702 autem

337 2747 606 2812 tempore
640 2747 876 2812 petram
913 2739 987 2795 ad
1019 2756 1308 2810 aquarum
1343 2738 1734 2809 scaturigines
1765 2737 1991 2809 aparie-

337 2829 456 2886 bat.
484 2829 710 2885 Idcirco
746 2829 956 2884 merito
989 2829 1106 2884 dici
1139 2835 1417 2900 poterant
1447 2828 1518 2883 de
1550 2827 1800 2898 spiritali
1833 2833 2000 2898 petra

338 2917 545 2975 bibere
581 2935 594 2974 :
630 2918 756 2973 haec
787 2917 944 2974 enim
983 2924 1111 2972 erat
1143 2934 1274 2988 qua)
1331 2917 1675 2972 sensibilem
1712 2917 1874 2972 illam
1935 2915 1996 2970 in

343 3027 631 3080 aquarum
667 3010 861 3064 fontes
894 3009 1459 3074 solverat.Qumnam
1487 3015 1684 3064 autem
1721 3014 1847 3062 erat
1878 3006 1998 3078 spi-

341 3100 533 3154 ritalis
609 3100 714 3155 illa
799 3105 966 3170 petra
1050 3116 1181 3169 qum
1253 3099 1413 3170 ipsos
1501 3115 1707 3153 omnes
1790 3097 1994 3152 subse-

343 3189 654 3261 quebatur,
689 3197 748 3244 et
775 3191 848 3244 ad
903 3190 1193 3261 cujusque
1252 3190 1534 3260 temporis
1576 3187 1992 3243 necessitatem

340 3286 587 3335 naturas
611 3296 808 3334 rerum
834 3279 893 3332 in
920 3278 1188 3334 ordinem
1215 3278 1996 3347 transfundebat,simulque

337 3369 820 3425 transmutabat?
876 3368 1066 3433 Qum?
1121 3370 1245 3424 Jam
1300 3367 1736 3438 snbsequenter
1807 3367 1998 3421 dicit:

340 3474 557 3530 nempe
579 3458 848 3513 Christus
882 3458 981 3528 qui
1016 3474 1177 3512 nunc
1209 3473 1346 3529 erga
1377 3474 1485 3511 nos
1517 3471 1755 3528 quoque
1780 3455 2001 3510 similia

343 3564 412 3603 ac
441 3549 671 3617 majora
699 3547 1085 3602 demonstrat.
1113 3546 1272 3602 Licet
1301 3563 1536 3617 quoque
1569 3545 1631 3601 id
1662 3544 1819 3617 quod
1854 3544 1998 3599 diri-

343 3644 456 3705 tur,
469 3660 495 3687 «
519 3636 946 3702 Comitabatur,
959 3661 984 3685 »ι
1009 3637 1183 3692 aliter
1203 3635 1996 3705 intelligere.lntellectualis

341 3743 601 3799 namque
661 3734 848 3800 petra,
900 3743 1115 3800 nempe
1157 3727 1442 3790 Christus,
1493 3743 1615 3781 non
1664 3726 1858 3781 solum
1904 3723 1996 3780 his

335 3833 466 3888 quae
487 3817 645 3875 dicta
676 3824 816 3873 sunt
846 3817 1154 3873 beneficiis
1186 3816 1546 3872 mirabiliter
1575 3833 1675 3872 eos
1707 3815 1947 3872 donavit
1980 3833 1993 3871 :

337 3924 539 3963 verum
564 3907 743 3964 etiam
771 3908 833 3962 in
858 3907 1248 3980 sequentibus
1287 3907 1686 3962 comitabatur
1701 3923 1769 3962 ac
1791 3923 1998 3978 seque-

332 3997 808 4069 batur,proxime
839 3997 914 4052 ad
947 3997 1073 4053 hinc
1097 3998 1217 4052 imo
1249 3998 1427 4052 etiam
1453 3995 1782 4067 majoribus
1805 3997 1996 4051 Israe-

329 4085 500 4142 litem
534 4087 803 4142 afficiens
834 4087 1163 4142 beneﬁciis.
1201 4085 1312 4141 Sed
1343 4092 1401 4140 et
1440 4102 1549 4140 nos
1577 4085 1751 4141 modo
1787 4083 1993 4140 fideles

333 4175 670 4237 comitatur,
704 4177 786 4231 ita
816 4183 882 4232 ut
913 4191 1288 4246 consequens
1329 4175 1407 4230 sit
1437 4181 1495 4230 et
1525 4174 1748 4245 quanin
1800 4174 1991 4230 Veteri

334 4271 394 4320 et
424 4283 556 4336 qua:
589 4265 648 4320 in
696 4267 850 4320 Novo
908 4267 1284 4320 Testamento
1316 4263 1670 4319 admiranda
1729 4264 1994 4335 prmstita

333 4360 474 4410 sunt
493 4372 674 4426 opera
705 4356 792 4410 vel
815 4353 1405 4425 beneliizia,ejusdem
1429 4371 1556 4409 esse
1581 4353 1989 4425 providentiae,

331 4443 600 4515 ejusdem
635 4444 735 4498 Dei
766 4461 835 4500 ac
869 4444 1102 4498 Domini
1152 4468 1176 4492 ‹‹
1216 4444 1295 4498 De
1324 4443 1597 4514 spiritali.
1639 4466 1666 4492 ››
1699 4443 1992 4509 Quoniam

332 4531 566 4588 dixerat
589 4535 798 4589 Polum
820 4533 1149 4604 spiritalem
1181 4533 1279 4604 qui
1306 4539 1502 4587 tamen
1528 4532 1988 4588 nihildiversum

2109 1923 2172 1977 τὸ
2206 1922 2264 1978 ἐκ
2290 1929 2390 1985 ταῖς
2438 1923 2750 2000 ἁκροτόμου
2805 1923 3003 2000 πέτρας
3063 1920 3368 1982 ἀναϐλύσαν
3428 1924 3598 2002 ὕδωρ,
3655 1927 3764 1984 ὥσ-

2111 2030 2212 2088 περ
2261 2015 2423 2086 ἡμεῖς
2467 2014 2530 2070 τὸ
2589 2015 2728 2088 αἷμα
2783 2015 3043 2088 Χριστοῦ,
3104 2014 3168 2072 Εἰ
3225 2016 3330 2090 γαρ
3381 2015 3473 2070 καὶ
3530 2014 3770 2088 αἰσθητᾶ

2111 2101 2336 2166 ἐκείνοις
2395 2104 2460 2173 ἦν
2543 2103 2612 2158 τὰ
2679 2105 3066 2180 παρεχόμενα,
3157 2102 3302 2161 ἄλλα
3380 2112 3768 2179 πνευματικῶς

2111 2192 2464 2270 παρείχοντο.
2508 2195 2586 2250 Οὐ
2645 2194 2750 2272 γὰρ
2805 2194 3013 2272 φῦσεως
3066 2195 3132 2264 ἦν
3193 2193 3494 2250 ἀκολουθία
3527 2199 3560 2266 ἡ
3598 2193 3766 2266 δόσις,

2109 2281 2255 2339 ἄλλα
2288 2285 2516 2359 χάριτος
2541 2291 2936 2358 πνευματικῆς.
2967 2309 2996 2336 ‹‹
3025 2286 3119 2342 Ἐκ
3136 2287 3507 2358 πνευματικῆς
3527 2284 3769 2341 ἀκολου-

2113 2372 2314 2445 οούσης
2338 2373 2555 2449 πέτρας.
2594 2399 2620 2424 ››
2654 2374 2900 2445 Αἴσθητὴ
2939 2374 3032 2448 μὲν
3064 2374 3130 2444 ἦν
3156 2377 3190 2443 ἡ
3223 2376 3392 2450 πὲτρα
3422 2371 3705 2446 δηλονότι,
3733 2379 3769 2446 ἡ

2110 2462 2173 2517 τὸ
2213 2459 2359 2538 ὕδωρ
2416 2469 2533 2526 τοῖς
2592 2461 2961 2538 Ἰσραηλίταις
3016 2459 3384 2534 ἀναϐλῦσασα,
3446 2461 3572 2520 ἀλλ’
3633 2464 3763 2542 οὐχὶ

2108 2555 2178 2625 τῇ
2210 2550 2383 2623 οῗ’κείᾳ
2415 2553 2568 2630 φύσει
2599 2557 2760 2609 τοῦτο
2792 2548 3039 2623 ἔϐλυσεν,
3083 2552 3228 2610 ἀλλᾶ
3268 2557 3335 2628 τῇ
3387 2550 3614 2628 δυναμει
3667 2558 3768 2621 τῆς

2109 2642 2226 2696 κατ’
2255 2639 2520 2716 ἐνέργειαν
2580 2643 2862 2714 παρούσης
2917 2643 3057 2718 αὐτῇ
3116 2643 3489 2714 πνευματικῆς
3541 2644 3766 2718 πέτρας,

2109 2730 2196 2786 καὶ
2229 2729 2641 2801 ἀκολουοοῦσης
2672 2737 2740 2807 τῇ
2773 2733 2932 2809 χρείᾳ
2961 2738 3068 2789 τῶν
3131 2730 3436 2807 διψώντων·
3497 2733 3764 2805 τουτέστι,

2109 2819 2246 2894 πρὸς
2322 2822 2422 2891 τὴν
2505 2820 2720 2877 ἐκείνων
2789 2822 3060 2896 σωτηρίαν
3119 2821 3208 2877 καὶ
3269 2820 3537 2901 ὠρὲλειαν
3593 2823 3764 2879 πάντα

2112 2910 2518 2983 μεταποιοῦσης
2591 2911 2680 2966 καὶ
2764 2911 3287 2985 μεταπλαττοῦσης,
3374 2923 3461 2967 καί
3535 2932 3761 2967 συνεπο-

2112 2993 2275 3069 μὲνης
2316 2996 2492 3053 αὐτῶν
2552 3003 2631 3070 τῷ
2689 2999 3027 3074 βουλήματι·
3061 3000 3146 3055 καὶ
3181 3001 3311 3054 ποτε
3345 3001 3436 3072 μὲν
3487 3000 3548 3054 τὸ
3606 2997 3754 3074 ὕδωρ

2109 3094 2185 3156 εἴς
2250 3091 2496 3152 διαϐασν
2554 3098 2738 3161 αὐτοῖς
2797 3096 2888 3153 ἷ¹σα
2953 3097 3171 3174 πέτραις
3224 3097 3569 3175 στερεοῦσης.
3624 3097 3759 3152 ποτε

2109 3182 2166 3239 δὲ
2193 3187 2285 3240 τὸν
2315 3185 2542 3262 οὐρανὸν
2577 3187 2652 3249 εἷς
2685 3189 2891 3264 β;ὦσιν
2943 3188 3034 3243 καὶ
3083 3189 3292 3266 τροορήν
3347 3188 3533 3248 αὐτοῖς
3595 3187 3762 3263 ἐξανθο-

2107 3295 2196 3330 νον
2227 3279 2606 3352 γεωργούσης,
2651 3276 2851 3334 αλλοτε
2881 3275 2939 3332 δὲ
2995 3279 3094 3347 τὴν
3151 3280 3346 3354 πεῖραν
3404 3277 3482 3339 εἷς
3544 3273 3754 3333 ὑδιτων

2105 3365 2263 3438 γονὰς
2322 3365 2759 3440 ἀναστομούσης.
2849 3369 2942 3423 Διὸ
2999 3367 3226 3432 εἰκότως
3292 3365 3530 3443 λέγοιντ’
3589 3366 3651 3422 ἃν
3712 3365 3772 3423 ἐκ

2107 3463 2476 3530 πνευματικῆς
2498 3455 2694 3532 πέτρας
2761 3463 2928 3514 πιεῖν.
2985 3459 3134 3529 Αὕτη
3195 3458 3297 3533 γὰρ
3355 3458 3622 3528 ἧνὴτὴν
3681 3455 3773 3512 αἶ·-

2108 3546 2310 3614 σθητην
2341 3544 2418 3608 εἷς
2453 3542 2658 3601 ὑδάτων
2703 3545 2912 3602 λόσασα
2968 3547 3170 3624 πηγάς.
3226 3545 3323 3610 Τίς
3356 3543 3411 3601 δὲ
3441 3547 3507 3618 ᾖν
3541 3549 3576 3617 ἡ
3608 3568 3773 3602 πνευ-

2110 3637 2337 3708 ματικὴ,
2394 3635 2581 3712 φησὶν,
2669 3635 2848 3707 ἐκείνη
2932 3635 3124 3714 πὲτρα,
3215 3637 3250 3707 ἡ
3335 3641 3466 3692 πᾶσι
3551 3633 3773 3700 τούτοις

2106 3723 2615 3798 παρακολουθοῦσα,
2699 3727 2789 3782 καὶ
2871 3726 3007 3802 πρὸς
3090 3728 3192 3797 τὴν
3278 3724 3502 3781 ἑκάστου
3571 3729 3768 3796 καιροῦ

2105 3813 2294 3890 χρείαν
2326 3815 2421 3876 τὰς
2481 3815 2664 3893 φύσεις
2718 3820 2825 3871 τῶν
2885 3815 3219 3892 πραγμάτων
3277 3819 3766 3892 μεταστοιχειοῦσα

2105 3903 2193 3957 καὶ
2227 3899 2766 3978 συμμεταϐάλλουσα
2796 3924 2811 3973 ;
2843 3905 2940 3968 Τίς
2976 3925 2988 3975 ;
3036 3906 3192 3986 φησί’
3253 3901 3514 3976 δηλονότι
3547 3907 3575 3961 ὁ
3628 3907 3770 3981 Χρι-

2105 3992 2250 4055 στὸς,
2279 3993 2308 4046 ὁ
2339 3992 2427 4047 καὶ
2459 3997 2549 4047 νῦν
2581 3993 2658 4056 εἰς
2693 3995 2842 4066 ἡμᾶς
2874 3994 2941 4049 τὰ
2989 3993 3158 4068 ὅμοια
3211 3995 3303 4048 καὶ
3357 3993 3528 4068 μείζω
3564 3992 3772 4050 ἐπιδει-

2101 4080 2380 4154 κνῦμενος.
2412 4085 2562 4139 Ἐστι
2595 4079 2652 4139 δὲ
2682 4084 2766 4152 τὸ,
2811 4108 2839 4136 (ι
2874 4082 3321 4156 Ακολουθοῦσης,
3356 4109 3385 4137 υ
3445 4085 3530 4139 καὶ
3565 4083 3766 4160 ἐτέρως

2102 4164 2373 4229 ἐκλαϐεῖν.
2406 4171 2470 4228 Ἡ
2526 4172 2630 4248 γὰρ
2685 4174 2858 4243 νοητὴ
2920 4176 3110 4249 πέτρα,
3173 4169 3296 4242 ἤτοι
3333 4172 3640 4249 ὁΧριστὸς,
3701 4171 3770 4230 οὗ

2105 4259 2267 4332 μόνον
2317 4260 2382 4315 τὰ
2433 4259 2693 4336 εἰρημένα
2777 4263 2964 4325 αὐτοῖς
3049 4259 3369 4337 παραδόξως
3418 4257 3761 4339 ἐϐράὸευσεν,

2102 4346 2248 4404 ἁλλᾶ
2277 4351 2367 4404 καὶ
2395 4347 2446 4404 ἐν
2481 4355 2596 4412 τοῖς
2629 4349 2817 4428 ἐφεξῆς
2850 4350 3144 4422 ἠκολούθει
3179 4352 3267 4407 καὶ
3326 4349 3530 4422 ε’ἱπετο,
3589 4373 3763 4428 παρα-

2099 4437 2312 4510 πλήσια
2341 4441 2558 4502 τούτοις
2605 4440 2694 4496 καί
2755 4441 3000 4515 μείζονα,
3060 4443 3154 4498 τὸν
3229 4441 3563 4518 Ισραηλίτην
3605 4442 3760 4519 εὐερ-

2098 4537 2288 4608 γετῶν,
2322 4529 2467 4588 ἀλλὰ
2498 4535 2588 4588 καὶ
2636 4538 2728 4589 νῦν
2780 4537 2915 4608 ἡμῖν
2972 4540 3088 4597 τοῖς
3145 4540 3362 4598 πιστοῖς
3421 4535 3761 4592 ἁκολουθοῦσο

329 4623 558 4689 habuit,
595 4624 749 4680 sicut
778 4640 1002 4679 manna
1034 4623 1309 4689 habebat,
1345 4622 1448 4678 sed
1488 4629 1615 4678 erat
1653 4623 1990 4679 communis

2106 4642 2221 4693 σης.
2247 4623 2408 4678 Ὣστε
2437 4622 2570 4678 εἶναι
2603 4624 2739 4678 κατὰ
2781 4624 3064 4700 συνέχειαν
3095 4625 3193 4693 τῆς
3244 4624 3417 4694 αὐτῆς
3473 4624 3759 4698 προνοίας,

328 4729 486 4785 aqua
506 4713 638 4769 ideo
663 4730 822 4769 nunc
845 4729 915 4767 ex
937 4712 1110 4768 modo
1127 4712 1488 4768 scaturiendi
1513 4713 1830 4768 confirmat
1849 4712 1990 4768 fuis-

331 4820 393 4858 se
425 4804 757 4874 spiritalem
786 4822 798 4859 :
836 4819 1031 4874 neque
1065 4803 1227 4858 enim
1253 4802 1419 4857 illum
1455 4793 1620 4873 petra
1645 4819 1713 4857 ex
1747 4801 1990 4874 propria

328 4898 544 4947 natura
573 4892 958 4964 producebat.
994 4894 1138 4948 Nam
1173 4893 1219 4946 si
1256 4894 1337 4946 ita
1367 4892 1594 4954 fuisset,
1628 4891 1991 4962 oportuisset

330 4997 460 5036 eam
494 4988 552 5035 et
577 4988 712 5037 ante
739 4981 887 5036 illud
921 4988 1152 5053 tempus
1177 4981 1538 5053 producere:
1564 4979 1667 5035 sed
1691 4980 1808 5034 alia
1832 4997 1990 5050 qua:-

327 5069 463 5125 dam
497 5077 663 5142 petra
699 5072 1028 5143 spiritualis
1071 5089 1197 5127 rem
1231 5088 1470 5126 omnem
1505 5069 1820 5136 efficiebat,
1856 5086 1987 5140 qua:

329 5167 476 5228 erat,
513 5161 731 5230 inquit.
765 5161 1054 5218 Christus.
1091 5185 1118 5211 ‹‹
1154 5162 1292 5226 Qua:
1337 5161 1474 5216 illos
1506 5159 1921 5220 comitabatur,
1959 5182 1984 5210 ››

329 5249 493 5315 Quod
517 5258 714 5305 autem
737 5251 855 5306 ait:
883 5274 909 5300 ‹‹
935 5251 1394 5320 Comitabatur,»
1420 5251 1615 5304 innuit
1642 5248 1798 5319 quod
1827 5265 1985 5304 sem-

327 5357 435 5413 per
460 5359 578 5398 una
605 5360 724 5414 pra:
742 5359 869 5398 sens
895 5349 1023 5398 erat
1041 5343 1256 5398 Christi
1280 5342 1525 5414 spiritus
1552 5341 1871 5413 omniaque
1903 5342 1986 5396 si-

333 5449 448 5504 gna
480 5432 862 5504 operabatur.

2106 4714 2195 4766 καὶ
2226 4717 2323 4769 τοῦ
2383 4712 2550 4769 αὐτοῦ
2584 4714 2857 4771 Δεσπότου
2888 4716 2979 4770 καὶ
3011 4720 3166 4784 Θεοῦ,
3198 4716 3265 4771 τά
3296 4737 3354 4772 τε
3411 4713 3464 4770 ἐν
3517 4717 3588 4789 τῇ
3650 4719 3762 4771 lla-

2107 4802 2236 4873 λαιᾷ
2284 4806 2824 4882 θαυματουργήματα
2875 4805 2967 4862 καὶ
3024 4807 3119 4869 τας
3178 4805 3503 4882 εὐεργεσίας,
3549 4806 3642 4860 καὶ
3694 4803 3763 4860 τὰ

2099 4889 2152 4945 ἐν
2205 4895 2274 4965 τῇ
2333 4897 2519 4965 Καινῇ.
2571 4919 2598 4945 (ι
2662 4895 2756 4951 Ἐκ
2813 4902 3206 4968 πνευματικῆς.
3243 4919 3271 4947 ››
3332 4891 3552 4965 Ἐπειδὴ
3619 4896 3756 4964 εἷπε,

2099 4981 2466 5053 πνευματικόν
2538 4984 2596 5038 τὸ
2651 4984 2822 5057 πόμα,
2883 4983 3035 5040 οὐδὲν
3105 4985 3226 5060 εἶχε
3285 4982 3755 5061 παρηλλαγμένον

2100 5070 2279 5144 ὥσπερ
2311 5072 2372 5126 τὸ
2409 5073 2596 5144 μάννκ,
2631 5071 2760 5130 ἀλλ’
2807 5073 2955 5150 ὕδωρ
2987 5076 3052 5144 ἦν
3083 5075 3284 5130 κοινόνο
3344 5073 3434 5129 καὶ
3487 5071 3662 5132 οὕτως
3694 5067 3756 5127 ἐκ

2096 5165 2193 5215 τοῦ
2221 5162 2426 5236 τρόπον
2456 5169 2556 5232 τῆς
2589 5159 2956 5230 ἀναϐλόσεως,
2989 5163 3372 5234 κατασκευιὶζει
3404 5162 3536 5216 αὐτὸ
3567 5181 3741 5217 πλευ-

2101 5249 2349 5322 ματικόν.
2387 5251 2464 5307 Οῦ
2496 5252 2600 5328 γὰρ
2631 5251 2802 5324 οἰκείᾳ
2849 5253 3004 5330 φύσει
3030 5256 3065 5324 ἡ
3099 5251 3266 5328 πέτρα
3309 5253 3439 5308 αὐτὸ
3487 5248 3758 5310 ἀνεδίδου.

2099 5340 2160 5395 Εἰ
2193 5340 2294 5414 γαρ
2325 5345 2490 5395 τοῦτο
2522 5342 2608 5410 ἦν,
2641 5338 2748 5396 ἔδει
2779 5344 2868 5397 καὶ
2901 5344 3005 5419 πρὸ
3033 5343 3230 5399 τούτου
3265 5340 3593 5409 ἀναδιδόναι,
3628 5340 3758 5398 ἀλλ’

2097 5427 2250 5504 ἑτέρα
2279 5450 2361 5490 τις
2420 5432 2589 5504 πέτρα
2638 5434 2976 5504 πνευματική
3030 5433 3094 5488 τὸ
3163 5439 3266 5490 πᾶν
3336 5433 3572 5510 ἐνήργει,
3635 5433 3756 5502 ἣτις

323 5521 388 5592 ἧν
431 5521 618 5602 φησὶν,
651 5522 680 5576 ὁ
711 5521 968 5597 Χριστός.
1005 5545 1034 5575 «
1061 5519 1532 5591 Ἀκολουθοόσης.
1569 5544 1597 5571 ››
1628 5520 1704 5578 Τὸ
1734 5518 2143 5591 ἀκολουθοῦσης
2201 5516 2394 5592 δηΛοῖ,
2447 5520 2512 5576 τὸ
2569 5520 2652 5576 ἀεὶ
2711 5523 2995 5598 συμπαρὸν
3053 5527 3151 5580 τοῦ
3217 5528 3457 5601 Χριστοῦ
3510 5526 3757 5600 Πνεῦμα,

325 5611 418 5669 καὶ
448 5615 620 5670 πάντα
658 5612 1131 5688 θαυμτουργοῦν.

403 5732 451 5771 ιι
481 5734 652 5792 Num.
683 5748 777 5806 xx,
807 5733 863 5790 8.
