4118 6410
330 393 444 449 ΤΠ

1257 372 1672 435 COMMENT.
1719 374 1798 433 IN
1844 372 2098 434 EPIST.
2143 374 2166 433 Ι
2213 375 2318 433 AD
2363 376 2744 438 CORINTH.

3633 389 3751 446 7‘78

406 519 569 579 Ἀλλ’
628 518 728 573 οὐκ
804 512 858 568 ἐν
933 516 1050 574 τοῖς
1126 507 1374 566 πλείοσιν
1450 503 1648 561 αὖτῶνε
1703 503 1992 577 εὐδόκησεν

2178 507 2453 576 Χ,ὅ-10.‹‹
2476 511 2588 566 Sed
2602 511 3080 586 pluresipsorum
3102 533 3224 572 non
3247 517 3752 589 placueruntDeo:

333 612 362 665 6
403 609 553 671 Θεός.
619 603 1086 678 Κατεστρώθησαν
1143 598 1246 674 γὰρ
1306 595 1359 652 ἐν
1415 599 1486 670 τῇ
1543 593 1761 670 ἐρήμῳ.
1818 599 1997 652 Ταῦτα

337 698 588 755 ast-51:0:
622 699 786 770 ἡμῶν
847 691 1200 769 ἐγενήθησαν,
1262 687 1336 748 εἰς
1393 686 1456 742 τὸ
1515 685 1594 758 μὴ
1657 685 1794 739 εἶναι
1849 686 1999 758 ἡμᾶς

338 787 684 861 ἐπιθυμητὰς
740 787 922 838 κακῶν
959 825 972 848 ,
1056 783 1239 842 καθῶς
1319 775 1516 831 ἐκεῖνοι
1601 772 1946 847 ἐπεθύμησαν
1980 794 1992 806 ι

338 875 494 949 Μηδὲ
581 872 986 946 εἰδωλολάτραι
1069 867 1294 943 γίνεσθε,
1354 868 1536 929 καθώς
1601 883 1744 925 τινες
1796 861 1996 932 αὐτῶν,

338 969 413 1031 ὡς
487 961 815 1044 γέγραπται,
919 958 1199 1017 Ἐκάθισεν
1276 957 1304 1010 6
1381 954 1512 1016 λαὸς
1615 957 1800 1031 φαγεῖν
1905 953 1994 1007 καὶ

337 1062 506 1123 πιεῖν,
562 1041 657 1110 καὶ
713 1053 1014 1121 ἀνέστησαν
1092 1048 1302 1117 παίζειν
1335 1088 1348 1101 .
1406 1041 1563 1114 Μηδὶ
1619 1041 2000 1118 πορνεύωμεν,

335 1147 518 1211 καθὼς
596 1164 740 1205 τινες
833 1139 1007 1195 αὐτῶν
1085 1136 1437 1209 ἐπόρνευσαν,
1511 1133 1600 1188 καὶ
1679 1125 1865 1186 ἔπεσον
1945 1129 1998 1186 ἐν

341 1241 439 1310 μιᾷ
515 1234 701 1308 ἡμέρᾳ
790 1231 1112 1304 εἰκοσιτρεῖς
1188 1220 1459 1300 χιλιάδες.
1559 1219 1718 1292 Μηδὲ
1817 1219 1998 1276 ἐκπει-

341 1326 596 1400 ράζωμεν
676 1321 769 1376 τὸν
847 1319 1099 1394 Χρισνὸν,
1177 1313 1360 1375 καθὼς
1434 1312 1527 1368 καὶ
1601 1332 1745 1372 τινες
1819 1310 1997 1365 αὐτῶν

342 1397 633 1491 εἶπείρασαν
709 1411 799 1465 καὶ
877 1409 978 1464 ὑπὸ
1054 1410 1161 1462 τῶν
1236 1401 1410 1481 ὄφεων
1485 1401 1795 1457 ἀπώλοντο.
1843 1397 2003 1470 Μηδὲ

339 1504 664 1581 γογγύζετε,
740 1499 919 1561 καθὼς
1003 1496 1094 1551 καί
1177 1516 1320 1556 τινες
1402 1491 1578 1548 αὐτῶν
1635 1491 2002 1567 ἐγγόγγυσαν,

341 1594 434 1650 καὶ
467 1592 761 1648 ἀπώλοντο
799 1588 903 1644 ὑπὸ
933 1591 1029 1643 τοῦ
1059 1585 1411 1660 ὀλοθρευτοῦ.

415 1682 615 1744 Ηάντες
649 1678 723 1734 ὧν
757 1679 903 1734 εἷπον
934 1676 1224 1750 θαυμάτων
1257 1675 1348 1728 καὶ
1390 1669 1608 1748 δωρεῶν
1668 1670 2004 1740 ἠξιώθησαν,

345 1771 471 1827 ἀλλ’
503 1771 602 1825 οὐκ
649 1769 702 1824 ἐν
760 1773 912 1835 πᾶσι,
973 1767 1162 1846 φησὶν,
1221 1763 1278 1820 εὖ
1339 1757 1702 1818 ἐϐουλεύσατο
1763 1760 1790 1814 6
1849 1757 2004 1820 Θεός.

345 1863 526 1918 Τοῦτο
580 1861 681 1935 γάρ
735 1860 798 1914 τὸ
874 1854 1158 1926 εύδόκησε.
1245 1853 1348 1910 Καί
1405 1873 1494 1907 τοι
1555 1848 1811 1926 μεγάλων
1868 1851 2005 1935 ἦσαν

351 1948 658 2024 ἀξιωθέντες
688 1947 926 2022 δωρεῶν.
985 1947 1176 2018 Ὁρᾶτε
1206 1941 1321 2015 οὖν,
1378 1940 1534 2019 φησὶ,
1593 1941 1668 2014 μή
1730 1959 1848 2001 πως
1880 1933 2006 1992 οὐδέ

352 2038 435 2115 ἐφ’
496 2041 647 2112 ὑμῶν
700 2039 756 2092 εὖ
817 2035 1169 2106 βουλεύσεται
1228 2033 1256 2088 6
1309 2033 1458 2099 Θεὸς,
1521 2030 1564 2085 εἰ
1623 2029 1715 2087 καὶ
1772 2028 2007 2102 ἡξίωσθε

347 2126 577 2184 πολλῶν
610 2125 960 2203 δωρεῶν,ἐὰν
997 2126 1072 2198 μή
1108 2125 1256 2192 ἄξιον
1290 2121 1410 2196 βίον
1433 2120 1777 2195 παράσχητε.
1804 2118 2004 2179 Πάντες

346 2220 396 2272 οἱ
430 2215 690 2273 Ἰουδαῖοι
720 2215 1035 2270 ἀπώλοντο.
1070 2217 1193 2273 Πῶς
1252 2209 1366 2279 οὖν,
1400 2209 1578 2279 σησίν,
1613 2209 1716 2262 οὐκ
1769 2205 1822 2260 ἐν
1883 2211 2003 2269 τοῖς

343 2306 594 2363 πλείοσιν
624 2302 922 2376 εύδόκησαν
957 2300 1088 2372 ;’ίνα
1131 2301 1208 2375 μή
1253 2298 1379 2373 δόξῃ
1418 2299 1605 2359 αὐτοῖς
1638 2295 2002 2371 πανολεθρίαν

344 2393 791 2475 προφητεύειν,ἢ
841 2390 930 2448 διά
958 2393 1051 2448 τὸν
1105 2392 1317 2461 Ἰησοῦν
1369 2387 1461 2444 καὶ
1521 2386 1614 2442 τὸν
1667 2380 1862 2443 Χαλὶϐ
1911 2385 2003 2440 καὶ

341 2473 477 2548 τοὺς.
501 2483 656 2547 νέους
684 2489 793 2540 τῶν
823 2479 1106 2540 Ἰουδαίων
1137 2477 1310 2547 υἱοὺς,
1341 2477 1432 2533 καὶ
1464 2478 1540 2538 εἱς
1570 2477 1673 2544 τήν
1717 2473 2004 2550 μοσχολα-

345 2573 524 2649 τρείαν
557 2573 726 2648 (πλὴν
759 2576 864 2627 τῶν
927 2569 1228 2643 δισμυρίων
1287 2568 1375 2622 καὶ
1434 2564 1790 2642 τρισχιλίων)
1853 2585 2007 2638 μεσι-

342 2663 630 2725 τεύσαντος
683 2666 780 2717 τοῦ
869 2655 1128 2722 Μωσέως.
1217 2681 1240 2710 ι
1295 2653 1774 2731 Κατεστρώθησαν.
1839 2678 1868 2705 ››
1925 2653 2004 2711 Τὸ

346 2779 372 2806 ‹‹
405 2752 879 2828 κατεστρώθησαν,
917 2775 943 2802 ››
974 2750 1074 2818 τήν
1108 2747 1376 2827 αἷφνιδίαν
1407 2746 1584 2800 αὑτῶν
1615 2744 1706 2799 καὶ
1739 2742 2006 2814 πλείστην

345 2842 624 2899 ἀπώλειαν
657 2840 849 2914 δηλοῖ.
903 2865 931 2893 ‹‹
963 2839 1134 2895 Τύποι
1193 2839 1352 2913 ἡμῶν
1402 2835 1815 2912 ἐγενήθησαν.»
1875 2835 2003 2888 Ὠσ-

346 2955 445 3009 περ
503 2934 666 3010 γάρὸ
701 2932 1010 3008 βαπτισμὸς
1060 2930 1151 2986 καὶ
1207 2929 1271 2985 τὸ
1333 2931 1530 3003 βρῶμα
1587 2928 1677 2982 καὶ
1733 2927 1796 2981 τὸ
1851 2924 2008 2999 πόμα

340 3024 505 3080 τύποι
555 3025 688 3092 ἦσαν
748 3025 932 3096 ἡμῶν,
992 3021 1166 3083 οὕτως
1218 3020 1372 3076 καὶὸ
1422 3015 1652 3092 ὄλεθρος
1708 3016 1878 3077 τύπος
1936 3015 2003 3084 ἦν

343 3114 638 3186 ἡμῶν,εἰς
679 3114 765 3179 τὸ,
822 3139 842 3164 ι
903 3114 990 3182 Μὴ
1051 3116 1168 3172 τοῖς
1228 3108 1370 3172 ἴσοις
1431 3107 1765 3182 παράξαντας
1820 3106 1887 3159 τὰ
1911 3102 2008 3158 ’ίσα

347 3210 557 3268 παθεῖν.
611 3205 798 3269 Καθὼς
865 3203 1060 3258 ἐκεῖνοι
1117 3200 1550 3274 ἐπεθύμησαν.»
1597 3197 1696 3252 Καὶ
1755 3197 1784 3251 6
1840 3192 2004 3250 Δαυὶδ

350 3309 508 3369 φησι·
555 3315 576 3343 ι
613 3290 709 3346 Καὶ
768 3289 1116 3363 ἐπεθύμησαν
1179 3288 1472 3360 ἐπιθυμίαν
1501 3285 1554 3340 ἐν
1604 3289 1674 3358 τῇ
1727 3283 1940 3358 ἐρήμῳ.
1981 3308 2001 3333 ο

350 3380 678 3444 Καθίσαντες
707 3381 807 3456 γὰρ
837 3381 892 3436 οἱ
922 3376 1180 3434 Ἰουδαῖοι
1213 3373 1430 3433 ἔκλαιον
1463 3376 1553 3431 καὶ
1607 3375 1781 3431 εἶπονο
1846 3398 1873 3424 ‹‹
1907 3373 2006 3432 Τὶς

347 3473 560 3544 ψωμιεῖ
614 3473 763 3544 ἡμᾶς
823 3472 996 3546 κρέα;
1057 3467 1406 3542 ἐμνήσθημεν
1459 3464 1586 3526 τοὺς
1653 3463 1846 3539 ἰχθύας
1915 3463 2006 3523 οὓς

344 3561 606 3635 ἡσθίομεν
637 3559 689 3615 ἐν
721 3560 988 3638 Αἰγυπτῳ
1021 3557 1247 3633 δωρεάν,
1305 3555 1398 3612 καὶ
1452 3556 1584 3618 τοὺς
1642 3553 1883 3621 σικύους,
1915 3552 2008 3608 καὶ

347 3649 475 3713 τοὺς
505 3649 780 3718 πὲπωνας,
821 3648 1008 3705 καὶτὰ
1065 3648 1298 3724 πράσσα,
1335 3647 1423 3701 καὶ
1479 3647 1547 3701 τά
1602 3643 1884 3720 κρόμμυα,
1917 3643 2006 3697 καὶ

347 3741 411 3794 τὰ
444 3738 696 3814 σκόροδα.
760 3741 893 3796 Νυνῖ
955 3739 1015 3795 δὲ
1045 3741 1081 3809 ἡ
1116 3740 1271 3817 ψυχὴ
1303 3740 1466 3810 ἡμῶν
1499 3736 1821 3808 κατάξηρος
1853 3731 2008 3788 οὐδὲν

347 3828 494 3898 πλὴν
527 3830 601 3892 εἰς
632 3831 694 3885 τὸ
729 3830 904 3904 μάννα
959 3830 1011 3884 οἱ
1062 3828 1339 3908 ὀφθακμοί
1397 3828 1584 3899 ἡμῶν.
1617 3850 1644 3876 ››
1677 3857 1743 3866 —-
1770 3848 1798 3875 «
1856 3819 2011 3893 Μηδὲ

348 3916 752 3994 εἰδωλολάτραι
783 3917 1015 3994 γίνεσθε.
1049 3943 1079 3972 ››
1136 3917 1311 3972 Τοῦτο
1380 3915 1562 3989 ἡρέμα
1610 3918 1728 3975 πῶς
1784 3912 1913 3974 τοὺς
1943 3910 2011 3966 τὰ

350 4005 692 4074 εἰδωλόθυτα
777 4008 1054 4073 ἐσθίοντας
1140 4006 1452 4075 αἰνίττεται,
1509 4001 1718 4065 δεικνὺς
1778 4003 1862 4057 ὅτι
1919 4003 2010 4056 καὶ

348 4099 544 4154 ἐκεῖνοι
577 4098 686 4154 ἀπὸ
711 4098 1147 4174 γαστριμαργίας
1179 4096 1352 4166 ἦλθον
1415 4095 1496 4158 εἰς
1527 4089 2009 4163 εἰδωλολατρείαν.

349 4189 449 4242 Καὶ
485 4187 666 4262 ὑμεῖς,
712 4187 898 4262 φησὶν,
929 4186 1035 4240 ἀπὸ
1091 4184 1518 4260 γαστριμαργίας
1580 4181 1711 4237 αὐτὰ
1775 4180 2011 4254 μᾶλλον,

435 4277 543 4332 ἀπὸ
602 4276 954 4348 τελειότητος,
1015 4275 1236 4345 ἐσθίετε,
1306 4273 1487 4349 ὥσπερ
1548 4271 1746 4329 ἐκεῖνοι
1809 4271 2011 4345 χοροὺς

351 4369 645 4436 στήσαντες
678 4366 801 4442 περὶ
850 4366 942 4422 τὸν
980 4366 1193 4445 μόσχον
1253 4362 1478 4433 ἔπαιζον
1538 4361 1859 4438 χορεύοντες
1914 4354 2016 4432 ἔμ-

352 4466 587 4530 προσθεν
621 4455 805 4526 αὐτοῦ,
827 4455 919 4510 καὶ
942 4449 1152 4530 ἔλεγον,
1174 4479 1200 4506 ‹‹
1225 4450 1391 4511 Οὗτοί
1423 4453 1476 4507 οἱ
1495 4452 1607 4516 θεοί
1631 4472 1748 4518 σου,
1765 4449 2012 4525 Ἰσραὴλ,

357 4541 554 4606 οἵτινες
587 4538 906 4599 ἀνεϐίϐασάν
967 4564 1023 4598 σε
1078 4544 1138 4597 ἐκ
1190 4549 1292 4618 γῆς
1351 4540 1653 4614 Αἰγύπτου.
1689 4563 1716 4590 ››
1775 4538 1926 4599 Τινὲς
1958 4533 2016 4590 δὲ

2109 621 2136 649 ‹‹
2165 615 2304 654 nam
2335 602 2613 671 prostrati
2638 603 2856 658 suntin
2881 602 3288 663 deserto.5ll
3323 609 3456 663 Haec
3469 613 3666 663 autem
3682 607 3753 663 ﬁ-

2111 709 2135 740 a
2161 706 2318 760 gures
2342 691 2530 745 nostri
2553 691 2898 761 fuerunt,ne
2921 710 3029 749 nos
3054 695 3240 751 simus
3263 698 3754 768 concupiscentes

2110 795 2347 835 «rerum
2369 780 2686 848 malarum,
2709 784 3213 852 quemadmodum
3234 792 3292 840 et
3324 786 3410 841 illi
3447 788 3758 857 concupie-

2109 890 2136 918 ι(
2164 871 2528 940 runt.Neque
2543 871 2874 926 idololatrsa
2891 873 3218 940 sitis,sicuti
3239 875 3757 944 quidamillorum,

2110 979 2137 1006 ι(
2155 959 2662 1027 quemadmodum
2677 961 2964 1032 scriptum
2984 968 3072 1016 est
3106 980 3118 1017 :
3141 963 3566 1035 Seditp0pulus
3580 971 3645 1019 ut
3657 982 3758 1019 co-

2111 1073 2134 1096 α
2150 1047 2419 1103 mederet
2431 1065 2498 1104 ac
2512 1049 2763 1118 biberet,
2785 1057 2842 1105 et
2865 1058 3256 1107 surrexerunt
3273 1059 3338 1107 ut
3362 1053 3761 1109 luderent.Ne-

2116 1157 2137 1185 α
2158 1153 2271 1207 que
2288 1145 2620 1194 scortemur
2634 1141 2786 1196 sicut
2803 1140 3044 1212 quidam
3069 1142 3335 1213 ipsorum
3351 1143 3587 1198 scortati
3603 1148 3760 1209 sunt;

2112 1231 2205 1280 «et
2218 1227 2608 1283 conciderunt
2625 1246 2741 1284 uno
2757 1229 2851 1284 die
2870 1230 3070 1302 viginti
3087 1232 3199 1284 tria
3211 1231 3629 1302 millia.Neque
3648 1236 3765 1286 ten-

2115 1338 2142 1365 ‹‹
2169 1321 2364 1373 temus
2407 1319 2728 1390 Christum,
2749 1322 2904 1376 sicut
2934 1327 2994 1377 et
3024 1322 3269 1392 quidam
3303 1323 3546 1378 illorum
3575 1328 3767 1378 tenta—

2111 1429 2138 1455 ‹‹
2167 1413 2463 1474 verunt,et
2481 1426 2514 1464 a
2530 1410 2908 1480 serpentibus
2929 1411 3201 1466 exstincti
3220 1408 3586 1483 sunt.Neque
3601 1430 3766 1467 mur-

2117 1515 2144 1543 ‹σ
2169 1496 2417 1552 muretis
2441 1496 2594 1552 sicut
2614 1503 2672 1552 et
2699 1499 2938 1569 quidam
2959 1499 3198 1555 illorum
3225 1506 3764 1569 murmuraverunt,

2118 1604 2145 1633 «
2174 1589 2234 1638 et
2262 1584 2607 1656 interempti
2640 1591 2780 1641 sunt
2809 1586 2882 1642 ab
2914 1587 3396 1645 exterminatore.
3432 1610 3460 1638 »

2188 1674 2405 1729 Omnes
2437 1692 2812 1747 quacunque
2844 1675 3196 1733 admiranda
3224 1678 3344 1732 dixi
3367 1683 3762 1749 acceperunt:

2118 1767 2178 1817 at
2207 1779 2328 1818 non
2359 1763 2420 1818 in
2450 1764 2728 1820 omnibus
2758 1765 3200 1838 beneplacitum
3233 1767 3441 1823 habuit
3471 1769 3645 1834 Deus,
3670 1773 3772 1822 aut

2037 1882 2085 1946 Β
2118 1858 2191 1913 de
2223 1859 2344 1913 illis
2375 1877 2663 1932 prospera
2693 1863 2933 1918 statuit:
2970 1865 3115 1920 Nam
3157 1865 3270 1919 hoc
3319 1870 3428 1932 est,
3484 1860 3770 1932 εὐδόκησε,

2117 1946 2176 2001 id
2208 1953 2318 2012 est,
2350 1948 2810 2005 oblectationem
2841 1951 3072 2007 habuit.
3107 1952 3283 2024 Atqui
3315 1953 3545 2026 magnis
3574 1951 3770 2008 affecti

2115 2035 2352 2092 fuerant
2399 2037 2597 2106 donis,
2628 2039 2820 2096 videte
2852 2040 3032 2113 igitur
3059 2058 3128 2096 ne
3161 2059 3277 2112 quo
3303 2041 3479 2096 modo
3512 2043 3666 2096 Deus
3697 2041 3768 2096 de

2112 2125 2280 2180 vobis
2313 2143 2550 2198 quoque
2595 2133 2816 2183 statuat
2845 2146 2967 2184 non
2999 2146 3306 2202 prospera,
3338 2130 3480 2185 licet
3534 2130 3764 2203 magnis

2115 2214 2287 2270 donis
2318 2217 2511 2271 affecti
2547 2217 2695 2285 sitis,
2720 2217 2837 2273 nisi
2868 2218 3106 2292 dignam
3137 2220 3316 2275 vitam
3346 2220 3762 2291 praestiteritis.

2117 2304 2380 2359 Universi
2405 2305 2591 2360 Judaei
2623 2307 2968 2378 perierunt:
3003 2309 3298 2380 quomodo
3331 2326 3468 2382 ergo
3502 2308 3664 2374 dicit,
3698 2310 3763 2364 In

2114 2394 2384 2466 pluribus
2431 2413 2551 2452 non
2609 2397 2965 2468 placuerunt
3016 2401 3134 2455 Deo
3156 2400 3183 2454 ‘?
3214 2402 3292 2455 Ne
3342 2400 3608 2456 videatur
3639 2399 3759 2454 illis

2113 2485 2586 2541 internecionem
2645 2487 2974 2543 vaticinari.
3020 2491 3136 2544 Aut
3189 2494 3431 2561 propter
3454 2491 3653 2544 Iesum
3706 2493 3765 2544 et

2114 2574 2692 2647 Chaleb,recensque
2719 2577 2947 2649 genitos
2975 2579 3315 2634 Iudaeorum
3340 2579 3514 2648 ﬁlios,
3549 2584 3608 2634 et
3628 2578 3769 2649 quia

2117 2665 2177 2718 in
2207 2663 2374 2718 vituli
2405 2663 2753 2721 adoratione
2795 2667 2984 2722 factus
3017 2673 3108 2722 est
3135 2669 3324 2723 Moses
3359 2667 3670 2735 mediator,
3701 2673 3768 2722 ut

2115 2758 2382 2828 perirent
2403 2758 2532 2813 sola
2548 2758 2753 2831 viginti
2777 2759 2890 2815 tria
2911 2759 3102 2817 millia
3122 2761 3218 2815 ¹⁶.‹‹
3255 2761 3540 2816 Prostrati
3573 2765 3768 2816 sunt.»

2117 2845 2372 2902 Verbum
2397 2869 2425 2898 «
2446 2848 2730 2903 Prostrati
2748 2853 2908 2915 sunt,
2940 2871 2967 2898 »
2980 2851 3357 2922 repentinam
3371 2855 3430 2905 et
3448 2850 3771 2905 maximam

2116 2935 2383 3008 ipsorum
2416 2942 2674 3009 stragem
2718 2938 3033 3011 signiﬁcat.
3068 2961 3095 2989 ες
3157 2939 3384 3010 Figura:
3418 2940 3609 2994 nostri
3641 2939 3770 2994 fue-

2114 3030 2275 3080 runt.
2309 3047 2335 3073 ι)
2368 3026 2881 3089 Quemadmodum
2913 3028 3072 3082 enim
3128 3027 3459 3099 baptismus
3517 3033 3574 3082 et
3603 3027 3771 3082 cibus

2115 3129 2183 3168 ac
2210 3119 2384 3184 potus
2416 3115 2618 3186 ﬁgurae
2649 3115 2841 3170 nostri
2891 3121 3077 3179 erant,
3104 3117 3187 3171 ita
3217 3121 3276 3172 et
3304 3116 3558 3188 perditio
3582 3116 3772 3186 ﬁgura

2117 3204 2305 3257 nostri
2336 3208 2482 3265 erat,
2508 3220 2581 3258 ne
2605 3204 2861 3274 aequalia
2892 3209 3304 3276 perpetrantes
3337 3205 3559 3260 similia
3587 3204 3772 3276 patia-

2119 3309 2274 3346 mur.
2309 3315 2336 3342 «
2365 3292 2447 3348 Ne
2479 3309 2590 3348 nos
2615 3294 2803 3349 simus
2833 3295 3327 3366 concupiscentes
3355 3312 3556 3350 rerum
3579 3294 3769 3349 mala-

2118 3397 2272 3450 rum,
2309 3382 2814 3452 quemadmodum
2845 3388 2903 3438 et
2933 3383 3021 3437 illi
3050 3385 3502 3456 concupierunt.
3535 3406 3562 3434 »
3589 3384 3769 3439 David

2119 3487 2356 3541 quoque
2387 3471 2550 3526 dicit.
2588 3494 2608 3520 σι
2645 3473 2715 3526 Ει
2745 3473 3178 3544 concupierunt
3223 3474 3770 3546 concupiscentiam

2118 3561 2180 3614 in
2211 3560 2443 3616 deserto
2488 3560 2554 3615 ‘0.
2594 3583 2620 3611 ››
2653 3561 2938 3618 Sedentes
2964 3579 3224 3635 namque
3261 3563 3446 3620 Judaei
3480 3564 3774 3619 ﬂeverunt

2119 3653 2297 3720 atque
2329 3651 2624 3707 dixerunt.
2663 3673 2691 3702 «
2723 3653 2864 3717 Quis
2898 3653 3260 3726 indulgendo
3282 3659 3488 3725 pascet
3517 3671 3628 3709 nos
3651 3671 3775 3709 car-

2119 3738 2294 3793 nibus
2325 3739 2353 3794 ?
2398 3740 2778 3796 Meminimus
2837 3742 3090 3812 piscium
3147 3759 3297 3813 quos
3351 3742 3673 3798 edebamus
3711 3744 3773 3798 in

2119 3830 2359 3900 Egypto
2390 3830 2594 3900 gratis,
2630 3833 2690 3884 et
2712 3846 3100 3886 cucumerum
3131 3848 3200 3886 ac
3244 3847 3563 3903 peponum,
3599 3849 3776 3903 cepa-

2118 3933 2254 3971 rum
2269 3916 2617 3972 etalliorum
2648 3933 2661 3984 ;
2679 3934 2838 3974 nunc
2855 3935 2989 3974 vero
3025 3920 3229 3974 anima
3249 3925 3455 3975 nostra
3479 3921 3647 3976 arida
3662 3926 3773 3976 est:

2123 4007 2274 4061 nihil
2305 4012 2522 4079 praeter
2550 4024 2770 4062 manna
2800 4008 3111 4064 intuentur
3140 4010 3296 4064 oculi
3329 4011 3516 4066 nostri
3548 4009 3612 4063 ‘7.
3644 4031 3673 4060 ·›
3703 4039 3774 4051 -

2123 4095 2704 4168 «Nequeidololatraa
2727 4097 3038 4153 sitis.»Hoc
3059 4099 3291 4155 occulto
3315 4098 3575 4170 quodam
3599 4099 3772 4154 modo

2124 4185 2368 4241 edentes
2399 4185 2734 4258 idolothyta
2755 4191 2915 4241 taxat
2949 4203 2961 4240 :
2996 4188 3320 4243 ostendens
3349 4187 3486 4243 illos
3533 4203 3771 4259 quoque

2123 4293 2157 4331 a
2180 4276 2331 4348 gulae
2362 4275 2500 4330 vitio
2533 4275 2842 4331 devenisse
2883 4276 2957 4330 ad
2987 4276 3389 4332 idololatriam
3413 4294 3424 4332 :
3449 4279 3514 4332 Et
3541 4293 3662 4342 vos,
3689 4277 3775 4331 in-

2124 4367 2273 4436 quit,
2306 4381 2340 4421 a
2369 4365 2519 4437 gulae
2549 4366 2689 4420 vitio
2711 4367 2910 4436 potius
2937 4383 3115 4437 quam
3137 4384 3172 4421 a
3196 4367 3558 4438 perfectione
3590 4366 3776 4421 addu-

2125 4455 2334 4509 cimini
2365 4459 2433 4509 ut
2477 4455 2584 4510 illa
2642 4454 2830 4511 edatis
2863 4474 2874 4510 :
2913 4456 3068 4511 512
3127 4456 3632 4528 quemadmodum
3665 4454 3777 4524 illi,

2128 4543 2470 4599 constitutis
2500 4560 2700 4599 coram
2731 4544 2911 4599 vitulo
2944 4545 3162 4611 choris,
3196 4546 3501 4610 ludebant,
3533 4546 3781 4601 choreas

356 4634 419 4688 1:6
440 4633 671 4705 παίζειν,
705 4634 820 4689 ἀντὶ
852 4637 949 4688 τοῖ’)
982 4630 1430 4705 εἷδωλολατρεῖν,
1489 4627 1728 4700 ἐνόησαν.
1799 4653 1826 4681 ιι
1860 4622 2007 4696 Μηδί

2129 4649 2327 4687 coram
2361 4649 2428 4687 eo
2465 4633 2770 4701 ducentes,
2805 4650 2873 4689 ac
2895 4634 3207 4690 dicebant:
3237 4658 3263 4685 «
3289 4636 3356 4688 Hi
3391 4641 3528 4689 sunt
3559 4635 3648 4688 Dii
3674 4633 3780 4702 tui,

360 4724 733 4797 πορνεύωμεν.
795 4747 824 4775 ››
895 4721 1068 4780 Πάλιν
1125 4720 1268 4776 εἶπεν
1330 4717 1596 4792 ἁμαρτίαν
1650 4715 1849 4788 ἄλλην,
1907 4715 2012 4769 ἀπὸ

363 4811 797 4888 γαστριμαργίας
857 4811 1185 4886 τικτομένην
1221 4855 1235 4869 .
1322 4809 1626 4884 Γέγραπται
1713 4805 1764 4860 ἐν
1838 4799 2018 4880 βίϐλῳ

360 4903 660 4973 Ἀριθμῶν·
696 4927 724 4954 ‹‹
759 4901 857 4956 Καὶ
906 4899 1200 4956 κατέλυσεν
1252 4897 1476 4976 Ἰσραὴλ
1526 4897 1577 4952 ἐν
1611 4895 1867 4970 Σαττεὶμ,
1927 4896 2016 4952 καὶ

360 4983 688 5062 ἐϐεϐηλώθη
752 4991 780 5045 6
831 4989 964 5053 λαὸς
1020 4989 1378 5064 ἐκπορνεῦσαι
1439 4987 1514 5050 εἰς
1571 4987 1666 5048 τὰς
1725 4985 2020 5062 θυγατέρας

363 5074 561 5136 Μωάϐ³
587 5080 675 5135 καὶ
710 5079 968 5136 ἐκάλεσαν
1002 5081 1200 5142 αὐτοὺς
1251 5076 1337 5133 ἐπὶ
1366 5083 1486 5139 ταῖς
1544 5075 1749 5138 θυσίαις
1805 5080 1912 5130 τῶν
1943 5076 2020 5130 εἰ-

366 5166 565 5225 δώλων
597 5171 800 5225 αὑτῶν·
846 5169 936 5226 καὶ
969 5164 1166 5247 ἔφαγεν
1207 5171 1234 5224 6
1285 5166 1417 5230 λαὸς
1447 5171 1556 5222 τῶν
1591 5170 1790 5232 θυσιῶν
1820 5165 2023 5234 αὑτῶν,

365 5259 457 5314 καὶ
491 5258 902 5335 προσεκύνησαν
931 5264 1054 5322 τοῖς
1087 5255 1346 5320 εἰδώλοις
1399 5256 1599 5329 αὐτῶν,
1659 5256 1746 5310 καὶ
1804 5253 2021 5324 ἐτελέθη

377 5349 605 5426 Ἰσραήλ
663 5353 744 5421 τῷ
797 5348 1158 5426 Βεελφεγώρί
1189 5348 1278 5404 καὶ
1337 5347 1580 5423 ὠργίσθη
1639 5351 1796 5418 θυμῷ
1831 5346 2025 5420 Κύριος

365 5441 445 5509 τῷ
479 5437 728 5513 Ἰσραὴλ.
764 5438 867 5495 Καὶ
902 5439 1023 5492 εἷπε
1046 5437 1244 5512 Κύρῖος
1274 5441 1354 5508 τῷ
1384 5439 1577 5509 Μωσῇο
1627 5428 1772 5490 Λάϐε
1823 5433 2027 5496 πάντας

367 5527 499 5590 τοὺς
532 5527 821 5604 ἀρχηγοὺς
850 5533 947 5584 τοῦ
978 5527 1114 5583 λαοῦ
1160 5527 1249 5583 καὶ
1281 5523 1774 5603 παραδειγμάτισον
1834 5524 2028 5587 αὐτοὺς

2123 4721 2326 4788 Israel,
2358 4721 2458 4791 qui
2492 4721 2827 4777 eduxerunt
2858 4730 2912 4778 te
2946 4723 3017 4779 de
3049 4729 3208 4780 terra
3228 4724 3454 4796 .‘Egypti
3483 4721 3546 4774 ‘3.
3579 4746 3600 4770 ι
3639 4721 3778 4786 Qui-

2128 4811 2265 4867 dam
2298 4815 2497 4865 autem
2530 4810 2956 4867 intellexerunt
2986 4813 3083 4867 hic
3117 4812 3325 4868 ludere
3357 4828 3463 4883 pro
3497 4827 3565 4866 eo
3620 4809 3781 4879 quod

2130 4906 2220 4956 est
2250 4899 2428 4954 idolis
2458 4898 2686 4954 cultum
2717 4899 3018 4957 exhibere.
3055 4924 3082 4951 «
3108 4903 3306 4971 Neque
3363 4905 3715 4955 scortemur.
3754 4920 3775 4946 ιι

2130 4989 2308 5046 Aliud
2340 5005 2579 5044 rursum
2611 4987 2761 5043 dixit
2795 4995 3106 5060 peccatum
3137 4989 3294 5061 quod
3315 4987 3782 5063 agastrimargia

2131 5080 2409 5153 gignitur.
2441 5077 2734 5149 Scriptum
2768 5084 2856 5133 est
2887 5080 2949 5133 in
2993 5079 3146 5134 libro
3194 5081 3623 5135 Numerorum:
3659 5100 3687 5128 κ
3715 5077 3783 5132 Et

2133 5167 2453 5224 demolitus
2485 5173 2574 5222 est
2607 5167 2785 5222 Israel
2809 5167 2869 5221 in
2899 5168 3154 5234 Stattim,
3189 5174 3249 5224 et
3276 5169 3664 5224 conﬁrmatus
3694 5172 3786 5222 est

2135 5256 2392 5329 populus
2424 5261 2489 5311 ut
2520 5262 2883 5312 scortaretur
2911 5273 3046 5312 cum
3079 5256 3317 5312 ﬁliabus
3348 5256 3513 5314 Moab
3545 5275 3557 5313 :
3593 5261 3653 5313 et
3682 5274 3784 5313 vo-

2137 5350 2417 5402 caverunt
2449 5361 2550 5400 eos
2591 5345 2664 5400 ad
2725 5346 3016 5401 sacriﬁcia
3073 5345 3373 5401 idolorum
3433 5363 3697 5410 suorum,
3731 5352 3790 5401 et

2140 5433 2397 5491 comedit
2444 5433 2702 5506 populus
2735 5435 2805 5489 dc
2827 5434 3083 5491 victimis
3107 5435 3389 5507 ipsarum,
3421 5439 3479 5491 et
3507 5435 3790 5491 adorave-

2140 5528 2284 5580 runt
2312 5522 2473 5578 idola
2497 5523 2783 5595 ipsarum.
2806 5526 2876 5579 Et
2907 5525 3174 5580 initiatus
3207 5530 3296 5580 est
3316 5525 3499 5580 Israel
3522 5523 3798 5594 Beelphe—

453 5685 497 5722 ¹⁵
529 5685 712 5742 Exod.
744 5703 918 5755 xxxu,
951 5687 1041 5741 28.
1079 5687 1122 5723 1⁸
1145 5684 1303 5743 Psal.
1337 5701 1422 5755 cv,
1454 5687 1539 5739 14.
1610 5683 1653 5719 ¹⁷
1683 5685 1855 5740 Num.
1891 5700 1962 5751 χι,
1989 5683 2007 5738 4

2149 5679 2195 5717 1⁸
2225 5678 2404 5734 Exod.
2434 5695 2600 5745 xxxn,
2635 5682 2686 5734 8.

667 5806 915 5859 ΡΑοι-ιιοι..
959 5803 1063 5860 Gn.
1105 5801 1360 5860 CXVIII.

3449 5795 3523 5849 25
