4118 6398
342 363 464 424 ΠΩ

1432 359 1856 425 (ECUMENII
1905 358 2217 421 TRICOE
2262 359 2614 421 EPISCOPI

3647 363 3767 425 780

345 513 488 572 δοες
523 501 581 552 et
607 496 794 554 iratus
825 501 918 555 est
942 498 1142 553 furore
1175 496 1458 556 Dominus
1476 495 1760 554 adversus
1791 493 1992 559 Israel,

2115 495 2188 562 τῷ
2242 491 2427 565 Κυρίῳ
2505 487 2756 546 ἀπέναντι
2809 495 2905 546 τοῦ
2961 490 3148 560 ἡλίου,
3215 492 3305 548 καὶ
3362 493 3766 568 ἀποστρήσεται

347 595 405 644 et
432 589 516 644 ait
546 588 830 644 Dominus
851 588 926 644 ad
957 590 1155 644 Mosen
1184 606 1196 644 :
1223 589 1438 659 Accipe
1461 602 1670 642 omnes
1703 587 2000 658 principes

346 679 571 752 populi.
604 685 664 737 et
693 679 754 734 in
787 680 1124 751 exemplum
1154 696 1308 752 pone
1353 695 1456 734 eos
1508 677 1754 734 Domino
1794 683 2002 732 contra

348 769 532 824 solem
566 775 626 824 et
653 775 952 824 avertetur
977 768 1064 824 ira
1085 769 1304 825 furoris
1338 769 1569 826 Domini
1603 767 1675 822 ab
1697 765 1899 820 Israel.
1934 764 2002 818 Et

343 859 494 914 dixit
513 860 703 914 Moses
725 860 799 915 ad
830 859 1021 914 tribus
1043 860 1226 915 lsrael
1251 875 1264 914 :
1300 860 1541 915 Oocidat
1587 856 2001 927 unusquisque

343 949 686 1020 proximum
710 965 882 1005 suum
909 950 1009 1021 qui
1031 949 1301 1006 initiatus
1323 955 1414 1004 est
1434 948 1815 1020 Beelphegor.
1840 947 2002 1000 Tunc

347 1037 606 1094 Phineas
639 1039 798 1094 illius
821 1039 1062 1095 Eleazar
1092 1039 1270 1094 simul
1309 1036 1913 1094 transiixitZambren
1945 1038 2004 1088 et

349 1127 666 1184 mulierem
693 1127 983 1184 Chasben.
1011 1130 1388 1200 Fueruntque
1412 1126 1707 1183 interfecti
1740 1126 1802 1180 in
1836 1123 2006 1196 plaga

348 1217 556 1290 viginti
571 1217 682 1272 tria
702 1217 894 1273 millia
916 1217 1024 1273 η.»
1053 1218 1304 1283 Quidam
1338 1224 1538 1273 autem
1568 1221 1834 1272 veterum
1858 1213 2003 1268 scri-

349 1313 586 1380 ptorum
618 1311 947 1379 posuerunt
965 1307 1168 1379 viginti
1202 1313 1460 1379 quatuor
1508 1306 1715 1362 millia.
1741 1325 1770 1354 ‹‹
1801 1305 2002 1373 Neque

350 1403 650 1455 tentemus
681 1397 1004 1454 Christum.
1040 1421 1067 1447 »ι
1103 1399 1334 1452 Iudicat
1363 1396 1524 1468 quod
1555 1397 1668 1470 ipsi
1693 1395 1860 1467 signa
1891 1411 2003 1465 pe-

349 1485 555 1542 tebant
577 1491 876 1542 tentantes
907 1487 1229 1553 Christum,
1257 1488 1411 1543 sicut
1431 1492 1491 1542 et
1507 1486 1693 1541 ,ιιιόωὶ
1716 1485 1778 1539 in
1802 1489 2002 1538 monte

349 1577 488 1643 Hor,
522 1592 657 1631 cum
689 1576 1046 1631 circuissent
1091 1582 1309 1632 terram
1342 1577 1548 1642 Edom,
1576 1574 1836 1630 oblocuti
1866 1575 2007 1627 sunt

351 1671 558 1720 contra
615 1665 936 1720 Dominum
986 1670 1046 1720 et
1075 1671 1286 1720 contra
1315 1667 1513 1720 Mosen
1543 1665 1839 1719 dicentes:
1873 1683 1901 1711 ‹‹
1936 1663 2008 1715 Ut

353 1752 500 1825 quid
556 1751 810 1808 eduxisti
869 1769 979 1809 nos
1008 1769 1080 1810 ex
1109 1757 1349 1827 Egypto
1380 1759 1444 1810 ut
1487 1753 1791 1810 occideres
1821 1753 1882 1806 in
1904 1751 2006 1806 de-

358 1850 536 1906 serto.
565 1843 799 1899 ubinon
823 1851 914 1900 est
944 1845 1110 1912 panis
1132 1860 1326 1917 neque
1344 1861 1500 1916 aqua
1517 1845 1546 1900 ?
1572 1844 1787 1900 Anima
1805 1848 2008 1897 nostra

356 1933 688 1990 nauseatin
720 1933 1073 2004 panelnani.
1099 1935 1170 1988 Et
1192 1933 1392 1989 emisit
1425 1933 1711 1988 Dominus
1742 1932 1804 1986 in
1832 1947 2012 2003 popu-

355 2021 483 2079 lum
508 2031 816 2094 serpentes
840 2021 1681 2093 mortiferos,mordebantque
1698 2021 2007 2094 populum:

357 2118 417 2167 et
458 2118 726 2168 mortuus
747 2117 839 2168 est
865 2112 1123 2184 populus
1151 2113 1378 2168 multus
1401 2112 1662 2168 filiorum
1687 2111 1869 2168 Israel
1889 2109 1949 2161 ὀ.
1975 2129 2005 2159 ››

349 2229 421 2245 --
460 2223 489 2252 α
524 2202 724 2273 Neque
753 2202 1158 2258 murmuretls.
1191 2202 1436 2257 ulnnuit
1457 2202 1616 2273 quod
1647 2201 1706 2256 in
1728 2201 2007 2256 tentatio-

351 2291 529 2348 nibus
559 2307 680 2347 non
703 2307 764 2347 se
815 2292 1065 2347 viriliter
1096 2292 1338 2360 habent,
1380 2291 1484 2349 sed
1511 2308 1647 2347 cum
1678 2306 2007 2346 murmure.

356 2383 482 2438 Non
515 2383 676 2439 enim
705 2397 988 2457 magnum
1011 2385 1236 2456 estpati
1260 2384 1454 2440 solum
1478 2399 1585 2456 pro
1615 2383 1870 2451 Christo,
1904 2381 2008 2438 sed

357 2473 479 2545 pati
511 2474 691 2529 etiam
723 2489 859 2530 cum
888 2474 1212 2547 gratiarum
1239 2474 1470 2530 actione
1503 2473 1657 2530 sicut
1692 2474 1818 2530 Job.
1852 2475 2006 2528 Mur-

357 2569 742 2622 muraverunt
760 2565 940 2620 etiam
950 2566 1138 2622 Judaei
1152 2566 1228 2621 ad
1251 2567 1521 2622 Merrhan
1539 2570 2010 2637 propteraquam

358 2668 562 2711 amara
587 2654 745 2710 enim
788 2660 917 2710 erat
934 2654 1002 2709 ιι.
1037 2657 1293 2711 Rursum
1326 2661 1850 2710 murmuraverunt
1875 2670 2011 2709 cum

359 2756 477 2799 non
509 2748 666 2798 esset
707 2758 865 2814 aqua
885 2743 1127 2815 quando
1159 2746 1348 2800 Moses
1374 2749 1436 2799 et
1463 2746 1659 2800 Aaron
1687 2743 1842 2815 jussi
1876 2747 2015 2798 sunt

361 2831 614 2888 educere
665 2847 882 2905 aquam
940 2833 1014 2888 de
1071 2839 1271 2905 petra:
1335 2838 1393 2888 et
1420 2833 1524 2888 illa
1553 2847 1838 2905 percussa
1866 2831 2016 2886 dixit

361 2922 550 2979 loses
583 2937 598 2977 :
629 2943 658 2972 α
690 2923 842 2978 Num
864 2937 934 2978 ex
963 2927 1132 2994 petra
1159 2923 1271 2978 hac
1301 2922 1626 2979 educemus
1650 2937 1833 2992 aquas
1851 2921 1898 2958 "
1925 2921 1954 2977 Ἰ
1985 2943 2012 2970 ››

360 3013 617 3068 Rursum
658 3017 1185 3070 murmuraverunt
1231 3012 1472 3084 quando
1505 3011 1670 3067 missi
1713 3017 1852 3067 sunt
1880 3011 2015 3082 qui-

362 3102 498 3159 dam
529 3101 601 3156 de
631 3102 874 3175 populo,
905 3107 972 3158 ut
992 3103 1378 3174 explorarent
1401 3107 1620 3158 terram
1643 3102 1922 3158 Chanaan
1945 3099 2011 3156 ³³.

361 3192 517 3250 Ml
539 3193 760 3248 lterum
791 3197 1314 3249 murmuraverunt
1354 3193 1591 3264 quando
1615 3192 1799 3264 jussit
1830 3194 2017 3247 Moses

361 3279 585 3354 populo
615 3287 680 3336 ut
711 3282 976 3337 facerent
1005 3282 1177 3338 tubas
1207 3287 1540 3354 argenteas,
1573 3288 1639 3338 ut
1668 3299 1776 3355 per
1807 3299 1905 3337 eas
1938 3282 2020 3336 si-

363 3385 547 3444 gnum
570 3370 781 3426 darent
798 3371 864 3426 “.
882 3372 972 3427 Ad
1001 3372 1129 3427 hmo
1161 3388 1296 3428 cum
1324 3373 1656 3428 elevaretur
1676 3389 1834 3440 arca,
1856 3388 2012 3427 mur-

364 3462 621 3516 muravit
648 3461 926 3534 populus,
950 3467 1011 3516 et
1035 3463 1234 3518 statim
1267 3469 1476 3519 exusta
1507 3469 1597 3519 est
1628 3481 1765 3535 pars
1796 3467 2016 3518 castro-

367 3564 501 3605 rum
528 3566 540 3605 :
572 3554 633 3605 et
660 3554 902 3606 vocatus
931 3556 1024 3607 est
1058 3551 1225 3608 locus
1255 3553 1520 3608 Tentatio
1553 3553 1672 3608 sive
1704 3551 1972 3607 incensio
2001 3567 2014 3606 :

367 3639 674 3712 oravitque
731 3641 941 3708 Moses,
1009 3646 1069 3697 et
1125 3642 1375 3698 cessavit
1430 3641 1874 3714 supplicium".
1914 3641 2016 3694 Vo-

365 3733 462 3784 cat
505 3736 706 3784 autem
765 3745 1013 3804 magnus
1070 3732 1290 3788 Paulus
1339 3731 1862 3804 interemptionem
1907 3746 2014 3803 po-

359 3819 610 3876 tentiam
643 3820 965 3891 quamdam
998 3821 1350 3892 punitivam.

429 3911 496 3978 X,
527 3912 714 3966 1143.
740 3931 771 3960 α
805 3911 940 3967 Haec
970 3916 1170 3968 autem
1202 3913 1405 3969 omnia
1441 3912 1503 3968 in
1563 3911 1768 3985 ﬁguris
1823 3910 2012 3966 conti-

353 4025 382 4054 «
410 4007 623 4075 gerunt
642 4002 1021 4075 illis.Scripta
1051 4009 1187 4060 sunt
1209 4012 1409 4061 autem
1431 4003 1506 4060 ad
1527 4004 1716 4060 nostri
1738 4002 2013 4059 admoni-

357 4116 384 4142 ‹‹
419 4092 646 4148 tionem
705 4092 777 4147 ad
809 4109 958 4164 quos
1009 4093 1160 4148 lines
1199 4094 1558 4149 saeculorum
1603 4098 2007 4148 occurrerunt.

359 4203 388 4234 α
420 4181 676 4238 Proinde
733 4181 834 4252 qui
868 4182 981 4237 sibi
1013 4183 1248 4238 videtur
1279 4190 1456 4250 stare,
1483 4182 1679 4238 videat
1714 4199 1786 4236 ne
1815 4181 2005 4237 cadat.

361 4294 388 4322 ε(
413 4270 679 4328 Tentatio
711 4286 811 4325 vos
841 4287 964 4326 non
996 4271 1527 4343 apprehendit,nisi
1561 4271 2010 4327 humana.Fide-

355 4384 383 4412 ιι
419 4362 494 4418 lis
525 4366 615 4418 est
643 4367 844 4416 autem
878 4361 1032 4417 Deus
1065 4362 1165 4435 qui
1198 4378 1316 4417 non
1342 4362 1498 4418 sinet
1525 4378 1626 4418 vos
1659 4363 1870 4418 tentari
1904 4378 2005 4418 su-

355 4475 382 4504 ι(
415 4470 522 4526 pra
552 4451 612 4508 id
641 4451 799 4523 quod
847 4452 1115 4524 potestis,
1150 4452 1254 4509 sed
1288 4453 1466 4510 faciet
1495 4451 1672 4509 simul
1703 4469 1838 4510 cum
1871 4459 2004 4508 ten-

350 4567 377 4595 ‹‹
411 4542 637 4599 tatione
664 4541 844 4597 etiam
867 4547 1166 4608 eventum,
1201 4548 1267 4597 ut
1295 4542 1538 4615 possitis
1567 4545 1837 4600 suii‘erre.
1865 4567 1886 4596 ιι

2049 3249 2207 3332 (1τῴ

2106 582 2140 649 ἡ
2173 579 2314 653 ὁργὴ
2341 585 2518 653 θυμοῦ
2552 579 2749 654 Κυρίου
2781 580 2886 636 ἀπὸ
2925 581 3168 655 Ἰσραήλ.
3231 581 3327 636 Καὶ
3381 583 3494 639 εἶπε
3552 585 3763 654 Μωσῆς

2104 674 2223 731 ταῖς
2256 667 2454 748 φυλαῖς
2481 669 2722 740 Ἰσραήλ.
2752 670 2806 726 ’Λ
2820 669 3158 725 ποκτειναντε
3187 666 3414 735 ἕκαστος
3435 673 3526 726 τὸν
3561 673 3765 729 οἰκεῖον

2107 757 2274 812 αὐτοῦ
2307 758 2399 812 τὸν
2449 756 2831 831 τετελεσμένον
2889 763 2972 831 τῷ
3030 759 3370 840 Βεελφεγώρ.
3427 763 3561 819 Τότε
3607 765 3698 819 καὶ
3742 767 3770 820 6

2109 845 2270 908 Φίνὶς
2305 847 2420 909 υἱὸς
2476 846 2736 922 Ἐλεάζαρ
2794 849 3206 920 συνεξεκέντησε
3257 855 3338 923 τῷ
3388 847 3619 927 Ζαμϐρῇ
3678 855 3768 910 καὶ

2106 937 2174 1006 τῇ
2234 936 2450 1012 γυναικὶ
2511 931 2727 1010 Χάσϐῃ,
2786 937 2876 991 καὶ
2929 936 3176 1012 ἰγένοντο
3219 939 3270 993 οἱ
3335 941 3659 1012 τεθνηκότες
3712 942 3765 998 έν

2108 1027 2176 1097 τῇ
2209 1025 2394 1102 πλθγῇ
2438 1026 2756 1103 εἰκοσιτρεῖς
2816 1025 3092 1103 χιλιάδες.
3133 1053 3153 1079 ι
3189 1028 3338 1091 Τινὶς
3373 1027 3431 1085 δὲ
3461 1034 3566 1085 τῶν
3627 1030 3774 1088 ἀντι-

2109 1113 2434 1189 γραψάντων
2514 1115 2578 1170 τὸ
2659 1115 2932 1184 παλαιόν,
3018 1117 3456 1194 εἰκοσιτέσσαρας
3535 1118 3716 1178 ἔθεσαν
3754 1164 3770 1181 .

2112 1227 2139 1256 ει
2175 1200 2334 1272 Μηδὲ
2392 1201 2800 1279 έκπειράζωμεν
2887 1208 2980 1262 τὸν
3068 1208 3328 1282 Χριστόν.
3365 1232 3393 1260 ››
3455 1233 3482 1261 (ι
3533 1211 3775 1270 Αἶνίττες

2107 1310 2194 1346 ται
2247 1292 2435 1354 αὐτοῖς
2523 1291 2607 1347 ὅτι
2696 1300 2898 1366 σημεῖα
3014 1294 3312 1366 ὶπεζήτουν
3420 1298 3773 1372 πειράζοντες

2107 1380 2200 1436 τὸν
2259 1381 2495 1455 Χριστὸν
2530 1422 2544 1448 ,
2602 1383 2783 1444 καθὼς
2849 1383 2940 1437 καὶ
2997 1385 3050 1439 οἱ
3112 1382 3368 1441 Ἰουδαῖοι
3427 1386 3504 1448 εἰς
3558 1395 3655 1464 ’Ὡρ
3711 1392 3776 1446 τὸ

2115 1469 2268 1545 ὅρος·
2336 1469 2713 1536 κυκλώσαντες
2769 1473 2872 1550 γὰρ
2929 1481 3030 1544 τῆν
3101 1477 3204 1552 γὴν
3263 1473 3472 1550 Ἐδὼμ,
3533 1479 3772 1537 κατελά-

2114 1559 2287 1630 λησαν
2319 1561 2455 1615 κατὰ
2503 1566 2642 1617 Θεοῦ
2699 1562 2789 1617 καὶ
2848 1564 2984 1618 κατὰ
3035 1566 3208 1634 Μωσῆ
3272 1563 3540 1639 λέγοντες·
3604 1592 3631 1621 ιι
3663 1573 3777 1626 *Ινα

2110 1649 2164 1705 τί
2215 1649 2467 1726 ἐξήγαγες
2554 1654 2705 1724 ἡμᾶς
2783 1651 2833 1726 lg
2892 1653 3176 1728 Αἰγύπτου
3230 1656 3546 1712 ἀποκτεῖναι
3595 1657 3648 1713 έν
3705 1663 3775 1733 τῇ

2115 1738 2332 1814 έρήμῳ,
2382 1735 2506 1795 ἔνθα
2536 1740 2640 1796 οὐκ
2667 1737 2810 1798 ἔστιν
2844 1744 3012 1816 ἄρτος
3061 1739 3188 1799 οὐδὲ
3218 1741 3364 1820 ὕδωρ
3399 1765 3414 1814 ;
3446 1748 3480 1816 ἡ
3514 1744 3571 1802 δί
3617 1750 3774 1823 ψυχὴ

2114 1829 2275 1901 ῄμῶν
2327 1830 2704 1905 προτώχθισεν
2782 1829 2837 1885 έν
2892 1836 2971 1903 τῷ
3024 1830 3172 1906 ἄρτῳ
3227 1838 3308 1905 τῷ
3363 1831 3610 1908 διακένῳ.
3675 1837 3774 1892 Καὶ

2112 1916 2397 1972 ἀπέστειλε
2427 1919 2628 1988 Κύριος
2659 1920 2734 1982 εἰς
2764 1922 2855 1976 τὸν
2905 1919 3037 1977 λαὸν
3068 1922 3196 1984 τοὺς
3246 1919 3396 1998 ὄφεις
3425 1923 3557 1987 τοὺς
3612 1928 3779 1982 θανα-

2113 2012 2364 2075 τοῦντας,
2423 2007 2513 2063 καὶ
2573 2006 2793 2064 ἔδακνον
2851 2010 2943 2066 τόν
2997 2010 3129 2066 λαὸν
3207 2013 3294 2068 καὶ
3356 2013 3589 2078 ἀπέθανε
3643 2013 3778 2080 λαὸς

2112 2097 2289 2159 πολὺς
2319 2101 2427 2154 τῶν
2457 2099 2588 2153 υἱῶν
2651 2099 2897 2175 Ἰσραήλ.
2937 2126 2958 2152 ο
2999 2135 3068 2145 -—
3131 2125 3154 2155 ε
3185 2100 3343 2172 Μηδὲ
3398 2105 3712 2180 γογγύζετε,
3749 2128 3780 2158 ››

2116 2187 2422 2243 Αἷνίττεται
2453 2187 2650 2252 αύτοὺς
2683 2189 2764 2246 ὅτι
2800 2189 2851 2245 έν
2881 2195 2998 2253 τοῖς
3031 2198 3362 2267 πειρασμοῖς
3397 2192 3459 2247 ού
3521 2195 3783 2268 γενναίως

2116 2274 2325 2356 ἔφερον,
2387 2275 2533 2332 ἀλλὰ
2595 2279 2730 2350 μετὰ
2781 2282 3124 2355 γογγυσμοῦ.
3189 2281 3270 2338 Οὐ
3326 2281 3428 2357 γὰρ
3485 2283 3549 2337 τὸ
3596 2287 3785 2338 παθεῖν

2118 2365 2253 2440 ὑπὲρ
2295 2366 2532 2441 Χριστοῦ
2564 2367 2732 2440 μόνον
2765 2368 2926 2443 μέγα,
2987 2367 3134 2425 ἀλλᾶ
3189 2370 3280 2424 καὶ
3335 2371 3398 2426 τὸ
3443 2369 3783 2447 εὐχαρίστως

2117 2457 2328 2526 παθεῖν,
2358 2456 2432 2518 ὡς
2465 2457 2494 2511 6
2523 2453 2669 2514 Ἰώϐ.
2703 2461 3038 2534 Ἐγογγυσαν
3071 2457 3160 2514 καὶ
3189 2457 3446 2518 Ἰουδαῖοι
3500 2461 3576 2524 εἰς
3631 2465 3783 2538 Map-

2121 2544 2238 2620 ρὰν,
2275 2541 2364 2599 διὰ
2391 2542 2560 2621 ὓδωρ.
2598 2546 2799 2620 Πικρὸν
2831 2547 2936 2622 γὰρ
2967 2551 3058 2615 ἦν.
3093 2549 3266 2604 Ιιάλιν
3327 2547 3626 2626 ἐγόγγυσαν
3689 2553 3788 2608 οὐκ

2120 2629 2274 2696 ὄντος
2307 2630 2504 2698 ὕδατος
2559 2637 2648 2690 ὅτε
2698 2637 2903 2705 Μωςῆς
2962 2637 3055 2693 καὶ
3114 2638 3325 2713 Ἀαρὼν
3384 2637 3782 2713 ἐκελεύσθησαν

2119 2722 2395 2801 έξαγαγεῖν
2473 2722 2622 2800 ὕδωρ
2677 2723 2736 2780 ἰκ
2792 2726 3012 2801 πέτραςο
3068 2727 3159 2782 καὶ
3245 2728 3480 2799 πατάξας
3538 2729 3710 2801 αὐτην
3752 2733 3779 2786 6

2122 2815 2328 2882 Μωσῆς
2357 2816 2492 2870 εἷπε’
2528 2838 2556 2869 ιι
2594 2816 2685 2884 Μὴ
2746 2813 2806 2870 ἐκ
2857 2818 2957 2884 τῆς
3005 2816 3204 2890 πέτρας
3258 2817 3462 2889 ταύτης
3517 2817 3784 2896 ἐξαγάγο-

2127 2923 2220 2976 μεν
2254 2899 2402 2978 ὕδωρ
2435 2924 2449 2973 ς
2481 2926 2510 2956 »
2545 2902 2719 2961 Πάλιν
2762 2903 3055 2980 ἐγόγγυσαν
3090 2905 3181 2961 ὅτε
3239 2906 3590 2984 ἐπέμυθησάν
3641 2930 3778 2972 τινες

2123 2990 2182 3047 έκ
2208 2996 2306 3048 τοῦ
2339 2993 2477 3048 λαοῦ
2505 2994 2943 3068 κατασκέψασθαι
2988 2996 3085 3064 νήν
3143 3003 3244 3072 γῆν
3305 2998 3545 3056 Χαναὰν.
3609 2997 3780 3054 Πάλιν

2123 3079 2412 3156 ἆγόγγυσαν
2439 3080 2529 3137 ὅτε
2584 3079 2831 3139 ἐκέλευσε
2889 3090 3094 3152 Μωσῆς
3125 3089 3204 3156 τῷ
3235 3082 3353 3156 λαῷ
3382 3092 3606 3156 ποιῆσαι
3649 3086 3782 3143 σάλ-

2125 3191 2325 3246 πιγγας
2352 3172 2584 3248 ἀργυρᾶς
2641 3168 2781 3228 ὥστε
2839 3168 2910 3228 δι’
2965 3172 3140 3228 αὐτῶν
3204 3176 3521 3248 μημαίνειν.
3557 3175 3659 3233 Καὶ
3725 3177 3778 3232 έν

2291 3259 2515 3336 ἐξαίρειν
2574 3263 2675 3330 τήν
2727 3256 2964 3318 κιϐωτὸν
3033 3261 3315 3336 ἑγόγγυζεν
3377 3264 3404 3318 6
3469 3263 3625 3335 λαὸς,
3693 3266 3785 3321 καὶ

2131 3349 2288 3410 εὐθὺς
2328 3351 2564 3420 κατεκάη
2602 3349 2767 3426 μέρος
2796 3351 2897 3420 τῆς
2941 3347 3334 3427 παρεμϐολῆς,
3391 3354 3484 3408 καὶ
3515 3353 3724 3425 ἐκλήθη
3763 3357 3790 3410 6

2127 3437 2296 3502 τόπος
2337 3440 2739 3515 Ἐμπυρισμὸς,
2773 3441 2862 3496 καὶ
2905 3438 3102 3515 ηὔξατο
3133 3443 3363 3509 Μωσῆς,
3396 3442 3486 3498 καὶ
3519 3442 3790 3500 ἐπαύσατο

2128 3530 2162 3597 ή
2194 3528 2455 3604 τιμωρία,
2485 3529 2552 3598 ἢν
2599 3529 2692 3583 καὶ
2752 3527 2897 3606 λέγει
2947 3531 2976 3584 6
3035 3530 3203 3606 μέγας
3263 3530 3478 3594 Παῦλος
3536 3530 3792 3608 ὄλεθρον,

2125 3619 2371 3674 τουτέστι
2403 3616 2624 3693 δύναμίν
2656 3640 2777 3674 τινα
2805 3621 3071 3696 τιμωρόν.

2193 3914 2376 3971 Ταῦτα
2451 3909 2508 3967 δὲ
2593 3912 2762 3968 πάντα
2848 3913 3042 3978 τύποις
3126 3908 3433 3969 συνέϐαινον
3523 3915 3775 3986 ἐκεινοις,

2119 3999 2326 4079 ἐγράφη
2382 3998 2440 4056 δὲ
2486 4001 2622 4076 πρὸς
2680 4000 2954 4064 νουθεσίαν
3019 4003 3180 4074 ἡμῶν
3241 4001 3318 4067 εἷς
3370 4003 3463 4065 οὓς
3511 4003 3578 4059 τὰ
3633 4004 3770 4076 τέλη

2119 4097 2227 4148 τῶν
2284 4092 2496 4146 αἰώνων
2587 4093 2916 4162 κατήνησεν.
2996 4094 3158 4147 Ὠστε
3213 4093 3242 4148 6
3303 4090 3478 4148 δοκῶν
3536 4095 3774 4167 έστᾶναι,

2123 4180 2373 4259 βλεπέτω
2434 4182 2509 4256 μὴ
2597 4181 2754 4255 πέσῃ.
2801 4181 3112 4256 Πειρασμὸς
3172 4183 3312 4254 ὑμᾶς
3371 4183 3470 4236 οὐκ
3523 4182 3770 4262 εἴληφεν.

2120 4269 2165 4325 εἰ
2225 4269 2300 4344 μὴ
2360 4269 2720 4344 ἀνθρώπινος.
2785 4270 2983 4332 Πιστὸς
3065 4267 3124 4324 δὲ
3203 4271 3230 4325 6
3317 4272 3448 4336 Θεὸς
3531 4271 3590 4335 ὃς
3671 4273 3772 4328 οὐκ

2117 4359 2256 4416 ἐάσει
2342 4361 2481 4435 ὑμᾶς
2577 4361 2931 4436 πειρασθῆναν
3017 4360 3150 4437 ὑπὶρ
3208 4362 3236 4416 ’ὀ
3296 4358 3514 4418 δύνασθε
3549 4405 3562 4431 ,
3621 4363 3771 4419 ἀλλὰ

2114 4453 2334 4522 ποιήσει
2414 4451 2505 4506 σὺν
2559 4454 2641 4524 τῷ
2698 4454 2986 4525 πειρασμῷ
3065 4451 3156 4505 καὶ
3212 4452 3311 4521 τὴν
3369 4447 3611 4525 ἔκϐασιν,
3670 4458 3767 4509 τοῦ

2113 4539 2367 4598 δύνασθαι
2401 4542 2542 4615 ὑμᾶς
2569 4541 2902 4617 ύπενεγκεῖν.
3572 4549 3576 4554 ’

418 4633 660 4707 Figuras
691 4637 859 4688 vocat
890 4631 1014 4700 illa,
1081 4630 1406 4688 ostendens
1463 4633 1571 4688 hos
1625 4633 1814 4706 magis
1868 4650 1996 4689 esse

2177 4633 2395 4693 Τύπους
2463 4629 2640 4686 ἐκεῖνα
2713 4629 2894 4700 καλεῖ,
2977 4628 3183 4693 δεικνὺς
3253 4631 3516 4704 μειζόνως
3571 4632 3767 4696 αὐτοὺς

346 4721 701 4795 puniendos.
721 4720 1234 4787 Quemadmodum
1267 4723 1426 4778 enim
1458 4723 1519 4778 in
1551 4723 1726 4780 donis
1784 4724 1998 4780 veritas

348 4820 539 4886 major
569 4818 659 4869 est
683 4811 890 4886 figura,
919 4813 1000 4868 ita
1030 4813 1278 4869 omnino
1312 4810 1814 4886 etin'suppliciis.
1855 4834 1878 4865 α
1911 4814 1998 4868 Ad

345 4919 495 4975 quos
525 4902 675 4958 fines
736 4903 1115 4959 saeculorum.
1171 4923 1195 4954 ι
1230 4904 1300 4957 Et
1337 4919 1406 4958 ex
1438 4901 1792 4958 imminente
1852 4903 1996 4974 ipsis

344 4990 483 5061 line,
527 4999 584 5048 et
642 5009 711 5048 ex
767 4995 984 5050 futuris
1017 4992 1328 5066 suppliciis
1384 4993 1645 5058 aeternis,
1678 4993 1866 5067 magis
1896 5011 1994 5051 eos

340 5082 692 5137 terretNam
724 5082 807 5137 ait
835 5101 847 5138 :
881 5085 1008 5139 Jam
1040 5083 1190 5140 fines
1219 5082 1571 5140 saeculorum
1609 5089 1995 5138 occurrerunt

338 5174 397 5224 et
426 5167 552 5224 dies
585 5176 742 5226 certe
793 5173 1090 5247 supplicii.
1121 5175 1245 5228 Non
1279 5171 1471 5228 solum
1505 5171 1663 5226 enim
1695 5171 1784 5226 illi
1813 5171 1990 5228 simul

336 5273 402 5314 ac
435 5257 620 5314 semel
640 5259 934 5332 supplicio
958 5258 1463 5329 afﬂciebatur,sed
1496 5275 1631 5316 ecce
1662 5259 1826 5316 vobis
1849 5277 1990 5333 quo-

337 5363 450 5420 que
479 5351 979 5424 apprOpinquavit
1016 5352 1140 5408 dies
1172 5351 1390 5408 iinalis.
1424 5352 1824 5408 Occurrerunt
1882 5367 1984 5407 au-

399 5571 446 5608 ¹⁹
479 5575 656 5633 Num.
711 5591 838 5644 xxv,
874 5578 994 5632 1-9.

324 5673 369 5707 ’⁵
393 5674 564 5730 Num.
590 5689 644 5740 x,
677 5678 728 5730 2.

1104 5577 1148 5613 ²⁰
1183 5579 1358 5634 Num.
1411 5595 1519 5648 xxi,
1552 5580 1671 5632 4-6.

832 5674 877 5710 ³⁸
908 5677 1082 5732 Num.
1117 5693 1192 5743 χι,
1223 5679 1245 5730 1
1285 5692 1408 5746 seq.

1778 5580 1819 5614 ²¹
1868 5579 2040 5635 Exod.
2090 5597 2179 5648 xv,
2227 5586 2314 5636 23.

2108 4720 2562 4792 κολασθήσεσθαι.
2649 4721 2850 4795 Ὠσπερ
2936 4719 3039 4797 γὰρ
3129 4719 3216 4776 ἐπὶ
3288 4725 3398 4776 τῶν
3454 4720 3674 4796 δωρεῶν
3726 4725 3762 4794 ἡ

2108 4810 2340 4881 ἀλήθεια
2370 4815 2466 4866 τοῦ
2495 4810 2667 4866 τύπου
2725 4812 2948 4884 μείζων,
3009 4809 3181 4873 οὕτως
3246 4812 3458 4876 πάντως
3524 4813 3614 4868 καὶ
3674 4812 3762 4869 ἐπὶ

2106 4905 2213 4956 τῶν
2245 4905 2546 4976 τιμωριῶν.
2609 4925 2638 4954 ‹‹
2693 4900 2784 4964 Εἰς
2832 4902 2924 4961 οὓς
2979 4900 3046 4955 τὰ
3105 4900 3240 4972 τέλη
3300 4907 3406 4957 τῶν
3463 4903 3696 4961 αἳώνων.
3733 4926 3756 4956 ι

2106 4991 2205 5048 Καὶ
2239 4987 2299 5046 ἔκ
2345 4995 2443 5046 τοῦ
2504 4988 2718 5072 ἑφεστᾷν
2772 4991 2958 5054 αὐτοῖς
2989 4991 3050 5045 τὸ
3109 4989 3292 5061 τέλος,
3349 4991 3593 5056 καὶτὰς
3651 4992 3764 5048 ἐκεῖ

2103 5080 2323 5143 αἶωνῖας
2379 5081 2670 5154 τιμωρίας,
2731 5077 2899 5136 πλέον
2959 5079 3154 5143 αὐτοὺς
3216 5086 3395 5136 πτοεῖ.
3457 5078 3594 5150 Ἢδη
3656 5080 3757 5156 γάρ

2102 5189 2255 5241 φησι·
2291 5170 2374 5228 Τὰ
2401 5167 2533 5240 τέλη
2570 5174 2676 5225 τῶν
2733 5171 2944 5225 αἰώνων
3003 5173 3333 5241 κατήντησε,
3388 5169 3477 5225 καὶ
3515 5171 3542 5239 ἦ
3575 5170 3759 5245 ἡμέρα

2101 5257 2360 5327 δηλονότι
2391 5269 2491 5332 τῆς
2521 5261 2813 5334 τιμωρίας.
2849 5262 2911 5318 Εἰ
2943 5261 3046 5337 γὰρ
3079 5261 3278 5317 ἐκεῖνοι
3324 5257 3438 5335 ἅμα
3496 5260 3584 5316 καὶ
3643 5261 3757 5335 ἅμα

2100 5349 2492 5426 ἐτιμωροῦντο,
2525 5349 2804 5407 ἄλλ’ἰδοῦ
2862 5351 2951 5406 καὶ
3015 5352 3141 5424 ὑμῖν
3205 5348 3428 5431 ἔιροασεν
3481 5352 3515 5420 ὴ
3575 5351 3756 5427 ἡμέρα

2411 5583 2456 5616 ³²
2494 5583 2674 5638 Exod.
2726 5601 2859 5654 xvu,
2894 5587 2923 5637 3
2960 5602 2973 5652 ;
3007 5601 3098 5652 xx,
3136 5590 3182 5639 i.
3278 5583 3324 5619 ³³
3351 5587 3525 5641 Num.
3556 5602 3664 5650 xw,
3697 5586 3749 5635 2.
