4118 6422
353 448 466 513 781

1318 445 1728 511 COMMENT.
1775 446 1856 508 IN
1902 443 2152 507 ΕΡῙΒΤ.
2202 447 2229 506 I
2272 447 2372 506 AD
2417 447 2784 511 COlthTH.

3648 453 3770 518 783

357 586 452 638 τοῦ
481 579 698 644 τὲλους,
732 581 802 637 Τὸ
858 577 917 637 Si
971 580 1326 652 κατήντησεν,
1386 579 1500 639 οἷον
1538 575 1758 658 ἔφθασε.
1793 601 1821 631 ει
1851 579 2013 634 Ὥστε

2128 582 2267 644 tem,
2301 579 2412 636 hoc
2443 582 3144 655 est,appropinquarunt:
3181 607 3202 636 ε
3241 584 3494 641 Proinde
3525 585 3626 656 qui
3659 585 3772 643 sibi

358 669 593 728 ὁόοκῶν
623 670 863 728 ἑστᾶναι.
901 694 929 722 »
962 667 1136 728 Πάλιν
1166 668 1293 733 τοὺς
1351 667 1438 726 ἐπὶ
1495 672 1564 742 τῇ
1629 666 1822 744 γνώσει
1879 665 2020 741 μίγα

365 765 702 838 φρονοῦντας
757 760 1068 818 αἰνίττεται.
1122 760 1183 816 Εἰ
1237 760 1344 835 γὰρ
1401 759 1492 815 καὶ
1559 758 1794 825 ἑστᾶναι,
1862 756 2019 833 φησὶ,

355 851 626 925 νομίζεις,
659 844 898 908 εὐλαϐοῦ
946 852 1022 923 μὴ
1077 848 1270 924 πέσῃς.
1329 848 1484 907 Αὐτὸ
1538 847 1642 924 γὰρ
1680 847 1744 902 τὸ
1798 847 2016 920 Θαρῥεῖν

353 942 430 1006 ὡς
459 937 717 1011 ἕστηκας.
746 937 874 995 οὐδε
904 940 1116 996 ὲστᾶναι
1143 937 1314 998 ἐστίν.
1366 938 1432 996 Εἰ
1503 934 1560 995 δὶ
1615 937 1708 994 καὶ
1762 935 2016 1006 ἕστηκας,

359 1030 599 1107 εὑχερὴς
651 1028 702 1102 ἐξ
764 1029 1025 1089 ἀπονοίας
1081 1031 1116 1098 ἡ
1174 1032 1404 1089 πτῶσις.
1437 1051 1464 1079 ‹‹
1520 1026 1825 1105 Πειρσσμὸς
1879 1025 2017 1098 ὑμᾶς

358 1120 461 1176 οὐκ.
515 1117 767 1199 εἴληφεν.
832 1143 860 1172 ››
910 1116 1134 1188 Ἐπειδὴ
1193 1113 1459 1198 ἐφόϐησεν
1547 1115 1745 1178 αὐτοὺς
1823 1115 2017 1171 εἷ’πών·

359 1235 386 1262 ‹‹
423 1205 684 1266 Βλεπὲτω
746 1209 822 1281 μή
882 1205 1042 1283 πέσῃο
1104 1232 1132 1259 »
1192 1207 1438 1270 πολλοὺς
1499 1205 1556 1263 δί
1609 1207 1744 1276 ἦσαν
1794 1206 2017 1282 ὑπενεγ-

357 1300 543 1361 κὸντες
601 1297 710 1370 ἤδη
772 1299 1131 1374 πειρασμοὺς,
1185 1296 1278 1353 ἵνα
1345 1299 1422 1372 μή
1483 1295 1709 1375 λέγωσι·
1771 1295 2016 1366 Τίὴμᾶς

355 1384 546 1469 φοϐεῖς
572 1407 587 1457 ;
617 1386 847 1444 πολλῶν
875 1390 1016 1460 ἡμῖν
1054 1389 1356 1463 γενομὲνων
1406 1391 1726 1462 πειρασμῶν
1778 1385 1868 1440 καὶ
1897 1404 2018 1441 κιν-

355 1468 532 1534 δύνων
592 1477 656 1533 ού
711 1478 1101 1550 πεπτώκαμεν,
1185 1478 1274 1532 καὶ
1336 1480 1429 1530 νῦν
1514 1468 1717 1554 ἔχομεν
1781 1479 2012 1541 πεσεῖνς

355 1569 559 1639 Φησίν·
597 1566 712 1625 Ούκ
741 1563 964 1646 εἴληφεν
1028 1567 1170 1640 ὑμᾶς
1217 1566 1520 1641 πειρασμὸς
1589 1565 1774 1640 μέγας,
1829 1563 1876 1619 εἰ
1936 1563 2013 1636 μὴ

364 1656 585 1734 μικρός.
619 1656 992 1732 Ἀνορώπινον
1020 1657 1122 1733 γὰρ
1153 1656 1246 1712 τὸν
1282 1655 1475 1731 μικρὸν
1528 1655 1706 1712 καλεῖ.
1749 1677 1778 1707 κ
1814 1652 2013 1714 Πιστὸς

359 1745 418 1804 δὶ
451 1749 479 1802 ὁ
509 1746 663 1809 Θεός.
697 1773 719 1802 ι
781 1745 1076 1803 Τουτὲστιν
1125 1745 1364 1817 ἀληθής.
1425 1741 1830 1822 Ἐπηγγείλατο
1884 1741 2012 1816 γάρ·

361 1861 391 1890 κ
422 1837 598 1897 Δεῦτε.
631 1837 683 1892 οῖ
741 1839 1064 1906 κοπιῶντες,
1131 1835 1221 1890 καὶ
1261 1833 1554 1890 ἀναπαύσω
1587 1833 1755 1906 ὑμᾶς,
1786 1855 1814 1883 ››
1844 1832 2012 1907 ἤγουν

2126 667 2360 726 videtur
2387 678 2564 726 stare.
2592 695 2618 721 »ο
2655 671 2794 728 Illos
2822 689 3054 729 rursum
3086 675 3238 730 clam
3271 675 3544 748 objurgat
3572 675 3673 745 qui
3699 675 3772 731 de

2125 758 2378 815 scientia
2433 761 2862 833 gloriabantur.
2904 763 3251 834 Quanquam
3308 764 3467 821 enim
3518 770 3572 819 te
3615 771 3773 822 stare

2126 849 2704 922 exsistimas,inquit,
2741 852 2884 907 time
2905 866 2980 907 ne
2999 851 3196 909 cadas.
3231 855 3374 908 Nam
3408 854 3602 924 ipsum
3633 872 3775 911 con-

2128 937 2312 995 fidere
2341 941 2498 1011 quod
2535 940 2742 998 firmus
2773 946 2996 1010 stas,ne
3023 948 3179 998 stare
3211 942 3452 1012 quidem
3484 949 3590 998 est:
3617 945 3777 1014 quod

2128 1030 2176 1084 si
2239 1030 2420 1086 etiam
2482 1037 2626 1094 stas.
2672 1031 2863 1088 facilis
2919 1038 3012 1088 est
3063 1049 3134 1088 ex
3184 1033 3522 1105 arrogantia
3553 1034 3773 1105 lapsus.

2125 1141 2153 1168 «
2187 1120 2456 1178 Tentatio
2487 1138 2589 1177 vos
2620 1138 2741 1177 non
2774 1122 3534 1195 apprehendit.»Quoniam
3569 1123 3778 1178 terruit

2124 1225 2224 1266 eos
2253 1209 2496 1269 dicens:
2532 1235 2559 1262 «
2595 1213 2802 1268 Videat
2830 1228 2906 1268 ne
2936 1213 3108 1270 cadat
3139 1229 3152 1280 ;
3187 1235 3217 1263 »ι
3240 1213 3367 1284 jam
3399 1219 3594 1269 autem
3627 1213 3775 1270 mul-

2124 1304 2211 1355 tas
2242 1301 2398 1371 passi
2433 1302 2668 1357 fuerant
2697 1304 3054 1358 tentationes
3086 1319 3099 1358 ι
3135 1318 3210 1357 ne
3236 1302 3458 1369 dicant,
3486 1303 3637 1368 Quid
3665 1319 3774 1360 nos

2122 1395 2309 1446 terres
2329 1391 2356 1444 ‘?
2385 1391 2528 1445 Cum
2552 1391 2679 1462 jam
2711 1391 2914 1446 multm
2931 1391 3388 1462 supervenerint
3414 1392 3773 1449 tentationes

2122 1496 2188 1536 ac
2219 1481 2632 1552 pericula,non
2652 1481 2997 1547 cecidimus,
3019 1486 3078 1536 et
3106 1498 3262 1536 nunc
3283 1481 3476 1536 casuri
3509 1498 3716 1537 sumus
3743 1481 3773 1536 ‘I

2123 1571 2275 1627 Dicit
2305 1589 2318 1626 :
2353 1573 2478 1628 Non
2511 1571 2906 1644 apprehendit
2934 1589 3035 1628 vos
3083 1588 3299 1644 magna
3337 1573 3606 1635 tentatio,
3666 1572 3772 1628 sed

2121 1665 2353 1716 tantum
2385 1678 2596 1732 parva:
2623 1668 2793 1717 vocat
2813 1661 2973 1718 enim
2999 1662 3327 1721 humanum
3350 1661 3507 1733 quod
3529 1677 3771 1732 parvum

2123 1756 2230 1805 est.
2262 1771 2291 1800 α
2340 1750 2558 1806 Fidelis
2589 1756 2784 1806 autem
2820 1757 2911 1807 est
2967 1752 3140 1807 Deus.
3178 1773 3206 1801 »
3265 1751 3383 1806 Hoc
3441 1755 3531 1810 est
3575 1766 3771 1807 verax.

2124 1838 2426 1911 Siquidem
2459 1840 2736 1912 promisit
2764 1841 3007 1899 dicens:
3043 1863 3064 1892 ι
3107 1841 3332 1904 Venite,
3356 1841 3458 1912 qui
3493 1839 3777 1897 laboratis

357 1926 490 1988 τοὺς
517 1922 960 2002 πειραζομένουςζ
999 1950 1021 1976 ι
1056 1925 1219 2001 Ὑπὲρ
1250 1919 1280 1980 ὅ
1338 1921 1584 1982 δύνασθε.
1622 1947 1643 1972 ι
1679 1919 2008 1996 Ἀναλόγως,

2128 1934 2186 1984 et
2214 1929 2561 1986 refocillabo
2583 1946 2686 1986 vos
2703 1931 3025 2002 ",nnempe
3047 1947 3148 1987 eos
3173 1930 3273 2002 qui
3295 1936 3575 1988 tentatur.
3611 1951 3635 1982 ε
3669 1931 3778 1987 Su-

358 2016 516 2097 φησὶ,
574 2019 642 2090 τῇ
705 2017 858 2089 ὑμῶν
913 2013 1165 2087 δυνάμει,
1223 2018 1506 2092 συγχωρεῖ
1558 2012 1649 2067 τὸν
1708 2011 2008 2086 πειρασμὸν

361 2100 641 2181 ἔρχεσθαι,
679 2105 894 2179 μᾶλλον
940 2101 998 2158 δὲ
1053 2107 1157 2166 πᾶς
1213 2105 1514 2178 πειρασμὸς
1571 2099 1768 2175 μείζων
1830 2103 2015 2173 ἡμῶν,

356 2195 406 2251 εί
445 2195 520 2268 μή
553 2194 788 2270 Χριστὸς
823 2195 1036 2268 βοηθεῖ.
1071 2217 1093 2244 ι
1137 2190 1310 2249 Ἀλλὰ
1366 2195 1586 2260 ποιήσει
1637 2190 1730 2246 σὺν
1784 2193 1865 2261 τῷ
1893 2210 2016 2244 πει-

353 2287 580 2360 ρασμῷ.
623 2308 652 2336 ››
685 2316 750 2328 -—
783 2284 995 2360 [ΦεὶΤ.]
1024 2284 1201 2340 Τοῦτο
1251 2280 1425 2358 διχῶς
1477 2280 1618 2336 ἰστίν
1677 2273 1944 2336 ἐκλαϐεῐνο
1977 2281 2011 2348 ἢ

351 2374 442 2431 ὅτι
470 2375 561 2430 τὸν
622 2374 924 2448 πειρασμὸν
985 2376 1293 2452 συγχωρῶν
1349 2370 1621 2439 ἐπελθεῖν,
1677 2368 1869 2425 αὐτίκα
1923 2367 2014 2424 καὶ

346 2461 692 2533 διασκιδὰζει
722 2463 813 2518 καὶ
843 2460 1004 2518 παύει
1034 2462 1219 2531 αὑτὸν,
1251 2458 1391 2517 ὥστε
1417 2460 1508 2516 καὶ
1567 2460 1708 2534 ὑμᾶς
1758 2455 2015 2514 δύνασθαι

340 2551 438 2609 διὰ
493 2553 555 2609 τὸ
641 2551 829 2629 ὀλίγον
897 2552 1096 2628 χρόνον
1165 2549 1416 2607 ἐνοχλεῖν
1475 2551 1641 2623 ὑμῖν,
1705 2548 2010 2624 ὑπενεγκεῖν

344 2644 534 2701 αὑτόν.
569 2645 642 2698 ’Ἠ
674 2641 756 2698 ὅτι
790 2640 881 2697 σὺν
941 2646 1020 2714 τῷ
1075 2645 1366 2716 πειρασμῷ
1393 2641 1614 2711 ποιήσει
1672 2639 1762 2696 καὶ
1793 2639 1891 2707 τήν
1924 2634 2012 2695 ἐπὶ

353 2738 428 2808 τῇ
460 2733 719 2807 ὑπομονῇ
759 2731 850 2788 καὶ
881 2730 1139 2807 καρτερίᾳ
1194 2725 1438 2796 ἔκϐασιν,
1497 2727 1744 2788 τουτέστι
1791 2728 2012 2797 ποιήσει

354 2828 508 2898 ἡμᾶς
595 2823 790 2878 αὐτίκα
846 2820 1198 2897 καρτερικοὺς
1257 2821 1346 2876 καὶ
1407 2819 1692 2894 ὑπομένειν
1777 2815 2013 2885 ἱκανοὺς,

352 2915 494 2972 ὥστε
578 2911 748 2988 μηδεν
807 2913 949 2987 ὑμᾶς
1005 2911 1065 2968 ἐκ
1109 2917 1208 2968 τοῦ
1263 2915 1569 2987 πειρασμοῦ
1653 2909 2011 2985 βλάπτεσθαι,

349 3003 500 3062 ἀλλὰ
533 3002 747 3078 μᾶλλον
788 3003 880 3058 καὶ
944 3001 1153 3076 μεγάλα
1181 2999 1476 3077 κερδάνειν.
1540 3024 1569 3053 (ι
1629 3001 1734 3057 Καὶ
1781 3001 1880 3068 τὴν
1919 2993 2014 3054 ἕκ-

348 3091 523 3150 6ασιν.
574 3120 594 3147 ι
624 3087 887 3150 Ἔκϐασιν
948 3091 1092 3168 λέγει
1152 3094 1254 3162 τήν
1307 3090 1598 3166 πλήρωσιν
1646 3089 1738 3145 καὶ
1791 3092 2010 3156 παῦσεν,

358 3181 540 3240 διὰτὸ
571 3181 863 3255 δυνηθῆναι
897 3186 1038 3255 ὑμᾶς
1070 3182 1400 3257 ὑπενεγκεῖν,
1444 3182 1518 3244 ὡς
1578 3180 1624 3237 εἰ
1683 3175 1884 3256 ἔλεγεν.
1915 3181 2010 3242 Ὃς

361 3277 585 3345 ποιήσει
615 3276 896 3346 συντόμως
925 3275 1054 3339 τοῦς
1084 3272 1420 3350 πειρασμοὺς
1453 3274 1619 3347 πέρας
1653 3266 1866 3341 λαϐεῖν,
1923 3268 2011 3326 διὰ

364 3365 426 3421 τὸ
458 3361 748 3435 δυνηθῆναι
780 3365 919 3438 ὑμᾶς
953 3365 1279 3440 ὑπενεγκεῖν.

427 3631 650 3706 Διόπερ,
699 3629 970 3707 ἀγαπητοί
1041 3648 1168 3702 μου,
1229 3627 1452 3706 φεύγετε
1518 3626 1627 3682 ἀπὸ
1684 3631 1783 3695 τῆς
1851 3621 2008 3681 siam-

361 3717 709 3796 λολατρείας.
793 3720 882 3782 Ὠς
968 3716 1256 3794 φρονίμοις
1331 3715 1496 3792 λέγω,
1577 3715 1795 3790 κρίνατε
1852 3713 2010 3788 ὑμεῖς

362 3807 586 3882 ὅφημι.
630 3810 709 3866 Τὸ
760 3811 1027 3882 ποτήριον
1081 3814 1184 3876 τῆς
1245 3805 1500 3881 εὐλογίας
1557 3806 1587 3860 ὅ
1645 3803 2010 3881 εὐλογοῦμεν,

358 3897 494 3977 οὑχῖ
568 3899 821 3955 κοινωνία
893 3902 991 3954 τοῦ
1066 3895 1298 3970 αἵματος
1380 3899 1476 3951 τοῦ
1543 3897 1782 3971 Χριστοῦ
1849 3893 2010 3962 tati;

359 3987 454 4044 τὸν
509 3986 671 4064 ἃρτον
729 3987 787 4044 ὅν
845 3987 1092 4060 κλῶμεν,
1153 3985 1284 4062 οὐχὶ
1340 3985 1614 4043 κωινωνία
1667 3988 1766 4040 τοῦ
1822 3985 2016 4056 σώμα-

353 4095 454 4140 τος
512 4080 613 4131 τοῦ
672 4076 911 4151 Χριστοῦ
969 4072 1161 4144 ἐστιν,
1225 4073 1310 4130 ὅτι
1367 4075 1445 4136 εἴς
1503 4071 1688 4144 ἄρτος,
1747 4069 1800 4127 ἔν
1854 4074 2016 4143 σῶμα

353 4167 409 4221 οἱ
431 4164 638 4222 πολλοί
671 4165 848 4239 ἐσμεν.
882 4165 952 4222 Οἱ
1009 4165 1114 4240 γὰρ
1174 4165 1372 4226 πάντες
1421 4161 1482 4220 ἐκ
1530 4166 1627 4217 τοῦ
1672 4162 1792 4225 ab;
1848 4161 2016 4237 ἄρτου

360 4257 692 4330 μετίχομεν.
803 4253 1043 4313 Βλέπετε
1116 4254 1208 4309 τὸν
1285 4251 1510 4328 Ἰσραὴλ
1613 4251 1752 4308 κατὰ
1826 4251 2016 4326 σάρκα.

349 4346 502 4409 Οὐχὶ
533 4347 586 4402 o't
617 4345 888 4412 ἐσθίοντες
913 4347 1010 4408 τὰς
1039 4344 1224 4408 θυσίας
1255 4344 1510 4400 κοινωνοὶ
1567 4347 1666 4399 τοῦ
1720 4344 2020 4413 θυσιαστηο

356 4436 481 4512 ρίου
513 4437 618 4492 εἱσι
644 4456 660 4505 ς

432 4527 728 4602 Θεραπεύει
759 4525 954 4583 λοιπὸν
1015 4523 1234 4594 αὐτοὺς,
1294 4523 1484 4579 πολλὰ
1540 4521 1717 4578 αὐτῶν
1776 4520 2023 4595 “Batti-

354 4639 546 4691 μενος.
574 4621 710 4693 Ὅρα
742 4616 822 4685 δὶ,
878 4619 980 4673 οὑκ
1008 4611 1088 4673 ἕτι
1147 4615 1238 4672 διὰ
1292 4615 1464 4689 μόνην
1511 4616 1612 4684 τὴν
1671 4607 1886 4689 βλάϐην
1915 4615 2023 4665 τῶν

2126 2035 2235 2091 pra
2283 2018 2343 2074 id
2390 2019 2547 2091 quod
2579 2021 2846 2092 potestis.
2909 2042 2935 2071 ι»
2993 2020 3422 2087 Pariformiter,
3457 2019 3670 2092 inquit,
3703 2020 3780 2076 ad

2121 2113 2379 2164 vestram
2407 2109 2737 2180 potentiam
2761 2110 3053 2182 permittit
3074 2110 3201 2165 fieri
3229 2109 3637 2165 tentationem.
3663 2112 3780 2166 Aut

2121 2196 2359 2268 potius:
2415 2198 2644 2263 Quaevis
2694 2199 2942 2254 tentatio
2970 2215 3073 2254 vos
3125 2204 3434 2265 everteret,
3467 2199 3625 2256 514
3654 2199 3772 2254 nisi

2120 2284 2390 2342 Christus
2421 2287 2830 2344 auxiliaretur.
2869 2311 2891 2337 ι
2927 2288 3039 2344 Sed
3067 2288 3243 2343 faciet
3271 2287 3448 2343 simul
3481 2303 3617 2343 cum
3647 2293 3774 2346 ten-

2121 2375 2368 2430 tatione.
2399 2396 2428 2425 »
2458 2407 2527 2417 --
2588 2375 2912 2449 Dupliciter
2965 2376 3077 2432 hoc
3105 2380 3303 2448 potest
3349 2375 3622 2448 intelligi.
3658 2377 3774 2431 Aut

2121 2465 2283 2536 quod
2357 2465 2750 2522 tentationem
2807 2467 3162 2538 permittens
3219 2465 3516 2534 advenire,
3577 2466 3773 2521 statim

2123 2571 2361 2627 quoque
2402 2555 2592 2627 ipsam
2653 2555 2905 2628 dissipat
2961 2573 3027 2612 ac
3081 2556 3337 2620 cohibet,
3365 2561 3431 2612 ut
3459 2555 3640 2611 etiam
3670 2571 3772 2611 vos

2119 2646 2361 2718 possitis
2383 2647 2575 2718 ipsam
2606 2646 2872 2708 ferre.eo
2905 2646 3063 2718 quod
3095 2663 3272 2718 parvo
3303 2651 3568 2718 tempore
3590 2646 3776 2702 mols-

2121 2741 2210 2792 sta
2240 2736 2519 2792 sitvobis.
2544 2739 2659 2792 Aut
2688 2737 2846 2809 quod
2879 2736 3060 2792 simul
3089 2752 3225 2793 cum
3248 2736 3577 2793 tentatione
3599 2735 3777 2792 faciet

2120 2823 2298 2880 etiam
2317 2830 2593 2880 eventum
2616 2830 2750 2896 post
2768 2824 3282 2897 longanimitatem
3306 2825 3772 2881 sttolerantiam:

2121 2915 2232 2970 hoc
2262 2919 2372 2983 est,
2405 2915 2584 2971 faciet
2611 2931 2712 2971 vos
2745 2915 3016 2987 protinus
3049 2915 3373 2970 tolerantes
3430 2931 3498 2969 ac
3529 2913 3776 2970 idoneos

2121 3002 2195 3057 ad
2226 3001 2664 3066 sustinendum,
2699 3007 2765 3057 ut
2793 3019 2865 3058 ex
2891 3002 3216 3057 tentatione
3247 3001 3400 3057 nihil
3421 3001 3586 3056 vobis
3614 3014 3778 3056 acoe-

2120 3090 2224 3146 dat
2255 3092 2620 3158 nocumenti,
2657 3091 2761 3146 sed
2793 3091 2980 3164 magis
3006 3089 3154 3146 lucri
3187 3090 3515 3161 plurimum
3574 3104 3775 3145 accre-

2121 3185 2265 3237 scat.
2303 3204 2323 3230 σ
2364 3182 2552 3236 Etiam
2573 3185 2847 3236 eventum
2902 3200 2927 3225 ιο
2952 3183 3238 3236 Eventum
3270 3179 3414 3235 dicit
3437 3179 3779 3252 completio-

2122 3285 2263 3326 nem
2317 3287 2384 3326 ac
2435 3270 2830 3326 cessationem
2891 3286 2997 3326 seu
3054 3269 3503 3331 cohibitionem.
3561 3274 3629 3324 ut
3675 3284 3777 3324 vos

2050 3323 2094 3391 C
2124 3323 2398 3432 signa...
2428 3323 3219 3418 iamnassamils
3277 3323 3327 3414 si
3350 3323 3630 3414 sane.
3664 3358 3775 3423 Qui

2119 3449 2299 3506 faciet
2329 3450 2688 3505 tentationes
2711 3449 2980 3521 accipere
3010 3449 3172 3504 brevi
3205 3449 3626 3514 terminum,ut
3643 3465 3774 3519 pos-

2120 3540 2250 3596 sitis
2283 3541 2600 3597 sustinere.

2189 3629 2257 3691 Χ,
2295 3630 2482 3684 14-18.
2507 3651 2533 3678 ‹‹
2563 3627 3162 3700 QuaprOpter,dilecti
3185 3627 3512 3700 mei,fugite
3544 3627 3772 3683 cultum

2123 3718 2496 3774 «idolorum.
2534 3719 2607 3773 Ut
2636 3717 3030 3790 prudentibus
3076 3717 3322 3788 loquor:
3367 3717 3633 3790 judicate
3671 3734 3772 3771 vos

2123 3831 2153 3861 ‹‹
2183 3807 2341 3880 quod
2363 3807 2808 3862 dico.Poculum
2839 3807 3270 3863 benedictionis
3291 3807 3448 3876 quod
3469 3805 3772 3862 benedici-

2123 3921 2150 3950 α
2172 3912 2534 3961 mus,nonne
2551 3894 3009 3951 communicatio
3033 3895 3338 3968 sanguinis
3373 3894 3586 3949 Christi
3633 3893 3775 3950 est?

2129 4011 2151 4041 ι
2186 3987 2365 4043 Panis
2378 4001 2554 4057 quem
2579 3985 2929 4057 frangimus,
2946 4000 3142 4041 nonne
3165 3983 3630 4040 communicatio
3651 4000 3784 4039 cor-

2129 4101 2156 4130 ‹‹
2187 4079 2348 4154 poris
2370 4076 2585 4133 Christi
2610 4076 2738 4132 est?
2757 4076 3050 4140 Quoniam
3072 4092 3228 4132 unus
3251 4076 3636 4149 panis,unum
3655 4092 3784 4132 cor-

2133 4193 2152 4222 ε
2178 4187 2289 4244 pus
2315 4167 2484 4224 multi
2505 4167 2882 4222 sumus.l\'am
2907 4182 3114 4222 omnes
3141 4183 3210 4222 ex
3233 4182 3351 4222 uno
3375 4182 3526 4238 pane
3549 4163 3790 4239 partici-

2131 4256 2621 4332 «pamus.Videte
2646 4256 2830 4312 Israel
2851 4257 3019 4328 juxta
3036 4259 3454 4313 carnemNum
3487 4256 3586 4330 qui
3611 4256 3794 4312 edunt

2137 4369 2160 4400 ε
2188 4349 2480 4417 victimas,
2507 4347 2828 4420 participes
2856 4351 2999 4402 sunt
3027 4346 3234 4404 altaris
3254 4347 3284 4402 τ
3317 4369 3346 4399 ››

2202 4525 2368 4594 Ipsos
2397 4521 2780 4593 postmodum
2817 4521 3094 4589 honorat,
3129 4524 3447 4594 postquam
3488 4521 3551 4576 in
3582 4521 3794 4579 multis

2139 4626 2241 4666 eos
2274 4610 2625 4681 objurgavit.
2662 4609 2804 4662 Vide
2834 4614 3057 4674 autem,
3082 4609 3208 4680 jam
3243 4626 3361 4664 non
3394 4615 3638 4682 propter
3697 4627 3793 4665 so-

354 4708 752 4784 ἀσθενεστὲρων
804 4705 1056 4785 ἀδελφῶν
1130 4705 1337 4762 κωλύει
1421 4702 1616 4764 αὐτοὺς
1697 4700 1891 4766 ἐσθίειν
1959 4700 2015 4755 τε]

2132 4698 2254 4754 lum
2286 4697 2569 4752 damnum
2602 4697 2850 4751 fratrum
2882 4697 3346 4753 imbecilliorum
3378 4697 3653 4768 prohibet
3693 4711 3795 4752 eos

358 4795 728 4865 εἰδωλόθυτα,
777 4796 924 4854 ἀλλὰ
981 4797 1074 4852 καὶ
1126 4796 1260 4854 αὐτὸ
1318 4794 1436 4858 καθ’
1486 4793 1646 4849 ἱαυτὸ
1705 4792 1769 4847 τὸ
1828 4789 2017 4846 ἐσθίειν

358 4881 674 4960 διαϐάλλει,
708 4885 1170 4962 είδωλολατρείαν
1226 4885 1289 4940 τὸ
1336 4887 1564 4960 πρᾶγμα
1618 4879 1823 4939 καλῶν.
1859 4905 1886 4933 ει
1933 4883 2020 4941 Ὠς

358 4975 652 5056 φρονίμοις
681 4977 852 5053 λεγω.
887 4973 1169 5046 »Ἐπειδή
1216 4975 1374 5050 ἐξῆρε
1428 4975 1492 5029 τὸ
1547 4971 1741 5029 ὶσθίειν
1798 4968 2024 5026 εἰδωλό-

353 5078 512 5136 θυτα,
543 5065 1013 5143 είδιυλολατρείαν
1055 5066 1117 5121 τὸ
1151 5070 1393 5143 πρᾶγμα
1420 5063 1757 5140 προσειπὼν,
1788 5061 1878 5116 καὶ
1935 5058 2024 5114 διὰ

353 5161 520 5212 τοῦτο
553 5159 842 5232 καθήψατο
881 5156 1080 5226 αὑτῶν,
1134 5154 1335 5211 λοιπὸν
1395 5158 1646 5228 πειρᾶται
1701 5153 2023 5225 θεραπεῦσαι

352 5245 420 5301 τὸ
450 5248 629 5326 τραχὺ
683 5251 782 5302 τοῦ
843 5246 1035 5322 λόγου,
1093 5246 1183 5300 καί
1244 5261 1428 5324 φησιν·
1490 5243 1705 5315 Ὑμεῖς,
1763 5237 2023 5320 φρόνιμοι

356 5333 528 5404 ὃντες,
587 5337 806 5412 κρίνατε
864 5337 927 5392 τὸ
985 5341 1248 5412 πρᾶγμα,
1300 5335 1391 5390 καὶ
1448 5330 1604 5410 ἔχετε
1661 5332 1835 5408 εὑρεῖν
1894 5330 2023 5385 αὐτὸ

360 5423 848 5504 εἶδωλολατρείαν.
914 5427 1096 5484 Τοῦτο
1156 5421 1213 5479 δὲ
1271 5428 1440 5481 ποιῶν
1500 5421 1590 5479 καὶ
1649 5418 1844 5484 αὐτοὺς
1899 5421 2025 5484 τοὺς

363 5515 694 5578 ὑπευθύνους
757 5516 1000 5572 καθίστει
1059 5512 1337 5587 δικαστὰς,
1407 5511 1618 5575 δεικνὺς
1674 5509 1758 5566 ὅτι
1818 5507 2025 5588 σφόδρα

435 5804 479 5838 ²⁶
511 5807 715 5864 Matth.
747 5823 823 5871 ιι,
852 5809 922 5860 28

2133 4787 2306 4843 edere
2336 4785 2685 4857 idolothyta,
2720 4800 2924 4840 verum
2959 4785 3138 4840 etiam
3170 4787 3366 4857 ipsum
3399 4786 3460 4840 in
3493 4800 3556 4840 se
3612 4784 3792 4841 edere

2130 4879 2577 4950 vituperat,rem
2619 4876 2810 4947 ipsam
2843 4891 3062 4931 vocans
3093 4875 3515 4931 idololatriam.
3535 4875 3642 4930 «Ut
3662 4891 3797 4946 pru-

2132 4969 2411 5024 dentibus
2441 4965 2674 5038 loquor.
2707 4988 2736 5016 »
2769 4965 3056 5032 Quoniam
3094 4966 3565 5038 idolothytorum
3624 4981 3794 5022 esum

2133 5053 2810 5116 abstulit.idoloiatriam
2841 5053 3152 5130 appellans
3175 5071 3300 5110 rem
3335 5055 3548 5126 ipsam,
3580 5060 3638 5109 et
3659 5071 3798 5126 pro-

2134 5155 2339 5222 pterea
2364 5148 2528 5220 ipsos
2551 5147 2930 5219 objurgavit:
2989 5147 3202 5202 nititur
3257 5147 3539 5220 deinceps
3587 5162 3799 5203 curare

2133 5238 2427 5294 sermonis
2457 5237 2840 5309 asperitatem
2868 5253 2881 5304 ;
2913 5241 2972 5292 et
2993 5236 3076 5291 ait
3100 5253 3114 5291 :
3141 5237 3256 5292 Vos
3281 5237 3606 5308 prudentes
3633 5235 3798 5304 estis,

2125 5328 2390 5402 judicatc
2440 5344 2569 5383 rem
2629 5326 2842 5402 ipsam,
2877 5331 2936 5382 et
2990 5324 3256 5382 invenire
3299 5326 3572 5399 poteritis
3603 5325 3796 5397 ipsam

2134 5416 2710 5474 esseidololatriam.
2761 5417 2881 5472 Hoc
2911 5420 3115 5472 autem
3173 5415 3422 5484 faciens,
3455 5433 3559 5472 eos
3613 5415 3796 5472 etiam

2136 5509 2236 5578 qui
2273 5508 2354 5562 rei
2388 5512 2544 5576 sunt,
2579 5506 2818 5580 judices
2878 5506 3574 5564 constituit:ostendens
3633 5503 3794 5576 quod
