4118 6376
379 409 498 471 783
576 398 580 409 '

1504 397 1931 462 cucumam!
1976 397 2281 462 ramea;
2324 407 2680 472 EPISCOPI
2760 434 2766 450 ι

3685 413 3807 474 784

379 542 763 597 vehementer
789 535 861 590 de
894 533 1019 589 suis
1054 532 1430 589 sermonibus
1460 531 1724 588 confidat
1755 535 2022 600 tanquam

2153 534 2342 611 θαρῥεῖ
2368 544 2485 602 τοῖς
2517 539 2744 605 οἰκείοις
2798 539 2991 616 λόγοις
3020 541 3095 603 ὡς
3151 538 3404 612 ἀληθέσι.
3447 539 3548 599 Καὶ
3609 538 3802 609 λοιπὸ,

382 630 533 685 veris
557 646 570 682 :
605 632 664 683 et
674 623 1055 697 postmodum
1069 621 1281 694 probat
1298 621 1644 676 idololatras
1672 636 1802 675 esse
1823 635 1893 675 ac
1914 617 2040 673 idoo

382 718 576 773 lorum
607 712 950 788 participes,
984 728 1087 767 eos
1127 711 1230 783 qui
1262 711 1447 766 edunt
1476 708 1825 780 idolothyta.
1860 730 1887 758 «
1922 709 2034 762 Po-

375 808 578 863 culum
608 802 1063 861 benedictionis.
1095 823 1124 851 »
1157 800 1445 857 Poculum
1478 804 1647 855 vocat
1666 797 2035 854 benedictio-

375 895 493 962 nis,
520 893 803 967 poculum
854 887 1437 963 sanguinis}Christi.
1473 911 1500 939 ‹‹
1535 887 1701 953 Quod
1730 885 2035 942 benedici-

376 1000 530 1039 mus.
562 1003 591 1033 »
625 980 793 1047 Quod
823 997 946 1052 prae
979 976 1254 1034 manibus
1280 977 1589 1043 habentes,
1621 974 2034 1031 benedicimus

374 1088 534 1139 eum,
563 1070 665 1143 qui
696 1069 952 1143 gratiose
983 1066 1333 1140 sanguinem
1365 1082 1539 1121 suum
1568 1064 1744 1121 nobis
1788 1063 2033 1137 largitus

373 1166 486 1228 est,
518 1161 629 1216 hoc
658 1164 769 1225 est,
804 1157 1024 1231 gratias
1055 1156 1306 1229 agimus.
1341 1154 1495 1212 515
1530 1153 1634 1209 Vel
1665 1152 1821 1224 quod
1850 1152 2028 1207 bene-

382 1251 651 1306 dicentes
682 1262 1109 1320 prmparamus.

454 1339 576 1394 Scis
606 1338 748 1409 quid
770 1337 1031 1392 dicam.«
1059 1337 1265 1391 Nonne
1299 1332 1763 1391 communicatio
1793 1330 2032 1404 sangui-

375 1428 472 1483 nis
523 1427 737 1483 Christi
784 1425 928 1481 est?
963 1446 991 1474 »
1038 1426 1155 1480 Nos
1229 1423 1389 1479 enim
1437 1421 1668 1477 Christo
1725 1420 2035 1493 conjungit

372 1516 614 1589 sanguis
638 1515 934 1587 ipsius,ut
951 1513 1222 1569 membra
1252 1512 1452 1584 capiti,
1490 1528 1596 1583 per
1624 1509 2034 1582 participatio-

371 1622 531 1662 nem.
566 1627 595 1655 ‹‹
628 1602 809 1659 Panis
840 1618 1023 1674 quem
1052 1600 1403 1674 frangimus.
1440 1622 1467 1649 ››
1521 1598 1689 1666 Quod
1740 1599 1801 1654 in
1858 1613 2032 1655 cruce

373 1711 497 1750 non
517 1698 607 1748 est
626 1696 857 1764 ’passus
880 1690 1165 1746 Dominus
1192 1688 1519 1761 (siquidem
1542 1705 1609 1744 os
1631 1687 1783 1758 ejus,
1815 1686 2029 1758 inquit,

374 1799 500 1838 non
520 1781 661 1838 conf
662 1781 939 1853 ringetur.
949 1780 1061 1834 hoc
1072 1796 1222 1851 pr0p
1230 1784 1319 1834 ter
1330 1794 1441 1833 nos
1456 1776 2033 1837 sustinetfractus.ut

373 1889 485 1928 nos
509 1871 623 1926 sibi
637 1873 771 1941 conj
780 1869 1181 1942 ungat—Alio
1200 1867 1463 1940 modo..Ej
1472 1884 1541 1922 us
1554 1865 1713 1938 quod
1726 1865 2022 1938 prmcessit

2138 1877 2403 1950 ὑπομένει
2511 1874 2961 1952 κατακλώμενος,

374 1961 804 2018 demonstratio
836 1965 926 2014 est
970 1959 1030 2014 id
1063 1958 1222 2031 quod
1245 1956 1645 2029 subjungitur.
1681 1954 1847 2012 Unde
1865 1954 2026 2010 enim

372 2049 758 2105 manifestum
781 2055 891 2117 est,
924 2047 1138 2118 inquit,
1199 2047 1352 2117 quod
1386 2045 1559 2117 panis
1592 2061 1769 2116 quem
1801 2044 2025 2116 frangi-

371 2154 506 2193 mus
564 2136 1031 2193 communicatio
1076 2134 1343 2207 corporis
1375 2133 1592 2188 Christi
1651 2139 1760 2202 est,
1795 2133 1908 2187 hoc
1938 2136 2029 2188 est

372 2227 531 2298 quod
574 2244 682 2282 nos
712 2225 788 2282 ad
845 2225 1450 2282 communicationem
1484 2223 1751 2295 corporis
1808 2221 2024 2278 Christi

370 2315 614 2372 adducit
640 2315 668 2371 ?
696 2315 861 2372 Unde
885 2314 1269 2371 manifestum
1283 2318 1375 2369 est
1400 2313 1587 2377 ?Quia
1601 2329 1785 2368 unum
1807 2328 2025 2384 corpus

372 2422 581 2461 sumus
629 2421 698 2460 ac
738 2421 1021 2461 vocamur
1062 2420 1293 2471 omnes,
1326 2402 1429 2473 qui
1457 2402 1688 2457 Christo
1719 2401 2023 2473 conjuncti

372 2510 581 2550 sumus
604 2499 891 2565 tanquam
911 2493 1091 2549 unius
1118 2492 1383 2565 corporis
1406 2491 1607 2562 capiti.
1631 2491 1795 2557 Quod
1827 2490 1874 2546 si
1903 2507 2023 2547 non

369 2598 478 2655 per
507 2599 723 2655 corpus
753 2588 812 2638 et
833 2583 1186 2655 sanguinem
1204 2581 1392 2653 ipsius
1416 2580 1496 2651 vin
1528 2580 2024 2636 communicatio-

367 2688 508 2727 nem
566 2687 1083 2744 congregaremur,
1116 2688 1224 2743 per
1271 2668 1416 2741 quid
1446 2669 1609 2724 aliud
1656 2685 1924 2724 essemus
1954 2686 2022 2725 ac

366 2778 715 2818 vocaremur
742 2778 930 2817 unum
953 2759 1211 2832 corpus?
1241 2783 1261 2808 ι
1290 2759 1582 2825 Quoniam
1606 2775 1760 2814 unus
1788 2759 2020 2830 panis.»

366 2851 515 2916 Quia
545 2850 730 2907 dixit:
755 2872 783 2901 «
816 2849 1287 2906 Communicatio
1318 2849 1586 2921 corporis
1617 2848 1852 2905 Domini
1875 2853 2021 2904 est.»

366 2940 613 2996 Videtur
642 2945 842 2996 autem
875 2939 935 2995 id
967 2939 1129 3011 quod
1171 2937 1578 2994 communicat
1600 2936 1764 2994 aliud
1795 2953 1925 2993 esse
1946 2936 2020 2993 ab

365 3045 433 3085 eo
467 3029 562 3085 cui
595 3028 999 3084 communicat
1024 3044 1037 3082 :
1058 3026 1181 3082 vult
1202 3043 1365 3082 nunc
1385 3025 1701 3082 ostendere
1724 3025 1883 3098 quod
1901 3041 2021 3081 non

364 3117 901 3184 communicamus,
925 3116 1029 3172 sed
1060 3116 1257 3188 ipsum
1287 3115 1504 3171 Christi
1537 3132 1752 3188 corpus
1812 3130 2019 3170 omnes

365 3224 571 3263 sumus
598 3224 610 3261 :
642 3206 1155 3273 Quemadmodum
1190 3222 1333 3261 sane
1360 3206 1422 3260 in
1443 3205 2018 3277 corpore,reliquum

364 3313 400 3352 a
428 3296 621 3368 capite
651 3295 869 3351 dicitur
898 3295 1305 3367 corpus.Sicut
1326 3295 1488 3351 enim
1511 3296 1574 3349 in
1606 3311 1780 3367 pane,
1802 3294 2016 3366 inquit,

365 3402 436 3440 ex
491 3384 698 3440 multis
752 3384 954 3457 granis
1014 3384 1078 3439 fit
1136 3401 1290 3439 unus
1321 3385 1514 3455 panis,
1540 3384 1622 3439 ita
1652 3388 1711 3439 et
1739 3400 1849 3439 nos
1878 3399 2016 3439 cum

360 3473 537 3529 multi
567 3474 777 3538 simus,
802 3490 992 3528 unum
1014 3473 1230 3527 Christi
1253 3489 1469 3544 corpus
1493 3471 1808 3529 efficimur.
1840 3474 2018 3528 cNam

362 3578 571 3619 omnes
591 3578 663 3617 ex
693 3579 811 3618 uno
834 3579 989 3635 pane
1019 3562 1483 3634 ,‘participamus.
1519 3584 1542 3613 ι
1582 3560 1804 3617 Deinde
1833 3562 2020 3617 ratio-

360 3669 499 3709 nem
532 3669 770 3724 quoque
799 3652 967 3708 addit
995 3650 1295 3724 quomodo
1322 3668 1537 3724 corpus
1567 3651 1783 3707 Christi
1802 3651 2020 3707 efﬁcia-

360 3758 529 3797 mur:
565 3740 717 3808 Quid
746 3741 911 3797 enim
940 3740 1273 3814 est,inquit,
1297 3740 1471 3813 panis
1499 3740 1528 3795 ‘?
1548 3739 1773 3813 Corpus
1798 3757 2014 3812 nempe

359 3831 597 3887 Christi.
635 3831 785 3896 Quid
815 3835 1015 3887 autem
1035 3829 1378 3886 efficiuntur
1404 3829 1465 3885 hi
1495 3830 1598 3901 qui
1629 3829 2017 3903 participant?

358 3925 582 3993 Corpus
639 3937 782 3976 sane
840 3920 1078 3977 Christi.
1137 3922 1283 3976 Nam
1341 3920 1767 3992 participantes
1798 3937 2014 3992 corpus

357 4010 709 4075 Christi,nos
726 4008 1134 4081 quoqueillud
1157 4008 1453 4065 efﬁcimur
1487 4027 1500 4064 :
1537 4009 1823 4079 quoniam
1854 4026 2011 4066 unus

362 4098 533 4168 panis
564 4102 654 4152 est
680 4096 968 4154 Christus.
1001 4099 1085 4152 Ex
1141 4097 1348 4153 multis
1376 4114 1636 4169 namque
1666 4098 1866 4171 granis
1924 4099 2013 4169 (ut

364 4184 621 4257 exempli
651 4187 839 4257 gratia
866 4186 1368 4259 loquamur)unus
1398 4187 1571 4258 panis
1592 4186 1782 4242 factus
1812 4193 1920 4243 est.
1942 4188 2012 4243 Et

364 4291 473 4330 nos
495 4273 667 4330 multi
688 4292 757 4329 ex
774 4274 897 4346 ipso
912 4291 1033 4329 uno
1055 4274 1480 4346 participantes
1502 4274 1800 4330 efficimur
1821 4292 2006 4332 unum

2140 628 2527 698 κατασκευάζει
2613 629 3027 707 εἰδωλολάτραις
3105 627 3261 693 ὄντας
3321 632 3412 687 καὶ
3498 632 3802 694 κοινωνοὺς

2143 710 2392 772 εἷ’δώλων
2418 717 2546 782 τοὺς
2577 719 2851 782 ἐσθίοντας
2910 722 2976 777 τὰ
3036 718 3395 785 εἰδωλόθυτα.
3429 744 3458 773 ‹‹
3508 721 3585 777 Τὸ
3616 722 3799 793 ποτή-

2144 824 2260 878 ριον
2296 814 2399 877 τῆς
2464 808 2736 885 εὐλογίας.
2776 836 2803 863 ››
2861 812 3133 886 Ποτήριον
3202 809 3459 886 εὐλογίας
3518 813 3676 890 φησὶ,
3735 812 3799 868 τὸ

2140 896 2405 971 ποτήριον
2433 903 2531 952 τοῦ
2560 898 2794 972 αἶ’ματος
2823 905 2920 956 τοῦ
2950 902 3211 976 Χριστοῦ.
3244 901 3313 957 "0
3370 898 3733 977 εὐλογοῦμεν.
3768 925 3795 953 η

2138 984 2209 1041 ’Ὀ
2243 988 2377 1058 μετά
2405 995 2598 1064 χεῖρας
2630 989 2855 1067 ἔχοντες
2916 989 3257 1067 εὐλογοῦμεν
3298 990 3388 1046 τὸν
3424 992 3796 1067 χαρισάμενον

2141 1074 2276 1146 ἡμῖν
2304 1076 2365 1130 τὸ
2396 1079 2533 1151 αἷμα
2579 1079 2769 1148 αὐτοῦ,
2824 1078 3098 1136 τουτέστιν
3151 1078 3603 1155 εὐχαριστοῦμεν·
3635 1083 3702 1136 Ἢ
3764 1080 3794 1134 ὅ

2139 1159 2496 1238 εὐλογοῦντες
2516 1168 3003 1241 κατασκευάζομεν.

2210 1339 2542 1415 [ΟΙΚΟΓΜ.]
2583 1336 2750 1402 Οἶδας
2783 1338 2813 1394 ὅ
2872 1337 3035 1414 λέγω.
3097 1364 3124 1391 (ί
3185 1337 3331 1417 Οὐχὶ
3386 1339 3644 1394 κοινωνία
3697 1342 3796 1394 τοῦ

2138 1425 2368 1500 αἵματος
2390 1431 2488 1483 τοῦ
2519 1432 2766 1502 Χριστοῦ
2795 1425 2907 1483 ἐστι
2943 1448 2959 1499 ;
2999 1452 3026 1480 ››
3076 1430 3344 1483 Συνάπτει
3400 1429 3503 1504 γὰρ
3535 1430 3685 1501 ἡμᾶς
3714 1433 3794 1500 τῷ

2136 1517 2379 1591 Χριστῷ,
2409 1518 2473 1572 τὸ
2503 1520 2645 1591 αἷμα
2700 1516 2889 1587 αὐτοῦ,
2940 1518 3015 1580 ὡς
3073 1515 3214 1591 μέλπ,
3274 1521 3344 1592 τῇ
3402 1517 3639 1596 κεφαλῇ,
3706 1516 3799 1574 διὰ

2134 1613 2236 1676 τῆς
2270 1605 2653 1681 μεταλήψεως.
2695 1632 2724 1660 ‹‹
2783 1608 2891 1665 Τὸν
2946 1606 3109 1682 ἄρτον
3167 1608 3227 1663 ὅν
3282 1605 3525 1682 κλῶμεν.
3562 1632 3591 1661 »
3620 1611 3796 1684 Ὅπερ

2139 1695 2226 1751 ἐπὶ
2256 1700 2355 1752 τοῦ
2384 1701 2624 1771 σταυροῦ
2673 1696 2735 1753 οὐ
2766 1695 3027 1753 πέπονθεν
3061 1697 3089 1752 ὁ
3148 1696 3350 1774 Κύριος
3411 1695 3624 1771 (ὀστοῦν
3685 1698 3790 1775 γάρ

2138 1787 2328 1852 αὐτοῦ,
2387 1786 2575 1860 φησὶν,
2630 1785 2693 1843 οὐ
2778 1781 3236 1864 συντριϐήσεται),
3295 1791 3458 1843 τοῦτο
3518 1784 3589 1842 δι’
3643 1790 3793 1861 ἡμᾶς

3088 1876 3143 1932 ’ίν
3153 1898 3184 1932 α
3314 1878 3527 1954 συνάψῃ
3639 1880 3675 1949 ἡ
3684 1884 3789 1952 μᾶς

2136 1969 2334 2040 ἑαυτῷ.
2417 1999 2486 2009 -
2533 1964 2783 2029 Ἀλλως.
2843 1969 3027 2041 [ΦΩΤ]
3109 1963 3411 2036 Ἀπόδειξίς
3498 1966 3608 2023 ἐστι
3692 1970 3791 2023 τοῦ

2135 2055 2429 2131 εἰρημένου
2458 2056 2521 2112 τὸ
2543 2055 2902 2133 ἐπαγόμενον.
2956 2055 3123 2111 Πόθεν
3182 2055 3287 2131 γὰρ
3347 2053 3541 2126 δῆλον,
3599 2056 3790 2134 φησὶν,

2135 2144 2331 2200 ὃτιτὸν
2360 2142 2521 2219 ἄρτον
2567 2143 2625 2200 ὅν
2657 2142 2882 2218 κλῶμεν
2913 2145 3172 2200 κοινωνία
3229 2150 3327 2200 τοῦ
3383 2145 3636 2219 σώματος
3692 2147 3792 2200 τοῦ

2134 2237 2378 2309 Χριστοῦ
2408 2232 2521 2290 ἐστι
2556 2254 2570 2304 ;
2602 2238 2902 2306 τουτέστιν,
2934 2234 3017 2291 ὅτι
3063 2235 3138 2297 εἰς
3170 2235 3460 2290 κοινωνίαν
3491 2237 3640 2309 ἡμᾶς
3693 2238 3794 2289 τοῦ

2134 2325 2391 2399 σώματος
2425 2325 2645 2402 συνάγει
2675 2328 2777 2380 τοῦ
2822 2328 3093 2401 Χριστοῦ,
3117 2325 3281 2381 πόθεν
3331 2321 3502 2395 δῆλον
3543 2327 3705 2395 ς”Οτι
3732 2322 3790 2380 ἓν

2133 2415 2299 2488 σῶμά
2343 2412 2506 2488 ἔσμεν
2538 2414 2631 2469 καὶ
2660 2412 2980 2488 καλούμεθα
3037 2414 3091 2470 οἱ
3143 2415 3339 2478 πάντες
3390 2415 3611 2487 Χριστῷ
3659 2434 3792 2470 συν-

2132 2505 2455 2579 απτόμενοι,
2488 2506 2565 2570 ὡς
2589 2510 2688 2561 τοῦ
2743 2509 2933 2561 κοινοῦ
2974 2505 3227 2580 σώματος
3283 2504 3520 2583 κεφαλῇ.
3577 2505 3643 2563 Εἰ
3698 2506 3791 2562 οὗν

2133 2596 2213 2670 μὴ
2241 2597 2322 2669 τῷ
2361 2597 2578 2670 σώματι
2607 2595 2776 2652 αὐτοῦ
2830 2597 2923 2653 καὶ
2978 2602 3060 2670 τῷ
3117 2594 3307 2671 αἵματι
3362 2596 3438 2658 εἰς
3494 2598 3786 2653 κοινωνίαν

2131 2684 2498 2761 συνηγόμεθα,
2524 2687 2635 2742 τίνι
2665 2687 2727 2742 ἃν
2768 2686 2937 2762 ἑτάρῳ
2992 2682 3047 2741 ἕν
3103 2680 3265 2761 σῶμα
3321 2688 3459 2761 ἦμεν
3513 2685 3606 2742 καὶ
3664 2686 3788 2743 ἐκα-

2130 2771 2376 2848 λούμεθα
2410 2794 2426 2844 ;
2458 2798 2489 2828 (ι
2527 2779 2642 2830 *Οτι
2676 2777 2753 2838 εἷς
2805 2775 2986 2850 ἄρτος.
3023 2798 3051 2828 ››
3108 2772 3336 2843 Ἐπειδὴ
3395 2776 3532 2831 εἷπε·
3566 2800 3595 2828 ι(
3646 2782 3781 2834 Κοι-

2127 2863 2295 2918 νωνία
2320 2866 2419 2919 τοῦ
2449 2864 2705 2937 σώματος
2731 2867 2829 2920 τοῦ
2849 2865 3112 2941 Κυρίου.»
3139 2869 3298 2921 Δοκεῖ
3326 2861 3471 2935 δὶ,τὸ
3483 2871 3780 2921 κοινωνοῦν

2128 2948 2312 3029 ἓτερον
2340 2954 2476 3008 εῖναι
2508 2958 2637 3029 παρ’
2667 2952 2843 3009 ἐκεῖνο
2873 2952 2904 3009 ὅ
2932 2956 3203 3010 κοινώνει.
3265 2958 3373 3008 Νῦν
3435 2953 3583 3018 θέλει
3615 2952 3783 3027 δεῖξαι

2130 3039 2216 3098 δτι
2245 3041 2308 3097 οὐ
2336 3047 2730 3117 κοινωνοῦμεν,
2763 3040 2895 3099 ἀλλ’
2922 3042 3055 3098 αὐτὸ
3083 3043 3148 3099 τὸ
3177 3045 3339 3115 σῶμά
3369 3042 3528 3117 ἰσμεν
3545 3045 3781 3120 Χριστοῦ

2131 3132 2183 3187 οἳ
2235 3132 2450 3199 πάντες,
2502 3131 2684 3209 ὥσπερ
2744 3130 2937 3205 ἀμέλει
2997 3133 3158 3206 σῶμά
3213 3131 3327 3188 ἐστι
3386 3140 3489 3204 τῆς
3541 3132 3780 3213 κεφαλῆς

2049 3255 2095 3323 c
2127 3220 2191 3276 τὸ
2222 3221 2420 3277 λοιπὸν
2452 3226 2630 3295 σῶμα.
2692 3220 2946 3297 Καθάπερ
2985 3222 3114 3297 γάρ,
3173 3222 3359 3300 φησὶν,
3420 3224 3449 3278 ὁ
3506 3224 3668 3298 ἁρτος
3725 3221 3787 3278 ἐκ

2124 3308 2353 3366 πολλῶν
2381 3311 2595 3366 κόκκων
2638 3312 2715 3371 εἷς
2747 3310 2913 3378 ἃρτος
2944 3312 3177 3386 γίνεται,
3221 3311 3397 3374 οὕτως
3438 3311 3530 3366 καὶ
3595 3313 3784 3386 ἡμεῖς,

2124 3400 2279 3477 ιρησὶ,
2312 3397 2517 3455 πολλοὶ
2552 3398 2726 3469 ὄντες,
2757 3396 2812 3455 ἓν
2837 3399 3100 3477 γινόμεθα
3130 3405 3290 3475 σῶμα
3321 3404 3578 3476 Χριστοῦ.
3619 3427 3640 3450 ι
3676 3402 3781 3458 Καὶ

2123 3489 2229 3565 γὰρ
2286 3489 2482 3551 πάντες
2538 3488 2598 3544 ἐκ
2649 3493 2747 3545 τοῦ
2806 3489 2919 3552 ἑνὸς
2979 3487 3143 3565 ἃρτου
3204 3490 3587 3567 μετέχομεν.»
3649 3489 3785 3547 Εἶτα

2121 3576 2312 3654 ἐπάγει
2349 3579 2441 3634 καὶ
2490 3576 2756 3655 λογισμὸν
2816 3583 2934 3642 πῶς
2990 3581 3251 3657 γινόμεθα
3301 3585 3459 3655 σῶμα
3511 3584 3781 3655 Χριστοῦ.

2119 3667 2183 3726 Τί
2213 3667 2318 3743 γάρ
2352 3665 2484 3738 ἐστι,
2515 3668 2704 3747 φησὶν,
2737 3668 2765 3723 ὁ
2797 3665 2958 3744 ἄρτος
2993 3688 3006 3739 ;
3041 3668 3310 3741 Δηλονότι
3341 3674 3500 3744 σῶμα
3520 3671 3779 3745 Χριστοῦ.

2118 3755 2176 3810 Τί
2210 3753 2267 3811 δὶ
2296 3755 2535 3831 γίνονται
2567 3758 2619 3811 οἱ
2669 3752 3182 3830 μεταλαμϐάνοντες
3216 3777 3229 3827 ;
3282 3756 3554 3830 Δηλονότι
3622 3764 3785 3833 σῶμα

2119 3848 2378 3921 Χριστοῦ·
2443 3844 2768 3922 μετέχοντες
2826 3847 2930 3924 γὰρ
2986 3852 3083 3903 τοῦ
3162 3848 3417 3922 σώματος
3490 3854 3588 3905 τοῦ
3645 3850 3780 3926 Χρι-

2118 3940 2268 4005 στοῦ,
2371 3936 2462 3991 καὶ
2567 3938 2733 4010 ἡμεῖς
2837 3936 3007 3993 ἐκεῖνο
3064 3939 3353 4013 γινόμεθα,
3439 3935 3627 4010 ἐπειδὴ
3697 3941 3779 4003 εἷς

2116 4023 2280 4100 ἄρτος
2312 4026 2342 4079 ὁ
2372 4024 2634 4099 Χριστός.
2668 4026 2764 4082 Ἐκ
2793 4025 3020 4082 πολλῶν
3049 4027 3153 4105 γὰρ
3182 4027 3415 4099 κόκκων,
3450 4027 3539 4083 ἐπὶ
3595 4049 3773 4105 παρα·

2117 4111 2431 4189 δείγματος,
2463 4115 2492 4169 ὁ
2523 4113 2685 4189 ἃρτος
2718 4114 3027 4191 γινόμενος,
3079 4116 3171 4172 καὶ
3229 4119 3395 4190 ἡμεῖς
3453 4119 3506 4172 οἱ
3563 4115 3772 4174 πολλοὶ

2114 4200 2166 4274 ἐξ
2218 4202 2383 4258 αὐτοῦ
2441 4208 2538 4259 τοῦ
2598 4203 2715 4267 ἑνὸς
2802 4200 3336 4278 μεταλαμϐανόντες,
3392 4207 3658 4282 γινόμεθα
3709 4203 3769 4263 ἓν

2115 4296 2276 4365 σῶμα
2306 4294 2562 4368 Χριστοῦ.
2622 4289 2844 4364 Ἐπειδὴ
2913 4298 3019 4370 γάρ
3075 4298 3110 4364 ἠ
3152 4293 3362 4352 παλαιά
3417 4298 3580 4370 ἡμῶν
3638 4298 3765 4371 σὰρξ

355 4379 571 4435 corpus
629 4362 870 4419 Christi.
902 4362 1191 4427 Quoniam
1245 4362 1408 4418 enim
1438 4368 1604 4419 vetus
1635 4369 1839 4419 nostra
1869 4381 2004 4421 caro

2132 4382 2317 4460 ιφθάρη
2352 4381 2456 4436 ὑπὸ
2485 4388 2585 4451 τῆς
2619 4382 2908 4458 ἁμαρτίας,
2941 4381 3157 4454 ἐδέησεν
3186 4386 3323 4458 ἡμῖν
3379 4384 3579 4458 σαρκὸς
3621 4385 3761 4448 νέας.

353 4456 634 4524 corrupta
663 4456 754 4508 est
785 4450 894 4507 sub
952 4456 1219 4523 peccato,
1278 4468 1429 4523 opus
1476 4452 1590 4508 fuit
1642 4452 1817 4509 nobis
1855 4470 2006 4510 nova

2132 4450 2353 4528 [Bura
2381 4472 2472 4527 τὸν
2505 4450 2903 4548 Ἰσραῆλαατόι
2923 4450 3115 4549 σάρκα.
3153 4497 3181 4525 ››
3210 4450 3393 4548 ἓῨμεῖς
3442 4450 3572 4554 γὰρ,
3605 4479 3762 4556 φησὶ,

350 4557 548 4597 carne.
583 4562 612 4593 ‹‹
643 4540 787 4597 Vide
816 4540 1001 4597 Israel
1023 4540 1199 4614 juxta
1223 4557 1485 4598 carnem.
1521 4562 1551 4592 ››
1585 4543 1697 4598 Vos
1728 4543 2003 4611 enim,iu-

2132 4561 2244 4616 ιατὰ
2272 4566 2486 4633 πνεῦμα
2517 4540 2635 4616 ἐστὶ
2661 4540 2904 4637 Ἰσραήλ.
2939 4587 2968 4617 ι(
2993 4540 3162 4620 Ὀὐχὶ
3233 4540 3286 4620 οῖ
3339 4540 3627 4630 ἐσθίοντες⁸

348 4633 647 4705 quit,estis
662 4631 845 4689 Israel
868 4632 1046 4705 juxta
1068 4632 1365 4704 spiritum.
1400 4655 1430 4683 «
1471 4634 1621 4689 Num
1653 4634 1754 4706 qui
1815 4634 2004 4691 edunt

2132 4650 2296 4713 ιυσίας
2330 4669 2343 4719 ;
2372 4676 2399 4703 ››
2430 4650 2583 4708 Κατᾶ
2620 4615 2885 4726 ἐρώτησιν
2923 4652 3219 4728 ἀνάγνωθι.
3251 4652 3476 4726 Ἐπειδὴ
3510 4653 3569 4711 δὶ
3600 4658 3767 4731 μέρος

346 4722 614 4779 victimas
633 4722 662 4777 ?
693 4745 722 4772 »
747 4726 853 4777 Per
873 4721 1399 4794 interrogationem
1431 4722 1608 4795 legito
1639 4721 1794 4800 οὐχὶ,
1823 4723 1883 4779 id
1915 4730 2003 4779 est

2132 4761 2161 4794 τι
2188 4745 2286 4795 τοῦ
2318 4740 2557 4812 θύματος
2588 4742 2708 4795 οἷον
2732 4741 2794 4796 τὸ
2824 4742 2984 4817 στέαρ
3013 4745 3336 4799 καταγαίετο
3374 4743 3424 4799 ἐν
3467 4748 3544 4816 τῷ
3574 4749 3764 4801 θυσια-

346 4811 811 4877 num.Quoniam
830 4815 1033 4867 autem
1051 4825 1189 4882 pars
1209 4811 1483 4881 quaedam
1504 4812 2001 4884 victimce,nempe

2132 4811 2486 4905 πηρίιμ,τοί›ς
2519 4828 2580 4885 ix
2622 4833 2720 4885 τοῦ
2767 4811 3228 4905 αὐτοῦ’θύματος
3284 4811 3585 4910 ἐσθίοντας,
3642 4856 3761 4892 κοι-

346 4898 1005 4970 adeps,cremabaturin
1024 4898 1198 4955 altari
1234 4916 1246 4953 :
1281 4916 1381 4956 eos
1403 4899 1505 4970 qui
1530 4917 1562 4955 e
1588 4900 1825 4956 victima
1863 4900 2001 4955 ede-

2132 4921 2307 4981 ηωνοὺς
2338 4917 2590 4975 ἐκάλεσεν
2623 4919 2686 4975 οὐ
2711 4926 2814 4976 τοῦ
2844 4926 3001 4990 Θεοῦ,
3032 4920 3181 4978 ἀλλὰ
3210 4927 3306 4979 τοῦ
3345 4927 3756 4997 θυσιαστηρίου.

344 4983 491 5041 bant
510 4986 830 5057 participes
861 4986 1182 5059 appellavit
1216 5004 1335 5043 non
1354 4988 1628 5054 victimas,
1649 4986 1754 5042 sed
1769 4987 1995 5044 altaris.

2179 5008 2237 5062 Τί
2267 5008 2358 5064 οῦν
2387 5006 2533 5082 φημί
2564 5027 2578 5077 ;
2612 5007 2696 5063 ὃτι
2728 5006 2964 5065 εἷ’δωλόν
2989 4981 3047 5065 τί
3079 5009 3243 5066 ἐστιν’
3287 5013 3323 5084 ἢ
3351 4981 3467 5068 ⁷ὅτι

415 5075 510 5130 5|
524 5076 573 5129 ϐ
592 5076 660 5144 Χ,
696 5075 1031 5143 19,20,0uid
1051 5092 1182 5145 ergo
1202 5076 1331 5132 dico
1354 5079 1382 5130 ?
1401 5077 1552 5146 quod
1563 5076 1776 5131 idolum
1804 5078 1875 5131 sit
1897 5077 2000 5133 ali-

2132 5096 2260 5154 νυτόν
2285 5094 2426 5153 ἐστιν
2462 5116 2476 5165 ;
2511 5094 2668 5154 Ἀλλ’
2699 5098 2783 5154 ’ὀτι
2815 5098 2850 5154 ἅ
2878 5098 2990 5154 θύει
3021 5100 3087 5155 τὰ
3113 5098 3265 5172 ἔθνη,
3327 5098 3610 5176 δαιμονοις
3641 5102 3757 5166 θύει

342 5163 482 5232 quid
489 5166 548 5259 t’a
557 5170 618 5218 ut
637 5165 787 5259 quod
799 5164 1159 5259 idolothytum
1169 5166 1243 5220 sit
1254 5164 1477 5259 aliquid
1486 5165 1764 5259 ?-Non,sed
1773 5167 1923 5259 quod
1932 5183 1997 5222 ea
2102 5188 2194 5244 καὶ
2225 5185 2288 5242 οὐ
2319 5190 2455 5259 θεῷ,

339 5268 471 5322 qua:
488 5253 777 5309 immolant
796 5260 1004 5324 gentes,
1026 5255 1310 5310 daemoniis
1336 5255 1622 5310 immolant
1646 5262 1697 5309 et
1719 5271 1831 5310 non
1862 5258 1990 5313 Deo.

407 5343 558 5398 Num
608 5343 742 5411 hoc,
792 5342 1007 5415 inquit,
1041 5343 1173 5400 dico
1205 5344 1373 5415 quasi
1417 5343 1578 5400 idola
1599 5349 1703 5400 aut
1730 5362 1861 5417 quae
1906 5348 1991 5403 eis

2170 5339 2259 5407 Μή
2317 5336 2420 5415 γὰρ
2507 5340 2692 5407 τοῦτο,
2748 5338 2904 5416 φησὶ,
2960 5339 3131 5419 λέγω,
3183 5342 3259 5406 ὡς
3334 5341 3577 5422 ἐχόντων
3631 5347 3753 5401 τινα

333 5408 746 5501 immolantur,
774 5408 1038 5503 aliquam
1082 5408 1343 5489 habeant
1380 5408 1768 5506 potentiam;
1794 5439 1853 5490 et
1908 5436 1991 5492 ita

2132 5425 2256 5502 τχὺν
2293 5429 2401 5480 τῶν
2434 5422 2683 5479 εἰδώλων
2708 5426 2744 5496 ἢ
2794 5432 2902 5482 τῶν
2948 5431 3229 5505 θυομένων
3282 5408 3484 5499 αὐτῶν,
3516 5436 3605 5491 καὶ
3664 5433 3754 5491 διὰ

333 5520 563 5593 possint
582 5527 687 5577 aut
714 5521 997 5593 prodesse
1028 5527 1130 5579 aut
1158 5523 1580 5591 nocere?Non,
1599 5523 1988 5594 inquit,uullo

2132 5519 2260 5570 οῦτο
2293 5510 2604 5585 δυναμένων
2636 5510 2673 5583 ἤ
2697 5514 2981 5595 ὠφελῆσαι
3010 5518 3045 5589 ἦ
3081 5518 3292 5596 βλάψαι
3318 5541 3333 5591 ;
3361 5522 3528 5600 Οὐχί,
3563 5523 3754 5606 φησὶν,

332 5609 513 5685 digna
534 5616 697 5680 sunt,
720 5611 873 5668 nihil
904 5616 1064 5668 sunt.
1098 5611 1244 5668 Nam
1275 5612 1419 5684 quia
1447 5610 1655 5668 sedulo
1686 5609 1760 5668 de
1810 5612 1987 5670 idolis

2132 5600 2313 5666 ὐδενὸς
2344 5601 2478 5659 εἰσιν
2521 5602 2661 5674 ἃξια,
2720 5602 2872 5661 οὐδέν
2928 5608 3084 5668 εἰσιν.
3142 5609 3367 5682 Ἐπειδὴ
3426 5612 3529 5690 γὰρ
3559 5600 3760 5671 ἐσπου-

332 5704 707 5767 tractaverat,
756 5702 980 5758 veritus
1037 5705 1130 5756 est
1187 5718 1262 5757 ne
1294 5702 1709 5760 existimarent
1737 5701 1843 5759 illa
1868 5703 1985 5760 vim

2132 5692 2500 5768 αιολογήσατο
2531 5692 2787 5767 περὶτῶν
2819 5693 3094 5770 εἰδώλων,
3161 5696 3410 5779 ἐῳοϐήθη
3448 5704 3524 5779 μή
3588 5703 3761 5781 νομί-
