4118 6370
391 427 512 486 785

1375 422 1778 485 COMMENT.
1829 418 1904 478 ΙΝ
1949 418 2197 479 EPIST.
2249 419 2270 478 ι
2314 421 2422 478 ΑΙ)
2468 419 2838 481 CORlN'l‘H.

3689 426 3808 486 786

392 582 555 616 σωσιν
585 556 733 636 ἔχειν
763 559 886 613 τινὰ
916 555 1076 633 ἰσχὺν
1101 555 1257 612 αὐτά.
1291 579 1319 608 ιι
1346 556 1469 612 ⁶Ὀτι
1499 551 1729 609 ε’ίδωλόν
1762 551 1811 606 τί
1845 550 2039 606 ἐστιν.»

2158 552 2421 622 aliquam
2451 553 2692 611 habere.
2729 577 2756 604 α
2791 555 2956 621 Quod
3013 555 3242 613 idolum
3276 559 3353 614 sit
3393 557 3644 630 aliquid.
3679 582 3708 612 »
3739 593 3808 602 —-

391 685 459 693 —
493 649 709 724 [ΦΩΤ.]
745 647 869 726 Οὐχ
889 647 974 702 ’ὁτι
997 645 1108 701 ἐστί
1129 666 1180 699 τι
1202 644 1270 700 τὰ
1290 641 1520 713 εἴδωλα,
1545 641 1636 697 διὰ
1653 647 1818 698 τοῦτο
1848 639 2052 696 κωλύω

394 745 503 796 τῶν
565 736 944 794 εἰδωλοθύτων
998 734 1271 810 γεύεσθαι.
1337 733 1666 809 Προείρηται
1697 732 1798 806 γὰρ
1831 731 2048 785 ὅτιτῶν

401 831 476 902 μή
541 823 710 882 ὄντων
764 824 877 881 ἐστὶ
933 823 1024 879 καὶ
1091 823 1445 897 ἀνυπάρκτων
1507 823 1624 876 κατ’
1684 819 1892 887 οὐσίαν,
1960 819 2050 873 καὶ

395 919 521 973 οὕτε
554 911 770 993 βλάϐην
811 911 935 969 οὔτε
965 911 1236 988 ὠφέλειαν
1277 906 1498 988 ἔχουσιν
1534 910 1692 985 ἲσχὺν
1721 907 2046 985 προξενῆσαί

392 1029 516 1064 τινι.
552 1004 733 1062 Ἀλλὰ
783 1001 876 1060 διὰ
918 1007 1081 1059 τοῦτο
1138 1001 1366 1070 κωλύω,
1398 999 1482 1056 ὅτι
1523 997 1613 1054 διὰ
1641 1003 1750 1054 τῶν
1797 995 2044 1054 εἰδώλων

387 1102 504 1157 τοῖς
565 1093 791 1166 δαίμοσι
849 1092 1177 1168 προσάγεται
1261 1094 1296 1160 ἡ
1375 1089 1552 1146 θυσία.
1614 1094 1743 1150 HG):
1801 1086 1893 1142 οὖν
1948 1085 2048 1141 ούκ

385 1185 607 1241 αὐτόθεν
687 1181 988 1258 βδελυκτὸν
1049 1181 1137 1236 καὶ
1207 1179 1435 1259 φευκτὸν
1489 1179 1552 1234 τὸ
1614 1171 2046 1250 μεταλαμϐάνειν

386 1272 719 1347 δαιμονικῆς
777 1271 984 1340 θυσίας,
1042 1269 1134 1326 καὶ
1192 1267 1263 1324 δι’
1319 1268 1490 1338 αὐτῆς
1565 1267 1752 1328 αὐτοῖς
1815 1265 2044 1328 ἐκείνοις

389 1363 644 1439 ἔρχεσθαι
677 1363 752 1424 είς
782 1360 1068 1416 κοινωνίαν
1095 1379 1110 1428 ;
1164 1358 1300 1416 Εἶνα
1329 1357 1420 1413 καὶ
1452 1355 1543 1412 διὰ
1568 1362 1668 1426 τῆς
1699 1355 2042 1430 παραθέσεως

381 1462 483 1524 τῆς
516 1458 791 1520 Κυριακῆς
819 1451 1094 1526 τραπέζης
1152 1449 1244 1504 καὶ
1302 1451 1400 1503 τοῦ
1443 1449 1717 1521 Κυριακοῦ
1746 1444 2040 1516 ποτηρίου,

387 1542 600 1618 μᾶλλον
659 1540 883 1618 ἐλέγχει
937 1539 1001 1595 τὸ
1058 1538 1259 1594 ἄτοπον
1317 1543 1426 1593 τῶν
1484 1536 1791 1611 γευομένων
1835 1535 1868 1589 ἄ
1900 1533 2040 1588 ἐστιν

387 1631 747 1696 εἰδωλόθυτα.
807 1630 909 1687 Καὶ
969 1628 1068 1705 ὅρα
1141 1628 1205 1683 τὸ
1293 1626 1478 1704 σοφόν·
1537 1627 1656 1681 κατ’
1712 1625 1889 1702 ἀρχὰς
1945 1624 2039 1696 μὶν

389 1724 569 1798 ἠρέμα
625 1742 744 1784 πως
797 1721 998 1790 ἥπτετο
1053 1723 1161 1774 τῶν
1233 1717 1505 1793 ἐλέγχων,
1555 1716 1764 1791 προϊὼν
1824 1712 1900 1783 δὲ,
1960 1713 2036 1776 ὡς

391 1813 632 1880 ἐνταῦθα,
709 1807 832 1864 λίαν
907 1814 1121 1885 πικρῶς
1191 1801 1518 1862 έπευϐαίνει.
1589 1829 1615 1856 ι(
1674 1807 1737 1863 Ἃ
1799 1802 1912 1859 θύει
1971 1803 2037 1858 τὰ

2162 643 2285 696 Non
2317 642 2475 713 quod
2506 643 2736 714 aliquid
2768 644 2890 699 sint
2921 645 3102 714 idola,
3133 653 3450 720 propterea
3479 648 3814 722 idolothyta

2159 737 2394 803 gustare
2434 733 2741 804 prohibeo.
2772 733 3006 790 Dictum
3034 740 3124 790 est
3153 737 3311 792 enim
3338 737 3497 808 quod
3528 755 3663 795 cum
3690 756 3810 795 non

2159 821 2301 887 sint,
2331 839 2442 878 nec
2468 823 2691 879 habent
2720 841 2850 880 esse
2882 824 3215 880 secundum
3247 826 3638 884 substantiam
3665 847 3678 884 :
3708 847 3811 885 ne-

2158 927 2273 982 que
2303 912 2420 966 vim
2453 912 2677 968 habent
2705 919 2773 968 ut
2802 913 2982 969 alicui
3018 913 3303 970 damnum
3337 921 3440 971 aut
3491 918 3811 974 utilitatem

2156 1002 2407 1056 afferant
2441 1017 2454 1055 :
2487 1002 2591 1057 sed
2627 1001 2850 1058 idcirco
2881 1003 3198 1074 prohibeo,
3231 1005 3372 1075 quia
3400 1021 3507 1076 per
3528 1006 3688 1063 idola
3715 1007 3812 1062 de-

2155 1089 2432 1145 monibus
2458 1091 2791 1147 offeruntur
2819 1092 3444 1159 sacriﬁcia.Quomodo
3478 1111 3612 1166 ergo
3639 1113 3710 1151 ex
3740 1114 3808 1152 eo

2153 1178 2622 1236 abominandum
2655 1198 2774 1236 non
2809 1183 2922 1236 erit
2949 1198 3018 1238 ac
3072 1182 3418 1255 fugiendum
3456 1184 3812 1256 participare

2153 1284 2362 1324 mensa
2393 1269 2850 1338 daemoniaca,et
2870 1287 2976 1342 per
3006 1287 3137 1326 eam
3169 1271 3245 1328 ad
3267 1272 3405 1328 illos
3426 1273 3588 1344 ipsos
3613 1275 3811 1330 venire

2152 1357 2214 1412 in
2245 1359 2731 1414 communionem
2755 1359 2782 1414 ?
2811 1358 3036 1415 Deinde
3065 1377 3173 1431 per
3212 1363 3722 1433 comparationem
3755 1371 3814 1419 et

2150 1447 2586 1518 appositionem
2611 1448 2933 1503 Dominicaa
2962 1465 3184 1504 mensas
3207 1456 3266 1504 et
3296 1451 3492 1522 poculi
3518 1452 3809 1507 Dominici

2149 1537 2338 1608 magis
2368 1537 2561 1608 arguit
2589 1537 2914 1592 absurdum
2949 1554 3155 1593 eorum
3186 1537 3408 1594 factum
3448 1540 3549 1611 qui
3610 1540 3807 1596 idolo-

2149 1624 2315 1695 tbyta
2361 1625 2694 1698 degustant.
2754 1627 2824 1680 Et
2865 1626 3180 1682 considera
3235 1627 3365 1698 ejus
3423 1629 3801 1700 sapientiam.

2145 1715 2313 1770 Circa
2326 1714 2408 1769 ini
2419 1715 2498 1770 tia
2511 1715 2752 1786 quidem
2766 1716 2992 1770 sensim
3007 1716 3446 1787 quodammodo
3471 1724 3804 1790 argumenta

2146 1804 2340 1876 attigit
2368 1821 2380 1858 :
2418 1805 2480 1858 in
2510 1821 2830 1876 progressu
2856 1821 3240 1877 vero,nempe
3271 1806 3382 1861 hoc
3412 1805 3566 1878 loco,
3585 1809 3803 1864 acriter

389 1903 539 1974 ἔθνη.
576 1927 603 1955 ››
633 1901 708 1960 Οὔ
769 1900 916 1978 λέγω
975 1901 1058 1956 ὅτι
1118 1894 1310 1978 ἔχουσι
1365 1897 1485 1954 τινὰ
1524 1897 1679 1973 ἰσχὺν
1709 1895 1778 1951 τὰ
1807 1892 2033 1965 εἴδωλα,

2154 1893 2460 1948 invehitur.
2496 1916 2516 1942 ιι
2549 1895 2630 1948 Εο.
2659 1910 2790 1964 quas
2824 1894 3141 1949 immolant
3178 1902 3404 1967 gentes.
3442 1919 3471 1946 »
3504 1899 3628 1953 Non
3669 1897 3800 1953 dico

381 1992 507 2049 ἀλλ’
539 1991 643 2062 ὅτι,
707 1991 865 2063 μησὶ,
919 1989 988 2045 τὰ
1045 1989 1257 2063 θύματα
1315 1987 1377 2042 οὐ
1432 1990 1570 2057 Θεῷ,
1629 1983 1776 2042 ἀλλὰ
1807 1983 2032 2058 δαίμοσι

377 2081 582 2139 θύεται.
641 2083 728 2150 Μὴ
783 2079 964 2134 τοίνυν
1019 2077 1185 2154 τρέχε
1242 2077 1328 2132 ἐπὶ
1387 2077 1453 2132 τὰ
1513 2075 1718 2150 μισητᾶ
1760 2078 1900 2146 Θεῷ.
1929 2073 2032 2130 Καὶ

372 2171 473 2247 γὰρ
499 2170 665 2226 εἶκαὶ
703 2167 994 2246 βασιλικῆς
1059 2173 1309 2242 μετεῖχες
1367 2165 1661 2241 τραπέζης,
1709 2165 1799 2220 καὶ
1828 2164 2030 2234 ταύτην
2079 2198 2082 2201 -

373 2261 527 2340 ἀφεὶς
587 2258 677 2316 ἐπὶ
735 2260 831 2320 τὰς
883 2263 992 2313 τῶν
1053 2253 1360 2312 καταδίκων
1420 2250 1663 2332 ἔτρεχες,
1696 2251 1754 2310 εὖ
1785 2251 2030 2321 ἒποίεις;

372 2338 480 2427 ούχ
523 2353 612 2408 δτι
643 2345 909 2406 ἔϐλαπτεν
942 2348 976 2418 ἢ
1010 2347 1212 2422 ὠφέλει
1245 2345 1447 2417 ἐκείνη,
1479 2343 1605 2400 ἀλλ’
1633 2345 1719 2399 ὃτι
1755 2338 2030 2418 ἐνύϐριζες

371 2445 469 2512 τήν
507 2438 799 2516 βασιλικὴν
831 2438 1121 2513 τράπεζαν.

447 2692 524 2749 Οὐ
559 2688 706 2745 θέλω
765 2687 822 2744 δὲ
879 2689 1017 2762 ὑμᾶς
1075 2685 1367 2748 κοινωνοὺς
1432 2689 1540 2742 τῶν
1607 2681 1884 2758 δαιμόνων
1948 2685 2031 2760 γί-

371 2791 573 2844 νεσθαι.
665 2778 744 2836 Ού
837 2773 1060 2833 δυνάσθε
1165 2776 1436 2850 ποτήριον
1535 2773 1740 2850 Κύρίου
1834 2772 2028 2840 πίνειν,

369 2869 458 2925 καὶ
528 2869 798 2944 ποτήριον
903 2864 1221 2939 δαιμονίων.
1291 2863 1370 2921 Ού
1438 2860 1662 2928 δύνασθε
1758 2861 2033 2938 τραπέζης

371 2960 578 3034 Κυρίου
648 2956 922 3036 μετέχειν,
1017 2956 1105 3010 καὶ
1198 2953 1471 3028 τραπέζης
1569 2951 1890 3026 δαιμονίων.
1959 2955 2028 3008 "ll

371 3043 801 3124 παραζηλοῦμεν
909 3045 1001 3099 τὸν
1107 3043 1373 3118 Κύριονς
1481 3042 1575 3110 Μὴ
1681 3039 2030 3116 ἰσχυρότεροι

376 3135 544 3192 αύτοῦ
569 3134 725 3208 ἐσμεν
749 3153 763 3202 ;

448 3224 511 3279 Ei
542 3223 643 3300 γὰρ
676 3224 726 3278 οἳ
755 3230 857 3292 τῆς
893 3228 1163 3295 μυστικῆς
1223 3219 1547 3299 μετέχοντες
1598 3218 1872 3294 τραπέζης
1899 3239 2024 3272 κοι-

2141 1982 2257 2037 vim
2290 1982 2552 2054 aliquam
2578 1983 2797 2038 habere
2818 1983 3108 2050 idola,sed
3143 1983 3302 2054 quod
3335 2001 3405 2040 ea
3434 2003 3564 2057 quae
3592 1988 3802 2042 immo-

2141 2071 2361 2140 lantur,
2395 2089 2515 2127 non
2544 2075 2688 2140 Deo,
2736 2071 2840 2128 sed
2890 2073 3208 2128 daemoniis
3258 2075 3664 2132 immolantur.
3717 2079 3796 2133 Ne

2140 2178 2276 2235 ergo
2309 2163 2380 2218 ad
2415 2180 2482 2218 ea
2513 2179 2718 2218 curras
2749 2180 2880 2233 quas
2913 2163 3032 2218 Deo
3064 2163 3470 2220 abominanda
3502 2171 3662 2221 sunt.
3693 2169 3795 2221 Et-

2141 2252 2297 2306 enim
2322 2252 2616 2323 numquid
2627 2251 3011 2307 benefaceres
3034 2253 3425 2324 si,postquam
3441 2255 3616 2326 regim
3630 2272 3794 2310 men-

2140 2354 2218 2391 διο
2250 2337 2546 2408 particeps
2579 2337 2826 2392 effectus
2847 2336 3161 2404 fuisses,ac
3185 2338 3394 2393 relicta
3423 2338 3498 2394 ad
3517 2339 3790 2395 inimico-

2136 2442 2270 2480 rum
2295 2442 2533 2482 mensas
2566 2425 2881 2482 curreres?
2905 2443 3027 2482 non
3059 2427 3218 2498 quod
3250 2428 3341 2482 haa
3376 2435 3664 2484 nocerent
3691 2436 3795 2484 aut

2130 2515 2431 2586 juvarent,
2490 2515 2593 2570 sed
2667 2514 2826 2585 quod
2901 2515 3124 2588 injuria
3178 2515 3448 2572 afﬁceres
3523 2533 3793 2573 mensam

2141 2605 2386 2676 regiam.

2209 2695 2275 2757 Χ,
2307 2697 2494 2759 21,22.
2533 2715 2558 2742 «
2593 2693 2784 2748 Nolim
2817 2699 3018 2748 autem
3045 2711 3145 2748 vos
3177 2698 3486 2750 consortes
3518 2695 3647 2749 fieri
3675 2695 3798 2749 ἀεθ-

2143 2807 2164 2832 ι
2201 2785 2600 2838 monum.Non
2632 2783 2886 2855 potestis
2925 2783 3206 2854 poculum
3238 2784 3472 2838 Domini
3504 2783 3796 2851 bibere,et

2138 2895 2168 2924 ‹‹
2198 2872 2480 2944 poculum
2513 2872 2968 2928 deemoniorum.
2997 2873 3124 2926 Non
3155 2872 3404 2942 potestis
3427 2889 3649 2928 mensas
3680 2874 3794 2927 Do-

2139 2984 2167 3012 ‹‹
2201 2962 2348 3016 mini
2379 2961 2698 3032 participes
2732 2977 2884 3026 esse,
2909 2965 2966 3015 et
2990 2976 3213 3015 mensae
3245 2960 3793 3016 daamoniorumAn

2137 3072 2167 3100 «
2202 3051 2518 3105 Dominum
2550 3049 2624 3104 ad
2681 3049 3122 3104 aemulationem
3185 3065 3594 3119 provocamus.
3641 3051 3792 3105 Num

2139 3162 2166 3190 ι(
2207 3140 2485 3195 fortiores
2517 3138 2620 3192 illo
2654 3154 2862 3193 sumus
2886 3137 2913 3193 ?
2947 3161 2968 3187 ι

2210 3228 2266 3282 Si
2316 3227 2476 3283 enim
2525 3227 2626 3298 qui
2680 3227 2945 3297 mysticaa
2996 3243 3220 3282 mensaa
3267 3227 3584 3299 participes
3632 3233 3792 3293 sunt,

366 3281 904 3388 vwvoidi|Xptm'$,'
949 3312 1001 3364 οἱ
1061 3281 1336 3382 δαιμόνων
1355 3281 1700 3383 ’μετέχοντες
1752 3281 2024 3380 τραπέζης

2154 3318 2365 3373 3hristo
2391 3317 3045 3384 communicant,etiam
3081 3317 3181 3387 qui
3207 3315 3546 3372 daemonum
3571 3333 3794 3372 mensas

368 3400 631 3474 δηλονότι
664 3398 886 3475 δαίμοσι
919 3403 1289 3456 κοινωνοῦσιν,
1325 3422 1350 3450 ιι
1386 3396 1463 3455 Οὐ
1505 3394 1732 3452 δύνασθε
1761 3397 2024 3470 ποτήριον

373 3491 575 3566 Κυρίου
632 3491 830 3547 πίνειν,
894 3513 922 3540 ››
984 3485 1208 3558 Ἐπειδή
1297 3486 1349 3542 ἐν
1432 3485 1580 3555 τάζει
1665 3485 2028 3560 παραινέσεως

375 3582 616 3655 εἰρήκαι,
675 3579 738 3634 ού
772 3578 917 3643 Θέλω
976 3577 1120 3652 ὑμᾶς
1175 3574 1469 3637 κοινωνοὺς
1500 3580 1606 3630 τῶν
1639 3573 1912 3649 δαιμόνων
1942 3575 2032 3652 γί-

387 3690 585 3737 νεσται,
639 3667 734 3723 ⁸ίνα
793 3669 872 3744 μή
930 3670 965 3737 ἡ
1025 3665 1334 3740 παραίνεσις
1389 3667 1798 3744 καταφρονηθῇ,
1829 3669 1919 3718 νῦν
1961 3666 2034 3726 ὡς

390 3758 585 3828 έντὰξει
616 3758 937 3837 ἀποφάσεως
969 3756 1099 3812 αὐτὸ
1139 3755 1370 3811 τέθεικεν
1426 3755 1611 3809 εἰπών·
1644 3778 1672 3805 ‹‹
1701 3752 1778 3810 Οὐ
1811 3751 2035 3808 δύνασθε

386 3851 646 3925 ποτήριον
680 3847 880 3925 Κυρίου
926 3847 1099 3902 πίνειν
1159 3846 1250 3902 καὶ
1309 3847 1572 3920 ποτήριον
1607 3841 1922 3918 δαιμονίων.
1958 3842 2036 3900 Ού

378 3937 610 4004 δύνασθε
662 3941 939 4014 τραπέζης
998 3937 1207 4014 Κυρίου
1296 3936 1543 4010 μετέχειν
1604 3935 1695 3990 καὶ
1763 3934 2036 4010 τραπέζης

381 4027 768 4102 δαιμονίων.»
826 4029 923 4085 Ἐκ
983 4027 1162 4101 μόνων
1217 4031 1322 4082 τῶν
1383 4026 1666 4098 ὀνομάτων
1722 4023 1918 4098 Κυρίου
1948 4025 2038 4077 καὶ

383 4118 687 4193 δαιμόνων,
744 4116 1102 4173 κατεσκεύασε
1159 4118 1260 4186 τήν
1315 4115 1575 4172 κώλυσιν.
1627 4139 1655 4166 ‹‹
1687 4117 1759 4171 ’Ἡ
1790 4119 2038 4188 παραζη-

389 4209 595 4282 λοῦμεν
649 4210 742 4264 τὸν
803 4209 1002 4283 Κύριον
1031 4225 1045 4275 ;
1079 4229 1107 4258 n
1168 4208 1558 4281 Ἐντρεπτικῶς
1611 4205 1744 4260 αὐτὸ
1788 4200 2040 4260 τέθεικεν.

381 4302 453 4356 Ἠ
485 4300 813 4374 πειράζομεν
867 4297 958 4352 καὶ
1013 4296 1415 4370 παρακνίζομεν
1474 4295 1565 4349 τὸν
1622 4293 1776 4362 Θεὸν,
1810 4291 2042 4349 εἱδύναο

384 4410 474 4446 ται
506 4387 738 4444 κολασαι
769 4389 960 4460 ἡμᾶςς
1022 4386 1153 4441 Εἶτα
1212 4385 1287 4448 εἰς
1347 4384 1439 4439 τὸν
1481 4384 1557 4448 εἰς
1585 4383 1786 4439 ἄτοπον
1819 4383 2044 4457 ἀπαγω-

386 4479 491 4556 γήν
547 4477 844 4552 ἐξέρχεται.
909 4477 1002 4545 Μη
1067 4473 1419 4550 ἰσχυρότεροι
1482 4471 1647 4527 αύτοῦ
1717 4471 1898 4543 ἐσμεν,
1953 4470 2044 4524 καὶ

385 4569 743 4643 πειράζομεν,
772 4565 862 4621 καὶ
884 4563 1286 4636 παρακνίζομεν
1311 4588 1326 4631 ς

1370 4739 1431 4795 ού
1498 4741 1669 4795 πάντα
1751 4740 2040 4818 συμφέρει.

1353 4828 1416 4886 ού
1491 4830 1660 4886 πάντα
1735 4826 2042 4902 οἰκοδομεῖ.

465 4748 646 4801 Πάντα
707 4766 801 4820 μοι
859 4741 1077 4814 ἔξεστιν,
1151 4739 1281 4797 ἀλλ’

393 4836 576 4890 Πάντα
652 4856 747 4908 μοι
821 4828 1039 4907 ἔξεστιν,
1138 4830 1264 4887 ἀλλ’

393 4920 598 4995 Μηδεὶς
651 4925 713 4980 τὸ
773 4924 969 4978 ἑαυτοῦ
1049 4921 1305 4991 ζητείτω,
1386 4917 1531 4976 ἂλλὰ
1588 4919 1650 4974 τὸ
1704 4922 1803 4973 τοῦ
1861 4918 2044 4990 ἑτέρου

390 5007 632 5076 ἕκαστος.
735 5014 847 5069 Πᾶν
949 5011 1012 5066 τὸ
1143 5007 1197 5064 ἐν
1320 5006 1584 5081 μακέλλῳ
1685 5004 2045 5080 πωλούμενον

393 5102 614 5172 ἐσθίετε,
705 5099 874 5177 μηδὲν
971 5101 1347 5174 ἀνακρινοντες
1431 5095 1522 5152 διὰ
1605 5097 1706 5166 τήν
1799 5092 2045 5166 συνείδη-

396 5213 498 5249 σιν.
577 5195 692 5250 Τοῦ
767 5192 872 5267 γὰρ
948 5186 1156 5263 Κυρίου
1215 5190 1250 5257 ἡ
1315 5193 1384 5262 γῆ
1461 5186 1552 5242 καὶ
1625 5186 1687 5240 τὸ
1763 5183 2049 5260 πλήρωμα

391 5282 526 5354 αὐτῆ
538 5304 562 5346 ς
571 5326 585 5341 .

463 5377 578 5430 Ἵνα
611 5374 687 5446 μή
719 5392 802 5434 τις
836 5367 960 5444 εἴπῃ
1029 5367 1197 5439 αὐτῷ,
1252 5366 1334 5422 ὅτι
1397 5368 1530 5441 μετὰ
1585 5369 1822 5442 καθαρᾶς
1858 5365 2048 5421 ἐσθείω

391 5461 773 5533 συνειδήσεως,
830 5459 1070 5531 ἐξουσίαν
1153 5454 1271 5536 ἔχω
1337 5461 1497 5514 τοῦτο
1579 5463 1776 5529 ποιεῖν,
1836 5457 2048 5532 ἐπάγει.

393 5555 523 5622 Ναὶ,
555 5553 711 5632 φησὶ,
767 5553 942 5607 πάντα
1003 5548 1099 5622 μὲν
1159 5567 1242 5601 σοι
1293 5542 1518 5619 ἔξεστιν,
1577 5545 1764 5618 ἐπειδὴ
1797 5546 2050 5616 αὐτεξού-

400 5664 514 5704 σιος
554 5643 699 5718 παρὰ
757 5645 890 5697 Θεοῦ
947 5637 1194 5715 γέγονας,
1255 5634 1382 5691 ἀλλ’
1439 5635 1501 5692 οὐ
1557 5636 1773 5699 πάντως
1829 5635 1911 5692 ὅτι
1958 5637 2050 5692 καὶ

403 5730 664 5811 συμφέρει
723 5753 808 5788 σοι
864 5730 926 5785 τὸ
984 5726 1198 5791 ἐσθίειν.
1253 5722 1396 5797 Ὀδῷ
1430 5725 1534 5801 γὰρ
1563 5721 1900 5801 προϐαίνων,
1934 5722 2050 5780 διά-

2138 3407 2458 3478 participes
2509 3412 2650 3460 sunt
2690 3405 3064 3461 dcemonibus
3115 3412 3274 3462 certe
3324 3407 3791 3462 communicant.

2140 3519 2167 3546 «
2204 3497 2330 3552 Non
2351 3495 2598 3568 potestis
2634 3495 2915 3567 poculum
2939 3495 3176 3550 Domini
3202 3496 3424 3552 bibere.
3457 3517 3483 3545 ››
3503 3497 3795 3561 Quoniam

2143 3601 2248 3657 per
2278 3584 2521 3641 modum
2543 3584 2978 3640 adhortationis
3005 3585 3289 3640 dixerat.«
3323 3585 3516 3641 Nolim
3537 3603 3638 3640 vos
3659 3602 3797 3641 con-

2143 3681 2333 3730 sortes
2366 3673 2493 3728 fieri
2527 3673 2891 3740 daemonum,
2927 3695 2956 3724 »
2993 3675 3142 3730 δη
3181 3691 3254 3728 ne
3288 3674 3654 3745 despiciatur
3699 3675 3805 3730 ad-

2145 3763 2593 3830 hortatio,nunc
2623 3762 2780 3817 idem
2815 3779 2922 3833 per
2951 3762 3197 3817 modum
3237 3763 3551 3818 sententia;
3583 3763 3816 3835 posuit,

2148 3853 2352 3910 dicens
2389 3870 2401 3907 :
2435 3875 2462 3903 «
2498 3855 2623 3908 Non
2656 3853 2905 3924 potestis
2935 3853 3218 3924 poculum
3252 3853 3490 3908 Domini
3522 3853 3730 3908 bibere
3755 3860 3814 3909 et

2146 3942 2429 4016 poculum
2455 3941 3042 3998 daemoniorumﬁon
3066 3943 3315 4012 potestis
3330 3959 3552 3997 mensas
3571 3943 3808 3998 Domini

2148 4031 2470 4104 participes
2483 4047 2613 4086 esse
2630 4036 2688 4085 et
2703 4046 2926 4085 mensae
2941 4030 3399 4086 daemoniorum.
3412 4053 3431 4081 ι
3451 4033 3533 4085 Ex
3546 4031 3688 4086 solis
3703 4047 3812 4086 no-

2153 4121 2412 4176 minibus
2431 4120 2658 4176 Domini
2672 4119 3074 4175 etdmmonum
3088 4121 3442 4176 confirmavit
3457 4120 3811 4193 prohibitio-

2151 4231 2349 4270 nem.«
2365 4218 2455 4268 An
2472 4213 2786 4267 Dominum
2803 4210 2878 4266 ad
2894 4212 3336 4267 mmulationem
3350 4227 3738 4284 provocamus
3750 4210 3812 4264 ‘3»

2153 4302 2451 4359 Terrentis
2481 4318 2647 4357 more
2681 4301 2792 4356 hoc
2824 4301 3140 4372 posuitAn
3165 4306 3464 4355 tentamus
3485 4305 3587 4355 aut
3612 4299 3808 4354 irrita-

2155 4409 2288 4447 mus
2316 4393 2731 4456 Deum,utrum
2756 4391 2946 4461 possit
2968 4407 3078 4446 nos
3099 4389 3354 4461 punire?
3375 4388 3598 4445 Deinde
3623 4394 3814 4443 trans-

2158 4480 2353 4535 eundo
2387 4481 2651 4536 ostendit
2673 4479 2828 4551 quod
2864 4480 2975 4535 hoc
3008 4479 3082 4534 ad
3113 4479 3173 4534 id
3201 4478 3357 4550 quod
3379 4478 3702 4534 absurdum
3728 4483 3817 4532 est

2156 4569 2402 4624 inducat
2430 4586 2442 4622 :
2477 4571 2628 4624 Num
2657 4569 2935 4624 fortiores
2958 4568 3061 4624 illo
3088 4585 3314 4635 sumus,
3337 4575 3403 4624 ut
3430 4573 3726 4623 tentemus
3758 4572 3817 4621 et

2075 4641 2119 4706 i)
2151 4658 2458 4713 irritemus
2476 4658 2504 4712 ιι

2223 4749 2300 4811 Χ,
2320 4749 2509 4800 22-26.
2536 4769 2563 4796 «
2590 4747 2804 4802 Omnia
2834 4746 2980 4800 mihi
3002 4745 3275 4811 licent,at
3295 4761 3415 4800 non
3443 4745 3644 4799 omnia
3664 4760 3810 4798 con-

2153 4859 2180 4888 «
2217 4835 2684 4892 ducunt.0mnia
2712 4827 2859 4890 mihi
2892 4834 3208 4900 licent,sed
3239 4851 3360 4889 non
3391 4833 3593 4890 omnia
3625 4831 3813 4887 aediﬁ-

2155 4951 2180 4974 «ι
2217 4931 2373 4981 cant.
2410 4927 2590 4982 Nemo
2623 4925 2782 4996 quod
2818 4941 2991 4979 suum
3025 4930 3113 4979 est
3145 4927 3390 4995 quaerat,
3426 4921 3526 4978 sed
3560 4923 3813 4994 quisque

2155 5037 2186 5066 ‹‹
2215 5015 2373 5087 quod
2401 5020 2491 5070 est
2521 5015 2983 5070 alterius.0mne
3003 5013 3164 5085 quod
3185 5013 3246 5068 in
3269 5012 3521 5068 macello
3543 5012 3818 5068 venditur

2162 5124 2184 5153 ε
2219 5103 2556 5171 edite,nihil
2613 5103 3004 5159 discutientes
3054 5108 3298 5174 propter
3362 5101 3814 5157 conscientiam.

2156 5215 2184 5244 «
2220 5192 2452 5248 Domini
2486 5191 2781 5263 siquidem
2814 5196 2904 5246 est
2941 5197 3100 5246 terra
3130 5195 3189 5245 et
3233 5189 3543 5262 plenitudo
3592 5189 3740 5260 ejus.
3781 5212 3813 5240 ››

2230 5374 2308 5428 Ne
2331 5373 2465 5444 quis
2488 5373 2600 5444 ipsi
2624 5372 2817 5427 dicat:
2847 5371 2995 5437 Quia
3015 5387 3150 5426 cum
3182 5387 3330 5442 pura
3358 5369 3466 5425 edo
3501 5369 3817 5424 conscien-

2159 5462 2260 5528 tia,
2292 5460 2525 5517 licitum
2588 5467 2677 5516 est
2719 5460 2866 5516 mihi
2898 5465 2964 5514 ut
3018 5460 3132 5514 hoc
3162 5459 3401 5520 faciam.
3462 5458 3770 5530 subjungit
3803 5473 3816 5510 :

2161 5551 2372 5620 Utique
2431 5552 2633 5606 omnia
2663 5550 2898 5622 quidem
2935 5549 3039 5604 tibi
3081 5549 3288 5615 licent,
3321 5548 3604 5620 quoniam
3635 5563 3670 5601 a
3698 5546 3816 5599 Deo

2159 5645 2394 5695 creatus
2412 5657 2474 5695 es
2501 5640 2754 5697 liberum
2776 5639 3004 5696 habens
3022 5639 3426 5703 arbitrium,at
3444 5651 3564 5690 non
3592 5641 3815 5688 temere

2159 5727 2505 5784 faciendum
2537 5735 2648 5798 est,
2681 5729 2849 5800 quasi
2881 5728 2986 5782 tibi
3021 5726 3380 5783 conduceret
3411 5722 3607 5776 edere.
3661 5726 3810 5777 Nam
