4118 6392
317 427 435 494 78³7

1445 425 1855 493 (ΕΟΗΜΕΝΙΙ
1901 425 2210 490 ΤΙὶΙΟΟιΕ
2251 426 2598 496 EPISCOPI

3622 433 3740 494 ’188

323 568 434 623 hac
462 567 555 620 via
614 559 1020 636 progrediens,
1056 564 1333 618 allectum
1389 563 1606 618 habere
1660 574 1866 634 posses
1898 553 1973 617 ad

2093 570 2234 624 θεσιν
2268 564 2474 636 σχοίης
2503 561 2638 638 πρὸς
2670 563 2736 618 τὰ
2764 559 2970 618 εἴδωλα
3025 566 3104 636 τῷ
3160 566 3442 617 κοινωνεῖν
3468 564 3578 617 τῶν
3605 580 3737 636 τρα-

325 655 505 711 idola.
540 651 1038 710 communicando
1071 653 1296 708 mensis
1327 653 1617 726 ipsorum.
1651 675 1677 701 ‹‹
1710 651 1823 707 Sed
1853 665 1976 706 non

323 744 525 800 omnia
558 741 883 798 aedificant.
921 763 947 791 »ι
982 743 1101 797 Hoc
1129 748 1371 812 prOpter
1399 742 1534 796 illos
1563 741 1778 796 fratres
1833 739 1980 795 dicit

321 833 538 905 quibus
591 838 1024 886 nocumentum
1077 832 1341 887 affertur.
1393 833 1537 885 Nam
1587 829 1697 884 etsi
1747 830 1976 885 licitum

320 921 401 976 ibi
432 925 542 989 est,
576 919 792 992 inquit,
836 925 897 976 at
923 935 1044 975 non
1076 919 1338 975 aedificas
1368 920 1612 974 fratrem
1657 925 1825 974 tuum
1866 919 1976 973 hoc

318 1011 722 1081 faciens,quin
753 1010 951 1081 potius
989 1007 1212 1081 perdis.
1236 1030 1263 1058 ‹‹
1290 1010 1468 1064 Nemo
1501 1009 1659 1080 quod
1693 1024 1864 1064 suum
1890 1012 1982 1062 est

323 1107 570 1173 quaerat.
609 1122 636 1149 ››
666 1101 869 1171 Neque
903 1099 1065 1155 enim
1113 1099 1224 1154 hoc
1257 1098 1450 1153 solum
1502 1097 1715 1170 quaarit
1751 1099 1974 1169 [Deus].

321 1199 524 1246 utrum
559 1195 623 1245 tu
654 1204 802 1261 pura
833 1189 974 1244 edas
1005 1188 1392 1253 conscientia,
1437 1187 1540 1243 sed
1595 1189 1772 1243 etiam
1804 1193 1870 1242 ut
1915 1187 1977 1241 in

327 1280 646 1336 utilitatem
680 1278 756 1335 sit
780 1279 981 1334 fratris
1008 1279 1092 1333 tui
1121 1277 1278 1350 quod
1311 1278 1522 1350 agitur.
1549 1300 1575 1327 «
1612 1279 1798 1333 Omne
1819 1276 1977 1348 quod

326 1372 387 1425 in
413 1369 721 1425 macello.»
752 1368 900 1434 Quia
932 1369 1174 1440 longum
1206 1367 1279 1422 de
1305 1368 1655 1439 idolothytis
1680 1367 1981 1438 protendit

326 1457 842 1514 sermonem.adeo
878 1462 941 1512 ut
962 1456 1244 1529 deinceps
1268 1457 1446 1512 etiam
1477 1457 1582 1511 illa
1603 1472 1734 1527 quas
1761 1456 1821 1511 in
1851 1457 1978 1512 foro

321 1549 556 1606 venalia
587 1553 780 1613 erant,
813 1552 880 1602 ut
907 1547 1229 1602 verisimile
1261 1553 1370 1612 est,
1426 1547 1692 1601 futurum
1734 1552 1862 1602 erat
1915 1551 1982 1601 ut

322 1638 513 1695 territi
529 1639 1172 1708 devitarent,tanquam
1195 1636 1633 1692 idolisi‘ortasse
1648 1635 1976 1704 immolata,

324 1726 567 1784 abducit
586 1742 688 1782 eos
709 1723 782 1782 ab
813 1725 1155 1797 hujusmodi
1188 1726 1500 1781 timore.-—
1531 1727 1658 1780 Alio
1688 1726 1872 1780 modo.
1915 1723 1979 1778 Id

328 1817 502 1875 solvit
516 1817 675 1888 quod
688 1814 978 1871 obsistere
991 1815 1394 1880 videtur.Quia
1407 1815 1569 1871 enim
1591 1815 1662 1870 de
1687 1815 1982 1886 idolothy-

2081 655 2260 720 πεζῶν
2289 652 2491 711 αὐτῶν.
2550 677 2578 706 ‹‹
2622 650 2785 710 Ἀλλ’
2833 651 2897 706 οὐ
2949 672 3123 707 παντα
3162 650 3467 723 οἰκοδομεῖ.
3505 674 3534 704 ››
3563 654 3738 707 T0510

2081 739 2155 802 ὡς
2215 739 2350 817 πρὸς
2407 741 2536 804 τοὺς
2600 741 3021 817 βλαπτομένους
3080 739 3368 818 ἀδελφούς.
3401 741 3465 798 Εἰ
3514 742 3740 815 γὰρκαὶ

2082 823 2250 900 ἔξεστί
2283 851 2391 898 σοι,
2447 833 2635 906 φησίν,
2694 830 2822 888 ἀλλ’
2878 831 2978 887 οὐκ
3033 827 3346 901 οἰκοδομαῖς
3376 831 3468 885 τὸν
3498 828 3735 911 ἀδελφόν

2083 938 2179 973 σου
2208 923 2370 976 τοῦτο
2420 926 2618 991 ποιῶν,
2677 919 2824 976 ἀλλά
2879 921 2970 975 καὶ
3025 920 3338 980 καταλύεις.
3375 944 3404 970 »
3435 915 3641 987 Μηδεές
3671 920 3736 975 τὸ

2082 1007 2277 1062 ἑαυτοῦ
2309 1008 2558 1079 ζητείτω.
2596 1035 2624 1062 ››
2686 1012 2778 1080 Μή
2833 1009 2937 1086 γὰρ
2993 1015 3180 1076 τοῦτο,
3239 1009 3396 1086 φησί,
3429 1008 3592 1081 μόνον
3629 1015 3736 1080 ζη-

2080 1103 2184 1166 τεῖ,
2244 1099 2286 1153 εί
2345 1101 2554 1175 καθαρᾷ
2611 1100 2673 1155 σὺ
2731 1100 2927 1164 ἐσθίεις
2984 1096 3305 1170 συνειδήσει,
3364 1096 3492 1154 ἀλλ’
3552 1099 3597 1153 εἰ
3645 1100 3738 1155 τὸν

2083 1184 2316 1266 ἀδελφόν
2369 1210 2464 1245 σου
2513 1190 2722 1267 ὠφελεῖ
2765 1190 2827 1244 τὸ
2883 1188 3197 1264 γινόμενον.
3249 1212 3277 1240 ‹‹
3314 1191 3422 1242 Πᾶν
3453 1187 3514 1242 τὸ
3548 1186 3600 1242 ἐν
3637 1210 3740 1261 μα-

2081 1275 2288 1350 κέλλῳ.
2323 1299 2352 1330 ιι
2412 1276 2637 1349 Ἐπειδὴ
2699 1274 2873 1334 πολὺν
2929 1276 3196 1332 κατέτεινε
3254 1275 3422 1352 λόγον
3476 1278 3743 1351 περὶτῶν

2084 1364 2493 1433 εἰδωλοθύτων,
2551 1368 2626 1430 ὡς
2683 1363 2882 1423 λοιπὸν
2940 1367 3159 1437 αὑτοὺς,
3219 1367 3294 1429 ὡς
3345 1367 3511 1437 εἰκὸς,
3557 1365 3745 1422 καὶτὰ

2084 1455 2168 1511 ἐπ’
2221 1455 2423 1532 ἀγορᾶς
2475 1456 2608 1513 ὢνια
2664 1459 3044 1533 παραιτεῖσθαι
3101 1451 3477 1535 φοϐουμένους
3509 1457 3583 1519 ὡς
3621 1453 3747 1511 ὅντα

2086 1543 2441 1616 εἰδωλόθυτα,
2502 1546 2697 1623 ἀπὶγει
2757 1545 2952 1609 αὐτοὺς
3007 1547 3106 1602 τοῦ
3156 1546 3412 1603 τοιούτου
3443 1541 3643 1624 φόϐου.
3675 1577 3747 1590 --

2081 1631 2328 1698 Ἄλλως.
2425 1638 2639 1709 [ΦΩἸᾙ
2729 1635 2804 1694 Τὸ
2897 1636 3234 1692 ἀντιπίπτειν
3330 1633 3525 1692 δοκοῦν
3593 1634 3741 1694 λύει.

2086 1722 2308 1794 Ἐπειδή
2372 1727 2476 1802 γὰρ
2541 1728 2676 1798 μετά
2743 1725 3113 1803 σφοδρότητος
3179 1730 3287 1781 τῶν
3357 1724 3741 1782 εἰδωλοθύτων

2081 1811 2410 1889 κατέδραμε,
2468 1816 2558 1870 καὶ
2615 1815 2746 1878 τοὺς
2803 1813 3080 1880 ἐσθίοντας
3134 1813 3602 1889 ἐπετίμησεν,⁹ίνα
3660 1816 3737 1890 μή

329 1907 406 1962 tis
439 1919 574 1962 cum
626 1905 1003 1960 vehementia
1031 1904 1173 1959 fecit
1202 1905 1590 1970 mentionem,
1621 1910 1679 1959 et
1736 1902 1981 1960 edentes

2093 1922 2168 1966 τις
2226 1899 2378 1979 εἴπῃ·
2435 1904 2504 1961 Τί
2561 1902 2696 1973 οὗνς
2753 1905 3090 1981 ἀποσχέσθαι
3157 1904 3258 1980 ἄρα
3306 1903 3389 1961 δεῖ
3445 1907 3592 1978 ἡμᾶς
3649 1910 3746 1962 καὶ

331 1995 654 2063 redarguit,
679 2011 755 2050 ne
785 1994 919 2064 quis
952 1993 1148 2049 dicat:
1182 1993 1332 2059 Quid
1364 2010 1499 2066 ergo
1522 1995 1549 2049 ‘2
1579 2011 1653 2050 an
1685 1994 1984 2050 abstinere

337 2099 574 2157 quoque
606 2099 715 2139 nos
736 2087 970 2155 oportet
993 2098 1026 2138 a
1055 2079 1335 2139 carnibus
1358 2099 1488 2155 quae
1510 2085 1570 2139 in
1601 2085 1729 2139 foro
1750 2083 1987 2139 venales

335 2180 713 2248 exponuntur
735 2173 764 2228 ?
795 2179 898 2228 aut
928 2186 1173 2228 necesse
1205 2172 1380 2228 nobis
1435 2173 1547 2228 erit
1577 2174 1829 2229 circuire
1861 2173 1987 2229 fora

330 2271 389 2320 et
419 2264 786 2336 interrogare
807 2278 874 2318 ac
901 2261 1199 2318 discutere
1231 2276 1307 2316 ne
1326 2260 1564 2332 quando
1586 2263 1985 2335 idolothytum

327 2349 528 2407 sit?an
542 2350 603 2405 in
622 2349 968 2422 hujusmodi
982 2348 1162 2404 vitam
1177 2353 1444 2404 nostram
1466 2349 1892 2405 concludemus
1918 2363 1984 2404 ac

324 2439 730 2514 prOpellemus
746 2439 865 2494 ‘?Ne
879 2439 981 2510 qui
997 2453 1134 2512 ergo
1148 2438 1292 2494 talia
1307 2439 1536 2509 possint
1551 2439 1985 2511 objicere,prte-

327 2530 572 2586 veniens
603 2527 875 2585 dissolvit
907 2543 996 2592 ea,
1026 2530 1085 2584 et
1113 2528 1216 2598 ait,
1249 2527 1403 2585 518
1436 2543 1547 2583 nec
1577 2542 1708 2584 esse
1741 2543 1982 2584 necesse

325 2638 457 2693 quae
489 2621 550 2675 in
583 2620 708 2674 foro
742 2623 882 2674 sunt
910 2618 1180 2689 rejicere,
1205 2634 1317 2672 nec
1347 2617 1644 2672 discutere
1667 2623 1769 2672 aut
1799 2618 1982 2672 inter-

324 2726 533 2784 rogare
565 2714 762 2764 utrum
798 2706 1197 2779 idolothytum
1229 2706 1307 2762 sit
1336 2721 1410 2761 an
1443 2722 1587 2774 non,
1615 2706 1718 2762 sed
1749 2707 1822 2762 ab
1862 2705 1984 2762 illis

328 2799 522 2856 solum
552 2801 788 2870 oportet
818 2796 1142 2860 abstinere,
1205 2795 1278 2850 de
1309 2795 1526 2866 quibus
1570 2795 1787 2866 aliquis
1818 2796 1985 2868 prius

330 2891 620 2966 suggessit
651 2903 779 2944 esse
813 2886 1162 2958 idolothyta.
1199 2887 1410 2952 Omne,
1459 2887 1676 2958 inquit,
1707 2886 1866 2958 quod
1923 2887 1982 2942 in

329 2977 581 3037 macello
606 2977 904 3045 venditur,
932 2975 1110 3042 edite,
1142 2975 1296 3031 nihil
1325 2976 1672 3032 vacillantes
1720 2991 1792 3032 ex
1851 2992 1986 3032 con-

331 3073 603 3140 scientia,
637 3085 832 3142 neque
864 3068 1210 3125 vacillantes
1242 3073 1341 3124 aut
1372 3066 1809 3143 interrogantes
1851 3084 1984 3141 pro-

331 3169 465 3237 pter
493 3163 708 3234 ipsam,
740 3165 808 3215 ut
835 3160 1011 3225 hanc,
1046 3175 1181 3215 cum
1213 3154 1394 3214 dubia
1426 3157 1523 3225 sit,
1559 3156 1779 3214 curetis
1813 3175 1826 3213 :
1880 3174 1985 3214 ne-

331 3269 446 3327 que
477 3251 636 3307 enim
660 3264 960 3306 morosam
982 3245 1216 3304 volebat
1237 3247 1322 3303 eis
1343 3245 1592 3303 reddere
1615 3246 1729 3304 cibi
1754 3248 1987 3320 partici-

327 3340 634 3416 pationem
653 3357 667 3394 :
682 3355 757 3394 ne
783 3355 852 3394 ex
865 3337 976 3394 hoc
992 3335 1184 3393 eil'ecti
1208 3336 1982 3410 negligentiores,tanquam

329 3428 698 3503 impossibile
727 3428 805 3484 sit
826 3432 1187 3500 praeceptum
1220 3425 1292 3482 ad
1317 3433 1582 3482 exactam
1615 3426 1985 3500 diligentiam

329 3519 641 3575 observare
690 3515 932 3590 penitus
991 3529 1053 3570 se
1113 3513 1380 3571 eximant
1418 3514 1490 3570 ab
1551 3514 1982 3572 observatione.

330 3635 357 3660 «
391 3607 548 3664 Nihil
601 3605 1008 3662 discutientes.
1046 3624 1073 3652 η
1133 3605 1259 3659 Non
1292 3603 1692 3677 dijudicantes
1725 3619 1825 3660 eos
1883 3605 1985 3677 qui

328 3697 612 3765 vendunt,
645 3711 789 3750 num
821 3693 1094 3750 fortassis
1125 3691 1522 3767 idolothytum
1557 3694 1653 3764 sit,
1699 3699 1984 3767 tanquam

330 3785 699 3844 conscientia
722 3784 1102 3850 stimulati,et
1122 3784 1443 3856 puriﬁcare
1463 3783 1654 3857 ipsam
1679 3782 1943 3840 volentes
1967 3801 1981 3841 :

331 3877 432 3935 sed
465 3876 690 3948 absque
723 3873 1117 3944 discussione,
1151 3874 1367 3946 inquit,
1405 3889 1536 3948 quae
1567 3874 1627 3930 in
1661 3876 1788 3932 foro
1845 3881 1986 3931 sunt

330 3965 507 4024 edite.
546 3987 567 4016 ι
603 3963 761 4020 Nihil
783 3963 1170 4020 discutientes
1201 3969 1446 4036 propter
1475 3962 1924 4020 conscientiam.
1954 3985 1983 4014 η

327 4055 450 4114 Hoc
482 4061 590 4121 est,
613 4054 769 4109 nihil
801 4053 988 4126 ipsius
1021 4069 1199 4109 causa
1238 4052 1675 4126 interrogantes
1697 4059 1797 4109 aut
1817 4069 1984 4109 scru-

328 4151 544 4203 tantes.
577 4145 821 4216 Oportet
850 4143 1010 4198 enim
1045 4158 1147 4198 eos
1180 4142 1281 4213 qui
1309 4140 1494 4198 edunt
1538 4141 1758 4199 habere
1816 4141 1980 4199 illam

326 4249 539 4308 puram
573 4239 631 4288 et
661 4248 782 4288 non
813 4231 1211 4300 vacillantem,
1245 4247 1355 4287 nec
1407 4245 1556 4304 opus
1595 4228 1816 4287 habere
1866 4232 1982 4289 alia

326 4323 547 4381 mentis
579 4319 936 4378 certitudine
969 4336 1101 4391 quae
1133 4334 1166 4374 a
1217 4319 1590 4375 discussione
1648 4321 1976 4393 proveniat.

327 4437 355 4464 ‹‹
386 4409 614 4467 Domini
649 4407 944 4481 siquidem
976 4415 1068 4463 est
1097 4413 1272 4463 terra.
1310 4427 1335 4460 ι
1389 4409 1530 4464 Nam
1566 4407 1615 4465 si
1646 4414 1805 4466 terra
1862 4411 1978 4466 Do-

326 4499 476 4558 mini
502 4507 612 4569 est,
645 4499 892 4572 planum
916 4502 1008 4553 est
1029 4494 1188 4569 quod
1221 4502 1279 4552 et
1307 4513 1377 4553 ea
1408 4513 1540 4569 quae
1570 4499 1631 4554 in
1659 4497 1788 4572 ipsa
1817 4506 1975 4570 sunt,

325 4595 470 4666 puta
512 4605 720 4646 carnes
769 4603 835 4644 ac
865 4585 1179 4644 fructus.Si
1213 4603 1349 4660 ergo
1383 4586 1617 4643 Domini
1649 4595 1807 4661 sunt,
1833 4591 1975 4664 quid
2022 4669 2026 4672 ι

2014 4673 2061 4742 D

327 4681 407 4753 dij
419 4679 640 4734 udicas.

397 4775 463 4846 Χ,
487 4778 576 4849 27,
601 4779 690 4832 28.
716 4800 742 4826 «
769 4774 934 4841 Quod
963 4773 1008 4829 si
1031 4771 1164 4845 quis
1186 4773 1522 4830 infidelium
1540 4792 1641 4832 vos
1665 4775 1892 4846 invitat,
1927 4784 1984 4833 et

334 4894 354 4917 «ι
381 4867 558 4922 vultis
581 4865 697 4921 ire:
721 4877 898 4920 omne
921 4861 1082 4935 quod
1105 4864 1425 4935 apponitur
1445 4861 1608 4920 vobis
1627 4865 1806 4934 edite,
1831 4865 1985 4921 nihil

335 4980 359 5006 ι(
384 4953 769 5012 discutientes
797 4959 1040 5025 propter
1060 4952 1508 5009 conscientiam.
1536 4951 1591 5008 Si
1621 4954 1752 5024 quis
1784 4961 1978 5010 autem

331 5069 358 5095 ‹‹
383 5044 546 5099 vobis
570 5043 822 5099 dixerit:
846 5043 964 5097 Hoc
992 5040 1390 5116 idolothytum
1416 5048 1607 5111 est,ne
1630 5043 1980 5118 edatis,pro-

330 5158 356 5184 ‹‹
384 5137 474 5187 ter
497 5130 667 5188 illum
699 5132 798 5204 qui
834 5133 1124 5206 suggessit
1147 5137 1204 5186 et
1233 5138 1478 5206 propter
1508 5132 1937 5188 conscientiam
1965 5152 1976 5200 ;

331 5246 359 5272 ‹‹
384 5221 619 5278 Domini
653 5219 948 5291 siquidem
976 5226 1065 5276 est
1111 5224 1273 5277 terra
1305 5229 1363 5277 et
1393 5221 1703 5295 plenitudo
1765 5225 1913 5296 ejus.
1953 5245 1976 5275 υ

404 5401 560 5455 Bene
594 5399 738 5453 dicit
770 5415 783 5453 :
819 5420 845 5447 ‹‹
875 5397 944 5453 Et
969 5397 1143 5454 vultis
1176 5396 1281 5453 ire.
1320 5420 1347 5448 »
1379 5399 1580 5470 Neque
1611 5399 1768 5455 enim
1830 5418 1981 5474 prae-

333 5491 528 5565 cipere
550 5489 734 5544 voluit
754 5503 947 5558 neque
971 5487 1343 5562 prohibere.«
1368 5487 1979 5548 Nihildiscutientes.»

334 5577 576 5648 Quare?
605 5578 683 5634 Ne
717 5577 892 5633 anxia
925 5576 1287 5632 scrutatione
1319 5577 1742 5634 existimemini
1775 5580 1982 5635 formi-

335 5669 476 5727 dare
508 5667 686 5724 idola.
719 5693 738 5716 ι
779 5668 1024 5738 Propter
1045 5668 1494 5722 conscientiam.
1515 5686 1545 5721 ι»
1565 5668 1868 5741 Tanquam
1891 5685 1985 5727 vo-

337 5756 530 5815 lentes
562 5774 771 5830 puram
803 5771 1034 5811 servare
1068 5762 1321 5811 vestram
1354 5757 1799 5815 conscientiam.
1837 5782 1862 5812 (ι
1930 5759 1985 5816 Si

2091 1997 2201 2048 τῶν
2264 1992 2316 2047 ἐν
2384 1990 2559 2068 ἆγορᾷ
2626 1999 2798 2068 κρεῶν
2871 1994 3280 2068 προκειμένων;
3357 1995 3424 2048 Ἥ
3503 1993 3741 2070 ἀνάγκην

2096 2081 2368 2157 σχοίημεν
2432 2081 2491 2136 ἃν
2552 2081 2813 2158 περιιέναι
2877 2083 2972 2144 τὰς
3032 2082 3256 2159 ἀγορὰς,
3323 2083 3413 2138 καὶ
3472 2081 3744 2158 ἐπερωτᾷν

2093 2171 2180 2225 καὶ
2216 2169 2516 2246 ἀνακρίνειν
2555 2171 2630 2245 μή
2671 2192 2803 2227 ποτε
2863 2169 3222 2227 εἰδωλόθυτον
3257 2173 3342 2243 ε’ίη
3372 2191 3386 2240 ;
3419 2171 3495 2234 εἰς
3524 2175 3754 2227 τοιαῦτα

2092 2263 2254 2334 ἡμῶν
2290 2260 2684 2338 συγκλείσομεν
2741 2262 2834 2318 καὶ
2895 2262 3260 2336 συνελάσομεν
3309 2263 3400 2318 τὸν
3443 2261 3603 2338 βίον;
3656 2262 3753 2320 ”Ιν’

2096 2351 2186 2405 οὖν
2225 2349 2300 2424 μή
2346 2353 2571 2407 τοιαῦτά
2615 2372 2754 2414 τινες
2811 2352 3124 2407 ἀντιτείνειν
3178 2350 3382 2427 ἔχοιεν,
3435 2350 3752 2428 πρόφθάσας

2094 2439 2254 2501 αὐτὸς
2309 2437 2500 2494 δίδωσι
2552 2441 2648 2502 τὰς
2710 2439 2913 2510 λύσεις,
2998 2441 3085 2495 καί
3142 2463 3298 2520 φησι,
3363 2444 3503 2514 μήτε
3567 2442 3634 2496 τὰ
3700 2439 3752 2495 ἐν

2094 2530 2270 2605 ἀγορᾷ
2301 2529 2537 2602 ἀνάγκην
2590 2531 2728 2584 εἶναι
2783 2535 3185 2606 παραιτεῖσθαι,
3241 2532 3382 2603 μήτε
3418 2531 3481 2584 τὸ
3530 2529 3749 2602 ἀνακρία

2091 2639 2198 2673 νειν
2263 2616 2351 2672 καί
2419 2617 2716 2694 ἐπερωτᾷν,
2783 2617 2884 2693 ἄρα
2951 2615 3316 2682 εἰδωλόθυτόν
3387 2617 3526 2672 ἐστιν
3579 2617 3614 2688 ἢ
3657 2615 3744 2674 οὗ·

2095 2706 2220 2762 ἀλλ’
2255 2706 2475 2762 ἐκείνων
2514 2707 2809 2783 ἀπέχεσθαι
2869 2707 3057 2782 μόνον,
3116 2709 3240 2782 περί
3300 2709 3376 2762 ὧν
3424 2727 3507 2770 τις
3541 2705 3748 2785 φθάσας

2094 2797 2360 2871 ἐμήνυσεν
2419 2793 2760 2861 εἰδωλόθυτα
2828 2799 2981 2853 εἶναι.
3025 2803 3136 2854 Πᾶν
3199 2798 3263 2852 τὸ
3334 2796 3386 2852 ἐν
3460 2795 3749 2871 μακέλλῳ,

2094 2885 2276 2965 φησὶν,
2339 2885 2561 2953 ἐσθίετε,
2625 2884 2795 2960 μηδὲν
2850 2884 3186 2956 διστάζοντες
3233 2889 3370 2942 κατά
3423 2885 3748 2959 συνείδησιν,

2096 2973 2239 3048 μηδὲ
2297 2975 2666 3050 ἀνακρίνοντες
2725 2977 2815 3031 καὶ
2875 2975 3256 3051 ἐπερωτῶντες
3315 2975 3385 3034 δι’
3439 2978 3632 3049 αὐτὴν,
3663 2977 3752 3032 ἳνα

2092 3063 2298 3136 ταύτην
2386 3061 2700 3140 ἀμφίϐολον
2798 3067 2960 3121 οὖσαν
3049 3067 3435 3142 θεραπεύσητε.
3506 3065 3581 3124 Οὐ
3645 3067 3748 3144 γὰρ

2093 3149 2354 3210 ἐϐούλετο
2386 3153 2650 3210 δύσκολον
2695 3155 2879 3218 αὐτοῖς
2910 3157 3010 3225 τὴν
3073 3154 3379 3231 μετάληψιν
3413 3156 3754 3230 παρασκευάο

2099 3264 2184 3298 σαι
2213 3250 2310 3314 τῆς
2368 3247 2598 3322 τροφῆς,
2655 3242 2743 3299 ’ίνα
2805 3247 2880 3318 μὴ
2941 3243 3001 3300 ἐκ
3054 3244 3252 3300 τούτου
3285 3241 3754 3323 ὀλιγωρήσαντες,

2094 3333 2158 3388 τὸ
2209 3338 2312 3389 πᾶν
2357 3341 2460 3403 τῆς
2509 3329 2752 3410 ἀριδείας
2805 3335 2879 3396 ὡς
2939 3333 3199 3391 ἀδυνάτου
3246 3338 3344 3401 τῆς
3391 3335 3623 3406 ἐντολῆς
3657 3332 3755 3389 οὔ·

2097 3447 2219 3496 σης,
2255 3423 2331 3489 εἰς
2381 3424 2441 3481 τὸ
2503 3425 2854 3506 φυλαχθῆναι
2912 3426 3320 3499 παραλύσωσιν.
3358 3450 3385 3479 ‹‹
3416 3424 3600 3496 Μηδὲν
3629 3427 3754 3482 ἀνα-

2093 3513 2386 3588 κρίνοντες.
2424 3536 2450 3566 υ
2509 3517 2602 3586 Μή
2663 3515 3037 3589 ἀνακρίνοντες
3085 3516 3213 3581 τοὺς
3268 3515 3613 3583 πωλοῦντας,
3668 3518 3746 3588 μή

2097 3606 2198 3678 ἆρα
2256 3601 2625 3660 εἰδωλόθυτόν
2687 3603 2851 3676 ἐστιν,
2911 3605 2986 3670 ὡς
3041 3603 3544 3680 πληττόμένοιτήν
3574 3605 3749 3661 συνεί-

2097 3691 2272 3767 δησιν,
2327 3695 2417 3751 καί
2476 3693 2761 3772 καθαρίσαι
2818 3694 2988 3767 αύτὴν
3053 3696 3353 3761 ἐθέλοντες.
3416 3695 3609 3766 Ἀλλὰ,
3642 3719 3756 3776 φη·

2097 3781 2200 3852 σίν,
2234 3784 2525 3858 ἀζητήτως
2581 3784 2648 3841 τὰ
2706 3783 2789 3840 ἐπ’
2843 3783 3042 3862 ἀγορᾶς
3100 3785 3318 3844 ἐσθίετε.
3382 3811 3409 3839 ι(
3445 3783 3628 3857 Μηδὲν
3663 3784 3751 3840 διὰ

2093 3873 2191 3941 τήν
2259 3872 2566 3946 συνείδησιν
2660 3874 3054 3951 ἀνακρίνοντες.
3126 3901 3154 3928 ››
3222 3875 3506 3946 Τουτέστι,
3580 3873 3750 3949 μηδὲν

2091 3958 2265 4018 ἕνεκεν
2336 3963 2504 4034 αὐτῆς
2579 3963 2958 4039 ἐπερωτῶντες
3023 3963 3113 4020 καὶ
3189 3963 3583 4038 ἀνακρίνοντες.
3663 3968 3758 4019 Δεῖ

2092 4048 2194 4128 γὰρ
2227 4050 2395 4122 αὐτὴν
2454 4053 2690 4126 καθαρὰν
2748 4053 2837 4107 καί
2899 4050 3217 4108 ἀδίστακτον
3275 4048 3550 4117 ἐσθίοντας
3580 4046 3752 4126 ἔχειν,

2092 4138 2182 4194 καὶ
2244 4142 2319 4212 μή
2384 4137 2588 4196 δεῖσθαι
2644 4141 3029 4219 πληροφορίας
3089 4140 3268 4213 ἄλλης
3329 4148 3430 4212 τῆς
3487 4141 3594 4196 ἀπὸ
3649 4147 3752 4211 τῆς

2092 4227 2446 4302 ἀνακρίσεως.
2479 4253 2536 4282 ι‹‹
2584 4232 2694 4285 Τοῦ
2751 4230 2853 4307 γὰρ
2909 4229 3118 4307 Κυρίου
3148 4233 3182 4301 ἡ
3230 4237 3324 4306 γῆ.
3363 4254 3390 4283 >>
3453 4231 3514 4288 Εἰ
3573 4231 3678 4307 γὰρ
3711 4232 3745 4301 ἡ

2093 4318 2165 4395 γῆ
2197 4322 2292 4373 τοῦ
2340 4317 2535 4394 Κυρίου
2594 4317 2728 4388 ἐστι,
2789 4317 3050 4391 δηλονότι
3109 4319 3197 4375 καὶ
3256 4322 3321 4376 τὰ
3351 4318 3401 4375 ἐν
3436 4317 3596 4395 αὐτῇ,
3625 4321 3749 4375 οἷον

2091 4407 2156 4462 τά
2211 4425 2269 4462 τε
2322 4409 2451 4485 κρέα
2505 4409 2594 4464 καί
2654 4409 2707 4464 οἰ
2757 4410 2975 4485 καρποί.
3009 4408 3203 4466 Εί’οὗν
3229 4413 3328 4465 τοῦ
3379 4409 3578 4483 Κυρίου
3610 4407 3747 4481 ἐστι,

2089 4494 2141 4552 τί
2175 4496 2479 4573 ἀνακρίνεις
2507 4519 2522 4569 ;

2165 4767 2234 4827 Ei
2285 4766 2342 4824 δέ
2389 4790 2472 4833 τις
2517 4766 2678 4823 καλεῖ
2729 4769 2868 4840 ὑμᾶς
2917 4769 3024 4822 τῶν
3097 4768 3339 4824 ἀπίστων
3406 4770 3495 4824 καὶ
3562 4766 3744 4825 θέλετε

2095 4857 2439 4935 πορεύεσθαι,
2515 4857 2617 4913 πᾶν
2693 4855 2756 4912 τὸ
2830 4858 3258 4932 παρατιθέμενον
3348 4860 3474 4932 ὑμῖν
3574 4855 3752 4916 ἐσθίε-

2091 4969 2170 5016 τε,
2279 4945 2446 5022 μηδὲν
2552 4945 2927 5024 ἀνακρίνοντες
3028 4944 3117 5003 διὰ
3218 4949 3318 5018 τὴν
3425 4946 3743 5020 συνείδησιν.

2090 5038 2211 5096 Ἐὰν
2278 5034 2333 5094 δὲ
2392 5056 2475 5101 τις
2546 5037 2672 5111 ὑμῖν
2740 5035 2890 5111 ε’ίπῃσ
2949 5037 3132 5094 Τοῦτο
3192 5035 3551 5093 εἰδωλόθυτόν
3611 5036 3746 5103 ἔστι,

2097 5131 2172 5204 μή
2230 5127 2449 5201 ἐσθίετε,
2519 5123 2589 5181 δι’
2657 5126 2860 5182 ἐκεῖνον
2937 5127 3028 5182 τὸν
3110 5127 3417 5202 μηνύσαντα
3489 5125 3577 5180 καί
3641 5125 3742 5192 τήν

2094 5217 2421 5290 συνείδησιν.
2478 5215 2597 5276 Τοῦ
2652 5219 2754 5293 γὰρ
2807 5218 3014 5294 Κυρίου
3066 5219 3101 5289 ὴ
3158 5225 3226 5295 γῆ
3279 5215 3456 5272 καίτὸ
3510 5217 3746 5290 πλήρω-

2095 5330 2170 5383 μα
2199 5307 2387 5377 αὐτῆς.

2167 5395 2359 5459 Καλῶς
2415 5395 2499 5463 τὸ,
2563 5421 2589 5447 ‹‹
2633 5393 2846 5454 Θέλετε.
2880 5419 2908 5447 »
2968 5395 3108 5455 Οὒτε
3165 5395 3268 5472 γὰρ
3320 5396 3748 5472 προτρέψασθαι,

2095 5483 2219 5543 οὕτε
2271 5483 2708 5559 ἀποστρέψασθαι
2755 5483 2953 5545 αὐτοὺς
3001 5479 3296 5555 ἠϐούλετο.
3337 5510 3364 5538 ι(
3400 5484 3593 5557 Μηδὲν
3623 5486 3753 5541 ἀνα-

2092 5575 2387 5651 κρίνοντες.
2423 5596 2450 5624 ν
2476 5573 2668 5637 Aturi;
2697 5575 2805 5632 ⁶Ινα
2848 5576 2924 5647 μὴ
2975 5577 3043 5647 τῇ
3094 5572 3307 5648 πολλῇ,
3341 5575 3500 5648 φησί,
3534 5595 3752 5652 περιερ-

2095 5665 2211 5741 γίᾳ,
2261 5667 2561 5737 νομισθῆτε
2609 5661 2817 5735 δειλιᾷν
2863 5664 2930 5719 τὰ
2976 5659 3203 5720 εἳδωλα.
3239 5687 3268 5717 ‹‹
3302 5665 3400 5720 Διά
3445 5665 3542 5734 τήν
3579 5665 3754 5718 συνεί-

2099 5755 2277 5828 δησιν.
2345 5776 2372 5805 n
2444 5754 2534 5818 Ὠς
2596 5751 2868 5825 θέλοντες,
2937 5753 3094 5830 φησί,
3160 5754 3399 5828 καθαρὰν
3458 5753 3750 5821 φυλαττειν
