4118 6370
388 430 508 492 189

390 561 544 637 ὑμῶν
574 560 675 629 τὴν
733 556 1062 630 συνείδησιν.
1125 584 1152 612 ι(

385 653 498 713 Ἰνα
525 650 579 708 τί
639 649 835 724 μηκέτι
894 649 1188 723 ἐσθίομενς
1244 651 1338 707 καί
1395 672 1578 730 φησιν’
1640 651 1899 726 Ἀληθῶς
1961 655 2056 728 μὶν

389 743 564 797 πάντα
623 743 722 796 τοῦ
757 739 961 815 Κυρίου
1019 738 1187 807 ἐστιν,
1249 741 1325 803 ὡς
1377 742 1465 796 καὶ
1521 741 1820 817 αὐτὴ-ὶδγοῖ
1880 744 1930 817 ἐξ
1988 744 2057 814 ἧς

388 826 630 886 ἐκϐαίνει
705 833 895 884 ταῦταξ
959 828 1087 885 ἀλλ’
1148 828 1238 884 ἐὰν
1298 830 1528 906 φάγητε,
1586 833 1686 900 τήν
1745 831 2052 903 συνείδησιν

383 924 483 976 τοῦ
543 919 889 992 μηνύσαντος
955 917 1250 994 βλάπτετε.
1330 918 1866 991 Σκανδα).ισθήσεται
1924 924 2050 998 γὰρ,

381 1010 434 1066 τί
483 1007 692 1080 δήποτε
751 1006 1097 1072 ἀκούσαντες,
1158 1008 1258 1064 οὐκ
1313 1007 1681 1084 ἀπέχεσθε-
1713 1012 2051 1084 [ΘΕΟΔΩΡ.]

381 1103 558 1158 Τοῦτο
619 1095 678 1152 δὲ
738 1095 913 1173 λέγει,
974 1093 1322 1176 φοϐούμενος
1388 1099 1560 1172 μήπω
1617 1100 1913 1173 νομίσωσιν
1973 1101 2048 1164 ὡς

383 1189 546 1264 ἰσχὺν
572 1189 682 1243 τῶν
736 1185 984 1244 εἰδώλων
1035 1185 1275 1264 ἐχόντων
1336 1186 1574 1262 γίνεσθαι
1628 1190 1726 1259 τήν
1785 1189 2046 1251 κώλυσιν,

383 1305 412 1334 α
445 1283 557 1338 Τοῦ
585 1280 686 1355 γὰρ
723 1279 926 1354 Κυρίου
966 1281 1000 1349 ἡ
1031 1285 1122 1355 γῆ.
1163 1303 1192 1330 ››
1225 1277 1299 1334 Σὺ
1336 1279 1433 1352 μὲν
1461 1280 1562 1355 γὰρ
1591 1276 1747 1344 οἶδας
1795 1281 1880 1335 ὅτι
1951 1285 2049 1337 τοῦ

384 1369 592 1444 Κυρίου
623 1371 656 1438 ἡ
690 1375 762 1444 γῆ
797 1370 886 1423 καὶ
931 1368 998 1424 τὸ
1054 1368 1338 1444 πλήρωμα
1394 1368 1584 1440 αὐτῆς,
1637 1368 1726 1425 καὶ
1783 1375 1884 1440 τῆς
1941 1373 2049 1426 τῶν

383 1456 632 1514 εἰδώλων
711 1457 985 1522 ἀσθενείας
1079 1463 1464 1532 καταφρονεῖς.
1554 1460 1788 1522 Ἐκεῖνος
1865 1456 1922 1515 δὶ
1975 1462 2046 1534 τῇ

379 1547 563 1622 πλάνη
624 1544 1058 1620 δεδουλωμένος,
1122 1542 1339 1622 βλάϐην
1394 1545 1634 1603 ἐντεῦθεν
1713 1552 2043 1623 παρποῦται,

380 1636 767 1702 ε’δωλοθύτων
825 1658 883 1693 σε
939 1642 1115 1713 κρεῶν
1194 1633 1635 1711 μεταλαμϐάδειν
1716 1639 2044 1714 ἡγούμενος.

379 1731 555 1786 Τοῦτο
581 1728 685 1803 γὰρ
717 1724 960 1784 διδάσκει
993 1729 1060 1782 τὰ
1090 1728 1234 1798 ἑξῆς.
1287 1730 1404 1784 Ἵνα
1459 1726 1513 1783 τί
1562 1727 1665 1806 γὰρ
1696 1731 1731 1798 ἡ
1766 1727 2045 1800 ἐλευθερία

390 1839 494 1892 μου
542 1817 777 1891 κρίνεται
840 1817 945 1872 ὑπὸ
998 1815 1180 1884 ἄλλης
1238 1814 1645 1887 συνειδήσεως;
1735 1815 2042 1893 ἐλευθερίαν

381 1906 568 1962 καλῶν
597 1909 694 1977 τὴν
729 1907 894 1986 χάριν
925 1913 1028 1977 τῆς
1059 1905 1314 1968 πίστεως.
1370 1907 1436 1964 Εἰ
1494 1904 1605 1984 ἐγὼ
1664 1907 1849 1984 χάριτι
1913 1927 2039 1980 μετ·
2072 1947 2117 2014 Β

388 2002 397 2014 .
620 1997 631 2014 ο
688 1997 743 2014 ..ς
989 2001 1016 2012 ..
1189 1997 1202 2014 ο
1260 1997 1276 2014 ς
1417 1997 1442 2014 ν
1505 1996 1519 2014 τ
1576 1998 1590 2014 .
1718 1997 1730 2014 .
1955 2001 1980 2012 ..

381 2002 518 2074 ἐχω,
580 1997 631 2053 τί
687 1997 1127 2075 βλασφημοῦμαι
1183 1997 1319 2071 ὑμὶρ
1381 1997 1444 2052 οὗ
1501 1996 1608 2072 ἐγὼ
1683 1997 2036 2078 εὐχαριστῶς

380 2089 506 2165 Οὐχ
536 2087 707 2156 ὅσιον,
744 2109 930 2166 φησιν,
963 2085 1138 2144 ἄλλον
1171 2083 1453 2145 λωϐᾶσθαι
1489 2085 1576 2145 διὰ
1606 2090 1705 2158 τὴν
1761 2087 1901 2162 ἐμὴν
1952 2103 2036 2144 τεο

382 2177 671 2249 λειότητα.

448 2274 700 2339 Ἀλλως.
735 2275 939 2350 [ΦΘΤ.]
979 2272 1206 2343 Ἐπειδὴ
1259 2275 1516 2350 ἀνωτέρω
1571 2274 1663 2330 ὅτε
1705 2274 1771 2330 τὰ
1825 2275 1876 2330 ἐν
1941 2296 2040 2349 μαι

372 2362 566 2438 κίλλῳ
621 2363 955 2440 πωλούμενα
1009 2365 1114 2420 οὐκ
1165 2363 1403 2421 ἐκώλυεν
1471 2363 1686 2436 ἐσθίειν,
1771 2364 2033 2440 ἐπήγαγε

372 2479 397 2507 (ι
434 2458 550 2512 Τοῦ
583 2455 786 2530 Κυρίου
816 2457 851 2526 ἡ
883 2458 958 2531 γῆ
987 2455 1162 2510 καὶτὸ
1193 2454 1478 2531 πλήρωμα
1536 2453 1725 2525 αὐτῆς,
1763 2478 1790 2507 n
1838 2457 2033 2510 τουτέ-

369 2565 475 2615 στι,
505 2544 572 2601 τὰ
620 2544 672 2601 ἐν
728 2543 866 2619 αὐτῇ
925 2544 1122 2603 πάντα.
1197 2547 1381 2602 Ταῦτα
1449 2543 1553 2621 γάρ
1602 2543 1707 2599 εἶσι
1761 2545 1828 2598 τὰ
1886 2545 2037 2615 πλη·

374 2639 572 2710 ροῦντα
603 2634 799 2705 αὐτὴν,
843 2634 1044 2708 καρποὶ
1076 2635 1166 2690 καὶ
1198 2637 1332 2704 ζῶα,
1393 2635 1484 2690 καὶ
1539 2633 1606 2690 τὰ
1663 2635 1852 2708 ὅμοια.
1905 2634 2038 2691 Εἶτα

370 2723 582 2801 προϊὼν
617 2722 790 2802 λίγει.
825 2748 854 2777 ‹‹
891 2723 1012 2781 Ἐὰν
1049 2721 1108 2779 δέ
1129 2745 1213 2786 τις
1249 2724 1377 2796 ὑμῖν
1407 2722 1536 2798 ε’ίπῃ
1566 2723 1648 2780 ὅτι
1673 2720 2037 2788 εἰδωλόθυτόν

377 2812 515 2887 ἐστι,
551 2818 628 2888 μή
660 2813 884 2882 ἐσθίετε,
916 2837 943 2865 »
974 2813 1061 2868 ’ἱνα
1095 2815 1170 2888 μή
1202 2835 1286 2876 τις
1317 2812 1470 2889 εἶ’πῃο
1502 2812 1564 2868 Τί
1614 2812 1704 2868 οῦν
1734 2833 1748 2884 ;
1807 2812 1895 2868 νῦν
1942 2812 2042 2869 οὐκ

377 2900 585 2974 ἕστινύ⁴
618 2911 689 2979 γῆ
721 2909 818 2959 τοῦ
852 2903 1053 2973 Κυρίου
1111 2903 1203 2958 καὶ
1261 2903 1329 2958 τὰ
1387 2903 1438 2959 ἐν
1495 2904 1674 2977 αὐτῇ;
1736 2902 1894 2960 Ἀλλ’
1949 2905 2040 2960 ’ὀτε

380 2996 478 3068 μὶν
513 2995 616 3050 οὐκ
646 2993 884 3056 ἐκώλυις
917 2992 1110 3049 ἐσθίειν
1141 2997 1239 3048 τοῦ
1277 2994 1486 3068 Κυρίου
1543 2993 1634 3062 ἧν,
1689 2996 1780 3048 νῦν
1832 2991 1889 3048 δὲ
1942 2993 2042 3049 οὐκ

377 3083 523 3140 ἔστιν
552 3103 567 3153 ;
597 3087 683 3141 Ινα
718 3085 793 3156 μή
838 3081 930 3139 οῦν
970 3085 1046 3154 μὴ
1108 3080 1199 3156 ἐξῇ
1234 3086 1394 3138 τοῦτο
1453 3079 1635 3159 λέγειν
1681 3083 1810 3151 τινὶ,
1869 3082 2038 3138 πάλιν

381 3175 570 3242 τίθησι
597 3175 658 3228 τὸ
692 3173 825 3228 αὐτὸ
859 3170 948 3229 καί
979 3191 1134 3246 φησι·
1197 3175 1311 3228 Τοῦ
1369 3171 1572 3246 Κυρίου
1624 3172 1720 3244 μὶν
1752 3174 1788 3242 ἡ
1821 3179 1892 3248 γῆ
1948 3170 2038 3227 καί

379 3264 448 3318 τὰ
479 3261 534 3316 ἐν
567 3261 723 3336 αὐτῇ,
757 3261 889 3337 ὅπερ
922 3255 1233 3335 ἔμπροσθεν
1260 3260 1436 3330 εἷπον,
1471 3259 1619 3316 ἀλλὰ
1649 3257 1740 3316 διὰ
1795 3261 1888 3316 τὸν
1925 3283 2033 3334 μη-

378 3349 609 3406 νύσαντα
634 3349 722 3405 καὶ
753 3352 852 3420 τὴν
888 3345 1196 3419 συνείδησιν
1230 3348 1419 3418 αὐτοῦ,
1479 3348 1544 3403 οὐ
1603 3345 1684 3404 δεῖ
1742 3348 2034 3423 γεύσασθαι

374 3438 591 3495 ἐκείνων
623 3444 733 3494 τῶν
777 3435 1175 3495 εἰδωλοθύτων.
1237 3436 1299 3494 Εἰ
1353 3437 1457 3512 γὰρ
1513 3440 1611 3492 τοῦ
1666 3436 1865 3512 Κυρίου
1897 3440 1930 3506 ἡ
1961 3445 2036 3512 γῆ

370 3529 462 3584 καὶ
489 3531 552 3585 τὸ
585 3528 869 3602 πλήρωμα
901 3528 1097 3598 αὐτῆς,
1133 3527 1294 3590 αὐτὸς
1353 3523 1570 3590 οὐδενὸς
1629 3529 1850 3598 ποιησει
1896 3527 2038 3600 ὑμᾶς

376 3615 523 3693 ἔχειν
558 3615 770 3684 ἐεδεῶς,
803 3617 902 3673 κᾶίν
959 3617 1161 3687 ταύτης
1217 3613 1288 3671 δι’
1348 3615 1506 3672 αὐτὸν
1561 3616 1885 3692 ἀπόσχησὼ
1938 3623 2040 3686 τῆς

383 3704 749 3762 εὶδωλοθύτου
775 3707 980 3776 θοίνης.
1023 3708 1096 3762 "ii
1154 3702 1270 3761 ἐπεὶ
1323 3709 1421 3760 τοῦ
1480 3702 1681 3778 Κυρίου
1738 3707 1774 3774 η
1827 3707 1900 3780 γῆ
1945 3703 2038 3760 καὶ

383 3797 449 3849 τᾶ
480 3794 531 3849 ἐν
560 3795 714 3871 αὐτῇ,
748 3795 947 3867 πολλῷ
980 3793 1194 3867 μᾶλλον
1249 3793 1342 3848 καὶ
1393 3793 1421 3848 ὁ
1474 3790 1757 3869 ἅνθρωπος
1787 3795 1815 3848 ὁ
1845 3792 1898 3847 ἐν
1950 3792 2038 3847 αὐ-

380 3889 471 3958 τῇ.
507 3885 602 3942 Διά
630 3889 758 3962 γοῦν
789 3889 990 3940 τοῦτον
1019 3884 1113 3939 τὸν
1147 3884 1462 3957 μηνύσαντα
1492 3884 1552 3944 ’ὸς
1613 3881 1725 3938 ἐστι
1782 3887 1878 3937 τοῦ
1926 3888 2040 3938 Κυ-

383 3974 526 4052 ρίου,
558 3977 647 4030 γαὶ
679 3975 806 4035 τοὺς
839 3971 1044 4035 ἄλλους
1077 3994 1209 4050 Low:
1238 3973 1368 4034 τοὺς
1401 3971 1705 4045 μηνύοντος
1765 3971 2038 4028 ἀκούσαν-

378 4085 475 4126 τας
505 4063 600 4119 ’ίνα
635 4064 711 4136 μὴ
780 4061 1050 4139 βλαϐὦσι,
1114 4064 1190 4135 μή
1251 4060 1474 4126 ἐσθίετε.
1517 4063 1630 4119 Τοῦ
1681 4060 1883 4137 Κυρίου
1937 4060 2040 4138 γὰρ

377 4152 414 4219 ἡ
447 4157 515 4226 γῆ
549 4151 635 4205 καὶ
671 4149 736 4205 τὰ
767 4149 818 4204 ἐν
869 4150 1033 4221 αὐτῇ,
1085 4147 1175 4202 καὶ
1234 4145 1316 4204 δεῖ
1365 4148 1438 4210 ὡς
1498 4143 1822 4203 ὁποδούλων
1872 4168 2037 4225 φρονο

375 4239 542 4309 τίζειν
579 4243 688 4293 τῶν
739 4237 789 4292 ἐν
852 4236 1011 4311 αύτῃ.
1069 4237 1145 4294 Οὐ
1201 4237 1305 4312 γ’ὶρ
1356 4237 1447 4292 ’ὀτε
1508 4238 1605 4309 μὲν
1663 4232 1772 4292 ἔδει
1829 4242 2040 4313 φαγεῖν,

373 4332 537 4384 τοῦτο
563 4323 673 4382 ἔδει
703 4327 924 4395 ἐννοεῖν,
984 4324 1072 4380 ὅτε
1131 4322 1188 4380 δὲ
1249 4326 1324 4396 μὴ
1385 4323 1602 4391 ἐσθίειν,
1660 4327 1821 4380 τοῦτο
1877 4346 2044 4402 παρο-

376 4424 498 4494 ρᾷν,
532 4416 660 4473 ἀλλ’
692 4416 772 4471 ἀεὶ
807 4415 1069 4477 ὡσαύτως
1101 4408 1358 4489 ἔχοντας,
1388 4414 1478 4468 καὶ
1527 4413 1651 4469 τότε
1698 4413 2044 4490 εὐχαρίστως

375 4508 594 4579 ἐσθίειν,
629 4507 704 4570 ὡς
730 4507 827 4561 τοῦ
875 4503 1082 4579 Κυρίου
1128 4504 1514 4577 παρασχόντος
1570 4505 1708 4576 ἡμῖν
1764 4502 1840 4564 εἷς
1893 4505 2044 4578 βρῶ-

377 4619 459 4652 σιν
492 4601 681 4666 ταῦτα,
714 4596 804 4650 καὶ
849 4599 942 4649 νῦν
999 4592 1225 4654 εἰκότως
1291 4591 1367 4666 μὴ
1425 4590 1638 4661 ἐσθίειν,
1697 4592 1775 4655 ὡς
1832 4591 2042 4670 φυλατ-

374 4685 642 4756 τομένους
676 4680 1049 4751 σκανδαλίζειν
1076 4679 1204 4741 τοὺς
1231 4683 1330 4734 τοῦ
1390 4678 1599 4754 Κυρίου
1659 4676 1894 4740 δούλους
1947 4679 2036 4734 καὶ

382 4771 727 4846 ὁμοδούλους
757 4775 941 4846 ἡμῶν.

457 4971 770 5045 Συνείδησιν
833 4971 889 5029 δὲ
948 4972 1121 5049 λέγῳ,
1198 4969 1329 5045 ούχὶ
1412 4971 1512 5040 τὴν
1595 4967 1803 5039 ἑαυτοῦ,
1889 4970 2036 5026 ἀλλὰ

377 5066 480 5135 τήν
545 5067 642 5120 τοῦ
709 5063 917 5138 ἐτέρου.
985 5063 1104 5119 Ἵνα
1168 5059 1221 5113 τί
1284 5058 1388 5135 γὰρ
1456 5058 1492 5128 ἡ
1561 5057 1846 5136 ἐλευθερία
1933 5080 2038 5133 μου

377 5154 616 5227 κρίνεται
677 5154 780 5208 ὑπό
865 5148 1046 5221 ἃλλης
1130 5145 1495 5219 συνειδήσεως
1557 5167 1570 5217 ;
1658 5147 1708 5203 εἲ
1793 5146 1849 5204 δὲ
1932 5147 2038 5226 ἐγὼ

377 5245 566 5320 χάριτι
631 5241 873 5318 μετέχω,
929 5240 981 5296 τί
1069 5239 1539 5317 βλασφημοῦμαι,
1610 5237 1741 5314 ὑπὲρ
1810 5238 1871 5294 οὗ
1929 5239 2038 5313 ἐγὼ

377 5332 734 5410 εὐχαριστῶ;
787 5330 908 5388 ΕὛτε
967 5330 1060 5384 οῦν
1117 5327 1340 5398 ἐσθίετε,
1401 5324 1509 5382 εἴτε
1566 5326 1767 5398 πίνετε,
1822 5326 1930 5383 εἷ’τε
1985 5326 2038 5383 τί

376 5427 613 5491 ποιεῖτε,
646 5421 818 5475 πάντα
849 5418 925 5481 εἷς
958 5415 1112 5490 δόξαν
1144 5419 1278 5472 Θεοῦ
1309 5421 1538 5474 ποιεῖτε.

455 5533 477 5561 ι
511 5506 846 5580 Συνείδησιν.
886 5532 912 5558 ››
942 5507 1058 5577 Τὴν
1087 5510 1183 5560 τοῦ
1241 5502 1524 5575 ’Ἕλληνος
1574 5508 1671 5561 τοῦ
1723 5505 2036 5580 καταμηνύ-

381 5621 592 5664 σαντος,
619 5599 713 5654 ἳνα
739 5597 815 5672 μή
852 5591 1057 5673 βλαϐῇ.
1097 5619 1125 5648 ‹‹
1153 5595 1269 5651 Ἰνα
1298 5592 1347 5648 τί
1381 5593 1480 5668 γᾶρ
1521 5595 1555 5664 ἡ
1601 5593 1880 5670 ἐλευθερία
1932 5616 2037 5669 μου

382 5689 671 5766 κρίνεται;
734 5713 754 5738 ι
816 5689 933 5743 Ἵνα
993 5685 1068 5760 μή
1127 5703 1209 5744 τις
1270 5681 1414 5757 εῗπῃο
1476 5681 1572 5737 Διὰ
1630 5684 1723 5757 μὲν
1777 5685 1876 5754 τήν
1931 5686 2038 5741 τῶν

386 5773 634 5857 ἀδελφῶν
670 5771 975 5846 συνείδησιν
1008 5776 1114 5828 τῶν
1152 5769 1573 5847 βλαπτομένων,
1605 5770 1790 5835 καλῶς
1849 5773 2038 5852 φαγεῖν

1371 427 1783 494 COMMENT.
1833 433 1907 494 ΙΝ
1953 432 2200 496 EPIST.
2250 440 2270 498 ι
2316 439 2422 499 AD
2465 440 2832 502 CORINTH.

3692 443 3815 504 7.0

1213 561 1336 617 Ἐὰν
1394 557 1451 616 δέ.
1507 581 1592 626 τις
1652 563 1780 637 ὑμῖν
1841 562 1983 640 εἷ’πη.
2018 588 2040 618 ιι

2163 571 2297 643 quis
2309 576 2507 629 autem
2529 572 2691 630 vobis
2707 573 2943 632 dixerit.
2970 597 2998 625 »
3022 576 3214 642 Quare
3223 578 3353 649 jam
3375 593 3496 634 non
3517 577 3764 634 edemus
3784 580 3812 634 Ἰ

2163 667 2221 717 et
2250 661 2335 717 ait
2364 678 2378 718 :
2415 665 2560 720 Vere
2594 663 2835 736 quidem
2866 666 3071 721 omnia
3100 667 3333 723 Domini
3364 672 3522 733 sunt,
3555 669 3709 724 sicut
3750 673 3812 724 et

2160 751 2289 821 ipsa
2308 756 2469 808 terra
2489 769 2558 810 ex
2581 769 2700 825 qua
2720 753 2849 810 haec
2872 756 3202 826 prodeunt:
3228 771 3428 812 verum
3460 757 3509 813 si
3541 757 3806 824 oderitis,

2159 841 2540 898 conscientia:
2572 845 2702 914 ejus
2732 844 2834 914 qui
2865 846 3156 916 suggessit
3208 852 3564 902 nocumento
3612 848 3755 903 estis
3789 861 3803 902 :

2158 930 2585 988 oii‘endiculum
2608 933 2769 989 enim
2793 934 3346 1007 patietur,cogitans
3368 950 3546 1005 quam
3565 937 3805 992 tandem

2158 1019 2233 1074 ob
2262 1036 2526 1086 causam,
2558 1039 2692 1078 cum
2727 1023 2838 1078 hoc
2868 1022 3201 1088 audieritis,
3257 1036 3380 1079 non
3435 1023 3803 1081 abstineatis.

2156 1138 2223 1149 -—
2244 1111 2360 1165 Hoc
2377 1116 2575 1166 autem
2590 1111 2754 1174 dicit.
2785 1113 3009 1168 veritus
3049 1129 3126 1168 ne
3171 1129 3288 1183 quo
3308 1112 3484 1168 modo
3504 1114 3802 1170 existima-

2156 1207 2290 1254 rent
2315 1199 2536 1256 idcirco
2563 1201 2691 1257 fieri
2711 1201 3174 1274 prohibitionem
3194 1203 3364 1274 quasi
3389 1201 3552 1259 idola
3573 1203 3689 1258 vim
3705 1203 3810 1259 ali-

2155 1303 2334 1358 quam
2365 1289 2672 1347 haberent.
2715 1291 3012 1346 «Domini
3073 1291 3372 1362 siquidem
3433 1297 3543 1347 est.
3596 1312 3624 1343 ››
3672 1292 3810 1347 Ete-

2154 1379 2280 1436 nim
2314 1386 2377 1436 tu
2409 1381 2567 1437 nosti
2598 1381 2756 1453 quod
2788 1382 3026 1438 Domini
3058 1382 3136 1437 sit
3165 1388 3324 1438 terra
3351 1383 3504 1440 519
3565 1388 3625 1437 et
3662 1383 3800 1454 ple.

2154 1470 2364 1526 nitudo
2396 1472 2546 1543 ejus,
2578 1477 2636 1527 et
2683 1471 2982 1527 idolorum
3035 1471 3367 1527 contemnis
3421 1471 3808 1528 imbecillita-

2153 1566 2273 1616 tem
2309 1576 2322 1615 :
2351 1567 2411 1616 at
2441 1560 2542 1616 ille
2576 1577 2776 1617 errore
2807 1561 3112 1634 deceptus,
3180 1568 3608 1618 nocumentum
3666 1561 3804 1617 inde

2153 1648 2399 1720 colligit,
2439 1656 2655 1722 putans
2686 1657 2742 1706 te
2775 1651 2905 1706 fieri
2934 1651 3286 1723 participem
3316 1651 3588 1706 carnium
3626 1649 3805 1706 idolis

2151 1739 2620 1796 immolatarum.
2645 1741 2788 1796 Nam
2810 1740 2922 1796 hoc
2943 1741 3161 1797 docent
3177 1757 3246 1796 ea
3271 1758 3403 1813 quia
3427 1747 3762 1814 sequuntur
3788 1756 3802 1796 :

2151 1832 2343 1895 Quare
2357 1830 2516 1886 enim
2537 1829 2784 1887 libertas
2802 1845 2935 1886 mea
2942 1829 3254 1902 judicatur
3268 1830 3341 1886 ab
3354 1831 3474 1886 alia
3493 1831 3806 1886 conscien-

2150 1920 2234 1975 tia
2261 1918 2289 1976 εἴ
2319 1920 2657 1977 libertatem
2687 1935 2902 1977 vocans
2934 1921 3074 1976 fidei
3101 1921 3373 1994 gratiam.
3410 1919 3465 1976 Si
3504 1934 3610 1994 ego
3667 1934 3804 1976 cum

2151 2011 2342 2082 gratia
2361 2010 2674 2082 participe,
2700 2010 2930 2082 utquid
2952 2009 3316 2066 calumniam
3339 2011 3605 2066 sustineo
3627 2009 3702 2066 de
3735 2023 3804 2065 eo

2150 2117 2258 2172 pro
2290 2115 2407 2171 quo
2436 2100 2656 2172 gratias
2680 2114 2788 2172 ago
2810 2099 2840 2156 ?
2881 2101 3010 2156 Non
3067 2105 3178 2162 est.
3237 2100 3454 2171 inquit,
3509 2105 3802 2168 sanctum,

2151 2189 2335 2245 alium
2368 2189 2688 2261 depravare
2721 2195 2964 2261 propter
2989 2202 3184 2244 meam
3206 2189 3659 2261 profectionem.

2219 2278 2352 2334 Alio
2380 2280 2560 2334 modo.
2594 2279 2885 2344 Quoniam
2917 2278 3194 2350 superius
3224 2292 3362 2334 eum
3422 2290 3492 2334 ea
3550 2293 3681 2350 qum
3739 2279 3800 2334 in

2149 2369 2404 2426 macello
2438 2369 2835 2424 venderentur
2856 2367 3031 2425 edere
3053 2365 3802 2440 permittebat,subjunxit:

2148 2481 2178 2510 «
2212 2459 2444 2514 Domini
2481 2464 2570 2514 est
2601 2464 2759 2514 terra
2790 2463 2847 2512 et
2884 2456 3196 2529 plenitudo
3228 2459 3380 2530 ejus,
3443 2479 3472 2506 »
3530 2457 3642 2513 hoc
3691 2461 3803 2526 est,

2148 2551 2426 2606 universa
2447 2563 2578 2620 quas
2601 2549 2664 2603 in
2687 2561 2756 2604 ea
2777 2554 2917 2603 sunt
2941 2565 2955 2603 :
2977 2561 3116 2603 nam
3142 2548 3270 2602 hmo
3291 2552 3428 2603 sunt
3449 2559 3579 2618 qum
3610 2548 3802 2619 ipsam

2151 2640 2424 2711 implent,
2456 2637 2684 2695 fructus
2742 2651 2956 2710 nempe
3011 2644 3070 2693 et
3117 2637 3428 2705 animalia,
3461 2651 3531 2694 ac
3557 2637 3800 2694 similia.

2152 2728 2372 2784 Deinde
2409 2727 2466 2782 in
2500 2740 2816 2800 progressu
2846 2727 2992 2782 dicit
3023 2742 3088 2781 ια
3124 2723 3181 2781 Si
3213 2725 3347 2798 quis
3386 2733 3586 2782 autem
3637 2724 3803 2781 vobis

2152 2817 2372 2874 dixerit
2393 2817 2790 2888 idolothytum
2813 2829 2964 2883 esse,
2988 2831 3062 2870 ne
3093 2815 3303 2883 edatis,
3341 2833 3366 2868 ο
3402 2821 3468 2872 ut
3495 2829 3615 2871 non
3645 2811 3806 2872 dicat

2151 2907 2400 2979 aliquis:
2425 2906 2576 2973 Quid
2601 2919 2739 2978 ergo
2761 2906 2788 2961 ‘2
2831 2917 2991 2960 nunc
3012 2903 3244 2962 Domini
3280 2919 3400 2960 non
3437 2907 3529 2960 est
3557 2909 3715 2961 terra
3744 2907 3804 2959 et

2151 3013 2282 3068 quas
2306 2998 2364 3052 in
2388 3013 2458 3052 ea
2480 3001 2619 3051 sunt
2641 2996 2670 3050 ‘i
2689 2999 2766 3052 At
2793 2995 3029 3066 quando
3052 2994 3440 3066 permittebas
3467 2991 3665 3056 edere.
3689 2991 3802 3048 Do-

2150 3087 2298 3141 mini
2331 3091 2478 3150 erat,
2511 3099 2668 3140 nunc
2701 3088 2900 3140 autem
2930 3097 3051 3138 non
3081 3083 3220 3138 est?
3240 3083 3322 3140 Ne
3368 3081 3430 3137 id
3461 3096 3599 3156 ergo
3626 3083 3805 3139 liceat

2150 3176 2430 3246 cuiquam
2452 3174 2673 3239 dicere,
2707 3173 2864 3229 idem
2897 3187 3134 3228 rursum
3166 3172 3354 3244 ponit,
3415 3178 3474 3227 et
3522 3172 3640 3228 ait:
3694 3167 3804 3227 Do-

2077 3303 2119 3374 α
2153 3265 2562 3374 miniquidem
2585 3268 2676 3319 est
2696 3268 2934 3374 terreret
2953 3275 3086 3334 quae
3109 3263 3169 3374 it:
3193 3276 3262 3318 ea
3293 3267 3463 3363 sunt,
3512 3263 3670 3374 (ιυοὰ
3699 3277 3802 3363 an-

2146 3363 2242 3412 tea
2269 3355 2390 3411 dixi
2417 3370 2430 3409 :
2462 3353 2566 3410 sed
2590 3358 2836 3426 prepter
2865 3352 3038 3410 illum
3068 3352 3169 3423 qui
3205 3352 3496 3425 suggessit
3532 3357 3592 3406 et
3612 3351 3799 3424 ipsius

2145 3445 2591 3510 conscientiam,
2624 3459 2745 3498 non
2771 3448 3008 3514 oportet
3037 3441 3276 3497 illorum
3323 3448 3560 3516 gustare
3612 3439 3800 3497 idolo-

2143 3537 2327 3608 thyla.
2353 3537 2496 3590 Nam
2531 3534 2577 3589 si
2611 3533 2844 3589 Domini
2877 3536 2968 3588 est
2996 3537 3158 3588 terra
3188 3536 3244 3587 et
3275 3531 3583 3604 plenitudo
3641 3533 3798 3604 ejus,

2145 3625 2272 3696 ipse
2292 3625 2471 3680 faciet
2491 3641 2592 3680 vos
2615 3623 2782 3679 nullo
2803 3636 2999 3695 egere,
3025 3623 3205 3679 etiam
3227 3623 3277 3678 si
3301 3628 3546 3695 propter
3574 3623 3771 3694 ipsum
3785 3665 3800 3690 ,

2145 3715 2258 3770 hoc
2279 3713 2748 3785 idolothytorum
2764 3713 2900 3768 cibo
2923 3711 3292 3767 abstinentis.
3319 3718 3432 3766 Aut
3480 3713 3528 3765 si
3560 3709 3797 3766 Domini

2144 3807 2232 3859 est
2263 3807 2444 3873 terra,
2475 3807 2532 3858 et
2559 3817 2692 3873 quis
2724 3802 2784 3856 in
2808 3814 2880 3856 ea
2922 3806 3081 3869 sunt,
3136 3795 3325 3856 multo
3381 3799 3568 3872 magis
3620 3796 3800 3854 homo

2147 3893 2246 3965 qui
2280 3893 2340 3947 in
2364 3907 2433 3948 ea
2453 3897 2544 3948 est
2568 3907 2580 3946 :
2603 3897 2848 3963 prepter
2871 3891 3032 3945 hunc
3059 3904 3196 3962 ergo
3224 3891 3325 3961 qui
3352 3889 3644 3961 suggessit
3695 3887 3796 3960 qui

2147 3983 2382 4041 Domini
2411 3987 2522 4054 est,
2555 3983 2822 4054 aliosque
2853 3981 3127 4038 fortassis
3165 3977 3269 4052 qui
3305 3979 3623 4036 audierunt
3651 3993 3797 4052 sug-

2147 4081 2472 4148 gerentem,
2503 4089 2576 4128 ne
2608 4072 2894 4128 damnum
2947 4071 3242 4143 recipiant
3275 4087 3288 4126 :
3349 4088 3378 4121 «
3433 4083 3553 4124 non
3584 4068 3798 4124 edatis.

2147 4163 2381 4220 Domini
2414 4162 2710 4234 siquidem
2739 4165 2828 4216 est
2848 4166 3028 4228 terra,
3063 4165 3123 4215 et
3152 4175 3284 4231 quas
3315 4161 3378 4215 in
3406 4173 3475 4215 ea
3533 4163 3692 4224 sunt,
3745 4163 3804 4214 et

2148 4267 2564 4310 conservorum
2584 4265 2779 4308 curam
2795 4251 3015 4307 habere
3040 4255 3274 4322 oportet
3314 4250 3414 4321 qui
3446 4250 3509 4304 in
3541 4261 3611 4303 ea
3637 4254 3798 4304 sunt.

2147 4346 2348 4415 Neque
2363 4343 2520 4398 enim
2536 4356 2672 4398 eum
2695 4341 2871 4396 edere
2896 4340 3180 4412 oportuit,
3197 4338 3584 4394 conveniebat
3601 4338 3799 4393 solum

2147 4432 2260 4488 hoc
2283 4431 2636 4502 intelligere,
2672 4432 2729 4485 et
2758 4429 2997 4501 quando
3027 4443 3147 4483 non
3179 4433 3272 4483 est
3326 4426 3623 4483 edendum
3672 4432 3796 4481 tum

2145 4520 2465 4594 negligere,
2500 4520 2604 4576 sed
2639 4533 2876 4591 semper
2903 4519 3113 4573 eodem
3175 4517 3351 4573 modo
3409 4531 3472 4572 se
3530 4514 3750 4571 habere
3782 4534 3796 4571 :

2149 4615 2208 4666 et
2228 4614 2367 4663 tunc
2396 4609 2640 4664 edentes
2671 4608 2890 4680 gratias
2921 4619 3095 4679 agere
3127 4606 3287 4677 quod
3345 4605 3628 4660 Dominus
3674 4605 3801 4658 huic

2147 4697 2312 4753 vobis
2343 4698 2402 4752 in
2434 4695 2786 4752 alimentum
2819 4694 3236 4766 praebuerit,et
3264 4707 3421 4747 nunc
3443 4692 3657 4746 merito
3680 4704 3800 4746 non

2149 4787 2345 4852 edere,
2375 4792 2659 4858 tanquam
2689 4785 3079 4841 observantes
3136 4799 3211 4839 ne
3269 4780 3630 4838 oﬂ'endieulo
3671 4781 3802 4835 sitis

2148 4877 2333 4933 servis
2364 4875 2618 4941 Domini,
2651 4874 2979 4943 vestrisque
3013 4870 3333 4928 conservis.

2219 4987 2247 5017 ‹‹
2278 4966 2352 5039 Χ,
2385 4966 2540 5022 29-21
2576 4965 2758 5020 Porro
2789 4962 3215 5019 conscientiam
3247 4959 3403 5028 dico,
3436 4973 3558 5016 non
3613 4963 3800 5028 tuam,

2151 5077 2176 5110 σ
2211 5056 2316 5114 sed
2347 5056 2612 5112 alterius.
2646 5056 2762 5109 Cur
2793 5053 2951 5108 enim
2982 5052 3226 5108 libertas
3258 5065 3391 5106 mea
3400 5049 3708 5123 judicatur
3728 5049 3801 5106 ab

2155 5166 2178 5196 ι
2207 5143 2324 5202 alia
2352 5141 2935 5210 conscientia‘muod
2966 5142 3015 5198 si
3048 5157 3152 5214 ego
3167 5141 3356 5212 gratia
3377 5139 3804 5212 participo,cur

2152 5259 2178 5287 ‹‹
2212 5234 2286 5291 ob
2320 5233 2377 5290 id
2409 5233 2557 5290 mihi
2590 5232 2992 5299 maledicitur,
3026 5246 3132 5304 pro
3165 5247 3283 5302 quo
3304 5231 3805 5304 egogratiasago‘?

2151 5350 2181 5379 ‹‹
2216 5324 2369 5385 520
2400 5324 2526 5382 Sive
2562 5325 2742 5400 igitur
2771 5321 2946 5379 editis
2978 5323 3098 5377 sive
3130 5320 3333 5376 bibitis
3367 5321 3487 5376 sive
3520 5319 3664 5392 quid
3716 5320 3803 5376 i'a-

2153 5440 2181 5467 ‹‹
2214 5416 2366 5484 citis,
2401 5414 2602 5472 omnia
2630 5415 2691 5470 in
2723 5412 2972 5486 gloriam
3007 5412 3110 5467 Dei
3141 5411 3336 5467 facite.
3374 5432 3402 5462 »

2222 5529 2248 5557 ‹‹
2283 5505 2742 5563 Conscientiam.
2782 5526 2809 5554 ››
2842 5501 3026 5559 δι’ωοί
3057 5501 3352 5569 videlicet,
3387 5501 3507 5556 sive
3547 5501 3804 5573 gentilis,

2151 5596 2251 5668 qui
2284 5595 2595 5668 suggessit,
2626 5611 2698 5650 ne
2731 5593 3016 5649 damnum
3050 5590 3331 5664 patiatur.
3365 5612 3395 5639 α
3419 5590 3534 5645 Cur
3549 5588 3709 5644 enim
3734 5585 3804 5642 li-

2149 5686 2348 5742 bertas
2380 5681 2867 5757 meajudicatur?
2889 5691 2967 5739 με
2992 5681 3125 5754 quis
3150 5680 3340 5736 dicat:
3363 5680 3516 5734 Bene
3558 5676 3801 5748 quidem

2149 5771 2323 5832 edere
2357 5772 2745 5846 prohibemur
2775 5777 3018 5846 propter
3064 5771 3318 5826 fratrum
3372 5763 3802 5823 conscientiam
