4118 6386
322 436 435 496 ’791

1446 430 1857 493 (ΕΟΗΜΕΝΙΙ
1899 426 2208 488 TRICCIE
2256 426 2601 490 EPISCOPI

3625 428 3743 488 792

326 570 425 642 qui
459 569 742 624 damnum
774 572 1144 640 paterentur,
1177 573 1237 623 at
1263 566 1337 623 de
1378 566 1593 623 Graecis
1650 577 1979 635 eorumque

2108 561 2447 636 ιωλυόμεθα,
2478 562 2603 638 περὶ
2636 559 2694 619 δί
2721 566 2830 618 τῶν
2863 561 3153 633 Ἑλλήνων
3182 563 3270 617 καὶ
3328 564 3430 632 τὴς
3489 558 3741 633 συνειδή-

326 657 698 715 conscientia
716 672 923 713 curare
945 671 1069 711 non
1092 660 1347 728 oportet,
1365 656 1474 711 ait:
1499 655 1652 721 Quid
1676 654 1838 710 enim
1871 669 1979 708 ne-

328 763 493 805 cesse
526 752 636 813 est,
663 752 733 803 ut
760 745 1007 802 libertas
1035 762 1173 802 mea
1200 762 1320 817 qua
1346 744 1500 801 nihil
1554 745 1823 811 observo,
1874 742 1979 799 sed

328 836 483 892 liber
502 852 636 891 sum
659 852 693 891 a
713 835 985 892 ciborum
1008 834 1438 900 observatione,
1458 834 1764 906 judicetur
1775 833 1848 889 ab
1862 832 1981 888 alia

328 925 697 982 conscientia
716 924 745 980 Ἰ
773 925 885 979 hoc
915 929 1026 993 est,
1058 923 1492 980 condemnetur
1519 938 1555 978 a
1602 922 1787 978 Graeci
1835 937 1978 977 con-

327 1014 578 1070 scientia
598 1014 625 1070 ?
645 1014 811 1070 Dicet
833 1014 990 1070 enim
1007 1018 1075 1069 ut
1094 1012 1414 1069 verisimile
1436 1017 1528 1068 est
1551 1029 1564 1066 :
1587 1011 1823 1067 Fabula:
1842 1015 1982 1066 sunt

328 1120 424 1159 res
454 1104 925 1159 Christianorum
960 1119 973 1157 :
1005 1102 1167 1158 idola
1206 1101 1441 1157 videtur
1498 1100 1855 1168 abominari,
1924 1102 1982 1153 et

327 1192 766 1265 sacrificiaquaa
788 1193 946 1248 inter
968 1209 1036 1248 ea
1059 1197 1217 1260 sunt,
1236 1196 1512 1264 prompto
1531 1191 1729 1246 animo
1780 1204 1983 1244 come-

330 1282 481 1338 dunt
514 1299 527 1336 :
562 1304 589 1333 «
622 1281 788 1348 Quod
819 1282 868 1337 si
899 1297 1005 1354 ego
1032 1282 1224 1353 gratia
1277 1280 1591 1353 participe.
1652 1299 1682 1328 »
1733 1279 1981 1349 Propter

333 1372 581 1445 gratiam
613 1370 738 1439 Dei,
771 1387 904 1442 quae
931 1370 1079 1426 adeo
1121 1369 1443 1425 sublimem
1497 1368 1645 1424 mihi
1704 1365 1981 1439 praestitit

335 1460 753 1532 animum,qui
784 1464 988 1532 posset
1041 1458 1389 1531 persuaderi
1456 1456 1624 1513 nullo
1650 1455 1860 1511 talium
1918 1471 1981 1510 se

327 1549 706 1620 coinquinari
732 1566 746 1617 ;
772 1548 1083 1606 confidens
1103 1565 1241 1622 ergo
1272 1548 1375 1603 Dei
1401 1547 1605 1620 gratiae
1636 1545 1768 1602 edo.
1806 1545 1865 1602 Si
1895 1550 1980 1613 tu,

331 1640 548 1711 inquit,
575 1639 677 1694 Dei
700 1639 891 1711 gratia
908 1638 1101 1695 factus
1130 1655 1195 1694 es
1215 1637 1532 1710 perfectus,
1565 1641 1633 1691 ut
1656 1636 1809 1691 scias
1829 1634 1983 1690 nihil

335 1745 465 1784 esse
489 1729 669 1797 idola,
694 1734 752 1784 et
770 1728 1128 1801 perfectum,
1146 1733 1216 1784 ut
1235 1728 1343 1794 ais,
1364 1727 1549 1783 habes
1565 1726 1854 1792 animum,
1880 1725 1983 1795 qui

338 1817 851 1874 nihilnocumenti
876 1817 1371 1890 suscipiat,etiam
1393 1816 1443 1872 si
1459 1816 1814 1888 participare
1839 1814 1984 1870 velis

333 1908 397 1961 in
417 1905 765 1978 idolothytis
790 1923 803 1961 :
835 1923 942 1961 cur
971 1923 1108 1979 ergo
1139 1906 1396 1978 teipsum
1427 1903 1627 1960 reddis
1649 1901 1984 1959 maledictis

341 1996 690 2063 obnoxium,
721 2002 781 2052 et
809 2012 917 2068 per
946 2001 1003 2051 te
1031 1995 1211 2051 ﬁdem
1241 1996 1432 2068 ipsam
1462 2011 1530 2050 ac
1558 1995 1744 2049 Deum
1765 1992 1793 2047 ‘2
1812 1991 1991 2063 idque

338 2092 480 2141 tunc
504 2091 563 2140 et
582 2086 643 2141 in
667 2101 736 2140 eo
751 2102 859 2157 pro
883 2102 1000 2157 quo
1024 2086 1210 2157 magis
1241 2083 1500 2139 debebas
1543 2083 1763 2156 gratias
1793 2098 1989 2154 agere,

334 2190 472 2229 cum
505 2178 703 2229 mente
734 2173 1032 2245 perfectus
1064 2173 1167 2229 sis.
1198 2174 1332 2244 Ipse
1363 2188 1498 2227 vero
1530 2170 1605 2226 de
1636 2171 1832 2242 seipso
1865 2185 1992 2224 ser-

334 2279 573 2318 monem
606 2262 957 2335 afﬁguravit,
991 2279 1109 2333 quo
1135 2261 1560 2318 modestiorem
1594 2259 1871 2315 redderet
1900 2275 1993 2315 ac-

332 2352 727 2409 cusationem.
762 2350 991 2407 Deinde
1015 2351 1344 2424 subjungit,
1369 2372 1398 2400 «
1430 2350 1556 2405 Sive
1578 2348 1774 2417 editis,
1811 2366 1839 2398 ιι
1878 2352 1990 2403 etc.

334 2443 445 2498 Ubi
475 2441 633 2501 enim
661 2439 962 2513 arguendo
993 2439 1379 2509 cohibuisset,
1404 2439 1533 2512 jam
1572 2438 1768 2494 soluta
1799 2443 1990 2493 trans-

336 2530 691 2601 figuratione
709 2546 889 2600 quam
906 2529 1189 2585 adversus
1211 2528 1475 2600 seipsum
1491 2530 1995 2599 assumpserat,ex

336 2620 563 2675 directo
597 2619 760 2691 ipsos
789 2619 1094 2686 admonet,
1126 2619 1370 2675 dicens:
1401 2641 1422 2668 ι
1453 2618 1580 2672 Sive
1605 2616 1852 2683 editis,»
1880 2621 1993 2673 etc.

339 2732 367 2759 α
403 2710 514 2763 Pro
546 2724 661 2779 quo
694 2724 798 2780 ego
830 2708 1048 2780 gratias
1079 2723 1208 2781 ago.
1257 2729 1279 2756 ι
1342 2709 1481 2779 Ego,
1540 2705 1759 2776 inquit,
1809 2704 1996 2760 edens

339 2797 560 2869 gratias
584 2811 690 2863 ago
722 2812 830 2867 pro
864 2796 966 2851 Dei
997 2795 1207 2865 gratia,
1227 2810 1359 2866 quas
1401 2794 1548 2849 mihi
1590 2793 1858 2849 animum
1891 2792 1999 2846 tri-

342 2885 473 2941 buit
503 2885 820 2940 sublimem
857 2889 917 2940 et
971 2882 1375 2955 impollutum.
1435 2884 1756 2954 Propterea
1804 2880 1994 2937 dicit:

344 2996 372 3025 ‹‹
404 2973 779 3046 Participans
796 2973 1020 3045 gratias
1040 2988 1213 3045 ago.»
1233 2975 1348 3027 Cur
1364 2987 1501 3044 ergo
1526 2970 1600 3027 ob
1633 2970 1693 3026 id
1741 2987 1848 3042 pro
1880 2986 1997 3041 quo

343 3080 450 3137 ego
480 3064 700 3136 gratias
731 3079 862 3136 ago,
890 3063 1005 3118 hoc
1036 3068 1145 3129 est,
1178 3079 1285 3134 pro
1314 3062 1504 3133 gratia
1534 3061 1659 3124 Dei,
1693 3077 1726 3116 a
1782 3058 1999 3115 Graecis

343 3154 491 3209 mihi
504 3152 1134 3209 -maledicitur.Dicent
1148 3153 1309 3208 enim
1328 3151 1622 3223 quosdam
1642 3151 2001 3222 impostores

2088 670 2222 711 σεως
2253 650 2431 706 αὐτῶν
2464 651 2525 706 οὐ
2559 649 2642 706 δεῖ
2671 651 2994 729 φροντίζειν,
3051 650 3203 725 φησί.
3263 648 3358 712 Τίς
3415 650 3520 727 γὰρ
3578 650 3743 731 χρεία

2084 739 2172 794 ’ἱνα
2229 741 2291 795 τὸ
2348 739 2655 815 ἐλευθέριόν
2720 763 2848 816 μου,
2906 742 3181 812 τουτέστι,
3239 742 3301 796 τὸ
3373 739 3742 816 ἀπαραίτητόν

2092 849 2196 903 μου
2254 830 2344 885 καὶ
2399 828 2683 906 ἐλεύθερον
2747 830 3056 906 βρωμάτων
3113 833 3567 906 παρατηρήσεως,
3625 830 3745 904 κρί-

2086 939 2246 988 νηται
2290 919 2394 975 ὑπὸ
2454 918 2637 990 ἄλλης
2696 917 3101 990 συνειδήσεως;
3158 919 3426 988 τουτέστι,
3486 920 3748 993 κατακρί-

2086 1028 2242 1079 νηται
2275 1007 2380 1062 ὑπὸ
2411 1016 2510 1078 τῆς
2537 1014 2636 1064 τοῦ
2666 1007 2945 1079 Ἕλληνος
2977 1005 3340 1080 συνειδήσεως
3366 1027 3379 1077 ;
3414 1010 3564 1084 ’Βρεῖ
3614 1010 3743 1085 γὰρ,

2088 1099 2164 1159 ὡς
2196 1097 2359 1163 εἶκός⁸
2392 1102 2565 1163 Μῦθοι
2604 1100 2673 1155 τὰ
2727 1101 3085 1174 Χριστιανῶν,
3138 1099 3206 1154 τὰ
3257 1096 3464 1155 εἷ’δωλα
3523 1096 3744 1155 δοκοῦσι

2092 1185 2503 1262 βδελύττεσθαι,
2529 1189 2621 1243 καὶ
2675 1189 2745 1244 τὰ
2802 1187 2854 1244 ἐν
2909 1188 3096 1250 αὐτοῖς
3152 1189 3391 1262 θυόμενα
3441 1187 3745 1264 προθύμως

2089 1275 2379 1341 ἐσθίουσιν.
2421 1302 2448 1331 α
2494 1277 2559 1334 Εἴ
2614 1275 2673 1333 δὲ
2726 1278 2834 1354 ἐγὼ
2886 1280 3078 1355 χάριτι
3138 1278 3377 1354 μετέχω.
3415 1303 3444 1331 »
3498 1278 3597 1335 Διὰ
3644 1281 3747 1348 τήν

2089 1367 2253 1443 χάριν
2284 1371 2383 1422 τοῦ
2411 1372 2568 1436 Θεοῦ,
2597 1369 2698 1437 τὴν
2732 1368 2907 1430 οὕτως
2964 1390 3070 1441 μου
3126 1369 3226 1437 τήν
3279 1370 3468 1442 ψυχὴν
3524 1366 3746 1443 ὑψηλὴ,

2090 1458 2416 1527 ποιήσασαν,
2476 1457 2552 1518 ὡς
2609 1458 2891 1512 πεπεῖσθαι
2953 1454 3149 1531 μηδενὶ
3207 1456 3443 1530 τοιούτῳ
3514 1455 3748 1532 μολύνε-

2092 1549 2234 1604 σθαι.
2269 1546 2492 1623 Θαρῥῶν
2522 1547 2614 1601 οὗν
2645 1550 2715 1621 τῇ
2747 1546 2938 1626 χάριτι
2969 1552 3067 1603 τοῦ
3097 1551 3234 1602 Θεοῦ
3290 1547 3474 1611 έσθίω.
3536 1546 3605 1603 Εἴ
3660 1549 3747 1618 σὺ,

2092 1635 2277 1717 φησὶν,
2309 1635 2370 1691 ἐκ
2394 1636 2625 1712 χάριτος
2656 1642 2794 1692 Θεοῦ
2835 1638 3065 1714 γέγονας
3124 1636 3364 1707 τέλειος,
3422 1637 3561 1691 ὥστε
3608 1634 3750 1693 εἶδέ-

2092 1746 2178 1780 ναι
2213 1721 2384 1798 μηδὶν
2416 1725 2663 1780 εἶναιτὰ
2720 1722 2947 1792 εἴδωλα,
3003 1725 3094 1781 καὶ
3152 1724 3612 1801 κατηρτισμένην,
3672 1727 3749 1789 ὡς

2094 1813 2296 1892 λέγεις,
2328 1810 2478 1890 ἔχεις
2506 1815 2607 1884 τήν
2638 1815 2848 1890 ψυχὴν,
2880 1815 2959 1878 εἷς
2995 1816 3059 1870 τὸ
3123 1812 3293 1889 μηδὲν
3346 1809 3745 1891 παραϐλάπτε-

2018 1932 2066 1998 Β
2094 1917 2238 1998 σθαι,
2270 1903 2368 1959 κᾶν
2405 1909 2695 1998 μετασχεῖν
2738 1903 3040 1998 Δβουληθῇς
3076 1909 3184 1998 τῶν
3242 1902 3642 1998 εἰδωλοθύτων,
3691 1905 3746 1961 τί

2096 1992 2539 2074 βλασφημεῖσθαι
2598 1994 2790 2049 σαυτὸν
2850 1994 3296 2069 παρασκευάζεις,
3350 1994 3443 2049 καὶ
3500 1991 3589 2049 διὰ
3648 1998 3746 2050 σοῦ

2089 2085 2189 2153 τήν
2222 2083 2401 2139 πίστιν
2431 2081 2637 2139 καὶτὸν
2668 2082 2797 2139 Θεόν
2833 2102 2847 2153 ;
2881 2084 2989 2139 Καὶ
3033 2083 3156 2139 τότε
3205 2082 3289 2139 ἐπ’
3347 2083 3554 2157 ἐκείνῳ,
3614 2083 3750 2159 ὑπὲρ

2094 2174 2156 2229 οῦ
2192 2170 2408 2247 μᾶλλον
2443 2169 2676 2252 ὢφειλες
2729 2171 3093 2248 εὐχαριστεῖν,
3125 2172 3436 2235 τελειωθεὶς
3474 2174 3573 2241 τὴν
3632 2169 3753 2227 διά-

2093 2282 2283 2332 νοιανς
2326 2261 2504 2324 Αὐτὸς
2544 2259 2602 2317 δὲ
2628 2261 2708 2342 ἐφ’
2771 2263 2964 2317 ἑαυτοῦ
3014 2262 3106 2317 τὸν
3167 2260 3335 2338 λόγον
3391 2261 3757 2338 ξσχημάτισε,

2100 2352 2461 2426 μετριώτεςον
2491 2352 2584 2407 τὸν
2618 2348 2850 2427 ἔλεγχον
2877 2356 3077 2407 ποιῶν.
3121 2352 3258 2409 Εἶτα
3310 2350 3516 2427 ἐπάγει·
3569 2376 3598 2404 ‹‹
3632 2351 3760 2410 Εἴτε

2095 2439 2321 2511 ἐσθίετε,
2355 2440 2501 2496 »καὶ
2561 2440 2707 2510 ἑξῆς.
2768 2439 2874 2497 Καὶ
2928 2440 3020 2495 ὅτε
3074 2444 3183 2496 τῶν
3239 2439 3484 2516 ἐλέγχων
3533 2434 3756 2510 ἔπαυσε,

2095 2530 2221 2586 τότε
2258 2531 2349 2586 τὸν
2381 2529 2459 2592 εἷς
2491 2530 2676 2585 ἑαυτὸν
2723 2527 2894 2591 λύσας
2958 2530 3514 2605 μετασχηματισμὸν,
3572 2527 3623 2602 ἐξ
3666 2531 3758 2585 εὗ-

2098 2619 2242 2683 θείας
2273 2620 2464 2681 αὐτοῖς
2493 2623 2766 2696 παραινεῖ,
2833 2618 3030 2694 λέγων’
3085 2644 3113 2671 ‹‹
3149 2619 3272 2676 Ε’ἰτε
3322 2617 3545 2688 ἐσθίετε,
3581 2645 3603 2674 ι
3666 2621 3758 2675 καὶ

2099 2711 2244 2780 ἑξῆς,
2306 2734 2335 2762 (ι
2395 2710 2555 2784 Ὑπὲρ
2615 2709 2678 2763 οῦ
2735 2709 2846 2784 ἐγὼ
2904 2708 3236 2788 εὐχαριστῶ.
3273 2734 3300 2761 ››
3353 2710 3521 2783 Ἐγὼ,
3575 2710 3762 2787 φησὶν,

2104 2799 2235 2873 ὑπὲρ
2260 2802 2357 2853 τοῦ
2388 2798 2577 2874 χάριτι
2625 2801 2760 2853 Θεοῦ
2820 2818 2916 2870 μοι
2978 2798 3078 2867 τήν
3148 2798 3334 2873 ψυχὴν
3393 2797 3613 2873 ὑψηλὴν
3670 2801 3762 2855 καὶ

2102 2891 2415 2964 ἆμὸλυντον
2447 2891 2740 2965 ὑπάρχειν,
2801 2890 3114 2968 εὐχαριστῷ
3168 2890 3387 2949 ἐσθίων.
3447 2891 3542 2947 Διὰ
3595 2894 3758 2945 τοῦτο

2106 2980 2276 3056 λέγει·
2314 2978 2632 3055 «Μετέχων
2703 2979 3038 3054 εὐχαριστῶ.
3076 3004 3097 3030 ι
3159 2980 3311 3035 Διατί
3369 2980 3462 3035 οῦν
3511 2980 3640 3055 ὑπὲρ
3692 2978 3755 3034 οὗ

2102 3068 2215 3146 ἐγὼ
2271 3069 2603 3145 εὐχαριστῶ,
2660 3070 2938 3124 τοῦτέστιν
3005 3066 3141 3144 ὕπερ
3198 3076 3298 3139 τῆς
3379 3069 3605 3145 χάριτος
3659 3071 3757 3124 τοῦ

2104 3164 2259 3230 Θεοῦ,
2322 3159 2428 3214 ἀπὸ
2483 3162 2593 3213 τῶν
2653 3155 2944 3229 Ἐλλήνων
3011 3155 3502 3238 βλασφημοῦμαι;
3561 3160 3761 3233 Εροῦσι

347 3261 459 3300 nos
478 3261 606 3300 esse
628 3248 689 3298 et
708 3242 1049 3311 mendaces,
1083 3243 1188 3314 qui
1203 3241 1361 3297 idola
1373 3241 1617 3313 quidem
1638 3256 1999 3303 aversemur,

350 3340 405 3355 ,Α
434 3334 654 3355 _..-__2-
722 3349 846 3355 ---μ
902 3332 982 3355 ξιξ
1032 3337 1407 3355 -_._-_--_L--_
1468 3330 1973 3355 _-_....--..2--...nn

2110 3253 2217 3329 γὰρ
2252 3249 2480 3325 εἴρωνάς
2504 3271 2655 3313 τινας
2693 3251 2783 3305 καὶ
2843 3247 3239 3325 ψευδολόγους,
3285 3251 3351 3305 τὰ
3403 3253 3501 3325 μὲν
3559 3247 3765 3305 εἴδωλα

347 3340 410 3389 at
432 3334 658 3388 mensis
716 3349 849 3402 quae
902 3332 986 3387 ibi
1027 3337 1407 3404 exponuntur
1462 3330 1996 3386 communicemus.

352 3445 379 3471 ι(
413 3422 542 3476 Sive
572 3437 709 3493 ergo
742 3421 940 3477 editis.
978 3443 1005 3471 ι)
1038 3425 1144 3488 Ita,
1186 3421 1405 3492 inquit,
1463 3421 1661 3475 omnia
1712 3419 1910 3487 facite,
1943 3423 2009 3472 ut

352 3511 729 3566 occasionem
760 3509 1136 3581 gloriﬁcandi
1169 3511 1355 3565 Deum
1413 3509 1754 3581 prmbeatis,
1815 3512 1884 3561 ut
1940 3522 2011 3561 ea

353 3615 486 3671 quae
517 3614 677 3654 nunc
707 3599 864 3654 ﬁunt
891 3615 1012 3655 una
1042 3615 1177 3656 cum
1207 3599 1535 3672 ignominia
1564 3603 1624 3652 et
1653 3596 2008 3653 infidelitate

352 3704 467 3760 per.
488 3687 669 3743 ﬁdem
699 3688 1109 3755 conferantur,
1145 3688 1300 3744 sicut
1325 3687 1549 3743 dictum
1580 3692 1689 3743 est.

348 3818 351 3829 .
427 3778 573 3835 521
612 3780 685 3844 X,
716 3779 807 3841 32,
837 3778 941 3844 33;
973 3777 1076 3845 XI,
1110 3779 1160 3835 1.
1195 3799 1224 3828 ‹‹
1256 3777 1394 3833 Sitis
1415 3776 1650 3832 nullum
1672 3775 2011 3848 prmbentes

351 3882 386 3918 ·‹‹
412 3865 864 3935 offendiculum,
890 3882 1085 3938 neque
1115 3866 1356 3933 Iudaeis,
1388 3882 1583 3938 neque
1614 3864 1855 3935 Graecis,
1898 3880 2009 3920 ne-

357 3977 386 4008 κ
418 3972 532 4027 que
560 3956 842 4013 Ecclesia;
874 3957 996 4027 Dei,
1029 3955 1536 4028 quemadmodum
1565 3972 1671 4028 ego
1714 3971 1822 4027 per
1880 3970 2013 4010 om-

361 4062 383 4093 ι
415 4045 518 4099 nia
547 4044 826 4100 omnibus
864 4044 1071 4116 placeo
1103 4061 1223 4100 non
1257 4060 1534 4117 quaerens
1573 4060 1771 4099 meam
1825 4044 2015 4115 ipsius

353 4156 381 4184 «
418 4134 760 4202 utilitatem,
795 4133 899 4189 sed
929 4134 1281 4201 multorum,
1313 4139 1382 4189 ut
1411 4133 1554 4189 salvi
1581 4134 1748 4189 ﬁant.
1808 4132 2015 4187 Imita-

354 4246 383 4274 «
421 4229 577 4278 tores
605 4223 723 4277 mei
756 4228 966 4291 estote,
998 4222 1154 4277 sicut
1185 4227 1247 4277 et
1276 4238 1381 4295 ego
1412 4221 1653 4276 Christi.
1688 4242 1719 4272 ι)

426 4310 721 4367 «Nullum
754 4310 1090 4383 praebentes
1151 4311 1603 4366 offendiculum.
1657 4332 1685 4360 ››
1738 4311 1855 4365 Hoc
1902 4317 2012 4374 est,

356 4400 585 4456 nullam
600 4401 880 4472 cuiquam
896 4399 1231 4471 praebentes
1244 4400 1617 4471 vituperandi
1633 4400 2010 4456 occasionem.

356 4490 484 4545 Fiet
503 4495 702 4545 autem
722 4489 836 4545 hoc
854 4489 902 4544 si
926 4505 1122 4560 neque
1145 4487 1371 4560 Judteo,
1386 4504 1582 4559 neque
1604 4490 1804 4546 Graeco
1828 4488 2015 4544 simus

2113 3340 2273 3411 δῆθεν
2303 3341 2824 3418 ἀπεστρεφομένους,
2872 3345 3265 3404 κοινωνοῦντας
3319 3338 3377 3396 δὲ
3430 3341 3541 3395 τῶν
3592 3338 3765 3395 ἐκεῖσε

2104 3434 2462 3504 τραπεζῶν,‹‹
2495 3427 2624 3485 Εἴτε
2670 3430 2761 3484 οῦν
2815 3427 3035 3488 ἐσθίετε.
3071 3452 3099 3481 ››
3156 3430 3365 3501 Οὕτως,
3422 3429 3574 3506 φησὶ,
3626 3429 3765 3483 πάν-

2106 3540 2172 3576 τα
2202 3519 2488 3594 πράττετε,
2514 3516 2607 3575 ’ίνα
2661 3524 2760 3574 τοῦ
2822 3516 3137 3589 δοξάζεσθαι
3194 3519 3285 3575 τὸν
3323 3520 3453 3574 Θεὸν
3508 3518 3765 3596 ἀφορμὰς

2105 3608 2414 3686 παρέχητε,
2474 3609 2549 3672 ὡς
2607 3610 2675 3665 τά
2710 3630 2770 3686 γε
2827 3614 2919 3664 νῦν
2978 3609 3254 3687 γινόμενα,
3314 3610 3404 3665 καὶ
3457 3606 3645 3678 ἀδοξία
3695 3611 3767 3682 τῇ

2110 3700 2290 3755 πίστει
2322 3694 2734 3774 προστρίϐεται,
2764 3699 2947 3762 καθὼς
2979 3698 3218 3776 εἴρηται.

2180 3788 2552 3864 Ἀπρόσκοποι
2620 3788 2835 3864 γίνεσθε
2888 3788 2980 3844 καὶ
3067 3786 3378 3857 Ἰουδαίοις,
3458 3789 3548 3843 καὶ
3628 3786 3763 3843 Ἕλ-

2110 3877 2270 3950 λησι,
2323 3880 2418 3935 καὶ
2475 3882 2544 3954 τῇ
2611 3877 2921 3951 Ἐκκλησία
2973 3883 3073 3935 τοῦ
3129 3884 3284 3948 Θεοῦ,
3368 3880 3551 3941 καθὼς
3616 3878 3767 3955 κάγὼ

2111 3970 2288 4024 πάντα
2316 3974 2476 4024 πᾶσιν
2536 3967 2769 4042 ἀρέσκω,
2836 3969 2911 4042 μὴ
2976 3974 3155 4039 ζητῶν
3211 3970 3276 4024 τὸ
3333 3967 3570 4042 ἐμαυτοῦ
3629 3989 3767 4042 συμ-

2110 4058 2295 4139 φέρον,
2356 4055 2507 4112 ἀλλὰ
2557 4062 2665 4112 τῶν
2725 4056 2978 4127 πολλῶν,
3037 4057 3127 4113 ’ἱνα
3187 4060 3425 4114 σωθῶσι.

2118 4169 2224 4222 μου
2247 4147 2475 4224 γίνεσθε,
2505 4147 2688 4211 καθὼς
2719 4147 2874 4223 κάγὼ
2906 4151 3160 4222 Χριστοῦ,

3515 4058 3771 4131 Μιμηταί

2194 4332 2216 4360 α
2251 4310 2648 4384 ’Λπρόσκοποι,
2678 4332 2706 4360 ››
2753 4307 3027 4379 τουτέστι,
3090 4305 3364 4382 μηδεμίαν
3420 4305 3611 4382 μηδενῖ
3669 4309 3774 4380 ψό-

2112 4423 2214 4477 γου
2281 4400 2616 4480 παρέχοντες
2674 4401 2954 4478 ἀφορμήν.
3042 4402 3229 4457 Ἔσται
3289 4398 3347 4456 δὲ
3410 4404 3602 4465 τοῦτο,

2121 4493 2260 4565 μήτε
2288 4488 2558 4561 Ἕλληνα,
2597 4492 2738 4563 μήτε
2788 4486 3051 4548 Ἰουδαῖον
3112 4487 3582 4563 σκανδαλίσωμεν,
3639 4492 3778 4561 μήτε

3687 4400 3777 4454 ἐὰν

359 4580 744 4650 offendicula,
774 4596 970 4651 neque
1001 4579 1246 4634 omnino
1274 4578 1582 4647 fratribus,
1614 4596 1754 4636 nam
1796 4580 1845 4635 si
1877 4592 1999 4635 sunt

2124 4583 2232 4654 μὴν
2259 4581 2389 4642 τοὺς
2421 4577 2709 4657 ἀδελφούς.
2740 4576 2908 4636 Οὗτοι
2937 4579 3042 4653 γὰρ
3073 4581 3108 4649 ἡ
3142 4577 3444 4650 Ἐκκλησία
3472 4583 3570 4634 τοῦ
3618 4581 3776 4637 Θεοῦ,

363 4670 628 4726 Ecclesia
658 4669 779 4725 Dei.
815 4668 1143 4725 Considera
1180 4685 1317 4725 vero
1348 4669 1506 4741 quod
1537 4677 1839 4742 postremo
1882 4669 1999 4724 locc

2120 4671 2263 4744 Ὅρα
2292 4666 2432 4724 δὲτὸ
2468 4673 2673 4743 μεῖζον,
2706 4663 2941 4743 ἔσχατον
2995 4668 3137 4725 εἶπε.
3194 4667 3292 4722 Καὶ
3342 4668 3447 4743 γὰρ
3504 4666 3593 4722 καὶ
3649 4667 3778 4729 τοὺς

359 4759 627 4832 posuerit
655 4759 714 4815 id
745 4758 905 4831 quod
936 4759 1132 4830 majus
1165 4764 1273 4814 est.
1310 4758 1614 4831 Siquidem
1652 4760 1802 4816 alios
1830 4760 2009 4815 etiam

359 4849 635 4903 convenit
665 4848 737 4903 ad
770 4848 949 4903 ﬁdem
979 4848 1301 4917 attrahere,
1336 4853 1394 4903 et
1425 4863 1547 4902 non
1580 4864 1682 4903 eos
1740 4847 1840 4917 qui
1882 4846 2014 4917 jam

359 4936 572 4991 fratres
604 4943 743 4991 sunt
772 4937 1100 5008 impellere.
1116 4937 1218 4991 His
1234 4942 1433 4991 autem
1455 4936 1649 4991 verbis
1672 4952 1883 4990 omnes
1908 4934 2014 4990 de—

361 5023 556 5095 signat
587 5024 688 5095 qui
721 5042 789 5080 ex
841 5041 910 5080 eo
970 5024 1431 5081 offendebantur
1478 5024 1639 5095 quod
1689 5022 2019 5095 idolothyta

362 5110 627 5167 ederent.
666 5135 694 5162 α
726 5113 1241 5178 Quemadmodum
1273 5128 1400 5186 ego.
1436 5134 1465 5165 ››
1490 5113 1711 5169 Deinde
1733 5113 1876 5183 quia
1890 5128 2017 5168 rem

364 5207 729 5272 praeceperat
749 5201 1077 5270 difficilem,
1095 5219 1229 5259 reos
1248 5204 1412 5258 enim
1442 5202 1667 5258 fecerat
1691 5201 1893 5258 damni
1915 5202 2017 5256 Ju-

365 5289 630 5345 daeorum
662 5306 731 5345 ac
762 5291 1121 5360 Graecorum,
1154 5291 1418 5363 seipsum
1447 5291 1648 5363 posuit
1703 5291 1765 5346 in
1820 5307 2019 5347 exem-

364 5377 553 5449 plum,
587 5378 853 5433 efﬁciens
886 5394 993 5449 per
1006 5380 1120 5435 hoc
1140 5385 1208 5435 ut
1228 5396 1426 5435 sermo
1442 5379 1614 5435 facile
1640 5379 2019 5452 suscipiatur.

363 5492 390 5517 ιι
428 5469 543 5522 Per
573 5468 777 5524 omnia
807 5467 1084 5524 omnibus
1109 5468 1338 5541 placeo.
1388 5489 1416 5518 η
1478 5471 1560 5523 Ac
1617 5469 1667 5523 si
1726 5468 1974 5524 dixisset
2005 5486 2019 5524 :

368 5556 662 5613 Omnibus
693 5556 766 5613 ad
796 5557 1001 5612 omnia
1025 5557 1271 5629 placeo;
1307 5557 1468 5629 quod
1529 5558 1709 5613 etiam
1762 5557 1910 5613 dixit
1959 5558 2022 5613 in

368 5646 778 5718 superioribus
813 5663 827 5703 :
863 5646 1152 5702 Omnibus
1185 5647 1387 5703 omnia
1413 5646 1605 5702 factus
1636 5664 1767 5702 sum
1798 5652 1866 5703 ut
1893 5664 2020 5703 om—

369 5737 513 5791 nino
544 5737 778 5808 aliquos
815 5736 1011 5791 salvos
1035 5735 1272 5791 faciam.
1304 5757 1333 5786 «
1370 5737 1497 5791 Non
1529 5753 1804 5807 quaerens
1826 5752 2024 5792 meam

2123 4755 2333 4820 ἄλλους
2392 4756 2708 4835 ἐφέλκεσθαι
2767 4758 3035 4832 προσήκει
3093 4757 3230 4831 πρὸς
3288 4758 3390 4825 τὴν
3449 4757 3654 4823 πίστιν,
3714 4757 3779 4811 οὐ

2128 4848 2204 4920 μὴ
2235 4847 2328 4901 καὶ
2356 4846 2483 4910 τοὺς
2510 4843 2786 4926 ἀδελφοὺς
2818 4843 3058 4903 διώκειν.
3105 4846 3373 4918 Σημαίνει
3432 4842 3491 4899 δὲ
3535 4843 3595 4900 ἐκ
3651 4845 3779 4899 τοῦ-

2121 4955 2233 4990 των
2265 4938 2373 4989 τῶν
2434 4933 2698 5011 ῥημάτων
2746 4935 2948 4997 πάντας
2997 4930 3521 5007 σκανδαλιζομένους
3570 4933 3630 4987 ἐκ
3682 4938 3780 4988 τοῦ

2124 5025 2325 5089 ἐσθίειν
2386 5023 2590 5088 αὐτοὺς
2649 5022 3005 5083 εἰδωλόθυτα.
3073 5046 3094 5074 ι
3158 5024 3345 5085 Καθὼς
3428 5023 3581 5100 κάγὼ
3650 5025 3783 5096 Χρι-

2128 5118 2277 5171 στοῦ.
2310 5137 2339 5167 »
2371 5115 2510 5171 Εἶτα
2560 5110 2749 5184 ἐπειδή
2810 5111 3077 5190 δυσχερὲς
3131 5111 3377 5182 ἐπέταξεν
3434 5110 3785 5185 (ὑπευθύνους

2127 5205 2230 5280 γὰρ
2262 5202 2464 5266 αὐτοὺς
2504 5203 2727 5275 ἐποίησε
2782 5204 2874 5259 καὶ
2932 5211 3034 5272 τῆς
3089 5199 3365 5259 Ἰουδαίων
3432 5199 3522 5255 καὶ
3580 5198 3788 5272 Ἐλλή-

2129 5314 2236 5347 νων
2291 5287 2550 5367 βκάϐης),
2609 5292 2800 5348 ἑαυτὸν
2859 5292 2934 5354 εἰς
2990 5288 3342 5367 παράδειγμα
3395 5290 3657 5357 τέθεικεν,
3712 5290 3794 5345 εὖ-

2133 5378 2467 5456 παράδεκτον
2498 5381 2669 5455 ταύτῃ
2703 5382 3117 5450 κατασκευάζων
3162 5379 3253 5434 τὸν
3311 5376 3507 5453 λόγον.
3558 5404 3586 5431 ει
3620 5381 3793 5436 Πάντα

2131 5476 2293 5526 πᾶσιν
2355 5470 2617 5545 ἀρέσκων.
2666 5493 2694 5521 ››
2767 5472 2857 5532 Ὠς
2916 5470 2962 5525 εἰ
3021 5470 3194 5524 εἶπεν*
3254 5468 3349 5529 Εἰς
3409 5469 3583 5523 πάντα
3639 5473 3795 5522 πᾶσιν

2132 5556 2365 5634 ἀρέσκω·
2404 5558 2537 5632 ὅπερ
2567 5557 2659 5612 καὶ
2703 5555 2816 5612 ἅνω
2875 5555 3051 5635 ἔλεγε·
3115 5559 3248 5618 Τοῖς
3301 5562 3433 5611 πᾶσι
3482 5556 3675 5631 γέγονα
3729 5554 3796 5609 τὰ

2133 5647 2329 5715 πάντα,
2383 5643 2478 5701 ’ίνα
2535 5648 2753 5712 πάντως
2802 5647 2950 5709 τινὰς
3008 5647 3193 5701 σώσω.
3254 5670 3285 5699 ‹‹
3350 5647 3441 5715 Μὴ
3501 5647 3675 5714 ζητῶν
3724 5644 3793 5698 τὸ

2137 5735 2401 5809 ἐμαυτοῦ.
2440 5759 2468 5787 ι»
2498 5736 2587 5799 Ὠς
2618 5738 2744 5792 ὃταν
2784 5734 2989 5813 ἔλεγενσ
3050 5760 3079 5787 α
3112 5734 3391 5814 Ηῦχόμην
3437 5734 3676 5806 ἀνάθεμα
3723 5733 3801 5788 εῖ-
