  <div class='ocr_page' id='page_1' title='image "/cluster/home/n/w/nwhite01/storage/ocr_20150623/118:no.1/coo.31924054870229/410.png"; bbox 0 0 4118 6370; ppageno 0'>
   <div class='ocr_carea' id='block_1_1' title="bbox 439 401 560 459">
    <p class='ocr_par' dir='ltr' id='par_1_1' title="bbox 439 401 560 459">
     <span class='ocr_line' id='line_1_1' title="bbox 439 401 560 459; baseline -0.008 0"><span class='ocrx_word' id='word_1_1' title='bbox 439 401 560 459; x_wconf 81' lang='lat'><strong>793</strong></span> 
     </span>
    </p>
   </div>
   <div class='ocr_carea' id='block_1_2' title="bbox 1402 397 2886 464">
    <p class='ocr_par' dir='ltr' id='par_1_2' title="bbox 1402 397 2886 464">
     <span class='ocr_line' id='line_1_2' title="bbox 1402 397 2886 464; baseline -0.001 -2"><span class='ocrx_word' id='word_1_2' title='bbox 1402 400 1821 464; x_wconf 84' lang='lat' dir='ltr'>COMMENT.</span> <span class='ocrx_word' id='word_1_3' title='bbox 1868 399 1953 461; x_wconf 78' lang='grc' dir='ltr'><strong>ΙΝ</strong></span> <span class='ocrx_word' id='word_1_4' title='bbox 1999 397 2256 460; x_wconf 83' lang='lat' dir='ltr'>EPIST.</span> <span class='ocrx_word' id='word_1_5' title='bbox 2303 398 2328 459; x_wconf 87' lang='grc' dir='ltr'>Ι</span> <span class='ocrx_word' id='word_1_6' title='bbox 2374 401 2475 460; x_wconf 80' lang='grc' dir='ltr'>ΑΙ)</span> <span class='ocrx_word' id='word_1_7' title='bbox 2521 399 2886 460; x_wconf 80' lang='lat' dir='ltr'>CORINTH.</span> 
     </span>
    </p>
   </div>
   <div class='ocr_carea' id='block_1_3' title="bbox 3733 394 3853 453">
    <p class='ocr_par' dir='ltr' id='par_1_3' title="bbox 3733 394 3853 453">
     <span class='ocr_line' id='line_1_3' title="bbox 3733 394 3853 453; baseline -0.008 0"><span class='ocrx_word' id='word_1_8' title='bbox 3733 394 3853 453; x_wconf 75' lang='lat'>794</span> 
     </span>
    </p>
   </div>
   <div class='ocr_carea' id='block_1_4' title="bbox 440 529 2075 611">
    <p class='ocr_par' dir='ltr' id='par_1_4' title="bbox 440 531 2071 611">
     <span class='ocr_line' id='line_1_4' title="bbox 440 531 2071 611; baseline 0.001 -26"><span class='ocrx_word' id='word_1_9' title='bbox 440 553 527 587; x_wconf 80' lang='grc' dir='ltr'>ναι</span> <span class='ocrx_word' id='word_1_10' title='bbox 558 533 662 587; x_wconf 63' lang='grc' dir='ltr'>ὰπὸ</span> <span class='ocrx_word' id='word_1_11' title='bbox 718 535 816 586; x_wconf 86' lang='grc' dir='ltr'>τοῦ</span> <span class='ocrx_word' id='word_1_12' title='bbox 873 535 1119 606; x_wconf 75' lang='grc' dir='ltr'>Χριστοῦ</span> <span class='ocrx_word' id='word_1_13' title='bbox 1181 532 1314 608; x_wconf 72' lang='grc' dir='ltr'>ὑπὲρ</span> <span class='ocrx_word' id='word_1_14' title='bbox 1369 537 1478 588; x_wconf 90' lang='grc' dir='ltr'>τῶν</span> <span class='ocrx_word' id='word_1_15' title='bbox 1533 531 1785 611; x_wconf 78' lang='grc' dir='ltr'>ἀδελφῶν</span> <span class='ocrx_word' id='word_1_16' title='bbox 1839 554 1942 605; x_wconf 84' lang='grc' dir='ltr'>μου</span> <span class='ocrx_word' id='word_1_17' title='bbox 2001 552 2071 587; x_wconf 88' lang='grc' dir='ltr'>κα</span> 
     </span>
    </p>
   </div>
   <div class='ocr_carea' id='block_1_5' title="bbox 2192 529 3853 611">
    <p class='ocr_par' dir='ltr' id='par_1_5' title="bbox 2203 529 3853 604">
     <span class='ocr_line' id='line_1_5' title="bbox 2203 529 3853 604; baseline -0.002 -18"><span class='ocrx_word' id='word_1_18' title='bbox 2203 532 2390 604; x_wconf 83' lang='lat' dir='ltr'>ipsius</span> <span class='ocrx_word' id='word_1_19' title='bbox 2411 533 2752 590; x_wconf 81' lang='lat' dir='ltr'>utilitatem.</span> <span class='ocrx_word' id='word_1_20' title='bbox 2781 555 2808 582; x_wconf 84' lang='lat'>»</span> <span class='ocrx_word' id='word_1_21' title='bbox 2843 533 3034 588; x_wconf 84' lang='lat' dir='ltr'>Veluti</span> <span class='ocrx_word' id='word_1_22' title='bbox 3065 549 3198 588; x_wconf 84' lang='lat' dir='ltr'>cum</span> <span class='ocrx_word' id='word_1_23' title='bbox 3230 531 3502 588; x_wconf 88' lang='lat' dir='ltr'>dicebat:</span> <span class='ocrx_word' id='word_1_24' title='bbox 3536 553 3562 579; x_wconf 86' lang='lat'><strong>«</strong></span> <span class='ocrx_word' id='word_1_25' title='bbox 3589 529 3853 602; x_wconf 88' lang='lat' dir='ltr'>Optarim</span> 
     </span>
    </p>
   </div>
   <div class='ocr_carea' id='block_1_6' title="bbox 437 623 2095 698">
    <p class='ocr_par' dir='ltr' id='par_1_6' title="bbox 437 623 2095 698">
     <span class='ocr_line' id='line_1_6' title="bbox 437 623 2095 698; baseline 0 -20"><span class='ocrx_word' id='word_1_26' title='bbox 437 628 544 678; x_wconf 89' lang='grc' dir='ltr'>τῶν</span> <span class='ocrx_word' id='word_1_27' title='bbox 573 624 842 698; x_wconf 85' lang='grc' dir='ltr'>συγγενῶν</span> <span class='ocrx_word' id='word_1_28' title='bbox 893 642 1020 694; x_wconf 89' lang='grc' dir='ltr'>μου.</span> <span class='ocrx_word' id='word_1_29' title='bbox 1057 645 1084 673; x_wconf 80' lang='grc'>››</span> <span class='ocrx_word' id='word_1_30' title='bbox 1149 624 1327 678; x_wconf 83' lang='grc' dir='ltr'>Τοῦτο</span> <span class='ocrx_word' id='word_1_31' title='bbox 1379 623 1482 698; x_wconf 77' lang='grc' dir='ltr'>γὰρ</span> <span class='ocrx_word' id='word_1_32' title='bbox 1537 624 1771 696; x_wconf 84' lang='grc' dir='ltr'>μίμησις</span> <span class='ocrx_word' id='word_1_33' title='bbox 1829 625 2095 697; x_wconf 80' lang='grc' dir='ltr'>Χριστοῦ.</span> 
     </span>
    </p>
   </div>
   <div class='ocr_carea' id='block_1_7' title="bbox 437 709 2099 785">
    <p class='ocr_par' dir='ltr' id='par_1_7' title="bbox 437 709 2099 785">
     <span class='ocr_line' id='line_1_7' title="bbox 437 709 2099 785; baseline -0.002 -17"><span class='ocrx_word' id='word_1_34' title='bbox 437 714 502 768; x_wconf 88' lang='grc' dir='ltr'>τὸ</span> <span class='ocrx_word' id='word_1_35' title='bbox 531 713 606 785; x_wconf 82' lang='grc' dir='ltr'>μὴ</span> <span class='ocrx_word' id='word_1_36' title='bbox 640 712 853 781; x_wconf 70' lang='grc' dir='ltr'>ἑαυτοῦ,</span> <span class='ocrx_word' id='word_1_37' title='bbox 879 709 1026 766; x_wconf 70' lang='grc' dir='ltr'>ἀλλὰ</span> <span class='ocrx_word' id='word_1_38' title='bbox 1062 715 1168 766; x_wconf 87' lang='grc' dir='ltr'>τῶν</span> <span class='ocrx_word' id='word_1_39' title='bbox 1224 710 1463 782; x_wconf 78' lang='grc' dir='ltr'>πλησίον</span> <span class='ocrx_word' id='word_1_40' title='bbox 1519 709 1796 782; x_wconf 70' lang='grc' dir='ltr'>κήδεσθαι.</span> <span class='ocrx_word' id='word_1_41' title='bbox 1837 737 1858 762; x_wconf 82' lang='grc' dir='ltr'>ι</span> <span class='ocrx_word' id='word_1_42' title='bbox 1921 709 2099 768; x_wconf 84' lang='grc' dir='ltr'>Ἀλλὰ</span> 
     </span>
    </p>
   </div>
   <div class='ocr_carea' id='block_1_8' title="bbox 439 799 2094 878">
    <p class='ocr_par' dir='ltr' id='par_1_8' title="bbox 439 799 2094 878">
     <span class='ocr_line' id='line_1_8' title="bbox 439 799 2094 878; baseline -0.003 -20"><span class='ocrx_word' id='word_1_43' title='bbox 439 803 504 858; x_wconf 89' lang='grc' dir='ltr'>τὸ</span> <span class='ocrx_word' id='word_1_44' title='bbox 533 806 642 856; x_wconf 90' lang='grc' dir='ltr'>τῶν</span> <span class='ocrx_word' id='word_1_45' title='bbox 681 799 932 858; x_wconf 79' lang='grc' dir='ltr'>πολλῶν.</span> <span class='ocrx_word' id='word_1_46' title='bbox 966 826 995 853; x_wconf 90' lang='grc'>››</span> <span class='ocrx_word' id='word_1_47' title='bbox 1028 835 1095 844; x_wconf 90' lang='grc'><strong>-</strong></span> <span class='ocrx_word' id='word_1_48' title='bbox 1125 803 1341 875; x_wconf 78' lang='grc' dir='ltr'>[ΦΩΤ.]</span> <span class='ocrx_word' id='word_1_49' title='bbox 1373 802 1448 857; x_wconf 85' lang='grc' dir='ltr'>Τὸ</span> <span class='ocrx_word' id='word_1_50' title='bbox 1478 806 1585 858; x_wconf 90' lang='grc' dir='ltr'>τῶν</span> <span class='ocrx_word' id='word_1_51' title='bbox 1642 801 1890 871; x_wconf 81' lang='grc' dir='ltr'>πολλῶν,</span> <span class='ocrx_word' id='word_1_52' title='bbox 1939 801 2094 878; x_wconf 83' lang='grc' dir='ltr'>φησὶ,</span> 
     </span>
    </p>
   </div>
   <div class='ocr_carea' id='block_1_9' title="bbox 439 888 2093 969">
    <p class='ocr_par' dir='ltr' id='par_1_9' title="bbox 439 888 2093 969">
     <span class='ocr_line' id='line_1_9' title="bbox 439 888 2093 969; baseline -0.001 -23"><span class='ocrx_word' id='word_1_53' title='bbox 439 890 732 969; x_wconf 77' lang='grc' dir='ltr'>συμφέρον,</span> <span class='ocrx_word' id='word_1_54' title='bbox 763 888 905 963; x_wconf 76' lang='grc' dir='ltr'>ἤπερ</span> <span class='ocrx_word' id='word_1_55' title='bbox 948 893 1010 945; x_wconf 86' lang='grc' dir='ltr'>τὸ</span> <span class='ocrx_word' id='word_1_56' title='bbox 1068 889 1326 963; x_wconf 80' lang='grc' dir='ltr'>ἐμαυτοῦ.</span> <span class='ocrx_word' id='word_1_57' title='bbox 1387 888 1612 962; x_wconf 83' lang='grc' dir='ltr'>Ἐπειδὴ</span> <span class='ocrx_word' id='word_1_58' title='bbox 1674 889 1810 946; x_wconf 84' lang='grc' dir='ltr'>ἔνιοι</span> <span class='ocrx_word' id='word_1_59' title='bbox 1871 895 2093 961; x_wconf 76' lang='grc' dir='ltr'>ζητοῦσι</span> 
     </span>
    </p>
   </div>
   <div class='ocr_carea' id='block_1_10' title="bbox 441 977 2094 1055">
    <p class='ocr_par' dir='ltr' id='par_1_10' title="bbox 441 977 2094 1055">
     <span class='ocr_line' id='line_1_10' title="bbox 441 977 2094 1055; baseline -0.002 -19"><span class='ocrx_word' id='word_1_60' title='bbox 441 982 535 1055; x_wconf 75' lang='grc' dir='ltr'>μὲν</span> <span class='ocrx_word' id='word_1_61' title='bbox 565 981 628 1036; x_wconf 87' lang='grc' dir='ltr'>τὸ</span> <span class='ocrx_word' id='word_1_62' title='bbox 654 984 764 1035; x_wconf 92' lang='grc' dir='ltr'>τῶν</span> <span class='ocrx_word' id='word_1_63' title='bbox 796 977 1044 1047; x_wconf 81' lang='grc' dir='ltr'>πολλῶν,</span> <span class='ocrx_word' id='word_1_64' title='bbox 1095 978 1258 1036; x_wconf 77' lang='grc' dir='ltr'>ἄλλοι</span> <span class='ocrx_word' id='word_1_65' title='bbox 1318 982 1412 1055; x_wconf 74' lang='grc' dir='ltr'>μὲν</span> <span class='ocrx_word' id='word_1_66' title='bbox 1463 979 1552 1035; x_wconf 81' lang='grc' dir='ltr'>ἳνα</span> <span class='ocrx_word' id='word_1_67' title='bbox 1607 978 1944 1053; x_wconf 72' lang='grc' dir='ltr'>κερδήσωσιν</span> <span class='ocrx_word' id='word_1_68' title='bbox 1995 979 2094 1034; x_wconf 83' lang='grc' dir='ltr'>αὐ-</span> 
     </span>
    </p>
   </div>
   <div class='ocr_carea' id='block_1_11' title="bbox 432 1067 2092 1149">
    <p class='ocr_par' dir='ltr' id='par_1_11' title="bbox 432 1067 2092 1149">
     <span class='ocr_line' id='line_1_11' title="bbox 432 1067 2092 1149; baseline -0.002 -23"><span class='ocrx_word' id='word_1_69' title='bbox 432 1075 541 1126; x_wconf 88' lang='grc' dir='ltr'>τῶν</span> <span class='ocrx_word' id='word_1_70' title='bbox 569 1073 669 1140; x_wconf 74' lang='grc' dir='ltr'>τὴν</span> <span class='ocrx_word' id='word_1_71' title='bbox 699 1067 909 1125; x_wconf 65' lang='grc' dir='ltr'>εὔνοιαν</span> <span class='ocrx_word' id='word_1_72' title='bbox 943 1069 1030 1125; x_wconf 75' lang='grc' dir='ltr'>ἐπί</span> <span class='ocrx_word' id='word_1_73' title='bbox 1075 1071 1138 1124; x_wconf 87' lang='grc' dir='ltr'>τὸ</span> <span class='ocrx_word' id='word_1_74' title='bbox 1192 1075 1342 1149; x_wconf 84' lang='grc' dir='ltr'>σφῖσι</span> <span class='ocrx_word' id='word_1_75' title='bbox 1404 1069 1723 1126; x_wconf 79' lang='grc' dir='ltr'>λυσιτελοῦν</span> <span class='ocrx_word' id='word_1_76' title='bbox 1784 1071 1839 1125; x_wconf 78' lang='grc' dir='ltr'>οἱ</span> <span class='ocrx_word' id='word_1_77' title='bbox 1899 1069 1955 1125; x_wconf 69' lang='grc' dir='ltr'>δὲ</span> <span class='ocrx_word' id='word_1_78' title='bbox 2004 1068 2092 1123; x_wconf 66' lang='grc' dir='ltr'>’ίνα</span> 
     </span>
    </p>
   </div>
   <div class='ocr_carea' id='block_1_12' title="bbox 434 1155 2091 1232">
    <p class='ocr_par' dir='ltr' id='par_1_12' title="bbox 434 1155 2091 1232">
     <span class='ocr_line' id='line_1_12' title="bbox 434 1155 2091 1232; baseline -0.001 -18"><span class='ocrx_word' id='word_1_79' title='bbox 434 1160 561 1232; x_wconf 88' lang='grc' dir='ltr'>παρ’</span> <span class='ocrx_word' id='word_1_80' title='bbox 601 1157 777 1214; x_wconf 79' lang='grc' dir='ltr'>αὐτῶν</span> <span class='ocrx_word' id='word_1_81' title='bbox 840 1159 1210 1228; x_wconf 70' lang='grc' dir='ltr'>ὲπαινεθῶσιν,</span> <span class='ocrx_word' id='word_1_82' title='bbox 1265 1159 1316 1213; x_wconf 69' lang='grc' dir='ltr'>οἱ</span> <span class='ocrx_word' id='word_1_83' title='bbox 1369 1155 1426 1213; x_wconf 82' lang='grc' dir='ltr'>δὲ</span> <span class='ocrx_word' id='word_1_84' title='bbox 1467 1157 1562 1213; x_wconf 70' lang='grc' dir='ltr'>’ἶνα</span> <span class='ocrx_word' id='word_1_85' title='bbox 1593 1157 1768 1215; x_wconf 76' lang='grc' dir='ltr'>ἄλλου</span> <span class='ocrx_word' id='word_1_86' title='bbox 1797 1159 1944 1220; x_wconf 83' lang='grc' dir='ltr'>τινὸς</span> <span class='ocrx_word' id='word_1_87' title='bbox 1970 1158 2091 1213; x_wconf 82' lang='grc' dir='ltr'>ἐπι-</span> 
     </span>
    </p>
   </div>
   <div class='ocr_carea' id='block_1_13' title="bbox 432 1244 2092 1327">
    <p class='ocr_par' dir='ltr' id='par_1_13' title="bbox 432 1244 2092 1327">
     <span class='ocr_line' id='line_1_13' title="bbox 432 1244 2092 1327; baseline 0 -25"><span class='ocrx_word' id='word_1_88' title='bbox 432 1247 646 1322; x_wconf 79' lang='grc' dir='ltr'>τύχωσι</span> <span class='ocrx_word' id='word_1_89' title='bbox 703 1246 980 1314; x_wconf 73' lang='grc' dir='ltr'>τοιούτου,</span> <span class='ocrx_word' id='word_1_90' title='bbox 1034 1246 1197 1309; x_wconf 80' lang='grc' dir='ltr'>αὐτὸς</span> <span class='ocrx_word' id='word_1_91' title='bbox 1273 1244 1539 1302; x_wconf 84' lang='grc' dir='ltr'>δείκνυσιν</span> <span class='ocrx_word' id='word_1_92' title='bbox 1601 1247 1847 1327; x_wconf 75' lang='grc' dir='ltr'>ἐφ”ὅτῳ</span> <span class='ocrx_word' id='word_1_93' title='bbox 1905 1246 2092 1310; x_wconf 78' lang='grc' dir='ltr'>αὐτοῖς</span> 
     </span>
    </p>
   </div>
   <div class='ocr_carea' id='block_1_14' title="bbox 431 1333 2090 1413">
    <p class='ocr_par' dir='ltr' id='par_1_14' title="bbox 431 1333 2090 1413">
     <span class='ocr_line' id='line_1_14' title="bbox 431 1333 2090 1413; baseline -0.001 -22"><span class='ocrx_word' id='word_1_94' title='bbox 431 1333 758 1392; x_wconf 73' lang='grc' dir='ltr'>ἐσπούδασεν</span> <span class='ocrx_word' id='word_1_95' title='bbox 789 1336 1172 1410; x_wconf 83' lang='grc' dir='ltr'>ἀρέσκειν,καὶ</span> <span class='ocrx_word' id='word_1_96' title='bbox 1217 1357 1402 1413; x_wconf 83' lang='grc' dir='ltr'>φησιν,</span> <span class='ocrx_word' id='word_1_97' title='bbox 1461 1335 1545 1391; x_wconf 77' lang='grc' dir='ltr'>ὅτι</span> <span class='ocrx_word' id='word_1_98' title='bbox 1603 1336 1690 1391; x_wconf 70' lang='grc' dir='ltr'>ἐπὶ</span> <span class='ocrx_word' id='word_1_99' title='bbox 1747 1337 1809 1391; x_wconf 82' lang='grc' dir='ltr'>τὸ</span> <span class='ocrx_word' id='word_1_100' title='bbox 1866 1335 2090 1399; x_wconf 72' lang='grc' dir='ltr'>ἐκείνοις</span> 
     </span>
    </p>
   </div>
   <div class='ocr_carea' id='block_1_15' title="bbox 430 1423 2088 1505">
    <p class='ocr_par' dir='ltr' id='par_1_15' title="bbox 430 1423 2088 1505">
     <span class='ocr_line' id='line_1_15' title="bbox 430 1423 2088 1505; baseline 0 -25"><span class='ocrx_word' id='word_1_101' title='bbox 430 1426 708 1501; x_wconf 84' lang='grc' dir='ltr'>συμφέρον</span> <span class='ocrx_word' id='word_1_102' title='bbox 737 1425 827 1480; x_wconf 80' lang='grc' dir='ltr'>καὶ</span> <span class='ocrx_word' id='word_1_103' title='bbox 872 1425 989 1503; x_wconf 83' lang='grc' dir='ltr'>οὐχ</span> <span class='ocrx_word' id='word_1_104' title='bbox 1046 1424 1237 1487; x_wconf 75' lang='grc' dir='ltr'>ἁπλῶς</span> <span class='ocrx_word' id='word_1_105' title='bbox 1299 1425 1596 1505; x_wconf 74' lang='grc' dir='ltr'>συμφέρον,</span> <span class='ocrx_word' id='word_1_106' title='bbox 1629 1425 1756 1482; x_wconf 82' lang='grc' dir='ltr'>ἀλλ’</span> <span class='ocrx_word' id='word_1_107' title='bbox 1808 1423 1887 1481; x_wconf 78' lang='grc' dir='ltr'>ἓτι</span> <span class='ocrx_word' id='word_1_108' title='bbox 1924 1427 2088 1504; x_wconf 84' lang='grc' dir='ltr'>σαφέ-</span> 
     </span>
    </p>
   </div>
   <div class='ocr_carea' id='block_1_16' title="bbox 429 1514 1214 1592">
    <p class='ocr_par' dir='ltr' id='par_1_16' title="bbox 429 1514 1214 1592">
     <span class='ocr_line' id='line_1_16' title="bbox 429 1514 1214 1592; baseline 0.003 -22"><span class='ocrx_word' id='word_1_109' title='bbox 429 1536 640 1592; x_wconf 82' lang='grc' dir='ltr'>στερον,</span> <span class='ocrx_word' id='word_1_110' title='bbox 666 1514 760 1570; x_wconf 79' lang='grc' dir='ltr'>’ίνα</span> <span class='ocrx_word' id='word_1_111' title='bbox 785 1516 1025 1585; x_wconf 78' lang='grc' dir='ltr'>σωθῶσι,</span> <span class='ocrx_word' id='word_1_112' title='bbox 1056 1514 1214 1590; x_wconf 85' lang='grc' dir='ltr'>φησί.</span> 
     </span>
    </p>
   </div>
   <div class='ocr_carea' id='block_1_17' title="bbox 1072 1794 1441 1862">
    <p class='ocr_par' dir='ltr' id='par_1_17' title="bbox 1072 1794 1441 1862">
     <span class='ocr_line' id='line_1_17' title="bbox 1072 1794 1441 1862; baseline 0.003 -16"><span class='ocrx_word' id='word_1_113' title='bbox 1072 1794 1441 1862; x_wconf 68' lang='grc' dir='ltr'>ΚΕΦΑΛ.ξ.</span> 
     </span>
    </p>
   </div>
   <div class='ocr_carea' id='block_1_18' title="bbox 431 1907 1406 1988">
    <p class='ocr_par' dir='ltr' id='par_1_18' title="bbox 431 1907 1406 1988">
     <span class='ocr_line' id='line_1_18' title="bbox 431 1907 1406 1988; baseline 0 -24"><span class='ocrx_word' id='word_1_114' title='bbox 431 1911 559 1986; x_wconf 83' lang='grc' dir='ltr'>Περέ</span> <span class='ocrx_word' id='word_1_115' title='bbox 640 1910 950 1988; x_wconf 80' lang='grc' dir='ltr'>σχίσματος</span> <span class='ocrx_word' id='word_1_116' title='bbox 1032 1907 1237 1988; x_wconf 79' lang='grc' dir='ltr'>ἀνδρῶν</span> <span class='ocrx_word' id='word_1_117' title='bbox 1315 1910 1406 1988; x_wconf 74' lang='grc' dir='ltr'>καὶ</span> 
     </span>
    </p>
   </div>
   <div class='ocr_carea' id='block_1_19' title="bbox 696 1977 1502 2060">
    <p class='ocr_par' dir='ltr' id='par_1_19' title="bbox 696 1977 1502 2060">
     <span class='ocr_line' id='line_1_19' title="bbox 696 1977 1502 2060; baseline -0.001 -24"><span class='ocrx_word' id='word_1_118' title='bbox 696 1977 712 1989; x_wconf 75' lang='grc'><em>’</em></span> <span class='ocrx_word' id='word_1_119' title='bbox 777 1977 788 1983; x_wconf 71' lang='grc'><em>’</em></span> <span class='ocrx_word' id='word_1_120' title='bbox 995 1981 1087 2037; x_wconf 78' lang='grc' dir='ltr'>καὶ</span> <span class='ocrx_word' id='word_1_121' title='bbox 1119 1977 1502 2060; x_wconf 64' lang='grc' dir='ltr'>προφητείαις.</span> 
     </span>
    </p>
   </div>
   <div class='ocr_carea' id='block_1_20' title="bbox 494 2095 2082 2176">
    <p class='ocr_par' dir='ltr' id='par_1_20' title="bbox 494 2095 2082 2176">
     <span class='ocr_line' id='line_1_20' title="bbox 494 2095 2082 2176; baseline -0.001 -20"><span class='ocrx_word' id='word_1_122' title='bbox 494 2100 736 2156; x_wconf 84' lang='grc' dir='ltr'>Ἐπαινῶ</span> <span class='ocrx_word' id='word_1_123' title='bbox 829 2096 885 2154; x_wconf 78' lang='grc' dir='ltr'>δὲ</span> <span class='ocrx_word' id='word_1_124' title='bbox 971 2099 1136 2172; x_wconf 74' lang='grc' dir='ltr'>ὑμᾶς,</span> <span class='ocrx_word' id='word_1_125' title='bbox 1213 2095 1463 2176; x_wconf 79' lang='grc' dir='ltr'>ἀδελφοὶ,</span> <span class='ocrx_word' id='word_1_126' title='bbox 1543 2100 1627 2153; x_wconf 76' lang='grc' dir='ltr'>ὅτι</span> <span class='ocrx_word' id='word_1_127' title='bbox 1701 2099 1871 2154; x_wconf 81' lang='grc' dir='ltr'>πάντα</span> <span class='ocrx_word' id='word_1_128' title='bbox 1976 2121 2082 2174; x_wconf 90' lang='grc' dir='ltr'>μου</span> 
     </span>
    </p>
   </div>
   <div class='ocr_carea' id='block_1_21' title="bbox 424 2186 2081 2264">
    <p class='ocr_par' dir='ltr' id='par_1_21' title="bbox 424 2186 2081 2264">
     <span class='ocr_line' id='line_1_21' title="bbox 424 2186 2081 2264; baseline 0.001 -21"><span class='ocrx_word' id='word_1_129' title='bbox 424 2187 705 2262; x_wconf 84' lang='grc' dir='ltr'>μέμνησθε</span> <span class='ocrx_word' id='word_1_130' title='bbox 739 2232 752 2256; x_wconf 90' lang='grc'>,</span> <span class='ocrx_word' id='word_1_131' title='bbox 819 2190 912 2244; x_wconf 84' lang='grc' dir='ltr'>καὶ</span> <span class='ocrx_word' id='word_1_132' title='bbox 968 2189 1150 2248; x_wconf 87' lang='grc' dir='ltr'>καθὼς</span> <span class='ocrx_word' id='word_1_133' title='bbox 1207 2186 1504 2263; x_wconf 72' lang='grc' dir='ltr'>παρέδωκα</span> <span class='ocrx_word' id='word_1_134' title='bbox 1559 2190 1688 2261; x_wconf 83' lang='grc' dir='ltr'>ὑμῖν</span> <span class='ocrx_word' id='word_1_135' title='bbox 1747 2189 1844 2251; x_wconf 84' lang='grc' dir='ltr'>τὰς</span> <span class='ocrx_word' id='word_1_136' title='bbox 1904 2210 2081 2264; x_wconf 86' lang='grc' dir='ltr'>παρα-</span> 
     </span>
    </p>
   </div>
   <div class='ocr_carea' id='block_1_22' title="bbox 425 2274 2078 2353">
    <p class='ocr_par' dir='ltr' id='par_1_22' title="bbox 425 2274 2078 2353">
     <span class='ocr_line' id='line_1_22' title="bbox 425 2274 2078 2353; baseline 0.001 -21"><span class='ocrx_word' id='word_1_137' title='bbox 425 2276 604 2340; x_wconf 80' lang='grc' dir='ltr'>δόσεις</span> <span class='ocrx_word' id='word_1_138' title='bbox 662 2279 923 2353; x_wconf 78' lang='grc' dir='ltr'>κατέχετε</span> <span class='ocrx_word' id='word_1_139' title='bbox 957 2322 970 2335; x_wconf 95' lang='grc'>.</span> <span class='ocrx_word' id='word_1_140' title='bbox 1025 2275 1181 2333; x_wconf 85' lang='grc' dir='ltr'>Θέλω</span> <span class='ocrx_word' id='word_1_141' title='bbox 1250 2274 1306 2332; x_wconf 76' lang='grc' dir='ltr'>δὲ</span> <span class='ocrx_word' id='word_1_142' title='bbox 1366 2279 1506 2352; x_wconf 78' lang='grc' dir='ltr'>ὑμᾶς</span> <span class='ocrx_word' id='word_1_143' title='bbox 1563 2275 1755 2333; x_wconf 78' lang='grc' dir='ltr'>εἰδέναι</span> <span class='ocrx_word' id='word_1_144' title='bbox 1815 2277 1896 2334; x_wconf 81' lang='grc' dir='ltr'>ὅτι</span> <span class='ocrx_word' id='word_1_145' title='bbox 1955 2300 2078 2333; x_wconf 85' lang='grc' dir='ltr'>παν-</span> 
     </span>
    </p>
   </div>
   <div class='ocr_carea' id='block_1_23' title="bbox 421 2363 2081 2446">
    <p class='ocr_par' dir='ltr' id='par_1_23' title="bbox 421 2363 2081 2446">
     <span class='ocr_line' id='line_1_23' title="bbox 421 2363 2081 2446; baseline 0.001 -25"><span class='ocrx_word' id='word_1_146' title='bbox 421 2367 516 2428; x_wconf 87' lang='grc' dir='ltr'>τὸς</span> <span class='ocrx_word' id='word_1_147' title='bbox 573 2363 770 2442; x_wconf 83' lang='grc' dir='ltr'>ἀνδρὸς</span> <span class='ocrx_word' id='word_1_148' title='bbox 829 2369 864 2436; x_wconf 79' lang='grc' dir='ltr'>ἡ</span> <span class='ocrx_word' id='word_1_149' title='bbox 915 2365 1127 2444; x_wconf 81' lang='grc' dir='ltr'>κεφαλή</span> <span class='ocrx_word' id='word_1_150' title='bbox 1178 2367 1206 2421; x_wconf 95' lang='lat'>6</span> <span class='ocrx_word' id='word_1_151' title='bbox 1257 2367 1489 2442; x_wconf 84' lang='grc' dir='ltr'>Χριστὸς</span> <span class='ocrx_word' id='word_1_152' title='bbox 1545 2365 1678 2426; x_wconf 80' lang='grc' dir='ltr'>ἐστι.</span> <span class='ocrx_word' id='word_1_153' title='bbox 1738 2366 1962 2446; x_wconf 84' lang='grc' dir='ltr'>Κεφαλὴ</span> <span class='ocrx_word' id='word_1_154' title='bbox 2024 2365 2081 2422; x_wconf 78' lang='grc' dir='ltr'>δὲ</span> 
     </span>
    </p>
   </div>
   <div class='ocr_carea' id='block_1_24' title="bbox 419 2455 2077 2536">
    <p class='ocr_par' dir='ltr' id='par_1_24' title="bbox 419 2455 2077 2536">
     <span class='ocr_line' id='line_1_24' title="bbox 419 2455 2077 2536; baseline 0.001 -25"><span class='ocrx_word' id='word_1_155' title='bbox 419 2459 674 2535; x_wconf 80' lang='grc' dir='ltr'>γυναικὸς</span> <span class='ocrx_word' id='word_1_156' title='bbox 707 2459 734 2513; x_wconf 89' lang='lat'>6</span> <span class='ocrx_word' id='word_1_157' title='bbox 788 2459 948 2532; x_wconf 73' lang='grc' dir='ltr'>ἀνήρ.</span> <span class='ocrx_word' id='word_1_158' title='bbox 1004 2457 1223 2536; x_wconf 74' lang='grc' dir='ltr'>Κεφαλή</span> <span class='ocrx_word' id='word_1_159' title='bbox 1286 2455 1344 2513; x_wconf 78' lang='grc' dir='ltr'>δὶ</span> <span class='ocrx_word' id='word_1_160' title='bbox 1400 2459 1638 2533; x_wconf 81' lang='grc' dir='ltr'>Χριστοῦ</span> <span class='ocrx_word' id='word_1_161' title='bbox 1692 2459 1719 2512; x_wconf 86' lang='grc' dir='ltr'><strong>ὁ</strong></span> <span class='ocrx_word' id='word_1_162' title='bbox 1754 2466 1906 2522; x_wconf 85' lang='grc' dir='ltr'>Θεος.</span> <span class='ocrx_word' id='word_1_163' title='bbox 1970 2465 2077 2520; x_wconf 81' lang='grc' dir='ltr'>Πᾶς</span> 
     </span>
    </p>
   </div>
   <div class='ocr_carea' id='block_1_25' title="bbox 422 2547 2076 2640">
    <p class='ocr_par' dir='ltr' id='par_1_25' title="bbox 422 2547 2076 2640">
     <span class='ocr_line' id='line_1_25' title="bbox 422 2547 2076 2640; baseline -0.007 -25"><span class='ocrx_word' id='word_1_164' title='bbox 422 2547 559 2622; x_wconf 71' lang='grc' dir='ltr'>ἀνὴρ</span> <span class='ocrx_word' id='word_1_165' title='bbox 618 2548 1064 2622; x_wconf 76' lang='grc' dir='ltr'>προσετχόμενος</span> <span class='ocrx_word' id='word_1_166' title='bbox 1223 2548 1583 2640; x_wconf 44' lang='grc' dir='ltr'>προφητευὼν</span> <span class='ocrx_word' id='word_1_167' title='bbox 1638 2549 1774 2602; x_wconf 80' lang='grc' dir='ltr'>κατᾶ</span> <span class='ocrx_word' id='word_1_168' title='bbox 1830 2549 2076 2624; x_wconf 78' lang='grc' dir='ltr'>κεφαλῆς</span> 
     </span>
    </p>
   </div>
   <div class='ocr_carea' id='block_1_26' title="bbox 424 2634 2077 2719">
    <p class='ocr_par' dir='ltr' id='par_1_26' title="bbox 424 2634 2077 2717">
     <span class='ocr_line' id='line_1_26' title="bbox 424 2634 2077 2717; baseline 0 -25"><span class='ocrx_word' id='word_1_169' title='bbox 424 2634 593 2712; x_wconf 82' lang='grc' dir='ltr'>ἔχων,</span> <span class='ocrx_word' id='word_1_170' title='bbox 678 2639 1031 2713; x_wconf 77' lang='grc' dir='ltr'>καταισχύνει</span> <span class='ocrx_word' id='word_1_171' title='bbox 1111 2639 1210 2706; x_wconf 80' lang='grc' dir='ltr'>τὴν</span> <span class='ocrx_word' id='word_1_172' title='bbox 1304 2634 1547 2717; x_wconf 73' lang='grc' dir='ltr'>κεφᾶλήν</span> <span class='ocrx_word' id='word_1_173' title='bbox 1651 2637 1838 2696; x_wconf 72' lang='grc' dir='ltr'>αὐτοῦ,</span> <span class='ocrx_word' id='word_1_174' title='bbox 1927 2641 2077 2694; x_wconf 76' lang='grc' dir='ltr'>Πᾶσα</span> 
     </span>
    </p>
   </div>
   <div class='ocr_carea' id='block_1_27' title="bbox 420 2723 2079 2806">
    <p class='ocr_par' dir='ltr' id='par_1_27' title="bbox 420 2723 2079 2806">
     <span class='ocr_line' id='line_1_27' title="bbox 420 2723 2079 2806; baseline 0.002 -26"><span class='ocrx_word' id='word_1_175' title='bbox 420 2723 477 2780; x_wconf 75' lang='grc' dir='ltr'>δὲ</span> <span class='ocrx_word' id='word_1_176' title='bbox 547 2727 686 2803; x_wconf 82' lang='grc' dir='ltr'>γυνή</span> <span class='ocrx_word' id='word_1_177' title='bbox 768 2726 1191 2802; x_wconf 69' lang='grc' dir='ltr'>προσευχομένη</span> <span class='ocrx_word' id='word_1_178' title='bbox 1281 2727 1314 2797; x_wconf 69' lang='grc' dir='ltr'>ἦ</span> <span class='ocrx_word' id='word_1_179' title='bbox 1403 2728 1828 2806; x_wconf 71' lang='grc' dir='ltr'>προφητεύουσα</span> <span class='ocrx_word' id='word_1_180' title='bbox 1944 2729 2079 2783; x_wconf 82' lang='grc' dir='ltr'>ἀκα-</span> 
     </span>
    </p>
   </div>
   <div class='ocr_carea' id='block_1_28' title="bbox 418 2813 2077 2896">
    <p class='ocr_par' dir='ltr' id='par_1_28' title="bbox 418 2813 2077 2896">
     <span class='ocr_line' id='line_1_28' title="bbox 418 2813 2077 2896; baseline 0.002 -27"><span class='ocrx_word' id='word_1_181' title='bbox 418 2813 750 2888; x_wconf 66' lang='grc' dir='ltr'>τακαλύπτῳ</span> <span class='ocrx_word' id='word_1_182' title='bbox 807 2817 876 2888; x_wconf 81' lang='grc' dir='ltr'>τῇ</span> <span class='ocrx_word' id='word_1_183' title='bbox 933 2815 1166 2895; x_wconf 75' lang='grc' dir='ltr'>κεφαλῇ,</span> <span class='ocrx_word' id='word_1_184' title='bbox 1227 2818 1580 2893; x_wconf 82' lang='grc' dir='ltr'>καταισχύνει</span> <span class='ocrx_word' id='word_1_185' title='bbox 1658 2819 1759 2886; x_wconf 76' lang='grc' dir='ltr'>τήν</span> <span class='ocrx_word' id='word_1_186' title='bbox 1833 2819 2077 2896; x_wconf 72' lang='grc' dir='ltr'>κεφαλὴν</span> 
     </span>
    </p>
   </div>
   <div class='ocr_carea' id='block_1_29' title="bbox 416 2903 1844 2982">
    <p class='ocr_par' dir='ltr' id='par_1_29' title="bbox 416 2903 1844 2982">
     <span class='ocr_line' id='line_1_29' title="bbox 416 2903 1844 2982; baseline 0.004 -23"><span class='ocrx_word' id='word_1_187' title='bbox 416 2905 608 2975; x_wconf 79' lang='grc' dir='ltr'>αὐτῆς.</span> <span class='ocrx_word' id='word_1_188' title='bbox 639 2906 736 2962; x_wconf 86' lang='grc' dir='ltr'>Ἔν</span> <span class='ocrx_word' id='word_1_189' title='bbox 765 2906 865 2982; x_wconf 73' lang='grc' dir='ltr'>γὰρ</span> <span class='ocrx_word' id='word_1_190' title='bbox 899 2903 1010 2960; x_wconf 78' lang='grc' dir='ltr'>ἐστι</span> <span class='ocrx_word' id='word_1_191' title='bbox 1049 2906 1139 2960; x_wconf 83' lang='grc' dir='ltr'>καὶ</span> <span class='ocrx_word' id='word_1_192' title='bbox 1170 2907 1232 2961; x_wconf 89' lang='grc' dir='ltr'>τὸ</span> <span class='ocrx_word' id='word_1_193' title='bbox 1262 2905 1394 2961; x_wconf 72' lang='grc' dir='ltr'>αὐτὸ</span> <span class='ocrx_word' id='word_1_194' title='bbox 1421 2910 1491 2971; x_wconf 79' lang='grc' dir='ltr'>τῇ</span> <span class='ocrx_word' id='word_1_195' title='bbox 1525 2905 1844 2981; x_wconf 75' lang='grc' dir='ltr'>ἐξυρημένῃ.</span> 
     </span>
    </p>
   </div>
   <div class='ocr_carea' id='block_1_30' title="bbox 489 2994 2078 3072">
    <p class='ocr_par' dir='ltr' id='par_1_30' title="bbox 489 2994 2078 3072">
     <span class='ocr_line' id='line_1_30' title="bbox 489 2994 2078 3072; baseline 0.001 -22"><span class='ocrx_word' id='word_1_196' title='bbox 489 2996 772 3072; x_wconf 81' lang='grc' dir='ltr'>Μέμφεται</span> <span class='ocrx_word' id='word_1_197' title='bbox 849 2994 1035 3056; x_wconf 84' lang='grc' dir='ltr'>αὐτοῖς</span> <span class='ocrx_word' id='word_1_198' title='bbox 1085 2995 1169 3050; x_wconf 71' lang='grc' dir='ltr'>ὅτι</span> <span class='ocrx_word' id='word_1_199' title='bbox 1227 2997 1280 3050; x_wconf 74' lang='grc' dir='ltr'>αἱ</span> <span class='ocrx_word' id='word_1_200' title='bbox 1344 2997 1439 3068; x_wconf 74' lang='grc' dir='ltr'>μὲν</span> <span class='ocrx_word' id='word_1_201' title='bbox 1487 3001 1759 3072; x_wconf 81' lang='grc' dir='ltr'>γυναῖκες,</span> <span class='ocrx_word' id='word_1_202' title='bbox 1816 2996 2078 3052; x_wconf 83' lang='grc' dir='ltr'>ἀκατακα-</span> 
     </span>
    </p>
   </div>
   <div class='ocr_carea' id='block_1_31' title="bbox 422 3081 2076 3162">
    <p class='ocr_par' dir='ltr' id='par_1_31' title="bbox 422 3081 2076 3162">
     <span class='ocr_line' id='line_1_31' title="bbox 422 3081 2076 3162; baseline 0.002 -24"><span class='ocrx_word' id='word_1_203' title='bbox 422 3084 616 3156; x_wconf 61' lang='grc' dir='ltr'>λύπτῳ</span> <span class='ocrx_word' id='word_1_204' title='bbox 793 3081 1006 3162; x_wconf 78' lang='grc' dir='ltr'>κεφαλῇ</span> <span class='ocrx_word' id='word_1_205' title='bbox 1062 3083 1152 3138; x_wconf 81' lang='grc' dir='ltr'>καὶ</span> <span class='ocrx_word' id='word_1_206' title='bbox 1214 3081 1460 3162; x_wconf 72' lang='grc' dir='ltr'>ηὔχοντο</span> <span class='ocrx_word' id='word_1_207' title='bbox 1513 3084 1602 3138; x_wconf 80' lang='grc' dir='ltr'>καὶ</span> <span class='ocrx_word' id='word_1_208' title='bbox 1651 3083 2076 3162; x_wconf 64' lang='grc' dir='ltr'>ἐπροεφήτευον.</span> 
     </span>
    </p>
   </div>
   <div class='ocr_carea' id='block_1_32' title="bbox 423 3169 2076 3248">
    <p class='ocr_par' dir='ltr' id='par_1_32' title="bbox 423 3169 2076 3248">
     <span class='ocr_line' id='line_1_32' title="bbox 423 3169 2076 3248; baseline 0 -19"><span class='ocrx_word' id='word_1_209' title='bbox 423 3172 490 3229; x_wconf 73' lang='grc' dir='ltr'>Οἱ</span> <span class='ocrx_word' id='word_1_210' title='bbox 549 3169 605 3226; x_wconf 75' lang='grc' dir='ltr'>δὶ</span> <span class='ocrx_word' id='word_1_211' title='bbox 659 3169 846 3248; x_wconf 78' lang='grc' dir='ltr'>ἄνδρες</span> <span class='ocrx_word' id='word_1_212' title='bbox 891 3172 981 3227; x_wconf 81' lang='grc' dir='ltr'>καὶ</span> <span class='ocrx_word' id='word_1_213' title='bbox 1057 3172 1272 3245; x_wconf 86' lang='grc' dir='ltr'>έκόμων</span> <span class='ocrx_word' id='word_1_214' title='bbox 1310 3217 1322 3240; x_wconf 90' lang='grc'>,</span> <span class='ocrx_word' id='word_1_215' title='bbox 1391 3173 1480 3227; x_wconf 77' lang='grc' dir='ltr'>καὶ</span> <span class='ocrx_word' id='word_1_216' title='bbox 1527 3173 2076 3246; x_wconf 85' lang='grc' dir='ltr'>κατακεκαλυμμένοι</span> 
     </span>
    </p>
   </div>
   <div class='ocr_carea' id='block_1_33' title="bbox 420 3260 1909 3340">
    <p class='ocr_par' dir='ltr' id='par_1_33' title="bbox 420 3260 1909 3340">
     <span class='ocr_line' id='line_1_33' title="bbox 420 3260 1909 3340; baseline 0.001 -24"><span class='ocrx_word' id='word_1_217' title='bbox 420 3261 558 3330; x_wconf 76' lang='grc' dir='ltr'>ἦσαν</span> <span class='ocrx_word' id='word_1_218' title='bbox 593 3263 690 3332; x_wconf 75' lang='grc' dir='ltr'>τήν</span> <span class='ocrx_word' id='word_1_219' title='bbox 744 3260 1013 3340; x_wconf 76' lang='grc' dir='ltr'>κεφαλὴν,</span> <span class='ocrx_word' id='word_1_220' title='bbox 1049 3261 1100 3316; x_wconf 81' lang='grc' dir='ltr'>ἐν</span> <span class='ocrx_word' id='word_1_221' title='bbox 1149 3265 1218 3336; x_wconf 75' lang='grc' dir='ltr'>τῇ</span> <span class='ocrx_word' id='word_1_222' title='bbox 1269 3262 1409 3336; x_wconf 81' lang='grc' dir='ltr'>εὐχῇ</span> <span class='ocrx_word' id='word_1_223' title='bbox 1442 3263 1530 3316; x_wconf 76' lang='grc' dir='ltr'>καὶ</span> <span class='ocrx_word' id='word_1_224' title='bbox 1582 3264 1909 3340; x_wconf 71' lang='grc' dir='ltr'>προφητείᾳ,</span> 
     </span>
    </p>
   </div>
   <div class='ocr_carea' id='block_1_34' title="bbox 415 3349 2077 3421">
    <p class='ocr_par' dir='ltr' id='par_1_34' title="bbox 415 3349 2077 3421">
     <span class='ocr_line' id='line_1_34' title="bbox 415 3349 2077 3421; baseline 0.002 -17"><span class='ocrx_word' id='word_1_225' title='bbox 415 3372 478 3404; x_wconf 86' lang='grc' dir='ltr'>να</span> <span class='ocrx_word' id='word_1_226' title='bbox 509 3350 854 3421; x_wconf 80' lang='grc' dir='ltr'>Ἑλληνικῶν</span> <span class='ocrx_word' id='word_1_227' title='bbox 888 3350 954 3418; x_wconf 82' lang='grc' dir='ltr'>ἦν</span> <span class='ocrx_word' id='word_1_228' title='bbox 1015 3349 1174 3408; x_wconf 78' lang='grc' dir='ltr'>ἐθῶν.</span> <span class='ocrx_word' id='word_1_229' title='bbox 1226 3349 1530 3406; x_wconf 74' lang='grc' dir='ltr'>Αῗνίττεται</span> <span class='ocrx_word' id='word_1_230' title='bbox 1588 3349 1646 3405; x_wconf 77' lang='grc' dir='ltr'>δὲ</span> <span class='ocrx_word' id='word_1_231' title='bbox 1693 3353 1778 3405; x_wconf 81' lang='grc' dir='ltr'>ὅτι</span> <span class='ocrx_word' id='word_1_232' title='bbox 1824 3351 1913 3406; x_wconf 74' lang='grc' dir='ltr'>καὶ</span> <span class='ocrx_word' id='word_1_233' title='bbox 1972 3373 2077 3407; x_wconf 79' lang='grc' dir='ltr'>πα-</span> 
     </span>
    </p>
   </div>
   <div class='ocr_carea' id='block_1_35' title="bbox 418 3437 2072 3516">
    <p class='ocr_par' dir='ltr' id='par_1_35' title="bbox 418 3437 2072 3516">
     <span class='ocr_line' id='line_1_35' title="bbox 418 3437 2072 3516; baseline 0.002 -22"><span class='ocrx_word' id='word_1_234' title='bbox 418 3441 550 3516; x_wconf 86' lang='grc' dir='ltr'>ρὼν,</span> <span class='ocrx_word' id='word_1_235' title='bbox 583 3441 706 3516; x_wconf 82' lang='grc' dir='ltr'>περὶ</span> <span class='ocrx_word' id='word_1_236' title='bbox 738 3441 946 3496; x_wconf 75' lang='grc' dir='ltr'>τούτων</span> <span class='ocrx_word' id='word_1_237' title='bbox 991 3439 1179 3500; x_wconf 81' lang='grc' dir='ltr'>αὐτοῖς</span> <span class='ocrx_word' id='word_1_238' title='bbox 1214 3437 1510 3510; x_wconf 87' lang='grc' dir='ltr'>διείλεκτο,</span> <span class='ocrx_word' id='word_1_239' title='bbox 1571 3442 1646 3494; x_wconf 84' lang='grc' dir='ltr'>ὧν</span> <span class='ocrx_word' id='word_1_240' title='bbox 1682 3441 1733 3495; x_wconf 77' lang='grc' dir='ltr'>οἱ</span> <span class='ocrx_word' id='word_1_241' title='bbox 1783 3441 1877 3513; x_wconf 76' lang='grc' dir='ltr'>μὶν</span> <span class='ocrx_word' id='word_1_242' title='bbox 1929 3441 2072 3498; x_wconf 74' lang='grc' dir='ltr'>ἐπείο</span> 
     </span>
    </p>
   </div>
   <div class='ocr_carea' id='block_1_36' title="bbox 417 3528 2074 3608">
    <p class='ocr_par' dir='ltr' id='par_1_36' title="bbox 417 3528 2074 3608">
     <span class='ocr_line' id='line_1_36' title="bbox 417 3528 2074 3608; baseline 0.001 -24"><span class='ocrx_word' id='word_1_243' title='bbox 417 3532 646 3602; x_wconf 82' lang='grc' dir='ltr'>σθησαν,</span> <span class='ocrx_word' id='word_1_244' title='bbox 681 3532 776 3593; x_wconf 79' lang='grc' dir='ltr'>οὓς</span> <span class='ocrx_word' id='word_1_245' title='bbox 805 3531 896 3586; x_wconf 79' lang='grc' dir='ltr'>καὶ</span> <span class='ocrx_word' id='word_1_246' title='bbox 957 3529 1183 3600; x_wconf 78' lang='grc' dir='ltr'>ἐπαινεῖ,</span> <span class='ocrx_word' id='word_1_247' title='bbox 1221 3531 1272 3585; x_wconf 76' lang='grc' dir='ltr'>οἳ</span> <span class='ocrx_word' id='word_1_248' title='bbox 1304 3528 1362 3586; x_wconf 75' lang='grc' dir='ltr'>δὲ</span> <span class='ocrx_word' id='word_1_249' title='bbox 1393 3531 1484 3598; x_wconf 72' lang='grc' dir='ltr'>οὒ,</span> <span class='ocrx_word' id='word_1_250' title='bbox 1517 3532 1654 3608; x_wconf 87' lang='grc' dir='ltr'>πρὸς</span> <span class='ocrx_word' id='word_1_251' title='bbox 1715 3535 1811 3595; x_wconf 73' lang='grc' dir='ltr'>οὖς</span> <span class='ocrx_word' id='word_1_252' title='bbox 1867 3535 2074 3608; x_wconf 86' lang='grc' dir='ltr'>προϊὼν</span> 
     </span>
    </p>
   </div>
   <div class='ocr_carea' id='block_1_37' title="bbox 415 3616 2075 3698">
    <p class='ocr_par' dir='ltr' id='par_1_37' title="bbox 415 3616 2075 3698">
     <span class='ocr_line' id='line_1_37' title="bbox 415 3616 2075 3698; baseline 0.001 -24"><span class='ocrx_word' id='word_1_253' title='bbox 415 3621 596 3698; x_wconf 82' lang='grc' dir='ltr'>φησίν.</span> <span class='ocrx_word' id='word_1_254' title='bbox 633 3620 693 3676; x_wconf 82' lang='lat' dir='ltr'>Ei</span> <span class='ocrx_word' id='word_1_255' title='bbox 727 3617 785 3676; x_wconf 78' lang='grc' dir='ltr'>δέ</span> <span class='ocrx_word' id='word_1_256' title='bbox 813 3641 897 3682; x_wconf 86' lang='grc' dir='ltr'>τις</span> <span class='ocrx_word' id='word_1_257' title='bbox 931 3616 1081 3674; x_wconf 88' lang='grc' dir='ltr'>δοκεί</span> <span class='ocrx_word' id='word_1_258' title='bbox 1110 3620 1421 3695; x_wconf 82' lang='grc' dir='ltr'>φιλόνεικος</span> <span class='ocrx_word' id='word_1_259' title='bbox 1452 3623 1614 3691; x_wconf 78' lang='grc' dir='ltr'>εἶναι,</span> <span class='ocrx_word' id='word_1_260' title='bbox 1666 3625 1828 3694; x_wconf 69' lang='grc' dir='ltr'>ἡμεῖς</span> <span class='ocrx_word' id='word_1_261' title='bbox 1886 3623 2075 3678; x_wconf 84' lang='grc' dir='ltr'>τοιαύ-</span> 
     </span>
    </p>
   </div>
   <div class='ocr_carea' id='block_1_38' title="bbox 414 3703 2071 3785">
    <p class='ocr_par' dir='ltr' id='par_1_38' title="bbox 414 3703 2071 3785">
     <span class='ocr_line' id='line_1_38' title="bbox 414 3703 2071 3785; baseline 0.002 -21"><span class='ocrx_word' id='word_1_262' title='bbox 414 3731 514 3778; x_wconf 87' lang='grc' dir='ltr'>την</span> <span class='ocrx_word' id='word_1_263' title='bbox 546 3711 831 3781; x_wconf 74' lang='grc' dir='ltr'>συνήθειαν</span> <span class='ocrx_word' id='word_1_264' title='bbox 865 3709 965 3764; x_wconf 72' lang='grc' dir='ltr'>οὐκ</span> <span class='ocrx_word' id='word_1_265' title='bbox 1021 3703 1246 3784; x_wconf 78' lang='grc' dir='ltr'>ἔχομεν.</span> <span class='ocrx_word' id='word_1_266' title='bbox 1283 3735 1312 3762; x_wconf 89' lang='grc'>‹‹</span> <span class='ocrx_word' id='word_1_267' title='bbox 1354 3712 1474 3768; x_wconf 84' lang='grc' dir='ltr'>Ὁτι</span> <span class='ocrx_word' id='word_1_268' title='bbox 1520 3711 1749 3766; x_wconf 81' lang='grc' dir='ltr'>πάντοτέ</span> <span class='ocrx_word' id='word_1_269' title='bbox 1809 3733 1914 3784; x_wconf 82' lang='grc' dir='ltr'>μου</span> <span class='ocrx_word' id='word_1_270' title='bbox 1973 3714 2071 3785; x_wconf 85' lang='grc' dir='ltr'>μέ-</span> 
     </span>
    </p>
   </div>
   <div class='ocr_carea' id='block_1_39' title="bbox 415 3798 2069 3877">
    <p class='ocr_par' dir='ltr' id='par_1_39' title="bbox 415 3798 2069 3877">
     <span class='ocr_line' id='line_1_39' title="bbox 415 3798 2069 3877; baseline 0.002 -26"><span class='ocrx_word' id='word_1_271' title='bbox 415 3809 638 3872; x_wconf 82' lang='grc' dir='ltr'>μνησθε.</span> <span class='ocrx_word' id='word_1_272' title='bbox 676 3825 703 3850; x_wconf 89' lang='grc'><strong>››</strong></span> <span class='ocrx_word' id='word_1_273' title='bbox 739 3799 841 3856; x_wconf 87' lang='grc' dir='ltr'>Καί</span> <span class='ocrx_word' id='word_1_274' title='bbox 871 3820 959 3853; x_wconf 91' lang='grc' dir='ltr'>τοι</span> <span class='ocrx_word' id='word_1_275' title='bbox 990 3799 1114 3874; x_wconf 83' lang='grc' dir='ltr'>περὶ</span> <span class='ocrx_word' id='word_1_276' title='bbox 1146 3802 1244 3853; x_wconf 87' lang='grc' dir='ltr'>τοῦ</span> <span class='ocrx_word' id='word_1_277' title='bbox 1306 3800 1382 3871; x_wconf 85' lang='grc' dir='ltr'>μή</span> <span class='ocrx_word' id='word_1_278' title='bbox 1416 3804 1591 3872; x_wconf 82' lang='grc' dir='ltr'>κομᾷν</span> <span class='ocrx_word' id='word_1_279' title='bbox 1626 3801 1654 3854; x_wconf 87' lang='grc' dir='ltr'><strong>ὁ</strong></span> <span class='ocrx_word' id='word_1_280' title='bbox 1683 3798 1850 3877; x_wconf 81' lang='grc' dir='ltr'>λόγος</span> <span class='ocrx_word' id='word_1_281' title='bbox 1902 3800 2069 3873; x_wconf 74' lang='grc' dir='ltr'>αὐτῷ,</span> 
     </span>
    </p>
   </div>
   <div class='ocr_carea' id='block_1_40' title="bbox 407 3885 2070 3968">
    <p class='ocr_par' dir='ltr' id='par_1_40' title="bbox 407 3885 2070 3968">
     <span class='ocr_line' id='line_1_40' title="bbox 407 3885 2070 3968; baseline 0.002 -26"><span class='ocrx_word' id='word_1_282' title='bbox 407 3885 549 3960; x_wconf 67' lang='grc' dir='ltr'>μηδὲ</span> <span class='ocrx_word' id='word_1_283' title='bbox 577 3887 913 3964; x_wconf 71' lang='grc' dir='ltr'>κεκσλῦφθαι</span> <span class='ocrx_word' id='word_1_284' title='bbox 949 3887 1000 3942; x_wconf 83' lang='grc' dir='ltr'>ἐν</span> <span class='ocrx_word' id='word_1_285' title='bbox 1054 3889 1195 3964; x_wconf 79' lang='grc' dir='ltr'>εὐχῇ</span> <span class='ocrx_word' id='word_1_286' title='bbox 1253 3889 1344 3942; x_wconf 82' lang='grc' dir='ltr'>καὶ</span> <span class='ocrx_word' id='word_1_287' title='bbox 1397 3889 1702 3967; x_wconf 72' lang='grc' dir='ltr'>προφητείᾳ</span> <span class='ocrx_word' id='word_1_288' title='bbox 1753 3891 1852 3958; x_wconf 81' lang='grc' dir='ltr'>τήν</span> <span class='ocrx_word' id='word_1_289' title='bbox 1904 3911 2070 3968; x_wconf 71' lang='grc' dir='ltr'>κεφα-</span> 
     </span>
    </p>
   </div>
   <div class='ocr_carea' id='block_1_41' title="bbox 405 3975 2067 4054">
    <p class='ocr_par' dir='ltr' id='par_1_41' title="bbox 405 3975 2067 4054">
     <span class='ocr_line' id='line_1_41' title="bbox 405 3975 2067 4054; baseline 0 -23"><span class='ocrx_word' id='word_1_290' title='bbox 405 3975 530 4046; x_wconf 75' lang='grc' dir='ltr'>λήν.</span> <span class='ocrx_word' id='word_1_291' title='bbox 569 3980 691 4037; x_wconf 86' lang='grc' dir='ltr'>Πῶς</span> <span class='ocrx_word' id='word_1_292' title='bbox 714 3977 805 4031; x_wconf 79' lang='grc' dir='ltr'>οὖν</span> <span class='ocrx_word' id='word_1_293' title='bbox 840 3999 1003 4054; x_wconf 85' lang='grc' dir='ltr'>φησιν</span> <span class='ocrx_word' id='word_1_294' title='bbox 1035 3978 1140 4047; x_wconf 78' lang='grc' dir='ltr'>ὅτι,</span> <span class='ocrx_word' id='word_1_295' title='bbox 1195 4001 1221 4029; x_wconf 92' lang='grc'>‹‹</span> <span class='ocrx_word' id='word_1_296' title='bbox 1258 3977 1492 4032; x_wconf 82' lang='grc' dir='ltr'>Πάντοτέ</span> <span class='ocrx_word' id='word_1_297' title='bbox 1525 3999 1630 4049; x_wconf 86' lang='grc' dir='ltr'>μου</span> <span class='ocrx_word' id='word_1_298' title='bbox 1684 3977 1959 4051; x_wconf 82' lang='grc' dir='ltr'>μέμνησθε</span> <span class='ocrx_word' id='word_1_299' title='bbox 1993 3999 2006 4048; x_wconf 86' lang='lat'><strong>;</strong></span> <span class='ocrx_word' id='word_1_300' title='bbox 2041 4005 2067 4031; x_wconf 92' lang='grc'>››</span> 
     </span>
    </p>
   </div>
   <div class='ocr_carea' id='block_1_42' title="bbox 406 4061 2067 4143">
    <p class='ocr_par' dir='ltr' id='par_1_42' title="bbox 406 4061 2067 4143">
     <span class='ocr_line' id='line_1_42' title="bbox 406 4061 2067 4143; baseline 0.002 -23"><span class='ocrx_word' id='word_1_301' title='bbox 406 4067 679 4143; x_wconf 84' lang='grc' dir='ltr'>πρόφασιν</span> <span class='ocrx_word' id='word_1_302' title='bbox 713 4065 938 4142; x_wconf 67' lang='grc' dir='ltr'>εὔλογον</span> <span class='ocrx_word' id='word_1_303' title='bbox 988 4061 1194 4133; x_wconf 77' lang='grc' dir='ltr'>λαϐὼν,</span> <span class='ocrx_word' id='word_1_304' title='bbox 1249 4065 1456 4142; x_wconf 77' lang='grc' dir='ltr'>ἐπαίρει</span> <span class='ocrx_word' id='word_1_305' title='bbox 1515 4074 1632 4130; x_wconf 83' lang='grc' dir='ltr'>τοῖς</span> <span class='ocrx_word' id='word_1_306' title='bbox 1683 4067 1922 4130; x_wconf 77' lang='grc' dir='ltr'>ἐπαινοις</span> <span class='ocrx_word' id='word_1_307' title='bbox 1972 4070 2067 4124; x_wconf 74' lang='grc' dir='ltr'>αὐο</span> 
     </span>
    </p>
   </div>
   <div class='ocr_carea' id='block_1_43' title="bbox 404 4153 2067 4234">
    <p class='ocr_par' dir='ltr' id='par_1_43' title="bbox 404 4153 2067 4234">
     <span class='ocr_line' id='line_1_43' title="bbox 404 4153 2067 4234; baseline 0.002 -24"><span class='ocrx_word' id='word_1_308' title='bbox 404 4156 557 4216; x_wconf 77' lang='grc' dir='ltr'>τούς.</span> <span class='ocrx_word' id='word_1_309' title='bbox 588 4155 731 4229; x_wconf 87' lang='grc' dir='ltr'>Πρὸς</span> <span class='ocrx_word' id='word_1_310' title='bbox 778 4156 883 4229; x_wconf 73' lang='grc' dir='ltr'>γὰρ</span> <span class='ocrx_word' id='word_1_311' title='bbox 942 4153 1070 4217; x_wconf 75' lang='grc' dir='ltr'>τοὺς</span> <span class='ocrx_word' id='word_1_312' title='bbox 1122 4155 1522 4218; x_wconf 74' lang='grc' dir='ltr'>ὑπακούσαντες</span> <span class='ocrx_word' id='word_1_313' title='bbox 1584 4158 1612 4212; x_wconf 90' lang='lat'>6</span> <span class='ocrx_word' id='word_1_314' title='bbox 1671 4156 1842 4234; x_wconf 84' lang='grc' dir='ltr'>λόγοσ</span> <span class='ocrx_word' id='word_1_315' title='bbox 1898 4157 2067 4231; x_wconf 79' lang='grc' dir='ltr'>αὐτῷ,</span> 
     </span>
    </p>
   </div>
   <div class='ocr_carea' id='block_1_44' title="bbox 409 4243 2067 4320">
    <p class='ocr_par' dir='ltr' id='par_1_44' title="bbox 409 4243 2067 4320">
     <span class='ocr_line' id='line_1_44' title="bbox 409 4243 2067 4320; baseline 0.002 -22"><span class='ocrx_word' id='word_1_316' title='bbox 409 4243 542 4319; x_wconf 80' lang='grc' dir='ltr'>οὐχῖ</span> <span class='ocrx_word' id='word_1_317' title='bbox 569 4244 694 4318; x_wconf 81' lang='grc' dir='ltr'>περὶ</span> <span class='ocrx_word' id='word_1_318' title='bbox 731 4248 842 4299; x_wconf 88' lang='grc' dir='ltr'>τῶν</span> <span class='ocrx_word' id='word_1_319' title='bbox 904 4245 980 4317; x_wconf 81' lang='grc' dir='ltr'>μὴ</span> <span class='ocrx_word' id='word_1_320' title='bbox 1045 4245 1484 4302; x_wconf 75' lang='grc' dir='ltr'>ὑπακουσάντων.</span> <span class='ocrx_word' id='word_1_321' title='bbox 1541 4267 1562 4295; x_wconf 75' lang='grc' dir='ltr'>ι</span> <span class='ocrx_word' id='word_1_322' title='bbox 1597 4245 1752 4301; x_wconf 85' lang='grc' dir='ltr'>Θέλω</span> <span class='ocrx_word' id='word_1_323' title='bbox 1811 4243 1868 4302; x_wconf 78' lang='grc' dir='ltr'>δὲ</span> <span class='ocrx_word' id='word_1_324' title='bbox 1929 4247 2067 4320; x_wconf 81' lang='grc' dir='ltr'>ὑμᾶς</span> 
     </span>
    </p>
   </div>
   <div class='ocr_carea' id='block_1_45' title="bbox 406 4329 2070 4412">
    <p class='ocr_par' dir='ltr' id='par_1_45' title="bbox 406 4329 2070 4412">
     <span class='ocr_line' id='line_1_45' title="bbox 406 4329 2070 4412; baseline 0.001 -24"><span class='ocrx_word' id='word_1_325' title='bbox 406 4329 628 4388; x_wconf 77' lang='grc' dir='ltr'>εἰδέναι.</span> <span class='ocrx_word' id='word_1_326' title='bbox 667 4357 692 4383; x_wconf 72' lang='grc' dir='ltr'>ι)</span> <span class='ocrx_word' id='word_1_327' title='bbox 729 4334 868 4408; x_wconf 89' lang='grc' dir='ltr'>Πρὸς</span> <span class='ocrx_word' id='word_1_328' title='bbox 890 4334 1018 4396; x_wconf 77' lang='grc' dir='ltr'>τοὺς</span> <span class='ocrx_word' id='word_1_329' title='bbox 1051 4335 1363 4395; x_wconf 80' lang='grc' dir='ltr'>πεισθέντας</span> <span class='ocrx_word' id='word_1_330' title='bbox 1393 4339 1472 4406; x_wconf 77' lang='grc' dir='ltr'>τῷ</span> <span class='ocrx_word' id='word_1_331' title='bbox 1503 4333 1660 4412; x_wconf 83' lang='grc' dir='ltr'>λόγῳ</span> <span class='ocrx_word' id='word_1_332' title='bbox 1715 4335 1892 4410; x_wconf 72' lang='grc' dir='ltr'>τούτῳ</span> <span class='ocrx_word' id='word_1_333' title='bbox 1951 4333 2070 4391; x_wconf 85' lang='grc' dir='ltr'>δια-</span> 
     </span>
    </p>
   </div>
   <div class='ocr_carea' id='block_1_46' title="bbox 403 4422 2068 4499">
    <p class='ocr_par' dir='ltr' id='par_1_46' title="bbox 403 4422 2068 4499">
     <span class='ocr_line' id='line_1_46' title="bbox 403 4422 2068 4499; baseline 0.001 -20"><span class='ocrx_word' id='word_1_334' title='bbox 403 4423 702 4498; x_wconf 86' lang='grc' dir='ltr'>λεγόμενος</span> <span class='ocrx_word' id='word_1_335' title='bbox 736 4467 750 4492; x_wconf 86' lang='grc'>,</span> <span class='ocrx_word' id='word_1_336' title='bbox 810 4425 938 4486; x_wconf 78' lang='grc' dir='ltr'>τοὺς</span> <span class='ocrx_word' id='word_1_337' title='bbox 993 4423 1401 4495; x_wconf 69' lang='grc' dir='ltr'>ἀπιστήσαντας</span> <span class='ocrx_word' id='word_1_338' title='bbox 1460 4422 1770 4498; x_wconf 81' lang='grc' dir='ltr'>διορθοῦται</span> <span class='ocrx_word' id='word_1_339' title='bbox 1820 4428 1896 4499; x_wconf 80' lang='grc' dir='ltr'>μὴ</span> <span class='ocrx_word' id='word_1_340' title='bbox 1959 4425 2068 4482; x_wconf 86' lang='grc' dir='ltr'>δεῖν</span> 
     </span>
    </p>
   </div>
   <div class='ocr_carea' id='block_1_47' title="bbox 405 4511 2068 4593">
    <p class='ocr_par' dir='ltr' id='par_1_47' title="bbox 405 4511 2068 4593">
     <span class='ocr_line' id='line_1_47' title="bbox 405 4511 2068 4593; baseline 0.002 -26"><span class='ocrx_word' id='word_1_341' title='bbox 405 4512 796 4588; x_wconf 68' lang='grc' dir='ltr'>κεκαλυμμένη</span> <span class='ocrx_word' id='word_1_342' title='bbox 853 4511 1108 4590; x_wconf 70' lang='grc' dir='ltr'>εὔχεσθαι</span> <span class='ocrx_word' id='word_1_343' title='bbox 1194 4512 1429 4593; x_wconf 78' lang='grc' dir='ltr'>κεφαλῇ.</span> <span class='ocrx_word' id='word_1_344' title='bbox 1521 4514 1795 4593; x_wconf 83' lang='grc' dir='ltr'>Ἐπιφέρει</span> <span class='ocrx_word' id='word_1_345' title='bbox 1863 4513 1921 4569; x_wconf 66' lang='grc' dir='ltr'>δῖε</span> <span class='ocrx_word' id='word_1_346' title='bbox 1977 4516 2068 4570; x_wconf 88' lang='grc' dir='ltr'>καὶ</span> 
     </span>
    </p>
   </div>
   <div class='ocr_carea' id='block_1_48' title="bbox 2208 620 3852 694">
    <p class='ocr_par' dir='ltr' id='par_1_48' title="bbox 2208 620 3852 694">
     <span class='ocr_line' id='line_1_48' title="bbox 2208 620 3852 694; baseline -0.002 -17"><span class='ocrx_word' id='word_1_347' title='bbox 2208 624 2527 679; x_wconf 75' lang='lat' dir='ltr'>anathema</span> <span class='ocrx_word' id='word_1_348' title='bbox 2558 640 2686 679; x_wconf 72' lang='lat' dir='ltr'>esse</span> <span class='ocrx_word' id='word_1_349' title='bbox 2716 639 2749 678; x_wconf 88' lang='lat' dir='ltr'>a</span> <span class='ocrx_word' id='word_1_350' title='bbox 2770 623 3001 677; x_wconf 84' lang='lat' dir='ltr'>Christo</span> <span class='ocrx_word' id='word_1_351' title='bbox 3033 639 3137 694; x_wconf 89' lang='lat' dir='ltr'>pro</span> <span class='ocrx_word' id='word_1_352' title='bbox 3169 621 3454 676; x_wconf 78' lang='lat' dir='ltr'>fratribus</span> <span class='ocrx_word' id='word_1_353' title='bbox 3494 620 3642 674; x_wconf 86' lang='lat' dir='ltr'>meis</span> <span class='ocrx_word' id='word_1_354' title='bbox 3671 623 3729 674; x_wconf 90' lang='lat' dir='ltr'>et</span> <span class='ocrx_word' id='word_1_355' title='bbox 3755 635 3852 674; x_wconf 84' lang='lat' dir='ltr'>co-</span> 
     </span>
    </p>
   </div>
   <div class='ocr_carea' id='block_1_49' title="bbox 2206 708 3854 783">
    <p class='ocr_par' dir='ltr' id='par_1_49' title="bbox 2206 708 3854 783">
     <span class='ocr_line' id='line_1_49' title="bbox 2206 708 3854 783; baseline -0.003 -18"><span class='ocrx_word' id='word_1_356' title='bbox 2206 714 2399 783; x_wconf 78' lang='lat' dir='ltr'>gnatis</span> <span class='ocrx_word' id='word_1_357' title='bbox 2431 714 2580 769; x_wconf 83' lang='lat' dir='ltr'>meis</span> <span class='ocrx_word' id='word_1_358' title='bbox 2612 715 2677 768; x_wconf 78' lang='grc'>³⁷.</span> <span class='ocrx_word' id='word_1_359' title='bbox 2713 735 2739 762; x_wconf 82' lang='grc'><strong>››</strong></span> <span class='ocrx_word' id='word_1_360' title='bbox 2782 717 2904 767; x_wconf 83' lang='grc' dir='ltr'>Ηοο</span> <span class='ocrx_word' id='word_1_361' title='bbox 2935 717 3133 766; x_wconf 86' lang='lat' dir='ltr'>autem</span> <span class='ocrx_word' id='word_1_362' title='bbox 3167 710 3377 764; x_wconf 76' lang='lat' dir='ltr'>(lhristi</span> <span class='ocrx_word' id='word_1_363' title='bbox 3439 708 3690 763; x_wconf 85' lang='lat' dir='ltr'>imitatio</span> <span class='ocrx_word' id='word_1_364' title='bbox 3743 712 3854 777; x_wconf 90' lang='lat' dir='ltr'>est,</span> 
     </span>
    </p>
   </div>
   <div class='ocr_carea' id='block_1_50' title="bbox 2206 798 3854 876">
    <p class='ocr_par' dir='ltr' id='par_1_50' title="bbox 2206 798 3854 876">
     <span class='ocr_line' id='line_1_50' title="bbox 2206 798 3854 876; baseline -0.005 -17"><span class='ocrx_word' id='word_1_365' title='bbox 2206 821 2325 859; x_wconf 89' lang='lat' dir='ltr'>non</span> <span class='ocrx_word' id='word_1_366' title='bbox 2349 821 2616 876; x_wconf 72' lang='lat' dir='ltr'>quaerere</span> <span class='ocrx_word' id='word_1_367' title='bbox 2634 820 2835 859; x_wconf 91' lang='lat' dir='ltr'>meum</span> <span class='ocrx_word' id='word_1_368' title='bbox 2857 799 3262 864; x_wconf 90' lang='lat' dir='ltr'>commodum,</span> <span class='ocrx_word' id='word_1_369' title='bbox 3289 801 3391 853; x_wconf 90' lang='lat' dir='ltr'>sed</span> <span class='ocrx_word' id='word_1_370' title='bbox 3409 798 3692 870; x_wconf 85' lang='lat' dir='ltr'>proximis</span> <span class='ocrx_word' id='word_1_371' title='bbox 3713 813 3854 869; x_wconf 88' lang='lat' dir='ltr'>pro-</span> 
     </span>
    </p>
   </div>
   <div class='ocr_carea' id='block_1_51' title="bbox 2203 888 3854 959">
    <p class='ocr_par' dir='ltr' id='par_1_51' title="bbox 2203 888 3854 959">
     <span class='ocr_line' id='line_1_51' title="bbox 2203 888 3854 959; baseline -0.003 -14"><span class='ocrx_word' id='word_1_372' title='bbox 2203 891 2424 959; x_wconf 86' lang='lat' dir='ltr'>videre,</span> <span class='ocrx_word' id='word_1_373' title='bbox 2465 914 2489 945; x_wconf 80' lang='grc' dir='ltr'>ιι</span> <span class='ocrx_word' id='word_1_374' title='bbox 2520 893 2632 948; x_wconf 86' lang='lat' dir='ltr'>Sed</span> <span class='ocrx_word' id='word_1_375' title='bbox 2664 891 3012 948; x_wconf 86' lang='lat' dir='ltr'>multorum.</span> <span class='ocrx_word' id='word_1_376' title='bbox 3046 912 3072 940; x_wconf 72' lang='grc' dir='ltr'>»ι</span> <span class='ocrx_word' id='word_1_377' title='bbox 3108 889 3444 956; x_wconf 88' lang='lat' dir='ltr'>Multorum,</span> <span class='ocrx_word' id='word_1_378' title='bbox 3469 888 3854 958; x_wconf 87' lang='lat' dir='ltr'>inquit,com-</span> 
     </span>
    </p>
   </div>
   <div class='ocr_carea' id='block_1_52' title="bbox 2203 978 3851 1054">
    <p class='ocr_par' dir='ltr' id='par_1_52' title="bbox 2203 978 3851 1054">
     <span class='ocr_line' id='line_1_52' title="bbox 2203 978 3851 1054; baseline -0.002 -19"><span class='ocrx_word' id='word_1_379' title='bbox 2203 981 2448 1036; x_wconf 90' lang='lat' dir='ltr'>modum</span> <span class='ocrx_word' id='word_1_380' title='bbox 2475 983 2661 1050; x_wconf 68' lang='lat' dir='ltr'>magis</span> <span class='ocrx_word' id='word_1_381' title='bbox 2684 999 2907 1054; x_wconf 70' lang='lat' dir='ltr'>quaero,</span> <span class='ocrx_word' id='word_1_382' title='bbox 2934 997 3108 1052; x_wconf 88' lang='lat' dir='ltr'>quam</span> <span class='ocrx_word' id='word_1_383' title='bbox 3135 978 3851 1048; x_wconf 84' lang='lat' dir='ltr'>meum.Quandoquidem</span> 
     </span>
    </p>
   </div>
   <div class='ocr_carea' id='block_1_53' title="bbox 2204 1076 3850 1150">
    <p class='ocr_par' dir='ltr' id='par_1_53' title="bbox 2204 1076 3850 1150">
     <span class='ocr_line' id='line_1_53' title="bbox 2204 1076 3850 1150; baseline -0.001 -18"><span class='ocrx_word' id='word_1_384' title='bbox 2204 1078 2479 1132; x_wconf 85' lang='lat' dir='ltr'>nonnulli</span> <span class='ocrx_word' id='word_1_385' title='bbox 2507 1079 2827 1134; x_wconf 89' lang='lat' dir='ltr'>multorum</span> <span class='ocrx_word' id='word_1_386' title='bbox 2854 1082 3130 1150; x_wconf 69' lang='lat' dir='ltr'>quaarunt</span> <span class='ocrx_word' id='word_1_387' title='bbox 3150 1076 3528 1131; x_wconf 88' lang='lat' dir='ltr'>commodum</span> <span class='ocrx_word' id='word_1_388' title='bbox 3578 1077 3679 1131; x_wconf 88' lang='lat' dir='ltr'>alii</span> <span class='ocrx_word' id='word_1_389' title='bbox 3709 1093 3850 1132; x_wconf 87' lang='lat' dir='ltr'>sane</span> 
     </span>
    </p>
   </div>
   <div class='ocr_carea' id='block_1_54' title="bbox 2201 1165 3851 1232">
    <p class='ocr_par' dir='ltr' id='par_1_54' title="bbox 2201 1165 3851 1232">
     <span class='ocr_line' id='line_1_54' title="bbox 2201 1165 3851 1232; baseline -0.001 -10"><span class='ocrx_word' id='word_1_390' title='bbox 2201 1173 2266 1222; x_wconf 89' lang='lat' dir='ltr'>ut</span> <span class='ocrx_word' id='word_1_391' title='bbox 2295 1167 2536 1224; x_wconf 89' lang='lat' dir='ltr'>illorum</span> <span class='ocrx_word' id='word_1_392' title='bbox 2596 1169 2971 1224; x_wconf 71' lang='lat' dir='ltr'>lucrifaciant</span> <span class='ocrx_word' id='word_1_393' title='bbox 3020 1165 3518 1232; x_wconf 84' lang='lat' dir='ltr'>benevolentiam,</span> <span class='ocrx_word' id='word_1_394' title='bbox 3553 1167 3614 1220; x_wconf 89' lang='lat' dir='ltr'>in</span> <span class='ocrx_word' id='word_1_395' title='bbox 3646 1165 3756 1220; x_wconf 88' lang='lat' dir='ltr'>hoc</span> <span class='ocrx_word' id='word_1_396' title='bbox 3787 1172 3851 1220; x_wconf 91' lang='lat' dir='ltr'>ut</span> 
     </span>
    </p>
   </div>
   <div class='ocr_carea' id='block_1_55' title="bbox 2201 1255 3847 1331">
    <p class='ocr_par' dir='ltr' id='par_1_55' title="bbox 2201 1255 3847 1331">
     <span class='ocr_line' id='line_1_55' title="bbox 2201 1255 3847 1331; baseline -0.002 -19"><span class='ocrx_word' id='word_1_397' title='bbox 2201 1258 2313 1312; x_wconf 87' lang='lat' dir='ltr'>sibi</span> <span class='ocrx_word' id='word_1_398' title='bbox 2345 1261 2620 1330; x_wconf 89' lang='lat' dir='ltr'>prosint:</span> <span class='ocrx_word' id='word_1_399' title='bbox 2655 1258 2898 1331; x_wconf 89' lang='lat' dir='ltr'>quidam</span> <span class='ocrx_word' id='word_1_400' title='bbox 2930 1275 3064 1312; x_wconf 90' lang='lat' dir='ltr'>vero</span> <span class='ocrx_word' id='word_1_401' title='bbox 3121 1262 3187 1311; x_wconf 94' lang='lat' dir='ltr'>ut</span> <span class='ocrx_word' id='word_1_402' title='bbox 3237 1256 3309 1311; x_wconf 90' lang='lat' dir='ltr'>ab</span> <span class='ocrx_word' id='word_1_403' title='bbox 3367 1256 3453 1311; x_wconf 91' lang='lat' dir='ltr'>eis</span> <span class='ocrx_word' id='word_1_404' title='bbox 3508 1255 3847 1326; x_wconf 85' lang='lat' dir='ltr'>laudentur,</span> 
     </span>
    </p>
   </div>
   <div class='ocr_carea' id='block_1_56' title="bbox 2200 1346 3845 1420">
    <p class='ocr_par' dir='ltr' id='par_1_56' title="bbox 2200 1346 3845 1420">
     <span class='ocr_line' id='line_1_56' title="bbox 2200 1346 3845 1420; baseline -0.002 -17"><span class='ocrx_word' id='word_1_405' title='bbox 2200 1347 2302 1403; x_wconf 85' lang='lat' dir='ltr'>alii</span> <span class='ocrx_word' id='word_1_406' title='bbox 2334 1354 2397 1402; x_wconf 90' lang='lat' dir='ltr'>ut</span> <span class='ocrx_word' id='word_1_407' title='bbox 2429 1348 2592 1404; x_wconf 89' lang='lat' dir='ltr'>aliud</span> <span class='ocrx_word' id='word_1_408' title='bbox 2624 1349 2930 1420; x_wconf 89' lang='lat' dir='ltr'>quidpiam</span> <span class='ocrx_word' id='word_1_409' title='bbox 2965 1346 3162 1402; x_wconf 87' lang='lat' dir='ltr'>simile</span> <span class='ocrx_word' id='word_1_410' title='bbox 3189 1346 3263 1401; x_wconf 92' lang='lat' dir='ltr'>ab</span> <span class='ocrx_word' id='word_1_411' title='bbox 3296 1346 3380 1401; x_wconf 87' lang='lat' dir='ltr'>eis</span> <span class='ocrx_word' id='word_1_412' title='bbox 3411 1351 3845 1416; x_wconf 88' lang='lat' dir='ltr'>assequantur:</span> 
     </span>
    </p>
   </div>
   <div class='ocr_carea' id='block_1_57' title="bbox 2198 1435 3851 1510">
    <p class='ocr_par' dir='ltr' id='par_1_57' title="bbox 2198 1435 3851 1510">
     <span class='ocr_line' id='line_1_57' title="bbox 2198 1435 3851 1510; baseline -0.003 -16"><span class='ocrx_word' id='word_1_413' title='bbox 2198 1438 2461 1494; x_wconf 84' lang='lat' dir='ltr'>ostendit</span> <span class='ocrx_word' id='word_1_414' title='bbox 2488 1438 2616 1510; x_wconf 87' lang='lat' dir='ltr'>ipse</span> <span class='ocrx_word' id='word_1_415' title='bbox 2645 1438 2721 1493; x_wconf 89' lang='lat' dir='ltr'>ad</span> <span class='ocrx_word' id='word_1_416' title='bbox 2751 1437 2896 1509; x_wconf 91' lang='lat' dir='ltr'>quid</span> <span class='ocrx_word' id='word_1_417' title='bbox 2926 1437 3048 1491; x_wconf 89' lang='lat' dir='ltr'>illis</span> <span class='ocrx_word' id='word_1_418' title='bbox 3079 1436 3313 1508; x_wconf 84' lang='lat' dir='ltr'>placere</span> <span class='ocrx_word' id='word_1_419' title='bbox 3346 1435 3659 1501; x_wconf 85' lang='lat' dir='ltr'>studuerit,</span> <span class='ocrx_word' id='word_1_420' title='bbox 3680 1442 3739 1490; x_wconf 90' lang='lat' dir='ltr'>et</span> <span class='ocrx_word' id='word_1_421' title='bbox 3768 1437 3851 1490; x_wconf 90' lang='lat' dir='ltr'>ait</span> 
     </span>
    </p>
   </div>
   <div class='ocr_carea' id='block_1_58' title="bbox 2197 1523 3847 1598">
    <p class='ocr_par' dir='ltr' id='par_1_58' title="bbox 2197 1523 3847 1598">
     <span class='ocr_line' id='line_1_58' title="bbox 2197 1523 3847 1598; baseline -0.002 -16"><span class='ocrx_word' id='word_1_422' title='bbox 2197 1526 2355 1598; x_wconf 92' lang='lat' dir='ltr'>quod</span> <span class='ocrx_word' id='word_1_423' title='bbox 2387 1526 2462 1581; x_wconf 93' lang='lat' dir='ltr'>ob</span> <span class='ocrx_word' id='word_1_424' title='bbox 2495 1525 2876 1584; x_wconf 89' lang='lat' dir='ltr'>commodum</span> <span class='ocrx_word' id='word_1_425' title='bbox 2911 1527 3176 1597; x_wconf 90' lang='lat' dir='ltr'>ipsorum</span> <span class='ocrx_word' id='word_1_426' title='bbox 3207 1541 3219 1591; x_wconf 93' lang='lat'><strong>;</strong></span> <span class='ocrx_word' id='word_1_427' title='bbox 3269 1540 3381 1579; x_wconf 90' lang='lat' dir='ltr'>nec</span> <span class='ocrx_word' id='word_1_428' title='bbox 3430 1523 3847 1595; x_wconf 85' lang='lat' dir='ltr'>qualecunque</span> 
     </span>
    </p>
   </div>
   <div class='ocr_carea' id='block_1_59' title="bbox 2196 1613 3848 1686">
    <p class='ocr_par' dir='ltr' id='par_1_59' title="bbox 2196 1613 3848 1686">
     <span class='ocr_line' id='line_1_59' title="bbox 2196 1613 3848 1686; baseline -0.002 -16"><span class='ocrx_word' id='word_1_429' title='bbox 2196 1615 2596 1686; x_wconf 90' lang='lat' dir='ltr'>commodum,</span> <span class='ocrx_word' id='word_1_430' title='bbox 2622 1616 2726 1671; x_wconf 88' lang='lat' dir='ltr'>sed</span> <span class='ocrx_word' id='word_1_431' title='bbox 2757 1615 3133 1671; x_wconf 85' lang='lat' dir='ltr'>manifestius</span> <span class='ocrx_word' id='word_1_432' title='bbox 3166 1613 3358 1670; x_wconf 88' lang='lat' dir='ltr'>adhuc</span> <span class='ocrx_word' id='word_1_433' title='bbox 3389 1619 3455 1668; x_wconf 86' lang='lat' dir='ltr'>ut</span> <span class='ocrx_word' id='word_1_434' title='bbox 3503 1613 3648 1668; x_wconf 82' lang='lat' dir='ltr'>salvi</span> <span class='ocrx_word' id='word_1_435' title='bbox 3681 1613 3848 1684; x_wconf 80' lang='lat' dir='ltr'>ﬁant,</span> 
     </span>
    </p>
   </div>
   <div class='ocr_carea' id='block_1_60' title="bbox 2196 1705 2413 1776">
    <p class='ocr_par' dir='ltr' id='par_1_60' title="bbox 2196 1705 2413 1776">
     <span class='ocr_line' id='line_1_60' title="bbox 2196 1705 2413 1776; baseline -0.009 -16"><span class='ocrx_word' id='word_1_436' title='bbox 2196 1705 2413 1776; x_wconf 88' lang='lat' dir='ltr'>inquit.</span> 
     </span>
    </p>
   </div>
   <div class='ocr_carea' id='block_1_61' title="bbox 2756 1821 3292 1879">
    <p class='ocr_par' dir='ltr' id='par_1_61' title="bbox 2756 1821 3292 1879">
     <span class='ocr_line' id='line_1_61' title="bbox 2756 1821 3292 1879; baseline -0.007 0"><span class='ocrx_word' id='word_1_437' title='bbox 2756 1822 2911 1879; x_wconf 69' lang='lat'><strong>522</strong></span> <span class='ocrx_word' id='word_1_438' title='bbox 2952 1821 3184 1877; x_wconf 84' lang='lat' dir='ltr'>CAPUT</span> <span class='ocrx_word' id='word_1_439' title='bbox 3227 1822 3292 1876; x_wconf 92' lang='lat' dir='ltr'><strong>VI</strong></span> 
     </span>
    </p>
   </div>
   <div class='ocr_carea' id='block_1_62' title="bbox 1465 1905 2075 2008">
    <p class='ocr_par' dir='ltr' id='par_1_62' title="bbox 1465 1908 2075 1986">
     <span class='ocr_line' id='line_1_62' title="bbox 1465 1908 2075 1986; baseline 0.002 -22"><span class='ocrx_word' id='word_1_440' title='bbox 1465 1914 1733 1984; x_wconf 87' lang='grc' dir='ltr'>γυναικῶν</span> <span class='ocrx_word' id='word_1_441' title='bbox 1790 1908 1842 1964; x_wconf 86' lang='grc' dir='ltr'>ἐν</span> <span class='ocrx_word' id='word_1_442' title='bbox 1892 1909 2075 1986; x_wconf 79' lang='grc' dir='ltr'>εὐχαῖς</span> 
     </span>
    </p>
   </div>
   <div class='ocr_carea' id='block_1_63' title="bbox 2192 1905 3843 2008">
    <p class='ocr_par' dir='ltr' id='par_1_63' title="bbox 2193 1935 3843 2008">
     <span class='ocr_line' id='line_1_63' title="bbox 2193 1935 3843 2008; baseline -0.002 -16"><span class='ocrx_word' id='word_1_443' title='bbox 2193 1937 2265 1992; x_wconf 88' lang='lat' dir='ltr'>De</span> <span class='ocrx_word' id='word_1_444' title='bbox 2294 1937 2525 1994; x_wconf 80' lang='lat' dir='ltr'>dissidio</span> <span class='ocrx_word' id='word_1_445' title='bbox 2566 1941 2814 1993; x_wconf 84' lang='lat' dir='ltr'>virorum</span> <span class='ocrx_word' id='word_1_446' title='bbox 2843 1955 2906 1994; x_wconf 70' lang='lat' dir='ltr'>ac</span> <span class='ocrx_word' id='word_1_447' title='bbox 2935 1938 3232 1994; x_wconf 79' lang='lat' dir='ltr'>mulierum</span> <span class='ocrx_word' id='word_1_448' title='bbox 3261 1936 3322 1992; x_wconf 76' lang='lat' dir='ltr'>in</span> <span class='ocrx_word' id='word_1_449' title='bbox 3347 1935 3763 2008; x_wconf 80' lang='lat' dir='ltr'>precationibus</span> <span class='ocrx_word' id='word_1_450' title='bbox 3792 1941 3843 1990; x_wconf 79' lang='lat' dir='ltr'>et</span> 
     </span>
    </p>
   </div>
   <div class='ocr_carea' id='block_1_64' title="bbox 2847 2011 3180 2081">
    <p class='ocr_par' dir='ltr' id='par_1_64' title="bbox 2847 2011 3180 2081">
     <span class='ocr_line' id='line_1_64' title="bbox 2847 2011 3180 2081; baseline 0 -17"><span class='ocrx_word' id='word_1_451' title='bbox 2847 2011 3180 2081; x_wconf 81' lang='lat' dir='ltr'>prophetiis.</span> 
     </span>
    </p>
   </div>
   <div class='ocr_carea' id='block_1_65' title="bbox 2260 2125 3844 2198">
    <p class='ocr_par' dir='ltr' id='par_1_65' title="bbox 2260 2125 3844 2198">
     <span class='ocr_line' id='line_1_65' title="bbox 2260 2125 3844 2198; baseline 0.001 -18"><span class='ocrx_word' id='word_1_452' title='bbox 2260 2125 2355 2194; x_wconf 87' lang='lat' dir='ltr'>XI,</span> <span class='ocrx_word' id='word_1_453' title='bbox 2381 2129 2501 2180; x_wconf 83' lang='lat'>2-2.</span> <span class='ocrx_word' id='word_1_454' title='bbox 2536 2149 2564 2176; x_wconf 86' lang='grc'>‹‹</span> <span class='ocrx_word' id='word_1_455' title='bbox 2591 2126 2875 2182; x_wconf 86' lang='lat' dir='ltr'>Collaudo</span> <span class='ocrx_word' id='word_1_456' title='bbox 2909 2132 3108 2182; x_wconf 91' lang='lat' dir='ltr'>autem</span> <span class='ocrx_word' id='word_1_457' title='bbox 3140 2127 3504 2194; x_wconf 84' lang='lat' dir='ltr'>vos,fratres,</span> <span class='ocrx_word' id='word_1_458' title='bbox 3531 2127 3687 2198; x_wconf 90' lang='lat' dir='ltr'>quod</span> <span class='ocrx_word' id='word_1_459' title='bbox 3713 2144 3844 2181; x_wconf 82' lang='lat' dir='ltr'>om-</span> 
     </span>
    </p>
   </div>
   <div class='ocr_carea' id='block_1_66' title="bbox 2191 2215 3848 2289">
    <p class='ocr_par' dir='ltr' id='par_1_66' title="bbox 2191 2215 3848 2289">
     <span class='ocr_line' id='line_1_66' title="bbox 2191 2215 3848 2289; baseline 0.001 -20"><span class='ocrx_word' id='word_1_460' title='bbox 2191 2236 2218 2263; x_wconf 77' lang='grc' dir='ltr'>α</span> <span class='ocrx_word' id='word_1_461' title='bbox 2251 2217 2415 2270; x_wconf 90' lang='lat' dir='ltr'>nium</span> <span class='ocrx_word' id='word_1_462' title='bbox 2433 2234 2564 2287; x_wconf 63' lang='lat' dir='ltr'>qua:</span> <span class='ocrx_word' id='word_1_463' title='bbox 2585 2233 2715 2273; x_wconf 87' lang='lat' dir='ltr'>mea</span> <span class='ocrx_word' id='word_1_464' title='bbox 2737 2223 2876 2272; x_wconf 91' lang='lat' dir='ltr'>sunt</span> <span class='ocrx_word' id='word_1_465' title='bbox 2897 2235 3192 2272; x_wconf 88' lang='lat' dir='ltr'>memores</span> <span class='ocrx_word' id='word_1_466' title='bbox 3216 2215 3848 2289; x_wconf 87' lang='lat' dir='ltr'>sitis,et,quemadmo-</span> 
     </span>
    </p>
   </div>
   <div class='ocr_carea' id='block_1_67' title="bbox 2189 2306 3842 2370">
    <p class='ocr_par' dir='ltr' id='par_1_67' title="bbox 2189 2306 3842 2370">
     <span class='ocr_line' id='line_1_67' title="bbox 2189 2306 3842 2370; baseline 0.004 -16"><span class='ocrx_word' id='word_1_467' title='bbox 2189 2327 2215 2354; x_wconf 90' lang='grc'><strong>‹‹</strong></span> <span class='ocrx_word' id='word_1_468' title='bbox 2252 2306 2389 2360; x_wconf 90' lang='lat' dir='ltr'>dum</span> <span class='ocrx_word' id='word_1_469' title='bbox 2413 2306 2624 2361; x_wconf 80' lang='lat' dir='ltr'>tradidi</span> <span class='ocrx_word' id='word_1_470' title='bbox 2653 2307 2828 2370; x_wconf 80' lang='lat' dir='ltr'>vobis,</span> <span class='ocrx_word' id='word_1_471' title='bbox 2858 2307 3132 2362; x_wconf 87' lang='lat' dir='ltr'>instituta</span> <span class='ocrx_word' id='word_1_472' title='bbox 3155 2307 3418 2361; x_wconf 82' lang='lat' dir='ltr'>servetis.</span> <span class='ocrx_word' id='word_1_473' title='bbox 3445 2306 3555 2362; x_wconf 91' lang='lat' dir='ltr'>Sed</span> <span class='ocrx_word' id='word_1_474' title='bbox 3580 2306 3707 2360; x_wconf 85' lang='lat' dir='ltr'>volo</span> <span class='ocrx_word' id='word_1_475' title='bbox 3740 2323 3842 2361; x_wconf 88' lang='lat' dir='ltr'>vos</span> 
     </span>
    </p>
   </div>
   <div class='ocr_carea' id='block_1_68' title="bbox 2191 2395 3842 2467">
    <p class='ocr_par' dir='ltr' id='par_1_68' title="bbox 2191 2395 3842 2467">
     <span class='ocr_line' id='line_1_68' title="bbox 2191 2395 3842 2467; baseline 0.002 -22"><span class='ocrx_word' id='word_1_476' title='bbox 2191 2415 2218 2444; x_wconf 85' lang='lat'><strong>«</strong></span> <span class='ocrx_word' id='word_1_477' title='bbox 2252 2395 2404 2450; x_wconf 88' lang='lat' dir='ltr'>scire</span> <span class='ocrx_word' id='word_1_478' title='bbox 2427 2397 2583 2466; x_wconf 87' lang='lat' dir='ltr'>quod</span> <span class='ocrx_word' id='word_1_479' title='bbox 2607 2397 2801 2451; x_wconf 90' lang='lat' dir='ltr'>omnis</span> <span class='ocrx_word' id='word_1_480' title='bbox 2823 2396 2930 2450; x_wconf 91' lang='lat' dir='ltr'>viri</span> <span class='ocrx_word' id='word_1_481' title='bbox 2958 2401 3136 2467; x_wconf 88' lang='lat' dir='ltr'>caput</span> <span class='ocrx_word' id='word_1_482' title='bbox 3187 2395 3458 2451; x_wconf 89' lang='lat' dir='ltr'>Christus</span> <span class='ocrx_word' id='word_1_483' title='bbox 3502 2401 3610 2463; x_wconf 90' lang='lat' dir='ltr'>est,</span> <span class='ocrx_word' id='word_1_484' title='bbox 3665 2401 3842 2467; x_wconf 90' lang='lat' dir='ltr'>caput</span> 
     </span>
    </p>
   </div>
   <div class='ocr_carea' id='block_1_69' title="bbox 2188 2485 3839 2557">
    <p class='ocr_par' dir='ltr' id='par_1_69' title="bbox 2188 2485 3839 2557">
     <span class='ocr_line' id='line_1_69' title="bbox 2188 2485 3839 2557; baseline 0 -19"><span class='ocrx_word' id='word_1_485' title='bbox 2188 2507 2215 2532; x_wconf 91' lang='grc'>‹‹</span> <span class='ocrx_word' id='word_1_486' title='bbox 2249 2490 2450 2538; x_wconf 87' lang='lat' dir='ltr'>autem</span> <span class='ocrx_word' id='word_1_487' title='bbox 2476 2485 2744 2540; x_wconf 89' lang='lat' dir='ltr'>mulieris</span> <span class='ocrx_word' id='word_1_488' title='bbox 2767 2487 3203 2557; x_wconf 85' lang='lat' dir='ltr'>vir,caputvero</span> <span class='ocrx_word' id='word_1_489' title='bbox 3219 2485 3434 2540; x_wconf 89' lang='lat' dir='ltr'>Christi</span> <span class='ocrx_word' id='word_1_490' title='bbox 3451 2485 3839 2540; x_wconf 88' lang='lat' dir='ltr'>Deus.0mnis</span> 
     </span>
    </p>
   </div>
   <div class='ocr_carea' id='block_1_70' title="bbox 2190 2573 3840 2647">
    <p class='ocr_par' dir='ltr' id='par_1_70' title="bbox 2190 2573 3840 2647">
     <span class='ocr_line' id='line_1_70' title="bbox 2190 2573 3840 2647; baseline 0.003 -22"><span class='ocrx_word' id='word_1_491' title='bbox 2190 2593 2214 2625; x_wconf 78' lang='grc' dir='ltr'>ε</span> <span class='ocrx_word' id='word_1_492' title='bbox 2248 2573 2337 2626; x_wconf 90' lang='lat' dir='ltr'>vir</span> <span class='ocrx_word' id='word_1_493' title='bbox 2358 2590 2537 2629; x_wconf 87' lang='lat' dir='ltr'>orans</span> <span class='ocrx_word' id='word_1_494' title='bbox 2560 2580 2662 2630; x_wconf 84' lang='lat' dir='ltr'>aut</span> <span class='ocrx_word' id='word_1_495' title='bbox 2678 2577 3041 2647; x_wconf 88' lang='lat' dir='ltr'>prophetans</span> <span class='ocrx_word' id='word_1_496' title='bbox 3063 2575 3290 2630; x_wconf 87' lang='lat' dir='ltr'>habens</span> <span class='ocrx_word' id='word_1_497' title='bbox 3317 2575 3622 2646; x_wconf 86' lang='lat' dir='ltr'>quidpiam</span> <span class='ocrx_word' id='word_1_498' title='bbox 3640 2575 3701 2628; x_wconf 92' lang='lat' dir='ltr'>in</span> <span class='ocrx_word' id='word_1_499' title='bbox 3750 2592 3840 2630; x_wconf 81' lang='lat' dir='ltr'>ca-</span> 
     </span>
    </p>
   </div>
   <div class='ocr_carea' id='block_1_71' title="bbox 2189 2662 3842 2735">
    <p class='ocr_par' dir='ltr' id='par_1_71' title="bbox 2189 2662 3842 2735">
     <span class='ocr_line' id='line_1_71' title="bbox 2189 2662 3842 2735; baseline 0.002 -21"><span class='ocrx_word' id='word_1_500' title='bbox 2189 2683 2215 2714; x_wconf 79' lang='grc' dir='ltr'>σ</span> <span class='ocrx_word' id='word_1_501' title='bbox 2249 2662 2616 2734; x_wconf 89' lang='lat' dir='ltr'>pite,probro</span> <span class='ocrx_word' id='word_1_502' title='bbox 2639 2664 2826 2719; x_wconf 81' lang='lat' dir='ltr'>afﬁcit</span> <span class='ocrx_word' id='word_1_503' title='bbox 2844 2670 3021 2735; x_wconf 87' lang='lat' dir='ltr'>caput</span> <span class='ocrx_word' id='word_1_504' title='bbox 3042 2664 3450 2720; x_wconf 90' lang='lat' dir='ltr'>suum.0mnis</span> <span class='ocrx_word' id='word_1_505' title='bbox 3467 2681 3602 2718; x_wconf 90' lang='lat' dir='ltr'>vero</span> <span class='ocrx_word' id='word_1_506' title='bbox 3625 2663 3842 2718; x_wconf 90' lang='lat' dir='ltr'>mulier</span> 
     </span>
    </p>
   </div>
   <div class='ocr_carea' id='block_1_72' title="bbox 2189 2752 3839 2826">
    <p class='ocr_par' dir='ltr' id='par_1_72' title="bbox 2189 2752 3839 2826">
     <span class='ocr_line' id='line_1_72' title="bbox 2189 2752 3839 2826; baseline 0.002 -24"><span class='ocrx_word' id='word_1_507' title='bbox 2189 2773 2216 2801; x_wconf 89' lang='grc'>‹‹</span> <span class='ocrx_word' id='word_1_508' title='bbox 2250 2769 2426 2807; x_wconf 88' lang='lat' dir='ltr'>orans</span> <span class='ocrx_word' id='word_1_509' title='bbox 2441 2759 2539 2807; x_wconf 89' lang='lat' dir='ltr'>aut</span> <span class='ocrx_word' id='word_1_510' title='bbox 2556 2755 2918 2826; x_wconf 80' lang='lat' dir='ltr'>praphetans</span> <span class='ocrx_word' id='word_1_511' title='bbox 2933 2771 3054 2808; x_wconf 90' lang='lat' dir='ltr'>non</span> <span class='ocrx_word' id='word_1_512' title='bbox 3070 2760 3274 2825; x_wconf 89' lang='lat' dir='ltr'>operto</span> <span class='ocrx_word' id='word_1_513' title='bbox 3292 2752 3737 2825; x_wconf 90' lang='lat' dir='ltr'>capite,pudore</span> <span class='ocrx_word' id='word_1_514' title='bbox 3750 2753 3839 2807; x_wconf 81' lang='lat' dir='ltr'>af-</span> 
     </span>
    </p>
   </div>
   <div class='ocr_carea' id='block_1_73' title="bbox 2187 2842 3842 2914">
    <p class='ocr_par' dir='ltr' id='par_1_73' title="bbox 2187 2842 3842 2914">
     <span class='ocr_line' id='line_1_73' title="bbox 2187 2842 3842 2914; baseline 0.002 -19"><span class='ocrx_word' id='word_1_515' title='bbox 2187 2864 2213 2889; x_wconf 89' lang='grc'>‹‹</span> <span class='ocrx_word' id='word_1_516' title='bbox 2250 2843 2374 2896; x_wconf 85' lang='lat' dir='ltr'>ficit</span> <span class='ocrx_word' id='word_1_517' title='bbox 2403 2850 2582 2914; x_wconf 88' lang='lat' dir='ltr'>caput</span> <span class='ocrx_word' id='word_1_518' title='bbox 2608 2861 2817 2900; x_wconf 90' lang='lat' dir='ltr'>suum:</span> <span class='ocrx_word' id='word_1_519' title='bbox 2853 2860 2982 2899; x_wconf 87' lang='lat' dir='ltr'>nam</span> <span class='ocrx_word' id='word_1_520' title='bbox 3008 2861 3193 2898; x_wconf 91' lang='lat' dir='ltr'>unum</span> <span class='ocrx_word' id='word_1_521' title='bbox 3209 2843 3538 2898; x_wconf 89' lang='lat' dir='ltr'>estetidem</span> <span class='ocrx_word' id='word_1_522' title='bbox 3553 2859 3620 2898; x_wconf 88' lang='lat' dir='ltr'>ac</span> <span class='ocrx_word' id='word_1_523' title='bbox 3635 2842 3682 2896; x_wconf 91' lang='lat' dir='ltr'>si</span> <span class='ocrx_word' id='word_1_524' title='bbox 3709 2859 3842 2898; x_wconf 86' lang='lat' dir='ltr'>rasa</span> 
     </span>
    </p>
   </div>
   <div class='ocr_carea' id='block_1_74' title="bbox 2189 2937 2492 2988">
    <p class='ocr_par' dir='ltr' id='par_1_74' title="bbox 2189 2937 2492 2988">
     <span class='ocr_line' id='line_1_74' title="bbox 2189 2937 2492 2988; baseline 0.007 -2"><span class='ocrx_word' id='word_1_525' title='bbox 2189 2951 2217 2980; x_wconf 88' lang='grc'>‹‹</span> <span class='ocrx_word' id='word_1_526' title='bbox 2251 2937 2428 2988; x_wconf 86' lang='lat' dir='ltr'>esset.</span> <span class='ocrx_word' id='word_1_527' title='bbox 2466 2954 2492 2981; x_wconf 84' lang='lat'><strong>»</strong></span> 
     </span>
    </p>
   </div>
   <div class='ocr_carea' id='block_1_75' title="bbox 2260 3021 3836 3093">
    <p class='ocr_par' dir='ltr' id='par_1_75' title="bbox 2260 3021 3836 3093">
     <span class='ocr_line' id='line_1_75' title="bbox 2260 3021 3836 3093; baseline 0 -18"><span class='ocrx_word' id='word_1_528' title='bbox 2260 3024 2516 3076; x_wconf 83' lang='lat' dir='ltr'>Accusat</span> <span class='ocrx_word' id='word_1_529' title='bbox 2556 3039 2656 3077; x_wconf 91' lang='lat' dir='ltr'>eos</span> <span class='ocrx_word' id='word_1_530' title='bbox 2685 3021 2845 3093; x_wconf 88' lang='lat' dir='ltr'>quod</span> <span class='ocrx_word' id='word_1_531' title='bbox 2875 3022 3158 3076; x_wconf 74' lang='lat' dir='ltr'>mulieres</span> <span class='ocrx_word' id='word_1_532' title='bbox 3189 3023 3430 3092; x_wconf 89' lang='lat' dir='ltr'>quidem</span> <span class='ocrx_word' id='word_1_533' title='bbox 3465 3022 3658 3093; x_wconf 87' lang='lat' dir='ltr'>capite</span> <span class='ocrx_word' id='word_1_534' title='bbox 3720 3038 3836 3075; x_wconf 89' lang='lat' dir='ltr'>non</span> 
     </span>
    </p>
   </div>
   <div class='ocr_carea' id='block_1_76' title="bbox 2184 3111 3838 3182">
    <p class='ocr_par' dir='ltr' id='par_1_76' title="bbox 2184 3111 3838 3182">
     <span class='ocr_line' id='line_1_76' title="bbox 2184 3111 3838 3182; baseline 0 -18"><span class='ocrx_word' id='word_1_535' title='bbox 2184 3117 2390 3180; x_wconf 90' lang='lat' dir='ltr'>operto</span> <span class='ocrx_word' id='word_1_536' title='bbox 2407 3111 2656 3165; x_wconf 88' lang='lat' dir='ltr'>orabant</span> <span class='ocrx_word' id='word_1_537' title='bbox 2679 3128 2745 3166; x_wconf 88' lang='lat' dir='ltr'>ac</span> <span class='ocrx_word' id='word_1_538' title='bbox 2769 3111 3207 3182; x_wconf 87' lang='lat' dir='ltr'>prophetabant</span> <span class='ocrx_word' id='word_1_539' title='bbox 3231 3127 3243 3164; x_wconf 93' lang='lat'><strong>:</strong></span> <span class='ocrx_word' id='word_1_540' title='bbox 3267 3111 3376 3165; x_wconf 90' lang='lat' dir='ltr'>viri</span> <span class='ocrx_word' id='word_1_541' title='bbox 3400 3116 3598 3166; x_wconf 89' lang='lat' dir='ltr'>autem</span> <span class='ocrx_word' id='word_1_542' title='bbox 3622 3111 3838 3165; x_wconf 86' lang='lat' dir='ltr'>comati</span> 
     </span>
    </p>
   </div>
   <div class='ocr_carea' id='block_1_77' title="bbox 2183 3201 3837 3272">
    <p class='ocr_par' dir='ltr' id='par_1_77' title="bbox 2183 3201 3837 3272">
     <span class='ocr_line' id='line_1_77' title="bbox 2183 3201 3837 3272; baseline 0.001 -19"><span class='ocrx_word' id='word_1_543' title='bbox 2183 3205 2372 3265; x_wconf 88' lang='lat' dir='ltr'>erant,</span> <span class='ocrx_word' id='word_1_544' title='bbox 2399 3204 2458 3254; x_wconf 82' lang='lat' dir='ltr'>et</span> <span class='ocrx_word' id='word_1_545' title='bbox 2477 3201 2668 3271; x_wconf 87' lang='lat' dir='ltr'>capite</span> <span class='ocrx_word' id='word_1_546' title='bbox 2691 3205 2860 3255; x_wconf 89' lang='lat' dir='ltr'>erant</span> <span class='ocrx_word' id='word_1_547' title='bbox 2884 3205 3088 3272; x_wconf 91' lang='lat' dir='ltr'>operto</span> <span class='ocrx_word' id='word_1_548' title='bbox 3114 3201 3175 3254; x_wconf 90' lang='lat' dir='ltr'>in</span> <span class='ocrx_word' id='word_1_549' title='bbox 3199 3201 3540 3271; x_wconf 87' lang='lat' dir='ltr'>precatione</span> <span class='ocrx_word' id='word_1_550' title='bbox 3585 3216 3652 3254; x_wconf 87' lang='lat' dir='ltr'>ac</span> <span class='ocrx_word' id='word_1_551' title='bbox 3696 3217 3837 3270; x_wconf 90' lang='lat' dir='ltr'>pro-</span> 
     </span>
    </p>
   </div>
   <div class='ocr_carea' id='block_1_78' title="bbox 1962 3265 3840 3362">
    <p class='ocr_par' dir='ltr' id='par_1_78' title="bbox 1962 3265 3840 3362">
     <span class='ocr_line' id='line_1_78' title="bbox 1962 3265 3840 3362; baseline 0.001 -21"><span class='ocrx_word' id='word_1_552' title='bbox 1962 3265 2075 3318; x_wconf 65' lang='grc' dir='ltr'>ἆτί·</span> <span class='ocrx_word' id='word_1_553' title='bbox 2107 3277 2149 3343; x_wconf 87' lang='lat' dir='ltr'>C</span> <span class='ocrx_word' id='word_1_554' title='bbox 2188 3291 2719 3362; x_wconf 69' lang='lat' dir='ltr'>phetia.Quaasane</span> <span class='ocrx_word' id='word_1_555' title='bbox 2740 3291 3079 3346; x_wconf 69' lang='lat' dir='ltr'>Graecorum</span> <span class='ocrx_word' id='word_1_556' title='bbox 3114 3307 3310 3345; x_wconf 90' lang='lat' dir='ltr'>mores</span> <span class='ocrx_word' id='word_1_557' title='bbox 3353 3296 3542 3346; x_wconf 90' lang='lat' dir='ltr'>erant.</span> <span class='ocrx_word' id='word_1_558' title='bbox 3567 3289 3840 3344; x_wconf 87' lang='lat' dir='ltr'>lnsinuat</span> 
     </span>
    </p>
   </div>
   <div class='ocr_carea' id='block_1_79' title="bbox 2187 3379 3836 3452">
    <p class='ocr_par' dir='ltr' id='par_1_79' title="bbox 2187 3379 3836 3452">
     <span class='ocr_line' id='line_1_79' title="bbox 2187 3379 3836 3452; baseline 0 -18"><span class='ocrx_word' id='word_1_559' title='bbox 2187 3381 2365 3435; x_wconf 88' lang='lat' dir='ltr'>etiam</span> <span class='ocrx_word' id='word_1_560' title='bbox 2389 3381 2546 3452; x_wconf 89' lang='lat' dir='ltr'>quod</span> <span class='ocrx_word' id='word_1_561' title='bbox 2567 3397 2828 3452; x_wconf 60' lang='lat' dir='ltr'>praesens</span> <span class='ocrx_word' id='word_1_562' title='bbox 2853 3380 3010 3452; x_wconf 87' lang='lat' dir='ltr'>apud</span> <span class='ocrx_word' id='word_1_563' title='bbox 3036 3381 3198 3452; x_wconf 90' lang='lat' dir='ltr'>ipsos</span> <span class='ocrx_word' id='word_1_564' title='bbox 3227 3379 3298 3434; x_wconf 93' lang='lat' dir='ltr'>de</span> <span class='ocrx_word' id='word_1_565' title='bbox 3320 3380 3412 3434; x_wconf 88' lang='lat' dir='ltr'>his</span> <span class='ocrx_word' id='word_1_566' title='bbox 3453 3379 3836 3434; x_wconf 87' lang='lat' dir='ltr'>disseruerat.</span> 
     </span>
    </p>
   </div>
   <div class='ocr_carea' id='block_1_80' title="bbox 2185 3467 3838 3540">
    <p class='ocr_par' dir='ltr' id='par_1_80' title="bbox 2185 3467 3838 3540">
     <span class='ocr_line' id='line_1_80' title="bbox 2185 3467 3838 3540; baseline -0.002 -16"><span class='ocrx_word' id='word_1_567' title='bbox 2185 3471 2403 3524; x_wconf 90' lang='lat' dir='ltr'>Eorum</span> <span class='ocrx_word' id='word_1_568' title='bbox 2437 3487 2571 3524; x_wconf 91' lang='lat' dir='ltr'>vero</span> <span class='ocrx_word' id='word_1_569' title='bbox 2604 3469 2847 3540; x_wconf 91' lang='lat' dir='ltr'>quidam</span> <span class='ocrx_word' id='word_1_570' title='bbox 2876 3468 3144 3540; x_wconf 87' lang='lat' dir='ltr'>persuasi</span> <span class='ocrx_word' id='word_1_571' title='bbox 3176 3468 3433 3536; x_wconf 87' lang='lat' dir='ltr'>fuerant,</span> <span class='ocrx_word' id='word_1_572' title='bbox 3468 3484 3616 3537; x_wconf 91' lang='lat' dir='ltr'>quos</span> <span class='ocrx_word' id='word_1_573' title='bbox 3660 3467 3838 3522; x_wconf 91' lang='lat' dir='ltr'>etiam</span> 
     </span>
    </p>
   </div>
   <div class='ocr_carea' id='block_1_81' title="bbox 2185 3557 3840 3629">
    <p class='ocr_par' dir='ltr' id='par_1_81' title="bbox 2185 3557 3840 3629">
     <span class='ocr_line' id='line_1_81' title="bbox 2185 3557 3840 3629; baseline -0.002 -16"><span class='ocrx_word' id='word_1_574' title='bbox 2185 3559 2482 3614; x_wconf 88' lang='lat' dir='ltr'>collaudat</span> <span class='ocrx_word' id='word_1_575' title='bbox 2516 3577 2530 3626; x_wconf 89' lang='lat'><strong>;</strong></span> <span class='ocrx_word' id='word_1_576' title='bbox 2565 3559 2666 3614; x_wconf 88' lang='lat' dir='ltr'>alii</span> <span class='ocrx_word' id='word_1_577' title='bbox 2698 3576 2833 3613; x_wconf 85' lang='lat' dir='ltr'>vero</span> <span class='ocrx_word' id='word_1_578' title='bbox 2867 3575 2987 3613; x_wconf 89' lang='lat' dir='ltr'>non</span> <span class='ocrx_word' id='word_1_579' title='bbox 3021 3558 3238 3628; x_wconf 91' lang='lat' dir='ltr'>quibus</span> <span class='ocrx_word' id='word_1_580' title='bbox 3271 3557 3331 3612; x_wconf 89' lang='lat' dir='ltr'>in</span> <span class='ocrx_word' id='word_1_581' title='bbox 3384 3573 3699 3629; x_wconf 82' lang='lat' dir='ltr'>progressu</span> <span class='ocrx_word' id='word_1_582' title='bbox 3748 3557 3840 3610; x_wconf 91' lang='lat' dir='ltr'>lo-</span> 
     </span>
    </p>
   </div>
   <div class='ocr_carea' id='block_1_82' title="bbox 2184 3646 3838 3719">
    <p class='ocr_par' dir='ltr' id='par_1_82' title="bbox 2184 3646 3838 3719">
     <span class='ocr_line' id='line_1_82' title="bbox 2184 3646 3838 3719; baseline -0.001 -17"><span class='ocrx_word' id='word_1_583' title='bbox 2184 3649 2407 3719; x_wconf 84' lang='lat' dir='ltr'>quitur,</span> <span class='ocrx_word' id='word_1_584' title='bbox 2441 3665 2576 3703; x_wconf 89' lang='lat' dir='ltr'>cum</span> <span class='ocrx_word' id='word_1_585' title='bbox 2607 3649 2727 3704; x_wconf 89' lang='lat' dir='ltr'>ait:</span> <span class='ocrx_word' id='word_1_586' title='bbox 2761 3650 3054 3704; x_wconf 64' lang='lat' dir='ltr'>Caeterum</span> <span class='ocrx_word' id='word_1_587' title='bbox 3089 3647 3138 3701; x_wconf 88' lang='lat' dir='ltr'>si</span> <span class='ocrx_word' id='word_1_588' title='bbox 3172 3647 3305 3717; x_wconf 89' lang='lat' dir='ltr'>quis</span> <span class='ocrx_word' id='word_1_589' title='bbox 3335 3646 3568 3701; x_wconf 84' lang='lat' dir='ltr'>videtur</span> <span class='ocrx_word' id='word_1_590' title='bbox 3587 3651 3838 3700; x_wconf 87' lang='lat' dir='ltr'>conten-</span> 
     </span>
    </p>
   </div>
   <div class='ocr_carea' id='block_1_83' title="bbox 2183 3734 3844 3808">
    <p class='ocr_par' dir='ltr' id='par_1_83' title="bbox 2183 3734 3844 3808">
     <span class='ocr_line' id='line_1_83' title="bbox 2183 3734 3844 3808; baseline -0.002 -16"><span class='ocrx_word' id='word_1_591' title='bbox 2183 3739 2369 3792; x_wconf 88' lang='lat' dir='ltr'>tiosus</span> <span class='ocrx_word' id='word_1_592' title='bbox 2392 3736 3014 3808; x_wconf 83' lang='lat' dir='ltr'>esse,noshujusmodi</span> <span class='ocrx_word' id='word_1_593' title='bbox 3031 3735 3510 3790; x_wconf 86' lang='lat' dir='ltr'>consuetudinem</span> <span class='ocrx_word' id='word_1_594' title='bbox 3531 3750 3649 3789; x_wconf 91' lang='lat' dir='ltr'>non</span> <span class='ocrx_word' id='word_1_595' title='bbox 3667 3734 3844 3789; x_wconf 85' lang='lat' dir='ltr'>habe-</span> 
     </span>
    </p>
   </div>
   <div class='ocr_carea' id='block_1_84' title="bbox 2183 3824 3834 3896">
    <p class='ocr_par' dir='ltr' id='par_1_84' title="bbox 2183 3824 3834 3896">
     <span class='ocr_line' id='line_1_84' title="bbox 2183 3824 3834 3896; baseline -0.004 -15"><span class='ocrx_word' id='word_1_596' title='bbox 2183 3843 2334 3881; x_wconf 92' lang='lat' dir='ltr'>mus.</span> <span class='ocrx_word' id='word_1_597' title='bbox 2355 3849 2377 3875; x_wconf 80' lang='grc' dir='ltr'>(ι</span> <span class='ocrx_word' id='word_1_598' title='bbox 2404 3825 2568 3891; x_wconf 87' lang='lat' dir='ltr'>Quod</span> <span class='ocrx_word' id='word_1_599' title='bbox 2588 3826 2855 3879; x_wconf 87' lang='lat' dir='ltr'>omnium</span> <span class='ocrx_word' id='word_1_600' title='bbox 2871 3842 3003 3896; x_wconf 63' lang='lat' dir='ltr'>quas</span> <span class='ocrx_word' id='word_1_601' title='bbox 3020 3841 3155 3879; x_wconf 87' lang='lat' dir='ltr'>mea</span> <span class='ocrx_word' id='word_1_602' title='bbox 3169 3829 3616 3879; x_wconf 88' lang='lat' dir='ltr'>suntmemores</span> <span class='ocrx_word' id='word_1_603' title='bbox 3640 3824 3834 3879; x_wconf 87' lang='lat' dir='ltr'>sitis.»</span> 
     </span>
    </p>
   </div>
   <div class='ocr_carea' id='block_1_85' title="bbox 2183 3914 3838 3988">
    <p class='ocr_par' dir='ltr' id='par_1_85' title="bbox 2183 3914 3838 3988">
     <span class='ocr_line' id='line_1_85' title="bbox 2183 3914 3838 3988; baseline -0.002 -17"><span class='ocrx_word' id='word_1_604' title='bbox 2183 3916 2359 3988; x_wconf 79' lang='lat' dir='ltr'>Atqui</span> <span class='ocrx_word' id='word_1_605' title='bbox 2381 3916 2452 3970; x_wconf 90' lang='lat' dir='ltr'>de</span> <span class='ocrx_word' id='word_1_606' title='bbox 2469 3917 2579 3970; x_wconf 90' lang='lat' dir='ltr'>hoc</span> <span class='ocrx_word' id='word_1_607' title='bbox 2594 3933 2668 3970; x_wconf 91' lang='lat' dir='ltr'>ne</span> <span class='ocrx_word' id='word_1_608' title='bbox 2685 3917 3134 3980; x_wconf 86' lang='lat' dir='ltr'>comatiessent,</span> <span class='ocrx_word' id='word_1_609' title='bbox 3182 3920 3242 3968; x_wconf 85' lang='lat' dir='ltr'>et</span> <span class='ocrx_word' id='word_1_610' title='bbox 3273 3914 3344 3969; x_wconf 89' lang='lat' dir='ltr'>de</span> <span class='ocrx_word' id='word_1_611' title='bbox 3368 3931 3486 3968; x_wconf 90' lang='lat' dir='ltr'>non</span> <span class='ocrx_word' id='word_1_612' title='bbox 3515 3914 3838 3986; x_wconf 80' lang='lat' dir='ltr'>aperiendo</span> 
     </span>
    </p>
   </div>
   <div class='ocr_carea' id='block_1_86' title="bbox 2179 4004 3837 4076">
    <p class='ocr_par' dir='ltr' id='par_1_86' title="bbox 2179 4004 3837 4076">
     <span class='ocr_line' id='line_1_86' title="bbox 2179 4004 3837 4076; baseline -0.001 -17"><span class='ocrx_word' id='word_1_613' title='bbox 2179 4006 2371 4076; x_wconf 88' lang='lat' dir='ltr'>capite</span> <span class='ocrx_word' id='word_1_614' title='bbox 2405 4005 2466 4058; x_wconf 92' lang='lat' dir='ltr'>in</span> <span class='ocrx_word' id='word_1_615' title='bbox 2501 4004 2842 4075; x_wconf 88' lang='lat' dir='ltr'>precatione</span> <span class='ocrx_word' id='word_1_616' title='bbox 2876 4008 2936 4059; x_wconf 88' lang='lat' dir='ltr'>et</span> <span class='ocrx_word' id='word_1_617' title='bbox 2964 4004 3279 4075; x_wconf 90' lang='lat' dir='ltr'>prophetia</span> <span class='ocrx_word' id='word_1_618' title='bbox 3311 4020 3506 4058; x_wconf 90' lang='lat' dir='ltr'>sermo</span> <span class='ocrx_word' id='word_1_619' title='bbox 3540 4004 3667 4076; x_wconf 90' lang='lat' dir='ltr'>ipse</span> <span class='ocrx_word' id='word_1_620' title='bbox 3688 4008 3837 4069; x_wconf 88' lang='lat' dir='ltr'>erat,</span> 
     </span>
    </p>
   </div>
   <div class='ocr_carea' id='block_1_87' title="bbox 2179 4092 3838 4166">
    <p class='ocr_par' dir='ltr' id='par_1_87' title="bbox 2179 4092 3838 4166">
     <span class='ocr_line' id='line_1_87' title="bbox 2179 4092 3838 4166; baseline -0.001 -18"><span class='ocrx_word' id='word_1_621' title='bbox 2179 4093 2478 4165; x_wconf 91' lang='lat' dir='ltr'>quomodo</span> <span class='ocrx_word' id='word_1_622' title='bbox 2511 4109 2647 4166; x_wconf 80' lang='lat' dir='ltr'>ergo</span> <span class='ocrx_word' id='word_1_623' title='bbox 2679 4093 2764 4149; x_wconf 83' lang='lat' dir='ltr'>ait</span> <span class='ocrx_word' id='word_1_624' title='bbox 2794 4110 2809 4148; x_wconf 87' lang='lat'><strong>:</strong></span> <span class='ocrx_word' id='word_1_625' title='bbox 2843 4116 2871 4143; x_wconf 85' lang='grc'>‹‹</span> <span class='ocrx_word' id='word_1_626' title='bbox 2906 4092 3183 4149; x_wconf 89' lang='lat' dir='ltr'>Omnium</span> <span class='ocrx_word' id='word_1_627' title='bbox 3221 4109 3352 4163; x_wconf 63' lang='lat' dir='ltr'>quas</span> <span class='ocrx_word' id='word_1_628' title='bbox 3384 4110 3518 4148; x_wconf 87' lang='lat' dir='ltr'>mea</span> <span class='ocrx_word' id='word_1_629' title='bbox 3549 4099 3690 4148; x_wconf 88' lang='lat' dir='ltr'>sunt</span> <span class='ocrx_word' id='word_1_630' title='bbox 3710 4110 3838 4148; x_wconf 90' lang='lat' dir='ltr'>me-</span> 
     </span>
    </p>
   </div>
   <div class='ocr_carea' id='block_1_88' title="bbox 2183 4182 3835 4253">
    <p class='ocr_par' dir='ltr' id='par_1_88' title="bbox 2183 4182 3835 4253">
     <span class='ocr_line' id='line_1_88' title="bbox 2183 4182 3835 4253; baseline -0.001 -15"><span class='ocrx_word' id='word_1_631' title='bbox 2183 4200 2378 4238; x_wconf 88' lang='lat' dir='ltr'>mores</span> <span class='ocrx_word' id='word_1_632' title='bbox 2405 4182 2534 4237; x_wconf 89' lang='lat' dir='ltr'>sitis</span> <span class='ocrx_word' id='word_1_633' title='bbox 2554 4182 2582 4237; x_wconf 77' lang='lat'><strong>?</strong></span> <span class='ocrx_word' id='word_1_634' title='bbox 2608 4206 2619 4231; x_wconf 86' lang='grc'><strong>›</strong></span> <span class='ocrx_word' id='word_1_635' title='bbox 2664 4184 2921 4253; x_wconf 80' lang='lat' dir='ltr'>Accepta</span> <span class='ocrx_word' id='word_1_636' title='bbox 2948 4182 3290 4237; x_wconf 89' lang='lat' dir='ltr'>rationabili</span> <span class='ocrx_word' id='word_1_637' title='bbox 3321 4198 3500 4238; x_wconf 89' lang='lat' dir='ltr'>causa</span> <span class='ocrx_word' id='word_1_638' title='bbox 3555 4182 3835 4238; x_wconf 89' lang='lat' dir='ltr'>laudibus</span> 
     </span>
    </p>
   </div>
   <div class='ocr_carea' id='block_1_89' title="bbox 2181 4271 3833 4344">
    <p class='ocr_par' dir='ltr' id='par_1_89' title="bbox 2181 4271 3833 4344">
     <span class='ocr_line' id='line_1_89' title="bbox 2181 4271 3833 4344; baseline 0 -16"><span class='ocrx_word' id='word_1_639' title='bbox 2181 4271 2483 4329; x_wconf 80' lang='lat' dir='ltr'>eosolfert.</span> <span class='ocrx_word' id='word_1_640' title='bbox 2501 4273 2648 4327; x_wconf 89' lang='lat' dir='ltr'>Nam</span> <span class='ocrx_word' id='word_1_641' title='bbox 2667 4271 2890 4327; x_wconf 86' lang='lat' dir='ltr'>adillos</span> <span class='ocrx_word' id='word_1_642' title='bbox 2909 4273 3246 4342; x_wconf 87' lang='lat' dir='ltr'>sermoipse</span> <span class='ocrx_word' id='word_1_643' title='bbox 3282 4271 3558 4343; x_wconf 75' lang='lat' dir='ltr'>dirigitur</span> <span class='ocrx_word' id='word_1_644' title='bbox 3598 4273 3700 4344; x_wconf 91' lang='lat' dir='ltr'>qui</span> <span class='ocrx_word' id='word_1_645' title='bbox 3731 4273 3833 4328; x_wconf 91' lang='lat' dir='ltr'>ob-</span> 
     </span>
    </p>
   </div>
   <div class='ocr_carea' id='block_1_90' title="bbox 2179 4360 3836 4433">
    <p class='ocr_par' dir='ltr' id='par_1_90' title="bbox 2179 4360 3836 4433">
     <span class='ocr_line' id='line_1_90' title="bbox 2179 4360 3836 4433; baseline 0.001 -17"><span class='ocrx_word' id='word_1_646' title='bbox 2179 4367 2802 4433; x_wconf 86' lang='lat' dir='ltr'>temperaverant,non</span> <span class='ocrx_word' id='word_1_647' title='bbox 2816 4361 2888 4416; x_wconf 89' lang='lat' dir='ltr'>de</span> <span class='ocrx_word' id='word_1_648' title='bbox 2901 4361 2994 4416; x_wconf 86' lang='lat' dir='ltr'>bis</span> <span class='ocrx_word' id='word_1_649' title='bbox 3009 4362 3110 4432; x_wconf 91' lang='lat' dir='ltr'>qui</span> <span class='ocrx_word' id='word_1_650' title='bbox 3125 4378 3245 4416; x_wconf 87' lang='lat' dir='ltr'>non</span> <span class='ocrx_word' id='word_1_651' title='bbox 3260 4360 3630 4417; x_wconf 90' lang='lat' dir='ltr'>obedierant.</span> <span class='ocrx_word' id='word_1_652' title='bbox 3662 4386 3688 4412; x_wconf 85' lang='lat'><strong><em>«</em></strong></span> <span class='ocrx_word' id='word_1_653' title='bbox 3723 4362 3836 4418; x_wconf 86' lang='lat' dir='ltr'>Sed</span> 
     </span>
    </p>
   </div>
   <div class='ocr_carea' id='block_1_91' title="bbox 2177 4449 3833 4520">
    <p class='ocr_par' dir='ltr' id='par_1_91' title="bbox 2177 4449 3833 4520">
     <span class='ocr_line' id='line_1_91' title="bbox 2177 4449 3833 4520; baseline 0.002 -17"><span class='ocrx_word' id='word_1_654' title='bbox 2177 4451 2308 4505; x_wconf 85' lang='lat' dir='ltr'>volo</span> <span class='ocrx_word' id='word_1_655' title='bbox 2321 4468 2421 4506; x_wconf 91' lang='lat' dir='ltr'>vos</span> <span class='ocrx_word' id='word_1_656' title='bbox 2436 4451 2608 4506; x_wconf 89' lang='lat' dir='ltr'>scire.</span> <span class='ocrx_word' id='word_1_657' title='bbox 2631 4475 2651 4498; x_wconf 74' lang='grc' dir='ltr'>ι</span> <span class='ocrx_word' id='word_1_658' title='bbox 2673 4451 2819 4506; x_wconf 89' lang='lat' dir='ltr'>Cum</span> <span class='ocrx_word' id='word_1_659' title='bbox 2836 4450 2908 4506; x_wconf 88' lang='lat' dir='ltr'>iis</span> <span class='ocrx_word' id='word_1_660' title='bbox 2924 4449 3273 4506; x_wconf 89' lang='lat' dir='ltr'>disserendo</span> <span class='ocrx_word' id='word_1_661' title='bbox 3289 4451 3391 4520; x_wconf 90' lang='lat' dir='ltr'>qui</span> <span class='ocrx_word' id='word_1_662' title='bbox 3412 4451 3548 4508; x_wconf 88' lang='lat' dir='ltr'>huic</span> <span class='ocrx_word' id='word_1_663' title='bbox 3571 4454 3833 4508; x_wconf 89' lang='lat' dir='ltr'>sermoni</span> 
     </span>
    </p>
   </div>
   <div class='ocr_carea' id='block_1_92' title="bbox 2179 4539 3842 4611">
    <p class='ocr_par' dir='ltr' id='par_1_92' title="bbox 2179 4539 3842 4611">
     <span class='ocr_line' id='line_1_92' title="bbox 2179 4539 3842 4611; baseline 0.001 -18"><span class='ocrx_word' id='word_1_664' title='bbox 2179 4539 2754 4610; x_wconf 86' lang='lat' dir='ltr'>obtemperaverant,</span> <span class='ocrx_word' id='word_1_665' title='bbox 2787 4555 2887 4594; x_wconf 86' lang='lat' dir='ltr'>eos</span> <span class='ocrx_word' id='word_1_666' title='bbox 2915 4540 3158 4611; x_wconf 80' lang='lat' dir='ltr'>corrigit</span> <span class='ocrx_word' id='word_1_667' title='bbox 3187 4539 3288 4609; x_wconf 91' lang='lat' dir='ltr'>qui</span> <span class='ocrx_word' id='word_1_668' title='bbox 3321 4555 3441 4593; x_wconf 91' lang='lat' dir='ltr'>non</span> <span class='ocrx_word' id='word_1_669' title='bbox 3464 4539 3842 4594; x_wconf 88' lang='lat' dir='ltr'>crediderant</span> 
     </span>
    </p>
   </div>
   <div class='ocr_carea' id='block_1_93' title="bbox 405 4600 2075 4699">
    <p class='ocr_par' dir='ltr' id='par_1_93' title="bbox 405 4600 2064 4676">
     <span class='ocr_line' id='line_1_93' title="bbox 405 4600 2064 4676; baseline 0.002 -18"><span class='ocrx_word' id='word_1_670' title='bbox 405 4605 509 4673; x_wconf 76' lang='grc' dir='ltr'>τήν</span> <span class='ocrx_word' id='word_1_671' title='bbox 565 4603 762 4658; x_wconf 80' lang='grc' dir='ltr'>αἰτίαν.</span> <span class='ocrx_word' id='word_1_672' title='bbox 827 4627 854 4654; x_wconf 81' lang='grc' dir='ltr'>ι(</span> <span class='ocrx_word' id='word_1_673' title='bbox 921 4603 1129 4664; x_wconf 78' lang='grc' dir='ltr'>Παντὸς</span> <span class='ocrx_word' id='word_1_674' title='bbox 1187 4600 1471 4676; x_wconf 83' lang='grc' dir='ltr'>ἀνδρός.»</span> <span class='ocrx_word' id='word_1_675' title='bbox 1534 4607 1734 4660; x_wconf 84' lang='grc' dir='ltr'>Πιστοῦ</span> <span class='ocrx_word' id='word_1_676' title='bbox 1782 4601 2064 4675; x_wconf 78' lang='grc' dir='ltr'>δηλονότι.</span> 
     </span>
    </p>
   </div>
   <div class='ocr_carea' id='block_1_94' title="bbox 2192 4600 3844 4699">
    <p class='ocr_par' dir='ltr' id='par_1_94' title="bbox 2192 4600 3844 4699">
     <span class='ocr_line' id='line_1_94' title="bbox 2192 4600 3844 4699; baseline 0 -17"><span class='ocrx_word' id='word_1_677' title='bbox 2192 4643 2302 4682; x_wconf 80' lang='lat' dir='ltr'>non</span> <span class='ocrx_word' id='word_1_678' title='bbox 2338 4600 2614 4699; x_wconf 76' lang='lat' dir='ltr'>oportere</span> <span class='ocrx_word' id='word_1_679' title='bbox 2647 4600 2815 4682; x_wconf 80' lang='lat' dir='ltr'>orare</span> <span class='ocrx_word' id='word_1_680' title='bbox 2850 4633 3005 4682; x_wconf 91' lang='lat' dir='ltr'>tecto</span> <span class='ocrx_word' id='word_1_681' title='bbox 3038 4600 3252 4699; x_wconf 68' lang='lat' dir='ltr'>capite.</span> <span class='ocrx_word' id='word_1_682' title='bbox 3300 4628 3488 4682; x_wconf 71' lang='lat' dir='ltr'>Aﬂ‘ert</span> <span class='ocrx_word' id='word_1_683' title='bbox 3533 4633 3733 4684; x_wconf 85' lang='lat' dir='ltr'>autem</span> <span class='ocrx_word' id='word_1_684' title='bbox 3786 4635 3844 4684; x_wconf 88' lang='lat' dir='ltr'>et</span> 
     </span>
    </p>
   </div>
   <div class='ocr_carea' id='block_1_95' title="bbox 409 4691 2070 4773">
    <p class='ocr_par' dir='ltr' id='par_1_95' title="bbox 409 4691 2070 4773">
     <span class='ocr_line' id='line_1_95' title="bbox 409 4691 2070 4773; baseline -0.001 -23"><span class='ocrx_word' id='word_1_685' title='bbox 409 4693 581 4750; x_wconf 82' lang='grc' dir='ltr'>Αὐτοὶ</span> <span class='ocrx_word' id='word_1_686' title='bbox 611 4693 714 4769; x_wconf 79' lang='grc' dir='ltr'>γὰρ</span> <span class='ocrx_word' id='word_1_687' title='bbox 748 4693 850 4748; x_wconf 68' lang='grc' dir='ltr'>εῗσι</span> <span class='ocrx_word' id='word_1_688' title='bbox 899 4694 1037 4765; x_wconf 84' lang='grc' dir='ltr'>μέκη</span> <span class='ocrx_word' id='word_1_689' title='bbox 1093 4694 1352 4766; x_wconf 84' lang='grc' dir='ltr'>Χριστοῦ.</span> <span class='ocrx_word' id='word_1_690' title='bbox 1407 4692 1510 4750; x_wconf 87' lang='grc' dir='ltr'>Καὶ</span> <span class='ocrx_word' id='word_1_691' title='bbox 1565 4691 1739 4748; x_wconf 79' lang='grc' dir='ltr'>αὐτῶν</span> <span class='ocrx_word' id='word_1_692' title='bbox 1793 4693 2006 4773; x_wconf 83' lang='grc' dir='ltr'>κεφαλὴ</span> <span class='ocrx_word' id='word_1_693' title='bbox 2043 4696 2070 4749; x_wconf 92' lang='lat'>6</span> 
     </span>
    </p>
   </div>
   <div class='ocr_carea' id='block_1_96' title="bbox 410 4781 2070 4860">
    <p class='ocr_par' dir='ltr' id='par_1_96' title="bbox 410 4781 2070 4860">
     <span class='ocr_line' id='line_1_96' title="bbox 410 4781 2070 4860; baseline 0.001 -25"><span class='ocrx_word' id='word_1_694' title='bbox 410 4782 659 4854; x_wconf 78' lang='grc' dir='ltr'>Χριστὸς,</span> <span class='ocrx_word' id='word_1_695' title='bbox 693 4783 756 4836; x_wconf 81' lang='grc' dir='ltr'>οὐ</span> <span class='ocrx_word' id='word_1_696' title='bbox 807 4783 916 4854; x_wconf 78' lang='grc' dir='ltr'>μὴν</span> <span class='ocrx_word' id='word_1_697' title='bbox 970 4786 1080 4837; x_wconf 92' lang='grc' dir='ltr'>τῶν</span> <span class='ocrx_word' id='word_1_698' title='bbox 1142 4783 1408 4838; x_wconf 83' lang='grc' dir='ltr'>ἀπίστων.</span> <span class='ocrx_word' id='word_1_699' title='bbox 1465 4781 1691 4860; x_wconf 84' lang='grc' dir='ltr'>Κεφαλὴ</span> <span class='ocrx_word' id='word_1_700' title='bbox 1753 4783 1848 4856; x_wconf 69' lang='grc' dir='ltr'>μὲν</span> <span class='ocrx_word' id='word_1_701' title='bbox 1909 4785 2070 4856; x_wconf 85' lang='grc' dir='ltr'>ἡμῶν</span> 
     </span>
    </p>
   </div>
   <div class='ocr_carea' id='block_1_97' title="bbox 407 4869 2074 4946">
    <p class='ocr_par' dir='ltr' id='par_1_97' title="bbox 407 4869 2074 4946">
     <span class='ocr_line' id='line_1_97' title="bbox 407 4869 2074 4946; baseline 0.002 -24"><span class='ocrx_word' id='word_1_702' title='bbox 407 4874 516 4923; x_wconf 88' lang='grc' dir='ltr'>τῶν</span> <span class='ocrx_word' id='word_1_703' title='bbox 546 4871 755 4925; x_wconf 87' lang='grc' dir='ltr'>πιστῶν</span> <span class='ocrx_word' id='word_1_704' title='bbox 787 4869 928 4924; x_wconf 75' lang='grc' dir='ltr'>ἐστὶν</span> <span class='ocrx_word' id='word_1_705' title='bbox 965 4871 993 4925; x_wconf 84' lang='lat'>6</span> <span class='ocrx_word' id='word_1_706' title='bbox 1021 4871 1269 4945; x_wconf 84' lang='grc' dir='ltr'>Χριστὸς,</span> <span class='ocrx_word' id='word_1_707' title='bbox 1320 4871 1394 4932; x_wconf 86' lang='grc' dir='ltr'>ὡς</span> <span class='ocrx_word' id='word_1_708' title='bbox 1447 4875 1752 4944; x_wconf 85' lang='grc' dir='ltr'>συσσώμων</span> <span class='ocrx_word' id='word_1_709' title='bbox 1783 4872 1869 4926; x_wconf 79' lang='grc' dir='ltr'>καὶ</span> <span class='ocrx_word' id='word_1_710' title='bbox 1933 4893 2074 4946; x_wconf 87' lang='grc' dir='ltr'>συμ-</span> 
     </span>
    </p>
   </div>
   <div class='ocr_carea' id='block_1_98' title="bbox 409 4957 2071 5036">
    <p class='ocr_par' dir='ltr' id='par_1_98' title="bbox 409 4957 2071 5036">
     <span class='ocr_line' id='line_1_98' title="bbox 409 4957 2071 5036; baseline 0.002 -22"><span class='ocrx_word' id='word_1_711' title='bbox 409 4961 656 5036; x_wconf 81' lang='grc' dir='ltr'>μετέχων</span> <span class='ocrx_word' id='word_1_712' title='bbox 690 4959 839 5032; x_wconf 74' lang='grc' dir='ltr'>αὐτῷ</span> <span class='ocrx_word' id='word_1_713' title='bbox 884 4959 1283 5036; x_wconf 80' lang='grc' dir='ltr'>γεγενημένων,</span> <span class='ocrx_word' id='word_1_714' title='bbox 1343 4957 1433 5014; x_wconf 75' lang='grc' dir='ltr'>διὰ</span> <span class='ocrx_word' id='word_1_715' title='bbox 1481 4967 1583 5029; x_wconf 79' lang='grc' dir='ltr'>τῆς</span> <span class='ocrx_word' id='word_1_716' title='bbox 1637 4960 1924 5025; x_wconf 77' lang='grc' dir='ltr'>κοινωνίας</span> <span class='ocrx_word' id='word_1_717' title='bbox 1974 4967 2071 5017; x_wconf 86' lang='grc' dir='ltr'>τοῦ</span> 
     </span>
    </p>
   </div>
   <div class='ocr_carea' id='block_1_99' title="bbox 409 5047 2072 5124">
    <p class='ocr_par' dir='ltr' id='par_1_99' title="bbox 409 5047 2072 5124">
     <span class='ocr_line' id='line_1_99' title="bbox 409 5047 2072 5124; baseline 0.001 -21"><span class='ocrx_word' id='word_1_718' title='bbox 409 5049 665 5120; x_wconf 85' lang='grc' dir='ltr'>σώματος</span> <span class='ocrx_word' id='word_1_719' title='bbox 701 5049 792 5103; x_wconf 83' lang='grc' dir='ltr'>καὶ</span> <span class='ocrx_word' id='word_1_720' title='bbox 851 5047 1088 5121; x_wconf 76' lang='grc' dir='ltr'>α’ίματος</span> <span class='ocrx_word' id='word_1_721' title='bbox 1138 5049 1324 5105; x_wconf 80' lang='grc' dir='ltr'>αὐτοῦ.</span> <span class='ocrx_word' id='word_1_722' title='bbox 1376 5050 1456 5104; x_wconf 83' lang='grc' dir='ltr'>Δι’</span> <span class='ocrx_word' id='word_1_723' title='bbox 1511 5049 1688 5104; x_wconf 79' lang='grc' dir='ltr'>αὐτῶν</span> <span class='ocrx_word' id='word_1_724' title='bbox 1747 5049 1848 5124; x_wconf 82' lang='grc' dir='ltr'>γὰρ</span> <span class='ocrx_word' id='word_1_725' title='bbox 1908 5051 2072 5105; x_wconf 82' lang='grc' dir='ltr'>ἅπαν-</span> 
     </span>
    </p>
   </div>
   <div class='ocr_carea' id='block_1_100' title="bbox 406 5132 1995 5216">
    <p class='ocr_par' dir='ltr' id='par_1_100' title="bbox 406 5132 1995 5216">
     <span class='ocr_line' id='line_1_100' title="bbox 406 5132 1995 5216; baseline 0.002 -24"><span class='ocrx_word' id='word_1_726' title='bbox 406 5158 494 5200; x_wconf 86' lang='grc' dir='ltr'>τες</span> <span class='ocrx_word' id='word_1_727' title='bbox 526 5132 579 5192; x_wconf 78' lang='grc' dir='ltr'>ἕν</span> <span class='ocrx_word' id='word_1_728' title='bbox 606 5142 767 5210; x_wconf 82' lang='grc' dir='ltr'>σῶμα</span> <span class='ocrx_word' id='word_1_729' title='bbox 799 5137 1265 5212; x_wconf 82' lang='grc' dir='ltr'>χρηματίσαντες,</span> <span class='ocrx_word' id='word_1_730' title='bbox 1297 5136 1542 5216; x_wconf 74' lang='grc' dir='ltr'>κεφαλὴν</span> <span class='ocrx_word' id='word_1_731' title='bbox 1577 5133 1783 5214; x_wconf 85' lang='grc' dir='ltr'>ἔχομεν</span> <span class='ocrx_word' id='word_1_732' title='bbox 1816 5138 1995 5196; x_wconf 83' lang='grc' dir='ltr'>αὐτόν.</span> 
     </span>
    </p>
   </div>
   <div class='ocr_carea' id='block_1_101' title="bbox 478 5425 2066 5506">
    <p class='ocr_par' dir='ltr' id='par_1_101' title="bbox 478 5425 2066 5506">
     <span class='ocr_line' id='line_1_101' title="bbox 478 5425 2066 5506; baseline 0.002 -25"><span class='ocrx_word' id='word_1_733' title='bbox 478 5425 701 5506; x_wconf 82' lang='grc' dir='ltr'>Κεφαλή</span> <span class='ocrx_word' id='word_1_734' title='bbox 733 5425 791 5480; x_wconf 70' lang='grc' dir='ltr'>δὲ</span> <span class='ocrx_word' id='word_1_735' title='bbox 818 5431 916 5480; x_wconf 88' lang='grc' dir='ltr'>τοῦ</span> <span class='ocrx_word' id='word_1_736' title='bbox 950 5427 1182 5497; x_wconf 72' lang='grc' dir='ltr'>Χριστοῦ</span> <span class='ocrx_word' id='word_1_737' title='bbox 1215 5429 1242 5482; x_wconf 90' lang='grc' dir='ltr'><strong>ὁ</strong></span> <span class='ocrx_word' id='word_1_738' title='bbox 1275 5428 1404 5490; x_wconf 84' lang='grc' dir='ltr'>Θεὸς</span> <span class='ocrx_word' id='word_1_739' title='bbox 1439 5428 1530 5483; x_wconf 87' lang='grc' dir='ltr'>καὶ</span> <span class='ocrx_word' id='word_1_740' title='bbox 1564 5429 1776 5504; x_wconf 69' lang='grc' dir='ltr'>Πατὴρ,</span> <span class='ocrx_word' id='word_1_741' title='bbox 1828 5429 1902 5489; x_wconf 84' lang='grc' dir='ltr'>ὡς</span> <span class='ocrx_word' id='word_1_742' title='bbox 1950 5451 2066 5504; x_wconf 83' lang='grc' dir='ltr'>γεν-</span> 
     </span>
    </p>
   </div>
   <div class='ocr_carea' id='block_1_102' title="bbox 401 5509 2064 5592">
    <p class='ocr_par' dir='ltr' id='par_1_102' title="bbox 401 5509 2064 5592">
     <span class='ocr_line' id='line_1_102' title="bbox 401 5509 2064 5592; baseline 0.003 -24"><span class='ocrx_word' id='word_1_743' title='bbox 401 5517 586 5590; x_wconf 74' lang='grc' dir='ltr'>νήτωρ</span> <span class='ocrx_word' id='word_1_744' title='bbox 614 5516 704 5570; x_wconf 84' lang='grc' dir='ltr'>καὶ</span> <span class='ocrx_word' id='word_1_745' title='bbox 735 5509 1044 5588; x_wconf 76' lang='grc' dir='ltr'>προϐολεὺς</span> <span class='ocrx_word' id='word_1_746' title='bbox 1078 5516 1167 5570; x_wconf 81' lang='grc' dir='ltr'>καὶ</span> <span class='ocrx_word' id='word_1_747' title='bbox 1224 5516 1519 5589; x_wconf 82' lang='grc' dir='ltr'>ὁμοοῦσιος</span> <span class='ocrx_word' id='word_1_748' title='bbox 1554 5517 1741 5574; x_wconf 78' lang='grc' dir='ltr'>αὐτοῦ.</span> <span class='ocrx_word' id='word_1_749' title='bbox 1773 5541 1800 5569; x_wconf 86' lang='lat'><strong>«</strong></span> <span class='ocrx_word' id='word_1_750' title='bbox 1845 5517 2064 5592; x_wconf 84' lang='grc' dir='ltr'>Κεφαλὴ</span> 
     </span>
    </p>
   </div>
   <div class='ocr_carea' id='block_1_103' title="bbox 409 5599 2068 5680">
    <p class='ocr_par' dir='ltr' id='par_1_103' title="bbox 409 5599 2068 5680">
     <span class='ocr_line' id='line_1_103' title="bbox 409 5599 2068 5680; baseline 0.002 -23"><span class='ocrx_word' id='word_1_751' title='bbox 409 5599 466 5657; x_wconf 76' lang='grc' dir='ltr'>δὶ</span> <span class='ocrx_word' id='word_1_752' title='bbox 495 5605 748 5678; x_wconf 88' lang='grc' dir='ltr'>γυναικὸς</span> <span class='ocrx_word' id='word_1_753' title='bbox 781 5605 810 5658; x_wconf 84' lang='grc' dir='ltr'>ὁ</span> <span class='ocrx_word' id='word_1_754' title='bbox 843 5603 998 5678; x_wconf 72' lang='grc' dir='ltr'>ἀνὴρ.</span> <span class='ocrx_word' id='word_1_755' title='bbox 1038 5629 1064 5654; x_wconf 74' lang='grc' dir='ltr'>η</span> <span class='ocrx_word' id='word_1_756' title='bbox 1131 5605 1255 5660; x_wconf 72' lang='grc' dir='ltr'>’Ὁτι</span> <span class='ocrx_word' id='word_1_757' title='bbox 1286 5605 1376 5658; x_wconf 78' lang='grc' dir='ltr'>καὶ</span> <span class='ocrx_word' id='word_1_758' title='bbox 1440 5605 1600 5667; x_wconf 77' lang='grc' dir='ltr'>αὐτὸς</span> <span class='ocrx_word' id='word_1_759' title='bbox 1659 5607 1936 5680; x_wconf 74' lang='grc' dir='ltr'>γεννήτωρ</span> <span class='ocrx_word' id='word_1_760' title='bbox 1966 5607 2068 5661; x_wconf 77' lang='grc' dir='ltr'>αὗ-</span> 
     </span>
    </p>
   </div>
   <div class='ocr_carea' id='block_1_104' title="bbox 484 5720 921 5784">
    <p class='ocr_par' dir='ltr' id='par_1_104' title="bbox 484 5720 921 5784">
     <span class='ocr_line' id='line_1_104' title="bbox 484 5720 921 5784; baseline 0.002 -9"><span class='ocrx_word' id='word_1_761' title='bbox 484 5720 528 5755; x_wconf 76' lang='lat'>&quot;</span> <span class='ocrx_word' id='word_1_762' title='bbox 554 5721 723 5775; x_wconf 83' lang='lat' dir='ltr'>Rom.</span> <span class='ocrx_word' id='word_1_763' title='bbox 759 5738 834 5784; x_wconf 69' lang='grc' dir='ltr'>ιχ,</span> <span class='ocrx_word' id='word_1_764' title='bbox 869 5723 921 5776; x_wconf 90' lang='lat'>3.</span> 
     </span>
    </p>
   </div>
   <div class='ocr_carea' id='block_1_105' title="bbox 2183 4715 3837 4786">
    <p class='ocr_par' dir='ltr' id='par_1_105' title="bbox 2183 4715 3837 4786">
     <span class='ocr_line' id='line_1_105' title="bbox 2183 4715 3837 4786; baseline 0 -16"><span class='ocrx_word' id='word_1_765' title='bbox 2183 4732 2443 4771; x_wconf 88' lang='lat' dir='ltr'>causam.</span> <span class='ocrx_word' id='word_1_766' title='bbox 2478 4739 2505 4767; x_wconf 84' lang='lat'><strong><em>«</em></strong></span> <span class='ocrx_word' id='word_1_767' title='bbox 2542 4716 2746 4772; x_wconf 89' lang='lat' dir='ltr'>Omnis</span> <span class='ocrx_word' id='word_1_768' title='bbox 2778 4716 2884 4779; x_wconf 91' lang='lat' dir='ltr'>vir,</span> <span class='ocrx_word' id='word_1_769' title='bbox 2922 4737 2948 4765; x_wconf 74' lang='lat' dir='ltr'><em>n</em></span> <span class='ocrx_word' id='word_1_770' title='bbox 2983 4716 3176 4770; x_wconf 73' lang='lat' dir='ltr'>fidelis</span> <span class='ocrx_word' id='word_1_771' title='bbox 3207 4715 3502 4770; x_wconf 87' lang='lat' dir='ltr'>videlicet.</span> <span class='ocrx_word' id='word_1_772' title='bbox 3535 4717 3652 4786; x_wconf 83' lang='lat' dir='ltr'>Ipsi</span> <span class='ocrx_word' id='word_1_773' title='bbox 3677 4717 3837 4771; x_wconf 87' lang='lat' dir='ltr'>enim</span> 
     </span>
    </p>
   </div>
   <div class='ocr_carea' id='block_1_106' title="bbox 2185 4805 3833 4876">
    <p class='ocr_par' dir='ltr' id='par_1_106' title="bbox 2185 4805 3833 4876">
     <span class='ocr_line' id='line_1_106' title="bbox 2185 4805 3833 4876; baseline 0 -16"><span class='ocrx_word' id='word_1_774' title='bbox 2185 4812 2323 4861; x_wconf 91' lang='lat' dir='ltr'>sunt</span> <span class='ocrx_word' id='word_1_775' title='bbox 2345 4805 2614 4861; x_wconf 90' lang='lat' dir='ltr'>membra</span> <span class='ocrx_word' id='word_1_776' title='bbox 2635 4806 2873 4872; x_wconf 88' lang='lat' dir='ltr'>Christi,</span> <span class='ocrx_word' id='word_1_777' title='bbox 2902 4810 2959 4858; x_wconf 89' lang='lat' dir='ltr'>et</span> <span class='ocrx_word' id='word_1_778' title='bbox 2981 4822 3185 4860; x_wconf 89' lang='lat' dir='ltr'>eorum</span> <span class='ocrx_word' id='word_1_779' title='bbox 3211 4810 3388 4876; x_wconf 87' lang='lat' dir='ltr'>caput</span> <span class='ocrx_word' id='word_1_780' title='bbox 3409 4805 3679 4860; x_wconf 87' lang='lat' dir='ltr'>Christus</span> <span class='ocrx_word' id='word_1_781' title='bbox 3725 4812 3833 4872; x_wconf 91' lang='lat' dir='ltr'>est,</span> 
     </span>
    </p>
   </div>
   <div class='ocr_carea' id='block_1_107' title="bbox 2182 4893 3834 4967">
    <p class='ocr_par' dir='ltr' id='par_1_107' title="bbox 2182 4893 3834 4967">
     <span class='ocr_line' id='line_1_107' title="bbox 2182 4893 3834 4967; baseline -0.001 -16"><span class='ocrx_word' id='word_1_782' title='bbox 2182 4913 2303 4951; x_wconf 91' lang='lat' dir='ltr'>non</span> <span class='ocrx_word' id='word_1_783' title='bbox 2334 4900 2531 4951; x_wconf 87' lang='lat' dir='ltr'>autem</span> <span class='ocrx_word' id='word_1_784' title='bbox 2565 4893 2925 4951; x_wconf 78' lang='lat' dir='ltr'>infidelium.</span> <span class='ocrx_word' id='word_1_785' title='bbox 2960 4895 3149 4967; x_wconf 90' lang='lat' dir='ltr'>Caput</span> <span class='ocrx_word' id='word_1_786' title='bbox 3169 4894 3412 4966; x_wconf 89' lang='lat' dir='ltr'>quidem</span> <span class='ocrx_word' id='word_1_787' title='bbox 3439 4900 3710 4950; x_wconf 88' lang='lat' dir='ltr'>nostrum</span> <span class='ocrx_word' id='word_1_788' title='bbox 3733 4897 3834 4966; x_wconf 87' lang='lat' dir='ltr'>qui</span> 
     </span>
    </p>
   </div>
   <div class='ocr_carea' id='block_1_108' title="bbox 2180 4985 3835 5056">
    <p class='ocr_par' dir='ltr' id='par_1_108' title="bbox 2180 4985 3835 5056">
     <span class='ocr_line' id='line_1_108' title="bbox 2180 4985 3835 5056; baseline -0.001 -15"><span class='ocrx_word' id='word_1_789' title='bbox 2180 4985 2388 5041; x_wconf 87' lang='lat' dir='ltr'>fideles</span> <span class='ocrx_word' id='word_1_790' title='bbox 2419 5001 2624 5040; x_wconf 89' lang='lat' dir='ltr'>sumus</span> <span class='ocrx_word' id='word_1_791' title='bbox 2654 4985 2922 5039; x_wconf 89' lang='lat' dir='ltr'>Christus</span> <span class='ocrx_word' id='word_1_792' title='bbox 2955 4990 3064 5051; x_wconf 89' lang='lat' dir='ltr'>est,</span> <span class='ocrx_word' id='word_1_793' title='bbox 3134 4990 3417 5056; x_wconf 88' lang='lat' dir='ltr'>tanquam</span> <span class='ocrx_word' id='word_1_794' title='bbox 3467 5001 3674 5040; x_wconf 91' lang='lat' dir='ltr'>eorum</span> <span class='ocrx_word' id='word_1_795' title='bbox 3733 4987 3835 5056; x_wconf 91' lang='lat' dir='ltr'>qui</span> 
     </span>
    </p>
   </div>
   <div class='ocr_carea' id='block_1_109' title="bbox 2181 5074 3836 5149">
    <p class='ocr_par' dir='ltr' id='par_1_109' title="bbox 2181 5074 3836 5149">
     <span class='ocr_line' id='line_1_109' title="bbox 2181 5074 3836 5149; baseline -0.001 -19"><span class='ocrx_word' id='word_1_796' title='bbox 2181 5075 2449 5149; x_wconf 87' lang='lat' dir='ltr'>ejusdem</span> <span class='ocrx_word' id='word_1_797' title='bbox 2481 5075 2619 5130; x_wconf 84' lang='lat' dir='ltr'>facti</span> <span class='ocrx_word' id='word_1_798' title='bbox 2644 5079 2784 5129; x_wconf 91' lang='lat' dir='ltr'>sunt</span> <span class='ocrx_word' id='word_1_799' title='bbox 2805 5074 3095 5146; x_wconf 90' lang='lat' dir='ltr'>corporis,</span> <span class='ocrx_word' id='word_1_800' title='bbox 3117 5075 3507 5146; x_wconf 87' lang='lat' dir='ltr'>ejusdemque</span> <span class='ocrx_word' id='word_1_801' title='bbox 3530 5081 3836 5130; x_wconf 89' lang='lat' dir='ltr'>consortes</span> 
     </span>
    </p>
   </div>
   <div class='ocr_carea' id='block_1_110' title="bbox 2179 5163 3835 5236">
    <p class='ocr_par' dir='ltr' id='par_1_110' title="bbox 2179 5163 3835 5236">
     <span class='ocr_line' id='line_1_110' title="bbox 2179 5163 3835 5236; baseline 0 -16"><span class='ocrx_word' id='word_1_802' title='bbox 2179 5171 2429 5231; x_wconf 68' lang='lat' dir='ltr'>naturae,</span> <span class='ocrx_word' id='word_1_803' title='bbox 2462 5182 2570 5236; x_wconf 89' lang='lat' dir='ltr'>per</span> <span class='ocrx_word' id='word_1_804' title='bbox 2598 5163 3204 5220; x_wconf 86' lang='lat' dir='ltr'>communicationem</span> <span class='ocrx_word' id='word_1_805' title='bbox 3262 5164 3531 5235; x_wconf 88' lang='lat' dir='ltr'>corporis</span> <span class='ocrx_word' id='word_1_806' title='bbox 3584 5171 3642 5218; x_wconf 88' lang='lat' dir='ltr'>et</span> <span class='ocrx_word' id='word_1_807' title='bbox 3699 5182 3835 5220; x_wconf 81' lang='lat' dir='ltr'>san-</span> 
     </span>
    </p>
   </div>
   <div class='ocr_carea' id='block_1_111' title="bbox 2177 5252 3838 5325">
    <p class='ocr_par' dir='ltr' id='par_1_111' title="bbox 2177 5252 3838 5325">
     <span class='ocr_line' id='line_1_111' title="bbox 2177 5252 3838 5325; baseline 0.001 -17"><span class='ocrx_word' id='word_1_808' title='bbox 2177 5254 2376 5325; x_wconf 84' lang='lat' dir='ltr'>guinis</span> <span class='ocrx_word' id='word_1_809' title='bbox 2407 5254 2616 5325; x_wconf 88' lang='lat' dir='ltr'>ipsius.</span> <span class='ocrx_word' id='word_1_810' title='bbox 2647 5255 2760 5308; x_wconf 90' lang='lat' dir='ltr'>Per</span> <span class='ocrx_word' id='word_1_811' title='bbox 2790 5253 2942 5308; x_wconf 87' lang='lat' dir='ltr'>hanc</span> <span class='ocrx_word' id='word_1_812' title='bbox 2975 5252 3138 5306; x_wconf 89' lang='lat' dir='ltr'>enim</span> <span class='ocrx_word' id='word_1_813' title='bbox 3170 5267 3380 5307; x_wconf 88' lang='lat' dir='ltr'>omnes</span> <span class='ocrx_word' id='word_1_814' title='bbox 3407 5269 3594 5308; x_wconf 88' lang='lat' dir='ltr'>unum</span> <span class='ocrx_word' id='word_1_815' title='bbox 3621 5270 3838 5324; x_wconf 89' lang='lat' dir='ltr'>corpus</span> 
     </span>
    </p>
   </div>
   <div class='ocr_carea' id='block_1_112' title="bbox 2176 5339 3272 5413">
    <p class='ocr_par' dir='ltr' id='par_1_112' title="bbox 2176 5339 3272 5413">
     <span class='ocr_line' id='line_1_112' title="bbox 2176 5339 3272 5413; baseline -0.003 -16"><span class='ocrx_word' id='word_1_816' title='bbox 2176 5341 2487 5413; x_wconf 83' lang='lat' dir='ltr'>appellati,</span> <span class='ocrx_word' id='word_1_817' title='bbox 2521 5341 2719 5411; x_wconf 90' lang='lat' dir='ltr'>ipsum</span> <span class='ocrx_word' id='word_1_818' title='bbox 2751 5339 3042 5394; x_wconf 88' lang='lat' dir='ltr'>habemus</span> <span class='ocrx_word' id='word_1_819' title='bbox 3075 5346 3272 5410; x_wconf 89' lang='lat' dir='ltr'>caput.</span> 
     </span>
    </p>
   </div>
   <div class='ocr_carea' id='block_1_113' title="bbox 2249 5429 3833 5500">
    <p class='ocr_par' dir='ltr' id='par_1_113' title="bbox 2249 5429 3833 5500">
     <span class='ocr_line' id='line_1_113' title="bbox 2249 5429 3833 5500; baseline -0.001 -13"><span class='ocrx_word' id='word_1_820' title='bbox 2249 5431 2404 5487; x_wconf 72' lang='lat'>528</span> <span class='ocrx_word' id='word_1_821' title='bbox 2423 5429 2640 5484; x_wconf 90' lang='lat' dir='ltr'>Christi</span> <span class='ocrx_word' id='word_1_822' title='bbox 2663 5445 2799 5483; x_wconf 91' lang='lat' dir='ltr'>vero</span> <span class='ocrx_word' id='word_1_823' title='bbox 2824 5434 3002 5499; x_wconf 88' lang='lat' dir='ltr'>caput</span> <span class='ocrx_word' id='word_1_824' title='bbox 3025 5429 3178 5484; x_wconf 89' lang='lat' dir='ltr'>Deus</span> <span class='ocrx_word' id='word_1_825' title='bbox 3195 5445 3264 5485; x_wconf 86' lang='lat' dir='ltr'>ac</span> <span class='ocrx_word' id='word_1_826' title='bbox 3280 5430 3448 5485; x_wconf 82' lang='lat' dir='ltr'>Pater</span> <span class='ocrx_word' id='word_1_827' title='bbox 3461 5436 3833 5500; x_wconf 79' lang='lat' dir='ltr'>esttanquan</span> 
     </span>
    </p>
   </div>
   <div class='ocr_carea' id='block_1_114' title="bbox 2177 5518 3832 5592">
    <p class='ocr_par' dir='ltr' id='par_1_114' title="bbox 2177 5518 3832 5592">
     <span class='ocr_line' id='line_1_114' title="bbox 2177 5518 3832 5592; baseline -0.001 -18"><span class='ocrx_word' id='word_1_828' title='bbox 2177 5536 2393 5592; x_wconf 87' lang='lat' dir='ltr'>parens</span> <span class='ocrx_word' id='word_1_829' title='bbox 2426 5526 2484 5573; x_wconf 88' lang='lat' dir='ltr'>et</span> <span class='ocrx_word' id='word_1_830' title='bbox 2509 5519 2850 5591; x_wconf 91' lang='lat' dir='ltr'>productor,</span> <span class='ocrx_word' id='word_1_831' title='bbox 2887 5534 2956 5573; x_wconf 91' lang='lat' dir='ltr'>ac</span> <span class='ocrx_word' id='word_1_832' title='bbox 2986 5518 3258 5589; x_wconf 88' lang='lat' dir='ltr'>ejusdem</span> <span class='ocrx_word' id='word_1_833' title='bbox 3316 5536 3450 5574; x_wconf 89' lang='lat' dir='ltr'>cum</span> <span class='ocrx_word' id='word_1_834' title='bbox 3506 5519 3634 5589; x_wconf 87' lang='lat' dir='ltr'>ipso</span> <span class='ocrx_word' id='word_1_835' title='bbox 3693 5519 3832 5574; x_wconf 89' lang='lat' dir='ltr'>sub-</span> 
     </span>
    </p>
   </div>
   <div class='ocr_carea' id='block_1_115' title="bbox 2177 5607 3828 5680">
    <p class='ocr_par' dir='ltr' id='par_1_115' title="bbox 2177 5607 3828 5680">
     <span class='ocr_line' id='line_1_115' title="bbox 2177 5607 3828 5680; baseline -0.005 -16"><span class='ocrx_word' id='word_1_836' title='bbox 2177 5610 2430 5664; x_wconf 59' lang='lat' dir='ltr'>stantia.</span> <span class='ocrx_word' id='word_1_837' title='bbox 2465 5633 2492 5660; x_wconf 87' lang='grc'>‹‹</span> <span class='ocrx_word' id='word_1_838' title='bbox 2529 5610 2720 5680; x_wconf 87' lang='lat' dir='ltr'>Caput</span> <span class='ocrx_word' id='word_1_839' title='bbox 2749 5613 2948 5664; x_wconf 89' lang='lat' dir='ltr'>autem</span> <span class='ocrx_word' id='word_1_840' title='bbox 2977 5609 3250 5663; x_wconf 89' lang='lat' dir='ltr'>mulieris</span> <span class='ocrx_word' id='word_1_841' title='bbox 3281 5609 3386 5663; x_wconf 91' lang='lat' dir='ltr'>vir.</span> <span class='ocrx_word' id='word_1_842' title='bbox 3420 5632 3442 5660; x_wconf 75' lang='grc' dir='ltr'>ι</span> <span class='ocrx_word' id='word_1_843' title='bbox 3479 5608 3587 5671; x_wconf 87' lang='lat' dir='ltr'>Qui</span> <span class='ocrx_word' id='word_1_844' title='bbox 3629 5613 3688 5661; x_wconf 87' lang='lat' dir='ltr'>et</span> <span class='ocrx_word' id='word_1_845' title='bbox 3719 5607 3828 5676; x_wconf 84' lang='lat' dir='ltr'>ipsi</span> 
     </span>
    </p>
   </div>
  </div>
