4118 6428
271 439 388 504 ’795

1394 442 1811 508 CECUMENII
1854 442 2159 507 TRICCJE
2209 440 2559 507 EPISCOPI

3570 443 3690 504 796

264 578 501 637 mulieri
534 586 744 652 patens
775 584 864 634 est
895 584 953 635 et
981 578 1306 653 productor
1333 599 1401 639 ac
1460 580 1728 655 ejusdem
1778 581 1914 641 sub-

2038 584 2131 651 τῆς
2185 572 2276 637 καὶ
2324 573 2634 656 προϐολεὸς
2708 580 2797 636 καὶ
2868 577 3168 654 ὀμοούσιος
3229 578 3465 657 ὑπάρχει
3524 579 3687 656 αὐτῇ.

264 669 497 726 stantia:
529 685 663 725 cum
695 666 844 739 ipsa.
877 667 1263 742 Consequens
1294 689 1430 744 ergo
1462 677 1714 746 aptaque
1776 690 1912 746 pro-

259 759 452 831 portio
501 764 609 815 est.
656 756 822 825 Quod
882 758 928 812 si
962 759 1188 815 dictum
1224 760 1373 816 illud
1402 780 1413 817 :
1445 785 1471 812 ιι
1506 761 1710 818 Omnis
1742 762 1851 829 vir,
1883 785 1910 813 »

260 846 698 904 deinﬁdelibus
721 865 957 919 quoque
981 848 1301 922 intelligas.
1325 855 1522 908 rectus
1574 852 1687 908 erit
1737 851 1911 908 intel-

254 936 446 993 lectus
469 936 539 993 de
566 936 741 992 modo
764 937 1087 994 creationis
1111 937 1432 1011 loquendo.
1459 939 1567 1007 Qui
1617 941 1777 997 enim
1809 940 1915 997 ho-

257 1025 483 1081 minem
512 1025 574 1080 in
607 1032 822 1082 caetera
849 1026 1144 1083 dominari
1175 1026 1467 1100 permisit.
1492 1027 1686 1102 ipsum
1719 1030 1912 1086 solum

263 1114 372 1171 sub
407 1132 514 1171 sua
542 1116 810 1187 potentia
841 1132 906 1173 ac
937 1115 1246 1173 dominatu
1296 1132 1537 1174 manere
1596 1117 1912 1189 concessit,

261 1221 383 1259 non
408 1221 748 1277 proponens
768 1205 878 1277 ipsi
905 1203 1088 1261 alium
1108 1207 1450 1274 Dominum,
1473 1206 1913 1265 authabentem

267 1310 449 1367 super
479 1310 613 1349 eum
646 1300 1019 1367 potestatem.
1056 1318 1083 1345 ιι
1143 1294 1330 1369 Caput
1387 1304 1587 1353 autem
1643 1298 1914 1355 mulieris

266 1385 369 1439 vir.
405 1404 435 1433 ν»
468 1384 548 1438 Eo
581 1384 739 1455 quod
769 1385 933 1456 prior
956 1382 1241 1457 dignitate
1273 1386 1351 1441 sit
1381 1391 1439 1442 et
1465 1391 1818 1459 potestatem
1849 1386 1909 1443 in

268 1472 435 1529 illam
465 1471 700 1529 habeat.
735 1496 762 1525 ιι
795 1475 982 1546 Caput
1018 1492 1155 1530 vero
1214 1475 1431 1532 Christi
1489 1476 1664 1534 Deus.
1709 1499 1735 1528 κ
1796 1477 1916 1534 Hoc

268 1560 400 1618 ideo
425 1561 617 1617 solum
644 1560 801 1634 quod
828 1564 959 1636 ejus
978 1564 1057 1618 sit
1076 1562 1435 1638 principium
1467 1582 1480 1622 :
1512 1582 1709 1638 neque
1753 1568 1916 1623 enim

267 1656 648 1723 oportetquae
677 1648 748 1705 de
771 1652 962 1724 capite
983 1651 1142 1710 dicta
1163 1659 1322 1723 sunt,
1356 1655 1637 1711 similiter
1681 1672 1918 1728 quoque

270 1741 341 1796 de
364 1741 594 1796 Christo
616 1741 951 1813 intelligere
978 1760 990 1797 :
1017 1743 1122 1798 sed
1143 1744 1454 1799 hominum
1477 1746 1719 1816 quidem
1742 1751 1921 1819 caput

269 1829 538 1885 Christus
572 1836 661 1885 est
691 1831 1023 1887 secundum
1072 1831 1456 1902 creationem,
1516 1836 1729 1891 Christi
1780 1854 1917 1893 vero

2021 668 2357 734 Ἀκόλουθος
2388 666 2595 726 οὖνκαὶ
2651 664 2982 744 ἁρμόδιοςή
3034 667 3322 747 ἀναλογία.
3383 670 3447 727 Εί
3509 666 3567 727 δὲ
3624 671 3687 725 τὸ

2027 783 2052 813 ιι
2089 760 2298 822 Παντὸς
2332 756 2545 834 ἀνδρὸς,
2583 780 2607 813 υ
2643 758 2735 815 καθ
2784 759 2871 814 tul
2926 762 3036 815 τῶν
3097 756 3343 814 ἀπίστων
3404 754 3689 832 ἐκλάϐοθς,

2022 850 2157 907 κατὰ
2188 852 2282 908 τὸν
2310 849 2412 921 τῆς
2443 843 2812 929 δημιουργίας
2864 845 3035 927 λόγον
3096 849 3357 929 ἐγχωρεῖ.
3421 850 3549 908 Τῶν
3578 850 3683 925 γὰρ

2024 936 2212 997 ἄλλων
2275 942 2465 1016 ἄρχειν
2523 941 2614 995 τὸν
2676 940 2964 1017 ἄνθρωπον
3008 936 3301 1015 ἐπιτρέψας
3356 938 3518 995 αὐτὸν
3575 939 3680 997 ὑπὸ

2023 1031 2123 1101 τὴν
2155 1024 2294 1086 ἰδίον
2360 1029 2524 1104 μόνον
2583 1025 2729 1086 εἷάσε
2793 1031 2974 1104 μένειν
3036 1024 3277 1101 ἐξούσίαν
3332 1028 3424 1085 καί
3478 1028 3686 1106 ἀρχὴν,

2029 1117 2104 1192 μή
2137 1116 2430 1188 ἐπιστήσας
2470 1114 2617 1191 αύτῷ
2671 1113 2854 1190 ἓτερον
2912 1112 3181 1186 δεσποτην
3213 1114 3249 1186 ἢ
3309 1116 3682 1189 έξουσιαστῆν.

2030 1229 2060 1259 ιι
2090 1202 2315 1279 Κεφαλὴ
2352 1200 2410 1261 δὶ
2436 1202 2685 1279 γυναικὸς
2746 1205 2774 1260 ὁ
2827 1201 2987 1280 ἁνήρ.
3046 1228 3073 1255 ιι
3108 1203 3206 1259 Διᾶ
3271 1204 3335 1260 τὸ
3387 1205 3687 1282 κατάρχειν

2023 1293 2115 1351 καὶ
2147 1292 2476 1369 ἓξουσιάζειν
2507 1292 2703 1364 αὐτῆς.
2755 1316 2785 1346 ιι
2806 1291 3034 1372 Κεφαλή
3062 1289 3120 1349 δὲ
3150 1294 3395 1368 Χριστοῦ
3418 1295 3446 1350 ὁ
3477 1293 3630 1356 Θεός.
3661 1317 3689 1348 π

2024 1387 2201 1441 T0620
2243 1379 2334 1440 διὰ
2362 1384 2424 1439 τὸ
2455 1378 2633 1440 αἴτιον
2667 1383 2857 1456 μόνον.
2890 1382 2964 1439 Οὐ
3008 1379 3092 1440 δεῖ
3144 1382 3248 1459 γὰρ
3296 1383 3366 1440 τὰ
3421 1383 3546 1458 περὶ
3593 1402 3687 1440 κει

2025 1469 2206 1552 φαλῆς
2235 1470 2520 1549 εἰρημένα,
2553 1472 2763 1546 ὁμοίως
2793 1472 2883 1528 καὶ
2911 1469 3000 1528 ἐπὶ
3034 1474 3267 1547 Χριστοῦ
3301 1467 3687 1548 ἐκλαμϐάνειν.

2026 1561 2207 1620 Ἀλλᾶ
2234 1568 2344 1618 τῶν
2376 1564 2473 1635 μὶν
2505 1561 2804 1633 ἀνθρώπων
2844 1560 3063 1636 κεφαλὴ
3095 1563 3124 1617 6
3169 1561 3431 1637 Χριστὸς,
3458 1563 3595 1618 κατᾶ
3624 1563 3689 1619 τὸ

2027 1651 2448 1727 δημιουργικὸν,
2482 1656 2726 1728 Χριστοῦ
2757 1648 2814 1706 δὲ
2838 1649 3053 1729 κεφαλὴ
3087 1652 3116 1706 ὁ
3149 1652 3335 1725 Πατὴρ
3369 1648 3461 1706 διὰ
3505 1652 3567 1707 τὸ
3595 1649 3684 1706 α’ἰο

2024 1763 2162 1798 τιον.
2202 1741 2353 1811 Πλήν
2389 1741 2434 1797 εἰ
2469 1743 2546 1816 μή
2576 1741 2667 1797 καὶ
2695 1743 2933 1816 Χριστοῦ
2990 1740 3165 1804 οὕτως
3221 1739 3436 1815 κεφαλή
3468 1743 3496 1798 ὁ
3528 1741 3682 1811 Θεὸς,

2024 1830 2264 1906 καθάπερ
2302 1833 2464 1904 ἡμῶν
2494 1832 2522 1886 ὁ
2553 1829 2810 1907 Χριστός,
2839 1829 2975 1885 καθό
3033 1827 3147 1886 ἐστι
3203 1831 3292 1885 καὶ
3351 1831 3555 1887 νοεῖται
3588 1830 3687 1887 ἅν-

270 1921 449 1988 caput
479 1919 653 1973 Pater
683 1922 771 1973 est
800 1924 1044 1990 propter
1096 1920 1616 1993 principationem.
1673 1924 1796 1978 Nisi
1837 1924 1919 1980 ita

2038 1922 2268 1996 )pumoc,
2299 1921 2436 1976 κατᾶ
2460 1921 2547 1986 τὸ,
2608 1944 2637 1972 ιι
2662 1921 2725 1978 Ὀ
2755 1921 2942 1995 Ηατήρ
2976 1939 3085 1994 μου
3115 1920 3314 1993 μείζων
3351 1941 3457 1994 μου
3487 1919 3622 1980 ἐστί.
3659 1944 3688 1973 »ι

271 2023 509 2078 quoque
531 2012 706 2078 caput
736 2006 952 2063 Christi
1002 2008 1236 2065 dicatur
1282 2011 1457 2079 Deus,
1508 2011 1662 2067 sicut
1693 2019 1751 2067 et
1779 2030 1919 2068 nos-

274 2102 431 2153 trum
463 2097 683 2153 dicitur
713 2100 888 2167 Deus,
930 2105 1225 2171 quatenus
1257 2106 1349 2157 est
1404 2107 1464 2157 et
1510 2103 1926 2160 consideratur

275 2188 833 2261 homo.juxtaillud.
862 2214 881 2238 σ
902 2191 1076 2246 Pater
1090 2207 1257 2247 meus
1271 2193 1569 2265 majorme
1586 2195 1760 2262 est";
1788 2217 1815 2245 ››
1831 2200 1922 2251 et:

288 2298 310 2327 ι
342 2277 612 2334 Ascendo
644 2278 718 2334 ad
748 2280 982 2335 Patrem
1015 2296 1214 2336 meum
1247 2287 1306 2337 et
1343 2283 1581 2339 Patrem
1637 2290 1924 2355 vestrum,

274 2369 460 2424 Deum
482 2384 681 2423 meum
714 2384 781 2423 ac
812 2369 999 2426 Deum
1029 2376 1290 2426 vestrum
1322 2370 1390 2427 *9.
1417 2394 1445 2423 »
1468 2403 1534 2412 -
1555 2396 1580 2423 ιι
1609 2373 1813 2430 Omnis
1843 2374 1930 2428 vir

274 2474 473 2514 orans.
508 2479 537 2509 ››
570 2460 697 2514 Non
726 2458 1003 2530 prohibet
1060 2477 1298 2533 semper
1352 2462 1544 2518 virum
1604 2468 1758 2519 tecto
1799 2480 1929 2520 esse

269 2547 484 2620 capite,
511 2546 616 2603 sed
635 2552 868 2605 tantum
891 2551 1256 2623 Operationis
1318 2568 1386 2608 ac
1429 2552 1757 2625 prophetia:
1788 2558 1934 2609 tem-

287 2653 451 2711 pore.
482 2659 509 2687 «
544 2632 778 2692 Habens
812 2638 1117 2710 quidpiam
1175 2639 1234 2697 in
1294 2640 1506 2714 capite.
1568 2665 1596 2693 ››
1628 2644 1755 2700 Non
1785 2642 1935 2698 dixit

286 2732 491 2798 aperte
515 2742 530 2781 :
565 2727 672 2792 Qui
704 2729 895 2801 capite
920 2735 1010 2785 est
1030 2733 1259 2802 Operto,
1283 2732 1382 2786 sed
1412 2748 1426 2788 :
1456 2755 1475 2782 ι
1502 2731 1740 2788 Habens
1760 2728 1934 2805 quid-

287 2812 446 2885 piam
478 2814 540 2870 in
572 2816 785 2888 capite,
817 2838 846 2867 »
881 2816 1099 2874 tollens
1129 2818 1240 2875 hoc
1273 2818 1447 2875 modo
1478 2836 1599 2876 non
1631 2821 1772 2892 pilei
1806 2826 1933 2876 tan-

286 2909 411 2960 tum
436 2910 860 2977 tegumentem,
879 2909 983 2964 sed
1003 2914 1062 2964 et
1078 2926 1278 2966 comm.
1333 2911 1529 2966 Etnim
1571 2912 1672 2983 qui
1701 2927 1937 2968 comam

286 2996 498 3063 nutrit,
530 2996 758 3068 aliquid
789 2999 969 3055 etiam
1004 2999 1068 3055 in
1098 2999 1289 3073 capite
1322 3000 1523 3067 habet,
1554 3017 1770 3075 nempe
1828 3018 1935 3057 co-

288 3100 468 3140 mam.
503 3107 531 3135 «
565 3085 789 3142 Probro
821 3086 1006 3143 afﬁcit
1056 3092 1235 3160 caput
1291 3105 1488 3145 suum.
1551 3108 1576 3140 ε
1636 3090 1755 3145 Nos
1776 3089 1937 3145 enim

286 3173 444 3229 viros
474 3176 629 3230 Deus
660 3175 800 3233 fecit
831 3176 1076 3246 liberos,
1106 3178 1216 3234 hoc
1248 3182 1356 3244 est,
1390 3178 1545 3235 nulli
1571 3196 1777 3235 eorum
1838 3180 1937 3250 qui

289 3270 430 3319 sunt
460 3264 522 3319 in
552 3270 713 3321 terra
750 3266 1039 3331 subditos.
1072 3267 1176 3324 sed
1224 3268 1503 3326 omnibus
1534 3267 1936 3326 dominantes.

284 3353 415 3408 Non
437 3370 574 3426 ergo
596 3321 948 3426 oportet
1232 3321 1600 3429 potes—tatem
1965 3321 2008 3391 θ

285 3448 395 3514 put
415 3444 517 3513 qui
535 3443 763 3499 nullius
787 3444 1125 3502 subduntur
1161 3448 1441 3518 potestati
1491 3465 1697 3504 eorum
1742 3449 1843 3521 qui
1875 3447 1936 3503 in

286 3536 448 3586 terra
477 3536 635 3588 sunt.
669 3533 856 3601 Caput
887 3535 1047 3589 enim
1098 3540 1321 3591 tectum
1380 3553 1531 3603 esse,
1581 3542 1936 3609 potestatem

288 3621 610 3692 quamdam
637 3626 728 3677 est
755 3623 933 3696 capiti
964 3640 1389 3697 superponere.
1413 3628 1559 3683 Nam
1590 3644 1695 3699 pro
1734 3632 1934 3699 potes-

287 3716 407 3768 tate
435 3716 527 3767 est
553 3712 765 3784 capitis
796 3717 1225 3786 tegumentum,
1274 3715 1433 3788 quod
1489 3716 1642 3773 solet
1695 3716 1934 3773 mulieri

285 3803 633 3874 superponi,
657 3802 1002 3877 signiﬁcans
1030 3804 1138 3859 viri
1166 3809 1543 3878 potestatem,
1576 3810 1780 3878 utpote
1839 3805 1933 3863 cui

284 3892 415 3965 ipsa
443 3892 713 3966 subjecta
738 3898 846 3950 est.
880 3893 989 3961 Qui
1033 3894 1215 3967 igitur
1242 3894 1431 3951 libero
1462 3894 1641 3968 capiti
1674 3899 1935 3967 potesta-

284 3986 407 4036 tem
436 3982 806 4054 superponit,
832 3983 1046 4041 merito
1070 3988 1248 4055 caput
1272 4000 1445 4041 suum
1475 3983 1772 4040 Christum
1794 3999 1932 4055 pro-

287 4070 394 4126 bro
416 4071 653 4129 afﬁcit.-
671 4073 903 4129 Pudore
916 4073 1103 4130 afﬁcit
1119 4080 1297 4146 caput
1327 4090 1521 4131 suum.
1548 4070 1886 4140 nQuomodo
1909 4075 1937 4129 ?

286 4162 434 4217 Tum
465 4162 607 4233 quia
625 4162 785 4220 idem
816 4169 906 4220 est
933 4181 1002 4221 ac
1034 4165 1081 4220 si
1112 4181 1248 4222 rasa
1277 4170 1461 4222 esset:
1508 4168 1635 4221 tum
1666 4165 1809 4236 quia
1837 4179 1936 4220 ca-

288 4251 410 4323 pite
441 4250 746 4323 fugitivam
779 4253 1098 4324 quamdam
1131 4270 1262 4311 sese
1287 4252 1529 4311 exhibet
1546 4259 1605 4310 et
1624 4255 1934 4327 profugam

286 4357 321 4397 a
352 4340 491 4396 data
515 4341 627 4398 sibi
649 4344 821 4400 aDeo
869 4349 1405 4416 potestate,nempe
1447 4343 1593 4399 viro.
1628 4343 1933 4410 Quomodo

286 4446 474 4486 unum
507 4436 598 4487 est
628 4437 687 4488 et
714 4432 873 4489 idem
904 4450 973 4490 ac
1004 4435 1048 4490 si
1082 4450 1219 4490 rasa
1248 4439 1424 4499 esset,
1488 4449 1623 4488 cum
1666 4433 1820 4490 524
1865 4450 1933 4489 ea

288 4535 420 4592 quae
450 4537 586 4577 rasa
613 4527 705 4578 est
725 4537 799 4577 ne
830 4522 1101 4580 naturale
1133 4522 1374 4595 quidem
1407 4528 1644 4595 tegmen
1692 4521 1928 4589 habeat,

2031 2009 2150 2065 Καί·
2188 2034 2215 2061 ιι
2246 2004 2547 2065 Ἀναϐαίνω
2575 2008 2713 2085 πρὸς
2744 2026 2841 2064 τον
2876 2009 3093 2083 Ηατὲρα
3118 2029 3224 2082 μου
3261 2008 3351 2064 καὶ
3393 2010 3603 2085 Πατέρα
3636 2010 3698 2064 ὑ-

2035 2104 2152 2175 μῶν
2177 2098 2267 2154 καὶ
2285 2098 2414 2154 Θεὸν
2441 2120 2547 2172 μου
2568 2098 2659 2154 καὶ
2685 2097 2817 2154 Θεὸν
2841 2099 3017 2172 ὑμῶν.
3044 2121 3073 2151 »
3095 2127 3164 2142 --
3196 2123 3217 2151 ε
3238 2103 3347 2162 Πᾶς
3369 2099 3507 2172 ἀνὴρ
3529 2119 3696 2176 προσ-

2032 2189 2360 2266 εύχόμενος.
2394 2212 2422 2242 ››
2456 2188 2575 2246 Οὐκ
2600 2187 2682 2243 ἀεὶ
2711 2186 2916 2245 κωλύει
2948 2187 3045 2244 τὸν
3076 2184 3245 2263 ἄνδρα
3284 2185 3697 2245 κατακαλύπτε-

2036 2281 2177 2348 σθαι,
2211 2276 2360 2334 ὀιλλὰ
2392 2277 2559 2351 μόνον
2581 2277 2634 2333 ἐν
2668 2276 2809 2351 εὐχῇ
2840 2276 2931 2333 καὶ
2983 2279 3314 2356 προφητείᾳ.
3371 2302 3395 2333 ι
3425 2278 3576 2337 Κατὰ
3603 2300 3696 2336 κε-

2037 2369 2215 2446 φαλῆς
2248 2363 2417 2443 ἔχων.
2456 2365 2571 2423 Πύκ
2626 2369 2746 2423 εἷπε
2802 2364 3229 2442 κεκαλυμμένος
3286 2368 3385 2437 τὴν
3428 2366 3697 2444 κεφαλὴν,

2038 2454 2186 2514 ἆλλὰ
2217 2480 2245 2509 ιι
2281 2455 2431 2514 Κατᾶ
2457 2455 2703 2532 κεφαλῆς
2731 2453 2901 2531 ἔχων,
2934 2478 2963 2509 υ
2996 2454 3236 2530 ἀναιρῶν
3269 2456 3449 2520 οὕτως
3481 2457 3546 2513 οὗ
3591 2458 3699 2532 μόέ

2036 2551 2234 2618 νοντῷ
2289 2547 2499 2618 ἱματίῳ
2536 2530 2948 2615 καλύπτεσθαι,
3016 2543 3165 2601 ἀλλὰ
3219 2544 3309 2601 καὶ
3366 2545 3536 2622 κόμῃ.
3594 2530 3695 2605 Καὶ

2039 2637 2145 2711 γὰρ
2174 2637 2261 2691 καὶ
2296 2636 2324 2690 ὁ
2353 2640 2544 2709 κομῶν
2576 2634 2714 2691 κατᾶ
2740 2632 2987 2713 κεφαλῆς
3048 2628 3166 2710 ἔχει
3222 2632 3321 2705 τήν
3380 2634 3560 2710 κόμην
3595 2634 3697 2706 δη-

2043 2722 2210 2794 λαδὴ.
2266 2748 2294 2776 ιι
2327 2723 2682 2800 Καταισχύνει
2748 2724 2847 2793 τήν
2905 2722 3149 2802 κεφαλὴν
3209 2724 3396 2782 αὐτοῦ.
3466 2750 3487 2779 ι
3521 2726 3698 2798 Ἠμᾶς

2042 2815 2146 2890 γὰρ
2181 2815 2209 2869 ὁ
2241 2815 2372 2878 Θεὸς
2400 2814 2530 2876 τοὺς
2570 2810 2766 2888 ἄνδρας
2813 2812 3189 2886 αύτεξουσίους
3247 2812 3493 2887 ἐποίησε,
3547 2835 3705 2872 τουτ-

2045 2904 2188 2961 έστιν
2226 2904 2314 2960 ὑπ’
2362 2901 2556 2960 οὐδένα
2583 2906 2692 2960 τῶν
2723 2903 2778 2960 έν
2808 2901 2879 2977 τῇ
2908 2907 3003 2980 γῇ,
3047 2901 3196 2961 ἀλλὰ
3225 2904 3439 2961 πάντων
3491 2902 3699 2981 ἄρχον-

2045 3015 2158 3058 τας,
2194 2993 2288 3049 Διὸ
2321 2994 2386 3049 ού
2417 2988 2503 3049 δεῖ
2532 2989 2681 3069 ἔχειν
2710 2992 2800 3049 έπὶ
2829 2999 2930 3062 τῆς
2970 2992 3215 3071 κεφαλῆς
3272 2992 3512 3065 ἐξουσίαν
3566 2996 3696 3058 τοὺς

2048 3085 2147 3143 οὐκ
2176 3084 2333 3149 ὄντας
2367 3086 2471 3142 ὑπὸ
2502 3083 2748 3157 ἐξουσίαν
2778 3086 2927 3147 τινὸς
2964 3090 3076 3142 τῶν
3134 3084 3186 3141 ἐν
3236 3090 3306 3161 τῇ
3462 3085 3545 3147 Τὸ
3574 3086 3695 3163 γὰρ

2046 3174 2378 3253 κεκαλύφθαι
2424 3176 2525 3245 τὴν
2599 3174 2866 3253 κεφαλὴν,
2927 3174 3170 3247 ἐξουσίαν
3228 3197 3349 3232 τινα
3406 3173 3704 3234 ἰπιτιθὲναι

2047 3269 2116 3340 τῇ
2146 3264 2380 3345 κεφαλῇ.
2416 3264 2562 3322 Ἀντὶ
2598 3264 2702 3341 γὰρ
2735 3264 2976 3336 ἐξουσίας
3033 3263 3145 3321 έστὶ
3200 3266 3263 3321 τὸ
3315 3265 3404 3321 ἐπὶ
3462 3273 3564 3336 τῆς
3618 3287 3710 3323 κε-

2047 3352 2229 3433 φαλῆς
2260 3352 2553 3427 κάλυμμα,
2580 3354 2715 3429 ’ὀπερ
2744 3351 2931 3418 εἶ’ωθεν
2966 3353 3102 3411 εἶναι
3149 3351 3235 3410 έπὶ
3270 3361 3370 3425 τῆς
3424 3356 3705 3430 γυναικὸς,

2048 3440 2252 3514 δηλοῦν
2283 3445 2383 3511 τὴν
2414 3447 2512 3499 τοῦ
2542 3438 2735 3517 ἀνδρὸς
2766 3440 3033 3514 ἐξουσίαν,
3094 3443 3169 3507 ὡς
3218 3441 3549 3516 ὑποκειμένη
3612 3442 3708 3500 αύ-

2044 3538 2168 3601 τῆς.
2196 3532 2258 3589 Ὁ
2289 3531 2380 3586 οὖν
2406 3534 2476 3605 τῇ
2528 3529 2785 3605 ἐλευθέρᾳ
2840 3530 3055 3610 κεφαλῇ
3114 3529 3372 3595 ἐπιτιθείς
3430 3528 3705 3603 ἐξουσίαν,

2046 3618 2272 3683 εἰκότως
2301 3618 2676 3699 καταισχύνει·
2733 3620 2834 3689 τὴν
2891 3617 3139 3694 κεφαλὴν
3201 3620 3369 3676 αὐτοῦ
3419 3618 3513 3676 τὸν
3566 3619 3701 3693 Χρι-

2046 3708 2192 3768 στόν.
2248 3735 2275 3762 ιι
2311 3709 2673 3785 Καταισχύνει
2728 3710 2827 3779 τὴν
2888 3707 3136 3789 κεφαλήν
3202 3709 3398 3780 αὐτῆς.
3440 3733 3470 3763 ››
3526 3712 3704 3778 Ηῶς;

2045 3797 2131 3854 ὅτι
2166 3819 2226 3854 τε
2254 3800 2315 3854 τὸ
2358 3798 2489 3855 αὑτὸ
2548 3797 2663 3854 έστι
2711 3801 2779 3866 τῇ
2834 3796 3163 3873 ἐξυρημένῃ,
3215 3798 3309 3854 καὶ
3366 3798 3449 3855 ὅτι
3503 3796 3703 3874 δραπέ-

2042 3889 2196 3961 τριάν
2226 3908 2345 3943 τινα
2373 3888 2475 3957 τήν
2503 3885 2747 3961 κεφαλὴν
2799 3884 3151 3944 ἀποδείκνυσι
3208 3887 3299 3943 καὶ
3358 3882 3572 3965 φυγάδα
3601 3894 3705 3957 τῆς

2046 3975 2294 4047 δοθείσης
2325 3976 2461 4051 αὐτῇ
2520 3975 2669 4052 παρὰ
2719 3980 2858 4034 Θεοῦ
2910 3974 3179 4051 ἐξουσίας,
3235 3973 3408 4052 ἤγουν
3461 3981 3559 4033 τοῦ
3617 3977 3704 4033 ἆν-

2046 4068 2193 4144 δρός.
2223 4071 2323 4126 "Ev
2355 4068 2453 4143 γάρ
2486 4066 2599 4124 ἔστι
2658 4067 2753 4124 καὶ
2801 4069 2865 4123 τὸ
2922 4067 3074 4126 αὐτό.
3130 4072 3252 4133 Πῶς
3306 4067 3447 4125 έστιν
3496 4064 3551 4125 ἔν
3607 4068 3702 4124 καὶ

2040 4159 2104 4216 τὸ
2134 4157 2266 4215 αὐτὸ
2294 4160 2364 4232 τῇ
2394 4154 2724 4233 έξυρημένῃ,
2755 4157 2922 4214 ὁπότε
2959 4160 2995 4227 ἡ
3031 4157 3127 4230 μὶν
3183 4156 3512 4232 ἐξυρημένη.
3572 4154 3704 4215 οὐδὲ

2042 4249 2141 4318 τήν
2172 4248 2403 4324 φυσικὴν
2445 4246 2648 4318 σκέπην
2708 4241 2826 4322 ἔχει
2883 4248 3003 4302 οἷον
3056 4246 3151 4310 τὰς
3204 4246 3404 4323 τρίχας
3469 4247 3603 4321 αὕτη
3641 4244 3707 4305 δὲ

2043 4333 2183 4413 ἔχει.
2214 4337 2315 4392 Καὶ
2348 4334 2603 4412 έροῦμεν,
2650 4334 2735 4391 ὅτι
2783 4339 2818 4406 ἡ
2846 4334 3297 4399 ἀκατακάλυπτος
3353 4336 3479 4393 ὅσιν
3536 4334 3599 4394 τὸ
3631 4337 3709 4401 εἷς

2043 4427 2211 4496 αὐτὴν
2238 4426 2395 4497 ἧκον,
2427 4424 2518 4482 λαὶ
2569 4427 2633 4481 τὸ
2682 4424 2746 4482 έκ
2772 4424 2986 4505 φύσεως
3045 4424 3365 4483 ἀπεσείσατο
3405 4426 3702 4501 κάλυμμα,

2042 4514 2216 4592 ἤγουν
2242 4516 2340 4579 τὰς
2371 4513 2587 4594 τρίχας.

284 4626 501 4683 nempe
527 4612 797 4684 capillos,
831 4612 957 4669 haec
990 4617 1188 4670 autem
1220 4611 1454 4668 habeat.
1488 4613 1559 4667 Et
1588 4608 1856 4669 dicemus
1886 4610 2046 4683 quod
2078 4609 2183 4665 illa
2213 4622 2345 4680 quae
2371 4623 2490 4664 non
2525 4611 2615 4662 est
2644 4610 2851 4677 operto
2883 4606 3401 4678 capite,quantum
3426 4606 3486 4662 in
3509 4623 3570 4662 se
3591 4611 3700 4674 est,

282 4700 556 4758 naturale
585 4719 824 4774 quoque
856 4703 1110 4759 excussit
1144 4706 1551 4775 tegumentum
1584 4706 1746 4775 puta,
1777 4698 2047 4773 capillos.

356 4790 451 4857 XI,
483 4793 537 4858 6,
570 4795 622 4846 7.
656 4820 723 4835 -ο
755 4814 784 4842 ιι
831 4790 1064 4847 Etenim
1123 4791 1172 4846 si
1231 4807 1353 4846 non
1411 4790 1641 4849 velatur
1696 4790 1927 4859 mulier,

2118 4786 2182 4842 Ei
2238 4785 2337 4859 γὰρ
2401 4782 2464 4839 οὐ
2518 4781 2988 4840 κατακαλύπτεται
3043 4783 3205 4859 γυνὴ,
3255 4783 3345 4839 καὶ
3401 4784 3701 4858 κειράσθω.

285 4901 314 4930 ιι
348 4880 528 4935 etiam
557 4881 894 4937 tondeatur.
928 4879 1095 4947 Quod
1124 4880 1173 4935 si
1197 4878 1420 4937 foedum
1438 4885 1528 4936 est
1551 4878 1788 4937 mulieri
1807 4884 1936 4935 ton-

284 4989 298 5017 ι
348 4966 471 5022 deri
503 4974 608 5023 aut
635 4970 786 5039 radi,
813 4966 1058 5026 veletur.
1092 4969 1195 5025 Vir
1250 4969 1547 5042 siquidem
1604 4985 1728 5025 non
1757 4966 1938 5023 debet

284 5077 312 5107 ιι
348 5062 616 5112 contecto
648 5074 776 5113 esse
807 5058 1023 5130 capite,
1081 5075 1216 5116 cum
1275 5059 1353 5115 sit
1408 5059 1602 5132 imago
1645 5063 1704 5114 et
1746 5056 1935 5130 gloria

287 5166 316 5196 ιι
351 5145 475 5207 Dei,
508 5147 724 5203 mulier
748 5153 947 5204 autem
977 5148 1166 5220 gloria
1192 5148 1302 5203 viri
1330 5154 1439 5205 est.
1471 5169 1498 5200 ε

359 5236 478 5292 Hoc
508 5236 842 5310 adjungens
873 5237 1226 5309 signiﬁcavit
1256 5237 1416 5311 quod
1445 5255 1565 5296 non
1614 5238 1677 5295 in
1728 5252 1932 5311 preca-

286 5327 450 5382 tione
480 5331 710 5382 tantum
743 5332 802 5382 et
865 5329 1178 5399 prophetia
1234 5333 1506 5399 oporteat
1561 5329 1753 5399 ipsam
1804 5343 1934 5384 esse

282 5415 562 5484 velatum,
597 5416 702 5473 sed
732 5431 987 5489 semper.
1013 5416 1524 5484 Quemadmodum
1547 5417 1708 5473 enim
1737 5433 1933 5473 rasam

284 5522 411 5563 esse
442 5521 562 5561 non
594 5507 654 5562 in
688 5507 1031 5578 precatione
1064 5514 1295 5564 tantum
1319 5512 1376 5562 et
1406 5506 1720 5579 prophetia
1765 5506 1933 5563 inde-

281 5612 485 5653 corum
519 5612 672 5666 esse,
706 5594 810 5652 sed
843 5603 902 5654 et
932 5612 1204 5669 semper:
1238 5596 1323 5652 ita
1356 5611 1594 5667 quoque
1649 5597 1933 5653 intectum

354 5774 401 5810 ³⁸
426 5777 593 5833 Joan.
622 5791 735 5844 xxv,
767 5776 857 5829 28.
892 5775 938 5810 ³ο
965 5775 1131 5829 Joan.
1163 5790 1256 5843 xx,
1290 5774 1378 5826 17.

2043 4872 2112 4935 Εἴ
2162 4870 2221 4928 δὲ
2276 4871 2505 4947 αἰσχρὸν
2584 4869 2801 4947 γυναικὶ
2856 4871 2919 4926 τὸ
2975 4869 3251 4946 κείρασθαι
3325 4872 3361 4941 ἢ
3419 4872 3700 4947 ξυρᾶσθαι,

2041 4962 2593 5027 καντακαλυπτέσθω.
2679 4960 2847 5036 Ἀνὴρ
2944 4961 3040 5033 μὶν
3120 4961 3227 5037 γὰρ
3308 4962 3411 5017 οὐκ
3493 4959 3704 5041 ὀφείλει

2041 5050 2543 5110 κατακαλύπτεσθαι
2628 5050 2727 5119 τήν
2801 5047 3077 5127 κεφαλὴν,
3164 5048 3322 5106 εἰκὼν
3400 5052 3490 5107 καὶ
3576 5048 3702 5122 δόξα

2043 5146 2178 5201 Θεοῦ
2210 5143 2492 5218 ὑπάρχων.
2527 5141 2670 5210 Γυνὴ
2704 5137 2763 5195 δὶ
2792 5136 2921 5210 δόξα
2957 5136 3149 5215 ἀνδρός
3175 5139 3341 5199 ἐστιν.

2115 5236 2297 5290 Τοῦτο
2326 5231 2582 5307 προσθεὶς
2614 5227 2893 5298 ἐδήλωσεν
2924 5226 3008 5282 ὅτι
3041 5229 3144 5284 οὐκ
3196 5227 3248 5283 ἐν
3278 5229 3419 5305 εὐχῇ
3467 5231 3503 5300 ἢ
3560 5251 3701 5306 προ-

2044 5322 2240 5401 φητείᾳ
2275 5321 2439 5396 μόνον
2466 5320 2637 5388 αὐτὴν
2666 5315 2750 5372 δεῖ
2802 5319 3333 5389 κατακαλύπτεσθαι,
3368 5319 3514 5375 ἀλλὰ
3568 5324 3702 5376 πάν-

2043 5433 2188 5472 τοτε,
2211 5414 2414 5485 ’Ὠσπερ
2444 5410 2547 5485 γὰρ
2578 5408 2640 5463 τὸ
2675 5408 2955 5480 ξυρᾶσθαι,
2985 5406 3084 5463 ούκ
3114 5407 3166 5462 ἐν
3202 5407 3344 5489 εὐχῇ
3405 5411 3571 5483 μόνον
3605 5412 3697 5466 καὶ

2042 5500 2352 5580 προφητείᾳ
2407 5494 2668 5573 ἀπρεπὶς,
2746 5492 2896 5550 ἀλλᾶ
2948 5494 3040 5551 καὶ
3099 5498 3354 5571 πάντοτε,
3413 5496 3556 5556 οὕτω
3613 5501 3700 5556 καὶ

2047 5588 2497 5649 ἀκατακάλυπτον
2561 5586 2723 5643 εἶναι.
2763 5580 2971 5659 (ι’Λνὴρ
3031 5586 3125 5660 μὶν
3184 5588 3286 5665 γάρ
3344 5587 3442 5644 οὐκ
3498 5586 3706 5668 ὀφείλει
