4118 6420
407 413 523 474 797

1372 407 1784 479 OOMMENT.
1830 416 1908 478 1N
1953 408 2201 475 EPIBT.
2246 412 2269 474 l
2314 410 2426 475 AD
2468 406 2839 475 GORINTH.

3707 417 3829 480 798

403 551 914 616 κατακαλύπτεσθαι
971 552 1072 623 τήν
1132 551 1400 633 κεφαλήν.
1450 574 1478 606 ››
1538 551 2059 613 Κατασκευαστικῶς

2183 563 2322 607 esse.
2371 574 2391 599 ι
2430 549 2528 605 Vir
2582 547 2878 621 siquidem
2911 564 3032 606 non
3064 552 3240 607 debet
3268 558 3541 610 contecto
3575 569 3706 611 esse
3732 567 3831 611 ca-

404 642 634 719 προάγει
663 639 757 696 τὸν
786 635 980 719 λόγον,
1010 640 1127 697 εἶτα
1174 638 1347 699 αίτίαν
1397 641 1544 718 λέγει
1584 646 1686 699 τοῦ
1724 643 1798 716 μὴ
1834 640 1943 698 δεῖν
1976 639 2069 697 ἅν-

405 729 506 806 δρα
563 724 1068 795 κατακαλόπτεσθαι
1116 737 1220 801 τὴν
1274 733 1545 809 κεφαλὴν,
1579 733 1648 788 οὗ
1680 733 1783 802 τήν
1819 732 2066 806 πρώτην,

404 819 549 877 διότι
577 817 825 900 κεφαλὴν
852 814 971 896 ἔχει
1001 820 1095 876 τὸν
1128 822 1384 895 Χριστὸν,
1417 821 1565 878 ἀλλὰ
1593 818 1796 892 ἄλλην.
1834 844 1862 874 ιι
1891 818 2066 878 Εἰκὼν

407 910 498 968 καὶ
531 908 660 982 δόξα
692 915 829 966 Θεοῦ
879 911 1167 987 ὑπάρχων.
1203 934 1233 963 n
1298 910 1477 971 Εἲκὼν
1532 916 1668 969 Θεοῦ
1698 914 1726 969 ὁ
1758 911 2068 989 ἅνθρωπος,

407 999 531 1057 οὔτε
560 999 697 1056 κατᾶ
721 1000 785 1056 τὸ
816 1004 997 1074 σῶμα,
1030 1000 1152 1058 οὕτε
1199 1003 1334 1057 κατὰ
1382 1005 1484 1074 τὴν
1520 1004 1729 1081 ψυχὴν,
1761 1000 1908 1059 ἀλλὰ
1936 1000 2072 1057 κατὰ

404 1091 470 1148 τὸ
500 1090 734 1168 ἀρχικὸν
770 1090 959 1165 μόνον.
1017 1089 1107 1152 Ὠς
1164 1086 1419 1148 ἁπάντων
1471 1091 1654 1149 τοίνυν
1707 1096 1818 1147 τῶν
1847 1090 1934 1147 ἐπὶ
1966 1095 2071 1167 γῆς

405 1182 505 1253 τήν
575 1178 759 1260 ἀρχὴν
846 1182 1328 1256 πεπιστευμένος,
1390 1183 1550 1239 εἰκὼν
1614 1182 2069 1259 προσαγορεύεται

406 1274 567 1328 Θεοῦ.
612 1270 675 1327 Ἣ
736 1266 796 1325 δὲ
849 1271 986 1346 γυνή
1048 1271 1124 1335 ὡς
1187 1271 1291 1329 ὑπὸ
1348 1272 1447 1344 τὴν
1475 1278 1575 1329 τοῦ
1605 1270 1799 1348 ἀνδρὸς
1828 1272 2071 1344 ἐξουσίαν

404 1358 662 1428 τελοῦσα,
691 1364 792 1416 τοῦ
821 1357 1022 1437 ἀνδρός
1066 1359 1176 1417 ἔστι
1208 1359 1360 1434 δόξα,
1387 1361 1478 1419 καὶ
1511 1364 1625 1419 οἷον
1654 1362 1859 1425 είκόνος
1892 1362 2071 1419 εἰκών.

406 1449 614 1525 Ἀρχει
650 1450 746 1525 μὶν
775 1449 877 1525 γὰρ
928 1449 1018 1505 καί
1072 1450 1210 1522 αότή
1244 1455 1356 1507 τῶν
1408 1447 1620 1521 ἄλλων,
1651 1453 1781 1509 ἀλλ’
1810 1451 2072 1507 ὑποτετά-

409 1548 543 1614 χθαι
571 1541 653 1610 τῷ
682 1535 836 1613 ἀνδρί
889 1539 1220 1617 προσετάγη.
1282 1566 1309 1593 α
1346 1539 1480 1612 Δόξα
1550 1545 1685 1599 Θεοῦ
1722 1541 2010 1618 ὑπάρχων.
2045 1563 2073 1593 »

413 1625 705 1686 Τουτέστιν
759 1628 910 1704 ἆρχή
969 1626 1043 1685 ὤν
1099 1634 1256 1703 Θεοῦ,
1314 1633 1406 1688 καὶ
1462 1633 1566 1688 ὑπὸ
1612 1632 1795 1709 ἆρχὴν
1824 1628 1898 1686 ὥν
1933 1634 2072 1687 Θεοῦ

414 1719 601 1793 μόνου.
657 1724 749 1774 Δεῖ
807 1718 899 1774 οὖν
959 1718 1055 1775 τὸν
1108 1715 1237 1776 ὄντα
1296 1721 1392 1796 μὶν
1448 1721 1542 1778 ὑπ’
1569 1720 1757 1777 οὐδένα
1785 1725 1894 1777 τῶν
1924 1719 1977 1777 ἐν

411 1808 505 1883 γῇ,
568 1803 731 1863 αὺτὸν
788 1805 848 1863 8t
900 1805 1145 1884 ἄρχοντα
1197 1810 1452 1867 ἁπάντων
1500 1814 1607 1867 τῶν
1663 1810 1715 1867 ἦν
1770 1814 1839 1885 τῇ
1870 1813 1940 1888 γῇ
1982 1810 2074 1865 καί

415 1895 585 1966 αὐτῆς
631 1903 726 1967 τῆς
792 1898 1070 1974 γυναικὸς,
1126 1901 1262 1973 μετὰ
1315 1903 1426 1956 τῶν
1460 1895 1758 1976 συμϐόλων
1781 1906 1881 1972 τῆς
1908 1898 2073 1956 ἐλευ-

2176 642 2318 715 pite.
2348 642 2691 697 ulnstructe
2736 638 3012 712 producit
3041 656 3398 701 sermonem.
3434 645 3659 701 Deinde
3688 658 3831 703 cau-

2177 748 2304 789 sam
2333 731 2530 789 reddit
2553 744 2660 787 cur
2708 744 2829 786 non
2870 738 3139 804 Oporteat
3170 735 3361 790 virum
3393 742 3664 792 contecto
3698 751 3831 793 esse

2177 823 2369 896 capite
2403 837 2416 877 :
2450 834 2572 877 non
2631 820 2907 893 primam,
2940 835 3157 895 nempe
3189 825 3345 894 quod
3378 832 3553 897 caput
3611 826 3832 882 habeat

2175 912 2497 982 Christum,
2532 911 2636 968 sed
2666 912 2879 968 aliam:
2920 933 2946 963 (ι
2983 913 3127 968 Cum
3160 911 3239 967 sit
3288 912 3481 987 imago
3531 921 3589 969 et
3646 916 3836 989 gloria

2178 1002 2305 1070 Dei,
2336 1020 2363 1055 ο
2400 1004 2598 1075 Imago
2618 1003 2720 1058 Dei
2743 1007 2836 1057 est
2859 1002 3061 1069 homo,
3086 1018 3208 1058 non
3242 1002 3571 1058 secundum
3595 1018 3832 1077 corpus,

2178 1110 2290 1151 nec
2320 1094 2647 1151 secundum
2700 1094 2984 1159 animam,
3045 1092 3149 1149 sed
3214 1098 3445 1149 tantum
3507 1094 3833 1151 secundum

2180 1183 2741 1254 dominiumeago
2773 1183 2954 1256 igitur
2983 1182 3086 1239 Dei
3106 1180 3446 1255 appellatur
3473 1186 3541 1236 ut
3565 1182 3659 1237 cui
3692 1193 3832 1238 com

2181 1269 2472 1331 creditum
2532 1273 2610 1329 sit
2651 1272 2984 1329 dominium
3035 1286 3168 1344 quas
3200 1284 3381 1344 super
3424 1275 3645 1328 terram
3673 1277 3833 1328 sunt.

2180 1362 2391 1419 Mulier
2409 1376 2549 1418 vero
2570 1366 2638 1417 ut
2665 1378 2797 1434 quae
2822 1356 2930 1417 sub
2950 1361 3062 1416 viri
3082 1362 3438 1432 potestatem
3471 1360 3715 1417 redacta
3737 1361 3833 1427 sit,

2181 1453 2287 1508 viri
2347 1451 2538 1525 imago
2590 1457 2698 1518 est,
2726 1456 2785 1507 et
2841 1455 3128 1522 tanquam
3158 1450 3437 1523 imaginis
3466 1450 3684 1522 imago.
3718 1449 3837 1505 Do-

2182 1543 2448 1600 minatur
2480 1541 2775 1614 siquidem
2808 1547 2866 1598 et
2894 1542 3026 1614 ipsa
3055 1542 3117 1597 in
3162 1541 3299 1597 alia.
3362 1544 3437 1596 At
3484 1542 3724 1614 jussum
3783 1541 3839 1596 ei

2184 1638 2272 1690 est
2316 1634 2438 1688 viro
2505 1629 2803 1688 subditam
2866 1645 3017 1687 esse.
3042 1652 3071 1681 «
3125 1631 3267 1686 Cum
3336 1630 3523 1704 gloria
3552 1630 3840 1687 Deisit.»

2184 1719 2305 1778 Hoc
2336 1727 2446 1791 est,
2477 1736 2612 1777 cum
2645 1720 2749 1777 Dei
2769 1720 3141 1793 principatus
3173 1720 3251 1775 sit
3280 1723 3339 1776 et
3367 1720 3474 1775 sub
3508 1720 3694 1776 solius
3733 1718 3839 1776 Dei

2182 1811 2541 1885 principatu.
2600 1809 2845 1885 Oportet
2872 1813 3038 1883 {ergo
3098 1823 3233 1866 eum
3265 1809 3367 1881 qui
3412 1808 3521 1864 sub
3551 1808 3719 1865 nullo
3749 1813 3842 1864 est

2184 1914 2388 1958 eorum
2423 1916 2556 1974 quae
2585 1899 2649 1956 in
2680 1905 2841 1957 terra
2870 1903 3028 1967 sunt,
3064 1900 3192 1974 ipse
3244 1914 3381 1955 vero
3440 1900 3718 1972 princeps
3750 1903 3842 1955 est

416 1987 616 2061 θερίας,
673 1954 920 2042 τουτὶστι
977 1993 1080 2057 τῆς
1126 1954 1591 2046 ,ἀκατακαλύπτδυ
1632 1954 1876 2071 κεφαλές
1906 2008 2071 2066 προσ·-

2184 1990 2451 2049 omnium
2483 2006 2616 2062 quae
2648 1994 2790 2047 sunt
2817 1989 2881 2045 in
2914 1996 3091 2057 terra,
3125 1995 3185 2045 et
3212 1989 3398 2061 ipsius
3429 2003 3670 2061 quoque
3701 2000 3835 2046 mu-

416 2074 547 2130 ιέναι
578 2078 715 2149 Θεῷ.
749 2074 846 2140 Εἷς
896 2076 1001 2153 γὰρ
1057 2073 1216 2151 δόξαν
1273 2082 1410 2135 Θεοῦ
1470 2077 1679 2158 ὀφείλει
1710 2079 1738 2135 ὁ
1770 2078 1907 2156 ἀνὴρ
1937 2079 2074 2135 ὑπο-

405 2164 672 2243 τετάχθαι
714 2168 798 2238 τῷ
847 2164 987 2239 Θεῷ,
1043 2166 1133 2222 καὶ
1183 2169 1262 2233 είς
1303 2165 1461 2239 δόξαν
1508 2168 1724 2245 ἀνδρὸς,
1759 2170 1794 2241 ἡ
1826 2171 1964 2243 γυνή
1997 2172 2075 2242 τῷ

409 2250 588 2330 ἀνδρί.
621 2254 691 2312 Τί
723 2249 781 2310 δι
811 2253 953 2311 ἔστιν
982 2254 1062 2321 εἰς
1117 2246 1312 2328 δόξαν;
1372 2257 1659 2320 Εὐπειθῶς
1687 2254 1780 2314 καί
1812 2256 2075 2320 ἑκουσίως

416 2344 552 2418 μετὰ
613 2346 788 2425 χαρᾶς
838 2340 1092 2419 πράττειν
1149 2347 1219 2402 τὰ
1275 2340 1573 2424 ἀρέσκοντα
1629 2351 1765 2422 Θεῷ.
1798 2346 2074 2411 Ὡσαύτως

412 2431 505 2489 καὶ
560 2435 596 2503 ἡ
655 2434 792 2510 γυνή
854 2434 1112 2511 πράττειν
1167 2437 1234 2492 τὰ
1274 2435 1568 2514 ἀρεσκοντα
1620 2435 1702 2511 τῷ
1764 2435 1939 2513 ἀνδρί.
1986 2437 2078 2502 Ὠς

412 2521 504 2599 διε
530 2524 670 2578 κατὰ
701 2521 825 2599 βίαν
883 2523 976 2581 καί
1033 2522 1178 2581 ἄκων
1237 2529 1417 2583 ποιῶν
1471 2526 1564 2583 καὶ
1613 2523 1926 2607 δυσφορῶν,
1962 2526 2076 2605 οὐχ

409 2613 770 2668 ὑποτάσσεται
800 2612 877 2675 είς
934 2610 1092 2685 δόξαν
1154 2619 1310 2672 Θεοῦ·
1371 2614 1632 2681 ὡσαύτως
1677 2613 1807 2672 οὐδὲ
1835 2617 1870 2687 ἡ
1904 2616 2068 2694 γυνὴ,

420 2702 494 2766 εἰς
551 2699 711 2773 δόξαν
748 2698 962 2779 ἀνδρός.
1019 2705 1180 2760 Ὥστε
1239 2704 1323 2761 δεῖ
1370 2706 1673 2783 προθύμως
1730 2704 2074 2762 ἆκατακαΛόο

417 2810 567 2855 πτως
594 2792 876 2866 προσιέναι
907 2793 1045 2866 Θεῷ,
1076 2793 1167 2848 καὶ
1208 2795 1309 2864 τήν
1358 2798 1592 2871 γυναῖκα
1621 2794 1881 2858 ὡσαύτως
1909 2814 2073 2851 καταο

415 2880 807 2946 καλύπτεσθαι.
842 2905 870 2934 ιι
905 2880 1069 2954 Δόξαν
1125 2888 1283 2940 Θεοῦ.
1318 2909 1340 2940 ι
1404 2885 1522 2955 Τῆς
1578 2884 1758 2961 ἀργῆς
1790 2883 1955 2941 αὐτοῦ
1983 2885 2071 2941 καὶ

412 2970 661 3043 ὶξουσίας
690 2971 754 3028 τὸ
782 2970 1145 3047 τιμιώτατον.
1177 2974 1255 3029 Δι’
1304 2972 1464 3030 αΰτόν
1511 2974 1617 3053 γὰρ
1664 2973 1902 3050 μᾶλλον,
1936 2973 1973 3046 ἤ
2006 2972 2078 3030 δι’

417 3059 558 3118 ἄλλο
583 3081 635 3118 τι
669 3063 781 3117 τῶν
812 3059 864 3116 ἰν
892 3059 1089 3136 κόσμῳ
1147 3059 1479 3137 δεδόξασται,
1506 3065 1596 3120 καί
1627 3065 1693 3120 τὸ
1726 3059 2075 3139 ὑπερϐάλλον

413 3158 514 3222 τῆς
569 3150 952 3232 χρηστότητος
1009 3152 1176 3208 αὗτοῦ
1230 3154 1322 3209 καὶ
1382 3152 1798 3232 φιλανθρωπίας
1853 3153 2077 3234 πεφανὲμ

417 3258 603 3318 ρωται.
662 3238 939 3304 Ὣσαότως
1016 3238 1143 3312 δόξα
1219 3241 1414 3317 ἀνδρὸς
1475 3244 1510 3313 ἡ
1568 3242 1731 3319 γυνή.
1801 3245 1918 3310 Τῆς
1967 3243 2071 3321 γὰρ

2180 2077 2367 2150 lieris,
2400 2094 2536 2137 cum
2557 2079 2832 2154 insigniis
2854 2078 3171 2149 libertatis,
3193 2082 3337 2151 puta
3361 2078 3594 2134 detecto
3620 2079 3838 2151 capite,

2180 2168 2252 2229 ad
2274 2170 2459 2227 Deum
2482 2168 2789 2227 accedere.
2821 2168 2910 2225 Ad
2941 2167 3045 2224 Dei
3086 2170 3246 2225 enim
3269 2168 3521 2241 gloriam
3545 2167 3722 2224 debet
3748 2169 3840 2224 vir

2181 2260 2454 2318 subditus
2498 2276 2629 2316 esse
2672 2257 2814 2325 Deo,
2847 2263 2907 2315 et
2935 2256 3010 2315 ad
3029 2257 3136 2314 viri
3167 2258 3418 2332 gloriam
3437 2258 3661 2314 mulier
3689 2257 3836 2313 viro.

2178 2346 2328 2417 Quid
2359 2353 2450 2405 est
2500 2354 2699 2405 autem
2757 2347 2830 2404 ad
2870 2345 3162 2421 gloriam?
3214 2347 3334 2403 Hoc
3391 2351 3501 2411 est,
3559 2351 3839 2419 prompta

2179 2436 2521 2495 obedientia
2579 2440 2638 2493 et
2693 2435 3024 2493 voluntarie
3053 2450 3190 2492 cum
3220 2435 3435 2509 gaudio
3467 2434 3663 2490 facere
3696 2448 3836 2506 quas

2180 2528 2300 2585 Deo
2332 2527 2591 2601 placent.
2625 2523 2912 2582 Similiter
2941 2529 3002 2581 et
3033 2525 3256 2581 mulier
3275 2525 3471 2581 facere
3496 2522 3673 2579 debet
3701 2536 3837 2594 quas

2180 2618 2306 2673 viro
2339 2616 2574 2689 placent
2600 2630 2614 2672 :
2649 2615 2733 2671 ita
2761 2619 2827 2671 ut
2868 2614 2969 2687 qui
3001 2619 3242 2671 coactus
3272 2618 3331 2669 et
3359 2613 3579 2668 invitus
3608 2611 3752 2667 facit
3780 2616 3841 2666 et

2181 2704 2437 2780 graviter
2491 2706 2714 2774 ferens,
2772 2718 2894 2761 non
2922 2703 3203 2760 subditur
3233 2702 3307 2759 ad
3338 2702 3586 2776 gloriam
3625 2701 3746 2766 Dei,
3780 2705 3840 2755 et

2183 2795 2482 2865 similiter,
2511 2810 2622 2852 nec
2650 2793 2870 2851 mulier
2899 2794 2972 2850 ad
3001 2793 3108 2849 viri
3135 2792 3407 2867 gloriam.
3425 2793 3671 2863 Oportet
3700 2802 3842 2862 ergo

2182 2892 2454 2962 prompto
2493 2888 2698 2944 animo
2725 2884 2917 2943 virum
2947 2887 3077 2943 sine
3133 2886 3510 2958 operimento
3556 2882 3630 2939 ad
3658 2882 3840 2939 Deum

2181 2976 2484 3045 accedere,
2547 2980 2607 3032 et
2655 2973 2970 3033 mulierem
3017 2972 3298 3031 similiter
3368 2972 3624 3029 velatam
3681 2982 3837 3027 esse.

2182 3087 2210 3117 ‹‹
2235 3061 2495 3122 Gloriam
2529 3061 2651 3120 Dei.
2688 3082 2718 3113 ιι
2749 3062 2900 3121 525
2936 3062 3085 3118 Puta
3133 3061 3292 3132 quod
3332 3060 3394 3115 in
3442 3058 3629 3131 ipsius
3673 3054 3837 3129 prin-

2180 3154 2378 3225 cipatu
2407 3166 2475 3208 ac
2506 3150 2773 3226 potentia
2816 3149 3412 3207 hono’rabllissimum
3444 3153 3553 3203 est.
3587 3146 3840 3217 Propter

2181 3256 2317 3298 eum
2350 3239 2513 3297 enim
2546 3239 2734 3314 magis
2764 3255 2942 3313 quam
2968 3243 3212 3312 propter
3232 3237 3395 3294 aliud
3437 3235 3746 3308 quidpiam
3774 3236 3838 3291 in

412 3330 594 3409 ἀρχῆς
622 3329 786 3387 αὐτοῦ
841 3330 934 3386 καὶ
982 3328 1245 3405 ἐξουσίας,
1307 3330 1443 3401 αὕτη
1477 3331 1590 3388 ἐστι
1620 3332 1683 3389 τὸ
1713 3333 2071 3408 τιμιώτατον,

2186 3328 2411 3387 mundo
2441 3329 2854 3403 glorificatur:
2891 3330 2947 3385 et
2976 3327 3315 3385 sublimitas
3360 3324 3840 3383 mansuetudinis

411 3416 485 3474 δι’
534 3418 605 3490 ἧς
664 3416 882 3493 μᾶλλον
936 3421 974 3490 ἢ
1036 3417 1111 3476 δι’
1164 3419 1354 3500 ὶτέρου
1409 3442 1559 3487 τινος
1587 3422 1661 3477 ὧν
1700 3419 1883 3501 ἄρχει,
1932 3419 2076 3479 ἔστιν

409 3508 556 3584 αὖτῷ
623 3500 1140 3586 ἐγκαλλωπίζεσθαι
1192 3512 1281 3567 καὶ
1343 3508 1678 3583 δοξάζεσθαι·
1740 3500 1772 3564 γε
1816 3514 1955 3585 Γυνὴ
2020 3509 2078 3568 δὶ

410 3597 535 3673 δόξα
594 3597 789 3675 ἀνδρός
846 3598 1013 3657 ἔστιν.
1052 3623 1079 3653 ››
1138 3594 1451 3670 Τουτέστιν,
1512 3602 1663 3680 ἀρχὴ
1716 3600 1937 3681 ἀνδρὸς,
1982 3601 2073 3659 καὶ

417 3689 520 3743 ὑπὸ
558 3689 736 3765 ἀρχὴν
784 3685 1001 3764 ἀνδρός.
1059 3692 1151 3745 Δεῖ
1207 3690 1298 3745 οὗν
1350 3689 1522 3762 αὐτὴν
1553 3691 1689 3766 μετᾶ
1714 3694 1826 3747 τῶν
1864 3684 2072 3765 συμϐό-

419 3776 530 3833 λων
560 3782 656 3847 τῆς
686 3777 967 3851 ὑποταγῆς
998 3781 1136 3834 εἶναι
1171 3776 1273 3833 ἀεί.

2186 3436 2254 3476 ac
2294 3416 2678 3493 benignitatis
2725 3416 3159 3475 manifestatur.
3204 3416 3398 3473 Simili
3439 3412 3619 3471 modo
3649 3413 3841 3488 gloria

2184 3509 2291 3565 viri
2325 3513 2414 3565 est
2442 3506 2679 3566 mulier.
2704 3508 2850 3566 Nam
2881 3506 3010 3565 haec
3031 3504 3627 3564 honorabilissimum
3654 3508 3745 3559 est
3774 3502 3837 3558 in

2183 3599 2346 3656 illius
2400 3598 2742 3673 principatu
2800 3616 2868 3655 ac
2924 3603 3239 3672 potestate,
3290 3611 3397 3670 per
3439 3612 3619 3668 quam
3644 3593 3835 3666 magis

2183 3706 2361 3762 quam
2392 3704 2499 3763 per
2526 3686 2689 3746 aliud
2720 3700 2929 3745 eorum
2953 3686 3170 3761 quibus
3186 3682 3832 3756 dominatur,licetipsi

2179 3786 2246 3835 ut
2274 3774 2389 3851 ipsi
2426 3780 2660 3851 placeat
2689 3793 2757 3834 ac
2786 3776 3093 3851 glorietur.
3129 3801 3155 3827 α
3181 3774 3391 3833 Mulier
3419 3778 3616 3831 autem
3646 3774 3837 3846 gloria

418 3867 523 3922 viri
556 3873 669 3924 est.
714 3888 743 3920 ››
777 3869 898 3923 Hoc
931 3870 1023 3924 est
1076 3868 1447 3942 principatus
1472 3868 1582 3926 viri
1624 3876 1682 3927 et
1728 3868 1836 3927 sub
1889 3869 2157 3926 dominio
2213 3865 2343 3924 viri.
2391 3866 2635 3939 Oportet
2662 3865 2842 3940 igitur
2869 3881 2999 3924 eam
3030 3880 3267 3938 semper
3296 3880 3427 3921 esse
3466 3878 3601 3920 cum
3632 3863 3834 3933 aliquo

414 3957 804 4031 8ubjectionis
834 3957 1078 4016 indicio.

483 4046 564 4103 Οὐ
616 4044 720 4125 γὰρ
779 4045 922 4102 ἐστιν
982 4045 1119 4124 ἀνὴρ
1175 4046 1234 4105 ἐκ
1294 4050 1568 4127 γυναικὸς,
1626 4048 1772 4107 ἀλλὰ
1829 4050 1966 4128 γυνή
2012 4047 2065 4122 ἐξ

409 4127 629 4213 ἀνδρός.
706 4135 814 4192 Καὶ
889 4136 993 4214 γὰρ
1096 4135 1195 4194 οὐκ
1295 4137 1514 4212 ἰκτίσθη
1593 4137 1727 4217 ἀνὴρ
1803 4127 1894 4195 διὰ
1963 4136 2066 4210 τὴν

407 4230 659 4301 γυναῖκα,
736 4223 883 4282 ἆλλᾶ
955 4225 1094 4303 γυνὴ
1173 4224 1261 4283 διὰ
1324 4229 1417 4286 τὸν
1486 4226 1674 4305 ἄνδρα.
1743 4226 1841 4284 Διὰ
1902 4232 2066 4286 τοῦτο

410 4311 620 4392 ὀφείλει
677 4314 714 4386 ὴ
769 4314 906 4391 γυνὴ
989 4312 1233 4386 ἐξουσίαν
1290 4312 1438 4393 ἔχειν
1508 4315 1594 4374 ἰπὶ
1653 4320 1753 4391 τῆς
1818 4319 2067 4395 κεφαλῆς

409 4399 500 4458 διὰ
553 4402 682 4466 τοὺς
741 4402 1023 4480 ἀγγέλους.
1079 4403 1235 4475 Πλὴν
1291 4405 1421 4462 οὔτε
1477 4406 1615 4486 ἁνὴρ
1673 4404 1852 4482 χωρίς
1881 4427 2069 4484 γυναι-

409 4492 528 4563 κὸς,
589 4489 713 4548 οὔτε
764 4494 902 4568 γυνή
978 4492 1158 4571 χωρὶς
1229 4491 1425 4571 ἀνδρὸς
1487 4494 1541 4552 ἓν
1597 4495 1801 4572 Κυρίῳ.
1860 4498 2063 4568 ’Ὠσπερ

2252 4049 2346 4118 XI,
2382 4050 2535 4106 8-13.
2561 4048 2680 4106 Non
2709 4047 2854 4104 enim
2885 4056 2964 4105 est
2991 4050 3080 4103 vir
3110 4064 3180 4103 ex
3207 4046 3456 4113 muliere,
3489 4045 3583 4100 sed
3635 4042 3833 4099 mulier

2177 4156 2247 4196 ea:
2274 4142 2414 4197 viro.
2465 4139 2649 4211 Neque
2705 4137 2849 4195 enim
2879 4144 2958 4195 est
3006 4138 3093 4193 vir
3116 4138 3329 4193 creatus
3362 4138 3599 4209 propter
3626 4131 3824 4188 mulie-

2174 4244 2311 4298 rem,
2339 4229 2434 4286 sed
2484 4228 2683 4285 mulier
2721 4234 2956 4300 propter
3010 4224 3212 4283 uirum.
3257 4223 3492 4297 PrOpter
3523 4223 3625 4279 hoc
3671 4222 3830 4278 debet

2175 4318 2376 4376 mulier
2402 4322 2738 4391 potestatem
2785 4317 2985 4374 habere
3026 4319 3085 4372 in
3115 4316 3297 4389 capite
3316 4320 3554 4387 propter
3583 4311 3829 4383 angelos.

2174 4409 2406 4481 Alioqui
2427 4424 2604 4482 neque
2630 4411 2719 4465 vir
2756 4408 2965 4479 absque
2989 4407 3241 4477 muliere,
3270 4421 3448 4478 neque
3476 4404 3680 4460 mulier
3702 4402 3829 4457 abs-

2175 4512 2282 4570 que
2320 4500 2442 4554 ulro
2483 4502 2540 4553 in
2582 4498 2836 4555 Domino.
2871 4494 3338 4564 Quemadmodum
3383 4494 3587 4551 mulier
3613 4510 3683 4550 ea:
3707 4492 3828 4548 viro

412 4581 520 4656 γὰρ
558 4582 595 4651 ἡ
651 4582 790 4656 γυνὴ
843 4581 902 4637 ἐκ
955 4586 1054 4637 τοῦ
1111 4579 1327 4659 ἀνδρὸς,
1381 4583 1561 4647 οὔτως
1615 4584 1707 4639 καὶ
1739 4584 1935 4660 ὁάνήρ
1987 4583 2071 4640 διὰ

2185 4595 2282 4654 est,
2308 4589 2389 4643 ita
2417 4593 2471 4644 et
2525 4591 2612 4644 vir
2656 4602 2763 4660 per
2816 4584 3140 4643 mulierem:
3170 4585 3363 4642 omnia
3416 4598 3543 4642 vero
3601 4596 3670 4639 ea:
3694 4581 3832 4639 Deo.

412 4676 514 4740 τῆς
546 4669 822 4748 γυναικός.
882 4672 963 4729 Τᾶ
1021 4668 1078 4726 δὲ
1134 4672 1309 4727 πάντα
1364 4671 1424 4728 ἐκ
1477 4676 1574 4728 τοῦ
1630 4674 1904 4730 Θεοῦ.Ἐν
1940 4678 2067 4747 ὑμῖν

417 4755 603 4822 αότοῖς
632 4759 877 4834 κρίνατε,
935 4754 1140 4834 πρέπον
1194 4759 1304 4817 ἐστι
1357 4766 1584 4838 γυναῖκα
1620 4758 2067 4819 ἀκατακάλυπτον

417 4842 499 4919 τῷ
525 4848 640 4923 Θεῷ
670 4847 1070 4925 προσεύχεσθαι
1094 4868 1108 4919 ;

492 4935 602 5000 Td:
661 4939 939 5018 ὑπεροχὰς
995 4938 1283 5017 καταλέγει
1339 4938 1436 4997 τοῦ
1487 4936 1703 5017 ἀνδρὸς,
1737 4939 1900 5006 artu
1925 4943 2072 5017 αὗτῷ

410 5025 476 5083 τὸ
506 5024 697 5105 ἄρχειν
744 5023 981 5087 δέδοται.
1048 5054 1068 5082 ι
1105 5028 1204 5086 Διὰ
1259 5033 1422 5087 τοῦτο
1476 5028 1766 5112 ὀφείλει.»
1822 5032 1920 5090 Διὰ
1973 5033 2071 5097 τὰς

411 5115 727 5194 εἰρημένας,
795 5117 982 5197 φησίν,
1058 5117 1235 5184 αίτίας
1302 5118 1509 5202 ὀφείλει
1584 5120 1824 5198 ἐξουσίαν
1897 5117 2070 5202 ἔχειν,

406 5209 686 5265 τουτέστιν
740 5207 1029 5283 κάλυμμα,
1089 5210 1179 5265 ἳνα
1238 5211 1491 5290 φαίνηται
1551 5210 1635 5270 δτι
1695 5212 1799 5270 ὑπὸ
1830 5212 2072 5287 ἐξουσίαν

405 5298 693 5375 τυγχάνει.
751 5293 828 5354 Τὸ
883 5296 986 5374 γὰρ
1041 5295 1310 5374 κάλυμμα
1364 5303 1514 5358 κάτω
1571 5298 1740 5359 νεόειν
1790 5303 1882 5361 καὶ
1912 5325 2070 5361 κεκυ-

408 5385 562 5466 φὲναι
617 5390 791 5458 ποιεῖ,
852 5384 988 5463 ὅπερ
1044 5382 1325 5462 σόμόολόν
1381 5386 1493 5447 ἐστι
1549 5392 1640 5448 καὶ
1675 5390 1943 5450 δεικτικὸν
1973 5397 2071 5451 τοῦ

410 5473 674 5552 ἄρχεσθαι
732 5475 918 5548 αὐτήν.
960 5495 982 5527 I
1013 5477 1078 5533 Ἥ
1144 5477 1282 5553 γυνὴ
1345 5478 1585 5551 ἐξουσίαν
1644 5475 1816 5562 ἔχειν.
1853 5508 1881 5536 ι(
1911 5487 2072 5541 Τουτ-

417 5566 526 5623 ἐστι
584 5566 685 5637 τὴν
742 5585 839 5622 του
897 5563 1090 5652 ἀνδρός
1149 5562 1388 5638 ἐξουσίαν
1441 5570 1532 5627 καί
1587 5572 1886 5648 κυριέτητα
1931 5573 2072 5652 ᾗπερ

424 5655 725 5724 ὑπόκειται,
786 5654 992 5735 ὀφείλει
1050 5648 1221 5733 ἔχειν,
1278 5656 1370 5714 καὶ
1424 5654 1815 5718 ἐπιδείκνυσθαι
1849 5656 1931 5719 ἐπ’
1977 5648 2072 5719 ati-

418 5752 516 5816 τῆς
545 5748 646 5816 τῆς
703 5743 965 5823 κεφαλῆς.
1021 5744 1192 5800 Τοῦτο
1246 5741 1303 5801 δὲ
1358 5751 1476 5811 πῶς
1531 5751 1941 5827 κατορθοῦταιῇ
1974 5755 2072 5810 Διά

2180 4679 2332 4733 Inter
2358 4693 2451 4732 vos
2482 4679 2628 4748 ipsos
2662 4677 2962 4748 judicate:
2990 4692 3124 4731 num
3151 4677 3407 4730 decorum
3439 4680 3519 4729 est
3545 4669 3830 4728 mulierem

2179 4780 2289 4821 non
2318 4763 2558 4822 velatam
2586 4778 2750 4821 orare
2769 4763 2799 4820 7

2253 4947 2373 5004 Viri
2420 4946 2836 5023 praerogativas
2875 4943 3158 5011 ostendit,
3211 4950 3457 5019 propter
3512 4958 3660 5017 quas
3717 4942 3833 5019 ipsi

2182 5039 2383 5096 datum
2419 5041 2509 5093 est
2538 5033 2857 5093 dominari.
2882 5059 2911 5087 «
2944 5032 3193 5110 Propter
3219 5035 3331 5092 hoc
3362 5034 3558 5092 debet.
3596 5057 3625 5085 »
3656 5034 3834 5110 Prop-

2185 5136 2275 5185 ter
2302 5122 2742 5199 dictas,inquit,
2767 5141 2976 5182 causas
3008 5123 3183 5181 debet
3211 5128 3567 5201 potestatem
3589 5122 3831 5193 habere,

2184 5219 2243 5276 id
2276 5223 2366 5275 est
2394 5217 2833 5292 operimentum
2860 5232 2873 5271 :
2900 5220 2967 5271 ut
2994 5215 3378 5274 manifestum
3411 5214 3514 5273 fiat
3544 5216 3702 5289 quod
3724 5215 3834 5273 sub

2182 5310 2428 5369 alterius
2458 5315 2749 5385 potestate
2780 5308 3331 5381 sit.0perimentum
3362 5308 3524 5366 enim
3556 5311 3835 5367 deorsum

2183 5400 2480 5475 respicere
2513 5417 2581 5457 ac
2621 5398 2918 5456 inclinare
2947 5397 3109 5467 facit,
3162 5398 3320 5473 quod
3371 5399 3609 5475 signum
3644 5406 3733 5456 est
3776 5405 3836 5455 et

2183 5488 2547 5547 ostensivum
2579 5487 2738 5562 quod
2767 5486 2876 5543 sub
2907 5485 3171 5544 dominio
3206 5489 3297 5544 sit.
3338 5511 3365 5539 ‹‹
3390 5486 3574 5546 Debet
3622 5487 3837 5545 mulier

2182 5584 2539 5654 potestatem
2568 5574 2811 5635 habere.
2847 5598 2875 5627 υ
2910 5577 3029 5633 Hoc
3061 5584 3151 5636 est
3180 5576 3287 5633 viri
3347 5581 3702 5652 potestatem
3763 5592 3830 5631 ac

2182 5666 2517 5727 dominium
2548 5666 2641 5724 cui
2675 5665 2944 5740 subjacet
2965 5664 3143 5724 debet
3174 5664 3394 5724 habere
3422 5672 3480 5722 et
3499 5665 3562 5722 in
3591 5664 3720 5738 ipso
3744 5680 3834 5722 ca-

2183 5758 2303 5833 pite
2356 5756 2693 5817 ostendere.
2741 5754 2861 5813 Hoc
2901 5760 3098 5815 autem
3147 5755 3444 5829 quomodo
3475 5753 3840 5827 continget?
