4118 6436
264 404 384 464 799

1388 393 1807 460 mGUMENll
1850 391 2153 455 TRIGGIE
2194 392 2555 456 EPlSCOPI

3564 394 3689 453 800

267 540 381 596 Per
435 539 549 595 hoc
587 536 748 609 quod
778 541 1028 608 tegatur.
1066 534 1205 590 ideo
1250 534 1449 606 ipsum
1481 547 1720 604 quoque
1748 536 1917 602 tegu-

2043 531 2125 583 τοῦ
2155 528 2680 587 κατακαλύπτεσθαι.
2716 530 2809 586 Διὸ
2858 529 2947 585 καὶ
3000 528 3134 586 αὐτό
3167 531 3227 586 τὸ
3257 529 3686 605 κατακάλυμμα,

266 634 535 685 mentum
564 626 775 682 merito
809 630 1072 697 potestas
1125 624 1320 679 vocari
1370 627 1587 694 potest,
1620 618 1777 692 quod
1810 634 1918 690 po-

267 717 494 772 testatis
525 733 593 772 ac
622 714 873 771 dominii
896 714 1003 768 viri
1021 711 1553 769 demonstrativum
1583 710 1661 763 sit
1692 713 1749 764 et
1770 724 1919 779 praa-

264 806 642 862 sentativum.
697 804 865 870 Quod
896 807 1097 859 autem
1156 800 1325 857 addit
1356 817 1370 856 :
1400 823 1427 851 α
1462 801 1712 870 Propter
1742 812 1921 869 ange-

264 894 374 963 los,
417 915 445 945 »
507 894 568 949 id
614 893 763 950 mihi
814 892 1079 949 indicare
1137 890 1388 946 videtur.
1433 889 1725 955 Quoniam
1757 884 1919 942 enim

267 999 508 1042 causam
531 1001 637 1039 cur
666 982 886 1039 mulier
918 981 1186 1053 subjecta
1210 996 1340 1035 esse
1371 978 1602 1041 debeat,
1636 976 1918 1048 assignat:

267 1074 409 1146 quia
438 1090 560 1129 non
589 1078 684 1129 est
710 1073 798 1127 vir
821 1076 1056 1128 creatus
1096 1075 1339 1142 propter
1391 1067 1706 1124 mulierem
1741 1082 1754 1119 :
1788 1081 1920 1120 rur-

270 1178 523 1233 sumque
553 1161 698 1217 dicit
725 1160 800 1217 oh
832 1160 895 1216 id
925 1165 1198 1233 oportere
1225 1174 1357 1215 eam
1384 1160 1794 1230 tegumentum
1824 1154 1924 1208 ha-

268 1252 432 1321 bere,
464 1251 624 1323 quod
654 1251 763 1306 viri
791 1254 1147 1322 potestatem
1172 1264 1351 1320 super
1369 1247 1561 1319 ipsam
1587 1248 1922 1309 attestetur,

270 1341 676 1414 subjungens:
709 1362 739 1391 «
771 1340 1025 1412 Propter
1054 1337 1318 1411 angelos,
1355 1358 1383 1386 »
1419 1334 1717 1409 signiﬁcat
1761 1331 1922 1404 quod

268 1430 411 1487 licet
438 1430 499 1486 id
527 1430 721 1486 facere
751 1428 925 1496 nolit,
952 1444 1021 1483 eo
1052 1427 1212 1499 quod
1241 1425 1518 1482 homines
1546 1428 1839 1489 vereatur,
1864 1426 1925 1477 at

269 1520 359 1575 vel
386 1524 628 1592 propter
683 1518 927 1591 angelos
984 1516 1271 1589 pudefiat,
1328 1515 1484 1573 526
1509 1513 1609 1585 qui
1642 1518 1825 1568 testes
1855 1527 1924 1567 ac

271 1607 692 1680 conspectores
742 1606 885 1661 facti
917 1610 1058 1660 sunt
1095 1602 1485 1676 subjectionis
1524 1601 1738 1673 ipsius.
1778 1600 1923 1655 Nam

274 1698 385 1754 etsi
432 1696 730 1766 homines,
762 1708 961 1750 tamen
994 1693 1108 1765 ipsi
1153 1695 1594 1763 conspexerunt
1616 1688 1777 1760 quod
1803 1704 1924 1743 non

272 1787 361 1841 vir
381 1801 417 1841 a
444 1783 834 1852 muliere,sed
862 1782 1080 1838 mulier
1108 1798 1145 1838 a
1174 1782 1299 1836 viro
1328 1777 1729 1853 generationis
1761 1776 1926 1848 prin-

273 1875 496 1947 cipium
554 1872 870 1945 acceperit.
903 1894 932 1922 «
987 1873 1240 1944 Propter
1297 1868 1559 1942 angelos.
1592 1887 1617 1912 ι·
1651 1867 1925 1923 Clemens

273 1964 448 2020 tertio
478 1960 930 2030 Ὑποτυπώσεων,
968 1960 1029 2015 id
1079 1965 1168 2015 est
1223 1959 1691 2028 Infamationum
1743 1955 1922 2021 libro,

273 2053 517 2125 angelos
556 2052 701 2107 dicit
746 2052 945 2124 justos
977 2067 1046 2106 ac
1101 2048 1321 2121 probos
1377 2048 1553 2103 viros.
1614 2045 1926 2118 Operiatur

274 2159 409 2215 ergo
466 2159 541 2197 ne
594 2141 668 2198 ad
728 2147 999 2211 stuprum
1029 2140 1105 2194 sit
1136 2138 1222 2193 eis
1261 2136 1621 2193 offendiculo
1658 2151 1835 2190 :nam
1869 2138 1927 2188 et

274 2235 374 2306 qui
404 2249 537 2288 vere
586 2233 649 2287 in
680 2231 843 2287 cmlis
876 2235 1016 2286 sunt
1064 2228 1282 2301 angeli,
1316 2228 1507 2300 ipsam
1537 2226 1678 2281 licet
1706 2230 1924 2280 tectam

274 2324 602 2378 intuentur.
641 2322 696 2376 Si
730 2321 860 2387 viri,
893 2318 1109 2391 inquit,
1146 2322 1499 2391 potestatem
1532 2315 1811 2387 despicis,
1833 2313 1925 2369 vel

272 2412 517 2485 angelos
549 2427 772 2479 verere,
791 2426 865 2465 ne
901 2411 987 2465 eis
1017 2407 1198 2463 veluti
1221 2423 1356 2463 rasa
1372 2421 1683 2478 appareas,
1708 2409 1766 2460 et
1796 2410 1924 2458 tan-

271 2518 450 2574 quam
469 2500 734 2555 renitens
767 2498 1206 2570 potestati,qu:.e
1237 2513 1273 2552 a
1303 2497 1420 2551 Deo
1472 2493 1580 2549 tibi
1634 2492 1924 2565 superim-

269 2590 465 2663 posita
494 2595 603 2644 est.
638 2612 665 2639 ‹‹
703 2588 941 2658 Alioqui
973 2601 1170 2658 neque
1194 2585 1281 2639 vir
1310 2583 1537 2654 absque
1594 2582 1864 2637 muliere.
1896 2603 1925 2630 »

274 2679 566 2745 Quoniam
596 2676 852 2732 multum
878 2674 1173 2747 depressit
1204 2673 1518 2728 mulierem
1549 2671 1754 2727 dicens
1770 2669 1929 2742 quod

273 2767 348 2823 de
378 2767 502 2821 viro
537 2770 648 2834 est,
682 2770 739 2820 et
785 2769 1028 2836 prepter
1074 2762 1270 2834 ipsum
1326 2760 1503 2827 facta,
1537 2764 1597 2814 et
1627 2756 1735 2812 sub
1766 2756 1930 2811 illius

274 2860 629 2928 potestatem
674 2853 960 2909 redacta:
1016 2868 1177 2907 nunc
1226 2848 1571 2906 moderatur
1601 2846 1751 2902 illud
1801 2847 1929 2901 :Ne

278 2945 447 3006 mihi.
474 2944 691 3015 inquit,
717 2959 784 2998 ea
807 2960 937 3014 quae
968 2942 1029 2996 in
1053 2941 1247 3013 prima
1267 2938 1569 2995 creatione
1594 2936 1750 2992 facta
1770 2940 1929 3003 sunt,

277 3034 523 3103 referas,
558 3035 658 3089 sed
692 3033 767 3089 ad
808 3049 878 3088 ea
907 3049 1040 3104 quea
1072 3047 1233 3086 nunc
1264 3030 1417 3085 fiunt
1438 3027 1671 3083 accede.
1705 3028 1849 3081 Nam
1882 3024 1929 3080 si

277 3124 598 3198 praesentia
621 3123 913 3195 requiras,
947 3122 1201 3193 quisque
1232 3119 1418 3174 altero
1450 3121 1601 3188 eget,
1629 3121 1695 3171 ut
1717 3116 1780 3171 in
1803 3130 1931 3171 esse

277 3217 645 3286 permaneat.
682 3211 906 3267 Deinde
938 3208 1245 3283 subjungit
1276 3226 1289 3263 :
1317 3231 1344 3259 «
1370 3212 1435 3263 In
1457 3206 1730 3262 Domino.
1765 3205 1932 3260 »Ηοο

278 3308 389 3369 est,
444 3306 689 3373 propter
741 3299 1084 3366 Dominum,
1117 3298 1258 3369 quia
1305 3297 1432 3369 ipse
1464 3312 1566 3350 eos
1599 3294 1839 3360 creavit,
1871 3298 1938 3347 ut

286 3391 397 3446 sibi
429 3396 635 3444 mutuo
662 3405 856 3444 causai
884 3394 1104 3443 essent.
1126 3387 1396 3441 Primum
1422 3400 1680 3454 namque
1714 3381 1939 3454 princi-

290 3480 455 3551 pium
483 3479 596 3533 fuit
649 3478 777 3549 ipse
807 3477 1118 3535 Dominus.
1155 3501 1179 3527 οι
1200 3476 1272 3530 Et
1289 3475 1378 3529 vir
1399 3490 1508 3545 per
1536 3472 1874 3528 mulierem.
1910 3493 1937 3520 »

283 3568 609 3625 Considera
657 3566 826 3622 Pauli
886 3565 1266 3636 sapientiam.
1327 3565 1454 3619 Non
1498 3561 1790 3618 dixitzEx
1815 3576 1937 3615 mu-

282 3656 454 3724 liere,
484 3655 589 3711 sed
623 3673 637 3711 :
676 3656 835 3711 «Per
866 3654 1183 3709 mulierem
1217 3674 1246 3704 »
1272 3668 1487 3724 nempe
1540 3650 1699 3723 quod
1759 3649 1937 3705 etiam

284 3746 416 3816 ejus
444 3745 623 3815 rei,ut
652 3744 739 3799 vir
769 3744 845 3800 sit
868 3761 976 3815 per
1005 3743 1331 3808 mulierem,
1365 3758 1545 3797 causa
1566 3740 1643 3797 sit
1673 3740 1799 3811 ipse
1830 3739 1936 3807 vir,

287 3843 573 3909 tanquam
594 3835 887 3909 originale
918 3833 1301 3907 principium.
1321 3833 1587 3888 Primum
1617 3832 1777 3888 enim
1809 3847 1939 3886 mu-

283 3926 397 3981 lier
427 3943 496 3982 ex
527 3927 650 3982 viro
684 3926 837 3982 facta
863 3930 975 3993 est,
1008 3941 1129 3980 non
1160 3924 1247 3979 vir
1276 3940 1348 3979 ex
1397 3922 1646 3979 muliere
1683 3939 1695 3977 :
1753 3937 1942 3992 quan-

283 4022 415 4071 tum
447 4033 582 4072 vero
611 4016 686 4071 ad
717 4031 787 4071 ea
817 4031 948 4087 qua:
988 4030 1149 4069 nunc
1181 4017 1343 4081 sunt,
1376 4026 1719 4083 quanquam
1750 4009 1838 4064 vir
1871 4025 1941 4064 ex

286 4105 538 4161 muliere
570 4105 666 4171 sit,
694 4119 934 4159 rursum
958 4108 1155 4158 tamen
1186 4118 1294 4172 per
1322 4100 1640 4156 mulierem
1665 4099 1754 4153 vir
1773 4097 1942 4170 prin-

289 4194 514 4264 cipium
547 4197 655 4248 est.
693 4192 918 4247 Idcirco
950 4208 1074 4247 non
1105 4188 1256 4245 dixit
1290 4205 1304 4244 :
1337 4190 1419 4245 Ex
1475 4187 1752 4253 muliere,
1816 4185 1940 4251 sed,

290 4305 318 4334 «
337 4284 450 4337 Per
468 4280 807 4344 mulierem,
826 4285 925 4334 »ut
939 4294 1148 4334 rursus
1162 4277 1339 4332 faciat
1358 4276 1545 4331 virum
1559 4274 1941 4347 principium.

291 4373 613 4441 Postquam
636 4384 772 4441 ergo
804 4368 952 4423 dixit
979 4367 1140 4438 ipsos
1173 4381 1303 4420 esse
1335 4365 1426 4419 sui
1450 4364 1777 4430 eﬂ'ectores,
1803 4380 1944 4418 con-

292 4459 519 4515 solatus
549 4456 861 4530 paululum
901 4454 1217 4511 mulierem
1265 4453 1573 4525 subjungit
1605 4468 1617 4508 :
1657 4473 1681 4505 α
1733 4453 1946 4509 Omnia

290 4564 425 4604 vero
453 4563 526 4603 ex
549 4549 689 4603 Deo.
725 4568 754 4595 »
786 4547 931 4601 Nam
963 4545 1119 4600 Deus
1150 4544 1539 4613 archetypum
1562 4543 1941 4614 primumque

290 4636 651 4710 principium
690 4640 800 4692 est.

362 4729 428 4794 X,
475 4727 665 4782 14-16.
712 4726 875 4780 Anne
936 4729 1141 4779 natura
1197 4722 1419 4793 quidem
1469 4722 1564 4777 hoc
1621 4722 1775 4777 docet
1831 4738 1942 4787 vos,

292 4818 442 4887 quod
470 4820 517 4873 si
540 4819 628 4871 vir
657 4822 900 4872 comatus
928 4816 1019 4881 sit,
1046 4813 1252 4884 probro
1282 4814 1391 4883 ipsi
1418 4818 1498 4866 est
1522 4814 1552 4867 ?
1579 4813 1640 4868 Si
1668 4828 1796 4867 vero
1825 4827 1944 4866 mu-

293 4908 396 4961 lier
450 4912 713 4973 cometur,
772 4905 957 4976 gloria
1013 4903 1120 4959 sibi
1147 4907 1225 4958 est
1249 4901 1277 4956 τ
1307 4917 1369 4957 eo
1402 4900 1554 4971 quod
1581 4917 1735 4956 coma
1766 4902 1817 4955 ei
1838 4917 1948 4971 pro

293 4994 561 5050 velamine
589 4994 726 5049 data
781 4996 875 5050 sit.
910 4993 1197 5058 Caeterum,
1225 4989 1276 5045 si
1304 4992 1429 5060 quis
1475 4988 1695 5044 videtur
1718 4995 1949 5043 conten-

296 5082 461 5136 tiosus
490 5096 618 5147 esse,
660 5095 760 5134 nos
792 5078 1111 5149 hujusmodi
1166 5075 1615 5132 consuetudinem
1645 5092 1753 5131 non
1783 5076 1950 5130 habe-

294 5185 435 5234 mus,
464 5184 641 5238 neque
669 5166 932 5223 Ecclesia
970 5168 1089 5221 Dei.

368 5258 519 5316 521
556 5258 762 5328 Itaque
794 5255 907 5328 ipsi
939 5271 1175 5328 quoque
1223 5258 1474 5318 naturai,
1507 5254 1723 5325 inquit,
1770 5270 1948 5324 repu-

298 5351 441 5419 gnat
493 5344 595 5416 qui
627 5360 750 5399 non
795 5344 1187 5415 obtemperat.
1246 5365 1273 5393 ‹‹
1335 5344 1415 5397 Eo
1456 5342 1616 5413 quod
1646 5359 1815 5398 coma
1845 5360 1950 5415 pro

301 5434 651 5491 velamine.»
666 5432 957 5500 Quoniam
979 5449 1116 5506 ergo
1150 5450 1220 5487 ex
1251 5436 1464 5487 natura
1484 5430 1665 5486 habet
1684 5432 1952 5488 velamen

300 5524 679 5596 capillorum,
699 5521 876 5576 debet
906 5527 964 5576 et
994 5521 1125 5593 ipsa
1148 5520 1351 5590 velari,
1392 5536 1466 5575 ne
1496 5520 1789 5576 naturalia
1819 5537 1953 5592 per-

301 5613 665 5685 vertatjura.
694 5632 722 5661 ι(
744 5611 889 5666 Data
921 5610 1015 5666 sit.
1051 5632 1079 5661 »
1111 5611 1230 5665 Hoc
1263 5614 1371 5674 est,
1411 5625 1446 5664 a
1477 5616 1692 5665 natura
1732 5610 1955 5666 habea-

2034 616 2261 679 εἷκότῶς
2293 617 2352 673 ἂν
2393 618 2606 693 ἐξουσία
2644 618 2903 692 κληθείη,
2964 620 3039 681 ὡς
3092 625 3193 690 τῆς
3244 623 3342 675 τοῦ
3371 615 3570 694 ἀνδρὸς
3601 619 3689 691 ἐξ-

2033 706 2218 770 ουσίας
2292 707 2381 763 καὶ
2449 708 2776 783 κυριότητος
2860 706 3187 765 ἔνδεικτικὸν
3278 708 3530 787 ὑπάρχον
3599 711 3690 765 καὶ

2031 798 2474 869 παραστατικὸν.·
2510 798 2583 856 Τὸ
2643 794 2720 853 δέ*
2782 822 2810 851 α
2843 799 2942 853 Διὰ
2979 796 3108 859 τοὺς
3140 796 3431 873 ἀγγέλους,
3462 823 3490 849 »
3522 800 3689 854 τοῦτό

2038 906 2130 956 μοι
2159 886 2310 969 δοκεῖ
2340 883 2679 958 ὑποδηλοῦν.
2709 884 2933 957 Ἐπειδὴ
2976 887 3083 963 γὰρ
3114 886 3290 942 αἰτίαν
3321 890 3419 943 τοῦ
3450 886 3692 967 ὀφείλειν

2035 973 2439 1050 ὑποστετάχθαι
2493 979 2573 1048 τῷ
2630 972 2782 1052 ἄνδρὶ
2836 976 2937 1045 τὴν
2979 981 3212 1051 γυναῖκα
3260 975 3449 1054 φησὶν,
3480 975 3564 1031 ὅτι
3593 977 3695 1033 οὐκ

2033 1059 2251 1133 ἐκτίσθη
2282 1063 2420 1138 ἀνὴρ
2481 1061 2574 1119 διὰ
2624 1065 2724 1135 τήν
2783 1069 3036 1142 γυναῖκα,
3067 1063 3339 1122 ἀνάπαλιν
3371 1062 3449 1135 δὲ,
3479 1066 3571 1121 καὶ
3603 1062 3695 1121 διὰ

2031 1156 2193 1208 τοῦτο
2225 1149 2305 1207 δεῖ
2336 1148 2485 1232 ἔχειν
2518 1153 2686 1223 αὐτὴν
2732 1155 2794 1210 τὸ
2825 1153 3235 1229 κατακάλυμμα
3262 1156 3361 1224 τὴν
3396 1155 3484 1210 ὑπ’
3514 1156 3692 1226 αὐτῆς

2033 1241 2276 1314 ἐξουσίαν
2306 1248 2403 1298 τοῦ
2455 1241 2652 1320 ἀνδρὸς
2707 1244 3117 1322 ὁμολογοῦσαν,
3175 1244 3489 1324 ἐπαγαγών
3534 1268 3557 1301 ο
3594 1246 3693 1302 Διὰ

2032 1330 2159 1394 τοὺς
2185 1332 2474 1409 ἀγγέλους,
2507 1357 2536 1387 ››
2567 1330 2730 1400 δηλοῖ
2758 1334 2842 1390 ὅτι
2896 1334 2941 1390 εἰ
2970 1332 3061 1390 καί
3097 1335 3176 1408 μή
3206 1334 3335 1400 τοὺς
3371 1326 3699 1411 ἀνθρώπους

2035 1421 2408 1497 αἰσχυνομένη
2469 1422 2570 1477 οὐκ
2625 1421 2798 1488 ἐθέλει
2854 1426 3017 1479 τοῦτο
3064 1429 3261 1495 ποιεῖν,
3312 1421 3444 1480 ἀλλ’
3476 1423 3571 1479 οὖν
3603 1425 3694 1478 αἰ-

2035 1512 2326 1586 σχυνθήτω
2353 1511 2480 1575 τοὺς
2535 1511 2832 1590 ἀγγέλους,
2893 1513 2946 1567 οἳ
3007 1513 3278 1589 μάρτυρες
3314 1514 3404 1569 καὶ
3459 1513 3691 1570 ἐπόπται

2035 1602 2352 1679 γεγένηνται
2380 1610 2484 1674 τῆς
2541 1604 2822 1680 ὑποταγῆς
2879 1603 3069 1674 αὐτῆς.
3130 1604 3302 1661 Αὐτοὶ
3364 1605 3491 1683 γὰρ,
3525 1604 3691 1660 εἶκαὶ

2040 1693 2117 1765 μὴ
2150 1692 2451 1768 ἅνθρωποι,
2510 1692 2812 1770 ἆωορῶντες
2864 1693 3002 1763 ἦσαν
3060 1692 3220 1749 αὐτὸν
3255 1692 3423 1769 ἄνδρα
3450 1693 3552 1750 οὐκ
3579 1694 3687 1750 ὰπὸ

2033 1788 2134 1851 τῆς
2167 1783 2443 1858 γυναικὸς,
2474 1780 2603 1839 ἀλλ’
2661 1782 2829 1852 αὐτὴν
2890 1780 2950 1838 ἐκ
3003 1787 3102 1839 τοῦ
3145 1780 3343 1858 ἀνδρὸς
3371 1785 3474 1854 τὴν
3504 1782 3687 1859 ἀρχὴν

1957 1887 2002 1953 Β
2034 1877 2136 1941 τῆς
2191 1871 2453 1947 γενέσεως
2509 1865 2806 1931 λαϐοῦσαν.
2865 1896 2893 1924 ‹‹
2929 1872 3028 1927 Διὰ
3077 1871 3208 1935 τοὺς
3249 1871 3536 1948 ἀγγέλους.
3571 1896 3600 1925 »θ
3629 1873 3692 1931 Ὁ

2030 1961 2269 2033 Κλήμης
2360 1958 2412 2015 ἒν
2484 1959 2655 2035 τρίτῳ
2727 1964 2836 2016 τῶν
2916 1961 3344 2029 ὑποτυπώσεων,
3412 1960 3688 2039 ἀγγέλους

2028 2049 2161 2123 φησί
2192 2049 2319 2112 τοὺς
2375 2046 2616 2113 δικαίους
2674 2050 2766 2104 καὶ
2823 2048 3125 2125 ἐναρέτους.
3180 2052 3691 2117 Κατακαλυπτέσθω

2029 2139 2146 2207 οῦν,
2175 2137 2262 2193 ἳνα
2295 2139 2372 2211 μή
2428 2139 2503 2201 εἰς
2554 2138 2804 2214 πορνείαν
2839 2140 3035 2195 αὐτους
3096 2136 3454 2215 σκανδαλίσῃ.
3488 2141 3557 2200 Ol.
3588 2142 3697 2219 γὰρ

2030 2224 2198 2292 ὅντως
2261 2228 2352 2282 καὶ
2418 2227 2470 2283 ἐν
2537 2227 2791 2303 οὐρανοῖς
2846 2227 3096 2307 ἄγγελοι,
3126 2229 3216 2285 καὶ
3265 2229 3695 2304 κατακεκαλυμ-

2034 2317 2199 2391 μένην
2230 2315 2397 2389 αὐτὴν
2440 2315 2754 2393 βλέπουσιν.
2814 2317 2884 2376 Εἴ
2934 2317 3035 2386 τῆς
3092 2322 3191 2374 τοῦ
3246 2318 3467 2395 ἀνδρὸς,
3500 2320 3699 2398 φησὶν,

2030 2404 2271 2477 ἐξουσίαν
2313 2411 2693 2486 καταφρονεῖς,
2750 2405 2848 2462 κᾶν
2903 2406 3034 2470 τοὺς
3092 2407 3360 2484 ἀγγέλους
3391 2405 3701 2480 αἰδέσθητιν

2028 2493 2119 2548 ἳνα
2161 2496 2237 2568 μή
2269 2494 2456 2559 αὐτοῖς
2495 2495 2547 2551 ἐν
2599 2495 2707 2569 ’ἰσῳ
2739 2496 2904 2572 φαίνῃ
2960 2499 3028 2571 τῇ
3090 2495 3418 2573 ἐξυρημένῃ,
3449 2497 3540 2553 καὶ
3572 2499 3694 2554 οἷον

2032 2585 2356 2657 ἁνταίρουσα
2384 2584 2521 2639 κατὰ
2576 2591 2678 2655 τῆς
2739 2584 2842 2641 ὑπὸ
2900 2589 3038 2641 Θεοῦ
3088 2605 3174 2640 σοι
3226 2584 3509 2657 ἐπιθείσης
3543 2584 3701 2658 ἐξου-

2033 2672 2171 2735 σίας,
2206 2697 2235 2725 ‹‹
2267 2674 2425 2743 Πλὴν
2483 2673 2609 2729 οὔτε
2667 2674 2800 2749 ἀνὴρ
2862 2675 3041 2749 χωρὶς
3092 2673 3369 2751 γυναικός.
3402 2698 3430 2727 »
3466 2674 3688 2747 Ἐπειδή

2034 2761 2178 2819 πολὺ
2210 2763 2489 2839 κατήγαγε
2512 2762 2612 2831 τήν
2643 2767 2893 2839 γυναῖκα,
2939 2762 3107 2819 εἰπὼν
3153 2763 3238 2818 ὃτι
3277 2762 3339 2819 ἐκ
3364 2768 3463 2819 τοῦ
3493 2762 3691 2837 ἀνδρός

2036 2850 2271 2907 ἐστικαὶ
2303 2848 2373 2906 δι’
2405 2851 2571 2907 αὐτὸν
2627 2853 2839 2928 γέγονε,
2897 2851 2989 2908 καὶ
3048 2852 3151 2908 ὑπὸ
3208 2854 3308 2923 τὴν
3349 2852 3514 2909 αὐτοῦ
3545 2853 3694 2924 ἐξου-

2035 2940 2151 2996 σίαν
2177 2939 2347 3010 τελεῖ,
2381 2944 2472 2995 νῦν
2535 2937 2846 3012 διορθοῦται
2900 2941 3058 3000 αὐτό.
3112 2942 3203 3011 Μὴ
3251 2942 3351 3016 γάρ
3384 2961 3503 3014 μοι,
3534 2939 3690 3019 φησὶ,

2033 3031 2135 3100 τήν
2163 3031 2386 3104 πρώτην
2447 3029 2577 3108 λέγε
2632 3026 3017 3105 δημιουργίαν,
3077 3027 3204 3086 ἀλλ’
3236 3028 3358 3087 ἐλθὲ
3384 3029 3461 3094 εἷς
3487 3029 3553 3085 τὰ
3580 3034 3691 3086 νῦν.

2034 3121 2133 3175 ’Ἂν
2162 3120 2266 3197 γὰρ
2297 3119 2363 3175 τὰ
2389 3123 2479 3174 νῦν
2513 3122 2706 3193 ζητῇς,
2757 3120 2836 3179 εἷς
2884 3115 3140 3195 ἑκατέρου
3171 3120 3308 3194 πρὸς
3335 3121 3437 3190 τὴν
3469 3118 3693 3194 ὕπαρξιν

2037 3206 2270 3264 δέονται.
2328 3207 2463 3265 Εἶτα
2512 3206 2718 3282 ἐπάγει·
2780 3210 2928 3266 «Ἐν
2988 3208 3255 3283 Κυρίῳ.»
3316 3206 3564 3265 τουτέστι
3608 3205 3702 3263 διὰ

2040 3298 2132 3354 τὸν
2166 3297 2384 3375 Κύριον,
2416 3294 2603 3369 ἐπειδὴ
2652 3297 2815 3363 αὐτὸς
2871 3286 3308 3373 ἐδημιούργησεν
3339 3299 3479 3353 εἶναι
3510 3297 3706 3360 αὐτοὺς

2042 3385 2311 3459 ἀλλήλων
2336 3387 2567 3450 αΐτίους.
2599 3388 2680 3446 Τὸ
2705 3388 2809 3464 γὰρ
2862 3392 3081 3463 πρῶτον
3113 3385 3312 3459 α’ἱτιον,
3342 3386 3506 3447 αὐτὸς
3538 3388 3566 3442 ὸ
3598 3387 3712 3443 Κύ-

2046 3498 2185 3555 ριος.
2220 3501 2249 3531 ››
2283 3479 2385 3536 Καὶ
2417 3479 2445 3533 6
2475 3477 2613 3552 ἀνήρ
2666 3476 2755 3534 διὰ
2808 3486 2910 3549 τῆς
2966 3476 3242 3555 γυναικός.
3279 3500 3307 3528 ››
3336 3480 3471 3553 Ὅρα
3505 3478 3697 3551 σοφίαν

2046 3565 2290 3623 Παύλδυ·
2368 3567 2468 3624 οὐκ
2542 3570 2712 3623 εἶπεν
2789 3568 2884 3624 Ἐκ
2971 3575 3073 3638 τῆς
3147 3566 3425 3642 γυναικὸς,
3528 3564 3697 3637 ἀλλὰ,

2046 3681 2076 3709 ‹‹
2109 3655 2208 3711 Διὰ
2235 3663 2335 3726 τῆς
2363 3657 2643 3733 γυναικὸς,
2681 3681 2709 3710 ››
2770 3654 3027 3729 δηλονότι
3083 3655 3175 3712 καὶ
3233 3655 3396 3711 αὐτοῦ
3431 3660 3531 3711 τοῦ
3563 3655 3704 3710 εἶναι

2047 3742 2137 3801 διὰ
2169 3747 2425 3821 γυναικὸς
2453 3745 2548 3802 τὸν
2606 3744 2771 3823 ἄνδρα
2827 3744 3002 3809 αἴτιος
3033 3747 3062 3801 6
3090 3745 3255 3820 ἆνήρ,
3288 3745 3363 3807 ὡς
3392 3764 3707 3821 προκαταρ-

2043 3835 2228 3891 κτικὸν
2290 3834 2487 3893 α’ἰτιον.
2544 3836 2619 3892 Τὸ
2680 3835 2786 3910 γὰρ
2833 3840 3052 3909 πρῶτον
3105 3837 3140 3904 ἡ
3194 3836 3336 3910 γυνὴ
3381 3833 3434 3905 ἐξ
3487 3831 3707 3908 ἀνδρὸς,

2046 3925 2178 4005 οὐχὶ
2210 3925 2238 3979 6
2270 3924 2411 4000 ἀνὴρ
2442 3924 2503 3980 ἐκ
2534 3925 2813 3999 γυναικός.
2871 3924 2949 3980 Τὰ
3004 3927 3093 3978 νῦν
3146 3921 3224 3995 δὶ,
3286 3925 3333 3978 εἱ
3391 3922 3482 3979 καὶ
3515 3924 3544 3978 6
3571 3922 3711 3998 ἀνὴρ

2046 4011 2108 4069 ἑκ
2134 4013 2405 4089 γυναικὸς,
2439 4010 2586 4067 ἀλλὰ
2616 4009 2785 4066 πάλιν
2846 4008 2937 4065 διὰ
2992 4011 3251 4086 γυναικὸς
3281 4011 3309 4066 6
3340 4011 3480 4086 ἀνὴρ
3507 4010 3713 4085 κατάρ-

2048 4122 2160 4178 χει.
2203 4102 2302 4157 Διὰ
2328 4105 2492 4157 τοῦτο
2527 4101 2627 4156 οὐκ
2655 4100 2828 4170 εἶπεν,
2889 4100 2986 4156 Ἐκ
3039 4100 3316 4176 γυναικὸς,
3349 4097 3521 4169 ἀλλὰ,
3554 4124 3583 4153 ‹‹
3617 4100 3717 4155 Διά

2050 4190 2328 4267 γυναικὸς,
2366 4215 2386 4240 ο
2418 4186 2513 4245 ἵνα
2541 4191 2752 4265 ποιήσῃ
2784 4186 2950 4244 πάλιν
3012 4188 3193 4264 ἀρχὴν
3219 4190 3314 4245 τὸν
3338 4186 3527 4266 ἄνδρα.
3559 4188 3709 4245 Ἐπεὶ

2050 4277 2144 4334 οὖν
2207 4278 2354 4334 εἶπεν
2411 4277 2607 4342 αὐτοὺς
2666 4280 2868 4334 ἑαυτῶν
2955 4277 3305 4350 ποιητικοὺς,
3362 4278 3453 4335 καὶ
3514 4279 3715 4356 μικρὸν

2049 4367 2593 4445 παραμυθησάμενος
2648 4369 2748 4438 τήν
2806 4373 3037 4444 γυναῖκα
3092 4368 3301 4446 ὶπάγει·
3366 4389 3389 4420 α
3422 4368 3501 4425 Τὰ
3543 4368 3717 4425 πάντα

2043 4455 2104 4514 ix
2134 4461 2232 4513 τοῦ
2261 4460 2416 4514 Θεοῦ.
2448 4482 2470 4512 ι
2507 4457 2584 4515 Τὸ
2611 4457 2711 4531 γὶρ
2742 4455 3053 4533 ἀρχέτυπον
3076 4457 3251 4514 αἴτιον
3282 4459 3310 4513 6
3342 4456 3496 4520 Θεός.

2124 4717 2188 4774 Ἠ
2249 4713 2373 4772 οὐδὲ
2432 4715 2566 4787 αὖτή
2629 4720 2664 4788 ἡ
2720 4717 2879 4797 φύσις
2938 4715 3182 4773 διδάσκει
3240 4718 3402 4790 ὑμᾶς,
3457 4717 3542 4773 ὅτι
3573 4718 3713 4793 ἀνὴρ

2058 4810 2152 4883 μὲν
2218 4808 2305 4864 ἐὰν
2363 4813 2532 4883 κομᾷ,
2594 4808 2786 4884 ἀτίμία
2832 4808 2983 4883 αὐτῷ
3018 4807 3158 4865 ,ἐστι
3204 4826 3218 4875 ;
3295 4808 3436 4877 Γυνὴ
3500 4806 3558 4864 δὲ
3624 4807 3712 4864 ἐὰν

2053 4905 2223 4976 κομᾷ,
2286 4898 2413 4972 δόξα
2475 4902 2646 4968 αὐτῆς
2706 4901 2888 4970 ἔστιν;
2949 4900 3032 4957 ὅτι
3090 4901 3127 4969 ἡ
3185 4900 3334 4973 κόμη
3398 4899 3517 4955 ἀντὶ
3561 4921 3717 4975 περι-

2056 4984 2289 5046 ϐολαίου
2352 4986 2588 5050 δέδοται.
2650 4990 2711 5047 Εἰ
2770 4987 2829 5045 δὲ
2884 5010 2966 5051 τις
3027 4985 3179 5043 δοκεῖ
3206 4986 3522 5066 φιλόνεικος
3554 4989 3717 5055 εἶναι,

2055 5081 2220 5154 ἡμεῖς
2296 5080 2555 5151 τοιαύτην
2632 5081 2915 5150 συνήθειαν
2990 5075 3089 5131 οὐκ
3154 5069 3383 5152 ἔχομεν,
3460 5073 3587 5130 οὐδὲ
3661 5075 3718 5128 αἱ

2059 5166 2383 5238 Ἐκκλησίαι
2414 5172 2511 5223 τοῦ
2543 5173 2700 5225 Θεοῦ.

2128 5258 2310 5326 Ὥστε,
2372 5254 2531 5331 φησὶ,
2588 5253 2679 5309 καὶ
2741 5254 2882 5327 αὐτῇ
2939 5255 3010 5326 τῇ
3068 5251 3222 5330 φύσει
3280 5248 3541 5325 πολεμεῖ,
3584 5253 3719 5327 ὁμὴ

2059 5346 2406 5418 πειθόμενος.
2441 5368 2469 5397 ‹‹
2502 5345 2627 5402 Ὀτι
2659 5346 2695 5414 ἡ
2725 5343 2874 5417 κόμη
2935 5341 3054 5397 ἀντὶ
3084 5336 3466 5416 περιϐολαίου.
3502 5365 3530 5393 ››
3563 5344 3717 5401 Ἐπεὶ

2061 5434 2154 5489 οῦν
2183 5428 2301 5512 ἔχει
2329 5430 2389 5487 ἐκ
2416 5439 2518 5502 τῆς
2550 5432 2760 5494 φύσεως
2814 5432 2877 5487 τὸ
2933 5435 3041 5487 τῶν
3099 5434 3315 5509 τριχῶν
3345 5425 3719 5505 περιϐόλαιον,

2062 5519 2270 5600 ὀφείλει
2325 5521 2415 5576 καὶ
2476 5523 2615 5591 αὗτή
2677 5517 3127 5598 περιϐάλλεσθαι,
3172 5521 3263 5575 ἳνα
3298 5521 3375 5595 μή
3405 5519 3533 5584 τοὺς
3564 5542 3720 5600 φυσι-

2060 5611 2191 5673 κοὺς
2224 5611 2493 5689 ἀνατρέπῃ
2539 5611 2796 5685 θεσμούς.
2856 5637 2884 5665 υ
2917 5608 3160 5668 Δέδοται.
3195 5634 3224 5663 ››
3285 5611 3578 5668 Τουτέστιν
3607 5608 3714 5664 ἀπὸ

306 5708 419 5758 tur.
454 5701 599 5756 Vide
625 5718 637 5756 :
670 5716 808 5756 cum
837 5699 1026 5754 virum
1058 5697 1309 5753 dixisset
1336 5704 1514 5770 caput
1529 5696 1745 5755 habere
1766 5700 1933 5755 intec-

2064 5708 2162 5773 τῆς
2205 5700 2436 5782 φύσεως.
2497 5706 2660 5779 Ἥρα·
2724 5699 2912 5773 ἐπειδή
2972 5700 3090 5757 εἶπε
3146 5701 3209 5757 τὸ
3267 5697 3713 5756 ἀκατακάλυπτον
