  <div class='ocr_page' id='page_1' title='image "/cluster/home/n/w/nwhite01/storage/ocr_20150623/118:no.1/coo.31924054870229/414.png"; bbox 0 0 4118 6376; ppageno 0'>
   <div class='ocr_carea' id='block_1_1' title="bbox 457 377 573 438">
    <p class='ocr_par' dir='ltr' id='par_1_1' title="bbox 457 377 573 438">
     <span class='ocr_line' id='line_1_1' title="bbox 457 377 573 438; baseline -0.017 0"><span class='ocrx_word' id='word_1_1' title='bbox 457 377 573 438; x_wconf 81' lang='grc'>801</span> 
     </span>
    </p>
   </div>
   <div class='ocr_carea' id='block_1_2' title="bbox 1426 371 2917 436">
    <p class='ocr_par' dir='ltr' id='par_1_2' title="bbox 1426 371 2917 436">
     <span class='ocr_line' id='line_1_2' title="bbox 1426 371 2917 436; baseline -0.001 -2"><span class='ocrx_word' id='word_1_2' title='bbox 1426 373 1840 436; x_wconf 82' lang='grc' dir='ltr'>ΟΟΜΜΕΝΤ.</span> <span class='ocrx_word' id='word_1_3' title='bbox 1891 375 1978 434; x_wconf 90' lang='lat' dir='ltr'>IN</span> <span class='ocrx_word' id='word_1_4' title='bbox 2029 371 2270 432; x_wconf 82' lang='lat' dir='ltr'><strong>EPIST.</strong></span> <span class='ocrx_word' id='word_1_5' title='bbox 2315 371 2340 430; x_wconf 90' lang='grc' dir='ltr'><strong>Ι</strong></span> <span class='ocrx_word' id='word_1_6' title='bbox 2384 371 2488 430; x_wconf 84' lang='lat' dir='ltr'><strong>AD</strong></span> <span class='ocrx_word' id='word_1_7' title='bbox 2546 371 2917 433; x_wconf 79' lang='lat' dir='ltr'>CORINTH.</span> 
     </span>
    </p>
   </div>
   <div class='ocr_carea' id='block_1_3' title="bbox 3763 374 3881 436">
    <p class='ocr_par' dir='ltr' id='par_1_3' title="bbox 3763 374 3881 436">
     <span class='ocr_line' id='line_1_3' title="bbox 3763 374 3881 436; baseline -0.017 0"><span class='ocrx_word' id='word_1_8' title='bbox 3763 374 3881 436; x_wconf 88' lang='lat'>802</span> 
     </span>
    </p>
   </div>
   <div class='ocr_carea' id='block_1_4' title="bbox 455 505 2128 588">
    <p class='ocr_par' dir='ltr' id='par_1_4' title="bbox 455 505 2121 588">
     <span class='ocr_line' id='line_1_4' title="bbox 455 505 2121 588; baseline -0.005 -21"><span class='ocrx_word' id='word_1_9' title='bbox 455 508 604 586; x_wconf 83' lang='grc' dir='ltr'>ἔχειν</span> <span class='ocrx_word' id='word_1_10' title='bbox 634 510 726 564; x_wconf 83' lang='grc' dir='ltr'>τὸν</span> <span class='ocrx_word' id='word_1_11' title='bbox 785 505 957 582; x_wconf 78' lang='grc' dir='ltr'>ἄνδρα</span> <span class='ocrx_word' id='word_1_12' title='bbox 1011 511 1111 578; x_wconf 79' lang='grc' dir='ltr'>τήν</span> <span class='ocrx_word' id='word_1_13' title='bbox 1167 507 1430 588; x_wconf 64' lang='grc' dir='ltr'>κεφαλήν,</span> <span class='ocrx_word' id='word_1_14' title='bbox 1492 507 1733 585; x_wconf 71' lang='grc' dir='ltr'>ὀφείλειν</span> <span class='ocrx_word' id='word_1_15' title='bbox 1785 508 1862 581; x_wconf 82' lang='grc' dir='ltr'>μή</span> <span class='ocrx_word' id='word_1_16' title='bbox 1921 509 2121 579; x_wconf 84' lang='grc' dir='ltr'>κομᾷν,</span> 
     </span>
    </p>
   </div>
   <div class='ocr_carea' id='block_1_5' title="bbox 2240 505 3881 588">
    <p class='ocr_par' dir='ltr' id='par_1_5' title="bbox 2240 505 3881 582">
     <span class='ocr_line' id='line_1_5' title="bbox 2240 505 3881 582; baseline 0.004 -22"><span class='ocrx_word' id='word_1_17' title='bbox 2240 510 2386 572; x_wconf 90' lang='lat' dir='ltr'>tum,</span> <span class='ocrx_word' id='word_1_18' title='bbox 2409 510 2468 561; x_wconf 90' lang='lat' dir='ltr'>et</span> <span class='ocrx_word' id='word_1_19' title='bbox 2491 505 2574 562; x_wconf 88' lang='lat' dir='ltr'>ita</span> <span class='ocrx_word' id='word_1_20' title='bbox 2590 522 2712 562; x_wconf 88' lang='lat' dir='ltr'>non</span> <span class='ocrx_word' id='word_1_21' title='bbox 2734 506 2951 563; x_wconf 86' lang='lat' dir='ltr'>debere</span> <span class='ocrx_word' id='word_1_22' title='bbox 2976 525 3205 565; x_wconf 82' lang='lat' dir='ltr'>comam</span> <span class='ocrx_word' id='word_1_23' title='bbox 3225 513 3479 582; x_wconf 80' lang='lat' dir='ltr'>gestare,</span> <span class='ocrx_word' id='word_1_24' title='bbox 3497 509 3600 565; x_wconf 90' lang='lat' dir='ltr'>sed</span> <span class='ocrx_word' id='word_1_25' title='bbox 3625 509 3881 568; x_wconf 80' lang='lat' dir='ltr'>liberum</span> 
     </span>
    </p>
   </div>
   <div class='ocr_carea' id='block_1_6' title="bbox 455 595 2124 675">
    <p class='ocr_par' dir='ltr' id='par_1_6' title="bbox 455 595 2124 675">
     <span class='ocr_line' id='line_1_6' title="bbox 455 595 2124 675; baseline -0.004 -19"><span class='ocrx_word' id='word_1_26' title='bbox 455 599 584 656; x_wconf 77' lang='grc' dir='ltr'>ἀλλ’</span> <span class='ocrx_word' id='word_1_27' title='bbox 610 595 758 675; x_wconf 66' lang='grc' dir='ltr'>ἔχειν</span> <span class='ocrx_word' id='word_1_28' title='bbox 792 599 856 654; x_wconf 86' lang='grc' dir='ltr'>τὸ</span> <span class='ocrx_word' id='word_1_29' title='bbox 903 595 1208 672; x_wconf 71' lang='grc' dir='ltr'>ἐλεύθερον,</span> <span class='ocrx_word' id='word_1_30' title='bbox 1239 603 1358 659; x_wconf 84' lang='grc' dir='ltr'>πῶς</span> <span class='ocrx_word' id='word_1_31' title='bbox 1395 601 1496 669; x_wconf 78' lang='grc' dir='ltr'>τήν</span> <span class='ocrx_word' id='word_1_32' title='bbox 1543 603 1772 674; x_wconf 82' lang='grc' dir='ltr'>γυναῖκα</span> <span class='ocrx_word' id='word_1_33' title='bbox 1828 616 2124 652; x_wconf 85' lang='grc' dir='ltr'>κατακεκα-</span> 
     </span>
    </p>
   </div>
   <div class='ocr_carea' id='block_1_7' title="bbox 461 682 2120 767">
    <p class='ocr_par' dir='ltr' id='par_1_7' title="bbox 461 682 2120 767">
     <span class='ocr_line' id='line_1_7' title="bbox 461 682 2120 767; baseline -0.003 -22"><span class='ocrx_word' id='word_1_34' title='bbox 461 688 755 763; x_wconf 83' lang='grc' dir='ltr'>λυμμένην</span> <span class='ocrx_word' id='word_1_35' title='bbox 788 686 982 767; x_wconf 73' lang='grc' dir='ltr'>ἀφίησι</span> <span class='ocrx_word' id='word_1_36' title='bbox 1013 692 1189 758; x_wconf 77' lang='grc' dir='ltr'>κομᾷν</span> <span class='ocrx_word' id='word_1_37' title='bbox 1224 687 1299 750; x_wconf 86' lang='grc' dir='ltr'>εἰς</span> <span class='ocrx_word' id='word_1_38' title='bbox 1353 682 1635 761; x_wconf 76' lang='grc' dir='ltr'>σύμϐολον</span> <span class='ocrx_word' id='word_1_39' title='bbox 1664 694 1767 757; x_wconf 83' lang='grc' dir='ltr'>τῆς</span> <span class='ocrx_word' id='word_1_40' title='bbox 1824 688 2120 760; x_wconf 79' lang='grc' dir='ltr'>ὑποταγῆς.</span> 
     </span>
    </p>
   </div>
   <div class='ocr_carea' id='block_1_8' title="bbox 474 772 2125 855">
    <p class='ocr_par' dir='ltr' id='par_1_8' title="bbox 474 772 2125 855">
     <span class='ocr_line' id='line_1_8' title="bbox 474 772 2125 855; baseline -0.002 -23"><span class='ocrx_word' id='word_1_41' title='bbox 474 777 594 834; x_wconf 71' lang='lat' dir='ltr'>«Ei</span> <span class='ocrx_word' id='word_1_42' title='bbox 626 774 682 832; x_wconf 78' lang='grc' dir='ltr'>’δέ</span> <span class='ocrx_word' id='word_1_43' title='bbox 721 797 805 838; x_wconf 91' lang='grc' dir='ltr'>τις</span> <span class='ocrx_word' id='word_1_44' title='bbox 859 773 1010 831; x_wconf 84' lang='grc' dir='ltr'>δοκεῖ</span> <span class='ocrx_word' id='word_1_45' title='bbox 1065 774 1375 855; x_wconf 72' lang='grc' dir='ltr'>φιλόνεικος</span> <span class='ocrx_word' id='word_1_46' title='bbox 1433 777 1589 832; x_wconf 79' lang='grc' dir='ltr'>εἶναι.</span> <span class='ocrx_word' id='word_1_47' title='bbox 1623 800 1650 828; x_wconf 83' lang='grc'><strong>››</strong></span> <span class='ocrx_word' id='word_1_48' title='bbox 1710 772 1934 843; x_wconf 81' lang='grc' dir='ltr'>Ἐπειδὴ</span> <span class='ocrx_word' id='word_1_49' title='bbox 1990 774 2125 850; x_wconf 87' lang='grc' dir='ltr'>πρὸς</span> 
     </span>
    </p>
   </div>
   <div class='ocr_carea' id='block_1_9' title="bbox 462 860 2125 944">
    <p class='ocr_par' dir='ltr' id='par_1_9' title="bbox 462 860 2125 944">
     <span class='ocr_line' id='line_1_9' title="bbox 462 860 2125 944; baseline -0.003 -21"><span class='ocrx_word' id='word_1_50' title='bbox 462 865 826 944; x_wconf 75' lang='grc' dir='ltr'>ἓθελοσόφους</span> <span class='ocrx_word' id='word_1_51' title='bbox 857 860 1110 944; x_wconf 75' lang='grc' dir='ltr'>ἔγραφεν,</span> <span class='ocrx_word' id='word_1_52' title='bbox 1149 867 1202 921; x_wconf 81' lang='grc' dir='ltr'>οἳ</span> <span class='ocrx_word' id='word_1_53' title='bbox 1255 863 1348 921; x_wconf 81' lang='grc' dir='ltr'>διὰ</span> <span class='ocrx_word' id='word_1_54' title='bbox 1392 865 1782 941; x_wconf 82' lang='grc' dir='ltr'>συλλογισμῶν</span> <span class='ocrx_word' id='word_1_55' title='bbox 1840 866 1904 919; x_wconf 83' lang='grc' dir='ltr'>τὰ</span> <span class='ocrx_word' id='word_1_56' title='bbox 1953 864 2125 918; x_wconf 78' lang='grc' dir='ltr'>πάντα</span> 
     </span>
    </p>
   </div>
   <div class='ocr_carea' id='block_1_10' title="bbox 461 953 2125 1034">
    <p class='ocr_par' dir='ltr' id='par_1_10' title="bbox 461 953 2125 1034">
     <span class='ocr_line' id='line_1_10' title="bbox 461 953 2125 1034; baseline -0.002 -22"><span class='ocrx_word' id='word_1_57' title='bbox 461 955 852 1026; x_wconf 81' lang='grc' dir='ltr'>κατεσκεύαζον</span> <span class='ocrx_word' id='word_1_58' title='bbox 928 955 1018 1011; x_wconf 85' lang='grc' dir='ltr'>καὶ</span> <span class='ocrx_word' id='word_1_59' title='bbox 1075 954 1430 1025; x_wconf 82' lang='grc' dir='ltr'>ἆνεσκεύαζον</span> <span class='ocrx_word' id='word_1_60' title='bbox 1467 998 1481 1023; x_wconf 90' lang='grc'>,</span> <span class='ocrx_word' id='word_1_61' title='bbox 1542 955 1724 1034; x_wconf 76' lang='grc' dir='ltr'>φησίν·</span> <span class='ocrx_word' id='word_1_62' title='bbox 1801 953 1879 1012; x_wconf 89' lang='lat' dir='ltr'><strong>O6</strong></span> <span class='ocrx_word' id='word_1_63' title='bbox 1937 955 2125 1029; x_wconf 84' lang='grc' dir='ltr'>καιρὸς</span> 
     </span>
    </p>
   </div>
   <div class='ocr_carea' id='block_1_11' title="bbox 461 1042 2127 1120">
    <p class='ocr_par' dir='ltr' id='par_1_11' title="bbox 461 1042 2127 1120">
     <span class='ocr_line' id='line_1_11' title="bbox 461 1042 2127 1120; baseline -0.002 -21"><span class='ocrx_word' id='word_1_64' title='bbox 461 1050 553 1099; x_wconf 79' lang='grc' dir='ltr'>νῦν</span> <span class='ocrx_word' id='word_1_65' title='bbox 585 1049 684 1099; x_wconf 84' lang='lat'>106</span> <span class='ocrx_word' id='word_1_66' title='bbox 706 1042 1055 1119; x_wconf 71' lang='grc' dir='ltr'>φιλονεικεῖν.</span> <span class='ocrx_word' id='word_1_67' title='bbox 1101 1042 1162 1100; x_wconf 79' lang='grc' dir='ltr'>Εἰ</span> <span class='ocrx_word' id='word_1_68' title='bbox 1217 1043 1322 1118; x_wconf 82' lang='grc' dir='ltr'>γὰρ</span> <span class='ocrx_word' id='word_1_69' title='bbox 1353 1042 1704 1120; x_wconf 76' lang='grc' dir='ltr'>ἀναισχυντεῖ</span> <span class='ocrx_word' id='word_1_70' title='bbox 1751 1063 1834 1104; x_wconf 89' lang='grc' dir='ltr'>τις</span> <span class='ocrx_word' id='word_1_71' title='bbox 1864 1043 2002 1115; x_wconf 85' lang='grc' dir='ltr'>πρὸς</span> <span class='ocrx_word' id='word_1_72' title='bbox 2057 1043 2127 1096; x_wconf 83' lang='grc' dir='ltr'>τὰ</span> 
     </span>
    </p>
   </div>
   <div class='ocr_carea' id='block_1_12' title="bbox 470 1131 2122 1212">
    <p class='ocr_par' dir='ltr' id='par_1_12' title="bbox 470 1131 2122 1212">
     <span class='ocr_line' id='line_1_12' title="bbox 470 1131 2122 1212; baseline -0.002 -22"><span class='ocrx_word' id='word_1_73' title='bbox 470 1133 757 1210; x_wconf 80' lang='grc' dir='ltr'>εἰρημένα,</span> <span class='ocrx_word' id='word_1_74' title='bbox 789 1136 977 1209; x_wconf 81' lang='grc' dir='ltr'>ἡμεῖς,</span> <span class='ocrx_word' id='word_1_75' title='bbox 1005 1134 1162 1212; x_wconf 74' lang='grc' dir='ltr'>φησὶ,</span> <span class='ocrx_word' id='word_1_76' title='bbox 1200 1133 1290 1190; x_wconf 85' lang='grc' dir='ltr'>καὶ</span> <span class='ocrx_word' id='word_1_77' title='bbox 1321 1136 1356 1204; x_wconf 84' lang='grc' dir='ltr'><strong>ἡ</strong></span> <span class='ocrx_word' id='word_1_78' title='bbox 1390 1134 1710 1205; x_wconf 80' lang='grc' dir='ltr'>Ἐκκλησία,</span> <span class='ocrx_word' id='word_1_79' title='bbox 1763 1134 1864 1189; x_wconf 83' lang='grc' dir='ltr'>οὐκ</span> <span class='ocrx_word' id='word_1_80' title='bbox 1920 1131 2122 1208; x_wconf 81' lang='grc' dir='ltr'>ἔχομεν</span> 
     </span>
    </p>
   </div>
   <div class='ocr_carea' id='block_1_13' title="bbox 468 1220 2120 1301">
    <p class='ocr_par' dir='ltr' id='par_1_13' title="bbox 468 1220 2120 1301">
     <span class='ocr_line' id='line_1_13' title="bbox 468 1220 2120 1301; baseline -0.001 -23"><span class='ocrx_word' id='word_1_81' title='bbox 468 1221 592 1288; x_wconf 82' lang='grc' dir='ltr'>ἔθος</span> <span class='ocrx_word' id='word_1_82' title='bbox 619 1227 889 1282; x_wconf 78' lang='grc' dir='ltr'>τοιοῦτον.</span> <span class='ocrx_word' id='word_1_83' title='bbox 924 1229 1088 1278; x_wconf 84' lang='grc' dir='ltr'>Ποῖον</span> <span class='ocrx_word' id='word_1_84' title='bbox 1129 1242 1142 1292; x_wconf 91' lang='grc'>;</span> <span class='ocrx_word' id='word_1_85' title='bbox 1173 1224 1250 1280; x_wconf 88' lang='grc' dir='ltr'>Τὸ</span> <span class='ocrx_word' id='word_1_86' title='bbox 1291 1221 1643 1301; x_wconf 69' lang='grc' dir='ltr'>φιλονεικεῖν.</span> <span class='ocrx_word' id='word_1_87' title='bbox 1701 1221 1880 1280; x_wconf 73' lang='grc' dir='ltr'>Ἀλλὰ</span> <span class='ocrx_word' id='word_1_88' title='bbox 1909 1223 1972 1277; x_wconf 88' lang='grc' dir='ltr'>τὸ</span> <span class='ocrx_word' id='word_1_89' title='bbox 2003 1220 2120 1277; x_wconf 70' lang='grc' dir='ltr'>πείσ</span> 
     </span>
    </p>
   </div>
   <div class='ocr_carea' id='block_1_14' title="bbox 470 1309 2124 1388">
    <p class='ocr_par' dir='ltr' id='par_1_14' title="bbox 470 1309 2124 1388">
     <span class='ocr_line' id='line_1_14' title="bbox 470 1309 2124 1388; baseline -0.001 -20"><span class='ocrx_word' id='word_1_90' title='bbox 470 1316 654 1369; x_wconf 89' lang='grc' dir='ltr'>θεσθαι</span> <span class='ocrx_word' id='word_1_91' title='bbox 679 1319 795 1376; x_wconf 85' lang='grc' dir='ltr'>τοῖς</span> <span class='ocrx_word' id='word_1_92' title='bbox 848 1312 1180 1388; x_wconf 77' lang='grc' dir='ltr'>ἐπιτάγμασι</span> <span class='ocrx_word' id='word_1_93' title='bbox 1210 1317 1316 1368; x_wconf 82' lang='grc' dir='ltr'>τῶν</span> <span class='ocrx_word' id='word_1_94' title='bbox 1351 1311 1692 1368; x_wconf 76' lang='grc' dir='ltr'>διδασκάλων</span> <span class='ocrx_word' id='word_1_95' title='bbox 1754 1309 1921 1386; x_wconf 75' lang='grc' dir='ltr'>μηδὲν</span> <span class='ocrx_word' id='word_1_96' title='bbox 1980 1312 2124 1366; x_wconf 82' lang='grc' dir='ltr'>ἀντι-</span> 
     </span>
    </p>
   </div>
   <div class='ocr_carea' id='block_1_15' title="bbox 457 1397 2127 1475">
    <p class='ocr_par' dir='ltr' id='par_1_15' title="bbox 457 1397 2127 1475">
     <span class='ocr_line' id='line_1_15' title="bbox 457 1397 2127 1475; baseline -0.001 -17"><span class='ocrx_word' id='word_1_97' title='bbox 457 1401 746 1464; x_wconf 83' lang='grc' dir='ltr'>τείνοντες.</span> <span class='ocrx_word' id='word_1_98' title='bbox 778 1436 847 1445; x_wconf 89' lang='grc'><strong><em>-</em></strong></span> <span class='ocrx_word' id='word_1_99' title='bbox 876 1404 970 1460; x_wconf 73' lang='lat' dir='ltr'>&quot;H.</span> <span class='ocrx_word' id='word_1_100' title='bbox 1003 1404 1140 1460; x_wconf 78' lang='grc' dir='ltr'>Ὀτι</span> <span class='ocrx_word' id='word_1_101' title='bbox 1172 1402 1272 1457; x_wconf 78' lang='grc' dir='ltr'>οὐκ</span> <span class='ocrx_word' id='word_1_102' title='bbox 1327 1397 1468 1457; x_wconf 79' lang='grc' dir='ltr'>ἔστιν</span> <span class='ocrx_word' id='word_1_103' title='bbox 1519 1397 1639 1465; x_wconf 78' lang='grc' dir='ltr'>ἔθος</span> <span class='ocrx_word' id='word_1_104' title='bbox 1691 1403 1818 1474; x_wconf 88' lang='grc' dir='ltr'>παρ’</span> <span class='ocrx_word' id='word_1_105' title='bbox 1847 1405 2006 1475; x_wconf 75' lang='grc' dir='ltr'>ἡμῖν,</span> <span class='ocrx_word' id='word_1_106' title='bbox 2031 1399 2127 1456; x_wconf 72' lang='grc' dir='ltr'>’ίνά</span> 
     </span>
    </p>
   </div>
   <div class='ocr_carea' id='block_1_16' title="bbox 461 1488 2125 1568">
    <p class='ocr_par' dir='ltr' id='par_1_16' title="bbox 461 1488 2125 1568">
     <span class='ocr_line' id='line_1_16' title="bbox 461 1488 2125 1568; baseline -0.002 -21"><span class='ocrx_word' id='word_1_107' title='bbox 461 1494 489 1547; x_wconf 90' lang='grc' dir='ltr'>ὁ</span> <span class='ocrx_word' id='word_1_108' title='bbox 526 1493 622 1565; x_wconf 74' lang='grc' dir='ltr'>μὲν</span> <span class='ocrx_word' id='word_1_109' title='bbox 651 1491 789 1566; x_wconf 78' lang='grc' dir='ltr'>ἀνὴρ</span> <span class='ocrx_word' id='word_1_110' title='bbox 817 1497 966 1564; x_wconf 86' lang='grc' dir='ltr'>κομᾷ</span> <span class='ocrx_word' id='word_1_111' title='bbox 993 1493 1082 1547; x_wconf 83' lang='grc' dir='ltr'>καὶ</span> <span class='ocrx_word' id='word_1_112' title='bbox 1140 1491 1485 1562; x_wconf 87' lang='grc' dir='ltr'>καλύπτηται</span> <span class='ocrx_word' id='word_1_113' title='bbox 1542 1494 1642 1561; x_wconf 78' lang='grc' dir='ltr'>τήν</span> <span class='ocrx_word' id='word_1_114' title='bbox 1698 1490 1964 1568; x_wconf 78' lang='grc' dir='ltr'>κεφαλὴν,</span> <span class='ocrx_word' id='word_1_115' title='bbox 1998 1493 2032 1559; x_wconf 80' lang='grc' dir='ltr'>ἡ</span> <span class='ocrx_word' id='word_1_116' title='bbox 2067 1488 2125 1544; x_wconf 66' lang='grc' dir='ltr'>δὲ</span> 
     </span>
    </p>
   </div>
   <div class='ocr_carea' id='block_1_17' title="bbox 463 1580 973 1655">
    <p class='ocr_par' dir='ltr' id='par_1_17' title="bbox 463 1580 973 1655">
     <span class='ocr_line' id='line_1_17' title="bbox 463 1580 973 1655; baseline 0 -20"><span class='ocrx_word' id='word_1_117' title='bbox 463 1582 604 1655; x_wconf 84' lang='grc' dir='ltr'>γυνή</span> <span class='ocrx_word' id='word_1_118' title='bbox 635 1580 763 1635; x_wconf 89' lang='grc' dir='ltr'>τούν</span> <span class='ocrx_word' id='word_1_119' title='bbox 773 1581 973 1636; x_wconf 79' lang='grc' dir='ltr'>αντίον.</span> 
     </span>
    </p>
   </div>
   <div class='ocr_carea' id='block_1_18' title="bbox 1101 1700 1490 1757">
    <p class='ocr_par' dir='ltr' id='par_1_18' title="bbox 1101 1700 1490 1757">
     <span class='ocr_line' id='line_1_18' title="bbox 1101 1700 1490 1757; baseline 0.003 -3"><span class='ocrx_word' id='word_1_120' title='bbox 1101 1701 1368 1757; x_wconf 81' lang='grc' dir='ltr'>ΚΕΦΔΛ.</span> <span class='ocrx_word' id='word_1_121' title='bbox 1417 1700 1490 1755; x_wconf 74' lang='grc' dir='ltr'>Ζ’.</span> 
     </span>
    </p>
   </div>
   <div class='ocr_carea' id='block_1_19' title="bbox 613 1813 1980 1892">
    <p class='ocr_par' dir='ltr' id='par_1_19' title="bbox 613 1813 1980 1892">
     <span class='ocr_line' id='line_1_19' title="bbox 613 1813 1980 1892; baseline 0.001 -21"><span class='ocrx_word' id='word_1_122' title='bbox 613 1817 742 1892; x_wconf 73' lang='grc' dir='ltr'>Περὶ</span> <span class='ocrx_word' id='word_1_123' title='bbox 773 1837 1060 1878; x_wconf 85' lang='grc' dir='ltr'>κοινωνιας</span> <span class='ocrx_word' id='word_1_124' title='bbox 1093 1821 1450 1892; x_wconf 80' lang='grc' dir='ltr'>θεοπρεποῦς,</span> <span class='ocrx_word' id='word_1_125' title='bbox 1484 1816 1545 1871; x_wconf 92' lang='lat'>06</span> <span class='ocrx_word' id='word_1_126' title='bbox 1567 1813 1980 1889; x_wconf 78' lang='grc' dir='ltr'>πλησμονικῆς.</span> 
     </span>
    </p>
   </div>
   <div class='ocr_carea' id='block_1_20' title="bbox 543 1949 2126 2028">
    <p class='ocr_par' dir='ltr' id='par_1_20' title="bbox 543 1949 2126 2028">
     <span class='ocr_line' id='line_1_20' title="bbox 543 1949 2126 2028; baseline -0.005 -17"><span class='ocrx_word' id='word_1_127' title='bbox 543 1957 718 2011; x_wconf 79' lang='lat' dir='ltr'><strong>T0610</strong></span> <span class='ocrx_word' id='word_1_128' title='bbox 751 1949 808 2006; x_wconf 67' lang='grc' dir='ltr'>δὲ</span> <span class='ocrx_word' id='word_1_129' title='bbox 858 1949 1258 2028; x_wconf 67' lang='grc' dir='ltr'>παραγγέλλων</span> <span class='ocrx_word' id='word_1_130' title='bbox 1318 1951 1418 2006; x_wconf 83' lang='grc' dir='ltr'>οὐκ</span> <span class='ocrx_word' id='word_1_131' title='bbox 1470 1951 1697 2022; x_wconf 74' lang='grc' dir='ltr'>ἐπαινῶ,</span> <span class='ocrx_word' id='word_1_132' title='bbox 1756 1950 1840 2006; x_wconf 79' lang='grc' dir='ltr'>ὅτι</span> <span class='ocrx_word' id='word_1_133' title='bbox 1897 1949 1999 2004; x_wconf 76' lang='grc' dir='ltr'>οὐκ</span> <span class='ocrx_word' id='word_1_134' title='bbox 2051 1949 2126 2012; x_wconf 73' lang='grc' dir='ltr'>εἷς</span> 
     </span>
    </p>
   </div>
   <div class='ocr_carea' id='block_1_21' title="bbox 472 2037 2128 2116">
    <p class='ocr_par' dir='ltr' id='par_1_21' title="bbox 472 2037 2128 2116">
     <span class='ocr_line' id='line_1_21' title="bbox 472 2037 2128 2116; baseline -0.002 -19"><span class='ocrx_word' id='word_1_135' title='bbox 472 2044 534 2098; x_wconf 87' lang='grc' dir='ltr'>τὸ</span> <span class='ocrx_word' id='word_1_136' title='bbox 591 2047 860 2116; x_wconf 86' lang='grc' dir='ltr'>κρεῖττον,</span> <span class='ocrx_word' id='word_1_137' title='bbox 916 2037 1047 2096; x_wconf 84' lang='grc' dir='ltr'>ἀλλ’</span> <span class='ocrx_word' id='word_1_138' title='bbox 1104 2040 1182 2104; x_wconf 77' lang='grc' dir='ltr'>εἰς</span> <span class='ocrx_word' id='word_1_139' title='bbox 1229 2041 1292 2095; x_wconf 84' lang='grc' dir='ltr'>τὸ</span> <span class='ocrx_word' id='word_1_140' title='bbox 1345 2041 1512 2110; x_wconf 79' lang='grc' dir='ltr'>ἦττον</span> <span class='ocrx_word' id='word_1_141' title='bbox 1573 2040 1911 2115; x_wconf 71' lang='grc' dir='ltr'>συνέρχεσθε.</span> <span class='ocrx_word' id='word_1_142' title='bbox 1976 2043 2128 2114; x_wconf 64' lang='lat' dir='ltr'><strong>U96)-</strong></span> 
     </span>
    </p>
   </div>
   <div class='ocr_carea' id='block_1_22' title="bbox 466 2127 2124 2206">
    <p class='ocr_par' dir='ltr' id='par_1_22' title="bbox 466 2127 2124 2206">
     <span class='ocr_line' id='line_1_22' title="bbox 466 2127 2124 2206; baseline -0.004 -17"><span class='ocrx_word' id='word_1_143' title='bbox 466 2154 560 2189; x_wconf 88' lang='grc' dir='ltr'>τον</span> <span class='ocrx_word' id='word_1_144' title='bbox 613 2131 708 2205; x_wconf 68' lang='grc' dir='ltr'>μὲν</span> <span class='ocrx_word' id='word_1_145' title='bbox 767 2130 871 2206; x_wconf 74' lang='grc' dir='ltr'>γὰρ</span> <span class='ocrx_word' id='word_1_146' title='bbox 920 2131 1340 2206; x_wconf 64' lang='grc' dir='ltr'>συνερχομένων</span> <span class='ocrx_word' id='word_1_147' title='bbox 1396 2131 1549 2204; x_wconf 79' lang='grc' dir='ltr'>ὑμῶν</span> <span class='ocrx_word' id='word_1_148' title='bbox 1605 2129 1656 2184; x_wconf 74' lang='grc' dir='ltr'>ἐν</span> <span class='ocrx_word' id='word_1_149' title='bbox 1713 2133 1782 2202; x_wconf 80' lang='grc' dir='ltr'>τῇ</span> <span class='ocrx_word' id='word_1_150' title='bbox 1834 2127 2124 2200; x_wconf 73' lang='grc' dir='ltr'>ἐκκλησίᾳ,</span> 
     </span>
    </p>
   </div>
   <div class='ocr_carea' id='block_1_23' title="bbox 466 2216 2123 2296">
    <p class='ocr_par' dir='ltr' id='par_1_23' title="bbox 466 2216 2123 2296">
     <span class='ocr_line' id='line_1_23' title="bbox 466 2216 2123 2296; baseline -0.004 -19"><span class='ocrx_word' id='word_1_151' title='bbox 466 2220 652 2276; x_wconf 85' lang='grc' dir='ltr'>ἀκούω</span> <span class='ocrx_word' id='word_1_152' title='bbox 710 2219 988 2294; x_wconf 80' lang='grc' dir='ltr'>σχίσματα</span> <span class='ocrx_word' id='word_1_153' title='bbox 1040 2221 1091 2274; x_wconf 79' lang='grc' dir='ltr'>έν</span> <span class='ocrx_word' id='word_1_154' title='bbox 1147 2220 1274 2292; x_wconf 82' lang='grc' dir='ltr'>ὑμῖν</span> <span class='ocrx_word' id='word_1_155' title='bbox 1352 2219 1641 2296; x_wconf 80' lang='grc' dir='ltr'>ὑπάρχειν,</span> <span class='ocrx_word' id='word_1_156' title='bbox 1699 2218 1791 2274; x_wconf 84' lang='grc' dir='ltr'>καὶ</span> <span class='ocrx_word' id='word_1_157' title='bbox 1853 2217 2016 2292; x_wconf 78' lang='grc' dir='ltr'>μέρος</span> <span class='ocrx_word' id='word_1_158' title='bbox 2071 2216 2123 2272; x_wconf 92' lang='grc' dir='ltr'>τί</span> 
     </span>
    </p>
   </div>
   <div class='ocr_carea' id='block_1_24' title="bbox 471 2304 2127 2384">
    <p class='ocr_par' dir='ltr' id='par_1_24' title="bbox 471 2304 2127 2384">
     <span class='ocr_line' id='line_1_24' title="bbox 471 2304 2127 2384; baseline -0.002 -18"><span class='ocrx_word' id='word_1_159' title='bbox 471 2331 736 2367; x_wconf 79' lang='grc' dir='ltr'>πιστευω.</span> <span class='ocrx_word' id='word_1_160' title='bbox 796 2313 888 2363; x_wconf 88' lang='grc' dir='ltr'>Δεῖ</span> <span class='ocrx_word' id='word_1_161' title='bbox 941 2307 1041 2384; x_wconf 75' lang='grc' dir='ltr'>γὰρ</span> <span class='ocrx_word' id='word_1_162' title='bbox 1094 2309 1187 2363; x_wconf 80' lang='grc' dir='ltr'>καὶ</span> <span class='ocrx_word' id='word_1_163' title='bbox 1246 2307 1451 2383; x_wconf 70' lang='grc' dir='ltr'>αἱρέσις</span> <span class='ocrx_word' id='word_1_164' title='bbox 1522 2307 1573 2362; x_wconf 84' lang='grc' dir='ltr'>έν</span> <span class='ocrx_word' id='word_1_165' title='bbox 1640 2309 1768 2381; x_wconf 85' lang='grc' dir='ltr'>ὑμῖν</span> <span class='ocrx_word' id='word_1_166' title='bbox 1828 2308 1985 2379; x_wconf 78' lang='grc' dir='ltr'>εἶναι,</span> <span class='ocrx_word' id='word_1_167' title='bbox 2032 2304 2127 2362; x_wconf 71' lang='grc' dir='ltr'>’ίνα</span> 
     </span>
    </p>
   </div>
   <div class='ocr_carea' id='block_1_25' title="bbox 467 2393 2124 2475">
    <p class='ocr_par' dir='ltr' id='par_1_25' title="bbox 467 2393 2124 2475">
     <span class='ocr_line' id='line_1_25' title="bbox 467 2393 2124 2475; baseline -0.004 -21"><span class='ocrx_word' id='word_1_168' title='bbox 467 2400 518 2454; x_wconf 72' lang='grc' dir='ltr'>οἱ</span> <span class='ocrx_word' id='word_1_169' title='bbox 569 2395 794 2471; x_wconf 84' lang='grc' dir='ltr'>δόκιμοι</span> <span class='ocrx_word' id='word_1_170' title='bbox 852 2395 1071 2475; x_wconf 76' lang='grc' dir='ltr'>φανεροὶ</span> <span class='ocrx_word' id='word_1_171' title='bbox 1124 2397 1388 2471; x_wconf 84' lang='grc' dir='ltr'>γένωνται</span> <span class='ocrx_word' id='word_1_172' title='bbox 1446 2395 1498 2450; x_wconf 86' lang='grc' dir='ltr'>ἐν</span> <span class='ocrx_word' id='word_1_173' title='bbox 1562 2397 1714 2468; x_wconf 85' lang='grc' dir='ltr'>ὑμῖν.</span> <span class='ocrx_word' id='word_1_174' title='bbox 1775 2393 2124 2470; x_wconf 85' lang='grc' dir='ltr'>Συνερχομέ-</span> 
     </span>
    </p>
   </div>
   <div class='ocr_carea' id='block_1_26' title="bbox 467 2483 2126 2559">
    <p class='ocr_par' dir='ltr' id='par_1_26' title="bbox 467 2483 2126 2559">
     <span class='ocr_line' id='line_1_26' title="bbox 467 2483 2126 2559; baseline -0.003 -17"><span class='ocrx_word' id='word_1_175' title='bbox 467 2508 576 2542; x_wconf 87' lang='grc' dir='ltr'>νων</span> <span class='ocrx_word' id='word_1_176' title='bbox 645 2487 736 2541; x_wconf 82' lang='lat' dir='ltr'><strong>06v</strong></span> <span class='ocrx_word' id='word_1_177' title='bbox 818 2486 970 2559; x_wconf 80' lang='grc' dir='ltr'>ὑμῶν</span> <span class='ocrx_word' id='word_1_178' title='bbox 1055 2485 1142 2539; x_wconf 83' lang='grc' dir='ltr'>ἐπὶ</span> <span class='ocrx_word' id='word_1_179' title='bbox 1215 2486 1278 2540; x_wconf 84' lang='grc' dir='ltr'>τὸ</span> <span class='ocrx_word' id='word_1_180' title='bbox 1331 2484 1482 2554; x_wconf 74' lang='grc' dir='ltr'>αὐτὸ,</span> <span class='ocrx_word' id='word_1_181' title='bbox 1543 2485 1640 2540; x_wconf 83' lang='grc' dir='ltr'>οὐκ</span> <span class='ocrx_word' id='word_1_182' title='bbox 1696 2483 1806 2539; x_wconf 81' lang='grc' dir='ltr'>ἐστι</span> <span class='ocrx_word' id='word_1_183' title='bbox 1859 2485 2126 2559; x_wconf 82' lang='grc' dir='ltr'>Κυριακὸν</span> 
     </span>
    </p>
   </div>
   <div class='ocr_carea' id='block_1_27' title="bbox 474 2577 929 2654">
    <p class='ocr_par' dir='ltr' id='par_1_27' title="bbox 474 2577 929 2654">
     <span class='ocr_line' id='line_1_27' title="bbox 474 2577 929 2654; baseline -0.002 -20"><span class='ocrx_word' id='word_1_184' title='bbox 474 2577 690 2634; x_wconf 79' lang='grc' dir='ltr'>δεῖπνον</span> <span class='ocrx_word' id='word_1_185' title='bbox 719 2582 929 2654; x_wconf 77' lang='grc' dir='ltr'>φαγεῖν.</span> 
     </span>
    </p>
   </div>
   <div class='ocr_carea' id='block_1_28' title="bbox 544 2663 2128 2745">
    <p class='ocr_par' dir='ltr' id='par_1_28' title="bbox 544 2663 2128 2745">
     <span class='ocr_line' id='line_1_28' title="bbox 544 2663 2128 2745; baseline -0.003 -20"><span class='ocrx_word' id='word_1_186' title='bbox 544 2665 978 2745; x_wconf 80' lang='grc' dir='ltr'>Ηαράγγέλλων,</span> <span class='ocrx_word' id='word_1_187' title='bbox 1025 2668 1210 2743; x_wconf 79' lang='grc' dir='ltr'>φησὶν,</span> <span class='ocrx_word' id='word_1_188' title='bbox 1270 2665 1370 2722; x_wconf 80' lang='grc' dir='ltr'>οὐκ</span> <span class='ocrx_word' id='word_1_189' title='bbox 1426 2664 1632 2722; x_wconf 80' lang='grc' dir='ltr'>ἐπαινῶ</span> <span class='ocrx_word' id='word_1_190' title='bbox 1693 2667 1854 2739; x_wconf 78' lang='grc' dir='ltr'>ὑμᾶς,</span> <span class='ocrx_word' id='word_1_191' title='bbox 1915 2663 1996 2721; x_wconf 78' lang='grc' dir='ltr'>ὅτι</span> <span class='ocrx_word' id='word_1_192' title='bbox 2059 2687 2128 2738; x_wconf 85' lang='grc' dir='ltr'>με</span> 
     </span>
    </p>
   </div>
   <div class='ocr_carea' id='block_1_29' title="bbox 467 2754 2124 2836">
    <p class='ocr_par' dir='ltr' id='par_1_29' title="bbox 467 2754 2124 2836">
     <span class='ocr_line' id='line_1_29' title="bbox 467 2754 2124 2836; baseline 0 -23"><span class='ocrx_word' id='word_1_193' title='bbox 467 2759 704 2836; x_wconf 70' lang='grc' dir='ltr'>ἠγάγετε</span> <span class='ocrx_word' id='word_1_194' title='bbox 763 2756 910 2818; x_wconf 81' lang='grc' dir='ltr'>ὅλως</span> <span class='ocrx_word' id='word_1_195' title='bbox 970 2755 1046 2817; x_wconf 82' lang='grc' dir='ltr'>είς</span> <span class='ocrx_word' id='word_1_196' title='bbox 1113 2755 1356 2832; x_wconf 76' lang='grc' dir='ltr'>ἀνάγκην</span> <span class='ocrx_word' id='word_1_197' title='bbox 1413 2754 1784 2832; x_wconf 81' lang='grc' dir='ltr'>παραγγελίας</span> <span class='ocrx_word' id='word_1_198' title='bbox 1839 2754 2124 2825; x_wconf 74' lang='grc' dir='ltr'>τοιαύτης.</span> 
     </span>
    </p>
   </div>
   <div class='ocr_carea' id='block_1_30' title="bbox 469 2843 2125 2922">
    <p class='ocr_par' dir='ltr' id='par_1_30' title="bbox 469 2843 2125 2922">
     <span class='ocr_line' id='line_1_30' title="bbox 469 2843 2125 2922; baseline -0.002 -19"><span class='ocrx_word' id='word_1_199' title='bbox 469 2845 620 2903; x_wconf 80' lang='grc' dir='ltr'>Ἔδει</span> <span class='ocrx_word' id='word_1_200' title='bbox 651 2848 758 2922; x_wconf 71' lang='grc' dir='ltr'>γὰρ</span> <span class='ocrx_word' id='word_1_201' title='bbox 792 2845 958 2919; x_wconf 82' lang='grc' dir='ltr'>ὑμᾶς,</span> <span class='ocrx_word' id='word_1_202' title='bbox 1018 2847 1157 2918; x_wconf 75' lang='grc' dir='ltr'>μήτε</span> <span class='ocrx_word' id='word_1_203' title='bbox 1214 2843 1476 2916; x_wconf 79' lang='grc' dir='ltr'>δεηθῆναι</span> <span class='ocrx_word' id='word_1_204' title='bbox 1535 2845 1610 2907; x_wconf 81' lang='grc' dir='ltr'>είς</span> <span class='ocrx_word' id='word_1_205' title='bbox 1655 2848 1817 2900; x_wconf 89' lang='lat'><strong>10610</strong></span> <span class='ocrx_word' id='word_1_206' title='bbox 1870 2843 2125 2918; x_wconf 75' lang='grc' dir='ltr'>παραινέο</span> 
     </span>
    </p>
   </div>
   <div class='ocr_carea' id='block_1_31' title="bbox 471 2932 2129 3012">
    <p class='ocr_par' dir='ltr' id='par_1_31' title="bbox 471 2932 2129 3012">
     <span class='ocr_line' id='line_1_31' title="bbox 471 2932 2129 3012; baseline -0.002 -20"><span class='ocrx_word' id='word_1_207' title='bbox 471 2957 629 2999; x_wconf 84' lang='grc' dir='ltr'>σεως.</span> <span class='ocrx_word' id='word_1_208' title='bbox 663 2934 1038 3004; x_wconf 79' lang='grc' dir='ltr'>Οὐκέπαινιῖ),</span> <span class='ocrx_word' id='word_1_209' title='bbox 1081 2935 1237 3012; x_wconf 74' lang='grc' dir='ltr'>φησὶ,</span> <span class='ocrx_word' id='word_1_210' title='bbox 1269 2935 1331 2989; x_wconf 84' lang='grc' dir='ltr'>τὸ</span> <span class='ocrx_word' id='word_1_211' title='bbox 1389 2934 1737 3010; x_wconf 72' lang='grc' dir='ltr'>συνέρχεσθαι</span> <span class='ocrx_word' id='word_1_212' title='bbox 1800 2933 1963 3008; x_wconf 76' lang='grc' dir='ltr'>ὓμᾶς,</span> <span class='ocrx_word' id='word_1_213' title='bbox 2017 2932 2129 2988; x_wconf 82' lang='grc' dir='ltr'>καί·</span> 
     </span>
    </p>
   </div>
   <div class='ocr_carea' id='block_1_32' title="bbox 463 3022 2126 3099">
    <p class='ocr_par' dir='ltr' id='par_1_32' title="bbox 463 3022 2126 3099">
     <span class='ocr_line' id='line_1_32' title="bbox 463 3022 2126 3099; baseline -0.003 -16"><span class='ocrx_word' id='word_1_214' title='bbox 463 3047 552 3083; x_wconf 85' lang='grc' dir='ltr'>τοι</span> <span class='ocrx_word' id='word_1_215' title='bbox 582 3025 806 3081; x_wconf 77' lang='grc' dir='ltr'>ἐπαίνου</span> <span class='ocrx_word' id='word_1_216' title='bbox 863 3022 1008 3096; x_wconf 71' lang='grc' dir='ltr'>ἄξιον</span> <span class='ocrx_word' id='word_1_217' title='bbox 1067 3025 1160 3094; x_wconf 79' lang='grc' dir='ltr'>ἦν,</span> <span class='ocrx_word' id='word_1_218' title='bbox 1217 3023 1346 3081; x_wconf 79' lang='grc' dir='ltr'>ἀλλ’</span> <span class='ocrx_word' id='word_1_219' title='bbox 1403 3024 1558 3080; x_wconf 83' lang='grc' dir='ltr'>αὐτοὶ</span> <span class='ocrx_word' id='word_1_220' title='bbox 1615 3024 1744 3080; x_wconf 80' lang='grc' dir='ltr'>αὐτὸ</span> <span class='ocrx_word' id='word_1_221' title='bbox 1804 3025 1976 3099; x_wconf 80' lang='grc' dir='ltr'>ψόγου</span> <span class='ocrx_word' id='word_1_222' title='bbox 2035 3025 2126 3079; x_wconf 80' lang='grc' dir='ltr'>καὶ</span> 
     </span>
    </p>
   </div>
   <div class='ocr_carea' id='block_1_33' title="bbox 470 3111 2125 3192">
    <p class='ocr_par' dir='ltr' id='par_1_33' title="bbox 470 3111 2125 3192">
     <span class='ocr_line' id='line_1_33' title="bbox 470 3111 2125 3192; baseline -0.002 -22"><span class='ocrx_word' id='word_1_223' title='bbox 470 3115 799 3192; x_wconf 84' lang='grc' dir='ltr'>τατηγορίας</span> <span class='ocrx_word' id='word_1_224' title='bbox 828 3111 1002 3170; x_wconf 78' lang='grc' dir='ltr'>αἶ’τιον</span> <span class='ocrx_word' id='word_1_225' title='bbox 1037 3113 1353 3187; x_wconf 72' lang='grc' dir='ltr'>ἐποιήσατε,</span> <span class='ocrx_word' id='word_1_226' title='bbox 1401 3116 1514 3188; x_wconf 75' lang='grc' dir='ltr'>ἅμα</span> <span class='ocrx_word' id='word_1_227' title='bbox 1567 3114 1655 3170; x_wconf 72' lang='grc' dir='ltr'>καὶ</span> <span class='ocrx_word' id='word_1_228' title='bbox 1715 3114 2008 3186; x_wconf 77' lang='grc' dir='ltr'>ἐντρέπων,</span> <span class='ocrx_word' id='word_1_229' title='bbox 2043 3112 2125 3168; x_wconf 83' lang='grc' dir='ltr'>ὅτι</span> 
     </span>
    </p>
   </div>
   <div class='ocr_carea' id='block_1_34' title="bbox 470 3202 2127 3277">
    <p class='ocr_par' dir='ltr' id='par_1_34' title="bbox 470 3202 2127 3277">
     <span class='ocr_line' id='line_1_34' title="bbox 470 3202 2127 3277; baseline -0.002 -18"><span class='ocrx_word' id='word_1_230' title='bbox 470 3203 552 3275; x_wconf 75' lang='grc' dir='ltr'>ἐφ’</span> <span class='ocrx_word' id='word_1_231' title='bbox 582 3205 662 3266; x_wconf 78' lang='grc' dir='ltr'>οἶς</span> <span class='ocrx_word' id='word_1_232' title='bbox 694 3204 1018 3268; x_wconf 74' lang='grc' dir='ltr'>ἐπαινεῖσθαι</span> <span class='ocrx_word' id='word_1_233' title='bbox 1049 3203 1237 3266; x_wconf 78' lang='grc' dir='ltr'>αὐτοῖς</span> <span class='ocrx_word' id='word_1_234' title='bbox 1283 3202 1424 3275; x_wconf 77' lang='grc' dir='ltr'>ἐνῆν,</span> <span class='ocrx_word' id='word_1_235' title='bbox 1485 3204 1602 3259; x_wconf 80' lang='grc' dir='ltr'>ἀντὶ</span> <span class='ocrx_word' id='word_1_236' title='bbox 1660 3202 1857 3258; x_wconf 88' lang='grc' dir='ltr'>τούτου</span> <span class='ocrx_word' id='word_1_237' title='bbox 1915 3223 2127 3277; x_wconf 78' lang='grc' dir='ltr'>παραγ-</span> 
     </span>
    </p>
   </div>
   <div class='ocr_carea' id='block_1_35' title="bbox 470 3291 2121 3370">
    <p class='ocr_par' dir='ltr' id='par_1_35' title="bbox 470 3291 2121 3370">
     <span class='ocr_line' id='line_1_35' title="bbox 470 3291 2121 3370; baseline -0.001 -20"><span class='ocrx_word' id='word_1_238' title='bbox 470 3291 657 3370; x_wconf 70' lang='grc' dir='ltr'>γελίας</span> <span class='ocrx_word' id='word_1_239' title='bbox 685 3297 774 3349; x_wconf 88' lang='grc' dir='ltr'><strong>καί</strong></span> <span class='ocrx_word' id='word_1_240' title='bbox 822 3293 886 3350; x_wconf 86' lang='grc' dir='ltr'>τὸ</span> <span class='ocrx_word' id='word_1_241' title='bbox 947 3293 1024 3366; x_wconf 85' lang='grc' dir='ltr'>μή</span> <span class='ocrx_word' id='word_1_242' title='bbox 1077 3292 1406 3348; x_wconf 77' lang='grc' dir='ltr'>ἐπαινεῖσθαι</span> <span class='ocrx_word' id='word_1_243' title='bbox 1467 3295 1677 3355; x_wconf 76' lang='grc' dir='ltr'>ἑαυτοῖς</span> <span class='ocrx_word' id='word_1_244' title='bbox 1733 3291 2121 3348; x_wconf 75' lang='grc' dir='ltr'>ἐπεσπάσαντο.</span> 
     </span>
    </p>
   </div>
   <div class='ocr_carea' id='block_1_36' title="bbox 469 3380 2124 3458">
    <p class='ocr_par' dir='ltr' id='par_1_36' title="bbox 469 3380 2124 3458">
     <span class='ocr_line' id='line_1_36' title="bbox 469 3380 2124 3458; baseline -0.002 -19"><span class='ocrx_word' id='word_1_245' title='bbox 469 3384 621 3439; x_wconf 88' lang='grc' dir='ltr'>Διατί</span> <span class='ocrx_word' id='word_1_246' title='bbox 655 3380 712 3438; x_wconf 74' lang='grc' dir='ltr'>δὶ</span> <span class='ocrx_word' id='word_1_247' title='bbox 742 3381 840 3438; x_wconf 85' lang='grc' dir='ltr'>οὐκ</span> <span class='ocrx_word' id='word_1_248' title='bbox 870 3381 1075 3438; x_wconf 71' lang='grc' dir='ltr'>ἐπαινεῖ</span> <span class='ocrx_word' id='word_1_249' title='bbox 1097 3381 1160 3437; x_wconf 88' lang='grc' dir='ltr'>τὸ</span> <span class='ocrx_word' id='word_1_250' title='bbox 1193 3381 1544 3458; x_wconf 79' lang='grc' dir='ltr'>συνέρχεσθαι</span> <span class='ocrx_word' id='word_1_251' title='bbox 1588 3403 1603 3454; x_wconf 86' lang='grc'><strong>;</strong></span> <span class='ocrx_word' id='word_1_252' title='bbox 1641 3385 1765 3440; x_wconf 72' lang='lat' dir='ltr'>&quot;01L</span> <span class='ocrx_word' id='word_1_253' title='bbox 1799 3381 1897 3438; x_wconf 72' lang='grc' dir='ltr'>οὐκ</span> <span class='ocrx_word' id='word_1_254' title='bbox 1929 3381 2015 3438; x_wconf 80' lang='grc' dir='ltr'>ἐπὶ</span> <span class='ocrx_word' id='word_1_255' title='bbox 2046 3386 2124 3453; x_wconf 83' lang='grc' dir='ltr'>τῷ</span> 
     </span>
    </p>
   </div>
   <div class='ocr_carea' id='block_1_37' title="bbox 465 3467 2125 3549">
    <p class='ocr_par' dir='ltr' id='par_1_37' title="bbox 465 3467 2125 3549">
     <span class='ocr_line' id='line_1_37' title="bbox 465 3467 2125 3549; baseline -0.003 -20"><span class='ocrx_word' id='word_1_256' title='bbox 465 3473 768 3549; x_wconf 80' lang='grc' dir='ltr'>κρείττονι,</span> <span class='ocrx_word' id='word_1_257' title='bbox 801 3470 984 3546; x_wconf 80' lang='grc' dir='ltr'>ὥσπερ</span> <span class='ocrx_word' id='word_1_258' title='bbox 1017 3467 1147 3539; x_wconf 79' lang='grc' dir='ltr'>ἔδει,</span> <span class='ocrx_word' id='word_1_259' title='bbox 1181 3469 1311 3527; x_wconf 84' lang='grc' dir='ltr'>ἀλλ’</span> <span class='ocrx_word' id='word_1_260' title='bbox 1340 3471 1429 3527; x_wconf 76' lang='grc' dir='ltr'>ἐπὶ</span> <span class='ocrx_word' id='word_1_261' title='bbox 1475 3477 1554 3544; x_wconf 79' lang='grc' dir='ltr'>τῷ</span> <span class='ocrx_word' id='word_1_262' title='bbox 1611 3472 1818 3548; x_wconf 84' lang='grc' dir='ltr'>χείρονι</span> <span class='ocrx_word' id='word_1_263' title='bbox 1879 3470 2125 3546; x_wconf 80' lang='grc' dir='ltr'>συνέρχε-</span> 
     </span>
    </p>
   </div>
   <div class='ocr_carea' id='block_1_38' title="bbox 467 3559 2123 3641">
    <p class='ocr_par' dir='ltr' id='par_1_38' title="bbox 467 3559 2123 3641">
     <span class='ocr_line' id='line_1_38' title="bbox 467 3559 2123 3641; baseline -0.002 -24"><span class='ocrx_word' id='word_1_264' title='bbox 467 3574 580 3634; x_wconf 83' lang='grc' dir='ltr'>σθε,</span> <span class='ocrx_word' id='word_1_265' title='bbox 613 3559 741 3632; x_wconf 76' lang='grc' dir='ltr'>ἤτοι</span> <span class='ocrx_word' id='word_1_266' title='bbox 771 3559 860 3616; x_wconf 77' lang='grc' dir='ltr'>ἐπὶ</span> <span class='ocrx_word' id='word_1_267' title='bbox 890 3565 970 3633; x_wconf 79' lang='grc' dir='ltr'>τῷ</span> <span class='ocrx_word' id='word_1_268' title='bbox 997 3561 1279 3634; x_wconf 77' lang='grc' dir='ltr'>ἀτιμάζειν</span> <span class='ocrx_word' id='word_1_269' title='bbox 1311 3561 1437 3622; x_wconf 78' lang='grc' dir='ltr'>τοὺς</span> <span class='ocrx_word' id='word_1_270' title='bbox 1487 3560 1757 3641; x_wconf 74' lang='grc' dir='ltr'>ἀδελφοὺς</span> <span class='ocrx_word' id='word_1_271' title='bbox 1786 3562 1876 3617; x_wconf 83' lang='grc' dir='ltr'>καὶ</span> <span class='ocrx_word' id='word_1_272' title='bbox 1940 3581 2123 3616; x_wconf 80' lang='grc' dir='ltr'>καταιο</span> 
     </span>
    </p>
   </div>
   <div class='ocr_carea' id='block_1_39' title="bbox 468 3649 2123 3728">
    <p class='ocr_par' dir='ltr' id='par_1_39' title="bbox 468 3649 2123 3728">
     <span class='ocr_line' id='line_1_39' title="bbox 468 3649 2123 3728; baseline -0.003 -20"><span class='ocrx_word' id='word_1_273' title='bbox 468 3652 703 3727; x_wconf 80' lang='grc' dir='ltr'>σχύνειν,</span> <span class='ocrx_word' id='word_1_274' title='bbox 733 3651 822 3708; x_wconf 81' lang='grc' dir='ltr'>καὶ</span> <span class='ocrx_word' id='word_1_275' title='bbox 854 3653 957 3720; x_wconf 76' lang='grc' dir='ltr'>τὴν</span> <span class='ocrx_word' id='word_1_276' title='bbox 984 3650 1278 3720; x_wconf 83' lang='grc' dir='ltr'>ἀλαζονίαν</span> <span class='ocrx_word' id='word_1_277' title='bbox 1330 3653 1484 3724; x_wconf 81' lang='grc' dir='ltr'>ὑμῶν</span> <span class='ocrx_word' id='word_1_278' title='bbox 1543 3653 1632 3707; x_wconf 87' lang='grc' dir='ltr'>καὶ</span> <span class='ocrx_word' id='word_1_279' title='bbox 1689 3649 2123 3728; x_wconf 78' lang='grc' dir='ltr'>γαστριμαργίαν</span> 
     </span>
    </p>
   </div>
   <div class='ocr_carea' id='block_1_40' title="bbox 479 3738 2126 3816">
    <p class='ocr_par' dir='ltr' id='par_1_40' title="bbox 479 3738 2126 3816">
     <span class='ocr_line' id='line_1_40' title="bbox 479 3738 2126 3816; baseline -0.002 -19"><span class='ocrx_word' id='word_1_280' title='bbox 479 3739 896 3806; x_wconf 74' lang='grc' dir='ltr'>ἰπιδείκνυσθσι.</span> <span class='ocrx_word' id='word_1_281' title='bbox 933 3765 962 3793; x_wconf 78' lang='grc' dir='ltr'>(ι</span> <span class='ocrx_word' id='word_1_282' title='bbox 992 3743 1110 3795; x_wconf 87' lang='grc' dir='ltr'>Ὅνι</span> <span class='ocrx_word' id='word_1_283' title='bbox 1152 3741 1253 3796; x_wconf 86' lang='grc' dir='ltr'>ούκ</span> <span class='ocrx_word' id='word_1_284' title='bbox 1299 3741 1374 3803; x_wconf 70' lang='grc' dir='ltr'>εἲς</span> <span class='ocrx_word' id='word_1_285' title='bbox 1427 3741 1490 3796; x_wconf 89' lang='grc' dir='ltr'>τὸ</span> <span class='ocrx_word' id='word_1_286' title='bbox 1546 3747 1814 3816; x_wconf 81' lang='grc' dir='ltr'>κρεῖττον.</span> <span class='ocrx_word' id='word_1_287' title='bbox 1851 3766 1878 3792; x_wconf 84' lang='grc'><strong>››</strong></span> <span class='ocrx_word' id='word_1_288' title='bbox 1910 3743 2026 3798; x_wconf 83' lang='grc' dir='ltr'>Ἵνα</span> <span class='ocrx_word' id='word_1_289' title='bbox 2074 3738 2126 3794; x_wconf 87' lang='grc' dir='ltr'>τί</span> 
     </span>
    </p>
   </div>
   <div class='ocr_carea' id='block_1_41' title="bbox 472 3827 2127 3909">
    <p class='ocr_par' dir='ltr' id='par_1_41' title="bbox 472 3827 2127 3909">
     <span class='ocr_line' id='line_1_41' title="bbox 472 3827 2127 3909; baseline -0.001 -23"><span class='ocrx_word' id='word_1_290' title='bbox 472 3829 566 3886; x_wconf 86' lang='grc' dir='ltr'>εύκ</span> <span class='ocrx_word' id='word_1_291' title='bbox 595 3829 824 3893; x_wconf 79' lang='grc' dir='ltr'>ἐπαινεῖς</span> <span class='ocrx_word' id='word_1_292' title='bbox 859 3850 872 3899; x_wconf 89' lang='lat'><strong>;</strong></span> <span class='ocrx_word' id='word_1_293' title='bbox 903 3832 1050 3899; x_wconf 53' lang='grc' dir='ltr'>ῩὉτι,</span> <span class='ocrx_word' id='word_1_294' title='bbox 1083 3830 1270 3909; x_wconf 72' lang='grc' dir='ltr'>φησὶν,</span> <span class='ocrx_word' id='word_1_295' title='bbox 1303 3832 1404 3886; x_wconf 76' lang='grc' dir='ltr'>οὐκ</span> <span class='ocrx_word' id='word_1_296' title='bbox 1443 3829 1520 3894; x_wconf 72' lang='grc' dir='ltr'>εἲς</span> <span class='ocrx_word' id='word_1_297' title='bbox 1577 3831 1640 3886; x_wconf 86' lang='grc' dir='ltr'>τὸ</span> <span class='ocrx_word' id='word_1_298' title='bbox 1698 3836 1967 3906; x_wconf 84' lang='grc' dir='ltr'>κρεῖττον,</span> <span class='ocrx_word' id='word_1_299' title='bbox 1999 3827 2127 3884; x_wconf 85' lang='grc' dir='ltr'>ἀλλ’</span> 
     </span>
    </p>
   </div>
   <div class='ocr_carea' id='block_1_42' title="bbox 468 3921 2127 3997">
    <p class='ocr_par' dir='ltr' id='par_1_42' title="bbox 468 3921 2127 3997">
     <span class='ocr_line' id='line_1_42' title="bbox 468 3921 2127 3997; baseline 0 -20"><span class='ocrx_word' id='word_1_300' title='bbox 468 3921 545 3984; x_wconf 82' lang='grc' dir='ltr'>είς</span> <span class='ocrx_word' id='word_1_301' title='bbox 575 3922 638 3976; x_wconf 87' lang='grc' dir='ltr'>τὸ</span> <span class='ocrx_word' id='word_1_302' title='bbox 667 3923 832 3990; x_wconf 82' lang='grc' dir='ltr'>ἧττον</span> <span class='ocrx_word' id='word_1_303' title='bbox 870 3923 1216 3997; x_wconf 80' lang='grc' dir='ltr'>συνέρχεσθε.</span> <span class='ocrx_word' id='word_1_304' title='bbox 1259 3924 1389 3978; x_wconf 85' lang='grc' dir='ltr'>Δέον</span> <span class='ocrx_word' id='word_1_305' title='bbox 1421 3924 1526 3997; x_wconf 74' lang='grc' dir='ltr'>γὰρ</span> <span class='ocrx_word' id='word_1_306' title='bbox 1588 3923 1726 3996; x_wconf 77' lang='grc' dir='ltr'>ὑμᾶς</span> <span class='ocrx_word' id='word_1_307' title='bbox 1784 3923 1874 3978; x_wconf 75' lang='grc' dir='ltr'>καὶ</span> <span class='ocrx_word' id='word_1_308' title='bbox 1905 3921 2127 3978; x_wconf 78' lang='grc' dir='ltr'>ἐπιδοῦ-</span> 
     </span>
    </p>
   </div>
   <div class='ocr_carea' id='block_1_43' title="bbox 472 4010 2127 4090">
    <p class='ocr_par' dir='ltr' id='par_1_43' title="bbox 472 4010 2127 4090">
     <span class='ocr_line' id='line_1_43' title="bbox 472 4010 2127 4090; baseline 0.003 -24"><span class='ocrx_word' id='word_1_309' title='bbox 472 4033 559 4067; x_wconf 87' lang='grc' dir='ltr'>ναι</span> <span class='ocrx_word' id='word_1_310' title='bbox 601 4012 738 4086; x_wconf 85' lang='grc' dir='ltr'>πρὸς</span> <span class='ocrx_word' id='word_1_311' title='bbox 792 4011 1012 4088; x_wconf 72' lang='grc' dir='ltr'>ἀρετήν,</span> <span class='ocrx_word' id='word_1_312' title='bbox 1069 4011 1223 4066; x_wconf 76' lang='grc' dir='ltr'>αὐτοὶ</span> <span class='ocrx_word' id='word_1_313' title='bbox 1282 4013 1373 4067; x_wconf 84' lang='grc' dir='ltr'>καὶ</span> <span class='ocrx_word' id='word_1_314' title='bbox 1430 4012 1495 4082; x_wconf 70' lang='grc' dir='ltr'>ἣν</span> <span class='ocrx_word' id='word_1_315' title='bbox 1547 4011 1726 4088; x_wconf 79' lang='grc' dir='ltr'>εἶ’χετε</span> <span class='ocrx_word' id='word_1_316' title='bbox 1775 4010 2127 4090; x_wconf 71' lang='grc' dir='ltr'>διεφθείρατε.</span> 
     </span>
    </p>
   </div>
   <div class='ocr_carea' id='block_1_44' title="bbox 475 4101 2132 4178">
    <p class='ocr_par' dir='ltr' id='par_1_44' title="bbox 475 4101 2132 4178">
     <span class='ocr_line' id='line_1_44' title="bbox 475 4101 2132 4178; baseline 0.002 -25"><span class='ocrx_word' id='word_1_317' title='bbox 475 4125 504 4153; x_wconf 82' lang='grc'>‹‹</span> <span class='ocrx_word' id='word_1_318' title='bbox 541 4105 762 4175; x_wconf 83' lang='grc' dir='ltr'>Πρῶτον</span> <span class='ocrx_word' id='word_1_319' title='bbox 799 4101 894 4174; x_wconf 72' lang='grc' dir='ltr'>μὶν</span> <span class='ocrx_word' id='word_1_320' title='bbox 926 4102 1026 4175; x_wconf 79' lang='grc' dir='ltr'>γὰρ</span> <span class='ocrx_word' id='word_1_321' title='bbox 1089 4103 1504 4178; x_wconf 82' lang='grc' dir='ltr'>συνερχομένων</span> <span class='ocrx_word' id='word_1_322' title='bbox 1563 4104 1737 4176; x_wconf 79' lang='grc' dir='ltr'>ὑμῶν.</span> <span class='ocrx_word' id='word_1_323' title='bbox 1778 4128 1798 4154; x_wconf 76' lang='grc' dir='ltr'>ι</span> <span class='ocrx_word' id='word_1_324' title='bbox 1856 4104 1917 4160; x_wconf 86' lang='grc' dir='ltr'><strong>Ἦ</strong></span> <span class='ocrx_word' id='word_1_325' title='bbox 1985 4102 2132 4158; x_wconf 74' lang='grc' dir='ltr'>αἷτία</span> 
     </span>
    </p>
   </div>
   <div class='ocr_carea' id='block_1_45' title="bbox 471 4189 2132 4269">
    <p class='ocr_par' dir='ltr' id='par_1_45' title="bbox 471 4189 2132 4269">
     <span class='ocr_line' id='line_1_45' title="bbox 471 4189 2132 4269; baseline 0.001 -23"><span class='ocrx_word' id='word_1_326' title='bbox 471 4195 571 4246; x_wconf 90' lang='lat'>106</span> <span class='ocrx_word' id='word_1_327' title='bbox 601 4194 692 4244; x_wconf 83' lang='lat' dir='ltr'>v6v</span> <span class='ocrx_word' id='word_1_328' title='bbox 720 4189 1021 4267; x_wconf 74' lang='grc' dir='ltr'>κεφαλαίου</span> <span class='ocrx_word' id='word_1_329' title='bbox 1055 4189 1192 4263; x_wconf 78' lang='grc' dir='ltr'>αὕτη</span> <span class='ocrx_word' id='word_1_330' title='bbox 1226 4193 1315 4260; x_wconf 84' lang='grc' dir='ltr'>ἧν.</span> <span class='ocrx_word' id='word_1_331' title='bbox 1351 4195 1482 4269; x_wconf 82' lang='grc' dir='ltr'>Παρ’</span> <span class='ocrx_word' id='word_1_332' title='bbox 1533 4191 1718 4255; x_wconf 79' lang='grc' dir='ltr'>αὐτοῖς</span> <span class='ocrx_word' id='word_1_333' title='bbox 1777 4191 1964 4248; x_wconf 83' lang='grc' dir='ltr'>δεῖπνα</span> <span class='ocrx_word' id='word_1_334' title='bbox 2022 4197 2132 4249; x_wconf 89' lang='grc' dir='ltr'>Κυ-</span> 
     </span>
    </p>
   </div>
   <div class='ocr_carea' id='block_1_46' title="bbox 474 4278 2131 4360">
    <p class='ocr_par' dir='ltr' id='par_1_46' title="bbox 474 4278 2131 4360">
     <span class='ocr_line' id='line_1_46' title="bbox 474 4278 2131 4360; baseline 0.001 -26"><span class='ocrx_word' id='word_1_335' title='bbox 474 4281 637 4355; x_wconf 82' lang='grc' dir='ltr'>ριακᾶ</span> <span class='ocrx_word' id='word_1_336' title='bbox 667 4279 900 4354; x_wconf 68' lang='grc' dir='ltr'>ἐγίνετο,</span> <span class='ocrx_word' id='word_1_337' title='bbox 931 4278 1131 4354; x_wconf 80' lang='grc' dir='ltr'>ἐγίνετο</span> <span class='ocrx_word' id='word_1_338' title='bbox 1179 4279 1237 4336; x_wconf 70' lang='grc' dir='ltr'>δὲ</span> <span class='ocrx_word' id='word_1_339' title='bbox 1267 4281 1462 4347; x_wconf 74' lang='grc' dir='ltr'>οὕτως.</span> <span class='ocrx_word' id='word_1_340' title='bbox 1511 4284 1655 4338; x_wconf 81' lang='grc' dir='ltr'>Κατά</span> <span class='ocrx_word' id='word_1_341' title='bbox 1711 4283 1940 4360; x_wconf 77' lang='grc' dir='ltr'>φανερὰς</span> <span class='ocrx_word' id='word_1_342' title='bbox 1993 4281 2131 4355; x_wconf 74' lang='grc' dir='ltr'>ἡμέ-</span> 
     </span>
    </p>
   </div>
   <div class='ocr_carea' id='block_1_47' title="bbox 473 4366 2132 4448">
    <p class='ocr_par' dir='ltr' id='par_1_47' title="bbox 473 4366 2132 4448">
     <span class='ocr_line' id='line_1_47' title="bbox 473 4366 2132 4448; baseline 0 -24"><span class='ocrx_word' id='word_1_343' title='bbox 473 4389 568 4445; x_wconf 90' lang='grc' dir='ltr'>ρας</span> <span class='ocrx_word' id='word_1_344' title='bbox 624 4366 798 4444; x_wconf 74' lang='grc' dir='ltr'>ἤγουν</span> <span class='ocrx_word' id='word_1_345' title='bbox 859 4370 1219 4444; x_wconf 67' lang='grc' dir='ltr'>ἑορτασίμους</span> <span class='ocrx_word' id='word_1_346' title='bbox 1281 4371 1419 4443; x_wconf 82' lang='grc' dir='ltr'>μετὰ</span> <span class='ocrx_word' id='word_1_347' title='bbox 1471 4373 1572 4440; x_wconf 79' lang='grc' dir='ltr'>τήν</span> <span class='ocrx_word' id='word_1_348' title='bbox 1629 4375 1736 4425; x_wconf 79' lang='grc' dir='ltr'>τῶν</span> <span class='ocrx_word' id='word_1_349' title='bbox 1795 4371 1968 4448; x_wconf 80' lang='grc' dir='ltr'>ἁγίων</span> <span class='ocrx_word' id='word_1_350' title='bbox 2033 4393 2132 4443; x_wconf 87' lang='grc' dir='ltr'>μυ-</span> 
     </span>
    </p>
   </div>
   <div class='ocr_carea' id='block_1_48' title="bbox 471 4455 2134 4532">
    <p class='ocr_par' dir='ltr' id='par_1_48' title="bbox 471 4455 2134 4532">
     <span class='ocr_line' id='line_1_48' title="bbox 471 4455 2134 4532; baseline 0 -20"><span class='ocrx_word' id='word_1_351' title='bbox 471 4456 713 4527; x_wconf 69' lang='grc' dir='ltr'>στηρίων</span> <span class='ocrx_word' id='word_1_352' title='bbox 751 4455 1084 4530; x_wconf 80' lang='grc' dir='ltr'>μετάληψιν,</span> <span class='ocrx_word' id='word_1_353' title='bbox 1120 4457 1328 4532; x_wconf 76' lang='grc' dir='ltr'>ἐγινετο</span> <span class='ocrx_word' id='word_1_354' title='bbox 1387 4457 1579 4514; x_wconf 85' lang='grc' dir='ltr'>δεῖπνα</span> <span class='ocrx_word' id='word_1_355' title='bbox 1607 4460 1784 4529; x_wconf 84' lang='grc' dir='ltr'>κοινὰ,</span> <span class='ocrx_word' id='word_1_356' title='bbox 1815 4462 1923 4513; x_wconf 84' lang='grc' dir='ltr'>τῶν</span> <span class='ocrx_word' id='word_1_357' title='bbox 1956 4457 2134 4514; x_wconf 89' lang='grc' dir='ltr'>πλου-</span> 
     </span>
    </p>
   </div>
   <div class='ocr_carea' id='block_1_49' title="bbox 470 4549 2135 4623">
    <p class='ocr_par' dir='ltr' id='par_1_49' title="bbox 470 4549 2135 4623">
     <span class='ocr_line' id='line_1_49' title="bbox 470 4549 2135 4623; baseline 0 -20"><span class='ocrx_word' id='word_1_358' title='bbox 470 4549 709 4603; x_wconf 85' lang='grc' dir='ltr'>τούντων</span> <span class='ocrx_word' id='word_1_359' title='bbox 741 4549 1282 4620; x_wconf 74' lang='grc' dir='ltr'>παρασκευαζόντων,</span> <span class='ocrx_word' id='word_1_360' title='bbox 1313 4549 1405 4602; x_wconf 83' lang='grc' dir='ltr'>καὶ</span> <span class='ocrx_word' id='word_1_361' title='bbox 1456 4549 1584 4612; x_wconf 77' lang='grc' dir='ltr'>τοὺς</span> <span class='ocrx_word' id='word_1_362' title='bbox 1645 4550 1878 4619; x_wconf 86' lang='grc' dir='ltr'>πένητας</span> <span class='ocrx_word' id='word_1_363' title='bbox 1939 4569 2135 4623; x_wconf 80' lang='grc' dir='ltr'>συγκα-</span> 
     </span>
    </p>
   </div>
   <div class='ocr_carea' id='block_1_50' title="bbox 473 4627 2215 4716">
    <p class='ocr_par' dir='ltr' id='par_1_50' title="bbox 473 4627 2215 4716">
     <span class='ocr_line' id='line_1_50' title="bbox 473 4627 2215 4716; baseline -0.001 -25"><span class='ocrx_word' id='word_1_364' title='bbox 473 4635 780 4708; x_wconf 82' lang='grc' dir='ltr'>λουμένων.</span> <span class='ocrx_word' id='word_1_365' title='bbox 814 4639 993 4694; x_wconf 79' lang='grc' dir='ltr'>Τοῦτο</span> <span class='ocrx_word' id='word_1_366' title='bbox 1026 4634 1082 4692; x_wconf 74' lang='grc' dir='ltr'>δὲ</span> <span class='ocrx_word' id='word_1_367' title='bbox 1107 4638 1176 4706; x_wconf 77' lang='grc' dir='ltr'>ἦν</span> <span class='ocrx_word' id='word_1_368' title='bbox 1210 4638 1476 4716; x_wconf 82' lang='grc' dir='ltr'>πρόφασις</span> <span class='ocrx_word' id='word_1_369' title='bbox 1524 4638 1744 4714; x_wconf 80' lang='grc' dir='ltr'>ἀγάπης</span> <span class='ocrx_word' id='word_1_370' title='bbox 1799 4637 1889 4692; x_wconf 80' lang='grc' dir='ltr'>καὶ</span> <span class='ocrx_word' id='word_1_371' title='bbox 1948 4658 2134 4693; x_wconf 72' lang='grc' dir='ltr'>ταπει-</span> <span class='ocrx_word' id='word_1_372' title='bbox 2167 4627 2215 4690; x_wconf 80' lang='grc' dir='ltr'>Ῑ)</span> 
     </span>
    </p>
   </div>
   <div class='ocr_carea' id='block_1_51' title="bbox 475 4725 2137 4803">
    <p class='ocr_par' dir='ltr' id='par_1_51' title="bbox 475 4725 2137 4803">
     <span class='ocr_line' id='line_1_51' title="bbox 475 4725 2137 4803; baseline 0.001 -24"><span class='ocrx_word' id='word_1_373' title='bbox 475 4725 842 4802; x_wconf 72' lang='grc' dir='ltr'>νοφροσύνης.</span> <span class='ocrx_word' id='word_1_374' title='bbox 905 4726 1054 4782; x_wconf 78' lang='grc' dir='ltr'>Ἐπεὶ</span> <span class='ocrx_word' id='word_1_375' title='bbox 1139 4727 1231 4781; x_wconf 74' lang='grc' dir='ltr'>οὖν</span> <span class='ocrx_word' id='word_1_376' title='bbox 1313 4729 1375 4782; x_wconf 85' lang='grc' dir='ltr'>τὸ</span> <span class='ocrx_word' id='word_1_377' title='bbox 1430 4728 1638 4783; x_wconf 85' lang='grc' dir='ltr'>τούτων</span> <span class='ocrx_word' id='word_1_378' title='bbox 1689 4728 1907 4803; x_wconf 81' lang='grc' dir='ltr'>ἀγαθῶν</span> <span class='ocrx_word' id='word_1_379' title='bbox 1962 4725 2137 4782; x_wconf 67' lang='grc' dir='ltr'>αἴτιον</span> 
     </span>
    </p>
   </div>
   <div class='ocr_carea' id='block_1_52' title="bbox 478 4814 2134 4894">
    <p class='ocr_par' dir='ltr' id='par_1_52' title="bbox 478 4814 2134 4894">
     <span class='ocr_line' id='line_1_52' title="bbox 478 4814 2134 4894; baseline 0.002 -26"><span class='ocrx_word' id='word_1_380' title='bbox 478 4814 866 4891; x_wconf 67' lang='grc' dir='ltr'>παρεφθείρετο</span> <span class='ocrx_word' id='word_1_381' title='bbox 899 4859 914 4886; x_wconf 90' lang='grc'>,</span> <span class='ocrx_word' id='word_1_382' title='bbox 973 4815 1172 4887; x_wconf 79' lang='grc' dir='ltr'>ἐδεήθη</span> <span class='ocrx_word' id='word_1_383' title='bbox 1225 4822 1326 4872; x_wconf 73' lang='lat'>106</span> <span class='ocrx_word' id='word_1_384' title='bbox 1391 4819 1614 4893; x_wconf 78' lang='grc' dir='ltr'>γράψαι·</span> <span class='ocrx_word' id='word_1_385' title='bbox 1678 4842 1705 4868; x_wconf 90' lang='grc'>‹‹</span> <span class='ocrx_word' id='word_1_386' title='bbox 1740 4819 1956 4874; x_wconf 80' lang='grc' dir='ltr'>Ἀκούω</span> <span class='ocrx_word' id='word_1_387' title='bbox 2011 4816 2134 4894; x_wconf 83' lang='grc' dir='ltr'>σχί-</span> 
     </span>
    </p>
   </div>
   <div class='ocr_carea' id='block_1_53' title="bbox 480 4903 2136 4982">
    <p class='ocr_par' dir='ltr' id='par_1_53' title="bbox 480 4903 2136 4982">
     <span class='ocr_line' id='line_1_53' title="bbox 480 4903 2136 4982; baseline 0.003 -25"><span class='ocrx_word' id='word_1_388' title='bbox 480 4924 658 4977; x_wconf 81' lang='grc' dir='ltr'>σματα</span> <span class='ocrx_word' id='word_1_389' title='bbox 708 4903 764 4960; x_wconf 77' lang='grc' dir='ltr'>ἐν</span> <span class='ocrx_word' id='word_1_390' title='bbox 829 4906 977 4978; x_wconf 80' lang='grc' dir='ltr'>ὑμῖν.</span> <span class='ocrx_word' id='word_1_391' title='bbox 1014 4932 1035 4960; x_wconf 78' lang='grc' dir='ltr'>ι</span> <span class='ocrx_word' id='word_1_392' title='bbox 1105 4906 1214 4962; x_wconf 87' lang='grc' dir='ltr'>Ούκ</span> <span class='ocrx_word' id='word_1_393' title='bbox 1268 4905 1423 4970; x_wconf 68' lang='grc' dir='ltr'>εὐθὺς</span> <span class='ocrx_word' id='word_1_394' title='bbox 1483 4903 1540 4962; x_wconf 66' lang='grc' dir='ltr'>δέ</span> <span class='ocrx_word' id='word_1_395' title='bbox 1589 4907 1665 4968; x_wconf 72' lang='grc' dir='ltr'>εἷς</span> <span class='ocrx_word' id='word_1_396' title='bbox 1715 4908 1809 4963; x_wconf 87' lang='grc' dir='ltr'>τὸν</span> <span class='ocrx_word' id='word_1_397' title='bbox 1865 4907 1989 4982; x_wconf 82' lang='grc' dir='ltr'>περὶ</span> <span class='ocrx_word' id='word_1_398' title='bbox 2038 4910 2136 4962; x_wconf 88' lang='lat'>106</span> 
     </span>
    </p>
   </div>
   <div class='ocr_carea' id='block_1_54' title="bbox 475 4990 2135 5070">
    <p class='ocr_par' dir='ltr' id='par_1_54' title="bbox 475 4990 2135 5070">
     <span class='ocr_line' id='line_1_54' title="bbox 475 4990 2135 5070; baseline 0.001 -21"><span class='ocrx_word' id='word_1_399' title='bbox 475 4995 753 5067; x_wconf 81' lang='grc' dir='ltr'>Κυριακοῦ</span> <span class='ocrx_word' id='word_1_400' title='bbox 785 4990 1002 5050; x_wconf 83' lang='grc' dir='ltr'>δείπνου</span> <span class='ocrx_word' id='word_1_401' title='bbox 1060 4993 1232 5070; x_wconf 87' lang='grc' dir='ltr'>λόγον</span> <span class='ocrx_word' id='word_1_402' title='bbox 1291 4995 1563 5065; x_wconf 77' lang='grc' dir='ltr'>εἰσῆλθεν,</span> <span class='ocrx_word' id='word_1_403' title='bbox 1596 4993 1724 5051; x_wconf 80' lang='grc' dir='ltr'>ἀλλ’</span> <span class='ocrx_word' id='word_1_404' title='bbox 1783 4997 1988 5060; x_wconf 83' lang='grc' dir='ltr'>ἄνωθεν</span> <span class='ocrx_word' id='word_1_405' title='bbox 2049 4994 2135 5050; x_wconf 84' lang='grc' dir='ltr'>έκ-</span> 
     </span>
    </p>
   </div>
   <div class='ocr_carea' id='block_1_55' title="bbox 471 5083 2135 5162">
    <p class='ocr_par' dir='ltr' id='par_1_55' title="bbox 471 5083 2135 5162">
     <span class='ocr_line' id='line_1_55' title="bbox 471 5083 2135 5162; baseline 0.002 -25"><span class='ocrx_word' id='word_1_406' title='bbox 471 5083 663 5138; x_wconf 79' lang='grc' dir='ltr'>κόπτει</span> <span class='ocrx_word' id='word_1_407' title='bbox 692 5085 754 5139; x_wconf 83' lang='grc' dir='ltr'>τὸ</span> <span class='ocrx_word' id='word_1_408' title='bbox 794 5086 978 5142; x_wconf 83' lang='grc' dir='ltr'>κακόν.</span> <span class='ocrx_word' id='word_1_409' title='bbox 1044 5085 1140 5140; x_wconf 82' lang='grc' dir='ltr'>Καὶ</span> <span class='ocrx_word' id='word_1_410' title='bbox 1194 5086 1296 5162; x_wconf 78' lang='grc' dir='ltr'>γὰρ</span> <span class='ocrx_word' id='word_1_411' title='bbox 1356 5087 1445 5140; x_wconf 84' lang='grc' dir='ltr'>καὶ</span> <span class='ocrx_word' id='word_1_412' title='bbox 1501 5087 1563 5141; x_wconf 87' lang='grc' dir='ltr'>τὸ</span> <span class='ocrx_word' id='word_1_413' title='bbox 1619 5087 1695 5160; x_wconf 83' lang='grc' dir='ltr'>μή</span> <span class='ocrx_word' id='word_1_414' title='bbox 1756 5087 1988 5141; x_wconf 69' lang='grc' dir='ltr'>συνιέναι</span> <span class='ocrx_word' id='word_1_415' title='bbox 2045 5085 2135 5140; x_wconf 81' lang='grc' dir='ltr'>καὶ</span> 
     </span>
    </p>
   </div>
   <div class='ocr_carea' id='block_1_56' title="bbox 481 5170 2135 5250">
    <p class='ocr_par' dir='ltr' id='par_1_56' title="bbox 481 5170 2135 5250">
     <span class='ocr_line' id='line_1_56' title="bbox 481 5170 2135 5250; baseline 0.002 -24"><span class='ocrx_word' id='word_1_416' title='bbox 481 5170 782 5228; x_wconf 84' lang='grc' dir='ltr'>συνδειπεῖν</span> <span class='ocrx_word' id='word_1_417' title='bbox 856 5175 990 5248; x_wconf 83' lang='grc' dir='ltr'>μετὰ</span> <span class='ocrx_word' id='word_1_418' title='bbox 1047 5181 1155 5230; x_wconf 80' lang='grc' dir='ltr'>τῶν</span> <span class='ocrx_word' id='word_1_419' title='bbox 1215 5178 1490 5246; x_wconf 80' lang='grc' dir='ltr'>πενήτων,</span> <span class='ocrx_word' id='word_1_420' title='bbox 1548 5175 1761 5250; x_wconf 88' lang='grc' dir='ltr'>σχίσμα</span> <span class='ocrx_word' id='word_1_421' title='bbox 1818 5177 1908 5245; x_wconf 76' lang='grc' dir='ltr'>ἦν.</span> <span class='ocrx_word' id='word_1_422' title='bbox 1975 5196 1998 5225; x_wconf 74' lang='grc' dir='ltr'>ι</span> <span class='ocrx_word' id='word_1_423' title='bbox 2034 5175 2135 5231; x_wconf 81' lang='grc' dir='ltr'>Καὶ</span> 
     </span>
    </p>
   </div>
   <div class='ocr_carea' id='block_1_57' title="bbox 483 5262 2134 5340">
    <p class='ocr_par' dir='ltr' id='par_1_57' title="bbox 483 5262 2134 5340">
     <span class='ocr_line' id='line_1_57' title="bbox 483 5262 2134 5340; baseline 0.002 -24"><span class='ocrx_word' id='word_1_424' title='bbox 483 5262 648 5337; x_wconf 87' lang='grc' dir='ltr'>μέρος</span> <span class='ocrx_word' id='word_1_425' title='bbox 678 5283 732 5317; x_wconf 88' lang='grc' dir='ltr'>τι</span> <span class='ocrx_word' id='word_1_426' title='bbox 781 5263 1043 5321; x_wconf 78' lang='grc' dir='ltr'>πιστεύω.</span> <span class='ocrx_word' id='word_1_427' title='bbox 1075 5288 1105 5316; x_wconf 87' lang='grc'><strong>››</strong></span> <span class='ocrx_word' id='word_1_428' title='bbox 1163 5267 1448 5336; x_wconf 87' lang='grc' dir='ltr'>Τουτέστι,</span> <span class='ocrx_word' id='word_1_429' title='bbox 1499 5265 1704 5340; x_wconf 82' lang='grc' dir='ltr'>Μικρὸν</span> <span class='ocrx_word' id='word_1_430' title='bbox 1761 5286 1817 5320; x_wconf 91' lang='grc' dir='ltr'>τι</span> <span class='ocrx_word' id='word_1_431' title='bbox 1877 5265 2134 5320; x_wconf 77' lang='grc' dir='ltr'>πιστεύω.</span> 
     </span>
    </p>
   </div>
   <div class='ocr_carea' id='block_1_58' title="bbox 478 5351 2137 5434">
    <p class='ocr_par' dir='ltr' id='par_1_58' title="bbox 478 5351 2137 5434">
     <span class='ocr_line' id='line_1_58' title="bbox 478 5351 2137 5434; baseline 0 -26"><span class='ocrx_word' id='word_1_432' title='bbox 478 5356 652 5408; x_wconf 78' lang='grc' dir='ltr'>Τοῦτο</span> <span class='ocrx_word' id='word_1_433' title='bbox 735 5351 932 5428; x_wconf 81' lang='grc' dir='ltr'>λέγων,</span> <span class='ocrx_word' id='word_1_434' title='bbox 1017 5354 1105 5409; x_wconf 69' lang='grc' dir='ltr'>ἳνα</span> <span class='ocrx_word' id='word_1_435' title='bbox 1185 5355 1262 5428; x_wconf 83' lang='grc' dir='ltr'>μή</span> <span class='ocrx_word' id='word_1_436' title='bbox 1340 5353 1864 5434; x_wconf 81' lang='grc' dir='ltr'>ἀναισχυντοτέρους</span> <span class='ocrx_word' id='word_1_437' title='bbox 1939 5353 2137 5417; x_wconf 79' lang='grc' dir='ltr'>αὐτοὺς</span> 
     </span>
    </p>
   </div>
   <div class='ocr_carea' id='block_1_59' title="bbox 479 5442 2137 5521">
    <p class='ocr_par' dir='ltr' id='par_1_59' title="bbox 479 5442 2137 5521">
     <span class='ocr_line' id='line_1_59' title="bbox 479 5442 2137 5521; baseline 0.001 -25"><span class='ocrx_word' id='word_1_438' title='bbox 479 5444 712 5518; x_wconf 69' lang='grc' dir='ltr'>ποιήσῃ.</span> <span class='ocrx_word' id='word_1_439' title='bbox 761 5442 901 5502; x_wconf 76' lang='grc' dir='ltr'>Οὔτε</span> <span class='ocrx_word' id='word_1_440' title='bbox 985 5447 1131 5502; x_wconf 79' lang='grc' dir='ltr'>εἶπεν</span> <span class='ocrx_word' id='word_1_441' title='bbox 1190 5446 1425 5511; x_wconf 79' lang='grc' dir='ltr'>ἀπιστῶ,</span> <span class='ocrx_word' id='word_1_442' title='bbox 1480 5445 1574 5502; x_wconf 77' lang='grc' dir='ltr'>’ίνα</span> <span class='ocrx_word' id='word_1_443' title='bbox 1634 5449 1711 5521; x_wconf 79' lang='grc' dir='ltr'>μή</span> <span class='ocrx_word' id='word_1_444' title='bbox 1773 5445 1900 5520; x_wconf 75' lang='grc' dir='ltr'>δόξῃ</span> <span class='ocrx_word' id='word_1_445' title='bbox 1959 5446 2137 5520; x_wconf 84' lang='grc' dir='ltr'>μάτην</span> 
     </span>
    </p>
   </div>
   <div class='ocr_carea' id='block_1_60' title="bbox 478 5529 2142 5614">
    <p class='ocr_par' dir='ltr' id='par_1_60' title="bbox 478 5529 2142 5614">
     <span class='ocr_line' id='line_1_60' title="bbox 478 5529 2142 5614; baseline 0.003 -29"><span class='ocrx_word' id='word_1_446' title='bbox 478 5529 755 5606; x_wconf 66' lang='grc' dir='ltr'>ξπιτιμᾷν.</span> <span class='ocrx_word' id='word_1_447' title='bbox 817 5533 997 5592; x_wconf 80' lang='grc' dir='ltr'>Ἀλλὰ</span> <span class='ocrx_word' id='word_1_448' title='bbox 1056 5535 1261 5612; x_wconf 83' lang='grc' dir='ltr'>Μικρόν</span> <span class='ocrx_word' id='word_1_449' title='bbox 1313 5557 1389 5606; x_wconf 89' lang='grc' dir='ltr'>τι,</span> <span class='ocrx_word' id='word_1_450' title='bbox 1451 5539 1610 5614; x_wconf 73' lang='grc' dir='ltr'>φησί,</span> <span class='ocrx_word' id='word_1_451' title='bbox 1666 5537 1925 5592; x_wconf 62' lang='grc' dir='ltr'>πιστεύω</span> <span class='ocrx_word' id='word_1_452' title='bbox 1989 5558 2015 5590; x_wconf 74' lang='grc' dir='ltr'>ι</span> <span class='ocrx_word' id='word_1_453' title='bbox 2052 5541 2142 5592; x_wconf 88' lang='grc' dir='ltr'>Δεῖ</span> 
     </span>
    </p>
   </div>
   <div class='ocr_carea' id='block_1_61' title="bbox 479 5622 2140 5701">
    <p class='ocr_par' dir='ltr' id='par_1_61' title="bbox 479 5622 2140 5701">
     <span class='ocr_line' id='line_1_61' title="bbox 479 5622 2140 5701; baseline 0.002 -25"><span class='ocrx_word' id='word_1_454' title='bbox 479 5622 586 5697; x_wconf 75' lang='grc' dir='ltr'>γὰρ</span> <span class='ocrx_word' id='word_1_455' title='bbox 640 5625 731 5678; x_wconf 85' lang='grc' dir='ltr'>καὶ</span> <span class='ocrx_word' id='word_1_456' title='bbox 815 5625 1072 5700; x_wconf 81' lang='grc' dir='ltr'>αἱρέσεις.</span> <span class='ocrx_word' id='word_1_457' title='bbox 1110 5650 1139 5677; x_wconf 64' lang='grc' dir='ltr'>ω</span> <span class='ocrx_word' id='word_1_458' title='bbox 1217 5625 1457 5701; x_wconf 78' lang='grc' dir='ltr'>Αἶρέσεις</span> <span class='ocrx_word' id='word_1_459' title='bbox 1544 5627 1812 5694; x_wconf 77' lang='grc' dir='ltr'>ἐνταῦθα,</span> <span class='ocrx_word' id='word_1_460' title='bbox 1909 5627 1970 5682; x_wconf 89' lang='lat'>06</span> <span class='ocrx_word' id='word_1_461' title='bbox 2045 5625 2140 5688; x_wconf 83' lang='grc' dir='ltr'>τὰς</span> 
     </span>
    </p>
   </div>
   <div class='ocr_carea' id='block_1_62' title="bbox 483 5707 2140 5790">
    <p class='ocr_par' dir='ltr' id='par_1_62' title="bbox 483 5707 2140 5790">
     <span class='ocr_line' id='line_1_62' title="bbox 483 5707 2140 5790; baseline 0.004 -26"><span class='ocrx_word' id='word_1_462' title='bbox 483 5707 822 5786; x_wconf 70' lang='grc' dir='ltr'>δογματικοίς</span> <span class='ocrx_word' id='word_1_463' title='bbox 851 5733 1006 5786; x_wconf 79' lang='grc' dir='ltr'>φησι,</span> <span class='ocrx_word' id='word_1_464' title='bbox 1041 5717 1135 5777; x_wconf 71' lang='grc' dir='ltr'>τὰς</span> <span class='ocrx_word' id='word_1_465' title='bbox 1177 5717 1296 5790; x_wconf 78' lang='grc' dir='ltr'>περὶ</span> <span class='ocrx_word' id='word_1_466' title='bbox 1359 5717 1638 5784; x_wconf 81' lang='grc' dir='ltr'>πίστεως,“</span> <span class='ocrx_word' id='word_1_467' title='bbox 1663 5716 1809 5772; x_wconf 81' lang='grc' dir='ltr'>ἀλλὰ</span> <span class='ocrx_word' id='word_1_468' title='bbox 1865 5718 1962 5780; x_wconf 76' lang='grc' dir='ltr'>τὰς</span> <span class='ocrx_word' id='word_1_469' title='bbox 2016 5716 2140 5790; x_wconf 77' lang='grc' dir='ltr'>περὶ</span> 
     </span>
    </p>
   </div>
   <div class='ocr_carea' id='block_1_63' title="bbox 2231 595 3882 673">
    <p class='ocr_par' dir='ltr' id='par_1_63' title="bbox 2231 595 3882 673">
     <span class='ocr_line' id='line_1_63' title="bbox 2231 595 3882 673; baseline 0.004 -23"><span class='ocrx_word' id='word_1_470' title='bbox 2231 595 2381 650; x_wconf 91' lang='lat' dir='ltr'>illud</span> <span class='ocrx_word' id='word_1_471' title='bbox 2443 596 2684 662; x_wconf 88' lang='lat' dir='ltr'>habere,</span> <span class='ocrx_word' id='word_1_472' title='bbox 2727 597 3025 668; x_wconf 90' lang='lat' dir='ltr'>quomodo</span> <span class='ocrx_word' id='word_1_473' title='bbox 3076 599 3388 655; x_wconf 85' lang='lat' dir='ltr'>mulierem</span> <span class='ocrx_word' id='word_1_474' title='bbox 3422 601 3709 656; x_wconf 76' lang='lat' dir='ltr'>intectum</span> <span class='ocrx_word' id='word_1_475' title='bbox 3751 618 3882 673; x_wconf 85' lang='lat' dir='ltr'>per-</span> 
     </span>
    </p>
   </div>
   <div class='ocr_carea' id='block_1_64' title="bbox 2227 685 3879 760">
    <p class='ocr_par' dir='ltr' id='par_1_64' title="bbox 2227 685 3879 760">
     <span class='ocr_line' id='line_1_64' title="bbox 2227 685 3879 760; baseline 0.004 -20"><span class='ocrx_word' id='word_1_476' title='bbox 2227 685 2422 740; x_wconf 80' lang='lat' dir='ltr'>mittat</span> <span class='ocrx_word' id='word_1_477' title='bbox 2481 702 2714 742; x_wconf 86' lang='lat' dir='ltr'>comam</span> <span class='ocrx_word' id='word_1_478' title='bbox 2767 691 2998 758; x_wconf 79' lang='lat' dir='ltr'>gestare</span> <span class='ocrx_word' id='word_1_479' title='bbox 3055 687 3116 742; x_wconf 90' lang='lat' dir='ltr'>in</span> <span class='ocrx_word' id='word_1_480' title='bbox 3179 688 3410 760; x_wconf 87' lang='lat' dir='ltr'>signum</span> <span class='ocrx_word' id='word_1_481' title='bbox 3467 689 3879 760; x_wconf 81' lang='lat' dir='ltr'>subjectionis.</span> 
     </span>
    </p>
   </div>
   <div class='ocr_carea' id='block_1_65' title="bbox 2229 775 3877 846">
    <p class='ocr_par' dir='ltr' id='par_1_65' title="bbox 2229 775 3877 846">
     <span class='ocr_line' id='line_1_65' title="bbox 2229 775 3877 846; baseline 0.002 -19"><span class='ocrx_word' id='word_1_482' title='bbox 2229 796 2257 826; x_wconf 84' lang='lat'><strong>«</strong></span> <span class='ocrx_word' id='word_1_483' title='bbox 2290 777 2602 841; x_wconf 72' lang='lat' dir='ltr'>Caaterum,</span> <span class='ocrx_word' id='word_1_484' title='bbox 2651 775 2697 830; x_wconf 88' lang='lat' dir='ltr'>si</span> <span class='ocrx_word' id='word_1_485' title='bbox 2758 775 2892 846; x_wconf 87' lang='lat' dir='ltr'>quis</span> <span class='ocrx_word' id='word_1_486' title='bbox 2949 775 3179 831; x_wconf 89' lang='lat' dir='ltr'>videtur</span> <span class='ocrx_word' id='word_1_487' title='bbox 3225 778 3633 834; x_wconf 87' lang='lat' dir='ltr'>contentiosus</span> <span class='ocrx_word' id='word_1_488' title='bbox 3665 796 3815 834; x_wconf 85' lang='lat' dir='ltr'>esse.</span> <span class='ocrx_word' id='word_1_489' title='bbox 3850 800 3877 830; x_wconf 74' lang='grc' dir='ltr'>ι»</span> 
     </span>
    </p>
   </div>
   <div class='ocr_carea' id='block_1_66' title="bbox 2229 866 3879 938">
    <p class='ocr_par' dir='ltr' id='par_1_66' title="bbox 2229 866 3879 938">
     <span class='ocr_line' id='line_1_66' title="bbox 2229 866 3879 938; baseline 0.002 -17"><span class='ocrx_word' id='word_1_490' title='bbox 2229 867 2522 931; x_wconf 87' lang='lat' dir='ltr'>Quoniam</span> <span class='ocrx_word' id='word_1_491' title='bbox 2545 867 2620 922; x_wconf 90' lang='lat' dir='ltr'>ad</span> <span class='ocrx_word' id='word_1_492' title='bbox 2651 883 2754 923; x_wconf 93' lang='lat' dir='ltr'>eos</span> <span class='ocrx_word' id='word_1_493' title='bbox 2796 866 3095 922; x_wconf 83' lang='lat' dir='ltr'>scribebat</span> <span class='ocrx_word' id='word_1_494' title='bbox 3115 867 3216 938; x_wconf 90' lang='lat' dir='ltr'>qui</span> <span class='ocrx_word' id='word_1_495' title='bbox 3250 868 3524 923; x_wconf 86' lang='lat' dir='ltr'>volebant</span> <span class='ocrx_word' id='word_1_496' title='bbox 3572 870 3755 925; x_wconf 86' lang='lat' dir='ltr'>videri</span> <span class='ocrx_word' id='word_1_497' title='bbox 3789 888 3879 926; x_wconf 88' lang='lat' dir='ltr'>sa-</span> 
     </span>
    </p>
   </div>
   <div class='ocr_carea' id='block_1_67' title="bbox 2229 955 3883 1028">
    <p class='ocr_par' dir='ltr' id='par_1_67' title="bbox 2229 955 3883 1028">
     <span class='ocr_line' id='line_1_67' title="bbox 2229 955 3883 1028; baseline 0.003 -19"><span class='ocrx_word' id='word_1_498' title='bbox 2229 955 2482 1026; x_wconf 87' lang='lat' dir='ltr'>pientes,</span> <span class='ocrx_word' id='word_1_499' title='bbox 2511 957 2613 1028; x_wconf 87' lang='lat' dir='ltr'>qui</span> <span class='ocrx_word' id='word_1_500' title='bbox 2639 956 2974 1011; x_wconf 87' lang='lat' dir='ltr'>rationibus</span> <span class='ocrx_word' id='word_1_501' title='bbox 3005 956 3211 1012; x_wconf 84' lang='lat' dir='ltr'>omnia</span> <span class='ocrx_word' id='word_1_502' title='bbox 3241 959 3589 1013; x_wconf 84' lang='lat' dir='ltr'>astruebant</span> <span class='ocrx_word' id='word_1_503' title='bbox 3619 976 3686 1014; x_wconf 90' lang='lat' dir='ltr'>ac</span> <span class='ocrx_word' id='word_1_504' title='bbox 3719 959 3883 1014; x_wconf 87' lang='lat' dir='ltr'>labe—</span> 
     </span>
    </p>
   </div>
   <div class='ocr_carea' id='block_1_68' title="bbox 2227 1043 3882 1117">
    <p class='ocr_par' dir='ltr' id='par_1_68' title="bbox 2227 1043 3882 1117">
     <span class='ocr_line' id='line_1_68' title="bbox 2227 1043 3882 1117; baseline 0.003 -19"><span class='ocrx_word' id='word_1_505' title='bbox 2227 1043 2554 1111; x_wconf 76' lang='lat' dir='ltr'>iactabant,</span> <span class='ocrx_word' id='word_1_506' title='bbox 2577 1045 2712 1100; x_wconf 91' lang='lat' dir='ltr'>ideo</span> <span class='ocrx_word' id='word_1_507' title='bbox 2765 1046 2846 1100; x_wconf 86' lang='lat' dir='ltr'>ait</span> <span class='ocrx_word' id='word_1_508' title='bbox 2876 1062 2996 1100; x_wconf 89' lang='lat' dir='ltr'>non</span> <span class='ocrx_word' id='word_1_509' title='bbox 3021 1062 3150 1100; x_wconf 90' lang='lat' dir='ltr'>esse</span> <span class='ocrx_word' id='word_1_510' title='bbox 3182 1062 3338 1101; x_wconf 89' lang='lat' dir='ltr'>nunc</span> <span class='ocrx_word' id='word_1_511' title='bbox 3359 1052 3590 1117; x_wconf 79' lang='lat' dir='ltr'>tempus</span> <span class='ocrx_word' id='word_1_512' title='bbox 3641 1054 3882 1103; x_wconf 84' lang='lat' dir='ltr'>conten-</span> 
     </span>
    </p>
   </div>
   <div class='ocr_carea' id='block_1_69' title="bbox 2230 1131 3881 1206">
    <p class='ocr_par' dir='ltr' id='par_1_69' title="bbox 2230 1131 3881 1206">
     <span class='ocr_line' id='line_1_69' title="bbox 2230 1131 3881 1206; baseline 0.004 -20"><span class='ocrx_word' id='word_1_513' title='bbox 2230 1131 2435 1188; x_wconf 90' lang='lat' dir='ltr'>dendi.</span> <span class='ocrx_word' id='word_1_514' title='bbox 2466 1133 2521 1188; x_wconf 93' lang='lat' dir='ltr'>Si</span> <span class='ocrx_word' id='word_1_515' title='bbox 2556 1134 2714 1205; x_wconf 87' lang='lat' dir='ltr'>quis,</span> <span class='ocrx_word' id='word_1_516' title='bbox 2753 1134 2968 1205; x_wconf 89' lang='lat' dir='ltr'>inquit,</span> <span class='ocrx_word' id='word_1_517' title='bbox 3020 1135 3094 1188; x_wconf 90' lang='lat' dir='ltr'>ad</span> <span class='ocrx_word' id='word_1_518' title='bbox 3146 1151 3215 1190; x_wconf 91' lang='lat' dir='ltr'>ea</span> <span class='ocrx_word' id='word_1_519' title='bbox 3246 1152 3378 1206; x_wconf 66' lang='lat' dir='ltr'>quas</span> <span class='ocrx_word' id='word_1_520' title='bbox 3406 1135 3564 1191; x_wconf 90' lang='lat' dir='ltr'>dicta</span> <span class='ocrx_word' id='word_1_521' title='bbox 3596 1143 3733 1191; x_wconf 88' lang='lat' dir='ltr'>sunt</span> <span class='ocrx_word' id='word_1_522' title='bbox 3761 1154 3881 1192; x_wconf 91' lang='lat' dir='ltr'>non</span> 
     </span>
    </p>
   </div>
   <div class='ocr_carea' id='block_1_70' title="bbox 2230 1223 3880 1297">
    <p class='ocr_par' dir='ltr' id='par_1_70' title="bbox 2230 1223 3880 1297">
     <span class='ocr_line' id='line_1_70' title="bbox 2230 1223 3880 1297; baseline 0.001 -21"><span class='ocrx_word' id='word_1_523' title='bbox 2230 1223 2515 1293; x_wconf 80' lang='lat' dir='ltr'>pudeilat,</span> <span class='ocrx_word' id='word_1_524' title='bbox 2542 1240 2652 1278; x_wconf 92' lang='lat' dir='ltr'>nos</span> <span class='ocrx_word' id='word_1_525' title='bbox 2683 1229 2742 1278; x_wconf 90' lang='lat' dir='ltr'>et</span> <span class='ocrx_word' id='word_1_526' title='bbox 2771 1223 3033 1278; x_wconf 89' lang='lat' dir='ltr'>Ecclesia</span> <span class='ocrx_word' id='word_1_527' title='bbox 3065 1240 3184 1279; x_wconf 89' lang='lat' dir='ltr'>non</span> <span class='ocrx_word' id='word_1_528' title='bbox 3216 1225 3506 1281; x_wconf 88' lang='lat' dir='ltr'>habemus</span> <span class='ocrx_word' id='word_1_529' title='bbox 3538 1226 3880 1297; x_wconf 88' lang='lat' dir='ltr'>hujusmodi</span> 
     </span>
    </p>
   </div>
   <div class='ocr_carea' id='block_1_71' title="bbox 2230 1312 3888 1388">
    <p class='ocr_par' dir='ltr' id='par_1_71' title="bbox 2230 1312 3888 1388">
     <span class='ocr_line' id='line_1_71' title="bbox 2230 1312 3888 1388; baseline 0.004 -24"><span class='ocrx_word' id='word_1_530' title='bbox 2230 1327 2480 1367; x_wconf 91' lang='lat' dir='ltr'>morem.</span> <span class='ocrx_word' id='word_1_531' title='bbox 2516 1312 2760 1377; x_wconf 79' lang='lat' dir='ltr'>Qualem</span> <span class='ocrx_word' id='word_1_532' title='bbox 2803 1313 2831 1367; x_wconf 87' lang='lat'><strong>?</strong></span> <span class='ocrx_word' id='word_1_533' title='bbox 2860 1329 3074 1383; x_wconf 88' lang='lat' dir='ltr'>nempe</span> <span class='ocrx_word' id='word_1_534' title='bbox 3107 1314 3533 1380; x_wconf 87' lang='lat' dir='ltr'>contendendi,</span> <span class='ocrx_word' id='word_1_535' title='bbox 3570 1324 3674 1370; x_wconf 87' lang='lat' dir='ltr'>sed</span> <span class='ocrx_word' id='word_1_536' title='bbox 3702 1316 3888 1388; x_wconf 87' lang='lat' dir='ltr'>magi-</span> 
     </span>
    </p>
   </div>
   <div class='ocr_carea' id='block_1_72' title="bbox 2232 1401 3889 1473">
    <p class='ocr_par' dir='ltr' id='par_1_72' title="bbox 2232 1401 3889 1473">
     <span class='ocr_line' id='line_1_72' title="bbox 2232 1401 3889 1473; baseline 0.002 -18"><span class='ocrx_word' id='word_1_537' title='bbox 2232 1407 2489 1456; x_wconf 89' lang='lat' dir='ltr'>strorum</span> <span class='ocrx_word' id='word_1_538' title='bbox 2509 1402 2820 1473; x_wconf 72' lang='lat' dir='ltr'>praeceptis</span> <span class='ocrx_word' id='word_1_539' title='bbox 2844 1401 3298 1473; x_wconf 90' lang='lat' dir='ltr'>obtemperandi</span> <span class='ocrx_word' id='word_1_540' title='bbox 3327 1420 3447 1458; x_wconf 90' lang='lat' dir='ltr'>non</span> <span class='ocrx_word' id='word_1_541' title='bbox 3473 1405 3889 1460; x_wconf 86' lang='lat' dir='ltr'>renitendo.—-</span> 
     </span>
    </p>
   </div>
   <div class='ocr_carea' id='block_1_73' title="bbox 2237 1479 3889 1562">
    <p class='ocr_par' dir='ltr' id='par_1_73' title="bbox 2237 1479 3889 1562">
     <span class='ocr_line' id='line_1_73' title="bbox 2237 1479 3889 1562; baseline 0.002 -18"><span class='ocrx_word' id='word_1_542' title='bbox 2237 1490 2354 1545; x_wconf 82' lang='lat' dir='ltr'>Vel.</span> <span class='ocrx_word' id='word_1_543' title='bbox 2389 1492 2514 1546; x_wconf 86' lang='lat' dir='ltr'>Non</span> <span class='ocrx_word' id='word_1_544' title='bbox 2546 1479 2861 1546; x_wconf 21' lang='lat' dir='ltr'>est‘moris</span> <span class='ocrx_word' id='word_1_545' title='bbox 2909 1491 3066 1562; x_wconf 92' lang='lat' dir='ltr'>apud</span> <span class='ocrx_word' id='word_1_546' title='bbox 3097 1507 3228 1558; x_wconf 90' lang='lat' dir='ltr'>nos,</span> <span class='ocrx_word' id='word_1_547' title='bbox 3261 1497 3327 1546; x_wconf 90' lang='lat' dir='ltr'>ut</span> <span class='ocrx_word' id='word_1_548' title='bbox 3356 1493 3442 1546; x_wconf 92' lang='lat' dir='ltr'>vir</span> <span class='ocrx_word' id='word_1_549' title='bbox 3491 1499 3760 1548; x_wconf 84' lang='lat' dir='ltr'>comatus</span> <span class='ocrx_word' id='word_1_550' title='bbox 3811 1494 3889 1548; x_wconf 90' lang='lat' dir='ltr'>sit</span> 
     </span>
    </p>
   </div>
   <div class='ocr_carea' id='block_1_74' title="bbox 2233 1579 3762 1649">
    <p class='ocr_par' dir='ltr' id='par_1_74' title="bbox 2233 1579 3762 1649">
     <span class='ocr_line' id='line_1_74' title="bbox 2233 1579 3762 1649; baseline 0.002 -16"><span class='ocrx_word' id='word_1_551' title='bbox 2233 1584 2292 1633; x_wconf 90' lang='lat' dir='ltr'>et</span> <span class='ocrx_word' id='word_1_552' title='bbox 2321 1583 2476 1634; x_wconf 90' lang='lat' dir='ltr'>tecto</span> <span class='ocrx_word' id='word_1_553' title='bbox 2507 1579 2721 1649; x_wconf 88' lang='lat' dir='ltr'>capite,</span> <span class='ocrx_word' id='word_1_554' title='bbox 2755 1579 2974 1635; x_wconf 89' lang='lat' dir='ltr'>mulier</span> <span class='ocrx_word' id='word_1_555' title='bbox 3001 1597 3137 1635; x_wconf 88' lang='lat' dir='ltr'>vero</span> <span class='ocrx_word' id='word_1_556' title='bbox 3171 1597 3201 1635; x_wconf 95' lang='lat' dir='ltr'>e</span> <span class='ocrx_word' id='word_1_557' title='bbox 3227 1579 3460 1636; x_wconf 91' lang='lat' dir='ltr'>diverso</span> <span class='ocrx_word' id='word_1_558' title='bbox 3505 1582 3762 1636; x_wconf 88' lang='lat' dir='ltr'>incedat.</span> 
     </span>
    </p>
   </div>
   <div class='ocr_carea' id='block_1_75' title="bbox 2852 1698 3256 1754">
    <p class='ocr_par' dir='ltr' id='par_1_75' title="bbox 2852 1698 3256 1754">
     <span class='ocr_line' id='line_1_75' title="bbox 2852 1698 3256 1754; baseline 0.002 -2"><span class='ocrx_word' id='word_1_559' title='bbox 2852 1698 3081 1753; x_wconf 83' lang='lat' dir='ltr'>CAPUT</span> <span class='ocrx_word' id='word_1_560' title='bbox 3129 1699 3256 1754; x_wconf 88' lang='lat' dir='ltr'><strong>VII.</strong></span> 
     </span>
    </p>
   </div>
   <div class='ocr_carea' id='block_1_76' title="bbox 2233 1804 3888 1876">
    <p class='ocr_par' dir='ltr' id='par_1_76' title="bbox 2233 1804 3888 1876">
     <span class='ocr_line' id='line_1_76' title="bbox 2233 1804 3888 1876; baseline 0.003 -18"><span class='ocrx_word' id='word_1_561' title='bbox 2233 1806 2311 1859; x_wconf 92' lang='lat' dir='ltr'>De</span> <span class='ocrx_word' id='word_1_562' title='bbox 2341 1804 2864 1871; x_wconf 81' lang='lat' dir='ltr'>communicatione,</span> <span class='ocrx_word' id='word_1_563' title='bbox 2897 1821 3020 1876; x_wconf 67' lang='lat' dir='ltr'>quae</span> <span class='ocrx_word' id='word_1_564' title='bbox 3068 1805 3164 1860; x_wconf 84' lang='lat' dir='ltr'>Dei</span> <span class='ocrx_word' id='word_1_565' title='bbox 3195 1805 3426 1861; x_wconf 79' lang='lat' dir='ltr'>cultores</span> <span class='ocrx_word' id='word_1_566' title='bbox 3457 1808 3662 1874; x_wconf 90' lang='lat' dir='ltr'>deceat,</span> <span class='ocrx_word' id='word_1_567' title='bbox 3695 1815 3744 1863; x_wconf 83' lang='lat' dir='ltr'>et</span> <span class='ocrx_word' id='word_1_568' title='bbox 3776 1825 3888 1863; x_wconf 90' lang='lat' dir='ltr'>non</span> 
     </span>
    </p>
   </div>
   <div class='ocr_carea' id='block_1_77' title="bbox 2703 1877 3421 1946">
    <p class='ocr_par' dir='ltr' id='par_1_77' title="bbox 2703 1877 3421 1946">
     <span class='ocr_line' id='line_1_77' title="bbox 2703 1877 3421 1946; baseline 0.003 -16"><span class='ocrx_word' id='word_1_569' title='bbox 2703 1879 2773 1931; x_wconf 86' lang='lat' dir='ltr'>sit</span> <span class='ocrx_word' id='word_1_570' title='bbox 2803 1877 2877 1931; x_wconf 88' lang='lat' dir='ltr'>ad</span> <span class='ocrx_word' id='word_1_571' title='bbox 2905 1877 3421 1946; x_wconf 82' lang='lat' dir='ltr'>ingurgitationem.</span> 
     </span>
    </p>
   </div>
   <div class='ocr_carea' id='block_1_78' title="bbox 2306 1965 3889 2043">
    <p class='ocr_par' dir='ltr' id='par_1_78' title="bbox 2306 1965 3889 2043">
     <span class='ocr_line' id='line_1_78' title="bbox 2306 1965 3889 2043; baseline 0.003 -23"><span class='ocrx_word' id='word_1_572' title='bbox 2306 1965 2404 2033; x_wconf 86' lang='lat' dir='ltr'><strong>XI,</strong></span> <span class='ocrx_word' id='word_1_573' title='bbox 2432 1969 2618 2020; x_wconf 69' lang='lat'>17-20.</span> <span class='ocrx_word' id='word_1_574' title='bbox 2647 1967 2762 2020; x_wconf 90' lang='lat' dir='ltr'>Hoc</span> <span class='ocrx_word' id='word_1_575' title='bbox 2793 1971 2974 2021; x_wconf 89' lang='lat' dir='ltr'>autem</span> <span class='ocrx_word' id='word_1_576' title='bbox 2997 1966 3336 2036; x_wconf 62' lang='lat' dir='ltr'>praecipiens</span> <span class='ocrx_word' id='word_1_577' title='bbox 3387 1984 3497 2022; x_wconf 88' lang='lat' dir='ltr'>non</span> <span class='ocrx_word' id='word_1_578' title='bbox 3541 1969 3706 2024; x_wconf 84' lang='lat' dir='ltr'>laudo</span> <span class='ocrx_word' id='word_1_579' title='bbox 3745 1971 3889 2043; x_wconf 82' lang='lat' dir='ltr'>quod</span> 
     </span>
    </p>
   </div>
   <div class='ocr_carea' id='block_1_79' title="bbox 2234 2053 3889 2128">
    <p class='ocr_par' dir='ltr' id='par_1_79' title="bbox 2234 2053 3889 2128">
     <span class='ocr_line' id='line_1_79' title="bbox 2234 2053 3889 2128; baseline 0.002 -20"><span class='ocrx_word' id='word_1_580' title='bbox 2234 2071 2343 2110; x_wconf 88' lang='lat' dir='ltr'>non</span> <span class='ocrx_word' id='word_1_581' title='bbox 2373 2056 2432 2108; x_wconf 86' lang='lat' dir='ltr'>in</span> <span class='ocrx_word' id='word_1_582' title='bbox 2463 2054 2677 2121; x_wconf 83' lang='lat' dir='ltr'>melius,</span> <span class='ocrx_word' id='word_1_583' title='bbox 2722 2054 2818 2108; x_wconf 83' lang='lat' dir='ltr'>sed</span> <span class='ocrx_word' id='word_1_584' title='bbox 2859 2053 2919 2109; x_wconf 84' lang='lat' dir='ltr'>in</span> <span class='ocrx_word' id='word_1_585' title='bbox 2970 2055 3208 2110; x_wconf 86' lang='lat' dir='ltr'>deterius</span> <span class='ocrx_word' id='word_1_586' title='bbox 3239 2058 3562 2111; x_wconf 76' lang='lat' dir='ltr'>convenitis.</span> <span class='ocrx_word' id='word_1_587' title='bbox 3606 2060 3740 2114; x_wconf 89' lang='lat' dir='ltr'>Nam</span> <span class='ocrx_word' id='word_1_588' title='bbox 3763 2059 3889 2128; x_wconf 84' lang='lat' dir='ltr'>pri-</span> 
     </span>
    </p>
   </div>
   <div class='ocr_carea' id='block_1_80' title="bbox 2233 2144 3887 2216">
    <p class='ocr_par' dir='ltr' id='par_1_80' title="bbox 2233 2144 3887 2216">
     <span class='ocr_line' id='line_1_80' title="bbox 2233 2144 3887 2216; baseline 0.001 -18"><span class='ocrx_word' id='word_1_589' title='bbox 2233 2161 2384 2199; x_wconf 90' lang='lat' dir='ltr'>mum</span> <span class='ocrx_word' id='word_1_590' title='bbox 2432 2144 2652 2214; x_wconf 82' lang='lat' dir='ltr'>quidem</span> <span class='ocrx_word' id='word_1_591' title='bbox 2708 2159 2833 2197; x_wconf 86' lang='lat' dir='ltr'>cum</span> <span class='ocrx_word' id='word_1_592' title='bbox 2885 2145 2944 2197; x_wconf 83' lang='lat' dir='ltr'>in</span> <span class='ocrx_word' id='word_1_593' title='bbox 2993 2144 3273 2199; x_wconf 87' lang='lat' dir='ltr'>ecclesiam</span> <span class='ocrx_word' id='word_1_594' title='bbox 3332 2148 3651 2216; x_wconf 77' lang='lat' dir='ltr'>convenitis,</span> <span class='ocrx_word' id='word_1_595' title='bbox 3719 2146 3887 2202; x_wconf 79' lang='lat' dir='ltr'>audio</span> 
     </span>
    </p>
   </div>
   <div class='ocr_carea' id='block_1_81' title="bbox 2231 2232 3891 2306">
    <p class='ocr_par' dir='ltr' id='par_1_81' title="bbox 2231 2232 3891 2306">
     <span class='ocr_line' id='line_1_81' title="bbox 2231 2232 3891 2306; baseline 0.001 -18"><span class='ocrx_word' id='word_1_596' title='bbox 2231 2232 2465 2288; x_wconf 77' lang='lat' dir='ltr'>dissidia</span> <span class='ocrx_word' id='word_1_597' title='bbox 2495 2235 2554 2287; x_wconf 86' lang='lat' dir='ltr'>in</span> <span class='ocrx_word' id='word_1_598' title='bbox 2585 2233 2738 2287; x_wconf 81' lang='lat' dir='ltr'>vobis</span> <span class='ocrx_word' id='word_1_599' title='bbox 2769 2248 2896 2301; x_wconf 84' lang='lat' dir='ltr'>esse,</span> <span class='ocrx_word' id='word_1_600' title='bbox 2932 2239 2983 2287; x_wconf 86' lang='lat' dir='ltr'>et</span> <span class='ocrx_word' id='word_1_601' title='bbox 3013 2234 3204 2303; x_wconf 83' lang='lat' dir='ltr'>aliqua</span> <span class='ocrx_word' id='word_1_602' title='bbox 3235 2251 3305 2288; x_wconf 81' lang='lat' dir='ltr'>ea:</span> <span class='ocrx_word' id='word_1_603' title='bbox 3325 2241 3487 2305; x_wconf 82' lang='lat' dir='ltr'>parte</span> <span class='ocrx_word' id='word_1_604' title='bbox 3507 2236 3685 2291; x_wconf 85' lang='lat' dir='ltr'>credo.</span> <span class='ocrx_word' id='word_1_605' title='bbox 3720 2237 3891 2306; x_wconf 84' lang='lat' dir='ltr'>Opor-</span> 
     </span>
    </p>
   </div>
   <div class='ocr_carea' id='block_1_82' title="bbox 2235 2319 3888 2394">
    <p class='ocr_par' dir='ltr' id='par_1_82' title="bbox 2235 2319 3888 2394">
     <span class='ocr_line' id='line_1_82' title="bbox 2235 2319 3888 2394; baseline 0.001 -18"><span class='ocrx_word' id='word_1_606' title='bbox 2235 2329 2310 2377; x_wconf 88' lang='lat' dir='ltr'>tet</span> <span class='ocrx_word' id='word_1_607' title='bbox 2346 2319 2493 2377; x_wconf 83' lang='lat' dir='ltr'>enim</span> <span class='ocrx_word' id='word_1_608' title='bbox 2526 2329 2576 2375; x_wconf 86' lang='lat' dir='ltr'>et</span> <span class='ocrx_word' id='word_1_609' title='bbox 2623 2327 2794 2376; x_wconf 87' lang='lat' dir='ltr'>sectas</span> <span class='ocrx_word' id='word_1_610' title='bbox 2827 2324 2882 2376; x_wconf 87' lang='lat' dir='ltr'>in</span> <span class='ocrx_word' id='word_1_611' title='bbox 2904 2322 3056 2377; x_wconf 84' lang='lat' dir='ltr'>vobis</span> <span class='ocrx_word' id='word_1_612' title='bbox 3087 2338 3214 2390; x_wconf 87' lang='lat' dir='ltr'>esse,</span> <span class='ocrx_word' id='word_1_613' title='bbox 3243 2329 3304 2377; x_wconf 91' lang='lat' dir='ltr'>ut</span> <span class='ocrx_word' id='word_1_614' title='bbox 3333 2325 3432 2392; x_wconf 86' lang='lat' dir='ltr'>qui</span> <span class='ocrx_word' id='word_1_615' title='bbox 3473 2325 3703 2394; x_wconf 83' lang='lat' dir='ltr'>probati</span> <span class='ocrx_word' id='word_1_616' title='bbox 3759 2331 3888 2380; x_wconf 89' lang='lat' dir='ltr'>sunt</span> 
     </span>
    </p>
   </div>
   <div class='ocr_carea' id='block_1_83' title="bbox 2233 2411 3888 2482">
    <p class='ocr_par' dir='ltr' id='par_1_83' title="bbox 2233 2411 3888 2482">
     <span class='ocr_line' id='line_1_83' title="bbox 2233 2411 3888 2482; baseline 0.001 -16"><span class='ocrx_word' id='word_1_617' title='bbox 2233 2411 2521 2480; x_wconf 84' lang='lat' dir='ltr'>manifesti</span> <span class='ocrx_word' id='word_1_618' title='bbox 2547 2415 2686 2481; x_wconf 83' lang='lat' dir='ltr'>ﬁant</span> <span class='ocrx_word' id='word_1_619' title='bbox 2734 2415 2878 2466; x_wconf 83' lang='lat' dir='ltr'>inter</span> <span class='ocrx_word' id='word_1_620' title='bbox 2907 2429 3018 2466; x_wconf 75' lang='lat' dir='ltr'>vos.</span> <span class='ocrx_word' id='word_1_621' title='bbox 3055 2411 3186 2467; x_wconf 84' lang='lat' dir='ltr'>Cum</span> <span class='ocrx_word' id='word_1_622' title='bbox 3227 2415 3402 2482; x_wconf 79' lang='lat' dir='ltr'>igitur</span> <span class='ocrx_word' id='word_1_623' title='bbox 3440 2415 3498 2468; x_wconf 85' lang='lat' dir='ltr'>in</span> <span class='ocrx_word' id='word_1_624' title='bbox 3527 2413 3772 2469; x_wconf 89' lang='lat' dir='ltr'>eumdem</span> <span class='ocrx_word' id='word_1_625' title='bbox 3807 2413 3888 2468; x_wconf 84' lang='lat' dir='ltr'>lo-</span> 
     </span>
    </p>
   </div>
   <div class='ocr_carea' id='block_1_84' title="bbox 2234 2503 3886 2570">
    <p class='ocr_par' dir='ltr' id='par_1_84' title="bbox 2234 2503 3886 2570">
     <span class='ocr_line' id='line_1_84' title="bbox 2234 2503 3886 2570; baseline 0.001 -14"><span class='ocrx_word' id='word_1_626' title='bbox 2234 2517 2357 2556; x_wconf 86' lang='lat' dir='ltr'>cum</span> <span class='ocrx_word' id='word_1_627' title='bbox 2415 2503 2736 2565; x_wconf 82' lang='lat' dir='ltr'>convenitis,</span> <span class='ocrx_word' id='word_1_628' title='bbox 2806 2517 2917 2555; x_wconf 90' lang='lat' dir='ltr'>non</span> <span class='ocrx_word' id='word_1_629' title='bbox 2983 2503 3258 2570; x_wconf 85' lang='lat' dir='ltr'>contingit</span> <span class='ocrx_word' id='word_1_630' title='bbox 3329 2503 3670 2557; x_wconf 87' lang='lat' dir='ltr'>Dominicam</span> <span class='ocrx_word' id='word_1_631' title='bbox 3727 2503 3886 2557; x_wconf 84' lang='lat' dir='ltr'>edere</span> 
     </span>
    </p>
   </div>
   <div class='ocr_carea' id='block_1_85' title="bbox 2234 2607 2462 2646">
    <p class='ocr_par' dir='ltr' id='par_1_85' title="bbox 2234 2607 2462 2646">
     <span class='ocr_line' id='line_1_85' title="bbox 2234 2607 2462 2646; baseline 0.004 -1"><span class='ocrx_word' id='word_1_632' title='bbox 2234 2607 2462 2646; x_wconf 64' lang='lat' dir='ltr'>canam.</span> 
     </span>
    </p>
   </div>
   <div class='ocr_carea' id='block_1_86' title="bbox 2305 2679 3886 2751">
    <p class='ocr_par' dir='ltr' id='par_1_86' title="bbox 2305 2679 3886 2751">
     <span class='ocr_line' id='line_1_86' title="bbox 2305 2679 3886 2751; baseline 0 -17"><span class='ocrx_word' id='word_1_633' title='bbox 2305 2679 2690 2751; x_wconf 65' lang='lat' dir='ltr'>Praecipiens,</span> <span class='ocrx_word' id='word_1_634' title='bbox 2743 2680 2955 2751; x_wconf 87' lang='lat' dir='ltr'>inquit,</span> <span class='ocrx_word' id='word_1_635' title='bbox 3009 2696 3127 2735; x_wconf 89' lang='lat' dir='ltr'>non</span> <span class='ocrx_word' id='word_1_636' title='bbox 3159 2679 3337 2736; x_wconf 90' lang='lat' dir='ltr'>laudo</span> <span class='ocrx_word' id='word_1_637' title='bbox 3398 2697 3520 2749; x_wconf 86' lang='lat' dir='ltr'>vos,</span> <span class='ocrx_word' id='word_1_638' title='bbox 3580 2679 3738 2751; x_wconf 91' lang='lat' dir='ltr'>quod</span> <span class='ocrx_word' id='word_1_639' title='bbox 3792 2695 3886 2735; x_wconf 91' lang='lat' dir='ltr'>me</span> 
     </span>
    </p>
   </div>
   <div class='ocr_carea' id='block_1_87' title="bbox 2234 2768 3886 2841">
    <p class='ocr_par' dir='ltr' id='par_1_87' title="bbox 2234 2768 3886 2841">
     <span class='ocr_line' id='line_1_87' title="bbox 2234 2768 3886 2841; baseline 0.001 -17"><span class='ocrx_word' id='word_1_640' title='bbox 2234 2769 2479 2824; x_wconf 89' lang='lat' dir='ltr'>omnino</span> <span class='ocrx_word' id='word_1_641' title='bbox 2538 2768 2881 2840; x_wconf 88' lang='lat' dir='ltr'>hujusmodi</span> <span class='ocrx_word' id='word_1_642' title='bbox 2934 2769 3217 2841; x_wconf 65' lang='lat' dir='ltr'>praecepti</span> <span class='ocrx_word' id='word_1_643' title='bbox 3249 2769 3670 2826; x_wconf 87' lang='lat' dir='ltr'>necessitatem</span> <span class='ocrx_word' id='word_1_644' title='bbox 3701 2769 3886 2826; x_wconf 81' lang='lat' dir='ltr'>duxe-</span> 
     </span>
    </p>
   </div>
   <div class='ocr_carea' id='block_1_88' title="bbox 2232 2858 3889 2930">
    <p class='ocr_par' dir='ltr' id='par_1_88' title="bbox 2232 2858 3889 2930">
     <span class='ocr_line' id='line_1_88' title="bbox 2232 2858 3889 2930; baseline 0.001 -18"><span class='ocrx_word' id='word_1_645' title='bbox 2232 2858 2384 2914; x_wconf 90' lang='lat' dir='ltr'>ritis.</span> <span class='ocrx_word' id='word_1_646' title='bbox 2421 2859 2693 2930; x_wconf 90' lang='lat' dir='ltr'>Oportuit</span> <span class='ocrx_word' id='word_1_647' title='bbox 2722 2859 2882 2914; x_wconf 90' lang='lat' dir='ltr'>enim</span> <span class='ocrx_word' id='word_1_648' title='bbox 2910 2859 3074 2914; x_wconf 89' lang='lat' dir='ltr'>vobis</span> <span class='ocrx_word' id='word_1_649' title='bbox 3115 2858 3174 2913; x_wconf 91' lang='lat' dir='ltr'>in</span> <span class='ocrx_word' id='word_1_650' title='bbox 3208 2859 3340 2924; x_wconf 88' lang='lat' dir='ltr'>hoc,</span> <span class='ocrx_word' id='word_1_651' title='bbox 3373 2875 3448 2914; x_wconf 90' lang='lat' dir='ltr'>ne</span> <span class='ocrx_word' id='word_1_652' title='bbox 3479 2859 3889 2914; x_wconf 89' lang='lat' dir='ltr'>admonitione</span> 
     </span>
    </p>
   </div>
   <div class='ocr_carea' id='block_1_89' title="bbox 2234 2947 3889 3020">
    <p class='ocr_par' dir='ltr' id='par_1_89' title="bbox 2234 2947 3889 3020">
     <span class='ocr_line' id='line_1_89' title="bbox 2234 2947 3889 3020; baseline 0.001 -18"><span class='ocrx_word' id='word_1_653' title='bbox 2234 2947 2477 3019; x_wconf 90' lang='lat' dir='ltr'>quidem</span> <span class='ocrx_word' id='word_1_654' title='bbox 2525 2964 2674 3019; x_wconf 92' lang='lat' dir='ltr'>opus</span> <span class='ocrx_word' id='word_1_655' title='bbox 2731 2965 2884 3003; x_wconf 90' lang='lat' dir='ltr'>esse.</span> <span class='ocrx_word' id='word_1_656' title='bbox 2937 2949 3064 3002; x_wconf 86' lang='lat' dir='ltr'>Non</span> <span class='ocrx_word' id='word_1_657' title='bbox 3140 2948 3343 3016; x_wconf 91' lang='lat' dir='ltr'>laudo,</span> <span class='ocrx_word' id='word_1_658' title='bbox 3431 2949 3647 3019; x_wconf 86' lang='lat' dir='ltr'>inquit,</span> <span class='ocrx_word' id='word_1_659' title='bbox 3728 2947 3889 3020; x_wconf 89' lang='lat' dir='ltr'>quod</span> 
     </span>
    </p>
   </div>
   <div class='ocr_carea' id='block_1_90' title="bbox 2233 3037 3888 3109">
    <p class='ocr_par' dir='ltr' id='par_1_90' title="bbox 2233 3037 3888 3109">
     <span class='ocr_line' id='line_1_90' title="bbox 2233 3037 3888 3109; baseline -0.001 -16"><span class='ocrx_word' id='word_1_660' title='bbox 2233 3038 2582 3093; x_wconf 87' lang='lat' dir='ltr'>convenitis.</span> <span class='ocrx_word' id='word_1_661' title='bbox 2611 3038 2815 3109; x_wconf 57' lang='lat' dir='ltr'>{Atqui</span> <span class='ocrx_word' id='word_1_662' title='bbox 2873 3037 3049 3092; x_wconf 89' lang='lat' dir='ltr'>laude</span> <span class='ocrx_word' id='word_1_663' title='bbox 3106 3037 3351 3108; x_wconf 82' lang='lat' dir='ltr'>dignum</span> <span class='ocrx_word' id='word_1_664' title='bbox 3411 3043 3558 3106; x_wconf 91' lang='lat' dir='ltr'>erat,</span> <span class='ocrx_word' id='word_1_665' title='bbox 3611 3037 3715 3093; x_wconf 90' lang='lat' dir='ltr'>sed</span> <span class='ocrx_word' id='word_1_666' title='bbox 3773 3038 3888 3109; x_wconf 91' lang='lat' dir='ltr'>ipsi</span> 
     </span>
    </p>
   </div>
   <div class='ocr_carea' id='block_1_91' title="bbox 2235 3125 3886 3197">
    <p class='ocr_par' dir='ltr' id='par_1_91' title="bbox 2235 3125 3886 3197">
     <span class='ocr_line' id='line_1_91' title="bbox 2235 3125 3886 3197; baseline 0 -15"><span class='ocrx_word' id='word_1_667' title='bbox 2235 3126 2387 3182; x_wconf 71' lang='lat'>528</span> <span class='ocrx_word' id='word_1_668' title='bbox 2469 3125 2619 3180; x_wconf 89' lang='lat' dir='ltr'>illud</span> <span class='ocrx_word' id='word_1_669' title='bbox 2703 3125 2979 3197; x_wconf 89' lang='lat' dir='ltr'>vituperii</span> <span class='ocrx_word' id='word_1_670' title='bbox 3045 3131 3106 3181; x_wconf 91' lang='lat' dir='ltr'>et</span> <span class='ocrx_word' id='word_1_671' title='bbox 3162 3125 3558 3182; x_wconf 87' lang='lat' dir='ltr'>accusationis</span> <span class='ocrx_word' id='word_1_672' title='bbox 3643 3143 3886 3182; x_wconf 89' lang='lat' dir='ltr'>causam</span> 
     </span>
    </p>
   </div>
   <div class='ocr_carea' id='block_1_92' title="bbox 2234 3215 3890 3286">
    <p class='ocr_par' dir='ltr' id='par_1_92' title="bbox 2234 3215 3890 3286">
     <span class='ocr_line' id='line_1_92' title="bbox 2234 3215 3890 3286; baseline 0 -16"><span class='ocrx_word' id='word_1_673' title='bbox 2234 3215 2642 3271; x_wconf 86' lang='lat' dir='ltr'>reddiderant.</span> <span class='ocrx_word' id='word_1_674' title='bbox 2703 3215 2892 3270; x_wconf 92' lang='lat' dir='ltr'>Simul</span> <span class='ocrx_word' id='word_1_675' title='bbox 2943 3215 3124 3271; x_wconf 87' lang='lat' dir='ltr'>etiam</span> <span class='ocrx_word' id='word_1_676' title='bbox 3168 3231 3270 3271; x_wconf 90' lang='lat' dir='ltr'>eos</span> <span class='ocrx_word' id='word_1_677' title='bbox 3319 3215 3696 3270; x_wconf 87' lang='lat' dir='ltr'>confundens</span> <span class='ocrx_word' id='word_1_678' title='bbox 3728 3215 3890 3286; x_wconf 92' lang='lat' dir='ltr'>quod</span> 
     </span>
    </p>
   </div>
   <div class='ocr_carea' id='block_1_93' title="bbox 2237 3303 3892 3376">
    <p class='ocr_par' dir='ltr' id='par_1_93' title="bbox 2237 3303 3892 3376">
     <span class='ocr_line' id='line_1_93' title="bbox 2237 3303 3892 3376; baseline -0.002 -16"><span class='ocrx_word' id='word_1_679' title='bbox 2237 3306 2297 3361; x_wconf 90' lang='lat' dir='ltr'>in</span> <span class='ocrx_word' id='word_1_680' title='bbox 2355 3305 2449 3360; x_wconf 91' lang='lat' dir='ltr'>his</span> <span class='ocrx_word' id='word_1_681' title='bbox 2507 3304 2579 3360; x_wconf 92' lang='lat' dir='ltr'>ob</span> <span class='ocrx_word' id='word_1_682' title='bbox 2639 3320 2770 3376; x_wconf 75' lang='lat' dir='ltr'>quea</span> <span class='ocrx_word' id='word_1_683' title='bbox 2839 3321 2940 3360; x_wconf 90' lang='lat' dir='ltr'>eos</span> <span class='ocrx_word' id='word_1_684' title='bbox 2999 3304 3228 3360; x_wconf 87' lang='lat' dir='ltr'>laudari</span> <span class='ocrx_word' id='word_1_685' title='bbox 3304 3305 3714 3370; x_wconf 79' lang='lat' dir='ltr'>conveniebat,</span> <span class='ocrx_word' id='word_1_686' title='bbox 3777 3303 3892 3359; x_wconf 89' lang='lat' dir='ltr'>sibi</span> 
     </span>
    </p>
   </div>
   <div class='ocr_carea' id='block_1_94' title="bbox 2237 3394 3893 3467">
    <p class='ocr_par' dir='ltr' id='par_1_94' title="bbox 2237 3394 3893 3467">
     <span class='ocr_line' id='line_1_94' title="bbox 2237 3394 3893 3467; baseline -0.001 -17"><span class='ocrx_word' id='word_1_687' title='bbox 2237 3395 2383 3467; x_wconf 86' lang='lat' dir='ltr'>ipsis</span> <span class='ocrx_word' id='word_1_688' title='bbox 2443 3400 2740 3467; x_wconf 72' lang='lat' dir='ltr'>przecepta</span> <span class='ocrx_word' id='word_1_689' title='bbox 2787 3411 2893 3466; x_wconf 91' lang='lat' dir='ltr'>pro</span> <span class='ocrx_word' id='word_1_690' title='bbox 2950 3394 3226 3450; x_wconf 87' lang='lat' dir='ltr'>laudibus</span> <span class='ocrx_word' id='word_1_691' title='bbox 3275 3395 3651 3450; x_wconf 84' lang='lat' dir='ltr'>advexerant.</span> <span class='ocrx_word' id='word_1_692' title='bbox 3702 3395 3893 3459; x_wconf 88' lang='lat' dir='ltr'>Quare</span> 
     </span>
    </p>
   </div>
   <div class='ocr_carea' id='block_1_95' title="bbox 2236 3483 3891 3556">
    <p class='ocr_par' dir='ltr' id='par_1_95' title="bbox 2236 3483 3891 3556">
     <span class='ocr_line' id='line_1_95' title="bbox 2236 3483 3891 3556; baseline -0.001 -16"><span class='ocrx_word' id='word_1_693' title='bbox 2236 3491 2435 3540; x_wconf 86' lang='lat' dir='ltr'>autem</span> <span class='ocrx_word' id='word_1_694' title='bbox 2487 3501 2608 3539; x_wconf 91' lang='lat' dir='ltr'>non</span> <span class='ocrx_word' id='word_1_695' title='bbox 2651 3483 2857 3540; x_wconf 85' lang='lat' dir='ltr'>laudat</span> <span class='ocrx_word' id='word_1_696' title='bbox 2905 3483 3064 3556; x_wconf 90' lang='lat' dir='ltr'>quod</span> <span class='ocrx_word' id='word_1_697' title='bbox 3123 3485 3529 3540; x_wconf 85' lang='lat' dir='ltr'>conveniant?</span> <span class='ocrx_word' id='word_1_698' title='bbox 3586 3484 3734 3550; x_wconf 89' lang='lat' dir='ltr'>Quia</span> <span class='ocrx_word' id='word_1_699' title='bbox 3769 3501 3891 3538; x_wconf 92' lang='lat' dir='ltr'>non</span> 
     </span>
    </p>
   </div>
   <div class='ocr_carea' id='block_1_96' title="bbox 2241 3572 3890 3646">
    <p class='ocr_par' dir='ltr' id='par_1_96' title="bbox 2241 3572 3890 3646">
     <span class='ocr_line' id='line_1_96' title="bbox 2241 3572 3890 3646; baseline -0.002 -16"><span class='ocrx_word' id='word_1_700' title='bbox 2241 3579 2484 3646; x_wconf 88' lang='lat' dir='ltr'>propter</span> <span class='ocrx_word' id='word_1_701' title='bbox 2515 3573 2753 3641; x_wconf 90' lang='lat' dir='ltr'>melius,</span> <span class='ocrx_word' id='word_1_702' title='bbox 2813 3574 3028 3644; x_wconf 89' lang='lat' dir='ltr'>inquit,</span> <span class='ocrx_word' id='word_1_703' title='bbox 3080 3574 3234 3629; x_wconf 87' lang='lat' dir='ltr'>sicut</span> <span class='ocrx_word' id='word_1_704' title='bbox 3271 3573 3555 3646; x_wconf 89' lang='lat' dir='ltr'>oportuit,</span> <span class='ocrx_word' id='word_1_705' title='bbox 3591 3573 3694 3628; x_wconf 89' lang='lat' dir='ltr'>sed</span> <span class='ocrx_word' id='word_1_706' title='bbox 3725 3572 3798 3629; x_wconf 89' lang='lat' dir='ltr'>ad</span> <span class='ocrx_word' id='word_1_707' title='bbox 3831 3573 3890 3627; x_wconf 94' lang='lat' dir='ltr'>id</span> 
     </span>
    </p>
   </div>
   <div class='ocr_carea' id='block_1_97' title="bbox 2238 3662 3891 3734">
    <p class='ocr_par' dir='ltr' id='par_1_97' title="bbox 2238 3662 3891 3734">
     <span class='ocr_line' id='line_1_97' title="bbox 2238 3662 3891 3734; baseline -0.001 -16"><span class='ocrx_word' id='word_1_708' title='bbox 2238 3663 2396 3734; x_wconf 88' lang='lat' dir='ltr'>quod</span> <span class='ocrx_word' id='word_1_709' title='bbox 2427 3662 2692 3718; x_wconf 88' lang='lat' dir='ltr'>deterius</span> <span class='ocrx_word' id='word_1_710' title='bbox 2723 3667 2814 3717; x_wconf 89' lang='lat' dir='ltr'>est</span> <span class='ocrx_word' id='word_1_711' title='bbox 2843 3663 3174 3718; x_wconf 88' lang='lat' dir='ltr'>convenitis</span> <span class='ocrx_word' id='word_1_712' title='bbox 3211 3680 3224 3716; x_wconf 85' lang='lat'><strong><em>:</em></strong></span> <span class='ocrx_word' id='word_1_713' title='bbox 3262 3663 3380 3718; x_wconf 90' lang='lat' dir='ltr'>sive</span> <span class='ocrx_word' id='word_1_714' title='bbox 3433 3663 3506 3718; x_wconf 89' lang='lat' dir='ltr'>ad</span> <span class='ocrx_word' id='word_1_715' title='bbox 3555 3663 3891 3734; x_wconf 88' lang='lat' dir='ltr'>despicien-</span> 
     </span>
    </p>
   </div>
   <div class='ocr_carea' id='block_1_98' title="bbox 2238 3747 3893 3820">
    <p class='ocr_par' dir='ltr' id='par_1_98' title="bbox 2238 3747 3893 3820">
     <span class='ocr_line' id='line_1_98' title="bbox 2238 3747 3893 3820; baseline -0.002 -16"><span class='ocrx_word' id='word_1_716' title='bbox 2238 3749 2380 3804; x_wconf 93' lang='lat' dir='ltr'>dum</span> <span class='ocrx_word' id='word_1_717' title='bbox 2430 3754 2488 3803; x_wconf 91' lang='lat' dir='ltr'>et</span> <span class='ocrx_word' id='word_1_718' title='bbox 2544 3747 3043 3820; x_wconf 89' lang='lat' dir='ltr'>pudefaciendum</span> <span class='ocrx_word' id='word_1_719' title='bbox 3092 3749 3327 3816; x_wconf 78' lang='lat' dir='ltr'>fratres,</span> <span class='ocrx_word' id='word_1_720' title='bbox 3389 3753 3446 3802; x_wconf 92' lang='lat' dir='ltr'>et</span> <span class='ocrx_word' id='word_1_721' title='bbox 3499 3749 3574 3802; x_wconf 90' lang='lat' dir='ltr'>ad</span> <span class='ocrx_word' id='word_1_722' title='bbox 3618 3748 3893 3803; x_wconf 89' lang='lat' dir='ltr'>demons-</span> 
     </span>
    </p>
   </div>
   <div class='ocr_carea' id='block_1_99' title="bbox 2239 3837 3895 3910">
    <p class='ocr_par' dir='ltr' id='par_1_99' title="bbox 2239 3837 3895 3910">
     <span class='ocr_line' id='line_1_99' title="bbox 2239 3837 3895 3910; baseline -0.001 -18"><span class='ocrx_word' id='word_1_723' title='bbox 2239 3838 2518 3894; x_wconf 89' lang='lat' dir='ltr'>trandum</span> <span class='ocrx_word' id='word_1_724' title='bbox 2548 3843 2810 3893; x_wconf 82' lang='lat' dir='ltr'>vestrum</span> <span class='ocrx_word' id='word_1_725' title='bbox 2840 3838 3061 3892; x_wconf 85' lang='lat' dir='ltr'>fastum</span> <span class='ocrx_word' id='word_1_726' title='bbox 3093 3843 3151 3893; x_wconf 90' lang='lat' dir='ltr'>et</span> <span class='ocrx_word' id='word_1_727' title='bbox 3170 3837 3662 3910; x_wconf 87' lang='lat' dir='ltr'>gastrimargiam.</span> <span class='ocrx_word' id='word_1_728' title='bbox 3701 3837 3895 3906; x_wconf 50' lang='lat' dir='ltr'>«QQuia</span> 
     </span>
    </p>
   </div>
   <div class='ocr_carea' id='block_1_100' title="bbox 2239 3925 3894 3991">
    <p class='ocr_par' dir='ltr' id='par_1_100' title="bbox 2239 3925 3894 3991">
     <span class='ocr_line' id='line_1_100' title="bbox 2239 3925 3894 3991; baseline -0.002 -8"><span class='ocrx_word' id='word_1_729' title='bbox 2239 3945 2359 3983; x_wconf 91' lang='lat' dir='ltr'>non</span> <span class='ocrx_word' id='word_1_730' title='bbox 2408 3927 2471 3982; x_wconf 86' lang='lat' dir='ltr'>in</span> <span class='ocrx_word' id='word_1_731' title='bbox 2529 3925 2766 3981; x_wconf 90' lang='lat' dir='ltr'>melius.</span> <span class='ocrx_word' id='word_1_732' title='bbox 2799 3950 2820 3978; x_wconf 79' lang='grc' dir='ltr'>ι</span> <span class='ocrx_word' id='word_1_733' title='bbox 2861 3927 3047 3991; x_wconf 88' lang='lat' dir='ltr'>Quam</span> <span class='ocrx_word' id='word_1_734' title='bbox 3091 3926 3163 3980; x_wconf 95' lang='lat' dir='ltr'>ob</span> <span class='ocrx_word' id='word_1_735' title='bbox 3209 3942 3448 3981; x_wconf 89' lang='lat' dir='ltr'>causam</span> <span class='ocrx_word' id='word_1_736' title='bbox 3481 3941 3601 3980; x_wconf 89' lang='lat' dir='ltr'>non</span> <span class='ocrx_word' id='word_1_737' title='bbox 3633 3925 3841 3981; x_wconf 88' lang='lat' dir='ltr'>laudas</span> <span class='ocrx_word' id='word_1_738' title='bbox 3866 3925 3894 3979; x_wconf 84' lang='lat'>‘?</span> 
     </span>
    </p>
   </div>
   <div class='ocr_carea' id='block_1_101' title="bbox 2240 4017 3891 4084">
    <p class='ocr_par' dir='ltr' id='par_1_101' title="bbox 2240 4017 3891 4084">
     <span class='ocr_line' id='line_1_101' title="bbox 2240 4017 3891 4084; baseline -0.001 -10"><span class='ocrx_word' id='word_1_739' title='bbox 2240 4019 2388 4084; x_wconf 90' lang='lat' dir='ltr'>Quia</span> <span class='ocrx_word' id='word_1_740' title='bbox 2433 4035 2556 4073; x_wconf 90' lang='lat' dir='ltr'>non</span> <span class='ocrx_word' id='word_1_741' title='bbox 2606 4018 2666 4072; x_wconf 91' lang='lat' dir='ltr'>in</span> <span class='ocrx_word' id='word_1_742' title='bbox 2720 4017 2956 4082; x_wconf 87' lang='lat' dir='ltr'>melius,</span> <span class='ocrx_word' id='word_1_743' title='bbox 2993 4017 3095 4072; x_wconf 90' lang='lat' dir='ltr'>sed</span> <span class='ocrx_word' id='word_1_744' title='bbox 3129 4017 3186 4071; x_wconf 87' lang='lat' dir='ltr'>in</span> <span class='ocrx_word' id='word_1_745' title='bbox 3237 4017 3499 4073; x_wconf 89' lang='lat' dir='ltr'>deterius</span> <span class='ocrx_word' id='word_1_746' title='bbox 3542 4017 3891 4073; x_wconf 88' lang='lat' dir='ltr'>convenitis.</span> 
     </span>
    </p>
   </div>
   <div class='ocr_carea' id='block_1_102' title="bbox 2241 4105 3895 4179">
    <p class='ocr_par' dir='ltr' id='par_1_102' title="bbox 2241 4105 3895 4179">
     <span class='ocr_line' id='line_1_102' title="bbox 2241 4105 3895 4179; baseline -0.002 -15"><span class='ocrx_word' id='word_1_747' title='bbox 2241 4111 2385 4164; x_wconf 87' lang='lat' dir='ltr'>Cum</span> <span class='ocrx_word' id='word_1_748' title='bbox 2429 4108 2590 4162; x_wconf 90' lang='lat' dir='ltr'>enim</span> <span class='ocrx_word' id='word_1_749' title='bbox 2647 4113 2882 4179; x_wconf 89' lang='lat' dir='ltr'>oportet</span> <span class='ocrx_word' id='word_1_750' title='bbox 2936 4124 3036 4162; x_wconf 91' lang='lat' dir='ltr'>vos</span> <span class='ocrx_word' id='word_1_751' title='bbox 3068 4106 3286 4162; x_wconf 89' lang='lat' dir='ltr'>addere</span> <span class='ocrx_word' id='word_1_752' title='bbox 3334 4105 3408 4162; x_wconf 87' lang='lat' dir='ltr'>ad</span> <span class='ocrx_word' id='word_1_753' title='bbox 3448 4107 3747 4173; x_wconf 85' lang='lat' dir='ltr'>virtutem,</span> <span class='ocrx_word' id='word_1_754' title='bbox 3781 4107 3895 4178; x_wconf 84' lang='lat' dir='ltr'>ipsi</span> 
     </span>
    </p>
   </div>
   <div class='ocr_carea' id='block_1_103' title="bbox 2243 4195 3895 4268">
    <p class='ocr_par' dir='ltr' id='par_1_103' title="bbox 2243 4195 3895 4268">
     <span class='ocr_line' id='line_1_103' title="bbox 2243 4195 3895 4268; baseline -0.002 -14"><span class='ocrx_word' id='word_1_755' title='bbox 2243 4200 2422 4254; x_wconf 87' lang='lat' dir='ltr'>etiam</span> <span class='ocrx_word' id='word_1_756' title='bbox 2482 4197 2648 4253; x_wconf 89' lang='lat' dir='ltr'>illam</span> <span class='ocrx_word' id='word_1_757' title='bbox 2714 4213 2894 4268; x_wconf 91' lang='lat' dir='ltr'>quam</span> <span class='ocrx_word' id='word_1_758' title='bbox 2944 4196 3254 4252; x_wconf 86' lang='lat' dir='ltr'>habebatis</span> <span class='ocrx_word' id='word_1_759' title='bbox 3287 4195 3651 4268; x_wconf 88' lang='lat' dir='ltr'>perdidistis.</span> <span class='ocrx_word' id='word_1_760' title='bbox 3687 4219 3715 4245; x_wconf 86' lang='lat'>«</span> <span class='ocrx_word' id='word_1_761' title='bbox 3750 4198 3895 4251; x_wconf 75' lang='lat' dir='ltr'>Nam</span> 
     </span>
    </p>
   </div>
   <div class='ocr_carea' id='block_1_104' title="bbox 2243 4285 3896 4360">
    <p class='ocr_par' dir='ltr' id='par_1_104' title="bbox 2243 4285 3896 4360">
     <span class='ocr_line' id='line_1_104' title="bbox 2243 4285 3896 4360; baseline -0.002 -18"><span class='ocrx_word' id='word_1_762' title='bbox 2243 4288 2504 4360; x_wconf 87' lang='lat' dir='ltr'>primum</span> <span class='ocrx_word' id='word_1_763' title='bbox 2564 4286 2807 4358; x_wconf 91' lang='lat' dir='ltr'>quidem</span> <span class='ocrx_word' id='word_1_764' title='bbox 2853 4302 2986 4341; x_wconf 92' lang='lat' dir='ltr'>cum</span> <span class='ocrx_word' id='word_1_765' title='bbox 3023 4285 3085 4340; x_wconf 91' lang='lat' dir='ltr'>in</span> <span class='ocrx_word' id='word_1_766' title='bbox 3131 4286 3456 4341; x_wconf 90' lang='lat' dir='ltr'>Ecclesiam</span> <span class='ocrx_word' id='word_1_767' title='bbox 3481 4285 3829 4340; x_wconf 83' lang='lat' dir='ltr'>convenitis.</span> <span class='ocrx_word' id='word_1_768' title='bbox 3869 4307 3896 4333; x_wconf 78' lang='grc'><strong>››</strong></span> 
     </span>
    </p>
   </div>
   <div class='ocr_carea' id='block_1_105' title="bbox 2243 4373 3903 4446">
    <p class='ocr_par' dir='ltr' id='par_1_105' title="bbox 2243 4373 3903 4446">
     <span class='ocr_line' id='line_1_105' title="bbox 2243 4373 3903 4446; baseline -0.002 -15"><span class='ocrx_word' id='word_1_769' title='bbox 2243 4377 2434 4431; x_wconf 89' lang='lat' dir='ltr'>Causa</span> <span class='ocrx_word' id='word_1_770' title='bbox 2463 4374 2780 4446; x_wconf 81' lang='lat' dir='ltr'>praesentis</span> <span class='ocrx_word' id='word_1_771' title='bbox 2821 4373 3032 4445; x_wconf 88' lang='lat' dir='ltr'>capitis</span> <span class='ocrx_word' id='word_1_772' title='bbox 3064 4373 3188 4428; x_wconf 65' lang='lat' dir='ltr'>hinc</span> <span class='ocrx_word' id='word_1_773' title='bbox 3219 4378 3365 4428; x_wconf 87' lang='lat' dir='ltr'>erat.</span> <span class='ocrx_word' id='word_1_774' title='bbox 3397 4373 3566 4444; x_wconf 84' lang='lat' dir='ltr'>Apud</span> <span class='ocrx_word' id='word_1_775' title='bbox 3608 4373 3768 4444; x_wconf 87' lang='lat' dir='ltr'>ipsos</span> <span class='ocrx_word' id='word_1_776' title='bbox 3797 4374 3903 4428; x_wconf 86' lang='lat' dir='ltr'>Do-</span> 
     </span>
    </p>
   </div>
   <div class='ocr_carea' id='block_1_106' title="bbox 2243 4462 3902 4526">
    <p class='ocr_par' dir='ltr' id='par_1_106' title="bbox 2243 4462 3902 4526">
     <span class='ocr_line' id='line_1_106' title="bbox 2243 4462 3902 4526; baseline -0.002 -6"><span class='ocrx_word' id='word_1_777' title='bbox 2243 4464 2481 4520; x_wconf 85' lang='lat' dir='ltr'>minicae</span> <span class='ocrx_word' id='word_1_778' title='bbox 2505 4480 2690 4519; x_wconf 82' lang='lat' dir='ltr'>ccenae</span> <span class='ocrx_word' id='word_1_779' title='bbox 2723 4462 2966 4526; x_wconf 81' lang='lat' dir='ltr'>ﬁebant,</span> <span class='ocrx_word' id='word_1_780' title='bbox 2993 4468 3052 4516; x_wconf 89' lang='lat' dir='ltr'>et</span> <span class='ocrx_word' id='word_1_781' title='bbox 3095 4463 3206 4517; x_wconf 91' lang='lat' dir='ltr'>hoc</span> <span class='ocrx_word' id='word_1_782' title='bbox 3236 4462 3413 4518; x_wconf 90' lang='lat' dir='ltr'>modo</span> <span class='ocrx_word' id='word_1_783' title='bbox 3451 4463 3695 4518; x_wconf 84' lang='lat' dir='ltr'>ﬂebant.</span> <span class='ocrx_word' id='word_1_784' title='bbox 3749 4462 3902 4517; x_wconf 63' lang='lat' dir='ltr'>Prie-</span> 
     </span>
    </p>
   </div>
   <div class='ocr_carea' id='block_1_107' title="bbox 2243 4551 3902 4624">
    <p class='ocr_par' dir='ltr' id='par_1_107' title="bbox 2243 4551 3902 4624">
     <span class='ocr_line' id='line_1_107' title="bbox 2243 4551 3902 4624; baseline -0.001 -17"><span class='ocrx_word' id='word_1_785' title='bbox 2243 4553 2436 4624; x_wconf 89' lang='lat' dir='ltr'>cipuis</span> <span class='ocrx_word' id='word_1_786' title='bbox 2468 4551 2680 4607; x_wconf 85' lang='lat' dir='ltr'>diebus</span> <span class='ocrx_word' id='word_1_787' title='bbox 2719 4551 2840 4606; x_wconf 87' lang='lat' dir='ltr'>sive</span> <span class='ocrx_word' id='word_1_788' title='bbox 2871 4552 3038 4606; x_wconf 86' lang='lat' dir='ltr'>festis</span> <span class='ocrx_word' id='word_1_789' title='bbox 3069 4558 3204 4621; x_wconf 90' lang='lat' dir='ltr'>post</span> <span class='ocrx_word' id='word_1_790' title='bbox 3245 4567 3549 4606; x_wconf 88' lang='lat' dir='ltr'>sacrorum</span> <span class='ocrx_word' id='word_1_791' title='bbox 3586 4551 3902 4621; x_wconf 79' lang='lat' dir='ltr'>mysterio-</span> 
     </span>
    </p>
   </div>
   <div class='ocr_carea' id='block_1_108' title="bbox 2245 4639 3899 4711">
    <p class='ocr_par' dir='ltr' id='par_1_108' title="bbox 2245 4639 3899 4711">
     <span class='ocr_line' id='line_1_108' title="bbox 2245 4639 3899 4711; baseline -0.002 -14"><span class='ocrx_word' id='word_1_792' title='bbox 2245 4657 2377 4697; x_wconf 89' lang='lat' dir='ltr'>rum</span> <span class='ocrx_word' id='word_1_793' title='bbox 2410 4641 2928 4711; x_wconf 87' lang='lat' dir='ltr'>participationem</span> <span class='ocrx_word' id='word_1_794' title='bbox 2953 4639 3284 4711; x_wconf 74' lang='lat' dir='ltr'>agebantur</span> <span class='ocrx_word' id='word_1_795' title='bbox 3310 4657 3661 4695; x_wconf 89' lang='lat' dir='ltr'>communes</span> <span class='ocrx_word' id='word_1_796' title='bbox 3693 4658 3899 4709; x_wconf 67' lang='lat' dir='ltr'>crrnae,</span> 
     </span>
    </p>
   </div>
   <div class='ocr_carea' id='block_1_109' title="bbox 2246 4728 3908 4802">
    <p class='ocr_par' dir='ltr' id='par_1_109' title="bbox 2246 4728 3908 4802">
     <span class='ocr_line' id='line_1_109' title="bbox 2246 4728 3908 4802; baseline -0.001 -18"><span class='ocrx_word' id='word_1_797' title='bbox 2246 4728 2722 4802; x_wconf 79' lang='lat' dir='ltr'>praeparantibus</span> <span class='ocrx_word' id='word_1_798' title='bbox 2753 4728 2888 4784; x_wconf 89' lang='lat' dir='ltr'>illas</span> <span class='ocrx_word' id='word_1_799' title='bbox 2919 4728 3200 4782; x_wconf 85' lang='lat' dir='ltr'>divitibus</span> <span class='ocrx_word' id='word_1_800' title='bbox 3233 4746 3298 4782; x_wconf 86' lang='lat' dir='ltr'>ac</span> <span class='ocrx_word' id='word_1_801' title='bbox 3332 4745 3624 4799; x_wconf 88' lang='lat' dir='ltr'>pauperes</span> <span class='ocrx_word' id='word_1_802' title='bbox 3657 4729 3908 4782; x_wconf 88' lang='lat' dir='ltr'>invitan-</span> 
     </span>
    </p>
   </div>
   <div class='ocr_carea' id='block_1_110' title="bbox 2246 4816 3904 4875">
    <p class='ocr_par' dir='ltr' id='par_1_110' title="bbox 2246 4816 3904 4875">
     <span class='ocr_line' id='line_1_110' title="bbox 2246 4816 3904 4875; baseline -0.002 -1"><span class='ocrx_word' id='word_1_803' title='bbox 2246 4819 2427 4875; x_wconf 87' lang='lat' dir='ltr'>tibus.</span> <span class='ocrx_word' id='word_1_804' title='bbox 2460 4817 2524 4872; x_wconf 92' lang='lat' dir='ltr'><strong>Id</strong></span> <span class='ocrx_word' id='word_1_805' title='bbox 2555 4822 2754 4872; x_wconf 89' lang='lat' dir='ltr'>autem</span> <span class='ocrx_word' id='word_1_806' title='bbox 2786 4822 2910 4872; x_wconf 88' lang='lat' dir='ltr'>erat</span> <span class='ocrx_word' id='word_1_807' title='bbox 2947 4817 3180 4872; x_wconf 87' lang='lat' dir='ltr'>occasio</span> <span class='ocrx_word' id='word_1_808' title='bbox 3213 4817 3521 4872; x_wconf 89' lang='lat' dir='ltr'>charitatis</span> <span class='ocrx_word' id='word_1_809' title='bbox 3557 4823 3616 4871; x_wconf 88' lang='lat' dir='ltr'>et</span> <span class='ocrx_word' id='word_1_810' title='bbox 3673 4816 3904 4872; x_wconf 90' lang='lat' dir='ltr'>modes-</span> 
     </span>
    </p>
   </div>
   <div class='ocr_carea' id='block_1_111' title="bbox 2246 4906 3902 4978">
    <p class='ocr_par' dir='ltr' id='par_1_111' title="bbox 2246 4906 3902 4978">
     <span class='ocr_line' id='line_1_111' title="bbox 2246 4906 3902 4978; baseline -0.002 -13"><span class='ocrx_word' id='word_1_811' title='bbox 2246 4909 2341 4964; x_wconf 68' lang='lat' dir='ltr'>tiae</span> <span class='ocrx_word' id='word_1_812' title='bbox 2395 4907 2601 4963; x_wconf 90' lang='lat' dir='ltr'>animi.</span> <span class='ocrx_word' id='word_1_813' title='bbox 2649 4907 2795 4961; x_wconf 88' lang='lat' dir='ltr'>Cum</span> <span class='ocrx_word' id='word_1_814' title='bbox 2839 4906 3017 4978; x_wconf 82' lang='lat' dir='ltr'>igitur</span> <span class='ocrx_word' id='word_1_815' title='bbox 3065 4906 3279 4962; x_wconf 85' lang='lat' dir='ltr'>horum</span> <span class='ocrx_word' id='word_1_816' title='bbox 3319 4923 3560 4962; x_wconf 83' lang='lat' dir='ltr'>causam</span> <span class='ocrx_word' id='word_1_817' title='bbox 3608 4907 3902 4962; x_wconf 87' lang='lat' dir='ltr'>bonorum</span> 
     </span>
    </p>
   </div>
   <div class='ocr_carea' id='block_1_112' title="bbox 2246 4995 3902 5069">
    <p class='ocr_par' dir='ltr' id='par_1_112' title="bbox 2246 4995 3902 5069">
     <span class='ocr_line' id='line_1_112' title="bbox 2246 4995 3902 5069; baseline -0.002 -15"><span class='ocrx_word' id='word_1_818' title='bbox 2246 4997 2675 5069; x_wconf 87' lang='lat' dir='ltr'>corrupissent,</span> <span class='ocrx_word' id='word_1_819' title='bbox 2739 5012 2984 5051; x_wconf 89' lang='lat' dir='ltr'>necesse</span> <span class='ocrx_word' id='word_1_820' title='bbox 3028 4995 3143 5050; x_wconf 82' lang='lat' dir='ltr'>fuit</span> <span class='ocrx_word' id='word_1_821' title='bbox 3216 4996 3497 5068; x_wconf 78' lang='lat' dir='ltr'>Apostolo</span> <span class='ocrx_word' id='word_1_822' title='bbox 3591 4997 3902 5054; x_wconf 87' lang='lat' dir='ltr'>scribere:</span> 
     </span>
    </p>
   </div>
   <div class='ocr_carea' id='block_1_113' title="bbox 2248 5085 3905 5150">
    <p class='ocr_par' dir='ltr' id='par_1_113' title="bbox 2248 5085 3905 5150">
     <span class='ocr_line' id='line_1_113' title="bbox 2248 5085 3905 5150; baseline 0.001 -10"><span class='ocrx_word' id='word_1_823' title='bbox 2248 5087 2498 5143; x_wconf 80' lang='lat' dir='ltr'>«Audio</span> <span class='ocrx_word' id='word_1_824' title='bbox 2557 5085 2804 5141; x_wconf 88' lang='lat' dir='ltr'>dissidia</span> <span class='ocrx_word' id='word_1_825' title='bbox 2856 5085 2917 5140; x_wconf 90' lang='lat' dir='ltr'>in</span> <span class='ocrx_word' id='word_1_826' title='bbox 2972 5085 3139 5141; x_wconf 89' lang='lat' dir='ltr'>vobis</span> <span class='ocrx_word' id='word_1_827' title='bbox 3190 5103 3340 5150; x_wconf 89' lang='lat' dir='ltr'>esse,</span> <span class='ocrx_word' id='word_1_828' title='bbox 3398 5109 3424 5134; x_wconf 87' lang='grc'><strong>››</strong></span> <span class='ocrx_word' id='word_1_829' title='bbox 3459 5089 3581 5142; x_wconf 78' lang='lat' dir='ltr'>Non</span> <span class='ocrx_word' id='word_1_830' title='bbox 3641 5093 3801 5144; x_wconf 87' lang='lat' dir='ltr'>recta</span> <span class='ocrx_word' id='word_1_831' title='bbox 3831 5085 3905 5142; x_wconf 89' lang='lat' dir='ltr'>ad</span> 
     </span>
    </p>
   </div>
   <div class='ocr_carea' id='block_1_114' title="bbox 2249 5175 3908 5249">
    <p class='ocr_par' dir='ltr' id='par_1_114' title="bbox 2249 5175 3908 5249">
     <span class='ocr_line' id='line_1_114' title="bbox 2249 5175 3908 5249; baseline -0.002 -15"><span class='ocrx_word' id='word_1_832' title='bbox 2249 5192 2585 5235; x_wconf 89' lang='lat' dir='ltr'>sermonem</span> <span class='ocrx_word' id='word_1_833' title='bbox 2611 5175 2683 5230; x_wconf 90' lang='lat' dir='ltr'>de</span> <span class='ocrx_word' id='word_1_834' title='bbox 2710 5191 2878 5230; x_wconf 79' lang='lat' dir='ltr'>caena</span> <span class='ocrx_word' id='word_1_835' title='bbox 2903 5175 3213 5230; x_wconf 89' lang='lat' dir='ltr'>Dominica</span> <span class='ocrx_word' id='word_1_836' title='bbox 3234 5176 3618 5238; x_wconf 83' lang='lat' dir='ltr'>accessit.sed</span> <span class='ocrx_word' id='word_1_837' title='bbox 3650 5193 3908 5249; x_wconf 89' lang='lat' dir='ltr'>superne</span> 
     </span>
    </p>
   </div>
   <div class='ocr_carea' id='block_1_115' title="bbox 2248 5265 3907 5338">
    <p class='ocr_par' dir='ltr' id='par_1_115' title="bbox 2248 5265 3907 5338">
     <span class='ocr_line' id='line_1_115' title="bbox 2248 5265 3907 5338; baseline -0.001 -15"><span class='ocrx_word' id='word_1_838' title='bbox 2248 5267 2475 5324; x_wconf 88' lang='lat' dir='ltr'>malum</span> <span class='ocrx_word' id='word_1_839' title='bbox 2507 5269 2795 5336; x_wconf 86' lang='lat' dir='ltr'>amputat.</span> <span class='ocrx_word' id='word_1_840' title='bbox 2848 5265 3082 5319; x_wconf 85' lang='lat' dir='ltr'>Etenim</span> <span class='ocrx_word' id='word_1_841' title='bbox 3117 5265 3312 5336; x_wconf 87' lang='lat' dir='ltr'>ipsum</span> <span class='ocrx_word' id='word_1_842' title='bbox 3346 5282 3583 5337; x_wconf 89' lang='lat' dir='ltr'>quoque</span> <span class='ocrx_word' id='word_1_843' title='bbox 3610 5283 3744 5322; x_wconf 88' lang='lat' dir='ltr'>cum</span> <span class='ocrx_word' id='word_1_844' title='bbox 3768 5283 3907 5338; x_wconf 86' lang='lat' dir='ltr'>pau-</span> 
     </span>
    </p>
   </div>
   <div class='ocr_carea' id='block_1_116' title="bbox 2250 5356 3906 5431">
    <p class='ocr_par' dir='ltr' id='par_1_116' title="bbox 2250 5356 3906 5431">
     <span class='ocr_line' id='line_1_116' title="bbox 2250 5356 3906 5431; baseline -0.001 -18"><span class='ocrx_word' id='word_1_845' title='bbox 2250 5359 2492 5431; x_wconf 88' lang='lat' dir='ltr'>peribus</span> <span class='ocrx_word' id='word_1_846' title='bbox 2522 5373 2640 5412; x_wconf 88' lang='lat' dir='ltr'>non</span> <span class='ocrx_word' id='word_1_847' title='bbox 2671 5356 3123 5416; x_wconf 81' lang='lat' dir='ltr'>convenire.aut</span> <span class='ocrx_word' id='word_1_848' title='bbox 3150 5373 3273 5411; x_wconf 88' lang='lat' dir='ltr'>una</span> <span class='ocrx_word' id='word_1_849' title='bbox 3293 5373 3415 5411; x_wconf 87' lang='lat' dir='ltr'>non</span> <span class='ocrx_word' id='word_1_850' title='bbox 3465 5374 3700 5414; x_wconf 74' lang='lat' dir='ltr'>cmnare</span> <span class='ocrx_word' id='word_1_851' title='bbox 3731 5359 3906 5414; x_wconf 87' lang='lat' dir='ltr'>dissi-</span> 
     </span>
    </p>
   </div>
   <div class='ocr_carea' id='block_1_117' title="bbox 2250 5444 3905 5517">
    <p class='ocr_par' dir='ltr' id='par_1_117' title="bbox 2250 5444 3905 5517">
     <span class='ocr_line' id='line_1_117' title="bbox 2250 5444 3905 5517; baseline -0.002 -13"><span class='ocrx_word' id='word_1_852' title='bbox 2250 5449 2414 5504; x_wconf 89' lang='lat' dir='ltr'>dium</span> <span class='ocrx_word' id='word_1_853' title='bbox 2446 5451 2593 5502; x_wconf 90' lang='lat' dir='ltr'>erat.</span> <span class='ocrx_word' id='word_1_854' title='bbox 2626 5468 2654 5495; x_wconf 74' lang='grc' dir='ltr'>ιι</span> <span class='ocrx_word' id='word_1_855' title='bbox 2689 5447 2758 5499; x_wconf 89' lang='lat' dir='ltr'>Et</span> <span class='ocrx_word' id='word_1_856' title='bbox 2787 5444 2990 5516; x_wconf 88' lang='lat' dir='ltr'>aliqua</span> <span class='ocrx_word' id='word_1_857' title='bbox 3015 5462 3085 5499; x_wconf 83' lang='lat' dir='ltr'>ex</span> <span class='ocrx_word' id='word_1_858' title='bbox 3109 5451 3275 5517; x_wconf 89' lang='lat' dir='ltr'>parte</span> <span class='ocrx_word' id='word_1_859' title='bbox 3307 5447 3507 5503; x_wconf 87' lang='lat' dir='ltr'>credo.</span> <span class='ocrx_word' id='word_1_860' title='bbox 3538 5469 3566 5497; x_wconf 86' lang='lat'><strong>»</strong></span> <span class='ocrx_word' id='word_1_861' title='bbox 3602 5449 3722 5503; x_wconf 86' lang='lat' dir='ltr'>Hoc</span> <span class='ocrx_word' id='word_1_862' title='bbox 3778 5452 3905 5512; x_wconf 84' lang='lat' dir='ltr'>est;</span> 
     </span>
    </p>
   </div>
   <div class='ocr_carea' id='block_1_118' title="bbox 2251 5533 3907 5610">
    <p class='ocr_par' dir='ltr' id='par_1_118' title="bbox 2251 5533 3907 5610">
     <span class='ocr_line' id='line_1_118' title="bbox 2251 5533 3907 5610; baseline -0.004 -17"><span class='ocrx_word' id='word_1_863' title='bbox 2251 5538 2468 5610; x_wconf 83' lang='lat' dir='ltr'>Aliquo</span> <span class='ocrx_word' id='word_1_864' title='bbox 2501 5535 2676 5590; x_wconf 91' lang='lat' dir='ltr'>modo</span> <span class='ocrx_word' id='word_1_865' title='bbox 2709 5533 2908 5601; x_wconf 91' lang='lat' dir='ltr'>credo,</span> <span class='ocrx_word' id='word_1_866' title='bbox 2965 5534 3052 5589; x_wconf 92' lang='lat' dir='ltr'>vel</span> <span class='ocrx_word' id='word_1_867' title='bbox 3079 5551 3091 5588; x_wconf 95' lang='lat'>:</span> <span class='ocrx_word' id='word_1_868' title='bbox 3137 5535 3450 5592; x_wconf 88' lang='lat' dir='ltr'>Paululum</span> <span class='ocrx_word' id='word_1_869' title='bbox 3483 5537 3682 5605; x_wconf 89' lang='lat' dir='ltr'>credo,</span> <span class='ocrx_word' id='word_1_870' title='bbox 3704 5552 3780 5590; x_wconf 91' lang='lat' dir='ltr'>ne</span> <span class='ocrx_word' id='word_1_871' title='bbox 3812 5536 3907 5588; x_wconf 90' lang='lat' dir='ltr'>ni-</span> 
     </span>
    </p>
   </div>
   <div class='ocr_carea' id='block_1_119' title="bbox 2251 5623 3904 5695">
    <p class='ocr_par' dir='ltr' id='par_1_119' title="bbox 2251 5623 3904 5695">
     <span class='ocr_line' id='line_1_119' title="bbox 2251 5623 3904 5695; baseline -0.004 -11"><span class='ocrx_word' id='word_1_872' title='bbox 2251 5629 2442 5684; x_wconf 89' lang='lat' dir='ltr'>mium</span> <span class='ocrx_word' id='word_1_873' title='bbox 2483 5643 2584 5682; x_wconf 89' lang='lat' dir='ltr'>eos</span> <span class='ocrx_word' id='word_1_874' title='bbox 2638 5623 2996 5695; x_wconf 85' lang='lat' dir='ltr'>pudefaciat.</span> <span class='ocrx_word' id='word_1_875' title='bbox 3042 5626 3159 5680; x_wconf 85' lang='lat' dir='ltr'>Nec</span> <span class='ocrx_word' id='word_1_876' title='bbox 3211 5624 3379 5692; x_wconf 83' lang='lat' dir='ltr'>dixit,</span> <span class='ocrx_word' id='word_1_877' title='bbox 3441 5642 3563 5681; x_wconf 89' lang='lat' dir='ltr'>non</span> <span class='ocrx_word' id='word_1_878' title='bbox 3596 5624 3795 5686; x_wconf 87' lang='lat' dir='ltr'>credo,</span> <span class='ocrx_word' id='word_1_879' title='bbox 3828 5639 3904 5678; x_wconf 91' lang='lat' dir='ltr'>ne</span> 
     </span>
    </p>
   </div>
   <div class='ocr_carea' id='block_1_120' title="bbox 2251 5711 3905 5788">
    <p class='ocr_par' dir='ltr' id='par_1_120' title="bbox 2251 5711 3905 5788">
     <span class='ocr_line' id='line_1_120' title="bbox 2251 5711 3905 5788; baseline -0.004 -15"><span class='ocrx_word' id='word_1_880' title='bbox 2251 5718 2475 5775; x_wconf 82' lang='lat' dir='ltr'>frustra</span> <span class='ocrx_word' id='word_1_881' title='bbox 2505 5716 2817 5788; x_wconf 82' lang='lat' dir='ltr'>increpare</span> <span class='ocrx_word' id='word_1_882' title='bbox 2845 5714 3135 5780; x_wconf 86' lang='lat' dir='ltr'>videatur,</span> <span class='ocrx_word' id='word_1_883' title='bbox 3163 5713 3267 5769; x_wconf 90' lang='lat' dir='ltr'>sed</span> <span class='ocrx_word' id='word_1_884' title='bbox 3295 5713 3379 5769; x_wconf 88' lang='lat' dir='ltr'>ait</span> <span class='ocrx_word' id='word_1_885' title='bbox 3411 5730 3425 5768; x_wconf 89' lang='lat'><strong>:</strong></span> <span class='ocrx_word' id='word_1_886' title='bbox 3460 5712 3769 5770; x_wconf 86' lang='lat' dir='ltr'>Paululum</span> <span class='ocrx_word' id='word_1_887' title='bbox 3801 5711 3905 5767; x_wconf 83' lang='lat' dir='ltr'>ali-</span> 
     </span>
    </p>
   </div>
  </div>
