4118 6410
297 349 417 415 808

1385 346 1820 415 CBCUMENII
1862 341 2174 412 TRICCJE
2219 343 2573 409 EPISCOPI

3599 353 3722 414 804

298 484 446 560 quid
467 483 663 544 credo.
688 504 716 533 α
749 485 894 543 Nam
924 486 1159 555 oportet
1186 486 1247 539 et
1272 487 1466 541 sectas
1495 497 1625 543 esse
1642 503 1670 533 η
1700 477 1946 549 Atatem:

2059 480 2166 535 τῶν
2195 483 2503 552 τραπεζῶν.
2556 478 2947 556 Προκρίνοντες
3007 482 3109 561 γὰρ
3169 483 3223 541 oi
3278 481 3536 542 πλούσιοι
3590 483 3720 550 τοὺς

300 576 446 637 dicit
471 574 585 633 hoc
615 573 744 632 loco
768 588 888 631 non
921 589 1024 631 eas
1041 579 1232 633 sectas
1263 573 1393 633 sine
1415 589 1566 631 nova
1586 572 1742 629 circa
1773 570 1953 627 ﬁdem

297 665 575 737 dogmata
614 661 1022 727 introducunt,
1082 662 1189 719 sed
1230 662 1390 720 circa
1430 676 1686 718 mensas.
1730 659 1948 716 Divites

296 755 457 813 enim
482 752 870 828 prmferentes
915 751 1145 820 divites,
1169 751 1593 823 relinquebant
1630 765 1944 822 pauperes.

298 868 325 897 ‹‹
361 845 436 901 Ut
464 843 564 915 qui
597 841 834 915 probati
878 847 1036 899 sunt.
1071 862 1100 892 ιι
1130 840 1319 899 Dictio
1345 835 1460 908 'ivaz,
1493 839 1554 897 id
1586 844 1695 907 est,
1728 843 1796 894 ut
1825 853 1949 894 non

303 939 392 993 est
421 950 614 991 causae
647 930 956 1000 redditiva,
1005 930 1109 989 sed
1151 935 1392 987 eventus
1429 945 1632 988 rerum
1684 926 1949 985 declara-

303 1025 433 1081 tiva
473 1024 618 1079 Nam
660 1037 767 1093 per
807 1021 921 1076 hoc
960 1020 1117 1093 quod
1162 1021 1278 1076 ait:
1308 1042 1337 1072 ιι
1370 1019 1615 1091 Oportet
1672 1023 1731 1077 et
1758 1022 1950 1075 sectas

300 1129 432 1173 esse
488 1119 559 1173 ut
607 1111 707 1185 qui
762 1110 994 1182 probati
1053 1115 1194 1166 sunt
1239 1108 1540 1168 manifesti
1590 1109 1739 1165 ﬂant
1794 1107 1952 1167 inter

294 1219 419 1260 vos.
448 1223 477 1253 ››
518 1202 630 1258 hoc
661 1199 990 1269 significat:
1042 1198 1334 1266 Quoniam
1364 1214 1467 1254 vos
1499 1196 1710 1253 divites
1740 1194 1947 1253 dividi'

293 1289 444 1349 mini
497 1294 948 1347 contemnentes
978 1303 1293 1360 pauperes,
1318 1285 1535 1343 accidit
1563 1290 1629 1343 ut
1655 1300 1950 1356 pauperes

295 1398 402 1453 per
432 1378 811 1437 tolerantiam
842 1376 1225 1433 inveniantur
1272 1375 1527 1449 probati.
1561 1397 1589 1426 ιι
1650 1371 1949 1431 Manifesti

297 1472 444 1529 ﬂant
469 1472 625 1529 inter
653 1488 776 1533 vos.
799 1491 828 1522 »
861 1469 971 1536 Qui
1001 1469 1163 1529 enim
1195 1468 1370 1527 solidi
1401 1485 1471 1527 ac
1503 1461 1660 1524 firmi
1692 1464 1950 1533 erant,in

294 1560 642 1633 hujusmodi
674 1558 1090 1619 occasionibus
1119 1558 1306 1627 magis
1334 1556 1480 1616 clari
1511 1556 1939 1615 reddebantur.

298 1651 609 1724 Signiﬁcat
636 1655 835 1706 autem
857 1664 1149 1722 pauperes
1169 1649 1388 1705 fastum
1420 1647 1667 1702 divitum
1693 1646 1950 1718 ingenue

2063 568 2386 639 πλουσίους,
2416 568 2543 634 τοὺς
2589 570 2823 644 πένητας
2852 570 3060 649 ἀφίασι.
3125 597 3147 624 ι
3178 573 3292 633 Ἵνα
3320 573 3374 631 οἱ
3405 570 3651 647 δόκιμοι.
3690 601 3737 631 ε.

2056 658 2154 728 Τὸ,
2205 655 2319 726 ἵνα,
2380 656 2478 714 οὐκ
2551 656 2692 717 ἔστιν
2767 660 3137 736 αἰτιολογικὸν
3176 707 3190 731 ,
3239 661 3388 722 ἀλλὰ
3443 672 3548 735 τῆς
3604 672 3717 723 τῶν

2057 748 2391 822 πραγμάτων
2452 744 2721 812 ἐκϐάσεως
2799 747 3130 820 δηλωτικόν.
3210 752 3290 811 Τὸ
3364 754 3491 828 γὰρ,
3568 780 3589 807 ιι
3627 763 3723 812 Δεῖ

2057 835 2291 907 αἱρέσεις
2335 837 2467 895 εἶναι
2521 839 2612 895 ’ἱνα
2663 840 2716 894 οἱ
2773 836 2997 913 δόκιμοι
3064 841 3285 917 φανεροὶ
3337 844 3603 919 γὲνωνται
3660 846 3714 901 ἐν

2064 927 2217 999 ὑμῖν,
2252 951 2280 978 ››
2352 929 2514 984 τοῦτό
2590 949 2777 1002 φησιν’
2859 928 3083 999 Ἐπειδή
3134 931 3289 1005 ὑμεῖς
3347 933 3399 991 oi
3454 932 3715 991 πλούσιοι

2060 1017 2315 1092 σχίζεσθε
2343 1022 2714 1093 παρεορῶντες
2760 1018 2887 1082 τοὺς
2937 1019 3193 1091 πένητας,
3252 1018 3485 1079 ἐκϐαίνει
3545 1023 3629 1080 ὅτι
3663 1025 3713 1081 οί

2059 1107 2286 1177 πένητες
2319 1103 2390 1161 δι’
2418 1107 2726 1181 ὑπομονῆς,
2787 1109 3123 1182 εὑρισκονται
3184 1108 3428 1188 δόκιμοι.
3496 1135 3518 1165 ι
3553 1121 3717 1173 Φανε-

2061 1194 2148 1267 ροί
2177 1193 2441 1270 γένωνται
2472 1197 2526 1251 ἐν
2558 1197 2709 1270 ὑμῖν.
2735 1222 2763 1251 υ
2788 1198 2854 1260 Οἱ
2883 1198 2987 1275 γὰρ
3014 1200 3245 1275 στερεοὶ,
3280 1199 3495 1274 μᾶλλον
3518 1202 3570 1259 ἰν
3596 1209 3715 1266 τοῖς

2057 1283 2330 1350 τοιούτοις
2363 1282 2705 1359 ἐκλάμπουσι
2730 1291 2964 1361 καιροῖς.
2999 1286 3177 1357 Δηλοῖ
3204 1286 3261 1345 δί
3284 1289 3414 1353 τοὺς
3457 1291 3715 1364 πένητας,

2055 1374 2184 1439 τοὺς
2206 1374 2306 1443 τὴν
2338 1375 2636 1461 ὑπεροψίαν
2663 1380 2771 1433 τῶν
2803 1375 3088 1435 πλουσίων
3117 1379 3376 1454 γενναίως
3430 1379 3718 1461 φέροντας,

2059 1463 2148 1519 καὶ
2176 1463 2304 1526 τοὺς
2334 1460 2411 1523 ἔτι
2442 1465 2505 1522 τὸ
2534 1460 2658 1531 ἔθος
2688 1462 3173 1544 διαφυλάττοντας.
3226 1493 3255 1522 ιι
3289 1460 3722 1551 Συνερχομένων

2061 1553 2152 1607 οὗν
2187 1553 2360 1627 ὑμῶν.
2396 1578 2425 1607 ››
2457 1555 2516 1611 ἹΙ
2576 1557 2670 1628 μὶν
2728 1553 2978 1629 σύνοδος,
3030 1557 3218 1636 φησὶν,
3278 1559 3495 1635 ἀγάπην
3549 1559 3717 1618 ἐνδεί-

2065 1661 2275 1713 κνυται,
2300 1641 2447 1706 πλῆν
2477 1640 2539 1698 οὗ
2572 1649 2919 1719 παραιοῦται.

293 1740 451 1798 ferre
482 1745 543 1796 et
578 1756 804 1795 morem
831 1737 1026 1795 adhuc
1070 1736 1402 1794 observare.
1436 1761 1464 1788 (ι
1509 1738 1644 1792 Cum
1679 1734 1858 1809 igitur
1894 1735 1957 1790 in
1989 1734 2267 1790 eumdem
2299 1734 2497 1790 locum
2530 1735 2880 1792 convenitis.
2918 1759 2946 1788 ››
2979 1737 3325 1804 Conventio,
3381 1739 3595 1813 inquit,
3651 1760 3717 1799 ac

292 1834 480 1885 certus
510 1828 895 1885 dilectionem
925 1828 1078 1884 529
1113 1826 1394 1896 ostendit,
1424 1830 1483 1883 et
1512 1831 1713 1882 tamen
1739 1824 1814 1882 ad
1845 1839 1994 1896 opus
2041 1840 2161 1879 non
2192 1824 2496 1897 pertingit.

364 1940 394 1970 ι(
440 1920 565 1977 Non
628 1915 917 1991 contingit
956 1916 1327 1973 Dominicam
1384 1915 1559 1973 edere
1605 1931 1856 1973 comam.
1915 1934 1943 1964 »

2129 1934 2157 1964 «
2221 1911 2329 1968 Οὐκ
2384 1908 2495 1969 ἔστι
2575 1914 2832 1990 κυριακὸν
2914 1912 3130 1975 δεῖπνον
3185 1921 3390 1994 φαγεῖν.
3424 1941 3452 1971 ››
3509 1922 3713 1996 Κυρια-

292 2008 665 2066 Dominicam
712 2013 880 2063 vocat
931 2005 1123 2080 ipsam
1142 2006 1317 2080 juxta
1356 2004 1752 2063 imitationem
1784 2004 1948 2061 illius

2059 1999 2151 2056 κὸν
2208 1997 2265 2055 δὲ
2321 2000 2453 2058 αὐτὸ
2535 1999 2717 2070 καλεῖ,
2801 2004 2939 2061 κατὰ
3024 2002 3260 2078 μίμησιν
3336 2004 3540 2064 ἐκείνου
3617 2012 3715 2066 τοῦ

290 2097 572 2175 pavenda:
604 2113 672 2154 ac
714 2095 1002 2171 mysticae,
1055 2095 1291 2170 quando
1332 2096 1620 2153 Dominus
1648 2111 1769 2151 una
1813 2110 1948 2153 cum

2060 2095 2332 2170 φρικτοῦ,
2391 2090 2483 2149 ὅτε
2535 2092 2563 2148 ὁ
2624 2093 2820 2171 Κύριος
2899 2096 3154 2168 συνήσθιε
3208 2100 3326 2158 τοῖς
3389 2099 3662 2172 μαθηταῖς
3698 2143 3713 2171 ,

293 2186 603 2260 discipulis
647 2185 899 2252 edebat;
960 2202 1027 2242 ac
1058 2185 1107 2241 si
1138 2184 1363 2241 diceret
1403 2202 1416 2242 :
1450 2186 1590 2253 Qum
1634 2201 1669 2243 a
1709 2182 1948 2245 Domino

2059 2179 2132 2242 ὡς
2164 2179 2211 2237 εί
2241 2178 2415 2256 ἔλεγε’
2450 2182 2546 2254 Τὸ,
2577 2202 2656 2256 τῳ
2704 2182 2892 2259 Κυρίῳ
2949 2182 3323 2257 ἀνακείμενον.
3377 2188 3715 2263 Συνέρχεσθε

291 2276 582 2355 disposita
628 2280 718 2331 est
766 2281 825 2332 et
868 2273 1158 2332 ordinata.
1195 2274 1535 2333 Convenitis
1584 2271 1829 2349 quidem
1877 2271 1952 2332 ad

287 2366 589 2424 edendum
623 2364 997 2421 Dominicam
1019 2381 1271 2432 omnem,
1307 2363 1411 2421 sed
1440 2380 1560 2421 non
1589 2361 1954 2421 facitis—Et

289 2457 401 2517 hoc
451 2454 767 2531 significat,
815 2454 1065 2513 dicens:
1100 2475 1128 2505 «
1166 2456 1293 2512 Non
1326 2452 1635 2529 contingit.
1688 2474 1716 2503 »
1749 2451 1948 2509 Domi-

293 2543 488 2600 nicam
508 2550 706 2601 autem
729 2560 958 2600 caenam
980 2549 1149 2599 vocat
1173 2542 1551 2598 Dominicum
1576 2542 1948 2615 mysterium:

297 2654 439 2697 nam
471 2637 634 2695 illius
655 2653 863 2694 omnes
886 2636 1166 2693 similiter
1195 2640 1335 2693 sunt
1360 2635 1717 2711 participes:
1746 2639 1805 2694 et
1849 2633 1950 2705 qui

295 2727 356 2787 in
389 2732 738 2803 paupertate
763 2725 1071 2800 degunt,et
1101 2726 1202 2799 qui
1235 2724 1455 2783 divitiis
1489 2724 1952 2791 extolluntur,et

293 2818 503 2876 famuli
525 2834 591 2875 ac
613 2814 861 2875 domini.
896 2821 954 2873 et
974 2816 1073 2888 qui
1112 2815 1499 2875 dominantur
1528 2820 1587 2873 et
1617 2814 1718 2888 qui
1762 2812 1949 2871 domi-

300 2907 468 2966 nium
493 2904 1242 2980 sustinent.0portuitergo
1260 2910 1319 2959 et
1347 2921 1587 2962 mensas
1604 2918 1953 2962 communes

299 3012 429 3055 esse
456 3012 826 3066 communes,
860 3012 927 3054 ac
962 2994 1331 3052 Dominicam
1383 2994 1628 3065 imitari,
1661 3010 1792 3066 quae
1824 3009 1954 3051 om-

300 3085 477 3145 nibus
509 3103 576 3143 ex
629 3102 798 3159 mquo
846 3084 1221 3162 proponitur.
1264 3086 1430 3144 Nunc
1459 3089 1659 3143 autem
1716 3099 1838 3142 non
1870 3082 1955 3141 ita

295 3174 490 3234 facitis
517 3175 777 3250 Quisque
809 3176 970 3233 enim
1000 3174 1302 3251 propriam
1318 3180 1691 3249 praeoccupat
1721 3189 1952 3233 omnem

294 3266 360 3325 in
392 3265 645 3325 edendo.
673 3265 912 3323 Coenam
944 3280 1079 3322 vero
1104 3264 1277 3338 juxta
1305 3264 1469 3323 illius
1497 3264 1784 3339 temporis
1815 3280 1951 3319 con-
1980 3284 2024 3354 ρ

295 3356 675 3415 suetudinem
705 3362 872 3413 vocat
907 3355 1229 3428 prandium
1258 3356 1479 3433 ipsum.

364 3447 460 3513 XI,
491 3445 580 3512 2|,
618 3448 709 3500 22.
766 3447 1003 3519 Quisque
1041 3445 1188 3502 enim
1236 3444 1535 3521 propriam
1585 3449 1947 3518 praeoccupat

295 3552 544 3594 caenam:
579 3542 631 3591 et
653 3535 744 3593 hic
775 3534 995 3609 quidem
1022 3535 1215 3599 esurit.
1250 3534 1346 3591 ille
1395 3540 1581 3592 autem
1636 3531 1820 3590 ebrius
1848 3538 1944 3591 est.

292 3628 430 3683 Num
450 3641 582 3684 sane
610 3624 803 3680 domos
832 3640 945 3683 non
975 3622 1187 3682 habetis
1226 3623 1301 3682 ad
1339 3622 1609 3683 edendum
1638 3639 1701 3681 ac
1761 3623 1945 3679 biben-

289 3714 417 3772 dum
447 3718 475 3771 ?
507 3717 598 3774 An
628 3714 922 3774 Ecclesium
955 3715 1057 3772 Dei
1112 3716 1463 3773 contemnitis
1505 3721 1557 3772 σι
1608 3713 1950 3791 pudefacitis

287 3820 371 3863 eos
392 3805 490 3876 qui
518 3821 630 3860 non
656 3804 857 3861 habent
877 3806 905 3859 ?
936 3804 1082 3875 Quid
1119 3805 1308 3863 dicam
1345 3803 1497 3862 vobis
1518 3807 1548 3861 Ξ)
1569 3804 1807 3863 laudabo
1861 3818 1948 3860 vos

288 3896 356 3950 in
386 3892 532 3951 hoc?
563 3897 681 3951 Non
714 3893 900 3953 lauda.

353 4077 520 4145 Quod
562 4078 936 4137 Dominicum
991 4084 1103 4146 est,
1161 4078 1380 4150 inquit,
1433 4075 1780 4137 reddidistis
1810 4093 1945 4150 pro.

292 4166 513 4243 prium,
546 4166 885 4225 auferentes
905 4167 977 4224 ab
1001 4183 1070 4222 eo
1093 4166 1564 4241 pulcherrimum
1595 4171 1653 4224 et
1689 4166 1949 4227 salutare

292 4248 536 4313 ncinen.
596 4255 821 4313 Deinde
883 4257 1061 4313 etiam
1122 4256 1435 4314 helluones
1469 4255 1633 4328 ipsos
1663 4256 1944 4329 appellat.

291 4344 989 4417 Praeoccupat,inqu1t,in
1006 4346 1235 4405 edendo
1258 4362 1272 4403 :
1294 4362 1405 4404 nec
1424 4346 1946 4419 pauperesimitat,

294 4433 515 4488 veritus
533 4451 609 4491 ne
622 4450 745 4491 non
762 4438 1082 4491 saturetur.
1097 4436 1199 4491 «Et
1228 4434 1326 4492 hic
1342 4435 1584 4507 quidem
1616 4434 1823 4506 esurit,
1844 4436 1947 4494 ille

294 4528 492 4581 autem
521 4522 725 4581 ebrius
748 4529 855 4581 est.
893 4546 921 4574 υ
941 4524 1068 4582 Duo
1100 4525 1367 4597 ipsorum
1390 4524 1529 4583 vitia
1552 4531 1951 4590 enumerat,et

2059 2269 2154 2346 μὶν
2185 2267 2273 2325 ἐπὶ
2300 2270 2363 2326 τὸ
2394 2275 2581 2350 φαγεῖν
2632 2272 2903 2346 Κυριακὸν
2963 2269 3203 2344 δεῖπνον,
3232 2271 3358 2330 ἀλλ’
3393 2273 3454 2330 οὐ
3487 2282 3713 2336 ποιεῖτε.

2056 2391 2125 2402 —-
2156 2359 2497 2434 [OEOAQR]
2534 2363 2709 2418 Τοῦτο
2738 2357 2908 2436 δῃλοῖ
2934 2361 3021 2431 τὸ,
3077 2386 3107 2414 ι(
3132 2362 3251 2422 Οὐκ
3278 2356 3414 2426 ἔστι.
3448 2388 3478 2418 ››
3511 2367 3714 2441 Κυρια-

2060 2449 2156 2505 κὸν
2228 2446 2286 2504 3‘s
2345 2446 2584 2520 δεῖπνον,
2658 2450 2724 2509 τὸ
2779 2451 3108 2509 Δεσποτικὸν
3168 2451 3332 2513 καλεῖ
3390 2458 3716 2531 μυστήριον.

2060 2539 2301 2596 Ἐκείνου
2356 2538 2458 2615 γὰρ
2514 2540 2711 2602 πάντες
2795 2540 3003 2615 ὁμοίως
3067 2538 3571 2618 μεταλαμϐάνουσι,
3630 2547 3719 2603 καὶ

2061 2629 2113 2684 οἱ
2142 2629 2302 2699 πενίᾳ
2330 2633 2620 2703 συζῶντες,
2652 2630 2742 2689 καὶ
2774 2630 2827 2688 οἱ
2847 2628 3075 2704 πλούτῳ
3104 2636 3429 2704 κομοῦντες,
3461 2634 3549 2693 καὶ
3582 2633 3721 2693 οῗκέ-

2057 2738 2169 2790 ται,
2194 2717 2281 2774 καὶ
2314 2712 2595 2787 δεσπόται,
2626 2717 2717 2774 καὶ
2747 2716 3014 2798 ἄρχοντες
3043 2719 3135 2776 καὶ
3175 2720 3508 2800 ἀρχόμενοι.
3569 2720 3718 2784 Ἔδει

2057 2806 2236 2864 τοίνυν
2296 2805 2386 2862 καὶ
2434 2806 2531 2870 τὰς
2589 2808 2775 2874 κοινὰς
2848 2810 3116 2883 τραπέζας
3168 2811 3304 2867 εἶναι
3361 2812 3566 2883 κοινὰς,
3624 2816 3711 2870 καὶ

2060 2898 2158 2969 τήν
2256 2897 2592 2967 Δεσποτικήν
2699 2900 3011 2973 μιμεῖσθαι,
3084 2899 3120 2969 ἢ
3196 2904 3330 2957 πᾶσι
3429 2901 3708 2978 πρόκειται

2059 2988 2292 3062 ὁμοίως.
2350 2988 2461 3047 Νῦν
2518 2983 2575 3042 δὶ
2637 2986 2745 3064 οὐχ
2830 2987 3003 3052 οὕτως
3061 2985 3242 3066 δρὰτε.
3293 2993 3553 3059 Ἕκαστος
3604 2992 3708 3069 γὰρ

2171 3077 2225 3099 rt"
2377 3077 2401 3097 ἢ
2433 3085 2456 3096 υ
2873 3076 2904 3104 ρ
2927 3081 2936 3099 Ι
3228 3087 3256 3099 ~
3462 3089 3484 3101 σο
3658 3090 3681 3102 ο

2057 3081 2120 3138 τὸ
2180 3096 2312 3137 ιοιον
2373 3096 2586 3137 οειπνον
2639 3079 3022 3157 προλαμοανει
3080 3081 3134 3140 ἂν
3189 3104 3270 3156 τῳ
3323 3105 3532 3163 φαγειν.
3592 3094 3708 3146 Δει-

2059 3191 2190 3229 πνον
2253 3166 2331 3238 Si,
2382 3167 2517 3226 κατὰ
2580 3172 2684 3241 τὴν
2739 3172 2867 3231 τότε
2921 3174 3203 3244 συνήθειαν
3264 3171 3416 3250 λάγει
3470 3176 3534 3253 τὸ
3590 3172 3711 3251 ἄρι-

2059 3281 2205 3321 στον.

2124 3442 2392 3506 Ἕκαστος
2475 3439 2581 3516 γὰρ
2655 3439 2718 3497 τὸ
2819 3434 2958 3499 ἴδιον
3037 3439 3251 3499 δεῖπνον
3324 3438 3708 3517 προλαμϐάνει

2055 3529 2109 3589 ἐν
2163 3534 2242 3603 τῷ
2295 3533 2483 3607 φαγεῖν
2519 3572 2532 3596 ,
2584 3528 2678 3586 καὶ
2734 3528 2796 3599 ’ὸς
2862 3529 2959 3603 μὶν
3018 3535 3216 3602 πεινᾷ,
3271 3530 3331 3595 ’ὸς
3387 3528 3446 3589 8‘s
3503 3532 3712 3606 μεθύει.

2054 3621 2148 3689 Μὴ
2208 3621 2313 3696 γὰρ
2399 3617 2574 3682 οἷκίας
2657 3619 2762 3675 οὐκ
2836 3616 2994 3696 ἔχετε
3077 3621 3156 3686 είς
3238 3622 3304 3680 τὸ
3361 3619 3559 3681 δσθίειν
3623 3623 3715 3680 καὶ

2055 3713 2267 3783 πίνεῖν;
2340 3711 2375 3783 ἢ
2460 3718 2561 3782 τῆς
2646 3711 2980 3784 Ἐκκλησίας
3055 3719 3152 3775 τοῦ
3235 3715 3371 3774 Θεοῦ
3441 3736 3715 3797 καταφρο-

2054 3808 2216 3876 νεῖτε³
2283 3803 2373 3859 καὶ
2442 3802 2830 3879 καταισχύνετε
2908 3804 3037 3869 τοὺς
3132 3805 3211 3877 μὴ
3295 3802 3571 3885 ἴχονταςς
3660 3807 3714 3865 τί

2057 3893 2189 3966 ὑμῖν
2290 3889 2460 3963 ε’ίπω;
2557 3891 2820 3949 ἐπαινέσω
2928 3894 3071 3969 ὑμᾶς
3148 3892 3200 3952 ἰν
3276 3896 3505 3970 τούτῳς
3604 3896 3716 3954 Οὐκ

2056 3983 2280 4057 ἒπαινῷ.

2128 4074 2203 4131 Τὸ
2236 4074 2744 4154 Κυριακὸνμρησὶν,
2800 4070 3079 4135 ἰδιωτικὸν
3134 4079 3492 4149 πεποιήκατε,
3548 4080 3712 4158 ἀφαι-

2057 4162 2313 4238 ρούμενοι
2373 4161 2538 4221 αὐτοῦ
2602 4163 2667 4223 τὸ
2723 4161 3022 4222 κάλλιστον
3079 4169 3243 4225 τοῦτο
3298 4168 3390 4225 καὶ
3439 4171 3712 4244 σωτήριον

2057 4247 2249 4328 ὄνομα·
2283 4254 2418 4313 Εἶτα
2447 4253 2537 4309 καὶ
2590 4252 2932 4331 λαιμάργους
2982 4255 3179 4319 αὐτοὺς
3224 4255 3516 4318 ἀποκαλεῖ.
3574 4264 3712 4335 Προ-

2058 4337 2351 4419 λαμϐάνει,
2383 4342 2572 4419 φησὶν,
2603 4340 2655 4399 ἐν
2696 4346 2776 4415 τῷ
2831 4349 3046 4424 φαγεῖν,
3103 4347 3194 4405 καὶ
3252 4346 3317 4404 ού
3371 4347 3533 4407 καλεῖ
3583 4350 3713 4415 τοὺς

2057 4431 2530 4505 πένητας,ὥσπερ
2589 4428 2851 4496 δεδοικὼς
2922 4435 3000 4509 μὴ
3058 4436 3122 4495 ού
3179 4440 3485 4513 χορτασθῇ.
3545 4462 3574 4492 ιι
3609 4439 3712 4499 Καὶ

2060 4525 2118 4587 ’ὸς
2153 4523 2248 4598 μὶν
2278 4526 2453 4593 πεινᾷ,
2484 4523 2542 4585 ’ὸς
2585 4518 2642 4581 δὲ
2673 4524 2880 4597 μεθύει.
2917 4548 2947 4581 ιο
2998 4525 3103 4583 Δύο
3151 4526 3479 4605 ἐγκλήματα
3536 4527 3713 4585 αὐτῶν

296 4612 456 4686 quod
480 4630 775 4686 pauperes
797 4614 1264 4687 despicerent,et
1279 4614 1563 4687 quodipsi
1578 4614 1946 4675 inebriaren-

2059 4611 2397 4688 ἐξαγγέλλει,
2446 4610 2534 4667 καὶ
2589 4613 2653 4671 τὸ
2709 4620 3069 4690 περιορᾶσθαι
3125 4616 3256 4679 τοὺς
3320 4619 3579 4688 πένητας,
3622 4618 3715 4674 καὶ

290 4705 668 4762 tur.0mnino
693 4706 859 4762 enim
884 4705 932 4763 si
946 4705 1681 4776 edentes.inquit,mensas
1712 4723 1831 4765 non
1847 4708 1947 4765 ha-

289 4791 484 4852 beatis
515 4811 1135 4864 communes,curnon
1166 4795 1227 4851 in
1248 4794 1504 4867 propriis
1533 4796 1744 4856 vestris
1762 4796 1947 4855 domi-

285 4884 400 4942 bus
430 4887 607 4947 editis
631 4889 807 4949 ?«An
827 4889 1153 4951 Ecclesium
1186 4889 1289 4949 Dei
1321 4889 1943 4950 contemnitis?»Nam

289 4973 392 5045 qui
425 4977 731 5047 propriam
760 4995 992 5037 orenam
1024 4978 1086 5036 in
1120 4976 1381 5037 Ecclesia
1400 4978 1561 5042 facit,
1581 4985 1643 5036 et
1668 4984 1941 5039 sanctum

283 5061 484 5121 locum
530 5066 755 5136 injuria
802 5069 1008 5129 afﬁcit.
1041 5074 1100 5127 et
1146 5069 1519 5129 Dominicam
1551 5084 1779 5129 coenam
1822 5085 1943 5128 non

284 5151 472 5209 facit:
510 5154 841 5225 quinetiam
872 5172 1163 5229 pauperes
1216 5156 1538 5230 pudefacit.
1563 5178 1592 5209 «
1651 5158 1720 5218 Et
1767 5156 1948 5229 pude-

286 5240 484 5299 facitis
544 5260 645 5301 eos
700 5246 800 5318 qui
852 5264 972 5306 non
1014 5246 1258 5315 habent,
1290 5269 1319 5299 »
1357 5248 1570 5318 Neque
1599 5247 1761 5307 enim
1795 5248 1945 5308 adeo

290 5331 376 5389 eis
424 5349 584 5391 curm
637 5340 727 5393 est
782 5336 943 5409 quod
975 5336 1578 5408 esuriant.quantum
1626 5337 1788 5408 quod
1842 5338 1945 5399 de-

290 5422 475 5494 specti
536 5430 1023 5495 contemnuntur.
1083 5443 1194 5487 nec
1242 5426 1585 5489 invitantur.
1646 5426 1751 5488 Vel
1807 5428 1949 5500 quia

286 5510 606 5583 pudeﬁunt
663 5514 918 5579 convicti
948 5514 1109 5588 quod
1166 5531 1287 5577 non
1320 5513 1634 5577 habeant:
1677 5516 1828 5583 Quid
1858 5515 1948 5578 di-

286 5616 420 5665 cam
450 5600 659 5669 vobis?
687 5624 716 5656 ι»
749 5604 1949 5679 Deindepostlapsusoueasionslmman-

286 5690 518 5761 auctius
573 5709 710 5761 eum
766 5695 857 5759 eis
886 5694 1164 5759 disserit:
1192 5696 1338 5757 Cum
1373 5694 1534 5760 enim
1572 5712 1948 5770 consequens

2054 4699 2358 4772 τὸ,αὐτοὺς
2392 4699 2626 4774 μεθύειν.
2685 4700 2869 4765 Ὃλως
2922 4705 3047 4777 γὰρ,
3097 4704 3260 4780 φησὶν
3311 4705 3402 4761 ἐὰν
3462 4710 3541 4780 μή
3595 4726 3713 4762 κοι-

2054 4794 2163 4855 νῶς
2221 4787 2393 4864 ἔχητε
2446 4789 2539 4852 τὰς
2598 4792 2871 4867 τραπέζας
2920 4790 3186 4856 ἰσθίοντες
3220 4837 3234 4863 ,
3295 4790 3440 4851 διατί
3499 4796 3577 4869 μὴ
3635 4796 3712 4858 είς

2051 4877 2178 4941 τοὺς
2209 4876 2393 4944 οἵκους
2430 4880 2584 4952 ὑμῶν
2607 4879 2810 4946 ἐσθίετε
2844 4901 2858 4951 ς
2894 4907 2923 4936 ι(
2955 4885 3028 4942 ’Ἡ
3084 4890 3183 4951 τῆς
3240 4881 3570 4953 Ἐκκλησέας
3614 4889 3713 4942 τοῦ

2053 4973 2191 5029 Θεοῦ
2252 4975 2682 5044 καταφρονεῖτες
2742 4994 2770 5028 at
2829 4972 2892 5030 ’0
2933 4972 3036 5046 γὰρ
3096 4969 3347 5029 ἰδιωτικὰ
3412 4970 3599 5029 δεῖπνα
3656 4974 3708 5029 ἐν

2055 5056 2357 5130 Ἐκκλησία
2389 5063 2581 5129 ποιῶν,
2626 5059 2712 5115 καὶ
2774 5059 2865 5117 τὸν
2925 5055 3077 5136 ἅγιον
3129 5061 3299 5118 τόπον
3337 5055 3566 5136 ὑϐρίζει,
3620 5058 3710 5115 καὶ

2054 5155 2322 5225 Κυριακον
2349 5145 2562 5207 δεῖπνον
2586 5148 2648 5205 ού
2677 5153 2845 5206 ποιεῖ.
2872 5148 3047 5207 Ἀλλὰ
3075 5150 3182 5222 μήν
3201 5150 3292 5206 καὶ
3318 5149 3446 5214 τοὺς
3475 5148 3710 5221 πένητας

2056 5237 2425 5314 καταισχύνει.
2489 5260 2518 5291 ‹‹
2542 5236 2649 5301 Καὶ
2677 5237 3069 5317 καταισχύνετε
3095 5237 3225 5301 τοὺς
3257 5241 3334 5314 μή
3370 5237 3598 5320 ἔχοντας
3632 5261 3646 5311 ;
3685 5265 3713 5295 »ι

2053 5328 2133 5389 Οὐ
2162 5328 2268 5403 γὰρ
2298 5330 2557 5385 τοσοῦτον
2591 5324 2775 5389 αὐτοῖς
2834 5324 3056 5399 μέλλει,
3114 5328 3305 5406 φησίν,
3363 5331 3449 5387 ὅτι
3508 5327 3717 5404 λιμώτ-

2055 5438 2266 5477 τουσιν.
2312 5414 2437 5475 ὅσον
2500 5416 2583 5472 δτι
2634 5420 3096 5492 καταφρονῶνται
3150 5421 3557 5495 περιορώμενοι
3620 5422 3712 5477 καὶ

2060 5510 2139 5584 μὴ
2173 5504 2630 5580 συγγαλοῦμενοι,
2660 5505 2694 5577 ἢ
2729 5507 2816 5564 ὃτι
2874 5507 3352 5585 καταισχύνονται,
3405 5507 3715 5588 ἐλεγχόμε-

2055 5618 2141 5663 vei
2170 5594 2365 5667 ἰπὶτῷ
2415 5595 2495 5670 μὴ
2551 5592 2727 5673 ἔχειν.
2764 5618 2788 5651 ι
2823 5597 2892 5664 Τί
2923 5599 3054 5676 ὑμῖν
3109 5597 3338 5672 ε’ίπως»
3391 5602 3528 5660 Εἶτα
3586 5601 3718 5675 μετὰ

2044 5691 2160 5758 ..τὴν
2213 5681 2487 5760 ἀπόδειξιν
2545 5691 2642 5747 τοῦ
2699 5688 3062 5765 πταίσματος,
3118 5691 3474 5767 ἡμερώτερον
3532 5689 3716 5751 αὐτοῖς
