4118 6376
397 330 519 397 8οῆ

1419 328 1823 397 COMMENT.
1865 329 1947 395 IN
1989 327 2236 395 EPIST.
2285 329 2309 393 Ι
2354 330 2457 392 AD
2501 328 2872 393 CDRINTH'.

3716 337 3837 402 806

399 457 745 545 διαλέγεται.
782 459 908 519 Δέον
940 459 1042 539 γὰρ
1100 459 1297 528 εἷπεῖν,
1350 464 1520 520 ταῦτα
1577 459 1639 519 οὐ
1699 457 1909 538 μυρίων
1962 470 2101 530 θας,

2214 461 2393 520 uisset
2412 465 2478 516 ut
2499 460 2748 520 diceret:
2767 464 2981 522 Annon
3004 463 3132 524 hac
3152 464 3320 525 mille
3349 466 3638 525 mortibus
3660 468 3838 545 digna

399 553 577 608 νάτων
612 552 781 622 ἄξιας
828 549 1017 632 φησίν,
1056 576 1084 605 ι(
1142 549 1440 609 Ἐπαινέσω
1500 550 1641 623 ὑμᾶς
1690 548 1780 606 ἰπὶ
1833 549 2060 622 το·3τῳ;

403 640 518 700 Οὐκ
547 639 776 696 ἐπαινῶ.
813 663 840 691 n
872 639 930 694 Τί
975 641 1106 712 ὑμῖν
1139 638 1292 696 δοκεῖ
1322 660 1337 710 ;
1370 642 1436 694 ’Ἃ
1450 659 1513 713 ρα
1544 637 1878 715 παραλόγως
1909 637 2061 693 εἶπον

409 733 538 804 ὑμῖν
620 729 712 786 καὶ
772 729 1088 809 ἀρχόμενος
1158 736 1259 799 τῆς
1344 727 1650 793 ὑποθέσεως
1714 728 1918 800 ταύτης
1982 726 2068 783 ὅτι

408 818 510 876 οὐκ
539 816 749 875 ἰπαινῶ
784 836 800 888 ;
834 818 965 874 οὐχὶ
994 817 1086 873 καὶ
1117 818 1209 873 ἀπ’
1242 818 1413 889 αὐτῆς
1442 825 1544 887 τῆς
1589 822 1697 873 τῶν
1728 817 2071 893 πραγμάτων

409 906 748 971 ἀκολουθίας
803 905 1055 983 ἐμάθετε,
1115 905 1199 963 ὅτι
1256 906 1311 965 ἄν
1356 908 1732 980 ἐπαινουμένῳ
1790 907 2073 983 πράγματι

408 1002 488 1071 τῷ
519 1000 774 1072 Κυριακῷ
804 993 1026 1070 δείπνῳ,
1053 991 1229 1072 ψόγου
1290 996 1449 1071 ὑμεῖς
1506 995 1634 1054 ἀλλ’
1689 994 1791 1053 οὐκ
1847 994 2074 1052 ἐπαίνου

414 1088 537 1160 ἄξια
568 1084 960 1164 διαπράττεσθε
993 1105 1007 1155 ;
1038 1088 1202 1143 Ὥστε
1240 1085 1351 1164 ἐγὼ
1409 1083 1638 1149 δικαίως
1690 1086 1791 1142 οὐκ
1845 1084 2074 1155 ἐπαινῶ,

415 1177 609 1249 καίπερ
641 1176 761 1240 καθ’
790 1176 922 1235 αὐτὸ
959 1176 1239 1233 ἐπαινετοῦ
1277 1174 1515 1250 μάλιστα
1569 1181 1669 1233 τοῦ
1725 1173 1891 1251 ἔργου
1946 1195 2077 1249 τυγ-

418 1264 710 1346 χάνοντος.

494 1408 638 1488 Ἐγὼ
693 1407 797 1489 γὰρ
890 1405 1203 1485 παρέλαϐον
1279 1408 1387 1470 ἀπὸ
1470 1413 1568 1467 τοῦ
1634 1408 1843 1490 Κυρίου
1901 1407 1932 1465 6'
1990 1407 2076 1465 καὶ

422 1497 713 1579 παρέδωκα
746 1502 894 1579 ὑμῖν,
943 1501 1027 1559 ὅτι
1084 1504 1113 1560 ό
1170 1502 1373 1584 Κύριος
1434 1505 1644 1576 Ἰησοῦς
1699 1501 1750 1563 έν
1807 1506 1877 1579 τῇ
1930 1498 2082 1561 νυκτὶ

422 1594 460 1667 ᾗ
519 1588 873 1666 παρεδίδοτο,
956 1586 1153 1649 ἔλαϐεν
1210 1595 1396 1670 ἄρτον,
1480 1594 1572 1650 καὶ
1658 1592 2084 1670 εὐχαριστήσας,

426 1678 620 1739 ἔκλασε
675 1680 769 1737 καί
823 1681 962 1738 εἴπεο
1024 1679 1229 1739 Λάϐετε
1263 1728 1277 1755 ,
1338 1684 1556 1763 φάγετε,
1588 1683 1755 1739 τοῦτό
1818 1703 1923 1757 μου
1970 1681 2084 1736 ἐστι

431 1773 495 1828 τὸ
525 1777 702 1847 σῶμα,
761 1770 824 1828 τὸ
882 1772 1018 1850 ὐπὶρ
1076 1772 1231 1847 ὑμῶν
1289 1772 1596 1846 κλώμενον.
1654 1775 1825 1827 Τοῦτο
1881 1776 2088 1827 ποιεῖτε

442 1861 517 1925 εἷς
573 1862 669 1937 τήν
754 1860 896 1937 ἐμήν
979 1860 1301 1937 ἀνάμνησιν.

439 1952 632 2027 τήριον
718 1952 853 2026 μετὰ
934 1951 997 2009 τό
1082 1950 1410 2025 δειπνῆσαι,
1495 1950 1693 2028 λέγων’
1777 1955 1949 2008 Τοῦτο
2031 1948 2095 2007 τὸ

441 2041 702 2118 ποτήριον
755 2043 792 2114 ἡ
847 2043 1010 2114 καινὴ
1072 2041 1306 2116 διαθήκη
1366 2041 1531 2113 ἔστιν,
1593 2043 1646 2101 ἐν
1704 2048 1785 2118 τῷ
1842 2042 1963 2118 ἰμῷ
2018 2042 2099 2098 αἳ-

446 2150 597 2204 ματι.
629 2131 809 2189 Τοῦτο
838 2136 1067 2206 ποιεῖτε,
1102 2132 1291 2196 ὁσάκις
1322 2133 1385 2188 ἄν
1436 2133 1634 2204 πίνητε
1692 2133 1769 2197 είς
1820 2133 1921 2202 τήν
1954 2130 2094 2206 ἐμὴν

438 2218 761 2295 ἀνάμνησιν.

510 2324 707 2386 Καίτοι
776 2324 838 2388 οὐ
899 2336 1077 2408 παρῆν
1136 2333 1261 2389 τότε
1318 2332 1346 2388 ὁ
1430 2327 1671 2395 Παῦλος.
1738 2333 1862 2395 Πῶς
1920 2324 2092 2410 λέγει’

443 2441 470 2469 ‹‹
504 2416 653 2493 Ἐγὼ
682 2412 996 2493 παρέλαϐον
1027 2416 1137 2476 ἀπὸ
1172 2423 1268 2478 τοῦ
1308 2418 1512 2498 Κυρίου
1546 2439 1562 2492 ;
1614 2417 1797 2477 Ἀλλὰ
1824 2422 1915 2474 νῦν
1946 2439 2095 2496 παρ-

437 2505 574 2568 ἐστι.
604 2506 708 2569 Καὶ
766 2508 868 2586 γὰρ
928 2514 1044 2582 νῦν,
1106 2507 1303 2587 ὁμοίαν
1360 2507 1575 2582 έκείνης
1624 2510 1760 2586 ἡμῖν
1820 2509 1848 2566 ὁ
1897 2508 2099 2586 Κύριος

439 2594 770 2673 παρατίθησι
802 2597 1090 2677 τραπέζαν.
1123 2633 1191 2643 -
1220 2599 1312 2659 Ἠ.
1373 2600 1519 2672 Ὅτι,
1564 2596 1903 2677 Ἐδιδάχθην
1933 2603 2100 2656 ταῦτα

440 2686 547 2744 ἀπὸ
578 2690 673 2743 τοῦ
703 2687 931 2764 Κυρίου,
961 2686 1057 2745 ’ίνα
1155 2689 1220 2749 τὸ
1256 2715 1285 2742 ‹‹
1342 2683 1685 2766 Παρέλαϐον,
1718 2711 1745 2744 ι
1806 2687 1924 2746 ἀντὶ
1978 2689 2097 2764 τοῦ,

443 2801 473 2830 «
507 2773 864 2857 Ἐδιδάχθην.
898 2803 926 2831 »
962 2811 1029 2825 —-
1065 2803 1085 2831 ι
1122 2780 1247 2838 Ὀτι
1279 2778 1308 2835 ὁ
1339 2779 1542 2856 Κύριος
1573 2780 1817 2852 Ἰησοῦς.
1854 2803 1881 2831 ››
1912 2780 2097 2837 Ταῦτα

443 2862 807 2947 παρήγγειλεν
849 2865 884 2925 ἃ
929 2867 1073 2944 λέγει
1133 2864 1447 2946 παρέδωκα,
1498 2866 1592 2926 ἵνα
1630 2866 1930 2944 ἐνδείξηται
1989 2869 2096 2941 ὅτι,

438 2956 502 3016 Ὀ
558 2956 755 3033 Κύριος
814 2956 976 3033 ἡμῶν
1034 2966 1225 3032 κοινῆς
1282 2957 1555 3038 τραπέζης
1627 2958 1689 3014 οὐ
1744 2960 1913 3035 μόνον
1969 2958 2097 3028 τοὺς

445 3042 636 3127 ἁγίους
671 3047 939 3121 μαθητὰς,
971 3044 1119 3103 ἀλλὰ
1165 3046 1256 3106 καὶ
1311 3047 1473 3106 αὐτὸν
1523 3049 1615 3105 τὸν
1672 3044 1950 3125 προδότην
2010 3049 2101 3106 αὐ-

444 3140 547 3208 τῆς
578 3134 794 3212 ἠξίωσε,
828 3137 919 3195 τὸν
949 3135 1165 3216 ἐχθρὸν,
1224 3139 1314 3195 τὸν
1363 3139 1747 3216 παμπόνηρον,
1806 3139 1891 3196 καὶ
1942 3140 2099 3213 ὑμεῖς

2180 555 2321 607 sunt
2338 550 2366 605 Ἰ
2385 550 2541 609 5³0
2563 549 2680 607 ait:
2706 573 2732 599 α
2762 551 3034 609 Laudabo
3057 570 3156 612 vos
3183 553 3244 609 in
3267 555 3375 613 hoc
3395 556 3422 607 ’ἰ
3448 557 3575 612 Non
3598 556 3835 615 laudo.»

2180 639 2329 707 Quid
2363 639 2524 697 vobis
2555 639 2787 698 videtur
2805 640 2832 694 ?
2855 643 2944 698 An
2979 649 3193 716 praeter
3214 645 3507 702 rationem
3529 645 3651 702 dixi
3674 646 3838 707 vobis

2182 731 2359 785 etiam
2391 730 2454 785 in
2486 728 2657 788 initio
2688 730 2871 801 hujus
2903 734 3239 806 argumenti
3270 736 3429 807 quod
3460 753 3581 792 non
3631 736 3838 794 lauda-

2183 835 2310 874 rem
2332 819 2359 873 Ἰ
2388 835 2588 875 annon
2622 836 2690 874 ex
2723 820 2854 890 ipsa
2885 838 3125 892 quoque
3167 840 3367 878 rerum
3412 826 3841 897 consequentia

2185 907 2500 976 didicistis,
2533 908 2694 980 quod
2726 909 2789 965 in
2821 926 2886 965 re
2918 910 3241 980 laudanda,
3273 927 3490 985 nempe
3530 915 3840 971 Dominica

2185 1014 2483 1066 cmna,vos
2516 1000 2808 1072 vituperio
2840 1004 2900 1056 et
2927 1016 3051 1056 non
3079 1000 3256 1058 laude
3287 1001 3466 1075 digna
3486 1005 3793 1076 peregistis
3812 1005 3839 1061 7

2185 1090 2348 1145 Juste
2396 1089 2596 1162 itaque
2648 1104 2776 1162 ego,
2830 1089 3046 1161 inquit.
3090 1101 3215 1147 non
3275 1091 3552 1162 laudabo,
3607 1094 3839 1150 etiamsi

2190 1193 2340 1250 opus
2367 1178 2429 1234 in
2462 1195 2525 1236 se
2551 1177 2629 1235 sit
2659 1179 2916 1236 maxime
2945 1180 3270 1237 laudabile.

2266 1398 2581 1457 Xl.23—25.-
2609 1401 2725 1476 Ego
2749 1400 2907 1459 enim
2921 1401 3123 1475 accepi
3146 1418 3180 1458 a
3202 1401 3452 1460 Domino
3471 1402 3630 1477 quod
3653 1410 3713 1459 et
3733 1408 3848 1461 tra-

2189 1512 2217 1541 ‹‹
2252 1489 2373 1545 didi
2402 1489 2587 1558 vobis,
2611 1489 2771 1562 quod
2797 1490 3079 1547 Dominus
3098 1493 3268 1547 Jesus
3288 1509 3357 1548 ea
3376 1497 3547 1548 nocte
3587 1510 3705 1565 qua
3728 1499 3847 1551 tra-

2194 1601 2223 1629 ‹‹
2257 1578 2508 1634 debatur
2537 1579 2767 1651 accepit
2786 1596 3022 1652 panem,
3056 1598 3311 1653 cumque
3341 1582 3562 1654 gratias
3607 1582 3843 1655 egisset,

2194 1689 2221 1719 ει
2238 1669 2507 1741 fregitac
2519 1668 2686 1724 dixit:
2703 1670 3292 1742 Accipite,edite,hoc
3305 1678 3620 1743 estcorpus
3633 1688 3851 1741 meum,

2202 1782 2224 1809 ι
2256 1759 2417 1831 quod
2440 1776 2545 1831 pro
2562 1758 2727 1815 vobis
2743 1759 3174 1833 frangitur.hoc
3190 1761 3363 1818 facite
3381 1762 3442 1818 in
3464 1764 3581 1818 mei
3598 1779 3852 1819 comme-

1387 1845 1662 1925 Ὡσαύτως
1727 1861 1817 1918 καί
1883 1861 1947 1916 τὸ
2002 1878 2100 1916 πο-

2214 1870 2234 1900 ι(
2250 1849 2667 1905 morationem.
2693 1848 2782 1904 Ad
2795 1849 3072 1906 eumdem
3088 1848 3328 1907 modum
3354 1857 3414 1907 et
3433 1852 3714 1924 poculum
3736 1868 3849 1925 pc-

2204 1958 2227 1984 «
2254 1945 2417 1996 racta
2438 1956 2602 1996 caena
2623 1939 2862 1995 dicens:
2888 1940 3009 1996 Hoc
3029 1941 3310 2014 poculum
3333 1947 3422 1997 est
3441 1957 3655 1998 novum
3678 1947 3853 1998 testa-

2207 2049 2228 2078 ι
2257 2034 2525 2084 mentum
2548 2046 2657 2102 per
2673 2044 2873 2084 meum
2887 2030 3387 2103 sanguinem.Hoc
3404 2030 3578 2088 facite
3593 2032 3853 2104 quoties-

2203 2139 2229 2167 «
2257 2134 2491 2189 cunque
2520 2117 2791 2173 biberitis
2822 2118 2883 2174 in
2915 2119 3030 2174 mei
3058 2121 3713 2177 commemorationem.
3747 2142 3775 2171 ››

2273 2328 2451 2402 Atqui
2482 2326 2702 2388 Paulus
2734 2333 2873 2388 tunc
2929 2346 3051 2389 non
3091 2328 3314 2389 aderat.
3348 2328 3654 2397 Quomodo
3711 2346 3849 2405 ergo

2201 2417 2345 2475 dicit
2380 2433 2394 2472 :
2430 2434 2454 2459 (ι
2486 2418 2601 2493 Ego
2633 2418 2833 2493 accepi
2861 2436 2896 2476 a
2926 2418 3223 2477 Domino?
3253 2438 3279 2471 η
3316 2417 3427 2475 Sed
3456 2435 3617 2477 nunc
3659 2417 3849 2480 adest.

2203 2508 2438 2567 Etenim
2468 2525 2628 2567 nunc
2657 2508 2746 2567 illi
2778 2509 3037 2570 similem
3067 2510 3313 2584 apponit
3340 2509 3515 2566 nobis
3564 2510 3850 2567 Dominus

2203 2614 2495 2657 mensam.
2521 2629 2590 2642 —
2618 2598 3010 2658 Aut.Edoctus
3044 2616 3196 2671 sum,
3222 2599 3509 2673 inquit.in
3542 2597 3634 2656 his
3664 2616 3702 2658 a
3735 2600 3848 2657 Do-

2203 2687 2391 2752 mino.
2423 2693 2490 2746 ut
2522 2708 2548 2742 α
2579 2689 2794 2761 Accepi
2829 2711 2857 2739 ιι
2888 2694 3159 2747 sumatur
3182 2706 3289 2761 pro
3322 2712 3349 2739 «
3383 2688 3639 2746 Edoctus
3662 2704 3852 2758 sum,»

2204 2806 2273 2816 —
2297 2800 2323 2827 «
2347 2776 2515 2845 Quod
2538 2776 2826 2836 Dominus
2845 2779 3015 2837 Jesus
3038 2794 3107 2835 ea
3120 2785 3295 2837 nocte
3316 2794 3434 2849 qua
3452 2776 3857 2837 tradebatur.»

2211 2867 2348 2925 Haec
2377 2867 2663 2945 prascepit
2691 2883 2823 2939 quas
2856 2884 2983 2941 ego,
3044 2868 3261 2940 inquit,
3296 2867 3463 2926 vobis
3520 2866 3758 2935 tradidi,
3790 2883 3860 2925 ac

2207 2955 2257 3014 si
2291 2954 2486 3015 dicat:
2546 2956 2836 3015 Dominus
2867 2961 3072 3015 noster
3126 2955 3430 3017 communi
3471 2973 3681 3013 mensa
3735 2972 3860 3013 non

2208 3051 2445 3105 sanctos
2475 3044 2651 3103 modo
2683 3043 3142 3119 discipulos,sed
3174 3051 3231 3103 et
3262 3045 3459 3121 ipsum
3490 3045 3857 3119 proditorem

2208 3151 2279 3193 ea
2306 3132 2584 3208 dignatus
2615 3133 3044 3202 est,iuimicum
3075 3134 3630 3197 sceleratissimum.
3665 3139 3724 3192 et
3754 3151 3856 3191 vos

460 3224 746 3298 ἁπαξιοῦτε
769 3223 1103 3284 συνδειπνεῖν
1158 3228 1401 3301 πένησι;
1460 3227 1548 3286 καὶ
1605 3227 1689 3286 ὅτι
1747 3232 2101 3305 σταυροῦσθαι

2214 3222 2615 3299 dedignamini
2637 3241 2759 3283 una
2778 3241 2914 3283 cum
2930 3224 3290 3299 pauperibus
3312 3242 3546 3284 cremare
3562 3224 3858 3297 ‘Icumque

461 3311 701 3390 μέλλων,
785 3316 991 3389 ταύτην
1083 3319 1220 3392 ἡμῖν
1273 3320 1374 3390 τὴν
1440 3318 1820 3395 μυσταγωγίαν
1869 3317 2105 3396 ἐσχάτην

452 3399 782 3483 παρέδωκεν,
839 3403 969 3463 ἀλλ’
1024 3407 1180 3482 ὑμεῖς
1238 3405 1406 3479 αὐτὴν
1461 3403 1811 3487 διεφθείρετε.
1870 3441 1941 3451 —
1975 3404 2108 3467 Ἀλ-

449 3489 583 3554 λως.
620 3488 687 3551 Ei
729 3493 757 3549 ὁ
811 3493 1033 3571 Κύριος,
1092 3494 1250 3578 φησὶ,
1291 3502 1568 3553 κοινωνεῖν
1630 3517 1688 3553 σε
1749 3502 1846 3554 τοῦ
1904 3495 2107 3556 οἰκείου

448 3582 702 3660 σώματος
731 3584 952 3657 καὶτῆς
985 3594 1255 3662 μυστικῆς
1313 3588 1587 3665 τραπέζης
1649 3588 1751 3648 οὐκ
1807 3588 2106 3661 ἀπηξίωσε,

456 3672 519 3728 ab
543 3679 659 3744 τοῖς
692 3676 817 3742 σοῖς
844 3674 1095 3749 ἀπαξιοῖς
1143 3677 1238 3737 τὸν
1269 3673 1585 3757 ὁμόδουλον
1623 3698 1636 3749 ;
1676 3712 1740 3721 -—
1772 3684 1849 3740 "H
1878 3679 1967 3737 καὶ
2016 3680 2110 3734 οὐ·

459 3783 583 3827 τως.
613 3764 677 3822 Εί
707 3765 737 3822 ὁ
779 3764 980 3845 Κύριος
1014 3766 1207 3840 ἐπίσης
1238 3789 1322 3824 σοι
1380 3768 1472 3827 καὶ
1531 3772 1612 3844 τῷ
1641 3768 1835 3840 πένητι
1873 3772 1969 3825 τοῦ
2027 3769 2109 3825 οἱ·

459 3851 606 3908 κείου
660 3854 920 3929 σώματος
975 3857 1067 3913 καὶ
1117 3854 1350 3935 α’ίματος
1407 3858 1509 3929 τήν
1565 3863 1832 3934 τραπέζαν
1887 3858 1974 3914 καὶ
2008 3860 2107 3928 τήν

456 3952 703 4026 κρατῆρα
758 3944 1116 4025 παρατίθησι,
1175 3948 1237 4007 σὺ
1300 3945 1513 4023 τολμᾷς
1596 3951 1787 4006 τοῦτον
1860 3955 1960 4019 τῆς
2011 3954 2112 4018 σῆς

456 4033 777 4111 ἁποσχίζειν
864 4031 1139 4112 τραπέζης
1217 4036 1307 4093 καὶ
1399 4037 1726 4113 ὑπερορᾷνς
1784 4037 1849 4095 Εἰ
1908 4034 2113 4099 ἐκεῖνος

460 4121 786 4200 ηὐχαρίστει
817 4122 882 4183 τὸ
921 4122 1124 4180 οἰκεῖον
1158 4128 1318 4199 σῶμα
1377 4125 1614 4205 μερίζων
1673 4124 1761 4184 καὶ
1812 4122 2019 4199 διδοὺς,
2052 4127 2113 4184 σὺ

458 4211 522 4267 οὐ
579 4210 782 4287 πολλῷ
838 4210 1054 4289 μᾶλλον
1116 4211 1462 4293 εὐχαρίστως
1508 4215 1599 4275 καὶ
1662 4215 1798 4293 μετᾶ
1850 4212 2115 4287 πλείστης

454 4305 629 4379 χαρᾶς
683 4304 791 4357 τῶν
845 4300 1046 4368 ἐκεῖθέν
1107 4324 1191 4359 σοι
1270 4298 1628 4383 δωρηθέν-των
1687 4302 1983 4369 κοινωνοὺς
2027 4305 2117 4362 καὶ

454 4392 868 4470 συνεστιάτορας
927 4388 1227 4466 λαμϐάνεις
1282 4393 1412 4457 τοὺς
1470 4392 1748 4467 πένηταςς
1787 4418 1815 4446 ‹‹
1876 4394 1977 4452 Καὶ
2027 4393 2114 4452 56-

459 4479 819 4559 χαριστήσας.
856 4506 886 4535 ››
926 4479 988 4542 Ὀ
1027 4482 1229 4558 Κύριος
1289 4482 1718 4565 εὐχαριστήσας,
1777 4479 1975 4541 ἴκλασε
2029 4482 2120 4539 καὶ

2211 3313 2650 3388 cruciﬁgendus
2681 3320 2857 3381 esset,
2892 3315 3046 3374 hanc
3078 3314 3253 3373 nobis
3303 3332 3534 3374 sacram
3591 3315 3863 3372 traditio-

2212 3420 2351 3462 nem
2373 3403 3040 3479 reliquitnovissimam.
3060 3411 3121 3461 at
3147 3422 3248 3463 vos
3274 3406 3466 3478 ipsam
3490 3405 3864 3479 corrupistis.

2215 3532 2283 3543 -—-
2309 3504 2434 3561 Alio
2462 3503 2642 3560 modo.
2668 3503 2726 3560 Si
2760 3503 3071 3568 Dominus.
3094 3504 3313 3575 inquit.
3336 3510 3390 3562 te
3421 3522 3543 3563 non
3576 3504 3864 3579 dedigna-

2217 3597 2311 3650 tus
2338 3596 2430 3649 est
2453 3591 2600 3663 quin
2631 3594 2871 3667 proprio
2893 3593 3082 3667 ipsius
3104 3594 3338 3669 corpori
3364 3611 3432 3651 ac
3461 3610 3684 3652 mensas
3710 3611 3868 3668 mys-

2215 3681 2347 3740 ticae
2378 3681 3181 3758 communicares,quomodo
3212 3688 3273 3740 tu
3312 3700 3669 3741 conservum
3700 3688 3868 3741 tuum

2216 3770 2558 3845 dedignaris
2586 3788 2662 3829 ne
2696 3773 2811 3830 tuis
2840 3772 3020 3830 rebus
3051 3774 3503 3830 communicet?
3534 3804 3601 3817 -—
3622 3776 3736 3832 Aut
3765 3774 3866 3831 hoc

2217 3863 2384 3917 etiam
2416 3861 2592 3918 modo.
2623 3862 2683 3918 Si
2734 3862 3020 3920 Dominus
3051 3880 3123 3920 ex
3152 3880 3322 3937 inquo
3355 3862 3461 3919 tibi
3492 3879 3561 3921 ac
3618 3862 3868 3937 pauperi

2218 3964 2490 4006 mensam
2520 3949 2743 4025 proprii
2776 3951 3043 4024 corporis
3070 3955 3127 4008 et
3157 3950 3466 4025 sanguinis
3496 3966 3564 4009 ac
3590 3949 3871 4023 poculum

2222 4036 2493 4107 tradit,tu
2523 4038 2682 4097 hunc
2714 4038 2900 4099 audes
2930 4056 2966 4099 a
2997 4046 3100 4098 tua
3131 4056 3340 4101 mensa
3368 4039 3632 4098 dividere
3666 4056 3735 4098 ac
3765 4039 3871 4097 de-

2219 4126 2450 4198 spicere
2469 4127 2497 4184 ?
2527 4126 2584 4185 Si
2616 4127 2719 4185 ille
2749 4129 2970 4203 gratias
2999 4130 3122 4203 agit
3150 4130 3253 4205 qui
3296 4130 3606 4204 proprium
3664 4127 3878 4187 dividit

2222 4215 2519 4295 traditque
2534 4235 2769 4292 corpus,
2798 4224 2860 4275 tu
2872 4236 2993 4277 non
3009 4221 3198 4281 inulto
3214 4220 3634 4294 magisgratias
3643 4216 3873 4292 agendo

2223 4312 2279 4364 et
2309 4308 2568 4366 maximo
2625 4325 2763 4367 cum
2818 4310 3034 4385 gaudio
3066 4311 3131 4370 in
3183 4309 3279 4371 his
3309 4328 3443 4384 quas
3503 4328 3540 4369 a
3587 4311 3706 4368 Deo
3768 4307 3876 4365 tibi

2224 4395 2446 4455 donata
2468 4402 2628 4468 sunt,
2649 4400 2842 4457 socios
2865 4417 2934 4458 ac
2956 4402 3234 4459 convivas
3256 4401 3514 4475 accipies
3535 4414 3828 4473 pauperes
3850 4397 3879 4453 Ῡ

2226 4486 2371 4543 5³1
2415 4510 2434 4538 ι
2471 4490 2735 4562 Cumque
2777 4490 3001 4565 gratias
3057 4491 3294 4565 egisset.
3330 4514 3359 4542 ει
3418 4492 3562 4548 Cum
3596 4490 3878 4549 Dominus

458 4564 631 4654 ὶδωκε
654 4575 773 4633 τοῖς
807 4576 1102 4651 μαθηταῖς.
1146 4567 1211 4628 Εἴ
1264 4572 1449 4629 τοίνυν
1505 4569 1590 4629 έπ’
1651 4570 1972 4645 εὐχαριστίᾳ
2026 4572 2101 4628 κα

2225 4575 2445 4647 gratias
2475 4577 2715 4652 egisset,
2747 4564 2924 4654 fregit
2950 4597 3021 4637 ac
3051 4564 3218 4639 dedit
3264 4580 3596 4653 discipulis.
3628 4581 3686 4635 Si
3744 4594 3881 4650 ergo

462 4656 524 4717 σὺ
580 4653 747 4739 ἔρχῃ,
807 4656 978 4736 μηδὲν
1056 4661 1273 4734 ἀνάξιον
1359 4658 1505 4717 ποίει
1556 4667 1657 4732 τῆς
1742 4659 2116 4739 εὐχαριστίας,

464 4748 694 4824 μεθύων,
726 4748 816 4807 καὶ
848 4749 1002 4826 λιμῷ
1032 4752 1120 4810 καὶ
1176 4745 1328 4824 ὕϐρει
1361 4747 1686 4831 διαφθείρων
1721 4752 1812 4808 τὸν
1864 4749 2070 4821 πένητα
2103 4771 2118 4821 ς

467 4860 495 4889 ‹‹
528 4833 752 4913 Λάϐετε,
784 4841 1005 4927 ιράγετε.
1041 4865 1070 4893 ››
1118 4841 1298 4903 Αὐτὸς
1360 4841 1477 4917 μὶν,
1539 4841 1696 4923 φησὶ,
1727 4843 1887 4918 κοινῇ
1920 4839 2123 4899 δέδωκε

466 4933 620 5004 πᾶσι,
651 4929 712 4991 σὺ
744 4928 803 4987 δὲ
834 4932 1029 4991 σαυτὸν
1065 4931 1386 5006 ἀποσχίζεις
1413 4937 1523 4991 τῶν
1578 4933 1833 5003 πενήτων
1876 4933 1967 4990 καὶ
2022 4938 2121 4992 τοῦ

466 5026 566 5093 τῆς
611 5019 947 5094 Ἐκκλησίας
1001 5022 1279 5097 σώματος.
1350 5046 1380 5077 ‹‹
1439 5022 1711 5085 Ὡσαύτως
1768 5023 1858 5081 καὶ
1911 5024 1975 5081 τὸ
2027 5045 2123 5081 πο-

466 5112 675 5188 τήριον.
714 5135 743 5166 ››
794 5113 899 5175 Ἦν
949 5111 1053 5192 γὰρ
1103 5112 1196 5172 καὶ
1251 5110 1343 5171 έπὶ
1395 5118 1498 5184 τῆς
1553 5108 1794 5177 παλαιᾶς
1861 5115 2120 5186 ποτήρια,

466 5199 518 5259 έν
572 5204 660 5267 οἷς
719 5197 997 5279 ἔσπενδον,
1050 5202 1142 5261 καὶ
1202 5202 1340 5279 μετᾶ
1390 5204 1454 5260 τὸ
1513 5206 1670 5269 θῦσαι
1727 5199 1804 5274 δὲ,
1862 5204 1923 5260 τὸ
1979 5204 2124 5279 αἷμα

468 5294 573 5373 τῶν
613 5290 838 5370 ἀλόγων
866 5292 920 5351 ἂν
979 5298 1098 5359 τοῖς
1131 5292 1424 5368 ποτηρίοις
1482 5288 1801 5373 δεχόμενοι,
1848 5286 2122 5357 ἔσπενδον.

468 5372 616 5441 Ἀντὶ
659 5381 751 5443 οὐν
780 5386 878 5443 τοῦ
918 5379 1150 5461 αἳματος
1204 5387 1314 5441 τῶν
1369 5380 1610 5461 ἀλόγων,
1666 5382 1730 5443 τὸ
1790 5381 1928 5443 ἴδιον
1982 5386 2127 5458 αἷμα

474 5470 501 5524 ὁ
534 5471 734 5552 Κύριος
771 5469 988 5533 δίδωσι.
1026 5470 1222 5537 Καλῶς
1251 5469 1332 5539 δὶς
1390 5471 1445 5530 δν
1502 5472 1778 5550 ποτηρίῳ.
1825 5473 1919 5531 ἳνα
1983 5471 2126 5551 δεῖεν

474 5561 571 5630 τήν
654 5560 892 5623 παλαιὰν
975 5566 1139 5623 τοῦτο
1195 5566 1761 5644 προσκιαγραφοῦσαν.
1811 5564 1912 5635 Aid
1962 5569 2124 5625 τοῦτο

478 5650 641 5711 εἶπεν
679 5676 707 5705 κ
741 5653 803 5712 Ἥ
834 5654 992 5723 καινὴ
1033 5647 1267 5725 διαθήκη
1294 5648 1436 5712 έστὶν
1483 5647 1536 5711 ὗν
1566 5655 1646 5733 τῷ
1697 5650 1819 5727 “sit
1847 5649 2065 5728 αἵματι,
2095 5678 2125 5710 υ

2234 4671 2293 4723 et
2313 4672 2375 4723 tu
2405 4682 2541 4726 cum
2570 4668 2895 4740 gratiarum
2926 4670 3160 4729 actione
3192 4670 3462 4737 venis,an
3492 4671 3645 4727 nihil
3672 4669 3885 4742 gratia-

2230 4771 2365 4811 rum
2396 4756 2630 4813 actione
2658 4756 2805 4817 facis
2836 4758 3171 4834 indignum,
3204 4760 3307 4831 qui
3348 4776 3485 4819 cum
3542 4758 3879 4821 inebrieris,

2233 4860 2554 4917 pauperem
2567 4845 2723 4904 fame
2736 4847 3040 4920 acinjuria
3060 4848 3300 4922 perdis?
3317 4872 3344 4900 ιι
3369 4849 3503 4906 Acci
3512 4846 3879 4920 pite,edite.»

2234 4948 2364 5017 Ipse
2392 4944 2634 5017 quidem
2664 4945 2943 5005 omnibus
2973 4945 3159 5015 dedit.
3197 4953 3261 5005 tu
3312 4964 3452 5006 vero
3484 4948 3744 5019 teipsum
3782 4963 3882 5004 se-

2233 5050 2408 5109 paras
2437 5050 2473 5091 a
2500 5035 2862 5107 pauperibus
2892 5042 2950 5095 et
2981 5036 3054 5095 ab
3082 5037 3273 5109 ipsius
3302 5037 3581 5097 Ecclesiae
3611 5053 3883 5110 corpore.

2239 5146 2262 5175 ι
2294 5123 2381 5179 Ad
2403 5122 2679 5181 eumdem
2699 5123 2945 5183 modum
2966 5132 3029 5183 et
3043 5127 3346 5198 poculum.
3383 5148 3412 5179 ιι
3438 5128 3620 5185 Erant
3638 5126 3801 5183 enim
3822 5126 3885 5183 in

2235 5212 2414 5271 veteri
2443 5229 2681 5286 quoque
2713 5218 3070 5277 testamento
3101 5216 3317 5288 pocula
3363 5216 3429 5275 in
3460 5216 3680 5289 quibus
3732 5215 3886 5273 liba.

2233 5300 2399 5371 bent.
2430 5301 2538 5361 ubi
2565 5303 2748 5365 etiam
2777 5310 3098 5377 postquam
3126 5305 3395 5367 victimas
3444 5306 3882 5373 immolassent,

2236 5391 2586 5467 sanguinem
2616 5392 3054 5457 irrationalium
3078 5395 3442 5469 excipientes
3472 5395 3880 5470 pooulisJiba.

2233 5479 2397 5539 bant.
2430 5481 2544 5539 Pro
2575 5482 2864 5556 sanguine
2894 5482 3075 5556 igitur
3101 5484 3564 5550 irrationalium,
3586 5485 3877 5543 Dominus

2231 5569 2540 5646 Proprium
2571 5570 2674 5635 dat
2700 5572 3074 5646 sanguinem.
3107 5574 3178 5638 Et
3226 5574 3401 5642 bene.
3432 5575 3497 5636 in
3525 5574 3762 5649 poculo.
3811 5575 3883 5635 ut

2232 5657 2510 5731 «undet
2534 5664 2706 5725 vetus
2737 5666 3162 5730 ululantum
3180 5669 3360 5727 antes
3386 5663 3500 5724 hoc
3522 5662 3883 5721 dolium“.
