4118 6386
342 342 459 416 807

1465 343 1897 407 GCUMENII
1941 338 2254 401 ΤΗῙΟΟΛΕ
2295 333 2646 398 EPISCOPI

3650 334 3774 395 808

344 495 664 564 Pr0pterea
719 486 866 542 dixit
900 501 914 540 :
943 507 973 535 ‹‹
1006 486 1229 539 Novum
1272 487 1698 539 testamentum
1758 484 1849 535 est
1893 493 1985 549 per

2113 469 2243 549 οὐχὶ
2274 475 2382 526 τῶν
2414 469 2659 547 ἀλόγων.
2694 471 2781 528 Ἐν
2800 472 2879 540 τῷ
2901 465 3020 540 ἐμῷ
3047 465 3262 541 α’ίματι,
3296 465 3396 521 οὐκ
3426 465 3478 520 ἐν
3538 468 3618 536 τῷ
3647 468 3757 521 τῶν

346 597 547 637 meum
579 576 990 650 sanguinem,»
1012 590 1136 630 non
1158 572 1600 630 irrationalium
1623 569 1995 628 animalium.

345 672 459 725 Per
490 667 965 737 meum,inquam
997 664 1372 737 sanguinem,
1414 679 1537 719 non
1604 677 1712 733 per
1760 657 2000 715 irratio-

344 758 569 814 nalium
613 756 987 829 sanguinem,
1018 759 1085 809 ut
1113 753 1295 808 veteri
1329 756 1707 808 testamento.

416 902 511 970 XI,
534 902 723 955 26-28.
748 922 777 950 «
802 898 1286 968 Quotiescunque
1313 895 1476 951 enim
1498 890 1995 962 comederitispa-

345 1012 375 1041 κ
404 1006 545 1045 nem
568 990 750 1055 hunc,
778 994 837 1043 et
858 1004 928 1044 ex
950 986 1161 1060 poculo
1182 986 1295 1041 hoc
1310 983 1866 1050 biberitis,mortem
1886 980 1997 1035 Do-

346 1101 377 1130 α
409 1080 561 1135 mini
578 1077 951 1135 annuntiatis
972 1076 1213 1133 interim
1231 1075 1373 1131 dum
1388 1074 1817 1143 veniatltaque
1840 1071 2001 1142 quis-

345 1191 374 1220 «
410 1168 545 1241 quis
562 1168 751 1224 ederit
768 1184 986 1240 panem
1010 1166 1303 1233 hunc,aut
1322 1164 1543 1220 biberit
1560 1163 1633 1218 de
1654 1161 1860 1234 poculo
1882 1162 1995 1216 Do-

350 1276 374 1305 ι
406 1258 554 1313 mini
585 1257 825 1331 indigne
858 1256 1141 1323 Domino,
1172 1270 1312 1310 reus
1341 1254 1456 1311 erit
1485 1251 1753 1323 corporis
1783 1255 1843 1305 et
1863 1266 1998 1305 san-

348 1366 371 1395 ι
405 1347 602 1421 guinis
634 1345 889 1402 Domini.
922 1345 1142 1402 Probet
1171 1349 1372 1400 autem
1404 1344 1666 1414 seipsum
1699 1340 1900 1406 homo,
1936 1342 1997 1392 et

342 1460 368 1487 α
408 1437 491 1492 sic
523 1436 594 1492 de
626 1452 780 1508 pane
811 1436 949 1491 edat
976 1440 1035 1491 et
1063 1434 1136 1490 de
1167 1433 1381 1506 poculo
1415 1431 1598 1487 bibat.
1634 1452 1661 1480 »

413 1733 523 1800 Qui
553 1738 809 1789 mortem
838 1733 1090 1789 Domino
1124 1731 1464 1795 annuntiat,
1517 1745 1693 1784 omne
1745 1727 1992 1788 donum,

343 1837 584 1878 omnem
614 1820 1047 1894 benignitatem
1077 1836 1145 1876 ac
1178 1818 1637 1883 humanitatem,
1668 1820 1728 1870 et
1754 1829 1993 1870 omnem
2027 1850 2072 1916 Β

344 1910 600 1967 salutem
629 1915 897 1966 nostram
928 1925 1051 1965 una
1088 1907 1425 1964 annuntiat.
1462 1928 1491 1957 ‹‹
1547 1905 1795 1960 Interim
1855 1903 1995 1958 dum

340 2001 537 2056 veniat
561 2018 574 2057 :
611 2022 641 2052 »
670 2016 885 2071 nempe
914 1999 976 2053 in
1001 1997 1261 2055 secundo
1293 1997 1647 2053 adventu.-—
1667 1993 1833 2060 Quod
1855 1991 1997 2048 dici-

342 2095 441 2145 tur
471 2107 485 2144 :
523 2111 544 2140 ι
577 2090 823 2145 Interim
855 2088 997 2143 dum
1030 2087 1245 2154 veniat,
1280 2109 1309 2138 »
1340 2102 1448 2158 per
1497 2083 1868 2157 hyperbaton
1898 2098 1992 2137 ac-

342 2178 686 2250 cipiendum
713 2182 822 2246 est,
856 2182 921 2232 ut
952 2177 1029 2232 sit
1056 2177 1169 2231 iste
1203 2191 1452 2231 sensus:
1513 2173 1993 2242 Quotiescunque

343 2266 504 2322 enim
538 2266 918 2322 comederitis
950 2282 1168 2338 panem
1228 2266 1386 2320 hunc
1418 2268 1477 2319 et
1505 2280 1577 2318 ex
1635 2260 1849 2334 poculo
1880 2260 1993 2315 hoc

338 2356 611 2412 biberitis
636 2355 877 2411 interim
909 2355 1053 2411 dum
1082 2356 1211 2427 ipse
1240 2353 1440 2409 veniat
1469 2353 1532 2408 in
1565 2350 1828 2408 secundo
1888 2366 1993 2405 suo

340 2444 598 2502 adventu
630 2460 941 2516 quousque
963 2449 1215 2499 mortem
1245 2443 1435 2516 ipsius
1455 2440 1997 2498 annuntiatis.Post

338 2532 398 2588 id
430 2533 593 2588 enim
622 2538 857 2604 tempus
890 2549 1087 2604 neque
1119 2548 1289 2588 sacra
1316 2532 1444 2587 haec
1474 2529 1760 2602 mysteria
1809 2526 1993 2599 parti-

342 2623 696 2696 cipabimus,
731 2624 802 2681 ad
826 2624 1241 2697 perfectiorem
1269 2640 1337 2679 ac
1366 2621 1828 2678 reconditiorem
1850 2617 1997 2691 poli-

342 2712 488 2768 tiam
518 2728 587 2768 ac
614 2712 966 2769 fruitionem
1018 2713 1362 2769 introducti.
1405 2713 1669 2782 «Itaque
1719 2706 1993 2781 quisquis

344 2801 535 2857 ederit
563 2802 825 2876 indigne.
862 2825 892 2853 »
926 2805 1089 2876 lpsos
1119 2807 1298 2871 taxat,
1343 2801 1665 2858 ostendens
1714 2797 1992 2870 indignos

342 2907 496 2959 esse,
527 2896 591 2947 ut
624 2893 725 2963 qui
755 2910 1048 2965 pauperes
1078 2893 1474 2965 despicerent.
1510 2889 1803 2956 Quoniam
1833 2886 1990 2943 indi-

336 2995 469 3052 gne,
499 2979 714 3052 inquit,
744 2979 818 3036 ad
849 2981 1141 3037 Dominici
1172 2980 1438 3053 corporis
1468 2976 1987 3051 participationem

333 3068 639 3135 acceditis,
671 3075 990 3142 propterea
1019 3070 1225 3126 multis
1256 3069 1581 3126 obveniant
1609 3064 1985 3132 morbi,a1‘ﬂi-

330 3158 580 3228 ctiones,
607 3159 831 3225 ciades,
862 3177 931 3216 ac
960 3160 1258 3217 interitus.
1292 3158 1458 3215 Unde
1486 3165 1685 3214 autem
1716 3155 1988 3229 provenit

2111 556 2331 636 ἀλόγων
2361 559 2436 620 ὡς
2476 559 2561 614 ἐπὶ
2593 564 2693 628 τῆς
2723 554 2983 618 παλαιᾶς.

2177 895 2397 956 Ὁσάκις
2482 896 2587 970 γὰρ
2674 898 2733 950 ἂν
2820 894 3038 967 ἐσθίητε
3118 895 3210 949 τὸν
3294 894 3455 969 ἄρτον
3537 899 3758 963 τοῦτον,

2106 983 2196 1039 καὶ
2251 986 2315 1041 τὸ
2369 987 2634 1060 ποτήριον
2691 989 2853 1042 τοῦτο
2918 984 3134 1056 πίνητε,
3210 983 3302 1038 τὸν
3387 982 3614 1040 θάνατον
3660 988 3762 1041 τοῦ

2107 1073 2312 1148 Κυρίου
2387 1072 2788 1149 καταγγέλλετε
2845 1070 3011 1150 ἃχρις
3095 1070 3158 1128 05
3216 1067 3277 1126 ἅν
3364 1069 3521 1147 ﬁeri.
3599 1076 3765 1129 ’Ὠστε

2106 1161 2164 1225 ὅς
2211 1163 2271 1218 ἃν
2330 1161 2481 1238 ἐσθίῃ
2533 1164 2625 1219 τὸν
2678 1159 2842 1237 ἄρτον
2896 1168 3113 1233 τοῦτον,
3170 1161 3208 1232 ἤ
3260 1162 3386 1238 πίνῃ
3465 1161 3532 1217 τὸ
3586 1165 3764 1233 ποτή-

2108 1273 2223 1327 ριον
2299 1257 2397 1307 105
2481 1253 2681 1329 Κυρίου
2768 1253 2995 1324 ἀναξίως
3096 1256 3194 1308 τοῦ
3286 1250 3508 1327 Κυρίου,
3565 1247 3764 1330 ἔνοχος

2106 1335 2255 1397 ἔσται
2311 1347 2409 1398 τοῦ
2467 1343 2721 1417 σώματος
2787 1343 2879 1398 καὶ
2935 1346 3033 1398 105
3089 1339 3323 1416 αίίματος
3382 1345 3481 1396 τοῦ
3535 1340 3765 1418 Κυρίου.

2106 1431 2459 1507 Δοκιμαζὲτω
2562 1429 2620 1488 δε
2721 1428 3008 1509 ἄνθρωπος
3112 1430 3336 1501 ἑαυτὸν,
3421 1430 3513 1486 καὶ
3590 1430 3766 1493 οὕτως

2106 1520 2167 1577 ἐκ
2221 1527 2320 1577 τοῦ
2378 1522 2545 1599 ’ἄρτου
2604 1521 2850 1594 ἐσθιέτω,
2906 1521 2998 1578 καὶ
3054 1520 3115 1578 ἐκ
3188 1526 3286 1578 105
3342 1522 3615 1597 ποτηρίου
3672 1543 3765 1578 πι-

2102 1612 2259 1668 νὲτω.

2177 1732 2237 1789 Ὀ
2268 1728 2325 1787 δὲ
2368 1732 2461 1787 τὸν
2507 1734 2732 1789 θάνατον
2787 1731 3183 1810 καταγγέλλων
3218 1735 3317 1787 105
3377 1730 3595 1807 Κυρίου,
3655 1737 3765 1787 πᾶσι

2105 1841 2200 1876 σαν
2240 1822 2340 1891 τὴν
2370 1818 2600 1895 δωρεὰν,
2652 1820 2745 1877 καὶ
2802 1826 2977 1877 πᾶσαν
3043 1821 3142 1890 τὴν
3181 1819 3614 1899 φιλανθρωπίαν,
3666 1822 3762 1876 καὶ

2105 1904 2278 1965 πᾶσαν
2311 1911 2411 1979 τὴν
2441 1909 2719 1985 σωτηρίαν
2749 1912 2915 1984 ἡμῶν
2958 1908 3450 1988 συγκαταγγέλλει.
3494 1934 3522 1962 α
3554 1913 3762 1986 ’Ἀχρις

2107 1998 2169 2054 05
2206 1994 2267 2054 ἃν
2299 1994 2449 2066 ἔλθη.
2485 2022 2512 2052 n
2545 2000 2838 2057 Τουτὲστιν
2872 1998 2923 2055 ἐν
2980 2002 3051 2074 τῇ
3110 1997 3334 2073 δευτέρᾳ
3369 2000 3658 2075 παρουσίᾳ.
3691 2034 3761 2044 -—

2105 2090 2321 2163 [ΦΩΤ.]
2353 2089 2451 2160 Τὸ,
2484 2112 2513 2141 ‹‹
2572 2091 2777 2165 νΑχρις
2829 2090 2891 2145 05
2949 2089 3014 2144 ’ἀν
3081 2083 3238 2163 ἔλθῃ,
3272 2112 3299 2139 ››
3357 2086 3410 2143 ἐν
3472 2083 3761 2163 ὑπερϐατῷ

2104 2175 2365 2249 ληπτέον.
2426 2178 2577 2248 Οἷον,
2629 2178 2818 2240 ὁσάκις
2874 2177 2977 2255 γὰρ
3036 2173 3096 2232 ἃν
3162 2178 3377 2248 ἐσθίητε
3439 2177 3532 2233 τὸν
3598 2172 3762 2253 ἄρτον

2103 2270 2319 2336 τοῦτον,
2347 2267 2438 2322 καὶ
2467 2267 2530 2323 τὸ
2561 2269 2828 2344 ποτήριον
2858 2271 3021 2323 τοῦτο
3071 2267 3285 2339 πίνητε,
3341 2262 3507 2343 ἄχρις
3564 2267 3626 2322 05
3656 2268 3757 2323 αὖ·

2102 2356 2195 2416 τὸς
2226 2353 2358 2431 ἔλθῃ
2388 2353 2440 2410 ἐν
2507 2360 2576 2431 τῇ
2637 2353 2860 2432 δευτέρᾳ
2906 2357 3074 2412 αὐτοῦ
3131 2354 3421 2433 παρουσίᾳ,
3475 2352 3580 2417 ἕως
3634 2356 3760 2412 τότε

2100 2445 2194 2500 τὸν
2253 2444 2477 2510 θάνατον
2538 2444 2704 2502 αὐτοῦ
2763 2444 3185 2524 καταγγέλλετε.
3273 2446 3405 2503 Ἀπὸ
3450 2447 3576 2502 τότε
3631 2446 3756 2523 γὰρ,

2103 2532 2228 2590 οὔτε
2255 2539 2365 2591 τῶν
2421 2534 2588 2611 ἁγίων
2669 2534 2879 2591 τούτων
2941 2535 3259 2611 μυστηρίων
3304 2534 3758 2611 μεταληψόμεθα,

2103 2623 2179 2686 εἷς
2274 2624 2616 2700 τελειοτέραν
2670 2624 2762 2681 καὶ
2824 2623 3228 2700 μυστικωτέραν
3315 2622 3602 2681 πολιτείαν
3665 2625 3755 2681 καὶ

2103 2712 2403 2770 ἀπόλαυσιν
2460 2714 2809 2793 ἀναγόμενοι.
2871 2739 2901 2770 ‹‹
2957 2722 3115 2770 Ὥστε
3170 2714 3229 2777 ὅς
3283 2716 3345 2770 ’ἀν
3415 2714 3568 2790 ἐσθίῃ
3625 2713 3756 2771 ἀνα-

2101 2803 2250 2875 ξίως.
2298 2827 2327 2856 ››
2381 2802 2597 2866 Αὐτοὺς
2648 2804 2960 2876 αἰνίττεται,
3018 2801 3228 2866 δεικνὺς
3282 2804 3533 2879 ἀναξίους
3576 2801 3756 2879 ὄντας,

2098 2898 2475 2967 περιορῶντας
2529 2891 2657 2956 τοὺς
2716 2890 2968 2964 πένητας.
2999 2890 3225 2963 Ἐπειδὴ
3285 2892 3539 2964 ἀναξίως,
3596 2896 3752 2975 φησὶ,

2095 2984 2164 3056 τῇ
2229 2981 2536 3056 μεταλήψει
2591 2986 2689 3038 105
2749 2982 3080 3038 Δεσποτικοῦ
3136 2980 3506 3059 προσέρχεσθε
3563 2983 3752 3059 σώμα-

2095 3090 2210 3139 τος,
2243 3067 2333 3125 διὰ
2360 3074 2520 3126 10510
2551 3070 2789 3133 πολλοῖς
2821 3092 2922 3145 συρ
2936 3067 3181 3127 εαίνουσι
3211 3070 3360 3127 νόσοι
3385 3093 3445 3128 τε
3482 3072 3573 3128 καὶ
3602 3074 3748 3145 πάθη

2096 3159 2189 3215 καὶ
2235 3161 2479 3219 θάνατοι.
2540 3161 2708 3216 Πόθεν
2760 3158 2818 3216 δέ
2874 3159 2985 3216 ἐστι
3039 3162 3103 3216 τὸ
3161 3160 3389 3231 ἀναξίως
3446 3160 3755 3238 προσέρχει-

330 3252 398 3302 ut
421 3225 665 3321 indigne
686 3248 982 3305 accedatis
1002 3247 1020 3295 ἓ
1042 3252 1120 3304 Ex
1141 3249 1275 3305 aliis
1297 3225 1985 3321 peccatis,qum—patratis

2100 3249 2223 3303 σθαι
2256 3270 2271 3316 ;
2304 3249 2405 3303 Ἕκ
2431 3269 2491 3304 τε
2513 3252 2621 3303 τῶν
2655 3244 2844 3304 ἀλλων
2878 3250 3294 3324 ἁμαρτημάτων
3337 3251 3413 3306 ὦν
3463 3252 3751 3327 πράττετε,

330 3336 486 3394 582
517 3343 577 3394 et
625 3340 767 3410 quia
794 3339 871 3395 ad
926 3339 1302 3396 Dominicam
1358 3354 1587 3395 caenam
1632 3335 1985 3393 accedentes

329 3427 714 3483 contemnitis
766 3445 1079 3501 pauperes,
1133 3433 1378 3501 propter
1435 3443 1583 3499 quos
1642 3425 1983 3481 ordinatum

328 3520 457 3571 erat
486 3521 552 3571 ut
581 3518 1236 3575 conveniretis.Etenim
1268 3516 1343 3573 ob
1374 3517 1487 3572 hoc
1518 3517 1739 3587 ipsum,
1762 3518 1823 3570 et
1851 3531 1984 3570 eam

330 3620 464 3674 quae
522 3606 833 3663 Dominica
890 3613 983 3665 est
1039 3608 1327 3664 facientes
1376 3606 1702 3678 propriam,
1762 3604 1984 3676 injuria

321 3694 562 3751 afﬂictis
585 3713 599 3750 :
628 3702 685 3752 et
707 3698 1023 3754 ecclesiam
1048 3699 1110 3752 in
1133 3714 1313 3769 quam
1332 3694 1659 3752 convenitis
1673 3693 1747 3749 ad
1766 3693 1983 3749 facien-

323 3783 462 3840 dam
518 3801 750 3842 cwnam
812 3786 1189 3843 Dominicam
1264 3785 1696 3855 dehonestatis,
1766 3783 1980 3856 gastri-

322 3875 564 3948 margiaa
597 3892 870 3932 mensam
903 3876 966 3931 in
1011 3892 1081 3932 ea
1128 3875 1293 3932 vobis
1324 3880 1714 3948 apponentes,
1749 3880 1805 3928 et
1860 3890 1981 3928 non

323 3963 696 4021 Dominicam
726 3981 957 4022 coenam
983 3982 996 4020 :
1031 3969 1091 4021 et
1117 3981 1411 4037 pauperes
1441 3963 1814 4037 pudefacitis.
1839 3963 1979 4018 Pro-

321 4056 456 4123 pter
484 4053 611 4109 haec
638 4070 741 4109 vos
799 4054 961 4126 ipsos
1005 4070 1256 4126 corpore
1315 4059 1372 4108 et
1402 4053 1690 4126 sanguine
1744 4052 1980 4108 Domini

320 4139 599 4213 indignos
633 4142 945 4198 redditis.«
981 4146 1136 4199 Reus
1170 4144 1299 4199 erit.
1336 4166 1364 4194 »
1393 4143 1559 4209 Quod
1590 4143 1676 4199 ait
1706 4159 1720 4199 :
1757 4165 1785 4193 ‹‹
1822 4143 1980 4199 Reus

323 4229 437 4283 erit
466 4231 734 4302 corporis
765 4236 827 4286 et
883 4233 1190 4306 sanguinis
1238 4233 1494 4302 Domini,
1529 4255 1557 4282 ιι
1587 4233 1700 4289 hoc
1754 4232 1982 4289 indicat

323 4319 483 4390 quod
505 4320 1009 4390 quemadmodum
1026 4324 1053 4378 J
1060 4322 1205 4379 udas
1218 4340 1354 4379 eum
1377 4321 1828 4391 tradiditJudmi
1843 4339 1978 4379 vero

326 4407 389 4462 in
419 4408 617 4479 ipsum
649 4410 998 4468 debacchati
1052 4419 1193 4469 sunt
1225 4430 1239 4470 :
1273 4414 1356 4469 ita
1394 4414 1590 4486 ipsum
1650 4413 1980 4486 ignominia

326 4495 601 4553 afficiunt
625 4499 726 4570 qui
760 4502 1205 4558 sanctissimum
1238 4503 1426 4574 ipsius
1458 4518 1672 4574 corpus
1701 4502 1979 4557 manibus

2088 3337 2178 3393 καὶ
2237 3335 2298 3391 ἐκ
2352 3342 2449 3392 105
2506 3340 2944 3417 συνερχομένους
3007 3340 3147 3413 ὑμᾶς
3206 3339 3282 3402 είς
3358 3340 3420 3395 τὸ
3482 3345 3761 3415 Κυριακον

2088 3423 2325 3495 δεῖπνον,
2374 3427 2644 3503 ὑπερορᾷν
2697 3426 2827 3492 τοὺς
2881 3429 3170 3508 πτωχοὺς,
3226 3426 3296 3484 δι’
3352 3428 3444 3491 οὕς
3501 3427 3740 3504 ἐγεγόνει

2085 3516 2148 3569 τὸ
2177 3514 2550 3594 συνέρχεσθαι.
2587 3515 2685 3572 Διά
2713 3516 2818 3592 γὰρ
2856 3521 3020 3573 τοῦτο
3077 3516 3208 3573 αὐτό
3262 3537 3321 3573 τε
3372 3517 3435 3571 τὸ
3466 3517 3740 3592 Κυριακὸν

2087 3600 2363 3659 ἰδιωτικὸν
2415 3609 2699 3668 ποιοῦντες
2767 3601 3091 3681 ἐξυϐρίζετε,
3146 3606 3237 3662 καὶ
3288 3606 3390 3675 τὴν
3446 3603 3745 3677 ἐκκλησίαν

2087 3691 2464 3769 ἒνῇποιῆσαι
2495 3696 2558 3750 τὸ
2615 3695 2889 3771 Κυριακὸν
2947 3692 3165 3751 δεῖπνον
3224 3697 3575 3775 συνέρχεσθε,
3627 3695 3748 3750 ἀτι-

2088 3784 2313 3858 μάζετε,
2372 3785 2807 3861 γαστριμαργίας
2866 3786 3080 3849 ἑαυτοῖς
3139 3787 3410 3860 τράπεζαν
3469 3785 3521 3840 ἐν
3581 3786 3741 3860 αὐτῇ,

2084 3871 2211 3929 ἀλλ’
2240 3872 2303 3927 οὔ
2348 3875 2617 3950 Κυριακὸν
2673 3871 2887 3931 δεῖπνον
2944 3874 3384 3951 παρατιθέμενοι.
3449 3876 3547 3932 Καὶ
3615 3877 3745 3937 τοὺς

2083 3961 2319 4032 πένητας
2352 3961 2409 4018 δὲ
2474 3963 2884 4039 καταισχύνετε.
2945 3964 3043 4020 Διὰ
3099 3968 3230 4041 γοῦν
3300 3968 3467 4021 ταῦτα
3496 3964 3749 4036 ἀναξίους

2082 4052 2179 4106 τοῦ
2213 4053 2468 4125 σώματος
2496 4052 2587 4108 καὶ
2642 4056 2740 4108 τοῦ
2800 4051 3035 4127 α’ίματος
3081 4058 3179 4108 105
3228 4054 3456 4130 Κυρίου,
3516 4055 3748 4117 ἑαυτοὺς

2084 4141 2534 4217 παρασκευάζετε.
2592 4167 2614 4193 σι
2681 4143 2923 4218 Ἔνοχος
2988 4137 3162 4199 ἔσται.
3209 4165 3236 4198 ι
3297 4145 3394 4215 Τὸ,
3423 4169 3451 4196 ‹‹
3512 4145 3746 4219 Ἔνοχος

2082 4231 2465 4303 τοῦσώματος
2524 4232 2740 4287 καὶτοῦ
2796 4232 3055 4304 αἳματος,
3092 4258 3112 4284 ι
3175 4238 3341 4289 τοῦτο
3403 4231 3593 4305 δηλοῖ,
3652 4232 3736 4288 ὅτι

2083 4320 2322 4393 καθάπερ
2371 4316 2656 4392 παρέδωκε
2747 4319 2843 4395 μὲν
2930 4321 3092 4377 αὑτὸν
3146 4322 3173 4376 ὁ
3250 4319 3490 4393 Ἰώδας,
3549 4323 3742 4396 παρῴ-

2082 4429 2247 4479 νησαν
2310 4406 2367 4464 δὲ
2423 4408 2500 4472 είς
2560 4408 2721 4465 αὐτὸν
2782 4407 3062 4481 Ἰουδαῖοι,
3146 4410 3323 4475 οὕτως
3383 4410 3741 4486 ἀτιμάζουσιν

2085 4498 2243 4553 αὐτὸν
2272 4499 2325 4553 0':
2363 4499 2424 4553 τὸ
2449 4497 2715 4576 πανάγιον
2745 4499 2911 4556 αὐτοῦ
2950 4506 3111 4576 σῶμα
3167 4503 3355 4578 χερσὶν
3415 4501 3741 4577 ἀκαθάρτοις

325 4585 579 4658 impuris
609 4590 965 4662 suscipiunt,
997 4592 1175 4648 veluti
1209 4597 1352 4648 tunc
1380 4592 1567 4648 Judrei
1598 4608 1736 4647 eum
1766 4597 1977 4646 tenue-

2096 4586 2379 4662 Βεχπῗμενοι
2413 4588 2487 4651 ὡς
2528 4585 2795 4647 Ἰουδαῖοι
2851 4594 3174 4667 κρατοῦντες
3226 4591 3385 4647 αὐτὸν
3444 4590 3593 4662 τότε,
3649 4591 3740 4645 καὶ

322 4681 465 4731 runt
499 4692 513 4731 :
548 4682 608 4733 et
637 4681 1001 4738 exsecranda
1032 4682 1350 4738 admovent
1377 4682 1608 4736 ori.Per
1635 4681 1748 4737 hoc
1774 4686 1971 4737 autem

323 4765 483 4836 quod
512 4766 861 4841 frequenter
914 4772 999 4827 ait
1030 4788 1043 4825 :
1085 4772 1362 4843 Corporis
1394 4777 1453 4827 et
1488 4771 1820 4844 sanguinis
1869 4771 1975 4825 Do-

318 4854 494 4919 mini,
527 4878 555 4905 ››
590 4859 936 4915 manifestat
967 4859 1125 4931 quod
1156 4876 1279 4915 non
1313 4861 1391 4915 sit
1417 4860 1617 4916 nudus
1646 4861 1823 4916 homo
1874 4859 1975 4931 qui

322 4942 690 5014 immolatur,
722 4948 827 5003 sed
857 4949 986 5020 ipse
1018 4950 1306 5006 Dominus
1337 4954 1397 5005 et
1425 4951 1635 5006 Factor
1664 4951 1933 5006 omnium
1959 4966 1971 5004 :

321 5036 389 5087 ut
409 5032 688 5090 videlicet
715 5054 822 5108 per
841 5039 969 5094 haec
993 5040 1156 5110 ipsos
1179 5046 1491 5097 exterreat.
1529 5062 1557 5095 α
1581 5042 1646 5096 Et
1667 5043 1974 5114 sanguinis

322 5120 584 5178 Domini.
629 5144 652 5169 ››
685 5128 767 5180 Ac
798 5126 925 5196 ipse
956 5126 1108 5182 illud
1138 5129 1465 5185 effudisset.
1499 5128 1804 5201 Siquidem
1861 5131 1973 5202 ipsi

322 5225 465 5264 eum
496 5210 864 5269 occiderunt.
897 5214 1001 5271 Hic
1025 5231 1163 5273 vero
1193 5233 1301 5291 per
1330 5218 1749 5293 indignitatem
1808 5235 1973 5276 nunc

325 5314 461 5353 eum
521 5299 755 5356 videtur
808 5304 1175 5363 interimere.
1210 5329 1239 5358 ‹‹
1303 5309 1521 5363 Probet
1548 5313 1769 5365 autem.
1805 5331 1834 5359 ››
1891 5310 1972 5366 De

321 5386 631 5445 Dominica
662 5391 902 5461 quidem
934 5410 1102 5451 caena
1132 5402 1258 5453 erat
1287 5397 1397 5467 ipsi
1432 5413 1626 5452 sermo
1653 5414 1666 5451 :
1700 5399 1805 5454 sed
1826 5415 1972 5470 quo-

318 5476 482 5532 niam
514 5477 577 5534 in
609 5479 872 5551 aliquem
906 5486 1326 5556 mysteriorum
1367 5502 1706 5544 sermonem
1738 5488 1971 5556 incidit,

323 5566 580 5639 quadam
612 5569 925 5629 verborum
984 5578 1435 5649 consequentia,
1480 5590 1613 5650 qum
1668 5578 1974 5651 proposita

325 5663 656 5715 sunt‘recto
689 5660 899 5723 ordine
917 5663 1186 5741 disponit
1212 5668 1355 5722 Nam
1387 5667 1439 5721 is
1469 5682 1599 5724 mos
1618 5672 1749 5724 erat
1764 5668 1968 5734 Paulo,

2083 4679 2257 4755 ἒναγεῖ
2286 4676 2681 4757 προσφέροντες
2712 4681 2965 4754 στόματι.
2998 4681 3095 4735 Διὰ
3126 4678 3184 4735 δὲ
3236 4681 3299 4735 τὸ
3356 4679 3528 4735 εἰπεῖν
3578 4678 3737 4733 ηπολ-

2084 4764 2262 4830 λάκις·
2302 4788 2328 4820 ι
2358 4768 2472 4823 T05
2499 4767 2756 4842 σώματος
2786 4768 2875 4823 καὶ
2907 4771 3005 4825 τοῦ
3034 4767 3264 4841 α’ίματος
3311 4766 3412 4823 105
3444 4767 3672 4843 Κυρίου.
3710 4790 3739 4819 »

2084 4853 2252 4926 δηλοῖ
2308 4854 2391 4910 ὅτι
2451 4854 2551 4911 οὐκ
2606 4851 2888 4933 ἅνθρωπος
2946 4854 3111 4932 ψιλὸς
3172 4858 3200 4911 ὁ
3257 4855 3553 4930 θυόμενος,
3615 4855 3743 4913 ἀλλ’

2085 4945 2304 5007 αὐτὸςό
2362 4944 2558 5020 Κύριος
2613 4946 2641 5000 ὁ
2699 4948 2945 5018 Ποιητής
3009 4944 3249 5017 πάντων,
3306 4947 3382 5009 ὡς
3443 4943 3603 5015 δῆθεν
3652 4942 3740 5000 διὰ

2081 5035 2289 5091 τούτων
2346 5029 2594 5113 ἐκφοϐῶν
2648 5034 2865 5097 αὐτούς.
2923 5059 2954 5088 ιι
3013 5035 3115 5092 Καὶ
3188 5038 3288 5090 105
3348 5032 3582 5107 α’ίματος
3640 5037 3739 5087 105

2085 5121 2307 5196 Κυρίου.
2373 5145 2402 5173 ››
2475 5121 2564 5183 Ὧς
2624 5122 2652 5174 ὁ
2707 5119 2870 5182 αὐτὸς
2928 5120 3124 5195 ὲκχὲας
3155 5118 3306 5174 αὐτό.
3364 5120 3431 5177 Οἱ
3492 5119 3587 5192 μὶν
3631 5119 3739 5194 γὰρ

2083 5210 2393 5288 ἐφόνευσαν,
2451 5208 2616 5270 αὐτὸς
2671 5206 2728 5263 δὶ
2809 5211 2879 5282 τῇ
2932 5207 3243 5278 ἀναξιότητι
3322 5211 3411 5262 νῦν
3496 5206 3738 5285 φονεύειν

2083 5301 2253 5357 δοκεῖ.
2290 5321 2317 5353 α
2350 5296 2701 5371 Δοκιμαζὲτω
2755 5294 2832 5352 δέ.
2885 5320 2913 5349 »
2970 5298 3101 5374 Περὶ
3163 5301 3260 5352 105
3318 5300 3590 5374 Κυριακοῦ
3644 5298 3738 5372 μὲν

2082 5387 2302 5446 δείπνου
2340 5388 2408 5457 ἦν
2438 5386 2466 5442 ό
2498 5385 2662 5462 λόγος
2691 5385 2859 5459 αὐτῷ,
2896 5384 3021 5444 ἀλλ’
3075 5384 3266 5457 ἕπειδή
3327 5388 3404 5451 εἷς
3458 5386 3552 5443 τὸν
3612 5389 3741 5464 περὶ

2079 5484 2188 5536 τῶν
2262 5474 2577 5552 μυστηρίων
2636 5473 2856 5532 ἐνέπεσε
2940 5475 3108 5553 λόγον
3166 5478 3303 5533 κατά
3386 5497 3509 5534 τινα
3567 5476 3736 5556 λόγου

2084 5567 2432 5636 ἀκολουθίαν,
2488 5566 2557 5620 τὰ
2611 5566 2943 5641 προκείμενα
3002 5565 3338 5643 διορθοῦται.
3398 5572 3576 5625 T0510
3634 5570 3739 5645 γὰρ

2083 5662 2203 5724 ἔθος
2230 5663 2312 5732 τῷ
2351 5652 2581 5730 Παύλῳ,
2620 5657 2797 5715 πάντα
2823 5660 2892 5714 τὰ
2948 5658 3407 5734 παρεμπίπτοντα
3462 5656 3741 5734 διορθοῦν.
