  <div class='ocr_page' id='page_1' title='image "/cluster/home/n/w/nwhite01/storage/ocr_20150623/118:no.1/coo.31924054870229/418.png"; bbox 0 0 4118 6376; ppageno 0'>
   <div class='ocr_carea' id='block_1_1' title="bbox 409 343 604 420">
    <p class='ocr_par' dir='ltr' id='par_1_1' title="bbox 409 343 604 420">
     <span class='ocr_line' id='line_1_1' title="bbox 409 343 604 420; baseline -0.01 -17"><span class='ocrx_word' id='word_1_1' title='bbox 409 343 550 403; x_wconf 86' lang='grc'><strong><em>809·</em></strong></span> <span class='ocrx_word' id='word_1_2' title='bbox 601 417 604 420; x_wconf 23' lang='grc' dir='ltr'><strong><em>η</em></strong></span> 
     </span>
    </p>
   </div>
   <div class='ocr_carea' id='block_1_2' title="bbox 1397 342 2872 412">
    <p class='ocr_par' dir='ltr' id='par_1_2' title="bbox 1397 342 2872 412">
     <span class='ocr_line' id='line_1_2' title="bbox 1397 342 2872 412; baseline 0.007 -9"><span class='ocrx_word' id='word_1_3' title='bbox 1397 343 1794 405; x_wconf 80' lang='lat' dir='ltr'><strong><em>COMMENT.</em></strong></span> <span class='ocrx_word' id='word_1_4' title='bbox 1844 343 1930 403; x_wconf 84' lang='lat' dir='ltr'><strong>IN</strong></span> <span class='ocrx_word' id='word_1_5' title='bbox 1978 342 2224 404; x_wconf 82' lang='lat' dir='ltr'><strong><em>EPIST.</em></strong></span> <span class='ocrx_word' id='word_1_6' title='bbox 2275 348 2298 404; x_wconf 91' lang='grc' dir='ltr'><strong>Ι</strong></span> <span class='ocrx_word' id='word_1_7' title='bbox 2342 342 2456 408; x_wconf 80' lang='grc' dir='ltr'><strong><em>ΑΒ</em></strong></span> <span class='ocrx_word' id='word_1_8' title='bbox 2495 348 2872 412; x_wconf 83' lang='lat' dir='ltr'><strong><em>CORINTH.</em></strong></span> 
     </span>
    </p>
   </div>
   <div class='ocr_carea' id='block_1_3' title="bbox 3717 358 3839 419">
    <p class='ocr_par' dir='ltr' id='par_1_3' title="bbox 3717 358 3839 419">
     <span class='ocr_line' id='line_1_3' title="bbox 3717 358 3839 419; baseline 0.025 -3"><span class='ocrx_word' id='word_1_9' title='bbox 3717 358 3839 419; x_wconf 79' lang='lat'><strong><em>810</em></strong></span> 
     </span>
    </p>
   </div>
   <div class='ocr_carea' id='block_1_4' title="bbox 412 469 2056 552">
    <p class='ocr_par' dir='ltr' id='par_1_4' title="bbox 412 469 2056 550">
     <span class='ocr_line' id='line_1_4' title="bbox 412 469 2056 550; baseline 0.001 -23"><span class='ocrx_word' id='word_1_10' title='bbox 412 499 438 527; x_wconf 77' lang='grc' dir='ltr'>(ι</span> <span class='ocrx_word' id='word_1_11' title='bbox 475 476 795 549; x_wconf 85' lang='grc' dir='ltr'>Ἀνθρωπος</span> <span class='ocrx_word' id='word_1_12' title='bbox 826 473 1037 533; x_wconf 69' lang='grc' dir='ltr'>ἑαυτόν.</span> <span class='ocrx_word' id='word_1_13' title='bbox 1071 498 1097 524; x_wconf 86' lang='grc'><strong>››</strong></span> <span class='ocrx_word' id='word_1_14' title='bbox 1128 474 1253 550; x_wconf 80' lang='grc' dir='ltr'><strong><em>Οὐχ</em></strong></span> <span class='ocrx_word' id='word_1_15' title='bbox 1284 469 1466 550; x_wconf 77' lang='grc' dir='ltr'>ἔτερος</span> <span class='ocrx_word' id='word_1_16' title='bbox 1494 475 1587 530; x_wconf 83' lang='grc' dir='ltr'><strong><em>τὸν</em></strong></span> <span class='ocrx_word' id='word_1_17' title='bbox 1641 471 1823 550; x_wconf 65' lang='grc' dir='ltr'>ἕτερον</span> <span class='ocrx_word' id='word_1_18' title='bbox 1884 477 2056 547; x_wconf 77' lang='grc' dir='ltr'>(τοῦτι</span> 
     </span>
    </p>
   </div>
   <div class='ocr_carea' id='block_1_5' title="bbox 2168 469 3838 552">
    <p class='ocr_par' dir='ltr' id='par_1_5' title="bbox 2186 483 3838 552">
     <span class='ocr_line' id='line_1_5' title="bbox 2186 483 3838 552; baseline 0.007 -20"><span class='ocrx_word' id='word_1_19' title='bbox 2186 494 2560 552; x_wconf 66' lang='lat' dir='ltr'><strong><em>quascunque</em></strong></span> <span class='ocrx_word' id='word_1_20' title='bbox 2593 483 2836 539; x_wconf 89' lang='lat' dir='ltr'><strong><em>interim</em></strong></span> <span class='ocrx_word' id='word_1_21' title='bbox 2862 486 3198 543; x_wconf 89' lang='lat' dir='ltr'><strong><em>inciderent</em></strong></span> <span class='ocrx_word' id='word_1_22' title='bbox 3255 492 3358 544; x_wconf 89' lang='lat' dir='ltr'><strong><em>aut</em></strong></span> <span class='ocrx_word' id='word_1_23' title='bbox 3404 488 3838 545; x_wconf 88' lang='lat' dir='ltr'><strong><em>intersereren-</em></strong></span> 
     </span>
    </p>
   </div>
   <div class='ocr_carea' id='block_1_6' title="bbox 413 561 1579 641">
    <p class='ocr_par' dir='ltr' id='par_1_6' title="bbox 413 561 1579 641">
     <span class='ocr_line' id='line_1_6' title="bbox 413 561 1579 641; baseline 0 -24"><span class='ocrx_word' id='word_1_24' title='bbox 413 563 540 641; x_wconf 81' lang='grc' dir='ltr'>γὰρ,</span> <span class='ocrx_word' id='word_1_25' title='bbox 576 563 758 636; x_wconf 89' lang='grc' dir='ltr'>κρῖναί</span> <span class='ocrx_word' id='word_1_26' title='bbox 788 562 976 636; x_wconf 80' lang='grc' dir='ltr'>ἐστιν),</span> <span class='ocrx_word' id='word_1_27' title='bbox 1009 561 1138 618; x_wconf 89' lang='grc' dir='ltr'>ἀλλ’</span> <span class='ocrx_word' id='word_1_28' title='bbox 1171 563 1336 626; x_wconf 81' lang='grc' dir='ltr'>αὐτὸς</span> <span class='ocrx_word' id='word_1_29' title='bbox 1368 565 1579 622; x_wconf 72' lang='grc' dir='ltr'>ἑαυτόν.</span> 
     </span>
    </p>
   </div>
   <div class='ocr_carea' id='block_1_7' title="bbox 483 744 2070 820">
    <p class='ocr_par' dir='ltr' id='par_1_7' title="bbox 483 744 2070 820">
     <span class='ocr_line' id='line_1_7' title="bbox 483 744 2070 820; baseline -0.003 -17"><span class='ocrx_word' id='word_1_30' title='bbox 483 747 544 803; x_wconf 75' lang='grc' dir='ltr'><strong>Ὀ</strong></span> <span class='ocrx_word' id='word_1_31' title='bbox 602 745 708 820; x_wconf 77' lang='grc' dir='ltr'><strong><em>γὰρ</em></strong></span> <span class='ocrx_word' id='word_1_32' title='bbox 768 744 958 800; x_wconf 77' lang='grc' dir='ltr'><strong><em>ἐσθίων</em></strong></span> <span class='ocrx_word' id='word_1_33' title='bbox 1015 745 1103 799; x_wconf 80' lang='grc' dir='ltr'><strong><em>καὶ</em></strong></span> <span class='ocrx_word' id='word_1_34' title='bbox 1159 745 1328 800; x_wconf 91' lang='grc' dir='ltr'>πίνων</span> <span class='ocrx_word' id='word_1_35' title='bbox 1389 745 1642 815; x_wconf 78' lang='grc' dir='ltr'><strong><em>ἀναξίως,</em></strong></span> <span class='ocrx_word' id='word_1_36' title='bbox 1718 750 1889 820; x_wconf 86' lang='grc' dir='ltr'>κρῖμα</span> <span class='ocrx_word' id='word_1_37' title='bbox 1947 746 2070 800; x_wconf 79' lang='grc' dir='ltr'>ἒαυ-</span> 
     </span>
    </p>
   </div>
   <div class='ocr_carea' id='block_1_8' title="bbox 411 834 2071 909">
    <p class='ocr_par' dir='ltr' id='par_1_8' title="bbox 411 834 2071 909">
     <span class='ocr_line' id='line_1_8' title="bbox 411 834 2071 909; baseline -0.001 -18"><span class='ocrx_word' id='word_1_38' title='bbox 411 857 492 909; x_wconf 85' lang='grc' dir='ltr'>τῳ</span> <span class='ocrx_word' id='word_1_39' title='bbox 532 835 694 890; x_wconf 84' lang='grc' dir='ltr'>ἐσθίει</span> <span class='ocrx_word' id='word_1_40' title='bbox 750 837 840 891; x_wconf 76' lang='grc' dir='ltr'><strong><em>καὶ</em></strong></span> <span class='ocrx_word' id='word_1_41' title='bbox 899 837 1064 906; x_wconf 91' lang='grc' dir='ltr'>πίνει,</span> <span class='ocrx_word' id='word_1_42' title='bbox 1129 839 1238 909; x_wconf 73' lang='grc' dir='ltr'>μὴν</span> <span class='ocrx_word' id='word_1_43' title='bbox 1298 834 1587 908; x_wconf 84' lang='grc' dir='ltr'>διακρίνων</span> <span class='ocrx_word' id='word_1_44' title='bbox 1634 835 1699 891; x_wconf 86' lang='grc' dir='ltr'>τὸ</span> <span class='ocrx_word' id='word_1_45' title='bbox 1757 839 1918 909; x_wconf 85' lang='grc' dir='ltr'>σῶμα</span> <span class='ocrx_word' id='word_1_46' title='bbox 1975 839 2071 890; x_wconf 80' lang='grc' dir='ltr'><strong><em>τοῦ</em></strong></span> 
     </span>
    </p>
   </div>
   <div class='ocr_carea' id='block_1_9' title="bbox 413 921 2071 998">
    <p class='ocr_par' dir='ltr' id='par_1_9' title="bbox 413 921 2071 998">
     <span class='ocr_line' id='line_1_9' title="bbox 413 921 2071 998; baseline -0.003 -16"><span class='ocrx_word' id='word_1_47' title='bbox 413 923 639 997; x_wconf 86' lang='grc' dir='ltr'>Κυρίου.</span> <span class='ocrx_word' id='word_1_48' title='bbox 695 925 793 980; x_wconf 89' lang='grc' dir='ltr'>Διά</span> <span class='ocrx_word' id='word_1_49' title='bbox 850 927 1010 980; x_wconf 82' lang='grc' dir='ltr'>τοῦτο</span> <span class='ocrx_word' id='word_1_50' title='bbox 1070 923 1123 979; x_wconf 78' lang='grc' dir='ltr'>ἐν</span> <span class='ocrx_word' id='word_1_51' title='bbox 1181 925 1308 998; x_wconf 85' lang='grc' dir='ltr'>ὑμῖν</span> <span class='ocrx_word' id='word_1_52' title='bbox 1361 921 1574 980; x_wconf 84' lang='grc' dir='ltr'>πολλοὶ</span> <span class='ocrx_word' id='word_1_53' title='bbox 1659 925 1897 989; x_wconf 75' lang='grc' dir='ltr'><strong><em>ἀσθενεῖς</em></strong></span> <span class='ocrx_word' id='word_1_54' title='bbox 1981 922 2071 978; x_wconf 86' lang='grc' dir='ltr'><strong><em>καὶ</em></strong></span> 
     </span>
    </p>
   </div>
   <div class='ocr_carea' id='block_1_10' title="bbox 411 1011 2073 1089">
    <p class='ocr_par' dir='ltr' id='par_1_10' title="bbox 411 1011 2073 1089">
     <span class='ocr_line' id='line_1_10' title="bbox 411 1011 2073 1089; baseline -0.002 -20"><span class='ocrx_word' id='word_1_55' title='bbox 411 1011 683 1089; x_wconf 68' lang='grc' dir='ltr'>ἄρρωστοι</span> <span class='ocrx_word' id='word_1_56' title='bbox 741 1014 833 1069; x_wconf 85' lang='grc' dir='ltr'><strong><em>καὶ</em></strong></span> <span class='ocrx_word' id='word_1_57' title='bbox 891 1018 1199 1087; x_wconf 80' lang='grc' dir='ltr'><strong><em>κοιμῶνται</em></strong></span> <span class='ocrx_word' id='word_1_58' title='bbox 1256 1015 1452 1070; x_wconf 74' lang='grc' dir='ltr'>ἱκανοί.</span> <span class='ocrx_word' id='word_1_59' title='bbox 1522 1013 1585 1071; x_wconf 79' lang='grc' dir='ltr'><strong><em>Εἰ</em></strong></span> <span class='ocrx_word' id='word_1_60' title='bbox 1662 1014 1763 1088; x_wconf 82' lang='grc' dir='ltr'><strong><em>γὰρ</em></strong></span> <span class='ocrx_word' id='word_1_61' title='bbox 1848 1013 2073 1076; x_wconf 66' lang='grc' dir='ltr'>ἑαυτοὺς</span> 
     </span>
    </p>
   </div>
   <div class='ocr_carea' id='block_1_11' title="bbox 414 1099 2065 1180">
    <p class='ocr_par' dir='ltr' id='par_1_11' title="bbox 414 1099 2065 1180">
     <span class='ocr_line' id='line_1_11' title="bbox 414 1099 2065 1180; baseline -0.001 -22"><span class='ocrx_word' id='word_1_62' title='bbox 414 1101 777 1178; x_wconf 74' lang='grc' dir='ltr'><strong><em>διεκρίνομεν,</em></strong></span> <span class='ocrx_word' id='word_1_63' title='bbox 838 1103 937 1159; x_wconf 82' lang='grc' dir='ltr'>οὐκ</span> <span class='ocrx_word' id='word_1_64' title='bbox 1011 1105 1072 1158; x_wconf 83' lang='grc' dir='ltr'><strong><em>ἀν</em></strong></span> <span class='ocrx_word' id='word_1_65' title='bbox 1157 1103 1504 1180; x_wconf 76' lang='grc' dir='ltr'>ἐκρινόμεθα.</span> <span class='ocrx_word' id='word_1_66' title='bbox 1592 1107 1908 1178; x_wconf 81' lang='grc' dir='ltr'>Κρινόμενοι</span> <span class='ocrx_word' id='word_1_67' title='bbox 1989 1099 2065 1172; x_wconf 76' lang='grc' dir='ltr'>δὲ,</span> 
     </span>
    </p>
   </div>
   <div class='ocr_carea' id='block_1_12' title="bbox 411 1190 2069 1268">
    <p class='ocr_par' dir='ltr' id='par_1_12' title="bbox 411 1190 2069 1268">
     <span class='ocr_line' id='line_1_12' title="bbox 411 1190 2069 1268; baseline -0.001 -20"><span class='ocrx_word' id='word_1_68' title='bbox 411 1193 514 1248; x_wconf 73' lang='grc' dir='ltr'><strong><em>ὑπὸ</em></strong></span> <span class='ocrx_word' id='word_1_69' title='bbox 571 1194 778 1268; x_wconf 78' lang='grc' dir='ltr'>Κυρίου</span> <span class='ocrx_word' id='word_1_70' title='bbox 829 1190 1224 1266; x_wconf 76' lang='grc' dir='ltr'><strong><em>παιδευόμεθα,</em></strong></span> <span class='ocrx_word' id='word_1_71' title='bbox 1280 1193 1367 1248; x_wconf 80' lang='grc' dir='ltr'>ἳνα</span> <span class='ocrx_word' id='word_1_72' title='bbox 1427 1195 1502 1266; x_wconf 79' lang='grc' dir='ltr'>μὴ</span> <span class='ocrx_word' id='word_1_73' title='bbox 1573 1191 1665 1246; x_wconf 74' lang='grc' dir='ltr'><strong><em>σὺν</em></strong></span> <span class='ocrx_word' id='word_1_74' title='bbox 1742 1198 1822 1264; x_wconf 81' lang='grc' dir='ltr'>τῷ</span> <span class='ocrx_word' id='word_1_75' title='bbox 1877 1191 2069 1265; x_wconf 85' lang='grc' dir='ltr'>κόσμῳ</span> 
     </span>
    </p>
   </div>
   <div class='ocr_carea' id='block_1_13' title="bbox 411 1279 2069 1360">
    <p class='ocr_par' dir='ltr' id='par_1_13' title="bbox 411 1279 2069 1360">
     <span class='ocr_line' id='line_1_13' title="bbox 411 1279 2069 1360; baseline -0.001 -24"><span class='ocrx_word' id='word_1_76' title='bbox 411 1283 853 1357; x_wconf 83' lang='grc' dir='ltr'><strong><em>κατακριθῶμεν.</em></strong></span> <span class='ocrx_word' id='word_1_77' title='bbox 934 1285 1116 1351; x_wconf 69' lang='lat' dir='ltr'><strong><em>&quot;ﬂore,</em></strong></span> <span class='ocrx_word' id='word_1_78' title='bbox 1206 1279 1435 1360; x_wconf 85' lang='grc' dir='ltr'>ἀδελφοί</span> <span class='ocrx_word' id='word_1_79' title='bbox 1520 1302 1646 1355; x_wconf 89' lang='grc' dir='ltr'>μου,</span> <span class='ocrx_word' id='word_1_80' title='bbox 1729 1281 2069 1356; x_wconf 85' lang='grc' dir='ltr'>συνερχόμε-</span> 
     </span>
    </p>
   </div>
   <div class='ocr_carea' id='block_1_14' title="bbox 407 1365 2069 1448">
    <p class='ocr_par' dir='ltr' id='par_1_14' title="bbox 407 1365 2069 1448">
     <span class='ocr_line' id='line_1_14' title="bbox 407 1365 2069 1448; baseline -0.001 -24"><span class='ocrx_word' id='word_1_81' title='bbox 407 1391 492 1426; x_wconf 90' lang='grc' dir='ltr'><strong><em>νοι</em></strong></span> <span class='ocrx_word' id='word_1_82' title='bbox 555 1370 632 1431; x_wconf 82' lang='grc' dir='ltr'><strong><em>εἰς</em></strong></span> <span class='ocrx_word' id='word_1_83' title='bbox 713 1371 775 1425; x_wconf 87' lang='grc' dir='ltr'>τὸ</span> <span class='ocrx_word' id='word_1_84' title='bbox 864 1376 1072 1448; x_wconf 87' lang='grc' dir='ltr'>φαγεῖν,</span> <span class='ocrx_word' id='word_1_85' title='bbox 1153 1368 1442 1440; x_wconf 78' lang='grc' dir='ltr'>ἀλλήλους</span> <span class='ocrx_word' id='word_1_86' title='bbox 1527 1367 1833 1444; x_wconf 81' lang='grc' dir='ltr'>ἐκδεχεσθε.</span> <span class='ocrx_word' id='word_1_87' title='bbox 1890 1369 1952 1425; x_wconf 83' lang='grc' dir='ltr'>Εἰ</span> <span class='ocrx_word' id='word_1_88' title='bbox 2011 1365 2069 1423; x_wconf 76' lang='grc' dir='ltr'><strong><em>δέ</em></strong></span> 
     </span>
    </p>
   </div>
   <div class='ocr_carea' id='block_1_15' title="bbox 403 1456 2070 1532">
    <p class='ocr_par' dir='ltr' id='par_1_15' title="bbox 403 1456 2070 1532">
     <span class='ocr_line' id='line_1_15' title="bbox 403 1456 2070 1532; baseline -0.002 -17"><span class='ocrx_word' id='word_1_89' title='bbox 403 1481 487 1522; x_wconf 90' lang='grc' dir='ltr'><strong><em>τις</em></strong></span> <span class='ocrx_word' id='word_1_90' title='bbox 544 1464 724 1530; x_wconf 84' lang='grc' dir='ltr'>πεινᾷ,</span> <span class='ocrx_word' id='word_1_91' title='bbox 782 1459 834 1514; x_wconf 70' lang='grc' dir='ltr'>ἐν</span> <span class='ocrx_word' id='word_1_92' title='bbox 892 1456 1031 1532; x_wconf 72' lang='grc' dir='ltr'>ο⁹ίκῳ</span> <span class='ocrx_word' id='word_1_93' title='bbox 1115 1457 1361 1528; x_wconf 75' lang='grc' dir='ltr'><strong><em>ἐσθιέτω,</em></strong></span> <span class='ocrx_word' id='word_1_94' title='bbox 1438 1456 1532 1513; x_wconf 73' lang='grc' dir='ltr'>’ίνα</span> <span class='ocrx_word' id='word_1_95' title='bbox 1620 1460 1695 1531; x_wconf 78' lang='grc' dir='ltr'>μή</span> <span class='ocrx_word' id='word_1_96' title='bbox 1753 1457 1828 1520; x_wconf 73' lang='grc' dir='ltr'><strong><em>εἷς</em></strong></span> <span class='ocrx_word' id='word_1_97' title='bbox 1894 1462 2070 1532; x_wconf 86' lang='grc' dir='ltr'>κρῖμα</span> 
     </span>
    </p>
   </div>
   <div class='ocr_carea' id='block_1_16' title="bbox 411 1543 2069 1624">
    <p class='ocr_par' dir='ltr' id='par_1_16' title="bbox 411 1543 2069 1624">
     <span class='ocr_line' id='line_1_16' title="bbox 411 1543 2069 1624; baseline -0.002 -20"><span class='ocrx_word' id='word_1_98' title='bbox 411 1550 770 1624; x_wconf 68' lang='grc' dir='ltr'><strong><em>συνέρχησθε.</em></strong></span> <span class='ocrx_word' id='word_1_99' title='bbox 855 1547 936 1606; x_wconf 86' lang='grc' dir='ltr'><strong><em>Τά</em></strong></span> <span class='ocrx_word' id='word_1_100' title='bbox 1012 1545 1069 1603; x_wconf 73' lang='grc' dir='ltr'>δὲ</span> <span class='ocrx_word' id='word_1_101' title='bbox 1154 1546 1326 1603; x_wconf 88' lang='grc' dir='ltr'>λοιπά</span> <span class='ocrx_word' id='word_1_102' title='bbox 1409 1548 1483 1610; x_wconf 85' lang='grc' dir='ltr'>ὡς</span> <span class='ocrx_word' id='word_1_103' title='bbox 1557 1544 1616 1602; x_wconf 73' lang='grc' dir='ltr'>ἄν</span> <span class='ocrx_word' id='word_1_104' title='bbox 1679 1545 1823 1610; x_wconf 76' lang='grc' dir='ltr'>ἔλθω</span> <span class='ocrx_word' id='word_1_105' title='bbox 1880 1543 2069 1602; x_wconf 85' lang='grc' dir='ltr'>διατά-</span> 
     </span>
    </p>
   </div>
   <div class='ocr_carea' id='block_1_17' title="bbox 406 1640 568 1711">
    <p class='ocr_par' dir='ltr' id='par_1_17' title="bbox 406 1640 568 1711">
     <span class='ocr_line' id='line_1_17' title="bbox 406 1640 568 1711; baseline -0.006 -18"><span class='ocrx_word' id='word_1_106' title='bbox 406 1640 568 1711; x_wconf 79' lang='grc' dir='ltr'>ξομαι</span> 
     </span>
    </p>
   </div>
   <div class='ocr_carea' id='block_1_18' title="bbox 477 1723 2067 1804">
    <p class='ocr_par' dir='ltr' id='par_1_18' title="bbox 477 1723 2067 1804">
     <span class='ocr_line' id='line_1_18' title="bbox 477 1723 2067 1804; baseline -0.001 -24"><span class='ocrx_word' id='word_1_107' title='bbox 477 1727 552 1782; x_wconf 78' lang='grc' dir='ltr'>Οὐ</span> <span class='ocrx_word' id='word_1_108' title='bbox 583 1726 730 1801; x_wconf 87' lang='grc' dir='ltr'><strong><em>παρά</em></strong></span> <span class='ocrx_word' id='word_1_109' title='bbox 757 1727 857 1796; x_wconf 77' lang='grc' dir='ltr'>τὴν</span> <span class='ocrx_word' id='word_1_110' title='bbox 919 1731 1028 1781; x_wconf 84' lang='grc' dir='ltr'><strong><em>τῶν</em></strong></span> <span class='ocrx_word' id='word_1_111' title='bbox 1095 1724 1413 1800; x_wconf 79' lang='grc' dir='ltr'>μυστηρίων</span> <span class='ocrx_word' id='word_1_112' title='bbox 1474 1723 1631 1804; x_wconf 71' lang='grc' dir='ltr'>φύσιν</span> <span class='ocrx_word' id='word_1_113' title='bbox 1691 1724 1858 1798; x_wconf 77' lang='grc' dir='ltr'>λέγει,</span> <span class='ocrx_word' id='word_1_114' title='bbox 1919 1723 2067 1779; x_wconf 89' lang='grc' dir='ltr'><strong><em>ἀλλά</em></strong></span> 
     </span>
    </p>
   </div>
   <div class='ocr_carea' id='block_1_19' title="bbox 2177 568 3834 646">
    <p class='ocr_par' dir='ltr' id='par_1_19' title="bbox 2177 568 3834 646">
     <span class='ocr_line' id='line_1_19' title="bbox 2177 568 3834 646; baseline 0.008 -25"><span class='ocrx_word' id='word_1_115' title='bbox 2177 571 2294 635; x_wconf 91' lang='lat' dir='ltr'><strong><em>tur,</em></strong></span> <span class='ocrx_word' id='word_1_116' title='bbox 2327 568 2664 642; x_wconf 89' lang='lat' dir='ltr'><strong><em>disponere.</em></strong></span> <span class='ocrx_word' id='word_1_117' title='bbox 2725 595 2752 622; x_wconf 87' lang='grc'><strong><em>‹‹</em></strong></span> <span class='ocrx_word' id='word_1_118' title='bbox 2818 575 3088 646; x_wconf 88' lang='lat' dir='ltr'><strong><em>Seipsum</em></strong></span> <span class='ocrx_word' id='word_1_119' title='bbox 3146 577 3347 632; x_wconf 85' lang='lat' dir='ltr'><strong><em>homo.</em></strong></span> <span class='ocrx_word' id='word_1_120' title='bbox 3406 600 3434 627; x_wconf 83' lang='lat'>»</span> <span class='ocrx_word' id='word_1_121' title='bbox 3495 579 3622 634; x_wconf 87' lang='lat' dir='ltr'><strong><em>Non</em></strong></span> <span class='ocrx_word' id='word_1_122' title='bbox 3680 579 3834 635; x_wconf 91' lang='lat' dir='ltr'><strong><em>alius</em></strong></span> 
     </span>
    </p>
   </div>
   <div class='ocr_carea' id='block_1_20' title="bbox 2176 656 3756 740">
    <p class='ocr_par' dir='ltr' id='par_1_20' title="bbox 2176 656 3756 740">
     <span class='ocr_line' id='line_1_20' title="bbox 2176 656 3756 740; baseline 0.008 -30"><span class='ocrx_word' id='word_1_123' title='bbox 2176 656 2383 726; x_wconf 88' lang='lat' dir='ltr'><strong><em>alium,</em></strong></span> <span class='ocrx_word' id='word_1_124' title='bbox 2417 676 2558 715; x_wconf 88' lang='lat' dir='ltr'><strong><em>nam</em></strong></span> <span class='ocrx_word' id='word_1_125' title='bbox 2589 661 2700 717; x_wconf 91' lang='lat' dir='ltr'><strong><em>hoc</em></strong></span> <span class='ocrx_word' id='word_1_126' title='bbox 2733 668 2823 717; x_wconf 90' lang='lat' dir='ltr'><strong><em>est</em></strong></span> <span class='ocrx_word' id='word_1_127' title='bbox 2843 663 3139 734; x_wconf 84' lang='lat' dir='ltr'><strong><em>judicare,</em></strong></span> <span class='ocrx_word' id='word_1_128' title='bbox 3174 667 3277 722; x_wconf 92' lang='lat' dir='ltr'><strong><em>sed</em></strong></span> <span class='ocrx_word' id='word_1_129' title='bbox 3311 667 3434 740; x_wconf 90' lang='lat' dir='ltr'><strong><em>ipse</em></strong></span> <span class='ocrx_word' id='word_1_130' title='bbox 3469 668 3756 740; x_wconf 78' lang='lat' dir='ltr'><strong><em>seipsum.</em></strong></span> 
     </span>
    </p>
   </div>
   <div class='ocr_carea' id='block_1_21' title="bbox 2245 745 3830 828">
    <p class='ocr_par' dir='ltr' id='par_1_21' title="bbox 2245 745 3830 828">
     <span class='ocr_line' id='line_1_21' title="bbox 2245 745 3830 828; baseline 0.008 -28"><span class='ocrx_word' id='word_1_131' title='bbox 2245 745 2338 810; x_wconf 88' lang='lat' dir='ltr'><strong><em>XI,</em></strong></span> <span class='ocrx_word' id='word_1_132' title='bbox 2371 751 2562 804; x_wconf 67' lang='lat'><strong><em>29-34.</em></strong></span> <span class='ocrx_word' id='word_1_133' title='bbox 2593 752 2734 806; x_wconf 87' lang='lat' dir='ltr'><strong><em>Nam</em></strong></span> <span class='ocrx_word' id='word_1_134' title='bbox 2763 754 2862 822; x_wconf 86' lang='lat' dir='ltr'><strong><em>qui</em></strong></span> <span class='ocrx_word' id='word_1_135' title='bbox 2889 752 3002 807; x_wconf 82' lang='lat' dir='ltr'><strong><em>edit</em></strong></span> <span class='ocrx_word' id='word_1_136' title='bbox 3023 760 3122 808; x_wconf 91' lang='lat' dir='ltr'><strong><em>aut</em></strong></span> <span class='ocrx_word' id='word_1_137' title='bbox 3169 755 3304 808; x_wconf 89' lang='lat' dir='ltr'><strong><em>bibit</em></strong></span> <span class='ocrx_word' id='word_1_138' title='bbox 3362 756 3614 826; x_wconf 78' lang='lat' dir='ltr'><strong><em>indigne,</em></strong></span> <span class='ocrx_word' id='word_1_139' title='bbox 3663 758 3830 828; x_wconf 79' lang='lat' dir='ltr'><strong><em>judi-</em></strong></span> 
     </span>
    </p>
   </div>
   <div class='ocr_carea' id='block_1_22' title="bbox 2173 836 3826 915">
    <p class='ocr_par' dir='ltr' id='par_1_22' title="bbox 2173 836 3826 915">
     <span class='ocr_line' id='line_1_22' title="bbox 2173 836 3826 915; baseline 0.008 -27"><span class='ocrx_word' id='word_1_140' title='bbox 2173 836 2318 890; x_wconf 88' lang='lat' dir='ltr'><strong><em>cium</em></strong></span> <span class='ocrx_word' id='word_1_141' title='bbox 2347 838 2452 891; x_wconf 88' lang='lat' dir='ltr'><strong><em>sibi</em></strong></span> <span class='ocrx_word' id='word_1_142' title='bbox 2481 837 2596 893; x_wconf 87' lang='lat' dir='ltr'><strong><em>edit</em></strong></span> <span class='ocrx_word' id='word_1_143' title='bbox 2625 856 2690 894; x_wconf 90' lang='lat' dir='ltr'><strong><em>ac</em></strong></span> <span class='ocrx_word' id='word_1_144' title='bbox 2714 841 2986 907; x_wconf 84' lang='lat' dir='ltr'><strong><em>bibit,non</em></strong></span> <span class='ocrx_word' id='word_1_145' title='bbox 3013 842 3333 911; x_wconf 83' lang='lat' dir='ltr'><strong><em>dijudicans</em></strong></span> <span class='ocrx_word' id='word_1_146' title='bbox 3366 860 3562 915; x_wconf 85' lang='lat' dir='ltr'><strong><em>corpus</em></strong></span> <span class='ocrx_word' id='word_1_147' title='bbox 3583 847 3826 901; x_wconf 80' lang='lat' dir='ltr'><strong><em>Domini.</em></strong></span> 
     </span>
    </p>
   </div>
   <div class='ocr_carea' id='block_1_23' title="bbox 2173 924 3824 1003">
    <p class='ocr_par' dir='ltr' id='par_1_23' title="bbox 2173 924 3824 1003">
     <span class='ocr_line' id='line_1_23' title="bbox 2173 924 3824 1003; baseline 0.007 -25"><span class='ocrx_word' id='word_1_148' title='bbox 2173 924 2408 996; x_wconf 83' lang='lat' dir='ltr'><strong><em>Propter</em></strong></span> <span class='ocrx_word' id='word_1_149' title='bbox 2430 927 2528 982; x_wconf 81' lang='lat' dir='ltr'><strong><em>hoc</em></strong></span> <span class='ocrx_word' id='word_1_150' title='bbox 2558 930 2718 983; x_wconf 83' lang='lat' dir='ltr'><strong><em>multi</em></strong></span> <span class='ocrx_word' id='word_1_151' title='bbox 2747 932 2893 985; x_wconf 82' lang='lat' dir='ltr'><strong><em>inter</em></strong></span> <span class='ocrx_word' id='word_1_152' title='bbox 2923 946 3014 985; x_wconf 85' lang='lat' dir='ltr'><strong><em>vos</em></strong></span> <span class='ocrx_word' id='word_1_153' title='bbox 3044 933 3255 1000; x_wconf 82' lang='lat' dir='ltr'><strong><em>inﬁrmi</em></strong></span> <span class='ocrx_word' id='word_1_154' title='bbox 3283 938 3408 987; x_wconf 90' lang='lat' dir='ltr'><strong><em>sunt</em></strong></span> <span class='ocrx_word' id='word_1_155' title='bbox 3429 949 3491 988; x_wconf 91' lang='lat' dir='ltr'><strong><em>ac</em></strong></span> <span class='ocrx_word' id='word_1_156' title='bbox 3509 933 3824 1003; x_wconf 80' lang='lat' dir='ltr'><strong><em>imbecilles,</em></strong></span> 
     </span>
    </p>
   </div>
   <div class='ocr_carea' id='block_1_24' title="bbox 2177 1017 3824 1093">
    <p class='ocr_par' dir='ltr' id='par_1_24' title="bbox 2177 1017 3824 1093">
     <span class='ocr_line' id='line_1_24' title="bbox 2177 1017 3824 1093; baseline 0.006 -24"><span class='ocrx_word' id='word_1_157' title='bbox 2177 1021 2228 1070; x_wconf 90' lang='lat' dir='ltr'><strong><em>et</em></strong></span> <span class='ocrx_word' id='word_1_158' title='bbox 2285 1017 2564 1072; x_wconf 78' lang='lat' dir='ltr'><strong><em>dormiunt</em></strong></span> <span class='ocrx_word' id='word_1_159' title='bbox 2619 1020 2800 1074; x_wconf 89' lang='lat' dir='ltr'><strong><em>multi.</em></strong></span> <span class='ocrx_word' id='word_1_160' title='bbox 2861 1021 3079 1076; x_wconf 85' lang='lat' dir='ltr'><strong><em>Etenim</em></strong></span> <span class='ocrx_word' id='word_1_161' title='bbox 3136 1024 3184 1076; x_wconf 88' lang='lat' dir='ltr'><strong><em>si</em></strong></span> <span class='ocrx_word' id='word_1_162' title='bbox 3239 1039 3337 1078; x_wconf 89' lang='lat' dir='ltr'><strong><em>nos</em></strong></span> <span class='ocrx_word' id='word_1_163' title='bbox 3389 1024 3532 1092; x_wconf 78' lang='lat' dir='ltr'><strong><em>ipsos</em></strong></span> <span class='ocrx_word' id='word_1_164' title='bbox 3611 1023 3824 1093; x_wconf 81' lang='lat' dir='ltr'><strong><em>dijudi-</em></strong></span> 
     </span>
    </p>
   </div>
   <div class='ocr_carea' id='block_1_25' title="bbox 2176 1111 3826 1183">
    <p class='ocr_par' dir='ltr' id='par_1_25' title="bbox 2176 1111 3826 1183">
     <span class='ocr_line' id='line_1_25' title="bbox 2176 1111 3826 1183; baseline 0.005 -24"><span class='ocrx_word' id='word_1_165' title='bbox 2176 1121 2444 1174; x_wconf 88' lang='lat' dir='ltr'><strong><em>caremus,</em></strong></span> <span class='ocrx_word' id='word_1_166' title='bbox 2476 1123 2828 1179; x_wconf 87' lang='lat' dir='ltr'><strong><em>nequaquam</em></strong></span> <span class='ocrx_word' id='word_1_167' title='bbox 2862 1111 3270 1180; x_wconf 81' lang='lat' dir='ltr'><strong><em>judicaremur.</em></strong></span> <span class='ocrx_word' id='word_1_168' title='bbox 3334 1113 3466 1166; x_wconf 89' lang='lat' dir='ltr'><strong><em>Cum</em></strong></span> <span class='ocrx_word' id='word_1_169' title='bbox 3522 1120 3706 1167; x_wconf 89' lang='lat' dir='ltr'><strong><em>autem</em></strong></span> <span class='ocrx_word' id='word_1_170' title='bbox 3726 1115 3826 1183; x_wconf 89' lang='lat' dir='ltr'><strong><em>ju-</em></strong></span> 
     </span>
    </p>
   </div>
   <div class='ocr_carea' id='block_1_26' title="bbox 2172 1193 3827 1270">
    <p class='ocr_par' dir='ltr' id='par_1_26' title="bbox 2172 1193 3827 1270">
     <span class='ocr_line' id='line_1_26' title="bbox 2172 1193 3827 1270; baseline 0.005 -23"><span class='ocrx_word' id='word_1_171' title='bbox 2172 1193 2443 1265; x_wconf 85' lang='lat' dir='ltr'><strong><em>dicamur,</em></strong></span> <span class='ocrx_word' id='word_1_172' title='bbox 2476 1214 2512 1251; x_wconf 90' lang='lat' dir='ltr'><strong><em>a</em></strong></span> <span class='ocrx_word' id='word_1_173' title='bbox 2541 1199 2774 1253; x_wconf 89' lang='lat' dir='ltr'><strong><em>Domino</em></strong></span> <span class='ocrx_word' id='word_1_174' title='bbox 2796 1201 3150 1270; x_wconf 81' lang='lat' dir='ltr'><strong><em>corripimur,</em></strong></span> <span class='ocrx_word' id='word_1_175' title='bbox 3178 1217 3248 1254; x_wconf 91' lang='lat' dir='ltr'><strong><em>ne</em></strong></span> <span class='ocrx_word' id='word_1_176' title='bbox 3277 1217 3400 1255; x_wconf 88' lang='lat' dir='ltr'><strong><em>cum</em></strong></span> <span class='ocrx_word' id='word_1_177' title='bbox 3451 1203 3657 1256; x_wconf 86' lang='lat' dir='ltr'><strong><em>mundo</em></strong></span> <span class='ocrx_word' id='word_1_178' title='bbox 3700 1219 3827 1256; x_wconf 85' lang='lat' dir='ltr'><strong><em>con-</em></strong></span> 
     </span>
    </p>
   </div>
   <div class='ocr_carea' id='block_1_27' title="bbox 2173 1283 3829 1360">
    <p class='ocr_par' dir='ltr' id='par_1_27' title="bbox 2173 1283 3829 1360">
     <span class='ocr_line' id='line_1_27' title="bbox 2173 1283 3829 1360; baseline 0.005 -24"><span class='ocrx_word' id='word_1_179' title='bbox 2173 1283 2511 1342; x_wconf 80' lang='lat' dir='ltr'><strong><em>demnemur.</em></strong></span> <span class='ocrx_word' id='word_1_180' title='bbox 2549 1288 2760 1357; x_wconf 87' lang='lat' dir='ltr'><strong><em>Itaque,</em></strong></span> <span class='ocrx_word' id='word_1_181' title='bbox 2817 1291 3020 1357; x_wconf 78' lang='lat' dir='ltr'><strong><em>fratres</em></strong></span> <span class='ocrx_word' id='word_1_182' title='bbox 3077 1292 3206 1360; x_wconf 89' lang='lat' dir='ltr'><strong><em>mei,</em></strong></span> <span class='ocrx_word' id='word_1_183' title='bbox 3260 1307 3382 1344; x_wconf 90' lang='lat' dir='ltr'><strong><em>cum</em></strong></span> <span class='ocrx_word' id='word_1_184' title='bbox 3439 1291 3513 1345; x_wconf 88' lang='lat' dir='ltr'><strong><em>ad</em></strong></span> <span class='ocrx_word' id='word_1_185' title='bbox 3559 1291 3829 1346; x_wconf 85' lang='lat' dir='ltr'><strong><em>edendum</em></strong></span> 
     </span>
    </p>
   </div>
   <div class='ocr_carea' id='block_1_28' title="bbox 2173 1373 3830 1449">
    <p class='ocr_par' dir='ltr' id='par_1_28' title="bbox 2173 1373 3830 1449">
     <span class='ocr_line' id='line_1_28' title="bbox 2173 1373 3830 1449; baseline 0.006 -24"><span class='ocrx_word' id='word_1_186' title='bbox 2173 1373 2498 1441; x_wconf 84' lang='lat' dir='ltr'><strong><em>convenitis,</em></strong></span> <span class='ocrx_word' id='word_1_187' title='bbox 2536 1377 2768 1431; x_wconf 87' lang='lat' dir='ltr'><strong><em>invicem</em></strong></span> <span class='ocrx_word' id='word_1_188' title='bbox 2797 1394 2888 1433; x_wconf 82' lang='lat' dir='ltr'><strong><em>vos</em></strong></span> <span class='ocrx_word' id='word_1_189' title='bbox 2917 1384 3246 1448; x_wconf 65' lang='lat' dir='ltr'><strong><em>exspectate.</em></strong></span> <span class='ocrx_word' id='word_1_190' title='bbox 3282 1380 3440 1443; x_wconf 85' lang='lat' dir='ltr'><strong><em>Quod</em></strong></span> <span class='ocrx_word' id='word_1_191' title='bbox 3466 1381 3514 1434; x_wconf 88' lang='lat' dir='ltr'><strong><em>si</em></strong></span> <span class='ocrx_word' id='word_1_192' title='bbox 3542 1382 3667 1449; x_wconf 84' lang='lat' dir='ltr'><strong><em>quis</em></strong></span> <span class='ocrx_word' id='word_1_193' title='bbox 3706 1397 3830 1436; x_wconf 89' lang='lat' dir='ltr'><strong><em>esu-</em></strong></span> 
     </span>
    </p>
   </div>
   <div class='ocr_carea' id='block_1_29' title="bbox 2170 1462 3824 1534">
    <p class='ocr_par' dir='ltr' id='par_1_29' title="bbox 2170 1462 3824 1534">
     <span class='ocr_line' id='line_1_29' title="bbox 2170 1462 3824 1534; baseline 0.005 -20"><span class='ocrx_word' id='word_1_194' title='bbox 2170 1462 2268 1527; x_wconf 83' lang='lat' dir='ltr'><strong><em>rit,</em></strong></span> <span class='ocrx_word' id='word_1_195' title='bbox 2303 1463 2452 1517; x_wconf 83' lang='lat' dir='ltr'><strong><em>domi</em></strong></span> <span class='ocrx_word' id='word_1_196' title='bbox 2481 1465 2625 1534; x_wconf 86' lang='lat' dir='ltr'><strong><em>edat,</em></strong></span> <span class='ocrx_word' id='word_1_197' title='bbox 2659 1481 2726 1520; x_wconf 92' lang='lat' dir='ltr'><strong><em>ne</em></strong></span> <span class='ocrx_word' id='word_1_198' title='bbox 2767 1466 2842 1519; x_wconf 89' lang='lat' dir='ltr'><strong><em>ad</em></strong></span> <span class='ocrx_word' id='word_1_199' title='bbox 2895 1468 3404 1522; x_wconf 84' lang='lat' dir='ltr'><strong><em>condemnationem</em></strong></span> <span class='ocrx_word' id='word_1_200' title='bbox 3463 1470 3824 1523; x_wconf 85' lang='lat' dir='ltr'><strong><em>conveniatis.</em></strong></span> 
     </span>
    </p>
   </div>
   <div class='ocr_carea' id='block_1_30' title="bbox 2172 1548 3259 1626">
    <p class='ocr_par' dir='ltr' id='par_1_30' title="bbox 2172 1548 3259 1626">
     <span class='ocr_line' id='line_1_30' title="bbox 2172 1548 3259 1626; baseline 0.006 -21"><span class='ocrx_word' id='word_1_201' title='bbox 2172 1548 2389 1606; x_wconf 73' lang='lat' dir='ltr'><strong><em>Caetera</em></strong></span> <span class='ocrx_word' id='word_1_202' title='bbox 2417 1569 2544 1606; x_wconf 80' lang='lat' dir='ltr'><strong><em>vero</em></strong></span> <span class='ocrx_word' id='word_1_203' title='bbox 2575 1569 2695 1608; x_wconf 91' lang='lat' dir='ltr'><strong><em>cum</em></strong></span> <span class='ocrx_word' id='word_1_204' title='bbox 2723 1570 2919 1610; x_wconf 83' lang='lat' dir='ltr'><strong><em>venero</em></strong></span> <span class='ocrx_word' id='word_1_205' title='bbox 2947 1555 3259 1626; x_wconf 84' lang='lat' dir='ltr'><strong><em>disponam.</em></strong></span> 
     </span>
    </p>
   </div>
   <div class='ocr_carea' id='block_1_31' title="bbox 2243 1721 3826 1796">
    <p class='ocr_par' dir='ltr' id='par_1_31' title="bbox 2243 1721 3826 1796">
     <span class='ocr_line' id='line_1_31' title="bbox 2243 1721 3826 1796; baseline 0.002 -21"><span class='ocrx_word' id='word_1_206' title='bbox 2243 1721 2367 1776; x_wconf 88' lang='lat' dir='ltr'><strong><em>Non</em></strong></span> <span class='ocrx_word' id='word_1_207' title='bbox 2399 1727 2642 1794; x_wconf 84' lang='lat' dir='ltr'><strong><em>preptor</em></strong></span> <span class='ocrx_word' id='word_1_208' title='bbox 2658 1725 3077 1796; x_wconf 81' lang='lat' dir='ltr'><strong><em>mysteriorum</em></strong></span> <span class='ocrx_word' id='word_1_209' title='bbox 3102 1731 3378 1781; x_wconf 89' lang='lat' dir='ltr'><strong><em>naturam</em></strong></span> <span class='ocrx_word' id='word_1_210' title='bbox 3397 1726 3525 1781; x_wconf 66' lang='lat' dir='ltr'><strong><em>base</em></strong></span> <span class='ocrx_word' id='word_1_211' title='bbox 3549 1723 3826 1794; x_wconf 89' lang='lat' dir='ltr'><strong><em>dicit,sed</em></strong></span> 
     </span>
    </p>
   </div>
   <div class='ocr_carea' id='block_1_32' title="bbox 411 1811 2056 1894">
    <p class='ocr_par' dir='ltr' id='par_1_32' title="bbox 411 1811 2056 1891">
     <span class='ocr_line' id='line_1_32' title="bbox 411 1811 2056 1891; baseline -0.001 -21"><span class='ocrx_word' id='word_1_212' title='bbox 411 1816 555 1891; x_wconf 77' lang='grc' dir='ltr'>παρὰ</span> <span class='ocrx_word' id='word_1_213' title='bbox 603 1815 1102 1890; x_wconf 71' lang='grc' dir='ltr'>τῶνπροσιόπων</span> <span class='ocrx_word' id='word_1_214' title='bbox 1163 1813 1509 1887; x_wconf 79' lang='grc' dir='ltr'>ἀναξιότητα.</span> <span class='ocrx_word' id='word_1_215' title='bbox 1569 1838 1596 1865; x_wconf 89' lang='grc'><strong><em>‹‹</em></strong></span> <span class='ocrx_word' id='word_1_216' title='bbox 1629 1815 1718 1882; x_wconf 73' lang='grc' dir='ltr'><strong><em>Μὴ</em></strong></span> <span class='ocrx_word' id='word_1_217' title='bbox 1775 1811 2056 1888; x_wconf 85' lang='grc' dir='ltr'>διακρίνων</span> 
     </span>
    </p>
   </div>
   <div class='ocr_carea' id='block_1_33' title="bbox 2168 1811 3826 1894">
    <p class='ocr_par' dir='ltr' id='par_1_33' title="bbox 2170 1813 3826 1883">
     <span class='ocr_line' id='line_1_33' title="bbox 2170 1813 3826 1883; baseline 0.004 -18"><span class='ocrx_word' id='word_1_218' title='bbox 2170 1817 2411 1883; x_wconf 79' lang='lat' dir='ltr'><strong><em>propter</em></strong></span> <span class='ocrx_word' id='word_1_219' title='bbox 2441 1813 2850 1870; x_wconf 86' lang='lat' dir='ltr'><strong><em>accedentium</em></strong></span> <span class='ocrx_word' id='word_1_220' title='bbox 2910 1816 3344 1872; x_wconf 79' lang='lat' dir='ltr'><strong><em>infirmitatem.</em></strong></span> <span class='ocrx_word' id='word_1_221' title='bbox 3403 1817 3559 1874; x_wconf 73' lang='lat'><strong><em>538</em></strong></span> <span class='ocrx_word' id='word_1_222' title='bbox 3619 1839 3646 1865; x_wconf 88' lang='lat'>«</span> <span class='ocrx_word' id='word_1_223' title='bbox 3699 1818 3826 1871; x_wconf 86' lang='lat' dir='ltr'><strong><em>Non</em></strong></span> 
     </span>
    </p>
   </div>
   <div class='ocr_carea' id='block_1_34' title="bbox 409 1900 2060 1979">
    <p class='ocr_par' dir='ltr' id='par_1_34' title="bbox 409 1900 2060 1979">
     <span class='ocr_line' id='line_1_34' title="bbox 409 1900 2060 1979; baseline -0.003 -18"><span class='ocrx_word' id='word_1_224' title='bbox 409 1905 472 1961; x_wconf 88' lang='grc' dir='ltr'>τὸ</span> <span class='ocrx_word' id='word_1_225' title='bbox 505 1909 659 1978; x_wconf 89' lang='grc' dir='ltr'>σῶμα</span> <span class='ocrx_word' id='word_1_226' title='bbox 678 1908 777 1960; x_wconf 80' lang='grc' dir='ltr'><strong><em>τοῦ</em></strong></span> <span class='ocrx_word' id='word_1_227' title='bbox 811 1904 1030 1979; x_wconf 84' lang='grc' dir='ltr'>Κυρίου.</span> <span class='ocrx_word' id='word_1_228' title='bbox 1069 1927 1096 1954; x_wconf 88' lang='grc'><strong>››</strong></span> <span class='ocrx_word' id='word_1_229' title='bbox 1145 1904 1422 1972; x_wconf 78' lang='grc' dir='ltr'>Τουτὲστι,</span> <span class='ocrx_word' id='word_1_230' title='bbox 1479 1903 1555 1976; x_wconf 79' lang='grc' dir='ltr'>μὴ</span> <span class='ocrx_word' id='word_1_231' title='bbox 1605 1900 1864 1972; x_wconf 80' lang='grc' dir='ltr'>ἐξετάζων</span> <span class='ocrx_word' id='word_1_232' title='bbox 1919 1900 2060 1975; x_wconf 78' lang='grc' dir='ltr'>μηδὲ.</span> 
     </span>
    </p>
   </div>
   <div class='ocr_carea' id='block_1_35' title="bbox 409 1990 2060 2068">
    <p class='ocr_par' dir='ltr' id='par_1_35' title="bbox 409 1990 2060 2068">
     <span class='ocr_line' id='line_1_35' title="bbox 409 1990 2060 2068; baseline -0.001 -21"><span class='ocrx_word' id='word_1_233' title='bbox 409 1991 602 2048; x_wconf 80' lang='grc' dir='ltr'>ἐννοῶν</span> <span class='ocrx_word' id='word_1_234' title='bbox 633 1998 742 2048; x_wconf 92' lang='grc' dir='ltr'><strong><em>τῶν</em></strong></span> <span class='ocrx_word' id='word_1_235' title='bbox 807 1993 1182 2068; x_wconf 80' lang='grc' dir='ltr'>προκειμένων</span> <span class='ocrx_word' id='word_1_236' title='bbox 1239 1992 1304 2047; x_wconf 89' lang='grc' dir='ltr'>τὸ</span> <span class='ocrx_word' id='word_1_237' title='bbox 1365 1990 1606 2067; x_wconf 83' lang='grc' dir='ltr'>μέγεθος.</span> <span class='ocrx_word' id='word_1_238' title='bbox 1666 1991 1730 2045; x_wconf 81' lang='grc' dir='ltr'>Εἰ</span> <span class='ocrx_word' id='word_1_239' title='bbox 1787 1990 1891 2067; x_wconf 80' lang='grc' dir='ltr'><strong><em>γὰρ</em></strong></span> <span class='ocrx_word' id='word_1_240' title='bbox 1954 1991 2060 2064; x_wconf 82' lang='grc' dir='ltr'>μά-</span> 
     </span>
    </p>
   </div>
   <div class='ocr_carea' id='block_1_36' title="bbox 406 2075 2060 2156">
    <p class='ocr_par' dir='ltr' id='par_1_36' title="bbox 406 2075 2060 2156">
     <span class='ocr_line' id='line_1_36' title="bbox 406 2075 2060 2156; baseline -0.001 -20"><span class='ocrx_word' id='word_1_241' title='bbox 406 2093 618 2156; x_wconf 88' lang='grc' dir='ltr'>θοιμεν,</span> <span class='ocrx_word' id='word_1_242' title='bbox 649 2080 734 2144; x_wconf 86' lang='grc' dir='ltr'><strong><em>τίς</em></strong></span> <span class='ocrx_word' id='word_1_243' title='bbox 765 2079 899 2136; x_wconf 79' lang='grc' dir='ltr'>ποτέ</span> <span class='ocrx_word' id='word_1_244' title='bbox 939 2080 1080 2136; x_wconf 81' lang='grc' dir='ltr'>ἐστιν</span> <span class='ocrx_word' id='word_1_245' title='bbox 1141 2081 1168 2135; x_wconf 74' lang='grc' dir='ltr'>ὁ</span> <span class='ocrx_word' id='word_1_246' title='bbox 1225 2080 1608 2155; x_wconf 84' lang='grc' dir='ltr'>προκείμενος,</span> <span class='ocrx_word' id='word_1_247' title='bbox 1669 2077 1731 2134; x_wconf 79' lang='grc' dir='ltr'>οὐ</span> <span class='ocrx_word' id='word_1_248' title='bbox 1791 2075 2060 2150; x_wconf 85' lang='grc' dir='ltr'>δεηθησό-</span> 
     </span>
    </p>
   </div>
   <div class='ocr_carea' id='block_1_37' title="bbox 406 2168 2056 2246">
    <p class='ocr_par' dir='ltr' id='par_1_37' title="bbox 406 2168 2056 2246">
     <span class='ocr_line' id='line_1_37' title="bbox 406 2168 2056 2246; baseline -0.001 -22"><span class='ocrx_word' id='word_1_249' title='bbox 406 2171 542 2242; x_wconf 85' lang='grc' dir='ltr'>μεθα</span> <span class='ocrx_word' id='word_1_250' title='bbox 573 2170 783 2246; x_wconf 66' lang='grc' dir='ltr'>ἑτέρου,</span> <span class='ocrx_word' id='word_1_251' title='bbox 827 2168 952 2226; x_wconf 82' lang='grc' dir='ltr'>ἀλλ’</span> <span class='ocrx_word' id='word_1_252' title='bbox 1013 2169 1146 2225; x_wconf 85' lang='grc' dir='ltr'>αὐτὸ</span> <span class='ocrx_word' id='word_1_253' title='bbox 1198 2172 1359 2224; x_wconf 78' lang='grc' dir='ltr'>τοῦτο</span> <span class='ocrx_word' id='word_1_254' title='bbox 1417 2171 1567 2241; x_wconf 77' lang='grc' dir='ltr'>ἡμᾶς</span> <span class='ocrx_word' id='word_1_255' title='bbox 1623 2169 1813 2240; x_wconf 75' lang='grc' dir='ltr'>νήφειν</span> <span class='ocrx_word' id='word_1_256' title='bbox 1871 2187 2056 2241; x_wconf 89' lang='grc' dir='ltr'>παρα-</span> 
     </span>
    </p>
   </div>
   <div class='ocr_carea' id='block_1_38' title="bbox 403 2256 2054 2328">
    <p class='ocr_par' dir='ltr' id='par_1_38' title="bbox 403 2256 2054 2328">
     <span class='ocr_line' id='line_1_38' title="bbox 403 2256 2054 2328; baseline -0.001 -14"><span class='ocrx_word' id='word_1_257' title='bbox 403 2259 670 2315; x_wconf 85' lang='grc' dir='ltr'>σκευάσει.</span> <span class='ocrx_word' id='word_1_258' title='bbox 710 2281 732 2309; x_wconf 75' lang='grc' dir='ltr'>ι</span> <span class='ocrx_word' id='word_1_259' title='bbox 763 2260 860 2314; x_wconf 86' lang='grc' dir='ltr'>Διά</span> <span class='ocrx_word' id='word_1_260' title='bbox 903 2263 1066 2314; x_wconf 81' lang='grc' dir='ltr'>τοῦτο</span> <span class='ocrx_word' id='word_1_261' title='bbox 1122 2256 1330 2314; x_wconf 85' lang='grc' dir='ltr'>πολλοὶ</span> <span class='ocrx_word' id='word_1_262' title='bbox 1387 2257 1641 2328; x_wconf 80' lang='grc' dir='ltr'>ἀσθενεῖς,</span> <span class='ocrx_word' id='word_1_263' title='bbox 1698 2256 1790 2311; x_wconf 89' lang='grc' dir='ltr'>καὶ</span> <span class='ocrx_word' id='word_1_264' title='bbox 1848 2256 2054 2312; x_wconf 83' lang='grc' dir='ltr'>πολλοὶ</span> 
     </span>
    </p>
   </div>
   <div class='ocr_carea' id='block_1_39' title="bbox 399 2346 2057 2423">
    <p class='ocr_par' dir='ltr' id='par_1_39' title="bbox 399 2346 2057 2423">
     <span class='ocr_line' id='line_1_39' title="bbox 399 2346 2057 2423; baseline -0.004 -17"><span class='ocrx_word' id='word_1_265' title='bbox 399 2355 733 2423; x_wconf 78' lang='grc' dir='ltr'>κοιμῶνται.</span> <span class='ocrx_word' id='word_1_266' title='bbox 797 2373 826 2401; x_wconf 83' lang='lat'><strong>»</strong></span> <span class='ocrx_word' id='word_1_267' title='bbox 885 2349 983 2403; x_wconf 89' lang='grc' dir='ltr'>Διά</span> <span class='ocrx_word' id='word_1_268' title='bbox 1037 2353 1223 2418; x_wconf 76' lang='grc' dir='ltr'>τοῦτο,</span> <span class='ocrx_word' id='word_1_269' title='bbox 1281 2352 1482 2414; x_wconf 87' lang='grc' dir='ltr'>ποῖον;</span> <span class='ocrx_word' id='word_1_270' title='bbox 1542 2347 1639 2401; x_wconf 82' lang='grc' dir='ltr'>Διά</span> <span class='ocrx_word' id='word_1_271' title='bbox 1702 2347 1765 2401; x_wconf 87' lang='grc' dir='ltr'>τὸ</span> <span class='ocrx_word' id='word_1_272' title='bbox 1825 2346 2057 2417; x_wconf 80' lang='grc' dir='ltr'>ἀναξίως</span> 
     </span>
    </p>
   </div>
   <div class='ocr_carea' id='block_1_40' title="bbox 396 2433 2055 2514">
    <p class='ocr_par' dir='ltr' id='par_1_40' title="bbox 396 2433 2055 2514">
     <span class='ocr_line' id='line_1_40' title="bbox 396 2433 2055 2514; baseline -0.003 -20"><span class='ocrx_word' id='word_1_273' title='bbox 396 2439 702 2514; x_wconf 84' lang='grc' dir='ltr'>προσιέναι.</span> <span class='ocrx_word' id='word_1_274' title='bbox 750 2437 811 2492; x_wconf 87' lang='grc' dir='ltr'>Τί</span> <span class='ocrx_word' id='word_1_275' title='bbox 870 2437 984 2507; x_wconf 80' lang='grc' dir='ltr'>οὗν,</span> <span class='ocrx_word' id='word_1_276' title='bbox 1045 2434 1190 2492; x_wconf 69' lang='grc' dir='ltr'>εἴποι</span> <span class='ocrx_word' id='word_1_277' title='bbox 1248 2456 1351 2507; x_wconf 90' lang='grc' dir='ltr'>τις,</span> <span class='ocrx_word' id='word_1_278' title='bbox 1407 2435 1460 2490; x_wconf 77' lang='grc' dir='ltr'>οἱ</span> <span class='ocrx_word' id='word_1_279' title='bbox 1517 2433 1884 2510; x_wconf 82' lang='grc' dir='ltr'>γηράσκοντες</span> <span class='ocrx_word' id='word_1_280' title='bbox 1946 2435 2055 2514; x_wconf 80' lang='grc' dir='ltr'><strong><em>οὐχ</em></strong></span> 
     </span>
    </p>
   </div>
   <div class='ocr_carea' id='block_1_41' title="bbox 399 2525 2050 2603">
    <p class='ocr_par' dir='ltr' id='par_1_41' title="bbox 399 2525 2050 2603">
     <span class='ocr_line' id='line_1_41' title="bbox 399 2525 2050 2603; baseline -0.004 -19"><span class='ocrx_word' id='word_1_281' title='bbox 399 2530 820 2603; x_wconf 75' lang='grc' dir='ltr'>ἁμαρτάνουσιν,</span> <span class='ocrx_word' id='word_1_282' title='bbox 879 2526 995 2582; x_wconf 79' lang='grc' dir='ltr'>ἐπεὶ</span> <span class='ocrx_word' id='word_1_283' title='bbox 1058 2526 1133 2600; x_wconf 77' lang='grc' dir='ltr'>μή</span> <span class='ocrx_word' id='word_1_284' title='bbox 1187 2530 1493 2598; x_wconf 81' lang='grc' dir='ltr'>κοιμῶνται</span> <span class='ocrx_word' id='word_1_285' title='bbox 1549 2525 1846 2599; x_wconf 89' lang='grc' dir='ltr'>πρόωροι;</span> <span class='ocrx_word' id='word_1_286' title='bbox 1927 2525 2050 2594; x_wconf 83' lang='grc' dir='ltr'>Ναὶ,</span> 
     </span>
    </p>
   </div>
   <div class='ocr_carea' id='block_1_42' title="bbox 398 2611 2050 2696">
    <p class='ocr_par' dir='ltr' id='par_1_42' title="bbox 398 2611 2050 2696">
     <span class='ocr_line' id='line_1_42' title="bbox 398 2611 2050 2696; baseline -0.002 -24"><span class='ocrx_word' id='word_1_287' title='bbox 398 2615 749 2696; x_wconf 71' lang='grc' dir='ltr'>φησὶν,ἀλλ²</span> <span class='ocrx_word' id='word_1_288' title='bbox 781 2615 888 2694; x_wconf 84' lang='grc' dir='ltr'><strong><em>οὐχ</em></strong></span> <span class='ocrx_word' id='word_1_289' title='bbox 933 2616 1071 2685; x_wconf 79' lang='grc' dir='ltr'>αὕτη</span> <span class='ocrx_word' id='word_1_290' title='bbox 1129 2614 1270 2688; x_wconf 90' lang='grc' dir='ltr'>μόνη</span> <span class='ocrx_word' id='word_1_291' title='bbox 1331 2611 1689 2674; x_wconf 85' lang='grc' dir='ltr'>ἀνταπόδοσις</span> <span class='ocrx_word' id='word_1_292' title='bbox 1745 2619 1864 2675; x_wconf 90' lang='grc' dir='ltr'>τοῖς</span> <span class='ocrx_word' id='word_1_293' title='bbox 1919 2613 2050 2668; x_wconf 64' lang='grc' dir='ltr'>ἀναν</span> 
     </span>
    </p>
   </div>
   <div class='ocr_carea' id='block_1_43' title="bbox 396 2699 2051 2782">
    <p class='ocr_par' dir='ltr' id='par_1_43' title="bbox 396 2699 2051 2782">
     <span class='ocr_line' id='line_1_43' title="bbox 396 2699 2051 2782; baseline -0.004 -20"><span class='ocrx_word' id='word_1_294' title='bbox 396 2708 526 2777; x_wconf 82' lang='grc' dir='ltr'>ξίως</span> <span class='ocrx_word' id='word_1_295' title='bbox 566 2709 880 2782; x_wconf 81' lang='grc' dir='ltr'>προσιοῦσι,</span> <span class='ocrx_word' id='word_1_296' title='bbox 937 2705 1000 2759; x_wconf 91' lang='grc' dir='ltr'>τὸ</span> <span class='ocrx_word' id='word_1_297' title='bbox 1059 2705 1418 2774; x_wconf 72' lang='grc' dir='ltr'>ἀποθνήσκειν</span> <span class='ocrx_word' id='word_1_298' title='bbox 1475 2703 1581 2776; x_wconf 90' lang='grc' dir='ltr'><strong><em>πρὸ</em></strong></span> <span class='ocrx_word' id='word_1_299' title='bbox 1644 2707 1866 2776; x_wconf 79' lang='grc' dir='ltr'>καιροῦ,</span> <span class='ocrx_word' id='word_1_300' title='bbox 1924 2699 2051 2757; x_wconf 87' lang='grc' dir='ltr'>ἀλλ’</span> 
     </span>
    </p>
   </div>
   <div class='ocr_carea' id='block_1_44' title="bbox 398 2789 2050 2869">
    <p class='ocr_par' dir='ltr' id='par_1_44' title="bbox 398 2789 2050 2869">
     <span class='ocr_line' id='line_1_44' title="bbox 398 2789 2050 2869; baseline -0.004 -18"><span class='ocrx_word' id='word_1_301' title='bbox 398 2795 502 2852; x_wconf 80' lang='grc' dir='ltr'>εἰσὶ</span> <span class='ocrx_word' id='word_1_302' title='bbox 531 2801 622 2851; x_wconf 84' lang='grc' dir='ltr'><strong>καί</strong></span> <span class='ocrx_word' id='word_1_303' title='bbox 651 2794 764 2850; x_wconf 82' lang='grc' dir='ltr'>ἐκεῖ</span> <span class='ocrx_word' id='word_1_304' title='bbox 792 2792 1184 2869; x_wconf 86' lang='grc' dir='ltr'>χαλεπώταται</span> <span class='ocrx_word' id='word_1_305' title='bbox 1227 2791 1512 2867; x_wconf 89' lang='grc' dir='ltr'>τιμωρίαι.</span> <span class='ocrx_word' id='word_1_306' title='bbox 1572 2793 1650 2848; x_wconf 89' lang='grc' dir='ltr'><strong><em>Τὸ</em></strong></span> <span class='ocrx_word' id='word_1_307' title='bbox 1709 2789 1788 2860; x_wconf 76' lang='grc' dir='ltr'>δὲ,</span> <span class='ocrx_word' id='word_1_308' title='bbox 1848 2789 2050 2860; x_wconf 77' lang='grc' dir='ltr'>ἱκανοὶ,</span> 
     </span>
    </p>
   </div>
   <div class='ocr_carea' id='block_1_45' title="bbox 394 2880 2052 2954">
    <p class='ocr_par' dir='ltr' id='par_1_45' title="bbox 394 2880 2052 2954">
     <span class='ocr_line' id='line_1_45' title="bbox 394 2880 2052 2954; baseline -0.002 -14"><span class='ocrx_word' id='word_1_309' title='bbox 394 2885 538 2946; x_wconf 72' lang='grc' dir='ltr'>τινες</span> <span class='ocrx_word' id='word_1_310' title='bbox 595 2885 712 2940; x_wconf 80' lang='grc' dir='ltr'>ἀντὶ</span> <span class='ocrx_word' id='word_1_311' title='bbox 768 2889 888 2952; x_wconf 79' lang='grc' dir='ltr'>τοῦ,</span> <span class='ocrx_word' id='word_1_312' title='bbox 967 2881 1198 2951; x_wconf 83' lang='grc' dir='ltr'>πολλοὶ,</span> <span class='ocrx_word' id='word_1_313' title='bbox 1253 2881 1505 2954; x_wconf 79' lang='grc' dir='ltr'>ἐνόησαν,</span> <span class='ocrx_word' id='word_1_314' title='bbox 1562 2880 1862 2953; x_wconf 80' lang='grc' dir='ltr'>τουτέστιν,</span> <span class='ocrx_word' id='word_1_315' title='bbox 1923 2882 2052 2953; x_wconf 82' lang='grc' dir='ltr'><strong><em>Ἀρ-</em></strong></span> 
     </span>
    </p>
   </div>
   <div class='ocr_carea' id='block_1_46' title="bbox 394 2967 2053 3046">
    <p class='ocr_par' dir='ltr' id='par_1_46' title="bbox 394 2967 2053 3046">
     <span class='ocr_line' id='line_1_46' title="bbox 394 2967 2053 3046; baseline -0.005 -16"><span class='ocrx_word' id='word_1_316' title='bbox 394 2974 544 3030; x_wconf 86' lang='grc' dir='ltr'>κετοὶ</span> <span class='ocrx_word' id='word_1_317' title='bbox 591 2973 672 3035; x_wconf 76' lang='grc' dir='ltr'>εἷς</span> <span class='ocrx_word' id='word_1_318' title='bbox 728 2976 890 3028; x_wconf 79' lang='grc' dir='ltr'>τοῦτο</span> <span class='ocrx_word' id='word_1_319' title='bbox 949 2967 1209 3028; x_wconf 83' lang='grc' dir='ltr'>ἀπέθανόν</span> <span class='ocrx_word' id='word_1_320' title='bbox 1263 2991 1420 3032; x_wconf 88' lang='grc' dir='ltr'>τινες,</span> <span class='ocrx_word' id='word_1_321' title='bbox 1481 2995 1509 3021; x_wconf 93' lang='grc'><strong><em>‹‹</em></strong></span> <span class='ocrx_word' id='word_1_322' title='bbox 1568 2969 1632 3028; x_wconf 80' lang='grc' dir='ltr'><strong><em>Εἰ</em></strong></span> <span class='ocrx_word' id='word_1_323' title='bbox 1672 2970 1772 3046; x_wconf 78' lang='grc' dir='ltr'><strong><em>γὰρ</em></strong></span> <span class='ocrx_word' id='word_1_324' title='bbox 1830 2968 2053 3033; x_wconf 71' lang='grc' dir='ltr'>ἑαυτούς</span> 
     </span>
    </p>
   </div>
   <div class='ocr_carea' id='block_1_47' title="bbox 399 3055 2050 3137">
    <p class='ocr_par' dir='ltr' id='par_1_47' title="bbox 399 3055 2050 3137">
     <span class='ocr_line' id='line_1_47' title="bbox 399 3055 2050 3137; baseline -0.004 -19"><span class='ocrx_word' id='word_1_325' title='bbox 399 3062 704 3137; x_wconf 72' lang='grc' dir='ltr'>ἰκρίνομεν.</span> <span class='ocrx_word' id='word_1_326' title='bbox 740 3086 769 3114; x_wconf 84' lang='grc'><strong>››</strong></span> <span class='ocrx_word' id='word_1_327' title='bbox 803 3061 921 3119; x_wconf 81' lang='grc' dir='ltr'><strong><em>Οὐκ</em></strong></span> <span class='ocrx_word' id='word_1_328' title='bbox 967 3062 1134 3129; x_wconf 69' lang='grc' dir='ltr'>εἶπεν,</span> <span class='ocrx_word' id='word_1_329' title='bbox 1194 3059 1455 3121; x_wconf 81' lang='grc' dir='ltr'>Ἑαυτοὺς</span> <span class='ocrx_word' id='word_1_330' title='bbox 1505 3057 1864 3131; x_wconf 83' lang='grc' dir='ltr'>ἐκολάζόμεν,</span> <span class='ocrx_word' id='word_1_331' title='bbox 1906 3055 2050 3112; x_wconf 80' lang='grc' dir='ltr'>ἀλλὰ</span> 
     </span>
    </p>
   </div>
   <div class='ocr_carea' id='block_1_48' title="bbox 408 3147 2048 3226">
    <p class='ocr_par' dir='ltr' id='par_1_48' title="bbox 408 3147 2048 3226">
     <span class='ocr_line' id='line_1_48' title="bbox 408 3147 2048 3226; baseline -0.003 -20"><span class='ocrx_word' id='word_1_332' title='bbox 408 3152 597 3224; x_wconf 86' lang='grc' dir='ltr'>μόνον,</span> <span class='ocrx_word' id='word_1_333' title='bbox 621 3176 646 3203; x_wconf 91' lang='grc'><strong><em>‹‹</em></strong></span> <span class='ocrx_word' id='word_1_334' title='bbox 680 3150 1019 3226; x_wconf 81' lang='grc' dir='ltr'>Ἐκρίνομεν,</span> <span class='ocrx_word' id='word_1_335' title='bbox 1055 3174 1083 3202; x_wconf 81' lang='grc'><strong>››</strong></span> <span class='ocrx_word' id='word_1_336' title='bbox 1115 3147 1412 3218; x_wconf 72' lang='grc' dir='ltr'>τουτέστιν,</span> <span class='ocrx_word' id='word_1_337' title='bbox 1466 3149 1528 3205; x_wconf 77' lang='grc' dir='ltr'>Εἰ</span> <span class='ocrx_word' id='word_1_338' title='bbox 1579 3148 2048 3224; x_wconf 82' lang='grc' dir='ltr'>κατεγινώσκομεν</span> 
     </span>
    </p>
   </div>
   <div class='ocr_carea' id='block_1_49' title="bbox 406 3235 2051 3315">
    <p class='ocr_par' dir='ltr' id='par_1_49' title="bbox 406 3235 2051 3315">
     <span class='ocr_line' id='line_1_49' title="bbox 406 3235 2051 3315; baseline -0.002 -21"><span class='ocrx_word' id='word_1_339' title='bbox 406 3241 608 3295; x_wconf 66' lang='grc' dir='ltr'>ἑαυτῶν</span> <span class='ocrx_word' id='word_1_340' title='bbox 643 3241 800 3313; x_wconf 88' lang='grc' dir='ltr'>μόνον</span> <span class='ocrx_word' id='word_1_341' title='bbox 829 3238 1274 3315; x_wconf 87' lang='grc' dir='ltr'>ἁμαρτανόντων,</span> <span class='ocrx_word' id='word_1_342' title='bbox 1307 3239 1397 3292; x_wconf 89' lang='grc' dir='ltr'>καὶ</span> <span class='ocrx_word' id='word_1_343' title='bbox 1425 3243 1536 3293; x_wconf 91' lang='grc' dir='ltr'><strong><em>τῶν</em></strong></span> <span class='ocrx_word' id='word_1_344' title='bbox 1567 3235 1676 3292; x_wconf 82' lang='grc' dir='ltr'>ὦδε</span> <span class='ocrx_word' id='word_1_345' title='bbox 1689 3236 1780 3291; x_wconf 86' lang='grc' dir='ltr'><strong><em>καὶ</em></strong></span> <span class='ocrx_word' id='word_1_346' title='bbox 1798 3242 1907 3293; x_wconf 88' lang='grc' dir='ltr'><strong><em>τῶν</em></strong></span> <span class='ocrx_word' id='word_1_347' title='bbox 1941 3235 2051 3291; x_wconf 82' lang='grc' dir='ltr'>ἐκεῖ</span> 
     </span>
    </p>
   </div>
   <div class='ocr_carea' id='block_1_50' title="bbox 406 3326 2051 3404">
    <p class='ocr_par' dir='ltr' id='par_1_50' title="bbox 406 3326 2051 3404">
     <span class='ocr_line' id='line_1_50' title="bbox 406 3326 2051 3404; baseline -0.002 -20"><span class='ocrx_word' id='word_1_348' title='bbox 406 3327 812 3404; x_wconf 71' lang='grc' dir='ltr'>ἀπηλλάγημεν</span> <span class='ocrx_word' id='word_1_349' title='bbox 863 3328 926 3384; x_wconf 80' lang='grc' dir='ltr'><strong><em>ἀν</em></strong></span> <span class='ocrx_word' id='word_1_350' title='bbox 987 3333 1295 3403; x_wconf 89' lang='grc' dir='ltr'>τιμωριῶν.</span> <span class='ocrx_word' id='word_1_351' title='bbox 1354 3329 1416 3384; x_wconf 90' lang='grc' dir='ltr'>Ὁ</span> <span class='ocrx_word' id='word_1_352' title='bbox 1473 3329 1577 3404; x_wconf 75' lang='grc' dir='ltr'><strong><em>γὰρ</em></strong></span> <span class='ocrx_word' id='word_1_353' title='bbox 1637 3326 1830 3382; x_wconf 72' lang='grc' dir='ltr'>ἑαυτοῦ</span> <span class='ocrx_word' id='word_1_354' title='bbox 1886 3347 2051 3381; x_wconf 84' lang='grc' dir='ltr'>κατα-</span> 
     </span>
    </p>
   </div>
   <div class='ocr_carea' id='block_1_51' title="bbox 397 3414 2049 3494">
    <p class='ocr_par' dir='ltr' id='par_1_51' title="bbox 397 3414 2049 3494">
     <span class='ocr_line' id='line_1_51' title="bbox 397 3414 2049 3494; baseline -0.001 -22"><span class='ocrx_word' id='word_1_355' title='bbox 397 3419 680 3494; x_wconf 79' lang='grc' dir='ltr'>γινώσκων</span> <span class='ocrx_word' id='word_1_356' title='bbox 713 3417 786 3480; x_wconf 84' lang='grc' dir='ltr'><strong><em>ὡς</em></strong></span> <span class='ocrx_word' id='word_1_357' title='bbox 835 3415 939 3487; x_wconf 85' lang='grc' dir='ltr'>δεῖ,</span> <span class='ocrx_word' id='word_1_358' title='bbox 996 3421 1094 3472; x_wconf 82' lang='grc' dir='ltr'>οὐκ</span> <span class='ocrx_word' id='word_1_359' title='bbox 1149 3414 1210 3472; x_wconf 72' lang='grc' dir='ltr'><strong><em>ἄν</em></strong></span> <span class='ocrx_word' id='word_1_360' title='bbox 1263 3417 1340 3478; x_wconf 85' lang='grc' dir='ltr'><strong><em>εἰς</em></strong></span> <span class='ocrx_word' id='word_1_361' title='bbox 1395 3417 1496 3485; x_wconf 77' lang='grc' dir='ltr'>τὴν</span> <span class='ocrx_word' id='word_1_362' title='bbox 1553 3416 1724 3486; x_wconf 75' lang='grc' dir='ltr'>αὐτὴν</span> <span class='ocrx_word' id='word_1_363' title='bbox 1783 3415 2049 3490; x_wconf 81' lang='grc' dir='ltr'>ἁμαρτίαν</span> 
     </span>
    </p>
   </div>
   <div class='ocr_carea' id='block_1_52' title="bbox 398 3503 2049 3581">
    <p class='ocr_par' dir='ltr' id='par_1_52' title="bbox 398 3503 2049 3581">
     <span class='ocr_line' id='line_1_52' title="bbox 398 3503 2049 3581; baseline -0.004 -17"><span class='ocrx_word' id='word_1_364' title='bbox 398 3506 676 3570; x_wconf 82' lang='grc' dir='ltr'>πολλάκις</span> <span class='ocrx_word' id='word_1_365' title='bbox 717 3505 968 3581; x_wconf 80' lang='grc' dir='ltr'>ἐμπέσοι.</span> <span class='ocrx_word' id='word_1_366' title='bbox 1031 3532 1058 3560; x_wconf 78' lang='grc' dir='ltr'><strong><em>α</em></strong></span> <span class='ocrx_word' id='word_1_367' title='bbox 1093 3505 1422 3581; x_wconf 88' lang='grc' dir='ltr'>Κρινόμενοι</span> <span class='ocrx_word' id='word_1_368' title='bbox 1479 3503 1536 3560; x_wconf 69' lang='grc' dir='ltr'>δὲ</span> <span class='ocrx_word' id='word_1_369' title='bbox 1597 3506 1700 3561; x_wconf 82' lang='grc' dir='ltr'><strong><em>ὑπὸ</em></strong></span> <span class='ocrx_word' id='word_1_370' title='bbox 1757 3506 1986 3580; x_wconf 87' lang='grc' dir='ltr'>Κυρίου.</span> <span class='ocrx_word' id='word_1_371' title='bbox 2022 3527 2049 3558; x_wconf 63' lang='grc' dir='ltr'><strong><em>ν</em></strong></span> 
     </span>
    </p>
   </div>
   <div class='ocr_carea' id='block_1_53' title="bbox 397 3590 2053 3676">
    <p class='ocr_par' dir='ltr' id='par_1_53' title="bbox 397 3590 2053 3676">
     <span class='ocr_line' id='line_1_53' title="bbox 397 3590 2053 3676; baseline -0.002 -23"><span class='ocrx_word' id='word_1_372' title='bbox 397 3598 549 3655; x_wconf 79' lang='grc' dir='ltr'>Ἐπεὶ</span> <span class='ocrx_word' id='word_1_373' title='bbox 582 3598 673 3652; x_wconf 79' lang='grc' dir='ltr'>οὖν</span> <span class='ocrx_word' id='word_1_374' title='bbox 701 3597 766 3652; x_wconf 84' lang='grc' dir='ltr'>τὸ</span> <span class='ocrx_word' id='word_1_375' title='bbox 797 3597 971 3657; x_wconf 78' lang='grc' dir='ltr'>οὕτως</span> <span class='ocrx_word' id='word_1_376' title='bbox 1001 3597 1203 3676; x_wconf 77' lang='grc' dir='ltr'>κοῦφον</span> <span class='ocrx_word' id='word_1_377' title='bbox 1235 3595 1297 3650; x_wconf 84' lang='grc' dir='ltr'>οὐ</span> <span class='ocrx_word' id='word_1_378' title='bbox 1355 3599 1644 3668; x_wconf 81' lang='grc' dir='ltr'>ποιοῦμεν,</span> <span class='ocrx_word' id='word_1_379' title='bbox 1701 3590 1945 3650; x_wconf 77' lang='grc' dir='ltr'>τουτέστι</span> <span class='ocrx_word' id='word_1_380' title='bbox 1990 3594 2053 3650; x_wconf 85' lang='grc' dir='ltr'>τὸ</span> 
     </span>
    </p>
   </div>
   <div class='ocr_carea' id='block_1_54' title="bbox 405 3680 2050 3761">
    <p class='ocr_par' dir='ltr' id='par_1_54' title="bbox 405 3680 2050 3761">
     <span class='ocr_line' id='line_1_54' title="bbox 405 3680 2050 3761; baseline -0.004 -19"><span class='ocrx_word' id='word_1_381' title='bbox 405 3687 821 3761; x_wconf 78' lang='grc' dir='ltr'>καταγινώσκειν</span> <span class='ocrx_word' id='word_1_382' title='bbox 910 3685 1136 3752; x_wconf 69' lang='grc' dir='ltr'>ἑαυτῶν,</span> <span class='ocrx_word' id='word_1_383' title='bbox 1197 3681 1326 3739; x_wconf 76' lang='grc' dir='ltr'>οὐδὲ</span> <span class='ocrx_word' id='word_1_384' title='bbox 1391 3683 1563 3745; x_wconf 73' lang='grc' dir='ltr'>οὕτως</span> <span class='ocrx_word' id='word_1_385' title='bbox 1625 3680 1855 3761; x_wconf 84' lang='grc' dir='ltr'>ἀφειδῶς</span> <span class='ocrx_word' id='word_1_386' title='bbox 1915 3685 2050 3756; x_wconf 75' lang='grc' dir='ltr'>ἡμῖν</span> 
     </span>
    </p>
   </div>
   <div class='ocr_carea' id='block_1_55' title="bbox 410 3769 2052 3852">
    <p class='ocr_par' dir='ltr' id='par_1_55' title="bbox 410 3769 2052 3852">
     <span class='ocr_line' id='line_1_55' title="bbox 410 3769 2052 3852; baseline -0.004 -22"><span class='ocrx_word' id='word_1_387' title='bbox 410 3776 438 3829; x_wconf 87' lang='grc' dir='ltr'>ὁ</span> <span class='ocrx_word' id='word_1_388' title='bbox 491 3776 616 3837; x_wconf 83' lang='grc' dir='ltr'>Θεὸς</span> <span class='ocrx_word' id='word_1_389' title='bbox 671 3777 964 3852; x_wconf 74' lang='grc' dir='ltr'>κέχρηται,</span> <span class='ocrx_word' id='word_1_390' title='bbox 1025 3773 1171 3830; x_wconf 82' lang='grc' dir='ltr'>ἀλλὰ</span> <span class='ocrx_word' id='word_1_391' title='bbox 1247 3771 1355 3828; x_wconf 81' lang='grc' dir='ltr'>ὧδε</span> <span class='ocrx_word' id='word_1_392' title='bbox 1438 3769 1705 3841; x_wconf 74' lang='grc' dir='ltr'>παιδεύει,</span> <span class='ocrx_word' id='word_1_393' title='bbox 1780 3772 1868 3826; x_wconf 84' lang='grc' dir='ltr'><strong><em>ἳνα</em></strong></span> <span class='ocrx_word' id='word_1_394' title='bbox 1944 3772 2052 3827; x_wconf 71' lang='grc' dir='ltr'>ἐκεῖ</span> 
     </span>
    </p>
   </div>
   <div class='ocr_carea' id='block_1_56' title="bbox 405 3859 2051 3940">
    <p class='ocr_par' dir='ltr' id='par_1_56' title="bbox 405 3859 2051 3940">
     <span class='ocr_line' id='line_1_56' title="bbox 405 3859 2051 3940; baseline -0.003 -20"><span class='ocrx_word' id='word_1_395' title='bbox 405 3864 622 3940; x_wconf 74' lang='grc' dir='ltr'>ἐλεήσῃ.</span> <span class='ocrx_word' id='word_1_396' title='bbox 657 3891 685 3918; x_wconf 88' lang='grc'><em>‹‹</em></span> <span class='ocrx_word' id='word_1_397' title='bbox 712 3863 1107 3938; x_wconf 80' lang='grc' dir='ltr'>Παιδευόμεθα.</span> <span class='ocrx_word' id='word_1_398' title='bbox 1138 3888 1166 3915; x_wconf 86' lang='grc'><strong><em>››</em></strong></span> <span class='ocrx_word' id='word_1_399' title='bbox 1190 3866 1346 3932; x_wconf 83' lang='grc' dir='ltr'>Οἷον,</span> <span class='ocrx_word' id='word_1_400' title='bbox 1377 3862 1806 3934; x_wconf 74' lang='grc' dir='ltr'>Νουθετούμεθα.</span> <span class='ocrx_word' id='word_1_401' title='bbox 1841 3859 1918 3918; x_wconf 78' lang='grc' dir='ltr'>Οὐ</span> <span class='ocrx_word' id='word_1_402' title='bbox 1949 3862 2051 3937; x_wconf 78' lang='grc' dir='ltr'>γὰρ</span> 
     </span>
    </p>
   </div>
   <div class='ocr_carea' id='block_1_57' title="bbox 404 3948 2049 4030">
    <p class='ocr_par' dir='ltr' id='par_1_57' title="bbox 404 3948 2049 4030">
     <span class='ocr_line' id='line_1_57' title="bbox 404 3948 2049 4030; baseline -0.004 -20"><span class='ocrx_word' id='word_1_403' title='bbox 404 3956 540 4027; x_wconf 84' lang='grc' dir='ltr'>εἶπε,</span> <span class='ocrx_word' id='word_1_404' title='bbox 639 3953 1061 4030; x_wconf 83' lang='grc' dir='ltr'>Τιμωρούμεθα,</span> <span class='ocrx_word' id='word_1_405' title='bbox 1165 3951 1333 4022; x_wconf 80' lang='grc' dir='ltr'>ἀλλὰ,</span> <span class='ocrx_word' id='word_1_406' title='bbox 1440 3976 1468 4003; x_wconf 90' lang='grc'><em>‹‹</em></span> <span class='ocrx_word' id='word_1_407' title='bbox 1547 3948 1942 4023; x_wconf 84' lang='grc' dir='ltr'>Παιδευόμεθα,</span> <span class='ocrx_word' id='word_1_408' title='bbox 2019 3975 2049 4004; x_wconf 85' lang='grc'>››</span> 
     </span>
    </p>
   </div>
   <div class='ocr_carea' id='block_1_58' title="bbox 403 4040 2050 4118">
    <p class='ocr_par' dir='ltr' id='par_1_58' title="bbox 403 4040 2050 4118">
     <span class='ocr_line' id='line_1_58' title="bbox 403 4040 2050 4118; baseline -0.003 -19"><span class='ocrx_word' id='word_1_409' title='bbox 403 4046 477 4108; x_wconf 81' lang='grc' dir='ltr'><strong><em>ὡς</em></strong></span> <span class='ocrx_word' id='word_1_410' title='bbox 506 4045 782 4110; x_wconf 82' lang='grc' dir='ltr'>νουθεσίας</span> <span class='ocrx_word' id='word_1_411' title='bbox 837 4044 927 4099; x_wconf 84' lang='grc' dir='ltr'><strong><em>καὶ</em></strong></span> <span class='ocrx_word' id='word_1_412' title='bbox 989 4040 1331 4118; x_wconf 83' lang='grc' dir='ltr'>διορθώσεως</span> <span class='ocrx_word' id='word_1_413' title='bbox 1372 4041 1684 4118; x_wconf 77' lang='grc' dir='ltr'>γινομένης.</span> <span class='ocrx_word' id='word_1_414' title='bbox 1719 4065 1745 4092; x_wconf 91' lang='grc'><strong><em>‹‹</em></strong></span> <span class='ocrx_word' id='word_1_415' title='bbox 1798 4043 1914 4096; x_wconf 80' lang='grc' dir='ltr'>’Ἰνα</span> <span class='ocrx_word' id='word_1_416' title='bbox 1973 4041 2050 4114; x_wconf 78' lang='grc' dir='ltr'>μὴ</span> 
     </span>
    </p>
   </div>
   <div class='ocr_carea' id='block_1_59' title="bbox 403 4129 2052 4210">
    <p class='ocr_par' dir='ltr' id='par_1_59' title="bbox 403 4129 2052 4210">
     <span class='ocr_line' id='line_1_59' title="bbox 403 4129 2052 4210; baseline -0.004 -20"><span class='ocrx_word' id='word_1_417' title='bbox 403 4136 498 4190; x_wconf 82' lang='grc' dir='ltr'><strong><em>σὺν</em></strong></span> <span class='ocrx_word' id='word_1_418' title='bbox 529 4139 610 4207; x_wconf 81' lang='grc' dir='ltr'><strong><em>τῷ</em></strong></span> <span class='ocrx_word' id='word_1_419' title='bbox 656 4135 850 4208; x_wconf 85' lang='grc' dir='ltr'>κόσμῳ</span> <span class='ocrx_word' id='word_1_420' title='bbox 901 4136 1331 4206; x_wconf 80' lang='grc' dir='ltr'>κατακριθῶμεν.</span> <span class='ocrx_word' id='word_1_421' title='bbox 1366 4158 1392 4185; x_wconf 89' lang='grc'><strong>››</strong></span> <span class='ocrx_word' id='word_1_422' title='bbox 1455 4132 1673 4204; x_wconf 85' lang='grc' dir='ltr'>Κόσμον</span> <span class='ocrx_word' id='word_1_423' title='bbox 1735 4130 1867 4210; x_wconf 80' lang='grc' dir='ltr'>φησὶ</span> <span class='ocrx_word' id='word_1_424' title='bbox 1924 4129 2052 4192; x_wconf 84' lang='grc' dir='ltr'>τοὺς</span> 
     </span>
    </p>
   </div>
   <div class='ocr_carea' id='block_1_60' title="bbox 402 4219 2054 4297">
    <p class='ocr_par' dir='ltr' id='par_1_60' title="bbox 402 4219 2054 4297">
     <span class='ocr_line' id='line_1_60' title="bbox 402 4219 2054 4297; baseline -0.004 -17"><span class='ocrx_word' id='word_1_425' title='bbox 402 4224 452 4280; x_wconf 69' lang='grc' dir='ltr'>ἓν</span> <span class='ocrx_word' id='word_1_426' title='bbox 481 4225 705 4295; x_wconf 83' lang='grc' dir='ltr'>ἀπιστίᾳ</span> <span class='ocrx_word' id='word_1_427' title='bbox 733 4223 824 4279; x_wconf 82' lang='grc' dir='ltr'><strong><em>καὶ</em></strong></span> <span class='ocrx_word' id='word_1_428' title='bbox 868 4223 1106 4297; x_wconf 81' lang='grc' dir='ltr'>ἁμαρτίᾳ</span> <span class='ocrx_word' id='word_1_429' title='bbox 1172 4222 1510 4296; x_wconf 75' lang='grc' dir='ltr'>ἀνθρώπους.</span> <span class='ocrx_word' id='word_1_430' title='bbox 1562 4220 1707 4291; x_wconf 84' lang='grc' dir='ltr'><strong><em>Φησὶ</em></strong></span> <span class='ocrx_word' id='word_1_431' title='bbox 1762 4219 1818 4276; x_wconf 79' lang='grc' dir='ltr'>δὲ</span> <span class='ocrx_word' id='word_1_432' title='bbox 1864 4221 1946 4276; x_wconf 80' lang='grc' dir='ltr'>ὅτι</span> <span class='ocrx_word' id='word_1_433' title='bbox 2001 4220 2054 4276; x_wconf 75' lang='grc' dir='ltr'>οἱ</span> 
     </span>
    </p>
   </div>
   <div class='ocr_carea' id='block_1_61' title="bbox 399 4305 2052 4387">
    <p class='ocr_par' dir='ltr' id='par_1_61' title="bbox 399 4305 2052 4387">
     <span class='ocr_line' id='line_1_61' title="bbox 399 4305 2052 4387; baseline -0.004 -17"><span class='ocrx_word' id='word_1_434' title='bbox 399 4314 585 4370; x_wconf 88' lang='grc' dir='ltr'>πιστοὶ</span> <span class='ocrx_word' id='word_1_435' title='bbox 614 4314 704 4368; x_wconf 81' lang='grc' dir='ltr'>καί</span> <span class='ocrx_word' id='word_1_436' title='bbox 754 4317 872 4384; x_wconf 87' lang='grc' dir='ltr'><strong><em>Θεῷ</em></strong></span> <span class='ocrx_word' id='word_1_437' title='bbox 919 4308 1379 4387; x_wconf 76' lang='grc' dir='ltr'>περισπούδαστοι</span> <span class='ocrx_word' id='word_1_438' title='bbox 1434 4307 1540 4364; x_wconf 83' lang='grc' dir='ltr'>ὦδε</span> <span class='ocrx_word' id='word_1_439' title='bbox 1596 4305 2052 4384; x_wconf 77' lang='grc' dir='ltr'>ἀπολαμϐάνουσι</span> 
     </span>
    </p>
   </div>
   <div class='ocr_carea' id='block_1_62' title="bbox 399 4397 2053 4478">
    <p class='ocr_par' dir='ltr' id='par_1_62' title="bbox 399 4397 2053 4478">
     <span class='ocr_line' id='line_1_62' title="bbox 399 4397 2053 4478; baseline -0.004 -19"><span class='ocrx_word' id='word_1_440' title='bbox 399 4405 493 4466; x_wconf 84' lang='grc' dir='ltr'><strong><em>τάς</em></strong></span> <span class='ocrx_word' id='word_1_441' title='bbox 525 4402 816 4478; x_wconf 82' lang='grc' dir='ltr'>ἁμαρτίας,</span> <span class='ocrx_word' id='word_1_442' title='bbox 869 4401 959 4456; x_wconf 78' lang='grc' dir='ltr'>ἳνα</span> <span class='ocrx_word' id='word_1_443' title='bbox 1021 4402 1097 4474; x_wconf 81' lang='grc' dir='ltr'>μή</span> <span class='ocrx_word' id='word_1_444' title='bbox 1153 4401 1292 4473; x_wconf 89' lang='grc' dir='ltr'><strong><em>μετά</em></strong></span> <span class='ocrx_word' id='word_1_445' title='bbox 1341 4401 1447 4455; x_wconf 82' lang='grc' dir='ltr'><strong><em>τῶν</em></strong></span> <span class='ocrx_word' id='word_1_446' title='bbox 1515 4399 1726 4455; x_wconf 87' lang='grc' dir='ltr'>λοιπῶν</span> <span class='ocrx_word' id='word_1_447' title='bbox 1777 4398 1888 4454; x_wconf 82' lang='grc' dir='ltr'>ἐκεῖ</span> <span class='ocrx_word' id='word_1_448' title='bbox 1942 4397 2053 4454; x_wconf 83' lang='grc' dir='ltr'>δώ-</span> 
     </span>
    </p>
   </div>
   <div class='ocr_carea' id='block_1_63' title="bbox 400 4484 2052 4562">
    <p class='ocr_par' dir='ltr' id='par_1_63' title="bbox 400 4484 2052 4562">
     <span class='ocr_line' id='line_1_63' title="bbox 400 4484 2052 4562; baseline -0.003 -16"><span class='ocrx_word' id='word_1_449' title='bbox 400 4511 554 4546; x_wconf 88' lang='grc' dir='ltr'>σουσι</span> <span class='ocrx_word' id='word_1_450' title='bbox 585 4489 767 4560; x_wconf 77' lang='grc' dir='ltr'>δίκην.</span> <span class='ocrx_word' id='word_1_451' title='bbox 802 4515 829 4542; x_wconf 77' lang='grc' dir='ltr'>(ι</span> <span class='ocrx_word' id='word_1_452' title='bbox 861 4489 959 4552; x_wconf 72' lang='grc' dir='ltr'><strong><em>Εἷς</em></strong></span> <span class='ocrx_word' id='word_1_453' title='bbox 988 4489 1082 4544; x_wconf 89' lang='grc' dir='ltr'>τὸν</span> <span class='ocrx_word' id='word_1_454' title='bbox 1133 4488 1396 4562; x_wconf 86' lang='grc' dir='ltr'>πρότερον</span> <span class='ocrx_word' id='word_1_455' title='bbox 1455 4486 1595 4556; x_wconf 80' lang='grc' dir='ltr'>ἦλθε</span> <span class='ocrx_word' id='word_1_456' title='bbox 1635 4484 1820 4562; x_wconf 88' lang='grc' dir='ltr'>λόγον.</span> <span class='ocrx_word' id='word_1_457' title='bbox 1859 4512 1886 4538; x_wconf 89' lang='grc'><strong>››</strong></span> <span class='ocrx_word' id='word_1_458' title='bbox 1917 4491 2052 4562; x_wconf 87' lang='grc' dir='ltr'>Ὅρα</span> 
     </span>
    </p>
   </div>
   <div class='ocr_carea' id='block_1_64' title="bbox 2173 1899 3828 1975">
    <p class='ocr_par' dir='ltr' id='par_1_64' title="bbox 2173 1899 3828 1975">
     <span class='ocr_line' id='line_1_64' title="bbox 2173 1899 3828 1975; baseline 0.004 -21"><span class='ocrx_word' id='word_1_459' title='bbox 2173 1899 2508 1972; x_wconf 86' lang='lat' dir='ltr'><strong><em>dijudicans</em></strong></span> <span class='ocrx_word' id='word_1_460' title='bbox 2533 1920 2748 1975; x_wconf 88' lang='lat' dir='ltr'><strong><em>corpus</em></strong></span> <span class='ocrx_word' id='word_1_461' title='bbox 2780 1905 3036 1960; x_wconf 85' lang='lat' dir='ltr'><strong><em>Domini.</em></strong></span> <span class='ocrx_word' id='word_1_462' title='bbox 3073 1928 3100 1954; x_wconf 89' lang='lat'>»</span> <span class='ocrx_word' id='word_1_463' title='bbox 3134 1907 3251 1960; x_wconf 83' lang='lat' dir='ltr'><strong><em>Hoc</em></strong></span> <span class='ocrx_word' id='word_1_464' title='bbox 3283 1911 3389 1971; x_wconf 88' lang='lat' dir='ltr'><strong><em>est,</em></strong></span> <span class='ocrx_word' id='word_1_465' title='bbox 3423 1907 3550 1960; x_wconf 89' lang='lat' dir='ltr'><strong><em>Non</em></strong></span> <span class='ocrx_word' id='word_1_466' title='bbox 3601 1904 3828 1960; x_wconf 88' lang='lat' dir='ltr'><strong><em>exami-</em></strong></span> 
     </span>
    </p>
   </div>
   <div class='ocr_carea' id='block_1_65' title="bbox 2171 1993 3825 2065">
    <p class='ocr_par' dir='ltr' id='par_1_65' title="bbox 2171 1993 3825 2065">
     <span class='ocr_line' id='line_1_65' title="bbox 2171 1993 3825 2065; baseline 0.004 -22"><span class='ocrx_word' id='word_1_467' title='bbox 2171 2005 2324 2044; x_wconf 89' lang='lat' dir='ltr'><strong><em>nans</em></strong></span> <span class='ocrx_word' id='word_1_468' title='bbox 2354 1996 2458 2046; x_wconf 89' lang='lat' dir='ltr'><strong><em>aut</em></strong></span> <span class='ocrx_word' id='word_1_469' title='bbox 2485 1993 2875 2049; x_wconf 83' lang='lat' dir='ltr'><strong><em>considerans</em></strong></span> <span class='ocrx_word' id='word_1_470' title='bbox 2903 2011 3108 2049; x_wconf 91' lang='lat' dir='ltr'><strong><em>eorum</em></strong></span> <span class='ocrx_word' id='word_1_471' title='bbox 3151 2011 3277 2064; x_wconf 64' lang='lat' dir='ltr'><strong><em>quae</em></strong></span> <span class='ocrx_word' id='word_1_472' title='bbox 3329 1995 3635 2065; x_wconf 86' lang='lat' dir='ltr'><strong><em>proposita</em></strong></span> <span class='ocrx_word' id='word_1_473' title='bbox 3684 2001 3825 2050; x_wconf 87' lang='lat' dir='ltr'><strong><em>sunt</em></strong></span> 
     </span>
    </p>
   </div>
   <div class='ocr_carea' id='block_1_66' title="bbox 2168 2079 3822 2155">
    <p class='ocr_par' dir='ltr' id='par_1_66' title="bbox 2168 2079 3822 2155">
     <span class='ocr_line' id='line_1_66' title="bbox 2168 2079 3822 2155; baseline 0.003 -22"><span class='ocrx_word' id='word_1_474' title='bbox 2168 2079 2667 2151; x_wconf 83' lang='lat' dir='ltr'><strong><em>magnitudinem.</em></strong></span> <span class='ocrx_word' id='word_1_475' title='bbox 2702 2083 2758 2136; x_wconf 91' lang='lat' dir='ltr'><strong><em>Si</em></strong></span> <span class='ocrx_word' id='word_1_476' title='bbox 2793 2083 2952 2137; x_wconf 89' lang='lat' dir='ltr'><strong><em>enim</em></strong></span> <span class='ocrx_word' id='word_1_477' title='bbox 2986 2099 3482 2155; x_wconf 80' lang='lat' dir='ltr'><strong><em>cognosceremus</em></strong></span> <span class='ocrx_word' id='word_1_478' title='bbox 3542 2083 3822 2155; x_wconf 86' lang='lat' dir='ltr'><strong><em>quisnam</em></strong></span> 
     </span>
    </p>
   </div>
   <div class='ocr_carea' id='block_1_67' title="bbox 2168 2168 3821 2244">
    <p class='ocr_par' dir='ltr' id='par_1_67' title="bbox 2168 2168 3821 2244">
     <span class='ocr_line' id='line_1_67' title="bbox 2168 2168 3821 2244; baseline 0.003 -23"><span class='ocrx_word' id='word_1_479' title='bbox 2168 2168 2246 2222; x_wconf 85' lang='lat' dir='ltr'><strong><em>sit</em></strong></span> <span class='ocrx_word' id='word_1_480' title='bbox 2275 2169 2376 2240; x_wconf 88' lang='lat' dir='ltr'><strong><em>qui</em></strong></span> <span class='ocrx_word' id='word_1_481' title='bbox 2409 2171 2783 2242; x_wconf 88' lang='lat' dir='ltr'><strong><em>proponitur,</em></strong></span> <span class='ocrx_word' id='word_1_482' title='bbox 2846 2173 3012 2227; x_wconf 91' lang='lat' dir='ltr'><strong><em>nullo</em></strong></span> <span class='ocrx_word' id='word_1_483' title='bbox 3070 2172 3187 2227; x_wconf 89' lang='lat' dir='ltr'><strong><em>alio</em></strong></span> <span class='ocrx_word' id='word_1_484' title='bbox 3245 2172 3419 2226; x_wconf 90' lang='lat' dir='ltr'><strong><em>nobis</em></strong></span> <span class='ocrx_word' id='word_1_485' title='bbox 3471 2189 3620 2244; x_wconf 89' lang='lat' dir='ltr'><strong><em>opus</em></strong></span> <span class='ocrx_word' id='word_1_486' title='bbox 3661 2177 3821 2227; x_wconf 88' lang='lat' dir='ltr'><strong><em>esset</em></strong></span> 
     </span>
    </p>
   </div>
   <div class='ocr_carea' id='block_1_68' title="bbox 2166 2257 3815 2334">
    <p class='ocr_par' dir='ltr' id='par_1_68' title="bbox 2166 2257 3815 2334">
     <span class='ocr_line' id='line_1_68' title="bbox 2166 2257 3815 2334; baseline 0.003 -23"><span class='ocrx_word' id='word_1_487' title='bbox 2166 2257 2429 2328; x_wconf 87' lang='lat' dir='ltr'><strong><em>stimulo,</em></strong></span> <span class='ocrx_word' id='word_1_488' title='bbox 2463 2259 2568 2314; x_wconf 90' lang='lat' dir='ltr'><strong><em>sed</em></strong></span> <span class='ocrx_word' id='word_1_489' title='bbox 2602 2261 2713 2316; x_wconf 89' lang='lat' dir='ltr'><strong><em>hoc</em></strong></span> <span class='ocrx_word' id='word_1_490' title='bbox 2738 2262 2936 2332; x_wconf 90' lang='lat' dir='ltr'><strong><em>ipsum</em></strong></span> <span class='ocrx_word' id='word_1_491' title='bbox 2971 2261 3278 2334; x_wconf 81' lang='lat' dir='ltr'><strong><em>vigilantes</em></strong></span> <span class='ocrx_word' id='word_1_492' title='bbox 3311 2279 3420 2316; x_wconf 90' lang='lat' dir='ltr'><strong><em>nos</em></strong></span> <span class='ocrx_word' id='word_1_493' title='bbox 3441 2261 3718 2316; x_wconf 86' lang='lat' dir='ltr'><strong><em>redderet</em></strong></span> <span class='ocrx_word' id='word_1_494' title='bbox 3746 2278 3815 2316; x_wconf 85' lang='lat' dir='ltr'><strong><em>ac</em></strong></span> 
     </span>
    </p>
   </div>
   <div class='ocr_carea' id='block_1_69' title="bbox 2164 2347 3814 2422">
    <p class='ocr_par' dir='ltr' id='par_1_69' title="bbox 2164 2347 3814 2422">
     <span class='ocr_line' id='line_1_69' title="bbox 2164 2347 3814 2422; baseline 0.001 -20"><span class='ocrx_word' id='word_1_495' title='bbox 2164 2347 2486 2405; x_wconf 86' lang='lat' dir='ltr'><strong><em>modestos.</em></strong></span> <span class='ocrx_word' id='word_1_496' title='bbox 2523 2373 2550 2399; x_wconf 85' lang='grc'><strong><em>‹‹</em></strong></span> <span class='ocrx_word' id='word_1_497' title='bbox 2585 2352 2834 2422; x_wconf 88' lang='lat' dir='ltr'><strong><em>Propter</em></strong></span> <span class='ocrx_word' id='word_1_498' title='bbox 2855 2351 2964 2406; x_wconf 91' lang='lat' dir='ltr'><strong><em>hoc</em></strong></span> <span class='ocrx_word' id='word_1_499' title='bbox 2987 2351 3158 2406; x_wconf 90' lang='lat' dir='ltr'><strong><em>multi</em></strong></span> <span class='ocrx_word' id='word_1_500' title='bbox 3182 2357 3324 2406; x_wconf 89' lang='lat' dir='ltr'><strong><em>sunt</em></strong></span> <span class='ocrx_word' id='word_1_501' title='bbox 3344 2352 3566 2406; x_wconf 82' lang='lat' dir='ltr'><strong><em>infirmi</em></strong></span> <span class='ocrx_word' id='word_1_502' title='bbox 3595 2355 3654 2406; x_wconf 91' lang='lat' dir='ltr'><strong><em>et</em></strong></span> <span class='ocrx_word' id='word_1_503' title='bbox 3673 2350 3814 2406; x_wconf 84' lang='lat' dir='ltr'><strong><em>dor-</em></strong></span> 
     </span>
    </p>
   </div>
   <div class='ocr_carea' id='block_1_70' title="bbox 2162 2437 3812 2512">
    <p class='ocr_par' dir='ltr' id='par_1_70' title="bbox 2162 2437 3812 2512">
     <span class='ocr_line' id='line_1_70' title="bbox 2162 2437 3812 2512; baseline 0.002 -20"><span class='ocrx_word' id='word_1_504' title='bbox 2162 2437 2360 2492; x_wconf 89' lang='lat' dir='ltr'><strong><em>miunt</em></strong></span> <span class='ocrx_word' id='word_1_505' title='bbox 2375 2439 2564 2494; x_wconf 86' lang='lat' dir='ltr'><strong><em>multi.</em></strong></span> <span class='ocrx_word' id='word_1_506' title='bbox 2588 2462 2614 2488; x_wconf 87' lang='grc'><strong>››</strong></span> <span class='ocrx_word' id='word_1_507' title='bbox 2634 2443 2882 2512; x_wconf 89' lang='lat' dir='ltr'><strong><em>Propter</em></strong></span> <span class='ocrx_word' id='word_1_508' title='bbox 2902 2441 3034 2507; x_wconf 89' lang='lat' dir='ltr'><strong><em>hoc,</em></strong></span> <span class='ocrx_word' id='word_1_509' title='bbox 3051 2441 3339 2511; x_wconf 89' lang='lat' dir='ltr'><strong><em>quidnam</em></strong></span> <span class='ocrx_word' id='word_1_510' title='bbox 3359 2442 3386 2495; x_wconf 73' lang='lat' dir='ltr'><strong><em>‘I</em></strong></span> <span class='ocrx_word' id='word_1_511' title='bbox 3411 2441 3552 2512; x_wconf 90' lang='lat' dir='ltr'><strong><em>quia</em></strong></span> <span class='ocrx_word' id='word_1_512' title='bbox 3573 2440 3812 2512; x_wconf 80' lang='lat' dir='ltr'><strong><em>indigne</em></strong></span> 
     </span>
    </p>
   </div>
   <div class='ocr_carea' id='block_1_71' title="bbox 2162 2528 3813 2603">
    <p class='ocr_par' dir='ltr' id='par_1_71' title="bbox 2162 2528 3813 2603">
     <span class='ocr_line' id='line_1_71' title="bbox 2162 2528 3813 2603; baseline 0.001 -22"><span class='ocrx_word' id='word_1_513' title='bbox 2162 2528 2473 2585; x_wconf 87' lang='lat' dir='ltr'><strong><em>accedunt.</em></strong></span> <span class='ocrx_word' id='word_1_514' title='bbox 2489 2529 2638 2594; x_wconf 87' lang='lat' dir='ltr'><strong><em>Quid</em></strong></span> <span class='ocrx_word' id='word_1_515' title='bbox 2651 2547 2788 2603; x_wconf 85' lang='lat' dir='ltr'><strong><em>ergo</em></strong></span> <span class='ocrx_word' id='word_1_516' title='bbox 2801 2529 3231 2601; x_wconf 88' lang='lat' dir='ltr'><strong><em>(dicetaliquis)</em></strong></span> <span class='ocrx_word' id='word_1_517' title='bbox 3253 2548 3327 2585; x_wconf 89' lang='lat' dir='ltr'><strong><em>an</em></strong></span> <span class='ocrx_word' id='word_1_518' title='bbox 3344 2532 3447 2602; x_wconf 92' lang='lat' dir='ltr'><strong><em>qui</em></strong></span> <span class='ocrx_word' id='word_1_519' title='bbox 3492 2536 3813 2586; x_wconf 89' lang='lat' dir='ltr'><strong><em>senescunt</em></strong></span> 
     </span>
    </p>
   </div>
   <div class='ocr_carea' id='block_1_72' title="bbox 2161 2619 3808 2689">
    <p class='ocr_par' dir='ltr' id='par_1_72' title="bbox 2161 2619 3808 2689">
     <span class='ocr_line' id='line_1_72' title="bbox 2161 2619 3808 2689; baseline 0.001 -18"><span class='ocrx_word' id='word_1_520' title='bbox 2161 2631 2280 2672; x_wconf 88' lang='lat' dir='ltr'><strong><em>non</em></strong></span> <span class='ocrx_word' id='word_1_521' title='bbox 2311 2624 2580 2689; x_wconf 91' lang='lat' dir='ltr'><strong><em>peccant,</em></strong></span> <span class='ocrx_word' id='word_1_522' title='bbox 2613 2635 2748 2674; x_wconf 91' lang='lat' dir='ltr'><strong><em>cum</em></strong></span> <span class='ocrx_word' id='word_1_523' title='bbox 2779 2637 2898 2674; x_wconf 92' lang='lat' dir='ltr'><strong><em>non</em></strong></span> <span class='ocrx_word' id='word_1_524' title='bbox 2926 2620 3248 2675; x_wconf 88' lang='lat' dir='ltr'><strong><em>moriamur</em></strong></span> <span class='ocrx_word' id='word_1_525' title='bbox 3276 2625 3415 2674; x_wconf 89' lang='lat' dir='ltr'><strong><em>ante</em></strong></span> <span class='ocrx_word' id='word_1_526' title='bbox 3449 2619 3609 2675; x_wconf 91' lang='lat' dir='ltr'><strong><em>diem</em></strong></span> <span class='ocrx_word' id='word_1_527' title='bbox 3630 2620 3657 2673; x_wconf 78' lang='lat'><strong><em>‘?</em></strong></span> <span class='ocrx_word' id='word_1_528' title='bbox 3684 2619 3808 2674; x_wconf 86' lang='lat' dir='ltr'><strong><em>Uti-</em></strong></span> 
     </span>
    </p>
   </div>
   <div class='ocr_carea' id='block_1_73' title="bbox 2163 2706 3815 2780">
    <p class='ocr_par' dir='ltr' id='par_1_73' title="bbox 2163 2706 3815 2780">
     <span class='ocr_line' id='line_1_73' title="bbox 2163 2706 3815 2780; baseline 0.003 -23"><span class='ocrx_word' id='word_1_529' title='bbox 2163 2721 2300 2775; x_wconf 88' lang='lat' dir='ltr'><strong><em>que,</em></strong></span> <span class='ocrx_word' id='word_1_530' title='bbox 2334 2706 2530 2777; x_wconf 87' lang='lat' dir='ltr'><strong><em>inquit</em></strong></span> <span class='ocrx_word' id='word_1_531' title='bbox 2563 2724 2576 2761; x_wconf 92' lang='lat'><em>:</em></span> <span class='ocrx_word' id='word_1_532' title='bbox 2612 2709 2716 2763; x_wconf 93' lang='lat' dir='ltr'><strong><em>sed</em></strong></span> <span class='ocrx_word' id='word_1_533' title='bbox 2746 2725 2867 2764; x_wconf 90' lang='lat' dir='ltr'><strong><em>non</em></strong></span> <span class='ocrx_word' id='word_1_534' title='bbox 2899 2709 3024 2764; x_wconf 69' lang='lat' dir='ltr'><strong><em>haec</em></strong></span> <span class='ocrx_word' id='word_1_535' title='bbox 3052 2709 3179 2764; x_wconf 89' lang='lat' dir='ltr'><strong><em>sola</em></strong></span> <span class='ocrx_word' id='word_1_536' title='bbox 3212 2708 3270 2763; x_wconf 81' lang='lat' dir='ltr'><strong><em>fit</em></strong></span> <span class='ocrx_word' id='word_1_537' title='bbox 3304 2709 3578 2780; x_wconf 90' lang='lat' dir='ltr'><strong><em>repensio</em></strong></span> <span class='ocrx_word' id='word_1_538' title='bbox 3602 2709 3694 2764; x_wconf 87' lang='lat' dir='ltr'><strong><em>his</em></strong></span> <span class='ocrx_word' id='word_1_539' title='bbox 3712 2709 3815 2779; x_wconf 90' lang='lat' dir='ltr'><strong><em>qui</em></strong></span> 
     </span>
    </p>
   </div>
   <div class='ocr_carea' id='block_1_74' title="bbox 2163 2799 3817 2872">
    <p class='ocr_par' dir='ltr' id='par_1_74' title="bbox 2163 2799 3817 2872">
     <span class='ocr_line' id='line_1_74' title="bbox 2163 2799 3817 2872; baseline -0.001 -17"><span class='ocrx_word' id='word_1_540' title='bbox 2163 2799 2406 2872; x_wconf 80' lang='lat' dir='ltr'><strong><em>indigne</em></strong></span> <span class='ocrx_word' id='word_1_541' title='bbox 2438 2799 2750 2869; x_wconf 88' lang='lat' dir='ltr'><strong><em>accedunt,</em></strong></span> <span class='ocrx_word' id='word_1_542' title='bbox 2780 2806 2846 2854; x_wconf 90' lang='lat' dir='ltr'><strong><em>ut</em></strong></span> <span class='ocrx_word' id='word_1_543' title='bbox 2876 2805 3012 2855; x_wconf 88' lang='lat' dir='ltr'><strong><em>ante</em></strong></span> <span class='ocrx_word' id='word_1_544' title='bbox 3043 2805 3274 2871; x_wconf 87' lang='lat' dir='ltr'><strong><em>tempus</em></strong></span> <span class='ocrx_word' id='word_1_545' title='bbox 3307 2799 3662 2866; x_wconf 85' lang='lat' dir='ltr'><strong><em>moriantur,</em></strong></span> <span class='ocrx_word' id='word_1_546' title='bbox 3712 2799 3817 2854; x_wconf 90' lang='lat' dir='ltr'><strong><em>sed</em></strong></span> 
     </span>
    </p>
   </div>
   <div class='ocr_carea' id='block_1_75' title="bbox 2161 2889 3812 2960">
    <p class='ocr_par' dir='ltr' id='par_1_75' title="bbox 2161 2889 3812 2960">
     <span class='ocr_line' id='line_1_75' title="bbox 2161 2889 3812 2960; baseline 0 -16"><span class='ocrx_word' id='word_1_547' title='bbox 2161 2891 2220 2945; x_wconf 90' lang='lat' dir='ltr'><strong><em>in</em></strong></span> <span class='ocrx_word' id='word_1_548' title='bbox 2251 2890 2449 2945; x_wconf 87' lang='lat' dir='ltr'><strong><em>futuro</em></strong></span> <span class='ocrx_word' id='word_1_549' title='bbox 2482 2906 2718 2960; x_wconf 86' lang='lat' dir='ltr'><strong><em>quoque</em></strong></span> <span class='ocrx_word' id='word_1_550' title='bbox 2751 2895 2890 2944; x_wconf 87' lang='lat' dir='ltr'><strong><em>sunt</em></strong></span> <span class='ocrx_word' id='word_1_551' title='bbox 2920 2889 3256 2945; x_wconf 89' lang='lat' dir='ltr'><strong><em>miserrima</em></strong></span> <span class='ocrx_word' id='word_1_552' title='bbox 3295 2889 3610 2960; x_wconf 87' lang='lat' dir='ltr'><strong><em>supplicia.</em></strong></span> <span class='ocrx_word' id='word_1_553' title='bbox 3643 2889 3812 2954; x_wconf 88' lang='lat' dir='ltr'><strong><em>Quod</em></strong></span> 
     </span>
    </p>
   </div>
   <div class='ocr_carea' id='block_1_76' title="bbox 2161 2977 3811 3052">
    <p class='ocr_par' dir='ltr' id='par_1_76' title="bbox 2161 2977 3811 3052">
     <span class='ocr_line' id='line_1_76' title="bbox 2161 2977 3811 3052; baseline -0.002 -17"><span class='ocrx_word' id='word_1_554' title='bbox 2161 2996 2298 3052; x_wconf 90' lang='lat' dir='ltr'><strong><em>ergo</em></strong></span> <span class='ocrx_word' id='word_1_555' title='bbox 2332 2979 2479 3033; x_wconf 82' lang='lat' dir='ltr'><strong><em>dixit</em></strong></span> <span class='ocrx_word' id='word_1_556' title='bbox 2506 2977 2706 3044; x_wconf 75' lang='grc' dir='ltr'>ἱκανοὶ,</span> <span class='ocrx_word' id='word_1_557' title='bbox 2740 2977 2984 3049; x_wconf 91' lang='lat' dir='ltr'><strong><em>quidam</em></strong></span> <span class='ocrx_word' id='word_1_558' title='bbox 3015 2978 3458 3044; x_wconf 88' lang='lat' dir='ltr'><strong><em>intellexerunt,</em></strong></span> <span class='ocrx_word' id='word_1_559' title='bbox 3495 3001 3522 3027; x_wconf 84' lang='grc'><strong><em>‹‹</em></strong></span> <span class='ocrx_word' id='word_1_560' title='bbox 3557 2977 3749 3043; x_wconf 84' lang='lat' dir='ltr'><strong><em>Multi,</em></strong></span> <span class='ocrx_word' id='word_1_561' title='bbox 3785 3001 3811 3024; x_wconf 85' lang='grc'><strong>››</strong></span> 
     </span>
    </p>
   </div>
   <div class='ocr_carea' id='block_1_77' title="bbox 2159 3067 3811 3139">
    <p class='ocr_par' dir='ltr' id='par_1_77' title="bbox 2159 3067 3811 3139">
     <span class='ocr_line' id='line_1_77' title="bbox 2159 3067 3811 3139; baseline -0.003 -13"><span class='ocrx_word' id='word_1_562' title='bbox 2159 3074 2316 3137; x_wconf 84' lang='lat' dir='ltr'><strong><em>aut,«</em></strong></span> <span class='ocrx_word' id='word_1_563' title='bbox 2338 3067 2710 3123; x_wconf 79' lang='lat' dir='ltr'><strong><em>Sufﬁcientes</em></strong></span> <span class='ocrx_word' id='word_1_564' title='bbox 2735 3090 2760 3117; x_wconf 84' lang='lat'><strong>»</strong></span> <span class='ocrx_word' id='word_1_565' title='bbox 2783 3067 2857 3122; x_wconf 87' lang='lat' dir='ltr'><strong><em>ad</em></strong></span> <span class='ocrx_word' id='word_1_566' title='bbox 2889 3067 3066 3139; x_wconf 87' lang='lat' dir='ltr'><strong><em>hujus</em></strong></span> <span class='ocrx_word' id='word_1_567' title='bbox 3084 3067 3352 3122; x_wconf 86' lang='lat' dir='ltr'><strong><em>criminis</em></strong></span> <span class='ocrx_word' id='word_1_568' title='bbox 3371 3067 3811 3122; x_wconf 83' lang='lat' dir='ltr'><strong><em>correctionem</em></strong></span> 
     </span>
    </p>
   </div>
   <div class='ocr_carea' id='block_1_78' title="bbox 2163 3155 3810 3228">
    <p class='ocr_par' dir='ltr' id='par_1_78' title="bbox 2163 3155 3810 3228">
     <span class='ocr_line' id='line_1_78' title="bbox 2163 3155 3810 3228; baseline -0.002 -16"><span class='ocrx_word' id='word_1_569' title='bbox 2163 3159 2543 3213; x_wconf 88' lang='lat' dir='ltr'><strong><em>interierunt.</em></strong></span> <span class='ocrx_word' id='word_1_570' title='bbox 2573 3180 2599 3206; x_wconf 86' lang='lat'><strong>«</strong></span> <span class='ocrx_word' id='word_1_571' title='bbox 2621 3157 2855 3212; x_wconf 82' lang='lat' dir='ltr'><strong><em>Etenim</em></strong></span> <span class='ocrx_word' id='word_1_572' title='bbox 2876 3157 2924 3211; x_wconf 90' lang='lat' dir='ltr'><strong><em>si</em></strong></span> <span class='ocrx_word' id='word_1_573' title='bbox 2943 3174 3053 3211; x_wconf 89' lang='lat' dir='ltr'><strong><em>nos</em></strong></span> <span class='ocrx_word' id='word_1_574' title='bbox 3074 3156 3233 3227; x_wconf 90' lang='lat' dir='ltr'><strong><em>ipsos</em></strong></span> <span class='ocrx_word' id='word_1_575' title='bbox 3259 3155 3744 3228; x_wconf 68' lang='lat' dir='ltr'><strong><em>diiudicaremus.</em></strong></span> <span class='ocrx_word' id='word_1_576' title='bbox 3781 3177 3810 3205; x_wconf 84' lang='lat'><strong>»</strong></span> 
     </span>
    </p>
   </div>
   <div class='ocr_carea' id='block_1_79' title="bbox 2165 3245 3811 3316">
    <p class='ocr_par' dir='ltr' id='par_1_79' title="bbox 2165 3245 3811 3316">
     <span class='ocr_line' id='line_1_79' title="bbox 2165 3245 3811 3316; baseline -0.002 -14"><span class='ocrx_word' id='word_1_577' title='bbox 2165 3249 2289 3302; x_wconf 87' lang='lat' dir='ltr'><strong><em>Non</em></strong></span> <span class='ocrx_word' id='word_1_578' title='bbox 2321 3246 2482 3315; x_wconf 89' lang='lat' dir='ltr'><strong><em>dicit,</em></strong></span> <span class='ocrx_word' id='word_1_579' title='bbox 2515 3247 2571 3300; x_wconf 89' lang='lat' dir='ltr'><strong><em>Si</em></strong></span> <span class='ocrx_word' id='word_1_580' title='bbox 2631 3245 2905 3316; x_wconf 91' lang='lat' dir='ltr'><strong><em>nosipsos</em></strong></span> <span class='ocrx_word' id='word_1_581' title='bbox 2965 3245 3335 3316; x_wconf 82' lang='lat' dir='ltr'><strong><em>puniremus,</em></strong></span> <span class='ocrx_word' id='word_1_582' title='bbox 3396 3245 3500 3299; x_wconf 90' lang='lat' dir='ltr'><strong><em>sed</em></strong></span> <span class='ocrx_word' id='word_1_583' title='bbox 3558 3249 3811 3314; x_wconf 88' lang='lat' dir='ltr'><strong><em>tantum,</em></strong></span> 
     </span>
    </p>
   </div>
   <div class='ocr_carea' id='block_1_80' title="bbox 2163 3333 3816 3408">
    <p class='ocr_par' dir='ltr' id='par_1_80' title="bbox 2163 3333 3816 3408">
     <span class='ocr_line' id='line_1_80' title="bbox 2163 3333 3816 3408; baseline -0.001 -17"><span class='ocrx_word' id='word_1_584' title='bbox 2163 3359 2189 3384; x_wconf 92' lang='grc'><strong><em>‹‹</em></strong></span> <span class='ocrx_word' id='word_1_585' title='bbox 2226 3335 2720 3408; x_wconf 85' lang='lat' dir='ltr'><strong><em>Dijudicaremus,</em></strong></span> <span class='ocrx_word' id='word_1_586' title='bbox 2755 3335 2865 3389; x_wconf 91' lang='lat' dir='ltr'><strong><em>hoc</em></strong></span> <span class='ocrx_word' id='word_1_587' title='bbox 2898 3340 3005 3400; x_wconf 89' lang='lat' dir='ltr'><strong><em>est,</em></strong></span> <span class='ocrx_word' id='word_1_588' title='bbox 3042 3334 3090 3388; x_wconf 89' lang='lat' dir='ltr'><strong><em>si</em></strong></span> <span class='ocrx_word' id='word_1_589' title='bbox 3119 3333 3406 3389; x_wconf 88' lang='lat' dir='ltr'><strong><em>duntaxat</em></strong></span> <span class='ocrx_word' id='word_1_590' title='bbox 3435 3351 3544 3389; x_wconf 91' lang='lat' dir='ltr'><strong><em>nos</em></strong></span> <span class='ocrx_word' id='word_1_591' title='bbox 3565 3333 3726 3405; x_wconf 88' lang='lat' dir='ltr'><strong><em>ipsos</em></strong></span> <span class='ocrx_word' id='word_1_592' title='bbox 3749 3339 3816 3389; x_wconf 89' lang='lat' dir='ltr'><strong><em>ut</em></strong></span> 
     </span>
    </p>
   </div>
   <div class='ocr_carea' id='block_1_81' title="bbox 2162 3423 3814 3497">
    <p class='ocr_par' dir='ltr' id='par_1_81' title="bbox 2162 3423 3814 3497">
     <span class='ocr_line' id='line_1_81' title="bbox 2162 3423 3814 3497; baseline -0.003 -16"><span class='ocrx_word' id='word_1_593' title='bbox 2162 3431 2504 3497; x_wconf 88' lang='lat' dir='ltr'><strong><em>peccatores</em></strong></span> <span class='ocrx_word' id='word_1_594' title='bbox 2534 3424 3092 3490; x_wconf 88' lang='lat' dir='ltr'><strong><em>condemnaremus,</em></strong></span> <span class='ocrx_word' id='word_1_595' title='bbox 3126 3424 3332 3494; x_wconf 88' lang='lat' dir='ltr'><strong><em>utique</em></strong></span> <span class='ocrx_word' id='word_1_596' title='bbox 3365 3428 3424 3478; x_wconf 87' lang='lat' dir='ltr'><strong><em>et</em></strong></span> <span class='ocrx_word' id='word_1_597' title='bbox 3451 3441 3484 3478; x_wconf 90' lang='lat' dir='ltr'><strong><em>a</em></strong></span> <span class='ocrx_word' id='word_1_598' title='bbox 3504 3423 3814 3495; x_wconf 63' lang='lat' dir='ltr'><strong><em>praesenti-</em></strong></span> 
     </span>
    </p>
   </div>
   <div class='ocr_carea' id='block_1_82' title="bbox 2162 3512 3814 3585">
    <p class='ocr_par' dir='ltr' id='par_1_82' title="bbox 2162 3512 3814 3585">
     <span class='ocr_line' id='line_1_82' title="bbox 2162 3512 3814 3585; baseline -0.001 -16"><span class='ocrx_word' id='word_1_599' title='bbox 2162 3514 2274 3570; x_wconf 88' lang='lat' dir='ltr'><strong><em>bus</em></strong></span> <span class='ocrx_word' id='word_1_600' title='bbox 2307 3521 2364 3570; x_wconf 92' lang='lat' dir='ltr'><strong><em>et</em></strong></span> <span class='ocrx_word' id='word_1_601' title='bbox 2391 3513 2608 3570; x_wconf 86' lang='lat' dir='ltr'><strong><em>futuris</em></strong></span> <span class='ocrx_word' id='word_1_602' title='bbox 2640 3513 3032 3569; x_wconf 88' lang='lat' dir='ltr'><strong><em>liberaremur</em></strong></span> <span class='ocrx_word' id='word_1_603' title='bbox 3058 3512 3388 3585; x_wconf 88' lang='lat' dir='ltr'><strong><em>suppliciis.</em></strong></span> <span class='ocrx_word' id='word_1_604' title='bbox 3423 3515 3566 3568; x_wconf 88' lang='lat' dir='ltr'><strong><em>Nam</em></strong></span> <span class='ocrx_word' id='word_1_605' title='bbox 3599 3513 3814 3584; x_wconf 89' lang='lat' dir='ltr'><strong><em>quise-</em></strong></span> 
     </span>
    </p>
   </div>
   <div class='ocr_carea' id='block_1_83' title="bbox 2164 3602 3815 3675">
    <p class='ocr_par' dir='ltr' id='par_1_83' title="bbox 2164 3602 3815 3675">
     <span class='ocr_line' id='line_1_83' title="bbox 2164 3602 3815 3675; baseline 0 -17"><span class='ocrx_word' id='word_1_606' title='bbox 2164 3603 2361 3675; x_wconf 91' lang='lat' dir='ltr'><strong><em>ipsum</em></strong></span> <span class='ocrx_word' id='word_1_607' title='bbox 2393 3603 2755 3660; x_wconf 85' lang='lat' dir='ltr'><strong><em>condemnat</em></strong></span> <span class='ocrx_word' id='word_1_608' title='bbox 2785 3610 2850 3658; x_wconf 92' lang='lat' dir='ltr'><strong><em>ut</em></strong></span> <span class='ocrx_word' id='word_1_609' title='bbox 2879 3608 3130 3674; x_wconf 80' lang='lat' dir='ltr'><strong><em>Oportet,</em></strong></span> <span class='ocrx_word' id='word_1_610' title='bbox 3169 3619 3548 3674; x_wconf 88' lang='lat' dir='ltr'><strong><em>nequaquam</em></strong></span> <span class='ocrx_word' id='word_1_611' title='bbox 3572 3603 3633 3657; x_wconf 88' lang='lat' dir='ltr'><strong><em>in</em></strong></span> <span class='ocrx_word' id='word_1_612' title='bbox 3658 3602 3815 3658; x_wconf 90' lang='lat' dir='ltr'><strong><em>idem</em></strong></span> 
     </span>
    </p>
   </div>
   <div class='ocr_carea' id='block_1_84' title="bbox 2163 3691 3815 3764">
    <p class='ocr_par' dir='ltr' id='par_1_84' title="bbox 2163 3691 3815 3764">
     <span class='ocr_line' id='line_1_84' title="bbox 2163 3691 3815 3764; baseline -0.001 -17"><span class='ocrx_word' id='word_1_613' title='bbox 2163 3699 2473 3764; x_wconf 91' lang='lat' dir='ltr'><strong><em>peccatum</em></strong></span> <span class='ocrx_word' id='word_1_614' title='bbox 2497 3693 2841 3763; x_wconf 89' lang='lat' dir='ltr'><strong><em>frequenter</em></strong></span> <span class='ocrx_word' id='word_1_615' title='bbox 2863 3691 3127 3747; x_wconf 88' lang='lat' dir='ltr'><strong><em>incidere</em></strong></span> <span class='ocrx_word' id='word_1_616' title='bbox 3155 3693 3393 3763; x_wconf 89' lang='lat' dir='ltr'><strong><em>poterit.</em></strong></span> <span class='ocrx_word' id='word_1_617' title='bbox 3421 3694 3566 3747; x_wconf 92' lang='lat' dir='ltr'><strong><em>Cum</em></strong></span> <span class='ocrx_word' id='word_1_618' title='bbox 3614 3698 3815 3747; x_wconf 87' lang='lat' dir='ltr'><strong><em>autem</em></strong></span> 
     </span>
    </p>
   </div>
   <div class='ocr_carea' id='block_1_85' title="bbox 2156 3780 3813 3854">
    <p class='ocr_par' dir='ltr' id='par_1_85' title="bbox 2156 3780 3813 3854">
     <span class='ocr_line' id='line_1_85' title="bbox 2156 3780 3813 3854; baseline -0.001 -18"><span class='ocrx_word' id='word_1_619' title='bbox 2156 3782 2503 3853; x_wconf 84' lang='lat' dir='ltr'><strong><em>judicamur</em></strong></span> <span class='ocrx_word' id='word_1_620' title='bbox 2531 3799 2564 3835; x_wconf 89' lang='lat' dir='ltr'><strong><em>a</em></strong></span> <span class='ocrx_word' id='word_1_621' title='bbox 2597 3781 2853 3836; x_wconf 88' lang='lat' dir='ltr'><strong><em>Domini.</em></strong></span> <span class='ocrx_word' id='word_1_622' title='bbox 2886 3802 2910 3831; x_wconf 76' lang='grc' dir='ltr'>ι</span> <span class='ocrx_word' id='word_1_623' title='bbox 2949 3781 3238 3845; x_wconf 87' lang='lat' dir='ltr'><strong><em>Quoniam</em></strong></span> <span class='ocrx_word' id='word_1_624' title='bbox 3293 3797 3430 3854; x_wconf 89' lang='lat' dir='ltr'><strong><em>ergo</em></strong></span> <span class='ocrx_word' id='word_1_625' title='bbox 3489 3797 3618 3835; x_wconf 84' lang='lat' dir='ltr'><strong><em>rem</em></strong></span> <span class='ocrx_word' id='word_1_626' title='bbox 3667 3780 3813 3836; x_wconf 88' lang='lat' dir='ltr'><strong><em>adeo</em></strong></span> 
     </span>
    </p>
   </div>
   <div class='ocr_carea' id='block_1_86' title="bbox 2160 3869 3809 3940">
    <p class='ocr_par' dir='ltr' id='par_1_86' title="bbox 2160 3869 3809 3940">
     <span class='ocr_line' id='line_1_86' title="bbox 2160 3869 3809 3940; baseline -0.003 -14"><span class='ocrx_word' id='word_1_627' title='bbox 2160 3871 2352 3926; x_wconf 88' lang='lat' dir='ltr'><strong><em>levem</em></strong></span> <span class='ocrx_word' id='word_1_628' title='bbox 2376 3887 2494 3924; x_wconf 93' lang='lat' dir='ltr'><strong><em>non</em></strong></span> <span class='ocrx_word' id='word_1_629' title='bbox 2518 3869 2766 3924; x_wconf 82' lang='lat' dir='ltr'><strong><em>facimus</em></strong></span> <span class='ocrx_word' id='word_1_630' title='bbox 2798 3875 2861 3924; x_wconf 91' lang='lat' dir='ltr'><strong><em>ut</em></strong></span> <span class='ocrx_word' id='word_1_631' title='bbox 2894 3869 3168 3940; x_wconf 86' lang='lat' dir='ltr'><strong><em>nosipsos</em></strong></span> <span class='ocrx_word' id='word_1_632' title='bbox 3193 3869 3700 3924; x_wconf 89' lang='lat' dir='ltr'><strong><em>condemnemus:</em></strong></span> <span class='ocrx_word' id='word_1_633' title='bbox 3735 3885 3809 3922; x_wconf 86' lang='lat' dir='ltr'><strong><em>ne</em></strong></span> 
     </span>
    </p>
   </div>
   <div class='ocr_carea' id='block_1_87' title="bbox 2165 3956 3815 4030">
    <p class='ocr_par' dir='ltr' id='par_1_87' title="bbox 2165 3956 3815 4030">
     <span class='ocr_line' id='line_1_87' title="bbox 2165 3956 3815 4030; baseline -0.001 -17"><span class='ocrx_word' id='word_1_634' title='bbox 2165 3960 2247 4014; x_wconf 91' lang='lat' dir='ltr'><strong><em>ita</em></strong></span> <span class='ocrx_word' id='word_1_635' title='bbox 2268 3959 2511 4030; x_wconf 89' lang='lat' dir='ltr'><strong><em>quidem</em></strong></span> <span class='ocrx_word' id='word_1_636' title='bbox 2539 3963 2761 4012; x_wconf 87' lang='lat' dir='ltr'><strong><em>temere</em></strong></span> <span class='ocrx_word' id='word_1_637' title='bbox 2785 3959 2939 4012; x_wconf 88' lang='lat' dir='ltr'><strong><em>Deus</em></strong></span> <span class='ocrx_word' id='word_1_638' title='bbox 2962 3957 3272 4026; x_wconf 89' lang='lat' dir='ltr'><strong><em>interimit,</em></strong></span> <span class='ocrx_word' id='word_1_639' title='bbox 3295 3957 3397 4012; x_wconf 89' lang='lat' dir='ltr'><strong><em>sed</em></strong></span> <span class='ocrx_word' id='word_1_640' title='bbox 3420 3956 3669 4028; x_wconf 79' lang='lat' dir='ltr'><strong><em>castigat</em></strong></span> <span class='ocrx_word' id='word_1_641' title='bbox 3698 3957 3815 4024; x_wconf 87' lang='lat' dir='ltr'><strong><em>hic,</em></strong></span> 
     </span>
    </p>
   </div>
   <div class='ocr_carea' id='block_1_88' title="bbox 2162 4045 3817 4118">
    <p class='ocr_par' dir='ltr' id='par_1_88' title="bbox 2162 4045 3817 4118">
     <span class='ocr_line' id='line_1_88' title="bbox 2162 4045 3817 4118; baseline -0.001 -16"><span class='ocrx_word' id='word_1_642' title='bbox 2162 4053 2228 4103; x_wconf 91' lang='lat' dir='ltr'><strong><em>ut</em></strong></span> <span class='ocrx_word' id='word_1_643' title='bbox 2256 4048 2336 4102; x_wconf 89' lang='lat' dir='ltr'><strong><em>ibi</em></strong></span> <span class='ocrx_word' id='word_1_644' title='bbox 2371 4048 2742 4102; x_wconf 87' lang='lat' dir='ltr'><strong><em>misereatur.</em></strong></span> <span class='ocrx_word' id='word_1_645' title='bbox 2779 4069 2805 4094; x_wconf 84' lang='lat'><strong><em>«</em></strong></span> <span class='ocrx_word' id='word_1_646' title='bbox 2840 4047 3225 4118; x_wconf 88' lang='lat' dir='ltr'><strong><em>Corripimur.</em></strong></span> <span class='ocrx_word' id='word_1_647' title='bbox 3262 4069 3288 4095; x_wconf 85' lang='lat'>»</span> <span class='ocrx_word' id='word_1_648' title='bbox 3318 4047 3435 4101; x_wconf 84' lang='lat' dir='ltr'><strong><em>Hoc</em></strong></span> <span class='ocrx_word' id='word_1_649' title='bbox 3472 4051 3579 4113; x_wconf 88' lang='lat' dir='ltr'><strong><em>est,</em></strong></span> <span class='ocrx_word' id='word_1_650' title='bbox 3614 4045 3817 4101; x_wconf 87' lang='lat' dir='ltr'><strong><em>admo-</em></strong></span> 
     </span>
    </p>
   </div>
   <div class='ocr_carea' id='block_1_89' title="bbox 2163 4135 3818 4202">
    <p class='ocr_par' dir='ltr' id='par_1_89' title="bbox 2163 4135 3818 4202">
     <span class='ocr_line' id='line_1_89' title="bbox 2163 4135 3818 4202; baseline -0.003 -9"><span class='ocrx_word' id='word_1_651' title='bbox 2163 4155 2399 4194; x_wconf 90' lang='lat' dir='ltr'><strong><em>nemur.</em></strong></span> <span class='ocrx_word' id='word_1_652' title='bbox 2424 4139 2551 4191; x_wconf 86' lang='lat' dir='ltr'><strong><em>Non</em></strong></span> <span class='ocrx_word' id='word_1_653' title='bbox 2581 4137 2739 4191; x_wconf 90' lang='lat' dir='ltr'><strong><em>enim</em></strong></span> <span class='ocrx_word' id='word_1_654' title='bbox 2760 4136 2908 4191; x_wconf 87' lang='lat' dir='ltr'><strong><em>dixit</em></strong></span> <span class='ocrx_word' id='word_1_655' title='bbox 2939 4153 2950 4190; x_wconf 90' lang='lat'>:</span> <span class='ocrx_word' id='word_1_656' title='bbox 2985 4159 3011 4183; x_wconf 91' lang='grc'><strong><em>‹‹</em></strong></span> <span class='ocrx_word' id='word_1_657' title='bbox 3046 4136 3354 4202; x_wconf 86' lang='lat' dir='ltr'><strong><em>Punimur,</em></strong></span> <span class='ocrx_word' id='word_1_658' title='bbox 3387 4158 3416 4185; x_wconf 87' lang='lat'>»</span> <span class='ocrx_word' id='word_1_659' title='bbox 3450 4135 3554 4190; x_wconf 91' lang='lat' dir='ltr'><strong><em>sed</em></strong></span> <span class='ocrx_word' id='word_1_660' title='bbox 3589 4158 3615 4184; x_wconf 88' lang='grc'><strong><em>‹‹</em></strong></span> <span class='ocrx_word' id='word_1_661' title='bbox 3676 4136 3818 4189; x_wconf 88' lang='lat' dir='ltr'><strong><em>Cor-</em></strong></span> 
     </span>
    </p>
   </div>
   <div class='ocr_carea' id='block_1_90' title="bbox 2161 4225 3814 4300">
    <p class='ocr_par' dir='ltr' id='par_1_90' title="bbox 2161 4225 3814 4300">
     <span class='ocr_line' id='line_1_90' title="bbox 2161 4225 3814 4300; baseline -0.002 -18"><span class='ocrx_word' id='word_1_662' title='bbox 2161 4228 2468 4300; x_wconf 80' lang='lat' dir='ltr'><strong><em>ripimur,»</em></strong></span> <span class='ocrx_word' id='word_1_663' title='bbox 2485 4232 2769 4298; x_wconf 87' lang='lat' dir='ltr'><strong><em>tanquam</em></strong></span> <span class='ocrx_word' id='word_1_664' title='bbox 2784 4227 2937 4282; x_wconf 89' lang='lat' dir='ltr'><strong><em>facta</em></strong></span> <span class='ocrx_word' id='word_1_665' title='bbox 2950 4227 3026 4281; x_wconf 90' lang='lat' dir='ltr'><strong><em>sit</em></strong></span> <span class='ocrx_word' id='word_1_666' title='bbox 3055 4226 3382 4281; x_wconf 89' lang='lat' dir='ltr'><strong><em>admonitio</em></strong></span> <span class='ocrx_word' id='word_1_667' title='bbox 3406 4243 3472 4280; x_wconf 89' lang='lat' dir='ltr'><strong><em>ac</em></strong></span> <span class='ocrx_word' id='word_1_668' title='bbox 3496 4225 3814 4281; x_wconf 89' lang='lat' dir='ltr'><strong><em>correctio.</em></strong></span> 
     </span>
    </p>
   </div>
   <div class='ocr_carea' id='block_1_91' title="bbox 2167 4313 3819 4372">
    <p class='ocr_par' dir='ltr' id='par_1_91' title="bbox 2167 4313 3819 4372">
     <span class='ocr_line' id='line_1_91' title="bbox 2167 4313 3819 4372; baseline -0.003 0"><span class='ocrx_word' id='word_1_669' title='bbox 2167 4338 2194 4366; x_wconf 83' lang='lat'><strong>«</strong></span> <span class='ocrx_word' id='word_1_670' title='bbox 2226 4319 2304 4372; x_wconf 83' lang='lat' dir='ltr'><strong><em>Ne</em></strong></span> <span class='ocrx_word' id='word_1_671' title='bbox 2333 4334 2468 4372; x_wconf 90' lang='lat' dir='ltr'><strong><em>cum</em></strong></span> <span class='ocrx_word' id='word_1_672' title='bbox 2499 4315 2723 4371; x_wconf 90' lang='lat' dir='ltr'><strong><em>mundo</em></strong></span> <span class='ocrx_word' id='word_1_673' title='bbox 2757 4314 3246 4371; x_wconf 91' lang='lat' dir='ltr'><strong><em>condemnemur.</em></strong></span> <span class='ocrx_word' id='word_1_674' title='bbox 3286 4337 3314 4364; x_wconf 88' lang='lat'>»</span> <span class='ocrx_word' id='word_1_675' title='bbox 3346 4315 3631 4370; x_wconf 83' lang='lat' dir='ltr'><strong><em>Mundam</em></strong></span> <span class='ocrx_word' id='word_1_676' title='bbox 3672 4313 3819 4369; x_wconf 83' lang='lat' dir='ltr'><strong><em>dixit</em></strong></span> 
     </span>
    </p>
   </div>
   <div class='ocr_carea' id='block_1_92' title="bbox 2164 4402 3816 4476">
    <p class='ocr_par' dir='ltr' id='par_1_92' title="bbox 2164 4402 3816 4476">
     <span class='ocr_line' id='line_1_92' title="bbox 2164 4402 3816 4476; baseline -0.004 -14"><span class='ocrx_word' id='word_1_677' title='bbox 2164 4405 2436 4462; x_wconf 85' lang='lat' dir='ltr'><strong><em>homines</em></strong></span> <span class='ocrx_word' id='word_1_678' title='bbox 2468 4405 2655 4476; x_wconf 89' lang='lat' dir='ltr'><strong><em>quiin</em></strong></span> <span class='ocrx_word' id='word_1_679' title='bbox 2687 4403 3102 4460; x_wconf 90' lang='lat' dir='ltr'><strong><em>incredulitate</em></strong></span> <span class='ocrx_word' id='word_1_680' title='bbox 3161 4409 3220 4458; x_wconf 91' lang='lat' dir='ltr'><strong><em>et</em></strong></span> <span class='ocrx_word' id='word_1_681' title='bbox 3277 4408 3519 4475; x_wconf 89' lang='lat' dir='ltr'><strong><em>peccato</em></strong></span> <span class='ocrx_word' id='word_1_682' title='bbox 3575 4402 3816 4475; x_wconf 89' lang='lat' dir='ltr'><strong><em>degunt.</em></strong></span> 
     </span>
    </p>
   </div>
   <div class='ocr_carea' id='block_1_93' title="bbox 2167 4493 3822 4564">
    <p class='ocr_par' dir='ltr' id='par_1_93' title="bbox 2167 4493 3822 4564">
     <span class='ocr_line' id='line_1_93' title="bbox 2167 4493 3822 4564; baseline 0 -17"><span class='ocrx_word' id='word_1_683' title='bbox 2167 4493 2320 4548; x_wconf 89' lang='lat' dir='ltr'><strong><em>Dicit</em></strong></span> <span class='ocrx_word' id='word_1_684' title='bbox 2339 4500 2536 4549; x_wconf 90' lang='lat' dir='ltr'><strong><em>autem</em></strong></span> <span class='ocrx_word' id='word_1_685' title='bbox 2560 4493 2718 4564; x_wconf 90' lang='lat' dir='ltr'><strong><em>quod</em></strong></span> <span class='ocrx_word' id='word_1_686' title='bbox 2743 4493 2950 4548; x_wconf 86' lang='lat' dir='ltr'><strong><em>fideles</em></strong></span> <span class='ocrx_word' id='word_1_687' title='bbox 2973 4510 3039 4548; x_wconf 91' lang='lat' dir='ltr'><strong><em>ac</em></strong></span> <span class='ocrx_word' id='word_1_688' title='bbox 3058 4494 3159 4548; x_wconf 91' lang='lat' dir='ltr'><strong><em>Dei</em></strong></span> <span class='ocrx_word' id='word_1_689' title='bbox 3183 4493 3443 4548; x_wconf 90' lang='lat' dir='ltr'><strong><em>cultores</em></strong></span> <span class='ocrx_word' id='word_1_690' title='bbox 3473 4493 3548 4546; x_wconf 91' lang='lat' dir='ltr'><strong><em>ob</em></strong></span> <span class='ocrx_word' id='word_1_691' title='bbox 3577 4497 3822 4564; x_wconf 87' lang='lat' dir='ltr'><strong><em>peccata</em></strong></span> 
     </span>
    </p>
   </div>
   <div class='ocr_carea' id='block_1_94' title="bbox 402 4561 2056 4653">
    <p class='ocr_par' dir='ltr' id='par_1_94' title="bbox 402 4573 2055 4653">
     <span class='ocr_line' id='line_1_94' title="bbox 402 4573 2055 4653; baseline -0.002 -19"><span class='ocrx_word' id='word_1_692' title='bbox 402 4577 480 4653; x_wconf 72' lang='grc' dir='ltr'>δὲ,</span> <span class='ocrx_word' id='word_1_693' title='bbox 511 4580 610 4635; x_wconf 78' lang='grc' dir='ltr'>οὐκ</span> <span class='ocrx_word' id='word_1_694' title='bbox 638 4582 778 4646; x_wconf 87' lang='grc' dir='ltr'>εἷπε,</span> <span class='ocrx_word' id='word_1_695' title='bbox 805 4585 929 4640; x_wconf 88' lang='grc' dir='ltr'>Τοῖς</span> <span class='ocrx_word' id='word_1_696' title='bbox 978 4577 1168 4648; x_wconf 78' lang='grc' dir='ltr'>πένησι</span> <span class='ocrx_word' id='word_1_697' title='bbox 1223 4573 1564 4650; x_wconf 80' lang='grc' dir='ltr'>μεταδίδοτε,</span> <span class='ocrx_word' id='word_1_698' title='bbox 1621 4575 1769 4631; x_wconf 72' lang='grc' dir='ltr'><strong><em>ἀλλά</em></strong></span> <span class='ocrx_word' id='word_1_699' title='bbox 1808 4577 1872 4631; x_wconf 88' lang='grc' dir='ltr'>τὸ</span> <span class='ocrx_word' id='word_1_700' title='bbox 1929 4597 2055 4649; x_wconf 83' lang='grc' dir='ltr'>σεμ-</span> 
     </span>
    </p>
   </div>
   <div class='ocr_carea' id='block_1_95' title="bbox 2168 4561 3820 4653">
    <p class='ocr_par' dir='ltr' id='par_1_95' title="bbox 2169 4581 3820 4653">
     <span class='ocr_line' id='line_1_95' title="bbox 2169 4581 3820 4653; baseline -0.001 -17"><span class='ocrx_word' id='word_1_701' title='bbox 2169 4582 2264 4637; x_wconf 87' lang='lat' dir='ltr'><strong><em>hic</em></strong></span> <span class='ocrx_word' id='word_1_702' title='bbox 2295 4583 2647 4653; x_wconf 89' lang='lat' dir='ltr'><strong><em>puniuntur,</em></strong></span> <span class='ocrx_word' id='word_1_703' title='bbox 2679 4599 2754 4637; x_wconf 90' lang='lat' dir='ltr'><strong><em>ne</em></strong></span> <span class='ocrx_word' id='word_1_704' title='bbox 2782 4583 2842 4637; x_wconf 91' lang='lat' dir='ltr'><strong><em>in</em></strong></span> <span class='ocrx_word' id='word_1_705' title='bbox 2873 4581 3071 4637; x_wconf 87' lang='lat' dir='ltr'><strong><em>futuro</em></strong></span> <span class='ocrx_word' id='word_1_706' title='bbox 3133 4599 3266 4637; x_wconf 90' lang='lat' dir='ltr'><strong><em>cum</em></strong></span> <span class='ocrx_word' id='word_1_707' title='bbox 3326 4581 3557 4636; x_wconf 73' lang='lat' dir='ltr'><strong><em>cmteris</em></strong></span> <span class='ocrx_word' id='word_1_708' title='bbox 3614 4598 3820 4651; x_wconf 71' lang='lat' dir='ltr'><strong><em>poenas</em></strong></span> 
     </span>
    </p>
   </div>
   <div class='ocr_carea' id='block_1_96' title="bbox 399 4663 2053 4744">
    <p class='ocr_par' dir='ltr' id='par_1_96' title="bbox 399 4663 2053 4744">
     <span class='ocr_line' id='line_1_96' title="bbox 399 4663 2053 4744; baseline -0.002 -20"><span class='ocrx_word' id='word_1_709' title='bbox 399 4670 636 4744; x_wconf 86' lang='grc' dir='ltr'>νότερον,</span> <span class='ocrx_word' id='word_1_710' title='bbox 661 4694 688 4722; x_wconf 93' lang='grc'><strong><em>‹‹</em></strong></span> <span class='ocrx_word' id='word_1_711' title='bbox 717 4666 1036 4739; x_wconf 82' lang='grc' dir='ltr'>Ἀλλήλους</span> <span class='ocrx_word' id='word_1_712' title='bbox 1059 4663 1366 4742; x_wconf 76' lang='grc' dir='ltr'>ἐκδέχεσθε,</span> <span class='ocrx_word' id='word_1_713' title='bbox 1391 4689 1418 4716; x_wconf 89' lang='grc'><strong>››</strong></span> <span class='ocrx_word' id='word_1_714' title='bbox 1443 4665 1516 4728; x_wconf 84' lang='grc' dir='ltr'>ὡς</span> <span class='ocrx_word' id='word_1_715' title='bbox 1532 4669 1729 4720; x_wconf 88' lang='grc' dir='ltr'>κοινῶν</span> <span class='ocrx_word' id='word_1_716' title='bbox 1757 4663 1926 4722; x_wconf 84' lang='grc' dir='ltr'>ὄντων</span> <span class='ocrx_word' id='word_1_717' title='bbox 1945 4672 2053 4722; x_wconf 87' lang='grc' dir='ltr'><strong><em>τῶν</em></strong></span> 
     </span>
    </p>
   </div>
   <div class='ocr_carea' id='block_1_97' title="bbox 407 4753 2054 4840">
    <p class='ocr_par' dir='ltr' id='par_1_97' title="bbox 407 4753 2054 4840">
     <span class='ocr_line' id='line_1_97' title="bbox 407 4753 2054 4840; baseline 0 -27"><span class='ocrx_word' id='word_1_718' title='bbox 407 4758 575 4815; x_wconf 84' lang='grc' dir='ltr'>ἐκεῖσε</span> <span class='ocrx_word' id='word_1_719' title='bbox 634 4758 1031 4840; x_wconf 75' lang='grc' dir='ltr'>εἰσφερομένων</span> <span class='ocrx_word' id='word_1_720' title='bbox 1118 4753 1452 4830; x_wconf 79' lang='grc' dir='ltr'>ἐδεσμάτων,</span> <span class='ocrx_word' id='word_1_721' title='bbox 1538 4757 1627 4816; x_wconf 86' lang='grc' dir='ltr'>Ὧς</span> <span class='ocrx_word' id='word_1_722' title='bbox 1707 4755 1798 4831; x_wconf 79' lang='grc' dir='ltr'><strong><em>ὅγε</em></strong></span> <span class='ocrx_word' id='word_1_723' title='bbox 1869 4763 2054 4828; x_wconf 74' lang='grc' dir='ltr'>τοῦτο,</span> 
     </span>
    </p>
   </div>
   <div class='ocr_carea' id='block_1_98' title="bbox 408 4845 2054 4925">
    <p class='ocr_par' dir='ltr' id='par_1_98' title="bbox 408 4845 2054 4925">
     <span class='ocr_line' id='line_1_98' title="bbox 408 4845 2054 4925; baseline 0.001 -23"><span class='ocrx_word' id='word_1_724' title='bbox 408 4849 564 4925; x_wconf 80' lang='grc' dir='ltr'>φησὶ,</span> <span class='ocrx_word' id='word_1_725' title='bbox 596 4851 672 4922; x_wconf 80' lang='grc' dir='ltr'>μή</span> <span class='ocrx_word' id='word_1_726' title='bbox 704 4853 906 4922; x_wconf 89' lang='grc' dir='ltr'>ποιῶν,</span> <span class='ocrx_word' id='word_1_727' title='bbox 954 4846 1168 4916; x_wconf 80' lang='grc' dir='ltr'>ἀνάξιός</span> <span class='ocrx_word' id='word_1_728' title='bbox 1233 4845 1346 4900; x_wconf 78' lang='grc' dir='ltr'>ἐστι</span> <span class='ocrx_word' id='word_1_729' title='bbox 1411 4851 1513 4915; x_wconf 80' lang='grc' dir='ltr'><strong><em>τῆς</em></strong></span> <span class='ocrx_word' id='word_1_730' title='bbox 1568 4852 1834 4918; x_wconf 83' lang='grc' dir='ltr'>μυστικῆς</span> <span class='ocrx_word' id='word_1_731' title='bbox 1892 4868 2054 4920; x_wconf 84' lang='grc' dir='ltr'>μετα-</span> 
     </span>
    </p>
   </div>
   <div class='ocr_carea' id='block_1_99' title="bbox 408 4932 2049 5015">
    <p class='ocr_par' dir='ltr' id='par_1_99' title="bbox 408 4932 2049 5015">
     <span class='ocr_line' id='line_1_99' title="bbox 408 4932 2049 5015; baseline -0.002 -22"><span class='ocrx_word' id='word_1_732' title='bbox 408 4934 646 5012; x_wconf 76' lang='grc' dir='ltr'>λήψεως.</span> <span class='ocrx_word' id='word_1_733' title='bbox 686 4962 714 4991; x_wconf 91' lang='grc'>‹‹</span> <span class='ocrx_word' id='word_1_734' title='bbox 741 4940 924 5007; x_wconf 86' lang='grc' dir='ltr'>Ὥστε,</span> <span class='ocrx_word' id='word_1_735' title='bbox 957 4933 1184 5014; x_wconf 75' lang='grc' dir='ltr'>ἀδελφοί</span> <span class='ocrx_word' id='word_1_736' title='bbox 1220 4955 1344 5009; x_wconf 89' lang='grc' dir='ltr'>μου,</span> <span class='ocrx_word' id='word_1_737' title='bbox 1373 4932 1660 5006; x_wconf 72' lang='grc' dir='ltr'>ἀλλήλους</span> <span class='ocrx_word' id='word_1_738' title='bbox 1693 4932 1999 5015; x_wconf 78' lang='grc' dir='ltr'>ἐκδέχεσθε.</span> <span class='ocrx_word' id='word_1_739' title='bbox 2029 4963 2049 4989; x_wconf 72' lang='grc' dir='ltr'>ι</span> 
     </span>
    </p>
   </div>
   <div class='ocr_carea' id='block_1_100' title="bbox 402 5021 2054 5102">
    <p class='ocr_par' dir='ltr' id='par_1_100' title="bbox 402 5021 2054 5102">
     <span class='ocr_line' id='line_1_100' title="bbox 402 5021 2054 5102; baseline -0.001 -19"><span class='ocrx_word' id='word_1_740' title='bbox 402 5060 469 5069; x_wconf 89' lang='grc'><strong>-</strong></span> <span class='ocrx_word' id='word_1_741' title='bbox 511 5029 722 5102; x_wconf 81' lang='grc' dir='ltr'><strong><em>[ΦΩΤ.]</em></strong></span> <span class='ocrx_word' id='word_1_742' title='bbox 781 5027 974 5095; x_wconf 84' lang='grc' dir='ltr'>Διατί;</span> <span class='ocrx_word' id='word_1_743' title='bbox 1034 5027 1150 5084; x_wconf 84' lang='grc' dir='ltr'>Ἰνα</span> <span class='ocrx_word' id='word_1_744' title='bbox 1211 5027 1287 5100; x_wconf 83' lang='grc' dir='ltr'>μή</span> <span class='ocrx_word' id='word_1_745' title='bbox 1347 5025 1578 5096; x_wconf 77' lang='grc' dir='ltr'>ἀναξίως</span> <span class='ocrx_word' id='word_1_746' title='bbox 1635 5021 1894 5100; x_wconf 82' lang='grc' dir='ltr'>δειχθῆτε</span> <span class='ocrx_word' id='word_1_747' title='bbox 1959 5032 2054 5082; x_wconf 74' lang='grc' dir='ltr'><strong><em>τοῦ</em></strong></span> 
     </span>
    </p>
   </div>
   <div class='ocr_carea' id='block_1_101' title="bbox 403 5112 2054 5192">
    <p class='ocr_par' dir='ltr' id='par_1_101' title="bbox 403 5112 2054 5192">
     <span class='ocr_line' id='line_1_101' title="bbox 403 5112 2054 5192; baseline 0 -20"><span class='ocrx_word' id='word_1_748' title='bbox 403 5122 735 5174; x_wconf 82' lang='grc' dir='ltr'>Δεσποτικοῦ</span> <span class='ocrx_word' id='word_1_749' title='bbox 795 5117 1050 5190; x_wconf 86' lang='grc' dir='ltr'>σώματος</span> <span class='ocrx_word' id='word_1_750' title='bbox 1099 5115 1190 5171; x_wconf 87' lang='grc' dir='ltr'>καὶ</span> <span class='ocrx_word' id='word_1_751' title='bbox 1248 5119 1347 5171; x_wconf 79' lang='grc' dir='ltr'><strong><em>τοῦ</em></strong></span> <span class='ocrx_word' id='word_1_752' title='bbox 1405 5112 1639 5188; x_wconf 69' lang='grc' dir='ltr'>αἵματος</span> <span class='ocrx_word' id='word_1_753' title='bbox 1709 5115 2054 5192; x_wconf 83' lang='grc' dir='ltr'>μετέχοντες,</span> 
     </span>
    </p>
   </div>
   <div class='ocr_carea' id='block_1_102' title="bbox 399 5202 2056 5283">
    <p class='ocr_par' dir='ltr' id='par_1_102' title="bbox 399 5202 2056 5283">
     <span class='ocr_line' id='line_1_102' title="bbox 399 5202 2056 5283; baseline 0 -22"><span class='ocrx_word' id='word_1_754' title='bbox 399 5202 584 5283; x_wconf 82' lang='grc' dir='ltr'>ἔνοχοι</span> <span class='ocrx_word' id='word_1_755' title='bbox 617 5210 718 5262; x_wconf 77' lang='grc' dir='ltr'><strong><em>τοῦ</em></strong></span> <span class='ocrx_word' id='word_1_756' title='bbox 750 5206 1003 5280; x_wconf 87' lang='grc' dir='ltr'>σώματος</span> <span class='ocrx_word' id='word_1_757' title='bbox 1033 5204 1200 5260; x_wconf 75' lang='grc' dir='ltr'>αὐτοῦ</span> <span class='ocrx_word' id='word_1_758' title='bbox 1263 5212 1365 5274; x_wconf 82' lang='grc' dir='ltr'>τῆς</span> <span class='ocrx_word' id='word_1_759' title='bbox 1428 5203 1768 5277; x_wconf 82' lang='grc' dir='ltr'>ἀναιρέσεως,</span> <span class='ocrx_word' id='word_1_760' title='bbox 1817 5205 1908 5260; x_wconf 84' lang='grc' dir='ltr'><strong><em>καὶ</em></strong></span> <span class='ocrx_word' id='word_1_761' title='bbox 1959 5211 2056 5261; x_wconf 78' lang='grc' dir='ltr'><strong><em>τοῦ</em></strong></span> 
     </span>
    </p>
   </div>
   <div class='ocr_carea' id='block_1_103' title="bbox 400 5292 2054 5374">
    <p class='ocr_par' dir='ltr' id='par_1_103' title="bbox 400 5292 2054 5374">
     <span class='ocr_line' id='line_1_103' title="bbox 400 5292 2054 5374; baseline 0.001 -24"><span class='ocrx_word' id='word_1_762' title='bbox 400 5295 633 5370; x_wconf 77' lang='grc' dir='ltr'>αἳματος</span> <span class='ocrx_word' id='word_1_763' title='bbox 682 5302 785 5367; x_wconf 80' lang='grc' dir='ltr'><strong><em>τῆς</em></strong></span> <span class='ocrx_word' id='word_1_764' title='bbox 845 5294 1125 5374; x_wconf 78' lang='grc' dir='ltr'>ἐκχύσεως</span> <span class='ocrx_word' id='word_1_765' title='bbox 1181 5293 1487 5369; x_wconf 85' lang='grc' dir='ltr'>γενόμενοι,</span> <span class='ocrx_word' id='word_1_766' title='bbox 1566 5292 1938 5368; x_wconf 86' lang='grc' dir='ltr'>ἀπαραίτητον</span> <span class='ocrx_word' id='word_1_767' title='bbox 1992 5297 2054 5351; x_wconf 86' lang='grc' dir='ltr'>τὸ</span> 
     </span>
    </p>
   </div>
   <div class='ocr_carea' id='block_1_104' title="bbox 399 5380 2053 5461">
    <p class='ocr_par' dir='ltr' id='par_1_104' title="bbox 399 5380 2053 5461">
     <span class='ocr_line' id='line_1_104' title="bbox 399 5380 2053 5461; baseline 0.001 -21"><span class='ocrx_word' id='word_1_768' title='bbox 399 5391 571 5461; x_wconf 87' lang='grc' dir='ltr'>κρῖμα</span> <span class='ocrx_word' id='word_1_769' title='bbox 629 5384 820 5456; x_wconf 77' lang='grc' dir='ltr'>ἔξοιτε,</span> <span class='ocrx_word' id='word_1_770' title='bbox 871 5382 963 5438; x_wconf 69' lang='grc' dir='ltr'>’ἶνα</span> <span class='ocrx_word' id='word_1_771' title='bbox 1019 5385 1094 5458; x_wconf 71' lang='grc' dir='ltr'>μὴ</span> <span class='ocrx_word' id='word_1_772' title='bbox 1153 5381 1379 5458; x_wconf 85' lang='grc' dir='ltr'>κρίματι</span> <span class='ocrx_word' id='word_1_773' title='bbox 1438 5380 1755 5456; x_wconf 73' lang='grc' dir='ltr'>τηλικούτῳ</span> <span class='ocrx_word' id='word_1_774' title='bbox 1832 5405 2053 5460; x_wconf 82' lang='grc' dir='ltr'>περιπε-</span> 
     </span>
    </p>
   </div>
   <div class='ocr_carea' id='block_1_105' title="bbox 408 5472 2058 5550">
    <p class='ocr_par' dir='ltr' id='par_1_105' title="bbox 408 5472 2058 5550">
     <span class='ocr_line' id='line_1_105' title="bbox 408 5472 2058 5550; baseline 0 -19"><span class='ocrx_word' id='word_1_775' title='bbox 408 5476 708 5550; x_wconf 85' lang='grc' dir='ltr'>πτωκότες,</span> <span class='ocrx_word' id='word_1_776' title='bbox 764 5475 948 5537; x_wconf 89' lang='grc' dir='ltr'>νόσοις</span> <span class='ocrx_word' id='word_1_777' title='bbox 1006 5474 1096 5529; x_wconf 85' lang='grc' dir='ltr'>καὶ</span> <span class='ocrx_word' id='word_1_778' title='bbox 1181 5474 1375 5538; x_wconf 84' lang='grc' dir='ltr'>πάθεσι</span> <span class='ocrx_word' id='word_1_779' title='bbox 1457 5473 1547 5528; x_wconf 87' lang='grc' dir='ltr'>καὶ</span> <span class='ocrx_word' id='word_1_780' title='bbox 1628 5472 1840 5548; x_wconf 82' lang='grc' dir='ltr'>θανάτῳ</span> <span class='ocrx_word' id='word_1_781' title='bbox 1905 5472 2058 5531; x_wconf 80' lang='grc' dir='ltr'>ἐκδα-</span> 
     </span>
    </p>
   </div>
   <div class='ocr_carea' id='block_1_106' title="bbox 403 5559 2054 5637">
    <p class='ocr_par' dir='ltr' id='par_1_106' title="bbox 403 5559 2054 5637">
     <span class='ocr_line' id='line_1_106' title="bbox 403 5559 2054 5637; baseline 0.001 -19"><span class='ocrx_word' id='word_1_782' title='bbox 403 5565 756 5636; x_wconf 86' lang='grc' dir='ltr'>πανηθείητε,</span> <span class='ocrx_word' id='word_1_783' title='bbox 782 5561 872 5620; x_wconf 70' lang='grc' dir='ltr'>’ίνα</span> <span class='ocrx_word' id='word_1_784' title='bbox 905 5563 981 5637; x_wconf 74' lang='grc' dir='ltr'>μὴ</span> <span class='ocrx_word' id='word_1_785' title='bbox 1015 5560 1078 5617; x_wconf 71' lang='grc' dir='ltr'>ἄν</span> <span class='ocrx_word' id='word_1_786' title='bbox 1119 5563 1196 5636; x_wconf 88' lang='grc' dir='ltr'>μή</span> <span class='ocrx_word' id='word_1_787' title='bbox 1254 5563 1471 5626; x_wconf 81' lang='grc' dir='ltr'>τούτοις</span> <span class='ocrx_word' id='word_1_788' title='bbox 1531 5559 1782 5619; x_wconf 86' lang='grc' dir='ltr'>ἀποδῶτε</span> <span class='ocrx_word' id='word_1_789' title='bbox 1835 5565 1934 5633; x_wconf 80' lang='grc' dir='ltr'><strong><em>τήν</em></strong></span> <span class='ocrx_word' id='word_1_790' title='bbox 1966 5562 2054 5620; x_wconf 79' lang='grc' dir='ltr'><strong><em>ἔκ-</em></strong></span> 
     </span>
    </p>
   </div>
   <div class='ocr_carea' id='block_1_107' title="bbox 401 5648 2055 5728">
    <p class='ocr_par' dir='ltr' id='par_1_107' title="bbox 401 5648 2055 5728">
     <span class='ocr_line' id='line_1_107' title="bbox 401 5648 2055 5728; baseline 0.001 -21"><span class='ocrx_word' id='word_1_791' title='bbox 401 5673 563 5723; x_wconf 88' lang='grc' dir='ltr'>τισιν,</span> <span class='ocrx_word' id='word_1_792' title='bbox 626 5654 701 5718; x_wconf 83' lang='grc' dir='ltr'>εἷς</span> <span class='ocrx_word' id='word_1_793' title='bbox 758 5653 1056 5728; x_wconf 76' lang='grc' dir='ltr'>ἀπέραντον</span> <span class='ocrx_word' id='word_1_794' title='bbox 1121 5648 1348 5707; x_wconf 84' lang='grc' dir='ltr'>κόλασιν</span> <span class='ocrx_word' id='word_1_795' title='bbox 1436 5649 1529 5706; x_wconf 79' lang='grc' dir='ltr'>σὺν</span> <span class='ocrx_word' id='word_1_796' title='bbox 1610 5655 1728 5716; x_wconf 91' lang='grc' dir='ltr'>τοῖς</span> <span class='ocrx_word' id='word_1_797' title='bbox 1809 5652 2055 5715; x_wconf 86' lang='grc' dir='ltr'>ἀπίστοις</span> 
     </span>
    </p>
   </div>
   <div class='ocr_carea' id='block_1_108' title="bbox 726 5771 1444 5839">
    <p class='ocr_par' dir='ltr' id='par_1_108' title="bbox 726 5771 1444 5839">
     <span class='ocr_line' id='line_1_108' title="bbox 726 5771 1444 5839; baseline -0.01 0"><span class='ocrx_word' id='word_1_798' title='bbox 726 5778 982 5839; x_wconf 79' lang='grc' dir='ltr'>ΡΑτιιοι..</span> <span class='ocrx_word' id='word_1_799' title='bbox 1033 5775 1144 5838; x_wconf 78' lang='grc' dir='ltr'><strong><em>σι.</em></strong></span> <span class='ocrx_word' id='word_1_800' title='bbox 1177 5771 1444 5834; x_wconf 84' lang='lat' dir='ltr'><strong><em>CXVIII.</em></strong></span> 
     </span>
    </p>
   </div>
   <div class='ocr_carea' id='block_1_109' title="bbox 2166 4668 3821 4740">
    <p class='ocr_par' dir='ltr' id='par_1_109' title="bbox 2166 4668 3821 4740">
     <span class='ocr_line' id='line_1_109' title="bbox 2166 4668 3821 4740; baseline -0.001 -16"><span class='ocrx_word' id='word_1_801' title='bbox 2166 4670 2352 4726; x_wconf 91' lang='lat' dir='ltr'><strong><em>luant.</em></strong></span> <span class='ocrx_word' id='word_1_802' title='bbox 2381 4693 2408 4719; x_wconf 85' lang='lat'><strong>«</strong></span> <span class='ocrx_word' id='word_1_803' title='bbox 2431 4669 2633 4740; x_wconf 84' lang='lat' dir='ltr'><strong><em>Itaque</em></strong></span> <span class='ocrx_word' id='word_1_804' title='bbox 2650 4687 2787 4724; x_wconf 91' lang='lat' dir='ltr'><strong><em>cum</em></strong></span> <span class='ocrx_word' id='word_1_805' title='bbox 2827 4669 2902 4724; x_wconf 87' lang='lat' dir='ltr'><strong><em>ad</em></strong></span> <span class='ocrx_word' id='word_1_806' title='bbox 2946 4669 3242 4724; x_wconf 89' lang='lat' dir='ltr'><strong><em>edendum</em></strong></span> <span class='ocrx_word' id='word_1_807' title='bbox 3291 4669 3634 4725; x_wconf 84' lang='lat' dir='ltr'><strong><em>convenitis.</em></strong></span> <span class='ocrx_word' id='word_1_808' title='bbox 3671 4689 3698 4716; x_wconf 84' lang='lat'><strong>»</strong></span> <span class='ocrx_word' id='word_1_809' title='bbox 3733 4668 3821 4722; x_wconf 79' lang='lat' dir='ltr'><strong><em>Ad</em></strong></span> 
     </span>
    </p>
   </div>
   <div class='ocr_carea' id='block_1_110' title="bbox 2164 4755 3819 4832">
    <p class='ocr_par' dir='ltr' id='par_1_110' title="bbox 2164 4755 3819 4832">
     <span class='ocr_line' id='line_1_110' title="bbox 2164 4755 3819 4832; baseline -0.001 -19"><span class='ocrx_word' id='word_1_810' title='bbox 2164 4759 2424 4832; x_wconf 88' lang='lat' dir='ltr'><strong><em>priorem</em></strong></span> <span class='ocrx_word' id='word_1_811' title='bbox 2446 4757 2624 4812; x_wconf 90' lang='lat' dir='ltr'><strong><em>rediit</em></strong></span> <span class='ocrx_word' id='word_1_812' title='bbox 2643 4757 3331 4813; x_wconf 87' lang='lat' dir='ltr'><strong><em>sermonem.Considero</em></strong></span> <span class='ocrx_word' id='word_1_813' title='bbox 3354 4773 3490 4811; x_wconf 89' lang='lat' dir='ltr'><strong><em>vero</em></strong></span> <span class='ocrx_word' id='word_1_814' title='bbox 3515 4755 3674 4826; x_wconf 91' lang='lat' dir='ltr'><strong><em>quod</em></strong></span> <span class='ocrx_word' id='word_1_815' title='bbox 3698 4771 3819 4811; x_wconf 91' lang='lat' dir='ltr'><strong><em>non</em></strong></span> 
     </span>
    </p>
   </div>
   <div class='ocr_carea' id='block_1_111' title="bbox 2165 4847 3818 4921">
    <p class='ocr_par' dir='ltr' id='par_1_111' title="bbox 2165 4847 3818 4921">
     <span class='ocr_line' id='line_1_111' title="bbox 2165 4847 3818 4921; baseline -0.003 -15"><span class='ocrx_word' id='word_1_816' title='bbox 2165 4851 2411 4907; x_wconf 86' lang='lat' dir='ltr'><strong><em>dixerit:</em></strong></span> <span class='ocrx_word' id='word_1_817' title='bbox 2437 4849 2805 4921; x_wconf 88' lang='lat' dir='ltr'><strong><em>Pauperibus</em></strong></span> <span class='ocrx_word' id='word_1_818' title='bbox 2829 4850 3062 4916; x_wconf 88' lang='lat' dir='ltr'><strong><em>tradite,</em></strong></span> <span class='ocrx_word' id='word_1_819' title='bbox 3089 4847 3193 4904; x_wconf 88' lang='lat' dir='ltr'><strong><em>sed</em></strong></span> <span class='ocrx_word' id='word_1_820' title='bbox 3219 4847 3818 4913; x_wconf 84' lang='lat' dir='ltr'><strong><em>honestius,lnvicem</em></strong></span> 
     </span>
    </p>
   </div>
   <div class='ocr_carea' id='block_1_112' title="bbox 2163 4937 3822 5012">
    <p class='ocr_par' dir='ltr' id='par_1_112' title="bbox 2163 4937 3822 5012">
     <span class='ocr_line' id='line_1_112' title="bbox 2163 4937 3822 5012; baseline -0.004 -15"><span class='ocrx_word' id='word_1_821' title='bbox 2163 4942 2317 4998; x_wconf 89' lang='lat' dir='ltr'><strong><em>alius</em></strong></span> <span class='ocrx_word' id='word_1_822' title='bbox 2338 4941 2522 4996; x_wconf 90' lang='lat' dir='ltr'><strong><em>alium</em></strong></span> <span class='ocrx_word' id='word_1_823' title='bbox 2546 4945 2904 5012; x_wconf 85' lang='lat' dir='ltr'><strong><em>exspectate,</em></strong></span> <span class='ocrx_word' id='word_1_824' title='bbox 2931 4946 3214 5010; x_wconf 90' lang='lat' dir='ltr'><strong><em>tanquam</em></strong></span> <span class='ocrx_word' id='word_1_825' title='bbox 3234 4938 3577 4993; x_wconf 90' lang='lat' dir='ltr'><strong><em>communia</em></strong></span> <span class='ocrx_word' id='word_1_826' title='bbox 3597 4937 3822 4992; x_wconf 83' lang='lat' dir='ltr'><strong><em>fuerint</em></strong></span> 
     </span>
    </p>
   </div>
   <div class='ocr_carea' id='block_1_113' title="bbox 2165 5029 3817 5106">
    <p class='ocr_par' dir='ltr' id='par_1_113' title="bbox 2165 5029 3817 5106">
     <span class='ocr_line' id='line_1_113' title="bbox 2165 5029 3817 5106; baseline -0.004 -18"><span class='ocrx_word' id='word_1_827' title='bbox 2165 5051 2295 5106; x_wconf 62' lang='lat' dir='ltr'><strong><em>quae</em></strong></span> <span class='ocrx_word' id='word_1_828' title='bbox 2330 5033 2410 5088; x_wconf 90' lang='lat' dir='ltr'><strong><em>ibi</em></strong></span> <span class='ocrx_word' id='word_1_829' title='bbox 2443 5032 2856 5088; x_wconf 87' lang='lat' dir='ltr'><strong><em>inferebantur</em></strong></span> <span class='ocrx_word' id='word_1_830' title='bbox 2886 5031 3111 5086; x_wconf 89' lang='lat' dir='ltr'><strong><em>cibaria</em></strong></span> <span class='ocrx_word' id='word_1_831' title='bbox 3143 5048 3156 5086; x_wconf 90' lang='lat'><strong>:</strong></span> <span class='ocrx_word' id='word_1_832' title='bbox 3192 5035 3258 5085; x_wconf 91' lang='lat' dir='ltr'><strong><em>ut</em></strong></span> <span class='ocrx_word' id='word_1_833' title='bbox 3288 5029 3388 5100; x_wconf 88' lang='lat' dir='ltr'><strong><em>qui</em></strong></span> <span class='ocrx_word' id='word_1_834' title='bbox 3423 5029 3555 5094; x_wconf 86' lang='lat' dir='ltr'><strong><em>hoc,</em></strong></span> <span class='ocrx_word' id='word_1_835' title='bbox 3599 5029 3817 5099; x_wconf 88' lang='lat' dir='ltr'><strong><em>inquit,</em></strong></span> 
     </span>
    </p>
   </div>
   <div class='ocr_carea' id='block_1_114' title="bbox 2164 5117 3816 5194">
    <p class='ocr_par' dir='ltr' id='par_1_114' title="bbox 2164 5117 3816 5194">
     <span class='ocr_line' id='line_1_114' title="bbox 2164 5117 3816 5194; baseline -0.004 -16"><span class='ocrx_word' id='word_1_836' title='bbox 2164 5139 2286 5178; x_wconf 90' lang='lat' dir='ltr'><strong><em>non</em></strong></span> <span class='ocrx_word' id='word_1_837' title='bbox 2337 5122 2498 5188; x_wconf 85' lang='lat' dir='ltr'><strong><em>facit,</em></strong></span> <span class='ocrx_word' id='word_1_838' title='bbox 2557 5121 2808 5194; x_wconf 82' lang='lat' dir='ltr'><strong><em>mystica</em></strong></span> <span class='ocrx_word' id='word_1_839' title='bbox 2865 5120 3144 5192; x_wconf 89' lang='lat' dir='ltr'><strong><em>indignus</em></strong></span> <span class='ocrx_word' id='word_1_840' title='bbox 3205 5119 3280 5174; x_wconf 90' lang='lat' dir='ltr'><strong><em>sit</em></strong></span> <span class='ocrx_word' id='word_1_841' title='bbox 3340 5117 3816 5191; x_wconf 87' lang='lat' dir='ltr'><strong><em>participatione.</em></strong></span> 
     </span>
    </p>
   </div>
   <div class='ocr_carea' id='block_1_115' title="bbox 2166 5211 3821 5284">
    <p class='ocr_par' dir='ltr' id='par_1_115' title="bbox 2166 5211 3821 5284">
     <span class='ocr_line' id='line_1_115' title="bbox 2166 5211 3821 5284; baseline -0.002 -22"><span class='ocrx_word' id='word_1_842' title='bbox 2166 5236 2193 5262; x_wconf 89' lang='grc'><strong><em>‹‹</em></strong></span> <span class='ocrx_word' id='word_1_843' title='bbox 2228 5214 2454 5284; x_wconf 89' lang='lat' dir='ltr'><strong><em>Itaque,</em></strong></span> <span class='ocrx_word' id='word_1_844' title='bbox 2483 5213 2697 5268; x_wconf 81' lang='lat' dir='ltr'><strong><em>fratres</em></strong></span> <span class='ocrx_word' id='word_1_845' title='bbox 2728 5211 2866 5278; x_wconf 90' lang='lat' dir='ltr'><strong><em>mei,</em></strong></span> <span class='ocrx_word' id='word_1_846' title='bbox 2900 5211 3154 5266; x_wconf 89' lang='lat' dir='ltr'><strong><em>invicem</em></strong></span> <span class='ocrx_word' id='word_1_847' title='bbox 3185 5227 3287 5266; x_wconf 89' lang='lat' dir='ltr'><strong><em>vos</em></strong></span> <span class='ocrx_word' id='word_1_848' title='bbox 3319 5215 3648 5282; x_wconf 81' lang='lat' dir='ltr'><strong><em>expectate.</em></strong></span> <span class='ocrx_word' id='word_1_849' title='bbox 3679 5229 3708 5259; x_wconf 75' lang='grc' dir='ltr'>ιο</span> <span class='ocrx_word' id='word_1_850' title='bbox 3752 5239 3821 5250; x_wconf 90' lang='grc'><strong>-</strong></span> 
     </span>
    </p>
   </div>
   <div class='ocr_carea' id='block_1_116' title="bbox 2164 5299 3825 5372">
    <p class='ocr_par' dir='ltr' id='par_1_116' title="bbox 2164 5299 3825 5372">
     <span class='ocr_line' id='line_1_116' title="bbox 2164 5299 3825 5372; baseline -0.004 -15"><span class='ocrx_word' id='word_1_851' title='bbox 2164 5301 2560 5367; x_wconf 90' lang='lat' dir='ltr'><strong><em>Quamobrem</em></strong></span> <span class='ocrx_word' id='word_1_852' title='bbox 2590 5302 2617 5356; x_wconf 88' lang='lat'><strong><em>?</em></strong></span> <span class='ocrx_word' id='word_1_853' title='bbox 2649 5303 2727 5356; x_wconf 84' lang='lat' dir='ltr'><strong><em>Ne</em></strong></span> <span class='ocrx_word' id='word_1_854' title='bbox 2759 5301 3000 5372; x_wconf 88' lang='lat' dir='ltr'><strong><em>indigne</em></strong></span> <span class='ocrx_word' id='word_1_855' title='bbox 3045 5299 3425 5355; x_wconf 90' lang='lat' dir='ltr'><strong><em>Dominicum</em></strong></span> <span class='ocrx_word' id='word_1_856' title='bbox 3485 5314 3704 5370; x_wconf 89' lang='lat' dir='ltr'><strong><em>corpus</em></strong></span> <span class='ocrx_word' id='word_1_857' title='bbox 3766 5301 3825 5352; x_wconf 83' lang='lat' dir='ltr'><strong><em>et</em></strong></span> 
     </span>
    </p>
   </div>
   <div class='ocr_carea' id='block_1_117' title="bbox 2166 5387 3826 5465">
    <p class='ocr_par' dir='ltr' id='par_1_117' title="bbox 2166 5387 3826 5465">
     <span class='ocr_line' id='line_1_117' title="bbox 2166 5387 3826 5465; baseline -0.003 -18"><span class='ocrx_word' id='word_1_858' title='bbox 2166 5392 2514 5465; x_wconf 87' lang='lat' dir='ltr'><strong><em>sanguinem</em></strong></span> <span class='ocrx_word' id='word_1_859' title='bbox 2541 5391 2894 5464; x_wconf 89' lang='lat' dir='ltr'><strong><em>participare</em></strong></span> <span class='ocrx_word' id='word_1_860' title='bbox 2917 5389 3254 5462; x_wconf 90' lang='lat' dir='ltr'><strong><em>probemini</em></strong></span> <span class='ocrx_word' id='word_1_861' title='bbox 3285 5405 3297 5443; x_wconf 93' lang='lat'><strong>:</strong></span> <span class='ocrx_word' id='word_1_862' title='bbox 3323 5405 3398 5445; x_wconf 91' lang='lat' dir='ltr'><strong><em>ne</em></strong></span> <span class='ocrx_word' id='word_1_863' title='bbox 3420 5387 3662 5462; x_wconf 83' lang='lat' dir='ltr'><strong><em>indigne</em></strong></span> <span class='ocrx_word' id='word_1_864' title='bbox 3693 5404 3826 5460; x_wconf 89' lang='lat' dir='ltr'><strong><em>par-</em></strong></span> 
     </span>
    </p>
   </div>
   <div class='ocr_carea' id='block_1_118' title="bbox 2166 5477 3825 5555">
    <p class='ocr_par' dir='ltr' id='par_1_118' title="bbox 2166 5477 3825 5555">
     <span class='ocr_line' id='line_1_118' title="bbox 2166 5477 3825 5555; baseline -0.004 -18"><span class='ocrx_word' id='word_1_865' title='bbox 2166 5480 2486 5555; x_wconf 85' lang='lat' dir='ltr'><strong><em>ticipando,</em></strong></span> <span class='ocrx_word' id='word_1_866' title='bbox 2512 5481 2596 5536; x_wconf 90' lang='lat' dir='ltr'><strong><em>rei</em></strong></span> <span class='ocrx_word' id='word_1_867' title='bbox 2621 5482 2814 5537; x_wconf 84' lang='lat' dir='ltr'><strong><em>effecti</em></strong></span> <span class='ocrx_word' id='word_1_868' title='bbox 2837 5479 3015 5536; x_wconf 75' lang='lat' dir='ltr'><strong><em>caadis</em></strong></span> <span class='ocrx_word' id='word_1_869' title='bbox 3036 5479 3305 5552; x_wconf 88' lang='lat' dir='ltr'><strong><em>corporis</em></strong></span> <span class='ocrx_word' id='word_1_870' title='bbox 3334 5478 3522 5551; x_wconf 87' lang='lat' dir='ltr'><strong><em>ipsius</em></strong></span> <span class='ocrx_word' id='word_1_871' title='bbox 3561 5493 3630 5532; x_wconf 88' lang='lat' dir='ltr'><strong><em>ac</em></strong></span> <span class='ocrx_word' id='word_1_872' title='bbox 3673 5477 3825 5531; x_wconf 76' lang='lat' dir='ltr'><strong><em>effu-</em></strong></span> 
     </span>
    </p>
   </div>
   <div class='ocr_carea' id='block_1_119' title="bbox 2167 5564 3824 5644">
    <p class='ocr_par' dir='ltr' id='par_1_119' title="bbox 2167 5564 3824 5644">
     <span class='ocr_line' id='line_1_119' title="bbox 2167 5564 3824 5644; baseline -0.005 -18"><span class='ocrx_word' id='word_1_873' title='bbox 2167 5571 2352 5626; x_wconf 86' lang='lat' dir='ltr'><strong><em>sionis</em></strong></span> <span class='ocrx_word' id='word_1_874' title='bbox 2385 5571 2710 5644; x_wconf 86' lang='lat' dir='ltr'><strong><em>sanguinis,</em></strong></span> <span class='ocrx_word' id='word_1_875' title='bbox 2744 5569 3089 5626; x_wconf 87' lang='lat' dir='ltr'><strong><em>inevitabile</em></strong></span> <span class='ocrx_word' id='word_1_876' title='bbox 3107 5567 3406 5641; x_wconf 87' lang='lat' dir='ltr'><strong><em>judicium</em></strong></span> <span class='ocrx_word' id='word_1_877' title='bbox 3465 5564 3773 5638; x_wconf 83' lang='lat' dir='ltr'><strong><em>excipiatis</em></strong></span> <span class='ocrx_word' id='word_1_878' title='bbox 3807 5577 3824 5618; x_wconf 90' lang='lat'><strong>:</strong></span> 
     </span>
    </p>
   </div>
   <div class='ocr_carea' id='block_1_120' title="bbox 2167 5651 3827 5732">
    <p class='ocr_par' dir='ltr' id='par_1_120' title="bbox 2167 5651 3827 5732">
     <span class='ocr_line' id='line_1_120' title="bbox 2167 5651 3827 5732; baseline -0.005 -16"><span class='ocrx_word' id='word_1_879' title='bbox 2167 5677 2240 5716; x_wconf 86' lang='lat' dir='ltr'><strong><em>ne</em></strong></span> <span class='ocrx_word' id='word_1_880' title='bbox 2265 5660 2326 5716; x_wconf 90' lang='lat' dir='ltr'><strong><em>in</em></strong></span> <span class='ocrx_word' id='word_1_881' title='bbox 2341 5659 2456 5717; x_wconf 85' lang='lat' dir='ltr'><strong><em>tale</em></strong></span> <span class='ocrx_word' id='word_1_882' title='bbox 2468 5659 2765 5732; x_wconf 90' lang='lat' dir='ltr'><strong><em>judicium</em></strong></span> <span class='ocrx_word' id='word_1_883' title='bbox 2784 5651 3827 5727; x_wconf 83' lang='lat' dir='ltr'><strong><em>incidentes,morbis,afﬂictionibus</em></strong></span> 
     </span>
    </p>
   </div>
   <div class='ocr_carea' id='block_1_121' title="bbox 3457 5777 3534 5835">
    <p class='ocr_par' dir='ltr' id='par_1_121' title="bbox 3457 5777 3534 5835">
     <span class='ocr_line' id='line_1_121' title="bbox 3457 5777 3534 5835; baseline 0 0"><span class='ocrx_word' id='word_1_884' title='bbox 3457 5777 3534 5835; x_wconf 80' lang='lat'><strong><em>26</em></strong></span> 
     </span>
    </p>
   </div>
  </div>
