4118 6436
313 407 432 471 815

1440 396 1859 469 OECUMENII
1910 398 2215 464 TlllCCxE
2260 400 2614 468 EPISCOPI

3618 400 3737 468 816

314 544 551 610 Filium,
585 543 696 598 hoc
727 545 923 596 autem
956 538 1028 593 ad
1063 539 1298 594 Patrem
1332 557 1344 593 :
1381 540 1491 595 hoc
1523 558 1765 613 quoque
1796 541 1954 596 modc

2087 533 2138 605 ἐξ
2199 535 2376 591 αὐτῶν
2428 536 2636 592 τούτων
2699 541 3180 612 μαρτυρηθήσεται
3239 543 3317 610 τῷ
3386 537 3521 612 ἁγίῳ
3572 537 3744 593 Ilva-$-

315 631 710 687 nihilominus
733 629 1071 684 dominatio
1091 645 1157 683 ac
1173 628 1362 684 deitas
1387 646 1455 684 ex
1477 630 1689 685 horum
1705 631 1969 702 ipsorum

317 720 656 775 testimonio
685 718 929 789 Spiritui
954 723 1157 772 sancto
1183 717 1603 773 attribuentur.
1629 720 1735 784 Qui
1772 726 1971 775 autem

315 813 374 863 et
405 805 707 877 quomodo
742 806 803 861 id
835 805 940 860 ﬁet
966 805 994 860 Ἰ
1024 805 1290 860 Primum
1324 805 1567 876 quidem
1626 807 1766 877 quia
1825 807 1974 861 divi-

316 896 510 950 dendo
543 895 722 963 dona,
757 895 860 950 ubi
892 895 1040 949 dixit
1071 894 1514 949 sanctissimum
1550 895 1858 966 Spiritum,
1893 895 1974 950 ait

312 984 573 1055 idipsum
599 985 834 1056 operari
859 985 1175 1038 Dominum
1199 1000 1266 1038 ac
1288 985 1494 1038 Deum.
1522 989 1724 1055 Itaque
1747 1001 1814 1039 ea
1838 1001 1970 1056 quae

314 1081 596 1145 operatur
627 1074 898 1146 Spiritus,
938 1074 1063 1127 hinc
1091 1079 1148 1127 et
1195 1073 1484 1127 Dominus
1541 1073 1968 1140 dominatione,

313 1169 370 1217 et
406 1164 562 1218 Deus
594 1163 814 1217 deitate
846 1167 1192 1232 Operantur.
1224 1162 1429 1216 Merito
1452 1178 1590 1234 ergo
1610 1161 1816 1218 eadem
1839 1179 1969 1235 ope-

311 1252 467 1306 ranti
503 1252 746 1323 Spiritui
775 1259 834 1307 et
869 1252 1198 1306 dominatio
1257 1250 1426 1305 adest
1481 1250 1612 1305 Filii
1668 1257 1726 1306 et
1781 1252 1968 1307 deitas

311 1342 502 1397 Patris
539 1359 550 1395 :
586 1342 834 1414 Spiritus
866 1341 1045 1414 igitur
1070 1347 1128 1396 et
1156 1343 1305 1396 Deus
1329 1346 1419 1395 est
1462 1345 1520 1394 et
1565 1342 1867 1397 Dominus.
1903 1342 1971 1397 Et

311 1432 546 1486 videtur
579 1431 727 1486 mihi
760 1431 928 1485 divus
964 1431 1186 1485 Paulus
1242 1437 1559 1502 propterea
1615 1430 1687 1486 de
1746 1432 1967 1503 Spiritu

311 1521 551 1591 quidem
578 1519 876 1591 personali
907 1536 1052 1574 usus
1084 1536 1212 1574 esse
1245 1520 1508 1587 nomine,
1544 1521 1693 1576 531
1733 1521 1802 1575 de
1819 1520 1966 1576 Filio

311 1613 511 1664 autem
545 1615 603 1664 et
632 1611 825 1675 Patre,
861 1608 1281 1663 communibus
1317 1626 1329 1662 :
1363 1616 1427 1663 ut
1467 1609 1968 1680 perspicientibus

311 1699 519 1754 liceret
548 1699 621 1753 ab
655 1699 968 1754 identitate
1000 1698 1366 1769 operationis
1399 1697 1774 1752 identitatem
1797 1700 1970 1754 colli-

309 1803 446 1859 gere
473 1787 854 1843 substantia):
882 1795 940 1841 et
959 1786 1090 1857 ipsa
1113 1787 1359 1841 nomina
1377 1786 1663 1842 Dominus
1695 1804 1762 1843 ac
1790 1789 1963 1856 Deus,

309 1882 552 1948 prOpter
577 1877 950 1932 identitatem
984 1877 1300 1931 subtantiaa
1333 1875 1406 1931 de
1468 1877 1687 1948 Spiritu
1741 1877 1966 1932 intelli-
1999 1906 2043 1970 Β

308 1983 468 2040 gere.
498 1967 622 2021 Non
643 1967 836 2022 solum
869 1971 1068 2021 autem
1102 1982 1170 2020 ex
1208 1966 1298 2021 his
1331 1983 1462 2036 quaa
1493 1965 1652 2021 dicta
1677 1973 1815 2022 sunt
1867 1967 1964 2022 de-

310 2061 680 2112 monstratur
711 2054 1038 2110 dominatio
1071 2071 1139 2110 ac
1185 2054 1373 2109 deitas
1428 2055 1700 2125 Spiritus,
1760 2074 1961 2112 verum

313 2145 491 2199 etiam
520 2161 588 2199 ex
620 2161 689 2200 ea
720 2161 852 2215 qua)
885 2144 1184 2216 colligitur
1213 2144 1542 2199 summaria
1581 2144 1957 2201 collectione.

309 2237 566 2291 Rursum
598 2235 758 2290 enim
791 2235 872 2290 ibi
908 2235 1052 2290 dicit
1109 2235 1373 2306 apertius
1409 2251 1422 2289 :
1473 2256 1501 2283 ‹‹
1569 2236 1702 2290 Haec
1760 2237 1962 2292 omnia

307 2331 587 2396 operatur
607 2342 762 2380 unus
785 2325 1063 2396 idemque
1089 2324 1362 2395 Spiritus,
1387 2323 1655 2380 dividens
1687 2325 1958 2396 peculia-

305 2414 450 2469 riter
464 2414 819 2484 unicuique.
847 2435 874 2464 η
901 2413 1213 2479 Quomodo
1238 2413 1527 2485 PPropria
1568 2419 1860 2485 potestate
1892 2432 1959 2470 ac

303 2502 596 2558 dominio.
632 2503 728 2557 Ait
749 2503 932 2570 enim,
967 2526 994 2553 ‹‹
1031 2502 1194 2558 Sicut
1226 2502 1369 2556 vult.
1405 2525 1433 2552 ››
1467 2502 1672 2573 Itaque
1706 2504 1754 2558 si
1803 2521 1960 2575 quaa-

303 2607 538 2661 cunque
567 2594 820 2646 Paterac
843 2591 1026 2647 Filius
1067 2597 1412 2662 Operantur,
1462 2591 1589 2645 hinc
1622 2596 1680 2646 et
1707 2592 1958 2662 Spiritus

302 2678 473 2745 facit,
495 2678 676 2750 idque
701 2681 856 2735 sicut
873 2681 1028 2734 Deus
1047 2696 1113 2734 ac
1139 2680 1426 2734 Dominus
1450 2679 1625 2736 facit:
1660 2696 1800 2734 nam
1834 2681 1956 2736 sic-

302 2775 372 2823 ut
401 2769 523 2823 vult
553 2770 634 2824 ila
661 2770 822 2836 facit,
856 2770 979 2824 vult
1008 2775 1206 2825 autem
1240 2769 1519 2823 videlicet
1558 2775 1623 2824 ut
1674 2776 1957 2842 tanquam

304 2858 459 2912 Deus
493 2874 560 2913 ac
594 2859 903 2914 Dominus.
937 2858 1105 2913 Absit
1138 2859 1297 2913 enim
1331 2863 1396 2913 ut
1425 2859 1724 2913 contraria
1782 2859 1858 2913 sit
1895 2860 1956 2913 in

306 2947 391 3002 eis
417 2947 1099 3004 voluntas.Manifestum
1121 2947 1279 3018 quod
1320 2948 1572 3019 Spiritus
1620 2955 1676 3003 et
1699 2949 1853 3004 Deus
1885 2949 1959 3003 sit

309 3042 368 3090 et
388 3036 677 3093 Dominus
704 3055 716 3091 :
741 3038 983 3110 propria
1006 3039 1165 3092 enim
1198 3036 1550 3092 auctoritate
1596 3043 1654 3091 et
1680 3038 1870 3092 Patris
1902 3043 1962 3094 et

308 3125 808 3197 Filiioperafacit,
835 3131 891 3180 et
911 3133 1192 3196 tanquam
1211 3124 1578 3180 Dominusac
1611 3128 1760 3180 Deus
1795 3125 1956 3193 facit,

307 3222 367 3270 et
395 3218 598 3273 omnia
626 3218 785 3274 facit.
853 3216 1456 3274 Animadvertendem
1503 3221 1593 3270 est
1642 3222 1842 3272 autem
1901 3222 1959 3271 et

2083 644 2231 696 ματι.
2267 629 2391 689 Πῶς
2439 625 2528 680 καὶ
2588 625 2710 680 τίνα
2764 626 3015 700 τρόποις
3071 632 3298 702 Πρῶτον
3337 625 3430 699 μὶν
3459 626 3545 681 ὅτι
3599 623 3744 681 διαι-

2079 718 2190 785 ρεῖν
2249 713 2315 768 τὰ
2370 713 2692 792 χαρίσματα
2750 713 2922 769 εἰπὼν
2981 717 3044 770 τὸ
3098 714 3361 791 πανάγιον
3413 717 3653 788 Πνεῦμα,
3682 717 3746 771 τὸ

2080 801 2214 856 αὐτὸ
2245 806 2407 857 τοῦτο
2433 803 2692 877 πράττειν
2723 803 2814 857 καὶ
2846 804 2937 858 τὸν
2996 803 3200 880 Κύριον
3230 805 3319 859 καὶ
3352 803 3444 859 τὸν
3478 804 3605 859 Θεὸν
3635 827 3746 884 φη-

2077 911 2182 946 σιν.
2215 893 2374 946 Ὥστε
2405 893 2538 966 ἅπερ
2599 891 2804 969 ἐνεργεῖ
2858 893 2920 947 16
2977 898 3216 967 Πνεῦμα,
3262 897 3433 948 ταῦτα
3464 893 3555 948 καὶ
3581 894 3608 947 6
3644 894 3743 950 Κύ-

2079 1001 2193 1056 ριος
2222 986 2292 1056 τῇ
2332 983 2644 1058 κυριότητι,
2702 984 2791 1038 καὶ
2847 985 2875 1039 6
2937 985 3067 1047 Θεὸς
3136 989 3205 1059 τῇ
3257 987 3474 1054 θεότητι
3506 983 3737 1059 ἐνεργεῖ.

2079 1070 2319 1135 Εἰκότως
2347 1074 2450 1146 ἄρα
2501 1073 2566 1126 τὰ
2625 1073 2764 1128 αὐτά
2823 1072 3129 1150 ἐνεργοῦντι
3179 1079 3261 1146 τῷ
3315 1075 3612 1148 Ηνεύματι,
3645 1075 3738 1129 καὶ

2076 1162 2110 1228 ἡ
2142 1161 2403 1236 κυριότης
2444 1161 2664 1237 ὑπάρξει
2724 1167 2822 1216 τοῦ
2879 1164 3032 1232 Υίοῢ,
3080 1165 3169 1218 καὶ
3202 1166 3236 1232 ἠ
3270 1165 3465 1233 θεότης
3493 1169 3590 1220 τοῦ
3622 1171 3737 1221 Πα-

2074 1248 2220 1323 τρός.
2282 1257 2445 1306 Ὥστε
2494 1251 2556 1306 τὸ
2619 1256 2858 1324 Πνεῦμα,
2929 1253 3021 1307 καὶ
3073 1254 3273 1328 Κύριος
3323 1254 3412 1308 καὶ
3444 1254 3596 1316 Θεός.
3632 1253 3737 1312 Καί

2078 1359 2174 1411 μοι
2207 1335 2354 1394 δοκεῖ
2381 1340 2472 1394 καὶ
2531 1339 2558 1393 6
2613 1340 2892 1402 θεσπέσιος
2960 1339 3174 1402 Παῦλος
3207 1338 3295 1395 διὰ
3326 1346 3489 1397 τοῦτο
3523 1340 3610 1397 ἐπὶ
3642 1343 3735 1416 μὲν

2071 1431 2168 1482 τοῦ
2204 1427 2541 1501 [Ινεύματος,
2592 1432 2673 1500 τῷ
2724 1429 3072 1501 ὑποστατικῷ
3125 1429 3355 1503 ὀνόματι
3402 1432 3737 1508 χρήσασθαι,

2073 1515 2162 1570 ἐπὶ
2216 1514 2274 1571 δὲ
2330 1519 2458 1572 Υἱοϋ
2507 1517 2597 1572 καὶ
2653 1521 2751 1572 τοῦ
2811 1517 3044 1592 Ιῐατρὸς,
3105 1523 3223 1578 τοῖς
3282 1524 3486 1581 κοινοῖς
3527 1519 3615 1574 ἳνα
3645 1518 3737 1594 ἐξῇ

2074 1611 2190 1666 τοῖς
2222 1611 2542 1681 συνορῶσιν,
2585 1606 2692 1662 ἀπὸ
2746 1614 2847 1677 τῆς
2895 1609 3232 1677 ταυτότητος
3285 1615 3387 1677 τῆς
3444 1608 3736 1684 ἐνεργείας,

2073 1698 2172 1764 τήν
2203 1697 2511 1764 ταυτότητά
2567 1703 2666 1766 τῆς
2724 1696 2935 1766 οὐσίας,
2995 1698 3086 1752 καὶ
3135 1697 3203 1752 τὰ
3232 1698 3370 1752 αὗτά
3402 1698 3648 1772 ὀνόματα
3676 1699 3740 1754 τὸ

2075 1783 2276 1858 Κύριος
2304 1787 2395 1840 καὶ
2427 1786 2582 1851 Θεὸς,
2611 1786 2747 1840 κατὰ
2799 1786 2898 1854 τήν
2949 1787 3260 1857 ταυτότητά
3288 1793 3387 1856 τῆς
3417 1787 3618 1848 οὐσίας
3649 1785 3738 1842 ἐπὶ

2073 1875 2172 1925 τοῦ
2230 1871 2543 1944 Ηνεύματος
2598 1867 2978 1946 ἐκλαμϐάνειν.
3022 1873 3102 1930 Οὐ
3166 1873 3332 1946 μόνον
3393 1872 3449 1930 δὲ
3509 1874 3568 1930 ἐκ
3623 1881 3736 1930 τῶν

2076 1959 2376 2034 εἰρημένων
2417 1963 2452 2030 ἠ
2506 1963 2768 2037 κυριότης
2827 1963 2916 2016 καὶ
2977 1963 3172 2033 θεότης
3224 1961 3735 2020 ἀποδείκνυταιιιοῦ

2075 2049 2409 2124 Πνεῦματος,
2464 2050 2613 2106 ἀλλά
2664 2053 2754 2107 καὶ
2812 2052 2870 2107 ἐκ
2926 2060 3027 2122 τῆς
3082 2051 3426 2130 ἐπειγομένης
3465 2075 3735 2134 συγκεφα-

2075 2137 2382 2202 λαιώσεως.
2442 2140 2590 2211 Φησὶ
2637 2143 2740 2216 γὰρ
2789 2142 2878 2196 καὶ
2922 2141 3146 2196 ἐνταῦθα
3185 2140 3351 2196 πάλιν
3385 2141 3728 2220 σαφέστερον,

2072 2229 2156 2282 ὅτι
2190 2254 2216 2281 ‹‹
2251 2230 2430 2284 Πάντα
2459 2233 2627 2284 ταῦτα
2657 2230 2865 2307 ἐνεργεῖ
2910 2231 2972 2285 τὸ
3016 2227 3072 2285 ἓν
3119 2232 3210 2286 καὶ
3239 2233 3302 2286 τὸ
3334 2231 3463 2286 αὐτὸ
3494 2235 3730 2304 Πνεῦμα,

2071 2312 2317 2390 διαιροῦν
2382 2314 2492 2389 ἰδίᾳ
2548 2318 2778 2391 ἑκάστῳ,
2815 2343 2842 2370 ››
2903 2325 3067 2387 Πῶς;
3126 2319 3610 2396 Αὐτοκρατορικῶς
3640 2319 3732 2374 καὶ

2069 2409 2295 2480 κυρίως.
2364 2432 2390 2461 ιι
2444 2410 2638 2470 Καθὼς
2690 2409 2790 2486 γὰρ
2854 2407 3132 2484 βούλεται,
3184 2434 3210 2462 υ
3275 2411 3460 2488 φησίν.
3505 2413 3660 2466 Ὠστε
3690 2422 3739 2476 εἳ

2067 2497 2242 2550 πάντα
2271 2497 2303 2550 ἃ
2343 2498 2371 2551 6
2406 2498 2592 2573 Πατήρ
2653 2498 2742 2553 καὶ
2805 2500 2832 2554 6
2892 2499 3019 2561 Υἱὸς
3075 2497 3298 2575 ἐνεργεῖ,
3338 2505 3510 2554 ταῦτα
3539 2500 3629 2564 καὶ
3664 2500 3728 2554 τὸ

2068 2589 2288 2659 Πνεῦμα
2317 2591 2485 2657 ποιεῖ,
2535 2587 2625 2642 καὶ
2684 2592 2878 2652 θεῖκῶς
2937 2589 3024 2643 καὶ
3081 2588 3282 2663 κυρίως
3316 2594 3466 2644 ποιεῖ
3490 2590 3587 2662 (ὡς
3616 2590 3723 2662 γὰρ

2075 2672 2334 2748 βούλεται
2362 2675 2534 2738 οὕτως
2563 2681 2730 2732 ποιεῖ.
2778 2674 3046 2733 Βούλεται
3103 2675 3162 2732 δὶ
3221 2675 3508 2747 δηλονότι,
3540 2675 3724 2753 ὥσπερ

2069 2763 2097 2816 6
2133 2763 2328 2838 Κύριος
2356 2764 2447 2818 καὶ
2494 2766 2522 2821 6
2575 2765 2728 2828 Θεόςο
2789 2766 2862 2820 Οὐ
2920 2769 3024 2843 γάρ
3057 2768 3198 2821 ἐστιν
3229 2766 3496 2837 ἀντίξουν,
3531 2766 3733 2844 ἄπαγε,

2071 2850 2380 2926 βούλημα),
2445 2855 2667 2932 φανερὸν
2728 2855 2800 2916 ὡς
2857 2855 2949 2909 καὶ
3011 2854 3204 2929 Κύριος
3257 2855 3317 2910 ἄν
3352 2857 3435 2926 εἳη
3472 2857 3534 2911 τὸ
3566 2858 3732 2914 ΙΙνεῦο

2073 2963 2148 3014 μα
2193 2941 2282 2996 καὶ
2313 2943 2466 3006 Θεός.
2524 2942 3013 3020 Αὖτοκρατορικῶς
3059 2965 3116 3000 τε
3162 2946 3266 3020 γὰρ
3300 2944 3366 2998 τά
3399 2946 3608 3020 Πατρὸς
3639 2945 3731 2999 καὶ

2068 3031 2196 3085 Υἳοῦ
2253 3027 2388 3108 ἔργα
2445 3038 2614 3103 ποιεῖ,
2671 3033 2761 3088 καὶ
2819 3033 2896 3096 ὡς
2954 3033 3160 3109 Κύριος
3217 3034 3307 3088 καὶ
3368 3034 3496 3096 Θεὸς
3555 3040 3728 3104 ποιεῖ,

2067 3120 2154 3175 καὶ
2188 3121 2360 3177 πάντα
2389 3128 2558 3180 ποιεῖ.
2618 3123 3058 3197 Ἐπισημειῶσαι
3093 3121 3150 3179 δὲ
3199 3121 3283 3178 δεῖ
3331 3124 3420 3179 καὶ
3452 3128 3612 3180 τοῦτο
3655 3125 3730 3186 ὡς

2070 3209 2122 3264 ἐν
2169 3209 2509 3285 πορίσματος
2570 3212 2738 3286 μοίρᾳ
2793 3212 3078 3291 ἀναφανὶν,
3134 3217 3252 3273 πῶς
3304 3213 3365 3268 τὸ
3398 3213 3529 3268 αὐτὸ
3561 3219 3732 3268 Πνεῦ-

306 3305 418 3360 hoc
467 3312 752 3379 tanquam
811 3308 936 3363 vice
998 3306 1296 3362 corollarii
1357 3305 1746 3375 declaratum,
1799 3307 1954 3377 quod

2073 3319 2148 3371 μα
2178 3298 2414 3375 ἐνεργεῖν
2466 3301 2905 3379 ἀποφαινόμενος
2963 3300 3191 3371 ἅπαντα,
3234 3299 3437 3356 ἄλλοτε
3491 3303 3584 3375 μὲν
3636 3307 3730 3377 τῇ,

306 3395 630 3451 ostendens
662 3396 939 3452 eumdem
973 3395 1255 3468 Spiritum
1290 3395 1493 3449 omnia
1525 3395 1778 3465 operari,
1817 3395 1958 3450 alibi

306 3484 546 3553 quidem
566 3502 711 3541 usus
736 3486 812 3540 sit
837 3485 1260 3557 praapositione
1288 3481 1447 3550 κατὰ,
1497 3482 1556 3537 id
1607 3488 1717 3550 est,
1747 3499 1961 3538 secun-

307 3572 472 3641 dum,
507 3573 650 3629 alibi
683 3591 818 3630 vero
853 3568 961 3640 διὰ,
995 3573 1054 3627 id
1088 3579 1196 3639 est,
1231 3589 1354 3644 per,
1389 3571 1688 3626 interdum
1721 3589 1957 3644 quoque

301 3657 380 3729 ἐν,
418 3662 476 3717 id
513 3668 621 3732 est,
652 3663 736 3733 in,
767 3663 1088 3719 ostendens
1116 3661 1274 3733 quod
1304 3661 1463 3732 apud
1490 3661 1686 3732 ipsum
1717 3679 1956 3733 pracpo-

301 3750 585 3807 sitionum
618 3771 761 3809 usus
797 3754 871 3808 sit
903 3753 1030 3808 sine
1063 3753 1430 3808 discrimine.
1466 3751 1561 3805 Ait
1594 3751 1752 3806 enim
1785 3774 1813 3801 «
1864 3753 1958 3808 Se-

297 3841 561 3897 cundum
594 3843 814 3916 ipsum,
849 3847 908 3898 et
958 3860 1064 3916 per
1120 3843 1342 3914 ipsum,
1402 3847 1460 3895 et
1514 3841 1574 3894 in
1635 3840 1844 3911 ipso,»
1880 3841 1954 3896 de

299 3931 508 3987 eodem
538 3933 836 3989 disserens
859 3933 1081 4005 Spiritu
1114 3938 1339 3989 sancto.
1389 3932 1458 3984 Et
1496 3931 1589 3984 his
1637 3931 1825 3985 utitur
1880 3931 1954 3986 ad

298 4022 769 4078 confutationem
803 4040 1007 4078 eorum
1041 4023 1139 4093 qui
1174 4019 1504 4077 calumnias
1533 4024 1771 4073 struunt
1791 4019 1864 4074 de
1880 4036 1951 4074 eo

300 4110 765 4180 quoddiciturm
788 4107 1598 4182 Peripsum,etexipso,etin
1634 4107 1760 4177 ipso
1802 4108 1882 4161 2":
1915 4128 1943 4160 ι

299 4203 357 4251 et
381 4197 454 4252 ob
486 4198 986 4254 dictiuncularum
1021 4199 1424 4253 diversitatem
1457 4196 1517 4249 in
1570 4195 1950 4266 blasphemas

293 4286 683 4359 cogitationes
713 4288 1062 4342 efferuntur.
1097 4308 1126 4336 «ς
1161 4286 1272 4341 Sed
1300 4285 1457 4339 idem
1490 4283 1762 4354 Spiritus.
1791 4307 1817 4333 ››
1837 4287 1949 4340 Ne-

293 4392 595 4446 quaquam
625 4376 975 4448 possibibile
1008 4381 1099 4430 est
1130 4392 1264 4430 eum
1298 4375 1402 4445 qui
1433 4389 1468 4428 a
1494 4373 1692 4428 divino
1725 4375 1945 4445 Spiritu

289 4470 487 4518 motus
502 4465 1111 4536 operatur,Christum
1148 4481 1181 4519 a
1203 4464 1404 4519 divina
1442 4469 1656 4518 natura
1680 4462 1942 4519 alienum

287 4553 538 4607 deﬁnire
570 4570 584 4609 :
619 4554 722 4610 sed
756 4571 950 4625 neque
983 4571 1220 4609 rursum
1255 4570 1285 4608 e
1317 4553 1549 4608 diverso
1583 4553 1842 4623 perfecte
1873 4571 1940 4609 ac

2067 3388 2225 3457 κατὰ,
2301 3388 2574 3463 προθέσει,
2650 3393 2945 3468 κέχρηται,
3042 3389 3246 3446 ἄλλοτε
3321 3387 3378 3445 δὲ
3450 3393 3545 3466 τῇ,
3614 3389 3728 3463 διὰ,

2065 3475 2156 3529 καὶ
2213 3474 2379 3530 πάλιν
2440 3475 2610 3532 ἐνίοτε
2663 3481 2754 3552 τῇ,
2816 3474 2889 3548 ἕν,
2951 3475 3160 3540 δεικνὺς
3203 3477 3286 3532 ὅτι
3328 3480 3454 3554 παρ’
3484 3478 3632 3551 αὐτῷ
3685 3481 3719 3548 ἡ

2064 3567 2172 3617 τῶν
2240 3565 2546 3638 προθέσεων
2615 3572 2820 3639 χρῆσις
2885 3563 3203 3642 ἀδιάφορος.
3269 3591 3297 3618 ι(
3344 3568 3481 3623 Κατ’
3517 3566 3648 3620 αὐτὸ
3691 3590 3719 3618 ››

2065 3651 2192 3725 γὰρ,
2226 3653 2382 3730 φησὶ,
2406 3653 2518 3719 καὶ,
2544 3677 2571 3703 ‹‹
2598 3651 2668 3707 δι’
2691 3652 2916 3723 αὐτοῦ,››
2948 3655 3096 3726 καὶ,‹‹
3131 3653 3182 3708 ἐν
3213 3653 3386 3727 αὐτῷ,
3421 3679 3448 3706 ››
3480 3653 3601 3729 περὶ
3621 3658 3720 3710 τοῦ

2064 3737 2230 3794 αὐτοῦ
2291 3735 2680 3814 διαλαμϐάνων
2739 3741 2898 3816 ἁγίου
2940 3743 3274 3815 Πνεύματος.
3338 3743 3443 3800 Καὶ
3502 3741 3718 3804 τούτοις

2064 3828 2140 3891 εἰς
2170 3824 2403 3905 ἔλεγχον
2437 3830 2621 3905 χρήσῃ
2649 3836 2756 3886 τῶν
2785 3831 3233 3907 λεσχηνευόντων
3271 3832 3394 3906 περὶ
3426 3837 3544 3902 τοῦ,
3579 3858 3607 3885 ι(
3638 3835 3718 3890 Δι’

2064 3918 2248 3985 αὐτοῦ,
2279 3919 2368 3972 καὶ
2400 3916 2450 3990 ἐξ
2482 3919 2670 3989 αὐτοῦ,
2703 3919 2815 3986 καὶ,
2867 3919 2918 3974 ἐν
2970 3917 3136 3992 αὐτῷ,
3174 3946 3195 3975 ι
3232 3920 3321 3975 καὶ
3351 3917 3440 3974 διὰ
3469 3929 3570 3991 τῆς
3601 3922 3718 3977 ἑτε-

2061 4007 2291 4082 ρότητος
2336 4008 2444 4062 τῶν
2504 4005 2800 4079 λεξειδίων,
2861 4008 2937 4070 εἰς
2997 4007 3363 4088 βλασφήμους
3397 4008 3604 4072 ἐννοίας
3633 4008 3716 4080 ἔξ-

2059 4100 2368 4172 ἀγομένων.
2403 4122 2431 4151 ‹‹
2465 4099 2537 4154 T6
2569 4095 2623 4153 δὲ
2681 4099 2816 4155 αὐτὸ
2882 4105 3118 4173 Πνεῦμα.
3155 4123 3185 4151 ››
3244 4100 3363 4175 Οὐχ
3394 4101 3507 4156 οἷόν
3535 4122 3594 4156 τε
3622 4102 3715 4156 τὸν

2059 4187 2162 4243 ὑπὸ
2219 4192 2315 4242 τοῦ
2373 4187 2519 4252 θείου
2577 4188 2897 4262 ΙΙνεῦματος
2947 4189 3366 4266 ἐνεργούμενον,
3417 4189 3716 4268 ἀλλότριον

2053 4283 2152 4347 τῆς
2182 4277 2326 4339 θείας
2385 4276 2593 4355 φύσεως
2648 4279 2739 4334 τὸν
2798 4280 3030 4354 Χριστὸν
3089 4279 3390 4360 ἀποφῆναι,
3441 4280 3569 4337 ἀλλ’
3600 4279 3718 4337 οὐδ’

2055 4365 2119 4420 αὖ
2149 4364 2316 4422 πάλιν
2360 4365 2582 4423 δυνατὸν
2613 4367 2770 4424 αὐτὸν
2806 4367 3122 4443 οἷλικρινῶς
3171 4368 3525 4447 ὁμολογῆσαι
3557 4371 3712 4440 Θεὸν,

2057 4457 2132 4528 μή
2177 4457 2264 4512 ὑπ’
2295 4456 2501 4528 ἐκείνης
2534 4465 2634 4527 τῆς
2663 4459 2892 4532 χάριτος
2925 4460 3321 4538 φωτιζόμενον.
3359 4484 3387 4513 ‹‹
3421 4459 3524 4518 Καὶ
3571 4457 3716 4514 διαι-

2053 4545 2223 4622 ρέσεις
2258 4544 2547 4602 διακονιῶν
2577 4547 2733 4604 εἰσιν.
2770 4573 2797 4600 ››
2847 4550 2964 4605 Ἰνα
3016 4550 3092 4621 μή
3143 4550 3504 4624 χαρισμάτων
3540 4548 3705 4620 μόνον

286 4641 516 4698 sincere
534 4648 731 4715 potest
751 4643 945 4714 ipsum
967 4643 1237 4698 conﬁteri
1258 4647 1562 4714 potentem
1587 4657 1715 4696 esse
1740 4643 1946 4709 Deum,

2065 4636 2311 4706 ὶκοῦσας,
2345 4637 2372 4691 ὁ
2402 4636 2463 4691 τὸ
2493 4633 2724 4692 ἔλαττον
2760 4631 2945 4692 λαϐὼν
2978 4638 3226 4713 χάρισμα
3259 4637 3400 4710 ἀλγῇ
3443 4637 3518 4696 ὡς
3551 4635 3714 4690 ἐλατ-

282 4732 396 4787 nisi
433 4733 504 4789 ab
564 4734 728 4790 illius
785 4734 974 4808 gratia
1031 4734 1427 4789 illuminetur.
1463 4757 1484 4784 ι
1520 4734 1590 4786 Et
1620 4731 1942 4788 divisiones

284 4821 750 4880 ministeriorem
785 4830 943 4880 sunt.
981 4845 1009 4874 »
1043 4825 1124 4878 Ne
1155 4823 1375 4879 auditis
1407 4827 1637 4878 tantum
1666 4821 1860 4887 donis,
1891 4823 1940 4877 is

286 4910 383 4977 qui
419 4912 618 4966 minus
650 4913 979 4984 accepisset
1007 4912 1226 4967 donum
1262 4917 1538 4984 ageretur
1566 4916 1849 4981 tanquam
1877 4911 1938 4966 in

285 4996 438 5052 dono
469 5000 736 5069 inferior,
763 5002 1087 5074 subjungit,
1114 4998 1937 5065 ministeriorum,ostendens

284 5087 462 5141 etiam
495 5088 857 5145 laboriosum
892 5089 1193 5160 quoddam
1225 5092 1310 5146 eis
1346 5089 1550 5145 datum
1572 5104 1700 5143 csse
1723 5094 1937 5158 myste-

280 5175 454 5230 rium.
491 5177 548 5230 Si
581 5193 717 5250 ergo
750 5180 1009 5250 amplius
1041 5179 1240 5246 habet,
1274 5179 1336 5234 in
1369 5194 1432 5233 re
1464 5177 1764 5233 laboriosa
1819 5177 1933 5232 ali-

277 5263 420 5333 quid
469 5265 727 5338 amplius
784 5267 983 5324 habet.
1046 5291 1073 5318 «
1128 5270 1197 5322 Et
1253 5266 1574 5322 divisiones
1625 5267 1932 5337 operatio-

277 5369 421 5408 num
457 5361 614 5411 sunt.
681 5377 708 5406 »
768 5357 1218 5429 Operationum,
1277 5357 1388 5412 hoc
1446 5361 1554 5425 est,
1615 5355 1927 5412 donorum.

268 5443 416 5498 Nam
449 5443 722 5500 eamdem
753 5445 872 5501 vim
905 5445 1130 5501 habent
1159 5445 1405 5513 donum,
1434 5445 1834 5502 ministerium
1870 5451 1929 5501 et

267 5531 536 5604 operatio
571 5548 587 5589 :
622 5534 765 5605 quia
795 5533 1056 5607 aaqualia
1086 5551 1325 5607 quoque
1357 5539 1498 5591 sunt
1529 5551 1660 5606 quin
1692 5550 1726 5589 a
1755 5535 1929 5590 Patre

340 5708 388 5746 ³⁷
420 5712 586 5767 Rom.
621 5712 702 5782 xi,
738 5715 830 5770 36.

2050 4725 2242 4789 τωθεὶς
2272 4727 2395 4802 περὶ
2421 4728 2519 4796 τὴν
2547 4723 2778 4802 δωρεὰν,
2807 4726 3014 4802 ἐπάγει,
3040 4751 3067 4777 ‹‹
3097 4730 3416 4790 Διακονιῶν,
3438 4747 3464 4774 n
3501 4721 3710 4784 δεικνὺς

2050 4816 2140 4869 καὶ
2199 4813 2456 4870 ἐπίπονόν
2512 4837 2562 4870 τι
2622 4815 2808 4878 αὐτοῖς
2879 4812 3128 4870 δεδόσθαι
3183 4811 3582 4886 λειτούργημα.
3642 4812 3709 4870 Εἰ

2047 4905 2226 4958 τοίνυν
2253 4905 2316 4959 τὸ
2346 4903 2513 4960 πλέον
2546 4898 2685 4983 ἔχει,
2717 4905 2855 4959 κατᾶ
2884 4905 2947 4958 τὸ
2986 4901 3247 4957 ἐπίπονον
3280 4898 3398 4979 ἔχει
3424 4901 3487 4955 τὸ
3518 4900 3708 4959 πλέον.

2051 5016 2078 5044 ι(
2139 4993 2235 5046 Καὶ
2304 4989 2591 5068 διαιρέσεις
2684 4991 3088 5069 ἐνεργημάτων.
3151 5013 3179 5041 n
3257 4991 3708 5064 Ἐνεργημάτων,

2045 5080 2312 5151 τουτέστι,
2364 5085 2748 5160 χαρισμάτων.
2803 5077 3145 5152 Ἰσοδυναμεῖ
3203 5079 3307 5156 γὰρ
3359 5079 3425 5134 τὸ
3459 5080 3707 5154 χάρισμα

2043 5171 2132 5225 καὶ
2163 5172 2197 5241 ἡ
2232 5168 2478 5225 διακονία
2519 5170 2609 5224 καὶ
2667 5171 2701 5238 ἡ
2754 5168 3012 5243 ἐνέργεια,
3075 5167 3157 5223 ὅτι
3215 5168 3307 5223 καὶ
3359 5166 3456 5224 ’ίσα
3500 5168 3614 5225 ἐστὶ
3639 5168 3708 5224 τὰ

2041 5260 2189 5332 παρὰ
2219 5261 2428 5334 Πατρὸς
2458 5260 2545 5313 καὶ
2606 5258 2735 5312 Υἳοῦ
2787 5258 2877 5313 καὶ
2937 5259 3097 5334 ἁγίου
3147 5258 3459 5333 Πνεύματος
3492 5257 3702 5335 δωρού-

2046 5371 2194 5425 μενα.
2236 5372 2262 5403 ι
2293 5349 2354 5406 Ὁ
2399 5346 2457 5403 δὲ
2513 5346 2676 5408 αὐτός
2735 5347 2846 5403 ἐστι
2907 5349 3060 5410 Θεός.
3095 5371 3120 5402 ι
3177 5348 3321 5404 Πάνυ
3356 5347 3704 5424 δογματικῶς

2039 5441 2102 5496 τὸ
2129 5438 2336 5516 χωρίον
2397 5435 2624 5510 ἐξέθετο.
2685 5438 3243 5514 Ἀπαριθμησαμενος
3285 5439 3385 5515 γὰρ
3415 5440 3518 5509 τήν
3551 5437 3706 5514 ἁγίαν

2038 5527 2251 5606 Τριάδα
2305 5524 2612 5600 διαιρετῶς,
2674 5527 2926 5584 συνάπτει
2984 5528 3330 5605 ἀσυγχύτως.
3365 5529 3427 5585 Ἠ
3472 5527 3574 5604 γὰρ
3605 5525 3706 5581 αυ-
