4118 6372
440 450 554 512 817

1409 445 1818 508 CUMMENT.
1865 445 1941 505 IN
1992 446 2244 508 EPIST.
2290 449 2314 508 l
2361 449 2466 509 AD
2510 452 2875 515 CORINTH.

3750 460 3869 520 8l8

437 584 505 651 τὴ
537 582 629 636 καὶ
693 578 986 654 διαιρεῖται
1045 583 1165 643 ταῖς
1225 578 1569 645 ὑποστάσεσι,
1629 578 1718 632 καὶ
1778 575 2083 632 συνάπτεται

2215 585 2275 634 et
2304 582 2452 638 Filio
2483 599 2552 639 ac
2591 585 2812 658 Spiritu
2872 595 3073 645 sancto
3099 591 3463 646 tribuuntur.
3489 591 3641 648 588
3675 614 3703 642 «
3755 593 3868 648 Sed

437 675 507 744 τῇ
540 669 716 741 οὐσίᾳ·
752 669 828 731 ὡς
860 667 949 724 κα)
983 669 1293 743 Γρηγόριος
1350 667 1379 722 6
1437 664 1712 743 Θεολόγος
1744 665 1897 743 φησί’
1957 665 2094 740 Τρία

446 766 568 824 ταῖς
604 755 1070 819 ὑποστάσεσιν.’ἑν
1127 761 1197 831 τῇ
1257 757 1495 827 θεότητι.
1557 756 1702 811 Πάνυ
1761 753 1818 810 δὲ
1872 749 2104 830 ἀκριϐής

445 849 789 925 ἡέπαγωγηι
827 873 852 904 ι
886 851 950 906 Ὁ
972 845 1030 904 δὲ
1058 847 1220 910 αὐτὸς
1278 847 1408 909 Θεός
1457 845 1598 901 ἐστιν
1659 846 1688 900 6
1746 844 1976 921 ἐνεργῶν
2036 846 2104 899 τὰ

439 939 630 996 πάντα.
679 941 801 996 »Ὃ
833 939 937 1015 γὰρ
970 936 1176 1014 ἐνεργεῖ
1206 937 1394 1010 Πατὴρ
1457 936 1548 990 καὶ
1607 935 1731 998 Υἱὸς
1787 935 1880 988 καὶ
1938 928 2097 1008 ἅγιον

440 1032 685 1100 Πνεῦμα,
717 1032 888 1083 ταῦτα
944 1027 1074 1089 Θεὸς
1122 1025 1352 1102 ἐνεργεῖ.
1417 1026 1506 1081 Ἑν
1555 1024 1660 1099 γὰρ
1716 1023 1937 1084 ταύταις
1979 1027 2098 1085 ταῖς

439 1116 795 1173 ὑποστάσεσιν
824 1120 860 1187 ἡ
893 1117 1114 1186 θεότης,
1141 1113 1317 1191 ἤγουν
1347 1114 1504 1169 αὗται
1535 1115 1570 1183 ἡ
1595 1113 1808 1184 θεότης.

2205 669 2362 725 idem
2395 677 2487 726 est
2516 674 2692 730 Deus.
2727 697 2756 726 ιι
2793 676 3047 733 Pulchre
3077 679 3231 735 hanc
3264 681 3619 752 particulam
3651 681 3726 737 ad
3746 682 3860 737 do-

2211 760 2466 816 cendum
2497 764 2738 835 aptavit.
2801 765 2905 820 Ubi
2957 767 3116 822 enim
3149 774 3366 824 sanctae
3397 770 3626 826 Triadis
3656 789 3860 842 perso—

2210 864 2319 903 nas
2350 849 2586 906 divisim
2646 861 3077 923 enumerasset,
3111 856 3333 927 absque
3356 857 3478 913 ulla
3507 859 3857 914 confusione

2209 937 2680 1010 conjungitﬂmc
2714 942 2874 998 enim
2897 948 2956 998 et
2983 946 3256 1014 personis
3287 945 3672 1020 distinguitur
3703 955 3861 1004 etes-

2211 1027 2404 1082 sentia
2435 1029 2842 1103 conjungitur,
2877 1033 3032 1088 sicut
3061 1033 3145 1089 ait
3165 1033 3477 1106 Gregorius
3507 1037 3858 1105 Theologus,

2210 1130 2425 1188 nempe
2461 1125 2579 1174 tres
2631 1121 2690 1176 in
2740 1123 3034 1193 personis,
3054 1139 3243 1178 unum
3272 1141 3408 1180 vero
3441 1125 3500 1179 in
3532 1125 3859 1193 divinitate,

433 1212 516 1266 ita
548 1215 614 1263 ut
643 1214 850 1265 exacta
881 1209 957 1263 sit
986 1207 1273 1262 inductio.
1308 1229 1336 1257 ‹(
1373 1205 1485 1262 Sed
1515 1205 1674 1261 idem
1702 1210 1854 1260 Deus
1893 1204 1993 1275 qui
2025 1209 2306 1275 operatur
2336 1209 2555 1266 omnia.
2595 1233 2616 1259 ι
2651 1212 2797 1266 Nam
2827 1229 2958 1283 quae
2991 1219 3276 1284 operatur
3305 1215 3481 1269 Pater
3499 1220 3559 1270 et
3589 1215 3769 1269 Filius
3795 1233 3860 1270 ac

435 1300 692 1372 Spiritus
725 1303 985 1362 sanctus,
1019 1297 1147 1352 haec
1170 1303 1229 1351 et
1260 1297 1412 1351 Deus
1443 1301 1739 1367 operatur.
1772 1296 1837 1349 In
1881 1295 1972 1348 his
2004 1293 2164 1348 enim
2195 1297 2468 1364 personis
2508 1306 2598 1354 est
2623 1299 2834 1369 deitas,
2861 1301 2980 1357 sive
3014 1303 3158 1374 ipsa}
3182 1309 3322 1358 sunt
3361 1304 3574 1360 deitas.

504 1388 753 1459 Ἐκάστῳ
839 1382 898 1440 δὲ
955 1382 1164 1440 δίδοται
1223 1387 1257 1452 ἡ
1373 1381 1676 1458 φανέρωσις
1742 1381 1860 1459 [τοῦ
1927 1379 2090 1435 Μνεύ-

438 1477 637 1550 ματος]
696 1475 836 1550 πρὸς
884 1475 946 1528 τὸ
1006 1475 1300 1550 συμφέροψ
1389 1474 1456 1551 ᾮ
1517 1472 1611 1545 μὶν
1664 1472 1769 1548 γὰρ
1829 1468 1920 1525 διὰ
1991 1473 2092 1524 τοῦ

435 1565 746 1636 Πνεῦματος
801 1561 1010 1618 δίδοται
1071 1561 1239 1637 λόγος
1299 1563 1513 1639 σοφίας,
1573 1559 1734 1633 ἄλλῳ
1797 1557 1854 1614 δὲ
1921 1558 2090 1633 λόγος

434 1655 691 1730 γνώσεως
747 1653 883 1708 κατὰ
939 1652 1003 1708 τὸ
1058 1651 1188 1706 αὐτὸ
1258 1653 1512 1724 Πνεῦμα,
1572 1649 1738 1724 ἑτέρῳ
1795 1646 1852 1704 δί
1906 1647 2091 1710 πίστις

437 1744 486 1800 ἐν
542 1749 623 1817 τῷ
679 1745 832 1818 αὐτῷ
893 1743 1190 1816 Πνεόματι,
1242 1740 1402 1816 ἄλλῳ
1434 1738 1492 1796 δὲ
1550 1740 1866 1816 χαρίσματα
1925 1738 2088 1812 ἴαμάο

437 1854 542 1888 των
593 1832 643 1887 ἐν
700 1836 779 1904 τῷ
838 1831 986 1904 αὒτῷ
1043 1829 1344 1904 ΙΙνεόματι,
1400 1827 1558 1901 ἃλλῳ
1629 1825 1686 1883 δὲ
1742 1826 2087 1903 ἐνεργήματα

2277 1385 2542 1450 ΧΙΙ,7-1Ο.
2571 1411 2598 1437 ιι
2629 1390 2958 1462 Unicuique
2973 1408 3107 1446 vero
3132 1391 3861 1467 daturmanifestatiospi-

2204 1495 2232 1523 ιι
2266 1475 2414 1530 ritus
2427 1477 2501 1532 ad
2516 1478 2576 1532 id
2597 1479 2753 1549 quod
2772 1481 3179 1551 expedit.Nam
3195 1481 3332 1537 huic
3351 1482 3593 1553 quidem
3609 1500 3715 1554 per
3729 1485 3824 1555 Spi
3838 1515 3860 1526 -

2205 1563 2430 1620 «ritum
2453 1565 2629 1622 datur
2651 1585 2846 1624 sermo
2871 1571 3179 1640 sapientiai
3203 1588 3216 1626 :
3248 1571 3350 1626 alii
3379 1588 3512 1626 vero
3546 1588 3741 1626 sermo
3769 1589 3863 1626 co-

2207 1673 2227 1700 ιι
2244 1653 2530 1723 gnitionis
2542 1657 2872 1712 secundum
2894 1659 3173 1714 eumdem
3187 1659 3472 1730 Spiritum
3499 1677 3511 1715 :
3536 1660 3638 1716 alii
3657 1668 3856 1715 autem

2200 1761 2227 1790 «
2257 1741 2402 1796 tides
2424 1760 2530 1813 per
2549 1744 2828 1801 eumdem
2861 1747 3145 1818 Spiritum
3171 1765 3183 1802 :
3212 1749 3312 1803 alii
3341 1765 3477 1803 vero
3502 1749 3658 1804 dona
3680 1767 3856 1805 sana-

2203 1851 2225 1877 ι
2252 1830 2481 1886 tionum
2503 1833 2565 1888 in
2588 1834 2795 1889 eodem
2824 1836 3045 1907 Spiritu
3070 1854 3082 1890 :
3108 1837 3209 1892 alii
3236 1843 3435 1892 autem
3471 1839 3852 1910 operationes

438 1921 737 1996 δυνάμεων,
771 1918 932 1994 ἄλλῳ
964 1919 1020 1975 δὲ
1072 1919 1400 1997 προφητεία,
1459 1916 1619 1991 ἄλλῳ
1677 1915 1733 1972 δὲ
1789 1915 2083 1991 διακρίσεις

2199 1941 2218 1967 ιι
2247 1918 2553 1990 virtutum,
2576 1923 2677 1978 alii
2711 1941 2846 1979 vero
2870 1926 3184 1997 prophetia
3209 1943 3222 1981 :
3244 1926 3345 1981 alii
3377 1933 3580 1982 autem
3631 1927 3854 1982 discre-

431 2012 766 2084 πνευμάτων,
797 2010 965 2086 ἑτέρῳ
997 2007 1055 2064 δὲ
1091 2007 1510 2085 γένηγλωσσῶν,
1543 2005 1702 2079 ἄλλῳ
1733 2004 1790 2061 δὲ
1821 2005 2081 2081 ἑρμηνεία

425 2098 714 2177 γλωσσῶν.

501 2188 813 2264 Φανέρωσιν
845 2188 1184 2261 Πνεόματος,
1217 2188 1283 2242 τὰ
1341 2192 1547 2259 σημεῖα
1603 2184 1781 2241 καλεῖ·
1845 2182 1936 2240 διὰ
1978 2186 2081 2260 γὰρ

427 2282 536 2334 τῶν
566 2278 833 2352 σημείων,
865 2280 900 2346 ἡ
953 2275 1236 2332 ἐπιστασία
1302 2279 1398 2331 τοῦ
1465 2273 1832 2350 Παρακλήτου
1889 2270 2080 2328 διεδεί-

427 2389 608 2427 κνυτο,
645 2390 673 2419 ι‹
709 2368 852 2441 Πρὸς
881 2367 946 2422 τὸ
979 2366 1270 2443 συμφέρον.
1300 2389 1326 2417 ››
1349 2367 1468 2422 ’Ίνα
1492 2366 1593 2438 μή,
1623 2389 1643 2414 ι
1662 2361 2080 2438 χαρισμάτων,››

433 2459 594 2531 μόνον
619 2455 852 2518 άκούσας
883 2457 910 2511 6
966 2456 1029 2511 τὸ
1091 2450 1314 2511 ἔλαττον
1366 2455 1617 2530 χάρισμα
1647 2448 1791 2509 ἔχων
1824 2449 2079 2526 ἀδημονῇ

428 2548 516 2603 καὶ
550 2547 715 2624 λέγῃ,
749 2547 810 2602 Τί
842 2549 945 2625 γὰρ
979 2547 1023 2602 εἰ
1051 2553 1140 2602 καί
1174 2548 1257 2608 εἷς
1316 2545 1429 2601 ἐστι
1485 2545 1640 2612 Θεὸς,
1691 2543 1839 2612 πλὴν
1879 2542 1990 2619 ἐγὼ
2018 2544 2080 2598 τὸ

432 2636 658 2694 ἔλαττον
683 2633 799 2714 ἔχω
833 2658 847 2707 ;
881 2635 1123 2712 έπᾶγει,ι‹
1157 2636 1298 2712 Πρὸς
1319 2637 1381 2690 τὸ
1413 2634 1744 2710 συμφέρονμ)
1767 2631 1973 2696 δεικνὺς
1996 2632 2079 2689 ὅτι

429 2733 514 2787 καὶ
551 2731 687 2788 αὐτὸ
715 2733 778 2787 τὸ
810 2728 997 2788 λαϐεῖν
1031 2726 1276 2800 ἔλαττον,
1309 2727 1592 2807 συμφέρει.
1625 2754 1653 2781 ιι
1713 2731 1778 2807 ᾯ
1830 2729 1923 2801 μὲν
1977 2727 2080 2804 γὶρ

433 2818 523 2877 διὰ
551 2825 650 2877 τοῦ
685 2821 1020 2894 Πνεόματος·
1066 2843 1094 2871 »ι
1155 2820 1566 2893 Ἀπαριθμεῖται
1621 2819 1690 2873 τὰ
1747 2817 2079 2892 χαρίσματα,

425 2909 630 2975 δεικνὺς
666 2913 972 2981 πάντατῆς
1021 2910 1190 2980 αὐτῆς
1247 2904 1374 2963 ὄντα
1432 2915 1622 2984 πηγῆς
1679 2906 1777 2963 τοῦ
1835 2906 2080 2980 Πνεύμα-

420 3022 539 3071 τος,
567 2999 662 3056 ’ἱνα
690 3001 784 3056 καὶ
817 3002 845 3055 6
867 3001 930 3056 τὸ
961 2998 1187 3055 ἔλαττον
1246 2998 1394 3075 ἔχων
1455 3000 1530 3072 μὴ
1591 2995 1760 3073 ἀλγῇ,
1808 2997 1899 3052 καὶ
1933 2997 1961 3052 6
2015 2997 2078 3051 τὸ

431 3096 611 3163 μεῖζον
647 3092 724 3163 μὴ
759 3089 1072 3160 ἔπαίρηται,
1107 3086 1296 3157 ἐπειδὴ
1340 3086 1401 3142 έκ
1453 3091 1552 3142 τοῦ
1609 3086 1774 3142 αὐτοῦ
1826 3083 2081 3158 Ηνεύμα-

426 3199 519 3240 τος
550 3177 768 3234 κάκεῖνα
797 3178 890 3234 καὶ
937 3181 1123 3233 ταῦτα.
1159 3199 1189 3229 ιι
1215 3177 1393 3254 Λόγος
1451 3176 1666 3253 σοφίας.
1705 3199 1726 3228 ι
1773 3174 1952 3248 Λόγος
1982 3195 2079 3228 σο·-

2203 2029 2226 2058 ιι
2263 2009 2453 2065 tiones
2485 2012 2931 2084 spirituum,alii
2954 2031 3090 2070 vero
3118 2015 3695 2089 generalinguarum
3721 2017 3853 2072 :alii

2201 2120 2228 2148 ιι
2254 2104 2452 2154 autem
2477 2100 2887 2172 interpretatio
2918 2103 3280 2175 linguarum.
3318 2127 3345 2154 ››

2270 2188 2806 2247 Manifestationem
2833 2193 3083 2263 Spiritus
3111 2199 3276 2249 vocat
3299 2195 3472 2267 signa
3499 2212 3514 2262 ;
3547 2213 3654 2268 per
3684 2197 3854 2267 signa

2198 2277 2380 2342 enim,
2411 2279 2701 2335 Paracleti
2747 2281 3095 2338 assistentia
3126 2281 3669 2340 demonstrabatur.
3706 2309 3733 2335 ιι
3771 2285 3854 2340 Ad

2197 2365 2256 2421 id
2296 2367 2462 2438 quod
2485 2368 2742 2440 expedit.
2777 2390 2805 2418 ››
2840 2372 2920 2425 Ne
2949 2371 3170 2426 auditis
3203 2373 3404 2428 statim
3435 2373 3634 2443 donis,
3667 2376 3717 2430 is
3751 2377 3853 2446 qui

2197 2457 2395 2512 minus
2420 2457 2637 2513 habeat
2666 2458 2888 2514 donum
2927 2460 3180 2533 graviter
3207 2461 3410 2528 ferret,
3463 2480 3530 2518 ac
3577 2463 3805 2519 diceret
3839 2483 3852 2518 :

2195 2546 2344 2612 Quid
2375 2546 2449 2601 ad
2481 2548 2801 2626 meattinet
2824 2549 3004 2604 etiam
3028 2549 3076 2604 si
3108 2567 3262 2605 unus
3287 2556 3345 2606 et
3373 2551 3534 2606 idem
3567 2553 3644 2607 sit
3677 2555 3854 2624 Deus,

2195 2639 2458 2691 attamen
2491 2637 2810 2708 egominus
2840 2637 3031 2693 habeo
3052 2638 3080 2694 ?
3101 2639 3438 2712 subjungit:
3473 2641 3560 2696 Ad
3596 2641 3651 2696 id
3693 2645 3854 2714 quod

2195 2725 2458 2797 expedit:
2494 2727 2826 2782 Ostendens
2849 2727 3006 2798 quod
3041 2729 3149 2784 hoc
3189 2730 3368 2784 etiam
3407 2730 3854 2802 expediebatut

2194 2814 2393 2869 minus
2415 2816 2766 2888 acciperet.«
2796 2818 2940 2871 Nam
2957 2817 3093 2872 huic
3110 2818 3351 2888 quidem
3375 2836 3483 2890 per
3500 2820 3846 2892 Spiritum.»

2192 2905 2515 2960 Enumerat
2543 2905 2720 2970 dona,
2753 2904 3078 2961 ostendens
3135 2907 3339 2962 omnia
3359 2908 3431 2962 ab
3465 2908 3673 2964 eodem
3706 2929 3845 2982 pro-

2191 2993 2400 3048 cedere
2451 2993 2614 3048 fonte
2664 2994 2949 3066 Spiritus:
3003 3001 3069 3050 ut
3098 3012 3293 3066 neque
3325 2997 3712 3053 contristetur
3740 3001 3838 3070 qui

2189 3081 2388 3137 minus
2435 3084 2684 3154 accepit,
2719 3099 2912 3154 neque
2956 3084 3006 3138 is
3057 3085 3378 3140 extollatur
3433 3087 3534 3157 qui
3593 3088 3837 3157 majus:

2189 3171 2675 3241 quandoquidem
2719 3177 2778 3227 et
2806 3172 2932 3227 haec
2963 3177 3022 3228 et
3053 3173 3155 3227 illa
3174 3173 3246 3228 ab
3295 3173 3505 3230 eodem
3530 3182 3669 3230 sunt
3706 3177 3838 3248 Spi-

433 3266 576 3345 φίας,
610 3270 728 3322 οἷον
759 3269 909 3344 εἶχεν
936 3268 964 3322 6
998 3265 1240 3338 Παῦλος,
1272 3267 1301 3320 6
1333 3265 1560 3341 Πέτρος,
1591 3265 1620 3319 6
1681 3263 1954 3334 Ἰωάννης,
1987 3263 2077 3318 καὶ

2199 3259 2328 3315 ritu.
2362 3282 2387 3308 ‹‹
2421 3260 2627 3316 Sermo
2660 3259 3019 3332 sapientiai.-
3057 3262 3506 3332 Sermo,inquit,
3533 3265 3840 3335 sapientia:

432 3359 484 3413 οἱ
523 3360 636 3414 κατ’
669 3358 884 3420 αὐτούς.
917 3357 1012 3413 Διὸ
1041 3357 1133 3412 καὶ
1163 3360 1380 3432 πρῶτον
1429 3354 1559 3410 αὐτὸ
1615 3354 1840 3418 τέθεικε.
1896 3349 2078 3430 Λόγος

431 3445 486 3502 δὲ
507 3448 759 3522 γνώσεώς
791 3446 1020 3519 έστινξὸν
1053 3444 1275 3521 ἔχουσιν
1309 3446 1360 3500 οἱ
1424 3442 1634 3499 ἰδιῶται
1692 3443 1898 3509 πιστοὶ,
1933 3442 2084 3498 εἰδό-

427 3557 515 3598 τες
551 3538 670 3610 μὶν,
705 3534 914 3596 ἄλλους
946 3533 1005 3591 δὲ
1037 3532 1248 3606 διδάξαι
1302 3534 1405 3589 οὐκ
1466 3532 1771 3609 ἰσχύοντες.
1807 3557 1837 3585 ιι
1881 3532 2086 3608 Ἐτέρῳ

431 3623 487 3681 δὲ
517 3626 722 3687 πίστις.
758 3649 784 3677 >ι
819 3625 1009 3680 Πίστιν
1042 3621 1100 3678 δέ
1126 3644 1312 3700 φησιν,
1345 3623 1410 3678 οὗ
1451 3623 1550 3690 τὴν
1610 3627 1717 3678 τῶν
1777 3619 2084 3697 δογμάτων,

435 3712 575 3769 ἀλλὰ
602 3715 702 3783 τὴν
733 3717 842 3768 τῶν
875 3711 1141 3785 σημείων,
1175 3711 1300 3786 περὶ
1329 3714 1395 3780 ἧς
1425 3709 1588 3785 ᾔτουν
1650 3711 1703 3766 οἱ
1759 3709 2083 3780 ἀπόστολοι,

435 3826 463 3853 ιι
487 3802 717 3879 Πρόσθες
746 3805 910 3877 ἡμῖν,
942 3799 1220 3877 λέγοντες,
1251 3800 1457 3859 πίστιν.
1490 3823 1519 3851 ››
1577 3798 1650 3854 06
1705 3801 1808 3875 γὰρ
1867 3795 1928 3853 ἃν
1987 3799 2085 3856 οὐκ

427 3892 581 3966 εἶχον
640 3892 824 3948 πίστιν
884 3891 936 3945 οἱ
1012 3887 1336 3959 ἀπόστολοι,
1397 3887 1524 3946 ἀλλ’
1573 3885 1758 3958 ἐπειδή
1820 3887 2080 3959 ἤκουσαν,

421 4005 450 4032 ιι
485 3981 608 4038 Ἐὰν
638 3981 808 4058 ἔχητε
844 3981 1028 4036 πίστιι
1081 3981 1156 4042 ὡς
1211 3981 1409 4034 κόκκον
1471 3979 1760 4051 σινάπεως,
1820 4004 1846 4031 ››
1877 3977 2082 4054 ᾔτησαν

416 4071 620 4140 ταύτην
649 4073 748 4141 τὴν
777 4070 958 4126 πίστιν
984 4071 1061 4134 εἰς
1090 4071 1152 4125 τὸ
1183 4069 1418 4144 ἐνεργεῖν
1453 4067 1721 4142 θαύματα.

493 4337 601 4392 Καὶ
636 4336 847 4399 ἄλλως.
896 4337 1232 4409 [ΘΕΟΔΩΡ.]
1295 4335 1481 4391 ΙΙίστιν
1539 4334 1822 4408 ὠνόμασεν
1883 4334 1950 4390 οὐ
1978 4337 2080 4404 τὴν

421 4428 642 4497 κοινήν,
673 4423 822 4481 ἀλλὰ
851 4425 914 4480 τὸ
949 4423 1124 4480 ίδικὸν
1179 4424 1430 4501 χάρισμα
1486 4422 1619 4498 (ἔστι
1681 4425 1784 4500 γὰρ
1815 4425 1904 4480 καὶ
1972 4426 2079 4501 χά-

425 4535 594 4589 ρισμα
626 4516 811 4579 πίστις
848 4513 1237 4588 καλούμενον),
1297 4513 1476 4567 πίστιν
1540 4510 1598 4568 δὶ
1653 4512 1745 4568 καὶ
1803 4515 1904 4582 τήν
1969 4519 2078 4569 τῶν

424 4601 731 4677 δογμάτων.
767 4628 795 4658 ιι
829 4603 1160 4678 Χαρίσματα
1192 4601 1464 4675 ἰαμάτων.
1503 4627 1529 4652 ››
1587 4601 1759 4660 Καλεὶ
1816 4604 1911 4676 μὲν
1971 4623 2076 4678 χα·

426 4694 660 4767 ρίσματα
691 4692 960 4766 ἰαμάτων,
992 4695 1100 4746 τῶν
1143 4690 1347 4766 χωλῶν
1377 4692 1468 4746 τὸν
1503 4687 1732 4766 δρόμον,
1755 4697 1864 4746 τῶν
1895 4691 2081 4767 ἀρῥω-

428 4803 564 4837 στων
599 4784 700 4853 τήν
760 4781 988 4857 ὑγίειαν,
1039 4785 1150 4835 τῶν
1209 4785 1414 4855 νεκρῶν
1464 4783 1564 4850 τήν
1624 4779 1937 4850 ἀνάστασιν,
1989 4781 2080 4836 καὶ

429 4870 524 4925 ’ὀσα
578 4871 833 4929 τοιαῦτα.
898 4870 1270 4945 Ἐνεργήματα
1328 4866 1384 4924 δὲ
1469 4865 1770 4944 δυνάμεων,
1827 4870 1929 4938 τήν
1983 4874 2081 4926 τοῦ

428 4960 640 5034 Ἐλόμα
697 4959 1042 5031 τυφλότητα,
1133 4960 1228 5015 τὸν
1305 4958 1548 5016 Ἀνανίου
1615 4960 1706 5013 καὶ
1773 4959 2083 5037 Σαπφείρας

425 5052 672 5120 θάνατον,
733 5050 862 5112 τοὺς
918 5054 998 5122 τῷ
1055 5053 1269 5118 Σατανᾷ
1320 5044 1738 5122 παραδοθέντας,
1790 5046 1881 5104 ἵνα
1955 5071 2080 5104 παιο

421 5137 653 5194 δευθῶσι
688 5142 762 5212 μὴ
803 5138 1181 5215 βλασφημεῖν.
1217 5161 1244 5190 ‹‹
1308 5138 1684 5213 Ἐνεργήματα
1715 5135 2014 5210 δυνάμεων.
2051 5163 2078 5190 ››

419 5233 481 5288 Ὀ
515 5230 578 5284 τὸ
607 5229 856 5304 χάρισμα
885 5233 995 5284 τῶν
1048 5227 1293 5300 ΐαμάτων
1355 5222 1520 5302 ἔχων,
1582 5225 1700 5282 ἰᾶτο
1764 5226 1890 5289 τοὺς
1922 5227 2078 5291 ἀσθε-

419 5323 662 5381 νοῦνταςο
697 5319 725 5374 6
760 5315 817 5373 δὲ
847 5318 916 5373 τὰ
948 5316 1299 5394 ἐνεργήματα
1322 5321 1431 5372 τῶν
1489 5313 1785 5390 δυνάμεων,
1851 5317 1941 5372 καὶ
1998 5318 2082 5372 i62-

423 5410 542 5463 σθαι
570 5409 701 5471 τοὺς
769 5408 1151 5477 ἀσθενοῦντας,
1209 5407 1300 5461 καὶ
1359 5409 1720 5481 τιμωρεῖσθαι
1776 5405 1905 5470 τοὺς
1955 5406 2081 5462 ἀπι-

428 5501 685 5558 στοῦντας
770 5496 861 5550 καὶ
920 5493 1340 5575 διαστρέφοντας
1421 5494 1618 5570 ἰσχύει.
1710 5521 1735 5547 ιι
1783 5497 2083 5570 Διακρίσεις

432 5586 776 5660 πνευμάτων.
812 5609 841 5637 ››
871 5585 942 5640 Τὸ
975 5583 1168 5640 εἰδέναι
1192 5583 1275 5646 τίς
1333 5584 1360 5638 6
1420 5586 1730 5662 προφήτης,
1762 5587 1853 5641 καὶ
1911 5586 1992 5650 τίς
2053 5589 2082 5642 6

496 5711 545 5748 ³⁸
570 5714 732 5780 Luc.,
762 5728 896 5780 xm,
925 5717 976 5770 5.
1080 5714 1126 5748 ²⁹
1153 5711 1320 5779 ibid.,
1352 5714 1404 5766 6.
1507 5712 1556 5746 ³ο
1585 5714 1709 5768 Act.
1742 5731 1864 5784 xui,
1895 5719 1948 5771 8.

2106 4651 2157 4716 D

2191 3349 2431 3420 qualem
2471 3349 2682 3404 habuit
2711 3349 2950 3417 Paulus,
2983 3353 3192 3406 Petrus
3233 3358 3293 3406 et
3319 3353 3595 3420 Joannes,
3619 3354 3840 3426 quique

2190 3437 2430 3494 illorum
2463 3443 2728 3511 tempore
2757 3445 2926 3494 erant
2951 3457 2963 3494 :
2989 3439 3121 3495 ideo
3149 3441 3330 3496 etiam
3356 3441 3466 3497 hoc
3488 3442 3680 3514 primo
3711 3443 3841 3498 loco

2187 3529 2408 3601 posuit.
2469 3529 2675 3584 Sermo
2733 3545 2870 3584 vero
2911 3529 3268 3603 cognitionis
3298 3536 3389 3586 est
3417 3548 3592 3601 quem
3624 3532 3848 3588 habent

2185 3617 2384 3674 idiotas
2417 3617 2645 3685 ﬁdeles,
2681 3619 2782 3689 qui
2810 3635 2954 3675 sane
2987 3625 3229 3687 norunt,
3263 3625 3324 3675 at
3352 3627 3600 3677 caeteros
3630 3622 3843 3678 docere

2186 3713 2511 3776 nequeunt.
2547 3729 2573 3756 ιι
2609 3707 2725 3762 Alii
2757 3715 2958 3763 autem
2992 3708 3158 3765 fides.
3198 3732 3224 3758 ››
3258 3709 3460 3764 Fidem
3505 3728 3640 3766 vero
3695 3711 3842 3767 dicit

2185 3812 2304 3851 non
2336 3813 2467 3866 qum
2521 3795 2680 3851 circa
2722 3795 2998 3868 dogmata
3028 3802 3317 3863 versatur,
3354 3797 3458 3852 sed
3491 3816 3622 3869 quae
3681 3799 3840 3854 circa

2187 3886 2355 3958 signa
2376 3901 2556 3956 quam
2588 3884 2870 3956 petebant
2889 3884 3166 3957 apostoli,
3187 3885 3455 3941 dicentes
3485 3902 3497 3942 :
3534 3911 3560 3935 ‹‹
3588 3890 3835 3960 Appone

2187 3975 2362 4030 nobis
2419 3975 2598 4030 ﬁdem
2615 3973 2682 4029 ³⁸.
2720 3998 2746 4024 ››
2780 3977 2978 4048 Neque
3009 3977 3173 4031 enim
3227 3976 3480 4048 apostoli
3533 3977 3647 4032 ﬁde
3680 3995 3838 4034 care-

2187 4066 2369 4132 bant;
2401 4067 2505 4122 sed
2538 4067 3172 4138 quoniamaudierant.
3206 4067 3305 4121 «Si
3338 4067 3636 4125 haberetis
3659 4069 3838 4124 ﬁdem

2190 4157 2343 4214 sicut
2371 4174 2622 4230 granum
2655 4155 3187 4227 sinapis,diceretis
3208 4157 3397 4212 monti
3422 4157 3560 4214 huic
3582 4158 3650 4226 ³9,
3675 4164 3783 4214 etc.
3827 4176 3839 4225 ;

2187 4248 2525 4320 petiverunt
2548 4248 2705 4303 hanc
2737 4245 2916 4302 ﬁdem
2955 4246 3028 4301 ad
3060 4239 3430 4319 operandam
3462 4249 3768 4306 miracula.

2261 4338 2411 4393 539
2453 4339 2583 4394 Alio
2614 4336 2792 4394 modo.
2828 4336 3027 4392 Fidem
3049 4338 3376 4392 nominavit
3404 4355 3524 4393 non
3557 4354 3685 4394 eam
3711 4355 3842 4408 quae

2188 4431 2278 4481 est
2305 4426 2663 4494 communis,
2698 4425 2801 4482 sed
2834 4442 2964 4481 eam
2997 4443 3127 4496 quas
3167 4427 3477 4498 proprium
3505 4433 3596 4482 est
3626 4427 3841 4483 donum

2188 4515 2509 4586 (siquidem
2570 4515 2749 4571 etiam
2805 4514 3107 4586 quoddam
3137 4515 3364 4571 donum
3396 4522 3487 4572 est
3513 4517 3670 4588 quod
3703 4517 3840 4572 fidei

2191 4602 2416 4658 donum
2447 4603 2826 4675 appellatur),
2848 4603 3026 4658 ﬁdem
3057 4621 3193 4659 vero
3226 4605 3406 4660 etiam
3437 4622 3567 4675 quas
3599 4605 3842 4678 dogma-

2193 4697 2316 4746 tum
2350 4696 2456 4747 est.
2497 4715 2518 4740 ι
2548 4692 2662 4746 Alii
2695 4708 2830 4746 vero
2858 4691 3014 4746 dona
3045 4693 3444 4747 sanationum.
3484 4716 3504 4741 ι
3536 4695 3713 4748 Vocat
3745 4711 3840 4749 sa-

2193 4780 2503 4836 nationum
2537 4780 2778 4852 quidem
2809 4780 2985 4850 dona,
3009 4780 3357 4836 claudorum
3391 4797 3650 4846 cursum,
3670 4782 3840 4836 inﬁr-

2191 4889 2428 4930 morum
2460 4872 2796 4942 sanitatem,
2829 4875 3199 4926 mortuorum
3223 4871 3765 4940 resuscitationem,
3785 4881 3845 4929 et

2195 4977 2568 5035 quaecunque
2628 4965 2768 5015 sunt
2820 4959 3196 5032 bujusmodi;
3233 4959 3611 5032 operationes
3642 4969 3840 5018 autem

2193 5053 2476 5108 virtutum
2510 5050 2731 5122 Elymus
2763 5049 3222 5105 excaecationem
3239 5048 3307 5115 3°,
3343 5051 3589 5106 Ananiae
3621 5057 3680 5106 et
3708 5053 3846 5124 Sap-

2195 5142 2380 5214 phiraa
2415 5144 2664 5195 mortem
2709 5139 2778 5207 ³⁸,
2812 5144 2870 5193 et
2900 5155 3000 5194 eos
3035 5138 3135 5209 qui
3171 5139 3401 5194 Satanae
3433 5140 3633 5195 traditi
3684 5149 3845 5208 sunt,

2192 5241 2260 5290 ut
2289 5234 2589 5289 discerent
2605 5249 2725 5287 non
2740 5231 3176 5304 blasphemare.
3199 5254 3226 5282 «
3261 5233 3648 5304 Operationes
3665 5236 3850 5290 virtu-

2196 5329 2341 5378 tum.
2379 5345 2405 5372 ››
2439 5322 2548 5386 Qui
2581 5321 2804 5376 donum
2834 5319 3090 5376 habebat
3121 5321 3524 5387 sanationum,
3575 5324 3848 5379 inﬁrmos

2196 5412 2442 5468 sanabat
2477 5428 2490 5465 :
2524 5411 2622 5482 qui
2656 5426 2792 5465 vero
2825 5410 3202 5482 operationes
3235 5411 3607 5473 virtutum.et
3637 5430 3847 5469 sanare

2196 5501 2464 5557 inﬁrmos
2518 5505 2576 5554 et
2604 5499 2819 5570 punire
2842 5498 3185 5554 incredulos
3217 5499 3438 5570 quique
3470 5505 3716 5555 caeteros
3745 5502 3844 5555 de-

2195 5594 2532 5663 pravarent,
2545 5593 2798 5660 poterat.
2834 5611 2862 5639 «
2899 5588 3296 5644 Discretiones
3321 5589 3695 5659 spirituum.»
3728 5589 3846 5643 Hoc

2051 5717 2099 5753 ³¹
2125 5721 2254 5776 Act.
2288 5734 2340 5779 ν,
2378 5719 2428 5771 1.
