4118 6388
1475 465 1883 527 COMMENT.
1930 465 2000 524 IN
2048 461 2296 524 EPIS'I‘.
2347 465 2372 523 Ι
2417 462 2531 523 AD
2573 463 2945 526 OOBINTH.

3751 465 3872 526 823

430 597 606 651 θεῖται
635 595 730 649 τὸν
763 595 824 650 τὸ
884 588 1113 650 ἔλαττον
1169 591 1370 670 ἔχοντα
1428 595 1705 672 χάρισμα,
1733 602 1813 669 τῷ
1841 617 1900 652 τε
1932 595 2086 651 εἷπεῖη

2218 611 2427 651 omnes
2458 595 2767 652 efﬁcerent
2784 613 2970 652 unum
3007 614 3240 669 corpus.
3264 597 3512 654 Interim
3528 603 3729 656 autem
3760 618 3866 672 per

435 682 520 741 ὅτι
572 681 626 740 ἓν
686 688 846 755 σῶμα
903 685 1102 748 πάντες
1158 684 1339 759 ἐσμὶν,
1399 685 1493 740 καὶ
1548 690 1628 758 τῷ
1680 685 1852 742 εἰπεῖν
1885 683 1976 740 διὰ
2003 689 2100 740 τοῦ

434 774 602 831 αὐτοῦ
666 773 983 848 [Ινεύματος
1041 775 1128 831 καὶ
1190 781 1290 844 τῆς
1352 775 1520 842 αὐτῆς
1579 771 2004 852 κολυμϐήθρας,
2043 774 2097 830 ἓν

433 867 584 938 ἡμᾶς
624 863 932 940 γεγονέναι.
969 887 997 916 ιι
1028 866 1123 922 Ἑν
1155 867 1311 938 πόμα
1341 864 1710 938 ἐποτίσθημεν
1741 864 1818 928 εἷς
1846 863 1901 920 ἓν
1931 869 2100 921 Ι]νεῦ-

441 974 537 1027 μα.
571 976 601 1005 ››
629 953 709 1008 Δι’
768 953 903 1022 ἑνὸς,
964 953 1122 1031 φησὶ,
1166 954 1482 1028 Ηνεῦματος
1511 954 1828 1034 ἐσχήκαμεν
1857 959 1964 1010 τῶν
1993 975 2101 1030 χα-

437 1041 720 1118 ρισμάτων
751 1045 852 1111 τήν
879 1038 1110 1116 δωρεάν.
1145 1067 1172 1095 ‹‹
1200 1044 1494 1114 Ἐποτίσθη
1506 1064 1601 1117 μεν
1633 1069 1662 1097 ››
1697 1041 1758 1098 δὶ
1787 1043 1956 1109 εἶπεν,
1990 1043 2096 1099 ἀπὸ

435 1137 750 1211 μεταφορᾶς
791 1136 889 1186 τοῦ
920 1128 1175 1207 δένδρων,
1240 1156 1348 1188 των
1404 1134 1465 1189 ἐκ
1517 1139 1617 1204 τῆς
1649 1134 1818 1204 αὐτῆς
1852 1131 2096 1209 ἀρδομέο

428 1243 536 1277 νων
572 1225 783 1296 πηγῆς.
818 1250 846 1273 ι.
883 1221 989 1277 Καὶ
1017 1222 1123 1297 γὰρ
1179 1224 1244 1278 τὸ
1298 1227 1456 1296 σῶμα
1499 1222 1598 1279 οὒκ
1637 1223 1779 1280 ἔστιν
1810 1221 1864 1279 ἕν
1901 1221 2093 1296 μέλος,

427 1308 578 1366 ἀλλὰ
603 1307 813 1367 πολλά.
852 1334 881 1362 u
913 1311 1020 1366 Καὶ
1075 1312 1152 1385 μή
1213 1312 1521 1388 θαυμάσῃς,
1552 1314 1734 1390 φησὶν,
1766 1312 1811 1369 εἰ
1841 1316 2093 1368 τοσοῦτοι

427 1399 580 1460 ὅντες
609 1395 666 1453 ἓν
700 1400 862 1472 σῶμά
895 1398 1080 1469 ἐσμεν,
1141 1400 1304 1456 ὁπότε
1360 1401 1450 1456 καὶ
1509 1400 1596 1458 ἰπὶ
1628 1406 1728 1457 τοῦ
1757 1401 2093 1476 ἀνθρωπίνου

430 1491 688 1564 σώματος
722 1489 826 1545 ἀπὸ
860 1489 1089 1546 πολλῶν
1143 1491 1351 1564 μελῶν,
1407 1488 1460 1547 ἓν
1520 1487 1662 1548 ἔστιν
1695 1494 1866 1568 εὓρεῖν
1892 1493 1954 1547 τὸ
1987 1497 2092 1548 σιῖύ⁴

433 1601 529 1652 μα.
565 1580 642 1636 Τὰ
671 1577 729 1635 δὲ
756 1578 891 1654 πρὸς
932 1579 1172 1643 ἐκείνους
1206 1577 1443 1654 ἁρμόδια
1475 1583 1693 1657 ῥήματα
1723 1583 1800 1646 ὠς
1833 1583 1891 1639 ἐκ
1920 1605 2090 1659 προσ-

430 1673 585 1724 ώπου
640 1673 749 1723 τῶν
806 1667 991 1742 μελῶν
1044 1668 1270 1740 τέθεικε,
1335 1669 1502 1743 δεῖξαι
1534 1670 1708 1727 θὲλων
1762 1673 1844 1727 ὅτι
1907 1671 1953 1727 εἰ
2001 1672 2090 1727 καὶ

433 1755 656 1813 ἔλαττόν
686 1779 769 1820 τις
802 1755 922 1832 ἔχει
952 1757 1222 1834 χάρισμα,
1279 1759 1341 1814 οὐ
1394 1759 1541 1833 παρὰ
1568 1763 1730 1815 τοῦτο
1761 1754 2089 1830 ἐπιϐέϐληται

434 1850 533 1900 τοῦ
565 1847 695 1902 εἶναι
758 1846 929 1920 μέλος
979 1851 1076 1902 τοῦ
1137 1848 1414 1920 σώματος.
1477 1849 1579 1905 Καὶ
1622 1849 1724 1924 γὰρ
1751 1849 1839 1904 καὶ
1873 1848 1960 1904 ἐπὶ
1991 1853 2088 1904 τοῦ

438 1937 776 2011 ἀνθρωπίνου
807 1940 1203 2013 συγκρίματος,
1261 1941 1351 1994 καὶ
1403 1941 1465 1995 τὸ
1522 1937 1748 1996 ἔλαττον
1795 1941 1973 1996 καὶτὸ
2001 1962 2086 1996 τιι

432 2027 723 2102 μιώτερον,
759 2028 834 2089 εἰς
865 2025 917 2083 ἔν
951 2029 1196 2084 συντελεῖ
1226 2035 1405 2102 σῶμα.

2214 685 2342 740 haec
2363 685 2480 742 duo
2503 687 2848 744 consolatur
2866 703 3002 742 eum
3024 688 3124 758 qui
3155 687 3354 742 minus
3385 684 3565 744 habet
3595 687 3858 749 donum:

2212 782 2335 831 tum
2355 777 2608 832 dicendo
2633 777 2792 848 quod
2811 793 3019 833 omnes
3041 793 3226 832 unum
3245 793 3458 849 corpus
3480 795 3706 849 sumus,
3731 787 3857 836 tum

2210 865 2461 922 dicendo
2493 867 2653 937 quod
2705 884 2811 938 per
2839 883 3027 923 unum
3067 866 3350 936 Spiritum
3381 866 3658 939 idemque
3689 869 3855 925 lava-

2209 972 2377 1011 crum
2399 972 2587 1012 unum
2611 957 2804 1012 effecti
2834 972 3060 1011 sumus.
3097 978 3124 1005 α
3159 957 3284 1010 Uno
3317 955 3526 1026 poculo
3557 958 3726 1030 rigati
3757 977 3858 1014 su-

2208 1061 2342 1100 mus
2372 1045 2433 1100 in
2463 1060 2650 1101 unum
2681 1046 2988 1117 Spiritum.
3024 1067 3054 1095 ω
3106 1047 3219 1100 Per
3249 1061 3458 1112 unum,
3489 1047 3702 1118 inquit,
3736 1049 3858 1121 Spi-

2208 1135 2389 1193 ritum
2447 1135 2788 1208 accepimus
2837 1136 3084 1207 gratiam
3118 1134 3434 1190 donorum.
3469 1136 3619 1190 Dicit
3658 1144 3856 1194 autem

2206 1225 2377 1296 rigati
2409 1241 2615 1281 sumus
2645 1225 2718 1280 ab
2741 1224 3024 1280 arborum
3042 1224 3392 1295 metaphora
3413 1241 3544 1295 qua)
3567 1241 3637 1280 ex
3649 1225 3858 1281 eodem

2205 1313 2365 1370 fonte
2389 1315 2728 1386 irrigantur.
2759 1330 2783 1365 α
2820 1313 3124 1384 Siquidem
3155 1330 3373 1385 corpus
3402 1330 3522 1370 non
3553 1321 3645 1370 est
3673 1331 3859 1372 unum

2205 1403 2673 1470 membrum,sed
2697 1403 2907 1458 multa.
2942 1427 2969 1454 »
3004 1405 3084 1458 Ne
3117 1403 3376 1467 mireris,
3405 1403 3622 1473 inquit,
3653 1405 3705 1459 si
3738 1413 3858 1460 tam

2205 1494 2377 1549 multi
2408 1510 2596 1548 unum
2627 1494 2815 1549 simus
2841 1510 3079 1564 corpus,
3111 1492 3350 1562 quando
3390 1493 3570 1548 etiam
3629 1493 3691 1548 in
3752 1494 3858 1550 hu-

2204 1600 2380 1638 mano
2411 1600 2656 1654 corpore
2694 1601 2764 1637 ex
2794 1583 2999 1637 multis
3045 1581 3326 1637 membris
3358 1599 3544 1637 unum
3589 1583 3854 1638 invenia-

2205 1680 2300 1728 tur
2355 1673 2636 1728 constitui
2695 1689 2928 1744 corpus.
2995 1671 3196 1726 Posuit
3250 1676 3450 1727 autem
3499 1688 3570 1726 ex
3598 1687 3854 1742 persona

2202 1761 2610 1818 membrorum
2638 1762 2836 1828 verba,
2855 1777 2987 1832 quas
3003 1761 3272 1832 apprime
3296 1760 3620 1817 Corinthiis
3653 1766 3856 1816 essent

2203 1850 2606 1916 accommoda,
2666 1853 2812 1908 54I
2876 1850 3190 1906 ostendere
3238 1849 3444 1905 volens
3503 1850 3660 1920 quod
3712 1850 3854 1906 licet

2203 1942 2499 2013 quispiam
2553 1941 2750 1996 minus
2809 1941 3027 1997 habeat
3079 1941 3325 2006 donum,
3349 1956 3468 1994 non
3508 1940 3582 1996 ob
3615 1940 3726 1996 hoc
3755 1957 3854 1995 re-

2196 2032 2395 2104 jectus
2426 2037 2534 2100 est,
2568 2049 2642 2087 ne
2674 2032 2752 2088 sit
2779 2032 3046 2102 corporis
3076 2030 3435 2088 membrum.
3461 2031 3766 2100 Siquidem
3788 2031 3850 2086 in

424 2119 687 2174 humano
727 2134 966 2190 quoque
997 2126 1345 2192 coagmento
1378 2125 1437 2175 et
1465 2120 1625 2192 quod
1654 2121 1943 2193 abjectius
1973 2128 2064 2177 est
2084 2127 2140 2177 et
2171 2121 2330 2192 quod
2354 2120 2787 2187 honorabiiius,
2822 2120 2896 2176 ad
2930 2122 3108 2177 unius
3141 2121 3409 2191 corporis
3457 2135 3848 2175 consumma-

422 2208 651 2264 tionem
683 2208 1014 2266 conferunt.

496 2427 524 2454 (ι
572 2402 693 2460 Ἐὰν
758 2405 884 2479 εἳπῃ
949 2405 976 2458 6
1045 2410 1202 2466 ποῦς.
1256 2427 1283 2457 ››
1352 2406 1476 2463 Ἐὰν
1544 2409 1704 2461 τοῦτο
1773 2404 1929 2481 ε’ίπῃ,
1993 2405 2156 2476 ὅτιΒ

425 2517 452 2544 (ι
490 2491 607 2549 Οὐκ
632 2491 746 2565 εἰμὶ
778 2492 837 2549 ἐκ
867 2493 1142 2566 σώματος,
1178 2518 1207 2546 ››
1267 2495 1326 2550 οὐ
1381 2496 1530 2569 παρᾶ
1573 2494 1636 2550 τὸ
1691 2496 1880 2568 εἴπεῖν,
1912 2517 1937 2553 a
1968 2494 2083 2553 Οὐκ

425 2581 562 2656 εῐμῖ,
599 2579 767 2654 »ἤδη
837 2580 1040 2654 ἀπέστη
1111 2583 1169 2639 ἐκ
1226 2588 1324 2640 τοῦ
1390 2595 1668 2659 σώματος.
1724 2585 1908 2648 Οὕτως
1958 2582 2084 2640 οὐδὲ

425 2669 488 2727 σὺ
519 2669 708 2742 ἕπειδή
766 2671 891 2729 τόδε
946 2670 1096 2753 ἔχεις
1153 2675 1401 2750 χάρισμα
1457 2676 1547 2730 καὶ
1608 2673 1740 2750 οὐχὶ
1793 2673 1939 2748 τόδε,
1971 2672 2079 2744 ἤδη

425 2763 820 2818 πέπαυσαιτοῦ
881 2763 1018 2818 εἶναι
1073 2767 1233 2837 σῶμα
1288 2761 1342 2818 ἓν
1403 2763 1497 2819 σὺν
1555 2770 1671 2827 τοῖς
1709 2763 1926 2827 ἄλλοις.
1960 2788 1986 2816 ιι
2021 2763 2087 2822 Hi.

422 2849 554 2906 ὅλον
599 2852 660 2906 τὸ
713 2851 874 2926 σῶμα
933 2851 1241 2931 ὀφθαλμός.
1278 2875 1302 2906 ι
1364 2850 1588 2922 Ἐπειδή
1649 2851 1937 2934 ὀφθαλμοῦ
1992 2855 2082 2909 καὶ

416 2938 589 3003 ποδὸς
628 2939 898 3014 ἐμνήσθη,
955 2940 1013 2996 ἐκ
1072 2939 1128 2996 δὲ
1183 2941 1380 2997 τούτου
1437 2941 1707 3013 ἐλύπησεν
1741 2941 2083 3016 αῗνιξάμενος

493 3028 507 3048 ς
624 3027 636 3048 Ὶ
717 3027 728 3045 ὶ
839 3029 853 3048 Ἰ
918 3029 928 3046 9
1628 3029 1650 3048 η
1923 3031 1937 3051 \
2061 3031 2075 3048 ς

417 3045 510 3083 και
579 3047 776 3090 αυτους
837 3027 1136 3085 ελαττωσίν
1190 3051 1309 3084 τινα
1377 3025 1549 3105 ἔχειν,
1617 3049 1800 3106 ωσπερ
1847 3051 1938 3084 και
1992 3029 2078 3085 ἐπι

417 3123 526 3172 τῶν
582 3118 780 3191 μελῶν,
837 3123 928 3174 νῦν
994 3117 1255 3174 δείκνυσιν
1327 3121 1503 3182 οὕτως
1573 3119 1708 3174 εἶναι
1783 3118 2080 3198 συμφέρον,

421 3205 486 3261 τὸ
539 3203 766 3286 διάφορα
816 3210 955 3263 εἶναι
1010 3209 1350 3284 χαρίσματα.
1403 3211 1603 3282 Ὠσπερ
1651 3211 1752 3284 γὰρ
1795 3209 1859 3264 τὸ
1922 3213 2082 3280 σῶμα

425 3292 514 3350 διὰ
589 3295 745 3351 τοῦτό
805 3296 917 3352 ἐστι
971 3302 1156 3370 σῶμα,
1224 3295 1415 3366 ἐπειδὴ
1483 3295 1543 3352 ἐκ
1617 3295 1892 3375 διαφόρων
1958 3318 2114 3358 συν-,

424 3384 614 3456 ἕστηκε
656 3385 858 3460 μελῶν,
928 3386 1102 3452 οὕτως
1169 3387 1260 3443 καὶ
1325 3389 1386 3443 τὸ
1451 3391 1612 3461 σῶμα
1676 3391 1774 3442 τοῦ
1823 3389 2108 3464 Χριστοῦ,’

2260 2425 2285 2460 ι
2321 2405 2376 2461 Si
2410 2407 2568 2462 dicat
2597 2420 2722 2478 pes.
2757 2407 2856 2462 »δί
2883 2408 2993 2463 hoo
3023 2408 3216 2463 dicat:
3249 2429 3278 2457 «
3303 2406 3428 2462 Non
3460 2421 3592 2462 sum
3615 2406 3687 2460 de
3710 2421 3846 2460 cor-

2196 2511 2360 2569 pore,
2388 2515 2417 2547 ιι
2466 2509 2589 2551 non
2643 2503 2887 2568 propter
2942 2492 3093 2551 illud
3121 2495 3342 2562 dicere,
3374 2514 3401 2545 «
3433 2497 3586 2550 Num
3615 2509 3770 2558 sum,
3803 2513 3834 2544 ιι

2189 2585 2314 2658 jam
2347 2584 2517 2640 abest
2545 2600 2578 2640 a
2609 2596 2856 2656 corpore
2891 2602 2904 2638 :
2937 2585 3021 2639 sic
3052 2597 3247 2656 neque
3283 2590 3343 2639 tu
3402 2599 3470 2638 eo
3520 2584 3682 2654 quod
3734 2583 3846 2637 hoc

2195 2675 2417 2731 habeas
2447 2674 2672 2730 donum
2703 2680 2762 2730 et
2789 2686 2907 2729 non
2933 2673 3228 2747 illud,jam
3259 2673 3484 2729 desinis
3511 2679 3646 2728 cum
3677 2678 3848 2728 caete-

2194 2766 2278 2820 ris
2310 2775 2496 2821 unum
2529 2765 2766 2820 efﬁcere
2797 2773 3033 2837 carpas.
3067 2779 3095 2814 ιι
3131 2765 3186 2818 Si
3217 2767 3408 2819 totum
3438 2777 3653 2834 corpus
3693 2775 3844 2818 ocu-

2195 2856 2288 2910 lus
2345 2877 2373 2906 »
2429 2849 2921 2924 Quandoquidem
2968 2854 3125 2909 oculi
3158 2868 3227 2909 ac
3256 2853 3424 2925 pedis
3457 2851 3751 2917 meminit,
3787 2859 3844 2908 et

2195 2957 2264 3000 ex
2296 2946 2408 3000 hoc
2437 2954 2690 2999 maerore
2721 2957 2824 2999 eos
2853 2940 3338 3008 aﬂecitdnnucns
3363 2943 3526 3014 ipsos
3557 2941 3849 3014 quodam-

2194 3035 2371 3090 modo
2402 3035 2716 3090 inferiores
2743 3045 2892 3098 esse,
2927 3033 3434 3104 quemadmodum
3466 3038 3524 3086 et
3571 3031 3632 3086 in
3663 3047 3848 3087 mem-

2192 3123 2364 3178 bris:
2425 3123 2684 3178 ostendit
2740 3133 2899 3179 nunc
2953 3123 3032 3177 ita
3090 3122 3392 3193 expedire,
3422 3123 3488 3176 ut
3541 3120 3700 3176 varia
3728 3120 3848 3175 sint

2192 3213 2366 3268 dona.
2401 3213 2561 3267 Sicut
2610 3213 2769 3266 enim
2802 3224 3017 3282 corpus
3057 3211 3191 3266 ideo
3222 3216 3314 3265 est
3342 3224 3579 3281 corpus,
3605 3210 3744 3279 quia
3773 3223 3844 3263 ex

2190 3303 2369 3359 variis
2391 3303 2773 3358 constituitur
2802 3300 3124 3356 membris:
3161 3296 3244 3356 ita
3274 3302 3332 3354 et
3361 3313 3575 3370 corpus
3605 3297 3844 3363 Christi,

2191 3391 2251 3447 id
2277 3395 2386 3459 est,
2426 3391 2776 3456 Ecclesiam,
2809 3390 2922 3444 hoc
2969 3389 3110 3444 facit
3154 3401 3284 3444 esse
3335 3399 3570 3460 corpus,
3625 3403 3842 3459 nempe

422 3475 668 3531 τουτέστι
728 3477 827 3546 τὴν
889 3474 1233 3547 Ἐκκλησίαν,
1290 3480 1456 3532 τοῦτο
1513 3477 1647 3531 εἶναι
1687 3481 1840 3532 ποιεῖ
1892 3479 2072 3550 σῶμα,

2196 3483 2496 3538 diversitas
2523 3482 2815 3537 donorum
2839 3493 2906 3536 ac
2937 3482 3379 3551 mysteriorum.
3401 3501 3428 3529 ‹‹
3461 3481 3625 3534 Nunc
3642 3485 3841 3534 autem

425 3567 458 3635 ἡ
495 3562 729 3642 διαφορᾶ
791 3569 899 3621 τῶν
963 3567 1320 3642 χαρισμάτων
1382 3565 1473 3621 καὶ
1542 3563 1852 3624 διακονιῶν.
1885 3591 1912 3618 ι(
1946 3565 2080 3622 Νυνὶ

422 3647 537 3709 δὶὸ
571 3655 701 3717 Θεὸς
730 3651 904 3714 ἔθετο.
947 3678 975 3706 υ
1040 3658 1182 3731 "Op:
1246 3656 1510 3710 κάνταῦθα
1571 3658 1690 3718 πῶς
1756 3655 2077 3732 τρανότερον

423 3743 513 3796 καὶ
565 3741 738 3822 χωρίς
791 3760 939 3807 τινος
996 3739 1423 3822 ἆμριϐολογίας,
1468 3741 1530 3799 τὸ
1580 3748 1795 3818 Πνεῦμα
1825 3745 1953 3800 Θεὸν
1985 3743 2076 3799 ἀν-

424 3833 692 3906 εκήρυξεν.
730 3833 914 3891 Εἰπὼν
964 3834 1068 3909 γὰρ
1117 3834 1223 3909 πρὸ
1281 3832 1522 3912 βραχέος
1570 3832 1654 3889 δτι
1690 3835 1862 3890 πάντα
1910 3838 2076 3889 ταῦτα

421 3923 484 3978 τὸ
548 3921 755 4000 πνεῦμα
820 3924 1041 4002 ἐνεργεῖ,
1117 3931 1209 3980 νῦν
1281 3925 1449 3980 πάλιν
1526 3925 1648 4001 περῖ
1725 3931 1833 3981 τῶν
1898 3925 2073 3981 αὐτῶν

420 4010 592 4088 λέγων
655 4015 840 4094 φησίνο
882 4041 902 4066 α
949 4015 1010 4071 Ὀ
1066 4016 1196 4078 Θεὸς
1247 4012 1396 4079 ἔθετο
1451 4014 1518 4070 τὰ
1579 4015 1720 4088 μέλη
1765 4013 1822 4070 ἓν
1850 4013 2073 4071 ἕκαστον

412 4100 591 4157 αὐτῶν
623 4103 804 4166 καθὼς
852 4102 1206 4175 ἠθέλησεν.»
1259 4102 1414 4174 Μέλη
1466 4099 1592 4180 γὰρ,
1646 4105 1773 4170 τοὺς
1818 4103 1885 4160 τὰ
1913 4103 2075 4182 χαρί-

419 4215 598 4267 σματα
657 4195 723 4251 τὰ
777 4189 1010 4271 διάφορα
1062 4195 1209 4269 παρά
1268 4201 1364 4251 τοῦ
1424 4195 1732 4268 πνεύματος
1782 4195 2079 4277 εἴληφότας

417 4283 690 4357 ὠνόμασε.⁸
760 4284 915 4340 κάκεῖ
988 4280 1082 4358 μὶν
1143 4282 1346 4362 ἔλεγεν,
1418 4310 1444 4338 ‹‹
1527 4285 1768 4362 Ἐνεργεῖ
1837 4279 2078 4363 διαιροῦν

414 4372 623 4446 ἑκάστῳ
653 4375 835 4438 καθὼς
870 4371 1148 4449 βούλεται·
1188 4399 1214 4425 ››
1275 4372 1381 4429 ὦδε
1439 4367 1517 4442 6‘s,
1573 4399 1601 4426 «
1635 4375 1827 4439 Ἔθετο
1855 4373 2077 4437 ἕκαστον

415 4462 591 4518 αὐτῶν
658 4459 710 4518 ἐν
780 4469 859 4536 τῷ
925 4463 1141 4536 σώματι
1206 4464 1386 4524 καθὼς
1445 4459 1734 4533 ἠθέλησεν,
1790 4488 1818 4516 ››
1871 4463 1932 4520 Εἰ
1982 4466 2074 4521 οὖν

416 4551 446 4607 6'
515 4551 644 4616 Θεὸς
712 4549 883 4615 οὕτως
985 4551 1276 4624 ἠθέλησεν,
1372 4552 1572 4607 ἄτοπον
1647 4551 1711 4608 τὸ
1776 4551 2075 4627 ἀδημονεῖν

415 4639 499 4722 ἐφ’
531 4640 612 4704 οἷς
641 4641 668 4697 ὸ
700 4641 831 4706 Θεὸς
860 4639 1120 4712 ἠθέλησε.
1173 4642 1249 4699 Τὸ
1305 4637 1381 4710 δὲ,
1441 4665 1469 4693 ‹‹
1505 4641 1695 4704 Καθὼς
1723 4639 2012 4713 ἠθέλησεν,
2047 4669 2074 4695 ››

418 4728 525 4791 ἅνω
570 4736 693 4812 περὶ
744 4738 842 4792 τοῦ
898 4733 1208 4809 Πνεόματος
1241 4737 1410 4801 εἶπεν,
1466 4757 1494 4788 α
1547 4735 1637 4792 Ἐν
1695 4735 1770 4790 ἑνὶ
1803 4736 2076 4810 Πνεῦματι

420 4827 583 4896 ἡμεῖς
613 4823 826 4887 πάντες.
864 4849 891 4878 ››
947 4823 1065 4893 Καὶ,
1127 4849 1154 4877 ι(
1188 4822 1388 4886 Πάντες
1447 4823 1502 4879 ἓν
1532 4823 1685 4897 πόμα
1716 4821 2078 4898 ἐποτίσθημεν

422 4912 501 4976 εἰς
546 4905 599 4968 ’ἐν
657 4919 892 4988 Πνεῦμα.
928 4938 955 4966 ››
1014 4915 1110 4968 Καὶ
1173 4909 1362 4983 ἐπειδὴ
1426 4912 1502 4975 εἷς
1556 4904 1614 4970 ’ἐν
1675 4913 1892 4988 Πνεῦμα
1942 4913 2080 4970 πάν-

418 5024 522 5072 τες,
583 5004 675 5059 καὶ
734 5008 833 5058 τοῦ
892 5002 1208 5076 ῃνεῦματος
1269 5002 1330 5057 τὸ
1389 5000 1624 5075 θέλημα.
1684 5004 1774 5058 καὶ
1833 5005 1962 5066 Θεὸς
2015 5006 2077 5060 τὸ

421 5095 654 5164 Πνεῦμα.
710 5099 781 5148 "il
813 5091 902 5148 καὶ
964 5092 1086 5167 περὶ
1148 5090 1286 5163 ὅλης
1344 5099 1444 5163 τῆς
1497 5091 1650 5166 ἁγίας
1681 5090 1919 5166 Τριάδος
1949 5094 2081 5164 νοή-

420 5204 538 5246 ιεις.
575 5184 654 5241 Οὐ
712 5184 816 5258 γὰρ
876 5182 986 5238 ἐστι
1048 5181 1284 5262 διαφορὰ
1337 5191 1436 5253 τῆς
1494 5183 1796 5256 ὀμοουσίου
1835 5187 1924 5240 καὶ
1954 5206 2083 5240 παν-

415 5276 664 5347 υμνήτου
722 5271 973 5348 Τριάδος.
1025 5273 1091 5330 Εἰ
1150 5271 1208 5328 δὲ
1238 5273 1306 5342 ἦν
1337 5273 1404 5328 τὰ
1460 5275 1633 5329 πάντα
1659 5272 1715 5329 ’ἐν
1753 5273 1944 5348 μέλος,
1975 5279 2080 5330 ποῦ

413 5365 476 5420 τὸ
537 5369 742 5437 adium;
799 5361 945 5420 Αὐτὸ
1003 5363 1064 5418 τὸ
1121 5366 1313 5419 ποιοῦν
1383 5362 1608 5427 ἐκείνοις
1661 5364 1929 5446 πρόφασιν
1991 5387 2082 5439 μι-

414 5451 748 5527 κροψυχίας,
807 5452 870 5506 τὸ
931 5452 1066 5507 εἶναι
1119 5449 1357 5529 διάφορα
1414 5452 1481 5508 τὰ
1535 5453 1874 5528 χαρίσματα,
1921 5453 2080 5516 αὐτὸς

419 5542 502 5604 εἷς·
548 5543 820 5614 πρόφασιν
867 5541 1112 5604 ὶνώσεως
1162 5537 1455 5615 λαμϐάνει.
1506 5542 1572 5599 Εἰ
1619 5544 1720 5620 γὰρ
1777 5545 1852 5617 μὴ
1882 5542 2080 5619 ε’ἶχετε,

421 5629 579 5708 φησὶ,
639 5627 872 5707 διάφορα
935 5631 1276 5707 χαρίσματα,
1335 5628 1464 5687 οὐδὶ
1516 5634 1676 5705 σῶμα
1730 5634 1847 5703 ἦτε.
1908 5634 2083 5706 Σῶμα

495 5785 539 5819 ⁸⁸
567 5785 594 5838 Ι
619 5783 748 5840 cor.
783 5795 882 5847 ιιι,
917 5788 1002 5842 ii.

2189 3573 2390 3644 posuit
2421 3573 2593 3627 Deus.
2631 3591 2659 3619 ιι
2691 3570 3014 3626 Considera
3063 3576 3121 3624 et
3180 3570 3278 3624 hic
3306 3565 3605 3639 quomodo
3637 3575 3840 3640 aperte

2189 3667 2247 3714 et
2279 3661 2406 3715 sine
2465 3661 2589 3715 ulla
2645 3659 3031 3731 ambiguitate
3093 3659 3377 3730 Spiritum
3430 3655 3842 3729 praadicaverit

2189 3768 2317 3805 esse
2351 3751 2555 3805 Deum.
2589 3751 2734 3805 Cum
2765 3749 2924 3804 enim
2957 3749 3134 3820 paulo
3181 3754 3319 3803 ante
3375 3747 3624 3802 dixisset
3679 3748 3838 3816 quod

2186 3842 2389 3897 omnia
2443 3842 2570 3897 hmo
2629 3840 2882 3912 Spiritus
2939 3847 3240 3913 operetur,
3297 3851 3458 3895 nunc
3489 3847 3728 3894 rursum
3761 3839 3833 3895 de

2187 3930 2413 3988 eisdem
2429 3931 2704 4000 quuens,
2730 3931 2848 3985 ait:
2887 3949 2911 3982 α
2931 3923 3137 3986 Posuit
3168 3932 3320 3985 Deus
3350 3929 3837 3994 membra,unum

2187 4020 2465 4093 quodque
2497 4033 2702 4075 eorum
2735 4021 2886 4075 sicut
2910 4019 3128 4085 Voluit;
3161 4034 3186 4070 ι
3256 4018 3525 4074 membra
3580 4031 3838 4090 namque

2188 4109 2506 4184 appellavit
2529 4126 2630 4166 eos
2661 4109 2760 4182 qui
2782 4111 2944 4166 varia
2973 4109 3128 4165 dona
3160 4127 3192 4164 a
3211 4107 3435 4182 Spiritu
3464 4115 3836 4181 acceperant.

2185 4200 2258 4257 Et
2284 4199 2366 4257 ibi
2383 4199 2626 4273 quidem
2649 4197 3204 4272 dicebat:0peratur
3223 4197 3493 4254 dividens
3514 4199 3838 4268 unicuique

2189 4293 2341 4350 sicut
2365 4291 2490 4348 vult
2517 4287 2608 4360 εις
2644 4314 2671 4342 ››
2700 4292 2793 4347 hic
2825 4295 3022 4348 autem
3049 4303 3062 4348 :
3087 4309 3115 4341 ‹‹
3143 4290 3339 4346 Posuit
3369 4289 3840 4360 unumquodque

2190 4396 2396 4439 eorum
2429 4383 2489 4437 in
2521 4393 2769 4454 oorpore
2793 4378 3298 4452 quemadmodum
3319 4379 3522 4435 voluit.
3557 4400 3584 4428 »ι
3613 4379 3669 4433 Si
3701 4391 3838 4451 ergo

2188 4472 2270 4529 ita
2295 4471 2448 4529 Deus
2478 4470 2684 4538 voluit,
2717 4467 3042 4528 absurdum
3073 4473 3162 4526 est
3202 4471 3458 4543 graviter
3483 4471 3733 4534 anxiari,
3766 4469 3840 4524 ob

2189 4577 2259 4617 ea
2287 4571 2419 4632 quis
2479 4557 2634 4616 Deus
2691 4555 2774 4615 ita
2831 4559 2963 4615 fieri
3018 4559 3224 4614 voluit.
3285 4557 3450 4624 Quod
3481 4563 3680 4615 autem
3710 4559 3839 4613 ait:

2187 4669 2216 4698 ι(
2249 4646 2761 4714 Quemadmodum
2793 4645 3000 4712 voluit,
3040 4668 3068 4696 »
3101 4648 3376 4717 superius
3407 4647 3480 4702 de
3513 4646 3733 4718 Spiritu
3752 4646 3839 4701 di-

2188 4733 2309 4793 xit:
2345 4760 2372 4786 «
2407 4737 2519 4791 Per
2548 4745 2734 4791 unum
2759 4734 3040 4807 Spiritum
3065 4751 3173 4790 nos
3201 4743 3428 4790 omnes.
3463 4758 3492 4784 »
3525 4735 3595 4788 Et
3619 4749 3631 4789 :
3655 4755 3682 4784 ‹‹
3710 4735 3842 4788 Om-

2110 4845 2157 4910 υ
2187 4844 2293 4885 nes
2324 4843 2442 4882 uno
2475 4822 2688 4900 poculo
2716 4825 2886 4898 rigati
2919 4839 3124 4881 sumus
3159 4821 3223 4880 in
3253 4835 3439 4880 unum
3471 4822 3775 4895 Spiritum.
3812 4851 3837 4875 υ

2187 4915 2259 4974 Et
2289 4918 2571 4989 quoniam
2602 4915 2663 4970 in
2694 4929 2881 4971 unum
2927 4912 3210 4987 Spiritum
3244 4927 3473 4982 omnes,
3536 4918 3594 4970 et
3652 4915 3840 4987 ipsius

2191 5006 2440 5080 Spiritus
2497 5011 2587 5062 est
2633 4999 2929 5068 voluntas,
2961 5005 3168 5075 utique
3203 5001 3456 5076 Spiritus
3513 5010 3604 5061 est
3661 5007 3840 5065 Deus.

2190 5102 2305 5154 Aut
2336 5097 2515 5153 etiam
2547 5095 2618 5152 de
2649 5099 2774 5151 tota
2805 5100 3008 5150 sancta
3049 5091 3260 5149 Triade
3289 5090 3606 5166 intelliges.
3638 5094 3836 5166 Neque

2191 5185 2349 5242 enim
2383 5190 2474 5240 est
2529 5183 2838 5240 diversitas
2869 5179 2932 5238 in
2968 5195 3204 5254 semper
3242 5180 3540 5239 laudanda
3571 5183 3842 5256 ejusdem

2191 5275 2464 5332 essentise
2520 5274 2748 5329 Triade.
2803 5273 2971 5338 Quod
3021 5273 3068 5327 si
3128 5277 3328 5327 essent
3385 5273 3586 5328 omnia
3655 5285 3843 5329 unum

2189 5363 2656 5430 membrum,ubi
2689 5375 2902 5435 corpus
2926 5361 2955 5418 ?
2978 5358 3097 5417 Hoc
3129 5362 3324 5433 ipsum
3351 5361 3508 5433 quod
3541 5360 3660 5417 illis
3683 5377 3846 5418 occa-

2193 5456 2279 5511 sio
2312 5461 2436 5510 era't
2487 5449 3021 5526 pusillanimitatis,
3054 5467 3268 5523 nempe
3301 5451 3456 5507 varia
3485 5463 3616 5508 esse
3666 5451 3841 5520 dona,

2191 5545 2316 5617 ipse
2348 5549 2422 5600 ad
2452 5542 2827 5600 occasionem
2859 5541 3110 5598 assumit
3148 5537 3418 5597 unitatis.
3462 5540 3605 5597 Nam
3639 5541 3686 5595 si
3719 5551 3839 5594 non

2191 5631 2510 5702 haberetis,
2543 5629 2758 5704 inquit,
2788 5633 2952 5689 varia
2983 5629 3159 5700 dona,
3190 5645 3266 5687 ne
3323 5640 3537 5700 coers
3597 5627 3836 5699 quidem
