4118 6428
307 471 426 533 823

1430 470 1690 533 CECUM
1702 472 1793 530 ΕΝ
1801 471 1854 530 II
1900 469 2210 532 TRICCIE
2254 472 2611 534 EPISCOPI

3616 475 3735 534 824

313 608 560 664 essetis:
597 604 754 676 quod
789 606 837 660 si
869 621 1086 676 corpus
1120 621 1241 660 non
1265 606 1496 672 essetis,
1518 621 1712 674 neque
1743 605 1968 659 honore

2091 599 2141 657 δὲ
2203 603 2277 676 μὴ
2337 602 2506 674 ὄντες,
2568 603 2693 660 οὐδὲ
2742 603 2982 678 ἰσότιμοι
3043 607 3106 660 ἂν
3162 606 3280 675 ἦτε.
3339 608 3395 664 Ἡ
3455 608 3560 683 γὰρ
3618 605 3736 662 ica"

314 695 572 766 mquales
605 693 836 750 essetis.
871 695 1016 748 Nam
1049 694 1294 749 honoris
1354 694 1662 766 aequalitas
1707 709 1774 748 ac
1825 693 1966 748 unio

315 802 385 840 ex
414 787 645 841 unitate
675 784 942 856 corporis
972 785 1321 855 procedunt.

391 876 546 933 542
578 875 703 944 XII,
732 875 924 927 21σ23.
981 875 1101 928 Νοη
1143 879 1323 943 potest
1345 881 1527 928 autem
1557 872 1746 928 oculus
1792 872 1971 926 dicere

315 967 538 1030 manui,
569 965 686 1020 Non
725 970 805 1018 est
862 963 1006 1018 mihi
1055 979 1192 1034 opus
1232 969 1323 1018 te:
1383 969 1480 1017 aut
1536 978 1752 1017 rursum
1807 967 1972 1034 caput

307 1055 548 1125 pedibus
582 1072 595 1109 :
631 1057 748 1109 Non
781 1059 858 1107 est
897 1053 1037 1107 mihi
1065 1069 1202 1122 opus
1231 1052 1402 1107 vobis.
1435 1054 1552 1108 Imo
1582 1053 1757 1106 multo
1778 1053 1970 1122 potius

314 1160 438 1214 quae
495 1143 756 1198 videntur
803 1142 1043 1196 membra
1101 1143 1346 1212 corporis
1421 1140 1782 1196 imbecilliora
1841 1155 1970 1206 esse,

314 1234 622 1288 necessaria
669 1238 846 1287 sunt:
879 1237 932 1284 et
989 1246 1110 1299 quae
1169 1232 1464 1300 opinamur
1513 1232 1694 1284 minus
1749 1230 1973 1283 honesta

313 1338 423 1377 esse
460 1323 725 1390 corporis,
785 1320 868 1373 his
928 1320 1189 1374 honorem
1239 1321 1544 1374 uberiorem
1595 1321 1965 1390 opponimus:

313 1418 366 1465 et
419 1411 678 1464 indecora
734 1412 912 1464 nostri
971 1411 1329 1478 copiosiorem
1407 1409 1655 1463 decorem
1745 1407 1968 1462 habent.

315 1502 443 1566 Quae
473 1507 657 1554 autem
689 1499 891 1554 decora
922 1505 1048 1552 sunt
1076 1501 1271 1565 nostri,
1303 1515 1412 1554 non
1445 1498 1708 1569 indigent.

391 1679 557 1746 Quod
589 1681 833 1734 sietiam
848 1679 987 1733 velit
1020 1679 1244 1734 dicere:
1269 1683 1392 1732 Non
1428 1684 1518 1733 est
1546 1680 1690 1733 mihi
1724 1695 1872 1749 opus
1896 1685 1974 1750 te,

323 1785 446 1823 non
480 1769 563 1822 ita
603 1785 666 1822 se
695 1767 874 1822 habet
900 1768 986 1821 rei
1028 1773 1259 1822 natura.
1293 1768 1397 1821 Ubi
1450 1773 1649 1822 autem
1704 1768 1978 1838 superius

323 1858 629 1921 suasisset,
665 1873 740 1911 ne
771 1857 1025 1929 graviter
1047 1856 1271 1911 ferrent
1304 1857 1401 1927 qui
1437 1857 1668 1911 minora
1691 1857 1978 1912 haberent

323 1947 500 2013 dona,
534 1946 608 2000 ad
642 1945 996 2000 modestiam
1029 1962 1188 2000 nunc
1213 1951 1447 2000 revocat
1504 1945 1722 2000 fastum
1772 1962 1977 2000 eorum

322 2036 422 2108 qui
452 2036 680 2106 majora
701 2034 1020 2090 habebant.
1041 2034 1547 2100 Quemadmodum
1583 2035 1743 2089 enim
1770 2035 1976 2090 oculus

322 2124 518 2179 dicere
551 2141 670 2180 non
703 2129 897 2197 potest
923 2125 1154 2180 caeteris
1177 2125 1463 2179 membris
1488 2143 1500 2178 :
1523 2147 1550 2173 «
1575 2126 1701 2179 Non
1724 2123 1976 2178 estmihi

322 2231 469 2286 opus
501 2214 663 2269 vobis
702 2232 714 2269 :
752 2237 779 2264 ››
813 2230 950 2269 nam
975 2215 1021 2269 si
1055 2231 1240 2268 unum
1269 2214 1444 2281 desit,
1465 2220 1655 2269 totum
1687 2213 1979 2268 claudicat

323 2321 561 2375 corpus.
587 2305 670 2358 Ita
698 2320 892 2374 neque
951 2303 1052 2374 qui
1111 2304 1339 2376 majora
1391 2310 1750 2374 acceperunt
1801 2302 1976 2368 dona,

323 2400 577 2465 possunt
629 2393 832 2449 extolli
891 2393 1173 2449 adversus
1204 2410 1306 2449 eos
1337 2395 1437 2464 qui
1472 2395 1704 2450 minora
1731 2394 1978 2462 habent,

326 2485 496 2553 quasi
530 2483 616 2538 eis
666 2500 788 2538 non
838 2488 1103 2539 utantur.
1138 2484 1320 2538 Unius
1353 2484 1512 2537 enim
1539 2482 1793 2554 abjectio
1826 2483 1982 2538 clau-

329 2573 528 2627 dicare
560 2572 703 2627 facit
731 2588 948 2643 corpus
979 2571 1420 2640 Ecclesiaa,cum
1450 2589 1571 2626 non
1603 2573 1714 2627 soli
1747 2572 1834 2626 illi
1867 2572 1982 2627 suf-

331 2662 536 2716 ficiant
567 2659 642 2715 ad
700 2677 832 2715 eam
890 2660 1303 2716 aedificandam
1335 2661 1436 2730 qui
1485 2661 1715 2732 majora
1764 2661 1984 2715 habent

331 2751 508 2806 dona.
544 2772 570 2797 ‹‹
605 2751 727 2804 Imo
761 2749 951 2804 multo
983 2749 1201 2820 potius.
1234 2773 1261 2798 »
1292 2750 1458 2804 Nunc
1489 2750 1802 2805 ostendere
1861 2750 1984 2804 vult

330 2839 487 2909 quod
518 2838 788 2894 fortassis
815 2838 1002 2910 magis
1035 2838 1354 2894 necessarii
1389 2839 1509 2893 sint
1526 2839 1625 2909 qui
1656 2855 1726 2894 ea
1747 2855 1985 2909 accepe-

329 2933 469 2983 runt
516 2927 672 2982 dona
723 2944 854 2997 qum
898 2927 1132 2981 minora
1161 2926 1450 2982 videntur.
1487 2928 1640 2982 Bene
1668 2933 1866 2982 autem
1897 2927 1984 2983 di-

324 3019 446 3072 xit:
485 3042 511 3068 «
546 3018 686 3082 Qua;
718 3017 1012 3082 videntur,
1046 3038 1074 3067 ››
1101 3016 1424 3072 ostendens
1455 3018 1514 3070 in
1547 3017 1673 3072 sola
1705 3017 1983 3089 opinione

327 3123 457 3162 esse
507 3106 987 3172 inferioritatem,
1048 3112 1105 3161 et
1164 3122 1545 3177 nequaquam
1606 3106 1666 3160 in
1716 3107 1983 3162 veritate.

324 3220 351 3245 «
369 3198 508 3261 Qua)
527 3195 802 3250 videntur
824 3195 1086 3250 membra
1109 3195 1984 3267 corporisimbecillioraesse.»

323 3285 573 3350 Quidam
605 3285 772 3339 aiunt
824 3285 935 3340 hoc
965 3284 1185 3339 dixisse
1216 3301 1351 3339 eum
1385 3285 1458 3340 de
1485 3285 1694 3350 oculis,
1730 3285 1831 3356 qui
1866 3285 1979 3339 im-

324 3373 569 3428 becilles
601 3373 845 3442 quidem
901 3380 1041 3428 sunt
1073 3373 1122 3427 si
1155 3373 1229 3428 ad
1260 3381 1477 3428 caetera
1506 3374 1777 3430 conferas
1799 3391 1980 3430 mem-

326 3462 456 3527 bra,
492 3478 770 3534 magnum
828 3469 1026 3516 tamen
1085 3461 1311 3531 aliquid
1371 3461 1684 3518 conferunt
1726 3465 1982 3534 corpori,

331 3556 394 3604 et
421 3551 470 3605 si
501 3550 832 3605 imbecilles
863 3565 992 3605 esse
1007 3550 1339 3608 videantur.
1359 3553 1561 3620 Itaque
1577 3552 1625 3606 si
1653 3553 1986 3608 imbecilles

329 3656 430 3694 vos
480 3639 786 3709 judicatis,
851 3655 924 3693 ne
984 3655 1136 3711 aegre
1193 3639 1419 3704 feratis,
1464 3642 1784 3696 necessarii
1819 3643 1982 3697 estis.

333 3727 500 3792 Quod
552 3734 755 3782 autem
808 3744 1003 3798 neque
1034 3744 1136 3782 vos
1160 3727 1494 3784 imbecilles
1535 3729 1684 3799 sitis,
1730 3730 1833 3785 sed
1864 3731 1985 3786 illis

333 3817 531 3889 potius
563 3815 662 3888 qui
718 3831 993 3887 magnam
1035 3815 1257 3871 habent
1314 3817 1403 3872 sui
1460 3818 1981 3888 existimationem,

329 3906 470 3962 hinc
528 3905 915 3960 manifestum
973 3911 1082 3970 est,
1143 3905 1356 3976 inquit.
1427 3908 1565 3972 Qum
1625 3908 1985 3964 arbitramur

323 3997 525 4051 minus
592 3997 846 4050 honesta
901 4011 1030 4050 esse
1090 3996 1380 4067 corporis,
1422 3997 1636 4069 majori
1669 3997 1985 4068 dignamur

321 4085 697 4154 providentia
751 4089 810 4137 et
867 4083 1110 4150 auxilio,
1145 4091 1256 4139 etc.
1297 4106 1318 4134 ι
1381 4087 1451 4138 Et
1506 4101 1637 4155 quae
1669 4087 1985 4156 opinamur

319 4172 520 4227 minus
552 4173 804 4226 honesta
862 4188 1014 4227 esse.
1051 4195 1077 4221 »
1111 4172 1339 4243 Ubique
1399 4172 1668 4245 adjungit
1703 4197 1729 4223 α
1765 4175 1984 4246 Opina-

326 4277 484 4327 mur,
516 4286 535 4310 -
573 4259 894 4315 ostendens
926 4261 1250 4315 humanam
1282 4261 1434 4315 hanc
1457 4277 1586 4315 esse
1611 4263 1978 4333 Opinionem.

320 4349 486 4415 Quod
517 4354 718 4404 autem
751 4349 835 4403 ait
864 4347 1181 4421 ἀτιμότερα,
1216 4350 1276 4404 id
1309 4357 1419 4414 est,
1473 4351 1673 4406 minus
1733 4352 1981 4408 honesta

323 4440 442 4494 sive
474 4438 832 4509 indigniora,
865 4437 1108 4508 quidam
1141 4438 1336 4508 ipsum
1373 4439 1445 4494 de
1475 4439 1725 4511 pedibus
1758 4441 1979 4497 dixisse

326 4529 512 4596 aiunt,
541 4527 641 4596 qui
675 4526 869 4581 locum
903 4525 1145 4596 quidem
1181 4527 1526 4583 inferiorem
1574 4536 1978 4602 sumpserunt,

2077 693 2236 764 τιμία
2265 693 2357 748 καὶ
2386 693 2606 764 ἓνωσις,
2639 694 2700 749 ἐκ
2729 698 2826 748 τοῦ
2859 694 2996 748 εἶναι
3026 693 3081 748 ἓν
3112 695 3271 769 σῶμά
3301 695 3463 751 ἐστιν.

2149 783 2226 841 Οὐ
2287 782 2505 850 δύναται
2567 783 2626 840 δε
2707 787 2734 840 ὁ
2822 783 3110 864 ὀφθαλμὸς
3191 785 3358 842 εἰπεῖν
3416 791 3486 860 τῇ
3556 787 3729 862 χειρὶ,

2077 871 2266 947 χρείαν
2328 895 2425 928 σου
2493 874 2591 930 οὐκ
2674 871 2811 950 ἔχω·
2898 875 2934 944 ἢ
3019 875 3184 931 πάλιν
3245 879 3278 943 ἡ
3341 874 3550 954 κεφαλὴ
3618 881 3736 937 τοῖς

2076 961 2229 1033 ποσὶ,
2289 960 2486 1035 Χρείαν
2550 964 2700 1037 ὑμῶν
2762 963 2861 1018 οὐκ
2917 959 3054 1040 ἔχω.
3119 963 3292 1021 Ἀλλὰ
3349 961 3550 1036 πολλῷ
3590 963 3731 1037 μᾶλ-

2079 1047 2174 1104 λον
2232 1050 2300 1105 τὰ
2358 1049 2622 1107 δοκοῦντα
2683 1052 2824 1125 μέλη
2901 1057 3000 1107 τοῦ
3076 1053 3330 1125 σώματος
3385 1052 3733 1127 ἀσθενέστερα

2081 1139 2366 1216 ὑπάρχειν,
2455 1146 2717 1215 αναγκαῖά
2817 1142 2951 1212 ἐστι,
3055 1143 3145 1198 καὶ
3221 1143 3254 1197 ’ἁ
3330 1141 3594 1216 δοκοῦμεν
3625 1144 3736 1197 ἀτι-

2084 1226 2286 1303 μῦτερα
2345 1229 2478 1283 εἶναι
2533 1232 2632 1284 τοῦ
2707 1231 2979 1301 σώματος,
3037 1230 3253 1292 τούτοις
3310 1232 3479 1303 τιμὴν
3538 1251 3728 1306 περισ-

2081 1317 2305 1390 σοτέραν
2358 1320 2722 1394 περιτίθεμεν.
2785 1319 2888 1374 Καὶ
2943 1320 3009 1375 τὰ
3068 1321 3362 1394 ἀσχήμονα
3422 1322 3608 1392 ἡμῶν,
3643 1323 3735 1374 εὐ-

2081 1409 2445 1485 σχημοσύνην
2501 1407 2888 1482 περισσοτέραν
2961 1407 3098 1482 ἔχει.
3159 1410 3240 1466 Τὰ
3300 1407 3356 1464 δὲ
3409 1411 3733 1485 εὐσχήμονα

2079 1498 2240 1568 ἡμῶν
2273 1498 2335 1552 οὐ
2370 1497 2556 1572 χρείαν
2588 1493 2703 1573 ἔχει

2155 1675 2263 1733 Κᾶν
2321 1677 2423 1752 γὰρ
2481 1677 2613 1752 Θέλῃ
2671 1677 2862 1747 εἰπεῖν,
2922 1703 2950 1730 ‹‹
2983 1679 3179 1751 Χρείαν
3242 1701 3336 1733 σου
3395 1679 3494 1733 οὐκ
3529 1677 3667 1756 ἔχω,
3708 1700 3734 1726 ››

2084 1764 2192 1840 οὐχ
2266 1765 2442 1828 οὕτως
2521 1764 2639 1845 ἔχει
2715 1768 2926 1844 φύσεως
2998 1769 3062 1822 τὸ
3128 1774 3376 1842 πρᾶγμα.
3437 1767 3630 1829 Πείσας
3680 1765 3739 1822 δὲ

2084 1853 2134 1907 ἐν
2194 1861 2311 1916 τοῖς
2371 1849 2675 1928 ἔμπροσθεν
2731 1857 2807 1929 μή
2888 1856 3116 1928 ἀθυμεῖν
3171 1857 3300 1918 τοὺς
3355 1857 3417 1911 τὸ
3476 1854 3738 1911 ελάττονα

2011 1942 2314 2035 Βέχοντας
2370 1943 2706 2019 χαρίσματα,
2775 1949 2867 1998 νῦν
2945 1944 3303 2001 καταστέλλεί
3359 1947 3422 2000 τὸ
3482 1946 3740 2022 φρόνημα

2082 2035 2189 2084 τῶν
2251 2031 2318 2084 τὰ
2389 2032 2613 2103 μέίζονα
2679 2029 2942 2106 ἐχόντων.
3013 2034 3214 2105 ’Ὠσπερ
3282 2032 3382 2105 γάρ
3442 2033 3471 2087 ὁ
3530 2029 3741 2110 ὀφθαλ-

2089 2121 2192 2192 μὸς
2244 2118 2305 2174 οὐ
2364 2117 2584 2174 δύναται
2617 2119 2794 2195 λέγειν
2850 2126 2971 2182 τοῖς
3023 2119 3247 2182 λοιποῖς
3302 2121 3512 2192 μέλεσι,
3545 2121 3737 2196 Χρείαν

2089 2211 2243 2282 ὑμῶν
2304 2209 2406 2264 οὐκ
2461 2204 2578 2288 ἔχω
2639 2234 2666 2260 ››
2726 2210 2867 2281 (ἑνὸς
2925 2211 3026 2283 γάρ
3085 2207 3385 2277 ἐνδέοντος,
3442 2212 3578 2265 ἅπαν
3614 2233 3737 2289 χωο

2087 2294 2232 2351 λεύει
2287 2297 2349 2351 τὸ
2404 2299 2606 2370 σῶμα)’
2668 2296 2841 2358 οῧτῶς
2901 2294 3026 2352 οὐδὲ
3084 2299 3135 2352 οἱ
3191 2297 3257 2352 τά
3317 2297 3538 2370 μείζονα
3587 2298 3741 2369 εἰλη-

2087 2383 2245 2463 φότες
2311 2383 2644 2459 χαρίσματα,
2739 2381 2989 2439 δύνανται
3056 2385 3368 2460 ἐπαίρεσθαι
3432 2386 3568 2440 κατὰ
3631 2390 3740 2440 τῶν

2085 2473 2154 2528 τὰ
2220 2471 2482 2528 ἐλάττονα
2550 2473 2820 2552 ἐχόντων,
2887 2475 2962 2534 ὡς
3040 2475 3102 2529 οὐ
3171 2475 3474 2552 χρῄζοντες
3541 2475 3742 2530 αὐτῶν.

2089 2563 2240 2624 Ἑνὸς
2294 2561 2394 2636 γάρ
2449 2559 2731 2632 ἀποϐολὴ,
2793 2563 3058 2637 χωλεύειν
3120 2570 3269 2619 ποιεῖ
3333 2565 3395 2619 τὸ
3463 2564 3746 2639 πλήρωμα

2091 2656 2191 2717 τῆς
2223 2649 2573 2718 Ἐκκλησίας,
2630 2651 2730 2705 οὐκ
2787 2652 3070 2727 αὐτάρκων
3133 2651 3301 2707 ὄντων
3361 2657 3469 2708 τῶν
3528 2656 3595 2709 τά
3628 2655 3744 2726 μεί-

2093 2745 2220 2808 ζονα
2254 2739 2493 2814 ἐχόντων
2555 2741 2871 2816 χαρίσματα
2940 2744 3144 2814 μόνων,
3205 2742 3518 2817 οἰκοδομεῖν
3553 2745 3739 2816 αὑτήν.

2094 2853 2121 2879 ‹‹
2153 2827 2340 2886 Ἀλλὰ
2393 2827 2591 2902 πολλῷ
2651 2829 2886 2902 μᾶλλον.
2923 2856 2949 2884 »ι
3014 2834 3122 2888 Νῦν
3155 2832 3321 2903 δεῖξαι
3353 2833 3496 2897 θέλει
3529 2835 3610 2888 ὅτι
3650 2835 3740 2888 καὶ

2093 2915 2512 2995 χρειωδέστεροι
2569 2919 2712 2996 τάχα
2765 2920 2899 2976 εἰσὶν
2953 2922 3005 2976 οἱ
3061 2923 3126 2976 τὰ
3182 2921 3438 2978 δοκοῦντα
3479 2921 3742 2978 ἐλάττονα

2089 3011 2197 3062 τῶν
2253 3007 2610 3082 χαρισμάτων
2671 3009 2982 3087 εἰληφότες.
3052 3009 3252 3075 Καλῶς
3300 3009 3356 3067 δὲ
3405 3015 3540 3082 εἷπε,
3605 3038 3625 3063 ι
3661 3013 3745 3070 Τὰ

2095 3093 2378 3165 δοκοῦντα,
2442 3122 2469 3149 ››
2531 3095 2737 3160 δεικνὺς
2790 3098 2841 3154 έν
2905 3098 3126 3171 δοκήσει
3187 3103 3326 3176 μόνῃ
3377 3104 3475 3172 τὴν
3505 3100 3746 3157 ἐλάττω-

2094 3207 2174 3240 σιν
2209 3187 2364 3254 εῖναι,
2399 3186 2459 3241 οὐ
2496 3188 2604 3261 μὴν
2661 3186 2712 3242 ἐν
2771 3188 3024 3262 ἀληθείᾳ,
3086 3213 3110 3237 α
3169 3192 3246 3245 Τὰ
3305 3189 3570 3247 δοκοῦντα
3603 3189 3746 3265 μέλη

2092 3281 2188 3330 τοῦ
2255 3276 2509 3349 σώματος
2578 3278 2925 3353 ἀσθενέστερα
2994 3280 3278 3359 ὑπάρχειν.
3323 3303 3349 3334 ιι
3405 3283 3544 3336 Φασί
3609 3302 3752 3343 τινες

2093 3365 2216 3440 περὶ
2293 3369 2402 3420 τῶν
2479 3365 2780 3442 ὀφθαλμῶν
2843 3367 3001 3423 αὐτὸν
3076 3374 3238 3424 τοῦτο
3315 3368 3613 3444 εἰρηκέναι,
3692 3373 3743 3426 οἳ

2093 3456 2332 3518 ἀσθενεῖς
2384 3456 2479 3527 μέν
2540 3455 2672 3510 εἷ’σιν
2728 3457 2802 3521 ὡς
2859 3459 2993 3532 πρὸς
3050 3459 3117 3514 τὰ
3173 3457 3343 3514 λοιπά
3404 3460 3569 3534 μέλη,
3606 3461 3745 3536 μέγα

2091 3542 2147 3598 δέ
2175 3565 2226 3599 τι
2260 3545 2574 3600 συντελοῦσι
2635 3550 2716 3618 τῷ
2773 3547 3009 3619 σώματι,
3072 3548 3116 3603 εἰ
3169 3548 3260 3603 καὶ
3301 3547 3552 3604 δοκοῦσιν
3586 3551 3745 3606 ἀσθε-

2089 3639 2198 3696 νεῖς
2255 3636 2411 3690 εἶναι.
2472 3637 2630 3690 Ὦστε
2688 3635 2734 3690 εί
2793 3635 3024 3699 ἀσθενεῖς
3107 3635 3286 3702 θ’ίεσθε
3358 3639 3600 3708 ἑαυτοὺς,
3665 3643 3740 3712 μή

2089 3714 2366 3787 ἀθυμεῖτε.
2428 3717 2742 3791 Ἀναγκαῖοί
2810 3715 2944 3772 ἐστε.
3016 3719 3143 3776 ’Ότι
3211 3715 3269 3774 δὲ
3335 3716 3460 3774 οὐδὲ
3509 3719 3744 3783 ἀσθενεῖς

2093 3804 2274 3876 ὑμεῖς,
2333 3803 2458 3860 ἀλλ’
2519 3803 2718 3860 ἐκεῖνοι
2800 3803 3014 3877 μᾶλλον
3078 3808 3165 3870 οἷς
3223 3810 3258 3878 ἡ
3317 3806 3518 3879 οἵησις,
3575 3806 3743 3878 δῆλον

2089 3890 2350 3962 ἐντεῦθεν,
2406 3894 2588 3970 φησίν,
2652 3895 2722 3950 Ἀ
2781 3892 3045 3968 δοκοῦμεν
3105 3895 3404 3970 ἀτιμότερα
3460 3901 3596 3953 εἶναι
3644 3905 3743 3954 τοῦ

2089 3981 2363 4053 σώματος,
2423 3979 2589 4036 πλέον
2651 3981 2906 4054 ἀξιοῦμεν
2987 3987 3248 4056 προνοίας
3309 3987 3398 4040 καὶ
3459 3989 3740 4062 βοηθείας,

2084 4073 2172 4125 καὶ
2209 4072 2354 4141 ἑξῆς.
2392 4097 2412 4121 ι
2451 4072 2549 4128 Καὶ
2607 4073 2639 4126 ’ἀ
2699 4070 2965 4145 δοκοῦμεν
3025 4074 3321 4152 ἀτιμότερα
3353 4081 3510 4138 εἶναι.
3547 4103 3574 4130 »
3607 4085 3743 4134 Παν-

2083 4165 2265 4234 ταχοῦ
2312 4161 2394 4227 τὸ,
2455 4185 2482 4212 (ί
2518 4166 2813 4234 Δοκοῦμεν.
2849 4186 2872 4214 υ
2936 4162 3200 4239 ἐπιλέγει,
3261 4165 3470 4230 δεικνὺς
3531 4169 3743 4244 ἀνθρω-

2085 4250 2258 4304 πίνων
2298 4249 2498 4320 ταύτην
2559 4253 2654 4320 τήν
2714 4250 2920 4322 ο⁹ίησιν.
2980 4257 3056 4310 Τὸ
3116 4253 3192 4324 δὲ,
3255 4256 3568 4332 ἀτιμότερα,
3599 4259 3743 4320 τινές

2088 4359 2245 4417 φασιν
2282 4340 2445 4394 αὐτὸν
2502 4340 2626 4414 περὶ
2683 4346 2791 4395 τῶν
2847 4339 3032 4397 ποδῶν
3095 4343 3390 4420 εἰρηκέναι,
3425 4346 3478 4402 οῗ
3511 4349 3609 4417 τήν
3650 4349 3747 4421 μὲν

2085 4426 2233 4482 κάτω
2290 4429 2480 4503 χώραν
2536 4427 2818 4504 εἰλήφασι,
2879 4431 3178 4489 θάλπονται
3237 4433 3292 4490 δὲ
3339 4435 3428 4490 καὶ
3461 4442 3749 4512 προνοοῦν-

2083 4538 2171 4572 ται
2202 4521 2328 4594 παρ’
2385 4521 2573 4593 ἡμῶν,
2632 4516 2798 4576 πλέον
2851 4521 3049 4598 σχεδὸν
3105 4530 3213 4580 τῶν
3273 4524 3485 4581 λοιπῶν
3533 4528 3738 4600 μελῶν.

326 4617 597 4674 foventur
625 4623 850 4685 tamen,
886 4614 1126 4686 illisque
1185 4615 1320 4686 plus
1381 4617 1681 4673 interdum
1740 4635 1774 4674 a
1805 4619 1977 4675 nobis

2091 4607 2208 4663 Ἐπ’
2297 4608 2475 4663 αὐτῶν
2550 4611 2654 4686 γὰρ
2733 4609 3050 4686 ἐστήρικται
3125 4612 3263 4668 ἂπαν
3321 4615 3383 4668 τὸ
3469 4619 3647 4686 σῶμα,
3708 4621 3742 4684 ἢ

327 4706 669 4778 providetur
717 4721 896 4777 quam
955 4705 1187 4760 cmteris
1220 4707 1521 4762 membris.
1556 4709 1620 4762 ln
1671 4709 1762 4764 his
1822 4709 1978 4764 enim

2091 4700 2216 4769 γοῦν
2274 4701 2440 4752 τοῦτο
2501 4694 2655 4768 λάϐε,
2718 4701 2840 4774 περὶ
2898 4706 3005 4755 τῶν
3056 4706 3380 4776 γεννητικῶν
3445 4701 3674 4774 μορίων,
3708 4705 3740 4756 ἃ

327 4797 600 4852 ﬁrmatur
630 4801 817 4850 totum
867 4811 1104 4865 corpus.
1168 4797 1283 4849 Aut
1320 4796 1432 4851 hoc
1489 4797 1561 4852 de
1619 4798 1978 4866 genitalibus

327 4885 614 4941 membris
646 4885 922 4956 accipito,
959 4900 1091 4954 quae
1118 4884 1394 4940 videntur
1424 4885 1667 4955 quidem
1698 4887 1980 4943 indecora

329 4989 459 5027 esse
491 4979 550 5026 et
578 4972 897 5026 inhonesta
921 4988 933 5025 :
958 4972 1113 5028 548
1136 4977 1397 5028 attamen
1424 4975 1596 5028 malit
1621 4977 1756 5045 quis
1786 4982 1978 5031 totum

325 5079 538 5133 corpus
569 5062 795 5116 nudum
823 5061 1041 5117 habere
1075 5079 1254 5131 quam
1288 5063 1433 5118 hmc.
1459 5064 1595 5119 Ideo
1633 5065 1976 5138 subjungit:

323 5152 425 5206 His
439 5153 726 5206 honorem
743 5151 1082 5206 uberiorem
1101 5153 1480 5223 opponimus,
1498 5159 1556 5208 et
1585 5155 1975 5225 ecpiosiorem

323 5240 598 5294 decorem
631 5239 874 5294 habent.

391 5361 460 5370 —
489 5328 708 5382 Licebit
765 5333 964 5382 autem
1023 5328 1081 5382 id
1115 5331 1394 5400 prOprius
1426 5332 1538 5386 hoc
1572 5332 1748 5387 etiam
1801 5335 1976 5390 modo

325 5417 678 5489 intelligere.
703 5419 829 5471 Non
864 5419 1157 5490 contingit
1187 5419 1602 5491 vobis,inquit,
1639 5438 1709 5475 ex
1749 5423 1860 5477 hoc
1885 5424 1978 5478 in-

327 5507 575 5562 feriores
601 5521 730 5560 esse
762 5505 919 5575 quod
951 5505 1150 5561 minus
1183 5507 1404 5563 donum
1449 5510 1638 5564 sortiti
1673 5511 1800 5565 sitis
1833 5529 1975 5568 :ne-

327 5613 442 5667 que
461 5597 619 5651 enim
643 5593 884 5649 omnino
909 5594 954 5648 si
975 5595 1107 5663 quis
1137 5597 1332 5668 majus
1355 5599 1600 5652 sortitus
1635 5599 1712 5653 sit
1731 5601 1974 5670 donum,

323 5687 450 5756 jam
484 5685 664 5740 etiam
686 5684 879 5755 major
896 5686 1291 5753 est,quoniam
1328 5686 1497 5740 multi
1521 5704 1976 5759 quoqueeorum

335 5775 434 5844 qui
475 5777 853 5843 acceperunt,
887 5771 1198 5826 inferiores
1219 5774 1303 5845 iis
1357 5782 1492 5829 sunt
1525 5777 1623 5848 qui
1658 5779 1805 5834 nihil
1847 5797 1974 5834 om-

2090 4781 2241 4839 δοκεῖ
2274 4807 2367 4859 μεν
2399 4784 2631 4862 ἄσχημα
2661 4789 2800 4842 εἶναι
2833 4791 2920 4842 καὶ
2961 4787 3152 4860 ἄτιμα,
3183 4786 3330 4856 πλὴν
3365 4784 3532 4844 ἕλοιτ’
3565 4789 3623 4844 ἄν
3658 4811 3740 4854 τις

2091 4871 2220 4927 δλον
2251 4870 2397 4947 ἔχειν
2447 4875 2509 4930 τὸ
2569 4880 2731 4948 σῶμα
2786 4877 3018 4950 γυμνὸν,
3080 4875 3114 4944 ἤ
3172 4880 3361 4930 ταῦτα·
3398 4878 3490 4933 Διὸ
3531 4878 3744 4955 ἐπάγει,

2091 4985 2118 5012 ‹‹
2151 4963 2372 5024 Τούτοις
2433 4966 2600 5036 τιμήν
2655 4965 3038 5038 περισσοτέραν
3099 4966 3462 5039 περιτίθεμεν,
3521 4969 3610 5023 καὶ
3657 4969 3745 5024 εὖ-

2089 5053 2452 5126 σχγ,μοσῦνην
2484 5054 2866 5128 περισσοτέραν
2897 5047 3036 5131 ἔχει.

2159 5371 2228 5382 .....
2260 5340 2473 5411 [cum]
2502 5339 2654 5392 Ἔστι
2689 5335 2746 5392 δὶ
2774 5343 2935 5393 τοῦτο
2969 5341 3296 5418 οἱκειότερον
3329 5346 3418 5398 καὶ
3451 5345 3626 5408 οὕτως
3659 5346 3739 5402 ἐκ·

2089 5423 2295 5483 λαϐεῖν’
2327 5427 2406 5483 Οὐ
2453 5421 2732 5498 συμϐαίνει
2785 5427 2910 5500 ὑμῖν
2960 5427 3219 5489 ἐλάττους
3264 5435 3426 5502 εἶναι,
3461 5436 3649 5512 φησὶν,
3683 5435 3742 5492 ἐκ

2086 5537 2182 5571 του
2217 5513 2392 5570 δοκεῖν
2451 5513 2740 5577 ἐλάττονος
2802 5517 3142 5591 χαρίσματος
3174 5529 3384 5596 τυχεῖν.
3416 5525 3493 5580 Οὐ
3524 5525 3741 5587 πάντως

2086 5606 2187 5681 γὰρ
2221 5603 2267 5658 ε’ί
2297 5625 2379 5665 τις
2429 5601 2588 5679 ἔτυχε
2645 5605 2894 5677 μείζονος
2952 5609 3316 5683 χαρίσματος,
3357 5609 3464 5683 ἤδη
3497 5615 3590 5667 καὶ
3625 5617 3743 5686 μεί-

2091 5699 2216 5761 ζων.
2249 5693 2396 5748 Ἐπεὶ
2430 5693 2518 5748 καὶ
2552 5691 2756 5749 πολλοὶ
2785 5699 2892 5749 τῶν
2925 5695 3256 5776 εἶ’ληφότων,
3291 5705 3393 5754 τῶν
3431 5700 3560 5774 μηδ’
3593 5703 3742 5768 ὅλως

2090 5781 2398 5861 εἰληφότων
2458 5781 2717 5846 ἐλάττους
2777 5783 2898 5840 εἶσί.
2964 5788 3063 5842 Καὶ
3125 5788 3176 5843 τί
3238 5788 3379 5864 λέγω
3429 5789 3737 5860 ἒλάττουςς
