4118 6450
420 446 534 509 825

1439 450 1849 511 ΟΟΜΜΕΝΤ.
1897 450 1976 509 IN
2026 447 2264 507 EPIST.
2315 446 2338 506 Ι
2387 448 2491 506 AD
2534 443 2900 506 CORINTH.

3720 446 3839 509 826

419 580 686 637 ἀλλὰκαὶ
720 580 903 639 ἄθλιοι
952 580 1256 650 παντελῶς,
1313 582 1386 643 ὠς
1427 580 1624 637 ἐκεῖνοι
1685 585 1736 636 οι
1797 581 2067 658 λέγοντες¹

2189 579 2331 634 nino
2391 585 2768 651 acceperunt.
2824 581 2892 635 Et
2921 581 3062 652 quid
3101 582 3233 636 dico
3295 581 3657 638 inferiores?
3714 582 3832 639 lmo

413 696 442 724 (ι
479 672 658 747 Κύριε,
694 671 756 726 οὐ
787 676 868 744 τῷ
899 676 979 744 σι’ξ)
1011 671 1238 745 ὀνόματι
1292 670 1420 728 τάδε
1478 671 1565 726 καὶ
1624 669 1750 726 τάδε
1809 671 2073 740 ἐποιήσα-

417 783 513 835 μεν
568 780 581 829 ;
646 785 673 812 ››
737 760 837 821 Οἷς
897 760 1119 815 ἀπεῖπεν
1177 761 1205 814 6
1267 761 1564 829 Δεσπότης,
1656 761 1796 833 μήτε
1877 755 2071 812 εἰδέναι

415 850 611 910 αὐτοὺς
642 870 796 907 ποτε.
859 847 937 906 Οὐ
997 849 1102 923 γὰρ
1158 847 1342 913 καλῶς
1398 847 1708 924 ἐχρήσαντο
1761 853 1839 921 τῷ
1905 845 2071 922 χαρί-

418 960 605 1012 σματε,
636 937 786 994 ἀλλὰ
828 939 917 992 καὶ
975 937 1291 1018 ἀποχωρεῖν
1362 939 1497 993 κατά
1552 937 1795 1017 κεφαλὴν
1853 936 2070 992 ἐπέτατ-

415 1049 524 1100 τεν,
555 1029 673 1088 οἷος
701 1028 769 1096 ἦν
829 1027 918 1082 καὶ
973 1028 1002 1082 6
1063 1029 1138 1100 μὴ
1199 1026 1515 1082 ἀκολουθῶν
1575 1033 1653 1098 τῷ
1709 1029 1924 1100 Χριστῷ
1981 1025 2072 1080 καὶ

417 1122 622 1190 σημεῖα
652 1116 850 1187 ποιῶν,
883 1115 998 1176 οἶος
1031 1115 1196 1179 αὐτὸς
1221 1116 1249 1169 ὁ
1281 1112 1514 1177 Ἰούδας.
1573 1115 1756 1177 Αὐτὸς
1802 1112 1858 1169 δὲ
1905 1117 2073 1168 ταῦτα

422 1207 514 1280 μὲν
548 1205 688 1267 τέως
720 1204 783 1260 οὐ
811 1203 1120 1280 καταλέγει,
1152 1203 1258 1259 ἀπὸ
1279 1225 1390 1258 των
1432 1208 1758 1276 σωματικῶς
1817 1199 1864 1256 δ’
1916 1202 2072 1278 εἰρη-

421 1295 595 1368 μένων
657 1293 826 1366 αὐτῷ,
882 1296 1266 1363 κατασκευάζει
1317 1294 1404 1348 καὶ
1465 1297 1651 1361 τοῦτο,
1713 1294 1796 1347 ὅτι
1863 1291 2066 1366 ἀνάγκη

420 1385 641 1458 μείζους
670 1384 916 1456 νομίζειν
969 1384 1095 1442 τοὶς
1154 1382 1552 1456 Λογιζομένους
1609 1387 1792 1454 μεῖζον
1847 1378 2072 1450 εἰληφέ-

411 1495 497 1528 ναι
529 1473 802 1548 χάρισμα,
861 1471 1172 1526 τούναντίον
1237 1468 1284 1525 δ’
1341 1467 1449 1526 ἔσθ’
1506 1471 1596 1526 ὅτε
1649 1472 1740 1526 καὶ
1788 1467 2068 1531 ἐλᾶττους.

413 1564 561 1632 Φησί
593 1563 698 1637 γὰρ
745 1561 830 1617 ὅτι
883 1567 1002 1622 τοῖς
1059 1562 1373 1636 ἀσχήμοσιν
1428 1563 1588 1634 ἡμῶν
1644 1559 2070 1634 εὐσχημοσύνην

410 1653 800 1726 περισσοτέραν
886 1653 1290 1724 περιτιθέαμεν,
1347 1651 1438 1704 καὶ
1494 1655 1616 1710 τοῖς
1698 1649 2068 1724 ἀτιμοτέροις,

411 1743 582 1813 τιμὴν
624 1739 1029 1816 περισσοτέραν.
1061 1740 1155 1808 Μή
1181 1741 1282 1813 ἄρα
1317 1737 1407 1794 διὰ
1434 1743 1596 1794 τοῦτο
1641 1738 1731 1794 καὶ
1767 1737 2073 1812 τιμιώτερα

417 1832 508 1884 καὶ
542 1830 1019 1906 εὐσχημονέστερα
1046 1833 1155 1884 τῶν
1186 1830 1531 1904 τιμιωτέρων
1586 1829 1674 1883 καὶ
1728 1827 2070 1906 εὐσχημονεο

2182 670 2361 724 etiam
2391 669 2630 740 penitus
2654 669 2854 724 miseri
2885 687 2896 722 :
2925 669 3078 724 sicut
3100 671 3188 724 illi
3211 671 3310 742 qui
3329 671 3638 728 dicebant:
3666 695 3694 725 (ι
3713 677 3830 729 Do-

2182 759 2570 826 mine,nonne
2592 775 2927 830 pernomen
2953 764 3114 813 tuum
3130 760 3255 814 haec
3279 766 3336 814 et
3353 760 3829 816 illafaciemus?»

2181 847 2396 918 quibus
2427 848 2738 918 respondit
2769 848 3054 902 Dominus
3086 849 3246 918 quod
3279 866 3353 904 nc
3385 851 3647 905 novisset
3705 853 3831 923 qui-

2180 936 2313 991 dem
2337 937 2474 992 illos
2496 953 2764 1008 unquam
2787 936 2855 991 32.
2881 939 3081 1008 Neque
3106 937 3265 991 enim
3288 938 3439 992 bene
3464 940 3554 993 usi
3591 939 3827 996 fuerant

2180 1026 2334 1081 dono
2360 1045 2373 1092 ;
2399 1026 2532 1080 ideo
2563 1026 2742 1081 etiam
2777 1025 2986 1081 eodem
3018 1027 3209 1097 capite
3241 1025 3547 1082 discedere
3579 1029 3738 1100 ipsos
3794 1046 3828 1084 a

2180 1134 2240 1172 se
2267 1117 2464 1189 jussit.
2501 1116 2702 1182 Qualis
2733 1121 2793 1170 et
2820 1115 2920 1170 ille
2956 1121 3082 1170 erat
3113 1116 3214 1186 qui
3247 1116 3543 1169 Christum
3577 1133 3696 1171 non
3734 1136 3826 1173 se-

2180 1205 2473 1276 quebatur
2501 1211 2559 1259 et
2589 1206 2758 1278 signa
2777 1205 2990 1260 edebat
3009 1204 3074 1272 33,
3099 1205 3296 1276 qualis
3329 1210 3455 1259 erat
3485 1211 3543 1259 et
3571 1206 3698 1276 ipse
3725 1208 3826 1261 Ju-

2177 1295 2304 1351 das.
2339 1298 2468 1366 Ipse
2502 1300 2702 1350 tamen
2735 1295 2860 1349 hinc
2893 1295 3136 1349 interim
3166 1311 3288 1348 non
3324 1295 3720 1366 recenset,sed
3757 1295 3828 1349 ab

2178 1385 2271 1439 his
2303 1401 2433 1455 qua;
2466 1384 2865 1456 corporalium
2901 1399 3063 1438 more
3095 1383 3168 1438 ab
3202 1384 3330 1454 ipso
3359 1383 3519 1438 dicta
3548 1385 3831 1448 sunt,hoc

2178 1475 2355 1529 etiam
2383 1475 2719 1538 conﬁrmat,
2757 1473 2914 1545 quod
2941 1490 3060 1528 non
3120 1478 3389 1544 oporteat
3420 1473 3555 1528 illos
3613 1474 3830 1529 ducere

2175 1564 2436 1635 majores
2458 1564 2557 1634 qui
2583 1563 2780 1635 majus
2809 1563 3110 1634 accepisse
3133 1562 3356 1617 donum
3371 1562 3824 1617 existimantur:

2177 1670 2286 1710 nec
2319 1653 2596 1708 similiter
2648 1669 2678 1707 e
2735 1652 2988 1718 diverso,
3050 1652 3336 1707 minores.
3369 1653 3466 1706 Ait
3496 1652 3676 1720 enim,
3733 1653 3827 1707 his

2177 1744 2276 1814 qui
2310 1743 2591 1798 indecora
2613 1748 2751 1797 sunt
2782 1743 2971 1796 nostri
3003 1742 3400 1812 copiosiorem
3423 1741 3702 1796 addimus
3730 1741 3827 1796 de-

2176 1837 2466 1896 corom,et
2496 1833 2588 1887 his
2620 1849 2752 1902 qua;
2786 1832 2984 1886 minus
3016 1832 3268 1886 honesta
3299 1835 3456 1897 sunt,
3486 1831 3825 1886 uberiorem

414 1919 614 1995 στέρων
646 1919 774 1974 εἰσίν
808 1937 820 1986 ;
857 1919 1038 1988 Οὕτω,
1073 1917 1229 1996 φησί,
1283 1918 1373 1972 καὶ
1407 1920 1435 1972 6
1498 1918 1628 1979 Θεὸς
1689 1917 1856 1972 ἐνίοτε
1916 1918 2062 1972 ὑστε-

2177 1921 2776 1992 honorem.Nunquid
2808 1921 2880 1975 ob
2905 1920 2962 1974 id
2987 1921 3330 1976 honestiora
3352 1926 3491 1975 sunt
3521 1921 3826 1993 magisque

410 2014 590 2084 ροῦντι
625 2007 814 2063 πλεῖον
848 2005 1040 2062 διδωσι
1086 2009 1356 2083 χάρισμα,
1416 2011 1495 2079 τῷ
1545 2005 1601 2061 δὲ
1644 2005 1923 2077 αὐτάρκως
1979 2005 2068 2060 καὶ

411 2099 610 2158 ἱκανῶς
669 2094 856 2172 ἔχοντι
920 2096 1175 2170 ῥυθμίσαι
1238 2096 1444 2164 ἑαυτὸν,
1507 2089 1756 2152 ἔλαττον.
1830 2095 2065 2169 Μήιοῦν

409 2186 540 2260 ὑμῖν
599 2185 930 2260 ἆθυμηζέον,
991 2183 1216 2240 ἔλαττον
1277 2181 1526 2239 δοκοῦσιν
1585 2181 1732 2259 ἔχειν
1795 2184 2066 2258 χάρισμα,

407 2275 526 2330 ἐπεὶ
580 2275 671 2329 καὶ
738 2277 902 2347 ἡμεῖς
959 2274 1116 2328 αὐτοὶ
1174 2275 1241 2327 τὰ
1299 2272 1776 2347 εὐσχημονέστερα
1835 2275 1924 2326 καὶ
1979 2294 2068 2326 τι·

414 2366 662 2439 μιώτερα
692 2366 852 2436 ἡμῶν
886 2362 1054 2436 μέλη,
1113 2361 1205 2417 ἃτε
1249 2363 1313 2416 οὐ
1358 2360 1578 2431 πολλῆς
1624 2360 1825 2440 ἔχοντα
1875 2360 2064 2439 χρείαν

405 2452 850 2528 εὐσχημοσύνης,
882 2452 961 2522 ἐφ’
1003 2451 1071 2520 ἧς
1130 2450 1234 2505 εἰσι
1291 2449 1660 2523 κοσμιότητος
1719 2450 1808 2504 καὶ
1869 2448 2068 2523 σεμνό-

409 2563 581 2614 τητος
616 2541 792 2616 μένειν
835 2540 1044 2611 ἐῶντες,
1081 2547 1197 2603 τοῖς
1256 2540 1605 2616 ἀτιμονέροις
1664 2541 1755 2595 καὶ
1807 2543 2066 2614 ἀσχημο-

408 2631 682 2707 νεστὲροις
759 2631 928 2705 τιμὴν
1005 2630 1094 2685 καὶ
1179 2630 1603 2704 εὐσχημοσὸνην
1661 2627 2065 2705 περιτιθέαμεν.

418 2730 578 2778 Ὥστε
627 2721 687 2778 ἐκ
753 2727 849 2778 τοῦ
899 2716 1125 2776 ἔλαττον
1189 2718 1374 2775 λαϐεῖν
1440 2718 1653 2793 μᾶλλον
1708 2714 1851 2775 ἔστιν
1912 2721 2066 2783 εὐθυ-

419 2819 540 2887 μεῖν
571 2812 663 2866 καὶ
696 2813 1060 2887 εὐχαριστεῖν,
1096 2812 1180 2865 δτι
1211 2809 1385 2872 οὕτως
1438 2811 1554 2864 κατ’
1607 2809 1783 2884 ἀρχὰς
1838 2804 2066 2887 ἔπλασεν

412 2905 442 2958 6
474 2903 645 2958 πάντα
675 2905 856 2977 σοφῶς
889 2901 978 2955 καὶ
1023 2898 1424 2970 ἀκαταλήπτως
1484 2899 1614 2962 Θεὸς
1661 2901 1822 2970 ἡμῶν
1875 2903 2068 2964 ποιῶν,

418 2992 556 3046 ὥστε
595 2988 898 3044 ἐλαττόνων
931 2985 1136 3043 δεῖσθαι
1197 2987 1273 3050 εἰς
1328 2988 1647 3060 αὐτάργειαν
1701 2987 1792 3040 καὶ
1843 2987 2069 3042 τελείω-

419 3103 526 3138 σιν.
577 3083 754 3134 Ταῦτα
811 3075 869 3132 δέ
926 3099 1082 3154 φησι,
1140 3075 1270 3139 τούς
1326 3097 1384 3130 τε
1469 3070 1696 3130 ἔλαττον
1779 3071 2070 3135 δοκοῦντας

421 3165 568 3248 ἔχειν
625 3169 709 3223 ἐπὶ
758 3172 828 3242 τῇ
886 3167 1090 3241 ἀθυμίᾳ
1144 3164 1502 3241 παρακαλῶν,
1557 3163 1648 3219 καὶ
1707 3165 1834 3225 τοὺς
1899 3162 2066 3218 πλέον

419 3252 607 3313 λαϐεῖν
638 3255 941 3331 οἰομένους,
971 3263 1073 3326 τῆς
1133 3255 1364 3326 οἰήσεως
1412 3275 1721 3310 κατασπων.
1778 3252 1844 3310 Τί
1901 3256 2068 3328 φυσᾷς

415 3347 620 3420 ἑαυτὸν,
685 3345 851 3402 πλέον
939 3340 1086 3424 ἔχειν
1146 3343 1359 3414 δοκῶν;
1418 3343 1688 3405 ἀσθενείας
1749 3363 1844 3397 σου
1900 3345 2064 3397 τοῦτο

415 3437 714 3511 μαρτυριόν
746 3435 911 3506 ἐστιν,
971 3435 1054 3490 ὅτι
1113 3432 1385 3489 πλειόνων
1442 3429 1694 3504 ἐδεήθηςο
1753 3431 1812 3485 Τί
1843 3430 2065 3486 καταπί-

411 3546 589 3594 πτεις,
619 3523 845 3580 ἔλαττον
879 3519 1030 3599 ἔχειν
1063 3521 1240 3578 δοκῶν
1277 3543 1290 3593 ;
1354 3521 1550 3601 ἰσχύος
1610 3542 1705 3576 σου
1763 3525 1928 3577 τοῦτο
1985 3541 2066 3574 τε·

410 3617 677 3690 κμήριον,
737 3612 822 3670 ὅτι
873 3611 1173 3669 ἐλαττόνων
1230 3633 1286 3667 σε
1345 3608 1607 3681 δεηθέντα
1685 3606 1993 3684 παρέδειξεν
2037 3610 2064 3664 ὁ

414 3708 558 3770 Θεός.
593 3705 696 3763 Καὶ
729 3706 917 3760 σκόπει
961 3709 1079 3765 πῶς
1137 3701 1340 3779 ἤρξατο
1403 3703 1498 3775 μὲν
1547 3695 1869 3775 καταϐραχὺ
1928 3699 2064 3774 πρὸς

415 3796 512 3864 τὴν
545 3795 731 3874 χρείαν
766 3794 999 3870 εἰσάγειν
1029 3791 1253 3860 αὐτοὺς,
1301 3788 1396 3845 κᾶν
1454 3789 1649 3844 ἀνίσων
1701 3786 1924 3842 ἐδόκουν
1957 3789 2063 3842 τῶν

418 3887 772 3963 χαρισμάτων
826 3889 1037 3959 τυχεῖν.
1114 3883 1339 3938 Ἔπειτα
1411 3877 1469 3934 δὲ
1526 3878 1615 3933 καί
1675 3876 1841 3933 πλέον
1899 3876 2067 3951 ἐπῆρε

407 3973 536 4037 τοὺς
595 3973 951 4037 ἐλαττοῦσθαι
1009 3969 1322 4032 δοκοῦντας.
1387 3966 1618 4026 Μᾶλλον
1676 3967 1775 4040 γὰρ
1837 3966 1888 4020 o't
1938 3965 2064 4029 ἀθυ·

416 4067 646 4136 μοῦντες
703 4061 915 4118 δέονται
972 4064 1334 4135 παραψυχῆς,
1391 4060 1425 4129 ἢ
1486 4059 1538 4112 οἱ
1611 4054 2066 4128 ἀλαζονευόμενοι

410 4150 630 4233 φειδοῦς
687 4155 778 4207 καὶ
866 4151 1137 4213 ἐπιεικοῦς
1219 4148 1610 4223 ἐπιτιμήσεως.
1701 4148 1837 4202 Εἶτα
1898 4150 2069 4200 ταῦτα

412 4243 601 4317 εἰπὼν,
662 4239 989 4316 συμϐιϐἀζει
1047 4240 1244 4301 αὐτοὺς
1329 4238 1405 4302 εἰς
1463 4241 1564 4309 τὴν
1623 4238 1922 4311 ὁμοτιμίαν
1977 4238 2067 4290 καὶ

412 4333 690 4406 ὁμόνοιαν,
725 4358 753 4385 ‹‹
784 4335 900 4389 Ἵνα
934 4333 1010 4405 μὴ
1042 4332 1101 4402 ᾖ,
1161 4330 1317 4406 φησί,
1367 4328 1580 4403 σχίσμα
1634 4327 1686 4381 ἐν
1718 4331 1798 4399 τῷ
1829 4326 2065 4397 σώματι,

411 4422 560 4478 ἀλλὰ
589 4424 651 4477 τὸ
671 4421 801 4478 αὐτὸ
836 4422 969 4496 ὑπερ
1017 4418 1287 4490 ἀλλήλων
1347 4421 1654 4493 μεριμνῶσι
1708 4417 1775 4471 τὰ
1837 4416 2004 4489 μέλη,
2041 4441 2066 4466 ››

409 4512 671 4580 καὶὲζᾶς.
723 4510 859 4568 αΤὰ
915 4507 972 4565 δέ
1003 4509 1324 4584 εὐσχήμονα
1382 4510 1620 4577 ἡμῶν.»
1679 4506 1790 4559 Ἵνα
1849 4507 1923 4576 μή
1984 4525 2066 4565 τις

409 4597 560 4676 ε’ἱπῃ,
597 4601 693 4654 Καὶ
751 4605 910 4660 ποῖος
971 4599 1128 4660 οὗτος
1188 4595 1353 4669 λόγος
1409 4597 1662 4668 προνοῶν
1717 4597 1828 4646 τῶν
1889 4593 2068 4671 ἀσχη-

417 4690 600 4762 μόνων
628 4689 718 4744 κάὶ
751 4689 983 4762 ἀτίμων,
1016 4689 1371 4763 καταφρονεῖν
1407 4679 1464 4738 δὲ
1493 4685 1601 4736 τῶν
1655 4680 2015 4757 εὐσχημόνων
2050 4701 2063 4749 ;

415 4780 494 4836 Οὐ
554 4783 1000 4857 καταφρονοῦμεν
1033 4822 1046 4846 ,
1104 4775 1268 4855 φησὶν
1307 4817 1320 4839 ,
1378 4770 1506 4827 ἀλλ’
1573 4767 1794 4857 οὐδενὸς
1847 4775 1955 4825 τῶν
2014 4770 2064 4844 ἐξ

409 4869 573 4941 ἡμῶν
601 4854 836 4934 δέονται,
866 4867 940 4928 ὡς
983 4854 1140 4945 φύσει
1162 4865 1225 4918 τὸ
1274 4858 1557 4938 εὔσχημον
1605 4854 1828 4934 ἔχοντα,
1889 4880 2062 4933 παρα-

414 4957 752 5029 μυθούμενος
787 4953 951 5010 πάλιν
987 4950 1076 5008 διὰ
1103 4951 1320 5020 τούτου,
1348 4949 1477 5012 τοὺς
1525 4945 1754 5023 ἔχοντας
1792 4948 1856 5001 τὰ
1893 4949 2064 5020 μείζω

413 5046 750 5122 χαρίσματα.

2175 2012 2514 2080 decora,his
2545 2029 2676 2084 qua:
2707 2028 2742 2067 a
2764 2017 2979 2067 natura
3009 2015 3150 2065 sunt
3178 2010 3524 2066 honestiora
3555 2016 3612 2065 et
3641 2011 3828 2082 magis

2172 2101 2388 2156 decora
2409 2101 2436 2155 ‘2
2465 2100 2799 2170 Ita,inquit,
2816 2106 2874 2153 et
2902 2101 3056 2153 Deus
3089 2098 3390 2154 interdum
3417 2099 3471 2153 ei
3513 2100 3614 2169 qui
3650 2115 3828 2171 egens

2173 2197 2263 2246 est
2294 2191 2486 2262 majus
2517 2189 2728 2244 tribuit
2749 2189 3055 2253 donum,ei
3089 2204 3224 2243 vero
3259 2190 3359 2259 qui
3385 2189 3494 2243 sibi
3522 2189 3827 2244 sufﬁciens

2173 2272 2376 2347 est,’et
2405 2279 2642 2335 abunde
2674 2279 2854 2334 habet
2883 2297 3000 2350 quo
3034 2280 3296 2349 seipsum
3331 2278 3564 2350 dirigat,
3598 2279 3820 2333 minus.

2173 2372 2298 2425 Non
2323 2386 2458 2443 ergo
2483 2369 2644 2423 vobis
2667 2385 2819 2442 aegre
2840 2367 3152 2423 fereddum
3175 2374 3265 2423 est
3294 2368 3342 2423 si
3367 2369 3565 2422 minus
3593 2367 3818 2422 donum

2173 2459 2389 2514 habere
2412 2458 2692 2512 videmini
2720 2474 2732 2513 :
2755 2457 3038 2528 quoniam
3065 2474 3174 2511 nos
3200 2456 3313 2527 ipsi
3337 2473 3573 2526 quoque
3599 2472 3666 2510 ea
3688 2472 3820 2525 qua:

2171 2548 2358 2620 magis
2391 2548 2605 2602 decora
2634 2547 2824 2601 nostri
2866 2545 3135 2601 membra
3187 2545 3482 2610 videntur,
3536 2551 3822 2616 tanquam

2172 2653 2294 2692 non
2327 2637 2513 2692 multo
2574 2637 2787 2691 decore
2820 2636 3075 2708 egentia,
3136 2636 3199 2690 in
3240 2640 3454 2690 ornatu
3496 2639 3555 2688 et
3610 2635 3824 2689 decore

2173 2743 2351 2797 quem
2383 2727 2606 2781 habent
2630 2741 2871 2780 manere
2895 2725 3389 2792 sinentes,minus
3421 2725 3688 2779 honestis
3711 2725 3822 2778 mi-

2175 2833 2408 2888 nusque
2437 2817 2670 2872 decoris
2702 2815 2979 2871 addimus
3012 2816 3299 2870 honorem
3331 2832 3398 2870 ac
3417 2815 3825 2870 decorem.Ex—

2175 2924 2244 2963 eo
2295 2907 2492 2977 itaque
2534 2905 2694 2976 quod
2738 2906 2939 2959 minus
2990 2905 3218 2976 accepit
3266 2905 3584 2976 quispiam,
3640 2904 3827 2976 magis

2172 2996 2309 3050 forti
2343 3001 2539 3067 potest
2569 3012 2701 3050 esse
2735 2995 2937 3050 animo
2969 3012 3036 3050 ac
3058 2995 3276 3066 gratias
3307 3010 3501 3066 agere,
3527 2994 3685 3064 quod
3718 2994 3827 3048 hoc

2175 3085 2350 3140 modo
2385 3086 2537 3139 Deus
2563 3090 2767 3138 noster
2797 3084 2870 3138 ab
2903 3084 3073 3138 initio
3105 3100 3242 3138 eum
3274 3085 3492 3138 creavit
3521 3083 3644 3152 (qui
3677 3098 3821 3136 cun-

2174 3180 2267 3228 cta
2289 3174 2592 3243 sapienter
2613 3178 2671 3226 et
2689 3173 2913 3242 absque
2927 3171 3050 3226 ullo
3072 3171 3307 3226 defectu
3326 3171 3483 3240 facit)
3507 3171 3664 3242 quod
3685 3187 3828 3242 pau-

2175 3262 2437 3318 cioribus
2453 3261 2732 3332 egeretad
2749 3262 2837 3315 sui
2854 3260 3276 3315 sufﬁcientiam
3294 3266 3353 3315 et
3374 3260 3823 3331 perfectionem.

2175 3354 2307 3407 Haec
2339 3357 2538 3406 autem
2591 3351 2756 3418 dicit,
2791 3357 2850 3405 et
2879 3367 2980 3405 eos
3029 3350 3128 3421 qui
3160 3351 3358 3404 minus
3403 3349 3622 3404 habere
3668 3350 3828 3405 vide-

2172 3441 2411 3510 bantur,
2453 3457 2486 3496 a
2517 3457 2768 3496 mmrore
2799 3439 3181 3506 consolando,
3217 3444 3275 3493 et
3304 3455 3405 3494 eos
3436 3439 3538 3509 qui
3568 3439 3827 3510 amplius

2175 3530 2475 3601 accepisse
2515 3529 2889 3597 videbantur,
2916 3545 2949 3584 a
2984 3528 3139 3583 fastu
3171 3528 3549 3584 retrahendo.
3585 3529 3655 3583 Ut
3685 3529 3826 3599 quid

2174 3619 2432 3690 teipsum
2465 3618 2639 3673 inflas
2671 3618 2771 3688 qui
2795 3617 3058 3688 amplius
3083 3617 3385 3688 accepisse
3417 3615 3638 3672 videris
3659 3616 3686 3671 ?
3707 3621 3827 3672 Im-

2173 3707 2518 3762 becillitatis
2550 3713 2665 3762 tute
2694 3705 3350 3776 testimonium,nempe
3373 3705 3532 3776 quod
3555 3706 3828 3777 pluribus

2177 3796 2492 3868 egebasUt
2521 3796 2666 3866 quid
2697 3797 2899 3850 animo
2932 3795 3210 3866 dejiceris
3241 3797 3341 3865 qui
3378 3795 3577 3849 minus
3608 3794 3826 3849 habere

2172 3883 2438 3939 videris?
2468 3886 2625 3940 544
2647 3883 2811 3953 atqui
2842 3882 3210 3937 fortitudinis
3237 3889 3352 3937 tua;
3384 3882 3496 3937 hoc
3515 3898 3826 3953 argumen-

2175 3977 2302 4028 tum
2335 3977 2444 4037 est,
2478 3988 2694 4042 nempe
2727 3970 2886 4042 quod
2915 3970 3297 4042 paucioribus
3331 3976 3387 4025 te
3418 3987 3590 4043 egere
3622 3976 3824 4025 osten-

2175 4061 2264 4116 dit
2294 4062 2468 4115 Deus.
2500 4065 2572 4115 Et
2601 4060 2917 4115 considera
2947 4057 3244 4130 quomodo
3276 4059 3499 4112 sensim
3528 4059 3706 4129 cmpit
3727 4075 3829 4113 eos

2177 4151 2250 4207 ob
2284 4153 2703 4208 necessitatem
2735 4150 2996 4221 aequales
3027 4149 3714 4220 ostendere,quanquam
3747 4149 3832 4203 in-

2176 4242 2432 4313 aequalia
2452 4242 2806 4298 videbantur
2831 4241 3086 4296 assecuti
3109 4239 3520 4295 bona.Deinde
3544 4255 3679 4294 vero
3701 4238 3836 4292 illos

2176 4332 2370 4387 adhuc
2402 4331 2662 4404 amplius
2695 4330 2908 4387 extulit
2966 4331 3066 4402 qui
3107 4329 3462 4385 videbantur
3519 4328 3832 4382 inferiores

2175 4439 2327 4478 esse.
2361 4423 2614 4478 Afflictis
2646 4422 2805 4477 enim
2836 4439 2904 4477 ac
2929 4421 3316 4477 inmrentibus
3350 4420 3541 4492 magis
3573 4435 3720 4489 opus
3745 4423 3836 4472 est

2175 4511 2799 4583 consolatione,quam
2814 4511 3230 4583 arrogantibus
3251 4510 3414 4565 tenui
3439 4526 3507 4564 ac
3527 4507 3835 4563 moderata

2175 4598 2607 4670 increpatione.
2643 4599 2867 4654 Deinde
2899 4601 2992 4654 his
3023 4599 3200 4654 dictis
3257 4615 3464 4653 rursus
3492 4613 3594 4651 eos
3625 4595 3834 4652 conﬁr-

2179 4691 2303 4740 mat
2330 4686 2406 4741 ad
2440 4687 2682 4741 honoris
2713 4687 3036 4759 paritatem
3069 4693 3128 4740 et
3157 4685 3533 4741 concordiam
3562 4701 3574 4737 :
3609 4685 3690 4738 Ne
3736 4683 3834 4749 sit,

2177 4773 2392 4844 inquit,
2429 4774 2746 4829 dissidium
2773 4776 2836 4829 in
2867 4791 3136 4845 corpore,
3171 4773 3276 4828 sed
3311 4773 3583 4828 eamdem
3609 4770 3837 4826 sollici—

2177 4862 2447 4917 tudinem
2480 4881 2584 4934 pro
2609 4880 2672 4918 se
2694 4864 2946 4918 invicem
2971 4868 3180 4934 gerant
3202 4861 3606 4916 membra.etc.
3642 4881 3669 4908 <<
3694 4859 3833 4924 Quae

2175 4958 2374 5008 autem
2409 4953 2624 5008 decora
2682 4960 2819 5008 sunt
2879 4953 3088 5008 nostri.
3128 4975 3154 5001 ››
3189 4953 3266 5006 Ne
3309 4950 3443 5021 quis
3503 4949 3706 5004 dicat:
3769 4953 3838 5002 Et

2175 5041 2452 5112 quisnam
2487 5042 2580 5097 hic
2614 5058 2808 5097 sermo
2836 5047 3017 5108 est,ut
3048 5041 3180 5112 quis
3211 5055 3416 5095 curam
3438 5043 3604 5111 gerat
3624 5053 3832 5093 eorum

412 5155 544 5209 qua;
575 5137 859 5193 indecora
890 5141 1028 5192 sunt
1057 5135 1377 5204 minusque
1407 5133 1678 5198 honesta,
1713 5145 1782 5184 ea
1811 5145 1946 5184 vero
1996 5135 2341 5186 contemnat
2408 5149 2538 5203 quae
2572 5132 2789 5186 decora
2842 5137 2982 5186 sunt
3009 5131 3036 5184 ‘?
3068 5132 3193 5185 Non
3248 5129 3712 5193 contemnimus,
3743 5127 3834 5182 in-

412 5227 560 5298 quit,
594 5227 698 5282 sed
729 5227 834 5281 illa
890 5241 1012 5280 non
1043 5229 1219 5296 egent
1274 5222 1400 5277 ulla
1441 5237 1504 5276 re
1534 5225 1758 5288 nostra,
1791 5223 1994 5291 utpote
2053 5220 2390 5275 naturalem
2446 5220 2728 5276 habentia
2779 5220 3096 5275 decorem:
3163 5236 3264 5290 per
3294 5219 3406 5273 hoc
3463 5233 3698 5272 rursum
3730 5233 3834 5270 eos

409 5315 772 5371 consolando
806 5314 908 5386 qui
935 5314 1170 5368 minora
1200 5311 1503 5366 habebant
1527 5309 1704 5364 dona.

483 5402 639 5460 Ἀλλ’
703 5405 731 5458 ὁ
817 5403 950 5463 Θεὸς
1035 5400 1353 5471 συνεκέρασε
1418 5398 1482 5453 τὸ
1533 5400 1714 5469 σῶμα,
1771 5400 1851 5467 τῷ
1908 5395 2064 5450 ὑστε-

408 5498 591 5569 ροῦντι
722 5489 1105 5568 περισσοτέραν
1212 5486 1340 5551 δοὺς
1439 5490 1630 5562 τιμὴν,
1709 5484 1799 5540 ’ἱνα
1878 5486 1954 5558 μή

407 5583 621 5657 σχίσμα
660 5581 711 5636 ἐν
751 5585 832 5653 τῷ
892 5581 1129 5654 σώματι,
1189 5576 1338 5633 ἀλλὰ
1387 5577 1449 5632 τὸ
1500 5575 1634 5631 αὐτὸ
1692 5574 1825 5649 ὑπὲρ
1881 5571 2068 5645 ἀλλή-

483 5768 528 5801 ³²
558 5766 758 5821 Matth.
793 5771 886 5832 γη,
917 5768 1005 5820 22.
1083 5763 1127 5796 ³³
1152 5761 1326 5816 Marc.
1364 5777 1440 5827 ιι,
1475 5761 1558 5814 37.

2246 5400 2566 5468 “1,2426.
2597 5423 2623 5449 «
2661 5400 2773 5455 Sed
2805 5401 2960 5454 Deus
2992 5399 3172 5454 simul
3204 5398 3554 5469 temperavit
3584 5411 3834 5467 corpus:

2181 5512 2200 5537 ι
2240 5491 2293 5544 ei
2325 5491 2420 5544 cui
2453 5490 2658 5545 deerat
2687 5491 3082 5562 copiosiorem
3117 5489 3268 5544 dans
3300 5489 3588 5544 honorem
3616 5504 3628 5540 :
3655 5503 3727 5540 ne
3760 5485 3837 5539 sit

2185 5599 2206 5626 ε
2241 5576 2560 5634 dissidium
2586 5580 2646 5634 in
2671 5579 3052 5650 corpore,sed
3071 5577 3342 5633 eamdem
3366 5573 3832 5631 sollicitudinem
