4118 6448
301 431 417 490 ΒΞἻ

1425 417 1835 482 (ΕΟΟΜΕΝΙΙ
1881 415 2193 476 TRICOIE
2237 416 2595 478 EPISCOPI

309 591 327 616 ιι
365 581 470 638 pro
503 581 565 620 se
595 562 844 617 invicem
876 565 1085 631 gerant
1115 555 1420 622 membra;
1457 559 1516 609 et
1562 552 1680 608 sive
1735 551 1959 622 patitur

2077 543 2187 601 λῶν
2224 554 2530 623 μεριμνῶσι
2556 551 2624 605 τὰ
2657 550 2826 622 μέλη.
2854 551 2952 607 Καὶ
2988 549 3095 607 ε’ίτε
3152 555 3354 628 πάσχει
3405 549 3458 607 ἓν
3519 553 3730 626 μέλωςο

302 679 329 707 ‹‹
366 670 553 710 unum
585 650 944 712 membrum,
981 647 1160 702 simul
1194 647 1503 718 patiuntur
1536 642 1739 698 omnia
1772 656 1956 695 mem-

307 770 327 792 ι
366 740 514 798 bra:
550 741 669 796 sive
701 737 1073 812 gloriﬁcatur
1129 750 1316 791 unum
1361 733 1719 796 membrum,
1780 730 1955 785 simul

307 850 334 883 ‹‹
366 831 625 905 gaudent
657 829 860 884 omnia
887 827 1178 883 membra.
1215 846 1242 874 »

380 901 433 968 Si
468 913 650 968 simul
681 911 1056 982 temperavit,
1090 923 1226 980 ergo
1259 913 1317 961 et.
1346 921 1532 960 unum
1563 904 1738 959 fecit:
1801 901 1960 972 quod

306 1004 469 1059 enim
501 1005 870 1072 temperatur
893 1015 960 1054 ac
992 997 1432 1060 commiscetur,
1458 1010 1646 1049 unum
1679 992 1955 1047 efﬁcitur.

309 1114 336 1140 ει
372 1091 476 1146 Cui
510 1090 733 1145 deerat.
757 1111 780 1140 ι
820 1086 962 1141 Vide
991 1086 1153 1156 quod
1175 1085 1301 1156 jam
1333 1100 1454 1138 non
1481 1081 1733 1136 dixerit:
1768 1079 1958 1134 Minus

307 1183 584 1246 honesto,
619 1183 738 1239 aut.
801 1175 1108 1243 Indecoro,
1142 1173 1266 1242 sed,
1331 1195 1356 1223 ιι
1398 1173 1462 1226 Ei
1517 1172 1612 1226 cui
1673 1169 1896 1235 deerat,
1925 1187 1954 1219 ο

307 1269 630 1325 ostendens
662 1267 821 1338 quod
850 1282 968 1320 non
1011 1271 1225 1319 natura
1263 1263 1383 1317 sint
1412 1262 1629 1316 decora
1659 1265 1762 1314 aut
1790 1258 1957 1312 inde;

307 1362 591 1430 cora,sive
653 1361 901 1414 honesta
950 1362 1054 1414 aut
1093 1357 1431 1411 inhonesta.
1483 1374 1510 1403 α
1553 1352 1958 1424 Copiosiorem

308 1452 455 1507 dans
495 1451 802 1506 honorem.
845 1470 874 1499 »
911 1448 991 1503 De
1019 1460 1265 1518 corpore
1297 1444 1517 1516 poterit
1546 1443 1680 1513 quis
1722 1441 1834 1496 hoc
1865 1440 1957 1494 in-

306 1541 596 1611 telligere,
649 1543 710 1594 at
741 1539 814 1593 de
842 1534 1189 1592 hominibus
1221 1532 1519 1606 quomodo
1549 1532 1662 1586 hoc
1707 1527 1958 1585 inveniri

308 1629 618 1701 poterit,ut
645 1626 718 1682 de
741 1626 940 1682 minus
964 1625 1232 1679 honestis
1254 1639 1321 1678 ac
1343 1619 1742 1676 imbeciliibus
1769 1618 1960 1688 major

308 1713 599 1773 habeatur
628 1729 772 1770 cura
826 1729 895 1770 ac
927 1712 1339 1785 providentia?
1378 1713 1447 1765 Et
1506 1709 1761 1764 dicimus
1802 1707 1960 1778 quod

307 1806 770 1862 imbecilliorum
787 1819 990 1858 curam
1012 1802 1198 1874 magis
1217 1801 1518 1872 suscipere
1535 1799 1766 1853 videtur
1784 1798 1958 1851 Deus.

306 1897 493 1966 quue
518 1895 717 1949 videas
748 1894 808 1948 in
841 1893 1069 1947 latrone
1103 1891 1203 1962 qui
1235 1896 1373 1945 ante
1403 1888 1703 1960 apostolos
1724 1885 1959 1959 paradi-

310 1997 442 2041 sum
475 1986 780 2056 ingressus
806 1989 896 2037 est
923 1983 987 2045 ⁸⁸,
1022 1987 1078 2036 et
1103 1997 1210 2036 ove
1229 1997 1298 2035 ex
1329 1995 1580 2034 numero
1613 1976 1958 2032 centenario

310 2073 566 2146 perdita,
596 2087 728 2143 quae
761 2073 938 2127 etiam
975 2071 1214 2125 inventa
1243 2085 1422 2140 super
1451 2068 1732 2121 humeros
1763 2081 1960 2136 repor.

309 2169 433 2218 tata
462 2166 554 2218 est
573 2162 641 2231 ‘5,
677 2168 735 2216 et
761 2161 1064 2233 operarios
1096 2160 1196 2230 qui
1230 2160 1376 2214 hora
1427 2156 1745 2213 undecima
1773 2170 1957 2208 vene-

305 2257 462 2322 rant,
496 2253 793 2324 primique
853 2249 1190 2306 mercedem
1251 2248 1518 2303 referunt
1547 2245 1595 2279 ³⁸
1628 2262 1641 2300 :
1677 2261 1745 2300 eo
1801 2241 1959 2314 quod

314 2344 469 2397 Deus
498 2341 832 2397 imbecilles
862 2340 1050 2412 magis
1078 2339 1231 2394 ferat
1260 2338 1464 2408 eisque
1497 2333 1956 2391 condescendat.

311 2432 450 2486 Ideo
482 2432 658 2486 etiam
691 2430 836 2485 dicit
869 2447 882 2484 :
922 2446 943 2477 ι
977 2428 1382 2500 Copiosiorem
1414 2427 1563 2481 dans
1590 2425 1900 2490 honorem,
1925 2440 1952 2474 ιι

316 2520 770 2592 utperhocillos
789 2517 1244 2588 consoleturqui
1267 2516 1466 2572 minus
1485 2515 1695 2570 hacent
1711 2512 1957 2567 donum.

387 2631 415 2659 «
449 2612 530 2665 Ne
561 2611 638 2664 sit
667 2609 982 2664 dissidium
1011 2608 1073 2662 in
1104 2622 1375 2678 corpore.
1411 2625 1439 2654 κ
1476 2605 1623 2660 545
1656 2601 1960 2673 Siquidem

316 2713 437 2757 non
497 2699 785 2756 dissidere
857 2704 960 2754 aut
1034 2696 1215 2752 dividi
1274 2700 1364 2750 est
1420 2694 1662 2749 omnino
1747 2707 1961 2762 corpus

316 2805 468 2855 esse,
503 2789 661 2862 quod
701 2790 749 2844 si
811 2787 1129 2854 dividatur,
1182 2785 1310 2857 jam
1367 2789 1553 2837 totum
1612 2780 1808 2852 periit.
1843 2780 1962 2834 Hoc

314 2886 515 2934 autem
582 2878 726 2932 dicit
781 2879 1008 2931 terreas
1068 2890 1168 2928 eos
1221 2871 1323 2942 qui
1381 2885 1598 2943 magna
1661 2867 1964 2924 habebant

314 2969 489 3030 dona,
513 2973 572 3023 et
591 2966 666 3022 ad
686 2965 1042 3022 modestiam
1064 2979 1368 3028 revocans,
1391 2960 1548 3030 quod
1579 2959 1862 3014 discessio
1893 2973 1961 3012 ac

315 3057 605 3129 separatio
631 3055 700 3111 ab
723 3055 816 3110 his
839 3054 940 3125 qui
963 3053 1276 3108 inferiores
1308 3055 1478 3106 erant
1507 3050 1569 3105 in
1600 3048 1796 3115 donis,
1825 3047 1960 3102 illos

315 3161 553 3220 quoque
585 3145 1017 3218 perdat,sitque
1048 3141 1407 3215 periculum,
1443 3157 1517 3196 ne
1544 3140 1825 3210 deinceps
1858 3137 1961 3192 de-

311 3239 514 3292 sinant
553 3251 682 3290 esse
732 3249 949 3305 corpus
997 3231 1236 3287 Christi.
1277 3233 1482 3301 Itaque
1530 3227 1961 3302 providendum

311 3327 420 3397 est,
450 3325 666 3395 inquit,
699 3322 1092 3393 habendaque
1154 3319 1493 3376 sollicitudo
1525 3319 1627 3374 uni
1689 3318 1760 3373 de
1791 3317 1906 3372 alio
1943 3333 1954 3370 :

307 3419 422 3471 Per
450 3415 734 3470 unionem
755 3413 913 3467 enim
947 3410 1236 3466 habemus
1269 3426 1418 3464 esse.
1449 3430 1475 3456 «
1503 3410 1569 3462 Et
1598 3408 1717 3463 sive
1740 3407 1962 3478 patitur

309 3521 498 3560 unum
531 3503 888 3558 membrum.
923 3521 950 3552 η
988 3501 1044 3554 Si
1076 3500 1236 3554 enim
1269 3498 1538 3554 membra
1559 3502 1762 3551 exacte
1794 3496 1962 3551 unita

311 3609 440 3651 esse
470 3598 1120 3666 oportet,mutuamque
1153 3590 1455 3660 suscipere
1487 3587 1960 3658 curam,perspi-

311 3699 489 3741 cuum
517 3690 607 3739 est
627 3682 784 3754 quod
807 3694 877 3737 ea
900 3695 1032 3752 qum
1049 3679 1403 3751 contingunt
1422 3677 1600 3732 etiam
1619 3676 1963 3731 communia

312 3792 442 3832 esse
465 3776 831 3844 debent,sive
854 3772 1209 3829 afﬂictiones
1239 3771 1359 3826 sint
1381 3771 1500 3824 sive
1522 3766 1748 3824 laudes.
1771 3767 1963 3823 Abru-

310 3867 432 3939 ptio
465 3866 646 3936 enim,
677 3865 796 3920 sive
837 3863 1124 3918 detractio
1152 3862 1475 3923 minorum,
1510 3858 1615 3913 tibi
1647 3857 1827 3913 etiam
1858 3857 1960 3929 qui

308 3957 572 4026 majores
586 3954 981 4027 perditionem
995 3949 1686 4023 atiert,quemadmodum
1702 3947 1961 4003 etoculis

312 4050 654 4117 amputatus
675 4049 910 4116 pes,aut
939 4043 1186 4098 inferior
1206 4053 1343 4112 pars
1366 4039 1633 4110 corporis
1650 4052 1782 4109 qum
1804 4051 1960 4109 preac-

315 4137 568 4192 stantior
598 4134 845 4189 videtur.
882 4155 910 4181 ‹‹
943 4133 1070 4187 Sive
1128 4132 1496 4202 gloriﬁcatur
1524 4141 1712 4184 unum
1771 4141 1961 4181 mem-

312 4224 508 4278 brum.
540 4236 568 4271 ι
599 4224 927 4277 Coronatur
982 4225 1180 4292 caput,
1213 4224 1272 4274 et
1323 4217 1616 4274 universis
1674 4215 1962 4271 membris

311 4310 499 4384 gloria
529 4315 586 4366 et
615 4311 894 4381 gaudium
925 4308 1172 4364 accedit.

383 4401 477 4456 XII
487 4403 574 4469 ,27
581 4436 584 4440 ι
602 4402 725 4456 30.«
743 4401 856 4453 Vos
868 4403 1067 4453 autem
1085 4397 1226 4452 estis
1245 4409 1458 4468 corpus
1474 4393 1689 4450 Christi
1705 4399 1960 4448 etmem-

315 4511 344 4541 ι(
375 4488 480 4545 bra
511 4505 579 4546 ex
609 4488 1000 4560 parte.Ethos
1018 4485 1260 4557 quidem
1282 4486 1651 4557 posuitDeus
1673 4483 1734 4538 in
1759 4482 1962 4537 Ecclea-

319 4603 341 4632 α
376 4582 749 4654 sia,primum
783 4575 1374 4652 apostolos,secundo
1405 4577 1747 4649 prOphetas,
1784 4575 1958 4630 tertio

2073 638 2388 714 συμπάσχει
2419 640 2588 694 πάντα
2617 642 2682 696 τὰ
2719 640 2886 714 μὲλη,
2935 639 3041 698 εἴτε
3111 639 3390 713 δοξάζεται
3452 639 3504 696 ἔν
3541 640 3728 712 μέλος,

2073 727 2359 803 συγχαίρει
2393 730 2563 784 πάντα
2594 730 2659 786 τὰ
2693 729 2858 802 μέλη.

2141 904 2209 962 Ei
2231 905 2597 982 συνεκέρασεν,
2651 911 2846 965 οὐκοῦν
2903 909 2994 964 καὶ
3053 905 3106 965 ἕν
3153 908 3430 981 ἕποίησεν.
3491 912 3568 968 Τὸ
3626 911 3729 987 γὰρ

2069 994 2415 1068 κιρνάμενον,
2481 996 2532 1052 ἕν
2584 999 2812 1072 γίνεται,
2873 1023 2900 1051 ι(
2955 1002 3052 1071 Τῷ
3114 1000 3448 1074 ὑστεροῦντι,
3486 1023 3514 1052 ››
3565 1003 3730 1075 Ὅρα,

2071 1082 2171 1138 οὐκ
2202 1081 2279 1138 ἔτι
2310 1085 2450 1154 εἶπε,
2485 1089 2580 1157 Τῷ
2611 1087 2815 1160 ἀτίμῳ,
2839 1089 2874 1158 ἢ
2908 1092 2986 1160 τῷ
3023 1089 3328 1164 ἆσχήμονι,
3378 1087 3547 1157 ἀλλὰ,
3580 1109 3608 1141 ιε
3641 1093 3733 1160 Τῷ

2071 1172 2470 1248 ὑστεροῖιντι,››
2529 1174 2740 1239 δεικνὺς
2795 1177 2901 1232 οὐκ
2984 1174 3114 1234 ὅντα
3200 1179 3354 1234 φύσει
3429 1178 3727 1253 ἄσχημαῆ

2070 1259 2363 1338 εἰὶσχημα,
2422 1261 2590 1341 ἤγουν
2651 1261 2844 1340 ἔντιμα
2901 1269 2936 1336 ἢ
2996 1266 3187 1338 ἄτιμα.
3249 1293 3275 1319 ι(
3337 1266 3728 1342 Ηερισσοτέραν

2071 1350 2202 1415 δοὺς
2254 1355 2441 1426 τιμήν.
2481 1379 2508 1406 n
2584 1354 2712 1412 ’Ἐπὶ
2769 1356 2866 1428 μὶν
2922 1361 3018 1411 τοῦ
3077 1358 3334 1430 σώματος
3386 1360 3550 1412 τοῦτο
3606 1353 3726 1410 ’ίδυι

2068 1463 2150 1503 τις
2181 1442 2262 1501 ἄν.
2324 1443 2449 1501 Ἐπὶ
2509 1441 2566 1500 δὲ
2620 1450 2727 1500 τῶν
2787 1446 3107 1521 ἀνθρώπων,
3173 1452 3291 1508 πῶς
3345 1443 3488 1501 ἔστιν
3545 1445 3717 1521 οὐρεῖν

2067 1533 2194 1595 τοὺς
2243 1532 2600 1609 ἀτιμοτᾶρους
2655 1535 2746 1590 καὶ
2805 1535 3042 1599 ἀσθενεῖς
3101 1535 3350 1596 πλείονος
3389 1531 3724 1608 κηδεμονίας

2069 1622 2448 1687 ἀπολαύοντας
2484 1644 2497 1694 ;
2532 1627 2635 1682 Καί
2669 1648 2842 1703 φαμεν
2891 1626 2975 1681 δτι
3007 1627 3035 1681 ὁ
3066 1628 3196 1688 Θεὸς
3249 1631 3358 1680 τῶν
3416 1625 3723 1688 ἀσθενεστέ-

2071 1733 2179 1787 ρων
2207 1712 2423 1786 μᾶλλον
2465 1721 2712 1789 προνοεῖ.
2743 1715 2848 1772 Καὶ
2904 1715 3004 1788 ὅρα
3058 1716 3150 1771 τὸν
3207 1715 3418 1789 λῃστὴν
3478 1713 3587 1789 πρὸ
3615 1717 3727 1768 τῶν

2070 1804 2392 1861 ἀποστόλων
2453 1805 2528 1867 εἰς
2586 1807 2678 1861 τὸν
2737 1804 3066 1881 παράδεισον
3127 1805 3465 1874 εἷσιΛθόντα,
3522 1804 3612 1859 καί
3663 1803 3729 1858 τὸ

2070 1893 2366 1956 ἀπολωλὸς
2395 1894 2454 1950 ἐκ
2489 1902 2590 1964 τῆς
2648 1893 3004 1958 ἑκατοντάδας
3057 1889 3354 1971 πρόϐατον,
3385 1895 3415 1948 ὅ
3440 1894 3526 1949 καὶ
3578 1893 3732 1967 εὑρι-

2073 1985 2158 2048 θὶν
2189 1983 2277 2038 ἐπὶ
2324 1985 2434 2040 τῶν
2493 1981 2664 2058 ὤμων
2717 1979 3055 2059 ἐϐαστάχθη,
3106 1984 3195 2039 καὶ
3250 1984 3378 2045 τοὺς
3433 1988 3532 2052 τῆς
3582 1979 3730 2037 ἑνδε-

2072 2073 2243 2145 κάτης
2298 2072 2548 2150 ἐργάτας,
2603 2072 2658 2129 ο⁹ί
2713 2079 2924 2150 πρῶτοι
2983 2075 3077 2130 τὸν
3138 2074 3332 2148 μισθὸν
3384 2074 3728 2146 κομίζονται,

2079 2163 2437 2238 βαστάζοντος
2494 2162 2583 2218 καὶ
2637 2159 3159 2238 συγκαταϐαίνοντος
3235 2167 3332 2219 τοῦ
3419 2166 3553 2218 Θεοῦ
3607 2165 3726 2223 τοῖς

2072 2252 2307 2308 ἀσθενέσι
2343 2252 2574 2327 μᾶλλον.
2636 2253 2737 2308 Λιὸ
2783 2253 2872 2308 καὶ
2930 2273 3086 2333 φησι,
3145 2251 3534 2328 περισσοτέραν
3594 2247 3726 2312 δοὺς

2074 2343 2264 2414 τιμήν,
2298 2340 2380 2396 ἷ¹να
2412 2342 2472 2397 ἐκ
2499 2342 2699 2398 τούτου
2753 2344 3222 2416 παραμυθήσηται
3278 2342 3407 2403 τοὺς
3465 2341 3531 2396 τὸ
3560 2337 3720 2395 ἵλατ-

2071 2451 2163 2485 τον
2195 2429 2355 2508 ἔχοντ
2364 2450 2422 2494 ας
2457 2430 2724 2506 χάρισμα·

2169 2610 2341 2665 «Ἵνα
2398 2611 2474 2682 μὴ
2533 2609 2570 2684 ᾖ
2625 2610 2836 2683 σχίσμα
2891 2608 2942 2664 ἐν
3004 2613 3086 2682 τῷ
3143 2610 3378 2684 σώματι.
3417 2632 3444 2659 ››
3504 2609 3576 2664 Τὸ
3623 2608 3726 2685 γὰρ

2076 2703 2215 2755 εἶναι
2289 2699 2436 2762 ὅλως
2524 2705 2706 2773 σῶμα,
2789 2707 2939 2755 ποιεῖ
3017 2701 3080 2755 τὸ
3165 2698 3241 2773 μή
3301 2698 3722 2774 ἀποσχίζεσθαι,

2075 2791 2149 2850 ὡς
2180 2788 2228 2844 εἳ
2257 2805 2319 2864 γε
2362 2788 2750 2864 ἁποσχιοθιίη,
2808 2791 2870 2844 τὸ
2929 2795 3033 2844 πᾶν
3090 2788 3374 2846 ἀπόλωλε.
3432 2791 3609 2845 Τοῦτο
3667 2785 3726 2843 δέ

2074 2899 2226 2959 φησι,
2261 2873 2446 2952 φοϐῶν
2477 2879 2605 2941 τοὺς
2634 2881 2700 2933 τὰ
2740 2876 2953 2954 μεγαλα
3011 2873 3237 2954 ἔχοντας
3288 2878 3604 2954 χαρίσματα
3632 2879 3724 2934 καὶ

2073 2967 2478 3024 καταστέλλων.
2510 2970 2598 3030 Ὠς
2626 2967 2727 3044 ἥγε
2766 2969 2872 3023 τῶν
2931 2966 3234 3024 ἐλαττόνων
3268 2966 3322 3023 ἰν
3385 2967 3724 3043 χαρίσμασιν

2074 3058 2435 3137 ἂποφοίτησις
2463 3058 2553 3112 καὶ
2618 3057 2822 3133 σχίσις,
2879 3057 2970 3112 καὶ
3030 3057 3225 3118 αὐτοὺς
3280 3054 3512 3119 ἱκείνους
3543 3055 3727 3130 λυμα-

2071 3153 2237 3203 νεῖται
2296 3145 2704 3210 κινδυνεύοντας
2787 3148 2981 3221 μηκὲτι
3043 3148 3184 3201 εἶναι
3250 3152 3410 3220 σῶμα
3462 3148 3722 3222 Χριστοῦ.

1991 3279 2033 3344 C
2073 3241 2251 3307 Ὥστε,
2283 3239 2437 3316 φησὶ,
2469 3237 2800 3313 προνοητέον
2855 3237 2947 3293 καὶ
3009 3237 3374 3344 μεριμνητὲον
3426 3235 3724 3307 ἀλλήλων.

2072 3328 2160 3384 Ἐν
2207 3329 2311 3402 γὰρ
2369 3331 2437 3402 τῇ
2496 3328 2684 3383 δνώσει
2741 3328 2803 3382 τὸ
2866 3329 2994 3382 εἶναι
3053 3320 3297 3405 ἔχομεν..
3363 3345 3391 3378 ιι
3455 3327 3557 3383 Καὶ
3611 3325 3720 3382 εἴτε

2067 3417 2267 3492 πάσχει
2326 3413 2380 3472 ἓν
2445 3415 2633 3490 μέλοε.
2668 3437 2696 3468 ιι
2751 3416 2817 3472 Εἰ
2876 3415 2981 3492 γὰρ
3039 3419 3284 3486 ἡνῶσθαι
3342 3414 3425 3471 δεῖ
3479 3410 3722 3491 ἀκριϐῶς

2065 3505 2155 3560 καὶ
2190 3510 2443 3579 προνοεῖν
2485 3502 2755 3575 ἀλλήλων
2785 3507 2852 3558 τὰ
2886 3503 3052 3577 μὲλη,
3115 3501 3350 3572 εὔδηλον
3407 3505 3480 3567 ὡς
3537 3502 3627 3559 καὶ
3656 3505 3724 3560 τὰ

2069 3589 2428 3650 ἀποϐαίνοντα
2464 3638 2477 3664 ,
2539 3593 2646 3648 ε’ἰτε
2700 3591 2868 3664 πάθη,
2928 3593 3041 3648 ε’ἰτι
3105 3590 3494 3666 εὐδοκιμησεις
3543 3593 3722 3648 κοιναὶ

2070 3682 2655 3764 εἶναιόφείλουσιν.Ἦ
2697 3683 2803 3760 γὸρ
2872 3683 3162 3759 ἀπορραγή
3224 3688 3332 3739 τῶν
3389 3682 3720 3756 ἐλαττόνων,

2067 3775 2154 3829 καὶ
2201 3773 2305 3845 σοὶ,
2366 3774 2518 3851 φησὶ,
2577 3776 2659 3844 τῷ
2720 3769 2930 3844 μείζονι
2987 3769 3340 3845 λυμαίνεται,
3397 3770 3581 3848 ὥσπερ
3632 3774 3722 3828 καὶ

2066 3867 2182 3925 τοῖς
2208 3861 2520 3936 ὀφθαλμοῖς
2550 3862 2577 3915 ὁ
2607 3861 2744 3923 ποὺς
2775 3861 3096 3931 ἀποκοπεὶς,
3151 3860 3320 3938 ἤγουν
3373 3861 3438 3917 τὸ
3495 3859 3724 3918 ἔλαττον

2071 3953 2232 4026 μέρος
2261 3955 2357 4006 τοῦ
2388 3955 2644 4023 σῶματος
2671 3953 2769 4004 τοῦ
2802 3949 3094 4012 δοκοῦντος
3139 3952 3472 4024 κρείττονος.
3537 3976 3558 4003 ιι
3594 3951 3724 4009 E’lu

2069 4041 2346 4112 δοξάζεται
2427 4038 2482 4094 ’έν
2569 4039 2755 4112 μὲλος.
2790 4064 2816 4091 n
2885 4039 3110 4118 Κεφαλή
3171 4043 3575 4118 στεφανοῦνται,
3634 4044 3721 4097 καὶ

2067 4135 2195 4186 πᾶσι
2225 4134 2343 4191 τοῖς
2378 4127 2566 4201 μέλεσι
2598 4124 2724 4199 δόξα
2747 4127 2837 4181 καὶ
2862 4129 3010 4203 χαρὰ
3042 4128 3270 4204 γίνεται.

2137 4402 2317 4474 Ὑμεῖς
2401 4398 2458 4455 δὲ
2543 4399 2658 4455 ἐστε
2745 4405 2906 4472 σῶμα
2990 4400 3228 4473 Χριστοῦ
3313 4400 3402 4454 καὶ
3478 4400 3620 4474 μέλη
3664 4398 3725 4453 ir.

2071 4493 2291 4566 μέρους.
2329 4489 2426 4544 Καὶ
2468 4490 2562 4552 οὓς
2636 4490 2733 4562 μίν
2792 4484 2942 4544 ἔθετο
2995 4489 3024 4543 ὁ
3074 4489 3208 4550 Θεὸς
3267 4488 3319 4542 ἐν
3362 4493 3431 4562 τῇ
3495 4487 3725 4558 Ἐκκλη-

2071 4585 2162 4653 atq
2197 4624 2210 4650 ,
2316 4585 2534 4654 πρῶτον
2640 4577 2984 4640 ἀποστάλους
3021 4619 3035 4648 ,
3153 4574 3396 4650 δεότερον
3501 4579 3722 4650 προφή-

313 4695 341 4721 ει
377 4637 899 4732 doclores,deinde
921 4637 1268 4741 potestates,
1295 4637 1959 4723 deinde‘donasanatim

2077 4689 2190 4744 τας,
2235 4670 2426 4744 τρίτοσ
2510 4665 2890 4734 διδασκάλους,
2967 4663 3152 4721 ἔπειτα
3246 4661 3521 4735 δυνάμεις,
3605 4663 3719 4716 εἶτα

317 4787 340 4816 ι
375 4761 1557 4834 num,subsidia.gubernationes,genera
1595 4759 1954 4831 linguarum.

312 4883 340 4909 «
375 4861 521 4915 Num
541 4873 748 4914 omnes
764 4855 1057 4929 apostoli?
1078 4855 1226 4909 Num
1241 4865 1452 4908 omnes
1474 4851 1785 4908 doctores?
1809 4852 1957 4906 Num

309 4973 338 5000 ‹‹
373 4960 580 5003 omnes
611 4952 935 5018 potestates
956 4945 984 5000 εἲ
1014 4948 1163 5000 Num
1197 4955 1406 4998 omnes
1432 4941 1589 4996 dona
1617 4933 1838 4995 habent
1865 4953 1957 4994 sa-

318 5051 340 5082 α
369 5035 677 5090 nationum
699 5035 727 5089 Ὺ
757 5033 905 5090 Num
931 5050 1139 5090 omnes
1165 5031 1384 5104 linguis
1415 5030 1743 5102 loquuntur
1762 5029 1790 5082 τὶ
1810 5029 1958 5082 Num

313 5141 341 5172 «ι
375 5132 584 5178 omnes
611 5119 1129 5194 interpretantur?
1163 5142 1190 5170 »

387 5299 610 5356 Deinde
663 5317 737 5354 ne
785 5299 1019 5354 dicant:
1079 5299 1149 5353 Et
1214 5297 1358 5369 quid
1407 5298 1480 5352 ad
1536 5314 1645 5351 nos
1703 5295 1962 5367 pertinet

315 5387 652 5461 exemplum
669 5385 739 5443 de
754 5387 1292 5459 corpore,ostendit
1312 5387 1488 5442 etiam
1508 5387 1669 5458 ipsos
1691 5397 1821 5440 esse
1839 5400 1963 5438 cor-

315 5485 427 5549 pus
458 5473 880 5544 Christi.Quod
912 5477 960 5533 si
987 5475 1318 5534 humanum
1353 5491 1567 5549 corpus
1589 5491 1710 5531 non
1731 5478 1963 5547 oportet

311 5561 508 5623 fovere
543 5567 880 5637 dissidium,
915 5581 1055 5622 nam
1087 5566 1400 5623 dissidium
1434 5566 1745 5623 solutionis
1785 5577 1963 5623 causa

382 5779 431 5814 3‘
459 5779 598 5834 Luc.
633 5795 789 5847 mn,
825 5781 911 5834 39.
992 5775 1041 5809 ³⁵
1068 5777 1204 5830 Luc.
1239 5793 1328 5846 xv,
1365 5776 1397 5829 ι
1429 5792 1598 5846 seqq.

2068 4760 2385 4842 χαρίσματα
2491 4756 2780 4830 ΐινιμιὶτιιδν⁵
2897 4753 3256 4827 ἀντιλήψεις,
3344 4746 3718 4824 κυϐερνήσεις,

2067 4840 2198 4927 γένη
2275 4852 2565 4924 γλωσσῶν.
2681 4850 2773 4918 Μὴ
2878 4847 3074 4908 πάντις
3174 4840 3524 4911 ἀπόστολοι;
3627 4843 3718 4912 Μὴ

2067 4942 2265 5002 πάντες
2343 4945 2668 5016 «pop-ﬁmi;
2758 4939 2844 5006 Μὴ
2931 4933 3124 4996 πάντες
3195 4929 3566 5001 διδάσκαλοι;
3626 4932 3720 5001 Μὴ

2067 5031 2261 5092 πάντες
2347 5027 2646 5103 δυνάμεις;
2727 5027 2817 5095 Mi}
2905 5025 3096 5084 πάντες
3181 5023 3500 5098 χαρίσματα
3557 5019 3722 5096 ἔχου-

2070 5139 2151 5175 σιν
2197 5119 2493 5192 lapidum;
2565 5119 2655 5186 Μὴ
2715 5115 2910 5178 πάντες
2959 5109 3240 5188 γλώσσαις
3295 5108 3575 5177 λαλοῦσις
3628 5112 3720 5181 Μὴ

2067 5209 2264 5270 πάντες
2297 5205 2747 5280 διερμηνεύουσιν
2779 5215 2793 5271 ;

2141 5298 2276 5354 Εἶτα
2351 5296 2531 5369 τίναμή
2628 5290 2850 5368 λέγωσι,
2911 5291 3015 5349 Καὶ
3073 5291 3208 5367 πρὸς
3267 5294 3416 5365 ἡμᾶς
3473 5311 3610 5360 ηκον
3661 5292 3725 5345 τὸ

2068 5390 2165 5442 τοῦ
2236 5387 2493 5458 σώματος
2568 5379 2939 5458 παράδειγμα,
3029 5378 3266 5436 δείκνυσι
3344 5378 3436 5436 καὶ
3518 5379 3722 5441 αὐτοὺς

2073 5471 2229 5539 ὄντας
2260 5479 2420 5548 σῶμα
2478 5475 2747 5549 Χριστοῦ.
2806 5471 2876 5529 Ei
2936 5471 2993 5527 δὲ
3046 5473 3110 5527 τὸ
3169 5471 3510 5546 ἀνθρώπινον
3568 5473 3727 5543 σῶμα

2073 5563 2135 5620 οὐ
2190 5560 2273 5619 δεῖ
2328 5561 2630 5633 στασιάζειν
2683 5555 2910 5634 (λύσεως
2977 5561 3080 5636 γὰρ
3156 5561 3192 5630 ἡ
3281 5560 3464 5621 στάσις
3539 5557 3728 5633 αἰτία),

1673 5775 1719 5811 ³⁸
1759 5775 1962 5830 Matth.
1995 5791 2067 5828 xx
2117 5775 2170 5828 8.
