4118 6432
346 471 462 533 831

426 609 662 665 Leniter
680 607 840 678 ipsos
854 604 1035 661 etiam
1048 603 1340 677 designat.
1356 603 1714 675 Vos.inquit,
1738 602 1800 656 in
1822 617 2003 658 causa
2031 613 2086 679 Α

349 699 491 755 estis
514 696 674 769 quod
700 711 918 767 magna
936 710 1059 749 non
1080 694 1388 766 accipiatis
1405 693 1581 762 dona,
1631 697 1875 765 propter
1905 708 1999 747 ve-

348 792 531 843 stram
556 784 914 842 socordiam.
944 785 1091 839 Nam
1131 783 1243 839 hoc
1283 782 1507 839 indicat
1527 781 1685 853 quod
1707 780 1791 836 ait
1808 782 2004 836 [Emu—

345 876 577 933 lamini.
602 877 729 931 Non
751 880 955 930 tamen
978 872 1128 928 dixit
1164 873 1389 942 Magna,
1440 870 1544 926 sed
1590 870 1860 943 potiora:
1888 871 2002 926 hoc

347 971 439 1022 est
465 964 713 1020 utiliora
743 968 801 1019 et
831 980 961 1034 quas
994 961 1182 1034 magis
1221 960 1546 1017 Ecclesiam
1596 959 1806 1032 juvare
1863 976 2004 1030 pos-

353 1056 492 1112 sint.
526 1087 599 1096 -—-
624 1054 755 1110 Alio
779 1053 959 1109 modo.
988 1074 1016 1103 «
1068 1049 1452 1106 :Emulamini
1507 1054 1706 1105 autem
1767 1049 1941 1105 dona.
1972 1071 2001 1099 »

351 1149 615 1218 Apparet
645 1143 792 1199 mihi
823 1158 945 1198 non
974 1141 1035 1196 id
1066 1156 1204 1195 eum
1260 1138 1481 1196 dixisse
1531 1138 1897 1194 exhortando
1947 1144 2007 1195 et

353 1235 739 1293 enuntiando.
776 1231 1081 1299 Quomodo
1115 1231 1277 1287 enim
1306 1230 1420 1285 hoc
1468 1229 1728 1294 fecisset,
1781 1229 1880 1300 qui
1913 1234 2005 1284 to-

358 1325 472 1380 ties
501 1324 648 1379 dixit
678 1336 1166 1392 unumquemque
1199 1318 1424 1374 donum
1463 1316 1764 1389 accepisse
1814 1316 1887 1372 ad
1945 1316 2005 1371 id

351 1415 512 1486 quod
532 1411 910 1485 expediebat,
932 1411 1228 1481 totiesque
1250 1408 1677 1465 demonstravit
1707 1425 1844 1465 eum
1903 1408 2006 1479 qui

348 1504 544 1576 majus
566 1502 793 1557 donum
810 1500 1032 1556 habere
1055 1498 1369 1555 videbatur
1388 1498 1451 1553 in
1474 1497 1641 1554 nullo
1657 1497 2003 1570 prcecellere

346 1609 526 1664 super
547 1607 686 1648 eum
707 1591 810 1662 qui
836 1588 1085 1645 minus?
1116 1587 1221 1643 sed
1260 1586 1487 1642 dictum
1534 1602 1664 1642 esse
1720 1603 1756 1642 a
1807 1586 2006 1642 divino

352 1680 537 1737 Paulo
559 1680 709 1734 mihi
730 1677 965 1733 videtur
989 1695 1097 1750 per
1117 1676 1665 1749 interrogationem'
1687 1698 1714 1725 «
1747 1675 2005 1731 Emula-

354 1764 1237 1840 mini,inquit,donapotiora?»
1255 1765 1512 1821 necdum
1550 1764 1716 1820 vobis
1763 1779 2007 1836 persua-

357 1858 565 1923 simus,
579 1873 655 1913 ne
670 1856 927 1930 graviter
944 1855 1156 1911 feraris
1182 1853 1344 1926 quod
1365 1854 1713 1927 acceperitis
1733 1854 1965 1910 minora
1982 1853 2010 1909 ?

1463 466 1834 530 (ECUMEN
1844 467 1891 528 ll
1935 466 2239 529 TRIGCJE
2278 466 2637 530 EPISCOPI

3647 466 3778 526 832

2188 600 2397 676 Ἠρέμα
2453 600 2543 656 καὶ
2587 598 2805 674 ᾐνίξατο
2863 598 3077 662 αὐτούς.
3136 600 3255 653 "Ott
3316 598 3495 672 ὑμεις,
3580 601 3772 677 φησὶν,

2109 688 2399 745 αἶ’τιοιτοῦ
2451 687 2665 764 μεγάλα
2730 690 2808 762 μὴ
2870 683 3061 744 λαϐεῖν
3119 687 3457 763 χαρίσματα,
3517 684 3608 743 διὰ
3665 691 3769 760 τὴν

2108 779 2377 853 ῥᾳθυμίαν
2406 779 2578 851 ὑμῶν.
2622 781 2802 837 Τοῦτο
2834 778 2941 855 γὰρ
2969 777 3055 844 τὸ,
3092 801 3121 830 ι(
3153 776 3457 848 Ζηλοῦτε,››
3492 777 3768 855 ἐμφαίνει.

2110 866 2264 924 Ἀλλ’
2296 867 2396 923 οὐκ
2424 867 2565 937 εἶπε,
2600 866 2846 944 Μεγάλα,
2881 865 3052 934 ἀλλὰ,
3090 889 3115 921 ε
3139 868 3224 924 Τὰ
3244 865 3582 942 κρείττονα.»
3603 889 3770 924 τουτ-

2110 957 2222 1012 έστι
2274 958 2343 1013 τά
2398 955 2823 1036 ὠφελιμώτερα,
2890 958 2981 1013 καὶ
3043 954 3314 1031 δυνάμενα
3393 955 3612 1030 μᾶλλον
3665 960 3769 1029 τήν

2111 1043 2439 1116 Ἐκκλησίαν
2474 1045 2728 1125 ὠφελεῖν.
2763 1078 2831 1089 —-
2862 1045 3109 1108 Ἀλλως.
3144 1048 3361 1120 [ΦΩΤ.]
3422 1048 3517 1117 Τὸ,
3578 1072 3607 1100 α
3658 1054 3735 1120 Ζη
3759 1082 3774 1092 -

2111 1134 2275 1191 λοῦτε
2313 1131 2370 1190 δὲ
2406 1136 2473 1191 τά
2505 1135 2844 1214 χαρίσματα,
2878 1160 2905 1187 »ι
2936 1132 3084 1191 δοκῶ
3118 1157 3216 1209 μοι
3273 1137 3349 1210 μὴ
3399 1137 3536 1192 κατᾶ
3573 1137 3774 1213 παραί-

2108 1245 2248 1279 νεσιν
2276 1226 2366 1280 καὶ
2420 1227 2716 1304 ἀπόφανσιν
2777 1222 3072 1302 εἰρηκέναι.
3132 1230 3261 1289 Πῶς
3318 1226 3421 1304 γὰρ
3480 1226 3573 1304 ὅγε
3626 1228 3776 1285 πολ-

2112 1312 2270 1377 λάκις
2302 1314 2440 1390 πρός
2483 1337 2540 1372 τε
2595 1317 2658 1372 τὸ
2720 1315 2996 1396 συμφέρον
3059 1315 3227 1371 εἰπὼν
3302 1311 3488 1372 λαϐεῖν
3543 1313 3772 1373 ἕκαστον

2109 1404 2174 1459 τὸ
2204 1405 2474 1480 χάρισμα,
2514 1405 2605 1461 καὶ
2668 1402 2841 1479 μηδὲν
2900 1403 3172 1486 διαφέρειν
3218 1404 3493 1469 πολλάκις
3536 1405 3779 1478 ἐνδειξά-

2116 1514 2275 1567 μενος
2307 1493 2400 1549 τὸν
2431 1491 2693 1550 δοκοῦντα
2739 1492 2886 1551 ἔχειν
2940 1495 3004 1549 τὸ
3067 1500 3251 1569 μεῖζον
3309 1499 3579 1570 χάρισμα,
3632 1498 3775 1570 πρὸς

2111 1582 2203 1639 τὸν
2236 1578 2434 1659 ἔχοντα
2464 1584 2527 1640 τὸ
2557 1580 2791 1640 ’ἔλαττον
2826 1604 2841 1655 ;
2875 1583 3032 1641 Ἀλλ’
3061 1584 3311 1660 εἰρῆσθαί
3362 1606 3456 1659 μοι
3486 1582 3634 1641 δοκεῖ
3686 1591 3769 1659 τῷ

2115 1674 2382 1747 θεσπεσίῳ
2441 1673 2644 1748 Παύλῳ
2700 1676 2818 1731 κατ’
2875 1674 3164 1751 ἐρώτησιν.
3228 1699 3253 1731 ε
3314 1674 3770 1754 Ζηλοῦτε,φησὶ,

2113 1763 2181 1816 τά
2212 1763 2528 1837 χαρίσματα
2557 1765 2623 1819 τὰ
2644 1763 2952 1838 κρείττονα,
2982 1790 3011 1817 ››
3073 1765 3163 1821 καὶ
3223 1763 3376 1820 οῧπω
3437 1766 3575 1838 ὑμᾶς
3623 1765 3776 1822 ἐπεί-

2117 1871 2286 1924 σαμεν
2374 1852 2449 1924 μή
2513 1851 2741 1925 ἀθυμεῖν
2828 1850 2917 1907 ἐπὶ
2976 1857 3094 1917 τοῖς
3149 1851 3454 1923 ἐλάττοσιν,
3513 1852 3642 1910 ἀλλ’
3695 1850 3779 1910 ἔτι

355 1944 461 1999 sed
474 1943 669 2000 adhuc
682 1948 981 1999 amatores
994 1958 1063 1998 ac
1085 1942 1462 1998 aemulatores
1500 1943 1615 2014 maj
1626 1958 1795 1997 osum
1818 1942 1962 1998 estis
1981 1941 2009 1997 ?

2132 1941 2335 2014 ἐρασταὶ
2363 1941 2454 1996 καὶ
2483 1940 2731 2013 ζηλωταὶ
2791 1948 2900 1997 τῶν
2966 1944 3235 2017 μειζόνων
3286 1941 3454 2016 ἐστὲς
3515 1942 3628 2022 ἐγὼ
3684 1944 3779 2001 καὶ

2132 2023 2142 2044 1
2330 2030 2343 2044 \
2505 2034 2527 2044 ..ο
2642 2030 2657 2044 1
2795 2029 2805 2044 Ι
3068 2033 3114 2044 ,Α
3162 2029 3186 2044 ἢ
3319 2033 3334 2044 ο
3391 2038 3416 2044 ..
3578 2033 3591 2044 ι
3658 2030 3737 2044 ρκ-

353 2051 491 2107 ergo
512 2049 748 2105 quoque
760 2032 889 2106 jam
910 2031 985 2088 ad
1015 2047 1086 2087 ea
1098 2048 1230 2102 quae
1244 2030 1403 2087 dicta
1423 2036 1565 2087 sunt
1583 2031 2004 2103 compendium

352 2123 517 2179 vobis
545 2139 612 2178 ac
633 2122 789 2177 viam
818 2121 1186 2190 demonstro,
1215 2138 1322 2192 per
1366 2137 1546 2192 quam
1592 2119 1759 2176 nullo
1790 2121 2005 2176 horum

350 2212 652 2283 majorum
679 2210 977 2266 donorum
1006 2211 1170 2265 vobis
1204 2227 1354 2283 opus
1386 2210 1482 2278 sit,
1516 2210 1619 2267 sed
1641 2211 1873 2266 caeteris
1904 2226 2008 2264 ex-

351 2300 640 2356 cellenter
659 2316 727 2356 ac
746 2314 879 2354 vere
903 2299 1162 2371 majores
1193 2315 1261 2354 ac
1293 2299 1677 2371 perfectiores
1716 2314 2008 2371 apparea-

356 2390 453 2444 tis.
470 2391 753 2455 Quaenam
778 2388 959 2460 igitur
981 2393 1072 2443 est
1090 2386 1195 2443 illa
1215 2403 1311 2442 res
1336 2388 1363 2442 ?
1383 2387 1644 2459 Simplex
1676 2393 1765 2442 est
1812 2393 1868 2442 et
1927 2387 2009 2442 la-

358 2479 1026 2548 borecarens,quzeque
1040 2475 1326 2532 facillime
1365 2483 1626 2548 paretur.
1660 2476 1811 2542 Quid
1833 2477 2011 2549 igitur

357 2566 508 2622 illud
536 2565 668 2622 est?
695 2565 865 2631 Quid,
891 2565 1109 2637 inquit,
1134 2564 1300 2621 aliud
1338 2566 1454 2621 nisi
1495 2566 1752 2621 charitas
1785 2582 1890 2621 seu
1922 2565 2010 2620 di-

358 2655 535 2711 lectio
557 2655 584 2709 ?
615 2655 717 2725 qui
750 2655 912 2710 enim
942 2655 1097 2709 hanc
1126 2671 1312 2727 purus
1343 2655 1592 2727 accepit,
1623 2672 1832 2710 omnes
1859 2672 2008 2727 prte-

358 2744 546 2810 cellit,
579 2760 788 2799 omnes
821 2743 1056 2799 excedit
1088 2760 1101 2797 :
1135 2744 1237 2815 qui
1269 2761 1406 2799 vero
1435 2744 1589 2799 hanc
1639 2761 1761 2800 non
1810 2744 2011 2810 habet,

361 2832 641 2889 omnibus
701 2832 940 2902 excidit,
990 2832 1268 2887 omnibus
1328 2831 1692 2889 destituitur.
1751 2833 1914 2900 Quod
1964 2835 2012 2889 si

363 2923 716 2979 charitatem
736 2921 1284 2993 habeamus,neque
1323 2923 1395 2978 de
1420 2924 1641 2979 mutuis
1668 2923 1841 2979 donis
1872 2941 2015 2980 con-

363 3011 680 3069 tendentes
707 3013 880 3069 anxie
912 3012 1089 3068 verba
1116 3012 1421 3082 faciemus,
1446 3030 1640 3085 neque
1662 3013 1826 3070 aliud
1846 3014 2017 3086 quid-

366 3119 546 3175 quam
581 3118 784 3158 eorum
818 3118 949 3173 qua)
976 3118 1098 3157 non
1154 3103 1520 3158 conveniunt
1574 3119 1685 3158 nos
1743 3104 2013 3175 attinget.

372 3212 394 3241 ι
430 3193 499 3247 Et
519 3191 647 3264 jam
680 3191 1063 3249 excellenter.
1101 3214 1126 3239 ιι
1162 3191 1218 3246 Si
1250 3193 1517 3261 omnino,
1566 3192 1783 3264 inquit,
1833 3210 2016 3249 aemu-

366 3281 587 3336 latores
618 3279 759 3335 estis
815 3281 1116 3352 potiorum
1170 3281 1484 3349 douorum,
1546 3280 1793 3338 ostende
1850 3282 2015 3338 vobis

2115 2023 2193 2083 ἔτι
2246 2030 2383 2104 πρὸς
2437 2034 2558 2095 τοῖς
2615 2029 2930 2106 εἰρημένοις
3018 2029 3251 2105 μέθοδον
3314 2033 3443 2106 ὑμῖν
3504 2033 3595 2089 καὶ
3650 2030 3780 2089 ὁδὸν

2116 2117 2388 2192 δείκνυμι,
2414 2116 2572 2189 δι’ἧς
2605 2117 2761 2175 οὐδὲν
2812 2120 3022 2176 τούτων
3075 2125 3185 2177 τῶν
3247 2123 3611 2200 χαρισμάτων
3670 2126 3782 2179 τῶν

2080 2205 2392 2281 ημεγίστων
2427 2203 2731 2277 δεηθέντες,
2763 2208 2881 2263 καθ’
2939 2203 3254 2280 ὑπερϐολὴν
3312 2207 3373 2264 ἂν
3425 2214 3535 2265 τῶν
3590 2207 3785 2266 ἀλλων

2121 2293 2340 2369 μείζους
2387 2295 2475 2350 καὶ
2533 2296 2779 2368 άληθῶς,
2843 2297 2934 2353 καὶ
2981 2295 3315 2372 τελειότεροι
3376 2298 3654 2377 φανείητε.
3705 2300 3779 2357 Τί

2118 2383 2214 2438 οὗν
2247 2382 2360 2440 ἐστι
2425 2388 2636 2454 τοῦτο;
2696 2383 2935 2443 Ἀπλοῦν
2987 2387 3075 2441 καὶ
3137 2387 3369 2457 ἃκοπον,
3427 2388 3518 2443 καὶ
3572 2387 3633 2444 ἐκ
3679 2394 3781 2444 τοῦ

2120 2471 2317 2545 ῥᾴστου
2364 2474 2818 2548 παραγινόμενον.
2879 2473 2949 2532 Τί
2994 2473 3084 2531 οὖν
3146 2474 3309 2545 ἐστι;
3367 2475 3438 2534 Τί
3497 2473 3554 2532 δέ
3610 2474 3781 2548 ἄλλο,

2119 2559 2246 2617 ἀλλ’
2276 2558 2312 2630 ἤ
2365 2561 2599 2636 ἀγάπη;
2649 2562 2865 2633 Ταύτην
2924 2563 3028 2641 γάρ
3087 2565 3115 2619 ὁ
3173 2565 3406 2639 καθαρός
3469 2560 3781 2637 ἀναλαϐὼν,

2119 2651 2332 2706 πάντων
2419 2652 2671 2726 προέχει,
2734 2655 2949 2708 πάντων
3036 2649 3531 2731 ὑπεραναόἐόηκεν.
3597 2657 3659 2714 Ὁ
3723 2655 3784 2712 δὲ

2119 2739 2323 2810 ταύτην
2358 2742 2434 2814 μή
2476 2737 2646 2817 ἔχων,
2699 2742 2917 2798 πάντων
2968 2742 3304 2816 ἐκπέπτωκε,
3358 2746 3579 2801 πάντων
3639 2744 3783 2801 ἐστὶν

2123 2828 2352 2904 ἔρημος.
2413 2833 2515 2887 "Av
2574 2828 2631 2886 δὲ
2666 2831 2769 2900 τήν
2839 2832 3060 2909 ἀγάπην
3148 2831 3392 2909 ἔχωμεν,
3469 2831 3592 2890 οὕτε
3649 2834 3776 2909 περὶ

2123 2919 2483 2997 χαρισμάτων
2528 2919 2808 2993 ἀλλήλοις
2870 2920 3142 2998 ἐρίσαντες
3224 2925 3778 3000 μικρολογησόμεθα,

2126 3006 2252 3064 οὕτε
2299 3007 2441 3065 ἃλλο
2486 3031 2538 3065 τι
2586 3014 2695 3066 τῶν
2751 3012 2816 3066 οὐ
2867 3011 3284 3087 προσηκόντων,
3343 3016 3506 3087 ἡμῶν
3560 3014 3781 3088 ἅψεται.

2133 3120 2155 3150 ι
2189 3100 2291 3156 Καὶ
2325 3094 2403 3155 ἔτι
2433 3102 2552 3155 καθ’
2586 3095 2926 3175 ὑπερϐολήν.
2959 3125 2989 3154 »δ
3010 3102 3135 3159 Ἐὰν
3168 3101 3338 3173 ὅλως,
3373 3101 3789 3182 φησὶ,ζηλωταί

2128 3187 2243 3243 ἐστε
2292 3188 2613 3263 κρειττόνων
2674 3190 3067 3264 χαρισμάτων,
3129 3188 3376 3265 δείκνυμι
3464 3192 3591 3265 ὑμῖν
3667 3193 3791 3258 καθ’

2129 3272 2444 3351 ὑπερϐολην
2477 3283 2722 3353 κρεῖττον
2746 3280 3015 3354 χάρισμα.
3048 3280 3161 3350 Τὴν
3204 3281 3421 3359 ἀγάπην
3478 3278 3537 3337 δὲ
3589 3280 3786 3355 μέλλει

369 3369 733 3425 excellenter
762 3369 978 3425 melius
1010 3369 1255 3439 donum,
1276 3387 1491 3442 nempe
1515 3377 1863 3428 ostensurus
1885 3372 2017 3428 cha-

2132 3363 2412 3423 δεικνύειν.
2503 3367 2602 3423 Καὶ
2687 3368 2806 3443 δρα·
2897 3370 3016 3426 Οὔκ
3074 3370 3212 3440 εἶπε,
3284 3371 3408 3426 Καθ’
3469 3366 3784 3446 ὑπερϐολὴν

371 3459 631 3514 ritatem.
667 3458 735 3512 Et
762 3457 892 3513 vide
935 3458 1094 3531 quod
1151 3475 1273 3514 non
1329 3459 1544 3515 dixerit
1580 3477 1593 3514 :
1652 3460 2025 3517 Excellenter

374 3546 545 3602 vobis
573 3546 793 3603 donum
826 3548 1095 3615 ostendo,
1130 3548 1234 3604 sed
1293 3571 1319 3602 ιι
1376 3549 1564 3618 Viam,
1626 3571 1655 3599 ››
1683 3549 2025 3623 significans

376 3638 728 3694 charitatem
762 3655 890 3695 esse
924 3639 1078 3694 viam
1110 3655 1240 3711 quaa
1271 3640 1346 3695 ad
1376 3640 1581 3696 omnia
1636 3640 1794 3695 dona
1840 3639 2027 3697 dedu-

379 3733 493 3796 cat,
528 3735 585 3784 et
616 3728 768 3784 hanc
799 3733 1086 3800 assectus,
1122 3745 1230 3800 per
1288 3728 1479 3801 ipsam
1536 3730 1610 3785 ad
1658 3734 1874 3785 caatera
1902 3745 2028 3803 gra-

380 3816 598 3874 dietur.

448 3909 604 3967 548
636 3912 766 3966 Alio
796 3910 976 3967 modo.
1011 3910 1263 3976 Quidam
1294 3911 1407 3967 hoc
1453 3928 1560 3983 per
1615 3911 2031 3985 interrogatio-

377 4016 517 4055 nem
538 4000 980 4074 legerunt:hoc
1000 4001 1362 4070 est,omnino
1404 4003 1632 4075 majora
1680 4003 2033 4059 desideratis

378 4089 585 4145 dona?
615 4090 663 4143 si
696 4090 941 4145 omnino
972 4088 1033 4144 id
1063 4091 1299 4161 cupitis,
1334 4107 1439 4164 ego
1471 4109 1571 4147 vos
1632 4098 1904 4165 prompte
1959 4093 2033 4149 ad

379 4177 509 4233 haec
533 4178 842 4234 deducam.
866 4177 1450 4252 Namidsubjungit:
1507 4204 1534 4232 ‹‹
1580 4182 1653 4236 Et
1682 4181 1811 4254 jam
1842 4182 2033 4238 excel-

382 4267 579 4322 lenter
601 4267 755 4322 viam
789 4267 953 4323 vobis
984 4270 1272 4338 ostendo;
1305 4293 1332 4321 »
1368 4271 1481 4325 hoc
1513 4275 1620 4337 est,
1655 4270 1728 4326 ad
1789 4288 1857 4327 ea
1903 4289 2035 4343 quas

382 4356 751 4411 excellenter
778 4357 1008 4429 majora
1039 4364 1177 4414 sunt
1207 4358 1367 4415 dona
1395 4359 1549 4415 viam
1582 4360 1853 4415 ostendo.
1888 4382 1916 4410 «
1979 4362 2036 4417 Si

380 4445 606 4518 linguis
628 4444 936 4501 hominum
961 4446 1175 4518 loquar
1196 4453 1256 4503 et
1274 4447 1622 4521 angelorum
1646 4447 1674 4503 ?
1704 4471 1731 4500 »
1784 4449 2037 4523 Linguas

380 4534 588 4591 dicens
612 4535 1111 4607 angelorum,non
1144 4535 1312 4592 addit
1352 4536 1577 4609 angelis
1619 4554 1899 4610 corpora:
1933 4538 2039 4594 sed

383 4641 417 4681 a
447 4624 604 4681 vocis
631 4642 849 4699 organo
883 4625 1058 4681 nobis
1086 4626 1342 4699 cognito,
1378 4625 1738 4683 locutionem
1796 4628 2034 4702 angelo-

2136 3457 2384 3531 χάρισμα
2425 3455 2552 3529 ὑμῖν
2577 3453 2848 3530 δείκνυμι,
2908 3457 3058 3531 ἀλλ’,
3118 3483 3148 3512 ‹‹
3207 3457 3386 3530 Ὁδὸν,
3418 3484 3449 3513 ››
3501 3461 3789 3534 σημαίνων

2136 3543 2260 3601 ὁδὸν
2323 3544 2461 3600 εἶναι
2514 3546 2615 3614 τήν
2671 3546 2907 3623 ἀγάπην,
2965 3548 3042 3611 εἷς
3098 3549 3274 3604 πάντα
3354 3549 3669 3628 ἀπάγουσαν
3724 3551 3792 3606 τά

2135 3632 2470 3711 χαρίσματα,
2492 3633 2597 3692 Καὶ
2625 3635 2653 3690 ὁ
2680 3635 2880 3707 ταύτην
2913 3636 3270 3712 κτησάμενος,
3295 3635 3365 3694 δι’
3387 3638 3551 3710 αὐτῆς
3582 3636 3795 3696 δδεύσει

2135 3723 2226 3780 καὶ
2249 3722 2327 3788 είς
2355 3724 2423 3779 τά
2452 3722 2642 3782 λοιπά.

2213 3903 2459 3967 Ἀλλως.
2519 3905 2695 3961 Τοῦτό
2751 3926 2895 3972 τινες
2957 3909 3076 3963 κατ’
3132 3907 3400 3983 ἐρώτησιν
3462 3909 3803 3987 ἀνέγνωσαν,

2142 3997 2260 4053 ἀντὶ
2286 4001 2407 4065 τοῦ,
2436 3994 2626 4060 ’Ὀλως
2657 3998 2763 4074 γὰρ
2791 3998 3006 4078 ἐφίεσθε
3032 4003 3141 4054 τῶν
3176 4000 3443 4073 μειζόνων
3510 4003 3806 4080 χαρισμά-

2141 4106 2250 4142 ἰων
2283 4105 2297 4155 ;
2332 4086 2395 4143 El
2426 4083 2574 4148 ὅλως
2626 4085 2859 4161 ἐφίεσθε,
2919 4086 3025 4163 ἐγὼ
3085 4089 3226 4164 ὑμᾶς
3284 4089 3371 4144 ἐπὶ
3426 4095 3595 4147 ταῦτα
3666 4089 3808 4147 ποδ-

2145 4175 2338 4247 ηγήσω
2395 4173 2723 4247 προθύμως.
2781 4174 2959 4231 Τοῦτο
3013 4176 3118 4251 γὰρ
3177 4174 3447 4255 ἐπήγαγε,
3496 4198 3525 4231 ι
3574 4177 3675 4232 Καὶ
3729 4171 3808 4233 ἔτι

2143 4263 2264 4326 καθ’
2302 4256 2615 4337 ὑπερϐολὴν
2645 4259 2771 4318 ὁδὸν
2821 4263 2949 4336 ὑμῖν
3022 4261 3289 4339 δείκνυμι.
3325 4291 3348 4321 ι
3385 4265 3661 4334 Τουτὲστι,
3692 4269 3810 4323 Τῶν

2145 4351 2262 4407 καθ’
2290 4345 2603 4425 ὑπερϐολὴν
2661 4353 2923 4425 μειζόνων
2992 4354 3352 4429 χαρισμάτων
3411 4351 3656 4429 δείκνυμι
3705 4357 3804 4425 τήν

2148 4438 2294 4497 ὁδόν.
2324 4464 2347 4495 ε
2383 4441 2510 4499 Ἐάν
2540 4446 2664 4502 ταῖς
2695 4441 2977 4518 γλώσσαις
3015 4449 3124 4500 τῶν
3156 4444 3458 4521 ἀνθρώπων
3500 4443 3660 4501 λαλῶ
3716 4446 3806 4500 καὶ

2146 4532 2256 4585 τῶν
2288 4524 2563 4605 ἀγγέλων.
2594 4552 2623 4581 ››
2651 4562 2719 4572 -
2751 4555 2780 4583 ‹‹
2809 4528 3095 4597 Γλώσσαις
3125 4537 3233 4588 τῶν
3262 4532 3575 4608 ἀγγέλων,ι
3613 4533 3803 4602 είπὼν,

2149 4618 2212 4674 οὗ
2264 4623 2425 4692 σῶμα
2479 4624 2596 4681 τοῖς
2653 4618 2909 4695 ἀγγέλοις
2984 4622 3347 4695 περιτίθησιν,
3406 4620 3535 4679 ἀλλ’
3591 4621 3649 4676 ἐκ
3705 4628 3806 4690 τῆς

382 4729 516 4768 rum
538 4712 699 4768 inter
720 4729 781 4768 se
807 4712 1104 4785 significat
1133 4730 1146 4767 :
1170 4711 1396 4768 habent
1417 4712 1574 4769 enim
1619 4719 1677 4769 et
1720 4714 1807 4770 illi
1840 4732 2022 4787 quan-

2146 4716 2332 4786 φιυνῆς
2371 4711 2651 4782 τοῦ-ήμῶν
2686 4708 3049 4785 ἐγνωσμένου,
3084 4712 3182 4781 τὴν
3220 4713 3357 4787 πρὸς
3414 4709 3633 4768 ἑαυτοὺς
3689 4713 3798 4764 τῶν

381 4801 519 4858 dam
537 4803 1038 4876 signiﬁcationem
1061 4820 1179 4873 qua
1192 4803 1449 4859 vicissim
1467 4803 1893 4875 colloquuntur
1924 4805 2042 4860 sive

382 4896 704 4963 conceptus
721 4891 1063 4963 significant
1078 4891 1606 4963 :quemadmodum
1620 4893 1785 4949 etiam
1798 4892 1940 4948 alibi
1955 4892 2043 4948 di-

381 4979 631 5050 citquod
645 4996 838 5035 coram
853 4981 1081 5037 Christo
1098 4998 1159 5037 se
1174 4981 1549 5038 llectetomne
1561 4998 1714 5055 genu
1726 4981 2049 5043 caelestium

387 5072 446 5122 et
461 5068 838 5123 terrestrium
854 5067 921 5124 ⁴¹.
948 5092 974 5119 ‹‹
992 5069 1352 5125 Charitatem
1366 5076 1565 5126 autem
1580 5086 1701 5125 non
1713 5069 1984 5125 habeam.
2011 5091 2042 5121 »

386 5157 525 5222 Qua;
545 5161 635 5211 est
648 5173 785 5229 ergo
797 5158 925 5213 haec
937 5158 1067 5213 via?
1086 5159 1376 5228 Charitas,
1394 5160 1611 5230 inquit,
1628 5158 1755 5214 sine
1774 5176 1892 5230 qua
1910 5158 2044 5214 nul-

386 5245 512 5301 lum
528 5244 751 5301 donum
766 5246 1092 5318 quidquam
1108 5249 1190 5304 aﬁ‘
1191 5253 1283 5304 ert
1312 5248 1609 5304 utilitatis.
1630 5247 1701 5302 Et
1721 5247 1979 5319 primum
2011 5264 2046 5303 a

386 5334 883 5409 linguarumdono
899 5339 1057 5409 quod
1070 5338 1223 5410 apud
1240 5338 1401 5410 ipsos
1414 5338 1475 5392 in
1490 5337 1679 5409 pretio
1692 5336 2042 5405 habebatur,

385 5425 806 5498 incipit,etait:
830 5427 887 5481 Si
902 5426 1119 5501 linguis
1132 5427 1592 5497 hominum,imo
1609 5427 1787 5482 etiam
1801 5427 2044 5500 angelo-

386 5531 519 5572 rum
532 5515 751 5587 loquar
767 5516 895 5571 sine
909 5518 1218 5583 charitate,
1239 5522 1464 5572 temere
1499 5521 1559 5571 et
1593 5532 1655 5571 va
1667 5533 1740 5571 ne
1757 5516 2045 5588 nullaque

389 5605 645 5661 utilitate
658 5605 870 5677 loquar
880 5606 1059 5662 veluti
1076 5622 1290 5661 sonum
1303 5604 1563 5661 reddunt
1575 5604 1842 5660 inanima
1852 5622 1931 5660 ms
1944 5612 2047 5661 aut

460 5805 504 5841 ⁴¹
537 5804 793 5876 Philipp.
829 5819 950 5870 vui,
982 5805 1036 5856 2.

2154 4795 2399 4875 ἀγγέλων
2441 4796 2663 4868 ὁμιλίαν
2698 4795 2885 4870 δηλοῖ.
2945 4802 3177 4877 Ἔχουσι
3232 4803 3338 4879 γὰρ
3394 4798 3631 4857 κάκεῖνοί
3685 4819 3805 4855 τινα

2154 4886 2424 4959 σημασίαν
2454 4884 2523 4942 δι’
2554 4883 2621 4955 ἤν
2673 4887 2975 4966 ἀμφότεροι
3005 4889 3317 4963 ὁμιλοῦσιν,
3373 4889 3449 4952 ὡς
3499 4889 3591 4946 καὶ
3639 4886 3810 4945 ἀλλα-

2153 4979 2261 5051 χοῦ
2292 4997 2481 5049 φησιν,
2516 4974 2600 5032 ὅτι
2632 5002 2659 5030 ‹‹
2694 4978 2857 5051 Αὐτῷ
2885 4979 3094 5053 κάμψει
3150 4985 3254 5035 πᾶν
3285 4978 3414 5054 γόνυ
3470 4978 3806 5054 ἐπουρανίων

2154 5063 2244 5120 καί
2267 5063 2542 5140 ἐπιγείων.
2576 5090 2604 5120 ››
2654 5100 2722 5110 —-
2747 5089 2778 5124 α
2811 5069 3060 5144 ’Δγάπην
3099 5066 3158 5124 δὲ
3185 5070 3263 5143 μὴ
3296 5067 3433 5128 ἔχω.
3492 5093 3521 5121 ιο
3554 5068 3691 5124 Ποία
3721 5066 3811 5122 οὖν

2156 5155 2289 5227 αὕτη
2323 5158 2359 5227 ἡ
2393 5154 2578 5228 ὁδόςς
2632 5159 2696 5215 Ἠ
2756 5158 2963 5233 ἀγάπη,
3023 5161 3213 5237 φησὶν,
3271 5161 3337 5231 ἧς
3395 5160 3598 5235 χωρὶς,
3657 5156 3810 5214 οὐδὲν

2155 5245 2269 5300 ἐστι
2352 5248 2603 5324 χάρισμα
2677 5245 2980 5325 ἐπωφελές.
3058 5248 3158 5304 Καὶ
3234 5249 3454 5324 πρῶτον
3532 5248 3640 5305 ἀπὸ
3713 5252 3810 5303 τοῦ

2154 5335 2281 5410 παρ’
2311 5335 2502 5397 αὐτοῖς
2554 5336 2744 5409 τιμίου
2803 5337 3149 5412 χαρίσματος
3205 5341 3312 5393 τῶν
3369 5336 3662 5414 γλωσσῶν,
3721 5336 3813 5412 ἄρ-

2154 5443 2315 5499 χεται
2345 5422 2434 5478 καί
2466 5442 2650 5501 φησιν·
2685 5424 2805 5479 Ἐὰν
2835 5430 2957 5487 ταῖς
2992 5424 3268 5501 γλώσσαις
3315 5430 3422 5481 τῶν
3484 5425 3810 5502 ἀνθρώπων,

2157 5512 2218 5568 οὐ
2254 5514 2361 5586 μὴν
2387 5509 2536 5569 ἀλλά
2572 5513 2663 5567 καὶ
2714 5517 2821 5569 τῶν
2876 5513 3126 5591 ἀγγέλων
3186 5514 3345 5572 λαλῶ
3401 5515 3522 5572 ἃνευ
3574 5516 3809 5589 ἀγάπης,

2158 5601 2276 5672 εἰκῆ
2310 5602 2403 5657 καὶ
2438 5602 2614 5676 μάτην
2640 5603 2729 5658 καὶ
2786 5603 2863 5667 εἷς
2894 5601 3048 5660 οὐδὲν
3078 5602 3198 5661 δέον
3263 5607 3597 5684 φθέγγομαι,
3628 5602 3811 5680 ὥσπερ
