4118 6380
320 346 438 408 8³3

1327 339 1738 403 COMMENT.
1786 340 1864 400 IN
1912 339 2152 400 EPIST.
2198 339 2218 398 ῐ
2266 339 2374 399 AD
2415 338 2782 400 COBINTH.

3630 340 3750 401 ειη

316 482 386 536 τὰ
439 477 652 554 ἄψυχα,
713 478 742 533 ὁ
801 475 1014 552 χαλκὸς
1073 476 1164 531 καὶ
1218 476 1282 530 τὸ
1335 472 1646 549 κύμϐαλον.
1695 498 1722 525 ‹‹
1756 473 1860 530 Καὶ
1892 474 1982 528 ἐὰν

2116 472 2460 544 :ymbalum.
2499 495 2519 521 ι
2557 475 2625 527 Et
2656 473 2704 528 si
2736 473 2986 530 habeam
3018 474 3414 547 prophetiam.
3449 495 3478 523 »
3532 473 3750 530 Volens

319 570 441 646 ἔχω
472 566 832 646 προφητείαν.
895 589 923 619 ιι
981 565 1165 622 Θέλων
1225 563 1392 636 δεῖξαι
1455 563 1588 640 μέγα
1633 585 1684 618 τι
1719 565 1818 632 τήν
1849 563 1986 639 ἀγά-

324 681 460 730 πην,
522 655 673 728 αὔξει
731 660 949 729 πρῶτον
1004 656 1071 710 τά
1127 654 1462 731 χαρίσματα,
1519 653 1610 708 καὶ
1670 651 1796 708 τότε
1825 652 1988 729 φησὶν

326 749 463 805 αὐτά
521 745 677 809 ἐκτὸς
744 747 958 822 ἀγάπης
1017 742 1172 800 ούδὶν
1232 745 1391 800 εἶναι.
1448 749 1599 798 "Avo:
1656 743 1762 818 γὰρ
1795 741 1986 810 εἰπὼν,

333 861 355 888 ι
395 840 518 893 Ἐὰν
567 842 687 895 ταῖς
743 835 1022 911 γλώσσαις
1077 838 1187 889 τῶν
1241 832 1538 900 ἀνθρώπων
1569 831 1794 887 καὶτῶν
1826 829 1989 906 ἀγγέ-

326 927 442 983 λὼν
505 924 688 992 λαλῶ,
757 955 781 980 ι»
842 923 974 999 ὅπερ
1034 925 1101 992 ἦν
1157 924 1284 998 παρ’
1341 921 1530 983 αὐτοῖς
1592 921 1866 995 μέγιστον,
1897 924 1987 973 νῦν

325 1015 493 1071 πάλιν
526 1013 611 1070 ἐπὶ
662 1020 762 1082 τῆς
816 1011 1154 1090 προφητείας
1181 1011 1243 1065 τὸ
1273 1010 1403 1064 αὐτὸ
1440 1015 1609 1065 ποιεῖ.
1645 1005 1988 1085 Προφητείαν

327 1105 431 1178 γὰρ
491 1102 579 1158 ἐὰν
628 1099 766 1177 ἔχω,
826 1099 912 1155 ού·
945 1100 1046 1167 τήν
1104 1103 1401 1174 τυχοῦσαν,
1457 1097 1644 1176 φησὶν,
1703 1093 1848 1150 ἀλλὰ
1889 1095 1989 1163 τὴν

325 1191 662 1268 ἀκροτάτην,
724 1191 821 1258 την
876 1189 966 1244 καὶ
1022 1189 1090 1243 τὰ
1151 1189 1425 1262 μυστήρια
1489 1186 1579 1240 καὶ
1639 1186 1739 1253 τήν
1789 1188 1990 1258 γνῶσιν

326 1279 588 1350 ἔχουσαν,
629 1279 752 1335 ἄνευ
811 1279 1046 1354 ἀγάπης,
1108 1275 1260 1332 οὐδὲν
1318 1277 1453 1348 εἰμι.
1510 1278 1688 1332 Τοῦτο
1715 1273 1818 1349 γάρ
1845 1272 1992 1328 κάτω

329 1367 659 1426 ἀποδίδωσι.
729 1392 752 1422 ι
788 1371 965 1424 ΙΙάσαν
1006 1369 1106 1435 τήν
1164 1365 1366 1421 πίστιν.
1427 1389 1456 1417 ››
1518 1365 1702 1418 Ηίστιν
1759 1367 1871 1428 νῦν,
1932 1361 1993 1416 ού

325 1463 429 1529 τήν
489 1465 598 1514 τῶν
659 1463 866 1514 πιστῶν
927 1458 1029 1526 τήν
1089 1458 1285 1525 κοινῆν
1342 1455 1430 1509 καὶ
1483 1451 1785 1521 καθολικὴν
1819 1451 1992 1528 λέγει,

325 1549 474 1606 ἀλλά
503 1550 566 1605 τὸ
600 1547 850 1627 χάρισμα
906 1547 969 1600 τὸ
1025 1553 1125 1614 τῆς
1187 1544 1444 1607 πίστεως.
1509 1546 1602 1597 Ἦν
1654 1542 1758 1616 γάρ
1801 1562 1852 1596 τι
1885 1561 1994 1616 χα-

332 1641 598 1715 ρίσματος
658 1635 822 1706 εἶδος,
882 1634 1197 1708 ὁμωνύμως
1253 1635 1399 1689 οὕτω
1455 1634 1524 1703 τῇ
1554 1633 1732 1687 πίστει
1765 1631 1998 1704 Αεγόμεο

333 1751 452 1788 νον,
518 1731 677 1785 ’Όθεν
745 1724 834 1780 ἐπὶ
891 1725 1191 1800 φανερώσει
1270 1723 1642 1796 πνευματικῆς
1712 1719 1997 1792 μετουσίας

339 1818 661 1893 ἐχορηγεῖτο
717 1813 958 1875 πολλοῖς
1013 1817 1122 1868 τῶν
1181 1806 1415 1867 εὐσεϐῶν
1446 1810 1602 1881 ἐντῷ
1649 1810 1773 1864 τότε
1801 1811 2001 1880 καιρῷ.

341 1908 470 1982 Περῖ
531 1904 722 1961 τούτου
801 1904 896 1960 καὶ
972 1904 1000 1956 ὁ
1079 1902 1276 1974 Κύριος
1352 1904 1448 1955 τοῦ
1514 1899 1880 1974 χαρίσματος,
1947 1894 2000 1950 ἐν

334 1995 694 2071 Εὖαγγελίοις
756 1994 944 2067 φησὶν,
1009 2023 1033 2047 ι
1066 1993 1190 2048 Ἐὰν
1247 1986 1418 2066 ἔχητε
1475 1989 1658 2044 πίστιν
1695 1989 1768 2048 ὡς
1797 1987 2000 2042 κόκκον

326 2085 618 2152 σινάπεως,
649 2082 820 2156 ἐρεῖτε
870 2087 950 2154 τῷ
1005 2080 1118 2156 ὄρει
1178 2079 1381 2152 τούτῳ·
1443 2079 1677 2153 Ἄρθητι
1731 2076 1821 2131 καὶ
1857 2073 2004 2152 βλή-

333 2184 461 2241 θητι
519 2170 596 2232 εἷς
654 2172 754 2240 τὴν
839 2167 1138 2238 θάλασσαν,
1199 2168 1291 2222 καὶ
1351 2168 1634 2242 γενήσεται
1711 2163 1906 2226 οὕτως.
1971 2185 1998 2218 ι

332 2260 411 2319 Ού
446 2257 630 2330 δήπου
661 2259 766 2336 γὰρ
818 2259 892 2321 ὡς
943 2258 1082 2330 πρὸς
1110 2256 1374 2318 ἀπίστους
1425 2258 1525 2326 τὴν
1574 2256 1764 2323 κοινὴν
1794 2254 2000 2322 πίστιν,

329 2355 506 2406 ταῦτα
534 2349 672 2424 πρὸς
713 2346 907 2410 αὐτοὺς
965 2345 1245 2419 διελέγετο
1296 2347 1324 2400 ὁ
1381 2344 1612 2421 Κύριος,
1671 2341 1816 2399 ἀλλά
1866 2342 2001 2418 πρὸς

333 2439 462 2501 τοὺς
521 2437 756 2500 οἰκείους
819 2436 1086 2510 μαθητάς·
1159 2437 1470 2504 τουτέστιν,
1525 2435 1651 2490 Ἐὰν
1710 2430 1883 2508 ἔχητε
1940 2431 2003 2485 τὸ

335 2533 437 2593 τῆς
468 2527 704 2590 πίστεως
745 2527 1018 2604 χάρισμα.
1097 2527 1166 2583 "0
1243 2523 1301 2580 δὲ
1377 2525 1525 2579 εἶπεν
1597 2525 1624 2578 ὁ
1692 2523 1896 2596 Κύριος
1950 2519 2003 2589 ἐν

337 2616 712 2694 Εὐαγγελίοις
778 2617 1027 2692 μέγιστον
1089 2617 1254 2682 εἶναι,
1311 2614 1375 2670 τὸ
1435 2611 1528 2668 διὰ
1606 2613 1842 2674 πίστεως
1899 2611 2000 2686 ὅρη

338 2709 617 2782 μεθιστᾷν,
670 2706 843 2762 τοῦτό
899 2725 1033 2782 φησι
1107 2702 1276 2777 μηδὲν
1335 2706 1471 2759 εἶναι
1531 2701 1748 2778 ἀγάπης
1805 2700 2002 2776 χωρίς.

346 2798 578 2856 «Οὐθὲν
644 2798 779 2870 εἶμι.
836 2817 861 2848 ι
930 2795 1048 2854 Οὐκ
1113 2796 1250 2862 εἶπε,
1318 2794 1663 2867 Μικρότατός
1730 2793 1846 2865 εἶμι
1910 2797 1998 2851 καὶ

341 2884 594 2956 εὖτελής,
627 2883 778 2956 ἀλλ’,
801 2908 829 2935 ‹‹
865 2882 1033 2940 Οὐθὲν
1067 2881 1204 2956 εἶμι.
1229 2907 1258 2934 ››
1293 2879 1485 2937 Καλῶς
1511 2882 1596 2951 τὸ,
1621 2906 1648 2933 ‹‹
1675 2880 1950 2954 Ψωμίσω,
1972 2901 2000 2933 ι

347 2975 488 3048 μετά
539 2980 642 3043 τῆς
702 2971 904 3033 δόσεως
963 2973 1054 3027 καὶ
1120 2973 1222 3042 τήν
1280 2969 1482 3026 οἰκείαν
1539 2969 1824 3043 σημαίνων
1888 2967 2004 3023 δια-

338 3064 550 3118 κονίαν.
585 3064 724 3138 Ὅρα
756 3059 816 3117 δὶ
844 3062 940 3117 καὶ
997 3061 1079 3130 τὸ,
1135 3084 1164 3113 ‹‹
1198 3060 1381 3118 Πάντα
1409 3061 1476 3115 τὰ
1507 3061 1846 3134 ὑπάρχοντα,
1882 3083 1909 3109 ››
1941 3058 2004 3113 οὐ

348 3153 518 3226 μέρος
577 3153 771 3209 αὐτῶν.
826 3178 853 3205 (ι
901 3155 1015 3208 Ἵνα
1072 3152 1454 3224 καυθήσωμαι.
1492 3175 1518 3200 ››
1578 3151 1680 3206 Τὸν
1740 3147 2006 3224 χαλεπώ-

351 3263 515 3298 τατον
574 3241 714 3318 λέγει
773 3243 1024 3310 θάνατον,
1069 3241 1161 3294 τὸν
1229 3241 1360 3315 ὑπὲρ
1393 3243 1527 3296 Θεοῦ
1567 3237 1824 3310 δηλονότι
1854 3238 2004 3312 γινὸ-

347 3353 535 3406 μενον.

435 3423 497 3479 Ἦ
565 3421 748 3498 ἀγάπη
825 3425 1188 3495 μακροθυμεῖ,
1251 3419 1631 3495 χρηστεύεται.
1701 3420 1761 3476 Ἣ
1823 3420 2005 3495 ἀγάπη

354 3513 421 3568 οὐ
479 3511 665 3583 ζηλοῖ,
724 3514 760 3581 ἡ
818 3511 1002 3587 ἀγάπη
1060 3509 1123 3564 οὐ
1199 3508 1605 3584 περπερεύεται,
1662 3508 1723 3564 εὖ
1784 3513 2011 3587 φυσιοῦ-

345 3623 460 3668 ται,
521 3599 620 3655 οὐκ
673 3599 1008 3678 ἀσχημονεῖ,
1065 3598 1127 3653 οὐ
1187 3603 1340 3668 ζητεῖ
1398 3597 1465 3652 τὰ
1520 3599 1736 3666 ἑαυτῆς,
1771 3598 1832 3652 οὐ
1865 3618 2004 3671 παρ-

354 3690 613 3759 οξύνεται,
670 3689 734 3745 ού
793 3688 1067 3764 λογίζεται
1157 3688 1221 3742 τὸ
1300 3688 1485 3753 κακὸν,
1541 3686 1602 3740 οὐ
1671 3687 1853 3762 χαίρει
1919 3685 2007 3741 ἐπί

358 3781 429 3850 τῇ
528 3777 730 3850 ἀδικίᾳ,
809 3777 1097 3856 σύγχαίρει
1173 3773 1232 3831 δὲ
1325 3779 1394 3850 τῇ
1471 3773 1721 3846 ἀληθείᾳ.
1829 3773 2006 3830 Πάντα

352 3867 544 3944 στέγει,
575 3870 748 3942 μάντα
777 3867 1038 3936 πιστεύει,
1071 3867 1241 3921 πάντα
1261 3863 1495 3934 ἐλπιζει,
1518 3864 1694 3920 πάντα
1725 3863 2004 3938 ὑπομένει.

339 3957 408 4014 Ἥ
439 3956 624 4032 ἀγάπη
659 3953 923 4012 οὐδέποτε
953 3954 1226 4012 ἐκπίπτει.

418 4045 555 4103 Εἶτα
613 4043 809 4101 λοιπὸν
864 4041 1197 4122 διεξέρχεται
1251 4050 1353 4113 τῆς
1411 4043 1624 4119 ἀγάπης
1682 4043 1748 4098 τά
1796 4044 2008 4121 γθωρί-

349 4157 553 4208 σματα,
586 4133 793 4197 δεικνὺς
850 4134 934 4189 ὃτι
993 4132 1054 4188 οὗ
1115 4134 1280 4206 μόνον
1340 4130 1725 4208 βλαστησαντα
1753 4136 1819 4187 τά
1858 4134 2005 4204 πάθη

347 4223 578 4300 ἰκριζοῖ,
612 4223 746 4280 ἄλλ’
801 4221 935 4279 ούδὶ
991 4227 1152 4298 φῦναι
1209 4227 1512 4300 συγχωρεῖ.
1574 4223 1711 4298 Ὀρά
1741 4219 2011 4290 δὶ,εύθῖ›ς

347 4316 449 4382 τήν
489 4314 868 4388 μακροθυμίαν
907 4313 1132 4380 τέθεικε,
1192 4313 1291 4379 τήν
1345 4309 1495 4385 ῥίζαν
1553 4311 1730 4382 πάσης
1779 4312 2010 4386 φιλοσο-

349 4405 495 4484 φίας.
537 4427 564 4458 α
591 4404 980 4478 Χρηστεύεται.
1034 4426 1062 4453 »
1120 4399 1344 4470 Ἐπειδή
1376 4400 1518 4464 τινές
1550 4401 1680 4455 εἰσιν
1715 4399 1769 4456 o'i
1796 4405 1866 4476 τῇ
1902 4425 2008 4473 μα’

343 4493 625 4567 κροθυμίᾳ
653 4492 752 4548 οὐκ
808 4492 884 4555 είς
953 4489 1281 4571 φιλοσοφίαν
1337 4489 1662 4568 κέχρηνται,
1698 4489 1844 4546 ἀλλά
1871 4493 2006 4566 πρὸς

2098 564 2412 620 ostendere
2440 581 2723 637 magnum
2745 565 3028 636 quiddam
3047 584 3176 622 esse
3197 566 3750 634 charitatem,dona

2096 651 2357 721 primum
2383 657 2714 723 exaggerat,
2741 657 2798 706 et
2829 657 2969 707 tunc
2995 653 3077 707 ait
3104 653 3209 708 illa
3238 653 3389 708 nihil
3420 671 3552 708 esse
3611 652 3752 708 abs-

2100 755 2214 808 que
2246 738 2558 796 charitate.
2597 741 2742 796 Nam
2773 756 2908 794 cum
2941 740 3217 810 superius
3275 740 3563 796 dixisset:
3622 763 3650 790 ‹‹
3696 740 3756 794 Si

2099 826 2319 898 linguis
2343 827 2653 882 hominum
2680 835 2740 883 et
2759 828 3107 900 angelorum
3128 828 3338 900 loquar
3361 851 3387 877 »
3416 829 3572 900 quod
3593 829 3753 901 apud

2101 916 2261 987 ipsos
2292 924 2421 973 erat
2443 920 2770 974 maximum
2807 936 2820 974 :
2852 936 3090 974 rursum
3125 936 3284 975 nunc
3315 919 3472 974 idem
3499 921 3560 975 in
3617 938 3757 992 pro-

2101 1008 2304 1078 phetia
2325 1008 2484 1064 facit.
2512 1011 2656 1065 Nam
2699 1011 2748 1065 si
2793 1010 3056 1066 habuero
3106 1011 3506 1082 prophetiam,
3538 1012 3755 1082 inquit,

2105 1113 2226 1151 non
2249 1098 2749 1170 qualemcunque,
2773 1099 2876 1154 sed
2900 1100 3159 1155 maxime
3182 1099 3502 1153 sublimem
3526 1117 3658 1170 quas
3693 1104 3753 1154 et

2105 1187 2390 1258 mysteria
2405 1192 2464 1241 et
2485 1188 2796 1242 scientiam
2823 1187 3041 1242 habeat
3061 1187 3285 1258 absque
3299 1188 3587 1244 charitate
3606 1187 3759 1242 nihil

2105 1291 2240 1330 sum
2267 1292 2280 1329 ε
2308 1277 2419 1331 hoc
2443 1277 2600 1331 enim
2626 1276 2875 1331 inferius
2897 1276 3172 1348 explicat.
3193 1300 3219 1326 α
3245 1277 3496 1332 Omnem
3520 1277 3760 1333 ﬁdem.»

2106 1366 2232 1419 Non
2267 1381 2395 1420 eam
2424 1366 2569 1420 dicit
2601 1383 2762 1422 nunc
2793 1366 3166 1421 credentium
3201 1365 3380 1421 fidem
3413 1383 3544 1436 quaa
3587 1384 3762 1423 com-

2108 1455 2308 1508 munis
2333 1461 2421 1508 est
2443 1461 2501 1508 et
2521 1455 2838 1526 generalis,
2865 1454 2968 1508 sed
2990 1454 3212 1509 donum
3263 1453 3421 1509 ﬁdei.
3458 1457 3603 1510 Nam
3636 1461 3768 1512 erat

2108 1542 2408 1614 quoddam
2440 1543 2734 1599 donorum
2767 1561 2953 1616 genus
2979 1543 3136 1614 quod
3169 1543 3374 1598 eadem
3426 1561 3566 1599 voce
3624 1562 3762 1600 cum

2112 1630 2228 1685 ﬁde
2245 1629 2741 1703 dicebatur,quod
2762 1632 2836 1688 ad
2860 1632 3404 1688 manifestationem
3427 1635 3762 1704 praasentize

2112 1720 2356 1790 spiritus
2387 1720 2593 1775 multis
2621 1737 2688 1775 eo
2743 1727 3009 1792 tempore
3067 1721 3461 1778 tribuebatur.
3523 1723 3603 1777 De
3650 1723 3766 1778 hoc

2114 1811 2292 1866 etiam
2323 1810 2478 1865 dono
2511 1811 2595 1866 ait
2635 1813 2922 1866 Dominus
2953 1811 3013 1866 in
3046 1811 3375 1885 Evangeliis
3411 1829 3423 1866 :
3466 1836 3492 1861 ‹‹
3547 1813 3604 1867 Si
3653 1813 3762 1869 ha-

2111 1900 2363 1956 bueritis
2397 1901 2575 1958 fidem
2607 1902 2761 1957 sicut
2789 1919 3040 1974 granum
3064 1903 3312 1973 sinapis,
3340 1902 3550 1958 dicetis
3571 1904 3763 1959 monti

2111 1989 2251 2044 huic
2286 2007 2298 2043 :
2334 2013 2359 2039 (ε
2394 1991 2698 2046 Auferaris
2728 1997 2786 2046 et
2818 1991 3154 2062 projiciaris
3187 1991 3248 2044 in
3302 2007 3490 2057 mare,
3546 1998 3604 2047 et
3661 1993 3765 2048 ﬁet

2115 2078 2278 2134 vobis
2311 2081 2378 2134 ⁸³.
2411 2102 2439 2130 ››
2476 2081 2676 2151 Neque
2708 2080 2868 2134 enim
2900 2080 3026 2134 haec
3052 2079 3123 2134 de
3155 2080 3455 2134 communi
3512 2081 3628 2136 ﬁde
3677 2081 3768 2136 lo-

2115 2169 2410 2240 quebatur
2442 2171 2730 2225 Dominus
2760 2169 2833 2225 ad
2865 2186 2965 2224 eos
2999 2175 3282 2240 tanquam
3305 2169 3378 2225 ad
3400 2170 3764 2239 incredulos,

2111 2259 2217 2314 sed
2248 2259 2318 2314 ad
2355 2276 2494 2314 suos
2525 2259 2852 2331 discipulos
2908 2275 3101 2314 sermo
3161 2264 3333 2314 erat:
3394 2259 3505 2315 hoc
3554 2264 3662 2326 est,
3715 2261 3766 2316 si

2111 2347 2439 2403 habueritis
2454 2349 2590 2404 fidei
2621 2349 2869 2404 donum.
2892 2350 3045 2405 549
3069 2350 3234 2414 Quod
3255 2355 3454 2406 autem
3477 2350 3766 2406 Dominus

2112 2435 2174 2490 in
2205 2436 2537 2509 Evangeliis
2566 2437 2892 2493 maximum
2923 2453 3052 2492 esse
3084 2437 3252 2505 dixit,
3280 2453 3496 2509 nempe
3527 2445 3762 2495 montes

2111 2531 2512 2582 transmutare
2544 2527 2655 2582 hoc
2675 2527 2758 2582 ait
2779 2527 2908 2582 sine
2932 2529 3228 2584 Cbaritate
3256 2529 3409 2583 nihil
3427 2546 3578 2585 esse.
3614 2551 3641 2580 ‹‹
3675 2529 3768 2584 Ni-

2112 2613 2197 2668 hil
2229 2632 2382 2670 sum.
2415 2637 2444 2666 »
2481 2615 2609 2671 Non
2640 2616 2789 2671 dixit
2822 2617 3100 2673 Minimus
3150 2635 3280 2672 sum
3315 2623 3378 2672 et
3431 2618 3586 2685 vilis,
3633 2618 3762 2685 sed,

2115 2726 2142 2753 «
2177 2705 2334 2760 Nihil
2365 2723 2515 2760 sum.
2555 2729 2582 2756 »
2616 2737 2682 2747 —
2714 2729 2742 2756 ‹‹
2774 2709 2844 2761 Et
2874 2708 2923 2762 si
2953 2707 3169 2763 alendo
3202 2709 3524 2763 insumam.
3557 2727 3584 2760 ι
3612 2708 3768 2761 Bene

2114 2793 2263 2848 dixit
2297 2815 2325 2844 «
2357 2795 2586 2851 Alendo
2617 2797 2937 2864 insumam,
2974 2820 3001 2846 υ
3060 2797 3406 2869 signiﬁcans
3462 2813 3583 2853 una
3631 2813 3769 2852 cum

2113 2883 2270 2939 dono
2302 2885 2608 2956 proprium
2669 2903 2906 2957 quoque
2960 2887 3382 2942 ministerium.
3444 2885 3770 2942 Considera

2113 2989 2250 3028 vero
2277 2974 2434 3045 quod
2467 2975 2645 3030 etiam
2678 2975 2856 3030 dicit:
2893 2997 2918 3023 ‹‹
2955 2977 3174 3031 Omnes
3195 2976 3508 3031 facultates
3529 2991 3716 3040 meas,
3736 2997 3764 3024 ››

2113 3079 2233 3116 non
2255 3070 2485 3134 partem
2518 3064 2800 3135 ipsarum.
2839 3085 2866 3113 «
2901 3065 2970 3118 Ut
3029 3065 3364 3132 comburar,
3427 3086 3456 3114 ››
3507 3064 3768 3119 Miserri-

2117 3171 2280 3209 mum
2308 3153 2452 3209 dicit
2477 3153 2684 3208 mortis
2712 3169 2900 3225 genus
2956 3170 3088 3224 quae
3148 3153 3424 3209 videlicet
3480 3169 3586 3225 pro
3646 3153 3765 3209 Deo

2121 3244 2428 3298 toleratur.

2191 3423 2338 3487 XIII,
2372 3423 2491 3475 4-8.
2525 3444 2553 3471 ‹‹
2605 3421 2872 3476 Charitas
2933 3421 3292 3494 longaminis
3350 3428 3460 3489 est,
3512 3422 3773 3497 benigna

2119 3533 2148 3560 «
2181 3517 2292 3578 est,
2314 3510 2572 3566 Charitas
2603 3527 2723 3565 non
2752 3510 3086 3578 aemulatur,
3110 3512 3369 3567 charitas
3389 3529 3508 3568 non
3531 3518 3620 3568 est
3641 3530 3773 3585 pro-

2118 3621 2146 3647 ‹‹
2181 3616 2307 3665 cax,
2342 3616 2465 3655 non
2497 3599 2760 3666 inflatur,
2796 3615 2917 3655 non
2948 3600 3199 3671 pudeﬁt,
3231 3617 3353 3656 non
3380 3603 3594 3673 quaerit
3632 3619 3764 3672 quas

2118 3711 2143 3737 ‹‹
2180 3704 2287 3743 sua
2317 3677 2474 3751 s'unt,
2510 3704 2630 3742 non
2663 3689 2948 3755 irritatur,
2983 3705 3103 3743 non
3131 3691 3348 3762 cogitat
3375 3689 3622 3757 malum,
3646 3707 3767 3747 non

2121 3799 2143 3828 ι
2178 3777 2394 3849 gaudet
2425 3777 2484 3830 in
2519 3776 2834 3847 injustitia,
2869 3776 2971 3831 sed
3003 3778 3338 3848 congaudet
3365 3778 3617 3833 veritati.
3644 3779 3777 3834 0m-

2116 3888 2143 3915 ‹‹
2179 3865 2280 3919 nia
2306 3855 2532 3931 suffert,
2569 3865 2774 3918 omnia
2804 3864 3014 3932 credit,
3049 3866 3250 3920 omnia
3283 3871 3501 3938 sperat,
3563 3867 3773 3922 omnia

2121 3975 2147 4003 ‹‹
2181 3953 2454 4009 sustinet.
2487 3952 2754 4008 Charitas
2783 3969 3095 4023 nunquam
3127 3953 3365 4009 excidit.
3400 3974 3427 4006 ι

2191 4041 2415 4098 Deinde
2443 4048 2882 4113 consequenter
2911 4048 3153 4098 enarrat
3181 4043 3492 4099 charitatis
3549 4044 3770 4117 insigni

2121 4132 2340 4203 quibus
2361 4131 2628 4204 dignosci
2653 4131 2864 4198 valeat,
2899 4130 3222 4186 ostendens
3255 4132 3416 4202 quod
3438 4148 3560 4187 non
3585 4132 3778 4188 solum

2120 4238 2218 4277 eas
2243 4239 2376 4292 qum
2396 4222 2808 4294 germinarunt
2830 4221 3176 4276 affectiones
3197 4221 3505 4293 exstirpat,
3545 4221 3650 4277 sed
3680 4238 3782 4276 ne-

2120 4327 2234 4380 que
2264 4310 2509 4382 produci
2541 4310 2849 4381 permittit.
2916 4309 3056 4364 Vide
3115 4315 3316 4365 autem
3365 4311 3525 4382 quod
3571 4310 3774 4366 statim

2118 4399 2473 4469 patientiam
2507 4399 2626 4454 sive
2653 4398 3169 4471 longanimitatem
3213 4399 3500 4471 posuerit,
3556 4414 3774 4469 nempe

2120 4490 2300 4544 totius
2321 4487 2715 4559 philosophia
2739 4488 3092 4543 Christianae
3114 4488 3396 4544 radicem.
3433 4512 3460 4538 ‹‹
3513 4489 3778 4561 Benigna

342 4564 410 4638 τδ
469 4564 755 4656 διαρρῆξαι
811 4564 1548 4655 τοὺςλνοχλοῦνταςίνκαὶ
1608 4583 1857 4652 πειρᾶσαι
1918 4564 2001 4635 ἐπὶ

2119 4585 2227 4633 est.
2267 4600 2286 4626 ι
2323 4578 2616 4642 Quoniam
2676 4577 2951 4633 nonnulli
3013 4577 3468 4650 longanimitate
3526 4596 3648 4634 non
3697 4578 3772 4633 ad

346 4671 546 4738 πλέον,
576 4671 913 4744 ἠθικώτερον
942 4670 1131 4730 αὐτοῖς
1164 4665 1577 4744 διαλεγόμενος,
1612 4665 1764 4743 φησί,
1801 4692 1829 4719 ‹‹
1864 4669 2008 4744 Χρη-

351 4760 613 4829 στεύεταί,
659 4786 685 4811 υ
715 4760 1021 4828 τουτέστιν,
1082 4757 1180 4812 οὐκ
1237 4755 1324 4812 ἐπὶ
1381 4757 1471 4828 τῷκ
1517 4757 1712 4828 ἀνάψαι
1770 4759 1870 4826 τήν
1909 4756 2007 4832 ὀρ-

354 4850 460 4925 γὴν
490 4854 592 4905 τῶν
625 4847 1033 4929 ἐνοχλούντων,
1066 4845 1193 4901 ἀλλ’
1251 4845 1338 4900 ἐπὶ
1389 4850 1469 4916 τῷ
1516 4850 1906 4920 καταπραῧναι,
1939 4850 2006 4920 τῇ

357 4940 710 5014 μακροθυμίᾳ
766 4937 1057 5013 κέχρηται,
1116 4936 1207 4991 καὶ
1265 4935 1570 5009 ἡμερότητι
1613 4942 1836 5010 χρῆται.
1873 4962 1900 4988 ‹‹
1935 4936 2007 4990 Οὐ

353 5025 540 5098 ζηλοῖ.
577 5051 600 5081 ι
636 5023 804 5082 Βαϐαῖ
834 5026 959 5081 οἷόν
1014 5025 1124 5081 ἐστι
1183 5025 1246 5079 τὸ
1308 5025 1384 5097 μὴ
1420 5022 1646 5094 ζηλοῦν,
1675 5023 1840 5101 ἤγουν
1875 5028 2007 5102 φθο-

348 5123 462 5172 νεῖν
494 5119 622 5180 τοὺς
655 5117 712 5173 εὗ
743 5115 1101 5192 πράττοντας.
1161 5139 1189 5166 ‹‹
1249 5113 1321 5168 Οὐ
1381 5113 1786 5189 περπερεύεται.
1824 5140 1846 5166 ι
1903 5113 2014 5170 Οὐκ

351 5205 759 5278 ἀλαζονεύεται,
819 5207 884 5262 οὑ
956 5209 1240 5282 φυσιοῦται
1315 5203 1405 5258 καὶ
1484 5208 1669 5282 φρονεῖ
1730 5209 1870 5280 μέγα
1924 5202 2009 5260 ἐπὶ

352 5296 584 5357 οἷκείοις
649 5297 1089 5371 κατορθώμασιν.
1157 5295 1224 5349 Ἦ
1291 5289 1446 5348 οὐδὲν
1512 5293 1778 5365 προπετὲς
1844 5299 2012 5352 ποιεῖ,

354 5388 636 5464 Πέρπερος
692 5385 819 5460 γὰρ,
870 5385 1173 5460 προπετὴς.
1230 5407 1258 5435 ‹‹
1321 5382 1432 5438 Οὐκ
1488 5382 1818 5457 ἀσχημονεῖ.
1855 5405 1879 5435 ιι
1935 5383 2014 5441 Οὐ

359 5479 549 5553 μόνον,
583 5477 774 5554 φησὶν,
807 5475 872 5531 οὗ
912 5479 1101 5554 φρονεῖ
1151 5471 1314 5548 μέγα,
1365 5470 1512 5529 ἀλλά
1540 5473 1631 5526 καὶ
1659 5473 1728 5528 τά
1757 5470 2018 5548 αἴσχιστα

433 5685 480 5721 ⁸³
512 5683 717 5740 Matth.
747 5699 879 5752 xvu,
920 5684 1019 5746 19;
1053 5681 1188 5736 Luc.
1220 5693 1357 5744 xvu,
1388 5679 1444 5731 6.

2119 4665 2566 4738 philosophiam
2611 4682 2817 4722 sanam
2865 4671 3136 4733 utuntur,
3194 4667 3298 4721 sed
3349 4667 3420 4722 ad
3444 4667 3776 4737 confrigen-

2119 4755 2261 4811 dum
2288 4771 2390 4809 eos
2422 4753 2521 4824 qui
2556 4754 2791 4810 molesti
2822 4759 2980 4821 sunt,
3015 4760 3073 4808 et
3097 4754 3356 4825 amplius
3399 4754 3773 4821 tentandum,

2121 4845 2408 4901 moralius
2429 4860 2564 4899 cum
2585 4845 2671 4898 eis
2695 4844 3016 4910 disserens,
3054 4844 3134 4899 ait
3161 4860 3173 4897 :
3231 4867 3259 4894 ι(
3307 4845 3569 4917 Benigna
3599 4850 3711 4912 est,
3747 4867 3774 4894 ››

2122 4935 2234 4990 hoc
2257 4941 2368 5001 est,
2396 4950 2514 4988 non
2547 4932 2620 4988 ad
2643 4948 2849 4988 eorum
2875 4931 3317 4988 accendendam
3341 4933 3490 4988 iram
3513 4934 3615 5004 qui
3648 4950 3777 4988 mo-

2121 5024 2256 5079 lesti
2290 5029 2451 5089 sunt,
2487 5021 2590 5076 sed
2625 5023 2697 5077 ad
2730 5021 3091 5092 placandum
3139 5022 3327 5076 utitur
3384 5023 3674 5095 patientia
3719 5031 3782 5080 et

2122 5113 2311 5168 utitur
2323 5111 2707 5184 benignitate.
2721 5134 2747 5161 «
2761 5113 2887 5166 Non
2901 5111 3260 5166 aemultatur.
3273 5133 3300 5160 »
3316 5114 3486 5184 Papaa
3501 5113 3784 5184 quidnam

2128 5200 3017 5272 estnonmmulari?nempehis
3035 5217 3154 5255 non
3198 5201 3462 5258 invidere
3505 5203 3607 5274 qui
3629 5203 3782 5260 bene

2129 5300 2470 5366 operantur.
2493 5295 2619 5348 Non
2636 5297 2724 5347 est
2749 5307 2986 5364 procax,
3019 5291 3079 5346 id
3122 5297 3231 5358 est,
3257 5309 3562 5367 arrogans.
3596 5317 3623 5343 ‹‹
3655 5295 3782 5350 Non

2129 5385 2390 5442 inﬂatur.
2416 5408 2443 5436 »
2468 5386 2590 5440 Non
2612 5383 2916 5439 insolescit
2937 5382 3010 5439 ob
3033 5383 3272 5457 propria
3293 5384 3469 5442 bona.
3492 5387 3608 5442 Aut
3628 5385 3783 5441 nihil

2132 5481 2353 5532 temere
2383 5492 2487 5531 seu
2519 5472 2859 5546 petulanter
2914 5472 3074 5529 facit.
3136 5474 3281 5530 Nam
3336 5475 3626 5548 πέρπερος,
3687 5480 3780 5529 est
