  <div class='ocr_page' id='page_1' title='image "/cluster/home/n/w/nwhite01/storage/ocr_20150623/118:no.1/coo.31924054870229/431.png"; bbox 0 0 4118 6450; ppageno 0'>
   <div class='ocr_carea' id='block_1_1' title="bbox 340 477 453 538">
    <p class='ocr_par' dir='ltr' id='par_1_1' title="bbox 340 477 453 538">
     <span class='ocr_line' id='line_1_1' title="bbox 340 477 453 538; baseline -0.027 0"><span class='ocrx_word' id='word_1_1' title='bbox 340 477 453 538; x_wconf 82' lang='grc'>831</span> 
     </span>
    </p>
   </div>
   <div class='ocr_carea' id='block_1_2' title="bbox 342 698 1990 773">
    <p class='ocr_par' dir='ltr' id='par_1_2' title="bbox 342 698 1990 773">
     <span class='ocr_line' id='line_1_2' title="bbox 342 698 1990 773; baseline -0.005 -13"><span class='ocrx_word' id='word_1_2' title='bbox 342 704 482 760; x_wconf 84' lang='lat' dir='ltr'>estis</span> <span class='ocrx_word' id='word_1_3' title='bbox 507 701 664 773; x_wconf 90' lang='lat' dir='ltr'>quod</span> <span class='ocrx_word' id='word_1_4' title='bbox 693 716 910 771; x_wconf 84' lang='lat' dir='ltr'>magna</span> <span class='ocrx_word' id='word_1_5' title='bbox 929 715 1050 754; x_wconf 91' lang='lat' dir='ltr'>non</span> <span class='ocrx_word' id='word_1_6' title='bbox 1073 699 1380 770; x_wconf 84' lang='lat' dir='ltr'>accipiatis</span> <span class='ocrx_word' id='word_1_7' title='bbox 1398 698 1573 766; x_wconf 90' lang='lat' dir='ltr'>dona,</span> <span class='ocrx_word' id='word_1_8' title='bbox 1625 702 1867 768; x_wconf 80' lang='lat' dir='ltr'>propter</span> <span class='ocrx_word' id='word_1_9' title='bbox 1898 713 1990 751; x_wconf 83' lang='lat' dir='ltr'>ve-</span> 
     </span>
    </p>
   </div>
   <div class='ocr_carea' id='block_1_3' title="bbox 341 785 1996 858">
    <p class='ocr_par' dir='ltr' id='par_1_3' title="bbox 341 785 1996 858">
     <span class='ocr_line' id='line_1_3' title="bbox 341 785 1996 858; baseline -0.005 -11"><span class='ocrx_word' id='word_1_10' title='bbox 341 797 523 847; x_wconf 82' lang='lat' dir='ltr'>stram</span> <span class='ocrx_word' id='word_1_11' title='bbox 549 789 907 846; x_wconf 86' lang='lat' dir='ltr'>socordiam.</span> <span class='ocrx_word' id='word_1_12' title='bbox 937 790 1083 844; x_wconf 86' lang='lat' dir='ltr'>Nam</span> <span class='ocrx_word' id='word_1_13' title='bbox 1124 788 1235 843; x_wconf 90' lang='lat' dir='ltr'>hoc</span> <span class='ocrx_word' id='word_1_14' title='bbox 1275 788 1499 843; x_wconf 83' lang='lat' dir='ltr'>indicat</span> <span class='ocrx_word' id='word_1_15' title='bbox 1520 786 1677 858; x_wconf 91' lang='lat' dir='ltr'>quod</span> <span class='ocrx_word' id='word_1_16' title='bbox 1699 785 1783 840; x_wconf 93' lang='lat' dir='ltr'>ait</span> <span class='ocrx_word' id='word_1_17' title='bbox 1801 787 1996 840; x_wconf 58' lang='lat' dir='ltr'>iEmu-</span> 
     </span>
    </p>
   </div>
   <div class='ocr_carea' id='block_1_4' title="bbox 338 875 1994 947">
    <p class='ocr_par' dir='ltr' id='par_1_4' title="bbox 338 875 1994 947">
     <span class='ocr_line' id='line_1_4' title="bbox 338 875 1994 947; baseline -0.004 -11"><span class='ocrx_word' id='word_1_18' title='bbox 338 881 569 937; x_wconf 85' lang='lat' dir='ltr'>lamini.</span> <span class='ocrx_word' id='word_1_19' title='bbox 595 883 721 935; x_wconf 81' lang='lat' dir='ltr'>Non</span> <span class='ocrx_word' id='word_1_20' title='bbox 745 885 946 934; x_wconf 88' lang='lat' dir='ltr'>tamen</span> <span class='ocrx_word' id='word_1_21' title='bbox 971 877 1121 932; x_wconf 84' lang='lat' dir='ltr'>dixit</span> <span class='ocrx_word' id='word_1_22' title='bbox 1157 879 1380 946; x_wconf 82' lang='lat' dir='ltr'>Magna,</span> <span class='ocrx_word' id='word_1_23' title='bbox 1432 875 1535 930; x_wconf 90' lang='lat' dir='ltr'>sed</span> <span class='ocrx_word' id='word_1_24' title='bbox 1583 876 1852 947; x_wconf 80' lang='lat' dir='ltr'>potiora:</span> <span class='ocrx_word' id='word_1_25' title='bbox 1881 877 1994 930; x_wconf 87' lang='lat' dir='ltr'>hoc</span> 
     </span>
    </p>
   </div>
   <div class='ocr_carea' id='block_1_5' title="bbox 340 965 1996 1038">
    <p class='ocr_par' dir='ltr' id='par_1_5' title="bbox 340 965 1996 1038">
     <span class='ocr_line' id='line_1_5' title="bbox 340 965 1996 1038; baseline -0.005 -12"><span class='ocrx_word' id='word_1_26' title='bbox 340 976 431 1026; x_wconf 88' lang='lat' dir='ltr'>est</span> <span class='ocrx_word' id='word_1_27' title='bbox 458 969 705 1024; x_wconf 87' lang='lat' dir='ltr'>utiliora</span> <span class='ocrx_word' id='word_1_28' title='bbox 735 974 791 1023; x_wconf 91' lang='lat' dir='ltr'>et</span> <span class='ocrx_word' id='word_1_29' title='bbox 823 984 953 1038; x_wconf 69' lang='lat' dir='ltr'>quae</span> <span class='ocrx_word' id='word_1_30' title='bbox 987 966 1174 1038; x_wconf 87' lang='lat' dir='ltr'>magis</span> <span class='ocrx_word' id='word_1_31' title='bbox 1214 965 1538 1021; x_wconf 84' lang='lat' dir='ltr'>Ecclesiam</span> <span class='ocrx_word' id='word_1_32' title='bbox 1589 965 1797 1036; x_wconf 88' lang='lat' dir='ltr'>juvare</span> <span class='ocrx_word' id='word_1_33' title='bbox 1857 981 1996 1035; x_wconf 89' lang='lat' dir='ltr'>pos-</span> 
     </span>
    </p>
   </div>
   <div class='ocr_carea' id='block_1_6' title="bbox 346 1054 1992 1115">
    <p class='ocr_par' dir='ltr' id='par_1_6' title="bbox 346 1054 1992 1115">
     <span class='ocr_line' id='line_1_6' title="bbox 346 1054 1992 1115; baseline -0.007 0"><span class='ocrx_word' id='word_1_34' title='bbox 346 1061 483 1115; x_wconf 86' lang='lat' dir='ltr'>sint.</span> <span class='ocrx_word' id='word_1_35' title='bbox 519 1092 590 1100; x_wconf 88' lang='lat'>——</span> <span class='ocrx_word' id='word_1_36' title='bbox 617 1059 746 1114; x_wconf 81' lang='lat' dir='ltr'>Alio</span> <span class='ocrx_word' id='word_1_37' title='bbox 772 1058 950 1113; x_wconf 90' lang='lat' dir='ltr'>modo.</span> <span class='ocrx_word' id='word_1_38' title='bbox 981 1079 1008 1107; x_wconf 84' lang='lat'>«</span> <span class='ocrx_word' id='word_1_39' title='bbox 1060 1054 1443 1110; x_wconf 69' lang='lat' dir='ltr'>Aﬂmulamini</span> <span class='ocrx_word' id='word_1_40' title='bbox 1500 1060 1699 1109; x_wconf 85' lang='lat' dir='ltr'>autem</span> <span class='ocrx_word' id='word_1_41' title='bbox 1759 1055 1932 1110; x_wconf 86' lang='lat' dir='ltr'>dona.</span> <span class='ocrx_word' id='word_1_42' title='bbox 1965 1076 1992 1104; x_wconf 85' lang='grc'><strong>››</strong></span> 
     </span>
    </p>
   </div>
   <div class='ocr_carea' id='block_1_7' title="bbox 345 1143 1998 1222">
    <p class='ocr_par' dir='ltr' id='par_1_7' title="bbox 345 1143 1998 1222">
     <span class='ocr_line' id='line_1_7' title="bbox 345 1143 1998 1222; baseline -0.004 -17"><span class='ocrx_word' id='word_1_43' title='bbox 345 1153 608 1222; x_wconf 80' lang='lat' dir='ltr'>Apparet</span> <span class='ocrx_word' id='word_1_44' title='bbox 637 1148 784 1203; x_wconf 89' lang='lat' dir='ltr'>mihi</span> <span class='ocrx_word' id='word_1_45' title='bbox 816 1164 937 1202; x_wconf 92' lang='lat' dir='ltr'>non</span> <span class='ocrx_word' id='word_1_46' title='bbox 967 1146 1026 1200; x_wconf 89' lang='lat' dir='ltr'>id</span> <span class='ocrx_word' id='word_1_47' title='bbox 1059 1161 1196 1200; x_wconf 89' lang='lat' dir='ltr'>eum</span> <span class='ocrx_word' id='word_1_48' title='bbox 1252 1144 1472 1200; x_wconf 79' lang='lat' dir='ltr'>dixisse</span> <span class='ocrx_word' id='word_1_49' title='bbox 1523 1143 1889 1198; x_wconf 83' lang='lat' dir='ltr'>exhortando</span> <span class='ocrx_word' id='word_1_50' title='bbox 1940 1149 1998 1199; x_wconf 90' lang='lat' dir='ltr'>et</span> 
     </span>
    </p>
   </div>
   <div class='ocr_carea' id='block_1_8' title="bbox 346 1234 1997 1304">
    <p class='ocr_par' dir='ltr' id='par_1_8' title="bbox 346 1234 1997 1304">
     <span class='ocr_line' id='line_1_8' title="bbox 346 1234 1997 1304; baseline -0.006 -7"><span class='ocrx_word' id='word_1_51' title='bbox 346 1239 730 1296; x_wconf 87' lang='lat' dir='ltr'>enuntiando.</span> <span class='ocrx_word' id='word_1_52' title='bbox 769 1236 1073 1303; x_wconf 84' lang='lat' dir='ltr'>Quomodo</span> <span class='ocrx_word' id='word_1_53' title='bbox 1107 1237 1268 1291; x_wconf 90' lang='lat' dir='ltr'>enim</span> <span class='ocrx_word' id='word_1_54' title='bbox 1300 1235 1412 1290; x_wconf 91' lang='lat' dir='ltr'>hoc</span> <span class='ocrx_word' id='word_1_55' title='bbox 1461 1234 1720 1298; x_wconf 83' lang='lat' dir='ltr'>fecisset,</span> <span class='ocrx_word' id='word_1_56' title='bbox 1773 1234 1873 1304; x_wconf 91' lang='lat' dir='ltr'>qui</span> <span class='ocrx_word' id='word_1_57' title='bbox 1909 1239 1997 1288; x_wconf 91' lang='lat' dir='ltr'>to-</span> 
     </span>
    </p>
   </div>
   <div class='ocr_carea' id='block_1_9' title="bbox 351 1321 1996 1396">
    <p class='ocr_par' dir='ltr' id='par_1_9' title="bbox 351 1321 1996 1396">
     <span class='ocr_line' id='line_1_9' title="bbox 351 1321 1996 1396; baseline -0.004 -13"><span class='ocrx_word' id='word_1_58' title='bbox 351 1330 464 1384; x_wconf 90' lang='lat' dir='ltr'>ties</span> <span class='ocrx_word' id='word_1_59' title='bbox 494 1329 639 1383; x_wconf 83' lang='lat' dir='ltr'>dixit</span> <span class='ocrx_word' id='word_1_60' title='bbox 671 1341 1158 1396; x_wconf 88' lang='lat' dir='ltr'>unumquemque</span> <span class='ocrx_word' id='word_1_61' title='bbox 1192 1323 1416 1378; x_wconf 89' lang='lat' dir='ltr'>donum</span> <span class='ocrx_word' id='word_1_62' title='bbox 1456 1322 1756 1394; x_wconf 86' lang='lat' dir='ltr'>accepisse</span> <span class='ocrx_word' id='word_1_63' title='bbox 1806 1321 1880 1376; x_wconf 89' lang='lat' dir='ltr'>ad</span> <span class='ocrx_word' id='word_1_64' title='bbox 1939 1321 1996 1376; x_wconf 92' lang='lat' dir='ltr'>id</span> 
     </span>
    </p>
   </div>
   <div class='ocr_carea' id='block_1_10' title="bbox 344 1413 1998 1491">
    <p class='ocr_par' dir='ltr' id='par_1_10' title="bbox 344 1413 1998 1491">
     <span class='ocr_line' id='line_1_10' title="bbox 344 1413 1998 1491; baseline -0.004 -17"><span class='ocrx_word' id='word_1_65' title='bbox 344 1420 504 1491; x_wconf 90' lang='lat' dir='ltr'>quod</span> <span class='ocrx_word' id='word_1_66' title='bbox 525 1416 902 1489; x_wconf 85' lang='lat' dir='ltr'>expediebat,</span> <span class='ocrx_word' id='word_1_67' title='bbox 926 1417 1219 1486; x_wconf 87' lang='lat' dir='ltr'>totiesque</span> <span class='ocrx_word' id='word_1_68' title='bbox 1242 1413 1669 1469; x_wconf 81' lang='lat' dir='ltr'>demonstravit</span> <span class='ocrx_word' id='word_1_69' title='bbox 1700 1430 1836 1470; x_wconf 90' lang='lat' dir='ltr'>eum</span> <span class='ocrx_word' id='word_1_70' title='bbox 1895 1414 1998 1484; x_wconf 90' lang='lat' dir='ltr'>qui</span> 
     </span>
    </p>
   </div>
   <div class='ocr_carea' id='block_1_11' title="bbox 341 1502 1996 1580">
    <p class='ocr_par' dir='ltr' id='par_1_11' title="bbox 341 1502 1996 1580">
     <span class='ocr_line' id='line_1_11' title="bbox 341 1502 1996 1580; baseline -0.003 -17"><span class='ocrx_word' id='word_1_71' title='bbox 341 1509 536 1580; x_wconf 87' lang='lat' dir='ltr'>majus</span> <span class='ocrx_word' id='word_1_72' title='bbox 559 1507 785 1561; x_wconf 89' lang='lat' dir='ltr'>donum</span> <span class='ocrx_word' id='word_1_73' title='bbox 803 1505 1024 1560; x_wconf 88' lang='lat' dir='ltr'>habere</span> <span class='ocrx_word' id='word_1_74' title='bbox 1048 1503 1361 1559; x_wconf 81' lang='lat' dir='ltr'>videbatur</span> <span class='ocrx_word' id='word_1_75' title='bbox 1383 1503 1442 1558; x_wconf 91' lang='lat' dir='ltr'>in</span> <span class='ocrx_word' id='word_1_76' title='bbox 1466 1502 1633 1558; x_wconf 91' lang='lat' dir='ltr'>nullo</span> <span class='ocrx_word' id='word_1_77' title='bbox 1650 1503 1996 1575; x_wconf 83' lang='lat' dir='ltr'>praecellere</span> 
     </span>
    </p>
   </div>
   <div class='ocr_carea' id='block_1_12' title="bbox 338 1591 1998 1668">
    <p class='ocr_par' dir='ltr' id='par_1_12' title="bbox 338 1591 1998 1668">
     <span class='ocr_line' id='line_1_12' title="bbox 338 1591 1998 1668; baseline -0.004 -16"><span class='ocrx_word' id='word_1_78' title='bbox 338 1614 518 1668; x_wconf 89' lang='lat' dir='ltr'>super</span> <span class='ocrx_word' id='word_1_79' title='bbox 539 1612 678 1651; x_wconf 92' lang='lat' dir='ltr'>eum</span> <span class='ocrx_word' id='word_1_80' title='bbox 699 1595 801 1666; x_wconf 89' lang='lat' dir='ltr'>qui</span> <span class='ocrx_word' id='word_1_81' title='bbox 829 1593 1076 1649; x_wconf 82' lang='lat' dir='ltr'>minus?</span> <span class='ocrx_word' id='word_1_82' title='bbox 1109 1592 1213 1648; x_wconf 90' lang='lat' dir='ltr'>sed</span> <span class='ocrx_word' id='word_1_83' title='bbox 1252 1591 1480 1647; x_wconf 91' lang='lat' dir='ltr'>dictum</span> <span class='ocrx_word' id='word_1_84' title='bbox 1527 1608 1656 1646; x_wconf 89' lang='lat' dir='ltr'>esse</span> <span class='ocrx_word' id='word_1_85' title='bbox 1713 1608 1747 1646; x_wconf 90' lang='lat' dir='ltr'>a</span> <span class='ocrx_word' id='word_1_86' title='bbox 1800 1591 1998 1646; x_wconf 90' lang='lat' dir='ltr'>divino</span> 
     </span>
    </p>
   </div>
   <div class='ocr_carea' id='block_1_13' title="bbox 345 1680 1997 1754">
    <p class='ocr_par' dir='ltr' id='par_1_13' title="bbox 345 1680 1997 1754">
     <span class='ocr_line' id='line_1_13' title="bbox 345 1680 1997 1754; baseline -0.004 -13"><span class='ocrx_word' id='word_1_87' title='bbox 345 1685 528 1741; x_wconf 91' lang='lat' dir='ltr'>Paulo</span> <span class='ocrx_word' id='word_1_88' title='bbox 552 1685 701 1739; x_wconf 89' lang='lat' dir='ltr'>mihi</span> <span class='ocrx_word' id='word_1_89' title='bbox 723 1683 956 1737; x_wconf 88' lang='lat' dir='ltr'>videtur</span> <span class='ocrx_word' id='word_1_90' title='bbox 982 1699 1088 1754; x_wconf 89' lang='lat' dir='ltr'>per</span> <span class='ocrx_word' id='word_1_91' title='bbox 1109 1681 1656 1754; x_wconf 75' lang='lat' dir='ltr'>interrogationem&#39;</span> <span class='ocrx_word' id='word_1_92' title='bbox 1680 1704 1706 1730; x_wconf 82' lang='lat'><strong>«</strong></span> <span class='ocrx_word' id='word_1_93' title='bbox 1740 1680 1997 1735; x_wconf 65' lang='lat' dir='ltr'>Emula-</span> 
     </span>
    </p>
   </div>
   <div class='ocr_carea' id='block_1_14' title="bbox 347 1770 1999 1844">
    <p class='ocr_par' dir='ltr' id='par_1_14' title="bbox 347 1770 1999 1844">
     <span class='ocr_line' id='line_1_14' title="bbox 347 1770 1999 1844; baseline -0.003 -16"><span class='ocrx_word' id='word_1_94' title='bbox 347 1770 1229 1844; x_wconf 76' lang='lat' dir='ltr'>mini,inquit,donapotiora?n</span> <span class='ocrx_word' id='word_1_95' title='bbox 1248 1770 1503 1826; x_wconf 88' lang='lat' dir='ltr'>necdum</span> <span class='ocrx_word' id='word_1_96' title='bbox 1543 1770 1708 1825; x_wconf 86' lang='lat' dir='ltr'>vobis</span> <span class='ocrx_word' id='word_1_97' title='bbox 1756 1785 1999 1841; x_wconf 88' lang='lat' dir='ltr'>persua-</span> 
     </span>
    </p>
   </div>
   <div class='ocr_carea' id='block_1_15' title="bbox 349 1858 2002 1934">
    <p class='ocr_par' dir='ltr' id='par_1_15' title="bbox 349 1858 2002 1934">
     <span class='ocr_line' id='line_1_15' title="bbox 349 1858 2002 1934; baseline -0.002 -17"><span class='ocrx_word' id='word_1_98' title='bbox 349 1863 556 1928; x_wconf 90' lang='lat' dir='ltr'>simus,</span> <span class='ocrx_word' id='word_1_99' title='bbox 572 1879 647 1917; x_wconf 90' lang='lat' dir='ltr'>ne</span> <span class='ocrx_word' id='word_1_100' title='bbox 664 1861 918 1934; x_wconf 83' lang='lat' dir='ltr'>graviter</span> <span class='ocrx_word' id='word_1_101' title='bbox 937 1860 1148 1916; x_wconf 85' lang='lat' dir='ltr'>feraris</span> <span class='ocrx_word' id='word_1_102' title='bbox 1175 1858 1335 1930; x_wconf 91' lang='lat' dir='ltr'>quod</span> <span class='ocrx_word' id='word_1_103' title='bbox 1357 1859 1705 1930; x_wconf 87' lang='lat' dir='ltr'>acceperitis</span> <span class='ocrx_word' id='word_1_104' title='bbox 1725 1859 1956 1914; x_wconf 86' lang='lat' dir='ltr'>minora</span> <span class='ocrx_word' id='word_1_105' title='bbox 1975 1859 2002 1914; x_wconf 85' lang='lat'><strong>?</strong></span> 
     </span>
    </p>
   </div>
   <div class='ocr_carea' id='block_1_16' title="bbox 347 1947 2078 2049">
    <p class='ocr_par' dir='ltr' id='par_1_16' title="bbox 347 1947 2078 2049">
     <span class='ocr_line' id='line_1_16' title="bbox 347 1947 2078 2049; baseline -0.002 -45"><span class='ocrx_word' id='word_1_106' title='bbox 347 1949 452 2004; x_wconf 87' lang='lat' dir='ltr'>sed</span> <span class='ocrx_word' id='word_1_107' title='bbox 467 1948 660 2004; x_wconf 88' lang='lat' dir='ltr'>adhuc</span> <span class='ocrx_word' id='word_1_108' title='bbox 674 1953 972 2004; x_wconf 88' lang='lat' dir='ltr'>amatores</span> <span class='ocrx_word' id='word_1_109' title='bbox 987 1964 1054 2002; x_wconf 87' lang='lat' dir='ltr'>ac</span> <span class='ocrx_word' id='word_1_110' title='bbox 1077 1947 1454 2002; x_wconf 71' lang='lat' dir='ltr'>mmulatores</span> <span class='ocrx_word' id='word_1_111' title='bbox 1495 1947 1607 2018; x_wconf 80' lang='lat' dir='ltr'>maj</span> <span class='ocrx_word' id='word_1_112' title='bbox 1619 1963 1786 2002; x_wconf 74' lang='lat' dir='ltr'>oaum</span> <span class='ocrx_word' id='word_1_113' title='bbox 1811 1947 1954 2002; x_wconf 85' lang='lat' dir='ltr'>estis</span> <span class='ocrx_word' id='word_1_114' title='bbox 1973 1947 2002 2001; x_wconf 72' lang='lat' dir='ltr'>‘I</span> <span class='ocrx_word' id='word_1_115' title='bbox 2033 1985 2078 2049; x_wconf 80' lang='grc' dir='ltr'><strong>Β</strong></span> 
     </span>
    </p>
   </div>
   <div class='ocr_carea' id='block_1_17' title="bbox 346 2035 1997 2110">
    <p class='ocr_par' dir='ltr' id='par_1_17' title="bbox 346 2035 1997 2110">
     <span class='ocr_line' id='line_1_17' title="bbox 346 2035 1997 2110; baseline -0.001 -17"><span class='ocrx_word' id='word_1_116' title='bbox 346 2056 482 2110; x_wconf 86' lang='lat' dir='ltr'>ergo</span> <span class='ocrx_word' id='word_1_117' title='bbox 504 2037 879 2110; x_wconf 87' lang='lat' dir='ltr'>quoquejam</span> <span class='ocrx_word' id='word_1_118' title='bbox 902 2037 977 2092; x_wconf 89' lang='lat' dir='ltr'>ad</span> <span class='ocrx_word' id='word_1_119' title='bbox 1007 2053 1222 2106; x_wconf 83' lang='lat' dir='ltr'>eaquae</span> <span class='ocrx_word' id='word_1_120' title='bbox 1237 2035 1394 2091; x_wconf 88' lang='lat' dir='ltr'>dicta</span> <span class='ocrx_word' id='word_1_121' title='bbox 1416 2041 1557 2092; x_wconf 91' lang='lat' dir='ltr'>sunt</span> <span class='ocrx_word' id='word_1_122' title='bbox 1576 2036 1997 2107; x_wconf 91' lang='lat' dir='ltr'>compendium</span> 
     </span>
    </p>
   </div>
   <div class='ocr_carea' id='block_1_18' title="bbox 344 2125 1996 2197">
    <p class='ocr_par' dir='ltr' id='par_1_18' title="bbox 344 2125 1996 2197">
     <span class='ocr_line' id='line_1_18' title="bbox 344 2125 1996 2197; baseline -0.001 -15"><span class='ocrx_word' id='word_1_123' title='bbox 344 2128 509 2183; x_wconf 87' lang='lat' dir='ltr'>vobis</span> <span class='ocrx_word' id='word_1_124' title='bbox 537 2144 604 2182; x_wconf 93' lang='lat' dir='ltr'>ac</span> <span class='ocrx_word' id='word_1_125' title='bbox 625 2127 778 2182; x_wconf 87' lang='lat' dir='ltr'>viam</span> <span class='ocrx_word' id='word_1_126' title='bbox 811 2126 1178 2194; x_wconf 90' lang='lat' dir='ltr'>demonstro,</span> <span class='ocrx_word' id='word_1_127' title='bbox 1207 2142 1314 2196; x_wconf 91' lang='lat' dir='ltr'>per</span> <span class='ocrx_word' id='word_1_128' title='bbox 1359 2143 1538 2197; x_wconf 88' lang='lat' dir='ltr'>quam</span> <span class='ocrx_word' id='word_1_129' title='bbox 1586 2125 1751 2180; x_wconf 92' lang='lat' dir='ltr'>nullo</span> <span class='ocrx_word' id='word_1_130' title='bbox 1783 2127 1996 2180; x_wconf 89' lang='lat' dir='ltr'>horum</span> 
     </span>
    </p>
   </div>
   <div class='ocr_carea' id='block_1_19' title="bbox 343 2215 2000 2287">
    <p class='ocr_par' dir='ltr' id='par_1_19' title="bbox 343 2215 2000 2287">
     <span class='ocr_line' id='line_1_19' title="bbox 343 2215 2000 2287; baseline -0.001 -17"><span class='ocrx_word' id='word_1_131' title='bbox 343 2217 644 2287; x_wconf 81' lang='lat' dir='ltr'>majorum</span> <span class='ocrx_word' id='word_1_132' title='bbox 672 2215 968 2270; x_wconf 91' lang='lat' dir='ltr'>donorum</span> <span class='ocrx_word' id='word_1_133' title='bbox 1000 2215 1162 2269; x_wconf 91' lang='lat' dir='ltr'>vobis</span> <span class='ocrx_word' id='word_1_134' title='bbox 1197 2232 1346 2286; x_wconf 91' lang='lat' dir='ltr'>opus</span> <span class='ocrx_word' id='word_1_135' title='bbox 1378 2215 1474 2282; x_wconf 85' lang='lat' dir='ltr'>sit,</span> <span class='ocrx_word' id='word_1_136' title='bbox 1509 2215 1611 2271; x_wconf 94' lang='lat' dir='ltr'>sed</span> <span class='ocrx_word' id='word_1_137' title='bbox 1634 2216 1865 2270; x_wconf 65' lang='lat' dir='ltr'>caeteris</span> <span class='ocrx_word' id='word_1_138' title='bbox 1897 2232 2000 2269; x_wconf 89' lang='lat' dir='ltr'>ex-</span> 
     </span>
    </p>
   </div>
   <div class='ocr_carea' id='block_1_20' title="bbox 345 2304 1999 2376">
    <p class='ocr_par' dir='ltr' id='par_1_20' title="bbox 345 2304 1999 2376">
     <span class='ocr_line' id='line_1_20' title="bbox 345 2304 1999 2376; baseline -0.001 -16"><span class='ocrx_word' id='word_1_139' title='bbox 345 2305 632 2360; x_wconf 89' lang='lat' dir='ltr'>cellenter</span> <span class='ocrx_word' id='word_1_140' title='bbox 651 2321 718 2360; x_wconf 87' lang='lat' dir='ltr'>ac</span> <span class='ocrx_word' id='word_1_141' title='bbox 739 2319 872 2359; x_wconf 89' lang='lat' dir='ltr'>vere</span> <span class='ocrx_word' id='word_1_142' title='bbox 895 2305 1154 2376; x_wconf 85' lang='lat' dir='ltr'>majores</span> <span class='ocrx_word' id='word_1_143' title='bbox 1185 2321 1253 2359; x_wconf 90' lang='lat' dir='ltr'>ac</span> <span class='ocrx_word' id='word_1_144' title='bbox 1285 2304 1668 2375; x_wconf 84' lang='lat' dir='ltr'>perfectiores</span> <span class='ocrx_word' id='word_1_145' title='bbox 1709 2320 1999 2376; x_wconf 86' lang='lat' dir='ltr'>apparea-</span> 
     </span>
    </p>
   </div>
   <div class='ocr_carea' id='block_1_21' title="bbox 348 2392 2001 2464">
    <p class='ocr_par' dir='ltr' id='par_1_21' title="bbox 348 2392 2001 2464">
     <span class='ocr_line' id='line_1_21' title="bbox 348 2392 2001 2464; baseline 0 -16"><span class='ocrx_word' id='word_1_146' title='bbox 348 2395 445 2448; x_wconf 88' lang='lat' dir='ltr'>tis.</span> <span class='ocrx_word' id='word_1_147' title='bbox 463 2395 745 2458; x_wconf 80' lang='lat' dir='ltr'>Quaenam</span> <span class='ocrx_word' id='word_1_148' title='bbox 770 2393 951 2464; x_wconf 80' lang='lat' dir='ltr'>igitur</span> <span class='ocrx_word' id='word_1_149' title='bbox 973 2398 1063 2447; x_wconf 88' lang='lat' dir='ltr'>est</span> <span class='ocrx_word' id='word_1_150' title='bbox 1083 2392 1187 2447; x_wconf 93' lang='lat' dir='ltr'>illa</span> <span class='ocrx_word' id='word_1_151' title='bbox 1208 2408 1302 2447; x_wconf 88' lang='lat' dir='ltr'>res</span> <span class='ocrx_word' id='word_1_152' title='bbox 1328 2393 1355 2447; x_wconf 87' lang='lat'><strong>?</strong></span> <span class='ocrx_word' id='word_1_153' title='bbox 1375 2392 1636 2464; x_wconf 85' lang='lat' dir='ltr'>Simplex</span> <span class='ocrx_word' id='word_1_154' title='bbox 1668 2398 1758 2447; x_wconf 88' lang='lat' dir='ltr'>est</span> <span class='ocrx_word' id='word_1_155' title='bbox 1805 2398 1859 2447; x_wconf 87' lang='lat' dir='ltr'>et</span> <span class='ocrx_word' id='word_1_156' title='bbox 1921 2393 2001 2448; x_wconf 92' lang='lat' dir='ltr'>la-</span> 
     </span>
    </p>
   </div>
   <div class='ocr_carea' id='block_1_22' title="bbox 351 2481 2003 2553">
    <p class='ocr_par' dir='ltr' id='par_1_22' title="bbox 351 2481 2003 2553">
     <span class='ocr_line' id='line_1_22' title="bbox 351 2481 2003 2553; baseline -0.001 -16"><span class='ocrx_word' id='word_1_157' title='bbox 351 2484 742 2549; x_wconf 91' lang='lat' dir='ltr'>borecarens,</span> <span class='ocrx_word' id='word_1_158' title='bbox 763 2497 1017 2552; x_wconf 70' lang='lat' dir='ltr'>quaeque</span> <span class='ocrx_word' id='word_1_159' title='bbox 1032 2481 1317 2536; x_wconf 87' lang='lat' dir='ltr'>facillime</span> <span class='ocrx_word' id='word_1_160' title='bbox 1358 2488 1619 2552; x_wconf 88' lang='lat' dir='ltr'>paretur.</span> <span class='ocrx_word' id='word_1_161' title='bbox 1653 2481 1804 2547; x_wconf 90' lang='lat' dir='ltr'>Quid</span> <span class='ocrx_word' id='word_1_162' title='bbox 1826 2483 2003 2553; x_wconf 77' lang='lat' dir='ltr'>igitur</span> 
     </span>
    </p>
   </div>
   <div class='ocr_carea' id='block_1_23' title="bbox 349 2570 2002 2641">
    <p class='ocr_par' dir='ltr' id='par_1_23' title="bbox 349 2570 2002 2641">
     <span class='ocr_line' id='line_1_23' title="bbox 349 2570 2002 2641; baseline -0.001 -15"><span class='ocrx_word' id='word_1_163' title='bbox 349 2571 500 2626; x_wconf 91' lang='lat' dir='ltr'>illud</span> <span class='ocrx_word' id='word_1_164' title='bbox 528 2571 660 2626; x_wconf 85' lang='lat' dir='ltr'>est?</span> <span class='ocrx_word' id='word_1_165' title='bbox 687 2570 857 2635; x_wconf 89' lang='lat' dir='ltr'>Quid,</span> <span class='ocrx_word' id='word_1_166' title='bbox 885 2570 1100 2641; x_wconf 89' lang='lat' dir='ltr'>inquit,</span> <span class='ocrx_word' id='word_1_167' title='bbox 1127 2570 1292 2625; x_wconf 88' lang='lat' dir='ltr'>aliud</span> <span class='ocrx_word' id='word_1_168' title='bbox 1330 2571 1445 2625; x_wconf 92' lang='lat' dir='ltr'>nisi</span> <span class='ocrx_word' id='word_1_169' title='bbox 1488 2571 1744 2625; x_wconf 84' lang='lat' dir='ltr'>Charitas</span> <span class='ocrx_word' id='word_1_170' title='bbox 1778 2588 1881 2625; x_wconf 90' lang='lat' dir='ltr'>seu</span> <span class='ocrx_word' id='word_1_171' title='bbox 1914 2570 2002 2625; x_wconf 92' lang='lat' dir='ltr'>di-</span> 
     </span>
    </p>
   </div>
   <div class='ocr_carea' id='block_1_24' title="bbox 351 2660 2000 2732">
    <p class='ocr_par' dir='ltr' id='par_1_24' title="bbox 351 2660 2000 2732">
     <span class='ocr_line' id='line_1_24' title="bbox 351 2660 2000 2732; baseline 0 -17"><span class='ocrx_word' id='word_1_172' title='bbox 351 2661 526 2715; x_wconf 89' lang='lat' dir='ltr'>lectio</span> <span class='ocrx_word' id='word_1_173' title='bbox 549 2660 575 2714; x_wconf 91' lang='lat'><strong>?</strong></span> <span class='ocrx_word' id='word_1_174' title='bbox 607 2660 707 2730; x_wconf 90' lang='lat' dir='ltr'>qui</span> <span class='ocrx_word' id='word_1_175' title='bbox 742 2660 903 2714; x_wconf 91' lang='lat' dir='ltr'>enim</span> <span class='ocrx_word' id='word_1_176' title='bbox 935 2661 1089 2714; x_wconf 89' lang='lat' dir='ltr'>hanc</span> <span class='ocrx_word' id='word_1_177' title='bbox 1120 2677 1303 2730; x_wconf 90' lang='lat' dir='ltr'>purus</span> <span class='ocrx_word' id='word_1_178' title='bbox 1335 2660 1583 2731; x_wconf 88' lang='lat' dir='ltr'>accepit,</span> <span class='ocrx_word' id='word_1_179' title='bbox 1615 2677 1823 2714; x_wconf 90' lang='lat' dir='ltr'>omnes</span> <span class='ocrx_word' id='word_1_180' title='bbox 1852 2678 2000 2732; x_wconf 69' lang='lat' dir='ltr'>prae-</span> 
     </span>
    </p>
   </div>
   <div class='ocr_carea' id='block_1_25' title="bbox 350 2748 2004 2819">
    <p class='ocr_par' dir='ltr' id='par_1_25' title="bbox 350 2748 2004 2819">
     <span class='ocr_line' id='line_1_25' title="bbox 350 2748 2004 2819; baseline 0 -15"><span class='ocrx_word' id='word_1_181' title='bbox 350 2749 536 2814; x_wconf 91' lang='lat' dir='ltr'>cellit,</span> <span class='ocrx_word' id='word_1_182' title='bbox 571 2765 780 2803; x_wconf 87' lang='lat' dir='ltr'>omnes</span> <span class='ocrx_word' id='word_1_183' title='bbox 813 2748 1047 2803; x_wconf 87' lang='lat' dir='ltr'>excedit</span> <span class='ocrx_word' id='word_1_184' title='bbox 1080 2765 1092 2802; x_wconf 92' lang='lat'><strong>:</strong></span> <span class='ocrx_word' id='word_1_185' title='bbox 1127 2749 1227 2819; x_wconf 92' lang='lat' dir='ltr'>qui</span> <span class='ocrx_word' id='word_1_186' title='bbox 1263 2766 1396 2804; x_wconf 87' lang='lat' dir='ltr'>vero</span> <span class='ocrx_word' id='word_1_187' title='bbox 1428 2750 1580 2804; x_wconf 90' lang='lat' dir='ltr'>hanc</span> <span class='ocrx_word' id='word_1_188' title='bbox 1631 2767 1752 2804; x_wconf 91' lang='lat' dir='ltr'>non</span> <span class='ocrx_word' id='word_1_189' title='bbox 1803 2749 2004 2815; x_wconf 87' lang='lat' dir='ltr'>habet,</span> 
     </span>
    </p>
   </div>
   <div class='ocr_carea' id='block_1_26' title="bbox 353 2837 2003 2906">
    <p class='ocr_par' dir='ltr' id='par_1_26' title="bbox 353 2837 2003 2906">
     <span class='ocr_line' id='line_1_26' title="bbox 353 2837 2003 2906; baseline -0.001 -13"><span class='ocrx_word' id='word_1_190' title='bbox 353 2837 632 2894; x_wconf 90' lang='lat' dir='ltr'>omnibus</span> <span class='ocrx_word' id='word_1_191' title='bbox 693 2837 931 2906; x_wconf 90' lang='lat' dir='ltr'>excidit,</span> <span class='ocrx_word' id='word_1_192' title='bbox 982 2837 1260 2892; x_wconf 89' lang='lat' dir='ltr'>omnibus</span> <span class='ocrx_word' id='word_1_193' title='bbox 1321 2837 1684 2893; x_wconf 88' lang='lat' dir='ltr'>destituitur.</span> <span class='ocrx_word' id='word_1_194' title='bbox 1744 2838 1906 2904; x_wconf 91' lang='lat' dir='ltr'>Quod</span> <span class='ocrx_word' id='word_1_195' title='bbox 1957 2840 2003 2893; x_wconf 89' lang='lat' dir='ltr'>si</span> 
     </span>
    </p>
   </div>
   <div class='ocr_carea' id='block_1_27' title="bbox 355 2926 2007 2998">
    <p class='ocr_par' dir='ltr' id='par_1_27' title="bbox 355 2926 2007 2998">
     <span class='ocr_line' id='line_1_27' title="bbox 355 2926 2007 2998; baseline 0.001 -15"><span class='ocrx_word' id='word_1_196' title='bbox 355 2929 708 2983; x_wconf 87' lang='lat' dir='ltr'>charitatem</span> <span class='ocrx_word' id='word_1_197' title='bbox 728 2926 1274 2998; x_wconf 88' lang='lat' dir='ltr'>habeamus,neque</span> <span class='ocrx_word' id='word_1_198' title='bbox 1315 2928 1386 2982; x_wconf 92' lang='lat' dir='ltr'>de</span> <span class='ocrx_word' id='word_1_199' title='bbox 1413 2928 1632 2984; x_wconf 90' lang='lat' dir='ltr'>mutuis</span> <span class='ocrx_word' id='word_1_200' title='bbox 1661 2929 1833 2984; x_wconf 89' lang='lat' dir='ltr'>donis</span> <span class='ocrx_word' id='word_1_201' title='bbox 1864 2946 2007 2984; x_wconf 94' lang='lat' dir='ltr'>con-</span> 
     </span>
    </p>
   </div>
   <div class='ocr_carea' id='block_1_28' title="bbox 355 3016 2010 3090">
    <p class='ocr_par' dir='ltr' id='par_1_28' title="bbox 355 3016 2010 3090">
     <span class='ocr_line' id='line_1_28' title="bbox 355 3016 2010 3090; baseline 0.001 -18"><span class='ocrx_word' id='word_1_202' title='bbox 355 3016 671 3073; x_wconf 86' lang='lat' dir='ltr'>tendentes</span> <span class='ocrx_word' id='word_1_203' title='bbox 700 3018 871 3072; x_wconf 88' lang='lat' dir='ltr'>anxie</span> <span class='ocrx_word' id='word_1_204' title='bbox 904 3017 1080 3073; x_wconf 91' lang='lat' dir='ltr'>verba</span> <span class='ocrx_word' id='word_1_205' title='bbox 1109 3017 1413 3087; x_wconf 89' lang='lat' dir='ltr'>faciemus,</span> <span class='ocrx_word' id='word_1_206' title='bbox 1438 3035 1632 3089; x_wconf 90' lang='lat' dir='ltr'>neque</span> <span class='ocrx_word' id='word_1_207' title='bbox 1655 3018 1818 3074; x_wconf 88' lang='lat' dir='ltr'>aliud</span> <span class='ocrx_word' id='word_1_208' title='bbox 1839 3019 2010 3090; x_wconf 90' lang='lat' dir='ltr'>quid-</span> 
     </span>
    </p>
   </div>
   <div class='ocr_carea' id='block_1_29' title="bbox 359 3107 2005 3180">
    <p class='ocr_par' dir='ltr' id='par_1_29' title="bbox 359 3107 2005 3180">
     <span class='ocr_line' id='line_1_29' title="bbox 359 3107 2005 3180; baseline 0.001 -18"><span class='ocrx_word' id='word_1_209' title='bbox 359 3123 538 3179; x_wconf 88' lang='lat' dir='ltr'>quam</span> <span class='ocrx_word' id='word_1_210' title='bbox 573 3124 776 3162; x_wconf 89' lang='lat' dir='ltr'>eorum</span> <span class='ocrx_word' id='word_1_211' title='bbox 811 3123 940 3177; x_wconf 67' lang='lat' dir='ltr'>quae</span> <span class='ocrx_word' id='word_1_212' title='bbox 968 3124 1090 3162; x_wconf 90' lang='lat' dir='ltr'>non</span> <span class='ocrx_word' id='word_1_213' title='bbox 1147 3107 1511 3162; x_wconf 86' lang='lat' dir='ltr'>conveniunt</span> <span class='ocrx_word' id='word_1_214' title='bbox 1567 3124 1677 3163; x_wconf 92' lang='lat' dir='ltr'>nos</span> <span class='ocrx_word' id='word_1_215' title='bbox 1736 3109 2005 3180; x_wconf 79' lang='lat' dir='ltr'>attinget.</span> 
     </span>
    </p>
   </div>
   <div class='ocr_carea' id='block_1_30' title="bbox 365 3196 2008 3268">
    <p class='ocr_par' dir='ltr' id='par_1_30' title="bbox 365 3196 2008 3268">
     <span class='ocr_line' id='line_1_30' title="bbox 365 3196 2008 3268; baseline 0.002 -18"><span class='ocrx_word' id='word_1_216' title='bbox 365 3217 386 3245; x_wconf 74' lang='grc' dir='ltr'>ε</span> <span class='ocrx_word' id='word_1_217' title='bbox 423 3196 639 3268; x_wconf 85' lang='lat' dir='ltr'>Etjam</span> <span class='ocrx_word' id='word_1_218' title='bbox 673 3196 1055 3254; x_wconf 85' lang='lat' dir='ltr'>excellenter.</span> <span class='ocrx_word' id='word_1_219' title='bbox 1093 3219 1118 3243; x_wconf 82' lang='lat'><strong>»</strong></span> <span class='ocrx_word' id='word_1_220' title='bbox 1154 3197 1210 3251; x_wconf 91' lang='lat' dir='ltr'>Si</span> <span class='ocrx_word' id='word_1_221' title='bbox 1242 3198 1509 3265; x_wconf 87' lang='lat' dir='ltr'>omnino,</span> <span class='ocrx_word' id='word_1_222' title='bbox 1559 3197 1775 3268; x_wconf 90' lang='lat' dir='ltr'>inquit,</span> <span class='ocrx_word' id='word_1_223' title='bbox 1827 3215 2008 3253; x_wconf 66' lang='lat' dir='ltr'>aemu-</span> 
     </span>
    </p>
   </div>
   <div class='ocr_carea' id='block_1_31' title="bbox 359 3285 2007 3356">
    <p class='ocr_par' dir='ltr' id='par_1_31' title="bbox 359 3285 2007 3356">
     <span class='ocr_line' id='line_1_31' title="bbox 359 3285 2007 3356; baseline 0.001 -16"><span class='ocrx_word' id='word_1_224' title='bbox 359 3286 578 3341; x_wconf 83' lang='lat' dir='ltr'>latores</span> <span class='ocrx_word' id='word_1_225' title='bbox 610 3285 751 3340; x_wconf 90' lang='lat' dir='ltr'>estis</span> <span class='ocrx_word' id='word_1_226' title='bbox 809 3287 1108 3356; x_wconf 90' lang='lat' dir='ltr'>potiorum</span> <span class='ocrx_word' id='word_1_227' title='bbox 1163 3286 1476 3353; x_wconf 88' lang='lat' dir='ltr'>donorum,</span> <span class='ocrx_word' id='word_1_228' title='bbox 1539 3286 1785 3342; x_wconf 90' lang='lat' dir='ltr'>ostende</span> <span class='ocrx_word' id='word_1_229' title='bbox 1844 3287 2007 3342; x_wconf 92' lang='lat' dir='ltr'>vobis</span> 
     </span>
    </p>
   </div>
   <div class='ocr_carea' id='block_1_32' title="bbox 363 3359 2013 3447">
    <p class='ocr_par' dir='ltr' id='par_1_32' title="bbox 363 3373 2009 3447">
     <span class='ocr_line' id='line_1_32' title="bbox 363 3373 2009 3447; baseline 0.003 -20"><span class='ocrx_word' id='word_1_230' title='bbox 363 3373 724 3428; x_wconf 88' lang='lat' dir='ltr'>excellenter</span> <span class='ocrx_word' id='word_1_231' title='bbox 754 3374 970 3429; x_wconf 91' lang='lat' dir='ltr'>melius</span> <span class='ocrx_word' id='word_1_232' title='bbox 1002 3374 1247 3444; x_wconf 90' lang='lat' dir='ltr'>donum,</span> <span class='ocrx_word' id='word_1_233' title='bbox 1269 3393 1483 3447; x_wconf 85' lang='lat' dir='ltr'>nempe</span> <span class='ocrx_word' id='word_1_234' title='bbox 1508 3382 1855 3432; x_wconf 82' lang='lat' dir='ltr'>ostensurus</span> <span class='ocrx_word' id='word_1_235' title='bbox 1878 3378 2009 3432; x_wconf 87' lang='lat' dir='ltr'>cha-</span> 
     </span>
    </p>
   </div>
   <div class='ocr_carea' id='block_1_33' title="bbox 2125 3359 2404 3447">
    <p class='ocr_par' dir='ltr' id='par_1_33' title="bbox 2125 3369 2404 3427">
     <span class='ocr_line' id='line_1_33' title="bbox 2125 3369 2404 3427; baseline 0 -1"><span class='ocrx_word' id='word_1_236' title='bbox 2125 3369 2404 3427; x_wconf 71' lang='grc' dir='ltr'>δεικνύειν.</span> 
     </span>
    </p>
   </div>
   <div class='ocr_carea' id='block_1_34' title="bbox 364 3462 2018 3534">
    <p class='ocr_par' dir='ltr' id='par_1_34' title="bbox 364 3462 2018 3534">
     <span class='ocr_line' id='line_1_34' title="bbox 364 3462 2018 3534; baseline 0.001 -16"><span class='ocrx_word' id='word_1_237' title='bbox 364 3463 623 3518; x_wconf 88' lang='lat' dir='ltr'>ritatem.</span> <span class='ocrx_word' id='word_1_238' title='bbox 661 3463 726 3516; x_wconf 91' lang='lat' dir='ltr'>Et</span> <span class='ocrx_word' id='word_1_239' title='bbox 754 3462 884 3517; x_wconf 90' lang='lat' dir='ltr'>vide</span> <span class='ocrx_word' id='word_1_240' title='bbox 927 3463 1086 3534; x_wconf 92' lang='lat' dir='ltr'>quod</span> <span class='ocrx_word' id='word_1_241' title='bbox 1143 3481 1265 3518; x_wconf 91' lang='lat' dir='ltr'>non</span> <span class='ocrx_word' id='word_1_242' title='bbox 1322 3464 1536 3519; x_wconf 84' lang='lat' dir='ltr'>dixerit</span> <span class='ocrx_word' id='word_1_243' title='bbox 1573 3482 1585 3518; x_wconf 95' lang='lat'>:</span> <span class='ocrx_word' id='word_1_244' title='bbox 1645 3465 2018 3520; x_wconf 87' lang='lat' dir='ltr'>Excellenter</span> 
     </span>
    </p>
   </div>
   <div class='ocr_carea' id='block_1_35' title="bbox 367 3551 2018 3626">
    <p class='ocr_par' dir='ltr' id='par_1_35' title="bbox 367 3551 2018 3626">
     <span class='ocr_line' id='line_1_35' title="bbox 367 3551 2018 3626; baseline 0.003 -22"><span class='ocrx_word' id='word_1_245' title='bbox 367 3551 536 3606; x_wconf 89' lang='lat' dir='ltr'>vobis</span> <span class='ocrx_word' id='word_1_246' title='bbox 565 3551 786 3607; x_wconf 90' lang='lat' dir='ltr'>donum</span> <span class='ocrx_word' id='word_1_247' title='bbox 819 3552 1086 3617; x_wconf 84' lang='lat' dir='ltr'>ostendo,</span> <span class='ocrx_word' id='word_1_248' title='bbox 1123 3552 1226 3607; x_wconf 93' lang='lat' dir='ltr'>sed</span> <span class='ocrx_word' id='word_1_249' title='bbox 1287 3575 1311 3605; x_wconf 77' lang='grc' dir='ltr'>α</span> <span class='ocrx_word' id='word_1_250' title='bbox 1369 3553 1556 3621; x_wconf 88' lang='lat' dir='ltr'>Viam,</span> <span class='ocrx_word' id='word_1_251' title='bbox 1620 3576 1647 3602; x_wconf 90' lang='lat'><strong>»</strong></span> <span class='ocrx_word' id='word_1_252' title='bbox 1677 3554 2018 3626; x_wconf 77' lang='lat' dir='ltr'>significans</span> 
     </span>
    </p>
   </div>
   <div class='ocr_carea' id='block_1_36' title="bbox 368 3643 2019 3714">
    <p class='ocr_par' dir='ltr' id='par_1_36' title="bbox 368 3643 2019 3714">
     <span class='ocr_line' id='line_1_36' title="bbox 368 3643 2019 3714; baseline 0.002 -18"><span class='ocrx_word' id='word_1_253' title='bbox 368 3643 718 3697; x_wconf 87' lang='lat' dir='ltr'>charitatem</span> <span class='ocrx_word' id='word_1_254' title='bbox 754 3659 883 3698; x_wconf 89' lang='lat' dir='ltr'>esse</span> <span class='ocrx_word' id='word_1_255' title='bbox 917 3643 1069 3697; x_wconf 83' lang='lat' dir='ltr'>viam</span> <span class='ocrx_word' id='word_1_256' title='bbox 1103 3659 1233 3714; x_wconf 72' lang='lat' dir='ltr'>qum</span> <span class='ocrx_word' id='word_1_257' title='bbox 1264 3644 1338 3699; x_wconf 91' lang='lat' dir='ltr'>ad</span> <span class='ocrx_word' id='word_1_258' title='bbox 1369 3644 1573 3698; x_wconf 90' lang='lat' dir='ltr'>omnia</span> <span class='ocrx_word' id='word_1_259' title='bbox 1629 3645 1787 3699; x_wconf 91' lang='lat' dir='ltr'>dona</span> <span class='ocrx_word' id='word_1_260' title='bbox 1833 3644 2019 3700; x_wconf 88' lang='lat' dir='ltr'>dedu-</span> 
     </span>
    </p>
   </div>
   <div class='ocr_carea' id='block_1_37' title="bbox 371 3732 2021 3806">
    <p class='ocr_par' dir='ltr' id='par_1_37' title="bbox 371 3732 2021 3806">
     <span class='ocr_line' id='line_1_37' title="bbox 371 3732 2021 3806; baseline 0.002 -21"><span class='ocrx_word' id='word_1_261' title='bbox 371 3737 484 3800; x_wconf 91' lang='lat' dir='ltr'>cat,</span> <span class='ocrx_word' id='word_1_262' title='bbox 520 3740 576 3787; x_wconf 91' lang='lat' dir='ltr'>et</span> <span class='ocrx_word' id='word_1_263' title='bbox 609 3733 760 3788; x_wconf 87' lang='lat' dir='ltr'>hanc</span> <span class='ocrx_word' id='word_1_264' title='bbox 791 3737 1079 3804; x_wconf 88' lang='lat' dir='ltr'>assectus,</span> <span class='ocrx_word' id='word_1_265' title='bbox 1116 3749 1222 3804; x_wconf 89' lang='lat' dir='ltr'>per</span> <span class='ocrx_word' id='word_1_266' title='bbox 1281 3732 1470 3804; x_wconf 92' lang='lat' dir='ltr'>ipsam</span> <span class='ocrx_word' id='word_1_267' title='bbox 1529 3734 1602 3789; x_wconf 91' lang='lat' dir='ltr'>ad</span> <span class='ocrx_word' id='word_1_268' title='bbox 1651 3739 1865 3789; x_wconf 73' lang='lat' dir='ltr'>caatera</span> <span class='ocrx_word' id='word_1_269' title='bbox 1895 3750 2021 3806; x_wconf 87' lang='lat' dir='ltr'>gra-</span> 
     </span>
    </p>
   </div>
   <div class='ocr_carea' id='block_1_38' title="bbox 373 3821 590 3878">
    <p class='ocr_par' dir='ltr' id='par_1_38' title="bbox 373 3821 590 3878">
     <span class='ocr_line' id='line_1_38' title="bbox 373 3821 590 3878; baseline 0.005 -2"><span class='ocrx_word' id='word_1_270' title='bbox 373 3821 590 3878; x_wconf 84' lang='lat' dir='ltr'>dietur.</span> 
     </span>
    </p>
   </div>
   <div class='ocr_carea' id='block_1_39' title="bbox 440 3914 2023 3989">
    <p class='ocr_par' dir='ltr' id='par_1_39' title="bbox 440 3914 2023 3989">
     <span class='ocr_line' id='line_1_39' title="bbox 440 3914 2023 3989; baseline 0 -19"><span class='ocrx_word' id='word_1_271' title='bbox 440 3914 596 3971; x_wconf 74' lang='lat'>548</span> <span class='ocrx_word' id='word_1_272' title='bbox 629 3917 758 3970; x_wconf 81' lang='lat' dir='ltr'>Alio</span> <span class='ocrx_word' id='word_1_273' title='bbox 788 3915 968 3970; x_wconf 89' lang='lat' dir='ltr'>modo.</span> <span class='ocrx_word' id='word_1_274' title='bbox 1004 3915 1254 3980; x_wconf 91' lang='lat' dir='ltr'>Quidam</span> <span class='ocrx_word' id='word_1_275' title='bbox 1288 3916 1398 3971; x_wconf 85' lang='lat' dir='ltr'>hoc</span> <span class='ocrx_word' id='word_1_276' title='bbox 1445 3934 1551 3988; x_wconf 91' lang='lat' dir='ltr'>per</span> <span class='ocrx_word' id='word_1_277' title='bbox 1607 3916 2023 3989; x_wconf 86' lang='lat' dir='ltr'>interrogatio-</span> 
     </span>
    </p>
   </div>
   <div class='ocr_carea' id='block_1_40' title="bbox 369 4004 2025 4079">
    <p class='ocr_par' dir='ltr' id='par_1_40' title="bbox 369 4004 2025 4079">
     <span class='ocr_line' id='line_1_40' title="bbox 369 4004 2025 4079; baseline 0.002 -21"><span class='ocrx_word' id='word_1_278' title='bbox 369 4021 508 4059; x_wconf 89' lang='lat' dir='ltr'>nem</span> <span class='ocrx_word' id='word_1_279' title='bbox 530 4004 971 4077; x_wconf 87' lang='lat' dir='ltr'>legerunt:hoc</span> <span class='ocrx_word' id='word_1_280' title='bbox 992 4007 1354 4074; x_wconf 86' lang='lat' dir='ltr'>est,omnino</span> <span class='ocrx_word' id='word_1_281' title='bbox 1395 4008 1624 4079; x_wconf 84' lang='lat' dir='ltr'>majora</span> <span class='ocrx_word' id='word_1_282' title='bbox 1672 4009 2025 4064; x_wconf 86' lang='lat' dir='ltr'>desideratis</span> 
     </span>
    </p>
   </div>
   <div class='ocr_carea' id='block_1_41' title="bbox 370 4093 2024 4168">
    <p class='ocr_par' dir='ltr' id='par_1_41' title="bbox 370 4093 2024 4168">
     <span class='ocr_line' id='line_1_41' title="bbox 370 4093 2024 4168; baseline 0.003 -21"><span class='ocrx_word' id='word_1_283' title='bbox 370 4093 575 4148; x_wconf 85' lang='lat' dir='ltr'>dona?</span> <span class='ocrx_word' id='word_1_284' title='bbox 607 4095 654 4148; x_wconf 90' lang='lat' dir='ltr'>si</span> <span class='ocrx_word' id='word_1_285' title='bbox 687 4095 931 4149; x_wconf 91' lang='lat' dir='ltr'>omnino</span> <span class='ocrx_word' id='word_1_286' title='bbox 963 4094 1024 4148; x_wconf 90' lang='lat' dir='ltr'>id</span> <span class='ocrx_word' id='word_1_287' title='bbox 1055 4096 1290 4166; x_wconf 90' lang='lat' dir='ltr'>cupitis,</span> <span class='ocrx_word' id='word_1_288' title='bbox 1327 4113 1430 4168; x_wconf 87' lang='lat' dir='ltr'>ego</span> <span class='ocrx_word' id='word_1_289' title='bbox 1463 4113 1564 4151; x_wconf 88' lang='lat' dir='ltr'>vos</span> <span class='ocrx_word' id='word_1_290' title='bbox 1625 4103 1896 4168; x_wconf 89' lang='lat' dir='ltr'>prompte</span> <span class='ocrx_word' id='word_1_291' title='bbox 1951 4097 2024 4152; x_wconf 91' lang='lat' dir='ltr'>ad</span> 
     </span>
    </p>
   </div>
   <div class='ocr_carea' id='block_1_42' title="bbox 371 4182 2024 4257">
    <p class='ocr_par' dir='ltr' id='par_1_42' title="bbox 371 4182 2024 4257">
     <span class='ocr_line' id='line_1_42' title="bbox 371 4182 2024 4257; baseline 0.004 -22"><span class='ocrx_word' id='word_1_292' title='bbox 371 4182 501 4236; x_wconf 63' lang='lat' dir='ltr'>haec</span> <span class='ocrx_word' id='word_1_293' title='bbox 525 4182 832 4238; x_wconf 84' lang='lat' dir='ltr'>deducam.</span> <span class='ocrx_word' id='word_1_294' title='bbox 859 4183 1441 4256; x_wconf 79' lang='lat' dir='ltr'>Namidsubjungit:</span> <span class='ocrx_word' id='word_1_295' title='bbox 1499 4208 1526 4235; x_wconf 87' lang='lat'><strong>«</strong></span> <span class='ocrx_word' id='word_1_296' title='bbox 1574 4187 1644 4240; x_wconf 91' lang='lat' dir='ltr'>Et</span> <span class='ocrx_word' id='word_1_297' title='bbox 1674 4187 1803 4257; x_wconf 89' lang='lat' dir='ltr'>jam</span> <span class='ocrx_word' id='word_1_298' title='bbox 1835 4187 2024 4241; x_wconf 87' lang='lat' dir='ltr'>excel-</span> 
     </span>
    </p>
   </div>
   <div class='ocr_carea' id='block_1_43' title="bbox 374 4271 2027 4346">
    <p class='ocr_par' dir='ltr' id='par_1_43' title="bbox 374 4271 2027 4346">
     <span class='ocr_line' id='line_1_43' title="bbox 374 4271 2027 4346; baseline 0.004 -21"><span class='ocrx_word' id='word_1_299' title='bbox 374 4271 570 4326; x_wconf 88' lang='lat' dir='ltr'>lenter</span> <span class='ocrx_word' id='word_1_300' title='bbox 592 4271 746 4326; x_wconf 90' lang='lat' dir='ltr'>viam</span> <span class='ocrx_word' id='word_1_301' title='bbox 782 4271 945 4326; x_wconf 84' lang='lat' dir='ltr'>vobis</span> <span class='ocrx_word' id='word_1_302' title='bbox 977 4274 1264 4340; x_wconf 90' lang='lat' dir='ltr'>ostendo;</span> <span class='ocrx_word' id='word_1_303' title='bbox 1299 4297 1324 4322; x_wconf 80' lang='grc'><strong>››</strong></span> <span class='ocrx_word' id='word_1_304' title='bbox 1361 4275 1472 4328; x_wconf 89' lang='lat' dir='ltr'>hoc</span> <span class='ocrx_word' id='word_1_305' title='bbox 1506 4280 1612 4340; x_wconf 90' lang='lat' dir='ltr'>est,</span> <span class='ocrx_word' id='word_1_306' title='bbox 1647 4275 1720 4329; x_wconf 92' lang='lat' dir='ltr'>ad</span> <span class='ocrx_word' id='word_1_307' title='bbox 1781 4292 1849 4331; x_wconf 88' lang='lat' dir='ltr'>ea</span> <span class='ocrx_word' id='word_1_308' title='bbox 1896 4293 2027 4346; x_wconf 58' lang='lat' dir='ltr'>qua!</span> 
     </span>
    </p>
   </div>
   <div class='ocr_carea' id='block_1_44' title="bbox 374 4359 2029 4431">
    <p class='ocr_par' dir='ltr' id='par_1_44' title="bbox 374 4359 2029 4431">
     <span class='ocr_line' id='line_1_44' title="bbox 374 4359 2029 4431; baseline 0.004 -18"><span class='ocrx_word' id='word_1_309' title='bbox 374 4359 742 4414; x_wconf 85' lang='lat' dir='ltr'>excellenter</span> <span class='ocrx_word' id='word_1_310' title='bbox 771 4361 1001 4431; x_wconf 86' lang='lat' dir='ltr'>majora</span> <span class='ocrx_word' id='word_1_311' title='bbox 1033 4368 1169 4416; x_wconf 88' lang='lat' dir='ltr'>sunt</span> <span class='ocrx_word' id='word_1_312' title='bbox 1200 4362 1358 4417; x_wconf 87' lang='lat' dir='ltr'>dona</span> <span class='ocrx_word' id='word_1_313' title='bbox 1389 4363 1541 4418; x_wconf 86' lang='lat' dir='ltr'>viam</span> <span class='ocrx_word' id='word_1_314' title='bbox 1574 4365 1846 4419; x_wconf 88' lang='lat' dir='ltr'>ostendo.</span> <span class='ocrx_word' id='word_1_315' title='bbox 1881 4387 1908 4414; x_wconf 86' lang='lat'><strong>«</strong></span> <span class='ocrx_word' id='word_1_316' title='bbox 1972 4366 2029 4421; x_wconf 91' lang='lat' dir='ltr'>Si</span> 
     </span>
    </p>
   </div>
   <div class='ocr_carea' id='block_1_45' title="bbox 374 4448 2030 4526">
    <p class='ocr_par' dir='ltr' id='par_1_45' title="bbox 374 4448 2030 4526">
     <span class='ocr_line' id='line_1_45' title="bbox 374 4448 2030 4526; baseline 0.004 -23"><span class='ocrx_word' id='word_1_317' title='bbox 374 4449 597 4520; x_wconf 81' lang='lat' dir='ltr'>linguis</span> <span class='ocrx_word' id='word_1_318' title='bbox 621 4448 930 4502; x_wconf 88' lang='lat' dir='ltr'>hominum</span> <span class='ocrx_word' id='word_1_319' title='bbox 955 4449 1168 4520; x_wconf 86' lang='lat' dir='ltr'>loquar</span> <span class='ocrx_word' id='word_1_320' title='bbox 1189 4456 1248 4505; x_wconf 89' lang='lat' dir='ltr'>et</span> <span class='ocrx_word' id='word_1_321' title='bbox 1267 4451 1615 4524; x_wconf 79' lang='lat' dir='ltr'>angelorum</span> <span class='ocrx_word' id='word_1_322' title='bbox 1639 4452 1665 4506; x_wconf 75' lang='lat'>‘2</span> <span class='ocrx_word' id='word_1_323' title='bbox 1696 4475 1723 4503; x_wconf 74' lang='grc' dir='ltr'>»ι</span> <span class='ocrx_word' id='word_1_324' title='bbox 1779 4454 2030 4526; x_wconf 88' lang='lat' dir='ltr'>Linguas</span> 
     </span>
    </p>
   </div>
   <div class='ocr_carea' id='block_1_46' title="bbox 373 4537 2030 4613">
    <p class='ocr_par' dir='ltr' id='par_1_46' title="bbox 373 4537 2030 4613">
     <span class='ocr_line' id='line_1_46' title="bbox 373 4537 2030 4613; baseline 0.002 -21"><span class='ocrx_word' id='word_1_325' title='bbox 373 4537 580 4593; x_wconf 88' lang='lat' dir='ltr'>dicens</span> <span class='ocrx_word' id='word_1_326' title='bbox 605 4537 1103 4609; x_wconf 84' lang='lat' dir='ltr'>angelorum,non</span> <span class='ocrx_word' id='word_1_327' title='bbox 1137 4539 1303 4594; x_wconf 88' lang='lat' dir='ltr'>addit</span> <span class='ocrx_word' id='word_1_328' title='bbox 1345 4541 1568 4612; x_wconf 86' lang='lat' dir='ltr'>angelis</span> <span class='ocrx_word' id='word_1_329' title='bbox 1612 4558 1891 4613; x_wconf 88' lang='lat' dir='ltr'>corpora:</span> <span class='ocrx_word' id='word_1_330' title='bbox 1926 4542 2030 4598; x_wconf 89' lang='lat' dir='ltr'>sed</span> 
     </span>
    </p>
   </div>
   <div class='ocr_carea' id='block_1_47' title="bbox 376 4628 2026 4705">
    <p class='ocr_par' dir='ltr' id='par_1_47' title="bbox 376 4628 2026 4705">
     <span class='ocr_line' id='line_1_47' title="bbox 376 4628 2026 4705; baseline 0.003 -23"><span class='ocrx_word' id='word_1_331' title='bbox 376 4644 409 4682; x_wconf 87' lang='lat' dir='ltr'>a</span> <span class='ocrx_word' id='word_1_332' title='bbox 439 4628 597 4683; x_wconf 90' lang='lat' dir='ltr'>vocis</span> <span class='ocrx_word' id='word_1_333' title='bbox 623 4645 842 4700; x_wconf 87' lang='lat' dir='ltr'>organo</span> <span class='ocrx_word' id='word_1_334' title='bbox 877 4628 1050 4683; x_wconf 90' lang='lat' dir='ltr'>nobis</span> <span class='ocrx_word' id='word_1_335' title='bbox 1079 4630 1333 4702; x_wconf 89' lang='lat' dir='ltr'>cognito,</span> <span class='ocrx_word' id='word_1_336' title='bbox 1370 4630 1729 4686; x_wconf 87' lang='lat' dir='ltr'>locutionem</span> <span class='ocrx_word' id='word_1_337' title='bbox 1788 4632 2026 4705; x_wconf 89' lang='lat' dir='ltr'>angelo-</span> 
     </span>
    </p>
   </div>
   <div class='ocr_carea' id='block_1_48' title="bbox 1457 471 2629 534">
    <p class='ocr_par' dir='ltr' id='par_1_48' title="bbox 1457 471 2629 534">
     <span class='ocr_line' id='line_1_48' title="bbox 1457 471 2629 534; baseline -0.002 -1"><span class='ocrx_word' id='word_1_338' title='bbox 1457 471 1882 534; x_wconf 71' lang='lat' dir='ltr'>CECUMENII</span> <span class='ocrx_word' id='word_1_339' title='bbox 1928 471 2231 533; x_wconf 68' lang='lat' dir='ltr'>TRICCE</span> <span class='ocrx_word' id='word_1_340' title='bbox 2273 471 2629 534; x_wconf 83' lang='lat' dir='ltr'>EPISCOPI</span> 
     </span>
    </p>
   </div>
   <div class='ocr_carea' id='block_1_49' title="bbox 419 607 2078 683">
    <p class='ocr_par' dir='ltr' id='par_1_49' title="bbox 419 607 2078 683">
     <span class='ocr_line' id='line_1_49' title="bbox 419 607 2078 683; baseline -0.005 -14"><span class='ocrx_word' id='word_1_341' title='bbox 419 613 654 669; x_wconf 86' lang='lat' dir='ltr'>Leniter</span> <span class='ocrx_word' id='word_1_342' title='bbox 673 612 832 682; x_wconf 92' lang='lat' dir='ltr'>ipsos</span> <span class='ocrx_word' id='word_1_343' title='bbox 846 609 1026 665; x_wconf 90' lang='lat' dir='ltr'>etiam</span> <span class='ocrx_word' id='word_1_344' title='bbox 1041 609 1332 682; x_wconf 76' lang='lat' dir='ltr'>designat.</span> <span class='ocrx_word' id='word_1_345' title='bbox 1351 608 1706 678; x_wconf 87' lang='lat' dir='ltr'>Vos.inquit,</span> <span class='ocrx_word' id='word_1_346' title='bbox 1732 607 1792 660; x_wconf 92' lang='lat' dir='ltr'>in</span> <span class='ocrx_word' id='word_1_347' title='bbox 1815 622 1995 662; x_wconf 88' lang='lat' dir='ltr'>causa</span> <span class='ocrx_word' id='word_1_348' title='bbox 2024 618 2078 683; x_wconf 79' lang='grc' dir='ltr'><strong>Α</strong></span> 
     </span>
    </p>
   </div>
   <div class='ocr_carea' id='block_1_50' title="bbox 3639 471 3768 530">
    <p class='ocr_par' dir='ltr' id='par_1_50' title="bbox 3639 471 3768 530">
     <span class='ocr_line' id='line_1_50' title="bbox 3639 471 3768 530; baseline -0.008 0"><span class='ocrx_word' id='word_1_349' title='bbox 3639 471 3768 530; x_wconf 79' lang='grc'>832</span> 
     </span>
    </p>
   </div>
   <div class='ocr_carea' id='block_1_51' title="bbox 2182 603 3762 682">
    <p class='ocr_par' dir='ltr' id='par_1_51' title="bbox 2182 603 3762 682">
     <span class='ocr_line' id='line_1_51' title="bbox 2182 603 3762 682; baseline -0.001 -23"><span class='ocrx_word' id='word_1_350' title='bbox 2182 605 2389 679; x_wconf 84' lang='grc' dir='ltr'>Ἠρέμα</span> <span class='ocrx_word' id='word_1_351' title='bbox 2447 605 2535 660; x_wconf 79' lang='grc' dir='ltr'>καὶ</span> <span class='ocrx_word' id='word_1_352' title='bbox 2580 604 2797 678; x_wconf 78' lang='grc' dir='ltr'>ᾐνίξατο</span> <span class='ocrx_word' id='word_1_353' title='bbox 2857 605 3070 666; x_wconf 74' lang='grc' dir='ltr'>αὐτούς.</span> <span class='ocrx_word' id='word_1_354' title='bbox 3129 605 3247 658; x_wconf 89' lang='grc' dir='ltr'>Ὃτι</span> <span class='ocrx_word' id='word_1_355' title='bbox 3309 603 3486 677; x_wconf 82' lang='grc' dir='ltr'>ὑμεις,</span> <span class='ocrx_word' id='word_1_356' title='bbox 3573 607 3762 682; x_wconf 72' lang='grc' dir='ltr'>φησὶν,</span> 
     </span>
    </p>
   </div>
   <div class='ocr_carea' id='block_1_52' title="bbox 2102 689 3758 769">
    <p class='ocr_par' dir='ltr' id='par_1_52' title="bbox 2102 689 3758 769">
     <span class='ocr_line' id='line_1_52' title="bbox 2102 689 3758 769; baseline 0.001 -21"><span class='ocrx_word' id='word_1_357' title='bbox 2102 692 2390 749; x_wconf 78' lang='grc' dir='ltr'>αἶ’τιοιτοῦ</span> <span class='ocrx_word' id='word_1_358' title='bbox 2444 693 2657 769; x_wconf 85' lang='grc' dir='ltr'>μεγάλα</span> <span class='ocrx_word' id='word_1_359' title='bbox 2723 695 2800 767; x_wconf 71' lang='grc' dir='ltr'>μή</span> <span class='ocrx_word' id='word_1_360' title='bbox 2862 689 3052 748; x_wconf 76' lang='grc' dir='ltr'>λαϐεῖν</span> <span class='ocrx_word' id='word_1_361' title='bbox 3112 692 3448 768; x_wconf 81' lang='grc' dir='ltr'>χαρίσματα,</span> <span class='ocrx_word' id='word_1_362' title='bbox 3510 690 3599 747; x_wconf 85' lang='grc' dir='ltr'>διὰ</span> <span class='ocrx_word' id='word_1_363' title='bbox 3657 696 3758 764; x_wconf 81' lang='grc' dir='ltr'>τὴν</span> 
     </span>
    </p>
   </div>
   <div class='ocr_carea' id='block_1_53' title="bbox 2102 781 3757 860">
    <p class='ocr_par' dir='ltr' id='par_1_53' title="bbox 2102 781 3757 860">
     <span class='ocr_line' id='line_1_53' title="bbox 2102 781 3757 860; baseline 0.001 -22"><span class='ocrx_word' id='word_1_364' title='bbox 2102 784 2369 858; x_wconf 74' lang='grc' dir='ltr'>ῥᾳθυμίαν</span> <span class='ocrx_word' id='word_1_365' title='bbox 2399 783 2571 856; x_wconf 82' lang='grc' dir='ltr'>ὑμῶν.</span> <span class='ocrx_word' id='word_1_366' title='bbox 2615 787 2795 842; x_wconf 77' lang='grc' dir='ltr'>Τοῦτο</span> <span class='ocrx_word' id='word_1_367' title='bbox 2827 784 2934 860; x_wconf 84' lang='grc' dir='ltr'>γὰρ</span> <span class='ocrx_word' id='word_1_368' title='bbox 2963 783 3047 849; x_wconf 83' lang='grc' dir='ltr'>τὸ,</span> <span class='ocrx_word' id='word_1_369' title='bbox 3084 808 3113 834; x_wconf 89' lang='grc'>‹‹</span> <span class='ocrx_word' id='word_1_370' title='bbox 3146 782 3450 853; x_wconf 81' lang='grc' dir='ltr'>Ζηλοῦτε,››</span> <span class='ocrx_word' id='word_1_371' title='bbox 3485 781 3757 859; x_wconf 74' lang='grc' dir='ltr'>ἐμφαίνει.</span> 
     </span>
    </p>
   </div>
   <div class='ocr_carea' id='block_1_54' title="bbox 2103 870 3760 949">
    <p class='ocr_par' dir='ltr' id='par_1_54' title="bbox 2103 870 3760 949">
     <span class='ocr_line' id='line_1_54' title="bbox 2103 870 3760 949; baseline -0.001 -21"><span class='ocrx_word' id='word_1_372' title='bbox 2103 871 2256 928; x_wconf 89' lang='grc' dir='ltr'>Ἀλλ’</span> <span class='ocrx_word' id='word_1_373' title='bbox 2289 872 2388 927; x_wconf 77' lang='grc' dir='ltr'>οὐκ</span> <span class='ocrx_word' id='word_1_374' title='bbox 2417 873 2558 942; x_wconf 78' lang='grc' dir='ltr'>εἶπε,</span> <span class='ocrx_word' id='word_1_375' title='bbox 2593 871 2839 949; x_wconf 77' lang='grc' dir='ltr'>Μεγάλαι,</span> <span class='ocrx_word' id='word_1_376' title='bbox 2875 871 3044 939; x_wconf 84' lang='grc' dir='ltr'>ἀλλὰ,</span> <span class='ocrx_word' id='word_1_377' title='bbox 3083 895 3107 925; x_wconf 69' lang='grc' dir='ltr'>α</span> <span class='ocrx_word' id='word_1_378' title='bbox 3132 873 3216 928; x_wconf 82' lang='grc' dir='ltr'>Τά</span> <span class='ocrx_word' id='word_1_379' title='bbox 3236 870 3574 946; x_wconf 81' lang='grc' dir='ltr'>κρείττονα.»</span> <span class='ocrx_word' id='word_1_380' title='bbox 3596 893 3760 927; x_wconf 86' lang='grc' dir='ltr'>τουτ-</span> 
     </span>
    </p>
   </div>
   <div class='ocr_carea' id='block_1_55' title="bbox 2103 959 3758 1041">
    <p class='ocr_par' dir='ltr' id='par_1_55' title="bbox 2103 959 3758 1041">
     <span class='ocr_line' id='line_1_55' title="bbox 2103 959 3758 1041; baseline 0.001 -25"><span class='ocrx_word' id='word_1_381' title='bbox 2103 962 2214 1016; x_wconf 88' lang='grc' dir='ltr'>ἐστι</span> <span class='ocrx_word' id='word_1_382' title='bbox 2267 963 2335 1018; x_wconf 78' lang='grc' dir='ltr'>τά</span> <span class='ocrx_word' id='word_1_383' title='bbox 2391 960 2814 1041; x_wconf 76' lang='grc' dir='ltr'>ὠφελιμώτερα,</span> <span class='ocrx_word' id='word_1_384' title='bbox 2884 963 2972 1018; x_wconf 83' lang='grc' dir='ltr'>καὶ</span> <span class='ocrx_word' id='word_1_385' title='bbox 3036 959 3305 1035; x_wconf 87' lang='grc' dir='ltr'>δυνάμενα</span> <span class='ocrx_word' id='word_1_386' title='bbox 3387 960 3602 1035; x_wconf 80' lang='grc' dir='ltr'>μᾶλλον</span> <span class='ocrx_word' id='word_1_387' title='bbox 3657 965 3758 1033; x_wconf 79' lang='grc' dir='ltr'>τήν</span> 
     </span>
    </p>
   </div>
   <div class='ocr_carea' id='block_1_56' title="bbox 2104 1049 3764 1130">
    <p class='ocr_par' dir='ltr' id='par_1_56' title="bbox 2104 1049 3764 1130">
     <span class='ocr_line' id='line_1_56' title="bbox 2104 1049 3764 1130; baseline 0.001 -25"><span class='ocrx_word' id='word_1_388' title='bbox 2104 1049 2431 1120; x_wconf 78' lang='grc' dir='ltr'>Ἐκκλησίαν</span> <span class='ocrx_word' id='word_1_389' title='bbox 2467 1050 2720 1130; x_wconf 71' lang='grc' dir='ltr'>ὠφελεῖν.</span> <span class='ocrx_word' id='word_1_390' title='bbox 2756 1084 2822 1094; x_wconf 86' lang='lat'>—-</span> <span class='ocrx_word' id='word_1_391' title='bbox 2854 1050 3101 1112; x_wconf 75' lang='grc' dir='ltr'>Ἀλλως.</span> <span class='ocrx_word' id='word_1_392' title='bbox 3136 1053 3352 1124; x_wconf 73' lang='grc' dir='ltr'>[ΦΩΤ.]</span> <span class='ocrx_word' id='word_1_393' title='bbox 3414 1053 3508 1121; x_wconf 88' lang='grc' dir='ltr'>Τὸ,</span> <span class='ocrx_word' id='word_1_394' title='bbox 3571 1077 3598 1104; x_wconf 76' lang='grc' dir='ltr'>(ι</span> <span class='ocrx_word' id='word_1_395' title='bbox 3651 1059 3725 1123; x_wconf 91' lang='grc' dir='ltr'>Ζη</span> <span class='ocrx_word' id='word_1_396' title='bbox 3750 1087 3764 1096; x_wconf 73' lang='grc' dir='ltr'><strong>ο</strong></span> 
     </span>
    </p>
   </div>
   <div class='ocr_carea' id='block_1_57' title="bbox 2104 1137 3764 1219">
    <p class='ocr_par' dir='ltr' id='par_1_57' title="bbox 2104 1137 3764 1219">
     <span class='ocr_line' id='line_1_57' title="bbox 2104 1137 3764 1219; baseline 0.002 -25"><span class='ocrx_word' id='word_1_397' title='bbox 2104 1139 2266 1195; x_wconf 81' lang='grc' dir='ltr'>λοῦτε</span> <span class='ocrx_word' id='word_1_398' title='bbox 2306 1137 2362 1195; x_wconf 82' lang='grc' dir='ltr'>δὲ</span> <span class='ocrx_word' id='word_1_399' title='bbox 2399 1142 2465 1196; x_wconf 78' lang='grc' dir='ltr'>τά</span> <span class='ocrx_word' id='word_1_400' title='bbox 2498 1140 2836 1219; x_wconf 74' lang='grc' dir='ltr'>χαρίσματα,</span> <span class='ocrx_word' id='word_1_401' title='bbox 2871 1166 2897 1193; x_wconf 84' lang='grc'><strong>››</strong></span> <span class='ocrx_word' id='word_1_402' title='bbox 2929 1138 3076 1196; x_wconf 86' lang='grc' dir='ltr'>δοκῶ</span> <span class='ocrx_word' id='word_1_403' title='bbox 3111 1162 3207 1214; x_wconf 88' lang='grc' dir='ltr'>μοι</span> <span class='ocrx_word' id='word_1_404' title='bbox 3266 1141 3341 1214; x_wconf 78' lang='grc' dir='ltr'>μή</span> <span class='ocrx_word' id='word_1_405' title='bbox 3391 1142 3528 1196; x_wconf 87' lang='grc' dir='ltr'>κατά</span> <span class='ocrx_word' id='word_1_406' title='bbox 3565 1143 3764 1216; x_wconf 82' lang='grc' dir='ltr'>παραί-</span> 
     </span>
    </p>
   </div>
   <div class='ocr_carea' id='block_1_58' title="bbox 2102 1227 3765 1309">
    <p class='ocr_par' dir='ltr' id='par_1_58' title="bbox 2102 1227 3765 1309">
     <span class='ocr_line' id='line_1_58' title="bbox 2102 1227 3765 1309; baseline 0.003 -26"><span class='ocrx_word' id='word_1_407' title='bbox 2102 1250 2240 1284; x_wconf 85' lang='grc' dir='ltr'>νεσιν</span> <span class='ocrx_word' id='word_1_408' title='bbox 2269 1231 2357 1285; x_wconf 81' lang='grc' dir='ltr'>καὶ</span> <span class='ocrx_word' id='word_1_409' title='bbox 2413 1232 2708 1309; x_wconf 72' lang='grc' dir='ltr'>ἀπόφανσιν</span> <span class='ocrx_word' id='word_1_410' title='bbox 2770 1227 3064 1307; x_wconf 82' lang='grc' dir='ltr'>είρηγέναι.</span> <span class='ocrx_word' id='word_1_411' title='bbox 3125 1235 3253 1293; x_wconf 77' lang='grc' dir='ltr'>Πῶς</span> <span class='ocrx_word' id='word_1_412' title='bbox 3310 1233 3412 1308; x_wconf 79' lang='grc' dir='ltr'>γάρ</span> <span class='ocrx_word' id='word_1_413' title='bbox 3473 1231 3564 1308; x_wconf 79' lang='grc' dir='ltr'>δγε</span> <span class='ocrx_word' id='word_1_414' title='bbox 3618 1232 3765 1288; x_wconf 87' lang='grc' dir='ltr'>πολ-</span> 
     </span>
    </p>
   </div>
   <div class='ocr_carea' id='block_1_59' title="bbox 2105 1316 3763 1400">
    <p class='ocr_par' dir='ltr' id='par_1_59' title="bbox 2105 1316 3763 1400">
     <span class='ocr_line' id='line_1_59' title="bbox 2105 1316 3763 1400; baseline 0.001 -27"><span class='ocrx_word' id='word_1_415' title='bbox 2105 1317 2262 1382; x_wconf 87' lang='grc' dir='ltr'>λάκις</span> <span class='ocrx_word' id='word_1_416' title='bbox 2295 1319 2432 1394; x_wconf 87' lang='grc' dir='ltr'>πρός</span> <span class='ocrx_word' id='word_1_417' title='bbox 2476 1343 2532 1376; x_wconf 88' lang='grc' dir='ltr'>τε</span> <span class='ocrx_word' id='word_1_418' title='bbox 2588 1323 2650 1376; x_wconf 88' lang='grc' dir='ltr'>τὸ</span> <span class='ocrx_word' id='word_1_419' title='bbox 2712 1321 2988 1400; x_wconf 69' lang='grc' dir='ltr'>συμφέρον</span> <span class='ocrx_word' id='word_1_420' title='bbox 3053 1320 3219 1376; x_wconf 78' lang='grc' dir='ltr'>εἰπὼν</span> <span class='ocrx_word' id='word_1_421' title='bbox 3295 1316 3480 1376; x_wconf 77' lang='grc' dir='ltr'>λαϐεῖν</span> <span class='ocrx_word' id='word_1_422' title='bbox 3535 1318 3763 1377; x_wconf 74' lang='grc' dir='ltr'>ἕκαστον</span> 
     </span>
    </p>
   </div>
   <div class='ocr_carea' id='block_1_60' title="bbox 2102 1408 3769 1490">
    <p class='ocr_par' dir='ltr' id='par_1_60' title="bbox 2102 1408 3769 1490">
     <span class='ocr_line' id='line_1_60' title="bbox 2102 1408 3769 1490; baseline 0.001 -26"><span class='ocrx_word' id='word_1_423' title='bbox 2102 1409 2166 1464; x_wconf 86' lang='grc' dir='ltr'>τὸ</span> <span class='ocrx_word' id='word_1_424' title='bbox 2196 1411 2466 1485; x_wconf 77' lang='grc' dir='ltr'>χάρισμα,</span> <span class='ocrx_word' id='word_1_425' title='bbox 2507 1411 2597 1466; x_wconf 84' lang='grc' dir='ltr'>καί</span> <span class='ocrx_word' id='word_1_426' title='bbox 2661 1408 2832 1484; x_wconf 74' lang='grc' dir='ltr'>μηδὲν</span> <span class='ocrx_word' id='word_1_427' title='bbox 2893 1409 3164 1490; x_wconf 70' lang='grc' dir='ltr'>διαφέρειν</span> <span class='ocrx_word' id='word_1_428' title='bbox 3211 1409 3485 1473; x_wconf 79' lang='grc' dir='ltr'>πολλάκις</span> <span class='ocrx_word' id='word_1_429' title='bbox 3528 1409 3769 1482; x_wconf 81' lang='grc' dir='ltr'>ἐνδειξά-</span> 
     </span>
    </p>
   </div>
   <div class='ocr_carea' id='block_1_61' title="bbox 2109 1497 3766 1574">
    <p class='ocr_par' dir='ltr' id='par_1_61' title="bbox 2109 1497 3766 1574">
     <span class='ocr_line' id='line_1_61' title="bbox 2109 1497 3766 1574; baseline 0.001 -21"><span class='ocrx_word' id='word_1_430' title='bbox 2109 1519 2267 1572; x_wconf 82' lang='grc' dir='ltr'>μενος</span> <span class='ocrx_word' id='word_1_431' title='bbox 2299 1499 2392 1554; x_wconf 89' lang='grc' dir='ltr'>τὸν</span> <span class='ocrx_word' id='word_1_432' title='bbox 2423 1497 2684 1554; x_wconf 79' lang='grc' dir='ltr'>δοκοῦντα</span> <span class='ocrx_word' id='word_1_433' title='bbox 2733 1499 2878 1555; x_wconf 66' lang='grc' dir='ltr'>ἔχειν</span> <span class='ocrx_word' id='word_1_434' title='bbox 2933 1501 2997 1554; x_wconf 87' lang='grc' dir='ltr'>τὸ</span> <span class='ocrx_word' id='word_1_435' title='bbox 3059 1506 3243 1573; x_wconf 82' lang='grc' dir='ltr'>μεῖζον</span> <span class='ocrx_word' id='word_1_436' title='bbox 3301 1504 3571 1574; x_wconf 77' lang='grc' dir='ltr'>χάρισμα,</span> <span class='ocrx_word' id='word_1_437' title='bbox 3624 1503 3766 1574; x_wconf 82' lang='grc' dir='ltr'>πρὸς</span> 
     </span>
    </p>
   </div>
   <div class='ocr_carea' id='block_1_62' title="bbox 2104 1583 3762 1664">
    <p class='ocr_par' dir='ltr' id='par_1_62' title="bbox 2104 1583 3762 1664">
     <span class='ocr_line' id='line_1_62' title="bbox 2104 1583 3762 1664; baseline 0.002 -23"><span class='ocrx_word' id='word_1_438' title='bbox 2104 1588 2195 1643; x_wconf 82' lang='grc' dir='ltr'>τὸν</span> <span class='ocrx_word' id='word_1_439' title='bbox 2229 1583 2426 1664; x_wconf 79' lang='grc' dir='ltr'>ἔχοντα</span> <span class='ocrx_word' id='word_1_440' title='bbox 2457 1590 2519 1644; x_wconf 87' lang='grc' dir='ltr'>τὸ</span> <span class='ocrx_word' id='word_1_441' title='bbox 2550 1585 2783 1644; x_wconf 68' lang='grc' dir='ltr'>ἔλαττον</span> <span class='ocrx_word' id='word_1_442' title='bbox 2820 1610 2832 1660; x_wconf 91' lang='grc'><strong>;</strong></span> <span class='ocrx_word' id='word_1_443' title='bbox 2867 1588 3024 1646; x_wconf 85' lang='grc' dir='ltr'>Ἀλλ’</span> <span class='ocrx_word' id='word_1_444' title='bbox 3054 1589 3302 1664; x_wconf 78' lang='grc' dir='ltr'>εἰρῆσθαί</span> <span class='ocrx_word' id='word_1_445' title='bbox 3355 1611 3448 1663; x_wconf 89' lang='grc' dir='ltr'>μοι</span> <span class='ocrx_word' id='word_1_446' title='bbox 3479 1587 3626 1646; x_wconf 86' lang='grc' dir='ltr'>δοκεῖ</span> <span class='ocrx_word' id='word_1_447' title='bbox 3681 1595 3762 1663; x_wconf 83' lang='grc' dir='ltr'>τῷ</span> 
     </span>
    </p>
   </div>
   <div class='ocr_carea' id='block_1_63' title="bbox 2108 1677 3761 1759">
    <p class='ocr_par' dir='ltr' id='par_1_63' title="bbox 2108 1677 3761 1759">
     <span class='ocr_line' id='line_1_63' title="bbox 2108 1677 3761 1759; baseline 0.001 -25"><span class='ocrx_word' id='word_1_448' title='bbox 2108 1679 2374 1752; x_wconf 77' lang='grc' dir='ltr'>θεσπεσίῳ</span> <span class='ocrx_word' id='word_1_449' title='bbox 2435 1677 2636 1753; x_wconf 73' lang='grc' dir='ltr'>Παύλῳ</span> <span class='ocrx_word' id='word_1_450' title='bbox 2693 1682 2810 1736; x_wconf 84' lang='grc' dir='ltr'>κατ’</span> <span class='ocrx_word' id='word_1_451' title='bbox 2869 1679 3156 1756; x_wconf 85' lang='grc' dir='ltr'>ἐρώτησιν.</span> <span class='ocrx_word' id='word_1_452' title='bbox 3221 1704 3245 1737; x_wconf 74' lang='grc' dir='ltr'>ι</span> <span class='ocrx_word' id='word_1_453' title='bbox 3307 1679 3761 1759; x_wconf 76' lang='grc' dir='ltr'>Ζηλοῦτε,φησὶ,</span> 
     </span>
    </p>
   </div>
   <div class='ocr_carea' id='block_1_64' title="bbox 2107 1769 3766 1843">
    <p class='ocr_par' dir='ltr' id='par_1_64' title="bbox 2107 1769 3766 1843">
     <span class='ocr_line' id='line_1_64' title="bbox 2107 1769 3766 1843; baseline 0.002 -23"><span class='ocrx_word' id='word_1_454' title='bbox 2107 1769 2173 1820; x_wconf 77' lang='grc' dir='ltr'>τά</span> <span class='ocrx_word' id='word_1_455' title='bbox 2205 1769 2520 1841; x_wconf 57' lang='grc' dir='ltr'>χαρίσματα</span> <span class='ocrx_word' id='word_1_456' title='bbox 2550 1770 2616 1824; x_wconf 79' lang='grc' dir='ltr'>τὰ</span> <span class='ocrx_word' id='word_1_457' title='bbox 2637 1769 2944 1843; x_wconf 85' lang='grc' dir='ltr'>κρείττονα,</span> <span class='ocrx_word' id='word_1_458' title='bbox 2975 1795 3003 1821; x_wconf 80' lang='grc'><em>››</em></span> <span class='ocrx_word' id='word_1_459' title='bbox 3066 1771 3155 1826; x_wconf 87' lang='grc' dir='ltr'>καὶ</span> <span class='ocrx_word' id='word_1_460' title='bbox 3215 1769 3368 1825; x_wconf 71' lang='grc' dir='ltr'>οῧπω</span> <span class='ocrx_word' id='word_1_461' title='bbox 3429 1771 3567 1842; x_wconf 79' lang='grc' dir='ltr'>ὑμᾶς</span> <span class='ocrx_word' id='word_1_462' title='bbox 3617 1769 3766 1826; x_wconf 86' lang='grc' dir='ltr'>ἐπεί-</span> 
     </span>
    </p>
   </div>
   <div class='ocr_carea' id='block_1_65' title="bbox 2109 1855 3769 1930">
    <p class='ocr_par' dir='ltr' id='par_1_65' title="bbox 2109 1855 3769 1930">
     <span class='ocr_line' id='line_1_65' title="bbox 2109 1855 3769 1930; baseline 0.003 -21"><span class='ocrx_word' id='word_1_463' title='bbox 2109 1877 2277 1929; x_wconf 88' lang='grc' dir='ltr'>σαμεν</span> <span class='ocrx_word' id='word_1_464' title='bbox 2367 1858 2442 1929; x_wconf 77' lang='grc' dir='ltr'>μὴ</span> <span class='ocrx_word' id='word_1_465' title='bbox 2505 1857 2733 1930; x_wconf 80' lang='grc' dir='ltr'>ἀθυμεῖν</span> <span class='ocrx_word' id='word_1_466' title='bbox 2820 1857 2908 1912; x_wconf 82' lang='grc' dir='ltr'>ἐπὶ</span> <span class='ocrx_word' id='word_1_467' title='bbox 2968 1864 3086 1922; x_wconf 84' lang='grc' dir='ltr'>τοῖς</span> <span class='ocrx_word' id='word_1_468' title='bbox 3142 1856 3446 1928; x_wconf 76' lang='grc' dir='ltr'>ἐλάττοσιν,</span> <span class='ocrx_word' id='word_1_469' title='bbox 3506 1857 3634 1914; x_wconf 84' lang='grc' dir='ltr'>ἀλλ’</span> <span class='ocrx_word' id='word_1_470' title='bbox 3687 1855 3769 1914; x_wconf 76' lang='grc' dir='ltr'>ἔτι</span> 
     </span>
    </p>
   </div>
   <div class='ocr_carea' id='block_1_66' title="bbox 2109 1943 3769 2026">
    <p class='ocr_par' dir='ltr' id='par_1_66' title="bbox 2109 1943 3769 2026">
     <span class='ocr_line' id='line_1_66' title="bbox 2109 1943 3769 2026; baseline 0.002 -27"><span class='ocrx_word' id='word_1_471' title='bbox 2109 1943 2326 2018; x_wconf 79' lang='grc' dir='ltr'>ἐρασταὶ</span> <span class='ocrx_word' id='word_1_472' title='bbox 2356 1946 2446 2000; x_wconf 75' lang='grc' dir='ltr'>καὶ</span> <span class='ocrx_word' id='word_1_473' title='bbox 2476 1945 2723 2017; x_wconf 84' lang='grc' dir='ltr'>ζηλωταὶ</span> <span class='ocrx_word' id='word_1_474' title='bbox 2783 1953 2892 2002; x_wconf 79' lang='grc' dir='ltr'>τῶν</span> <span class='ocrx_word' id='word_1_475' title='bbox 2958 1949 3226 2021; x_wconf 78' lang='grc' dir='ltr'>μειζόνων</span> <span class='ocrx_word' id='word_1_476' title='bbox 3279 1947 3446 2020; x_wconf 80' lang='grc' dir='ltr'>ἐστέ;</span> <span class='ocrx_word' id='word_1_477' title='bbox 3509 1948 3620 2026; x_wconf 82' lang='grc' dir='ltr'>ἐγὼ</span> <span class='ocrx_word' id='word_1_478' title='bbox 3676 1949 3769 2005; x_wconf 82' lang='grc' dir='ltr'>καὶ</span> 
     </span>
    </p>
   </div>
   <div class='ocr_carea' id='block_1_67' title="bbox 2108 2027 3771 2112">
    <p class='ocr_par' dir='ltr' id='par_1_67' title="bbox 2108 2027 3771 2112">
     <span class='ocr_line' id='line_1_67' title="bbox 2108 2027 3771 2112; baseline 0.003 -24"><span class='ocrx_word' id='word_1_479' title='bbox 2108 2027 2185 2088; x_wconf 74' lang='grc' dir='ltr'>ἔτι</span> <span class='ocrx_word' id='word_1_480' title='bbox 2239 2035 2374 2109; x_wconf 82' lang='grc' dir='ltr'>πρὸς</span> <span class='ocrx_word' id='word_1_481' title='bbox 2430 2040 2550 2099; x_wconf 82' lang='grc' dir='ltr'>τοῖς</span> <span class='ocrx_word' id='word_1_482' title='bbox 2609 2035 2922 2110; x_wconf 73' lang='grc' dir='ltr'>εἰρημένοις</span> <span class='ocrx_word' id='word_1_483' title='bbox 3012 2034 3244 2109; x_wconf 78' lang='grc' dir='ltr'>μέθοδον</span> <span class='ocrx_word' id='word_1_484' title='bbox 3308 2039 3434 2112; x_wconf 87' lang='grc' dir='ltr'>ὑμῖν</span> <span class='ocrx_word' id='word_1_485' title='bbox 3497 2038 3587 2093; x_wconf 87' lang='grc' dir='ltr'>καὶ</span> <span class='ocrx_word' id='word_1_486' title='bbox 3643 2035 3771 2093; x_wconf 86' lang='grc' dir='ltr'>ὁδὸν</span> 
     </span>
    </p>
   </div>
   <div class='ocr_carea' id='block_1_68' title="bbox 2109 2121 3773 2205">
    <p class='ocr_par' dir='ltr' id='par_1_68' title="bbox 2109 2121 3773 2205">
     <span class='ocr_line' id='line_1_68' title="bbox 2109 2121 3773 2205; baseline 0.002 -27"><span class='ocrx_word' id='word_1_487' title='bbox 2109 2121 2564 2197; x_wconf 75' lang='grc' dir='ltr'>δείκνυμι,δι’ἧς</span> <span class='ocrx_word' id='word_1_488' title='bbox 2598 2122 2752 2180; x_wconf 76' lang='grc' dir='ltr'>οὐδὲν</span> <span class='ocrx_word' id='word_1_489' title='bbox 2805 2126 3014 2180; x_wconf 75' lang='grc' dir='ltr'>τούτων</span> <span class='ocrx_word' id='word_1_490' title='bbox 3068 2130 3177 2181; x_wconf 84' lang='grc' dir='ltr'>τῶν</span> <span class='ocrx_word' id='word_1_491' title='bbox 3240 2128 3603 2205; x_wconf 71' lang='grc' dir='ltr'>χαρισμάτων</span> <span class='ocrx_word' id='word_1_492' title='bbox 3663 2132 3773 2183; x_wconf 84' lang='grc' dir='ltr'>τῶν</span> 
     </span>
    </p>
   </div>
   <div class='ocr_carea' id='block_1_69' title="bbox 2113 2209 3776 2286">
    <p class='ocr_par' dir='ltr' id='par_1_69' title="bbox 2113 2209 3776 2286">
     <span class='ocr_line' id='line_1_69' title="bbox 2113 2209 3776 2286; baseline 0.003 -21"><span class='ocrx_word' id='word_1_493' title='bbox 2113 2211 2384 2286; x_wconf 80' lang='grc' dir='ltr'>μεγίστων</span> <span class='ocrx_word' id='word_1_494' title='bbox 2419 2209 2723 2282; x_wconf 72' lang='grc' dir='ltr'>δεηθέντες,</span> <span class='ocrx_word' id='word_1_495' title='bbox 2756 2214 2873 2267; x_wconf 89' lang='grc' dir='ltr'>καθ’</span> <span class='ocrx_word' id='word_1_496' title='bbox 2932 2209 3245 2285; x_wconf 73' lang='grc' dir='ltr'>ὑπερϐολήν</span> <span class='ocrx_word' id='word_1_497' title='bbox 3305 2213 3364 2268; x_wconf 79' lang='grc' dir='ltr'>ἂν</span> <span class='ocrx_word' id='word_1_498' title='bbox 3419 2220 3527 2270; x_wconf 80' lang='grc' dir='ltr'>τῶν</span> <span class='ocrx_word' id='word_1_499' title='bbox 3583 2212 3776 2270; x_wconf 79' lang='grc' dir='ltr'>ἂλλων</span> 
     </span>
    </p>
   </div>
   <div class='ocr_carea' id='block_1_70' title="bbox 2114 2299 3770 2381">
    <p class='ocr_par' dir='ltr' id='par_1_70' title="bbox 2114 2299 3770 2381">
     <span class='ocr_line' id='line_1_70' title="bbox 2114 2299 3770 2381; baseline 0.003 -28"><span class='ocrx_word' id='word_1_500' title='bbox 2114 2299 2332 2373; x_wconf 83' lang='grc' dir='ltr'>μείζους</span> <span class='ocrx_word' id='word_1_501' title='bbox 2380 2300 2467 2355; x_wconf 80' lang='grc' dir='ltr'>καὶ</span> <span class='ocrx_word' id='word_1_502' title='bbox 2526 2302 2771 2372; x_wconf 77' lang='grc' dir='ltr'>άληθῶς,</span> <span class='ocrx_word' id='word_1_503' title='bbox 2835 2303 2925 2356; x_wconf 79' lang='grc' dir='ltr'>καὶ</span> <span class='ocrx_word' id='word_1_504' title='bbox 2973 2300 3308 2376; x_wconf 82' lang='grc' dir='ltr'>τελειότεροι</span> <span class='ocrx_word' id='word_1_505' title='bbox 3369 2304 3645 2381; x_wconf 69' lang='grc' dir='ltr'>φανείητε.</span> <span class='ocrx_word' id='word_1_506' title='bbox 3697 2305 3770 2361; x_wconf 89' lang='grc' dir='ltr'>Τί</span> 
     </span>
    </p>
   </div>
   <div class='ocr_carea' id='block_1_71' title="bbox 2110 2388 3772 2461">
    <p class='ocr_par' dir='ltr' id='par_1_71' title="bbox 2110 2388 3772 2461">
     <span class='ocr_line' id='line_1_71' title="bbox 2110 2388 3772 2461; baseline 0.004 -19"><span class='ocrx_word' id='word_1_507' title='bbox 2110 2388 2206 2442; x_wconf 76' lang='grc' dir='ltr'>οὗν</span> <span class='ocrx_word' id='word_1_508' title='bbox 2240 2388 2351 2444; x_wconf 84' lang='grc' dir='ltr'>ἐστι</span> <span class='ocrx_word' id='word_1_509' title='bbox 2418 2394 2628 2459; x_wconf 77' lang='grc' dir='ltr'>τοῦτο;</span> <span class='ocrx_word' id='word_1_510' title='bbox 2688 2389 2926 2448; x_wconf 73' lang='grc' dir='ltr'>Ἀπλοῦν</span> <span class='ocrx_word' id='word_1_511' title='bbox 2980 2391 3067 2446; x_wconf 76' lang='grc' dir='ltr'>καὶ</span> <span class='ocrx_word' id='word_1_512' title='bbox 3129 2393 3361 2461; x_wconf 81' lang='grc' dir='ltr'>ἄκοπον,</span> <span class='ocrx_word' id='word_1_513' title='bbox 3420 2394 3510 2447; x_wconf 81' lang='grc' dir='ltr'>καὶ</span> <span class='ocrx_word' id='word_1_514' title='bbox 3565 2392 3626 2448; x_wconf 84' lang='grc' dir='ltr'>ἐκ</span> <span class='ocrx_word' id='word_1_515' title='bbox 3672 2399 3772 2448; x_wconf 72' lang='grc' dir='ltr'>τοῦ</span> 
     </span>
    </p>
   </div>
   <div class='ocr_carea' id='block_1_72' title="bbox 2113 2477 3771 2553">
    <p class='ocr_par' dir='ltr' id='par_1_72' title="bbox 2113 2477 3771 2553">
     <span class='ocr_line' id='line_1_72' title="bbox 2113 2477 3771 2553; baseline 0.003 -21"><span class='ocrx_word' id='word_1_516' title='bbox 2113 2477 2309 2550; x_wconf 66' lang='grc' dir='ltr'>ῥᾴστου</span> <span class='ocrx_word' id='word_1_517' title='bbox 2357 2480 2810 2553; x_wconf 83' lang='grc' dir='ltr'>παραγινόμενον.</span> <span class='ocrx_word' id='word_1_518' title='bbox 2871 2479 2941 2536; x_wconf 87' lang='grc' dir='ltr'>Τί</span> <span class='ocrx_word' id='word_1_519' title='bbox 2987 2479 3076 2536; x_wconf 76' lang='grc' dir='ltr'>οὖν</span> <span class='ocrx_word' id='word_1_520' title='bbox 3140 2479 3300 2549; x_wconf 85' lang='grc' dir='ltr'>ἐστι;</span> <span class='ocrx_word' id='word_1_521' title='bbox 3361 2481 3430 2538; x_wconf 90' lang='grc' dir='ltr'>Τί</span> <span class='ocrx_word' id='word_1_522' title='bbox 3490 2479 3547 2536; x_wconf 77' lang='grc' dir='ltr'>δέ</span> <span class='ocrx_word' id='word_1_523' title='bbox 3603 2479 3771 2552; x_wconf 76' lang='grc' dir='ltr'>ἄλλο,</span> 
     </span>
    </p>
   </div>
   <div class='ocr_carea' id='block_1_73' title="bbox 2111 2564 3772 2646">
    <p class='ocr_par' dir='ltr' id='par_1_73' title="bbox 2111 2564 3772 2646">
     <span class='ocr_line' id='line_1_73' title="bbox 2111 2564 3772 2646; baseline 0.003 -26"><span class='ocrx_word' id='word_1_524' title='bbox 2111 2564 2304 2635; x_wconf 67' lang='grc' dir='ltr'>ἀλλ’ἢ</span> <span class='ocrx_word' id='word_1_525' title='bbox 2358 2567 2591 2641; x_wconf 83' lang='grc' dir='ltr'>ἀγάπη;</span> <span class='ocrx_word' id='word_1_526' title='bbox 2642 2568 2857 2639; x_wconf 78' lang='grc' dir='ltr'>Ταύτην</span> <span class='ocrx_word' id='word_1_527' title='bbox 2917 2569 3020 2646; x_wconf 78' lang='grc' dir='ltr'>γάρ</span> <span class='ocrx_word' id='word_1_528' title='bbox 3079 2570 3107 2624; x_wconf 87' lang='grc' dir='ltr'>ὁ</span> <span class='ocrx_word' id='word_1_529' title='bbox 3166 2571 3398 2644; x_wconf 87' lang='grc' dir='ltr'>καθαρός</span> <span class='ocrx_word' id='word_1_530' title='bbox 3462 2565 3772 2641; x_wconf 74' lang='grc' dir='ltr'>ἀναλαϐὼν,</span> 
     </span>
    </p>
   </div>
   <div class='ocr_carea' id='block_1_74' title="bbox 2112 2655 3775 2734">
    <p class='ocr_par' dir='ltr' id='par_1_74' title="bbox 2112 2655 3775 2734">
     <span class='ocr_line' id='line_1_74' title="bbox 2112 2655 3775 2734; baseline 0.004 -24"><span class='ocrx_word' id='word_1_531' title='bbox 2112 2657 2324 2710; x_wconf 88' lang='grc' dir='ltr'>πάντων</span> <span class='ocrx_word' id='word_1_532' title='bbox 2412 2658 2664 2730; x_wconf 77' lang='grc' dir='ltr'>προέχει,</span> <span class='ocrx_word' id='word_1_533' title='bbox 2727 2660 2941 2713; x_wconf 68' lang='grc' dir='ltr'>πάντων</span> <span class='ocrx_word' id='word_1_534' title='bbox 3029 2655 3522 2734; x_wconf 75' lang='grc' dir='ltr'>ὑπεραναϐἐόηκεν.</span> <span class='ocrx_word' id='word_1_535' title='bbox 3589 2662 3651 2718; x_wconf 77' lang='grc' dir='ltr'>Ὀ</span> <span class='ocrx_word' id='word_1_536' title='bbox 3716 2660 3775 2716; x_wconf 78' lang='grc' dir='ltr'>δὲ</span> 
     </span>
    </p>
   </div>
   <div class='ocr_carea' id='block_1_75' title="bbox 2111 2742 3776 2822">
    <p class='ocr_par' dir='ltr' id='par_1_75' title="bbox 2111 2742 3776 2822">
     <span class='ocr_line' id='line_1_75' title="bbox 2111 2742 3776 2822; baseline 0.003 -22"><span class='ocrx_word' id='word_1_537' title='bbox 2111 2745 2315 2815; x_wconf 69' lang='grc' dir='ltr'>ταύτην</span> <span class='ocrx_word' id='word_1_538' title='bbox 2352 2747 2426 2819; x_wconf 75' lang='grc' dir='ltr'>μή</span> <span class='ocrx_word' id='word_1_539' title='bbox 2469 2742 2638 2822; x_wconf 82' lang='grc' dir='ltr'>ἔχων,</span> <span class='ocrx_word' id='word_1_540' title='bbox 2692 2747 2910 2803; x_wconf 85' lang='grc' dir='ltr'>πάντων</span> <span class='ocrx_word' id='word_1_541' title='bbox 2961 2747 3296 2820; x_wconf 76' lang='grc' dir='ltr'>ἐκπέπτωκε,</span> <span class='ocrx_word' id='word_1_542' title='bbox 3351 2751 3572 2805; x_wconf 85' lang='grc' dir='ltr'>πάντων</span> <span class='ocrx_word' id='word_1_543' title='bbox 3632 2749 3776 2805; x_wconf 69' lang='grc' dir='ltr'>ἐστὶν</span> 
     </span>
    </p>
   </div>
   <div class='ocr_carea' id='block_1_76' title="bbox 2116 2833 3771 2914">
    <p class='ocr_par' dir='ltr' id='par_1_76' title="bbox 2116 2833 3771 2914">
     <span class='ocr_line' id='line_1_76' title="bbox 2116 2833 3771 2914; baseline 0.003 -25"><span class='ocrx_word' id='word_1_544' title='bbox 2116 2833 2345 2908; x_wconf 82' lang='grc' dir='ltr'>ἔρημος.</span> <span class='ocrx_word' id='word_1_545' title='bbox 2407 2837 2506 2891; x_wconf 71' lang='grc' dir='ltr'>’Ἂν</span> <span class='ocrx_word' id='word_1_546' title='bbox 2567 2833 2623 2890; x_wconf 75' lang='grc' dir='ltr'>δὲ</span> <span class='ocrx_word' id='word_1_547' title='bbox 2659 2837 2761 2905; x_wconf 83' lang='grc' dir='ltr'>τήν</span> <span class='ocrx_word' id='word_1_548' title='bbox 2831 2837 3051 2914; x_wconf 83' lang='grc' dir='ltr'>ἀγάπην</span> <span class='ocrx_word' id='word_1_549' title='bbox 3141 2836 3384 2914; x_wconf 84' lang='grc' dir='ltr'>ἔχωμεν,</span> <span class='ocrx_word' id='word_1_550' title='bbox 3462 2836 3585 2895; x_wconf 72' lang='grc' dir='ltr'>οὔτε</span> <span class='ocrx_word' id='word_1_551' title='bbox 3644 2841 3771 2914; x_wconf 77' lang='grc' dir='ltr'>περὶ</span> 
     </span>
    </p>
   </div>
   <div class='ocr_carea' id='block_1_77' title="bbox 2116 2923 3771 3004">
    <p class='ocr_par' dir='ltr' id='par_1_77' title="bbox 2116 2923 3771 3004">
     <span class='ocr_line' id='line_1_77' title="bbox 2116 2923 3771 3004; baseline 0.004 -26"><span class='ocrx_word' id='word_1_552' title='bbox 2116 2923 2475 3001; x_wconf 76' lang='grc' dir='ltr'>χαρισμάτων</span> <span class='ocrx_word' id='word_1_553' title='bbox 2521 2925 2800 2997; x_wconf 72' lang='grc' dir='ltr'>ἀλλήλοις</span> <span class='ocrx_word' id='word_1_554' title='bbox 2863 2925 3135 3004; x_wconf 80' lang='grc' dir='ltr'>ἐρίσαντες</span> <span class='ocrx_word' id='word_1_555' title='bbox 3217 2931 3771 3004; x_wconf 84' lang='grc' dir='ltr'>μικρολογησόμεθα,</span> 
     </span>
    </p>
   </div>
   <div class='ocr_carea' id='block_1_78' title="bbox 2119 3011 3772 3092">
    <p class='ocr_par' dir='ltr' id='par_1_78' title="bbox 2119 3011 3772 3092">
     <span class='ocr_line' id='line_1_78' title="bbox 2119 3011 3772 3092; baseline 0.004 -24"><span class='ocrx_word' id='word_1_556' title='bbox 2119 3011 2244 3068; x_wconf 78' lang='grc' dir='ltr'>οὕτε</span> <span class='ocrx_word' id='word_1_557' title='bbox 2291 3011 2433 3070; x_wconf 81' lang='grc' dir='ltr'>ἃλλο</span> <span class='ocrx_word' id='word_1_558' title='bbox 2479 3036 2530 3069; x_wconf 87' lang='grc' dir='ltr'>τι</span> <span class='ocrx_word' id='word_1_559' title='bbox 2579 3019 2687 3070; x_wconf 81' lang='grc' dir='ltr'>τῶν</span> <span class='ocrx_word' id='word_1_560' title='bbox 2744 3017 2808 3070; x_wconf 82' lang='grc' dir='ltr'>οὐ</span> <span class='ocrx_word' id='word_1_561' title='bbox 2859 3017 3276 3092; x_wconf 82' lang='grc' dir='ltr'>προσηκόντων,</span> <span class='ocrx_word' id='word_1_562' title='bbox 3337 3021 3498 3092; x_wconf 80' lang='grc' dir='ltr'>ἡμῶν</span> <span class='ocrx_word' id='word_1_563' title='bbox 3553 3019 3772 3092; x_wconf 65' lang='grc' dir='ltr'>ἅψεται.</span> 
     </span>
    </p>
   </div>
   <div class='ocr_carea' id='block_1_79' title="bbox 2125 3099 3781 3186">
    <p class='ocr_par' dir='ltr' id='par_1_79' title="bbox 2125 3099 3781 3186">
     <span class='ocr_line' id='line_1_79' title="bbox 2125 3099 3781 3186; baseline 0.002 -26"><span class='ocrx_word' id='word_1_564' title='bbox 2125 3125 2147 3153; x_wconf 74' lang='grc' dir='ltr'>ε</span> <span class='ocrx_word' id='word_1_565' title='bbox 2183 3105 2283 3160; x_wconf 78' lang='grc' dir='ltr'>Καὶ</span> <span class='ocrx_word' id='word_1_566' title='bbox 2318 3099 2395 3159; x_wconf 76' lang='grc' dir='ltr'>ἔτι</span> <span class='ocrx_word' id='word_1_567' title='bbox 2426 3107 2544 3159; x_wconf 84' lang='grc' dir='ltr'>καθ’</span> <span class='ocrx_word' id='word_1_568' title='bbox 2579 3100 2918 3180; x_wconf 75' lang='grc' dir='ltr'>ὑπερϐολήν.</span> <span class='ocrx_word' id='word_1_569' title='bbox 2952 3130 2980 3158; x_wconf 80' lang='lat'><strong>»</strong></span> <span class='ocrx_word' id='word_1_570' title='bbox 3003 3108 3127 3164; x_wconf 81' lang='grc' dir='ltr'>Ἐὰν</span> <span class='ocrx_word' id='word_1_571' title='bbox 3161 3107 3330 3178; x_wconf 81' lang='grc' dir='ltr'>ὃλως,</span> <span class='ocrx_word' id='word_1_572' title='bbox 3366 3107 3781 3186; x_wconf 75' lang='grc' dir='ltr'>φησὶ,ζηλιυταί</span> 
     </span>
    </p>
   </div>
   <div class='ocr_carea' id='block_1_80' title="bbox 2121 3192 3782 3270">
    <p class='ocr_par' dir='ltr' id='par_1_80' title="bbox 2121 3192 3782 3270">
     <span class='ocr_line' id='line_1_80' title="bbox 2121 3192 3782 3270; baseline 0.003 -22"><span class='ocrx_word' id='word_1_573' title='bbox 2121 3192 2236 3248; x_wconf 80' lang='grc' dir='ltr'>ἐστε</span> <span class='ocrx_word' id='word_1_574' title='bbox 2284 3194 2604 3267; x_wconf 84' lang='grc' dir='ltr'>κρειττόνων</span> <span class='ocrx_word' id='word_1_575' title='bbox 2667 3196 3059 3269; x_wconf 77' lang='grc' dir='ltr'>χαρισμάτων,</span> <span class='ocrx_word' id='word_1_576' title='bbox 3121 3193 3368 3270; x_wconf 85' lang='grc' dir='ltr'>δείκνυμι</span> <span class='ocrx_word' id='word_1_577' title='bbox 3457 3198 3583 3270; x_wconf 80' lang='grc' dir='ltr'>ὑμῖν</span> <span class='ocrx_word' id='word_1_578' title='bbox 3661 3199 3782 3263; x_wconf 85' lang='grc' dir='ltr'>καθ’</span> 
     </span>
    </p>
   </div>
   <div class='ocr_carea' id='block_1_81' title="bbox 2122 3277 3775 3364">
    <p class='ocr_par' dir='ltr' id='par_1_81' title="bbox 2122 3277 3775 3364">
     <span class='ocr_line' id='line_1_81' title="bbox 2122 3277 3775 3364; baseline 0.004 -28"><span class='ocrx_word' id='word_1_579' title='bbox 2122 3277 2436 3356; x_wconf 71' lang='grc' dir='ltr'>ὑπερϐολῆν</span> <span class='ocrx_word' id='word_1_580' title='bbox 2469 3289 2714 3358; x_wconf 82' lang='grc' dir='ltr'>κρεῖττον</span> <span class='ocrx_word' id='word_1_581' title='bbox 2739 3286 3008 3360; x_wconf 84' lang='grc' dir='ltr'>χάρισμα.</span> <span class='ocrx_word' id='word_1_582' title='bbox 3041 3286 3153 3354; x_wconf 76' lang='grc' dir='ltr'>Τὴν</span> <span class='ocrx_word' id='word_1_583' title='bbox 3197 3285 3414 3364; x_wconf 83' lang='grc' dir='ltr'>ἀγάπην</span> <span class='ocrx_word' id='word_1_584' title='bbox 3471 3284 3529 3342; x_wconf 75' lang='grc' dir='ltr'>δὲ</span> <span class='ocrx_word' id='word_1_585' title='bbox 3582 3285 3775 3360; x_wconf 84' lang='grc' dir='ltr'>μέλλει</span> 
     </span>
    </p>
   </div>
   <div class='ocr_carea' id='block_1_82' title="bbox 2496 3371 3771 3450">
    <p class='ocr_par' dir='ltr' id='par_1_82' title="bbox 2496 3371 3771 3450">
     <span class='ocr_line' id='line_1_82' title="bbox 2496 3371 3771 3450; baseline 0.002 -22"><span class='ocrx_word' id='word_1_586' title='bbox 2496 3373 2594 3428; x_wconf 85' lang='grc' dir='ltr'>Καὶ</span> <span class='ocrx_word' id='word_1_587' title='bbox 2681 3375 2798 3448; x_wconf 77' lang='grc' dir='ltr'>δρα·</span> <span class='ocrx_word' id='word_1_588' title='bbox 2889 3375 3008 3431; x_wconf 83' lang='grc' dir='ltr'>Οὑκ</span> <span class='ocrx_word' id='word_1_589' title='bbox 3067 3375 3204 3444; x_wconf 77' lang='grc' dir='ltr'>εἶπε,</span> <span class='ocrx_word' id='word_1_590' title='bbox 3277 3376 3401 3430; x_wconf 85' lang='grc' dir='ltr'>Καθ’</span> <span class='ocrx_word' id='word_1_591' title='bbox 3462 3371 3771 3450; x_wconf 72' lang='grc' dir='ltr'>ὑπερϐολὴν</span> 
     </span>
    </p>
   </div>
   <div class='ocr_carea' id='block_1_83' title="bbox 2129 3459 3775 3537">
    <p class='ocr_par' dir='ltr' id='par_1_83' title="bbox 2129 3459 3775 3537">
     <span class='ocr_line' id='line_1_83' title="bbox 2129 3459 3775 3537; baseline 0.002 -22"><span class='ocrx_word' id='word_1_592' title='bbox 2129 3462 2376 3536; x_wconf 83' lang='grc' dir='ltr'>χάρισμα</span> <span class='ocrx_word' id='word_1_593' title='bbox 2417 3461 2544 3534; x_wconf 80' lang='grc' dir='ltr'>ὑμῖν</span> <span class='ocrx_word' id='word_1_594' title='bbox 2570 3459 2840 3536; x_wconf 84' lang='grc' dir='ltr'>δείκνυμι,</span> <span class='ocrx_word' id='word_1_595' title='bbox 2901 3463 3051 3535; x_wconf 82' lang='grc' dir='ltr'>ἀλλ’,</span> <span class='ocrx_word' id='word_1_596' title='bbox 3111 3489 3140 3516; x_wconf 93' lang='grc'><strong><em>‹‹</em></strong></span> <span class='ocrx_word' id='word_1_597' title='bbox 3200 3462 3379 3534; x_wconf 88' lang='grc' dir='ltr'>Ὁδὸν,</span> <span class='ocrx_word' id='word_1_598' title='bbox 3413 3489 3440 3518; x_wconf 84' lang='grc'>››</span> <span class='ocrx_word' id='word_1_599' title='bbox 3493 3466 3775 3537; x_wconf 80' lang='grc' dir='ltr'>σημαίνων</span> 
     </span>
    </p>
   </div>
   <div class='ocr_carea' id='block_1_84' title="bbox 2129 3548 3780 3632">
    <p class='ocr_par' dir='ltr' id='par_1_84' title="bbox 2129 3548 3780 3632">
     <span class='ocr_line' id='line_1_84' title="bbox 2129 3548 3780 3632; baseline 0.004 -29"><span class='ocrx_word' id='word_1_600' title='bbox 2129 3548 2252 3604; x_wconf 86' lang='grc' dir='ltr'>ὁδὸν</span> <span class='ocrx_word' id='word_1_601' title='bbox 2317 3551 2453 3604; x_wconf 77' lang='grc' dir='ltr'>εἶναι</span> <span class='ocrx_word' id='word_1_602' title='bbox 2508 3551 2607 3619; x_wconf 75' lang='grc' dir='ltr'>τὴν</span> <span class='ocrx_word' id='word_1_603' title='bbox 2664 3551 2900 3627; x_wconf 81' lang='grc' dir='ltr'>ἀγάπην,</span> <span class='ocrx_word' id='word_1_604' title='bbox 2958 3553 3034 3616; x_wconf 71' lang='grc' dir='ltr'>είς</span> <span class='ocrx_word' id='word_1_605' title='bbox 3090 3554 3266 3608; x_wconf 83' lang='grc' dir='ltr'>πάντα</span> <span class='ocrx_word' id='word_1_606' title='bbox 3347 3554 3657 3632; x_wconf 85' lang='grc' dir='ltr'>ἀπάγουσαν</span> <span class='ocrx_word' id='word_1_607' title='bbox 3713 3555 3780 3610; x_wconf 73' lang='grc' dir='ltr'>τὰ</span> 
     </span>
    </p>
   </div>
   <div class='ocr_carea' id='block_1_85' title="bbox 2128 3638 3786 3717">
    <p class='ocr_par' dir='ltr' id='par_1_85' title="bbox 2128 3638 3786 3717">
     <span class='ocr_line' id='line_1_85' title="bbox 2128 3638 3786 3717; baseline 0.002 -23"><span class='ocrx_word' id='word_1_608' title='bbox 2128 3638 2462 3715; x_wconf 86' lang='grc' dir='ltr'>χαρίσματα.</span> <span class='ocrx_word' id='word_1_609' title='bbox 2486 3639 2589 3696; x_wconf 72' lang='grc' dir='ltr'>Καὶ</span> <span class='ocrx_word' id='word_1_610' title='bbox 2618 3641 2646 3694; x_wconf 86' lang='grc' dir='ltr'>ὁ</span> <span class='ocrx_word' id='word_1_611' title='bbox 2673 3641 2873 3712; x_wconf 75' lang='grc' dir='ltr'>ταύτην</span> <span class='ocrx_word' id='word_1_612' title='bbox 2906 3641 3262 3717; x_wconf 85' lang='grc' dir='ltr'>κτησάμενος,</span> <span class='ocrx_word' id='word_1_613' title='bbox 3288 3639 3356 3698; x_wconf 83' lang='grc' dir='ltr'>δι’</span> <span class='ocrx_word' id='word_1_614' title='bbox 3381 3643 3542 3715; x_wconf 71' lang='grc' dir='ltr'>αὐτῆς</span> <span class='ocrx_word' id='word_1_615' title='bbox 3575 3641 3786 3700; x_wconf 77' lang='grc' dir='ltr'>δδεῦσει</span> 
     </span>
    </p>
   </div>
   <div class='ocr_carea' id='block_1_86' title="bbox 2129 3727 2634 3792">
    <p class='ocr_par' dir='ltr' id='par_1_86' title="bbox 2129 3727 2634 3792">
     <span class='ocr_line' id='line_1_86' title="bbox 2129 3727 2634 3792; baseline 0.004 -8"><span class='ocrx_word' id='word_1_616' title='bbox 2129 3729 2219 3784; x_wconf 80' lang='grc' dir='ltr'>καὶ</span> <span class='ocrx_word' id='word_1_617' title='bbox 2242 3727 2319 3792; x_wconf 76' lang='grc' dir='ltr'>εἷς</span> <span class='ocrx_word' id='word_1_618' title='bbox 2348 3730 2414 3784; x_wconf 77' lang='grc' dir='ltr'>τά</span> <span class='ocrx_word' id='word_1_619' title='bbox 2445 3727 2634 3787; x_wconf 84' lang='grc' dir='ltr'>λοιπά.</span> 
     </span>
    </p>
   </div>
   <div class='ocr_carea' id='block_1_87' title="bbox 2205 3908 3795 3992">
    <p class='ocr_par' dir='ltr' id='par_1_87' title="bbox 2205 3908 3795 3992">
     <span class='ocr_line' id='line_1_87' title="bbox 2205 3908 3795 3992; baseline 0.003 -27"><span class='ocrx_word' id='word_1_620' title='bbox 2205 3908 2450 3972; x_wconf 77' lang='grc' dir='ltr'>Ἀλλως.</span> <span class='ocrx_word' id='word_1_621' title='bbox 2512 3911 2688 3965; x_wconf 78' lang='grc' dir='ltr'>Τοῦτό</span> <span class='ocrx_word' id='word_1_622' title='bbox 2745 3932 2887 3976; x_wconf 90' lang='grc' dir='ltr'>τινες</span> <span class='ocrx_word' id='word_1_623' title='bbox 2951 3914 3068 3967; x_wconf 85' lang='grc' dir='ltr'>κατ’</span> <span class='ocrx_word' id='word_1_624' title='bbox 3125 3912 3392 3988; x_wconf 83' lang='grc' dir='ltr'>ἐρώτησιν</span> <span class='ocrx_word' id='word_1_625' title='bbox 3455 3913 3795 3992; x_wconf 68' lang='grc' dir='ltr'>ἀνέγνωσαν,</span> 
     </span>
    </p>
   </div>
   <div class='ocr_carea' id='block_1_88' title="bbox 2135 3999 3797 4084">
    <p class='ocr_par' dir='ltr' id='par_1_88' title="bbox 2135 3999 3797 4084">
     <span class='ocr_line' id='line_1_88' title="bbox 2135 3999 3797 4084; baseline 0.003 -28"><span class='ocrx_word' id='word_1_626' title='bbox 2135 4002 2253 4057; x_wconf 85' lang='grc' dir='ltr'>ἀντὶ</span> <span class='ocrx_word' id='word_1_627' title='bbox 2280 4006 2398 4069; x_wconf 75' lang='grc' dir='ltr'>τοῦ,</span> <span class='ocrx_word' id='word_1_628' title='bbox 2428 3999 2618 4064; x_wconf 88' lang='grc' dir='ltr'>’Όλως</span> <span class='ocrx_word' id='word_1_629' title='bbox 2650 4003 2755 4078; x_wconf 77' lang='grc' dir='ltr'>γάρ</span> <span class='ocrx_word' id='word_1_630' title='bbox 2784 4003 2998 4082; x_wconf 75' lang='grc' dir='ltr'>ἐφίεσθε</span> <span class='ocrx_word' id='word_1_631' title='bbox 3025 4008 3134 4059; x_wconf 80' lang='grc' dir='ltr'>τῶν</span> <span class='ocrx_word' id='word_1_632' title='bbox 3170 4005 3436 4078; x_wconf 86' lang='grc' dir='ltr'>μειζόνων</span> <span class='ocrx_word' id='word_1_633' title='bbox 3502 4008 3797 4084; x_wconf 83' lang='grc' dir='ltr'>χαρισμά-</span> 
     </span>
    </p>
   </div>
   <div class='ocr_carea' id='block_1_89' title="bbox 2133 4088 3800 4168">
    <p class='ocr_par' dir='ltr' id='par_1_89' title="bbox 2133 4088 3800 4168">
     <span class='ocr_line' id='line_1_89' title="bbox 2133 4088 3800 4168; baseline 0.003 -22"><span class='ocrx_word' id='word_1_634' title='bbox 2133 4111 2242 4146; x_wconf 78' lang='grc' dir='ltr'>των</span> <span class='ocrx_word' id='word_1_635' title='bbox 2276 4109 2289 4159; x_wconf 90' lang='grc'><strong>;</strong></span> <span class='ocrx_word' id='word_1_636' title='bbox 2325 4091 2387 4146; x_wconf 78' lang='grc' dir='ltr'>Εἰ</span> <span class='ocrx_word' id='word_1_637' title='bbox 2419 4088 2567 4152; x_wconf 80' lang='grc' dir='ltr'>ὅλως</span> <span class='ocrx_word' id='word_1_638' title='bbox 2619 4090 2852 4165; x_wconf 76' lang='grc' dir='ltr'>ἐφίεσθε,</span> <span class='ocrx_word' id='word_1_639' title='bbox 2912 4091 3017 4166; x_wconf 81' lang='grc' dir='ltr'>ἐγὼ</span> <span class='ocrx_word' id='word_1_640' title='bbox 3079 4094 3219 4168; x_wconf 82' lang='grc' dir='ltr'>ὑμᾶς</span> <span class='ocrx_word' id='word_1_641' title='bbox 3277 4095 3363 4150; x_wconf 83' lang='grc' dir='ltr'>ἐπὶ</span> <span class='ocrx_word' id='word_1_642' title='bbox 3419 4101 3587 4151; x_wconf 80' lang='grc' dir='ltr'>ταῦτα</span> <span class='ocrx_word' id='word_1_643' title='bbox 3659 4093 3800 4151; x_wconf 86' lang='grc' dir='ltr'>ποδ-</span> 
     </span>
    </p>
   </div>
   <div class='ocr_carea' id='block_1_90' title="bbox 2139 4177 3800 4260">
    <p class='ocr_par' dir='ltr' id='par_1_90' title="bbox 2139 4177 3800 4260">
     <span class='ocr_line' id='line_1_90' title="bbox 2139 4177 3800 4260; baseline 0.004 -31"><span class='ocrx_word' id='word_1_644' title='bbox 2139 4179 2331 4250; x_wconf 75' lang='grc' dir='ltr'>ηγήσω</span> <span class='ocrx_word' id='word_1_645' title='bbox 2388 4177 2715 4251; x_wconf 73' lang='grc' dir='ltr'>προθύμως.</span> <span class='ocrx_word' id='word_1_646' title='bbox 2775 4179 2950 4234; x_wconf 78' lang='grc' dir='ltr'>Τοῦτο</span> <span class='ocrx_word' id='word_1_647' title='bbox 3006 4181 3110 4255; x_wconf 84' lang='grc' dir='ltr'>γὰρ</span> <span class='ocrx_word' id='word_1_648' title='bbox 3170 4179 3438 4260; x_wconf 74' lang='grc' dir='ltr'>ἐπήγαγε,</span> <span class='ocrx_word' id='word_1_649' title='bbox 3489 4203 3517 4236; x_wconf 75' lang='grc' dir='ltr'>ι</span> <span class='ocrx_word' id='word_1_650' title='bbox 3567 4182 3666 4236; x_wconf 81' lang='grc' dir='ltr'>Καὶ</span> <span class='ocrx_word' id='word_1_651' title='bbox 3721 4177 3800 4237; x_wconf 77' lang='grc' dir='ltr'>ἔτι</span> 
     </span>
    </p>
   </div>
   <div class='ocr_carea' id='block_1_91' title="bbox 2137 4261 3803 4344">
    <p class='ocr_par' dir='ltr' id='par_1_91' title="bbox 2137 4261 3803 4344">
     <span class='ocr_line' id='line_1_91' title="bbox 2137 4261 3803 4344; baseline 0.002 -24"><span class='ocrx_word' id='word_1_652' title='bbox 2137 4267 2256 4330; x_wconf 88' lang='grc' dir='ltr'>καθ’</span> <span class='ocrx_word' id='word_1_653' title='bbox 2295 4261 2607 4340; x_wconf 74' lang='grc' dir='ltr'>ὑπερϐολήν</span> <span class='ocrx_word' id='word_1_654' title='bbox 2639 4264 2763 4321; x_wconf 85' lang='grc' dir='ltr'>ὁδὸν</span> <span class='ocrx_word' id='word_1_655' title='bbox 2814 4268 2942 4342; x_wconf 84' lang='grc' dir='ltr'>ὑμῖν</span> <span class='ocrx_word' id='word_1_656' title='bbox 3014 4267 3282 4344; x_wconf 87' lang='grc' dir='ltr'>δείκνυμι.</span> <span class='ocrx_word' id='word_1_657' title='bbox 3319 4298 3341 4326; x_wconf 73' lang='grc' dir='ltr'>ι</span> <span class='ocrx_word' id='word_1_658' title='bbox 3377 4271 3652 4340; x_wconf 82' lang='grc' dir='ltr'>Τουτέστι,</span> <span class='ocrx_word' id='word_1_659' title='bbox 3684 4274 3803 4328; x_wconf 83' lang='grc' dir='ltr'>Τῶν</span> 
     </span>
    </p>
   </div>
   <div class='ocr_carea' id='block_1_92' title="bbox 2138 4350 3796 4435">
    <p class='ocr_par' dir='ltr' id='par_1_92' title="bbox 2138 4350 3796 4435">
     <span class='ocr_line' id='line_1_92' title="bbox 2138 4350 3796 4435; baseline 0.002 -24"><span class='ocrx_word' id='word_1_660' title='bbox 2138 4356 2254 4411; x_wconf 87' lang='grc' dir='ltr'>καθ’</span> <span class='ocrx_word' id='word_1_661' title='bbox 2283 4350 2595 4429; x_wconf 72' lang='grc' dir='ltr'>ὑπερϐολὴν</span> <span class='ocrx_word' id='word_1_662' title='bbox 2654 4358 2914 4430; x_wconf 84' lang='grc' dir='ltr'>μειζόνων</span> <span class='ocrx_word' id='word_1_663' title='bbox 2985 4359 3345 4434; x_wconf 72' lang='grc' dir='ltr'>χαρισμάτων</span> <span class='ocrx_word' id='word_1_664' title='bbox 3404 4358 3648 4435; x_wconf 83' lang='grc' dir='ltr'>δείκνυμι</span> <span class='ocrx_word' id='word_1_665' title='bbox 3697 4362 3796 4430; x_wconf 72' lang='grc' dir='ltr'>τὴν</span> 
     </span>
    </p>
   </div>
   <div class='ocr_carea' id='block_1_93' title="bbox 2141 4443 3798 4526">
    <p class='ocr_par' dir='ltr' id='par_1_93' title="bbox 2141 4443 3798 4526">
     <span class='ocr_line' id='line_1_93' title="bbox 2141 4443 3798 4526; baseline 0.002 -26"><span class='ocrx_word' id='word_1_666' title='bbox 2141 4443 2287 4501; x_wconf 84' lang='grc' dir='ltr'>ὁδόν.</span> <span class='ocrx_word' id='word_1_667' title='bbox 2317 4469 2340 4499; x_wconf 80' lang='grc' dir='ltr'>α</span> <span class='ocrx_word' id='word_1_668' title='bbox 2376 4445 2502 4502; x_wconf 81' lang='grc' dir='ltr'>Ἐάν</span> <span class='ocrx_word' id='word_1_669' title='bbox 2532 4452 2656 4507; x_wconf 86' lang='grc' dir='ltr'>ταῖς</span> <span class='ocrx_word' id='word_1_670' title='bbox 2688 4445 2969 4522; x_wconf 83' lang='grc' dir='ltr'>γλώσσαις</span> <span class='ocrx_word' id='word_1_671' title='bbox 3008 4455 3116 4505; x_wconf 84' lang='grc' dir='ltr'>τῶν</span> <span class='ocrx_word' id='word_1_672' title='bbox 3150 4451 3450 4526; x_wconf 85' lang='grc' dir='ltr'>ἀνθρώπων</span> <span class='ocrx_word' id='word_1_673' title='bbox 3494 4449 3652 4506; x_wconf 82' lang='grc' dir='ltr'>λαλῶ</span> <span class='ocrx_word' id='word_1_674' title='bbox 3708 4451 3798 4505; x_wconf 82' lang='grc' dir='ltr'>καὶ</span> 
     </span>
    </p>
   </div>
   <div class='ocr_carea' id='block_1_94' title="bbox 2139 4529 3796 4613">
    <p class='ocr_par' dir='ltr' id='par_1_94' title="bbox 2139 4529 3796 4613">
     <span class='ocr_line' id='line_1_94' title="bbox 2139 4529 3796 4613; baseline 0.002 -25"><span class='ocrx_word' id='word_1_675' title='bbox 2139 4537 2248 4588; x_wconf 78' lang='grc' dir='ltr'>τῶν</span> <span class='ocrx_word' id='word_1_676' title='bbox 2280 4529 2555 4608; x_wconf 84' lang='grc' dir='ltr'>ἀγγέλων,</span> <span class='ocrx_word' id='word_1_677' title='bbox 2587 4558 2615 4585; x_wconf 87' lang='grc'><strong>››</strong></span> <span class='ocrx_word' id='word_1_678' title='bbox 2644 4567 2710 4576; x_wconf 89' lang='grc'><strong><em>-</em></strong></span> <span class='ocrx_word' id='word_1_679' title='bbox 2744 4561 2772 4588; x_wconf 87' lang='grc'>‹‹</span> <span class='ocrx_word' id='word_1_680' title='bbox 2802 4534 3087 4602; x_wconf 86' lang='grc' dir='ltr'>Γλώσσαις</span> <span class='ocrx_word' id='word_1_681' title='bbox 3118 4544 3226 4594; x_wconf 81' lang='grc' dir='ltr'>τῶν</span> <span class='ocrx_word' id='word_1_682' title='bbox 3255 4538 3567 4613; x_wconf 62' lang='grc' dir='ltr'>ἀγγέλωνμ»</span> <span class='ocrx_word' id='word_1_683' title='bbox 3605 4538 3796 4606; x_wconf 76' lang='grc' dir='ltr'>εἰπὼν,</span> 
     </span>
    </p>
   </div>
   <div class='ocr_carea' id='block_1_95' title="bbox 2143 4622 3799 4700">
    <p class='ocr_par' dir='ltr' id='par_1_95' title="bbox 2143 4622 3799 4700">
     <span class='ocr_line' id='line_1_95' title="bbox 2143 4622 3799 4700; baseline 0 -23"><span class='ocrx_word' id='word_1_684' title='bbox 2143 4622 2204 4677; x_wconf 77' lang='grc' dir='ltr'>οὗ</span> <span class='ocrx_word' id='word_1_685' title='bbox 2257 4628 2416 4696; x_wconf 82' lang='grc' dir='ltr'>σῶμα</span> <span class='ocrx_word' id='word_1_686' title='bbox 2472 4629 2587 4685; x_wconf 86' lang='grc' dir='ltr'>τοῖς</span> <span class='ocrx_word' id='word_1_687' title='bbox 2646 4623 2901 4700; x_wconf 83' lang='grc' dir='ltr'>ἀγγέλοις</span> <span class='ocrx_word' id='word_1_688' title='bbox 2978 4627 3338 4700; x_wconf 80' lang='grc' dir='ltr'>περιτίθησιν,</span> <span class='ocrx_word' id='word_1_689' title='bbox 3397 4624 3526 4681; x_wconf 81' lang='grc' dir='ltr'>ἀλλ’</span> <span class='ocrx_word' id='word_1_690' title='bbox 3584 4624 3642 4678; x_wconf 83' lang='grc' dir='ltr'>ἐκ</span> <span class='ocrx_word' id='word_1_691' title='bbox 3698 4632 3799 4693; x_wconf 74' lang='grc' dir='ltr'>τῆς</span> 
     </span>
    </p>
   </div>
   <div class='ocr_carea' id='block_1_96' title="bbox 375 4713 2013 4790">
    <p class='ocr_par' dir='ltr' id='par_1_96' title="bbox 375 4715 2013 4790">
     <span class='ocr_line' id='line_1_96' title="bbox 375 4715 2013 4790; baseline 0.002 -20"><span class='ocrx_word' id='word_1_692' title='bbox 375 4732 508 4770; x_wconf 90' lang='lat' dir='ltr'>rum</span> <span class='ocrx_word' id='word_1_693' title='bbox 533 4715 690 4770; x_wconf 88' lang='lat' dir='ltr'>inter</span> <span class='ocrx_word' id='word_1_694' title='bbox 712 4733 772 4770; x_wconf 91' lang='lat' dir='ltr'>se</span> <span class='ocrx_word' id='word_1_695' title='bbox 801 4715 1096 4788; x_wconf 85' lang='lat' dir='ltr'>signiﬁcat</span> <span class='ocrx_word' id='word_1_696' title='bbox 1126 4734 1136 4770; x_wconf 94' lang='lat'>:</span> <span class='ocrx_word' id='word_1_697' title='bbox 1163 4716 1387 4771; x_wconf 89' lang='lat' dir='ltr'>habent</span> <span class='ocrx_word' id='word_1_698' title='bbox 1409 4717 1566 4772; x_wconf 91' lang='lat' dir='ltr'>enim</span> <span class='ocrx_word' id='word_1_699' title='bbox 1611 4723 1669 4772; x_wconf 89' lang='lat' dir='ltr'>et</span> <span class='ocrx_word' id='word_1_700' title='bbox 1712 4718 1800 4773; x_wconf 90' lang='lat' dir='ltr'>illi</span> <span class='ocrx_word' id='word_1_701' title='bbox 1833 4736 2013 4790; x_wconf 89' lang='lat' dir='ltr'>quan-</span> 
     </span>
    </p>
   </div>
   <div class='ocr_carea' id='block_1_97' title="bbox 2125 4713 3792 4790">
    <p class='ocr_par' dir='ltr' id='par_1_97' title="bbox 2139 4713 3792 4790">
     <span class='ocr_line' id='line_1_97' title="bbox 2139 4713 3792 4790; baseline -0.002 -22"><span class='ocrx_word' id='word_1_702' title='bbox 2139 4719 2325 4790; x_wconf 70' lang='grc' dir='ltr'>φωνῆς</span> <span class='ocrx_word' id='word_1_703' title='bbox 2364 4715 2643 4786; x_wconf 67' lang='grc' dir='ltr'>τοῦ-ἡμῶν</span> <span class='ocrx_word' id='word_1_704' title='bbox 2679 4713 3040 4790; x_wconf 74' lang='grc' dir='ltr'>ἐγνωσμένου,</span> <span class='ocrx_word' id='word_1_705' title='bbox 3075 4717 3173 4784; x_wconf 70' lang='grc' dir='ltr'>τὴν</span> <span class='ocrx_word' id='word_1_706' title='bbox 3212 4716 3348 4789; x_wconf 82' lang='grc' dir='ltr'>πρὸς</span> <span class='ocrx_word' id='word_1_707' title='bbox 3406 4713 3627 4769; x_wconf 72' lang='grc' dir='ltr'>ἑαυτοὺς</span> <span class='ocrx_word' id='word_1_708' title='bbox 3683 4715 3792 4766; x_wconf 81' lang='grc' dir='ltr'>τῶν</span> 
     </span>
    </p>
   </div>
   <div class='ocr_carea' id='block_1_98' title="bbox 373 4804 2034 4878">
    <p class='ocr_par' dir='ltr' id='par_1_98' title="bbox 373 4804 2034 4878">
     <span class='ocr_line' id='line_1_98' title="bbox 373 4804 2034 4878; baseline 0.002 -18"><span class='ocrx_word' id='word_1_709' title='bbox 373 4804 511 4860; x_wconf 90' lang='lat' dir='ltr'>dam</span> <span class='ocrx_word' id='word_1_710' title='bbox 530 4807 1029 4878; x_wconf 83' lang='lat' dir='ltr'>significationem</span> <span class='ocrx_word' id='word_1_711' title='bbox 1053 4824 1170 4876; x_wconf 88' lang='lat' dir='ltr'>qua</span> <span class='ocrx_word' id='word_1_712' title='bbox 1184 4807 1885 4878; x_wconf 41' lang='lat' dir='ltr'>vicissim‘colloquuntur</span> <span class='ocrx_word' id='word_1_713' title='bbox 1916 4809 2034 4863; x_wconf 88' lang='lat' dir='ltr'>sive</span> 
     </span>
    </p>
   </div>
   <div class='ocr_carea' id='block_1_99' title="bbox 375 4895 2035 4967">
    <p class='ocr_par' dir='ltr' id='par_1_99' title="bbox 375 4895 2035 4967">
     <span class='ocr_line' id='line_1_99' title="bbox 375 4895 2035 4967; baseline 0.002 -19"><span class='ocrx_word' id='word_1_714' title='bbox 375 4900 695 4966; x_wconf 89' lang='lat' dir='ltr'>conceptus</span> <span class='ocrx_word' id='word_1_715' title='bbox 712 4895 1054 4967; x_wconf 82' lang='lat' dir='ltr'>signiﬁcant</span> <span class='ocrx_word' id='word_1_716' title='bbox 1070 4895 1598 4965; x_wconf 88' lang='lat' dir='ltr'>:quemadmodum</span> <span class='ocrx_word' id='word_1_717' title='bbox 1613 4897 1777 4953; x_wconf 85' lang='lat' dir='ltr'>etiam</span> <span class='ocrx_word' id='word_1_718' title='bbox 1790 4896 1930 4951; x_wconf 88' lang='lat' dir='ltr'>alibi</span> <span class='ocrx_word' id='word_1_719' title='bbox 1947 4898 2035 4951; x_wconf 87' lang='lat' dir='ltr'>di-</span> 
     </span>
    </p>
   </div>
   <div class='ocr_carea' id='block_1_100' title="bbox 373 4983 2040 5058">
    <p class='ocr_par' dir='ltr' id='par_1_100' title="bbox 373 4983 2040 5058">
     <span class='ocr_line' id='line_1_100' title="bbox 373 4983 2040 5058; baseline 0.004 -22"><span class='ocrx_word' id='word_1_720' title='bbox 373 4983 622 5052; x_wconf 92' lang='lat' dir='ltr'>citquod</span> <span class='ocrx_word' id='word_1_721' title='bbox 636 5001 828 5040; x_wconf 84' lang='lat' dir='ltr'>coram</span> <span class='ocrx_word' id='word_1_722' title='bbox 844 4985 1073 5040; x_wconf 85' lang='lat' dir='ltr'>Christo</span> <span class='ocrx_word' id='word_1_723' title='bbox 1090 5002 1150 5039; x_wconf 88' lang='lat' dir='ltr'>se</span> <span class='ocrx_word' id='word_1_724' title='bbox 1166 4985 1540 5041; x_wconf 82' lang='lat' dir='ltr'>llectetomne</span> <span class='ocrx_word' id='word_1_725' title='bbox 1553 5002 1705 5058; x_wconf 88' lang='lat' dir='ltr'>genu</span> <span class='ocrx_word' id='word_1_726' title='bbox 1717 4985 2040 5042; x_wconf 83' lang='lat' dir='ltr'>ccelestium</span> 
     </span>
    </p>
   </div>
   <div class='ocr_carea' id='block_1_101' title="bbox 379 5072 2033 5128">
    <p class='ocr_par' dir='ltr' id='par_1_101' title="bbox 379 5072 2033 5128">
     <span class='ocr_line' id='line_1_101' title="bbox 379 5072 2033 5128; baseline 0.001 -5"><span class='ocrx_word' id='word_1_727' title='bbox 379 5075 437 5124; x_wconf 87' lang='lat' dir='ltr'>et</span> <span class='ocrx_word' id='word_1_728' title='bbox 455 5073 827 5127; x_wconf 81' lang='lat' dir='ltr'>terrestrium</span> <span class='ocrx_word' id='word_1_729' title='bbox 845 5072 912 5127; x_wconf 80' lang='lat'>“.</span> <span class='ocrx_word' id='word_1_730' title='bbox 938 5096 964 5123; x_wconf 83' lang='grc'>‹‹</span> <span class='ocrx_word' id='word_1_731' title='bbox 983 5073 1344 5128; x_wconf 85' lang='lat' dir='ltr'>Charitatem</span> <span class='ocrx_word' id='word_1_732' title='bbox 1359 5079 1555 5128; x_wconf 89' lang='lat' dir='ltr'>autem</span> <span class='ocrx_word' id='word_1_733' title='bbox 1572 5090 1691 5128; x_wconf 90' lang='lat' dir='ltr'>non</span> <span class='ocrx_word' id='word_1_734' title='bbox 1706 5073 1976 5128; x_wconf 88' lang='lat' dir='ltr'>habeam.</span> <span class='ocrx_word' id='word_1_735' title='bbox 2003 5095 2033 5124; x_wconf 86' lang='lat'><strong>»</strong></span> 
     </span>
    </p>
   </div>
   <div class='ocr_carea' id='block_1_102' title="bbox 379 5161 2034 5233">
    <p class='ocr_par' dir='ltr' id='par_1_102' title="bbox 379 5161 2034 5233">
     <span class='ocr_line' id='line_1_102' title="bbox 379 5161 2034 5233; baseline 0.004 -22"><span class='ocrx_word' id='word_1_736' title='bbox 379 5161 516 5224; x_wconf 66' lang='lat' dir='ltr'>Quae</span> <span class='ocrx_word' id='word_1_737' title='bbox 537 5165 775 5232; x_wconf 87' lang='lat' dir='ltr'>estergo</span> <span class='ocrx_word' id='word_1_738' title='bbox 789 5162 916 5216; x_wconf 75' lang='lat' dir='ltr'>haec</span> <span class='ocrx_word' id='word_1_739' title='bbox 929 5162 1058 5216; x_wconf 87' lang='lat' dir='ltr'>via?</span> <span class='ocrx_word' id='word_1_740' title='bbox 1079 5163 1368 5230; x_wconf 89' lang='lat' dir='ltr'>Charitas,</span> <span class='ocrx_word' id='word_1_741' title='bbox 1386 5163 1602 5232; x_wconf 89' lang='lat' dir='ltr'>inquit,</span> <span class='ocrx_word' id='word_1_742' title='bbox 1619 5162 1746 5216; x_wconf 91' lang='lat' dir='ltr'>sine</span> <span class='ocrx_word' id='word_1_743' title='bbox 1766 5179 1883 5233; x_wconf 89' lang='lat' dir='ltr'>qua</span> <span class='ocrx_word' id='word_1_744' title='bbox 1903 5163 2034 5217; x_wconf 92' lang='lat' dir='ltr'>nul-</span> 
     </span>
    </p>
   </div>
   <div class='ocr_carea' id='block_1_103' title="bbox 378 5247 2037 5322">
    <p class='ocr_par' dir='ltr' id='par_1_103' title="bbox 378 5247 2037 5322">
     <span class='ocr_line' id='line_1_103' title="bbox 378 5247 2037 5322; baseline 0.004 -21"><span class='ocrx_word' id='word_1_745' title='bbox 378 5248 503 5302; x_wconf 90' lang='lat' dir='ltr'>lum</span> <span class='ocrx_word' id='word_1_746' title='bbox 520 5247 742 5304; x_wconf 90' lang='lat' dir='ltr'>donum</span> <span class='ocrx_word' id='word_1_747' title='bbox 757 5251 1083 5321; x_wconf 90' lang='lat' dir='ltr'>quidquam</span> <span class='ocrx_word' id='word_1_748' title='bbox 1100 5252 1274 5306; x_wconf 67' lang='lat' dir='ltr'>affert</span> <span class='ocrx_word' id='word_1_749' title='bbox 1304 5251 1600 5306; x_wconf 88' lang='lat' dir='ltr'>utilitatis.</span> <span class='ocrx_word' id='word_1_750' title='bbox 1622 5252 1692 5305; x_wconf 87' lang='lat' dir='ltr'>Et</span> <span class='ocrx_word' id='word_1_751' title='bbox 1714 5251 1969 5322; x_wconf 89' lang='lat' dir='ltr'>primum</span> <span class='ocrx_word' id='word_1_752' title='bbox 2003 5268 2037 5307; x_wconf 87' lang='lat' dir='ltr'>a</span> 
     </span>
    </p>
   </div>
   <div class='ocr_carea' id='block_1_104' title="bbox 379 5337 2033 5413">
    <p class='ocr_par' dir='ltr' id='par_1_104' title="bbox 379 5337 2033 5413">
     <span class='ocr_line' id='line_1_104' title="bbox 379 5337 2033 5413; baseline 0.002 -21"><span class='ocrx_word' id='word_1_753' title='bbox 379 5337 654 5411; x_wconf 83' lang='lat' dir='ltr'>linguaru</span> <span class='ocrx_word' id='word_1_754' title='bbox 667 5339 874 5395; x_wconf 81' lang='lat' dir='ltr'>mdono</span> <span class='ocrx_word' id='word_1_755' title='bbox 891 5341 1048 5412; x_wconf 89' lang='lat' dir='ltr'>quod</span> <span class='ocrx_word' id='word_1_756' title='bbox 1063 5341 1215 5413; x_wconf 88' lang='lat' dir='ltr'>apud</span> <span class='ocrx_word' id='word_1_757' title='bbox 1232 5342 1392 5412; x_wconf 90' lang='lat' dir='ltr'>ipsos</span> <span class='ocrx_word' id='word_1_758' title='bbox 1406 5342 1465 5395; x_wconf 91' lang='lat' dir='ltr'>in</span> <span class='ocrx_word' id='word_1_759' title='bbox 1482 5341 1670 5412; x_wconf 84' lang='lat' dir='ltr'>pretio</span> <span class='ocrx_word' id='word_1_760' title='bbox 1683 5341 2033 5408; x_wconf 88' lang='lat' dir='ltr'>habebatur,</span> 
     </span>
    </p>
   </div>
   <div class='ocr_carea' id='block_1_105' title="bbox 377 5429 2035 5503">
    <p class='ocr_par' dir='ltr' id='par_1_105' title="bbox 377 5429 2035 5503">
     <span class='ocr_line' id='line_1_105' title="bbox 377 5429 2035 5503; baseline 0.002 -21"><span class='ocrx_word' id='word_1_761' title='bbox 377 5429 674 5499; x_wconf 89' lang='lat' dir='ltr'>incipit,et</span> <span class='ocrx_word' id='word_1_762' title='bbox 687 5430 797 5484; x_wconf 89' lang='lat' dir='ltr'>ait:</span> <span class='ocrx_word' id='word_1_763' title='bbox 822 5430 877 5483; x_wconf 90' lang='lat' dir='ltr'>Si</span> <span class='ocrx_word' id='word_1_764' title='bbox 893 5430 1110 5502; x_wconf 79' lang='lat' dir='ltr'>linguis</span> <span class='ocrx_word' id='word_1_765' title='bbox 1125 5431 1583 5499; x_wconf 90' lang='lat' dir='ltr'>hominum,imo</span> <span class='ocrx_word' id='word_1_766' title='bbox 1601 5431 1778 5486; x_wconf 90' lang='lat' dir='ltr'>etiam</span> <span class='ocrx_word' id='word_1_767' title='bbox 1793 5431 2035 5503; x_wconf 86' lang='lat' dir='ltr'>angelo-</span> 
     </span>
    </p>
   </div>
   <div class='ocr_carea' id='block_1_106' title="bbox 378 5518 2035 5591">
    <p class='ocr_par' dir='ltr' id='par_1_106' title="bbox 378 5518 2035 5591">
     <span class='ocr_line' id='line_1_106' title="bbox 378 5518 2035 5591; baseline 0.001 -19"><span class='ocrx_word' id='word_1_768' title='bbox 378 5518 741 5589; x_wconf 87' lang='lat' dir='ltr'>rumloquar</span> <span class='ocrx_word' id='word_1_769' title='bbox 759 5519 886 5574; x_wconf 91' lang='lat' dir='ltr'>sine</span> <span class='ocrx_word' id='word_1_770' title='bbox 900 5520 1209 5587; x_wconf 85' lang='lat' dir='ltr'>charitate,</span> <span class='ocrx_word' id='word_1_771' title='bbox 1231 5525 1455 5575; x_wconf 90' lang='lat' dir='ltr'>temere</span> <span class='ocrx_word' id='word_1_772' title='bbox 1490 5526 1549 5574; x_wconf 92' lang='lat' dir='ltr'>et</span> <span class='ocrx_word' id='word_1_773' title='bbox 1583 5536 1730 5575; x_wconf 89' lang='lat' dir='ltr'>vane</span> <span class='ocrx_word' id='word_1_774' title='bbox 1749 5520 2035 5591; x_wconf 88' lang='lat' dir='ltr'>nullaque</span> 
     </span>
    </p>
   </div>
   <div class='ocr_carea' id='block_1_107' title="bbox 381 5607 2038 5679">
    <p class='ocr_par' dir='ltr' id='par_1_107' title="bbox 381 5607 2038 5679">
     <span class='ocr_line' id='line_1_107' title="bbox 381 5607 2038 5679; baseline 0 -17"><span class='ocrx_word' id='word_1_775' title='bbox 381 5607 636 5662; x_wconf 87' lang='lat' dir='ltr'>utilitate</span> <span class='ocrx_word' id='word_1_776' title='bbox 649 5608 861 5679; x_wconf 90' lang='lat' dir='ltr'>loquar</span> <span class='ocrx_word' id='word_1_777' title='bbox 872 5608 1051 5663; x_wconf 88' lang='lat' dir='ltr'>veluti</span> <span class='ocrx_word' id='word_1_778' title='bbox 1069 5625 1280 5664; x_wconf 89' lang='lat' dir='ltr'>sonum</span> <span class='ocrx_word' id='word_1_779' title='bbox 1294 5608 1553 5663; x_wconf 91' lang='lat' dir='ltr'>reddunt</span> <span class='ocrx_word' id='word_1_780' title='bbox 1567 5608 1832 5664; x_wconf 88' lang='lat' dir='ltr'>inanima</span> <span class='ocrx_word' id='word_1_781' title='bbox 1844 5627 1922 5663; x_wconf 71' lang='lat' dir='ltr'>tes</span> <span class='ocrx_word' id='word_1_782' title='bbox 1935 5615 2038 5664; x_wconf 89' lang='lat' dir='ltr'>aut</span> 
     </span>
    </p>
   </div>
   <div class='ocr_carea' id='block_1_108' title="bbox 451 5807 1026 5878">
    <p class='ocr_par' dir='ltr' id='par_1_108' title="bbox 451 5807 1026 5878">
     <span class='ocr_line' id='line_1_108' title="bbox 451 5807 1026 5878; baseline -0.007 -15"><span class='ocrx_word' id='word_1_783' title='bbox 451 5809 494 5842; x_wconf 83' lang='grc'>⁴¹</span> <span class='ocrx_word' id='word_1_784' title='bbox 529 5807 784 5878; x_wconf 89' lang='lat' dir='ltr'>Philipp.</span> <span class='ocrx_word' id='word_1_785' title='bbox 821 5823 940 5874; x_wconf 81' lang='grc' dir='ltr'>νιιι,</span> <span class='ocrx_word' id='word_1_786' title='bbox 973 5809 1026 5859; x_wconf 82' lang='lat'>2.</span> 
     </span>
    </p>
   </div>
   <div class='ocr_carea' id='block_1_109' title="bbox 2146 4800 3795 4879">
    <p class='ocr_par' dir='ltr' id='par_1_109' title="bbox 2146 4800 3795 4879">
     <span class='ocr_line' id='line_1_109' title="bbox 2146 4800 3795 4879; baseline 0 -23"><span class='ocrx_word' id='word_1_787' title='bbox 2146 4800 2391 4878; x_wconf 75' lang='grc' dir='ltr'>ἀγγέλων</span> <span class='ocrx_word' id='word_1_788' title='bbox 2434 4801 2654 4873; x_wconf 82' lang='grc' dir='ltr'>ὁμιλίαν</span> <span class='ocrx_word' id='word_1_789' title='bbox 2690 4801 2876 4875; x_wconf 81' lang='grc' dir='ltr'>δηλοῖ,</span> <span class='ocrx_word' id='word_1_790' title='bbox 2938 4807 3167 4879; x_wconf 82' lang='grc' dir='ltr'>Ἔχουσι</span> <span class='ocrx_word' id='word_1_791' title='bbox 3224 4805 3328 4878; x_wconf 85' lang='grc' dir='ltr'>γὰρ</span> <span class='ocrx_word' id='word_1_792' title='bbox 3385 4800 3623 4857; x_wconf 78' lang='grc' dir='ltr'>κάκεῖνοί</span> <span class='ocrx_word' id='word_1_793' title='bbox 3678 4822 3795 4856; x_wconf 89' lang='grc' dir='ltr'>τινα</span> 
     </span>
    </p>
   </div>
   <div class='ocr_carea' id='block_1_110' title="bbox 2147 4889 3801 4970">
    <p class='ocr_par' dir='ltr' id='par_1_110' title="bbox 2147 4889 3801 4970">
     <span class='ocr_line' id='line_1_110' title="bbox 2147 4889 3801 4970; baseline 0.001 -26"><span class='ocrx_word' id='word_1_794' title='bbox 2147 4891 2416 4963; x_wconf 78' lang='grc' dir='ltr'>σημασὲαν</span> <span class='ocrx_word' id='word_1_795' title='bbox 2446 4889 2514 4946; x_wconf 86' lang='grc' dir='ltr'>δι’</span> <span class='ocrx_word' id='word_1_796' title='bbox 2546 4889 2613 4960; x_wconf 74' lang='grc' dir='ltr'>ἤν</span> <span class='ocrx_word' id='word_1_797' title='bbox 2666 4892 2966 4970; x_wconf 74' lang='grc' dir='ltr'>ἀμφότεροι</span> <span class='ocrx_word' id='word_1_798' title='bbox 2997 4891 3306 4964; x_wconf 72' lang='grc' dir='ltr'>ὁμιλοῦσιν,</span> <span class='ocrx_word' id='word_1_799' title='bbox 3364 4891 3438 4953; x_wconf 86' lang='grc' dir='ltr'>ὡς</span> <span class='ocrx_word' id='word_1_800' title='bbox 3490 4891 3581 4947; x_wconf 88' lang='grc' dir='ltr'>καὶ</span> <span class='ocrx_word' id='word_1_801' title='bbox 3629 4889 3801 4946; x_wconf 86' lang='grc' dir='ltr'>ἀλλα-</span> 
     </span>
    </p>
   </div>
   <div class='ocr_carea' id='block_1_111' title="bbox 2145 4980 3797 5056">
    <p class='ocr_par' dir='ltr' id='par_1_111' title="bbox 2145 4980 3797 5056">
     <span class='ocr_line' id='line_1_111' title="bbox 2145 4980 3797 5056; baseline 0.001 -23"><span class='ocrx_word' id='word_1_802' title='bbox 2145 4984 2252 5055; x_wconf 77' lang='grc' dir='ltr'>χοῦ</span> <span class='ocrx_word' id='word_1_803' title='bbox 2284 5002 2473 5053; x_wconf 77' lang='grc' dir='ltr'>φησιν,</span> <span class='ocrx_word' id='word_1_804' title='bbox 2507 4980 2592 5036; x_wconf 80' lang='grc' dir='ltr'>ὅτι</span> <span class='ocrx_word' id='word_1_805' title='bbox 2624 5007 2650 5034; x_wconf 83' lang='grc'>‹‹</span> <span class='ocrx_word' id='word_1_806' title='bbox 2687 4982 2848 5054; x_wconf 81' lang='grc' dir='ltr'>Αὐτῷ</span> <span class='ocrx_word' id='word_1_807' title='bbox 2878 4982 3084 5054; x_wconf 83' lang='grc' dir='ltr'>κάμψει</span> <span class='ocrx_word' id='word_1_808' title='bbox 3142 4987 3244 5035; x_wconf 79' lang='grc' dir='ltr'>πᾶν</span> <span class='ocrx_word' id='word_1_809' title='bbox 3276 4981 3404 5056; x_wconf 87' lang='grc' dir='ltr'>γόνυ</span> <span class='ocrx_word' id='word_1_810' title='bbox 3461 4981 3797 5056; x_wconf 79' lang='grc' dir='ltr'>ἐπουρανίων</span> 
     </span>
    </p>
   </div>
   <div class='ocr_carea' id='block_1_112' title="bbox 2145 5067 3804 5145">
    <p class='ocr_par' dir='ltr' id='par_1_112' title="bbox 2145 5067 3804 5145">
     <span class='ocr_line' id='line_1_112' title="bbox 2145 5067 3804 5145; baseline 0.001 -21"><span class='ocrx_word' id='word_1_811' title='bbox 2145 5067 2235 5124; x_wconf 75' lang='grc' dir='ltr'>καί</span> <span class='ocrx_word' id='word_1_812' title='bbox 2259 5068 2534 5144; x_wconf 84' lang='grc' dir='ltr'>ἐπιγείων.</span> <span class='ocrx_word' id='word_1_813' title='bbox 2569 5095 2596 5123; x_wconf 83' lang='grc'><strong>››</strong></span> <span class='ocrx_word' id='word_1_814' title='bbox 2647 5104 2713 5113; x_wconf 95' lang='lat'><strong><em>—</em></strong></span> <span class='ocrx_word' id='word_1_815' title='bbox 2739 5092 2770 5124; x_wconf 74' lang='grc' dir='ltr'>ι(</span> <span class='ocrx_word' id='word_1_816' title='bbox 2803 5071 3050 5145; x_wconf 80' lang='grc' dir='ltr'>’Δγάπην</span> <span class='ocrx_word' id='word_1_817' title='bbox 3091 5068 3148 5125; x_wconf 81' lang='grc' dir='ltr'>δέ</span> <span class='ocrx_word' id='word_1_818' title='bbox 3177 5072 3253 5144; x_wconf 84' lang='grc' dir='ltr'>μὴ</span> <span class='ocrx_word' id='word_1_819' title='bbox 3287 5070 3422 5129; x_wconf 73' lang='grc' dir='ltr'>ἔχω.</span> <span class='ocrx_word' id='word_1_820' title='bbox 3483 5097 3511 5124; x_wconf 80' lang='grc'>››</span> <span class='ocrx_word' id='word_1_821' title='bbox 3544 5071 3679 5126; x_wconf 82' lang='grc' dir='ltr'>Ποία</span> <span class='ocrx_word' id='word_1_822' title='bbox 3710 5069 3804 5126; x_wconf 77' lang='grc' dir='ltr'>οὖν</span> 
     </span>
    </p>
   </div>
   <div class='ocr_carea' id='block_1_113' title="bbox 2148 5159 3801 5238">
    <p class='ocr_par' dir='ltr' id='par_1_113' title="bbox 2148 5159 3801 5238">
     <span class='ocr_line' id='line_1_113' title="bbox 2148 5159 3801 5238; baseline 0.001 -24"><span class='ocrx_word' id='word_1_823' title='bbox 2148 5161 2280 5230; x_wconf 73' lang='grc' dir='ltr'>αὕτη</span> <span class='ocrx_word' id='word_1_824' title='bbox 2315 5163 2350 5230; x_wconf 80' lang='grc' dir='ltr'><strong>ἡ</strong></span> <span class='ocrx_word' id='word_1_825' title='bbox 2385 5159 2568 5231; x_wconf 77' lang='grc' dir='ltr'>ὁδόςς</span> <span class='ocrx_word' id='word_1_826' title='bbox 2625 5161 2687 5216; x_wconf 83' lang='grc' dir='ltr'><em>Ἣ</em></span> <span class='ocrx_word' id='word_1_827' title='bbox 2748 5161 2954 5235; x_wconf 85' lang='grc' dir='ltr'>ἀγάπη,</span> <span class='ocrx_word' id='word_1_828' title='bbox 3015 5163 3203 5238; x_wconf 74' lang='grc' dir='ltr'>φησὶν,</span> <span class='ocrx_word' id='word_1_829' title='bbox 3262 5164 3328 5234; x_wconf 75' lang='grc' dir='ltr'>ἧς</span> <span class='ocrx_word' id='word_1_830' title='bbox 3385 5163 3587 5238; x_wconf 81' lang='grc' dir='ltr'>χωρὶς,</span> <span class='ocrx_word' id='word_1_831' title='bbox 3647 5159 3801 5217; x_wconf 77' lang='grc' dir='ltr'>οὐδὲν</span> 
     </span>
    </p>
   </div>
   <div class='ocr_carea' id='block_1_114' title="bbox 2148 5248 3800 5328">
    <p class='ocr_par' dir='ltr' id='par_1_114' title="bbox 2148 5248 3800 5328">
     <span class='ocr_line' id='line_1_114' title="bbox 2148 5248 3800 5328; baseline 0.001 -25"><span class='ocrx_word' id='word_1_832' title='bbox 2148 5250 2260 5304; x_wconf 83' lang='grc' dir='ltr'>ἐστι</span> <span class='ocrx_word' id='word_1_833' title='bbox 2345 5251 2594 5328; x_wconf 81' lang='grc' dir='ltr'>χάρισμα</span> <span class='ocrx_word' id='word_1_834' title='bbox 2669 5248 2970 5326; x_wconf 78' lang='grc' dir='ltr'>ἐπωφελές.</span> <span class='ocrx_word' id='word_1_835' title='bbox 3051 5250 3150 5306; x_wconf 81' lang='grc' dir='ltr'>Καὶ</span> <span class='ocrx_word' id='word_1_836' title='bbox 3225 5253 3444 5326; x_wconf 81' lang='grc' dir='ltr'>πρῶτον</span> <span class='ocrx_word' id='word_1_837' title='bbox 3523 5251 3629 5308; x_wconf 85' lang='grc' dir='ltr'>ἀπὸ</span> <span class='ocrx_word' id='word_1_838' title='bbox 3703 5255 3800 5305; x_wconf 81' lang='grc' dir='ltr'>τοῦ</span> 
     </span>
    </p>
   </div>
   <div class='ocr_carea' id='block_1_115' title="bbox 2146 5338 3804 5418">
    <p class='ocr_par' dir='ltr' id='par_1_115' title="bbox 2146 5338 3804 5418">
     <span class='ocr_line' id='line_1_115' title="bbox 2146 5338 3804 5418; baseline 0.001 -26"><span class='ocrx_word' id='word_1_839' title='bbox 2146 5339 2272 5414; x_wconf 87' lang='grc' dir='ltr'>παρ’</span> <span class='ocrx_word' id='word_1_840' title='bbox 2303 5339 2494 5398; x_wconf 85' lang='grc' dir='ltr'>αὐτοῖς</span> <span class='ocrx_word' id='word_1_841' title='bbox 2547 5338 2734 5410; x_wconf 89' lang='grc' dir='ltr'>τιμίου</span> <span class='ocrx_word' id='word_1_842' title='bbox 2794 5340 3140 5414; x_wconf 88' lang='grc' dir='ltr'>χαρίσματος</span> <span class='ocrx_word' id='word_1_843' title='bbox 3197 5345 3303 5396; x_wconf 81' lang='grc' dir='ltr'>τῶν</span> <span class='ocrx_word' id='word_1_844' title='bbox 3360 5340 3652 5418; x_wconf 83' lang='grc' dir='ltr'>γλωσσῶν,</span> <span class='ocrx_word' id='word_1_845' title='bbox 3711 5339 3804 5415; x_wconf 81' lang='grc' dir='ltr'>ἄρ-</span> 
     </span>
    </p>
   </div>
   <div class='ocr_carea' id='block_1_116' title="bbox 2147 5426 3800 5504">
    <p class='ocr_par' dir='ltr' id='par_1_116' title="bbox 2147 5426 3800 5504">
     <span class='ocr_line' id='line_1_116' title="bbox 2147 5426 3800 5504; baseline 0.001 -23"><span class='ocrx_word' id='word_1_846' title='bbox 2147 5447 2306 5502; x_wconf 88' lang='grc' dir='ltr'>χεται</span> <span class='ocrx_word' id='word_1_847' title='bbox 2337 5426 2424 5480; x_wconf 84' lang='grc' dir='ltr'>καί</span> <span class='ocrx_word' id='word_1_848' title='bbox 2458 5445 2640 5504; x_wconf 74' lang='grc' dir='ltr'>φησιν·</span> <span class='ocrx_word' id='word_1_849' title='bbox 2677 5427 2796 5481; x_wconf 77' lang='grc' dir='ltr'>Ἑάν</span> <span class='ocrx_word' id='word_1_850' title='bbox 2827 5433 2948 5490; x_wconf 86' lang='grc' dir='ltr'>ταῖς</span> <span class='ocrx_word' id='word_1_851' title='bbox 2985 5428 3260 5504; x_wconf 85' lang='grc' dir='ltr'>γλώσσαις</span> <span class='ocrx_word' id='word_1_852' title='bbox 3307 5434 3413 5485; x_wconf 80' lang='grc' dir='ltr'>τῶν</span> <span class='ocrx_word' id='word_1_853' title='bbox 3475 5429 3800 5504; x_wconf 86' lang='grc' dir='ltr'>ἀνθρώπων,</span> 
     </span>
    </p>
   </div>
   <div class='ocr_carea' id='block_1_117' title="bbox 2149 5513 3800 5595">
    <p class='ocr_par' dir='ltr' id='par_1_117' title="bbox 2149 5513 3800 5595">
     <span class='ocr_line' id='line_1_117' title="bbox 2149 5513 3800 5595; baseline 0.005 -25"><span class='ocrx_word' id='word_1_854' title='bbox 2149 5516 2210 5570; x_wconf 80' lang='grc' dir='ltr'>οὐ</span> <span class='ocrx_word' id='word_1_855' title='bbox 2246 5517 2352 5588; x_wconf 77' lang='grc' dir='ltr'>μὴν</span> <span class='ocrx_word' id='word_1_856' title='bbox 2379 5513 2526 5571; x_wconf 85' lang='grc' dir='ltr'>ἀλλὰ</span> <span class='ocrx_word' id='word_1_857' title='bbox 2564 5517 2653 5570; x_wconf 82' lang='grc' dir='ltr'>καὶ</span> <span class='ocrx_word' id='word_1_858' title='bbox 2705 5521 2812 5571; x_wconf 80' lang='grc' dir='ltr'>τῶν</span> <span class='ocrx_word' id='word_1_859' title='bbox 2869 5517 3117 5595; x_wconf 69' lang='grc' dir='ltr'>ἀγγέλων</span> <span class='ocrx_word' id='word_1_860' title='bbox 3178 5517 3336 5574; x_wconf 81' lang='grc' dir='ltr'>λαλῶ</span> <span class='ocrx_word' id='word_1_861' title='bbox 3393 5519 3512 5574; x_wconf 70' lang='grc' dir='ltr'>ἀνευ</span> <span class='ocrx_word' id='word_1_862' title='bbox 3565 5519 3800 5592; x_wconf 79' lang='grc' dir='ltr'>ἀγάπης,</span> 
     </span>
    </p>
   </div>
   <div class='ocr_carea' id='block_1_118' title="bbox 2150 5605 3801 5688">
    <p class='ocr_par' dir='ltr' id='par_1_118' title="bbox 2150 5605 3801 5688">
     <span class='ocr_line' id='line_1_118' title="bbox 2150 5605 3801 5688; baseline 0.001 -28"><span class='ocrx_word' id='word_1_863' title='bbox 2150 5605 2267 5675; x_wconf 83' lang='grc' dir='ltr'>εἶκῆ</span> <span class='ocrx_word' id='word_1_864' title='bbox 2302 5605 2393 5660; x_wconf 85' lang='grc' dir='ltr'>καὶ</span> <span class='ocrx_word' id='word_1_865' title='bbox 2430 5607 2605 5679; x_wconf 71' lang='grc' dir='ltr'>μάτην</span> <span class='ocrx_word' id='word_1_866' title='bbox 2631 5606 2720 5661; x_wconf 85' lang='grc' dir='ltr'>καὶ</span> <span class='ocrx_word' id='word_1_867' title='bbox 2778 5607 2854 5669; x_wconf 83' lang='grc' dir='ltr'>εἰς</span> <span class='ocrx_word' id='word_1_868' title='bbox 2886 5605 3039 5663; x_wconf 67' lang='grc' dir='ltr'>οὐδὲν</span> <span class='ocrx_word' id='word_1_869' title='bbox 3071 5606 3189 5664; x_wconf 77' lang='grc' dir='ltr'>δέον</span> <span class='ocrx_word' id='word_1_870' title='bbox 3255 5611 3586 5688; x_wconf 69' lang='grc' dir='ltr'>φθέγγομαι,</span> <span class='ocrx_word' id='word_1_871' title='bbox 3619 5605 3801 5682; x_wconf 84' lang='grc' dir='ltr'>ὥσπερ</span> 
     </span>
    </p>
   </div>
  </div>
