4118 6386
336 348 453 410 833

1341 343 1752 407 COMMENT.
1801 344 1878 404 IN
1927 343 2166 405 EPIST.
2213 344 2232 403 Ι
2281 345 2388 404 ΑΙ)
2430 343 2796 406 CORINTH.

3645 347 3766 408 83L

331 483 401 538 τὰ
453 478 667 556 ἀψυχα,
728 479 756 534 6
816 477 1029 554 χαλκὸς
1088 478 1178 534 καὶ
1233 479 1296 534 τὸ
1349 475 1660 552 κύμϐαλον.
1710 502 1736 529 ‹‹
1771 477 1874 534 Καὶ
1907 479 1996 532 ἐὰν

2126 477 2473 549 :ymbalum.
2513 501 2533 526 ι
2572 481 2640 532 Et
2671 478 2719 534 si
2750 478 3001 534 habeam
3033 479 3428 551 prophetiam.
3465 501 3493 529 ››
3547 480 3766 538 Valens

334 571 456 647 ἔχω
487 569 847 648 προφητείαν.
909 592 938 621 ιι
996 567 1179 625 Θελων
1241 565 1406 639 δεῖξαι
1469 567 1602 644 μέγα
1647 589 1698 622 τι
1733 569 1832 636 τήν
1863 567 2000 644 ἀγά-

339 682 474 732 πην,
537 657 687 730 αὔξει
745 662 963 732 πρῶτον
1018 660 1086 713 τὰ
1141 657 1476 734 χαρίσματα,
1533 658 1623 712 καὶ
1685 655 1810 712 τότε
1839 656 2002 733 φησὶν

340 751 477 806 αὐτά
535 747 691 811 ἐκτὸς
758 749 972 824 ἀγάπης
1031 745 1186 803 οὐδὲν
1245 749 1405 802 εἶναι.
1462 753 1613 802 ”Δνω
1670 747 1776 822 γὰρ
1809 745 2000 814 εἰπὼν,

347 862 370 890 ι
409 841 531 894 Ἐἀν
581 844 701 897 ταῖς
757 837 1036 912 γλώσσαις
1091 841 1202 892 τῶν
1255 835 1552 903 ἀνθρώπων
1583 835 1808 890 καὶτῶν
1840 833 2004 910 ἀγγέ-

340 929 456 985 λὼν
518 926 702 994 λαλῶ,
770 957 794 981 ι)
856 925 989 1002 ὅπερ
1048 928 1114 995 ἦν
1171 926 1297 1001 παρ’
1355 925 1544 987 αὐτοῖς
1605 925 1880 998 μέγιστον,
1911 928 2001 977 νῦν

339 1016 506 1072 πάλιν
539 1016 624 1072 ἐπὶ
675 1022 776 1084 τῆς
830 1013 1168 1092 προφητείας
1195 1014 1256 1068 τὸ
1286 1013 1416 1067 αὐτὸ
1454 1018 1622 1069 ποιεῖ.
1659 1010 2002 1089 Προφητείαν

341 1107 444 1180 γὰρ
504 1104 593 1159 ἒάν
641 1101 780 1179 ἔχω,
839 1102 924 1157 οὐ·
958 1103 1060 1170 τήν
1117 1106 1414 1176 τυχοῦσαν,
1470 1100 1658 1180 φησὶν,
1716 1097 1860 1154 ἀλλά
1902 1100 2002 1166 τὴν

339 1192 675 1270 ἀκροτάτην,
737 1194 835 1261 τήν
889 1191 978 1246 καὶ
1035 1192 1102 1246 τά
1165 1192 1438 1265 μυστήρια
1502 1189 1592 1244 καῖ
1652 1190 1752 1257 τὴν
1802 1192 2003 1262 γνῶσιν

339 1281 601 1352 ἔχουσαν,
643 1280 765 1338 ἄνευ
824 1281 1060 1358 ἀγάπης,
1121 1277 1273 1335 οὐδὲν
1331 1279 1466 1352 εἰμι.
1523 1282 1701 1336 Τοῦτο
1727 1277 1832 1353 γάρ
1859 1277 2005 1332 κάτω

341 1369 672 1427 ἀποδίδωσι.
742 1394 765 1424 ι
801 1374 978 1426 ΙΙᾶσαν
1019 1372 1118 1438 τήν
1177 1368 1378 1424 πίστιν.
1439 1392 1468 1420 ››
1530 1369 1714 1422 Ηίστιν
1771 1371 1884 1432 νῦν,
1945 1365 2006 1420 ού

338 1463 442 1530 τὴν
501 1466 611 1516 τῶν
672 1465 878 1516 πιστῶν
939 1461 1041 1528 τὴν
1101 1461 1298 1528 κοινὴν
1354 1459 1443 1512 καὶ
1496 1455 1797 1525 καθολικὴν
1832 1456 2004 1533 λέγει,

338 1550 486 1608 ἀλλά
516 1551 579 1606 τὸ
613 1549 862 1629 χάρισμα
918 1549 982 1602 τὸ
1038 1555 1138 1617 τῆς
1198 1547 1457 1610 πίστεως.
1521 1549 1614 1601 Ἦν
1666 1546 1770 1620 γάρ
1813 1567 1864 1600 τι
1898 1565 2006 1620 χαο

343 1643 610 1716 ρίσματος
670 1637 834 1708 εἶδος,
894 1636 1210 1711 ὁμωνύμως
1265 1638 1411 1692 οὕτω
1468 1637 1536 1707 τῇ
1566 1637 1743 1690 πίστει
1777 1635 2010 1709 Λεγόμε-

345 1752 464 1788 νον.
530 1732 689 1787 ’Ὁθεν
756 1727 845 1782 ἐπὶ
903 1727 1202 1802 φανερώσει
1282 1727 1654 1800 πνευματικῆς
1724 1723 2009 1796 μετουσίας

351 1819 673 1895 ἐχορηγεῖτο
729 1815 969 1878 πολλοῖς
1025 1820 1134 1870 τῶν
1193 1809 1427 1870 εὐσεϐῶν
1459 1813 1510 1869 ἐν
1535 1818 1614 1884 τῷ
1661 1814 1784 1868 τότε
1813 1815 2013 1884 καιρῷ.

353 1910 482 1984 Περὶ
542 1907 733 1962 τούτου
813 1907 908 1961 καὶ
984 1907 1012 1959 6
1091 1905 1287 1977 Κύριος
1364 1908 1460 1959 τοῦ
1526 1902 1892 1978 χαρίσματος,
1959 1899 2011 1954 ἐν

346 1996 706 2072 Εύαγγελίοις
767 1996 956 2070 φησὶν,
1021 2025 1044 2049 ιι
1078 1995 1202 2050 Ἐάν
1259 1989 1429 2070 ἔχητε
1487 1993 1670 2047 πίστιν
1706 1993 1780 2052 ὼς
1809 1991 2012 2046 κόκκον

339 2087 629 2153 σινάπεως,
660 2084 831 2159 ἐρεῖτε
882 2090 962 2157 τῷ
1015 2083 1129 2159 ὄρει
1190 2083 1392 2155 τούτῳο
1455 2083 1688 2157 ’Ἄρθητι
1743 2081 1832 2135 καὶ
1868 2077 2015 2156 βλή-

346 2185 473 2242 θητι
531 2171 607 2234 εἷς
665 2173 766 2242 τὴν
849 2170 1149 2240 θάλασσαν,
1211 2171 1302 2225 καὶ
1361 2171 1645 2246 γενήσεται
1722 2167 1917 2230 οὕτως.
1983 2189 2010 2222 ι

345 2261 423 2320 Ού
457 2258 642 2333 δήπου
672 2261 778 2337 γάρ
829 2261 903 2323 ὡς
953 2261 1092 2333 πρὸς
1121 2259 1385 2322 ἀπίστους
1436 2261 1536 2330 τὴν
1585 2259 1775 2328 κοινὴν
1805 2258 2010 2325 πίστιν,

341 2356 517 2407 ταῦτα
545 2351 684 2426 πρὸς
724 2349 918 2412 αὐτοὺς
975 2347 1256 2422 διελέγετο
1307 2350 1334 2403 6
1393 2348 1624 2424 Κύριος,
1681 2346 1827 2402 ἀλλά
1877 2347 2012 2422 πρὸς

344 2441 473 2502 τοὺς
531 2439 767 2502 οἰκείους
829 2439 1096 2512 μαθητάς·
1169 2440 1481 2507 τουτέστιν,
1537 2437 1662 2493 ’βάν
1721 2434 1893 2512 ἔχητε
1951 2436 2014 2490 τὸ

347 2534 448 2596 τῆς
479 2529 715 2591 πίστεως
757 2529 1029 2605 χάρισμα.
1107 2529 1176 2586 ’Ό
1253 2525 1311 2583 δὲ
1388 2529 1536 2582 εἶπεν
1607 2529 1635 2581 ὁ
1701 2527 1907 2601 Κύριος
1961 2523 2013 2593 ἐν

349 2617 723 2695 Εὐαγγελίοις
788 2619 1038 2695 μέγιστον
1099 2619 1264 2684 εἶναι,
1321 2618 1385 2672 τὸ
1445 2614 1538 2672 διά
1617 2616 1852 2679 πίστεως
1909 2615 2010 2690 ὅρη

349 2711 627 2782 μεθιστᾷν,
680 2708 853 2764 τοῦτὸ
910 2728 1043 2785 φησι
1117 2705 1286 2780 μηδὲν
1345 2709 1480 2762 εῖναι
1541 2704 1758 2782 ἀγάπης
1815 2705 2011 2780 χωρίς.

357 2799 587 2857 «Οὐθὲν
654 2799 790 2873 εἶμι.
846 2820 870 2851 ι
940 2798 1058 2856 Οὐκ
1123 2799 1260 2865 εἶπε,
1327 2797 1673 2870 Μικρότατὸς
1740 2797 1856 2868 εἷ’μι
1920 2801 2008 2855 καὶ

352 2885 605 2956 εότελής,
637 2885 788 2958 ἀλλ’,
811 2910 838 2937 ‹‹
875 2885 1043 2942 Οὐθὲν
1077 2884 1213 2959 εἶμι.
1240 2910 1268 2937 ››
1302 2883 1496 2940 Καλῶς
1521 2886 1606 2954 τὸ,
1631 2910 1657 2937 ι(
1685 2884 1960 2958 Ψωμίσω,
1982 2905 2009 2937 n

357 2976 496 3048 μετά
549 2982 653 3044 τῆς
712 2973 913 3036 δόσεως
973 2975 1064 3029 καὶ
1130 2975 1232 3044 τήν
1290 2973 1492 3029 οἰκείαν
1549 2973 1834 3046 σημαίνων
1898 2971 2014 3027 δια-

349 3065 558 3120 κονίαν.
595 3065 733 3139 Ὀρα
765 3061 826 3120 δὲ
853 3064 950 3120 καὶ
1007 3063 1089 3133 τὸ,
1145 3087 1174 3115 ‹‹
1207 3063 1390 3120 Πάντα
1418 3065 1485 3118 τὰ
1517 3064 1855 3138 ὑπάρχοντα,
1891 3087 1919 3114 ››
1951 3062 2013 3118 οὐ

359 3155 528 3227 μέρος
587 3155 781 3211 αὐτῶν.
836 3180 863 3207 ‹‹
911 3157 1025 3210 ’Ἱνα
1082 3155 1463 3228 καυθήσωμαι.
1502 3178 1527 3204 ››
1587 3154 1689 3210 Τὸν
1749 3151 2015 3228 χαλεπώ-

361 3263 524 3299 τατον
582 3242 723 3320 λέγει
782 3245 1034 3312 θάνατον,
1079 3243 1170 3297 τὸν
1238 3244 1370 3317 ὑπὲρ
1402 3247 1536 3299 Θεοῦ
1577 3241 1834 3313 δηλονότι
1863 3242 2013 3316 γινό.

358 3354 520 3406 μενον
533 3378 544 3389 .

444 3425 506 3480 Ἦ
574 3423 758 3500 ἀγάπη
834 3428 1197 3498 μακροθυμεῖ,
1259 3423 1640 3498 χρηστεύεται.
1711 3424 1771 3480 Ἡ
1832 3424 2014 3499 ἀγάπη

364 3515 430 3568 οὐ
487 3512 674 3584 ζηλοῖ,
733 3515 768 3583 ἡ
827 3513 1012 3589 ἀγάπη
1069 3512 1132 3567 οὐ
1208 3511 1614 3587 περπερεύεται,
1671 3513 1732 3567 ςύ
1793 3517 2019 3591 φυσιοῦ-

355 3623 468 3670 ται,
529 3601 629 3656 ούκ
682 3601 1016 3680 ἀσχημονεῖ,
1075 3601 1136 3656 οὐ
1196 3606 1349 3671 ζητεῖ
1407 3600 1474 3656 τά
1529 3602 1745 3670 ἑαυτῆς,
1780 3602 1841 3656 οὐ
1873 3623 2013 3676 παρ-

364 3691 621 3760 οξύνεται,
679 3691 742 3746 ού
802 3691 1076 3767 λογίζεται
1166 3690 1230 3746 τὸ
1309 3691 1493 3756 κακὸν,
1550 3689 1611 3744 ού
1680 3691 1860 3766 χαίρει
1928 3689 2015 3745 ἐπὶ

368 3782 438 3852 τῇ
536 3779 738 3852 ἀδικίᾳ,
817 3779 1106 3858 σύγχαίρει
1181 3776 1240 3834 δὲ
1334 3781 1403 3852 τῇ
1479 3777 1730 3850 ἀληθείᾳ.
1837 3777 2014 3834 Πάντα

362 3868 551 3944 στέγει,
582 3871 756 3943 μάντα
785 3869 1046 3938 πιστεύει,
1079 3869 1249 3923 πάντα
1270 3866 1503 3938 ἐλπιζει,
1526 3868 1702 3922 πάντα
1733 3867 2013 3941 ὑπομένει.

349 3958 416 4014 Ἦ
447 3958 632 4032 ἀγάπη
667 3955 931 4013 οὐδεποτε
960 3955 1234 4015 ἐκπίπτει.

427 4047 562 4104 Εἶτα
620 4045 817 4103 λοιπὸν
872 4043 1205 4125 διεξέρχεται
1259 4053 1361 4116 τῆς
1419 4045 1632 4122 ἀγάπης
1689 4047 1756 4102 τὰ
1803 4048 2016 4124 γιωρί-

358 4157 560 4209 σματα,
594 4134 801 4199 δεικνὺς
857 4136 942 4192 ’ὁτι
1000 4135 1061 4190 οὐ
1123 4137 1288 4209 μόνον
1348 4133 1732 4210 βλαστησαντα
1761 4140 1827 4191 τά
1865 4138 2012 4208 πάθη

356 4225 586 4301 ἐκριζοῖ,
620 4225 753 4282 ἀλλ’
809 4223 942 4281 οὐδὶ
998 4230 1159 4300 φῦναι
1216 4230 1518 4303 συγχωρεῖ.
1580 4227 1718 4301 Ὅρα
1749 4223 2018 4294 δὶ,εύθῦς

355 4317 456 4384 τήν
495 4315 875 4389 μακροθυμίαν
915 4315 1139 4383 τέθεικε,
1199 4315 1298 4382 τήν
1352 4313 1502 4389 ῥίζαν
1560 4315 1736 4386 πάσης
1787 4315 2018 4390 φιλοσο-

358 4406 502 4484 φίας.
544 4428 572 4460 I
599 4405 987 4479 Χρηστεύεται.
1041 4427 1070 4455 »
1128 4401 1350 4474 Ἐπειδτς
1383 4403 1525 4467 τινές
1557 4404 1688 4458 εἰσιν
1723 4403 1776 4460 ortv
1803 4409 1872 4478 τῇ
1909 4429 2014 4477 μα-

351 4495 632 4569 κροθυμίᾳ
660 4493 760 4549 οὐκ
814 4493 891 4558 εἰς
960 4492 1288 4573 φιλοσοφίαν
1345 4493 1669 4571 κέχρηνται,
1705 4493 2013 4570 ἀλλὰπρὸς

2112 569 2427 624 ostendere
2454 587 2737 643 magnum
2760 570 3041 642 quiddam
3062 588 3190 626 esse
3211 571 3284 627 ch
3299 573 3765 640 aritatem,dona

2111 655 2370 726 primum
2397 662 2726 730 exaggerat,
2754 663 2812 712 et
2842 663 2982 713 tunc
3009 657 3091 712 ait
3119 657 3223 713 illa
3252 659 3404 713 nihil
3435 676 3567 714 esse
3626 659 3767 715 abs-

2113 760 2227 813 que
2259 743 2571 801 charitate.
2611 747 2756 801 Nam
2786 762 2921 800 cum
2954 745 3232 816 superius
3289 745 3578 802 dixisset:
3637 769 3666 796 «
3710 747 3771 801 Si

2113 831 2332 903 linguis
2357 833 2666 888 hominum
2693 841 2753 889 et
2772 834 3119 906 angelorum
3140 834 3352 906 loquar
3374 856 3401 884 »
3430 835 3586 906 quod
3608 836 3768 908 apud

2114 921 2274 993 ipsos
2305 929 2433 978 erat
2456 925 2783 980 maximum
2820 943 2832 979 :
2866 942 3102 981 rursum
3137 942 3296 982 nunc
3327 926 3485 981 idem
3512 927 3574 982 in
3631 944 3771 998 pro-

2115 1013 2317 1082 phetia
2338 1013 2496 1068 facit.
2524 1017 2668 1070 Nam
2711 1017 2760 1072 si
2806 1017 3069 1072 habuero
3118 1017 3518 1088 prephetiam,
3553 1019 3769 1089 inquit,

2117 1117 2239 1156 non
2261 1103 2761 1175 qualemcunque,
2785 1105 2887 1159 sed
2913 1106 3171 1161 maxime
3193 1105 3514 1160 sublimem
3538 1123 3670 1176 quae
3707 1111 3766 1161 et

2118 1191 2403 1262 mysteria
2419 1197 2477 1246 et
2498 1193 2809 1248 scientiam
2837 1193 3054 1249 habeat
3073 1194 3296 1265 absque
3310 1195 3599 1250 charitate
3618 1195 3771 1249 nihil

2118 1296 2253 1334 sum
2280 1297 2293 1334 :
2321 1281 2432 1336 hoc
2456 1283 2613 1336 enim
2638 1282 2888 1337 inferius
2910 1283 3184 1354 explicat.
3205 1307 3231 1333 α
3257 1284 3507 1339 Omnem
3531 1284 3770 1340 ﬁdem.»

2118 1370 2245 1424 Non
2279 1386 2408 1425 eam
2437 1371 2582 1426 dicit
2614 1389 2775 1427 nunc
2807 1373 3178 1427 credentium
3214 1373 3393 1428 ﬁdem
3425 1391 3557 1444 quas
3598 1391 3774 1430 com-

2119 1460 2320 1513 munis
2345 1467 2434 1514 est
2456 1467 2514 1513 et
2533 1461 2851 1532 generalis,
2877 1461 2980 1515 sed
3002 1461 3224 1516 donum
3276 1461 3434 1516 ﬁdei.
3470 1464 3615 1518 Nam
3647 1469 3779 1519 erat

2120 1547 2421 1618 quoddam
2452 1549 2746 1604 donorum
2780 1566 2965 1622 genus
2992 1550 3149 1620 quod
3182 1551 3387 1606 eadem
3439 1568 3578 1607 voce
3636 1570 3775 1609 cum

2123 1635 2240 1689 ﬁde
2257 1634 2754 1708 dicebatur,quod
2775 1637 2848 1694 ad
2872 1639 3418 1694 manifestationem
3439 1643 3774 1712 praasenlia

2124 1724 2368 1794 spiritus
2399 1725 2604 1780 multis
2633 1743 2700 1780 eo
2755 1732 3021 1798 tempore
3079 1727 3473 1784 tribuebatur.
3535 1730 3615 1784 De
3664 1731 3778 1786 hoc

2125 1815 2304 1870 etiam
2335 1815 2490 1870 dono
2523 1817 2607 1871 ait
2647 1817 2933 1872 Dominus
2964 1817 3025 1872 in
3058 1817 3388 1891 Evangeliis
3423 1836 3435 1873 :
3478 1842 3504 1868 ‹‹
3559 1820 3617 1874 Si
3665 1820 3774 1876 ha-

2123 1904 2374 1960 bueritis
2409 1906 2586 1962 ﬁdem
2618 1907 2773 1962 sicut
2801 1925 3051 1980 granum
3076 1909 3324 1979 sinapis,
3352 1908 3562 1965 dicetis
3583 1912 3775 1967 monti

2123 1993 2263 2049 huic
2297 2011 2310 2048 :
2345 2018 2371 2044 ‹‹
2405 1995 2709 2050 Auferaris
2740 2002 2797 2051 et
2831 1997 3166 2067 projiciaris
3198 1997 3260 2051 in
3314 2014 3501 2064 mare,
3557 2005 3616 2054 et
3673 2001 3776 2055 ﬁet

2126 2083 2289 2139 vobis
2322 2085 2389 2139 ⁸³.
2423 2107 2451 2134 ››
2487 2087 2687 2156 Neque
2719 2085 2880 2140 enim
2911 2086 3038 2141 hinc
3063 2085 3134 2141 de
3167 2087 3466 2141 communi
3524 2089 3639 2143 ﬁde
3687 2088 3780 2143 lo-

2127 2174 2422 2244 quebatur
2454 2176 2740 2231 Dominus
2771 2175 2845 2230 ad
2877 2192 2976 2231 eos
3010 2180 3294 2246 tanquam
3316 2177 3390 2232 ad
3411 2177 3776 2247 incredulos,

2123 2263 2228 2318 sed
2259 2264 2328 2319 ad
2366 2281 2505 2320 suos
2536 2265 2863 2336 discipulos
2919 2281 3112 2320 sermo
3172 2271 3344 2322 erat:
3405 2265 3516 2322 hoc
3565 2272 3674 2334 est,
3726 2269 3777 2324 si

2122 2352 2450 2409 habueritis
2466 2355 2601 2408 ﬁdei
2632 2355 2879 2410 donum.
2903 2356 3056 2412 549
3079 2356 3244 2420 Quod
3265 2362 3465 2413 autem
3489 2357 3776 2414 Dominus

2123 2440 2185 2494 in
2217 2441 2548 2513 Evangeliis
2576 2443 2902 2498 maximum
2934 2460 3063 2498 esse
3095 2444 3262 2511 dixit,
3291 2461 3506 2516 nempe
3538 2452 3772 2503 montes

2122 2536 2522 2586 transmutare
2554 2533 2665 2588 hoc
2685 2533 2768 2588 ait
2790 2533 2918 2588 sine
2941 2535 3238 2590 Charitate
3266 2536 3419 2590 nihil
3437 2553 3588 2592 esse.
3625 2558 3651 2586 α
3684 2537 3778 2591 Ni-

2122 2618 2207 2673 hil
2238 2637 2392 2674 sum.
2425 2642 2454 2671 »
2490 2621 2619 2676 Non
2650 2621 2799 2677 dixit
2833 2623 3110 2678 Minimus
3160 2641 3291 2678 sum
3325 2630 3388 2679 et
3441 2625 3596 2692 vilis,
3644 2625 3772 2692 sed,

2125 2731 2152 2758 «
2187 2709 2344 2764 Nihil
2375 2728 2524 2765 sum.
2564 2734 2592 2761 »
2627 2743 2692 2753 —
2724 2734 2751 2761 «
2784 2715 2854 2767 Et
2884 2714 2934 2768 si
2963 2713 3179 2769 alendo
3212 2715 3533 2770 insumam.
3567 2734 3594 2767 ο
3622 2715 3778 2769 Bene

2124 2797 2272 2853 dixit
2307 2821 2334 2848 ‹‹
2366 2800 2596 2856 Alendo
2627 2803 2946 2870 insumam,
2984 2825 3010 2853 ››
3071 2804 3414 2875 signiﬁcans
3471 2821 3592 2860 una
3641 2821 3778 2860 cum

2123 2888 2280 2944 dono
2311 2891 2617 2962 proprium
2678 2909 2915 2963 quoque
2970 2893 3392 2949 ministerium.
3454 2893 3780 2949 Considera

2123 2993 2259 3033 vero
2286 2979 2443 3050 quod
2476 2981 2655 3035 etiam
2687 2981 2866 3036 dicit:
2903 3004 2928 3029 κ
2964 2983 3183 3037 Omnes
3204 2983 3517 3038 facultates
3539 2999 3774 3048 meas,»

2123 3083 2243 3121 non
2266 3074 2495 3139 partem
2527 3070 2810 3140 ipsarum.
2849 3092 2875 3118 «
2911 3071 2980 3124 Ut
3039 3071 3374 3139 comburar,
3437 3093 3466 3121 ››
3517 3071 3776 3126 Miserri-

2126 3176 2289 3214 mum
2317 3158 2462 3214 dicit
2487 3159 2693 3214 mortis
2722 3175 2909 3231 genus
2965 3177 3097 3230 quae
3157 3159 3433 3216 videlicet
3489 3177 3596 3232 pro
3654 3160 3774 3216 Deo

2131 3249 2438 3303 toleratur.

2200 3427 2347 3492 XIII,
2381 3429 2499 3480 4-8.
2534 3449 2562 3476 ‹‹
2614 3427 2881 3482 Charitas
2942 3427 3301 3500 longaminis
3359 3434 3469 3496 est,
3521 3429 3782 3504 benigna

2127 3537 2156 3564 «
2190 3522 2300 3582 est,
2323 3516 2581 3571 Charitas
2612 3532 2732 3571 non
2761 3517 3095 3585 aamulatur,
3119 3519 3378 3574 Charitas
3398 3536 3516 3574 non
3540 3524 3630 3574 est
3649 3537 3782 3592 pro-

2127 3626 2154 3652 ‹‹
2190 3621 2316 3671 cax,
2351 3621 2473 3660 non
2507 3604 2769 3672 inﬂatur,
2805 3622 2925 3661 non
2957 3606 3208 3677 pudeﬁt,
3239 3624 3361 3662 non
3389 3609 3603 3680 quaerit
3641 3626 3773 3680 quae

2127 3715 2152 3741 ‹‹
2188 3709 2296 3747 sua
2325 3683 2482 3757 siunt,
2519 3710 2637 3748 non
2670 3693 2956 3760 irritatur,
2992 3711 3112 3750 non
3140 3697 3357 3768 cogitat
3383 3697 3630 3765 malum,
3654 3713 3776 3754 non

2129 3803 2151 3832 ι
2186 3782 2402 3854 gaudet
2433 3783 2493 3836 in
2527 3781 2842 3852 injustitia,
2877 3782 2979 3837 sed
3012 3785 3346 3854 congaudet
3372 3785 3626 3840 veritati.
3653 3787 3786 3841 Om-

2125 3893 2151 3919 ‹‹
2186 3870 2288 3924 nia
2314 3859 2541 3936 suffert,
2577 3870 2781 3924 omnia
2812 3870 3022 3938 credit,
3057 3873 3259 3927 omnia
3290 3878 3510 3944 sperat,
3571 3874 3780 3929 omnia

2128 3980 2154 4008 «
2189 3959 2461 4013 sustinet.
2495 3957 2762 4013 Charitas
2791 3975 3104 4029 nunquam
3135 3960 3372 4015 excidit.
3408 3981 3435 4012 ι

2200 4047 2423 4103 Deinde
2451 4054 2890 4118 consequenter
2919 4054 3160 4104 enarrat
3189 4049 3500 4106 charitatis
3557 4051 3778 4124 insigni

2129 4137 2347 4207 quibus
2369 4136 2636 4209 dignosci
2661 4136 2872 4203 valeat,
2906 4137 3230 4192 ostendens
3263 4138 3423 4209 quod
3445 4155 3568 4194 non
3593 4139 3786 4194 solum

2127 4242 2226 4281 eas
2250 4243 2383 4296 qua:
2403 4227 2815 4298 germinarunt
2837 4227 3182 4282 affectiones
3205 4228 3512 4299 exstirpat,
3553 4229 3656 4284 sed
3687 4245 3790 4283 ne-

2127 4332 2242 4384 que
2271 4315 2516 4386 produci
2548 4315 2856 4386 permittit.
2924 4315 3063 4370 Vide
3123 4321 3322 4372 autem
3373 4317 3531 4388 quod
3579 4317 3780 4373 statim

2124 4403 2479 4473 patientiam
2513 4404 2632 4458 sive
2659 4403 3176 4476 longanimitatem
3219 4406 3506 4477 posuerit,
3563 4421 3780 4476 nempe

2127 4495 2306 4548 totius
2329 4492 2721 4564 philosophia:
2745 4493 3098 4548 Christianae
3119 4494 3403 4550 radicem.
3439 4518 3466 4544 «
3519 4497 3784 4568 Benigna

350 4585 417 4639 τὸ
476 4581 762 4658 διαρρῆξαι
818 4581 946 4648 τοῦς
1013 4581 1404 4658 ἐνοχλοῦντας,
1465 4583 1556 4638 καὶ
1615 4587 1864 4657 πειρᾶσαι
1925 4583 2011 4638 ἐπὶ

2126 4588 2233 4637 est.
2273 4604 2292 4630 ι
2329 4582 2622 4646 Quoniam
2681 4582 2956 4638 nonnulli
3019 4583 3474 4656 longanimitate
3533 4603 3654 4640 non
3703 4585 3778 4641 ad

354 4672 553 4739 πλέον,
583 4672 920 4746 ἠθικώτερον
949 4672 1138 4734 αὐτοῖς
1171 4668 1583 4748 διαλεγόμενος,
1619 4669 1771 4748 φησί,
1808 4696 1835 4723 ‹‹
1871 4673 2015 4748 Χρη-

358 4761 620 4830 στεύεταί,
665 4787 692 4813 ››
722 4762 1028 4830 τουτὲστιν,
1089 4759 1186 4814 οὐκ
1244 4759 1330 4814 ἐπὶ
1388 4761 1477 4831 θεῷ’
1524 4761 1719 4834 ἀνάψαι
1776 4763 1876 4830 τήν
1915 4760 2014 4836 ὀρ-

361 4851 466 4925 γὴν
496 4856 598 4906 τῶν
632 4849 1039 4931 ἐνοχλούντων,
1073 4847 1200 4903 ἀλλ’
1257 4848 1344 4904 ἐπὶ
1395 4853 1475 4920 τῷ
1522 4855 1913 4925 καταπραῧναι,
1945 4855 2012 4924 τῇ

364 4941 717 5015 μακροθυμίᾳ
772 4939 1064 5015 κέχρηται,
1122 4939 1213 4994 καὶ
1271 4937 1576 5013 ἡμερότητι
1619 4946 1842 5014 χρῆται.
1879 4966 1906 4992 ‹‹
1941 4940 2013 4996 Οὐ

361 5026 546 5098 ζηλοῖ,
583 5052 606 5081 ι
643 5025 809 5084 Βαϐαῖ
840 5027 966 5083 οἷόν
1020 5027 1130 5083 ἐστι
1189 5027 1252 5082 τὸ
1314 5028 1390 5100 μή
1425 5025 1652 5098 ζηλοῦν,
1681 5027 1846 5104 ἤγουν
1880 5032 2013 5106 φθο-

355 5124 468 5173 νεῖν
499 5120 628 5181 τοὺς
661 5119 718 5174 εὖ
748 5116 1106 5194 πράττοντας.
1167 5141 1195 5168 ‹‹
1254 5115 1326 5171 Ού
1387 5116 1792 5191 περπερεύεται.
1830 5144 1851 5169 ι
1909 5118 2019 5175 Οὐκ

358 5206 765 5278 ἀλαζονεύεται,
824 5208 889 5263 οὗ
961 5211 1246 5284 φυσιοῦται
1320 5205 1410 5260 καὶ
1489 5211 1674 5284 φρονεῖ
1735 5212 1876 5283 μέγα
1929 5207 2014 5263 ἐπὶ

359 5296 589 5358 οἶκείοις
655 5298 1094 5373 κατορθώμασιν.
1163 5297 1230 5352 Ἥ
1296 5293 1451 5350 οὐδὲν
1517 5296 1783 5368 προπετὲς
1849 5303 2017 5355 ποιεῖ,

360 5389 642 5464 Περπερος
697 5387 824 5462 γὰρ,
875 5387 1178 5462 προπετὴς.
1235 5410 1262 5437 ‹‹
1325 5385 1436 5440 Ούκ
1493 5385 1824 5460 ἀσχημονεῖ.
1859 5407 1884 5439 ι
1939 5387 2020 5444 Ού

365 5480 554 5552 μόνον,
589 5478 778 5554 φησὶν,
811 5477 877 5532 οὗ
917 5481 1106 5554 φρονεῖ
1157 5473 1318 5551 μέγα,
1370 5473 1517 5532 ἀλλά
1545 5475 1636 5530 καὶ
1664 5475 1733 5530 τά
1761 5473 2023 5551 α’ίσχιστα

438 5685 485 5721 ⁸³
517 5683 722 5741 Matth.
751 5701 883 5754 xvu,
922 5686 1024 5748 19;
1057 5683 1192 5738 Luc.
1225 5695 1361 5746 xvu,
1393 5682 1449 5734 6.

2126 4671 2571 4742 philosophiam
2617 4688 2823 4726 sanam
2871 4677 3142 4738 utuntur,
3201 4673 3304 4727 sed
3355 4673 3426 4728 ad
3450 4674 3782 4745 confrigen-

2125 4759 2267 4816 dum
2295 4776 2396 4814 eos
2429 4759 2528 4830 qui
2563 4759 2796 4815 molesti
2828 4765 2986 4826 sunt,
3021 4766 3079 4814 et
3104 4761 3362 4832 amplius
3404 4762 3779 4828 tentandum,

2127 4850 2414 4906 moralius
2436 4866 2570 4906 cum
2591 4851 2676 4904 eis
2700 4849 3022 4917 disserens,
3060 4851 3140 4904 ait
3167 4867 3179 4904 :
3237 4873 3264 4901 «
3313 4852 3576 4924 Benigna
3605 4857 3717 4920 est,
3752 4873 3780 4901 η

2129 4939 2240 4995 hoc
2263 4947 2374 5007 est,
2403 4955 2521 4994 non
2553 4938 2626 4994 ad
2650 4955 2855 4994 eorum
2881 4938 3323 4994 accendendam
3346 4940 3496 4995 iram
3519 4941 3620 5011 qui
3654 4957 3783 4995 mo-

2127 5029 2263 5084 lesti
2296 5034 2456 5094 sunt,
2493 5027 2596 5082 sed
2631 5029 2703 5083 ad
2736 5027 3096 5099 placandum
3145 5029 3332 5083 utitur
3389 5030 3679 5102 patientia
3725 5038 3788 5087 et

2128 5118 2317 5172 utitur
2328 5117 2713 5189 benignitate.
2727 5140 2753 5168 ‹‹
2768 5119 2893 5172 Non
2907 5117 3266 5172 aemultatur.
3279 5140 3305 5167 ››
3321 5120 3492 5190 Papa
3506 5121 3788 5191 quidnam

2133 5206 3023 5279 estnonzemulari?nempehis
3041 5224 3160 5262 non
3204 5208 3467 5265 invidere
3511 5211 3612 5282 qui
3636 5211 3787 5267 bene

2135 5305 2476 5371 operantur.
2499 5300 2624 5353 Non
2641 5303 2729 5352 est
2754 5314 2991 5369 procax,
3024 5297 3084 5352 id
3127 5304 3237 5364 est,
3263 5317 3568 5373 arrogans.
3601 5324 3628 5351 «
3660 5302 3787 5358 Non

2135 5390 2395 5446 inﬂatur.
2421 5413 2448 5440 »
2473 5391 2595 5444 Non
2617 5387 2921 5444 insolescit
2942 5387 3015 5444 ob
3038 5389 3277 5462 propria
3297 5390 3474 5448 bona.
3497 5394 3613 5448 Aut
3633 5392 3787 5449 nihil

2136 5485 2358 5536 temere
2388 5497 2491 5535 seu
2523 5477 2864 5550 petulanter
2918 5476 3078 5533 facit.
3141 5479 3284 5536 Nam
3341 5480 3632 5554 πέρπερος,
3692 5487 3784 5536 est
