4118 6374
390 350 509 411 839
1515 346 1938 411 CECUME-NII
1983 345 2016 403 Ἰ

2194 343 2292 403 LE
2338 343 2683 405 EPISCOPI
3697 351 3820 410 840

389 488 584 555 quitur
615 484 826 553 lingua,
858 500 966 538 non
1027 482 1345 538 hominibus
1403 483 1671 554 loquitur,
1730 483 1824 537 sed
1880 481 1989 534 Deo

2191 476 2400 549 ρώποις
2431 475 2610 544 λαλεῖ,
2664 475 2813 532 ἀλλά
2867 482 2945 548 τῷ
2998 482 3131 550 Θεῷ.
3194 478 3387 542 Οὒδεὶς
3443 480 3546 555 γὰρ
3604 483 3814 554 ἀκούει,

390 574 576 628 nullus
597 575 739 627 enim
771 573 952 638 audit,
1007 571 1215 642 spiritu
1269 589 1393 628 vero
1452 574 1701 643 loquitur
1757 571 2016 640 mysteria

2179 564 2423 638 πνεύματι
2511 563 2568 621 δὲ
2626 565 2789 621 λαλεῖ
2851 569 3144 642 μυστήρια.
3197 569 3260 624 Ὁ
3315 565 3372 623 δὲ
3421 572 3805 648 προφητεύων,

391 665 496 728 Οιιὶ
516 669 698 717 autem
719 661 1024 733 prophetat
1060 662 1373 717 hominibus
1403 661 1653 732 loquitur
1683 661 1757 715 ad
1801 660 2017 726 aediﬁca

2181 653 2461 729 ,νθρώποις
2549 653 2710 710 λαλεῖ
2789 655 2866 720 είς
2963 654 3320 730 οἰκοδομὴν,
3410 659 3756 734 παράκλησιν
3794 707 3807 730 ,

390 751 595 807 tionem
625 759 675 807 et
705 752 1146 807 exhortationem
1171 769 1235 806 ac
1266 753 1712 806 consolationem.
1758 749 1866 815 Qui
1923 748 2016 802 lin‘

2188 744 2241 798 ui
2299 744 2667 819 παραμυθίαν.
2752 746 2813 802 Ὁ
2906 746 3092 801 λαλῶν
3174 744 3418 821 γλώσσῃ,
3479 748 3666 804 ἑαυτὸν
3727 753 3810 805 o't-

388 859 518 911 gua,
551 841 790 912 seipsum
819 843 1078 911 zdiﬁcat,
1110 841 1209 911 qui
1243 841 1492 912 loquitur
1544 858 1672 896 vero
1722 840 2014 910 prophetat

2176 829 2426 904 ιοδομεῖ.
2486 834 2547 890 Ὁ
2605 831 2663 888 δὲ
2713 836 3078 912 προφητεύων
3112 878 3125 901 ,
3187 834 3518 907 Ἐκκλησίαν
3581 837 3802 896 οἷ’κοδο-

386 931 689 987 Ecclesium
719 932 978 1000 zdiﬁcat.
2159 927 2266 994 μεῖ.

449 1023 598 1075 Sunt
627 1021 875 1092 quidem
911 1037 1069 1076 nunc
1101 1026 1158 1075 et
1221 1019 1436 1092 linguas
1497 1025 1556 1073 et
1612 1018 1939 1090 prophetia:
1987 1023 2045 1071 et

2225 1011 2470 1085 Εἰσὶμὲν
2517 1015 2604 1068 xui
2664 1013 2912 1088 γλῶσσαι
2972 1017 3061 1070 xui
3121 1023 3451 1094 προφητεῖαι
3512 1019 3602 1073 καὶ
3659 1022 3805 1094 γνώ-

382 1109 672 1177 scientia),
707 1126 1049 1182 quanquam
1084 1114 1298 1164 tenues
1331 1116 1389 1162 et
1419 1107 1686 1162 obscurae
1720 1123 1732 1171 ;
1767 1113 1826 1161 at
1885 1123 2008 1177 quoi

2177 1122 2260 1163 εεις
2289 1107 2406 1173 νῦν,
2441 1103 2486 1158 εἰ
2515 1105 2606 1158 καὶ
2641 1103 2899 1178 ἀμυδραί·
2943 1103 3092 1160 ἀλλὰ
3148 1106 3208 1159 τὸ
3241 1105 3550 1180 εἰρημένον,
3610 1135 3630 1159 ε
3669 1111 3803 1165 Νυνὶ

384 1200 612 1255 dictum
637 1207 724 1254 est
750 1217 762 1253 :
790 1223 816 1249 «
842 1205 1004 1254 Nunc
1023 1204 1220 1254 autem
1244 1204 1466 1263 manet,
1495 1219 1520 1244 η
1544 1196 1842 1268 intelliges
1882 1211 2010 1266 quoi

2182 1191 2207 1245 ἒ
2243 1192 2409 1264 μὲνει,
2441 1217 2469 1244 »ι
2503 1196 2720 1264 νοήσεις
2749 1193 2811 1248 τὸ
2849 1195 2960 1249 οἶον
2995 1196 3368 1270 μονιμώτεραί
3402 1197 3502 1251 εἰσι
3534 1203 3644 1253 τῶν
3679 1197 3804 1254 λοι-

385 1287 615 1344 caeteris
646 1288 1161 1359 permanentiores
1193 1287 1314 1341 sint
1343 1293 1462 1341 tres
1494 1286 1621 1341 hinc
1652 1286 1896 1339 virtutes
1918 1285 2011 1339 sivi

2175 1286 2266 1335 τῶν
2296 1283 2351 1336 αἱ
2399 1289 2546 1358 τρεῖς
2600 1285 2756 1339 αὗται
2811 1285 3017 1359 ἀρεταὶ,
3049 1284 3222 1358 ἤγουν
3277 1286 3342 1340 τά
3390 1287 3801 1362 χαρίσματα,ἠ

383 1376 559 1441 dona,
592 1393 805 1448 nempe
840 1376 1010 1442 ﬁdes,
1046 1394 1181 1448 spes
1214 1381 1271 1430 et
1329 1376 1589 1429 Charitas
1625 1391 1636 1428 :
1695 1381 1754 1428 et
1800 1389 2009 1428 rursun

2184 1370 2356 1440 πίστις,
2389 1371 2756 1441 ηὶήἐλπὶς,
2811 1374 2901 1428 xui
2960 1376 2994 1443 ἠ
3054 1373 3262 1450 ἀγάπη.
3327 1375 3426 1430 Καὶ
3477 1378 3690 1434 τούτων
3751 1378 3810 1436 δὲ

381 1467 541 1522 inter
570 1467 676 1521 has
704 1467 864 1537 ipsas
923 1466 1181 1521 charitas
1240 1471 1330 1519 est
1382 1463 1595 1534 major,
1649 1463 1934 1534 quoniam
1965 1478 2007 1516 at

2184 1458 2325 1514 ἐτῶν
2358 1460 2548 1529 πάλιν,
2582 1461 2830 1537 ἡάγάπη
2894 1463 3116 1536 μείζων,
3187 1461 3374 1534 ἐπειδή
3436 1467 3523 1520 xui
3581 1468 3658 1530 εἷς
3712 1471 3809 1525 τὸν

377 1556 650 1611 futurum
682 1571 919 1626 quoque
955 1560 1186 1626 tempus
1209 1553 1567 1608 extenditur.
1605 1575 1632 1602 «
1654 1552 1846 1615 Fides,
1881 1568 2003 1622 spes

2175 1547 2433 1605 ιὲλλοντα
2463 1551 2660 1625 χρόνον
2689 1551 3112 1626 παρεκτείνεται.
3147 1576 3175 1604 ‹‹
3211 1551 3422 1625 Πίστις,
3457 1553 3636 1628 ἐλπίς,
3664 1557 3801 1635 ἀγάο

382 1645 662 1700 charitas.
681 1666 707 1693 »
740 1643 912 1698 Fides
936 1649 995 1697 et
1015 1644 1278 1698 charitas
1296 1659 1415 1697 non
1441 1642 1634 1696 solum
1658 1641 1720 1694 in
1760 1645 2008 1711 prmsenl

2172 1659 2249 1709 ιη.
2285 1664 2312 1690 ››
2341 1641 2404 1697 Ἦ
2435 1641 2614 1703 πίστις
2663 1641 2756 1696 xui
2786 1645 2820 1711 ἡ
2852 1641 3059 1717 ἀγάπη,
3123 1642 3186 1698 οὗ
3260 1643 3421 1716 μόνον
3476 1645 3528 1700 ἐν
3585 1652 3660 1719 τῷ
3705 1653 3798 1702 νῦν

383 1734 623 1803 saeculo,
648 1733 782 1789 aliis
805 1733 979 1788 donis
1011 1732 1406 1801 cessantibus,
1440 1735 1813 1803 permanent,
1833 1747 2009 1784 verun

2172 1727 2437 1783 ιῖῶνιτῶν
2469 1727 2658 1785 ἄλλων
2710 1733 3066 1807 χαρισμάτων
3125 1735 3448 1805 παυομένων
3511 1733 3798 1808 διαμενοῦ-

385 1824 566 1878 etiam
589 1845 616 1872 «
641 1823 830 1877 multo
853 1822 1038 1894 magis
1063 1824 1123 1876 in
1143 1823 1360 1876 futuro.
1391 1843 1417 1868 »
1440 1822 1598 1875 Tunc
1623 1820 1782 1874 enim
1816 1818 2011 1874 sancti

2172 1838 2252 1887 rw,
2286 1817 2434 1873 ἀλλᾶ
2463 1817 2667 1892 πολλῷ
2703 1819 2896 1889 πλέον,
2950 1823 3063 1889 xui,
3126 1846 3154 1873 «
3186 1823 3277 1880 ’Ev
3306 1828 3386 1896 τῷ
3448 1822 3734 1897 μέλλοντι.
3771 1851 3798 1879 »ι

385 1929 521 1968 vere
553 1913 817 1984 paciﬁcis
849 1917 908 1966 et
937 1929 997 1966 se
1033 1918 1236 1966 mutuo
1268 1909 1602 1966 amantibus
1634 1909 1838 1964 omnia
1894 1925 2011 1980 pur;

2176 1911 2277 1960 ’ὸτε
2297 1907 2401 1982 γάρ
2441 1908 2516 1970 ὠς
2570 1909 2796 1980 ἀληθῶς
2850 1931 2965 1972 τοις
3025 1910 3202 1985 ἁγίοις
3258 1913 3320 1966 τὸ
3374 1912 3650 1988 εἶρηνικὸν
3704 1917 3802 1971 καὶ

388 2007 638 2058 eruntet
663 2018 695 2056 a
717 2000 1012 2057 seditione
1032 2001 1249 2056 aliena.
1278 1999 1563 2054 Similiter
1607 2004 1805 2054 autem
1839 1999 1952 2052 erit
1984 2015 2014 2052 e

2179 1994 2529 2067 ιιλάλληλαν,
2565 1998 2799 2074 καθαρὸν
2832 2000 2923 2053 καὶ
2980 1999 3354 2058 ἀστασίαστον.
3415 2003 3522 2058 Καὶ
3551 2006 3586 2072 ἡ
3619 2006 3805 2066 πίστις

387 2095 556 2150 ﬁdes.
583 2096 726 2148 Nam
751 2098 889 2149 tunc
911 2093 1130 2148 clarius
1150 2109 1218 2148 ac
1240 2091 1558 2164 perfectius
1579 2091 1861 2146 delectari
1898 2090 2010 2145 lice

2180 2084 2465 2157 ὲὸμοίως.
2527 2088 2667 2143 Τότε
2725 2088 2828 2162 γὰρ
2887 2087 3270 2164 λαμπρότερον
3325 2091 3416 2145 καὶ
3473 2091 3806 2169 τελεώτερον

383 2183 473 2238 bit
497 2184 559 2237 in
611 2183 1115 2254 contemplatione
1175 2182 1306 2254 ejus
1363 2197 1540 2252 quem
1598 2179 2009 2236 desiderabant

2183 2196 2294 2230 nui
2327 2174 2592 2253 ἐντρυφᾷν
2625 2181 2692 2250 τῇ
2730 2177 2929 2252 θεωρίᾳ
2989 2183 3086 2233 τοῦ
3144 2180 3512 2254 ποθουμένου.
3573 2184 3689 2250 Τὴν
3750 2181 3809 2238 δὲ

385 2272 559 2344 Spem
584 2288 721 2326 vero
748 2270 1016 2326 fortassis
1047 2270 1270 2326 diceret
1299 2269 1596 2340 quispiam
1649 2275 1789 2322 tunc
1845 2267 2011 2322 adhul

2178 2263 2346 2320 λπίδα
2375 2265 2520 2321 εἴποι
2552 2289 2635 2330 τις
2676 2268 2812 2329 ’ίσως
2843 2264 2923 2323 ἔτι
2952 2269 3077 2324 τότε
3137 2277 3406 2345 παρεῖναι,
3439 2272 3515 2335 ὡς
3566 2280 3674 2328 τῶν
3708 2272 3804 2328 ἐλ-

384 2361 613 2424 abesse,
647 2365 854 2431 utpote
886 2359 1281 2430 praesentibus
1303 2364 1443 2414 tunc
1475 2358 1653 2413 rebus
1683 2373 1814 2428 quae
1836 2372 2010 2428 spera

2172 2353 2441 2410 ιισθὲντων
2498 2353 2607 2427 ἤδη
2668 2357 2979 2430 παρόντων,
3041 2360 3129 2413 xui
3195 2357 3365 2432 μηδὲν
3435 2359 3798 2435 διαψεύσασαν

385 2451 621 2515 bantur,
656 2466 765 2504 nec
798 2449 1085 2504 fraudatis
1113 2450 1205 2504 his
1238 2449 1338 2520 qui
1399 2452 1780 2520 speraverant
1812 2464 1824 2501 :
1882 2446 2011 2503 551

2178 2441 2274 2503 οὺς
2306 2442 2632 2512 ἡλπικόταςο
2667 2443 2842 2500 ἀίδιον
2877 2447 2976 2522 γὰρ
3003 2447 3064 2502 τὸ
3097 2455 3296 2526 χρῆμα
3351 2452 3451 2514 τῆς
3510 2448 3799 2520 ἀληθείας.

389 2539 757 2609 sempiterna
787 2544 877 2593 est
907 2537 1065 2592 enim
1097 2537 1394 2608 possessio
1426 2537 1714 2591 veritatis.

461 2629 590 2683 Alio
620 2627 802 2681 modo.
840 2650 867 2675 «
901 2627 1068 2681 Nunc
1127 2633 1327 2682 autem
1375 2632 1576 2680 manet
1635 2625 1800 2680 ﬁdes.
1867 2647 1894 2673 ››
1928 2623 2040 2679 Sed

2216 2637 2462 2702 Ἀλλως.
2506 2643 2684 2712 [ΤΟΥ
2729 2645 3006 2715 ΔΥΤΟΥ.]
3039 2669 3066 2695 ι(
3102 2643 3229 2698 Νυνὶ
3264 2641 3321 2698 δὲ
3355 2645 3497 2717 μὲνει
3525 2645 3728 2709 πίστις,
3766 2672 3793 2698 ››

389 2733 509 2770 non
540 2716 644 2783 ita,
676 2715 871 2785 inquit
897 2732 910 2782 ;
953 2731 1090 2769 nam
1123 2714 1301 2769 dictio
1329 2737 1356 2763 «
1388 2715 1574 2782 Nunc,
1609 2736 1629 2763 ι
1666 2731 1787 2768 non
1819 2719 1907 2768 est
1930 2713 2015 2766 hOt

2169 2726 2307 2782 Αλλ²
2339 2728 2449 2803 οὐχ
2485 2728 2681 2799 οὕτως,
2734 2732 2890 2807 φησί.
2951 2713 3030 2789 Τὸ
3079 2734 3204 2806 γάρ,
3259 2758 3287 2785 ‹‹
3324 2713 3452 2802 Νῦν,
3494 2759 3513 2785 ι
3568 2735 3795 2800 ἐνταῦθα

390 2803 520 2858 loco
556 2804 840 2874 temporis
873 2803 1280 2875 signiﬁcativa.
1315 2805 1440 2858 Non
1471 2819 1629 2875 ergo,
1689 2803 1790 2870 ait,
1837 2803 1917 2856 ita
1947 2801 2016 2854 vi-

2170 2817 2247 2871 ιύκ
2276 2815 2388 2872 ἔστι
2419 2818 2621 2896 χρόνου
2649 2816 2983 2889 δηλωτικόν.
3018 2823 3143 2897 Οὐχ
3203 2822 3376 2886 οὕτως
3435 2824 3551 2892 οὗν,
3611 2826 3796 2902 φησὶν,

388 2893 530 2948 dere
561 2899 650 2947 est
683 2892 752 2946 de
786 2892 901 2947 ﬁde
933 2898 990 2947 et
1021 2909 1123 2963 spe
1158 2909 1224 2946 ac
1281 2892 1590 2959 charitate,
1649 2890 2002 2962 quemadmo

2173 2907 2234 2961 πὶ
2274 2914 2374 2977 τῆς
2405 2909 2638 2971 πίστεως
2671 2904 2812 2964 ἔστιν
2849 2908 2978 2964 ἰδεῖν
3012 2912 3103 2966 xui
3142 2919 3241 2982 τῆς
3301 2911 3527 2978 ἐλπίδος
3575 2915 3664 2969 xui
3695 2919 3798 2985 τῆς

382 2981 524 3037 dum
545 2982 614 3042 de
642 2981 777 3037 aliis
801 2981 975 3036 donis
1003 2998 1014 3035 :
1043 2981 1340 3052 siquidem
1363 2981 1481 3036 alia
1500 2998 1632 3052 quaa
1681 2979 1859 3035 etiam
1891 2995 2006 3034 enu

2173 2995 2377 3069 ιγάπης,
2412 2996 2592 3070 ὥσπερ
2625 2995 2848 3053 ἐπὶτῶν
2898 2997 3085 3054 ἅλλῶν
3135 3001 3514 3075 χαρισμάτων.
3573 3004 3650 3058 Τὰ
3705 3005 3799 3076 μὲν

375 3076 601 3127 merata
621 3077 758 3127 sunt
779 3077 837 3126 et
888 3071 952 3125 in
985 3070 1185 3126 futuro
1229 3070 1642 3138 abolebuntur,
1677 3069 1850 3124 nobis
1897 3075 2001 3123 tun

2167 3084 2248 3158 γὰρ
2279 3083 2444 3153 ἄλλα,
2478 3080 2613 3159 ἅπερ
2658 3087 2747 3140 καὶ
2807 3088 3253 3160 ἀπηριθμήσατο,
3285 3090 3376 3144 xui
3427 3091 3477 3144 ἐν
3546 3097 3624 3163 τῷ
3659 3092 3793 3164 μὲλ-

376 3160 880 3216 succendentibus
912 3160 1006 3214 his
1037 3177 1168 3231 quae
1201 3160 1558 3232 perfectiora
1589 3164 1746 3226 sunt,
1771 3163 1830 3213 et
1854 3158 2002 3213 etiam

377 3251 432 3273 ζ..
473 3251 748 3273 __._._-._Li
789 3250 1060 3273 .l-l!_:-_a
1097 3267 1158 3273 __
1191 3250 1498 3273 ---__L--..l.
1551 3248 1744 3273 diui..-
1775 3247 1931 3273 Aula...
1961 3265 2002 3273 ..Α

2168 3173 2581 3250 ιοντιάργτςσει,
2634 3181 2742 3230 τῶν
2802 3176 3140 3253 τελειοτέρον
3201 3181 3336 3250 ἡμῖν
3395 3178 3794 3255 ὲπιγινομένων

377 3251 438 3305 in
472 3251 752 3322 praesenti
784 3250 1064 3305 deﬁcient
1095 3267 1161 3305 ac
1185 3250 1521 3315 cessabunt,
1547 3248 1748 3304 divino
1771 3247 1936 3304 cultu
1958 3265 2003 3303 a4

2165 3262 2286 3326 τότε,
2323 3247 2468 3316 ἀλλὰ
2497 3264 2584 3316 καὶ
2620 3262 2670 3317 ἐν
2701 3269 2780 3336 τῷ
2810 3247 3343 3340 παρόντι-ἐπιλείψει
3391 3247 3511 3322 καὶ.
3537 3247 3791 3344 ἀργήσει,

376 3357 587 3395 omnes
621 3339 937 3412 explanata
973 3356 1040 3394 ac
1071 3339 1339 3394 dilatato.
1377 3361 1404 3388 »
1463 3339 1834 3410 Cognoscent
1872 3338 2002 3392 enin

2165 3357 2236 3418 τῆς
2267 3346 2539 3413 εὐσεϐείας
2572 3351 2647 3414 εἷς
2680 3338 2896 3416 πάντας
2933 3338 3364 3429 ἐξαπλουμέν-ης.
3438 3381 3462 3411 α
3489 3338 3791 3430 nigri-conm

376 3445 494 3496 me,
521 3429 738 3499 inquit,
773 3445 807 3483 a
836 3428 1057 3499 pusillo
1089 3443 1279 3498 usque
1306 3427 1380 3482 ad
1413 3443 1692 3498 magnum
1723 3425 1788 3479 ‘3.
1826 3448 1853 3474 »
1896 3426 2002 3480 Plu

2163 3439 2242 3512 νὰρ
2307 3461 2390 3512 με,
2449 3441 2636 3518 φησὶν,
2685 3441 2792 3496 ἀπὸ
2852 3448 3049 3517 μικροῦ
3101 3443 3208 3507 ἓως
3268 3445 3614 3522 μεγάλου..
3680 3451 3789 3506 Καὶ

373 3518 529 3573 rima
559 3533 811 3587 namque
844 3516 1097 3572 aliorum
1129 3515 1425 3571 donorum
1459 3515 1596 3570 data
1627 3521 1784 3580 sunt,
1846 3519 1909 3569 ut
1958 3532 1999 3570 an

2169 3528 2241 3602 πὰρ
2297 3530 2362 3583 τὰ
2447 3528 2681 3585 πλεῖστα
2766 3536 2874 3586 τῶν
2938 3531 3124 3588 ἄλλων
3187 3537 3550 3612 χαρισμάτων
3609 3535 3795 3606 ἐδόθη,

372 3605 558 3660 ﬁdem
589 3605 1140 3661 manuducerentur
1169 3609 1228 3660 et
1251 3603 1694 3660 adducerentur
1733 3604 1998 3659 homines

2169 3637 2292 3671 νεκα
2329 3623 2427 3672 τοῦ
2483 3626 2944 3696 χειραγωγεῖσθαι
2999 3622 3088 3676 xui
3147 3603 3512 3700 προσάγεσθαι
3565 3630 3635 3700 τῇ
3695 3603 3795 3682 πίζ

365 3695 466 3750 ubi
499 3711 634 3751 vero
666 3694 903 3750 adducti
940 3694 1163 3750 fuerint
1189 3711 1257 3749 ac
1290 3694 1677 3761 crediderint,
1712 3700 1870 3750 certe
1902 3712 1991 3750 ces

2486 3683 2523 3693 .-
2580 3683 2588 3694 .
2659 3683 2670 3695 .
2745 3683 2755 3696 .
2868 3683 2875 3684 κ
3192 3683 3200 3698 .
3342 3683 3352 3700 .
3613 3683 3635 3700 .-

2173 3727 2249 3760 τει
2277 3708 2407 3770 τοὺς
2435 3707 2778 3784 ἀνθρώπους.
2827 3713 3247 3785 Ιίροσαχθέντων
3307 3711 3363 3768 δὲ
3426 3715 3516 3768 xui
3574 3737 3799 3772 πιστευ-

371 3787 607 3842 sabunt.
641 3789 713 3841 At
744 3803 863 3841 non
891 3803 959 3841 eo
991 3786 1167 3842 modo
1210 3786 1379 3855 ﬁdes,
1441 3803 1575 3857 spes
1633 3791 1690 3841 et
1747 3787 1997 3842 charitas

2167 3795 2368 3864 άντων,
2403 3793 2664 3867 δηλονότι
2695 3797 2978 3868 παύσεται,
3008 3799 3134 3855 ἀλλ’
3164 3801 3348 3857 οὐκέτι
3382 3803 3647 3867 ὡσαύτως
3701 3809 3793 3861 xui

368 3879 514 3932 Nam
545 3878 636 3932 has
667 3893 773 3948 per
795 3880 978 3932 totam
1003 3877 1323 3932 humanam
1347 3876 1524 3931 vitam
1545 3877 1942 3932 extendantur
1963 3895 1994 3932 a

2167 3917 2170 3952 ι
2203 3885 2387 3948 πίστις
2415 3887 2504 3940 xui
2537 3889 2570 3955 ἡ
2602 3885 2760 3948 ἐλπίς
2792 3887 2881 3943 καὶ
2915 3891 2948 3957 ἡ
2981 3889 3186 3965 ἀγάπη.
3219 3891 3387 3947 Αὗται
3420 3892 3523 3966 γὰρ
3559 3890 3628 3947 δι’
3652 3893 3793 3950 ὅλου

370 3965 851 4037 permanebunt:
887 3971 945 4020 et
976 3971 1114 4020 tunc
1147 3965 1333 4037 magis
1366 3965 1695 4037 fulgebunt,
1728 3983 1863 4021 cum
1916 3983 1996 4020 ea;

2172 3977 2230 4027 οὖ
2289 3974 2631 4046 ἀνθρωπίνου
2679 3975 2801 4050 βίου
2868 3981 3344 4052 παραταθήσονται
3403 3982 3491 4035 καὶ
3543 4001 3798 4056 παραμε-

369 4061 498 4110 tera
536 4054 870 4110 cessabunt.
897 4056 1056 4109 Tunc
1088 4055 1245 4110 enim
1289 4055 1475 4127 magis
1535 4055 1995 4110 dominabuntur

2168 4069 2314 4132 οὖσι,
2349 4064 2439 4118 xui
2469 4065 2592 4119 τότε
2627 4063 2843 4137 μᾶλλον
2874 4065 3266 4142 ἐκλέμψουσιν,
3299 4068 3388 4125 ὅτε
3417 4070 3486 4124 τά
3515 4054 3662 4127 ἀλλὰ
3691 4054 3794 4146 ἀρ-

367 4143 676 4214 magisque
709 4143 821 4197 erit
853 4159 1058 4196 eorum
1092 4159 1255 4209 usus,
1288 4159 1424 4197 cum
1483 4159 1692 4197 omnes
1745 4144 1993 4214 pietatem

2149 4154 2314 4227 γήσει.
2351 4154 2489 4210 Τότε
2519 4155 2622 4229 γάρ
2656 4153 2870 4226 μᾶλλον
2903 4154 3284 4232 ἐπιγρατῆσει,
3341 4161 3430 4214 καὶ
3471 4159 3688 4232 μᾶλλον
3723 4143 3775 4218 δι

365 4231 660 4286 coluerint
689 4247 755 4286 ac
786 4230 1149 4285 crediderint
1183 4247 1196 4288 :
1231 4247 1365 4285 nam
1401 4236 1541 4285 tunc
1573 4237 1629 4285 et
1661 4232 1788 4302 spei
1839 4232 1991 4304 majo

2170 4241 2308 4296 ὁτῶν
2340 4245 2373 4312 ἡ
2417 4243 2596 4320 χρεία,
2634 4245 2722 4298 ὅτε
2753 4266 2948 4308 παντες
3009 4243 3363 4317 εὐσεϐήσουσι
3421 4250 3511 4303 xui
3570 4251 3791 4307 πιστεύ-

372 4321 486 4375 erit
516 4337 658 4375 usus
690 4337 755 4374 ac
789 4319 1133 4390 sperabunt,
1170 4325 1228 4374 et
1257 4319 1597 4374 dilectionis
1627 4336 1696 4373 ac
1754 4319 1998 4391 diligent

2168 4352 2306 4388 συσι.
2341 4319 2480 4388 Τότε
2510 4333 2614 4406 γὰρ
2663 4333 2876 4406 μᾶλλον
2918 4337 3007 4389 καὶ
3055 4334 3280 4398 ἐλπίδος
3312 4336 3422 4393 ἐστὶ
3454 4339 3664 4413 χρείας,
3697 4340 3791 4396 xui

369 4411 758 4466 Cessantibus
789 4411 988 4482 itaque
1018 4411 1246 4466 caeteris
1276 4410 1602 4476 donis,haec
1626 4411 1813 4483 magis
1837 4411 1992 4482 fulge

2172 4422 2408 4476 λπιοῦσι·
2445 4422 2534 4477 xui
2565 4422 2806 4497 ἀγάπης,
2850 4425 2938 4478 xui
2999 4424 3374 4500 ἀγαπὲσουσιν.
3408 4430 3566 4484 Ὥστε
3620 4450 3798 4486 παυο-

370 4501 539 4556 bunt.
575 4523 601 4549 «
634 4500 766 4556 Tria
795 4500 941 4555 haec.
979 4522 1007 4550 »
1066 4501 1385 4571 Propterea
1443 4499 1569 4553 haec
1625 4499 1737 4555 tria
1794 4500 1989 4554 cateri

2164 4509 2312 4564 ιένων
2342 4516 2450 4565 τῶν
2482 4509 2668 4567 ἄλλων
2703 4499 3082 4588 χαρισμάτων,
3123 4513 3279 4570 αὗται
3316 4514 3529 4589 μᾶλλον
3576 4516 3790 4591 ἐκλάμ-

369 4589 855 4661 permanentiora
889 4595 1048 4655 sunt,
1081 4594 1284 4659 utpote
1317 4603 1490 4658 quam
1521 4587 1736 4660 lingum
1782 4595 1840 4644 et
1895 4606 1995 4662 pro

2706 4573 2792 4588 η.
2877 4573 2886 4587 .
3065 4573 3079 4582 ι
3316 4573 3326 4589 .
3717 4573 3728 4591 .

2162 4621 2316 4655 αοτσι.
2355 4626 2381 4652 ι(
2425 4601 2508 4658 Τὰ
2545 4603 2671 4675 τρία
2718 4606 2904 4658 ταῦτα.
2941 4628 2968 4656 n
3042 4605 3141 4659 Διὰ
3193 4609 3358 4660 τοῦτο
3418 4603 3475 4661 δὲ
3533 4607 3598 4660 τά
3661 4608 3788 4678 τρία

366 4680 571 4751 phetia
598 4695 664 4734 ac
695 4678 966 4745 scientia,
1012 4678 1294 4748 quoniam
1352 4677 1568 4732 diﬁ‘usa
1625 4677 1740 4733 ﬁde
1797 4679 1992 4750 ubiqul

2162 4694 2298 4746 αὔτα
2326 4697 2433 4746 τῶν
2467 4691 2676 4746 λοιπῶν
2709 4694 3084 4767 μονιμώτερα,
3117 4696 3238 4750 οἷον
3296 4702 3397 4766 τῆς
3451 4694 3785 4774 προφητείας

365 4770 569 4824 otiosa:
598 4773 740 4823 sunt
769 4767 1096 4839 prophetim
1128 4771 1186 4820 et
1214 4765 1452 4838 lingua.
1487 4767 1640 4832 Quin
1671 4773 1730 4822 et
1767 4769 1991 4824 scientia

2163 4781 2212 4835 ui
2254 4784 2363 4834 τῶν
2397 4777 2664 4856 γλωσσῶν
2721 4781 2811 4836 xui
2861 4784 2960 4852 τῆς
3019 4785 3295 4858 γνώσεως,
3353 4781 3537 4854 ἐπειδὴ
3577 4784 3675 4852 τῆς
3699 4786 3789 4840 πί-

362 4877 494 4929 quae
526 4859 684 4930 apud
716 4857 1051 4913 Corinthios
1083 4861 1230 4920 erat,
1264 4857 1444 4911 ﬁnem
1494 4864 1810 4929 acceptura
1867 4864 1988 4914 erat

2161 4891 2294 4933 τεως
2324 4871 2608 4944 χυθείσης,
2634 4872 2817 4948 ἀργεῖν
2850 4867 3089 4946 ἔμελλον
3133 4871 3326 4929 λοιπὸν
3389 4875 3444 4929 αἱ
3472 4874 3608 4930 κατὰ
3639 4874 3787 4930 πλά-

361 4957 517 5010 facta
545 4955 854 5009 obscurior
889 4971 1067 5025 quam
1108 4954 1387 5026 cognitio,
1448 4971 1578 5025 qua:
1637 4970 1744 5026 per
1799 4956 1987 5010 Christ

2162 4979 2219 5020 ος
2249 4965 2578 5036 προφητεῖαι
2635 4961 2724 5015 xui
2779 4959 3049 5036 γλῶσσαι.
3088 4962 3192 5018 Καὶ
3225 4965 3258 5033 ἡ
3292 4964 3439 5038 παρά
3470 4965 3788 5038 Κορινθίοις

362 5045 614 5116 gratiam
638 5044 763 5114 jam
797 5043 859 5097 in
893 5043 1116 5099 mundo
1148 5050 1255 5098 est.
1289 5067 1315 5093 «
1379 5044 1697 5098 Sectemini
1751 5043 1988 5099 Charita-

2163 5048 2436 5123 ὲγνῶσις,
2493 5047 2651 5111 τέλος
2704 5045 2935 5124 ἔμελλεν
2990 5049 3152 5120 ἕξειν,
3205 5051 3555 5128 ἀμυδροτέρα
3614 5054 3789 5130 ὑπάρ-

365 5140 508 5190 tem.
538 5153 565 5184 ι
601 5133 747 5188 Cum
779 5148 914 5206 ergo
945 5132 1092 5188 adeo
1125 5134 1380 5204 pretiosa
1429 5133 1724 5204 possessio
1779 5140 1991 5190 ostensa

2165 5158 2304 5214 ⁵ουσα
2333 5144 2433 5208 τῆς
2466 5143 2556 5193 νῦν
2597 5139 2766 5208 οὔσης
2828 5142 3020 5218 χάριτι
3073 5147 3318 5216 Χριστοῦ
3350 5142 3402 5196 ἐν
3461 5147 3542 5214 τῷ
3594 5143 3791 5216 κόσμῳ

363 5225 442 5279 sit
471 5240 598 5280 esse
631 5223 910 5291 Charitas,
943 5223 1251 5279 sectamini
1284 5239 1436 5278 eam.
1477 5221 1614 5278 Vide
1637 5228 1835 5278 autem
1859 5242 1989 5295 qum

2171 5226 2404 5289 νώσεως.
2440 5253 2466 5278 ‹‹
2502 5229 2736 5283 Διώκετε
2787 5231 2884 5298 τήν
2943 5229 3178 5306 ἀγάπην.
3206 5258 3233 5282 υ
3291 5232 3440 5288 Ἐπεί
3471 5231 3563 5286 οὗν
3617 5233 3797 5297 οὕτως

361 5331 482 5370 non
512 5313 864 5385 simpliciter
893 5314 1108 5369 dixerit
1144 5330 1156 5367 :
1191 5334 1218 5363 «
1253 5312 1595 5384 Sequamini
1653 5319 1754 5368 aut
1819 5316 1987 5386 acqui

2160 5317 2268 5391 ιὲγα
2321 5319 2519 5392 χρῆμα
2605 5315 2908 5394 ἀπεδείχθη
2967 5321 3000 5390 ἠ
3064 5320 3273 5394 ἀγάπη,
3328 5318 3532 5377 δώκετε
3591 5323 3786 5392 αὐτήν.

359 5405 473 5461 rite
504 5404 718 5476 ipsam,
751 5425 777 5452 ››
813 5403 916 5460 sed
947 5399 1195 5472 Sub-xm;
1228 5402 1287 5457 id
1347 5407 1457 5471 est,
1519 5403 1854 5472 sectemini,
1913 5423 1985 5462 au

2168 5406 2266 5479 )pu
2325 5402 2405 5474 δὶ,
2462 5408 2564 5462 οὐκ
2622 5407 2801 5476 εἶπεν,
2844 5406 3229 5474 ’Δκολουθεῖτε
3287 5411 3450 5484 αὐτῇ,
3483 5411 3544 5481 ἢ,
3579 5412 3794 5481 Κτήσα-

359 5509 574 5567 magno
606 5492 804 5549 studio
836 5492 1194 5566 sequamini,
1229 5490 1552 5548 ostendens
1583 5491 1774 5565 ipsam
1795 5493 1985 5568 fugiss‘

2173 5515 2216 5549 ιε
2327 5494 2517 5566 αὐτὴν,
2576 5493 2724 5551 ἀλλά
2758 5541 2772 5565 ,
2859 5498 3114 5572 Διώκετε,
3193 5499 3404 5562 δεικνὺς
3463 5500 3799 5578 πεφευγίναι

434 5692 481 5728 ⁴³
510 5695 725 5749 Ierem.
763 5709 918 5760 χχιι,
949 5690 1036 5745 34.
