4118 6390
351 386 468 445 841

1321 382 1730 446 COMMENT.
1777 379 1851 438 1N
1900 377 2146 438 EPIST.
2198 376 2216 433 l
2267 377 2367 434 Al)
2413 376 2777 438 CORINTH.

3658 390 3778 448 842

352 518 506 588 ἡμᾶς
542 514 714 581 αὐτὴν
745 513 838 568 καὶ
878 507 958 568 ἔτι
999 513 1239 590 φεύγειν,
1292 514 1385 568 καὶ
1441 512 1658 569 πολλοῦ
1713 509 1822 566 δεῖν
1878 511 2017 582 ἡμῖν

2139 513 2330 574 nos,et
2352 509 2548 564 adhuc
2576 509 2801 582 fugere,
2828 512 3136 584 multoque
3171 531 3320 586 oqus
3354 532 3483 573 esse
3515 535 3694 576 cursu
3726 527 3795 577 ut

357 603 571 680 δρόμου
601 603 684 658 ἵνα
715 605 1026 682 φθάσωμεν,
1057 609 1316 660 τοσοῦτον
1348 605 1735 684 ἀφεστηκυῖαν.
1769 600 2018 671 Ζηλοῦτε

357 692 415 748 δὲ
445 695 512 749 τὰ
544 694 903 766 πνευματικά.
936 695 1056 750 Ἵνα
1103 697 1178 767 μή
1230 695 1502 767 νομίσωσι
1562 691 1652 748 διὰ
1704 689 1867 747 τοῦτο
1925 689 2020 744 αὖ·

360 786 453 840 τὸν
514 785 647 845 τοὺς
700 783 825 858 περὶ
880 782 1099 858 ἀγάπης
1159 781 1358 858 λόγους
1419 783 1693 860 εἰρηκέναι
1772 782 1848 844 ὡς
1921 773 2022 849 ἔξω

369 871 650 948 βάλλοντα
675 872 743 926 τὰ
789 871 1127 946 χαρίσματα,
1187 871 1399 949 έπάγει’
1463 895 1492 924 ι(
1547 870 1795 942 Ζηλοῦτε
1849 865 1907 922 δὲ
1955 869 2026 923 τὰ

351 960 712 1034 πνευματικὰ,
764 986 784 1011 ο
847 960 1120 1031 τουτέστι,
1205 963 1274 1016 τὰ
1331 961 1652 1036 ’χαρίσματα
1706 959 1840 1033 μετὰ
1925 963 2024 1026 τῆς

355 1052 593 1126 ἀγάπης.
616 1083 682 1092 —
713 1052 931 1123 [ΦΩΤ.]
965 1050 1120 1108 Ἀντὶ
1143 1055 1264 1118 τοῦ,
1303 1048 1462 1122 Μηδὲ
1491 1049 1710 1105 ὶκείνων
1742 1045 2021 1121 ἀμελεῖτε.

358 1141 584 1209 Μείζων
621 1140 716 1210 μὲν
747 1139 849 1213 γὰρ
881 1141 916 1207 ἡ
947 1137 1156 1215 ἀγάπη,
1187 1140 1278 1193 καὶ
1337 1139 1541 1209 ταύτην
1602 1139 1716 1213 χρὴ
1777 1135 2020 1191 διώκειν.

360 1229 438 1286 Οὐ
471 1227 555 1284 δεῖ
594 1226 674 1297 δὲ,
717 1226 846 1282 οὐδέ
882 1232 988 1281 τῶν
1020 1227 1210 1284 ἃλλων
1239 1226 1466 1302 ἀμελεῖν
1511 1227 1892 1302 χαρισμάτων,
1931 1225 2023 1280 καὶ

364 1318 604 1390 μάλιστα
671 1323 770 1397 τού
835 1316 960 1393 περὶ
1039 1318 1138 1386 τὴν
1217 1317 1552 1393 προφητείαν
1659 1315 2022 1391 χαρίσματος.

365 1432 392 1459 «
423 1405 659 1464 Μᾶλλον
691 1407 748 1461 δὲ
794 1406 883 1461 ἳνα
921 1407 1326 1485 προφητεύητε.
1365 1429 1390 1458 n
1452 1407 1744 1483 Σύγκρισιν
1786 1409 2022 1459 ποιεῖται

359 1496 557 1554 λοιπὸν
593 1495 928 1574 προφητείας
956 1497 1044 1550 καὶ
1082 1494 1375 1572 γλωσσῶν,
1407 1496 1497 1551 καὶ
1557 1491 1821 1550 δείκνυσιν
1881 1493 2022 1570 ὠφε-

359 1585 681 1660 λιμωτέραν
735 1587 835 1653 τὴν
895 1587 1235 1661 προφητείαν
1273 1579 1642 1640 καταϐάλλων
1701 1584 1797 1644 τὰς
1838 1581 2024 1657 γλώσ-

361 1696 482 1733 σας.
516 1676 617 1732 Καὶ
649 1676 751 1750 γὰρ
784 1671 990 1753 σφόδρα
1045 1676 1179 1744 ἦσαν
1228 1673 1528 1750 ἐπηρμένοι
1563 1671 1633 1728 δι’
1682 1672 1864 1741 αὐτὰς,
1936 1669 2024 1726 διὰ

362 1766 450 1834 τὸ,
483 1769 702 1839 πρώτου
739 1764 905 1820 αὐτοῦ
973 1765 1317 1840 χαρίσματος
1375 1765 1642 1834 ἠξιῶσθαι
1699 1762 1828 1823 τοὺς
1886 1761 2024 1816 ἀπο-

2131 599 2649 670 apprehendamus
2684 617 2814 656 eam
2854 619 2987 674 qua
3019 603 3168 658 adeo
3215 605 3417 661 distat.
3455 629 3480 654 ι(
3530 611 3790 668 ΑΞῐΠΠῙᾶ-

2131 689 2281 744 mini
2309 695 2508 744 autem
2545 689 2906 762 spiritualia.
2941 713 2967 740 ››
3002 694 3080 746 Ne
3105 696 3450 751 existiment
3481 715 3614 752 eum
3649 718 3791 770 pro-

2133 783 2339 849 pterea
2369 778 2442 833 de
2502 779 2790 834 charitate
2822 779 3034 835 fecisse
3097 799 3456 847 sermonem,
3517 792 3583 840 ut
3633 788 3792 844 dona

2131 867 2289 922 foras
2322 867 2662 940 projiceret,
2698 868 3005 941 subjungit
3037 887 3049 925 :
3089 895 3113 919 ‹‹
3147 873 3526 928 ᾸΞωιιιρῐῃὶηἰ
3589 883 3789 932 autem

2134 956 2488 1028 spiritualia,
2524 980 2551 1006 »
2583 959 2694 1013 hoc
2726 965 2834 1024 est,
2868 959 3026 1015 dona
3057 977 3192 1016 cum
3224 963 3353 1035 ipsa
3378 965 3684 1021 charitate.
3716 999 3787 1009 —-

2136 1047 2255 1100 Hoc
2287 1052 2396 1112 est,
2432 1063 2626 1117 neque
2660 1047 2764 1102 illa
2793 1048 3092 1121 negligite.
3129 1050 3433 1122 Siquidem
3466 1056 3656 1127 major
3700 1061 3791 1111 est

2136 1135 2419 1200 charitas,
2453 1142 2511 1190 et
2540 1137 2693 1191 hanc
2739 1143 2970 1208 oportet
2999 1140 3246 1195 omnino
3281 1144 3516 1204 sectari.
3551 1161 3669 1199 non
3707 1151 3789 1201 ta-

2136 1241 2275 1278 men
2308 1226 2400 1278 vel
2451 1225 2568 1280 alia
2598 1226 2754 1281 dona
2784 1227 3082 1299 negligere
3141 1236 3392 1301 oportet,
3429 1238 3486 1287 et
3534 1235 3792 1290 maxime

2134 1313 2463 1385 prophetia
2523 1313 2768 1370 donum.
2803 1317 2959 1373 554
2991 1340 3018 1366 «
3079 1319 3257 1391 Magis
3314 1326 3513 1376 tamen
3561 1327 3626 1377 ut
3655 1340 3792 1395 pro-

2133 1403 2444 1475 phetetis.»
2478 1405 2868 1460 Collationem
2892 1405 3172 1478 deinceps
3203 1408 3345 1464 facit
3373 1411 3700 1482 prophetia
3734 1417 3794 1467 et

2134 1492 2492 1565 linguarum,
2521 1501 2578 1548 et
2608 1493 2866 1549 ostendit
2895 1495 3198 1552 utiliorem
3230 1515 3356 1553 esse
3389 1501 3788 1571 prophetiam,

2137 1581 2480 1653 deprimens
2511 1583 2764 1654 linguas,
2799 1599 2937 1638 nam
2973 1591 3215 1656 propter
3245 1587 3377 1642 illas
3407 1589 3792 1645 vehementer

2137 1671 2273 1726 elati
2309 1678 2576 1740 erant,eo
2608 1671 2765 1743 quod
2797 1673 3056 1744 primum
3090 1674 3236 1729 illud
3271 1675 3493 1732 donum
3528 1680 3792 1750 accepis-

2137 1767 2269 1816 sent
2301 1762 2576 1832 apostoli.
2610 1785 2638 1812 ‹‹
2698 1764 2842 1817 Nam
2873 1764 2975 1834 qui
3036 1763 3303 1835 loquitur
3351 1765 3574 1839 lingua.
3611 1790 3637 1816 »
3684 1770 3797 1823 Per

372 1851 626 1923 στόλους,
699 1878 728 1905 ‹‹
801 1855 863 1911 Ὀ
919 1853 1020 1929 γὰρ
1089 1852 1278 1908 λαλῶν
1345 1853 1592 1929 γλώσσῃ.
1639 1876 1667 1904 ››
1719 1849 2025 1943 Ἐν-τούτῳ

2139 1851 2249 1905 hoc
2273 1850 2534 1906 ostendit
2564 1851 2723 1922 quod
2753 1868 2873 1906 non
2908 1852 2982 1906 sit
3010 1869 3224 1926 magna
3256 1855 3594 1927 linguarum
3624 1858 3793 1912 utili-

365 1941 620 2012 δείκνυσι,
655 1944 732 2014 μή
760 1939 817 1995 ὅν
853 1939 1062 2020 σφόδρα
1112 1942 1174 1997 τὸ
1227 1946 1335 1996 τῶν
1395 1941 1664 2019 γλωσσῶν
1717 1938 2019 2018 ὠφέλιμον.

366 2029 571 2090 Οὐδένα
624 2032 752 2105 γὰρ,
813 2031 969 2105 φησί,
1021 2035 1128 2085 τῶν
1186 2030 1494 2085 ἀκουόντων
1554 2025 1863 2103 οἰκοδομεῖ.
1931 2031 2023 2101 Τῷ

360 2119 464 2193 γὰρ
499 2122 614 2189 Θεῷ
646 2115 832 2188 λαλεῖ,
864 2118 964 2172 οὐκ
992 2116 1328 2192 ἀνθρώποις
1389 2116 1503 2172 ἐπεὶ
1566 2115 1760 2190 μηδεὶς
1815 2120 1932 2170 νοεῖ
1957 2115 2024 2170 τὰ

359 2206 656 2282 λεγόμενα,
687 2211 848 2262 τοῦτο
881 2204 1051 2282 λέγει,
1090 2232 1110 2258 ι
1149 2203 1340 2268 Οὐδεὶς
1394 2207 1498 2282 γὰρ
1538 2205 1746 2262 ἀκούει.
1808 2229 1836 2256 ››
1891 2204 2026 2260 Εἶτα

350 2294 450 2350 ’ἕνα
484 2297 562 2368 μὴ
595 2293 879 2356 παντελῶς
940 2296 1257 2370 ἀχρήστους
1326 2293 1524 2357 αὐτοὺς
1585 2293 1756 2369 δείξῃ,
1815 2292 2021 2370 ἐπάγειο

355 2409 386 2438 ‹‹
423 2385 696 2458 Πνεύματι
739 2381 796 2439 δὲ
827 2382 989 2438 λαλεῖ
1024 2385 1352 2458 μυστήρια.»
1383 2381 1698 2454 Τουτέστιν,
1739 2384 1774 2452 ἢ
1805 2380 2025 2456 τῷίδίῳ

361 2473 662 2546 Πνεύματι,
695 2475 813 2528 οἷον
845 2477 914 2546 τῇ
947 2470 1058 2544 ἰδίᾳ
1091 2476 1247 2548 ψυχῇ
1307 2469 1784 2548 προσδιαλέγεται·
1843 2469 1881 2541 ἤ
1940 2473 2026 2526 ὅτι

362 2561 418 2618 έν
447 2563 724 2636 Πνεύματι
757 2562 918 2637 ἁγίῳ,
948 2563 1068 2616 οἷον
1102 2559 1190 2616 διὰ
1242 2562 1553 2636 Πνεύματος
1613 2562 1774 2637 ἀγίου
1841 2559 2023 2634 λαλεῖ,

359 2651 522 2709 Ἀλλ’
555 2652 601 2706 εἷ
632 2652 723 2707 καὶ
754 2651 805 2706 έν
875 2651 1152 2724 Ηνεύματι
1210 2649 1394 2721 λαλεῖ,
1455 2649 1682 2707 ἔλαττόν
1743 2650 1855 2706 ἐστι
1923 2657 2025 2720 τῆς

363 2742 725 2821 προφητείας,
783 2742 896 2814 ὅσῳ
959 2742 1050 2796 καὶ
1110 2743 1144 2810 ἡ
1208 2739 1447 2818 ὠφέλεια
1531 2742 1795 2811 ﬁnitima
1857 2742 1917 2798 Ὁ
1971 2738 2029 2795 δὶ

365 2830 754 2910 προφητεύων.
795 2855 822 2882 ››
853 2830 989 2888 Ἀπὸ
1019 2835 1114 2885 τοῦ
1143 2833 1300 2905 κοινῇ
1361 2832 1734 2909 συμφέροντος
1793 2827 2026 2886 δείκνυσι

360 2922 465 2990 τήν
556 2920 892 2999 προφητείαν
950 2919 1251 2995 κρείττονα.
1312 2920 1454 2983 Τοὺς
1525 2920 1628 2996 γὰρ
1681 2921 2026 2995 ἀνθρώπους,

355 3009 553 3090 φησὶν,
585 3007 891 3084 οἰκοδομεῖ,
946 3011 1037 3064 καὶ
1085 3009 1394 3085 παρακαλεῖ
1431 3008 1518 3065 ἐπὶ
1558 3012 1658 3081 τήν
1702 3009 1906 3079 πίστιν,
1935 3011 2028 3064 καὶ

361 3104 764 3174 παραμυθεῖται
828 3098 916 3154 ἐπὶ
975 3105 1094 3160 τοῖς
1155 3099 1434 3173 ἐσομένοις
1496 3105 1842 3174 πειρασμοῖς.
1885 3123 1913 3150 ι(
1967 3099 2028 3156 Ὁ

375 3184 568 3244 λαλῶν
591 3188 812 3264 γλώσσῃ
844 3189 1032 3244 ἑαυτὸν
1063 3185 1372 3263 οἰκοδομεῖ.
1406 3213 1433 3239 ››
1466 3189 1597 3264 Περὶ
1661 3193 1770 3244 τῶν
1803 3185 2028 3242 εἰδότων

605 3245 616 3262 .
787 3245 812 3264 ,υ
1263 3245 1273 3263 ι
1546 3245 1555 3264 ι

379 3277 478 3349 μὲν
509 3275 679 3331 αὐτῶν
719 3277 754 3332 ἂί
811 3275 1096 3350 λαλοῦσιν,
1157 3279 1261 3333 οὐκ
1319 3274 1514 3332 εἷδότω
1571 3275 1629 3332 δὲ
1686 3276 1893 3352 ἑτέροις
1948 3245 2102 3350 έρ-θ

375 3370 639 3439 μηνεῢσαι
697 3363 1028 3441 διαλέγεται.
1092 3392 1120 3420 ‹‹
1165 3368 1226 3425 Ὀ
1278 3365 1336 3422 δὲ
1393 3367 1776 3446 προφητεύων,
1838 3365 2026 3442 φησὶν,

367 3453 684 3525 Εκκλησίαν
717 3453 1028 3529 οἰκοδομεῖ.
1067 3481 1088 3506 ι
1121 3458 1288 3514 ’Όσον
1344 3455 1435 3511 οὗν
1493 3457 1557 3511 τὸ
1593 3455 1755 3530 μέσον
1807 3460 1904 3510 τοῦ
1933 3453 2026 3510 ἕνα

359 3545 719 3625 ὠφελεῖσθαι,
748 3545 840 3600 καὶ
877 3551 997 3616 τοῦ,
1037 3545 1387 3617 Ἐκκλησίαν,
1418 3551 1679 3601 τοσοῦτον
1739 3545 1801 3616 τὸ
1863 3543 2023 3618 μέσον

359 3633 626 3708 γλωσσῶν
655 3635 747 3690 καὶ
776 3634 1134 3713 προφητείας.

441 3723 590 3780 Θέλω
658 3721 716 3779 δὲ
773 3724 978 3785 πάντας
1039 3725 1180 3797 ὑμᾶς
1263 3721 1452 3779 λαλεῖν
1534 3722 1836 3799 γλώσσαις,
1890 3721 2026 3794 μᾶλ-

384 3812 482 3868 λον
541 3812 594 3868 δὲ
643 3811 733 3868 ἵνα
790 3814 1195 3891 προφητεύητε.
1279 3812 1490 3882 Μείζων
1573 3813 1678 3888 γὰρ
1722 3813 1750 3867 ὁ
1807 3831 2027 3886 προφη-

363 3903 534 3960 τεύων
593 3907 628 3976 ἢ
690 3907 718 3959 ὁ
781 3903 966 3960 λαλῶν
1028 3903 1332 3980 γλώσσαις,
1392 3903 1547 3965 ἐκτὸς
1607 3903 1655 3958 εἲ
1745 3905 1820 3976 μὴ
1879 3899 2024 3975 διερ-

361 3993 597 4068 μηνεύῃ,
650 3992 742 4049 ’ἱνα
802 3997 836 4063 ἡ
899 3993 1206 4064 Ἐκκλησία
1264 3989 1568 4065 οἰκοδομὴν
1655 3987 1822 4066 λάϐῃ.
1889 3990 2019 4048 Νυνὶ

362 4081 443 4151 δὲ,
503 4081 753 4160 ἀδελφοὶ,
810 4083 897 4137 ἐὰν
963 4081 1110 4137 ἔλθω
1167 4083 1304 4155 πρὸς
1364 4082 1504 4154 ὑμᾶς
1588 4080 1866 4158 γλώσσαις
1933 4079 2026 4136 λα-

364 4170 506 4242 λῶν,
537 4169 592 4225 τί
635 4171 772 4243 ὑμᾶς
833 4168 1129 4247 ὠφελήσω,
1186 4170 1273 4224 ἒὲιν
1338 4171 1413 4242 μὴ
1476 4169 1602 4243 ὑμῖν
1673 4167 1927 4241 λαλήσω,
1987 4169 2022 4238 ἢ

363 4262 418 4316 ἐν
482 4259 849 4331 ἀποκαλύψει,
908 4259 943 4330 ἢ
1001 4259 1054 4314 έν
1108 4261 1322 4335 γνώσει,
1384 4260 1418 4329 ἢ
1497 4259 1549 4314 έν
1609 4260 1933 4337 προφητείᾳ,
1987 4258 2022 4328 ἢ

361 4349 416 4405 έν
454 4346 663 4428 διδαχῇ
711 4369 724 4419 ;
777 4350 931 4422 ὅμως
1001 4350 1067 4404 τὰ
1125 4345 1313 4424 ἄψυχα
1370 4350 1556 4425 φωνὴν
1609 4345 1850 4416 διδόντα,
1918 4347 2025 4403 εἶ’τε

359 4439 554 4508 αὐλὸς,
615 4435 720 4494 εἴτε
788 4438 1008 4513 κιθάρα,
1094 4437 1183 4492 ἐὰν
1270 4434 1566 4506 διαστολὴν
1653 4442 1772 4500 τοῖς
1854 4437 2023 4514 φθόγ-

357 4547 481 4602 γοις
517 4527 592 4600 μὴ
627 4524 705 4599 δῷ
731 4530 847 4588 πῶς
904 4526 1276 4602 γνωσθήσεται
1333 4525 1396 4579 τὸ
1452 4523 1814 4597 αὐλούμενον,
1869 4524 1903 4594 ἢ
1960 4525 2024 4580 τὸ

359 4617 786 4690 κιθαριζόμενον
831 4636 846 4686 ;

439 4706 579 4760 Εἶτα
608 4703 796 4774 ἐπειδὴ
857 4702 1063 4760 πολλοὶ
1128 4709 1254 4779 παρ’
1312 4703 1497 4765 αὐτοῖς
1554 4702 1833 4778 γλώσσαις
1901 4701 2031 4758 ἐλά-

369 4791 536 4861 λουν,
588 4791 680 4849 ἳνα
753 4795 829 4868 μη
880 4795 1117 4868 νομισθῇ
1171 4792 1309 4847 κατᾶ
1363 4793 1554 4871 φθόνον
1614 4791 2034 4867 ἀποσμικρύνειν

371 4881 474 4944 τὰς
503 4882 775 4956 γλώσσας,
810 4885 968 4958 φησί·
1005 4907 1033 4935 ‹‹
1069 4881 1225 4938 Θέλω
1255 4879 1310 4936 δὲ
1364 4881 1565 4944 πάντας
1593 4881 1870 4957 γλώσσαις
1933 4881 2035 4938 λα-

373 4969 516 5034 λεῖν,
549 4995 577 5024 ››
612 4974 726 5048 οὐχ
755 4971 846 5028 ἕνα
874 4969 911 5042 ἤ
946 4969 1064 5044 δύο,
1101 4995 1129 5023 ‹‹
1163 4970 1320 5040 Πλὴν
1359 4969 1573 5044 μᾶλλον
1619 4971 1759 5045 ὑμᾶς
1816 4992 2031 5052 προφη-

368 5061 548 5117 τεύειν
593 5062 894 5136 βούλομαι.
959 5087 981 5116 ι
1046 5057 1271 5130 Ἐπειδή
1334 5061 1590 5134 μείζωνὸ
1646 5061 2030 5136 προφητεύων,

367 5146 464 5204 διὰ
489 5149 552 5203 τὸ
580 5149 708 5212 τοὺς
742 5149 1001 5210 πλείονας
1042 5147 1294 5228 ὠφελεῖν.
1329 5171 1358 5200 ‹‹
1392 5147 1584 5212 Ἐκτὸς
1613 5146 1660 5202 εἴ
1698 5148 1774 5222 μή
1807 5146 2034 5223 διερμη-

364 5237 524 5312 νεύῃ.
562 5262 590 5290 »ι
637 5236 859 5308 Ἐπειδὴ
931 5239 1243 5314 ἀπεφήνατο
1301 5237 1522 5311 μείζονα
1576 5237 1666 5291 τὸν
1717 5240 2032 5314 προφήτην,

365 5329 580 5402 ἐπαγειο
621 5351 648 5382 ιι
682 5328 872 5391 Ἐκτὸς
904 5327 949 5384 εἰ
985 5329 1060 5401 μή
1091 5325 1447 5402 διερμηνεύῃ.
1483 5350 1511 5380 n
1543 5327 2029 5401 Τουτέστι,μείζων

367 5419 398 5472 ὁ
431 5420 748 5495 προφήτης,
791 5417 946 5480 ἐκτὸς
976 5415 1180 5472 ἐκείνου
1211 5421 1311 5472 τοῦ
1341 5417 1433 5472 καὶ
1479 5414 1758 5492 γλώσσαις
1785 5415 2030 5472 λαλοῦν-

364 5529 464 5570 τος
496 5507 587 5562 καὶ
622 5505 1080 5582 διερμηνεύοντος
1149 5506 1184 5562 ἅ
1240 5507 1406 5584 λέγει.
1469 5507 1531 5563 Ὀ
1593 5506 1694 5582 γὰρ
1760 5510 2033 5576 τοιοῦτος,

361 5597 488 5660 ἳσος
519 5595 638 5653 ἐστὶ
667 5601 746 5671 τῷ
794 5598 1075 5674 προφήτῃ.
1131 5595 1375 5670 Ὀμοίώς
1426 5595 1532 5670 γὰρ
1578 5596 1639 5650 τὸ
1695 5597 1873 5652 κοινὸν
1904 5604 2032 5667 ,τῆς

358 5685 704 5756 Ἐκκλησίας
731 5684 956 5764 ὠφελεῖ.
991 5710 1020 5738 «
1073 5685 1209 5744 Νυνὶ
1276 5683 1355 5754 δὲ,
1413 5681 1667 5761 ἀδελφοὶ,
1737 5685 1826 5740 ἰὰν
1886 5684 2032 5750 ἔλθω

647 5809 910 5875 ΡΑτιιοι.
958 5809 1072 5869 Gn.
1119 5806 1380 5868 CXVIII.

2139 1946 2228 1996 tas
2262 1957 2274 1995 :
2310 1940 2606 2011 siquidem
2637 1941 2870 1996 nullum
2903 1942 3276 1999 audientium
3311 1945 3566 2001 adiﬁcat
3600 1963 3612 2000 :
3675 1948 3792 2002 Deo

2135 2029 2297 2084 enim
2331 2029 2593 2100 loquitur
2645 2047 2766 2084 non
2827 2031 3173 2087 hominibus
3209 2051 3221 2087 :
3256 2035 3539 2104 quoniam
3593 2036 3792 2092 nullas

2133 2118 2414 2189 intelligit
2444 2135 2576 2188 qua
2620 2118 2922 2188 dicuntur,
2984 2127 3042 2176 et
3072 2122 3183 2176 hoc
3211 2128 3301 2177 est
3334 2123 3490 2194 quod
3551 2125 3788 2180 subdit:

2135 2229 2161 2256 ‹‹
2192 2205 2402 2261 Nullus
2433 2206 2595 2261 enim
2627 2206 2814 2262 audit.
2846 2231 2871 2256 n
2908 2209 3132 2264 Deinde
3164 2227 3237 2265 ne
3271 2212 3513 2266 omnino
3544 2212 3788 2267 inutiles

2134 2312 2236 2351 eos
2265 2295 2560 2361 ostendat,
2624 2295 2967 2369 subjungit;
3032 2320 3053 2347 α
3091 2299 3312 2370 Spiritu
3336 2317 3470 2356 vero
3524 2301 3789 2372 loquitur

2134 2385 2435 2456 mysteria.
2473 2407 2500 2434 »
2534 2385 2653 2440 Hoc
2685 2386 2893 2453 est,vel
2925 2403 3031 2442 suo
3067 2388 3277 2459 spiritu
3310 2395 3595 2462 tanquam
3627 2391 3784 2462 apud

2134 2475 2442 2546 proprium
2475 2476 2743 2531 animum
2777 2478 3234 2542 sermocinatur,
3268 2479 3358 2534 vel
3401 2480 3622 2551 Spiritu
3655 2497 3791 2536 san-

2137 2570 2251 2635 cto,
2284 2564 2395 2620 hoc
2427 2569 2537 2627 est.
2569 2581 2676 2636 per
2705 2565 2991 2637 Spiritum
3024 2572 3295 2622 sanctum
3331 2569 3613 2640 loquitur.
3675 2570 3788 2626 Sed

2137 2669 2482 2724 quanquam
2505 2670 2610 2725 per
2642 2654 2925 2726 Spiritum
2952 2655 3423 2727 loquatur,tanto
3449 2659 3648 2714 minus
3680 2659 3786 2714 do-

2136 2759 2278 2798 num
2313 2749 2402 2798 est
2427 2759 2606 2814 quam
2637 2745 2972 2816 prophetia,
3006 2752 3226 2817 quanto
3260 2748 3458 2803 minor
3489 2754 3580 2804 est
3624 2749 3790 2804 utili-

2139 2837 2248 2887 tas.
2285 2855 2311 2880 «
2344 2832 2452 2897 Qui
2482 2838 2681 2888 autem
2713 2834 3048 2906 prophetat.
3088 2858 3108 2883 ι
3146 2839 3217 2890 At
3260 2838 3564 2893 communi
3624 2837 3788 2892 utili-

2137 2927 2254 2976 tate
2313 2921 2572 2976 ostendit
2631 2923 2942 2978 meliorem
3003 2941 3134 2979 esse
3193 2927 3590 2998 prophetiam.
3643 2929 3786 2982 Nam

2137 3011 3006 3082 homines,inquit,adificat,et
3035 3012 3108 3068 ad
3143 3015 3321 3069 ﬁdem
3354 3015 3790 3083 adhortatur,et

2138 3105 2380 3171 propter
2395 3099 2625 3155 futuras
2647 3100 3003 3157 afﬂictiones
3027 3103 3431 3158 consolatur.«
3465 3105 3572 3171 Qui
3593 3105 3787 3177 loqui-

2139 3196 2236 3244 tur
2255 3189 2456 3261 lingua
2469 3189 2729 3261 seipsum
2752 3189 3018 3246 adiﬁcat.
3034 3214 3059 3240 ››
3080 3192 3158 3246 De
3173 3192 3264 3247 his
3279 3193 3545 3265 loquitur
3564 3195 3664 3266 qui
3679 3212 3787 3250 no-

2139 3284 2348 3333 verunt
2363 3278 2603 3349 quidem
2630 3295 2698 3334 ea
2721 3297 2851 3350 qua
2875 3279 3336 3351 loquuntur,sed
3349 3283 3482 3338 aliis
3506 3284 3794 3357 interpre-

2137 3369 2246 3422 tari
2265 3385 2384 3424 non
2399 3374 2674 3422 norunt.«
2691 3369 2798 3434 Qui
2814 3385 2949 3424 vero
2965 3371 3631 3442 prophetat,Ecclesiam
3653 3374 3790 3429 adi-

2137 3458 2637 3522 ﬁcat.»Quantum
2654 3475 2790 3530 ergo
2805 3458 3128 3515 discrimen
3157 3465 3248 3516 est
3265 3461 3392 3533 ejus
3407 3462 3564 3534 quod
3582 3469 3668 3518 est
3685 3465 3792 3518 uni

2135 3547 2346 3602 aﬂ‘erre
2363 3547 2786 3614 utilitatem,ab
2820 3564 2888 3602 eo
2913 3548 3072 3620 quod
3097 3555 3186 3604 est
3208 3551 3486 3606 Ecclesia
3510 3552 3677 3608 illam
3700 3552 3786 3608 af-

2133 3636 2557 3703 ferre,tantum
2579 3635 2904 3692 discrimen
2925 3638 3368 3711 estlinguarum
3389 3657 3424 3696 a
3444 3642 3782 3713 prophetia.

2205 3726 2352 3787 XIV,
2394 3728 2503 3780 5-7.
2535 3748 2562 3774 ‹‹
2600 3725 2741 3780 Volo
2767 3731 2966 3782 autem
2991 3744 3200 3783 omnes
3230 3745 3331 3784 vos
3351 3730 3515 3800 loqui
3545 3731 3789 3802 linguis,

2136 3836 2163 3861 ‹‹
2197 3813 2383 3886 magis
2415 3819 2615 3869 tamen
2643 3819 2709 3868 ut
2739 3815 3125 3886 prophetetis.
3164 3819 3307 3872 Nam
3333 3819 3529 3889 major
3559 3824 3650 3874 est
3678 3819 3782 3890 qui

2134 3923 2164 3951 ι(
2197 3902 2512 3973 prophetat
2543 3918 2721 3973 quam
2754 3901 2854 3973 qui
2886 3903 3154 3974 loquitur
3182 3904 3425 3977 linguis,
3459 3906 3575 3960 nisi
3605 3906 3785 3962 inter.

2136 4016 2162 4040 ‹‹
2197 3997 2558 4064 pretetur,ut
2577 3991 2840 4048 Ecclesia
2860 3994 3320 4050 adiﬁcationem
3344 3997 3792 4069 accipiat.Nunc

2137 4104 2164 4130 ‹‹
2201 4082 2666 4149 autem,fratres,
2699 4082 2748 4137 si
2780 4099 2994 4139 venero
3026 4085 3100 4139 ad
3126 4102 3225 4140 vos
3253 4084 3473 4157 linguis
3506 4085 3782 4158 loquens,

2135 4194 2163 4221 ‹‹
2197 4171 2341 4242 quid
2367 4172 2530 4227 vobis
2549 4171 2800 4244 prodero
2827 4189 2840 4226 :
2874 4173 2989 4228 nisi
3020 4173 3183 4228 vobis
3206 4175 3418 4246 loquar
3447 4181 3550 4230 aut
3571 4193 3676 4247 per
3697 4192 3790 4229 re-

2135 4284 2162 4311 ‹‹
2196 4261 2679 4332 velationem,aut
2693 4279 2798 4334 per
2810 4262 3256 4331 scientiam,aut
3274 4281 3378 4336 per
3392 4265 3790 4336 prophetiam,
3882 4272 3891 4279 '

2134 4374 2162 4401 ‹‹
2196 4357 2296 4406 aut
2317 4369 2423 4423 per
2442 4351 2818 4408 doctrinam?
2844 4353 2997 4418 Quin
3022 4359 3080 4407 et
3101 4354 3368 4410 inanima
3401 4371 3615 4409 sonum
3649 4355 3788 4409 red-

2135 4460 2164 4488 «
2196 4439 2544 4507 dentia,sive
2577 4441 2742 4506 tibia,
2775 4441 2895 4496 sive
2927 4443 3305 4504 cithara.nisi
3339 4443 3788 4500 distinctionem

2140 4548 2168 4580 α
2193 4528 2355 4582 sonis
2395 4528 2687 4594 dederint,
2713 4531 3012 4599 quomodo
3043 4537 3433 4603 cognoscatur
3451 4532 3612 4604 quod
3647 4533 3791 4587 tibia

2061 4607 2104 4671 ι)
2133 4637 2161 4665 ‹‹
2199 4617 2434 4671 canitur
2464 4623 2566 4671 aut
2595 4617 2870 4672 cithara?
2908 4641 2928 4666 1

2218 4704 2440 4760 Deinde
2472 4705 2613 4775 quia
2643 4705 2815 4760 multi
2838 4707 2995 4778 apud
3028 4708 3192 4778 ipsos
3218 4709 3436 4781 linguis
3467 4709 3798 4780 loqueban-

2145 4798 2262 4862 tur,
2294 4809 2367 4847 ne
2428 4793 2802 4849 existimetur
2832 4795 3053 4850 invidia
3111 4797 3475 4867 parvifacere
3535 4796 3793 4869 linguas,

2144 4883 2227 4938 ait
2260 4899 2273 4936 :
2306 4906 2335 4933 ‹‹
2371 4883 2511 4938 Volo
2579 4891 2781 4939 autem
2812 4901 3019 4940 omnes
3076 4886 3237 4958 loqui
3292 4887 3512 4959 linguis
3535 4929 3550 4954 ,
3585 4910 3612 4938 »
3673 4904 3794 4943 non

2142 4988 2331 5027 unum
2363 4976 2466 5027 aut
2495 4971 2706 5039 duos,¢
2737 4973 2841 5028 sed
2873 4974 3060 5048 magis
3088 4993 3185 5031 vos
3209 4976 3568 5047 prophetare
3602 4976 3798 5044 volo,«

2143 5061 2296 5119 555
2329 5061 2614 5132 quoniam
2651 5062 2846 5134 major
2877 5069 2968 5119 est
2999 5065 3048 5118 is
3081 5066 3179 5135 qui
3205 5067 3622 5137 prophetat,eo
3643 5067 3804 5138 quod

2141 5151 2353 5205 afferat
2389 5149 2710 5206 utilitatem
2767 5151 2994 5207 multis.
3029 5176 3055 5202 «
3111 5155 3234 5208 Nisi
3292 5155 3736 5226 interpretetur.
3775 5178 3804 5206 »

2142 5241 2433 5306 Quoniam
2467 5241 2728 5296 ostendit
2758 5242 3048 5314 majorem
3082 5260 3211 5299 esse
3242 5245 3620 5317 prophetam,
3651 5245 3799 5301 sub-

2133 5331 2336 5402 jungit
2368 5347 2380 5384 :
2417 5352 2444 5378 ‹‹
2479 5331 2596 5384 Nisi
2636 5331 3061 5404 interpretetur
3089 5351 3102 5400 ;
3141 5356 3168 5382 »
3199 5334 3312 5390 hoc
3346 5341 3456 5403 est,
3488 5337 3682 5408 major
3709 5341 3802 5391 est

2142 5419 2573 5491 propheta,nisi
2609 5419 2710 5474 ille
2741 5426 2800 5474 et
2822 5420 3042 5493 linguis
3064 5421 3345 5493 loquatur
3365 5425 3795 5496 etinterprete-

2144 5513 2240 5563 tur
2269 5525 2401 5580 qua
2433 5507 2578 5564 dicit
2611 5525 2623 5562 :
2655 5525 2795 5564 nam
2841 5509 2972 5566 talis
3025 5512 3273 5583 aqualis
3322 5519 3414 5570 est
3466 5515 3792 5587 propheta.

2145 5601 2434 5657 Similiter
2463 5602 2626 5658 enim
2658 5619 3040 5660 communem
3072 5606 3244 5662 affert
3272 5606 3549 5663 Ecclesia
3570 5605 3796 5685 utilita-

2145 5695 2283 5745 tem.
2319 5710 2346 5744 α
2375 5692 2544 5747 Nunc
2595 5695 2819 5761 autem,
2861 5693 3095 5760 fratres,
3155 5695 3201 5750 si
3234 5711 3448 5751 venero
3478 5695 3553 5751 ad
3608 5710 3730 5749 vos.
3767 5713 3796 5741 »

3431 5815 3509 5875 27
