4118 6380
384 389 503 451 843

1507 380 1758 446 ΈΟΠΜ
1769 379 1918 442 ΕΝΙΙ
1958 379 2270 443 TRICGM
2314 380 2669 443 EPISCOPI

3686 386 3805 446 844

386 551 451 567 --
482 523 649 580 Nunc
680 523 878 579 autem
908 516 1353 590 volo,inquit.in
1385 532 1519 573 mea
1545 530 1903 590 persona.ne
1932 530 2032 571 vo-

2147 515 2478 589 πρὸςὺμᾶς.
2514 540 2542 569 n
2579 549 2647 561 —
2703 520 2915 592 [ΦΩΤ.]
2976 516 3106 574 Νυνὶ
3160 513 3239 587 δὶ,
3301 516 3457 596 φησὶ,
3523 515 3804 592 βούλομαι

381 612 475 669 bis
504 627 677 685 grave
710 610 787 666 sit
816 608 943 665 haec
976 606 1382 677 eiilgurare,et
1400 607 1713 663 ostendere
1746 612 2033 679 quantum

381 700 533 756 desit
561 697 634 755 ad
695 696 1126 771 perfectionem
1159 697 1208 753 si
1243 700 1380 767 quts
1435 700 1668 752 tantum
1708 694 2031 768 linguatur.

381 810 410 840 α
438 788 585 845 Nam
618 789 666 844 si
699 802 934 847 venero.
967 788 1185 859 inquit.
1210 785 1285 842 ad
1307 802 1409 841 vos
1442 784 1661 859 linguis
1686 784 1963 856 loquens,
2004 804 2034 834 η

383 880 493 933 etc.
526 878 792 949 Cumque
850 877 1017 949 prius
1074 878 1136 932 in
1170 892 1233 931 se
1273 873 1691 947 eillguraverit,
1750 874 2037 945 deinceps

380 966 786 1040 procedendo,
810 966 1010 1022 eniam
1040 964 1167 1022 hinc
1198 964 1261 1020 in
1288 963 1409 1019 illis
1438 963 1584 1038 ipsis
1616 962 1898 1019 ostendit.
1925 961 2035 1018 Sed

385 1061 445 1113 et
463 1056 547 1112 ibi
568 1071 704 1113 cum
728 1055 999 1129 asperius
1020 1052 1247 1126 aliquid
1267 1052 1533 1108 dicturus
1560 1053 1749 1115 est,in
1773 1053 2036 1125 seipsum

382 1145 496 1202 hoc
524 1144 776 1218 recipit;
808 1149 873 1201 ut
895 1144 1038 1200 dum
1061 1143 1144 1199 ait
1168 1159 1182 1198 :
1217 1166 1243 1193 α
1269 1141 1381 1199 Ero
1405 1143 1460 1197 ei
1481 1141 1585 1214 qui
1614 1139 1885 1214 loquitur
1910 1141 2039 1197 bar-

383 1235 588 1302 barus,
619 1243 680 1292 et
710 1235 757 1290 si
821 1235 964 1308 quid
994 1240 1086 1291 est
1116 1232 1333 1290 simile.
1363 1254 1392 1283 «
1455 1230 1510 1289 Si
1546 1230 1781 1287 veniam
1815 1230 1890 1287 ad
1937 1246 2038 1286 vos

388 1324 607 1399 linguis
630 1325 938 1397 loquens.»
966 1321 1181 1379 Volens
1206 1322 1267 1379 in
1287 1321 1527 1396 propria
1555 1335 1813 1397 persona
1836 1325 2037 1377 osten-

382 1415 523 1472 dere
554 1412 945 1488 indigentiam
980 1417 1035 1469 et
1077 1412 1475 1485 abjectionem
1506 1409 1868 1485 linguarum,
1908 1411 2035 1467 ait:

382 1525 413 1555 «
443 1502 636 1561 Etiam
668 1502 718 1559 si
752 1502 928 1560 detur
955 1518 1051 1559 me
1083 1500 1245 1573 loqui
1279 1500 1522 1576 linguis,
1552 1500 1705 1557 nihil
1733 1504 1937 1556 tamen
1968 1514 2039 1554 ex

378 1594 493 1651 hoc
524 1592 689 1649 vobis
718 1592 998 1666 prodero.
1035 1615 1057 1645 ι
1095 1592 1219 1648 Nisi
1280 1593 1442 1648 enim
1474 1589 1685 1662 loquar
1740 1588 1904 1644 vobis
1933 1603 2041 1661 per

380 1681 809 1739 revelationem
841 1680 962 1737 sive
992 1680 1559 1745 maniiestatienem,
1577 1680 1689 1735 hoc
1718 1682 1810 1734 est
1837 1676 2038 1749 aliqua

380 1772 702 1830 manifesta
726 1770 887 1827 clara
945 1776 1006 1826 et
1032 1768 1362 1826 intellecta.
1397 1770 1511 1825 Aut
1564 1783 1672 1841 per
1723 1766 2035 1824 scientiam

382 1859 504 1917 sive
558 1860 982 1934 cognitionem,
1030 1858 1145 1915 hoc
1196 1864 1307 1927 est,
1358 1862 1425 1914 ut
1477 1857 1847 1931 cognoscatis
1905 1871 2035 1927 quae
2070 1884 2115 1952 Β

385 1950 518 2007 dico
554 1967 569 2005 :
600 1972 629 2001 α
664 1951 779 2006 Aut
807 1964 915 2022 per
941 1947 1342 2022 prophetiam.
1377 1968 1405 1998 ››
1440 1946 1582 2003 Nam
1615 1946 1772 2002 hanc
1813 1944 2036 2001 intelli-

385 2038 623 2114 gebant,
655 2052 791 2095 cum
821 2036 1000 2095 modo
1032 2035 1337 2094 communi
1370 2034 1658 2109 loquendi
1686 2035 2040 2108 exprimere-

381 2136 517 2187 tur:
550 2131 667 2187 Aut
697 2145 804 2203 per
832 2128 1188 2186 doctrinam.
1211 2125 1319 2197 Qui
1353 2127 1515 2183 enim
1547 2128 1739 2188 docet.
1774 2124 2038 2182 studium

381 2218 625 2277 adhibet
655 2224 721 2274 ut
746 2217 849 2291 qui
883 2217 1124 2275 discunt
1170 2216 1512 2289 intelligant
1541 2232 1674 2288 quae
1707 2215 1989 2271 dicuntur
2019 2226 2033 2268 :

382 2322 507 2366 non
539 2323 664 2377 ero,
694 2306 910 2381 inquit.
946 2305 1122 2364 aliter
1152 2305 1317 2363 vobis
1346 2304 1534 2363 utilis.
1571 2328 1599 2356 «
1634 2310 1751 2360 Aut
1780 2320 1886 2378 per
1940 2317 2034 2359 re-

380 2399 765 2456 velationem.
798 2418 829 2448 ιι
861 2398 1091 2454 Genera
1121 2396 1295 2469 ponit
1323 2393 1617 2451 donorum
1647 2410 1779 2466 quae
1808 2392 1872 2449 in
1920 2408 2041 2449 ser-

386 2502 564 2545 mone
593 2492 776 2544 sunt:
809 2488 943 2543 Hinc
971 2490 1172 2542 autem
1203 2482 1609 2559 sunt,linguas
1630 2481 2037 2556 interpretari,

386 2582 445 2633 et
466 2593 597 2651 qum
620 2575 693 2633 ab
716 2574 838 2632 illis
861 2573 1138 2633 dicantur
1162 2572 1425 2632 revelare
1447 2574 1569 2631 sive
1614 2573 1996 2630 manifestare
2021 2587 2036 2627 :

392 2670 496 2724 aut
520 2663 701 2724 simul
730 2672 1072 2738 utrumque,
1089 2670 1149 2721 et
1176 2663 1396 2742 linguis
1426 2660 1593 2736 loqui
1616 2670 1675 2720 et
1695 2661 2038 2735 explanare,

389 2754 550 2831 quod
584 2755 764 2813 etiam
791 2759 963 2812 vocat
993 2751 1481 2826 scientiam,quia
1507 2751 1797 2826 loquitur,
1821 2758 1881 2807 et
1909 2756 2041 2806 tan-

387 2860 566 2919 quam
600 2844 795 2903 sciens
824 2844 1255 2918 interpretatur
1285 2841 1446 2916 quod
1477 2839 1662 2898 dicit:
1696 2861 1727 2891 ‹‹
1758 2843 1874 2897 Aut
1902 2855 2042 2911 pro-

381 2935 630 3011 phetare
655 2954 670 3004 ;
691 2957 720 2987 »
751 2934 865 2993 hoc
896 2942 1095 2992 autem
1118 2930 1504 2990 manifestum
1536 2936 1627 2988 est
1646 2928 1789 3003 quid
1812 2928 2041 3004 signifi-

388 3031 482 3082 cet
510 3042 526 3082 :
562 3046 587 3077 ιι
624 3028 739 3081 Aut
767 3021 1000 3081 docere.
1042 3043 1071 3077 ιι
1102 3022 1279 3080 Aliud
1316 3026 1408 3078 est
1435 3020 1549 3078 hoc
1579 3019 1804 3077 donum
1844 3018 1917 3076 ab
1949 3018 2042 3075 his

384 3128 517 3187 quae
545 3113 704 3172 dicta
732 3118 891 3171 sunt.
927 3113 1025 3169 Ait
1054 3126 1193 3185 ergo
1230 3126 1243 3167 :
1273 3109 1331 3166 Si
1364 3123 1581 3167 venero
1640 3108 1866 3166 habens
1905 3109 2044 3180 qui-

385 3202 523 3262 dem
554 3202 780 3263 donum
808 3203 1095 3276 loquendi
1129 3200 1369 3275 linguis,
1402 3217 1523 3257 non
1552 3198 1784 3257 habens
1840 3203 2032 3256 tamen

2147 3198 2452 3275 εἶρημὲνιυν
2484 3201 2783 3278 τεσσάρων,
2812 3202 2868 3257 τί
2897 3200 3045 3258 ἔσται
3076 3204 3205 3277 ὑμῖν
3239 3200 3437 3282 ὄφελος
3470 3232 3483 3273 ;
3519 3230 3545 3259 «

384 3292 629 3368 aliquod
659 3292 1080 3368 praedictorum
1112 3298 1370 3365 quatuor
1398 3291 1851 3362 donorum,quaa
1873 3290 2039 3346 vobis

385 3385 500 3442 erit
528 3383 759 3441 utilitas
779 3380 808 3439 7
835 3403 863 3433 ιι
886 3381 1043 3448 Quin
1065 3388 1127 3439 et
1146 3380 1415 3437 inanima
1436 3396 1649 3436 sonum
1670 3378 2038 3435 reddentia.»

393 3472 465 3529 Et
518 3468 683 3543 quid,
738 3470 959 3544 inquit,
1019 3468 1151 3526 dico
1183 3469 1247 3526 in
1301 3468 1490 3536 vobis,
1522 3474 1666 3541 puta
1706 3466 1856 3524 utile
1909 3483 2039 3525 esse

383 3556 534 3618 illud
558 3557 717 3633 quod
737 3558 1336 3633 intelligitur,inutile
1359 3572 1499 3614 vero
1525 3554 1686 3632 quod
1708 3573 1829 3613 non
1856 3556 2037 3613 intel-

382 3647 590 3724 ligitur
612 3645 641 3704 ?
667 3646 901 3704 Etenim
932 3646 997 3703 in
1022 3645 1311 3704 inanimis
1340 3660 1577 3719 quoque
1621 3644 2039 3702 instrumentis

385 3741 500 3797 hoc
529 3734 735 3795 licebit
763 3737 1051 3795 invenire.
1083 3733 1395 3809 Siquidem
1425 3751 1537 3792 nec
1567 3738 1629 3791 in
1661 3736 1904 3808 cythara
1937 3742 2040 3792 aut

384 3828 551 3886 tibiis
578 3824 823 3885 confuse
856 3826 1067 3883 eiierre
1098 3828 1333 3899 oportet
1363 3838 1496 3897 quas
1528 3823 1846 3881 dicuntur:
1887 3818 2041 3881 alio-

388 3916 490 3991 qui
518 3914 688 3975 nullo
746 3912 923 3973 modo
954 3928 1318 3989 quemquam
1357 3910 1743 3971 delectarent.
1795 3913 1947 3972 550
1979 3914 2036 3968 Si

386 4020 524 4081 ergo
544 4007 609 4063 in
629 4002 724 4061 his
745 4002 984 4077 pusillis
1004 4018 1290 4077 magnum
1314 4008 1405 4059 est
1420 4002 1549 4076 ipsa
1571 4000 1811 4059 claritas
1833 4008 1893 4058 et
1907 4016 2035 4058 ma-

385 4094 947 4167 nil'estatio,quanto
975 4090 1165 4165 magis
1188 4092 1252 4149 in
1281 4090 1744 4166 spiritualibus?
1792 4092 2038 4165 Oportet

2145 603 2359 660 ἐπὶτοῦ
2399 602 2540 679 ἐμοῦ
2580 609 2904 683 προσώπου,
2957 603 3048 662 διὰ
3103 606 3165 662 τὸ
3231 606 3308 678 μή
3367 605 3613 680 γενέσθαι
3673 607 3807 681 ὑμῖν

2144 694 2424 771 φορτικὸν,
2458 698 2625 750 ταῦτα
2656 714 3020 771 σχηματισαι,
3072 694 3162 750 καὶ
3223 691 3392 768 δεῖξαι
3443 694 3569 751 ὅσον
3628 695 3807 754 λείπει

2145 781 2222 844 εἷς
2267 781 2571 853 τελείωσιν,
2629 790 2710 858 τῷ
2766 785 3049 859 γλώσσαις
3112 784 3281 857 μόνον
3335 782 3551 842 λαλεῖν.
3613 812 3642 838 ‹‹
3682 787 3812 844 Ἐὰν

2143 871 2273 947 γὰρ,
2304 870 2656 952 φησὶν,ἔλθω
2686 875 2823 949 πρὸς
2856 875 2996 947 ὑμᾶς
3056 872 3333 950 γλώσσαις
3381 873 3589 943 λαλῶν,
3633 900 3662 929 ιι
3712 882 3804 939 καὶ

2145 958 2291 1031 δξῆς.
2329 960 2598 1037 Ηρότερον
2634 960 2693 1019 δὶ
2750 963 2839 1019 ἐπὶ
2898 962 3103 1019 οἰκείου
3170 979 3544 1040 σχηματισας,
3607 964 3807 1023 λοιπὸν

2146 1049 2355 1123 προϊὼν
2422 1050 2513 1105 καὶ
2571 1046 2655 1106 ἐπ’
2730 1050 2904 1108 αὐτῶν
2979 1050 3200 1107 ἐκείνων
3287 1056 3454 1109 ταῦτα
3514 1057 3807 1129 γυμνάζεὶ.

2147 1137 2325 1196 Ἀλλὰ
2353 1139 2512 1195 κᾶκεῖ
2538 1135 2664 1196 ἔνθα
2708 1140 3046 1217 τραχύτερόν
3103 1162 3158 1197 τι
3219 1138 3412 1215 μὲλλει
3471 1141 3676 1222 λέγων,
3730 1143 3811 1210 εἷς

2146 1229 2337 1285 ἑαυτὸν
2377 1234 2540 1285 τοῦτο
2573 1227 3008 1306 ἀναδέχεται,ὼς
3036 1231 3165 1294 τὸ.«
3199 1232 3526 1307 Ἔσομαιτῷ
3540 1230 3808 1291 λαλοῦντι

2149 1315 2447 1395 βάρϐαρος,
2477 1345 2507 1376 ››
2537 1322 2628 1376 καὶ
2661 1318 2716 1376 εἷ’
2748 1340 2800 1377 τι
2831 1323 3048 1395 ὅμοιον.
3091 1344 3112 1373 ι
3147 1321 3267 1379 Ἐὰν
3300 1317 3447 1379 ἔλθω
3478 1325 3615 1400 πρὸς
3663 1326 3811 1400 ὑμᾶς

2144 1409 2426 1484 γλώσσαις
2455 1408 2661 1466 λαλῶν.
2693 1434 2713 1461 ο
2751 1412 2871 1467 Ἐπὶ
2901 1414 3000 1467 τοῦ
3049 1411 3258 1467 οἰκείου
3296 1414 3600 1488 προσώπου
3633 1412 3804 1487 δεῖξαι

2148 1497 2321 1565 θέλων
2347 1500 2411 1555 τὸ
2464 1504 2572 1555 τῶν
2632 1496 2899 1575 γλωσσῶν
2963 1498 3212 1581 ὑποδιὶς,
3271 1502 3457 1581 φησίνσ
3491 1528 3519 1555 ιι
3566 1505 3808 1561 Ὑποθώ-

2150 1590 2285 1663 μεθα
2317 1586 2414 1662 ἐμὲ
2443 1588 2608 1644 αὐτὸν
2650 1588 2787 1644 εἶναι
2841 1590 2935 1645 τὸν
2992 1578 3293 1666 γλώσσαις-
3323 1590 3617 1660 λαλοῦντα,
3673 1592 3804 1651 ἀλλ’

2146 1675 2303 1734 ούδὶν
2332 1678 2474 1751 ὑμᾶς
2504 1676 2563 1733 ἐκ
2585 1678 2783 1734 τούτου
2804 1675 3103 1753 ὠφελήσω.
3141 1704 3168 1732 ››
3229 1681 3357 1737 Ἐὰν
3414 1683 3520 1758 γὰρ
3564 1683 3638 1756 μή
3698 1684 3800 1740 λα-

2147 1764 2306 1838 λήσω
2341 1767 2707 1841 ὕμῖν,φησῖν,
2766 1762 2817 1822 ἓν
2879 1765 3246 1844 ἀποκαλύψει,
3288 1770 3562 1827 τουτέστιν
3619 1772 3801 1828 ιύσύν·

2147 1858 2287 1914 οπτά
2313 1877 2431 1912 τινα
2460 1857 2550 1913 καὶ
2581 1865 2724 1933 σοιοῆ
2758 1858 2850 1914 καὶ
2889 1859 3182 1933 νοούμενα,
3222 1883 3249 1916 ι
3306 1862 3377 1919 ’Ἠ
3430 1860 3482 1918 ἂν
3517 1863 3739 1939 γνώσει,
3776 1886 3804 1915 »ι

2143 1948 2445 2016 τουτέστιν,
2501 1947 2592 2002 ἳνα
2635 1949 2943 2023 γινώσκητε
2992 1945 3027 2004 ἄ
3098 1947 3266 2024 λέγω,
3327 1973 3357 2003 ‹‹
3416 1951 3451 2021 ἤ
3504 1950 3558 2007 ἐν
3592 1972 3805 2030 προφη-

2144 2036 2262 2109 τείᾳ
2293 2059 2321 2089 ››
2361 2033 2587 2111 (ταύτην
2618 2037 2722 2114 γὰρ
2753 2035 2938 2093 ἐνόουν
2994 2037 3129 2094 κατᾶ
3186 2041 3286 2110 τὴν
3344 2041 3531 2110 κοινὴν
3573 2042 3805 2116 ὁμιλίαν

2144 2123 2546 2200 λαλουμένην),
2583 2147 2611 2181 α
2640 2124 2676 2196 ἤ
2701 2125 2753 2181 ἐν
2788 2124 2993 2204 διδαχῇ
3053 2151 3083 2181 ››
3143 2129 3257 2202 (καὶ
3316 2129 3420 2206 γὶρ
3453 2131 3481 2185 ὁ
3532 2128 3806 2188 διδάσκων

2146 2212 2440 2285 σπουδάζει
2470 2219 2616 2270 νοεῖν
2645 2214 2773 2278 τοὺς
2807 2213 3234 2290 διδασκομένους
3260 2219 3329 2273 τὰ
3359 2215 3677 2295 λεγόμενα),
3701 2223 3806 2277 οὐκ

2143 2299 2359 2377 ἔσομαι,
2416 2304 2604 2380 φησὶν,
2666 2304 2794 2376 ὑμῖν
2855 2303 3170 2383 ἐπωφελῆς.
3214 2330 3242 2359 ‹‹
3290 2312 3358 2364 Ἦ
3415 2307 3467 2362 ἐν
3520 2309 3806 2365 ἀποκαλύ-

2144 2397 2254 2469 ψει.
2317 2419 2336 2446 ι
2393 2395 2476 2451 Τὰ
2523 2391 2642 2466 εἶ’δη
2707 2393 2855 2471 λέγει
2924 2400 3032 2451 τῶν
3097 2396 3150 2451 ὲν
3210 2395 3362 2473 λόγῳ
3417 2401 3802 2475 χαρισμάτων.

2141 2487 2319 2539 Ταῦτα
2346 2480 2404 2538 δὲ
2453 2481 2589 2553 ἐστι,
2620 2482 2875 2559 γλώσσας
2930 2484 3273 2559 ἓρμηνιύειν,
3332 2486 3421 2542 καὶ
3470 2490 3536 2544 τὰ
3595 2487 3802 2545 λαλούς

2147 2592 2282 2647 μενα
2329 2574 2456 2649 παρ’
2509 2575 2691 2629 αὐτῶν
2749 2573 3180 2643 ἀποκαλύπτειν,
3238 2577 3272 2646 ἢ
3353 2578 3648 2658 συνάμοῳ,
3707 2578 3802 2636 καὶ

2142 2661 2426 2739 γλώσσαις
2482 2661 2672 2719 λαλεῖν
2735 2662 2826 2719 καὶ
2885 2664 3313 2736 άποκαλύπτειι,
3373 2666 3404 2721 δ
3449 2668 3539 2724 καὶ
3597 2674 3800 2745 γνῶσιν

2144 2750 2325 2821 καλεῖ,
2367 2752 2451 2807 δτι
2485 2751 2649 2809 λαλεῖ
2699 2753 2790 2809 καὶ
2846 2753 3134 2831 ἑρμηνεύει
3194 2755 3268 2820 ὠς
3327 2754 3486 2820 εἰδὼς
3540 2758 3570 2813 ὅ
3626 2757 3800 2838 λέγει.

2146 2864 2173 2893 ‹‹
2208 2841 2278 2898 Ἦ
2308 2842 2672 2921 προφητεύειν
2704 2864 2734 2895 κ
2765 2844 2947 2916 (τοῦτο
2996 2841 3054 2899 δὶ
3112 2842 3282 2914 δῆλον
3337 2846 3390 2901 τι
3446 2845 3631 2921 ἕστιν)·
3666 2870 3693 2902 ι(
3726 2850 3802 2906 Ἥ

2146 2925 2439 2987 διδάσκειν.
2485 2955 2513 2983 ››
2541 2931 2766 3008 Ἕτερον
2800 2937 2963 2988 τοῦτο
3013 2934 3263 3010 χάρισμα
3318 2936 3466 3013 παρᾶ
3518 2937 3588 2993 τὰ
3643 2938 3801 3014 εἴρη-

2151 3018 2303 3095 μὲνα.
2338 3021 2513 3093 Φησῖν
2540 3021 2658 3080 οὗν.
2688 3021 2814 3079 Ἐὰν
2845 3017 2992 3078 ἔλθω
3022 3019 3169 3101 ἔχων
3204 3025 3301 3097 μὲν
3324 3026 3389 3081 τὸ
3421 3026 3670 3103 χάρισμα
3702 3033 3804 3084 τοῦ

2143 3108 2417 3185 γλώσσαις
2452 3109 2664 3181 λαλεῖν,
2702 3112 2779 3186 μὴ
2810 3109 2958 3189 ἔχων
2987 3110 3045 3168 δέ
3098 3134 3151 3169 τι
3184 3112 3325 3170 ἄλλο
3387 3118 3635 3193 χάρισμα
3690 3117 3801 3173 τῶν

3630 3211 3803 3270 Ομως

2148 3230 2452 3275 upupa-.va
2484 3230 2783 3278 τεσσαρων,
2812 3230 2867 3257 τι
2897 3230 3045 3258 enat
3076 3230 3205 3277 υμιν
3239 3230 3437 3282 οιρελος
3470 3232 3483 3273 ς
3519 3230 3545 3259 (‹
3630 3230 3802 3281 υμως

2148 3288 2217 3344 τὰ
2254 3286 2441 3366 ἄψυχα
2468 3291 2654 3369 ιρωνήν
2682 3287 2921 3351 διδόντα.
2958 3314 2987 3343 η
3032 3292 3134 3349 Καὶ
3189 3293 3265 3363 τί,
3321 3292 3476 3373 oneri,
3511 3294 3660 3372 λέγω
3715 3296 3802 3352 δτι

2150 3376 2446 3457 ἔφ’ἡμῖυν,
2493 3379 2557 3435 τὸ
2618 3380 2715 3454 μὶν
2770 3380 3065 3455 νοούμενον
3121 3380 3428 3462 ὠφέλιμον,
3484 3385 3546 3439 τὸ
3603 3383 3660 3441 δὶ
3721 3388 3798 3459 μή

2147 3466 2448 3540 νοούμενον
2506 3467 2778 3544 ἀκερδέςς
2839 3471 2938 3526 Καὶ
2975 3472 3078 3547 γὰρ
3130 3471 3220 3526 καὶ
3288 3471 3339 3527 ἐν
3391 3478 3511 3536 τοῖς
3562 3473 3804 3551 ἀψύχοις

2149 3556 2395 3631 ὀργάνοις
2425 3558 2586 3613 τοῦτό
2617 3578 2700 3621 τις
2743 3558 2913 3635 εὖροι.
2974 3559 3071 3617 Καὶ
3130 3560 3221 3617 ἐπὶ
3276 3562 3500 3639 κιθάρας
3552 3563 3651 3640 γὰρ
3708 3567 3801 3622 καὶ

2148 3646 2345 3713 αὐλοῦ,
2394 3648 2469 3720 μή
2504 3653 2824 3723 συγχεῖσθαι
2854 3650 2967 3729 χρή
3017 3649 3084 3705 τὰ
3144 3649 3431 3727 λεγόμενα.
3491 3652 3639 3710 Ἐπεὶ
3701 3653 3804 3712 οὐκ

2147 3732 2207 3790 ἄν
2240 3731 2374 3791 ποτε
2399 3753 2522 3791 τινα
2552 3738 3028 3813 ψυχαγωγήσειεν.
3065 3737 3127 3795 El
3162 3739 3255 3794 οὖν
3286 3739 3372 3796 ἐπὶ
3419 3744 3526 3796 τῶν
3589 3748 3801 3820 μικρῶν

2151 3823 2288 3899 μέγα
2316 3824 2352 3895 ἡ
2386 3826 2666 3902 σαφήνεια,
2696 3824 2851 3900 πόσῳ
2876 3826 3093 3900 μᾶλλον
3122 3826 3211 3883 ἐπὶ
3242 3832 3350 3885 τῶν
3379 3836 3798 3905 πνευματικῶν;

2150 3914 2293 3971 Κατὰ
2320 3914 2467 3986 τάξιν
2496 3915 2596 3990 γὰρ
2629 3917 2743 3992 χρὴ
2776 3919 3087 3992 κροτεῖσθαι
3117 3919 3184 3973 τὰ
3214 3915 3433 3997 ὄργανα,
3487 3922 3577 3976 καὶ
3635 3920 3799 3999 ἐνάρ-

2146 4013 2311 4079 θρως,
2344 4004 2477 4081 ὅπερ
2512 4003 2660 4079 λέγει
2699 4002 3019 4077 διαστολήν,
3079 4006 3247 4084 ⁴Ιῇγουν
3302 4009 3666 4089 παραλλαγὴν
3704 4015 3796 4069 καὶ

2143 4090 2459 4168 ιναλλαγήν
2489 4092 2712 4166 μάλους.

379 4185 539 4242 enim
571 4182 892 4241 ordinatim
926 4189 985 4238 et
1013 4179 1377 4239 articulatim
1406 4181 1648 4255 pulsare
1679 4192 1921 4254 organa,
1956 4181 2115 4253 quod
2144 4182 2444 4255 significat
2474 4179 2788 4256 διαστολήν,
2821 4187 2881 4242 id
2912 4194 3023 4259 est,
3050 4188 3495 4248 distinctionem
3528 4193 3647 4248 sive
3678 4192 3795 4249 dif-

369 4273 690 4332 ferentiam
720 4279 781 4330 et
809 4278 1018 4330 cantus
1048 4271 1553 4329 immutationem.

444 4364 687 4435 XlV,8-i
702 4366 788 4418 1·‹‹
801 4362 1035 4419 Etenim
1058 4360 1108 4419 si
1129 4362 1429 4418 incertum
1451 4374 1667 4417 sonum
1687 4359 1832 4417 tuba
1848 4357 2026 4417 dede-

372 4472 400 4501 α
433 4451 674 4527 rit,quis
700 4452 1088 4526 apparabitur
1099 4449 1174 4509 ad
1194 4446 1419 4507 bellum
1436 4447 1465 4505 i
1484 4449 1578 4506 Sic
1601 4455 1770 4507 etvos
1789 4450 1907 4507 nisi
1923 4467 2029 4524 per

369 4561 398 4592 ιι
430 4536 698 4617 linguam
735 4539 1127 4600 manifestum
1158 4552 1500 4595 sermonem
1530 4535 1837 4609 dederitis,
1862 4554 2018 4611 quo-

365 4654 391 4680 ‹‹
427 4629 604 4687 modo
636 4630 996 4704 intelligitur
1025 4627 1186 4701 quod
1216 4622 1479 4683 dicitur?
1509 4624 1686 4684 Eritis
1736 4627 1898 4685 enim
1956 4629 2017 4684 in

362 4741 391 4769 ‹‹
426 4734 565 4777 aera
594 4716 1081 4793 loquentesll‘am
1105 4713 1374 4783 multa,si
1398 4730 1495 4793 res
1514 4717 1910 4792 ferat,genera
1931 4736 2022 4774 so-

361 4829 390 4858 ‹‹
423 4823 641 4869 norum
657 4810 870 4866 suntin
883 4802 1443 4874 mundo,etnullum
1460 4803 1676 4863 horum
1691 4807 2012 4880 aphonum.

359 4918 387 4948 α
421 4897 479 4954 Si
512 4901 694 4973 igitur
721 4900 993 4956 nesciero
1023 4898 1143 4955 vim
1171 4896 1353 4964 vocis,
1386 4912 1487 4954 ero
1519 4896 1574 4955 ei
1619 4897 1719 4970 qui
1749 4896 2019 4969 loquitur

355 5009 385 5038 «
417 4984 707 5046 barbarus
743 5006 756 5043 :
789 4992 850 5045 et
882 4990 984 5061 qui
1012 4987 1298 5061 loquitur,
1332 4991 1444 5045 etc.

423 5166 509 5224 Ab
540 5162 831 5242 exemplis
854 5169 1117 5226 ostendit
1142 5182 1273 5242 quaa
1302 5166 1572 5241 potentia
1593 5167 1669 5223 sit
1699 5172 1760 5223 et
1777 5166 2007 5226 utilitas

350 5254 937 5327 manifestationis,et
957 5257 1077 5315 ait:
1103 5258 1227 5315 Non
1252 5254 1446 5314 solum
1469 5254 1632 5312 tibias
1657 5261 1715 5313 et
1735 5257 2001 5331 cythara,

2210 4371 2311 4427 Καὶ
2377 4370 2477 4449 γὰρ
2530 4366 2616 4427 ἐὰν
2671 4368 2883 4444 ἂδηλον
2969 4375 3154 4454 φωνὴν
3226 4375 3457 4454 σάλπιγξ
3543 4375 3645 4452 δῷ,
3711 4378 3795 4443 τίς

2136 4478 2598 4535 παρασκευασεται
2657 4459 2734 4526 εἲς
2798 4459 3045 4540 πόλεμον
3103 4487 3118 4538 ;
3196 4466 3371 4531 οὓτως
3454 4466 3544 4525 καὶ
3635 4470 3795 4545 ὑμεῖς

2134 4543 2222 4603 διὰ
2278 4558 2380 4620 τῆς
2432 4548 2692 4627 γλώσσης
2763 4551 2850 4609 ὲᾶν
2923 4554 2997 4627 μὴ
3087 4551 3331 4629 εὔσημον
3400 4554 3564 4634 λόγον
3625 4543 3787 4629 δῶτε,

2129 4642 2247 4701 πῶς
2333 4642 2706 4715 γνωσθήσεται
2789 4643 2851 4698 τὸ
2913 4642 3257 4720 λαλούμενον
3317 4665 3332 4716 ;
3385 4646 3605 4710 Ἐσεσθε
3680 4645 3783 4721 γὰρ

2128 4726 2204 4790 εἰς
2235 4726 2368 4804 ἀέρα
2423 4726 2744 4795 λαλοῦντες.
2803 4732 3069 4803 Τοσαῦτα,
3127 4733 3176 4789 εἶ’
3229 4736 3414 4812 τύχοι,
3472 4733 3598 4812 γένη
3662 4756 3781 4814 φω-

2126 4818 2232 4871 νῶν
2265 4814 2407 4873 ἐστιν
2441 4818 2493 4875 ἐν
2525 4820 2741 4897 κόσμῳ,
2772 4821 2864 4878 καὶ
2914 4820 3070 4880 οὐδὲν
3131 4820 3308 4881 αύτῶν
3369 4818 3599 4906 ἄφωνον.
3654 4823 3782 4882 Ἑᾶν

2126 4902 2217 4961 οὖν
2255 4909 2331 4982 μὴ
2401 4903 2531 4967 εἶδῶ
2579 4912 2678 4983 τήν
2738 4908 2967 4990 δύναμιν
3027 4920 3127 4985 τῆς
3181 4902 3639 4996 φωνῆςξὲσομαι
3702 4919 3784 4991 τῷ

2125 4995 2387 5055 λαλοῦντι
2422 4997 2727 5080 βάρϐαρος,
2756 5004 2849 5060 καὶ
2891 5006 2918 5061 ὁ
2951 5000 3141 5063 λαλῶν
3196 4995 3247 5060 ἓν
3306 5005 3430 5081 ἐμοὶ
3482 5001 3780 5084 βάρϐαρος,

2126 5086 2302 5151 οὕτως
2330 5088 2422 5145 καὶ
2455 5091 2634 5164 ὑμεῖς.

2191 5177 2287 5235 Ἐκ
2334 5184 2445 5235 τῶν
2487 5178 2948 5259 παραδειγμάτων
3011 5181 3246 5242 δείκνυσι
3303 5185 3385 5249 τίς
3436 5187 3471 5256 ἡ
3550 5182 3778 5262 δύναμις

2115 5263 2206 5322 καὶ
2239 5266 2272 5338 ἡ
2304 5264 2547 5349 ὠφέλεια
2576 5277 2677 5340 τῆς
2708 5271 3026 5346 σαφηνείας,
3084 5273 3175 5331 καί
3230 5297 3416 5349 φησιν·
3472 5276 3551 5334 Οὐ
3612 5274 3775 5351 μόνον

346 5342 449 5402 sed
483 5351 543 5403 et
571 5344 715 5404 tuba
743 5344 792 5403 si
818 5349 1114 5405 incertum
1147 5346 1289 5404 dent
1319 5360 1742 5413 sonum,nemo
1766 5347 1880 5401 erit
1898 5348 1999 5421 qui

2148 5351 2280 5444 ύλδς
2309 5342 2400 5413 καὶ
2430 5356 2646 5433 κιθάρα,
2680 5342 2958 5417 animi
3013 5342 3251 5440 σάλπιγξ
3292 5342 3403 5420 ’ἐὰν
3477 5361 3555 5437 δῷ
3588 5342 3777 5444 ρωνὴν

344 5433 416 5494 ad
449 5432 675 5497 bellum
704 5446 1074 5514 praeparetur
1102 5441 1265 5514 (nam
1296 5440 1592 5513 ponitur,«
1619 5437 1782 5509 Quis,
1810 5466 1837 5492 ››
1867 5458 1997 5518 pro,

341 5550 371 5579 ‹‹
401 5526 633 5604 Nullus,
667 5532 723 5603 κ)
752 5542 886 5588 cum
908 5524 1187 5587 videlicet
1218 5528 1527 5604 ignoretur
1557 5527 1701 5600 quid
1734 5531 1876 5589 tuba
1897 5551 1995 5594 ca-

2112 5442 2343 5523 ἆδηλον,
2376 5444 2558 5514 οὐδεὶς
2588 5444 2738 5506 ἔσται
2772 5449 2799 5505 ὀ
2851 5449 2926 5515 εἶς
2985 5452 3234 5530 πόλεμον
3294 5442 3773 5533 παραςκευανζόμε-

2103 5538 2305 5612 νος(τό
2335 5537 2462 5615 γὰρ,
2497 5564 2525 5593 κ
2588 5539 2711 5614 Τῖς,
2760 5566 2789 5594 ››

2853 5542 2965 5598 ἀντὶ
3024 5549 3145 5614 τοὺ,
3205 5543 3407 5615 οὐδεὶς,
3466 5571 3493 5598 ››
3550 5547 3774 5621 κεῖται),

335 5602 816 5711 natur._l)einde,
870 5635 950 5677 ne
1009 5602 1336 5691 dicant,'Et
1364 5614 1637 5691 quid‘ad
1697 5634 1807 5677 nos
1866 5620 1991 5682 haec

2144 5626 2479 5706 γνοουμένου
2512 5623 2858 5702 δηλαδήτοῦ
2900 5630 3313 5701 σαλπισθὲντος.
3346 5636 3503 5709 Εἶτα,
3554 5635 3651 5691 ’ἵνα
3692 5602 3771 5711 μοὶ

338 5707 1014 5784 exemplaisubjungit:
1042 5711 1134 5767 Sic
1161 5715 1221 5766 et
1249 5724 1351 5766 vos
1380 5708 1495 5766 nisi
1523 5708 1906 5770 manifestum
1933 5719 1992 5770 et

2144 5716 2329 5792 ἐγωσι,
2354 5719 2456 5778 Καὶ
2500 5719 2552 5776 τί
2580 5722 2720 5797 πρὸς
2751 5725 2900 5797 ἡμᾶς
2958 5728 3129 5782 ταῦτα
3185 5726 3253 5783 τὰ
3310 5707 3769 5802 παραδείγματαξ
