4118 6388
361 463 480 528 διε

1313 462 1729 531 GOMMENT.
1774 467 1854 527 IN
1899 464 2151 527 EPIST.
2201 464 2224 525 Ι
2270 464 2374 527 AD
2414 462 2786 526 CORlNTH.

3671 462 3792 527 846

360 571 570 650 ἀπάγευ
605 568 800 637 Οὕτως
842 572 936 628 καὶ
971 571 1149 645 ὑμεῖς,
1183 572 1230 630 εἰ
1265 574 1341 648 μὴ
1396 576 1539 653 σαφῆ
1577 574 1666 629 καὶ
1722 570 2022 644 νοούμενον

2161 573 2510 631 ntellectum
2539 570 2872 644 loquamini
2905 585 3265 632 sermonem.
3326 570 3515 640 eritis,
3567 570 3786 645 inquit.

363 664 558 734 εῗπητε
614 662 808 740 λόγον,
861 657 1065 731 ἳσεσθε,
1124 664 1314 744 φησὶν,
1371 665 1448 728 εἰς
1509 663 1642 740 ἀέρα
1700 660 2020 729 λαλοῦντες,

360 754 671 821 τουτέστιν,
717 750 840 821 είκῆ
906 751 997 807 καὶ
1060 752 1236 824 μάτην
1291 754 1383 808 καὶ
1437 753 1754 831 ἀνωφελῶς.
1819 749 1917 809 Καὶ
1976 749 2023 805 εὶ

365 839 645 919 ἀνωφελὲς
675 840 788 897 ὶστι
836 840 903 896 τὸ
932 844 1042 896 τῶν
1077 839 1345 916 γλωσσῶν
1377 840 1521 899 διατί
1556 841 1608 897 ἂν
1667 838 1802 897 εἷ’δει
1858 859 2022 915 χαρι-

368 951 574 1006 σματος
602 930 801 995 ταύτας
846 925 1162 1003 ἆλάμϐανον
1196 950 1212 1000 ;
1243 934 1362 990 Ἵνα
1399 932 1428 988 ὁ
1458 924 1604 1007 ἔχων
1663 931 1753 987 καὶ
1809 928 2026 997 λαλῶν,

368 1019 654 1102 ὦφιλῆται
688 1017 875 1093 μόνος.
910 1018 973 1077 Εἴ
1006 1017 1064 1074 δὲ
1096 1018 1294 1094 μὲλλοι
1323 1021 1412 1076 καὶ
1448 1021 1652 1096 ἕτεροις
1696 1018 1834 1075 εἶναι
1881 1019 2024 1093 χρή⁴

369 1131 553 1185 σιμος,
586 1107 878 1185 ἑρμηνείας
928 1112 1110 1188 χρεία,
1171 1109 1237 1179 ἢν
1297 1105 1610 1183 ἐλάμϐανον
1679 1110 1732 1163 οἱ
1809 1108 2023 1183 μᾶλλον

367 1198 786 1275 κεκαθαρμένον
820 1198 971 1255 Κατά
994 1200 1097 1268 τὴν
1137 1198 1435 1276 ἀναλογίαν
1492 1198 1592 1273 γὰρ
1647 1205 1750 1268 τῆς
1795 1197 2029 1261 πίστεως

366 1290 460 1346 καὶ
514 1292 617 1358 τῆς
668 1287 982 1364 καθάρσεως
1015 1331 1032 1357 ,
1086 1285 1331 1346 ἐδίδοντο
1386 1288 1477 1344 καὶ
1536 1287 1604 1343 τά
1688 1286 2025 1363 χαρίσματα.

374 1404 397 1431 ι
430 1381 702 1448 Τοσαῦτα,
724 1377 771 1433 εἰ
797 1377 988 1452 τύχοι,
1007 1378 1134 1453 γίνη
1157 1383 1375 1457 φωνῶν.
1403 1404 1428 1434 ε
1455 1382 1725 1444 Τοσαῦτα,
1754 1376 2027 1444 τουτέστι,

364 1467 578 1539 πολλὰ,
610 1466 770 1546 φησὶ,
797 1467 978 1530 καθὼς
1007 1460 1198 1543 ἔτυχεν
1266 1463 1396 1523 ὄντα
1450 1465 1580 1543 γὶνη
1639 1469 1831 1545 φωνῶν
1882 1457 2026 1519 ἕστίν

367 1558 642 1634 ὶμψῦχων
697 1577 757 1613 τε
822 1557 914 1613 καὶ
975 1556 1234 1633 ἀψύχων,
1292 1559 1433 1630 οἷον,
1485 1557 1813 1632 ἀνογώπων,
1872 1555 2030 1625 ζώων

367 1652 613 1720 πτηνῶν.
660 1645 765 1704 Καὶ
814 1644 1047 1721 ἀψύχων
1108 1646 1374 1724 ὀργάνων,
1433 1646 1552 1701 οἶον
1610 1642 1780 1720 λύρας
1840 1662 2033 1717 μουσι-

371 1744 503 1809 κῆς,
534 1734 768 1806 ναοόλης,
796 1734 889 1791 καὶ
932 1734 1149 1812 ἑτάρων.
1208 1733 1368 1793 Ἀλλ’
1388 1732 1515 1791 οὖδὶ
1541 1734 1595 1805 ἑξ
1625 1734 1742 1795 hoc
1795 1733 2031 1805 τούτων⁹

378 1827 544 1906 φησὶν
584 1825 898 1905 ὠφεληθείη
928 1844 1036 1894 τις,
1085 1825 1134 1881 εἰ
1195 1826 1271 1899 μή
1332 1821 1502 1896 εἰδείη
1534 1825 1634 1892 τὴν
1664 1819 1896 1896 δύναμιν
1932 1826 2034 1890 τῆς

381 1923 593 1995 φωνῆς.
624 1917 930 1991 Τοιγαροῦν
981 1913 1108 1970 οὐδὲ
1139 1912 1200 1970 ἐκ
1270 1918 1377 1969 τῶν
1440 1912 1713 1988 ὑμετίρων
1766 1909 2035 1987 γλωσσῶν

382 2004 624 2083 ὠφελειά
648 2025 732 2066 τις
762 2004 839 2066 εἰς
877 2001 1087 2065 ἄλλους
1118 1998 1460 2075 διαϐήσεται,
1489 2002 1538 2058 εἶ
1572 2002 1649 2076 μὴ
1703 1997 1872 2070 εἰδείη
1929 1998 2031 2067 τήν

379 2092 613 2168 δύναμιν
642 2097 739 2150 τοῦ
773 2091 1144 2166 λαλουμὲνου.
1173 2095 1365 2150 “Eata:
1420 2089 1478 2148 δι
1505 2095 1693 2160 τοῦτο,
1744 2088 1836 2145 ἐὰν
1891 2085 2032 2162 διερ-

379 2184 627 2259 μηνεῦῃς
658 2182 845 2240 λαλῶν
875 2180 1177 2256 γλώσσαις.
1229 2181 1606 2258 Διερμηνεύσῃ
1641 2177 1721 2250 δὶ,
1752 2178 1799 2235 εἶ
1837 2176 2027 2233 κλεῖον

377 2271 630 2344 ἄληπτον
669 2271 792 2348 βίον
817 2271 908 2326 καὶ
938 2270 1121 2327 πίστιν
1147 2271 1355 2345 θερμὴν
1388 2268 1788 2344 πεπωρωμένην
1827 2269 2027 2343 κτήσῃ.

376 2396 451 2411 --
476 2363 695 2438 [ΦΩΤ.]
722 2362 820 2431 Τὸ,
866 2385 894 2414 α
944 2365 1192 2419 Τοσαῦτα
1228 2359 1361 2437 γένη
1393 2364 1612 2442 φωνῶν.
1655 2383 1684 2411 ››
1737 2357 1828 2415 καὶ
1883 2358 2032 2431 ὶξῆς,

378 2450 561 2529 δῖχῶς
588 2449 729 2515 ἔστι,
765 2449 862 2507 Καὶ
891 2448 1100 2506 τοῦτῶν
1126 2455 1236 2507 τῶν
1281 2454 1451 2525 γενῶν
1502 2445 1655 2505 οὐὸἆν
1684 2447 1828 2505 ἕστιν
1881 2444 2032 2524 ἄφωο

377 2563 498 2610 νον,
581 2535 852 2599 ἰκλαϐεῖν·
949 2538 985 2610 ἢ
1069 2538 1155 2595 ὅτι
1232 2536 1423 2597 πολλά
1477 2537 1591 2595 ἐστι
1634 2538 1761 2616 γίνη
1821 2539 2034 2617 φωνῶν,

378 2630 509 2691 ἀλλ’
540 2628 771 2705 οὐδεμία
798 2633 916 2692 τοῖς
948 2628 1271 2705 ὁμογενέσιν
1302 2629 1480 2685 αὐτῶν
1511 2627 1655 2685 ἑστιν
1682 2627 1897 2702 ἄσημος
1945 2627 2034 2682 καὶ

379 2720 803 2798 ἀνεπίγνωστος.

452 3000 532 3057 Τό
564 2998 667 3075 γὰρ
697 2996 935 3079 ἄφωνον,
964 2997 1034 3054 τὰ
1062 2994 1159 3053 δύο
1202 2996 1316 3055 ἔστι
1371 3004 1644 3072 σημαῖνον
1701 2998 1894 3074 εὑρεῖν,
1947 2996 2039 3052 καὶ

379 3094 446 3148 τὸ
477 3086 761 3152 παντελῶς
789 3088 1030 3167 ἄφωνον,
1059 3089 1150 3144 καὶ
1189 3090 1251 3144 τὸ
1296 3088 1512 3164 ἄσημον
1548 3087 1715 3163 μόνον
1741 3088 1832 3146 καὶ
1888 3083 2044 3142 ἀδιά-

381 3196 652 3258 γνωστον.
683 3179 749 3235 Εἰ
798 3179 893 3254 μὲν
953 3178 1069 3247 οὗν,
1130 3179 1204 3241 ὡς
1253 3178 1601 3255 προείρηται,
1660 3172 2037 3252 ἂκληψόμεθα,

387 3269 480 3338 ah)
512 3267 576 3323 ’ἀν
605 3270 849 3330 τοιοῦτος
879 3268 908 3323 ὁ
939 3266 1308 3331 ἀποστολικὸς
1332 3274 1481 3331 νοῦς·
1516 3266 1714 3324 Πολλά
1751 3265 1862 3323 ἔστι
1904 3264 2035 3343 γένη

385 3362 610 3436 φωνῶν,
640 3357 727 3413 καὶ
767 3358 978 3413 τούτων
1022 3363 1130 3413 τῶν
1170 3362 1360 3435 γενῶν,
1394 3356 1550 3414 οὐδέν
1604 3357 1747 3414 ἐστιν
1804 3354 2037 3435 ἄφωνον.
2069 3332 2114 3403 c

382 3445 571 3505 Ἀλλὰ
598 3446 650 3503 τί
679 3444 1034 3523 κερδαίνομεν
1061 3450 1228 3523 ἡμεῖς
1268 3448 1328 3505 εκ
1377 3452 1485 3505 τῶν
1544 3454 1738 3527 φωνῶν
1795 3447 2041 3518 εκείνων,

388 3534 563 3612 μήδὲν
590 3536 771 3593 αὐτῶν
822 3536 1089 3602 συνιέντες
1122 3557 1136 3607 ;
1194 3538 1325 3595 Ἐὰν
1353 3540 1458 3615 γὰρ
1492 3540 1569 3613 μή
1600 3535 1732 3594 εἰδῶ
1758 3536 1812 3594 τί
1836 3538 2046 3610 σημαί-

383 3647 463 3684 νει
494 3629 531 3697 ἡ
573 3628 754 3705 φωνὴ,
815 3623 1009 3701 ἔσομαι
1044 3626 1152 3705 ἐγώ
1181 3647 1241 3683 τε
1269 3626 1483 3701 ἐκείνῳ,
1529 3628 1619 3683 καὶ
1678 3629 1881 3689 ἐκεῖνος
1919 3626 2045 3699 ἐμοὶ

392 3712 689 3792 βάρϐαρος.
726 3716 791 3773 Ei
822 3713 902 3787 δὶ,
960 3717 1036 3779 ὡς
1091 3716 1317 3793 ὕστερον
1371 3716 1604 3792 ἐρρήθη,
1665 3715 2044 3791 ἰκληψόμεθα,

395 3804 487 3860 καὶ
520 3806 549 3860 ὁ
569 3809 687 3868 νοῦς
715 3809 992 3868 τοιοῦτος’
1028 3804 1224 3862 ῐίολλά
1246 3803 1378 3882 γένη
1413 3806 1523 3862 ἑστι
1554 3810 1751 3884 φωνῶν
1777 3804 1831 3861 ἰν
1853 3807 2048 3879 κόσμῳ

392 3894 486 3950 καὶ
515 3891 666 3950 οὐδὲν
720 3893 930 3950 τούτων
983 3894 1095 3950 ἐστὶ
1148 3901 1264 3958 τοῖς
1320 3896 1640 3971 ὁμογενέσιν
1693 3891 1909 3969 ἄσημον
1955 3893 2045 3950 καὶ

386 3983 814 4060 ἀνεπίγνωστον.
858 3989 982 4049 Πῶς
1038 3981 1130 4040 οῦν
1192 3984 1349 4060 ὑμεῖς
1409 3982 1487 4049 εἷς
1541 3984 1669 4061 ἀέρα
1725 3984 2045 4054 λαλοῦντες,

392 4073 485 4129 καὶ
515 4074 708 4148 ἀσημα
738 4079 854 4137 τοῖς
906 4069 1196 4148 ὁμογενέσι
1254 4074 1636 4152 φθεγγόμενοι,
1697 4075 1772 4140 ὡς
1829 4073 1965 4149 μέγα
1993 4092 2048 4130 τι

391 4166 821 4241 κατωρθωκότες
907 4166 1242 4240 lampadis;
1319 4163 1452 4225 ἀλλ’
1511 4164 1649 4243 οὖχῖ
1720 4163 2051 4236 σπουδάζετε

395 4254 613 4331 μᾶλλον
641 4258 732 4312 καὶ
761 4255 1133 4331 ἐπιμελεῖσθε,
1164 4255 1259 4313 ’ίνα
1308 4258 1400 4313 καὶ
1455 4259 1518 4314 τὸ
1549 4252 1923 4336 διερμήνεύειν
1951 4258 2049 4320 τὰς

390 4346 652 4424 γλώσσας
700 4342 1130 4421 προσλαϐόντες,
1165 4344 1242 4410 εἷς
1290 4350 1480 4419 κοινὴν
1539 4346 1807 4427 ὠφέλειαν
1835 4348 2051 4423 χρήση-

396 4439 489 4493 σθε
516 4442 601 4511 τῷ
627 4438 939 4514 χαρίσματι
971 4454 987 4507 ς
1039 4439 1101 4496 Ὁ
1158 4437 1268 4515 γὰρ
1308 4434 1377 4506 δὴ
1431 4436 1597 4511 μόνον
1638 4437 1918 4516 γλώσσαις
1950 4434 2056 4492 λα-

395 4526 532 4597 λῶν,
581 4526 806 4600 ἀστςμοο
860 4527 954 4582 καὶ
1011 4528 1416 4603 ἀνεπιγνώστου
1492 4534 1593 4597 τῆς
1643 4533 1831 4604 φωνῆς
1883 4528 2052 4600 ὑπαρ-

2135 662 2196 719 in
2254 678 2395 721 aera
2460 661 2797 732 loquentes,
2851 659 2963 716 hoc
3034 664 3146 727 est,
3221 659 3442 719 frustra
3513 666 3573 717 et
3642 679 3789 721 vane

2130 765 2200 808 ac
2256 751 2385 807 sine
2443 750 2722 809 utilitate.
2782 749 2961 822 Atqui
3019 749 3068 807 si
3125 749 3295 809 nulla
3360 755 3487 807 erat
3554 751 3789 823 lingua—

2130 857 2265 899 rum
2294 840 2545 908 utilitas,
2568 856 2753 912 quare
2788 840 2897 899 has
2918 840 2981 898 in
3008 839 3201 897 forma
3219 840 3360 899 doni
3392 840 3791 913 accipiebant.

2133 932 2205 987 Ut
2233 931 2334 1002 qui
2365 947 2466 987 eas
2486 929 2745 989 habebat
2771 930 2966 1002 iisque
2985 929 3365 1002 loquebatur,
3389 930 3552 987 solus
3574 931 3795 989 utilita-

2134 1027 2253 1075 tem
2284 1020 2602 1092 acciperet.
2634 1019 2799 1085 Quod
2834 1020 2882 1075 si
2916 1026 2976 1077 et
3003 1020 3139 1079 aliis
3186 1020 3422 1078 futurus
3452 1027 3581 1078 erat
3604 1020 3790 1087 utilis,

2134 1125 2283 1181 opus
2313 1113 2442 1165 erat
2498 1107 2990 1180 interpretatione
3041 1124 3220 1180 quam
3269 1107 3642 1181 accipiebant
3690 1109 3789 1181 qui

2133 1198 2323 1271 magis
2353 1196 2649 1269 purificati
2674 1202 2848 1253 erant
2873 1198 3018 1254 Nam
3040 1198 3216 1268 juxta
3245 1197 3383 1253 lidei
3414 1213 3484 1253 ac
3514 1199 3793 1270 puriﬁca-

2138 1286 2320 1341 tionis
2340 1285 2811 1358 proportionem,
2838 1285 3136 1343 dabantur
3154 1291 3215 1342 et
3232 1286 3559 1343 donn.'l‘am
3582 1286 3793 1356 multa,

2137 1376 2186 1431 si
2215 1391 2312 1431 res
2331 1375 2509 1440 ferat,
2540 1391 2761 1448 genera
2799 1392 3087 1433 sonorum
3109 1380 3368 1445 τοσαῦτα,
3399 1376 3460 1433 id
3493 1383 3606 1442 est,
3661 1377 3793 1450 plu-

2135 1464 2310 1530 rima,
2345 1465 2500 1521 sicut
2529 1465 2767 1532 accidit,
2810 1471 2954 1521 sunt
2978 1482 3198 1539 genera
3229 1482 3536 1536 sonorum,
3560 1468 3794 1523 anima-

2139 1560 2333 1609 torum
2365 1560 2425 1610 et
2453 1554 2924 1611 inanimatorum
2959 1572 2973 1610 :
3008 1561 3152 1627 puta
3179 1556 3515 1625 hominum,
3565 1556 3795 1613 belluae

2138 1660 2292 1713 rum,
2324 1643 2630 1699 volucrum
2660 1661 2672 1698 :
2708 1651 2768 1700 et
2793 1645 3197 1700 inanimorum
3229 1646 3792 1713 instrumentorum,

2137 1748 2354 1804 nempe
2385 1733 2529 1804 lyra
2555 1734 2884 1801 musicalis,
2917 1735 3112 1790 nauis
3137 1750 3207 1790 ac
3236 1735 3731 1792 caaterorumﬁed
3762 1751 3799 1791 a

2138 1823 2329 1883 nullo.
2363 1824 2581 1894 inquit,
2632 1824 2847 1881 horum
2879 1824 3063 1881 refert
3091 1825 3391 1897 quispiam
3447 1826 3796 1893 utilitatem,

2142 1912 2259 1968 nisi
2290 1913 2407 1968 vim
2455 1912 2589 1968 soni
2638 1919 2976 1983 cognoscat.
3000 1915 3208 1986 Itaque
3253 1930 3449 1987 neque
3476 1932 3545 1971 ex
3579 1914 3801 1989 linguis

2138 2002 2349 2058 vestris
2395 2001 2523 2058 ulla
2576 2003 2856 2060 transibit
2913 2003 2988 2059 ad
3037 2004 3189 2059 alios
3246 2005 3497 2066 utilitas.
3531 2005 3647 2060 nisi
3679 2004 3797 2061 vim

2141 2097 2460 2165 cognoscat
2514 2092 2646 2164 ejus
2704 2091 2865 2163 quod
2915 2092 3155 2149 dicitur.
3191 2093 3313 2149 Erit
3358 2100 3561 2150 autem
3604 2095 3717 2150 hoc
3746 2094 3798 2149 si

2142 2181 2592 2252 interpreteris;
2652 2182 3144 2254 interpretaberis
3194 2190 3392 2239 autem
3442 2184 3492 2239 si
3535 2185 3795 2257 amplius

2142 2270 2509 2326 nanciscaris
2530 2270 2709 2327 vitam
2733 2271 3112 2344 inculpatum,
3138 2272 3440 2345 iidemque
3471 2274 3794 2330 ferventem

2143 2364 2203 2416 et
2231 2359 2500 2433 ignitam.
2532 2390 2606 2404 --
2627 2359 2796 2427 Quod
2823 2362 2911 2417 ait
2938 2378 2954 2417 :
2980 2384 3008 2413 ››
3040 2363 3182 2418 Tam
3215 2363 3402 2420 multa
3446 2378 3667 2437 genera
3695 2380 3796 2419 vo-

2144 2466 2333 2507 cum»
2372 2449 2493 2505 sive
2542 2472 2572 2501 κ
2626 2465 2992 2518 sonorum,»
3052 2457 3189 2517 etc.,
3239 2452 3561 2525 dupliciter
3605 2454 3795 2527 accipi

2144 2544 2360 2612 potest.
2420 2541 2539 2595 Aut
2592 2540 2753 2612 quod
2808 2541 3000 2598 multa
3051 2547 3193 2598 sunt
3230 2557 3450 2615 genere
3475 2557 3707 2599 vocum.
3737 2549 3800 2601 et

2145 2628 2382 2685 nullum
2411 2628 2627 2684 horum
2655 2622 2943 2702 generum
3002 2637 3095 2686 est
3149 2632 3454 2704 aphonum
3510 2638 3613 2689 aut
3668 2633 3799 2690 sine

2146 2734 2289 2775 voce
2320 2734 2335 2786 ;
2367 2719 2459 2775 vel
2487 2719 2646 2790 quod
2677 2721 2869 2777 multa
2892 2722 3044 2779 551
3081 2728 3224 2778 sunt
3249 2737 3469 2796 genera
3497 2729 3803 2790 vocum,et

2147 2808 2318 2865 nulla
2347 2807 2561 2865 horum
2583 2808 2837 2867 obscura
2866 2816 2958 2867 est
2996 2817 3101 2867 aut
3142 2812 3352 2885 ignota
3383 2813 3476 2869 his
3505 2814 3609 2884 qui
3639 2812 3804 2885 ejus-

2148 2898 2285 2955 dem
2316 2897 2477 2955 inter
2506 2915 2569 2955 se
2601 2906 2741 2956 sunt
2765 2901 3023 2973 generis.

2220 2997 2365 3051 Nam
2396 2992 2614 3071 ἄφωνον
2661 2996 2781 3053 duo
2826 2997 2953 3052 haec
3002 2997 3336 3071 signiﬁcare
3378 2998 3699 3064 invenitur,
3744 3002 3805 3055 et

2149 3083 2310 3156 quod
2356 3083 2679 3141 obscurum
2712 3089 2945 3142 tantum
2974 3093 3069 3142 est
3092 3092 3150 3142 et
3181 3088 3567 3161 incognitum.
3596 3087 3802 3161 Itaque

2149 3173 2199 3230 si
2225 3179 2292 3230 ut
2318 3175 2484 3246 prius
2525 3176 2748 3232 dictum
2777 3182 2890 3240 est,
2929 3178 3426 3249 intellexerimus,
3478 3177 3613 3234 talis
3672 3193 3803 3235 esse

2148 3264 2367 3336 poterit
2413 3280 2628 3321 sensus
2677 3266 2984 3338 Apostoli:
3039 3269 3227 3324 multa
3277 3274 3415 3324 sunt
3457 3280 3677 3341 genere
3701 3282 3803 3324 vo-

2151 3369 2309 3425 cum,
2334 3361 2398 3411 et
2424 3356 2656 3413 nullum
2681 3357 2897 3414 borum
2916 3375 3198 3432 generum
3225 3358 3528 3433 aphonum
3556 3365 3646 3415 est
3669 3359 3804 3416 :sed

2154 3446 2456 3518 quodnam
2486 3446 2659 3504 nobis
2687 3449 2921 3507 lucrum
2953 3467 2989 3505 a
3025 3450 3266 3506 vocibus
3316 3450 3433 3506 illis
3476 3452 3806 3525 proveniet,

2156 3538 2206 3592 si
2233 3538 2383 3594 nihil
2424 3536 2641 3597 horum
2672 3538 3077 3615 intelligamus
3108 3540 3137 3596 ?
3158 3541 3307 3599 Nam
3339 3542 3388 3598 si
3421 3557 3544 3598 non
3587 3557 3806 3614 cogno-

2156 3643 2296 3685 vero
2325 3628 2468 3702 quid
2499 3645 2604 3686 vox
2634 3631 2947 3707 signiﬁcet,
2974 3648 3075 3688 ero
3109 3639 3169 3688 et
3198 3649 3303 3707 ego
3336 3633 3423 3689 illi
3458 3640 3516 3689 et
3537 3631 3634 3689 ille
3660 3632 3807 3689 mihi

2156 3718 2464 3776 barbarus.
2498 3719 2556 3776 Si
2581 3737 2719 3777 vero
2747 3728 2816 3779 ut
2845 3724 3142 3795 posterius
3173 3722 3399 3779 dictum
3430 3729 3540 3787 est,
3573 3738 3810 3794 accepe-

2158 3808 2366 3875 rimus,
2416 3807 2552 3865 talis
2598 3809 2778 3867 etiam
2813 3810 2927 3869 erit
2972 3810 3332 3868 intellectus.
3367 3812 3549 3869 Multa
3589 3826 3811 3885 genera

2156 3915 2363 3956 vocum
2388 3904 2528 3955 sunt
2556 3899 2618 3955 in
2644 3898 2893 3962 mundo.
2919 3905 2977 3957 et
2998 3900 3232 3957 nullum
3254 3902 3469 3958 horum
3490 3900 3809 3958 obscurum

2159 3995 2248 4046 est
2277 3995 2379 4045 aut
2408 3988 2773 4062 incognitum
2806 3989 2900 4045 his
2932 3989 3032 4062 qui
3064 3990 3334 4061 ejusdem
3369 3992 3526 4046 inter
3557 4007 3618 4047 se
3674 3994 3813 4046 sunt

2159 4080 2414 4153 generis,
2443 4077 2742 4150 quomodo
2792 4096 2930 4153 ergo
2974 4097 3074 4136 vos
3106 4079 3167 4135 in
3202 4095 3343 4137 aera
3382 4080 3719 4152 loquentes,
3755 4086 3814 4137 et

2161 4170 2359 4244 ignota
2389 4168 2482 4224 his
2514 4169 2614 4240 qui
2645 4166 2826 4225 vestri
2858 4175 3000 4227 sunt
3028 4170 3262 4243 generis
3292 4169 3814 4241 sonantes,cristas

2162 4257 2408 4331 erigitis,
2442 4274 2511 4315 ac
2541 4261 2592 4315 si
2613 4275 2890 4333 magnum
2925 4259 3148 4331 aliquid
3167 4261 3548 4335 peregissetis
3565 4258 3596 4316 τ
3617 4267 3817 4318 etnon

2163 4350 2351 4422 magis
2382 4349 2633 4405 studetis
2665 4353 2768 4405 aut
2805 4349 3048 4420 curatis,
3081 4354 3167 4416 ut,
3201 4354 3444 4425 accepta
3479 4351 3817 4424 linguarum

2164 4436 2679 4511 interpretatione,
2729 4436 2803 4494 ad
2854 4454 3232 4496 communem
3282 4440 3605 4497 utilitatem
3662 4438 3818 4497 dono

2163 4526 2471 4583 utamini?
2503 4528 2644 4583 Nam
2679 4528 2780 4599 qui
2812 4533 3046 4585 tantum
3075 4528 3299 4601 linguis
3326 4528 3616 4601 loquitur,
3645 4531 3693 4585 si
3714 4529 3817 4585 ob-

397 4616 613 4693 χο·5σης
669 4619 751 4688 τῷ
806 4616 1074 4690 ἀκροατῆ,
1114 4615 1230 4672 ἀντὶ
1258 4620 1360 4671 τοῦ
1397 4613 1652 4693 ὠφελεῖν,
1702 4609 1851 4671 ἔσται
1906 4614 2042 4688 αὐτᾷ

2166 4631 2339 4672 scura
2364 4620 2424 4670 et
2452 4615 2756 4689 incognita
2775 4614 2853 4693 sit
2880 4632 2993 4672 vox
3026 4615 3305 4688 auditori,
3339 4633 3474 4675 cum
3532 4616 3818 4691 prodesse

399 4700 679 4783 βειῖἕθ¹έ⁵¹¹¹ρος
709 4704 799 4760 καὶ
830 4705 861 4761 δ
898 4705 1177 4781 ἀκροατὴς
1242 4703 1454 4781 ὁμοίως
1481 4709 1562 4778 τῷ
1629 4702 1884 4761 λαλοῦντι
1920 4704 2042 4780 βάρ.

2168 4704 2431 4769 deberet,
2464 4706 2578 4760 erit
2607 4704 2659 4761 ei
2703 4703 3015 4777 barbarus,
3050 4712 3105 4762 et
3155 4706 3392 4763 auditor
3439 4704 3718 4763 similiter
3764 4704 3819 4761 ei

397 4790 571 4870 ϐαρος
626 4793 1023 4872 λογισθήσεται
1058 4838 1073 4853 .
1131 4800 1229 4851 lion
1307 4794 1361 4849 τὶ
1411 4794 1475 4850 τὸ
1531 4793 1764 4850 ἆντεῦθεν
1817 4790 2059 4870 κέρδοςς

400 4907 432 4937 α
473 4881 599 4939 Ἐὰν
630 4883 721 4939 οῦν
752 4886 829 4959 μή
863 4880 995 4940 εἰδῶ
1017 4885 1118 4955 τήν
1142 4881 1372 4957 δύναμιν
1423 4890 1527 4955 τῆς
1577 4891 1783 4962 φωνῆς.
1822 4907 1852 4938 »
1908 4884 2058 4941 Εἰσὶν

400 4971 501 5029 οὗν
537 4972 723 5048 μορίαι
757 4974 932 5049 φωναὶ
980 4971 1036 5028 ἂν
1095 4978 1176 5048 τῷ
1216 4973 1429 5048 κόσμῳ.
1476 4973 1599 5033 Ἐἀν
1643 4975 1743 5030 οὖν
1805 4976 1881 5046 μὴ
1943 4972 2062 5030 οῖδα

396 5064 502 5132 τήν
533 5060 763 5137 δύναμιν
794 5071 897 5134 τῆς
928 5066 1111 5143 φωνῆς
1140 5066 1438 5135 τουτέστιν,
1472 5063 1561 5119 ἐὰν
1594 5064 1673 5139 μὴ
1730 5061 1856 5120 οἴδα
1881 5064 1935 5118 τί
1967 5062 2065 5120 λα·-

399 5152 514 5221 λεῖ,
559 5151 797 5227 ἐσόμεθα
825 5151 1103 5222 ἀλληλοις
1162 5148 1456 5230 Βάρϐαροι,
1507 5152 1571 5209 οὐ
1607 5153 1754 5229 παρὰ
1804 5155 1911 5223 τήν
1962 5160 2066 5224 τῆς

402 5247 592 5319 φωνῆς
612 5243 829 5313 κακίαν,
859 5240 1010 5299 ἀλλὰ
1039 5244 1188 5319 παρὰ
1216 5245 1316 5313 τὴν
1345 5244 1509 5317 ἡμῶν
1537 5238 1780 5319 ἄγνοιαν.
1826 5267 1849 5294 ι
1873 5239 2064 5306 Οὕτως

402 5331 497 5388 καὶ
530 5331 711 5404 ὑμεῖς.
746 5353 775 5383 υ
815 5329 1029 5400 Οὕτως,
1061 5336 1181 5394 πῶς
1216 5350 1230 5402 ;
1278 5334 1485 5407 Ὥσπερ
1542 5332 1597 5388 οἳ
1648 5328 1946 5395 λαλοῦντες
1975 5333 2065 5388 καὶ

406 5420 488 5495 μή
521 5422 835 5494 νοούμενοι,
875 5422 969 5477 καί
1013 5418 1103 5477 διὰ
1144 5424 1307 5478 τοῦτο
1339 5417 1488 5485 ὄντες
1522 5422 1734 5485 ἑαυτοῖς
1771 5416 2067 5496 Βάρϐαροι,

402 5510 586 5574 οὕτως
615 5511 709 5566 καὶ
745 5512 927 5585 ὑμεῖς·
960 5511 1077 5568 ἀντὶ
1114 5516 1235 5580 τοῦ,
1278 5512 1375 5568 Διά
1424 5516 1588 5567 τοῦτο
1615 5508 1706 5567 καὶ
1746 5508 1925 5586 ὑμεῖς.
1977 5512 2073 5566 Διὰ

402 5605 569 5657 ποῐον
604 5618 621 5669 ;
653 5598 746 5656 ἵνα
780 5602 857 5674 μή
890 5600 989 5671 ἦτε
1018 5598 1304 5672 ἀλλήλοις
1333 5596 1624 5677 βάρϐαροι.
1653 5601 1751 5657 Διά
1787 5604 1953 5659 τοῦτο
1981 5598 2076 5656 οῦν

403 5691 498 5748 καὶ
518 5692 709 5765 ὑμεῖς,
771 5690 890 5748 ἕπει
940 5688 1233 5767 ἐπιθυμίαν
1286 5689 1442 5768 ἔχετε
1497 5692 1878 5767 χαρισμάτων,
1938 5690 2075 5746 iuste

2171 4794 2271 4869 qui
2301 4795 2568 4866 loquitur
2587 4792 2965 4866 reputabitur
3007 4794 3297 4851 barbarus
3328 4813 3343 4850 :
3377 4798 3437 4849 et
3473 4791 3631 4865 quod
3677 4793 3821 4850 inde

2169 4886 2401 4942 lucrum
2433 4881 2592 4940 erit?
2621 4905 2649 4933 «
2676 4882 2734 4939 Si
2764 4882 2944 4955 igitur
2966 4883 3237 4941 nesciero
3259 4884 3375 4941 vim
3398 4885 3577 4940 vocis.
3612 4905 3640 4936 η
3674 4884 3827 4940 Sunt

2174 4990 2311 5048 ergo
2367 4971 2699 5029 innumera;
2748 4988 2920 5029 voces
2977 4971 3037 5029 in
3096 4973 3345 5031 mundo.
3385 4975 3591 5046 Itaque
3622 4972 3825 5030 sinon

2175 5064 2359 5121 sciam
2392 5062 2508 5118 vim
2538 5061 2717 5131 vocis,
2751 5059 2864 5118 hoc
2894 5066 3004 5128 est,
3038 5063 3087 5119 si
3118 5063 3382 5119 nesciam
3442 5062 3585 5137 quid
3637 5063 3827 5136 loqui-

2177 5162 2292 5223 tur,
2352 5154 2575 5210 erimus
2625 5153 2799 5209 nobis
2846 5158 3054 5209 mutuo
3092 5152 3330 5210 barbari
3365 5172 3378 5222 ;
3411 5170 3532 5211 non
3562 5151 3637 5210 ob
3669 5154 3829 5211 vocis

2178 5245 2406 5312 vitium,
2440 5243 2545 5300 sed
2575 5241 2649 5298 ob
2679 5242 3075 5315 ignorantiam
3100 5248 3387 5300 nostram.
3412 5245 3553 5302 «Ita
3581 5248 3641 5300 et
3669 5259 3827 5301 vos.-

2180 5336 2284 5391 lta.
2317 5336 2586 5400 Quonam
2618 5330 2795 5388 modo
2816 5330 3021 5389 ?Sicut
3052 5333 3153 5404 qui
3171 5332 3502 5405 loquuntur
3530 5346 3639 5391 nec
3658 5333 3834 5390 intel-

2181 5424 2465 5496 liguntur,
2496 5426 2553 5477 et
2605 5418 2738 5476 ideo
2789 5419 2901 5476 sibi
2941 5425 3150 5477 mutuo
3182 5427 3319 5478 sunt
3350 5421 3625 5479 barbari:
3661 5421 3743 5478 ita
3774 5426 3834 5477 et

2184 5530 2305 5581 vos,
2338 5512 2399 5569 id
2440 5518 2549 5579 est,
2597 5517 2915 5584 propterea
2953 5516 3011 5567 et
3056 5528 3178 5569 vos.
3230 5513 3479 5589 Propter
3507 5511 3649 5585 quid
3675 5510 3704 5567 ?
3756 5526 3833 5567 ne

2187 5603 2350 5661 scitis
2380 5600 2547 5658 vobis
2578 5600 2831 5657 invicem
2863 5600 3126 5669 Barbari,
3171 5602 3491 5675 Propterea
3542 5600 3722 5674 igitur
3777 5604 3837 5656 et

2187 5708 2332 5751 vos:
2390 5690 2673 5765 quoniam
2730 5690 2888 5748 dona
2943 5690 3385 5764 concupiscitis,
3436 5688 3538 5747 illa
3594 5688 3834 5764 assequi

403 5785 742 5857 νωντοχεῖν
783 5780 1125 5857 ἀγωνίσασθε
1176 5777 1252 5836 δι’
1306 5782 1382 5836 ὧν
1436 5779 1569 5853 ὗμῖν
1598 5782 1634 5849 ἡ
1688 5780 1927 5859 ὠφέλεια
1980 5786 2042 5849 τῆ

2190 5782 2531 5841 contendite
2561 5796 2667 5853 per
2697 5794 2827 5852 qum
2857 5776 3134 5838 Ecclesiae
3156 5778 3386 5837 utilitas
3401 5786 3458 5837 et
3477 5776 3838 5836 aedificatioa
