4118 6394
393 456 511 513 817

1476 437 1939 505 [ΕΟΗΜΕΝΙΙ
1983 431 2286 495 τιιιοολε
2333 429 2702 492 EPISCOPI.

3695 425 3814 485 848

386 584 548 639 vobis
579 582 921 653 attingatur.
974 581 1104 651 Ipse
1136 594 1273 633 vero
1332 577 1450 632 ait:
1483 598 1512 625 «
1546 577 1617 631 Ut
1648 568 1971 629 excellatis.
2008 587 2036 617 »

2164 560 2483 633 Εκκλησίας
2510 561 2601 616 καὶ
2654 562 2689 629 ἡ
2751 556 3027 633 οἰκοδομή
3071 558 3575 628 κατορθωθήσεται.
3636 555 3819 619 Αὐτὸς

388 674 508 726 Hoc
541 676 648 735 est,
680 675 749 724 ut
776 668 912 740 plus
943 684 1124 739 quam
1156 683 1316 723 nunc
1344 665 1614 721 habeatis
1640 679 1653 717 :
1677 660 1896 733 linguis
1916 663 2042 713 tan-

389 767 511 815 tum
544 775 705 814 nunc
734 758 1050 828 loquentes
1082 762 1142 813 et
1164 773 1287 811 non
1309 755 1791 827 interpretantes.
1817 779 1886 790 -—-
1922 747 2041 802 Vel.

388 850 461 904 Ut
490 848 796 904 excellatis
827 847 1016 918 magis
1073 861 1252 916 quam
1300 843 1516 916 linguis
1545 838 1864 912 loquendo.
1899 839 2045 892 Nam

388 937 507 993 alia
534 936 695 992 dona
745 935 965 1007 linguis
1014 933 1437 990 excellentiora
1467 936 1625 996 sunt,
1664 932 1867 1000 utpote
1897 925 2040 981 ubec

389 1026 609 1081 riorem
639 1024 956 1081 aﬂ'erentia
984 1023 1327 1078 utilitatem.

461 1195 616 1253 558
646 1193 797 1263 XIV,
836 1195 1023 1248 12-14.
1056 1214 1083 1242 ‹‹
1143 1190 1640 1262 Quandoquidem
1671 1187 2048 1244 aemulatores

393 1308 420 1335 ‹‹
437 1285 582 1341 estis
596 1283 913 1356 spirituum
929 1282 1004 1338 ad
1021 1281 1478 1337 mdiﬁcationem
1492 1274 2045 1347 Ecclesiae,qu=erite

398 1396 424 1427 α
456 1381 521 1428 ut
549 1372 1254 1444 excellatis.Quapropter
1275 1371 1378 1442 qui
1400 1368 1674 1440 loquitur,
1696 1367 2054 1438 lingua,oret

392 1484 420 1514 «
439 1469 503 1517 ut
518 1461 1119 1533 interpretetur.Nam
1139 1460 1188 1514 si
1202 1476 1369 1515 orem
1382 1458 1607 1527 lingua,
1624 1455 1869 1528 spiritus
1883 1468 2052 1508 meus

393 1574 421 1603 ι(
456 1558 608 1615 orat,
636 1556 698 1606 at
729 1566 901 1605 mens
940 1564 1074 1603 mea
1103 1549 1231 1603 sine
1265 1547 1462 1602 fructu
1492 1553 1602 1603 est.
1641 1568 1664 1592 ι

472 1731 577 1787 Ubi
610 1728 863 1786 cessavit
894 1727 967 1784 ab
1002 1726 1375 1783 adducendis
1430 1724 1739 1797 exemplis,
1794 1720 2055 1794 apertius

395 1839 495 1877 eos
544 1818 916 1875 adhortatur.
966 1815 1464 1886 Quandoquidem
1512 1814 1759 1869 omnino
1808 1810 2057 1867 aemula-

395 1908 547 1964 mini
606 1912 666 1962 et
719 1906 1009 1978 exoptatis
1059 1905 1218 1960 dona
1275 1904 1403 1976 (illa
1459 1902 1621 1959 enim
1671 1900 1951 1957 dicuntur
1992 1899 2055 1954 in

396 1996 673 2069 Spiritus)
703 1994 1107 2067 concupiscite
1126 1999 1184 2048 et
1214 2010 1284 2049 ea
1306 2009 1437 2063 quas
1469 1991 1703 2064 possint
1729 1988 2053 2044 Ecclesiam

400 2085 694 2141 aediﬁcare
729 2090 786 2138 et
830 2084 882 2139 ei
937 2083 1244 2155 prodesse,
1277 2103 1306 2130 ‹‹
1364 2082 1620 2147 Quaerite
1677 2086 1743 2134 ut
1801 2076 2056 2133 excella-

400 2175 498 2229 tis.
536 2196 564 2223 »
596 2175 720 2228 Non
758 2171 933 2227 dixit:
969 2173 1039 2227 Ut
1067 2170 1390 2242 acquiratis
1422 2169 1598 2235 dona,
1633 2167 1758 2238 sed,
1792 2189 1821 2217 »
1852 2169 1924 2223 Ut
1953 2183 2057 2222 ex-

402 2262 656 2329 cellatis,
693 2284 720 2312 »
752 2262 864 2317 hoc
897 2265 1006 2329 est,
1039 2265 1105 2315 ut
1135 2276 1269 2315 cum
1303 2275 1517 2331 magna
1541 2257 1929 2313 exuberantia
1958 2256 2059 2311 ha-

401 2352 612 2409 beatis.
648 2372 678 2402 «
709 2351 1080 2423 Quapropter
1108 2349 1209 2419 qui
1238 2348 1505 2417 loquitur
1524 2347 1744 2419 lingua.
1773 2367 1801 2396 »
1833 2343 2058 2401 Deinde

406 2446 466 2498 et
497 2439 742 2496 modum
772 2439 962 2511 ponit,
1019 2454 1136 2509 quo
1167 2442 1340 2508 pacto
1390 2436 1623 2508 possint
1650 2434 1869 2491 habere
1899 2432 2059 2489 dona

405 2547 537 2601 quas
570 2529 848 2584 Ecclesia
880 2528 1129 2601 prosint.
1163 2527 1260 2582 Ait
1288 2526 1448 2583 enim
1483 2543 1497 2581 :
1530 2548 1559 2577 «
1606 2526 1745 2591 Qum
1792 2524 2060 2595 loquitur

400 2619 643 2692 linguis,
677 2624 806 2673 oret
846 2623 912 2672 ut
955 2622 1014 2672 et
1068 2633 1242 2688 posse
1282 2615 1663 2688 interpretari
1719 2614 1992 2686 accipiat.
2027 2635 2056 2662 ››

395 2710 601 2779 Itaque
625 2706 736 2779 ipsi
753 2707 814 2762 in
836 2723 1015 2762 causa
1045 2711 1186 2761 sunt
1201 2704 1360 2776 quod
1377 2706 1571 2778 majus
1596 2720 1722 2759 non
1737 2703 2056 2775 accipiant,

398 2803 467 2854 ut
495 2797 595 2867 qui
628 2814 748 2852 non
779 2801 991 2868 petunt
1021 2795 1179 2867 quod
1210 2795 1406 2866 majus
1429 2801 1537 2851 est.
1573 2806 1602 2845 ιι
1636 2795 1780 2849 Nam
1813 2792 1862 2848 si
1893 2808 2057 2847 orem

396 2888 629 2961 lingua.
665 2911 687 2941 ι
743 2888 889 2942 Nam
950 2887 997 2942 si
1065 2887 1297 2957 loquar,
1352 2885 1568 2957 inquit,
1620 2884 1823 2956 lingua
1852 2889 1910 2938 et
1939 2898 2059 2938 non

397 2978 577 3032 etiam
620 2976 1014 3047 interpreter:
1078 2976 1333 3047 Spiritus
1361 2973 1605 3045 quidem
1633 2989 1824 3038 meus,
1856 2972 1916 3027 id
1946 2976 2057 3036 est,

398 3067 635 3124 animus
666 3067 795 3139 ipse
825 3067 1022 3137 quoad
1036 3066 1302 3138 seipsum
1332 3064 1663 3121 utilitatem
1693 3062 1968 3135 percipit,
2001 3067 2063 3118 at

403 3173 578 3212 mens
603 3172 738 3211 mea
767 3155 895 3211 sine
925 3155 1125 3211 fructu
1156 3154 1589 3220 invenietur,ex
1610 3153 1721 3208 hoc
1744 3151 1902 3223 quod
1926 3150 2061 3206 aliis

399 3262 521 3301 non
552 3246 724 3301 affert
746 3244 1064 3299 utilitatem
1098 3260 1111 3297 :
1143 3242 1366 3298 mentis
1397 3242 1557 3298 enim
1586 3241 1812 3297 fructus
1835 3246 1921 3296 est
1953 3257 2061 3312 per

399 3334 591 3390 varias
622 3350 690 3389 ac
712 3333 1061 3406 omnigenas
1094 3332 1480 3405 cogitationes
1507 3330 1827 3387 utilitatem
1858 3329 2057 3402 proxi-

400 3424 516 3479 mis
547 3423 900 3496 excogitare.
962 3445 993 3472 ‹‹
1027 3423 1279 3494 Spiritus
1311 3438 1481 3478 meus
1521 3426 1675 3487 orat,
1707 3443 1737 3471 »
1778 3421 1891 3476 hoc
1950 3424 2060 3487 est,

401 3512 624 3568 donum
658 3512 988 3584 spirituale,
1030 3527 1245 3583 nempe
1297 3511 1495 3584 ipsum
1530 3510 1692 3581 loqui
1723 3509 1959 3582 linguis.
1991 3540 2060 3549 —

405 3600 593 3656 Verba
623 3618 775 3656 orem
804 3606 863 3655 et
887 3607 1011 3656 orat
1040 3599 1270 3672 accepit
1297 3616 1405 3672 pro
1435 3615 1502 3654 eo
1530 3598 1692 3671 quod
1724 3604 1813 3654 est
1840 3597 2060 3671 linguis

394 3692 560 3763 loqui
593 3693 818 3764 aliquid
850 3693 1009 3764 quod
1038 3692 1357 3748 honestum
1372 3691 1521 3747 sitet
1550 3690 2059 3746 studiosum.Nam

395 3786 455 3837 et
487 3781 751 3853 precatio
782 3797 969 3853 genus
1002 3779 1303 3852 quoddam
1323 3784 1413 3835 est
1433 3778 1866 3835 sermonis.Ait
1886 3793 2053 3851 ergo:

395 3871 454 3926 Si
490 3871 635 3942 quid
662 3870 875 3942 loquar
901 3886 1107 3926 eorum
1140 3886 1271 3941 quia
1312 3869 1653 3925 necessaria
1681 3872 1823 3925 sunt
1873 3873 1930 3922 et
1958 3867 2060 3923 ho-

392 3965 588 4029 nesta,
622 3960 727 4015 sed
760 3959 820 4015 id
846 3976 968 4015 non
1009 3959 1371 4030 interpreter
1422 3957 1601 4013 etiam
1662 3956 2055 4023 auditoribus,

394 4049 692 4121 meipsum
746 4048 988 4118 quidem
1039 4049 1183 4121 juvo
1219 4065 1234 4103 :
1291 4063 1430 4103 nam
1464 4048 1574 4102 hoc
1617 4051 1709 4101 est
1737 4044 1893 4116 quod
1923 4044 2009 4100 ait
2040 4060 2054 4098 :

398 4159 426 4190 ι
457 4137 711 4209 Spiritus
740 4153 911 4193 meus
969 4143 1119 4204 orat,
1157 4158 1186 4188 »
1218 4137 1278 4193 id
1327 4142 1437 4201 est,
1463 4152 1570 4208 ego
1607 4135 1766 4190 solus
1796 4134 1963 4189 fruor
1992 4151 2055 4189 re

395 4228 501 4284 illa
522 4227 862 4283 necessaria
892 4234 951 4283 et
979 4228 1251 4283 honesta.
1308 4224 1423 4281 Sed
1453 4224 1607 4281 alius
1665 4240 1785 4279 non
1843 4225 2058 4296 accipit

394 4316 737 4384 utilitatem,
795 4323 862 4373 ut
918 4333 1090 4372 mens
1118 4332 1255 4371 mea
1314 4314 1494 4370 etiam
1530 4313 1668 4370 inde
1722 4313 2056 4369 lucrifaciat

390 4408 652 4464 fructum
686 4406 960 4462 utilitatis
991 4407 1265 4460 istorum.
1298 4405 1502 4473 Itaque
1530 4403 1633 4458 tali
1664 4402 1860 4459 fructu
1890 4420 2055 4459 men-

390 4504 509 4555 tem
560 4497 779 4571 privari
832 4510 1194 4565 rursumque
1252 4493 1370 4550 frui
1404 4493 1705 4565 supponit,
1766 4511 1835 4549 eo
1893 4492 2054 4566 quod

388 4589 490 4645 illa
520 4587 682 4643 inter
702 4589 937 4640 nostras
967 4583 1264 4656 potentias
1294 4583 1551 4639 maxime
1600 4589 1759 4639 amet
1795 4584 2049 4656 proximi

2150 649 2228 723 δὲ,
2271 676 2297 703 ι(
2332 652 2444 707 Ἰνα
2480 648 2857 721 περισσεύητε,
2894 671 2923 699 ››
2955 646 3111 726 φησὶ,
3146 647 3420 703 τουτέστιν
3450 643 3545 700 ’ἱνα
3574 642 3744 701 πλέον
3777 644 3813 715 ἢ

2149 745 2240 796 νῦν
2273 735 2464 815 ἔχητε,
2519 738 2796 815 γλώσσαις
2824 742 2915 791 νῦν
2971 738 3137 810 μόνον
3200 735 3517 805 λαλοῦντες,
3573 734 3666 789 καὶ
3708 733 3817 810 οὐχ

2151 830 2563 904 ἑρμηνεύοντες.
2621 863 2692 871 -
2719 831 2815 885 "H.
2843 830 2955 882 Ἵνα
3011 826 3370 903 περισσεύητε
3416 822 3661 899 μᾶλλον,
3693 824 3817 878 ἀντὶ

2150 924 2269 988 τοῦ,
2310 918 2589 996 γλώσσαις
2613 917 2820 974 λαλεῖν.
2848 917 2931 974 Τὰ
2960 919 3065 991 γὰρ
3095 914 3241 971 ἂλλα
3271 914 3595 994 χαρίσματα
3625 933 3814 988 περισ-

2153 1008 2292 1063 σεύει
2323 1012 2433 1063 τῶν
2472 1006 2766 1082 γλωσσῶν,
2807 1006 2884 1068 ὼς
2916 1004 3143 1060 πλείονα
3201 1001 3510 1083 ὡφελειαφν
3566 1002 3813 1081 παρεχό-

2158 1117 2314 1171 μενα.

2229 1185 2381 1240 Ἐπεὶ
2441 1181 2688 1253 ζηλωταί
2773 1181 2891 1237 ἐστε
2959 1183 3284 1256 πνευμάτιῖω
3368 1180 3506 1254 πρὸς
3581 1181 3683 1249 τήν
3758 1179 3816 1233 οἱ

2155 1269 2407 1345 κοδομήν
2453 1279 2554 1343 τῆς
2621 1270 2977 1344 Ἐκκλησίας,
3066 1276 3284 1343 ζητεῖτε
3325 1268 3419 1325 ’ίνα
3491 1268 3818 1344 περισσεύῃ⁴

2154 1383 2261 1418 τε.
2336 1360 2534 1436 Διόπερ
2593 1362 2622 1416 6
2690 1360 2876 1417 λαλῶν
2952 1359 3207 1437 γλώσσῃ,
3262 1360 3658 1434 προσευχέσθω
3721 1354 3818 1411 ’ἶνα

2161 1449 2520 1526 διερμηνεύῃ.
2599 1452 2723 1508 Ἐὰν
2776 1451 2876 1525 γὰρ
2960 1450 3362 1526 προσεύχωμαι
3441 1447 3695 1524 γλώσσῃ.
3755 1446 3816 1501 τὸ

2160 1542 2373 1615 πνεῦμά
2433 1561 2538 1615 μου
2606 1541 2992 1618 προσεύχεται,
3027 1540 3056 1594 6
3087 1536 3145 1594 δὲ
3199 1541 3326 1600 νοῦς
3399 1558 3506 1611 μου
3572 1533 3814 1610 ἄκαρπός

2159 1627 2327 1684 ἐστιν.

2234 1719 2589 1791 ιῐαυσάμενος
2626 1723 2735 1774 τῶν
2782 1714 3271 1793 παραδειγμάτων,
3327 1715 3660 1790 γυμνότερον
3716 1711 3811 1767 αύ-

2159 1812 2276 1870 τοῖς
2309 1812 2583 1882 παραινεῖ,
2641 1805 2865 1878 Ἐπειδή
2925 1806 3075 1869 ὅλως
3114 1804 3351 1876 ζηλοῦτε
3381 1803 3471 1859 καὶ
3503 1808 3722 1867 ποθεῖτε
3749 1801 3817 1856 τὰ

2084 1896 2501 1995 Βχαρίσματα,
2542 1898 2674 1974 φησὶ
2707 1899 2888 1970 (τοῦτο
2918 1896 3023 1971 γὰρ
3076 1895 3144 1951 τὰ
3200 1894 3530 1968 πνεύματα),
3588 1894 3818 1947 τοιαῦτα

2172 1982 3146 1995 .-_.-__.-.
3387 1977 3749 1995 ..ηςι

2168 1984 2481 2058 ἐπιθυμεῖτε
2509 1986 2599 2040 καὶ
2630 1991 2843 2056 ζητεῖτε
2887 1985 2955 2040 τὰ
3021 1982 3289 2057 δυνάμενα
3342 1984 3442 2053 τήν
3484 1977 3815 2051 Ἐκκλησίαν

2170 2073 2564 2148 οἰκοδομῆσαι,
2585 2074 2679 2130 καὶ
2710 2073 3013 2152 ὠφελῆσαι.
3052 2097 3081 2127 ιι
3110 2076 3334 2145 Ζητεῖτε
3368 2073 3461 2127 ἳνα
3489 2068 3818 2146 περισσεύη-

2169 2185 2244 2222 τε.
2283 2188 2312 2217 ››
2344 2163 2459 2222 Ούκ
2489 2164 2660 2234 εἶπεν,
2699 2165 2815 2221 Ἲνα
2842 2165 3118 2234 κτήσησθε
3144 2163 3210 2217 τὰ
3271 2180 3610 2238 χαρισματα,
3665 2155 3818 2229 ἀλλ’,

2170 2278 2199 2307 ι(
2228 2256 2343 2309 ’Ἰνα
2358 2254 2739 2329 περισσεύητε.
2770 2251 3097 2322 ››Τουτέστι,
3113 2253 3267 2310 Μετὰ
3288 2249 3511 2320 πολλῆς
3533 2245 3821 2322 δαψιλείας

2170 2339 2359 2421 ἔχητε.
2395 2367 2424 2396 ‹‹
2456 2345 2534 2399 Δι’
2566 2342 2700 2421 ὅπερ
2733 2345 2761 2400 6
2801 2342 2988 2400 λαλῶν
3028 2342 3274 2421 γλώσσῃ.
3303 2366 3331 2395 ››
3389 2344 3526 2400 Εἶτα
3551 2338 3699 2415 λέγει
3728 2339 3823 2394 καὶ

2166 2433 2390 2510 τρόπον,
2422 2437 2539 2498 πῶς
2570 2433 2632 2490 ἂν
2665 2432 2933 2513 σχοίησαν
2989 2434 3305 2509 χαρίσματα
3362 2431 3432 2486 τὰ
3483 2431 3585 2500 τήν
3613 2428 3824 2498 ἔκκλη-

2170 2525 2288 2580 σίαν
2327 2521 2668 2604 ὠφελοῦντα.
2724 2548 2754 2576 ι(
2786 2525 2848 2582 Ὁ
2900 2523 2999 2598 γὰρ
3054 2521 3263 2594 λαλῶν,
3321 2521 3478 2601 φησὶ,
3536 2518 3819 2596 γλώσσαις

2168 2612 2581 2690 προσευχέσθω,
2612 2614 2704 2669 ἶνα
2730 2614 2821 2669 καὶ
2849 2614 2913 2669 τὸ
2967 2610 3341 2689 διερμηνεύειν
3396 2605 3566 2685 λάϐῃ.
3597 2633 3625 2661 ››
3676 2610 3821 2683 Ἀρα

2170 2702 2266 2757 οὖν
2296 2702 2451 2757 αὐτοὶ
2490 2701 2661 2758 αἴτιοι
2689 2706 2786 2757 τοῦ
2820 2703 2897 2776 μὴ
2926 2702 2989 2758 τὸ
3023 2707 3209 2776 μεῖζον
3241 2695 3455 2773 λαϐεῖν,
3486 2699 3564 2761 ὡς
3601 2697 3702 2753 οὐκ
3734 2696 3822 2751 αἱ·

2166 2796 2388 2854 τοῦντες
2412 2792 2474 2847 τὸ
2510 2796 2716 2865 μεῖζον.
2750 2819 2775 2844 α
2807 2791 2933 2848 Ἐὰν
2961 2791 3065 2866 γὰρ
3096 2790 3495 2868 προσεύχωμαι
3525 2786 3752 2861 γλώσσῃ
3784 2806 3814 2838 ι

2166 2880 2295 2939 Ἐὰν
2325 2880 2449 2957 γὰρ,
2509 2881 2665 2960 φησὶ,
2725 2878 2885 2936 λαλῶ
2939 2879 3167 2955 γλώσσῃ
3222 2879 3287 2935 οὗ
3349 2879 3458 2951 μὴν
3511 2876 3604 2932 καὶ
3661 2872 3817 2949 διερ-

2172 2970 2417 3044 μηνεύω.
2450 2971 2510 3026 τὸ
2545 2970 2639 3045 μὲν
2685 2968 2901 3044 πνεύμά
2956 2990 3084 3043 μου,
3116 2970 3232 3024 οἶον
3265 2970 3300 3039 ἡ
3342 2971 3499 3043 ψυχή
3530 2966 3667 3035 αύτὴ
3697 2966 3822 3028 καθ’

2169 3062 2367 3134 ἑαυτὴν
2397 3061 2716 3142 ὠφελεῖται,
2764 3061 3008 3139 ἄκαρπος
3041 3060 3098 3117 δε
3157 3084 3263 3136 μου
3294 3062 3323 3117 6
3349 3065 3473 3122 νοῦς
3532 3059 3822 3133 εὑρεθήσε-

2166 3172 2278 3220 ται,
2309 3157 2390 3225 τῷ
2424 3154 2500 3228 μὴ
2532 3153 2622 3208 καὶ
2644 3151 2852 3217 ἄλλους
2894 3150 3154 3231 ὠφελεῖν.
3188 3156 3300 3207 Νοῦ
3333 3150 3437 3229 γὰρ
3495 3147 3727 3224 καρπὸς,
3759 3148 3825 3203 τὸ

2171 3242 2261 3301 διὰ
2300 3244 2572 3302 ποικίλων
2629 3246 2720 3302 καὶ
2777 3244 3139 3302 παντοδαπων
3196 3245 3492 3318 νοημάτων
3554 3239 3824 3321 ὠφέλειαν

2169 3339 2289 3399 τοῖς
2315 3333 2553 3406 πλησίον
2612 3333 2864 3393 ἐπινοεῖν.
2920 3359 2949 3387 ‹‹
2979 3337 3051 3390 Τὸ
3082 3335 3299 3408 πνεῦμά
3358 3354 3464 3408 μου
3519 3329 3825 3410 προσεύχε-

2164 3444 2275 3482 ται.
2319 3448 2342 3478 ι
2379 3426 2530 3481 Ἀντι
2554 3428 2676 3494 τοῦ,
2706 3426 2786 3481 T6
2838 3425 3091 3501 χάρεσμά
3154 3445 3263 3497 μου
3318 3422 3381 3477 τὸ
3437 3419 3824 3494 πνευματικὸν,

2168 3514 2302 3569 αὐτὸ
2342 3514 2405 3569 τὸ
2437 3511 2627 3569 λαλεῖν
2678 3513 2978 3591 γλώσσαις.
3014 3545 3079 3556 -
3112 3514 3323 3587 [ΦΩΤ.]
3379 3512 3450 3566 Τὸ
3512 3509 3824 3584 Προσεύχεσ-

2174 3624 2273 3679 μαι
2303 3604 2393 3659 καὶ
2424 3602 2821 3678 Προσεύξομαι,
2850 3604 2968 3659 ἀντὶ
2999 3607 3096 3660 τοῦ
3128 3602 3317 3660 λαλεῖν
3373 3623 3425 3657 τι
3482 3605 3602 3663 ταῖς
3631 3597 3823 3675 γλώσ-

2166 3714 2284 3757 σαις
2342 3692 2509 3750 καλὸν
2572 3692 2664 3748 καὶ
2718 3692 3013 3749 σπουδαῖον
3065 3691 3278 3773 εἷ’ληερε.
3340 3691 3443 3749 Καὶ
3496 3691 3602 3768 γὰρ
3657 3688 3749 3744 καὶ
3781 3688 3818 3758 ἠ

2163 3784 2476 3862 προσευχὴ,
2504 3780 2652 3845 εἶδός
2680 3782 2733 3837 τί
2771 3781 2881 3837 ἐστι
2934 3786 3031 3838 τοῦ
3063 3780 3257 3858 λόγου.
3321 3781 3496 3851 Φησὶν
3552 3779 3668 3848 οὗν,
3731 3778 3818 3832 ὅτι

2166 3873 2287 3930 Ἐὰν
2320 3894 2373 3928 τι
2406 3870 2562 3928 λαλῶ
2593 3877 2702 3927 τῶν
2743 3871 3045 3948 ἀναγκαίων
3098 3871 3186 3926 καὶ
3220 3868 3426 3937 καλῶν,
3461 3871 3538 3942 μή
3571 3865 3818 3943 διερμη-

2163 3962 2302 4017 νεύω
2325 3958 2383 4017 δὲ
2414 3962 2545 4016 αὐτὸ
2574 3964 2664 4016 καὶ
2696 3966 2813 4024 τοῖς
2871 3961 3184 4035 ἀκροαταῖς,
3244 3958 3479 4034 ἐμαυτὸν
3542 3959 3637 4032 μὶν
3673 3958 3818 4037 ὡφε-

2164 4050 2247 4107 λῶ
2306 4053 2489 4125 (τοῦτο
2547 4050 2651 4126 γὰρ
2710 4049 2847 4118 ἐστι,
2912 4072 2936 4101 ιι
3001 4050 3080 4108 Τὸ
3150 4050 3366 4124 πνεῦμὰ
3426 4070 3531 4123 μου
3584 4048 3821 4122 προσεύ-

2162 4145 2346 4219 χεταῖ,
2380 4163 2410 4193 ι)
2440 4140 2742 4206 τουτὲστιν,
2770 4140 2912 4216 Ἐγὼ
2947 4139 3113 4209 μόνος
3171 4137 3437 4195 ἀπολαύω
3492 4141 3596 4193 τοῦ
3651 4136 3820 4212 ἀναγι-

2159 4229 2319 4285 καίου
2350 4229 2550 4285 ἐκείνου
2581 4230 2672 4284 καὶ
2699 4233 2797 4284 τοῦ
2824 4228 3042 4302 καλοῦ),
3069 4227 3243 4290 ἄλλος
3303 4226 3360 4283 δὲ
3418 4225 3518 4281 ούκ
3580 4225 3822 4305 ὠφελεῖ-

2161 4339 2274 4391 ται,
2302 4317 2394 4374 ’ἱνα
2434 4316 2691 4389 ἐκέρδησὲ
2749 4340 2854 4391 μου
2887 4317 3126 4382 ἐντεῦθεν
3158 4318 3187 4372 ὁ
3217 4322 3343 4379 νοῦς
3390 4315 3483 4372 καὶ
3535 4317 3628 4371 τὸν
3677 4336 3816 4391 καρ-

2158 4410 2259 4466 πόν
2291 4418 2392 4480 τῆς
2417 4411 2640 4466 ἐκείνων
2689 4410 2978 4491 ὠφελείας.
3034 4412 3144 4467 Τὸν
3196 4414 3319 4466 νοῦν
3376 4406 3433 4465 δὲ
3490 4408 3819 4483 ἐστερῆσθαι

2158 4505 2256 4555 τοῦ
2282 4500 2538 4557 τοιούτου
2567 4520 2782 4576 καρποῦ
2829 4499 2920 4557 καὶ
2962 4499 3132 4557 πάλιν
3191 4498 3488 4557 ἀπολαύειν
3555 4499 3817 4563 ὑποτίθε-

2157 4610 2269 4659 ται,
2300 4591 2385 4646 δτι
2410 4589 2614 4654 ἐκεῖνος
2644 4589 2863 4665 μᾶλλον
2892 4595 3000 4646 τῶν
3028 4589 3079 4645 ἐν
3104 4592 3240 4663 ἡμῖν
3262 4586 3545 4662 δυνάμεωθ
3581 4586 3814 4662 ἐραστής

385 4677 734 4744 utilitatem,
766 4673 1065 4746 quomodo
1096 4689 1291 4745 neque
1321 4673 1412 4728 vis
1468 4672 1786 4728 irascibilis
1845 4689 2045 4728 move-

2164 4677 2270 4733 ἐστι
2298 4685 2398 4749 τῆς
2428 4683 2526 4734 τοῦ
2555 4677 2792 4751 πλησίον
2823 4678 3112 4759 ὡφελείας,
3151 4673 3244 4733 ἅτε
3291 4679 3430 4752 μήτε
3486 4676 3562 4737 ὡς
3615 4673 3679 4727 τὸ
3710 4683 3812 4735 θυ-

385 4774 485 4823 tur
535 4783 734 4838 neque
795 4766 1325 4838 concupiscibilis:
1379 4783 1518 4838 quas
1565 4765 1736 4822 facile
1796 4768 2047 4821 allectus

387 4856 624 4923 excitat,
657 4861 760 4911 aut
789 4871 824 4910 a
873 4856 1117 4928 propria
1168 4854 1544 4926 naturalique
1600 4856 1815 4910 virtute
1874 4854 2046 4910 facile

388 4949 768 5000 transmutat.
800 4945 871 4999 Et
901 4945 1029 5000 haec
1062 4945 1248 5018 magis
1304 4943 1501 4999 fructu
1562 4950 1747 5010 vacat,
1808 4943 2045 5014 quando

389 5049 510 5088 una
539 5033 835 5087 consentit
867 5049 879 5088 :
914 5049 1271 5103 rursumque
1302 5033 1404 5087 ubi
1436 5033 1692 5087 fructum
1723 5036 1893 5086 nacta
1928 5032 2048 5087 fue-

390 5122 490 5187 rit,
523 5121 677 5178 550
697 5120 933 5176 abunde
965 5122 1223 5178 laetatur.

461 5209 687 5265 Deinde
718 5209 802 5264 ait
835 5226 849 5263 :
885 5231 913 5261 «
945 5211 1095 5276 Quid
1129 5228 1265 5285 ergo
1303 5216 1394 5267 est
1420 5211 1448 5265 ‘?
1479 5233 1506 5260 ‹‹
1558 5211 1671 5266 hoc
1729 5216 1839 5278 est,
1899 5211 2044 5281 quid

386 5305 621 5370 oportet
660 5298 788 5355 ﬁeri
821 5298 848 5353 ?
874 5301 1180 5366 Quomodo
1240 5300 1413 5356 nobis
1455 5299 1758 5372 continget
1786 5316 1860 5355 ne
1914 5301 2043 5358 sine

378 5388 576 5444 fructu
635 5388 869 5445 simus?
928 5389 1226 5461 quomodo
1257 5389 1287 5444 Ἰ
1316 5390 1366 5445 si
1425 5404 1532 5460 per
1560 5389 1837 5445 virtutem
1868 5390 2042 5446 nobis

381 5495 540 5533 cura:
572 5478 648 5533 sit
678 5484 743 5534 ut
783 5479 880 5550 qui
914 5480 1133 5553 linguis
1181 5479 1468 5550 loquitur,
1499 5483 1558 5534 et
1587 5479 1800 5550 spiritu
1830 5479 2040 5552 loqua-

378 5573 476 5623 tur
501 5574 559 5623 et
588 5573 788 5625 mente
818 5585 832 5623 :
865 5569 976 5625 hoc
1007 5575 1118 5635 est,
1151 5573 1212 5623 et
1240 5584 1419 5624 causa
1470 5567 1727 5640 proprias
1766 5569 2041 5626 utilitatis

383 5656 685 5729 loquatur,
716 5663 776 5713 et
802 5662 870 5714 ut
896 5673 1071 5713 mens
1118 5662 1327 5714 mutuo
1374 5656 1571 5713 fructu
1618 5657 1851 5715 fruatur
1882 5677 1895 5714 :
1941 5659 2039 5717 hic

385 5750 587 5803 autem
616 5747 1027 5819 proximorum
1059 5751 1149 5801 est
1178 5745 1425 5801 utilitas.
1456 5745 1521 5802 ld
1568 5752 1767 5805 autem
1818 5749 1932 5805 erit
1988 5748 2036 5803 si

2162 4769 2341 4842 μικὸν,
2377 4770 2516 4842 μήτε
2543 4769 2619 4830 ὡς
2648 4769 2710 4824 τὸ
2749 4768 3174 4841 ἐπιθυμητικὸν,
3235 4764 3439 4841 ῥᾳδίως
3496 4762 3667 4823 οὕτως
3700 4781 3813 4816 πα⁶

2157 4857 2498 4931 θαινόμενος,
2555 4858 2647 4913 καὶ
2702 4864 2803 4929 τῆς
2870 4854 3008 4920 ἰδίας
3062 4858 3153 4912 καὶ
3210 4858 3348 4913 κατὰ
3409 4853 3564 4935 φύσιν
3617 4853 3818 4927 ἀρετῆς

2158 4946 2401 5024 εὐχερῶς
2464 4946 2881 5021 μεθιστάμενος.
2956 4947 3053 5001 Καὶ
3106 4944 3307 5009 ἐκεῖνός
3363 4944 3477 5002 ἐστι
3536 4942 3750 5016 μᾶλλον
3782 4942 3814 4996 ὁ

2153 5035 2244 5092 καὶ
2298 5034 2560 5111 ἄκαρπος,
2612 5035 2704 5091 ὅτε
2754 5035 2867 5092 ἐστὶ
2926 5035 3443 5110 συναισθανόμενος,
3502 5033 3593 5089 καὶ
3642 5032 3814 5087 πάλιν

2153 5122 2340 5196 ἐπειδὴ
2374 5124 2437 5181 ἃν
2466 5124 2704 5205 ἐπιτύχῃ
2731 5129 2830 5181 τοῦ
2858 5130 3093 5200 καρποῦ,
3125 5124 3628 5205 ἐνευφραινόμενος.

2224 5217 2359 5274 Εἶτά
2397 5234 2553 5296 φησι·
2578 5241 2606 5269 ιι
2639 5217 2703 5273 Τί
2734 5214 2831 5271 οῦν
2860 5215 3003 5272 ἐστιν
3033 5238 3048 5287 ;
3087 5242 3116 5269 ››
3158 5217 3275 5273 οἶον
3320 5217 3374 5272 τί
3404 5214 3487 5272 δεῖ
3512 5213 3756 5292 γενέσθαι
3796 5234 3813 5282 ;

2151 5310 2270 5369 πῶς
2291 5301 2441 5362 ἕσται
2472 5308 2635 5380 ἡμῖν,
2669 5307 2746 5379 μὴ
2778 5306 3046 5381 ἀκάρποις
3079 5308 3210 5362 εἶναι
3247 5326 3261 5377 ;
3304 5310 3427 5368 Πῶς
3462 5324 3477 5376 ;
3539 5303 3817 5377 ἐπιμελη-

2153 5398 2289 5452 θεῖσι
2331 5393 2402 5451 δι’
2443 5394 2664 5470 ἀρετὴς,
2714 5394 2853 5451 ὥσνε
2907 5395 3187 5471 γλώσσαις
3228 5396 3530 5464 λαλοῦντα,
3583 5394 3677 5449 καὶ
3727 5396 3815 5465 τῷ

2149 5486 2416 5559 πνεύματι
2451 5483 2640 5540 λαλεῖν
2672 5486 2761 5541 καὶ
2790 5490 2872 5559 τῷ
2899 5488 3002 5542 νοῒ·
3033 5486 3304 5556 τουτέστι,
3347 5487 3435 5541 καὶ
3494 5481 3651 5540 ἕνεκα
3704 5490 3813 5551 τῆς

2151 5572 2291 5637 ἰδίας
2323 5573 2591 5655 ὠφελείας
2625 5574 2836 5649 λαλεῖν,
2868 5576 2961 5632 καὶ
3015 5572 3172 5633 ἕνεκα
3227 5579 3326 5633 τοῦ
3383 5573 3652 5631 ἀπολαύει
3710 5571 3814 5628 τὸν

2147 5667 2274 5721 νοῦν
2301 5668 2399 5720 τοῦ
2447 5664 2809 5738 καταλλήλου
2839 5671 3072 5743 καρποῦ.
3130 5670 3307 5725 Τοῦτο
3338 5662 3398 5721 δέ
3424 5663 3589 5735 ἐστιν,
3629 5665 3665 5732 ἡ
3696 5665 3815 5717 τῶν

2147 5752 2403 5825 πλησίων
2454 5754 2711 5834 ὠφέλεια.
2743 5759 2929 5816 Ἔσται
2998 5757 3056 5815 δὲ
3084 5763 3268 5831 τοῦτο,
3298 5759 3391 5816 ὶᾶν
3447 5765 3567 5822 ταῖς
3617 5757 3812 5839 γλώσ-
