4118 6426
391 398 510 459 849
1358 394 1779 455 COMMENT.
1826 393 1913 453 IN
1962 391 2215 453 EPIST.
2272 396 2290 454 l
2336 397 2436 457 AD
2482 397 2854 460 CORINTH.
3702 404 3823 465 850

389 551 507 593 σαις
561 527 882 598 λαλοῦντες,
940 521 1202 600 λάϐωμεν
1262 528 1512 603 χάρισμα
1569 524 1661 581 καὶ
1703 522 1793 579 ’ἱνα
1822 522 2022 600 διερμη

2168 527 2389 602 linguis
2446 531 2780 603 loquentes,
2839 532 3061 590 donum
3110 534 3495 606 accipiamus,
3538 542 3604 592 ut
3635 536 3817 594 etiam

390 621 658 693 νεύωμεν.
688 615 915 688 Ἐπειδή
948 613 1008 673 δὲ
1036 616 1127 673 ἐπὶ
1176 620 1273 673 τοῦ
1299 613 1490 672 λαλεῖν
1519 636 1572 671 τι
1602 618 1709 671 τῶν
1749 613 1935 671 καλῶν
1963 636 2030 672 κα

2162 618 2646 693 interpretemur.
2688 623 2979 688 Quoniam
3035 627 3234 679 autem
3280 623 3582 695 loquendo
3631 624 3704 681 de
3751 645 3816 682 re

391 706 705 766 σπουδαίων
733 709 798 764 τὸ
824 714 929 778 τῆς
960 712 1282 786 προσευχῆς
1315 703 1489 780 ὄνομα
1544 700 1754 778 λαϐὼν,
1805 705 2025 779 ἐπέμειν

2161 710 2441 781 quapiam
2495 712 2746 768 honesta
2801 717 2861 767 et
2916 712 3201 780 studiosa,
3252 717 3489 786 sumpto
3528 714 3815 771 orationis

389 800 683 876 χρώμενος
714 797 883 871 αὐτῷ,
946 795 1036 852 ῒνα
1096 797 1174 870 μὴ
1233 794 1466 871 νομίσῃς
1508 794 1592 851 ὅτι
1622 796 2030 872 προηγουμένω

2161 800 2402 856 nomine
2450 802 2781 873 permansit
2833 808 3013 858 utens
3043 801 3193 858 illo:
3253 819 3332 858 ne
3375 802 3439 857 in
3496 819 3813 877 progressu

390 888 519 965 περὶ
545 893 863 963 προσευχῆς
894 884 1040 941 ἐστιν
1068 886 1097 941 ὁ
1130 883 1317 961 λόγος,
1373 881 1501 939 ἀλλ’
1539 883 1674 960 οὐχὶ
1705 884 1825 960 περὶ
1854 883 2030 939 παντὸς

2160 888 2464 945 existimes
2494 906 2835 947 sermonem
2866 907 2997 946 esse
3041 890 3112 946 de
3152 890 3441 957 oratione,
3474 897 3534 946 et
3562 909 3684 948 non
3739 893 3811 948 de

389 980 680 1054 ἀναγκαίου
719 976 811 1032 καὶ
863 972 1184 1046 ἐπιτηδείου
1240 971 1409 1050 λόγου
1460 971 1741 1048 γλώσσαις
1770 970 2030 1047 λαλουμὲ·

2157 978 2318 1033 omni
2341 981 2681 1036 necessario
2714 987 2773 1036 et
2810 980 3191 1037 convenienti
3237 996 3511 1036 sermone
3542 983 3643 1052 qui
3692 982 3811 1037 lin-

382 1090 500 1138 νου,
565 1066 851 1141 μετέπεσεν
911 1064 989 1128 εἷς
1045 1064 1110 1121 τὸ
1169 1061 1426 1138 ψάλλειν.
1483 1063 1695 1118 Ὧσανεὶ
1725 1061 1928 1138 λέγων,
1962 1062 2025 1118 ’ὀτ

2154 1068 2283 1141 guis
2315 1070 2996 1141 exprimitur,transivit
3025 1069 3100 1126 ad
3130 1071 3328 1142 ipsum
3358 1071 3632 1142 psallere,
3667 1090 3734 1129 ac
3757 1074 3805 1128 si

383 1157 513 1215 Εἳτε
542 1155 634 1212 ἐπὶ
692 1160 1038 1231 προσευχῆς,
1096 1153 1205 1209 εἲτε
1262 1151 1350 1207 ἐπὶ
1409 1148 1765 1227 ψαλμῳδίας,
1797 1150 1906 1208 εἷ’τε
1958 1149 2026 1207 ἐπ

2153 1155 2379 1213 diceret
2412 1176 2424 1214 :
2459 1158 2587 1213 Sive
2625 1159 2689 1214 in
2749 1160 3116 1232 precatione,
3150 1158 3272 1214 sive
3328 1160 3390 1215 in
3449 1160 3801 1232 psalmodia,

379 1246 561 1305 ἄλλου
619 1245 764 1308 τινὸς
825 1244 996 1321 λόγου
1056 1247 1164 1300 τῶν
1222 1241 1524 1320 ἀναγκαίων
1582 1240 1674 1298 καὶ
1715 1240 1925 1314 καλῶν,
1956 1240 2030 1298 ἐπ

2152 1247 2271 1303 sive
2301 1248 2366 1303 in
2397 1248 2515 1304 alio
2538 1249 2743 1321 quovis
2764 1250 3103 1306 necessario
3122 1264 3401 1305 sermone
3431 1250 3524 1305 vel
3549 1249 3801 1306 decenti:

379 1341 600 1396 πάντων
636 1334 847 1411 ὁμοίως
877 1333 960 1391 δεῖ
1019 1334 1109 1391 καὶ
1168 1333 1357 1390 ἑαυτὸν
1388 1332 1621 1413 ὠφελεῖν
1652 1332 1744 1388 καὶ
1771 1333 1862 1389 τὸν
1894 1331 2030 1404 πλη-

2149 1336 2211 1391 in
2241 1339 2514 1393 omninus
2545 1344 2779 1410 oportet
2809 1340 2937 1411 pari
2977 1340 3155 1395 modo
3197 1346 3254 1395 et
3304 1339 3569 1412 seipsum
3591 1340 3800 1411 juvare

380 1428 522 1486 σὶον.
559 1428 698 1483 Εἶτα
749 1425 897 1502 φέρει
953 1425 1045 1480 καὶ
1101 1420 1471 1500 παράδειγμα,
1531 1419 1741 1485 δεικνὺς
1783 1423 1870 1478 ’ὀτι
1907 1422 2030 1478 κατᾶ

2148 1431 2208 1482 et
2234 1429 2589 1500 proximum.
2624 1429 2843 1485 Deinde
2877 1430 3049 1485 affert
3086 1436 3145 1484 et
3204 1431 3562 1502 exemplum,
3595 1435 3801 1486 osten-

377 1516 569 1574 πολλᾶ
600 1513 850 1572 ἐλλείπει
898 1514 986 1570 καὶ
1047 1514 1260 1588 ὑστερεῖ
1313 1513 1376 1569 τὸ
1431 1509 1709 1588 γλώσσαις
1738 1510 1906 1587 μόνον
1940 1511 2030 1568 λα-

2147 1517 2293 1574 dens
2324 1518 2483 1590 quod
2514 1519 2719 1575 multis
2752 1524 2923 1592 egeat
2977 1535 3048 1575 ac
3100 1520 3389 1592 privetur,
3443 1520 3545 1590 qui
3606 1520 3798 1575 solum

379 1607 520 1677 λεῖν,
553 1602 678 1661 ἄνευ
733 1625 794 1680 γε
844 1606 941 1659 τοῦ
997 1599 1392 1678 διερμηνεύειν.
1444 1599 1567 1656 Ἐὰν
1609 1601 1737 1676 γὰρ,
1769 1601 1927 1678 φησὶ,
1956 1605 2030 1673 τῷ

2142 1606 2365 1679 linguis
2391 1608 2656 1678 loquitur
2685 1608 2913 1680 absque
2956 1608 3480 1680 interpretatione.
3503 1609 3798 1674 Quoniam

378 1696 645 1768 πνεύματι
705 1691 1034 1768 εὐλογήσῃς,
1088 1691 1332 1747 τουτέστι
1388 1688 1450 1745 σὺ
1495 1690 1664 1764 μόνος
1713 1688 1913 1750 συνιεὶς
1942 1688 2030 1744 καὶ

2144 1696 2193 1752 si
2224 1696 2620 1763 benedixeris,
2655 1698 2871 1768 inquit,
2907 1697 3205 1769 spiritum,
3238 1699 3350 1752 hoc
3381 1704 3491 1766 est,
3524 1704 3589 1753 tu
3634 1698 3796 1754 solus

383 1787 576 1841 σαυτὸν
609 1786 696 1849 οἷς
721 1782 972 1859 εὐλογεῖς
1003 1779 1256 1860 ὠφελῶν,
1308 1781 1338 1836 ὁ
1385 1776 1443 1835 δὲ
1486 1779 1760 1854 ἀκροατὴς
1809 1777 1872 1833 οὐ
1903 1799 2030 1833 συν-

2141 1784 2501 1857 intelligens,
2555 1792 2613 1840 et
2661 1784 2769 1840 tibi
2819 1785 2933 1858 ipsi
2991 1784 3188 1840 verbis
3246 1786 3461 1856 quibus
3492 1784 3794 1841 benedicis

384 1875 531 1945 ἰησιν
561 1873 593 1929 ἃ
619 1872 815 1948 λὲγεις,
840 1959 843 1960 ν
871 1872 925 1927 τί
982 1869 1409 1960 ἀποκριθήσεται
1454 1868 1602 1960 πρὸς,
1645 1867 1702 1923 σὲ
1725 1867 2030 1960 ς-πιῦς-ἐρεῖ

2140 1874 2455 1929 utilitatem
2486 1874 2773 1930 aﬁerens:
2809 1875 3047 1930 auditor
3075 1880 3273 1930 autem
3306 1892 3425 1930 non
3455 1874 3795 1948 intelligens

377 1965 464 2037 τὸ,
504 1965 762 2038 «Ἀμὴν,
824 1959 886 2016 ἂν
944 1964 1108 2016 τοῦτο
1255 1959 1423 2038 χρεία
1475 1958 1646 2034 τυχὸν
1706 1955 1869 2012 αὐτὸν
1894 1956 2031 2011 ἀπο-

373 2052 681 2129 κρίνασθαι,
716 2048 886 2126 μηδὲν
944 2047 1092 2112 ὃλως
1146 2045 1308 2111 εἰδὼς
1364 2047 1439 2102 ὦν
1482 2045 1658 2121 λὲγεις
1690 2047 1790 2115 σύς
1824 2044 1900 2100 Σὺ
1936 2045 2033 2118 μὲν

368 2142 477 2218 γὰρ
533 2141 720 2203 καλῶς
775 2137 866 2195 καί
924 2137 1012 2194 ἰπὶ
1074 2139 1270 2192 σαυτοῦ
1326 2134 1658 2213 συμφέροντι
1710 2132 1956 2210 εὐλογεῖς
1995 2135 2031 2205 ἢ

370 2232 743 2311 εὐχαριστεῖς,
778 2228 824 2284 εἷ
855 2228 1043 2303 τύχοι,
1074 2227 1110 2296 ἤ
1145 2224 1289 2281 ἄλλο
1316 2246 1369 2281 τι
1398 2229 1507 2281 τῶν
1558 2221 1793 2279 δεόντων
1829 2227 2029 2285 ποιεῖς.

368 2310 627 2379 Καθόλου
685 2318 791 2394 γὰρ
841 2318 934 2373 τὸν
991 2315 1155 2392 λόγον
1218 2311 1475 2390 βούλεται
1532 2311 1899 2384 ἐξακούεσθαι,
1939 2310 2031 2367 καὶ

368 2412 476 2467 οὐκ
504 2409 592 2465 ἐπὶ
647 2428 797 2470 τινος
855 2403 1034 2468 εἴδους
1096 2402 1419 2479 ὡρισμένου.
1479 2403 1571 2458 Διὸ
1625 2401 1759 2457 ποτὶ
1818 2401 1915 2474 μὶν
1943 2401 2031 2472 τὸ,

374 2524 396 2552 ι
434 2499 710 2567 ΨάΛλειν,
735 2520 762 2547 ι)
789 2494 994 2552 ἄλλοτε
1014 2491 1072 2549 δὲ
1090 2495 1174 2562 τὸ,
1207 2518 1228 2543 ι
1256 2491 1543 2566 Εὐλογεῖν,
1565 2513 1593 2544 ι
1626 2490 1720 2546 καὶ
1756 2490 1873 2563 μετ’
1900 2488 2030 2544 αὐτὸ

364 2589 460 2647 καὶ
493 2589 606 2643 ἀντ’
638 2586 804 2642 αὐτοῦ
852 2585 1040 2656 τίθησι
1090 2582 1176 2653 τὸ,
1237 2604 1266 2634 ‹‹
1309 2581 1697 2656 Εὐχαριστεῖν,
1732 2601 1760 2632 ι
1820 2575 2033 2642 δεικνὺς

365 2679 452 2735 ὅτι
509 2673 748 2733 καθόλου
810 2675 934 2751 περὶ
991 2674 1194 2737 παντὸς
1251 2671 1545 2748 ἀναγκαίου
1594 2668 1685 2724 καὶ
1718 2665 2028 2739 ἐπιτηδείου

361 2767 644 2846 γλώσσαις
674 2764 1024 2839 ΛαΑουμένου
1081 2761 1225 2818 ἐστιν
1286 2759 1438 2833 αὐτῷ
1465 2761 1502 2831 ἡ
1532 2758 1843 2834 παραίνεσις
1872 2756 1962 2812 καὶ
1989 2758 2024 2826 ἡ

362 2845 601 2928 σπουδή.
639 2854 820 2913 Ἀλλ’.
866 2852 1000 2929 ὅπερ
1060 2849 1276 2928 ἔλεγον,
1335 2848 1399 2904 σὺ
1461 2850 1580 2923 μὲν,
1612 2847 1797 2927 φησὶν,
1828 2845 1915 2902 ἐπὶ
1945 2850 2028 2918 τῷ

360 2949 593 3003 σεαυτοῦ
645 2944 979 3024 συμφέροντι
1046 2939 1329 3016 γλώσσαις
1395 2936 1607 3005 λαλῶν,
1673 2934 1921 3010 εὐλογεῖς
1987 2931 2024 3004 ἤ

357 3037 730 3115 εὐχαριστεῖς,
835 3030 978 3088 ἄλλο
1006 3050 1061 3086 τι
1092 3027 1305 3095 λαλεῖς,
1365 3027 1395 3083 ὁ
1453 3024 1511 3081 δὲ
1563 3026 1837 3115 ἀκροατής
1867 3021 2024 3079 οὐδὲν

356 3111 660 3199 κερδαίνει,
690 3118 847 3177 οὐδὲν
879 3119 1175 3196 ὠφελεῖται
1214 3116 1322 3173 ἀπὸ
1381 3120 1499 3171 σοῦ.
1540 3115 1602 3173 Ὁ
1660 3111 1719 3169 δὲ
1759 3116 1884 3175 νοῦς
1917 3132 2023 3185 μου

364 3212 607 3287 ἄκαρπός
661 3211 795 3266 ἔστι·
825 3234 857 3263 ››
912 3207 1214 3276 τουτέστιν,
1275 3205 1375 3261 οὐκ
1426 3202 1556 3279 ἔσχε
1613 3204 1704 3258 τὸν
1761 3201 1866 3258 ἀπὸ
1911 3202 2021 3256 τῶν

367 3302 649 3378 ἀκροατῶν
704 3298 1064 3377 συναγόμενον
1146 3294 1294 3367 αὐτῷ
1348 3294 1440 3350 καὶ
1494 3292 1838 3369 τρυγώμενον
1892 3310 2022 3366 καρ·

364 3393 497 3454 πὸν.
527 3391 556 3446 ὁ
584 3394 681 3447 τοῦ
710 3388 1013 3450 λαλοῦντος
1045 3390 1170 3448 νοῦς
1232 3385 1336 3440 οὐκ
1393 3379 1681 3459 ἰκὲρδησεν
1715 3381 1903 3451 αὐτὸν,
1936 3380 2036 3435 οὐκ

368 3480 660 3553 ἀπήλαυσε
709 3479 807 3535 τοῦ
859 3476 1114 3534 τοιούτου
1174 3478 1411 3551 καρποῦ,
1468 3469 1681 3549 ἕρημος
1729 3468 1886 3550 ὢιρθη
1936 3473 2035 3525 τοῦ

365 3573 604 3646 καρποῦ,
636 3566 881 3644 ἄκαρπός
916 3564 1002 3621 ἐστ
1012 3587 1076 3620 ιν.

449 3835 513 3894 Τί
579 3837 673 3892 οὗν
735 3834 892 3904 Em;
961 3830 1341 3908 Προσεύξομαι
1398 3833 1479 3901 τῷ
1529 3825 1819 3899 πνεύματί,
1865 3845 2033 3899 προσ-

370 3928 596 4001 εύξομαι
627 3923 685 3982 δὲ
737 3924 829 3980 καὶ
884 3927 967 3996 τῷ
1028 3918 1136 3980 νοΐ.
1192 3918 1369 3975 Ψαλῶ
1422 3923 1502 3992 τῷ
1548 3916 1842 3991 πνεύματι,
1872 3914 2034 3989 ψαλῶ

368 4013 549 4072 δὲκαὶ
602 4020 686 4089 τῷ
738 4015 848 4071 νοῒ.
908 4010 1062 4070 Ἐπεὶ
1124 4012 1213 4067 εὰν
1267 4008 1582 4083 εὐλογησῃς
1634 4011 1715 4080 τῷ
1741 4006 2033 4080 πνεύματι,

366 4108 397 4163 ὁ
466 4105 800 4179 ἀναπληρῶν
870 4103 966 4159 τὸν
1029 4101 1198 4158 τόπον
1269 4102 1367 4154 τοῦ
1426 4095 1676 4164 ἰδιώτου,
1741 4101 1860 4159 πῶς
1924 4095 2037 4169 ἐρεῖ

363 4196 431 4251 τὸ
493 4196 671 4268 Ἀμὴν
728 4191 815 4249 ἰπὶ
872 4195 943 4266 τῇ
1004 4189 1075 4266 σῇ
1125 4186 1490 4265 εὐχαριστίας
1549 4183 1736 4257 ἐπειδή
1768 4183 2035 4262 τίλέγεις

369 4287 476 4343 οὐκ
533 4283 669 4343 οἶδε.
733 4284 810 4340 Σὺ
864 4284 960 4356 μὲν
1016 4281 1119 4357 γὰρ
1177 4278 1362 4340 καλῶς
1421 4278 1789 4353 εὐχαριστεῖς,
1840 4273 1969 4332 ἀλλ’
2005 4276 2034 4331 ὁ

367 4373 553 4451 ἕτερος
614 4373 714 4431 οὐκ
772 4369 1170 4445 οἰκοδομεῖται.
1233 4367 1560 4444 Εὐχαριστῶ
1615 4371 1697 4439 τῷ
1749 4372 1868 4439 Θεῳ
1928 4387 2033 4439 μου

368 4467 589 4522 πάντων
657 4464 810 4537 ὑμῶν
873 4458 1094 4536 μᾶλλον
1161 4457 1438 4535 γλώσσαις
1506 4453 1720 4525 λαλῶν,
1781 4451 1910 4511 ἀλλ’
1984 4454 2036 4511 ἐν

364 4552 675 4627 Ἐκκλησία
736 4551 884 4608 θὲλω
950 4548 1109 4606 πὲντε
1174 4546 1374 4623 λόγους
1438 4543 1527 4600 διὰ
1588 4548 1685 4600 τοῦ
1745 4544 1870 4606 νοός
1930 4565 2032 4617 μου

369 4625 660 4715 λαλῆσαι,
690 4641 783 4697 ⁴ἵνα
854 4642 943 4696 καὶ
1014 4637 1222 4700 ἄλλους
1294 4636 1622 4710 κατηχήσω,
1691 4633 1727 4702 ἥ
1797 4632 2027 4708 μυρίους
2059 4625 2105 4690 D

370 4732 576 4811 λόγους
607 4732 660 4788 ἐν
696 4729 942 4807 γλώσσῃ.

366 4870 371 4873 ,
448 4823 508 4877 Γί
541 4823 632 4878 οὗν
665 4820 808 4877 ἐστιν
841 4818 872 4875 ὅ
902 4819 1043 4894 χρὴ,
1075 4814 1259 4894 φησὶν,
1287 4813 1456 4869 αἰτεῖν
1484 4812 1579 4867 τὸν
1616 4812 1744 4868 Θεὸν
1773 4832 1787 4882 ;
1827 4812 1895 4869 Τί
1920 4831 1933 4881 ;
1963 4812 2026 4868 τὸ

374 4912 775 4987 προσεύχεσθαι
803 4912 887 4981 τῷ
928 4906 1223 4978 πνεύματι,
1280 4904 1400 4959 οἷον
1450 4905 1521 4976 τῇ
1577 4904 1756 4976 ψυχῇ,
1788 4902 1920 4975 ὅπερ
1950 4901 2027 4964 εἰς

367 5004 473 5073 τήν
534 5002 702 5057 αὐτοῦ
756 4997 928 5072 μόνου
985 4994 1244 5051 συντείνει
1298 4990 1591 5067 ὠφέλειαν,
1627 4992 2028 5066 προσεύχεσθαι

371 5091 432 5148 δὶ
459 5091 550 5147 καὶ
579 5096 661 5163 τῷ
690 5090 798 5157 νοῒ,
832 5086 967 5161 ὅπερ
1022 5085 1113 5140 καὶ
1174 5082 1253 5144 εἷς
1307 5083 1407 5151 τήν
1436 5086 1547 5136 τῶν
1574 5078 1813 5150 πλησίον
1840 5081 2030 5159 φθάνει

371 5177 702 5255 οἰκοδομὴν,
761 5177 901 5233 κατᾶ
958 5176 1060 5242 τήν
1117 5171 1300 5228 ἐπάνω
1355 5171 1733 5246 παραγραφὴν,
1765 5171 1855 5225 καὶ
1886 5167 2031 5242 ψάλ-

368 5272 485 5328 λειν
515 5265 574 5324 δὲ
603 5266 836 5341 ὁμοίως.
870 5288 897 5316 «
932 5264 1111 5319 ΨαΛῶ
1133 5265 1214 5333 τῷ
1239 5258 1578 5332 πνεύματι.»
1602 5290 1671 5301 -
1695 5258 2028 5332 [ΘΕΟΔΩΡ.]

370 5365 616 5434 Πνεῦμα,
638 5356 703 5414 τὸ
734 5354 1094 5429 πνευματικὸν
1130 5351 1381 5427 χάρισμα
1435 5347 1614 5419 καλεῖ,
1658 5353 1786 5404 νοῦν
1823 5345 1902 5413 δὲ,
1930 5353 2030 5418 τήν

368 5455 662 5534 σαφήνειαν
723 5450 811 5505 καὶ
875 5445 1167 5524 ἑρμηνείαν
1224 5448 1334 5498 τῶν
1385 5441 1721 5517 λεγομένων.
1779 5437 2032 5534 Λέγειῌδὶ

367 5527 464 5599 ’ὁτι-
506 5541 776 5617 προσήκει
835 5538 927 5593 τὸν
979 5534 1133 5611 ἑτέρᾳ
1193 5530 1419 5607 γλώσσῃ
1479 5528 1888 5606 διαλεγόμενον,
1927 5527 2033 5586 ε’ἰτε

370 5632 463 5689 ἐπὶ
495 5626 854 5706 ψαλμῳδίας,
911 5624 1020 5681 ε’ίτε
1077 5622 1168 5678 ἐπὶ
1222 5624 1560 5697 προσευχῆς,
1615 5618 1723 5676 ε’ίτε
1761 5619 1849 5675 ἐπὶ
1881 5617 2035 5675 διδα-

373 5718 639 5789 σκαλιας,
667 5715 705 5786 ἤ
736 5714 897 5771 αὐτὸν
952 5710 1272 5789 ἑρμηνεύειν
1329 5709 1422 5765 καὶ
1479 5714 1620 5764 νοεῖν
1672 5709 1725 5766 τί
1785 5707 1929 5786 Λέγει
1959 5707 2036 5773 εἷς

2140 1979 2271 2034 quas
2302 1963 2472 2029 dicis,
2507 1963 2804 2034 quomodo
2838 1962 2945 2018 tibi
2997 1964 3432 2035 respondebit?
3488 1963 3788 2035 quomodo

2137 2050 2295 2107 dicet
2325 2067 2340 2107 :
2372 2073 2402 2102 «
2436 2054 2644 2120 Amen,
2681 2074 2709 2101 ι»
2741 2051 2790 2107 si
2819 2052 3089 2107 fortassis
3119 2053 3231 2107 boc
3257 2068 3393 2108 eum
3422 2052 3785 2124 respondere

2135 2146 2425 2212 Oporteat,
2440 2156 2576 2197 cum
2599 2141 2748 2196 nihil
2774 2141 3021 2196 omnino
3045 2140 3341 2213 intelligat
3372 2158 3506 2211 qua)
3529 2147 3596 2197 tu
3613 2142 3781 2198 dicis!

2137 2231 2437 2302 Siquidem
2451 2237 2516 2286 tu
2547 2230 2696 2285 bene
2712 2236 2769 2286 et
2799 2230 2873 2285 ad
2890 2231 2974 2285 tui
3004 2230 3188 2302 ipsius
3219 2230 3675 2296 commodum.si
3691 2249 3787 2287 res

2133 2319 2615 2387 ferat,benedicis
2647 2324 2706 2374 et
2734 2319 2883 2392 agis,
2916 2325 3017 2375 aut
3045 2319 3210 2374 aliud
3241 2319 3548 2391 quippiam
3580 2337 3787 2375 eorum

2135 2425 2267 2479 quae
2297 2408 2425 2464 ﬁeri
2456 2413 2689 2480 oportet
2736 2409 2861 2481 agis
2900 2407 3146 2480 (ubique
3177 2408 3339 2463 enim
3372 2409 3484 2463 hoc
3541 2408 3789 2465 verbum

2134 2498 2257 2554 vult
2286 2498 2615 2570 subaudiri,
2635 2504 2695 2553 et
2722 2515 2843 2553 non
2868 2499 2932 2553 in
2961 2498 3161 2568 aliquo
3191 2514 3407 2570 genere
3438 2498 3682 2554 deﬁnito
3705 2499 3791 2554 in-

2135 2587 2344 2642 sistere
2382 2605 2395 2644 :
2428 2586 2562 2643 ideo
2595 2603 2758 2655 nunc
2788 2587 3030 2658 quidem
3060 2586 3227 2654 dicit,
3243 2610 3270 2638 ι(
3292 2587 3574 2657 Psallere,
3601 2609 3628 2636 ››
3643 2587 3787 2643 alibi

2134 2691 2271 2731 vero
2292 2702 2310 2724 α
2335 2676 2709 2741 Benedicere,
2733 2697 2759 2727 ι
2777 2681 2836 2731 et
2857 2676 3203 2748 postipsum
3235 2676 3415 2731 etiam
3444 2693 3553 2748 pro
3577 2677 3786 2733 eodem

2133 2765 2321 2837 ponit,
2356 2786 2383 2814 ‹‹
2415 2765 2644 2821 Gratias
2692 2781 2866 2837 agere
2901 2782 2916 2833 ;
2961 2785 2989 2814 »
3023 2763 3345 2820 ostendens
3373 2765 3535 2836 quod
3562 2765 3785 2837 ubique

2134 2855 2211 2910 sit
2239 2855 2370 2926 ejus
2382 2854 2718 2910 adhortatio
2741 2869 2809 2909 ac
2822 2848 3172 2909 studium‘de
3185 2854 3351 2909 omni
3371 2870 3436 2909 re
3448 2854 3787 2911 necessaria

2133 2961 2202 2999 ac
2233 2943 2774 3015 convenienti,qum
2788 2942 3007 3016 linguis
3038 2944 3428 3015 exprimitur).
3464 2944 3688 3016 Itaque,
3717 2951 3785 3001 ut

2134 3033 2349 3099 dixi,tu
2378 3032 2621 3104 quidem
2636 3032 2855 3104 linguis
2885 3031 3252 3102 loquens,ad
3283 3033 3367 3088 tui
3398 3033 3587 3104 ipsius
3616 3050 3781 3089 com-

2131 3121 2376 3177 modum
2407 3120 2712 3176 benedicis
2739 3120 2831 3176 vel
2860 3121 3079 3194 gratias
3110 3121 3258 3194 agis,
3286 3126 3389 3176 aut
3417 3121 3580 3177 aliud
3610 3122 3782 3193 quip-

2134 3211 2293 3282 piam
2348 3211 2614 3282 loqueris
2638 3228 2654 3278 ;
2701 3210 2940 3266 auditor
2965 3226 3103 3266 vero
3133 3210 3368 3265 nullum
3396 3216 3663 3282 reportat
3688 3211 3785 3266 lu-

2137 3316 2327 3366 crum,
2385 3301 2536 3355 nihil
2591 3316 2627 3356 a
2670 3305 2729 3355 te
2751 3300 3013 3373 juvatur.
3049 3320 3079 3351 ιι
3108 3303 3183 3355 At
3239 3316 3409 3355 mens
3466 3317 3601 3356 mea
3656 3300 3785 3355 sine

2136 3388 2334 3445 fructu
2359 3394 2470 3455 est,
2499 3408 2528 3440 ιι
2555 3390 2668 3445 hoc
2697 3395 2807 3455 est,
2839 3405 2960 3444 non
2990 3388 3220 3461 accepit
3245 3388 3508 3444 fructum
3528 3389 3601 3444 ab
3623 3389 3788 3446 aud.-

2135 3479 2366 3544 toribus
2384 3478 2812 3544 collectum,vel
2824 3483 3110 3550 tanquam
3131 3495 3203 3534 ex
3223 3479 3523 3534 vindemia
3551 3495 3792 3551 congre-

2137 3574 2342 3634 gatum
2368 3585 2381 3623 :
2413 3569 2573 3624 hunc
2606 3584 2727 3623 non
2757 3567 2869 3623 sibi
2899 3567 3199 3623 lucrifecit
3227 3583 3398 3623 mens
3423 3567 3553 3639 ejus
3583 3567 3684 3638 qui
3699 3567 3788 3622 lo-

2138 3659 2362 3729 quitur,
2394 3674 2518 3713 non
2569 3657 2751 3713 fruita
2780 3663 2869 3712 est
2893 3657 2997 3712 tali
3028 3657 3246 3725 fructu,
3298 3656 3563 3713 desolata
3601 3673 3789 3730 appa-

2138 3746 2261 3802 ruit
2288 3748 2506 3814 fructu,
2540 3747 2670 3802 sine
2701 3747 2896 3801 fructu
2926 3753 3036 3802 est.

2209 3838 2366 3894 500
2386 3837 2529 3903 XIV,
2556 3836 2734 3892 15-19.
2760 3858 2788 3885 ‹‹
2822 3835 2972 3900 Quid
3001 3851 3139 3908 ergo
3175 3836 3302 3890 est?
3320 3835 3509 3891 Orabo
3548 3834 3786 3906 spiritu,

2139 3951 2168 3979 ‹‹
2188 3926 2292 3982 sed
2313 3924 2493 3981 orabo
2512 3930 2570 3980 et
2580 3929 2808 3980 mente:
2831 3924 3083 3996 psaliam
3103 3923 3446 3995 spiritu,sed
3460 3923 3711 3995 psallam
3730 3928 3791 3978 et

2140 4037 2169 4067 ‹‹
2182 4019 2402 4070 mente.
2415 4012 2646 4083 Alioqui
2665 4012 2714 4067 si
2727 4010 3103 4067 benedixeris
3115 4010 3403 4083 spiritu,is
3416 4011 3517 4081 qui
3529 4010 3789 4081 complet

2139 4105 2379 4161 «locum
2394 4100 2923 4172 idiotae,quomodo
2935 4100 3204 4156 dicturus
3216 4106 3305 4156 est
3316 4103 3505 4155 Amen
3518 4099 3595 4157 ad
3621 4106 3786 4155 tuam

2139 4218 2167 4248 α
2182 4192 2663 4249 benedictionem
2677 4191 2705 4246 ‘2
2721 4189 2959 4262 quando
2974 4189 3216 4261 quidem
3230 4189 3375 4260 quid
3393 4190 3556 4245 dicas
3576 4189 3785 4245 nescit.

2141 4304 2167 4336 α
2183 4285 2328 4339 Nam
2345 4288 2410 4337 tu
2422 4281 2666 4352 quidem
2683 4280 2835 4335 bene
2870 4280 3092 4352 gratias
3110 4279 3253 4353 agis,
3280 4296 3486 4334 verum
3501 4278 3787 4335 aliusnon

2139 4372 2529 4428 «mdiﬁcatur.
2566 4370 2796 4427 Gratias
2817 4386 2924 4441 ago
2937 4370 3057 4425 Deo
3078 4385 3234 4438 meo,
3267 4369 3569 4442 quimagis
3609 4384 3787 4440 quam

2138 4485 2164 4511 κ
2184 4478 2391 4518 omnes
2419 4478 2520 4516 vos
2549 4459 2766 4534 linguis
2799 4459 3031 4530 loquor.
3067 4457 3178 4514 Sed
3222 4459 3284 4514 in
3314 4458 3577 4514 Ecclesia
3628 4457 3786 4513 malo

2138 4575 2165 4601 ‹‹
2191 4552 2456 4623 quinque
2486 4550 2877 4606 verbamente
2910 4565 3047 4604 mea
3074 4547 3332 4619 loqui,ut
3363 4555 3421 4604 et
3451 4548 3600 4604 alios
3618 4548 3786 4603 insti-

2140 4661 2165 4694 c
2198 4648 2386 4709 tuam,
2420 4656 2600 4710 quam
2632 4640 2839 4696 decem
2872 4638 3063 4693 millia
3091 4638 3404 4694 verborum
3434 4638 3657 4710 lingua.
3693 4660 3723 4687 ››

2212 4820 2364 4887 Quid
2392 4818 2574 4891 igitur
2603 4824 2714 4886 est,
2730 4818 2944 4888 inquit,
2971 4815 3130 4888 quod
3163 4832 3198 4871 a
3228 4817 3345 4871 Deo
3377 4822 3578 4887 petere
3611 4832 3790 4887 opor-

2134 4912 2221 4963 tet
2248 4907 2276 4962 ?
2298 4906 2441 4978 quid
2467 4905 2496 4960 ‘2
2509 4921 2679 4960 orare
2702 4903 2916 4975 spiritu
2947 4901 3463 4973 siveanima,quod
3496 4902 3572 4958 ad
3602 4903 3790 4974 ipsius

2136 5003 2369 5053 tantum
2407 4995 2728 5051 utilitatem
2761 4993 3174 5066 protenditur:
3202 4993 3307 5048 sed
3338 5009 3510 5048 orare
3533 4998 3593 5049 et
3621 5010 3793 5049 men-

2138 5086 2382 5159 te,quod
2413 5086 2592 5142 etiam
2623 5084 2699 5140 ad
2719 5083 3130 5156 proximorum
3164 5083 3449 5156 pertingit
3476 5080 3793 5139 utilitatem

2131 5179 2303 5251 juxta
2333 5175 2707 5248 superiorem
2737 5172 3569 5246 prmscriptionem.Similiter
3593 5180 3796 5230 autem

2138 5272 2197 5323 et
2248 5265 2526 5338 psallere.
2586 5286 2613 5313 «
2648 5262 2908 5319 Psallam
2968 5261 3264 5333 spiritu.»
3313 5262 3596 5334 Spiritum
3629 5268 3799 5321 vocat

2139 5354 2447 5428 spirituale
2466 5354 2710 5418 donum,
2729 5357 2987 5407 mentem
3003 5367 3141 5406 vero
3172 5351 3714 5411 manifestationem
3727 5370 3796 5413 ac

2140 5444 2696 5516 interpretationem
2728 5457 2934 5497 eorum
2954 5457 3086 5511 qua:
3105 5440 3565 5499 dicuntur.Dicit
3595 5453 3795 5502 autem

2141 5532 2302 5604 quod
2332 5531 2613 5604 expediat
2641 5547 2776 5586 eum
2796 5530 2898 5601 qui
2920 5530 3039 5585 alia
3058 5529 3261 5602 lingua
3272 5532 3556 5603 loquitur,
3580 5534 3700 5588 sive
3730 5535 3791 5589 in

2141 5621 2497 5694 psalmodia,
2529 5620 2649 5676 sive
2692 5620 2753 5675 in
2797 5620 3087 5688 oratione,
3121 5620 3240 5674 sive
3271 5620 3334 5674 in
3367 5619 3656 5683 doctrina.
3688 5628 3791 5677 aut

2142 5713 2341 5783 ipsum
2367 5709 2746 5782 interpretari
2768 5714 2828 5764 et
2848 5707 3175 5781 intelligere
3197 5708 3341 5778 quid
3355 5707 3513 5763 dicat
3531 5707 3606 5762 ad
3626 5709 3789 5763 utili-
