4118 6394
354 363 472 425 851

1440 359 1861 423 (ΒΟΠΜΕΝΙΙ
1905 356 2209 424 ΤΒΙΟΟΑΕ
2255 357 2625 422 EPISCOPI.

3651 355 3774 418 852

356 498 541 553 tatem
601 494 960 557 auditorum,
993 497 1095 549 aut
1145 491 1331 550 alium
1364 493 1476 549 hoc
1504 493 1700 549 facere
1731 491 2005 547 convenit

2134 486 2390 562 ἰοφὲλειαν
2446 494 2555 545 τῶν
2613 488 2945 561 ἀκουόντων,
3001 489 3037 561 ἢ
3097 484 3278 562 ἕτερον
3336 492 3502 545 τοῦτο
3566 492 3774 558 ποιεῖν,

360 587 460 658 qui
517 586 707 658 possit
761 585 1246 656 cooperationem
1321 583 1609 643 doctrinas
1683 584 2008 655 suscipere.

362 698 390 728 «
423 675 660 747 Alioqui
691 675 738 732 si
758 675 1136 733 benedixeris
1167 676 1401 747 spiritu.
1438 698 1467 727 »
1491 677 1636 733 Nam
1668 675 1718 729 si
1742 680 1801 730 tu
1828 673 2012 739 solus,

2121 570 2417 651 δυνάμενον
2478 579 2736 655 συνεργὸν
2792 585 2895 649 τῆς
2967 570 3322 641 διδασκαλίας
3403 570 3779 653 παραλαμϐά-

2113 669 2322 725 νεσθαι.
2392 689 2411 716 α
2447 667 2600 726 Ἐπεὶ
2655 669 2743 725 ἑὰν
2805 668 3118 745 εὐλογήσῃς
3146 671 3227 739 τῷ
3266 666 3560 739 πνεύματι.
3590 688 3619 717 »
3651 667 3775 724 Ἐάν

361 763 576 834 inquit,
611 763 727 819 scis
761 762 904 833 quid
937 763 1266 827 benedicis.
1299 769 1405 821 aut
1451 762 1597 834 quid
1640 762 1928 834 precaris,
1958 766 2019 820 et

2134 758 2217 835 {ap
2251 758 2417 830 μόνον
2453 758 2516 813 σὺ
2564 759 2869 828 ἐπίστασαι,
2903 757 3062 837 φησὶ,
3111 756 3164 813 τί
3215 754 3490 831 εὐλογεῖς,
3522 755 3690 829 ἤγουν
3725 756 3779 810 τί

359 852 561 907 anima
592 856 692 909 tua
719 851 833 906 hoc
863 850 1005 906 dicit
1036 851 1274 921 spiritu,
1307 850 1525 921 reliqui
1549 866 1684 906 vero
1718 849 2011 922 ignorant,

360 956 430 995 eo
461 940 621 1011 quod
655 946 717 996 tu
745 956 867 997 non
897 940 1134 997 noveris
1163 939 1569 1012 interpretari,
1602 939 1722 995 sive
1753 956 1875 995 non
1906 955 2017 995 uo-

356 1028 511 1084 veris
542 1030 659 1086 vim
714 1047 921 1087 eorum
967 1046 1098 1101 quas
1125 1030 1408 1087 dicuntur
1436 1047 1448 1086 :
1484 1029 1586 1102 qui
1619 1029 1740 1102 agit
1768 1029 2014 1086 idiotam

358 1133 481 1174 non
511 1120 731 1190 poterit
762 1119 959 1175 dicere
983 1122 1174 1175 Amen
1204 1119 1278 1176 ad
1297 1124 1458 1176 tuam
1491 1118 1826 1175 orationem
1857 1135 1870 1174 :
1895 1133 2016 1173 non

359 1207 523 1265 enim
552 1209 714 1264 novit
742 1209 887 1280 quid
928 1208 1091 1265 dicas
1122 1225 1138 1265 :
1171 1225 1365 1280 neque
1414 1208 1527 1264 scit
1567 1207 1809 1280 quando
1840 1224 2014 1279 opor-

359 1302 484 1354 teat
529 1304 584 1353 te
614 1298 819 1356 audire
863 1302 1074 1355 Amen.
1107 1320 1134 1349 «
1170 1299 1388 1355 Locum
1418 1298 1639 1354 idiotas.
1676 1318 1701 1349 ιι
1764 1297 2015 1353 ldiotam

361 1387 506 1445 dicit
535 1405 669 1446 eum
703 1388 805 1461 qui
836 1388 898 1444 in
929 1388 1142 1445 ordine
1171 1387 1346 1455 laico,
1384 1388 1505 1444 sive
1550 1388 1762 1460 plebeo
1793 1387 2017 1443 consti—

357 1482 522 1535 tutus
552 1485 677 1537 est:
713 1496 853 1536 nam
887 1495 988 1535 eos
1019 1495 1258 1551 quoque
1291 1480 1374 1536 ita
1402 1494 1609 1536 vocare
1639 1478 1862 1547 rsolent
1913 1477 2016 1550 qui

359 1575 501 1625 sunt
519 1574 687 1627 extra
713 1568 1139 1627 militiamlloc
1168 1575 1370 1626 autem
1401 1573 1492 1624 est
1522 1568 1680 1639 quod
1710 1567 1855 1624 dicit
1885 1584 1898 1623 :
1934 1569 2017 1624 Tu

360 1659 462 1728 qui
493 1658 723 1730 psallis,
756 1663 862 1714 aut
908 1673 1064 1726 oras,
1097 1658 1490 1729 interpretare
1539 1674 1609 1713 ea
1648 1673 1780 1727 quae
1805 1656 2015 1712 dicun-

362 1753 481 1815 tur,
511 1753 573 1804 et
599 1746 709 1802 tibi
758 1746 870 1817 ipsi
902 1752 962 1801 et
993 1746 1269 1803 similiter
1300 1746 1395 1801 bis
1424 1748 1525 1816 qui
1560 1751 1616 1801 te
1648 1746 1919 1815 audiunt,
1952 1751 2018 1802 ut

2117 844 2361 921 εὕχεσαι,
2419 846 2510 902 καὶ
2568 850 2603 917 ἡ
2660 847 2730 916 σὴ
2786 847 2946 924 ψυχὴ
3001 850 3167 903 τοῦτο
3202 844 3456 920 λέγειτῷ
3486 847 3780 918 πνεύματι,

2117 935 2170 990 οἱ
2200 932 2260 991 δὲ
2288 934 2477 993 λοιποὶ
2517 934 2768 1010 ἀγνοοῦσι
2799 939 2880 1008 τῷ
2913 935 2970 990 σὲ
3033 936 3110 1009 μὴ
3169 931 3371 990 εἶδέναι
3426 934 3780 1009 ἑρμηνεῦσαι,

2118 1023 2287 1099 ἤγουν
2319 1025 2396 1098 μή
2428 1021 2613 1080 εἰδότα
2663 1025 2765 1095 τήν
2822 1020 3049 1097 δύναμιν
3110 1027 3217 1079 τῶν
3266 1021 3610 1100 λεγομίνων,
3644 1022 3672 1076 ὁ
3705 1022 3784 1084 εἷς

2116 1111 2350 1184 ῗδιώτην
2404 1112 2601 1183 τελῶν,
2662 1113 2763 1172 οὐκ
2809 1108 2870 1167 ἀν
2931 1108 3057 1189 εἵη-ῃ
3113 1112 3199 1182 τὸ,
3254 1113 3458 1186 ’Δμήν,
3489 1110 3678 1186 ἐπὶτῇ
3712 1115 3781 1186 σῇ

2118 1203 2280 1277 εὐχῇ·
2315 1204 2410 1273 Μὴ
2442 1200 2600 1266 ε’ίδὼς
2632 1202 2736 1278 γὰρ
2786 1203 2839 1261 τί
2896 1202 3107 1271 λαλεῖς,
3167 1199 3296 1258 οὐδὲ
3354 1201 3614 1279 γινώσκει
3648 1202 3784 1256 πότε

2119 1290 2201 1347 δεῖ
2233 1313 2318 1347 σοι
2348 1293 2433 1360 τὸ,
2467 1294 2669 1367 Ἀμὴν,
2703 1294 3024 1351 ὑπακοῦσαι.
3084 1316 3112 1346 ιι
3166 1293 3267 1348 Τὸν
3299 1291 3465 1347 τόπον
3497 1296 3596 1347 τοῦ
3630 1289 3783 1347 ἰδιώ-

2116 1401 2236 1441 του.
2274 1406 2301 1434 ι)
2359 1378 2610 1459 Ἰδιώτην
2664 1381 2834 1459 λέγει,
2879 1382 2972 1438 τὸν
3025 1381 3075 1439 ἐν
3106 1385 3188 1455 τῷ
3219 1378 3397 1454 λαϊκῷ
3429 1382 3664 1455 τάγματι
3692 1401 3781 1436 τε·

2116 1467 2410 1547 ταγμὲνον,
2444 1472 2530 1527 ὅτι
2560 1471 2651 1528 καὶ
2707 1473 2835 1533 τοὺς
2889 1466 2992 1543 ἔξω
3020 1477 3121 1541 τῆς
3164 1468 3445 1544 στρατείας
3478 1465 3653 1526 οὕτως
3683 1491 3787 1526 κα-

2120 1559 2236 1616 λεῖν
2268 1560 2512 1619 εἰώθασι.
2543 1563 2720 1619 Τοῦτο
2751 1558 2809 1617 δὲ
2838 1559 3009 1635 λέγει,
3059 1560 3144 1616 ὅτι
3196 1557 3442 1615 Ψάλλων
3486 1558 3577 1616 καὶ
3607 1580 3778 1635 προσ-

2121 1650 2419 1725 ευχόμενος
2466 1650 2734 1725 ὲρμήνευε
2787 1648 2879 1705 καὶ
2938 1651 3158 1706 σεαυτὸν
3211 1650 3279 1706 τὰ
3335 1646 3626 1723 λεγόμενα,
3683 1649 3777 1704 καὶ

2121 1739 2251 1803 τοὺς
2283 1739 2577 1803 ἀκούοντάς
2623 1759 2722 1796 σου
2779 1739 3014 1812 ὁμοίως,
3040 1738 3136 1794 ’ἱνα
3191 1737 3384 1794 εἳπωσι
3416 1738 3502 1806 τὸ,
3542 1759 3562 1786 ε
3596 1738 3783 1793 Γένοι-

364 1836 570 1894 dicant
622 1858 646 1890 ι
680 1838 843 1904 Fiat;
879 1860 901 1891 s
939 1837 1224 1907 quoniam
1255 1836 1480 1907 alioqui
1531 1836 1674 1907 quid
1717 1835 1881 1893 dicas
1910 1852 2011 1893 ne-

2134 1850 2207 1887 ιο.
2245 1853 2273 1881 u
2304 1829 2456 1888 Ἐπεὶ
2487 1830 2592 1886 οὐκ
2622 1827 2798 1886 οἴδασι
2830 1830 2882 1885 τί
2908 1826 3113 1905 λὲγεις.
3145 1827 3325 1886 Τοῦτο
3357 1827 3523 1904 λέγει.
3553 1852 3582 1880 ει
3604 1824 3785 1882 Ψαλιῖι

366 1926 581 1983 sciunt.
617 1927 736 1983 Hoc
766 1925 954 1983 dicit:
994 1948 1016 1977 ι
1064 1925 1320 1982 Psallam
1373 1925 1604 1998 spiritu,
1649 1926 1901 1998 psallam
1959 1931 2017 1982 et

2134 1921 2194 1993 τῇ
2244 1921 2423 1993 ψυχῇ.
2479 1917 2641 1992 ψαλῶ
2677 1919 2784 1975 ’καὶ
2836 1922 2915 1990 τῷ
2944 1922 3052 1987 νοῖ,
3082 1940 3111 1970 ››
3145 1918 3261 1973 ἀντὶ
3289 1921 3410 1984 τοῦ,
3444 1917 3664 1987 Novium,
3693 1914 3787 1971 καὶ

362 2024 586 2084 mente,
620 2040 646 2068 ›ι
662 2017 775 2074 hoc
796 2021 904 2081 est,
938 2016 1272 2088 intelligam
1302 2022 1361 2072 et
1377 2017 1815 2089 interpretabor
1836 2017 2015 2073 etiam

364 2106 798 2165 audientibus»
826 2109 971 2163 Nam
1005 2112 1070 2163 tu
1099 2106 1342 2176 quidem
1372 2105 1527 2162 bene
1555 2108 1776 2179 gratias
1806 2107 1950 2180 agis.
1988 2129 2011 2157 ι

437 2201 581 2259 801
612 2200 838 2258 Deinde
863 2200 1044 2256 etiam
1064 2199 1305 2272 dignam
1336 2199 1575 2256 Iaudem
1596 2216 1838 2257 servans
1860 2199 2014 2257 dono

360 2290 724 2363 linguarum,
755 2289 870 2345 ait:
904 2289 1053 2346 Nam
1084 2294 1149 2344 tu
1178 2287 1421 2359 quidem
1451 2288 1606 2345 bene
1626 2289 1845 2362 gratias
1869 2289 2014 2360 agis,

363 2380 468 2437 sed
523 2379 835 2453 proximus
862 2378 1092 2437 nullam
1119 2377 1305 2435 refert
1343 2378 1688 2436 utilitatem.
1750 2400 1779 2430 «
1837 2380 2017 2452 Magis

363 2485 545 2545 quam
576 2485 784 2526 omnes
814 2485 915 2525 vos
950 2468 1170 2541 linguis
1199 2466 1429 2539 loquor.
1462 2488 1489 2522 ιι
1524 2469 1909 2527 Postmodum
1942 2487 2015 2525 ne

366 2560 442 2616 ob
476 2558 537 2615 id
566 2558 835 2615 videatur
862 2557 1227 2629 vilipendere
1258 2574 1327 2614 ac
1356 2558 1637 2629 dejicere,
1671 2557 1791 2614 sive
1820 2559 2018 2615 minus

366 2648 617 2706 reddere
651 2647 873 2704 donum
921 2646 1284 2720 linguarum,
1316 2647 1476 2719 quod
1508 2648 1635 2720 ipse
1692 2647 1844 2704 illud
1899 2664 2019 2703 non

369 2737 696 2811 possideat,
727 2738 812 2794 ait
840 2754 854 2793 :
889 2758 918 2787 ιι
947 2738 1127 2809 Magis
1167 2752 1348 2808 quam
1381 2753 1590 2793 omnes
1646 2752 1750 2792 vos
1807 2736 2020 2808 linguis

365 2830 618 2901 loquor;
643 2849 672 2879 »
704 2827 815 2883 hoc
843 2833 1044 2883 tamen
1067 2827 1333 2883 dicturus
1365 2826 1625 2898 primum
1655 2827 1875 2898 gratias
1903 2827 2021 2900 egit

365 2919 507 2982 Deo,
566 2917 907 2986 signiﬁcans
966 2914 1126 2987 quod
1180 2914 1254 2971 ab
1313 2916 1442 2986 ipso
1502 2914 1727 2972 donum
1782 2915 2018 2974 habeat.

368 3031 394 3063 α
429 3010 701 3080 Quinque
732 3007 913 3063 verba
940 3012 1140 3063 mente
1183 3022 1320 3062 mea
1357 3006 1544 3077 loqui.
1583 3029 1605 3055 ι
1640 3010 1760 3063 Hoc
1786 3013 1896 3075 est,
1928 3008 2021 3062 in-

366 3098 640 3170 telligere
668 3103 734 3154 ut
763 3097 890 3169 ipse
920 3097 1301 3168 interpreter,
1335 3100 1397 3151 et
1426 3094 1799 3152 auditoribus
1824 3097 2022 3168 expla-

369 3204 510 3246 nem
537 3195 606 3245 ut
634 3189 874 3260 capiant
916 3187 1261 3243 utilitatem.
1297 3205 1325 3237 ιι
1356 3187 1543 3252 Quam
1572 3186 1777 3244 decem
1834 3188 2024 3245 millia
2062 3228 2106 3295 Β

369 3279 688 3336 verborum
719 3278 941 3349 lingua.
979 3299 1001 3327 ι
1038 3278 1164 3331 Non
1194 3281 1406 3347 potens
1461 3276 1568 3332 illa
1617 3277 2019 3349 interpretari.

371 3370 520 3425 Nam
552 3369 664 3423 hoc
692 3366 872 3422 modo
901 3366 966 3420 in
996 3381 1092 3422 me
1121 3364 1248 3420 solo
1277 3365 1656 3437 permanebit
1683 3367 1934 3422 utilitas.
1957 3397 2026 3410 —-

373 3453 466 3510 διὰ
491 3458 592 3509 τοῦ
618 3454 743 3515 νοός
777 3472 904 3526 μου,
936 3453 997 3509 id
1026 3459 1140 3520 est,
1197 3458 1397 3510 mente
1450 3470 1586 3511 mea
1638 3454 1729 3510 vel
1785 3463 2028 3528 propter

373 3551 640 3603 mentem
671 3559 891 3609 meam,
923 3544 1037 3599 hoc
1067 3549 1175 3611 est,
1211 3559 1392 3600 causa
1420 3544 1641 3599 mentis
1669 3561 1926 3610 mese,ne
1948 3544 2027 3600 sit

374 3636 522 3709 ipsis
551 3636 678 3690 sine
708 3634 905 3690 fructu
931 3647 1162 3705 eorum,
1188 3632 1295 3690 sed
1344 3634 1577 3690 fruatur
1622 3634 1819 3692 fructu
1870 3634 2026 3691 utili-

377 3723 514 3779 tatis
546 3723 834 3796 ipsorum.

442 3812 586 3884 XIV,
615 3816 809 3870 20—22.
841 3832 866 3866 s
884 3815 1221 3884 Fratres,ne
1240 3814 1371 3870 sitis
1392 3814 1560 3887 pueri
1582 3813 1859 3871 sensibus
1883 3832 1896 3870 :
1921 3814 2026 3870 sed

376 3924 400 3955 ε
418 3903 647 3962 malitia
661 3904 831 3977 pueri
845 3903 1338 3973 estote,sensibus
1359 3918 1496 3959 vero
1518 3905 1765 3976 perfecti
1784 3904 1937 3960 sitis.
1960 3905 2026 3958 In

370 4015 401 4045 ιι
420 3990 551 4067 lege
566 3992 852 4065 scriptum
874 3994 963 4048 est
987 4008 1000 4049 :
1022 3991 1209 4047 Variis
1235 3990 1457 4064 linguis
1473 3997 1533 4048 et
1552 3991 1726 4048 labiis
1749 3993 1925 4048 variis
1947 3992 2029 4049 lo-

375 4102 404 4136 ε
417 4094 568 4154 quar
586 4081 808 4154 populo
830 4080 989 4146 huic,
1013 4085 1158 4136 etne
1181 4080 1267 4136 sic
1282 4081 1522 4151 quidem
1546 4080 1796 4137 audient
1815 4080 1993 4149 me,di
2006 4114 2025 4124 ο

369 4192 399 4222 ιι
433 4171 514 4226 cit
547 4168 851 4225 Dominus.
876 4171 1079 4241 Itaque
1101 4170 1319 4243 linguis
1341 4171 1402 4227 in
1444 4171 1680 4244 signum
1714 4176 1872 4236 sunt,
1903 4188 2025 4227 non

372 4284 402 4313 α
425 4260 931 4331 credentibus,sed
954 4261 1312 4318 incredulis:
1338 4267 1549 4318 contra
1568 4261 2025 4333 prophetia,non

369 4373 399 4402 α
427 4345 775 4420 incredulis,
809 4350 914 4406 sed
944 4349 1346 4407 credentibus.
1371 4370 1401 4401 ι)

444 4533 765 4601 Postquam
796 4529 1059 4586 ostendit
1098 4529 1393 4600 majorem
1453 4542 1582 4584 esse
1624 4530 2021 4601 prophetiam,

2127 2006 2451 2083 ἑρμηνεύσω
2505 2008 2596 2064 καὶ
2651 2011 2769 2071 τοῖς
2829 2005 3108 2065 ἀκούουσι.
3169 2029 3197 2059 ‹‹
3234 2006 3308 2063 Σὺ
3343 2005 3437 2081 μὲν
3466 2004 3568 2082 γὰρ
3594 2004 3783 2067 καλῶς

2128 2096 2489 2172 εὐχαριστεῖς.
2530 2120 2557 2149 ιι

2200 2186 2335 2244 Εἶτα
2389 2186 2480 2242 καὶ
2530 2187 2593 2243 τὸ
2648 2185 2949 2256 ἀξιέπαινον
3010 2184 3296 2264 φυλάττων
3355 2189 3436 2259 τῷ
3483 2186 3790 2261 χαρίσματι

2125 2278 2235 2331 τῶν
2261 2273 2549 2351 γλωσσῶν,
2604 2274 2758 2352 φησί’
2807 2274 2884 2331 Σὺ
2918 2275 3013 2350 μὲν
3069 2276 3174 2351 γὰρ
3203 2274 3389 2337 καλῶς
3422 2274 3791 2351 εὐχαριστεῖς⁹

2130 2361 2257 2421 ἀλλ’
2290 2364 2319 2421 ὁ
2346 2363 2579 2434 πλησίον
2612 2363 2716 2419 οὐκ
2765 2362 3082 2443 ὠφελεῖται.
3136 2388 3164 2416 (ι
3197 2362 3418 2419 Πάντων
3454 2362 3609 2435 ὑμῶν
3643 2359 3794 2435 μᾶλ-

2131 2451 2228 2510 λον
2278 2451 2555 2528 γλώσσαις
2617 2451 2797 2510 λαλῶ.
2836 2476 2858 2505 ι
2913 2453 3055 2512 Εἶτα
3091 2454 3185 2509 ἳνα
3236 2454 3313 2527 μή
3348 2450 3477 2527 δόξῃ
3510 2448 3600 2507 διὰ
3626 2455 3792 2506 τοῦτο

2131 2540 2432 2611 εὐτελίζειν
2492 2543 2582 2597 καὶ
2642 2542 2971 2614 ὑποτιθεναι,
3025 2542 3195 2620 ἤγουν
3260 2540 3589 2617 μικρότερον
3614 2544 3791 2597 ποιῶν

2129 2631 2191 2686 τὸ
2217 2635 2326 2687 τῶν
2354 2629 2621 2706 γλωσσῶν
2674 2631 2945 2707 χάρισμα,
2996 2631 3070 2695 ὡς
3121 2628 3279 2692 αὐτὸς
3318 2629 3448 2687 αὐτὸ
3483 2630 3561 2703 μὴ
3592 2649 3791 2700 κεκτη·

2137 2720 2320 2794 μενος,
2352 2719 2509 2799 φησὶ,
2540 2720 2764 2777 Πάντων
2813 2721 2965 2794 ὑμῶν
3026 2718 3194 2777 πλέον
3225 2716 3504 2797 γλώσσαις
3533 2716 3721 2776 λαλῶ.
3758 2741 3788 2770 ››

2134 2808 2289 2878 Ηλήν
2341 2812 2505 2866 τοῦτο
2558 2809 2746 2879 εἰπὼν,
2804 2814 3023 2885 πρῶτον
3082 2806 3458 2885 ηὑχαρίστησε
3513 2811 3594 2881 τῷ
3647 2811 3790 2879 Θεῷ,

2134 2895 2324 2967 δηλῶν
2354 2899 2428 2960 ὡς
2475 2898 2535 2953 ὲκ
2589 2899 2785 2955 τούτου
2839 2897 2958 2974 ἔχει
3013 2902 3075 2954 τὸ
3129 2900 3399 2975 χάρισμα.
3434 2924 3460 2950 (ι
3490 2895 3656 2956 ΙΙὲντε
3686 2895 3793 2952 λό-

2134 3006 2269 3064 γους
2302 2984 2391 3043 διὰ
2438 2992 2537 3046 τοῦ
2584 2988 2707 3050 νοός
2760 3009 2864 3063 μου
2917 2987 3179 3058 λαλῆσαι,
3215 3010 3243 3040 υ
3274 2986 3557 3053 Τουτὲστι,
3595 2991 3789 3055 νοῆσαι

2133 3077 2295 3141 αὐτὸς
2329 3077 2665 3153 ἑρμηνεύειν,
2707 3079 2797 3134 καὶ
2837 3083 2956 3143 τοῖς
3006 3077 3263 3135 ἀκούουσι
3297 3077 3608 3156 σαφηνίζειν
3640 3073 3792 3136 ’ὁπως

2134 3166 2480 3245 ὠφελῶνται,
2544 3192 2565 3219 ι
2600 3168 2671 3228 Ἢ
2732 3167 2957 3241 μυρίους
3011 3166 3215 3241 λόγους
3273 3167 3325 3223 ἰν
3357 3165 3613 3242 γλώσσῇ,
3651 3193 3671 3218 ε
3713 3168 3791 3242 μὴ

2130 3253 2345 3330 ’ἰσχύων
2372 3256 2569 3320 αὐτοὺς
2628 3257 2978 3333 ἑρμηνεῦσαι.
3037 3256 3178 3314 Τότε
3228 3257 3330 3331 γὰρ
3380 3256 3455 3320 εἷς
3490 3256 3587 3331 ἐμὲ
3620 3256 3788 3328 μόνον

2136 3347 2173 3415 ἢ
2232 3343 2474 3421 ώφὲλεια
2527 3348 2931 3421 περιστήσεται.
2992 3378 3063 3392 --
3112 3348 3325 3421 [ΦΩΤ.]
3383 3346 3480 3402 Διά
3533 3350 3631 3402 τοῦ
3665 3345 3788 3409 νοός

2141 3455 2271 3508 μου,
2326 3434 2601 3493 τουτέστιν
2658 3437 2857 3491 Ἕνεκα
2907 3440 3004 3493 τοῦ
3053 3437 3175 3499 νοός
3235 3457 3365 3509 μου,
3415 3440 3511 3492 τοῦ
3546 3436 3624 3508 μή
3658 3435 3793 3492 εἶναι

2136 3526 2378 3601 ἄκαρπον
2412 3527 2624 3595 αὐτοῖς,
2656 3525 2803 3582 ἀλλὰ
2830 3524 3126 3582 ἀπολαύειν
3155 3531 3369 3602 καρποῦ
3396 3527 3496 3598 τῆς
3526 3524 3793 3605 ὠφελείας

2136 3634 2335 3673 αυτων.

2210 3812 2472 3895 Ἀδελφοὶ
2533 3817 2610 3889 μὴ
2665 3812 2857 3871 παιδία
2922 3813 3127 3891 γίνεσθε
3179 3821 3300 3877 ταῖς
3367 3814 3578 3891 ιρρεσῖν,
3646 3816 3797 3873 ἀλλὰ

2132 3906 2204 3977 τῇ
2249 3901 2411 3974 κακίᾳ
2465 3903 2775 3975 νηπιάζετε,
2833 3906 2952 3965 ταῖς
3006 3899 3065 3958 δὶ
3122 3902 3278 3980 φρεσὶ
3326 3902 3525 3960 τέλειοι
3555 3903 3792 3980 γίνεσθε.

2135 3993 2222 4049 Ἐν
2293 3996 2373 4064 τῷ
2433 3992 2592 4065 νόμῳ
2652 3990 2973 4068 γέγραπται,
3052 3990 3135 4047 ὅτι
3212 3990 3263 4046 ἐν
3333 3989 3793 4069 δτερογλώσσοις,

2135 4078 2225 4138 καὶ
2292 4080 2345 4137 ιν
2414 4080 2660 4157 χείλεσιν
2728 4079 2934 4155 ἕτεροις
3000 4080 3232 4152 λαλήσω
3296 4086 3375 4153 τῷ
3440 4080 3560 4155 λαῷ
3589 4081 3794 4156 τούτῳ,

2134 4171 2225 4227 καί
2282 4166 2400 4226 οὐδ’
2451 4169 2626 4235 οὕτως
2690 4167 3099 4226 εἴσακούσονταί
3159 4191 3288 4244 μου,
3355 4168 3500 4247 λέγει
3569 4170 3793 4247 Κύριος,

2135 4258 2274 4315 ὣστε
2329 4260 2387 4314 αἱ
2438 4257 2687 4335 γλῶσσαι
2745 4258 2824 4321 εἰς
2888 4258 3121 4333 σημεῖόν
3172 4259 3330 4329 εἰσιν,
3388 4260 3452 4315 ού
3511 4264 3631 4323 τοῖς
3695 4280 3796 4317 πι-

2136 4348 2439 4419 στεύουσιν,
2522 4347 2671 4404 ἀλλὰ
2769 4350 2887 4410 τοῖς
2977 4347 3247 4410 ἀπίστοις.
3317 4349 3379 4406 Ἡ
3448 4345 3508 4404 δὶ
3571 4369 3795 4429 προφη-

2132 4437 2249 4494 τεία
2275 4438 2341 4493 οὗ
2367 4441 2487 4500 τοῖς
2517 4435 2787 4505 ἀπίστοις,
2816 4434 2967 4493 ἀλλά
2993 4441 3111 4501 τοῖς
3140 4437 3502 4495 πιστεύουσιν.

2203 4528 2354 4585 Μετὰ
2405 4527 2469 4583 τὸ
2526 4525 2695 4598 δεῖξαι
2757 4527 2979 4602 μείζονα
3035 4529 3136 4597 τὴν
3190 4516 3551 4605 προφητείαν,
3591 4526 3791 4586 λοιπὸν

371 4621 652 4693 deinceps
691 4620 992 4693 pungitivo
1023 4619 1213 4674 utitur
1243 4632 1541 4675 sermone.
1604 4637 1636 4673 α
1692 4622 1773 4678 Ne
1829 4621 2019 4691 pueri,

2134 4615 2569 4692 πληκτικωτὲρῳ
2603 4623 2811 4692 χρῆται
2842 4615 3020 4693 λόγῳ.
3058 4639 3085 4667 (ι
3120 4616 3215 4686 Μὴ
3258 4613 3451 4673 παιδία
3498 4616 3721 4693 γίνεσθε,
3757 4642 3788 4671 ››

369 4711 743 4783 inquit,sitis.
779 4732 807 4760 »
841 4712 1169 4764 Puerorum
1194 4709 1353 4764 enim
1379 4714 1468 4765 est
1497 4727 1675 4781 parva
1705 4709 2013 4775 admirari,

370 4801 550 4857 veluti
579 4805 721 4856 sunt
750 4799 990 4872 linguas,
1041 4810 1259 4871 magna
1286 4813 1424 4853 vero
1466 4798 1796 4871 despicere,
1828 4799 2025 4871 qualis

372 4896 463 4946 est
489 4890 825 4962 prophetia.
887 4910 916 4939 κ
950 4888 1062 4943 Sed
1094 4888 1326 4944 malitia
1377 4890 1547 4960 pueri
1603 4895 1812 4945 estote.
1857 4910 1886 4939 »
1920 4889 2024 4945 Ubi

368 4978 666 5050 injustitia
723 4978 927 5048 aliqua
955 4978 1309 5049 proponitur
1331 4983 1435 5034 aut
1487 4983 1821 5050 peccatum,
1884 4982 2023 5033 tunc

372 5069 545 5141 pueri
567 5069 718 5122 sitis.
752 5069 854 5123 Est
871 5074 1071 5123 autem
1101 5080 1354 5140 puerum
1378 5082 1508 5125 esse
1566 5069 1798 5125 nescire
1837 5068 2021 5125 male-

369 5162 565 5216 facere
596 5156 687 5213 vel
745 5171 1012 5228 peccare.
1068 5156 1360 5215 Sensuum
1404 5172 1539 5213 vero
1597 5157 1904 5229 perfectio,
1966 5162 2025 5214 et

368 5249 577 5305 vitium
608 5247 757 5319 fugit
778 5251 839 5302 et
858 5246 1139 5303 virtutem
1160 5248 1545 5319 prosequitur
1572 5266 1584 5304 :
1618 5252 1678 5303 et
1706 5247 1936 5318 majora
1955 5261 2022 5303 ac

372 5339 582 5393 viliora
599 5332 757 5392 dona
776 5334 1105 5406 dijudicare
1137 5337 1318 5392 novit.
1360 5356 1387 5389 ε
1444 5338 1511 5392 In
1552 5336 1683 5410 lege
1736 5335 2023 5407 scriptum

373 5434 519 5487 est.»
552 5423 728 5495 Atqui
758 5424 941 5480 Isaias
960 5424 1072 5481 hoc
1099 5425 1376 5487 dicit.sed
1393 5425 1564 5481 divus
1596 5424 1813 5481 Paulus
1844 5440 2022 5481 omne

371 5523 539 5573 vetus
598 5516 1065 5570 instrumentum
1108 5520 1276 5570 vocat
1331 5514 1545 5588 legem.
1596 5512 2024 5570 Testimonium

373 5617 511 5663 vero
537 5599 1059 5668 adducit,lateuter
1082 5603 1397 5659 ostendens
1410 5618 1530 5659 non
1561 5602 2025 5661 esseadmodum

374 5694 520 5751 utile
548 5694 773 5750 donum
816 5690 1177 5762 linguarum,
1210 5706 1280 5746 eo
1299 5691 1458 5763 quod
1488 5693 1669 5749 etiam
1701 5693 2024 5750 incredulis

2133 4706 2285 4787 φησί.
2340 4706 2569 4778 Νηπίων
2618 4707 2720 4783 γάρ
2781 4706 2917 4775 ἔστι,
2976 4706 3039 4761 τὸ
3101 4705 3168 4761 τὰ
3248 4707 3416 4780 μικρὰ
3473 4703 3786 4780 θαυμάζειν,

2133 4799 2252 4853 οἷον
2279 4796 2375 4859 τὰς
2441 4794 2723 4874 γλώσσας,
2789 4799 2897 4850 τῶν
2963 4793 3021 4851 δὶ
3088 4794 3346 4871 μεγάλων
3408 4801 3787 4874 καταφρονεῖν,

2132 4887 2378 4944 τουτέστι
2434 4892 2535 4956 τῆς
2588 4886 2949 4962 προφητείας.
3010 4908 3038 4937 ‹‹
3069 4883 3249 4942 Ἀλλᾶ
3295 4889 3366 4960 τῇ
3407 4886 3572 4958 κακίᾳ
3598 4888 3792 4957 νηπιά.

2138 4981 2271 5045 ζετε.
2319 4977 2540 5031 »Ὅταν
2598 4974 2886 5049 πρόκειται
2942 4971 3125 5029 ἀδικία
3176 4996 3279 5046 τις,
3307 4975 3343 5045 ἣ
3377 4976 3638 5050 ἀμαρτια,
3670 4977 3795 5033 τότε

2131 5065 2444 5136 νηπιάζετε.
2476 5062 2779 5135 Νηπιάζειν
2841 5061 2900 5118 δέ
2957 5064 3091 5136 ἔστι,
3149 5064 3213 5119 τὸ
3275 5066 3351 5138 μή
3404 5061 3795 5122 είδέναικακο-

2134 5151 2398 5224 ποιεῖν,ἤ
2430 5154 2781 5228 ἁμαρτάνειν.
2841 5153 2905 5209 Ἦ
2965 5149 3023 5208 8t
3073 5158 3183 5209 τῶν
3243 5159 3451 5234 φρενῶν
3484 5156 3795 5227 τελειότης,

2133 5244 2225 5300 καὶ
2254 5262 2446 5299 κακιαν
2503 5243 2709 5321 φεύγει,
2765 5242 2855 5298 καὶ
2911 5243 3107 5320 ἀρετὴν
3167 5241 3377 5316 διώκει,
3406 5244 3595 5301 καὶτὰ
3624 5246 3796 5321 μείζω

2153 5332 2244 5390 καὶ
2276 5330 2681 5410 ὠφελιμώτερα
2735 5336 2844 5388 τῶν
2902 5333 3264 5408 χαρισμάτων
3320 5333 3615 5409 διακρίνειν
3648 5332 3797 5392 οἶδεν

2136 5447 2163 5474 ‹‹
2198 5423 2287 5480 Ἐν
2346 5422 2414 5478 τά
2472 5421 2629 5495 νόμῳ
2680 5421 3002 5498 γεγραπται.
3038 5446 3066 5475 ››
3124 5424 3319 5481 Καίτοι
3377 5421 3603 5488 Ἠσαίας
3628 5425 3793 5480 τοῦτό

2134 5533 2319 5593 φησιν,
2352 5511 2482 5570 ἀλλ’
2520 5513 2549 5567 ὁ
2594 5514 2786 5588 Ἄγιος
2813 5516 2985 5568 πᾶσαν
3038 5513 3141 5586 τὴν
3197 5513 3466 5583 Παλαιὰν,
3498 5512 3671 5588 νόμον
3700 5535 3793 5571 κα·

2136 5601 2241 5660 λεῖ.
2287 5602 2401 5671 Τήν
2462 5597 2520 5657 δὲ
2576 5600 2872 5677 μαρτυρίαν
2931 5601 3190 5679 πάράγει,
3248 5604 3435 5680 ἠρέμα
3463 5599 3677 5665 δεικνὺς
3710 5603 3788 5676 μή

2138 5688 2345 5771 σφόδρα
2393 5691 2673 5767 χρήσιμον
2731 5691 2794 5747 τὸ
2847 5695 2957 5748 τῶν
3011 5696 3278 5766 γλωσσῶν
3320 5696 3573 5768 σημεῖον,
3607 5687 3697 5747 διὸ
3725 5692 3787 5747 τὸ
