4118 6384
361 412 479 474 853

1351 415 1761 479 COMMENT.
1805 418 1884 477 IN
1930 416 2180 478 EPIST.
2229 421 2256 478 Ι
2299 421 2406 480 AD
2451 419 2823 482 CORINTH.

3660 421 3779 484 εει

356 549 609 611 ἀπίστοις
666 551 930 625 γίνεσται·
991 575 1020 604 ‹‹
1072 553 1176 609 Καὶ
1236 548 1347 607 οὔδ’
1405 550 1581 614 οὕτως
1637 550 1996 607 εἰσακούσεταί

2120 555 2443 627 contingat.
2469 578 2497 608 «
2530 557 2600 611 Et
2627 573 2702 614 ne
2730 557 2813 612 sic
2841 556 3086 628 quidem
3117 557 3365 616 audient
3399 569 3552 616 me.»
3585 557 3774 622 Quare

360 660 488 712 μου.
520 664 547 691 ››
577 640 644 696 Τί
678 637 770 694 οὗν
808 638 1017 706 ελάλει,
1076 641 1120 696 εἰ
1174 637 1297 717 ᾔδει
1359 643 1436 715 μὴ
1495 641 2018 714 ἀκουσθησόμενος;

354 731 470 784 Ἲνα
498 731 567 784 τὰ
590 731 763 785 αὐτοῦ
810 731 1022 804 ποιήσῃ
1077 731 1105 785 6
1165 731 1317 798 Θεὸς,
1373 730 1464 786 καὶ
1498 727 1589 785 διὰ
1618 732 1834 786 πάντων
1870 728 2014 806 δείξῃ

355 820 456 886 τὴν
490 818 614 894 περὶ
648 821 797 890 ἡμᾶς
827 818 1112 892 πρόνοίαν,
1169 819 1260 874 καὶ
1318 818 1517 894 νίκήσῃ
1551 819 1603 874 ἐν
1630 824 1710 892 τῷ
1741 821 2015 895 κρίνεσθαι

356 907 541 967 αὑτὸν,
575 910 665 963 καὶ
698 907 987 982 ἀπαλλάξῃ
1045 910 1222 980 πάσης
1279 907 1614 984 ἀπολογίας.
1653 943 1712 951 -—
1749 911 2016 982 [ΟΙΚΟΥο

351 1001 665 1070 ΜΕΝΙΟΥ.]
725 998 794 1056 Ἢ
853 999 941 1053 καὶ
996 998 1079 1068 τὸ,
1137 1023 1163 1050 ιι
1199 995 1329 1057 Οὐδ’
1387 997 1565 1060 οὕτως
1612 998 2014 1055 εἰσακούσονταί

354 1108 487 1161 μου,
523 1112 550 1137 ››
585 1087 660 1149 ὡς
691 1087 828 1163 πρὸς
856 1085 920 1141 τὸ
971 1088 1156 1142 κοινὸν
1217 1084 1456 1160 εἷ’ρηται,
1486 1087 1576 1142 καὶ
1606 1087 1668 1142 τὸ
1702 1088 1778 1161 μὴ
1810 1087 2013 1150 πάντας

349 1176 689 1247 εἰσακοῦσαι,
749 1174 864 1232 ἐπεὶ
921 1169 994 1230 ἔνι
1061 1172 1202 1248 μηδὲ
1258 1173 1351 1231 ἕνα
1406 1175 1737 1232 εἰσακοῦσαι.
1792 1201 1820 1230 α
1854 1179 2013 1232 Ὥστε

345 1267 404 1322 αἱ
436 1265 685 1341 γλῶσσαι
749 1263 826 1328 εἰς
882 1263 1112 1337 σημεῖόν
1175 1265 1327 1320 εἰσιν.
1374 1289 1403 1316 ››
1461 1265 1621 1338 Ὁρᾷς
1676 1269 1794 1329 πῶς
1821 1265 2010 1321 ano-gi-

349 1365 479 1421 θησι
511 1357 578 1428 τῇ
621 1353 929 1432 προφητείᾳ
980 1354 1076 1415 τὰς
1131 1352 1428 1428 γλώσσας;
1462 1378 1489 1405 ‹‹
1523 1353 1616 1416 Εἰς
1647 1360 1878 1427 σημεῖον
1907 1354 2008 1432 γὰρ

344 1443 476 1515 εἶσι,
513 1468 540 1495 ››
581 1442 737 1514 φησί.
771 1443 848 1500 Τὸ
879 1439 935 1497 δὲ
967 1448 1220 1514 σημεῖον,
1272 1443 1334 1498 οὐ
1395 1445 1607 1506 πάντως
1642 1441 1878 1500 διδάσκει
1917 1446 2008 1500 καὶ

345 1535 575 1614 ὠφελεῖ,
622 1533 787 1590 ὁπότε
817 1535 903 1590 καὶ
938 1533 1171 1609 βλάπτει
1224 1532 1522 1604 πολλάκις,
1555 1537 1631 1600 ὡς
1659 1537 1871 1611 προῖών
1900 1558 2010 1614 φη-

344 1648 455 1691 σιν,
488 1620 612 1679 ἔνθα
646 1625 816 1700 λέγει,
850 1649 876 1676 ‹‹
911 1624 1026 1681 Ούκ
1054 1624 1265 1697 ἐροῦσιν
1296 1623 1378 1679 ὅτι
1409 1625 1697 1699 μαίνεσθες
1728 1649 1757 1677 ››
1779 1659 1850 1668 --
1870 1649 1900 1679 ιι
1925 1626 2006 1685 Οὐ

343 1719 464 1777 τοῖς
493 1714 859 1770 πιστεύουσιν.
894 1737 921 1766 ››
952 1715 1020 1770 Οἱ
1049 1714 1152 1790 γὰρ
1180 1715 1362 1769 πιστοὶ
1397 1715 1461 1770 οὐ
1494 1713 1703 1770 δέονται
1734 1713 2004 1788 σημείων,

352 1807 537 1860 πιστοὶ
568 1802 732 1869 ὄντες.
770 1829 797 1854 rt
832 1806 895 1862 Ἣ
929 1802 986 1860 δὲ
1045 1806 1352 1883 προφητεία
1411 1805 1473 1862 οὐ
1522 1811 1639 1868 τοῖς
1667 1805 1939 1870 ἀπίστοις,
1975 1830 2003 1858 ››

2134 660 2270 717 ergo
2299 645 2654 717 loquebatur
2686 647 2735 702 si
2764 647 2986 703 sciebat
3017 647 3177 718 quod
3207 663 3330 706 non
3365 652 3523 705 esset
3540 647 3787 708 audieuo

2132 733 2243 790 dus
2265 735 2293 790 ‘2
2325 736 2397 790 Ut
2423 735 2647 792 faceret
2676 737 2829 792 Deus
2862 735 3021 807 quod
3047 737 3109 791 in
3142 752 3205 794 se
3233 741 3381 800 erat,
3413 743 3473 792 et
3501 752 3608 808 per
3653 751 3782 793 om-

2131 822 2232 876 nia
2261 823 2603 878 ostenderet
2639 841 2819 895 quam
2873 824 2946 879 de
2978 824 3150 879 nobis
3178 824 3434 881 habebat
3463 823 3781 895 providen-

2133 911 2274 965 tiam
2308 927 2322 965 :
2355 916 2536 982 utque
2587 912 2852 967 vinceret
2902 911 3042 966 dum
3066 912 3392 984 judicatur,
3449 911 3599 968 502
3658 928 3781 966 om-

2128 1016 2385 1071 nemque
2413 1001 2648 1058 tolleret
2681 1003 3270 1058 excusationem.Aut
3299 1001 3500 1068 etiam,
3521 1006 3588 1055 ut
3616 1001 3776 1073 quod

2128 1090 2212 1147 ait
2245 1105 2257 1144 :
2293 1112 2320 1140 ιι
2354 1091 2434 1145 Νο
2492 1089 2576 1146 sic
2607 1090 2850 1162 quidem
2908 1091 3158 1149 audient
3189 1107 3304 1151 me.
3333 1118 3360 1145 ιε
3394 1089 3468 1146 ad
3525 1089 3587 1145 id
3613 1089 3773 1162 quod

2127 1195 2442 1236 commune
2474 1185 2564 1235 cst
2591 1179 2818 1238 dictum
2859 1181 2956 1249 sit,
3000 1187 3058 1237 et
3087 1181 3246 1253 quod
3276 1197 3399 1237 non
3430 1195 3638 1237 omnes
3670 1196 3774 1236 au-

2125 1269 2854 1341 dierint,quandoquidem
2873 1271 3164 1343 contingit
3189 1277 3254 1327 ut
3268 1287 3342 1328 ne
3356 1287 3513 1327 unus
3533 1267 3776 1342 quidem

2124 1358 2344 1415 audiat.
2378 1381 2406 1410 α
2439 1361 2644 1430 Itaque
2688 1359 2906 1432 linguae
2937 1361 3000 1416 in
3033 1361 3269 1433 signum
3301 1365 3465 1416 sunt.
3509 1381 3537 1410 υ
3601 1355 3774 1414 Vides

2123 1448 2282 1520 quod
2310 1443 2544 1521 linguas
2575 1448 2889 1506 inferiores
2919 1449 3236 1521 prophetia
3293 1448 3452 1504 dicat
3477 1446 3506 1504 ‘2
3533 1449 3679 1504 Nam
3709 1448 3773 1502 in

2122 1538 2356 1610 signum
2387 1543 2547 1607 sunt,
2605 1539 2846 1608 inquit:
2907 1539 3144 1611 signum
3183 1543 3382 1594 autem
3442 1553 3564 1594 non
3621 1553 3772 1592 sem-

2120 1645 2227 1699 per
2257 1628 2431 1684 docet
2469 1633 2570 1684 aut
2623 1629 2770 1684 utile
2803 1633 2935 1684 est:
2985 1626 3103 1684 imo
3163 1627 3483 1692 interdum,
3540 1632 3595 1683 et
3649 1627 3772 1682 fre-

2119 1723 2373 1789 quenter
2402 1717 2582 1774 etiam
2639 1722 2836 1782 nocet,
2870 1722 2938 1776 ut
2987 1719 3049 1773 in
3081 1732 3396 1790 progressu
3449 1715 3614 1782 dicit,
3667 1716 3768 1771 ubi

2118 1807 2483 1864 ait:Nonne
2538 1805 2742 1863 dicent
2769 1823 2872 1862 vos
2921 1805 3292 1863 insanire?»
3341 1806 3469 1862 Non
3518 1804 3767 1860 creden-

349 1896 417 1952 Ἠ
451 1892 506 1949 δὲ
535 1894 857 1973 προφητεία,
917 1893 1109 1971 φησὶν,
1161 1893 1366 1973 ὠφελεῖ
1420 1894 1549 1958 τοὺς
1578 1894 1825 1958 πιστοὺς.
1862 1897 1996 1952 Κατ-

2117 1896 2295 1953 tibus.
2378 1919 2408 1946 ιι
2478 1895 2799 1954 Credentes
2877 1896 3037 1954 enim
3111 1913 3234 1952 non
3312 1900 3488 1968 egent
3560 1894 3766 1967 signis,

348 1989 486 2063 ηχεῖ
513 1986 614 2058 γὰρ
645 1983 860 2054 αὐτοὺς,
902 1982 1002 2038 οὐκ
1059 1981 1135 2038 ἔτι
1197 1981 1252 2040 δὲ
1283 1984 1373 2039 καὶ
1407 1985 1534 2046 τοὺς
1567 1983 1851 2052 ἀπίστους,
1881 1986 2004 2040 οἷον

341 2074 474 2135 τοὺς
504 2071 692 2128 ἀνίατα
719 2077 1034 2139 νοσοῦντας,
1092 2073 1137 2129 εἰ
1201 2074 1277 2147 μή
1337 2072 1420 2129 ὅτι
1472 2074 1685 2149 προϊὼν
1719 2070 1887 2148 λέγει,
1919 2075 2003 2130 ὃτι

333 2163 430 2218 καὶ
457 2163 657 2227 αὐτοὺς
687 2162 912 2240 ὠφελεῖ.
949 2162 1349 2238 Ἐλεγχόμενος
1395 2163 1524 2238 γὰρ,
1557 2163 1714 2241 φησί,
1745 2165 1836 2217 καὶ
1867 2163 1998 2219 ἀνα-

332 2252 666 2328 κρινόμενος
723 2252 827 2308 ὑπὸ
893 2272 1128 2318 παντων,
1191 2253 1303 2326 ipsi
1357 2251 1441 2308 ὅτι
1501 2251 1673 2314 ὅντως
1707 2253 1733 2307 6
1766 2251 1895 2315 Θεὸς
1946 2252 1996 2308 ἰν

333 2343 469 2416 ὑμῖν
501 2340 669 2398 ἐστιν.
699 2344 833 2415 Ὅρα
889 2340 1032 2412 πόση
1095 2338 1329 2418 διαφορὰ
1378 2343 1476 2411 τῆς
1532 2341 1891 2420 προφητείας.
1927 2342 1995 2399 Δί

335 2432 437 2505 μὶν
498 2432 604 2509 γὰρ
662 2429 932 2506 γλῶσσαι,
991 2430 1155 2506 γελᾷν
1214 2431 1343 2495 τοὺς
1407 2431 1668 2495 ἀπίστους
1721 2435 1993 2489 ποιοῦσιν.

328 2523 558 2597 ’Βροῦσι
591 2520 718 2597 γὰρ,
752 2520 940 2598 φησὶν,
997 2521 1081 2576 ὅτι
1136 2520 1400 2593 μαίνεσθε.
1436 2525 1500 2576 Ἢ
1563 2517 1619 2574 δὲ
1662 2525 1992 2596 προφητεία,

327 2610 463 2672 τοὺς
492 2609 719 2672 πιστοὺς
763 2612 880 2683 μὲν,
913 2615 1044 2665 πᾶσι
1099 2611 1327 2685 τρόποις
1385 2608 1610 2689 ὠφελεῖ.
1639 2611 1791 2664 Ἔστι
1823 2607 1870 2665 δ’
1901 2611 1994 2667 '61::

325 2701 424 2755 καὶ
458 2701 582 2762 τοὺς
630 2699 888 2761 ἀπίστους
944 2697 1170 2769 ὠφελεῖ,
1229 2703 1308 2771 τῷ
1365 2697 1616 2775 ἐλέγχειν
1655 2699 1870 2770 αὐτοὺς,
1901 2700 1992 2755 καὶ

329 2791 761 2864 παρασκευάζειν
816 2787 906 2843 ἐπὶ
961 2788 1259 2862 πρόσωπον
1309 2787 1550 2857 πίπτειν,
1602 2789 1692 2844 καὶ
1751 2807 1994 2864 προσκυ-

328 2885 439 2936 νεῖν
473 2884 552 2950 τῷ
611 2883 747 2950 Θεῷ.
807 2881 984 2934 Τοῦτο
1042 2878 1146 2952 γαρ
1207 2877 1417 2953 προϊὼν
1468 2876 1634 2952 λέγει’
1670 2876 1849 2934 Ἀλλά
1877 2883 1995 2944 τοῖς

327 2969 701 3037 πιστεύουσιν,
735 2966 813 3028 εἰς
844 2963 1136 3045 ὠφέλειαν,
1170 2967 1199 3021 6'
1230 2966 1345 3021 ἑστι
1377 2962 1632 3040 διδαχήν.

2118 2002 2252 2044 cum
2275 1987 2405 2057 jam
2437 1985 2646 2042 ﬁdeles
2677 1986 2816 2042 sint.
2858 2008 2884 2041 ιι
2914 1986 3133 2042 Contra
3162 1984 3476 2056 prophetia
3504 2000 3626 2040 non
3680 1983 3769 2039 in-

2114 2075 2395 2134 credulis.
2479 2097 2508 2127 »
2589 2075 2910 2147 Prophetia
2976 2091 3109 2133 vero
3184 2074 3484 2143 ﬁdelibus,
3543 2073 3762 2144 inquit,

2107 2165 2272 2220 utilis
2331 2170 2424 2220 est
2471 2181 2483 2218 :
2559 2181 2699 2221 nam
2774 2164 3019 2220 instruit
3074 2164 3235 2236 ipsos
3296 2181 3309 2220 :
3382 2179 3502 2219 non
3559 2169 3761 2220 autem

2108 2255 2286 2310 etiam
2318 2253 2661 2311 incredulos
2689 2259 2897 2326 utpote
2927 2253 3452 2312 immedicabiliter
3475 2257 3762 2325 agrotan-

2109 2348 2195 2399 tes
2222 2361 2232 2397 :
2268 2343 2383 2398 nisi
2415 2342 2576 2413 quod
2605 2343 2668 2399 in
2698 2359 3014 2414 progressu
3035 2342 3181 2399 dicit
3201 2341 3359 2413 quod
3393 2342 3573 2398 etiam
3596 2343 3758 2413 ipsos

2097 2434 2636 2506 juvet,Coargutus,
2664 2432 2883 2505 inquit,
2905 2439 2962 2490 et
2988 2433 3347 2505 dijudicatus
3367 2432 3440 2490 ab
3473 2432 3753 2488 omnibus

2107 2523 2263 2579 dicet
2295 2523 2454 2594 quod
2475 2540 2610 2579 vere
2632 2524 2788 2579 Deus
2827 2523 2892 2577 in
2921 2522 3085 2579 vobis
3116 2523 3213 2580 sit.
3247 2521 3390 2577 Vide
3422 2529 3645 2593 quanta
3677 2522 3756 2578 sit

2103 2613 2432 2684 praphetia
2462 2611 3145 2683 excellentia.Siquidem
3167 2611 3385 2684 lingua
3414 2609 3756 2668 incredulos

2103 2701 2332 2758 faciunt
2361 2702 2650 2758 irridere:
2685 2718 2824 2758 nam
2854 2701 3405 2771 dicent.inquit,vos
3436 2700 3699 2756 insanire
3741 2717 3758 2758 :

2105 2791 2420 2862 prophetia
2440 2805 2576 2847 vero
2590 2790 2798 2847 ﬁdeles
2812 2790 3054 2860 quidem
3068 2789 3349 2846 omnibus
3368 2788 3561 2846 modis
3565 2789 3754 2862 juvat.

2103 2880 2403 2952 Contingit
2432 2887 2629 2936 autem
2687 2880 3045 2951 quandoque
3083 2885 3150 2936 ut
3207 2884 3266 2934 et
3295 2877 3622 2935 incredulis
3683 2879 3760 2934 sit

2107 2970 2292 3037 utilis,
2328 2971 2702 3043 coarguendo
2735 2971 2894 3038 illos,
2927 2977 2988 3026 et
3011 2969 3324 3026 efﬁciendo
3355 2975 3422 3025 ut
3448 2970 3512 3024 in
3541 2967 3756 3025 faciem

327 3059 547 3115 cadant
577 3059 883 3127 Deumque
914 3055 1165 3113 adorent
1199 3073 1211 3110 :
1255 3056 1368 3112 hoc
1402 3056 1564 3112 enim
1595 3056 1658 3110 in
1690 3056 2081 3127 sequentibus
2113 3057 2257 3114 dicit
2290 3075 2302 3114 :
2337 3059 2441 3115 sed
2489 3057 2869 3116 credentibus
2917 3057 2992 3114 ad
3022 3057 3342 3114 utilitatem
3372 3062 3482 3125 est,
3540 3071 3755 3126 nempe

333 3148 666 3202 doctrinam
677 3189 689 3201 .

407 3299 529 3354 Ἐὰν
589 3297 677 3352 οὖν
730 3294 959 3370 συνέλθῃ
1041 3301 1074 3365 ὴ
1152 3293 1452 3365 Ἐκκλησία
1509 3295 1616 3363 ’ὀλη
1674 3294 1985 3362 ὲπιτοαυτὸ,

2173 3298 2324 3365 XIV,
2354 3303 2522 3356 24-25
2573 3323 2592 3348 ι
2631 3300 2687 3355 Si
2722 3316 2856 3372 ergo
2891 3300 3237 3356 convenerit
3264 3299 3540 3356 universa
3571 3297 3751 3356 simul

328 3388 418 3442 καὶ
528 3386 722 3448 πάντες
825 3384 1106 3459 γλώσσαις
1209 3382 1479 3450 λαλῶσιν,
1581 3379 1867 3438 εἶ’σελθωσι
1935 3377 1992 3437 δὲ

328 3473 543 3532 ἰδιῶται
735 3474 978 3541 ἄπιστοι,
1055 3473 1154 3528 οὐκ
1227 3472 1438 3550 ἐροῦσιν
1517 3472 1601 3528 ὅτι
1697 3474 1986 3547 μαίνεσθε;

323 3566 451 3624 Ἐὰν
529 3563 588 3620 δῖε
662 3565 858 3624 πάντες
962 3562 1406 3639 προφητεύωσιν,
1483 3561 1699 3637 εἰσέλθῃ
1778 3558 1835 3617 δὲ
1907 3583 1990 3624 τις

331 3654 556 3718 ἄπιστος
633 3655 666 3724 ἢ
749 3650 998 3723 ἰδιώτης,
1075 3650 1364 3729 ἐλέγχεται
1442 3652 1545 3706 ὑπὸ
1603 3647 1842 3722 πάντων,
1899 3650 1988 3706 καὶ

335 3743 506 3807 οὕτως
580 3745 647 3800 τὰ
723 3741 934 3818 κρυπτᾶ
1007 3749 1106 3811 τῆς
1182 3738 1407 3817 καρδίας
1492 3741 1682 3809 αὐτοῦ,
1787 3741 1988 3818 φανερὰ

330 3833 554 3910 γίνεται,
623 3834 713 3888 καὶ
792 3831 964 3893 οὕτως
1034 3830 1212 3887 πεσὼν
1280 3830 1367 3886 ἐπὶ
1445 3829 1738 3905 πρόσωπον
1816 3849 1986 3904 προσ-

322 3926 656 3994 κυνήσειτῷ
708 3925 848 3994 Θεῷ,
907 3917 1270 3996 ἀπαγγέλλων
1332 3919 1416 3976 ὅτι
1477 3921 1504 3974 6
1566 3919 1697 3981 Θεὸς
1731 3915 1901 3983 ὅντως
1934 3917 1986 3975 ἐν

323 4015 453 4089 ὑμῖν
488 4013 651 4070 ἐστιν.

395 4132 607 4209 Ἠρὲμα
637 4129 806 4202 δεῖξαι
866 4130 1013 4186 Οέλει
1071 4130 1156 4186 ὅτι
1211 4130 1302 4186 καὶ
1365 4129 1592 4210 ἀφορμὴ
1633 4124 1846 4204 βλάϐης
1874 4129 1987 4184 ἐστὶ

320 4224 386 4278 τὸ
414 4221 604 4278 λαλεῖν
631 4220 928 4295 γλώσσαις.
963 4220 1098 4276 Εἶτα
1154 4216 1244 4275 ἵνα
1309 4221 1385 4292 μή
1419 4216 1548 4295 δόξῃ
1581 4223 1677 4275 τοῦ
1709 4219 1988 4295 χαρίσμα-

324 4336 420 4378 τος
449 4318 803 4389 κατηγορεῖν,
849 4311 1058 4386 ἒπάγει·
1093 4309 1218 4365 Ἐὰν
1268 4309 1550 4380 εἰσὲλθητε
1579 4309 1774 4372 πάντες
1805 4309 1989 4385 γλώσ-

329 4426 447 4465 σαις
478 4402 800 4471 λαλοῦντες,
842 4400 1126 4456 εἰσέλθωσι
1182 4397 1239 4454 δὲ
1282 4400 1374 4454 καὶ
1425 4397 1704 4469 ἰδιῶταιῆ
1745 4396 1986 4466 ἄπιστοι,

327 4497 405 4556 ὡς
462 4494 597 4548 εἶναί
662 4498 765 4561 τῆς
833 4489 1051 4546 ἐκείνων
1115 4487 1395 4551 ἰδιωτείας
1451 4490 1541 4544 καὶ
1610 4488 1859 4550 ἀπιστίας
1925 4486 1987 4543 τὸ

325 4581 612 4659 ἔγκλημα,
645 4580 706 4635 οὐ
746 4587 847 4650 τῆς
907 4580 1160 4658 χάριτος,
1220 4576 1375 4651 ὅμως
1432 4577 1660 4654 ἀφορμὴ
1691 4578 1782 4631 καὶ
1814 4577 1987 4637 οὕτως

328 4667 550 4749 βλάϐης
583 4670 724 4726 ἐστὶν
772 4668 1018 4729 ἰδιώταις
1065 4667 1154 4722 καὶ
1214 4667 1486 4735 ἀπίστοις,
1519 4666 1650 4740 ὅπερ
1683 4667 1793 4744 οὑχ
1824 4667 1990 4738 εὑρή-

329 4785 443 4822 σεις
475 4762 560 4816 ἐπὶ
612 4767 714 4829 τῆς
773 4759 1138 4836 προφητείας,
1195 4782 1220 4808 ‹‹
1265 4756 1380 4814 Οὐκ
1434 4754 1647 4832 ἐροῦσιν
1687 4754 1768 4810 ὅτι
1806 4755 1990 4828 μαίνε-

333 4866 465 4918 σοες
501 4880 525 4902 ››
570 4849 794 4921 Ἐπειδὴ
854 4851 995 4924 μέγα
1045 4848 1306 4923 ἐφρόνουν
1355 4845 1634 4924 γλώσσαις
1667 4844 1987 4914 λαλοῦντες,

331 4940 594 4998 δείκνυσιν
655 4940 852 5001 αὐτοὺς
911 4937 986 5000 εἰς
1047 4937 1215 5006 αὑτὴν
1274 4937 1373 5004 τήν
1439 4937 1716 5009 ὑπόληψιν
1766 4933 1826 4989 ἐκ
1876 4939 1985 4989 τῶν

329 5031 601 5108 γλωσσῶν
639 5026 1080 5105 βλαπτομένους.
1132 5023 1467 5099 Ὑπολήψεις
1510 5027 1632 5100 γὰρ,
1665 5025 1820 5104 φησὶ,
1856 5043 1986 5097 μαι·

326 5123 577 5195 νομένων
634 5115 964 5192 λαμϐάνετε,
996 5115 1027 5171 6'
1057 5115 1170 5171 ἐστι
1227 5122 1326 5184 τῆς
1379 5111 1620 5184 σπουδῆς
1649 5115 1802 5186 ὑμῶν
1831 5115 1986 5168 ἐναν-

321 5219 441 5270 τίον
474 5211 562 5266 καὶ
596 5215 697 5278 τῆς
736 5208 1035 5276 ποι-ήσεως.
1098 5202 1225 5263 Ἐπὶ
1287 5202 1345 5259 δε
1396 5211 1500 5273 τῆς
1557 5201 1894 5282 προφητείας
1925 5202 1986 5256 τὸ

322 5299 563 5360 ἐναντίον
593 5297 746 5377 φησί.
783 5296 901 5352 «Καὶ
959 5293 1061 5370 γὰρ
1118 5295 1209 5350 καὶ
1264 5298 1394 5355 τοὺς
1453 5292 1849 5368 ἀναισχύντους
1877 5297 1986 5346 τῶν

322 5391 592 5460 ἀπίστων,
652 5384 934 5464 ἐφέλκεται
1007 5387 1089 5456 τῷ
1163 5377 1408 5460 ἐλέγχειν
1465 5381 1660 5442 αὑτοὺς
1717 5381 1807 5436 καί
1865 5381 1990 5436 ἀνα-

322 5482 548 5559 κρίνειν,
605 5475 696 5532 καὶ
759 5474 826 5530 τὰ
881 5473 1095 5547 κρυπτὰ
1151 5478 1251 5542 τῆς
1309 5469 1536 5548 καρδίας
1592 5471 1771 5526 αὑτῶν
1829 5489 1991 5548 φανε-

330 5576 482 5650 ροῦν.
519 5593 546 5619 ‹‹
580 5566 684 5623 Καὶ
717 5563 891 5624 οὕτως
920 5563 988 5617 τὰ
1018 5564 1249 5637 κρυπτά.
1286 5586 1313 5613 ››
1360 5562 1670 5629 Τουτὲστιν,
1697 5561 1730 5616 ἆ
1770 5560 1857 5615 ἐπὶ
1888 5563 1990 5633 ψυ-

329 5640 443 5740 χὴν
505 5656 646 5732 ἔχει,
701 5655 792 5710 καὶ
851 5653 969 5708 κατ’
1024 5651 1158 5707 αὑτὰ
1216 5651 1572 5740 ἐναχθήσεται
1606 5649 1656 5706 ἐν
1688 5640 1853 5740 utea),
1901 5651 1991 5704 καὶ

336 5737 800 5831 ἔρανερωθήσεταη
858 5742 948 5796 καὶ
1037 5740 1205 5802 εὕτως
1292 5737 1379 5795 διὰ
1463 5744 1561 5795 τοῦ
1618 5737 1990 5814 ἀνακρίνεσθαι

2103 3411 2130 3440 ‹‹
2167 3390 2514 3447 Ecclesiaet
2531 3407 2740 3447 omnes
2754 3391 2974 3464 linguis
2990 3389 3752 3463 loquantur.ingrediantur

2105 3501 2131 3531 «
2165 3486 2363 3536 autem
2382 3480 2579 3536 idiota
2600 3486 2700 3538 aut
2717 3480 3242 3544 increduli,nonne
3259 3480 3458 3536 dicent
3477 3479 3752 3536 vosinsa-

2101 3591 2129 3618 «
2165 3570 2324 3626 nire?
2337 3570 2498 3636 Quod
2514 3571 2562 3626 si
2577 3587 2784 3628 omnes
2797 3587 2943 3644 prop
2952 3571 3174 3627 hetent:
3189 3569 3558 3644 ingrediatur
3569 3573 3761 3626 autem

2101 3681 2128 3707 ‹‹
2163 3659 2509 3716 incredulus
2536 3666 2636 3717 aut
2657 3660 2861 3727 idiota,
2899 3660 3239 3734 coarguitur
3263 3659 3335 3715 ab
3359 3658 3662 3727 omnibus,
3695 3663 3756 3714 et

2104 3772 2127 3801 ιι
2164 3750 2248 3804 sic
2280 3748 2514 3806 occulta
2546 3749 2743 3805 cordis
2775 3749 2906 3821 ejus
2925 3749 3243 3805 manifesta
3266 3749 3436 3816 ﬁunt,
3460 3752 3637 3819 atque
3670 3747 3755 3802 ita

2101 3860 2127 3884 ‹‹
2161 3836 2480 3908 procidens
2501 3838 2562 3893 in
2585 3837 2798 3894 faciem
2825 3855 2992 3894 suam
3015 3836 3287 3894 adorabit
3315 3837 3753 3906 Deum,renun—

2104 3952 2129 3977 ‹‹
2165 3928 2318 3984 tians
2349 3929 2508 4000 quod
2539 3945 2744 3985 revera
2773 3931 2928 3986 Deus
2958 3929 3020 3983 in
3050 3927 3213 3984 vobis
3239 3929 3337 3986 sit.
3375 3949 3402 3978 ››

2172 4123 2403 4178 Sensim
2435 4121 2558 4177 vult
2586 4119 2904 4177 ostendere
2934 4118 3092 4190 quod
3145 4118 3350 4175 damni
3382 4117 3616 4175 occasio
3676 4118 3754 4172 sit

2100 4211 2263 4282 loqui
2299 4211 2538 4283 linguis.
2572 4209 2796 4266 Deinde
2828 4225 2904 4266 ne
2935 4208 3158 4266 donum
3190 4205 3633 4279 reprehendere
3664 4207 3750 4261 vi-

2099 4301 2330 4369 deatur,
2361 4301 2670 4373 subjungit
2701 4317 2715 4356 :
2749 4300 2806 4355 Si
2844 4299 3210 4356 conveniatis
3268 4313 3475 4355 omnes
3533 4296 3752 4368 linguis

2099 4391 2416 4463 loquentes
2449 4408 2462 4447 :
2518 4390 2934 4463 ingrediantur
2964 4395 3163 4446 autem
3202 4387 3402 4444 idiota
3449 4404 3518 4442 ac
3549 4387 3750 4443 incre-

2100 4479 2274 4535 duli:
2327 4497 2671 4551 quanquam
2719 4479 3108 4550 reprehensio
3157 4479 3236 4534 sit
3283 4476 3632 4550 ignorantia
3681 4491 3749 4531 ac

2102 4571 2538 4627 incredulitatis
2569 4571 2809 4626 illorum
2849 4575 2906 4624 et
2944 4585 3065 4625 non
3121 4568 3346 4641 gratia,
3378 4573 3579 4624 tamen
3638 4567 3750 4623 hoc

2102 4661 2278 4716 etiam
2305 4659 2482 4715 modo
2505 4659 2736 4716 occasio
2759 4659 2962 4715 damni
2988 4664 3078 4714 est
3099 4657 3301 4713 idiotis
3322 4661 3381 4712 et
3397 4655 3748 4720 incredulis,

2103 4747 2262 4818 quod
2293 4747 2354 4803 in
2387 4747 2701 4819 prophetia
2743 4763 2865 4801 non
2906 4746 3191 4803 invenies.
3227 4767 3255 4795 ‹‹
3289 4745 3494 4800 Nonne
3551 4741 3751 4798 dicent

2099 4854 2200 4892 vos
2215 4835 2519 4891 insanire?
2535 4857 2555 4885 ι
2577 4836 2863 4901 Quoniam
2877 4838 3223 4906 arrogantes
3238 4838 3406 4889 erant
3420 4833 3482 4887 in
3501 4847 3571 4887 eo
3589 4833 3749 4902 quod

2098 4928 2319 5001 linguis
2349 4926 2758 4997 loquerentur,
2783 4924 3226 4996 ostenditipsoe
3256 4939 3328 4978 ex
3357 4921 3576 4994 linguis
3598 4919 3748 4976 inci-

2097 5019 2236 5074 dere
2269 5016 2329 5073 in
2352 5015 2635 5072 damnum
2661 5014 3204 5086 suspicionis.568
3235 5010 3744 5082 Inciditis,inquit,

2098 5107 2160 5162 in
2184 5105 2586 5177 suspicionem
2603 5103 2851 5160 insania
2873 5103 3059 5174 :quod
3074 5101 3267 5158 studio
3291 5105 3482 5157 vestro
3498 5107 3554 5154 et
3566 5099 3746 5156 actio-

2100 5197 2162 5251 ni
2195 5195 2560 5251 contrarium
2593 5195 2775 5251 est.ln
2805 5192 3120 5267 prophetia
3163 5207 3297 5247 vero
3325 5209 3355 5246 e
3389 5191 3620 5246 diverso
3649 5206 3743 5246 ac-

2099 5285 2263 5342 cidit.
2298 5284 2600 5356 Siquidem
2627 5283 2788 5355 ipsos
2847 5297 3082 5354 quoque
3115 5281 3494 5352 impudentes
3552 5280 3743 5337 incre~

2102 5375 2274 5431 dulos
2305 5375 2568 5443 attrahit,
2625 5372 2962 5446 corguendo
2994 5388 3096 5428 eos
3153 5388 3220 5427 ac
3249 5369 3657 5442 dijudicando,
3693 5374 3750 5424 et

2101 5467 2334 5523 occulta
2373 5465 2569 5522 cordis
2626 5465 2894 5536 ipsorum
2954 5463 3412 5519 manifestando.
3467 5483 3495 5512 ιι
3547 5462 3616 5516 Ει
3664 5461 3748 5515 sic

2103 5559 2391 5613 occulta.»
2427 5559 2546 5612 Hoc
2577 5562 2666 5612 est
2694 5573 2826 5627 qua
2857 5557 2919 5610 in
2950 5557 3149 5612 animo
3180 5553 3381 5619 habet,
3397 5566 3648 5624 quaque
3680 5566 3749 5604 ex

2104 5649 2196 5704 his
2231 5645 2966 5719 sequuntur,proferentur
2994 5646 3056 5700 in
3089 5643 3353 5700 medium
3385 5648 3446 5696 et
3473 5637 3747 5712 propala-

2104 5738 2346 5804 buntur,
2383 5753 2449 5792 ac
2481 5737 2582 5805 ita,
2602 5753 2710 5808 per
2734 5736 2845 5792 hoc
2877 5735 3150 5791 videlicet
3177 5731 3335 5803 quod
3365 5727 3746 5802 dijudicatur,
