4118 6380
349 410 469 470 855

1449 404 1864 468 (ECUMENII
1912 402 2219 465 ’l‘RlCC/E
2261 404 2640 468 EPISCOPI.

3659 401 3790 461 856

353 547 586 603 occulta
616 545 801 617 ipsius
831 542 1315 609 manifestantur,
1348 545 1406 595 et
1435 540 1754 613 procidens
1795 536 2004 594 adorat

2133 532 2415 609 δηλονότι,
2444 538 2513 594 τὰ
2566 541 2779 616 κρυπτά
2818 539 2986 596 αὐτοῦ
3047 543 3428 617 φανεροῦνται.
3465 535 3570 594 Καὶ
3601 535 3789 591 πεσὼν

357 638 561 691 Deum.
603 657 631 684 «
667 632 990 689 Procidens
1021 632 1086 686 in
1149 630 1387 686 faciem.
1434 654 1458 684 ι
1522 633 1635 686 Res
1665 630 1826 686 enim
1884 648 2018 703 quaa

352 724 696 789 accidit,eos
718 722 899 778 etiam
925 721 1027 792 qui
1053 720 1445 776 vehementer
1478 718 1859 792 impudentes
1882 726 2022 776 sunt

349 811 708 883 pudefaciet.

422 996 773 1064 XIV,26-28.
793 1017 820 1044 ‹‹
849 993 1001 1059 Quid
1021 992 1202 1066 igitur
1221 996 1331 1059 est,
1360 991 1576 1047 fratres
1591 992 1620 1046 εἶ
1635 992 1781 1047 Cum
1806 1008 2018 1048 conve-

355 1105 382 1132 ‹‹
415 1083 547 1139 neri
555 1083 908 1154 tis,quisque
921 1088 1183 1137 vestrum
1194 1081 1477 1153 psalmum
1492 1080 2019 1149 habet,doctrinam

355 1195 383 1223 ‹‹
417 1172 890 1244 habet,linguam
922 1170 1121 1238 habet,
1148 1170 1579 1226 revelationem
1610 1169 1809 1237 habet,
1831 1172 2013 1225 inter-

359 1286 379 1311 α
420 1263 816 1334 pretationem
830 1260 1034 1317 habet:
1052 1261 1257 1317 omnia
1277 1260 1353 1316 ad
1369 1259 1830 1315 mdificationem
1845 1260 2012 1315 fiant:

353 1373 380 1401 ‹‹
419 1351 548 1405 Sive
578 1351 783 1423 lingua
813 1350 950 1423 quis
979 1350 1272 1421 loquitur,
1305 1350 1411 1405 ﬁat
1440 1366 1547 1421 per
1576 1348 1772 1418 binos,
1805 1355 1908 1404 aut
1937 1348 2012 1403 ad

354 1463 379 1490 ιι
411 1456 710 1496 summum
734 1439 1149 1510 ternos,idque
1166 1439 1516 1507 vicissim,et
1536 1456 1694 1494 unus
1716 1440 2014 1510 interpre-

349 1552 376 1578 (ι
411 1534 571 1585 tetur
605 1546 618 1583 :
652 1528 810 1601 quod
842 1529 892 1584 si
940 1545 1064 1583 non
1103 1528 1182 1583 sit
1211 1528 1528 1600 interpres,
1570 1533 1766 1584 taceat
1788 1529 1852 1582 in
1892 1530 2009 1582 Ec-

355 1640 377 1670 ι
411 1622 595 1678 clesia
624 1640 637 1678 :
671 1628 953 1677 caeterum
983 1620 1097 1675 sibi
1130 1620 1245 1692 ipsi
1274 1620 1557 1692 loquatur
1585 1625 1645 1675 et
1674 1622 1813 1675 Deo.
1851 1641 1878 1669 ››

424 1710 575 1776 Quid
608 1711 810 1783 igitur,
841 1709 1060 1780 inquit.
1091 1708 1434 1765 faciendum
1472 1715 1563 1764 est
1616 1708 1780 1764 vobis
1800 1709 1828 1763 ‘?
1867 1708 2015 1763 Ecce

355 1800 519 1854 enim
539 1799 792 1855 audistis
818 1798 1119 1853 donorum
1140 1797 1530 1853 differentias.
1545 1799 1617 1853 Et
1641 1813 2014 1868 consequen-

2122 632 2422 701 προσκυνεῖ
2446 632 2527 700 τῷ
2559 633 2696 700 Θεῷ.
2732 654 2760 681 ιι
2791 629 2974 684 Πεσὼν
3027 627 3115 683 ἐπὶ
3144 627 3461 702 πρόσωπον.
3499 647 3526 675 n
3554 624 3629 680 Τὸ
3660 623 3786 698 γὰρ,

2124 719 2436 790 γινόμενον,
2496 716 2586 772 καὶ
2644 716 2773 780 τοὺς
2832 714 3041 796 σφόδρα
3099 716 3493 794 ἀναισχύντους
3532 710 3792 770 καταιδέ-

2125 823 2226 860 σει.

2193 997 2259 1055 Τί
2324 999 2420 1053 οὖν
2481 999 2645 1069 ἐστιν,
2702 997 2979 1067 ἀδελφοί;
3042 998 3168 1055 ὅταν
3255 997 3598 1074 συνέρχησθε
3661 998 3792 1051 ὲκαο

2122 1107 2250 1150 στος
2320 1089 2475 1160 ὑμῶν
2559 1087 2783 1163 ψαλμὸν
2852 1087 2994 1165 ἔχει,
3087 1085 3323 1166 διδαχὴν
3391 1085 3531 1166 ἔχει,
3603 1084 3796 1162 γλῶσ-

2121 1196 2215 1230 σαν
2275 1173 2415 1252 ἔχει,
2474 1175 2823 1251 ἀποκάλυψιν
2880 1171 3021 1251 ἔχει,
3080 1177 3375 1253 ἑρμηνείαν
3445 1170 3583 1250 ἔχει.
3646 1176 3789 1231 Hav-

2121 1284 2190 1319 τα
2267 1265 2404 1340 πρὸς
2492 1263 2794 1339 οἰκοδομὴν
2881 1263 3137 1342 γινέσθω.
3199 1262 3328 1321 Εἴτε
3411 1261 3638 1340 γλώσσῃ
3700 1284 3787 1325 τις

2120 1350 2285 1409 λαλεῖ
2331 1354 2469 1409 κατά
2536 1351 2633 1409 δύο
2690 1355 2725 1424 ἢ
2784 1355 2847 1410 τὸ
2907 1360 3168 1409 πλεῖστον
3215 1359 3387 1429 τρεῖς,
3432 1352 3525 1409 καὶ
3555 1352 3656 1407 ἀνά
3690 1352 3791 1425 μέ-

2122 1462 2240 1518 ρος,
2291 1442 2382 1498 καὶ
2439 1444 2517 1505 εἷς
2579 1440 2999 1517 διερμηνευέτω.
3061 1444 3184 1501 Ἐὰν
3237 1440 3297 1497 δὲ
3339 1445 3415 1515 μή
3557 1439 3792 1516 διερμη-

2118 1532 2335 1600 νευτής,
2368 1531 2578 1608 σεγάτω
2627 1532 2680 1587 ἐν
2733 1531 3058 1604 Ἐκκλησία,
3090 1532 3268 1605 ἑαυτῷ
3321 1529 3378 1587 δὲ
3427 1528 3667 1587 λαλείτω
3695 1532 3787 1586 καί

2118 1624 2198 1692 τῷ
2227 1625 2366 1692 Θεῷ.

2191 1709 2259 1767 Τί
2289 1709 2402 1779 οὗν,
2436 1709 2592 1787 φησὶ,
2625 1709 2889 1779 ποιητέον
2946 1710 3112 1783 ὑμῖν;
3173 1706 3315 1767 Ἰδοὺ
3370 1709 3475 1786 γάρ
3515 1708 3789 1780 ἀκηκόατε

2120 1797 2216 1860 τάς
2272 1802 2383 1853 τῶν
2444 1798 2804 1872 χαρισμάτων
2861 1796 3147 1879 διαφοράς.
3209 1798 3314 1855 Καὶ
3365 1797 3560 1854 λοιπὸν
3611 1795 3787 1874 λέγει,

355 1892 448 1943 ter
480 1888 628 1943 dicit
663 1904 676 1942 :
711 1887 973 1958 Quisque
1004 1892 1266 1942 vestrum
1298 1887 1418 1942 sive
1449 1887 1748 1958 psalmum
1797 1886 2014 1942 habeat

2133 1888 2384 1949 ’ἕκαστος
2419 1887 2570 1959 ὑμῶν
2601 1886 2709 1942 εἳτε
2753 1885 2976 1961 ψαλμὸν
3031 1885 3148 1963 ἔχει
3208 1886 3335 1959 (ἀπὸ
3366 1886 3470 1963 γὰρ
3504 1887 3791 1962 χαρίσμα-

357 1980 517 2050 (nam
552 1996 622 2034 ex
652 1978 806 2035 dono
836 1977 1095 2048 quodam
1126 1977 1305 2033 etiam
1337 1978 1602 2049 psalmos
1633 1993 1739 2033 seu
1777 1976 2010 2032 cantica

348 2067 767 2133 conﬁciebant,
802 2068 925 2122 sive
955 2066 1288 2122 doctrinam
1320 2065 1559 2136 habeat,
1594 2067 1707 2122 hoc
1734 2073 1845 2133 est,
1882 2066 2005 2121 sive

349 2156 538 2229 possit
569 2156 782 2212 dooere
817 2162 874 2211 et
920 2156 1241 2211 utilitatem
1272 2156 1485 2211 afferre
1519 2173 1533 2210 :
1573 2156 1693 2211 sive
1747 2155 2004 2228 prophe-

356 2248 500 2302 tiam
522 2250 680 2316 (nam
712 2246 825 2301 hoc
856 2245 1154 2318 significat
1176 2243 1548 2318 ἀποκάλυψις,
1585 2245 1644 2301 id
1699 2252 1808 2312 est,
1842 2260 2003 2301 reve-

352 2335 514 2404 latio)
547 2334 668 2389 sive
698 2334 965 2407 linguam
994 2333 1213 2389 habeat
1231 2332 1403 2403 (bene
1435 2339 1635 2389 autem
1669 2334 2008 2408 linguarum

347 2440 584 2495 quoque
617 2423 1064 2478 meminit.Nam
1094 2422 1236 2492 quia
1266 2423 1329 2477 in
1360 2423 1847 2494 praacedentibus
1871 2426 2009 2483 illas

350 2512 736 2566 vehementer
756 2510 827 2566 de
836 2511 1240 2582 pressit,nunc
1271 2511 1451 2565 etiam
1470 2526 1677 2566 earum
1697 2514 2003 2569 meminit:

354 2599 640 2671 quoniam
670 2600 830 2654 visus
857 2604 949 2654 est
978 2599 1202 2654 sentire
1233 2615 1429 2671 neque
1462 2598 1603 2656 doni
1634 2618 1821 2670 genus
1881 2619 2010 2659 esse

360 2689 610 2762 gratiam
642 2689 1005 2760 linguarum)
1038 2688 1157 2743 sive
1186 2688 1743 2760 interpretationem
1774 2691 2008 2760 habeat,

360 2783 418 2834 et
438 2779 629 2850 possit
647 2777 881 2850 linguas
896 2776 1276 2849 interpretari
1293 2793 1306 2831 :
1323 2778 1598 2833 eumdem
1616 2779 1797 2834 ﬁnem
1811 2782 2014 2838 omnia

354 2866 700 2938 respiciant,
728 2882 945 2937 nempe
976 2871 1042 2921 ut
1071 2865 1328 2921 aediﬁcet
1356 2866 1702 2938 Ecclesiam,
1724 2874 2012 2940 tanquam

351 2955 578 3011 diceret
609 2973 623 3011 :
655 2958 1035 3027 Quaacunque
1067 2954 1189 3010 dixi
1222 2954 1551 3027 dona,puta
1580 2957 1870 3028 psalmus,
1907 2960 2010 3015 do-

354 3043 861 3111 ctrina,revelatio
894 3043 1014 3098 sive
1044 3043 1380 3115 prophetia,
1410 3043 2009 3119 lingua,interpreta-

362 3133 468 3201 tio,
517 3131 591 3188 ad
641 3132 961 3188 utilitatem
994 3131 1115 3188 sint
1171 3132 1375 3204 populi
1408 3137 1469 3187 et
1525 3132 2008 3192 aediﬁcationem.

360 3246 388 3273 ‹‹
422 3222 551 3277 Fiat
579 3238 685 3293 per
741 3221 916 3277 binos
948 3226 1050 3276 aut
1079 3220 1155 3277 ad
1213 3238 1514 3277 summum
1545 3227 1768 3280 ternos.
1797 3247 1824 3274 »
1882 3227 2008 3281 Non

359 3310 534 3367 multi
566 3310 899 3381 loquamini
930 3309 1135 3383 lingua
1158 3326 1353 3381 neque
1385 3311 1652 3379 confuse,
1687 3329 1762 3368 ne
1794 3314 2008 3370 seditio
2040 3275 2084 3341 C

357 3401 498 3455 flat:
532 3399 637 3456 sed
667 3397 915 3466 duo,aut
933 3405 1001 3454 ut
1030 3399 1359 3472 plurimum
1390 3406 1531 3456 tres.
1567 3401 1749 3472 quue
1782 3400 1879 3456 ἀνᾶ
1911 3404 2008 3475 μέ·

358 3505 476 3559 ρος,
508 3487 567 3541 id
601 3493 711 3555 est,
740 3504 849 3558 per
878 3492 1076 3558 partes
1108 3488 1224 3542 sive
1256 3488 1539 3554 vicissim,
1571 3489 1684 3545 hoc
1717 3497 1805 3546 est
1853 3509 2012 3548 unus

359 3583 495 3647 post
524 3576 711 3632 alium
732 3576 1097 3648 loquatur,et
1120 3576 1275 3632 alius
1306 3578 1789 3650 interpretetum:
1823 3581 2010 3636 Caete-

359 3681 493 3721 rum
518 3665 632 3720 sibi
662 3665 776 3737 ipsi
807 3665 1089 3737 loquatur
1118 3670 1176 3722 et
1206 3667 1346 3722 Deo.
1381 3690 1409 3718 »
1443 3668 1610 3733 Quod
1641 3668 1725 3724 ait
1759 3685 1772 3725 :
1808 3693 1835 3720 ‹‹
1889 3670 2014 3726 Sibi

364 3754 480 3826 ipsi
521 3753 823 3826 loquatur,
886 3776 915 3804 ιι
949 3770 1142 3826 neque
1206 3755 1604 3827 permittentis
1654 3762 1763 3826 est,
1820 3775 2015 3831 neque

363 3843 756 3917 prohibentis,
783 3844 940 3901 ὅθι
978 3861 1046 3900 ac
1078 3844 1127 3900 si
1159 3844 1386 3900 diceret
1416 3862 1430 3901 :
1474 3846 1531 3900 Si
1563 3862 1683 3902 non
1715 3847 1893 3904 habet
1924 3848 2015 3904 in-

364 3935 1109 4005 terpretationem,taceat;
1137 3935 1297 4006 quod
1324 3935 1372 3991 si
1392 3952 1512 3991 non
1531 3937 1685 4007 potis
1709 3943 1799 3992 est
1820 3942 2016 3993 tacere

2118 1995 2211 2039 τος
2240 1976 2333 2030 καί
2363 1974 2622 2049 ψαλμοὺς
2652 1975 2919 2050 ἐποίουν),
2953 1977 3061 2032 εἲτε
3117 1972 3353 2052 διδαχὴν
3385 1972 3525 2052 ἔχει·
3559 1977 3704 2042 οἷον,
3744 1976 3797 2031 εἷ’

2118 2060 2340 2141 δύναται
2401 2061 2613 2134 διδάξαι
2671 2065 2762 2119 καὶ
2830 2064 3140 2134 ὠφελῆσαι,
3227 2062 3338 2120 εἷ’τε
3423 2063 3793 2141 προφητείαν.

2118 2138 2314 2209 (Τοῦτο
2388 2153 2492 2229 γὰρ
2569 2155 2605 2225 ἡ
2683 2151 3077 2228 ἀποκάλυψις),
3154 2152 3269 2209 ετίτε
3339 2138 3594 2231 γλῶσσαν
3673 2151 3794 2232 ἔχει

2116 2240 2330 2316 (καλῶς
2362 2240 2421 2297 δὲ
2450 2243 2539 2298 καὶ
2597 2247 2706 2298 τῶν
2763 2241 3029 2319 γλωσσῶν
3090 2243 3359 2317 ἐμνήσθη.
3415 2240 3642 2313 Ἐπειδή
3686 2246 3794 2318 γὰρ

2118 2331 2283 2395 αὐτὰς
2343 2332 2397 2388 ἐν
2451 2339 2569 2396 τοῖς
2630 2328 2981 2408 προλαϐοῦσι
3040 2331 3252 2410 σφόδρα
3307 2332 3550 2403 καθεῖλε,
3580 2337 3671 2388 νῦν
3704 2334 3793 2388 καὶ

2117 2423 2297 2479 αὐτῶν
2326 2422 2598 2497 ἰμνήσθη,
2633 2423 2750 2479 ἐπεὶ
2782 2419 2958 2494 ἔδοξεν
3008 2423 3070 2479 ἂν
3128 2421 3270 2498 μηδὶ
3321 2420 3469 2487 εἶδος
3516 2425 3656 2479 εἶναι
3687 2443 3793 2499 χα-

2122 2511 2386 2587 ρίσματος
2416 2512 2481 2568 τὸ
2511 2518 2620 2568 τῶν
2663 2511 2976 2588 γλωσσῶν),
3037 2510 3146 2569 ε’ίτε
3200 2514 3490 2588 ἑρμηνείαν
3522 2511 3663 2589 ἔχει,
3695 2513 3791 2567 καὶ

2119 2598 2337 2657 δύναται
2367 2603 2463 2665 τὰς
2494 2600 2750 2678 γλώσσας
2784 2602 3131 2677 ἑρμηνεύειν,
3163 2609 3299 2677 πρὸς
3347 2601 3400 2658 ἓν
3453 2600 3617 2667 τέλος
3654 2603 3791 2657 πάν-

2118 2712 2186 2747 τα
2221 2690 2425 2766 ὁράτω,
2483 2692 2547 2746 τὸ
2598 2689 2918 2764 οἰκοδομεῖν
2981 2694 3081 2763 τὴν
3140 2691 3487 2762 Ἐκκλησίαν.
3520 2694 3609 2754 Ὡς
3651 2692 3710 2747 ἂν
3745 2691 3792 2747 εἰ

2118 2776 2294 2856 ἔλεγε·
2331 2781 2511 2835 Ηάντα
2554 2782 2653 2835 ὅσα
2684 2781 2745 2835 ’ἀν
2780 2781 2932 2836 εἶπον
2983 2781 3324 2860 χαρίσματα,
3357 2778 3602 2855 ψαλμὸν,
3635 2776 3793 2836 διδα-

2119 2868 2254 2945 χήν,
2308 2865 2481 2942 ἤγουν
2543 2869 2913 2943 ἀποκάλυψιν,
2978 2868 3261 2945 γλῶσσαν,
3328 2870 3641 2945 ἑρμηνείαν,
3713 2869 3793 2932 είς

2120 2957 2388 3037 ὠφέλειαν
2422 2955 2658 3014 ἔστωσαν
2690 2963 2788 3014 τοῦ
2844 2959 3005 3028 λαοῦ,
3058 2960 3151 3015 καὶ
3211 2957 3535 3034 οἰκοδομήν.
3570 2984 3597 3011 ‹‹
3643 2961 3797 3017 Κατὰ

2122 3045 2244 3117 δύο,
2278 3045 2315 3117 ἤ
2340 3045 2403 3102 τὸ
2435 3045 2695 3104 πλεῖστον
2726 3054 2897 3124 τρεῖς.
2934 3073 2961 3100 ›)
2997 3050 3092 3117 Μή
3118 3047 3327 3104 πολλοὶ
3360 3047 3581 3104 λαλεῖτε
3609 3048 3801 3125 γλώσο

2121 3158 2187 3211 σῃ
2230 3134 2374 3210 μηδὲ
2434 3138 2884 3216 συγκεχυμένως,
2939 3135 3032 3192 ’ίνα
3095 3140 3172 3211 μή
3233 3137 3595 3194 ἀκαταστασία
3626 3140 3797 3215 γίνη-

2118 3247 2231 3294 ται,
2261 3224 2412 3282 ἀλλὰ
2471 3223 2568 3281 δύο
2615 3224 2651 3296 ἤ
2705 3232 2853 3302 τρεῖς
2910 3227 2973 3283 τὸ
3031 3227 3314 3295 πλεῖστον,
3346 3228 3567 3283 καὶάνά
3604 3226 3792 3302 μέρος,

2117 3315 2391 3370 τουτέστιν
2443 3317 2523 3377 εἷς
2584 3314 2676 3393 ἀφ’
2732 3315 2850 3378 ὲνὸς
2912 3313 3178 3383 λαλείτω,
3238 3316 3324 3371 καὶ
3386 3313 3792 3391 διερμηνευέτω

2117 3401 2323 3479 ἕτερος.
2393 3428 2420 3456 ‹‹
2449 3405 2665 3477 Ἑαυτῷ
2724 3401 2781 3460 δὲ
2831 3405 3072 3461 λαλείτω
3134 3407 3227 3461 καὶ
3284 3410 3364 3479 τῷ
3421 3411 3559 3478 Θεῷ.
3596 3430 3624 3457 ››
3692 3408 3787 3476 Τὸ,

2123 3516 2151 3545 ‹‹
2180 3497 2387 3565 Ἐαυτῷ
2423 3491 2725 3556 λαλείτω.»
2757 3494 2862 3549 οὐκ
2891 3491 3032 3550 ἔστιν
3065 3494 3477 3569 ἐπιτρέποντος.
3507 3492 3633 3551 ἀλλ’
3663 3493 3790 3551 οὐδὲ

2121 3581 2457 3645 κωλύοντος.
2496 3584 2637 3639 Ὠσεὶ
2669 3577 2882 3659 ἔλεγεν⁸
2935 3584 3001 3642 El
3059 3586 3136 3658 μή
3187 3583 3306 3661 ἔχει
3352 3586 3668 3661 ἑρμηνείαν,
3703 3586 3786 3641 σί-

2123 3673 2295 3747 γάτω.
2348 3671 2412 3729 Εἰ
2470 3669 2528 3727 δὲ
2588 3674 2664 3745 μὴ
2725 3678 2979 3748 καρτερεῖ
3033 3678 3184 3748 σιγᾷν
3246 3678 3431 3744 (τοῦτο
3464 3671 3523 3730 δὲ
3551 3696 3791 3751 κατηγο-

2126 3760 2246 3836 ρίας
2274 3759 2462 3835 ἐστὶν),
2521 3762 2697 3834 ἑαυτῷ
2752 3761 3020 3832 λαλείτω,
3078 3765 3378 3836 τουτέστιν,
3428 3762 3674 3841 ἀψοφητί
3702 3765 3795 3818 καὶ

2124 3848 2328 3922 ἠρέμα,
2360 3850 2435 3914 ὡς
2464 3851 2595 3906 Θεὸν
2658 3853 2821 3925 μόνον
2876 3851 3116 3921 ἀκούειν,
3177 3854 3242 3908 ού
3305 3854 3413 3926 μὴν
3448 3852 3793 3929 ἀνθρώπους.

2133 3939 2275 4013 Ὅρα
2304 3943 2422 4001 πῶς
2451 3937 2503 3994 έν
2535 3944 2616 4013 τῷ
2648 3937 2825 3995 δοκεῖν
2860 3939 3190 4014 ἐπιτρέπειν,
3222 3941 3541 4018 ἀποτρέπει.

363 4024 501 4094 (hoc
529 4028 729 4078 autem
758 4024 883 4078 vitii
918 4024 1027 4096 est)
1059 4024 1172 4080 sibi
1204 4023 1318 4095 ipsi
1344 4023 1646 4095 loquatur,
1679 4025 1794 4080 hoc
1824 4032 1933 4093 est,
1968 4027 2125 4098 apud
2172 4046 2235 4084 se
2266 4029 2483 4084 leniter
2512 4035 2571 4085 et
2602 4030 2732 4085 sine
2791 4031 3066 4102 strepitu,
3100 4037 3165 4086 ut
3194 4031 3358 4088 solus
3392 4033 3541 4087 Deus
3596 4032 3801 4088 audiat

367 4118 431 4166 et
463 4128 586 4166 non
617 4112 914 4167 homines.
947 4110 1274 4168 Considera
1302 4128 1438 4168 vero
1471 4113 1771 4184 quomodo
1804 4115 1944 4170 dum
1972 4117 2317 4187 permittere
2346 4118 2601 4182 videtur,
2633 4120 2966 4191 prohibeat.

441 4199 829 4269 XlV,29-33.«
864 4201 1176 4272 Prophetas
1204 4217 1342 4256 vero
1367 4201 1483 4256 duo
1514 4207 1618 4257 aut
1635 4206 1756 4257 tres
1782 4202 2030 4274 loquan-

368 4311 397 4339 «
432 4292 616 4355 tur,et
645 4288 842 4343 caateri
875 4288 1403 4360 dijudicent.Quod
1434 4289 1484 4345 si
1504 4290 1676 4346 alteri
1700 4291 2025 4349 revelatum

373 4404 398 4428 ιι
432 4377 613 4432 fuerit
643 4377 1123 4449 assidenti,prior
1147 4380 1615 4435 taceat.Potestis
1639 4381 1797 4436 enim
1821 4383 2022 4456 singu-

386 4488 405 4518 ,ι
432 4466 599 4521 latim
633 4481 843 4521 omnes
890 4467 1283 4539 prophetare:
1328 4472 1395 4522 ut
1424 4484 1633 4524 omnes
1683 4468 1934 4541 discant,
1969 4478 2028 4527 et

2211 4212 2497 4283 Προφῆται
2576 4203 2633 4261 δὲ
2714 4203 2810 4262 δύο
2864 4206 2900 4277 ἢ
2960 4213 3105 4282 τρεῖς
3186 4206 3550 4278 λαλείτωσαν,
3603 4209 3694 4264 καὶ
3750 4211 3801 4264 οἱ

2139 4290 2304 4348 ἄλλοι
2366 4289 2810 4366 διακρινέτωσαν.
2872 4294 2995 4351 Ἐὰν
3079 4292 3136 4349 δε
3212 4293 3375 4368 ἄλλῳ
3430 4294 3800 4373 ἀποκαλυφθῇ

2135 4382 2452 4454 καθημένῳ,
2529 4382 2557 4436 ὁ
2631 4387 2855 4458 πρῶτος
2931 4385 3160 4461 σιγάτω.
3241 4383 3476 4448 Δύνασοε
3524 4385 3628 4462 γὰρ
3682 4389 3804 4449 καθ’

2136 4468 2225 4526 ἕνα
2298 4470 2489 4533 πάντες
2565 4472 2959 4550 προφητεύειν,
3031 4472 3121 4528 ἳνα
3197 4474 3394 4535 πάντες
3473 4476 3801 4546 μανθάνωσι,

372 4580 400 4605 α
437 4573 644 4612 omnes
670 4556 1144 4614 consolationem
1175 4558 1472 4630 accipiant
1499 4575 1512 4613 :
1546 4565 1605 4614 et
1625 4559 1869 4631 spiritus
1899 4579 2018 4633 pro-

2138 4558 2227 4615 καὶ
2304 4560 2501 4623 πάντες
2572 4557 3019 4635 παρακαλῶνται.
3100 4560 3199 4616 Καὶ
3285 4561 3571 4637 πνεύματα
3663 4578 3803 4634 προ-

373 4668 400 4695 ‹‹
434 4646 753 4717 phetarum
786 4646 1096 4718 prOphetis
1129 4646 1685 4719 subjiciuntur.Non
1719 4651 1882 4706 enim
1915 4657 2035 4706 tur-

374 4756 402 4788 ιι
432 4735 692 4792 bationis
723 4742 932 4792 auctor
955 4741 1048 4791 est
1078 4737 1257 4803 Deus,
1290 4736 1395 4793 sed
1425 4737 1610 4808 pacis,
1642 4742 1711 4793 ut
1741 4738 1803 4794 in
1834 4740 2029 4795 omni-

374 4847 400 4878 α
435 4825 545 4881 bus
576 4825 859 4881 Ecclesiis
886 4830 1251 4881 sanctorum.
1289 4849 1317 4875 ››

448 4918 629 4969 Erant
658 4913 815 4969 inter
842 4915 1162 4987 praphetas
1194 4915 1376 4971 etiam
1408 4921 1568 4972 vates
1596 4933 1701 4973 seu
1724 4917 1906 4972 divini
1932 4917 2033 4988 qui

379 5001 663 5070 latebant,
696 5003 831 5059 ideo
863 5004 989 5059 ait:
1030 5026 1058 5054 (ι
1095 5007 1217 5060 Puo
1271 5013 1374 5061 aut
1422 5010 1543 5062 tres
1598 5006 1943 5077 loquantur,
1976 5012 2037 5061 et

383 5091 583 5147 caateri
616 5092 966 5164 dijudicent.
1002 5116 1030 5143 »
1058 5094 1177 5149 Hoc
1208 5100 1319 5163 est,
1366 5095 1737 5168 dijudicent;
1779 5110 1854 5151 ne
1887 5110 2033 5166 quo-

387 5180 561 5235 modo
595 5187 750 5235 vates
786 5180 1082 5252 quispiam
1115 5198 1247 5238 esse
1289 5185 1581 5255 propheta
1639 5182 2032 5238 existimetur.

384 5264 520 5321 Ideo
555 5282 693 5338 ergo
725 5266 843 5321 duo
874 5271 977 5321 aut
1032 5272 1256 5334 tres,ne
1288 5274 1533 5341 propter
1590 5267 2036 5324 multitudinem

382 5354 612 5409 lateant
634 5353 771 5408 falsi
800 5359 980 5409 vates.
1015 5376 1042 5405 ιι
1075 5356 1242 5421 Quod
1272 5358 1321 5412 si
1353 5357 1525 5412 alteri
1558 5355 1884 5414 revelatum
1909 5355 2039 5411 fue-

388 5443 466 5498 rit
494 5442 802 5499 assidenti.
838 5464 866 5492 »
898 5444 955 5498 Si
987 5450 1064 5511 te,
1100 5445 1318 5516 inquit,
1352 5446 1751 5518 prophetante
1782 5446 2038 5502 alterum

385 5534 635 5589 moverit
690 5533 942 5605 Spiritus
1000 5541 1263 5603 sanctus,
1323 5542 1388 5592 tu
1463 5544 1614 5601 tace,
1676 5553 1751 5592 ne
1810 5536 2041 5592 duobus

393 5623 572 5680 simul
606 5624 1103 5695 prophetantibus
1136 5625 1237 5680 fiat
1267 5626 1558 5695 confusio,
1592 5643 1732 5682 nam
1763 5626 1838 5681 ob
1872 5625 2043 5695 id,in—

392 5714 539 5783 quit,
574 5719 629 5768 te
660 5713 1054 5785 prophetante
1086 5713 1255 5769 alteri
1312 5715 1668 5787 inspiratam
1730 5721 1839 5788 est,
1883 5716 2042 5787 quod

2143 4653 2326 4726 φητῶν
2402 4651 2712 4727 προφήταις
2818 4651 3193 4707 ὑποτάσσεται.
3273 4651 3351 4710 Οὐ
3456 4653 3560 4729 γὰρ
3661 4650 3805 4704 ἐστιν

2138 4738 2537 4803 ἀκαταστασίας
2600 4742 2628 4796 ὁ
2696 4741 2850 4810 Θεὸς,
2917 4740 3046 4798 ἀλλ’
3114 4741 3470 4817 είρήνης,ὡς
3515 4743 3564 4798 ἐν
3605 4741 3803 4805 πάσαις

2143 4834 2262 4892 ταῖς
2292 4829 2644 4901 Ἐκκλησίαις
2674 4834 2786 4885 τῶν
2817 4830 3012 4906 ἁγίων,

2213 4918 2385 4973 Ἦσαν
2445 4916 2499 4974 έν
2556 4924 2675 4982 τοῖς
2734 4921 3046 4995 προφήταις
3101 4921 3190 4976 καὶ
3255 4924 3453 4994 μάντες
3512 4919 3805 4984 meam-

2141 5026 2247 5067 τες.
2309 5006 2402 5063 Διὸ
2462 5030 2621 5085 φησι,
2680 5034 2707 5062 ι(
2742 5010 2848 5064 Δύο
2908 5006 2942 5077 ἤ
3000 5014 3146 5085 τρεῖς
3205 5008 3568 5081 λαλείτωσαν,
3627 5009 3718 5065 καῖ
3756 5010 3809 5063 οἱ

2143 5092 2312 5150 ἄλλοι
2344 5092 2785 5170 διακρινέτωσαν,
2838 5120 2867 5148 ››
2930 5099 3201 5168 τουτέστι,
3268 5097 3685 5176 διακρινέτωσαν
3729 5103 3804 5173 μή

2146 5184 2254 5239 πού
2319 5206 2403 5247 τις
2465 5187 2657 5257 μάντις
2710 5187 3009 5263 προφήτης
3068 5187 3209 5243 εἶναι
3273 5188 3651 5263 ὑποκρίνηται.
3716 5190 3815 5243 Διά

2144 5279 2309 5329 τοῦτο
2342 5271 2400 5328 δὶ
2430 5271 2526 5330 δύο
2557 5275 2593 5344 ἢ
2623 5279 2798 5349 τρεῖς,
2835 5275 2928 5329 ’ἱνα
2960 5276 3037 5348 μή
3095 5274 3183 5331 διὰ
3215 5278 3276 5332 τὸ
3307 5276 3527 5347 πλῆοος
3565 5278 3806 5343 λάθωσιν

2148 5363 2199 5418 οἱ
2230 5362 2468 5435 μάντεις.
2506 5388 2533 5414 ‹‹
2562 5363 2685 5419 Ἐὰν
2719 5360 2777 5418 δὲ
2824 5360 2983 5437 ἄλλῳ
3031 5365 3397 5443 ἀποκαλυφθῇ
3428 5366 3747 5439 καθημένῳ.
3784 5394 3812 5418 ››

2150 5451 2210 5506 ιιί
2243 5454 2361 5520 σοῦ,
2393 5451 2550 5529 φησί,
2589 5452 3055 5530 προφητεύοντος,
3101 5453 3274 5511 ἄλλον
3306 5454 3520 5526 ἐκίνησε
3546 5455 3610 5511 τὸ
3644 5454 3816 5511 Πνεῦ-

2153 5560 2228 5612 μα
2257 5538 2320 5594 τὸ
2353 5540 2531 5613 ἅγιον,
2592 5538 2655 5593 σὺ
2706 5539 2848 5616 σίγα,
2877 5541 2972 5596 ἳνα
3030 5544 3107 5615 μή
3139 5548 3246 5599 τῶν
3309 5542 3404 5600 δύο
3444 5547 3559 5619 ἅμα
3589 5564 3816 5620 προφη-

2148 5628 2439 5697 τευόντων,
2500 5628 2762 5708 σύγχυσις
2819 5629 3065 5707 γένηται.
3124 5635 3222 5688 Διά
3276 5638 3438 5690 τοῦτο
3489 5634 3616 5711 γὰρ,
3652 5634 3812 5713 φησὶ,

2153 5722 2249 5773 σοῦ
2314 5719 2779 5796 προφητεύοντος,
2828 5717 3002 5783 ἄλλος
3070 5718 3411 5796 ἐνεπνεύσθη,
3468 5720 3819 5800 βουλομένου
