4118 6424
408 434 526 496 857

1401 428 1803 490 ΟΟΜΜΕΝΤ.
1856 428 1931 489 ΙΝ
1979 428 2227 491 EPIST.
2271 431 2296 492 Ι
2341 433 2445 493 AD
2489 436 2859 498 CORINTH.

3702 437 3822 497 858

408 571 507 623 τοῦ
544 564 859 637 Ιινεύματος
900 560 993 617 καὶ
1051 558 1121 615 δι’
1179 559 1387 616 ἐκείνου
1447 559 1708 636 λεχθῆναί
1767 580 1841 618 τι.
1901 583 1928 612 ‹‹
1964 561 2066 615 Δύ-

2186 581 2291 635 per
2319 565 2468 623 illud
2502 585 2741 642 quoque
2773 568 2911 624 velit
2968 568 3219 641 Spiritus
3249 567 3477 640 aliquid
3528 569 3778 641 exprimi
3814 585 3829 626 :

410 657 573 711 νασθε
597 654 705 731 γὰρ
745 653 865 708 καθ’
893 648 990 707 ἕνα
1031 651 1224 713 πάντες
1282 650 1670 727 προφητεύειν.
1727 647 1956 720 Ἐπειδὴ
2016 648 2074 705 δὲ

408 746 503 802 τὸν
557 749 783 820 πρῶτον
841 746 999 820 σιγᾷν
1084 739 1359 811 ἐκέλευσε,
1425 743 1827 816 παραμυθεῖται
1885 740 2047 796 αὐτόν

412 838 505 906 Μὴ
542 831 907 912 δυσχεράνῃς,
940 829 1095 909 φησὶ,
1128 834 1284 904 σιγᾷν
1342 828 1722 904 κελευόμενος.
1783 828 1918 903 Δῦνῃ
1969 829 2069 904 γὰρ

411 925 505 981 καὶ
537 922 600 978 σὺ
628 923 717 977 καὶ
752 919 926 983 ἄλλος
953 918 1344 995 προφητεύειν,
1377 920 1546 994 ἤγουν
1576 919 1786 983 πάντες.
1848 917 1914 975 Ei.
1969 920 2070 986 εἷς,

412 1016 492 1076 εἷς
519 1009 860 1089 προφητεύῃ,
892 1008 1172 1066 τουτέστιν
1203 1008 1304 1064 οὐκ
1328 1007 1572 1083 ἐκλείψει
1629 1009 1657 1062 6
1723 1008 1935 1083 καιρὸς,
1978 1005 2073 1062 ’ἶνα

410 1104 606 1163 πάντες
636 1101 690 1155 οἱ
719 1101 819 1170 τὴν
847 1095 1178 1170 Ἐκκλησίαν
1211 1095 1574 1171 πληροῦντες,
1603 1097 1695 1152 καὶ
1758 1097 2070 1170 μανθάνωσι

410 1190 614 1251 καὶεὶς
644 1188 821 1244 πίστιν
880 1186 1304 1262 παρακαλῶνται
1361 1187 1450 1241 καὶ
1509 1183 1839 1263 ὁδηγῶνται.
1874 1210 1901 1237 ‹‹
1964 1184 2068 1241 Καὶ

411 1281 699 1353 πνεύματα
776 1280 1080 1354 προφητῶν
1176 1278 1487 1354 προφήταις
1601 1276 1977 1332 ὑποτάσσεται.
2043 1297 2071 1327 »

414 1368 700 1441 Πνεύματα
768 1368 1067 1446 προφητῶν
1123 1385 1310 1444 φησιν,
1370 1364 1502 1419 αὐτὸ
1585 1365 1649 1419 τὸ
1706 1363 2072 1437 πνευματικὸν

410 1458 684 1535 χάρισμα.
718 1457 856 1513 Εἶτα
882 1454 972 1509 ἳνα
1008 1455 1085 1526 μὴ
1118 1451 1256 1529 λέγη
1288 1476 1395 1527 τις,
1428 1454 1530 1511 Καὶ
1561 1458 1680 1519 πῶς
1735 1459 1887 1530 σιγᾷν
1918 1451 2074 1508 δύνα-

414 1568 511 1623 μαι
548 1566 562 1617 ;
598 1545 728 1601 αὐτὸ
758 1544 861 1621 γάρ
903 1544 967 1600 τὸ
996 1542 1246 1599 ἐπιπνέον
1307 1544 1456 1620 ἅγιον
1489 1547 1707 1618 Πνεῦμα
1774 1543 1865 1598 καὶ
1918 1541 2072 1598 ἐκόν-

409 1657 478 1693 τα
533 1634 828 1713 ἀναγκάζει
916 1630 1132 1702 λαλεῖν,
1194 1631 1365 1708 Οὖχὶ,
1418 1632 1603 1706 φησίν,
1687 1631 2072 1688 ’Υποτέτακται

415 1726 517 1802 γὰρ
546 1728 628 1797 τῷ
652 1725 911 1803 προφήτῃ
951 1723 1014 1777 τὸ
1046 1721 1318 1798 χάρισμα,
1347 1720 1647 1791 τουτέστιν,
1679 1720 1729 1776 ἐν
1780 1721 1928 1794 αὐτῷ
1959 1720 2070 1776 ἐστι

418 1812 510 1869 καὶ
540 1812 726 1869 λαλεῖν
758 1811 850 1867 καὶ
888 1816 1115 1883 σιωπᾷν.
1176 1812 1488 1886 Ἀντικρυς,
1542 1810 1578 1881 ἢ
1645 1809 1736 1866 ἐπὶ
1792 1815 1901 1866 τῶν
1934 1810 2072 1885 μάν-

417 1923 660 2004 utam-:-
728 1902 1302 2004 [OJKOTh'lENIOI‘j
1332 1902 1564 2004 Ἰῗκεῖνοι
1620 1901 1725 1976 γὰρ
1766 1902 1919 2004 ’.μετᾶ
1966 1902 2069 1971 τήν
2103 1939 2147 2004 Β

413 1992 541 2059 παρ’
571 1989 757 2051 αὐτοῖς
788 1987 1150 2058 ἐνθουσίασιν,
1211 1988 1304 2044 καὶ
1364 1987 1584 2051 ἄκοντες
1620 1991 1713 2044 οἶα
1762 1986 2066 2061 δαιμονῶν-

409 2100 499 2142 τες
527 2078 788 2136 λαλοῦσιν
818 2077 933 2133 ἄοὖ
968 2078 1290 2153 βούλονται.
1345 2077 1403 2133 Et
1462 2078 1643 2133 τοίνυν
1697 2078 1762 2133 τὸ
1821 2078 2069 2154 χάρισμα

407 2175 528 2234 τοῖς
557 2170 872 2249 προφήταις
906 2167 1285 2237 ὑποτέτακται,
1344 2172 1464 2230 πῶς
1518 2167 1617 2223 οὐκ
1668 2166 1868 2223 ἄτοπον
1929 2169 2069 2242 ὑμᾶς

412 2260 493 2331 μὴ
528 2259 924 2322 ὑποτάσσεσθαι
956 2262 1036 2330 τῷ
1084 2260 1244 2330 κοινῇ
1303 2257 1656 2332 συμφέροντι,
1714 2257 1802 2312 ἳνα
1861 2259 1987 2312 ὅταν
2035 2255 2071 2331 ᾖ

403 2348 599 2423 καιρὸς
631 2353 869 2418 σιωπῆς,
900 2351 1139 2402 σιωπᾶτε
1172 2365 1186 2416 ;
1220 2370 1247 2399 ιι
1275 2345 1353 2404 Οὑ
1411 2346 1515 2423 γάρ
1574 2345 1716 2401 ἐστιν
1774 2346 2070 2402 ἀκαταστα-

406 2440 530 2501 σίας
564 2439 592 2492 ὁ
623 2439 775 2500 Θεός.
814 2464 834 2489 ι
871 2439 1009 2494 Εἶτα
1039 2435 1308 2493 δείκνυσιν
1340 2437 1425 2492 δτι
1456 2438 1547 2492 καὶ
1602 2443 1683 2510 τῷ
1741 2441 1860 2509 Θεῷ
1907 2441 2068 2491 τοῦτο

407 2525 581 2599 δοκεῖ,
612 2528 696 2595 τὸ,
728 2528 819 2582 τὸν
847 2532 1065 2601 πρῶτον
1110 2531 1295 2601 σιγᾷν.
1367 2527 1520 2583 Ἐπεὶ
1582 2528 1656 2600 μὴ
1693 2520 1834 2581 ἔστιν
1876 2526 1903 2580 ὀ
1938 2525 2068 2588 Θεὸς

404 2615 826 2684 ἀκαταστασίας,
856 2614 983 2671 ἀλλ’
1009 2616 1255 2691 εἰρήνης.
1315 2617 1408 2672 Ἐκ
1443 2616 1545 2691 γάρ
1601 2615 1820 2686 τούτου,
1881 2614 2068 2691 φησὶν,

409 2706 779 2763 ἀκαταστασία
805 2705 897 2762 καὶ
931 2704 1197 2784 σύγχυσις
1252 2704 1481 2780 γίνεται.
1540 2706 1715 2766 Οὗτος
1771 2701 1828 2760 δὲ
1887 2707 1915 2760 ὁ
1971 2713 2071 2775 τῆς

407 2796 634 2871 εἰρήνης
664 2794 836 2868 νόμος
895 2794 946 2850 ἐν
981 2796 1181 2856 πάσαις
1240 2793 1354 2850 ἐστὶ
1412 2800 1535 2857 ταῖς
1590 2793 1902 2861 ἐκκλησίαις
1959 2800 2067 2850 τῶν

408 2884 604 2960 ἁγίων.
640 2883 836 2948 Καλῶς
867 2879 926 2939 δέ
972 2904 1130 2960 φησι,
1174 2907 1202 2935 ‹‹
1254 2886 1379 2941 Τῶν
1440 2883 1632 2960 ἁγίων,
1670 2909 1692 2938 ι
1730 2881 1918 2954 ἐπειδὴ
1978 2885 2069 2939 καὶ

408 2974 700 3046 Ἐλλήνων
729 2975 864 3044 ἦσαν
899 2973 1211 3045 ἐκκλησίαι,
1244 2973 1331 3028 οιαὶ
1356 2971 1568 3028 λοιπῶν
1601 2972 1861 3030 ἀπίστων.

488 3156 556 3211 A't
607 3158 863 3229 γυναῖκες
927 3154 1081 3227 ὑμῶν
1141 3151 1192 3207 ἐν
1245 3158 1365 3215 ταῖς
1438 3150 1758 3222 ἐκκλησίαις
1840 3154 2070 3229 σιγάτω-

419 3265 533 3300 σαν.
601 3244 676 3301 Οὖ
730 3244 834 3321 γὰρ
934 3242 1316 3317 ἐπιτέτραπται
1404 3243 1590 3305 αὐταῖς
1675 3243 1886 3315 λαλεῖν,
1945 3243 2070 3300 ἀλλ’

422 3333 831 3405 ὑποτάσσεσθαι,
862 3333 1041 3394 καθὼς
1092 3332 1184 3388 γαὶ
1216 3333 1244 3387 ὁ
1298 3331 1470 3405 νόμος
1537 3331 1711 3410 λέγει.
1779 3333 1844 3389 Εἰ
1903 3333 1961 3389 δέ
2015 3356 2069 3389 τι

416 3426 606 3496 μαθεῖν
687 3419 958 3489 θέλουσιν,
1047 3419 1099 3474 ἐν
1180 3419 1321 3493 οἴκῳ
1403 3421 1533 3483 τοὺς
1623 3419 1793 3484 ἰδίους
1872 3419 2070 3498 ἄνδρας

411 3510 867 3586 ἐπερωτάτωσαι.
980 3509 1227 3585 Αίσχρὸν
1314 3514 1421 3586 γάρ
1503 3508 1614 3565 ἐστι
1705 3511 1938 3586 γυναιξὶν
2017 3509 2069 3566 ἐν

412 3597 682 3671 ἐκκλησίᾳ
784 3596 993 3654 λαλεῖν.
1068 3599 1138 3654 ’Ἡ
1215 3597 1306 3675 ἀφ’
1384 3598 1536 3672 ὑμῶν
1615 3600 1642 3653 6
1738 3598 1903 3676 λόγος
1976 3604 2073 3655 τοῦ

416 3692 551 3744 Θεοῦ
625 3685 900 3758 ἐξῆλθενς
975 3686 1010 3756 ἢ
1089 3685 1167 3750 είς
1243 3687 1385 3759 ὑμᾶς
1491 3687 1695 3760 μόνους
1795 3691 2071 3760 κατήντη-

421 3797 504 3832 σεν
541 3796 555 3847 ;

490 3867 755 3931 Πάντοθεν
785 3867 886 3934 τήν
945 3865 1187 3942 ἡσυχίαν
1243 3867 1637 3938 νομοθετήσας,
1693 3865 1753 3921 ἐκ
1808 3871 1930 3935 τοῦ,
1994 3869 2069 3940 μὴ

410 3954 640 4019 πλείους
668 3960 779 4010 τῶν
807 3959 975 4030 τριῶν
1005 3956 1288 4029 γλώσσαις
1328 3953 1543 4023 λαλεῖν,
1603 3956 1693 4010 καὶ
1751 3960 1918 4010 ταῦτα
1976 3957 2075 4011 άνᾶ

417 4045 607 4121 μέρος,
638 4045 935 4112 τουτέστιν,
979 4045 1059 4107 εἷς
1094 4045 1183 4124 ἀφ’
1227 4044 1363 4114 ἐνὸς,
1420 4043 1481 4099 ἐκ
1537 4048 1657 4117 τοῦ,
1708 4045 1800 4100 τὸν
1855 4049 2071 4122 πρῶτον

412 4134 858 4212 προφητεύοντα,
889 4138 970 4206 τῷ
1001 4130 1240 4210 δευτέρῳ
1278 4139 1658 4213 παραχωρεῖν,
1711 4134 1847 4204 ἦλθε
1876 4133 2071 4191 λοιπὸν

413 4226 507 4281 καὶ
549 4224 637 4279 ἐπὶ
667 4226 769 4294 τήν
798 4229 909 4280 τῶν
962 4227 1237 4299 γυναικῶν
1272 4222 1495 4297 ἄκαιρον
1548 4221 1841 4301 φλυαρίαν.
1913 4249 1941 4277 ‹‹
2004 4226 2074 4281 Αἱ

415 4318 671 4389 γυναῖκες
703 4316 1030 4390 σιγάτωσαν·
1097 4313 1160 4367 οὗ
1213 4313 1315 4388 γὰρ
1376 4312 1784 4386 ἐπιτέτραπται,
1818 4338 1844 4365 »ι
1905 4313 2075 4388 ¹ἤγουν

418 4401 821 4477 ἆπονενέμηται
857 4425 886 4455 (ι
920 4402 1110 4463 αὐταῖς
1141 4399 1351 4457 λαλεῖν.
1388 4424 1417 4452 ››
1448 4401 1554 4457 Καὶ
1585 4402 1685 4455 οὐκ
1737 4402 1852 4458 εἷπε
1907 4404 2072 4475 μόνον

420 4497 603 4569 σιγᾷν,
630 4492 780 4548 ἀλλὰ
806 4491 898 4548 καὶ
931 4491 1350 4563 ὑποτάσσεσθαι,
1382 4489 1413 4545 ὅ
1442 4489 1610 4545 πλέον
1642 4490 1753 4545 ἐστὶ
1782 4497 1883 4561 τῆς
1943 4513 2075 4546 σιω-

420 4591 556 4656 πῆς.
587 4585 649 4641 Ἡ
681 4585 785 4660 γὰρ
819 4583 1063 4660 ὑποταγή
1096 4580 1267 4653 δηλοῖ
1292 4581 1393 4650 τὴν
1456 4581 1591 4655 μετᾶ
1647 4575 1824 4657 φόϐου
1889 4584 2073 4657 σιγὴν,

2180 675 2209 703 ‹‹
2244 656 2499 713 Potestis
2532 659 2691 714 enim
2725 659 3068 731 singulatim
3122 674 3333 714 omnes
3387 658 3762 731 prophetare.
3800 682 3828 710 »

2177 744 2467 808 Quoniam
2499 754 2697 804 autem
2724 749 2988 820 priorem
3017 747 3211 803 facere
3236 747 3437 818 jussit,
3487 748 3830 803 consolatur

2177 848 2313 888 eum
2343 852 2355 889 :
2381 837 2482 902 Ne,
2518 836 2736 909 inquit,
2761 853 2913 910 aegre
2935 837 3090 892 feras
3112 835 3271 907 quod
3300 836 3569 907 jubearis
3592 842 3785 892 tacere
3813 856 3825 904 ;

2178 926 2349 990 potes
2380 926 2539 980 enim
2574 931 2631 981 et
2652 931 2715 981 tu
2744 926 3124 998 prophetare,
3157 930 3215 980 et
3244 924 3419 992 alius,
3453 925 3572 979 imo
3595 942 3829 994 omnes,

2179 1010 2227 1065 si
2253 1012 2598 1085 singulatim
2622 1016 2876 1086 quisque
2898 1014 3215 1087 prophetet
3240 1031 3254 1070 :
3286 1013 3399 1069 hoc
3430 1018 3670 1081 est,non
3692 1014 3833 1070 dee-

2176 1102 2255 1157 rit
2276 1108 2606 1177 tempus,ut
2621 1123 2830 1161 omnes
2848 1107 2951 1178 qui
2974 1105 3297 1161 Ecclesium
3319 1104 3832 1176 implent,discant

2179 1196 2237 1246 et
2265 1192 2339 1248 ad
2370 1193 2549 1249 ﬁdem
2581 1196 2943 1252 advocentur
2973 1212 3039 1251 ac
3072 1195 3461 1251 deducantur.
3498 1217 3525 1245 «ι
3560 1194 3626 1250 Et
3656 1196 3831 1267 spiri-

2179 1288 2273 1338 tus
2294 1285 2725 1356 prophetarum
2744 1285 3051 1357 prophetis
3064 1284 3521 1358 subjiciuntur.»
3546 1284 3829 1356 Spiritum

2176 1368 2603 1442 prophetarum
2638 1372 2782 1428 dicit
2803 1372 2999 1444 ipsum
3024 1370 3332 1443 spirituale
3355 1370 3829 1427 donum.Deinde

2177 1474 2252 1514 ne
2286 1459 2421 1530 quis
2454 1458 2615 1516 dicat
2650 1477 2665 1515 :
2699 1461 2767 1516 Et
2796 1459 3095 1532 quomodo
3125 1465 3322 1515 tacere
3352 1475 3597 1532 possum
3628 1460 3656 1515 εἰ
3696 1461 3828 1531 Ipse

2177 1547 2340 1603 enim
2372 1548 2627 1621 Spiritus
2660 1556 2901 1606 sanctus
2936 1550 3035 1621 qui
3067 1548 3341 1621 inspirat,
3368 1554 3427 1603 et
3454 1548 3751 1604 volentem
3774 1554 3834 1603 et

2177 1637 2485 1693 nolentem
2517 1638 2684 1711 loqui
2746 1640 2920 1713 cogit.
2954 1641 3082 1694 Non
3137 1644 3246 1705 est,
3283 1639 3497 1708 inquit,
3528 1638 3630 1694 ita.
3686 1640 3832 1694 Nam

2178 1725 2405 1781 donum
2440 1727 2776 1799 subjectum
2810 1733 2900 1783 est
2949 1728 3278 1800 prophetia,
3311 1727 3424 1783 hoc
3463 1732 3571 1790 est,
3607 1727 3669 1781 in
3699 1729 3830 1799 ejus

2177 1820 2470 1886 potestate
2503 1821 2590 1871 est
2624 1822 2684 1872 et
2713 1816 2877 1888 loqui
2910 1822 2970 1872 et
3020 1823 3237 1872 tacere.
3271 1815 3576 1871 Manifeste
3606 1816 3689 1871 ita
3719 1822 3828 1886 est,

2178 1909 2281 1959 aut
2311 1911 2518 1962 contra
2547 1912 2709 1962 vates
2741 1922 2848 1962 seu
2874 1906 3106 1962 divinos
3125 1906 3560 1977 loquiturNam
3581 1905 3668 1960 illi
3694 1911 3831 1978 post

2177 1992 2442 2051 furorem
2477 1995 2588 2051 sibi
2620 1994 2977 2062 immissum,
3015 2001 3193 2050 etiam
3218 1994 3495 2050 nolentes
3541 2000 3828 2065 tanqnam

2179 2083 2476 2140 daemonio
2507 2084 2709 2156 agitati
2740 2084 3070 2156 loquuntur
3089 2100 3221 2155 quis
3238 2083 3539 2138 nolunt.Si
3571 2099 3705 2155 ergo
3723 2084 3825 2139 do-

2179 2189 2322 2227 num
2355 2173 2663 2245 prophetis
2722 2173 3059 2245 subjectum
3092 2178 3200 2238 est,
3235 2171 3386 2230 565
3447 2178 3672 2243 quanta
3720 2171 3834 2227 erit

2181 2261 2517 2317 absurditas
2550 2262 2710 2333 quod
2744 2279 2854 2317 vos
2885 2262 3189 2318 communi
3222 2260 3465 2316 utilitati
3497 2277 3616 2316 non
3643 2259 3833 2333 subji-

2180 2351 2445 2418 ciamini,
2478 2356 2544 2406 ut
2573 2368 2707 2406 cum
2740 2351 2961 2406 silentii
3025 2356 3258 2423 tempus
3299 2350 3497 2415 fuerit,
3559 2349 3785 2405 sileatis
3806 2350 3835 2405 '?

2181 2462 2210 2490 ‹‹
2244 2442 2370 2495 Non
2401 2441 2561 2496 enim
2595 2440 2954 2496 turbationis
2984 2445 3192 2496 auctor
3218 2445 3308 2494 est
3337 2439 3512 2494 Deus.
3550 2461 3576 2488 »
3607 2437 3831 2494 Deinde

2181 2529 2443 2585 ostendit
2464 2529 2626 2602 quod
2683 2530 2795 2585 hoc
2826 2530 3005 2586 etiam
3063 2530 3184 2585 Deo
3214 2528 3503 2596 videatur,
3561 2533 3628 2583 ut
3668 2528 3832 2600 prior

2180 2623 2393 2686 taceat,
2427 2619 2569 2690 quia
2598 2636 2718 2675 non
2752 2624 2842 2675 est
2871 2620 3024 2674 Deus
3057 2625 3266 2674 auctor
3294 2617 3672 2685 turbationis,
3705 2616 3830 2684 sed,

2180 2708 2384 2780 pacis;
2418 2724 2558 2763 nam
2627 2708 2851 2779 alioqui
2909 2707 3167 2763 turbatio
3199 2712 3258 2761 et
3314 2706 3582 2762 confusio
3641 2707 3831 2761 ﬁeret.

2182 2799 2317 2853 Hinc
2348 2803 2548 2853 autem
2579 2798 2674 2853 lex
2724 2799 2885 2871 pacis
2916 2798 2977 2852 in
3010 2797 3291 2852 omnibus
3350 2801 3442 2852 est
3494 2802 3835 2851 sanctorum

2184 2887 2484 2943 Ecclesiis.
2514 2888 2671 2943 Bene
2703 2894 2901 2943 autem
2935 2887 3080 2942 dicit
3135 2892 3507 2952 sunctorum,
3553 2886 3838 2956 quoniam

2183 2981 2243 3031 et
2263 2978 2599 3032 Graecorum
2614 2981 2676 3031 et
2693 2976 3063 3047 reliquorum
3085 2974 3419 3029 inﬁdelium
3459 2974 3840 3029 erantEccle-

2183 3063 2286 3119 siaa
2319 3063 2437 3118 sive
2469 3063 2983 3135 congregationes.

2253 3152 2470 3222 XIV,34
2483 3153 2607 3207 36.«
2624 3152 2898 3206 Mulieres
2909 3158 3115 3206 vestra;
3131 3151 3191 3204 in
3204 3150 3474 3205 ecclesiis
3487 3150 3840 3211 sileant.nec

2183 3263 2212 3292 ι(
2242 3242 2400 3297 enim
2424 3242 2783 3314 permissum
2805 3247 2897 3296 est
2914 3241 3038 3296 illis
3062 3246 3129 3296 ut
3149 3240 3602 3310 loquantur,sed
3624 3244 3689 3294 ut
3708 3239 3843 3294 sub-

2184 3355 2212 3382 «
2246 3332 2383 3387 dita;
2410 3330 3064 3403 sint,quemadmodum
3092 3330 3264 3385 etlex
3285 3329 3620 3396 dicit.Quod
3635 3328 3841 3400 siquid

2188 3444 2215 3474 ι(
2246 3422 2474 3477 discere
2488 3421 2715 3487 volunt,
2746 3420 2908 3475 domi
2926 3420 3082 3475 viros
3105 3436 3244 3475 suos
3270 3420 3658 3491 interrogent.
3692 3419 3839 3473 Nam

2184 3533 2214 3562 ‹‹
2245 3517 2418 3583 turpe
2436 3510 2892 3566 estmulieribus
2911 3508 2972 3564 in
2987 3508 3239 3565 ecclesia
3252 3508 3438 3579 loqui.
3462 3510 3611 3563 Num
3628 3507 3839 3563 avobis

2185 3623 2213 3652 «
2248 3616 2444 3656 sermo
2467 3600 2571 3655 Dei
2594 3599 2893 3672 profectus
2916 3605 3006 3653 est
3025 3597 3054 3652 *ἲ
3075 3599 3255 3654 autin
3278 3613 3378 3653 vos
3408 3597 3567 3653 solos
3583 3596 3794 3653 incidit
3813 3596 3841 3652 ?

2255 3867 2485 3923 Statuto
2517 3882 2588 3921 ex
2618 3866 2781 3921 omni
2812 3872 2981 3937 parte
3012 3865 3272 3933 silentio,
3306 3881 3376 3918 ex
3406 3881 3476 3918 eo
3510 3864 3666 3935 quod
3715 3880 3838 3919 non

2183 3956 2387 4028 plures
2416 3971 2595 4027 quam
2628 3961 2748 4010 tres
2806 3955 3025 4024 linguis
3055 3955 3464 4025 loquerentur,
3499 3953 3678 4024 idgue
3737 3950 3839 4005 ἀνὰ

2189 4044 2378 4118 μέρος.
2405 4045 2466 4100 id
2488 4049 2598 4111 est,
2633 4061 2740 4116 per
2769 4050 2987 4116 partes.
3021 4044 3133 4099 hoc
3165 4049 3273 4112 est,
3307 4058 3463 4098 unus
3492 4048 3628 4114 post
3651 4042 3837 4097 alium

2186 4135 2309 4191 sive
2340 4134 2622 4204 vicissim,
2655 4150 2728 4189 ex
2757 4150 2825 4189 eo
2858 4132 3017 4205 quod
3043 4133 3236 4205 primo
3269 4133 3635 4204 prophetans
3665 4132 3838 4187 cede-

2184 4230 2279 4279 ret
2308 4222 2570 4279 secundo
2608 4223 2817 4278 :‘venit
2871 4227 3309 4294 consequenter
3340 4220 3415 4276 ad
3468 4221 3839 4293 importunas

2187 4313 2507 4369 mulierum
2538 4328 2746 4386 nugas.
2780 4335 2809 4363 «
2870 4312 3147 4367 Mulieres
3174 4317 3411 4368 taceant
3443 4327 3458 4369 :
3522 4326 3633 4366 nec
3681 4309 3839 4365 enim

2186 4405 2546 4476 permissum
2578 4410 2688 4470 est,
2722 4426 2752 4454 »
2813 4403 2932 4459 sive
2963 4403 3168 4459 datum
3227 4404 3351 4459 illis
3376 4409 3444 4458 ut
3496 4402 3836 4473 loquantur.

2186 4495 2303 4549 Nec
2324 4494 2519 4549 solum
2547 4492 2693 4548 dixit
2710 4499 2776 4548 ut
2801 4493 3203 4560 tacerent,sed
3227 4498 3288 4548 et
3309 4492 3592 4565 subjecta;
3615 4494 3840 4559 essent,

2189 4583 2349 4654 quod
2379 4583 2515 4655 plus
2546 4589 2637 4638 est
2664 4599 2844 4653 quam
2878 4582 3183 4638 silentium
3225 4599 3479 4639 servare.
3541 4579 3841 4652 Subjectio

422 4652 499 4736 ὡς
529 4673 638 4729 ἀπὸ
670 4652 941 4728 δὀυλίδων
989 4652 1154 4728 ⁶τινῶν
1214 4652 1530 4746 γινομένην.
1597 4694 1621 4723 ι
1658 4652 1873 4735 ’Καθὼς
1903 4652 1992 4725 καὶ
2052 4673 2072 4726 ἑ

2193 4672 2355 4726 enim
2387 4672 2661 4742 designat
2691 4671 2997 4726 silentium
3030 4687 3166 4725 cum
3198 4672 3725 4739 timore,tanquam
3767 4668 3841 4723 ab

421 4764 590 4838 νόμος
647 4760 816 4839 λέγει.
853 4787 881 4815 ››
942 4761 1004 4821 τί
1063 4759 1120 4818 δὲ
1196 4763 1224 4816 ὁ
1279 4759 1450 4834 νόμος
1518 4758 1662 4837 λέγει
1730 4760 1920 4834 (νόμον
1978 4761 2080 4839 γάρ

429 4873 559 4929 φησι
590 4857 763 4907 πᾶσαν
803 4853 904 4922 τήν
963 4848 1229 4923 Παλαιάν)
1261 4869 1275 4919 ;
1311 4873 1339 4902 «
1396 4851 1539 4926 Πρὸς
1593 4850 1684 4905 τὸν
1737 4846 1904 4925 ἄνδρα
1962 4870 2082 4918 σου,

429 4941 608 5018 φησὶν,
636 4943 672 5011 ἡ
704 4941 1023 5017 ἀποστροφή
1058 4960 1176 5007 σου,
1231 4939 1323 4994 καὶ
1373 4938 1535 5001 αὐτός
1581 4960 1679 4994 σου
1727 4939 2017 5013 κυριεύσει,
2052 4963 2079 4991 ››

426 5031 492 5089 Εἰ
522 5029 614 5086 οὖν
647 5035 726 5104 τῷ
765 5027 918 5105 ἀνδρὶ
954 5027 1257 5099 ὑπόκε.ται,
1289 5026 1490 5101 πολλῷ
1524 5026 1738 5102 μᾶλλον
1767 5033 1886 5088 τοῖς
1916 5046 2083 5082 πνευ-

428 5125 686 5194 ματικοῖς
716 5117 1095 5189 διδασκάλοις,
1125 5118 1218 5173 καὶ
1246 5123 1327 5191 τῷ
1382 5122 1553 5191 κοινῷ
1600 5124 1701 5187 τῆς
1755 5116 2082 5184 Ἐκκλησίας

424 5209 786 5283 πληρώματι.
826 5236 846 5259 ιι
885 5207 952 5266 Εἴ
979 5204 1037 5264 δὲ
1091 5229 1143 5263 τι
1180 5208 1369 5280 μαθεῖν
1407 5206 1681 5271 θέλουσιν.
1717 5233 1740 5261 ι
1776 5206 1843 5263 Et
1874 5203 1966 5261 οὖν
2006 5206 2081 5279 μὴ

425 5304 714 5374 λαλοῦσιν,
747 5303 893 5358 εἲποι
957 5322 1062 5370 τις,
1123 5305 1242 5362 πῶς
1308 5301 1528 5373 μάθοιεν
1582 5299 1650 5355 τὰ
1705 5299 2083 5376 ἀγνοούμενα;

428 5396 517 5448 Ἑν
573 5390 734 5466 οἷ’κῳ,
803 5391 962 5469 φησὶ,
1020 5392 1146 5465 παρ’
1199 5386 1412 5465 ἀνδρῶν
1478 5390 1915 5463 μανθανέτωσαν.
1978 5395 2059 5458 Ση

433 5483 665 5555 μείωσαι
698 5478 775 5550 δὲ,
812 5481 896 5535 ὅτι
932 5479 994 5534 οὐ
1060 5478 1185 5554 περὶ
1251 5483 1358 5534 τῶν
1419 5478 1723 5555 χρησίμων
1779 5479 1970 5539 αὐταῖς
2029 5477 2083 5533 ἐν

432 5569 697 5645 ἐκκλησίᾳ
737 5566 929 5625 λαλεῖν
985 5568 1263 5643 ἐπέτρεψε.
1321 5570 1500 5625 Τοῦτο
1558 5565 1615 5624 δὲ
1670 5568 1762 5623 καὶ
1818 5566 1944 5629 τοὺς
1999 5564 2086 5622 ἄν·

433 5658 564 5733 δρας
629 5659 1093 5735 προσεχεστέρους
1149 5661 1322 5726 ποιεῖ,
1374 5658 1438 5713 τὸ
1501 5654 1696 5711 εἰδέναι
1779 5656 1863 5713 ὅτι
1940 5655 2089 5730 παρὰ

433 5746 544 5799 τῶν
572 5746 842 5817 γυναικῶν
877 5738 1317 5816 ἐρωτηθήσονται
1379 5739 1505 5813 περὶ
1557 5744 1666 5794 τῶν
1726 5739 1778 5795 ἐν
1835 5742 1905 5813 τῇ
1959 5738 2083 5794 Ἐκ-

2193 4759 2431 4816 ancillis
2461 4758 2821 4830 quibusdam
2861 4759 3213 4831 praestitum.
3254 4782 3275 4808 ι
3329 4756 3840 4824 Quemadmodum

2192 4853 2254 4905 et
2282 4848 2378 4903 lex
2407 4847 2568 4902 dicit.
2606 4870 2628 4895 ι
2664 4846 2816 4913 Quid
2859 4853 3058 4902 autem
3100 4846 3247 4901 dicit
3273 4847 3421 4902 lex?
3473 4848 3617 4902 Nam
3649 4846 3841 4916 legem

2192 4936 2456 5010 appellat
2512 4942 2678 4991 vetus
2736 4935 3249 4991 instrumentum:
3284 4959 3312 4986 κ
3364 4935 3451 4991 Ad
3504 4934 3717 5005 virum,
3749 4935 3840 4989 in-

2193 5027 2342 5099 quit,
2374 5033 2543 5082 tuum
2573 5025 2801 5081 aversio
2833 5031 2953 5093 tua,
2973 5031 3034 5080 et
3061 5025 3190 5097 ipse
3219 5024 3629 5081 dominabitur
3650 5024 3778 5080 tibi.
3815 5047 3843 5075 ››

2194 5117 2251 5173 Si
2283 5132 2420 5189 ergo
2452 5116 2576 5171 viro
2608 5115 2942 5186 subjicitur,
2976 5114 3166 5171 multo
3198 5115 3386 5187 magis
3432 5114 3846 5188 Spiritualibus

2194 5203 2688 5278 praeceptoribus,
2720 5208 2779 5259 et
2810 5203 3116 5259 communi
3149 5204 3427 5260 Ecclesia;
3483 5203 3846 5276 plenitudini

2195 5311 2263 5350 ac
2291 5293 2663 5367 perfectioni.
2700 5315 2726 5343 α
2760 5293 2926 5359 Quod
2958 5293 3006 5348 si
3040 5293 3185 5364 quid
3216 5292 3446 5350 discere
3478 5294 3702 5349 volunt.
3728 5315 3757 5344 ››
3788 5294 3845 5348 Si

2196 5383 2379 5456 igitur
2408 5397 2528 5437 non
2559 5381 2902 5452 loquantur,
2936 5381 3154 5436 dixerit
3193 5381 3514 5453 quispiam,
3549 5381 3847 5454 quomodo

2196 5473 2429 5528 discent
2448 5487 2519 5527 ea
2538 5487 2670 5541 quae
2693 5457 3015 5544 ignorant?
3030 5471 3222 5541 Domi,
3241 5472 3344 5539 ait,
3359 5488 3395 5528 a
3422 5472 3562 5527 viris
3592 5473 3844 5528 discant.

2197 5560 2618 5617 Animadverte
2648 5567 2848 5617 autem
2880 5560 3040 5631 quod
3073 5560 3144 5616 de
3177 5561 3273 5615 his
3304 5562 3484 5617 etiam
3517 5577 3648 5631 quas
3702 5559 3847 5630 ipsis

2198 5650 2672 5723 expediunt,non
2701 5651 2980 5723 permisit
3007 5665 3108 5706 eas
3140 5650 3304 5721 loqui
3337 5650 3398 5704 in
3430 5647 3701 5703 ecclesia.
3726 5648 3847 5701 Hoc

2198 5746 2399 5796 autem
2418 5745 2477 5795 et
2496 5740 2652 5795 viros
2673 5739 2872 5795 reddit
2890 5739 3264 5805 attentiores,
3297 5753 3432 5793 cum
3471 5736 3663 5792 sciant
3688 5736 3846 5807 quod
