4080 6448
293 411 416 471 859

1403 412 1822 479 (ECUMENII
1863 409 2171 473 TRICCAS
2212 409 2592 473 EPISCOPI.

3593 418 3714 480 860

290 545 365 601 ab
397 545 680 601 uxoribus
711 544 1239 618 interrogabuntur
1270 546 1341 602 de
1386 546 1706 620 Scripturis
1725 550 1783 601 et
1803 543 1940 615 dog-

2072 538 2262 612 ιλησίᾳ
2290 545 2515 621 γραφῶν
2544 542 2636 598 καὶ
2667 540 2977 618 δογμάτων.
3023 565 3051 599 ιι
3115 543 3361 619 Αίσχρὸν
3427 548 3530 624 γάρ
3595 547 3710 607 ἐστι

295 636 474 693 matis
506 651 636 706 quas
670 640 1002 690 tractantur
1032 635 1095 691 in
1129 638 1403 694 ecclesia.
1438 660 1465 690 «
1500 643 1647 695 Nam
1669 642 1838 706 turpe
1865 639 1956 690 est

2059 631 2298 708 γυναιξὶν
2326 630 2379 687 ἐν
2408 628 2677 705 ἐκκλησίᾳ
2714 631 2925 691 λαλεῖν.
2961 656 2988 684 »ι
3020 632 3157 693 Εἶτα
3195 632 3409 709 ἐπειδὴ,
3432 636 3507 700 ὠς
3540 636 3711 709 ε’κὸς,

295 723 647 779 mulieribus
681 724 741 779 in
765 723 1019 781 ecclesia
1045 725 1229 797 loqui.
1269 749 1297 776 ››
1326 726 1547 784 Deinde
1579 724 1955 798 quoniam,ut

2072 720 2147 776 ιαὶ
2206 720 2712 794 ὲνεκαλλωπίζοντο
2778 725 2835 779 αἱ
2890 729 3142 799 γυναῖκες
3195 723 3284 782 ἐπὶ
3366 733 3488 795 ταῖς
3545 726 3709 800 δῆθεν

293 812 618 868 verisimile
651 818 1124 886 est,arrogantes
1157 821 1347 882 erant,
1382 816 1614 888 sibique
1637 814 1955 888 placebant

2072 816 2446 882 πνευματικαῖς
2491 810 2768 885 ὁμιλίαις,
2827 810 2897 868 δι’
2955 813 3308 892 ἀποφάνσεως
3365 817 3502 873 αὐτὸ
3558 819 3711 876 ἀναι-

290 901 576 957 mulieres
608 902 683 956 ob
717 902 1058 973 spiritualia
1088 903 1262 976 quasi
1294 904 1737 977 colloquia,per
1757 918 1954 960 asser-

2058 905 2160 975 ρεῖ,
2193 896 2388 974 λέγων’
2424 924 2452 954 ιι
2487 901 2732 980 Αίσχρὸν
2763 900 2865 979 γάρ
2897 902 3061 961 ἐστιν.
3094 937 3161 949 —-
3199 925 3222 955 ί
3254 905 3324 965 Ἦ
3375 905 3466 983 ἀφ’
3500 907 3652 979 ὑμῶν
3680 910 3711 964 6

292 990 519 1046 tionem
554 990 666 1046 hoc
700 990 1125 1060 tollit,dicens:
1161 1015 1188 1042 ιι
1224 993 1369 1049 Nam
1394 998 1567 1065 turpe
1600 993 1954 1049 est.»-—-«An

2072 988 2226 1065 λόγος
2254 993 2353 1045 τοῦ
2385 993 2520 1046 Θεοῦ
2554 1011 2568 1061 ;
2603 1012 2632 1042 ι)
2662 988 2755 1053 Ὠς
2785 992 2923 1067 πρός
2953 1011 3104 1055 τινας
3136 993 3524 1071 ἀντιλέγοντας
3549 997 3579 1052 6
3611 995 3718 1053 λό-

291 1097 325 1137 a
353 1080 522 1135 vobis
545 1096 741 1135 sermo
777 1081 877 1135 Dei
902 1079 930 1136 ‘2
961 1102 987 1130 ››
1015 1081 1172 1137 566
1201 1083 1508 1153 Tanquam
1535 1080 1609 1139 ad
1662 1081 1953 1154 quosdam

2072 1098 2153 1154 (ος
2240 1076 2389 1151 αὐτῷ
2466 1078 2892 1159 ἐσχημάτισται.
2951 1082 3040 1151 Τί,
3095 1082 3281 1162 φησὶν,
3349 1084 3709 1155 ἐναντιοῦσθε,

294 1170 406 1225 sibi
439 1168 920 1225 contradicentes
955 1187 1151 1225 sermo
1181 1171 1296 1242 ipsi
1328 1171 1618 1228 formatus
1649 1176 1755 1226 est.
1817 1171 1953 1236 Cur,

2054 1165 2144 1221 καὶ
2186 1167 2301 1242 οὐχ
2329 1169 2546 1241 ἡγεῖσθε
2569 1166 2755 1232 καλῶς
2809 1167 2956 1246 ἔχειν
3013 1171 3077 1228 τὸ
3125 1176 3276 1248 σιγᾷν
3331 1171 3384 1229 ἐν
3445 1171 3714 1248 ἐκκλησίᾳ

294 1263 512 1335 inquit,
544 1262 954 1319 contradicitis
983 1263 1011 1318 ’ἲ
1043 1280 1154 1319 nec
1182 1262 1407 1319 bonum
1469 1280 1598 1321 esse
1645 1263 1863 1319 ducitis
1892 1267 1955 1317 ut

2072 1256 2147 1317 τὰς
2186 1262 2442 1333 γυναῖκας
2472 1280 2487 1329 ;
2522 1259 2690 1316 Μόνοι
2749 1258 2868 1316 ἐστὶ
2915 1260 3100 1319 πιστοὶ
3158 1261 3211 1318 ἐν
3270 1262 3515 1337 κόσμῳς
3575 1261 3717 1325 Οῦτε

292 1353 576 1408 mulieres
612 1358 846 1409 taceant
876 1354 941 1408 in
989 1354 1450 1427 congregatione
1479 1354 1507 1409 ‘?
1538 1357 1627 1410 An
1660 1353 1771 1409 soli
1814 1352 1955 1408 estis

293 1442 606 1497 credentes
638 1442 698 1497 in
729 1442 1004 1499 mundo?
1033 1444 1233 1514 Neque
1265 1443 1377 1500 soli
1428 1444 1573 1500 estis
1619 1442 1951 1513 credentes,

2058 1347 2219 1419 μόνοι
2249 1344 2388 1417 ἐστὶ,
2422 1348 2576 1424 φησὶ,
2599 1349 2807 1421 πιστοὶ,
2842 1346 2967 1406 οὔτε
3003 1357 3235 1427 πρῶτοι.
3304 1356 3479 1412 Τοῦτο
3536 1353 3712 1429 Λέγει,

2055 1437 2091 1507 ἢ
2124 1435 2207 1490 ὅτι
2241 1435 2357 1510 Ἀφ’
2393 1437 2548 1509 ὑμῶν
2581 1438 2609 1492 6
2642 1434 2811 1512 λόγος
2849 1442 2946 1495 τοῦ
3003 1444 3138 1496 Θεοῦ
3192 1437 3410 1512 ἐξῆλθε.
3468 1447 3559 1499 Δεῖ
3613 1443 3707 1500 οῦν

290 1548 484 1604 neque
512 1531 711 1603 primi.
746 1533 868 1586 Hoc
898 1548 1035 1605 ergo
1087 1532 1249 1590 dicit.
1307 1535 1444 1601 Aut,
1504 1532 1645 1605 quia
1700 1548 1735 1588 a
1790 1530 1952 1587 vobis

2072 1524 2121 1581 τὰ
2175 1527 2245 1597 τῇ
2299 1525 2595 1601 οἰκουμένῃ
2650 1524 2934 1598 δοκοῦντα,
3011 1530 3103 1585 καὶ
3182 1530 3311 1605 παρ’
3396 1532 3525 1605 ὑμῖν
3579 1552 3714 1607 κρα-

291 1636 488 1675 sermo
519 1621 618 1675 Dei
645 1621 958 1692 processit,
985 1621 1167 1695 igitur
1197 1639 1331 1693 quas
1364 1626 1522 1677 totus
1552 1621 1736 1678 habet
1763 1619 1951 1689 orbis,

288 1715 524 1780 oportet
555 1710 736 1765 etiam
766 1709 926 1781 apud
952 1727 1052 1766 vos
1088 1710 1330 1767 servari.

2053 1618 2165 1670 τεῖν
2175 1657 2187 1669 .

2126 1700 2198 1760 Εἴ
2248 1723 2332 1765 τις
2392 1700 2543 1760 δοκεῖ
2620 1708 2912 1783 προφήτης
2989 1711 3132 1765 εἶναι
3206 1706 3242 1779 ἤ
3318 1712 3704 1784 πνευματικὸς,

379 1798 522 1863 XIV,
559 1800 740 1854 37-40.
773 1820 800 1848 ιι
835 1797 892 1853 Si
925 1799 1058 1869 quis
1088 1798 1321 1855 videtur
1350 1799 1642 1871 propheta
1693 1814 1823 1854 esse
1855 1802 1955 1854 aut

2072 1792 2465 1869 ιπιγινωσκέτω
2566 1790 2601 1848 δι’
2696 1795 2889 1875 γράφω
2965 1796 3118 1871 ὑμῖν,
3150 1796 3237 1855 ὅτι
3295 1798 3497 1876 Κυρίου
3571 1798 3709 1856 εἲσὶν

298 1907 327 1936 ιι
362 1883 713 1955 spiritualis,
734 1890 1050 1957 cognoscat
1087 1885 1247 1956 quod
1278 1902 1347 1941 ea
1376 1902 1508 1958 qua:
1540 1885 1734 1941 scribo
1765 1883 1951 1953 vobis,

2058 1879 2298 1939 ἐντολαί.

301 1930 326 1936 ““
364 1930 713 1955 “Γ””⁷“““”“”
735 1930 1050 1957 “’“¹Ὀ’“ν“””“”“
1089 1930 1247 1956 Ὶ“”⁷“⁵
1280 1930 1347 1941 "'“"
1377 1930 1508 1958 ‘1‘“
1541 1930 1733 1941 "‘"ﬂ"
1776 1930 1951 1953 "”""’
2059 1930 2103 1935 ’ἡ
2128 1930 2298 1939 ⁷“’“’“”

296 1997 323 2025 ‹‹
351 1974 589 2031 Domini
623 1975 745 2029 sint
772 1980 1089 2046 praecepta,
1122 1980 1402 2032 caeterum
1437 1976 1486 2031 si
1532 1976 1665 2048 quis
1695 1975 1948 2048 ignorat,
1985 1930 2031 1996 B
2056 1967 2309 2046 ἀδελφοὶ,

2402 1880 2467 1939 Εἰ
2562 1880 2620 1939 δέ
2700 1903 2784 1947 τις
2887 1885 3096 1962 ἀγνοεῖ,
3167 1886 3453 1964 ἀγνοείτω.
3525 1891 3710 1959 Ὥστε,

2371 1968 2610 2041 ζηλοῦτε
2665 1974 2728 2028 τὸ
2783 1981 3171 2052 προφητεύειν,
3227 1976 3317 2034 καὶ
3370 1976 3433 2035 τὰ
3517 1977 3716 2035 Ααλεῖν

300 2066 611 2138 «ignoret.
653 2065 932 2132 Proinde,
964 2065 1200 2134 fratres,
1253 2066 1563 2123 enitamini
1617 2066 1691 2123 ad
1732 2066 1842 2122 hoc
1886 2070 1952 2120 ut

2072 2055 2329 2135 γλώσσαις
2361 2062 2438 2133 μὴ
2474 2059 2736 2118 κωλύετε.
2771 2064 2950 2120 Πάντα
2978 2065 3350 2142 εὐσχημόνως
3381 2068 3514 2124 κατὰ
3562 2067 3708 2139 τάξιν

300 2154 686 2227 «prophetis,
749 2160 808 2209 et
855 2153 1018 2227 loqui
1059 2154 1279 2228 linguis
1349 2171 1425 2211 ne
1500 2155 1947 2228 prohibueritis.

297 2267 325 2295 ιι
352 2244 563 2301 Omnia
592 2243 874 2299 decenter
904 2247 963 2299 et
999 2244 1329 2300 secundum
1387 2245 1660 2301 ordinem
1718 2242 1884 2302 ﬁant.
1920 2266 1949 2294 »

367 2334 474 2390 Ubi
506 2334 851 2405 frequenter
876 2333 1078 2389 docuit
1108 2340 1385 2406 oportere
1418 2334 1700 2391 mulieres
1730 2340 1949 2405 tacere,

289 2424 403 2479 hoc
435 2424 617 2479 etiam
648 2439 810 2478 nunc
841 2422 1027 2488 addit,
1062 2424 1223 2495 quod
1252 2424 1312 2480 id
1354 2441 1591 2497 quoque
1625 2430 1684 2480 et
1713 2424 1832 2480 Deo
1863 2425 1950 2479 vi-

292 2512 520 2567 deatur.
550 2512 648 2567 Ait
679 2512 839 2568 enim
876 2513 970 2568 :Si
1002 2513 1136 2585 quis
1187 2518 1289 2569 aut
1346 2516 1640 2586 propheta
1698 2519 1808 2582 est,
1849 2518 1954 2571 aut

2055 2149 2304 2226 γινέσθω.

2134 2235 2448 2314 Ηολλαχῶς
2480 2236 2698 2311 διδάξας
2751 2243 2837 2312 τὸ,
2897 2239 3009 2298 δεῖν
3065 2244 3161 2306 τὰς
3220 2248 3480 2320 γυναῖκας
3535 2247 3709 2320 σιγᾷν,

2058 2331 2145 2383 νῦν
2176 2326 2268 2383 καὶ
2306 2332 2468 2383 τοῦτο
2490 2330 2873 2405 προστίθησιν,
2920 2332 3029 2399 δτι,
3088 2334 3246 2407 φησὶ,
3305 2333 3396 2389 καὶ
3452 2333 3534 2405 τῷ
3587 2337 3712 2405 Θεῷ

2056 2421 2218 2473 τοῦτο
2250 2415 2418 2475 δοκεῖ.
2454 2418 2525 2478 Εἴ
2560 2440 2644 2485 τις
2696 2421 2822 2498 γὰρ,
2881 2422 3066 2502 φησὶν,
3122 2419 3159 2492 ἤ
3220 2425 3514 2498 προφήτης
3543 2421 3716 2494 ἐστὶν,

2058 2508 2093 2577 ἢ
2122 2506 2310 2570 ἄλλως
2341 2509 2705 2582 πνευματικὸν
2746 2506 2863 2586 ἔχει
2896 2512 3150 2591 χάρισμα
3191 2512 3268 2575 εἷς
3335 2513 3398 2569 τὸ
3429 2510 3625 2569 εἰδέναι
3655 2513 3725 2568 τὰ

295 2601 410 2658 alio
436 2599 611 2657 modo
635 2601 815 2657 habet
839 2602 1147 2674 spirituale
1175 2603 1802 2677 donum,utintelligat
1821 2619 1952 2674 quas

2072 2597 2375 2674 γραφόμενα
2400 2600 2527 2673 παρ’
2576 2598 2737 2672 ἐμοῦ,
2782 2598 2914 2655 ἴστω
2972 2602 3057 2656 ὅτι
3120 2606 3254 2657 Θεοῦ
3315 2603 3451 2658 εἰσιν
3506 2599 3722 2658 ἐντολαὶ

294 2707 456 2746 ame
502 2691 866 2757 scribuntur,
925 2692 1074 2747 sciat
1123 2691 1227 2747 Dei
1282 2708 1411 2749 esse
1468 2697 1765 2764 prmoepta
1821 2708 1952 2762 quas

297 2780 629 2846 scribo,nec
662 2796 697 2835 a
724 2781 950 2851 meipso
973 2780 1049 2837 ad
1080 2780 1206 2836 hinc
1230 2780 1548 2837 scribenda
1578 2798 1672 2838 me
1705 2778 1950 2837 moveri.

298 2869 352 2925 Si
381 2869 516 2941 quis
547 2874 744 2924 autem
777 2870 1011 2942 ignorat
1040 2885 1170 2924 esse
1202 2869 1305 2926 Dei
1336 2876 1654 2942 praecepta,
1674 2872 1907 2943 ignoret
1938 2885 1951 2923 :

291 2959 405 3014 hoc
445 2963 552 3029 est,
587 2975 691 3031 ego
753 2958 872 3014 dixi
934 2958 1094 3031 quod
1150 2958 1410 3031 expedit.
1471 2960 1581 3025 Qui
1642 2977 1778 3033 ergo
1809 2958 1952 3027 vult,

297 3049 703 3120 obtemperet:
738 3051 839 3121 qui
875 3055 1072 3105 autem
1105 3066 1230 3105 non
1261 3049 1406 3118 vult,
1437 3056 1571 3123 agat
1601 3050 1762 3121 quod
1788 3050 1953 3106 libet.

297 3140 432 3196 Ηωο
462 3147 662 3197 autem
694 3140 916 3206 dicere,
949 3140 1054 3195 viri
1089 3144 1181 3196 est
1219 3140 1321 3211 qui
1371 3156 1479 3196 sua
1527 3157 1648 3198 non
1678 3140 1956 3197 omnibus

295 3229 490 3286 modis
520 3231 723 3302 cupiat
762 3230 936 3285 firma
963 3228 1191 3297 haberi,
1225 3229 1327 3285 sed
1354 3229 1425 3285 ad
1443 3240 1774 3288 commune
1792 3247 1955 3286 com-

2060 2686 2335 2768 ἄγράφω,
2366 2689 2459 2745 καὶ
2487 2688 2586 2746 οὐχ
2614 2689 2705 2766 ἀφ’
2766 2691 2960 2748 ἑαυτοῦ
3016 2693 3155 2769 πρὸς
3209 2698 3380 2750 ταῦτα
3433 2699 3719 2767 κινοῦμαι.

2059 2777 2127 2834 Εἰ
2160 2774 2217 2831 δέ
2245 2798 2327 2840 τις
2360 2776 2548 2854 ἀγνοεῖ
2594 2775 2677 2835 ὅτι
2739 2784 2872 2835 Θεοῦ
2931 2780 3063 2837 εἶσιν
3122 2780 3364 2853 ἐντολαὶ,
3422 2782 3714 2860 ἀγνοείτω.

2060 2867 2377 2939 Τουτὲστιν,
2406 2868 2549 2943 Ἐγὼ
2580 2868 2758 2938 εἶπον,
2790 2870 2879 2924 καὶ
2913 2870 2942 2926 6
3002 2870 3200 2941 θὲλων,
3261 2872 3549 2942 πειθίσθω,
3599 2873 3628 2929 6
3660 2869 3723 2931 δὲ

2066 2957 2141 3028 μή
2177 2953 2372 3024 Θέλων,
2405 2957 2435 3012 ὅ
2462 2956 2610 3021 θέλει
2648 2958 2897 3015 ποιείτω.
2932 2959 3013 3018 Τὸ
3069 2957 3128 3016 δὶ
3157 2965 3324 3017 ταῦτα
3377 2959 3573 3037 λέγειν,
3605 2978 3719 3034 ση-

2066 3045 2220 3119 μεῖόν
2248 3042 2388 3099 ἐστιν
2425 3043 2622 3121 ἀνδρὸς
2663 3046 2725 3102 οὐ
2784 3047 2848 3102 τὰ
2908 3049 3104 3103 ἑαυτοῦ
3165 3049 3378 3113 πάντως
3437 3049 3721 3126 βουλομέ-

2061 3154 2154 3191 νου
2186 3140 2400 3204 στῆσαι,
2434 3134 2583 3192 ἀλλὰ
2608 3137 2672 3193 τὸ
2698 3139 2859 3210 κοινῇ
2918 3134 3194 3218 συμφέρον
3254 3143 3609 3204 σκοποῦντος.
3639 3141 3721 3198 Τὸ

2065 3221 2123 3279 δὲ
2150 3228 2403 3280 τοιοῦτον
2437 3232 2634 3301 σχῆμα
2662 3230 2761 3282 τοῦ
2792 3224 2961 3303 λόγου
2996 3233 3176 3284 ποιεῖν
3234 3228 3442 3298 ε’ἰωθεν,
3476 3227 3599 3294 ἔνθα
3654 3231 3723 3287 οὐ

295 3319 538 3375 modum
571 3322 819 3390 spectat.
874 3317 1229 3389 Hujusmodi
1277 3324 1478 3375 autem
1511 3321 1805 3376 sermonis
1835 3320 1955 3377 for-

2072 3313 2212 3389 μὲγα
2239 3312 2351 3370 ἐστὶ
2389 3296 2782 3391 τὸ-γινόμενον
2831 3296 3252 3392 πλημμέλημα.
3312 3320 3376 3376 Τί
3421 3296 3524 3396 γὰρ
3587 3315 3727 3395 μέγα

297 3424 459 3463 mam
494 3407 714 3464 habere
739 3407 910 3471 solet,
945 3406 1045 3462 ubi
1078 3423 1197 3462 non
1254 3408 1476 3481 grande
1535 3409 1819 3466 delictum
1870 3414 1961 3466 est

306 3498 467 3569 quod
498 3498 735 3554 accidit.
771 3498 921 3563 Quid
952 3498 1113 3553 enim
1144 3514 1427 3572 magnum
1479 3507 1571 3556 est
1608 3501 1656 3556 si
1688 3501 1963 3573 ignorent

297 3586 401 3641 Dei
435 3602 567 3641 esse
617 3592 912 3657 praecepta
932 3591 999 3641 ut
1028 3587 1313 3643 mulieres
1368 3593 1607 3645 taceant
1637 3589 1665 3643 ?
1698 3611 1726 3641 (ι
1759 3590 1961 3646 Enita-

299 3674 449 3730 mini
481 3675 556 3729 ad
580 3675 692 3730 hoc
725 3680 791 3729 ut
818 3675 1509 3747 prOphetetis.»Bursum
1532 3678 1689 3733 unde
1702 3678 1957 3751 disgres-

299 3781 400 3820 sus
435 3769 526 3820 est
555 3765 755 3831 rediit,
778 3770 835 3819 et
869 3766 1160 3837 majorem
1194 3767 1456 3822 ostendit
1484 3770 1857 3840 prophetiam
1889 3786 1961 3824 ex

300 3870 371 3910 eo
405 3855 561 3925 quod
595 3855 699 3910 ait.
733 3855 1058 3911 Enitamini
1084 3855 1157 3911 ad
1189 3856 1301 3912 hoc
1332 3862 1398 3912 ut
1425 3859 1816 3930 prophetetis,
1847 3859 1959 3916 mi-

305 3962 515 4001 norem
546 3951 747 4001 autem
782 3945 1123 4019 linguarum
1154 3946 1432 4019 gratiam:
1465 3949 1549 4004 ait
1565 3949 1746 4012 enim.
1776 3949 1961 4020 Loqui

304 4033 531 4103 linguis
552 4051 628 4089 ne
660 4034 1106 4107 prohibueritis.
1134 4035 1356 4091 Deinde
1379 4036 1645 4106 primain
1663 4052 1960 4095 summam

301 4122 533 4194 colligit
566 4138 579 4177 :
613 4144 642 4173 ι(
669 4122 902 4190 Omnia,
936 4122 1152 4193 inquit,
1187 4122 1468 4180 decenter
1523 4131 1579 4182 et
1632 4126 1962 4183 secundum

297 4210 572 4267 ordinem
608 4210 773 4267 ﬂant.
793 4232 820 4259 ››
848 4211 1184 4267 Eritautem
1200 4211 1247 4266 si
1270 4212 1310 4265 ii
1339 4212 1441 4282 qui
1473 4212 1964 4287 linguisloquun-

298 4305 399 4356 tur
430 4299 556 4355 bini
589 4304 694 4355 aut
723 4300 875 4355 terni
908 4300 1232 4371 loquantur
1289 4307 1349 4356 et
1376 4302 1676 4361 vicissim:
1711 4311 1771 4361 et
1826 4322 1965 4377 pro-

300 4389 500 4462 phetae
533 4388 645 4444 sibi
680 4393 885 4444 mutuo
917 4388 1152 4457 cedant,
1184 4405 1253 4445 ac
1280 4390 1564 4447 mulieres
1594 4393 1655 4449 in
1682 4393 1962 4451 Ecclesiis

302 4481 561 4535 taceant.

839 4567 989 4624 567
1051 4565 1285 4623 CAPUT
1332 4569 1424 4625 ΙΧ.

513 4660 590 4713 De
619 4659 924 4713 universali
975 4674 1268 4728 corporum
1324 4665 1738 4719 resurrectione.

370 4751 479 4818 XV,
512 4753 563 4814 l,
591 4752 646 4803 2.
682 4772 709 4799 ι(
746 4750 959 4804 Notum
994 4754 1195 4804 autem
1255 4749 1421 4806 vobis
1477 4750 1654 4821 facio,
1719 4752 1954 4827 fratres,

297 4864 325 4890 ι(
358 4840 763 4913 Evangelium,
789 4838 950 4910 quod
963 4839 1316 4896 annuntiavi
1339 4837 1690 4913 vobis,quod
1708 4849 1767 4898 et
1785 4860 1958 4902 acce—

301 4952 329 4980 ι(
349 4929 542 5000 pistis,
576 4930 637 4983 in
661 4945 778 4999 quo
801 4933 859 4985 et
875 4928 1064 4997 statis,
1099 4944 1206 4999 per
1225 4929 1380 4999 quod
1404 4930 1731 4988 etsalutem
1749 4948 1956 4990 conse-

302 5042 327 5065 «ε
353 5019 630 5090 quimini,
656 5035 772 5089 quo
796 5034 1071 5074 sermone
1097 5020 1506 5076 annuntiarim
1528 5021 1770 5090 vobis,si
1789 5027 1953 5081 teno-

304 5131 330 5155 ιι
365 5108 463 5176 tis,
495 5108 609 5162 nisi
641 5107 861 5162 frustra
890 5105 1248 5163 credidistis.
1284 5130 1312 5157 ››

378 5196 462 5252 Ad
496 5211 835 5252 sermonem
870 5195 941 5251 de
964 5198 1404 5255 resurrectione
1438 5199 1685 5256 accedit.
1719 5201 1816 5256 Ait
1861 5218 1959 5258 au-

303 5285 654 5341 temzNihil
702 5300 923 5340 novum
978 5286 1143 5341 vobis
1192 5286 1410 5353 dicam,
1465 5287 1572 5344 sed
1628 5289 1785 5359 quod
1827 5291 1955 5362 jam

303 5381 511 5430 notum
539 5374 704 5430 vobis
736 5373 958 5431 factum
983 5380 1299 5441 est,verum
1323 5377 1385 5432 in
1407 5377 1954 5438 oblivionemvenit.

304 5467 449 5522 Nam
481 5470 690 5519 notum
720 5463 892 5527 facio,
932 5464 991 5519 id
1024 5470 1131 5530 est,
1166 5465 1240 5521 ad
1297 5467 1654 5524 memoriam
1714 5470 1954 5527 reduco.

307 5557 536 5610 Vocans
567 5558 768 5609 autem
797 5552 1030 5622 fratres,
1076 5553 1257 5610 simul
1315 5555 1557 5625 quidem
1608 5558 1769 5629 ipsos
1798 5560 1962 5616 miti-

305 5650 424 5716 gat,
458 5642 639 5699 simul
669 5642 848 5697 etiam
878 5642 1099 5699 Christi
1132 5643 1427 5700 donorum
1482 5648 1774 5705 meminit.
1814 5652 1960 5707 Nam

307 5749 414 5803 per
434 5733 625 5805 ipsius
654 5731 970 5789 adventum
1002 5733 1063 5788 in
1117 5732 1529 5792 incarnatione
1574 5752 1784 5795 omnes
1820 5740 1959 5797 facti

1986 4659 2035 4726 li

2067 3403 2131 3458 τὸ
2171 3403 2386 3479 ἀγνοεῖν
2418 3403 2637 3473 αὐτοὺς,
2670 3405 2754 3461 ὅτι
2796 3410 2932 3463 Θεοῦ
2989 3405 3125 3462 εἷ’σιν
3180 3406 3400 3465 ἐντολαὶ
3456 3409 3519 3464 τὸ
3575 3413 3726 3484 σιγᾷν

2066 3493 2163 3554 τὰς
2194 3499 2451 3568 γυναῖκας
2487 3513 2500 3562 ;
2533 3519 2562 3547 ιι
2620 3493 2864 3565 Ζηλοῦτε
2919 3496 2983 3550 τὸ
3039 3497 3419 3572 προφητεύειν.
3454 3521 3484 3550 »
3551 3495 3726 3554 Πάλιν

2069 3580 2370 3651 ἐπανῆλθεν
2426 3581 2543 3640 ὅθεν
2601 3581 2819 3654 ἐξῆλθε,
2878 3583 2970 3640 καὶ
3060 3585 3282 3658 μείζονα
3343 3583 3578 3643 δείκνυσι
3628 3587 3733 3657 τήν

2068 3672 2404 3751 προφητείαν
2437 3671 2490 3729 ἐν
2521 3671 2602 3746 τῷ
2632 3672 2825 3743 εἰπεῖν,
2867 3702 2894 3728 ι
2933 3670 3202 3744 Ζηλοῦτε,
3238 3698 3267 3726 ››
3293 3675 3498 3745 ἥττονα
3529 3672 3588 3731 δὶ
3623 3675 3727 3744 τήν

2066 3763 2173 3814 τῶν
2197 3758 2462 3836 γλωσσῶν
2490 3762 2675 3838 χάριν.
2703 3784 2728 3816 ε
2748 3763 2824 3819 Τὸ
2855 3763 2959 3840 γὰρ
2990 3761 3375 3841 λαλεῖν,φησὶ,
3413 3765 3489 3838 μή
3511 3762 3727 3821 κωλύε-

2067 3871 2147 3908 τε,
2180 3852 2379 3910 »Εἶτα
2418 3851 2985 3932 ἐπανακεφαλαιοῦται
3038 3854 3107 3909 τὰ
3156 3857 3365 3929 πρῶτα.
3430 3878 3459 3907 ι(
3521 3855 3726 3927 Πάντα,

2071 3938 2260 4017 φησὶν,
2335 3940 2703 4015 εὐσχημόνως
2804 3942 2895 3997 καὶ
2970 3942 3109 3998 κατὰ
3185 3943 3334 4017 τάξιν
3431 3944 3726 4019 γινέσθω.»

2069 4031 2259 4086 Ἔσται
2293 4026 2350 4085 δὲ
2377 4034 2562 4098 τοῦτο,
2596 4029 2682 4086 ἐὰν
2739 4031 2795 4085 οἱ
2846 4029 3123 4107 γλώσσαις
3181 4029 3474 4094 λαλοῦντες
3531 4030 3629 4090 δύο
3688 4034 3725 4103 ἢ

2072 4124 2216 4194 τρεῖς
2252 4119 2469 4176 λαλῶσι
2499 4121 2590 4175 καὶ
2620 4120 2719 4176 ἀνὰ
2754 4120 2938 4197 μέρος,
2969 4121 3060 4178 καὶ
3117 4122 3171 4177 οἱ
3226 4129 3502 4203 προφῆται
3538 4121 3726 4195 ἀλλή-

2073 4207 2195 4273 λοις
2251 4214 2656 4285 παραχωρῶσι,
2739 4210 2829 4267 καὶ
2906 4212 2962 4265 αἱ
3015 4216 3260 4286 γυναῖκες
3343 4211 3394 4267 ἐν
3462 4210 3732 4284 ἐκκλησίᾳ

2072 4318 2370 4355 σιωπωσιν.

2713 4580 2976 4639 ΚΕΦΑΔ.
3010 4583 3095 4638 8‘.

2318 4668 2446 4743 Περὶ
2477 4668 2818 4733 ἀναστάσεως
2848 4669 3121 4742 σωμάτων
3146 4671 3470 4742 καθολικῆς.

2138 4760 2396 4832 Γνωρίζω
2457 4755 2515 4813 δὶ
2595 4758 2749 4832 ὑμῖν,
2817 4755 3068 4839 ἀδελφοί,
3135 4760 3198 4815 τὸ
3285 4761 3634 4840 Εὐαγγέλιον,
3688 4762 3719 4816 6'

2067 4846 2517 4924 εὐηγγελισάμην
2608 4848 2760 4921 ὑμῖν,
2838 4845 2869 4902 6'
2923 4849 3016 4903 καὶ
3099 4845 3456 4925 παρελάϐετε,
3537 4861 3588 4906 ἐν
3675 4851 3721 4924 ᾧ

2065 4939 2157 4993 καὶ
2237 4938 2520 5007 ἐστήκατε,
2605 4934 2675 4992 δι’
2756 4937 2819 4992 οὗ
2904 4938 2993 4993 καὶ
3082 4939 3338 5009 σώζεσθε,
3395 4942 3506 4996 τίνι
3565 4938 3724 5016 λόγῳ

2067 5024 2513 5102 εὐηγγελισάμην
2547 5027 2700 5100 ὑμῖν,
2750 5025 2795 5082 εί
2836 5025 3120 5102 κατέχετε,
3178 5026 3331 5092 ἐκτὸς
3391 5028 3438 5085 ει
3497 5029 3574 5104 μὴ
3603 5028 3725 5102 εἰκῆ

2067 5115 2439 5173 ἐπιστεύσατε.

2138 5206 2234 5268 Εἷς
2269 5206 2360 5261 τὸν
2395 5206 2517 5281 περὶ
2547 5205 2891 5267 ἀναστάσεως
2925 5201 3151 5281 ἔρχεται
3210 5206 3393 5285 λόγον.
3454 5209 3613 5288 Λέγει
3674 5210 3733 5291 δὲ

2069 5296 2152 5353 ὅτι
2186 5292 2362 5355 Οὐδὶν
2392 5294 2537 5364 εὲνον
2576 5296 2703 5366 ὑμῖν
2748 5294 2880 5368 ἐρῶ,
2938 5293 3087 5352 άλΛὰ
3142 5297 3205 5352 τὸ
3261 5295 3371 5369 ἤδη
3434 5304 3731 5377 γνωρισθὶν

2072 5387 2224 5460 ὑμῖν,
2267 5384 2345 5447 εἷς
2380 5382 2559 5455 λήθην
2596 5380 2654 5440 δὲ
2687 5382 2870 5449 ἐλθόν.
2932 5387 3011 5442 Τὸ
3070 5387 3200 5461 γὰρ,
3232 5411 3261 5440 ιι
3295 5388 3573 5464 Γνωρίζω,
3606 5393 3728 5447 οἷον

2072 5475 2506 5549 ὑπομιμνῄσκω,
2539 5471 2723 5550 φησίν,
2757 5470 3060 5552 ’Λδελφοὺς
3108 5474 3366 5547 καλέσας,
3428 5478 3572 5554 ὁμοῦ
3631 5482 3730 5554 μὶν

2070 5562 2269 5625 αὐτοὺς
2316 5562 2704 5636 καταπραύνει,
2760 5563 2903 5637 ὁμοῦ
2967 5561 3023 5620 δὲ
3078 5567 3184 5619 τῶν
3246 5561 3464 5642 δωρεῶν
3526 5569 3729 5643 ἀναμι-

2072 5655 2302 5727 μνήσκει
2331 5655 2428 5707 τοῦ
2458 5653 2717 5726 Χριστοῦ.
2769 5653 2867 5709 Διὰ
2925 5654 3029 5730 γὰρ
3086 5654 3187 5724 τὴν
3245 5655 3413 5712 αὐτοῦ
3470 5654 3727 5734 ἔνσαρκον

2069 5741 2393 5817 παρουσίαν,
2452 5741 2645 5802 πάντες
2730 5739 2959 5820 ἀδελφοὶ
3043 5742 3362 5819 γεγόναμεν,
3432 5768 3464 5802 α
3513 5747 3582 5805 Ὃ
3634 5752 3725 5807 καὶ
