4080 6380
363 382 477 445 861

363 508 727 588 παρελάϐετε.
793 535 821 565 ››

365 599 526 680 λόγῳ
557 603 661 679 γὰρ
709 600 873 678 μόνον
933 597 1365 674 παρειλήφεσαν,
1423 593 1571 655 ἀλλὰ
1627 595 1718 651 καὶ
1777 591 1870 650 διὰ
1926 612 2022 662 ση-

373 692 541 768 μείων
569 691 660 751 καὶ
691 688 964 748 ποικίλων
1004 687 1306 762 δυνάμεων.
1367 688 1508 762 Ὅρα
1563 683 1621 742 δὲ
1674 686 1772 753 τήν
1830 680 2021 762 σοφίαν

374 780 620 839 Παύλου.
652 777 1010 839 Ἐσαλεύοντο
1056 778 1232 847 οῦτοι,
1289 777 1378 835 καὶ
1439 776 1595 850 ὅμως
1657 773 1869 831 ἑστάναι
1928 767 2025 824 αῦ-

367 872 495 933 τοὺς
525 869 701 948 λέγει,
739 868 877 925 ἰκὼν
940 868 1175 943 ἀγνοῶν,
1228 864 1317 923 ’ίνα
1378 867 1457 940 μή
1513 860 2025 941 ἀναισχυντοτέρους

367 963 601 1037 ποιήσῃ.
635 959 771 1021 Εἶτα
795 961 895 1015 τοῦ
925 957 1136 1017 ἑστάναι
1163 957 1229 1016 τὸ
1257 953 1474 1032 κέρδος,
1535 955 1613 1013 Δι’
1662 951 1726 1011 οὗ
1783 951 2024 1030 Εὖαγγε-

368 1049 492 1108 λίου
547 1049 862 1121 ὶστηκότες,
921 1047 1081 1126 φησὶ,
1136 1045 1226 1103 καὶ
1284 1046 1537 1115 σώζεσθε.
1614 1066 1639 1098 ε
1698 1042 1817 1101 Τίνι
1875 1039 2025 1115 λὸγῳ

366 1137 823 1217 εὐηγγελισάμην
881 1139 1011 1209 ὑμῖν
1068 1136 1116 1191 εἰ
1171 1138 1452 1215 κατέχετε.
1494 1155 1521 1187 ι
1584 1132 1794 1191 Ὣσανεὶ
1851 1130 2025 1187 αὐτῶν

368 1231 663 1301 σαφήνειαν
698 1223 861 1301 μόνον
896 1225 1229 1297 ζητούντων,
1288 1225 1352 1283 οὐ
1404 1226 1512 1299 μὴν
1558 1217 2023 1302 ἁμφιϐαλλόντων

363 1318 490 1394 περὶ
520 1319 621 1385 τήν
652 1316 965 1389 ἀνάστασιν,
999 1314 1144 1374 οὕτω
1201 1312 1372 1392 λέγει.
1432 1336 1462 1366 (ι
1491 1312 1606 1370 Τίνι
1655 1311 1810 1386 λόγῳ
1859 1308 2029 1386 εὐηγ-

362 1406 677 1485 γελισάμην
709 1404 861 1479 ὑμῖν.
896 1428 916 1456 ι
978 1403 1256 1472 Τουτὲστι,
1307 1402 1454 1475 ποίῳ
1493 1401 1682 1477 τρόπῳ
1730 1402 1766 1469 ἡ
1797 1400 2025 1454 ἀνάστα-

362 1516 447 1558 σις
511 1493 720 1572 ἐλέχθη
780 1493 1043 1570 γενέσθαι.
1101 1493 1191 1556 Ὠς
1250 1493 1296 1548 εί
1366 1485 1536 1568 ἔλεγε.
1589 1487 1718 1566 Ηερί
1778 1489 1871 1562 μὶν
1926 1491 2027 1543 τοῦ

366 1583 673 1663 δόγματος,
707 1583 809 1640 οὐκ
832 1581 893 1638 ἅν
941 1581 1108 1662 φαίην
1164 1581 1304 1656 ὑμᾶς
1364 1575 1759 1662 ἀμφιϐάλλειν,
1818 1579 1912 1635 τὸν
1971 1573 2027 1635 δὲ

365 1673 568 1732 τούτου
595 1678 776 1745 ζητεῖν
806 1671 1001 1750 λόγον.
1056 1674 1239 1742 Ὅθεν,
1295 1670 1451 1749 φησὶ,
1491 1671 1583 1727 τὸν
1636 1671 1738 1739 τῆς
1796 1668 2026 1725 ἅναστά-

372 1785 512 1829 σεως
538 1760 707 1838 λόγον
742 1761 884 1835 ὑμᾶς
918 1762 1348 1835 ὑπομιμνῄσκω,
1380 1760 1525 1833 ποίῳ
1579 1758 1769 1832 τρόπῳ
1818 1755 2025 1835 ἐλέχθη

379 1851 643 1928 γενίσθαι·
676 1851 812 1911 Εἶτα
835 1849 924 1908 ’ίνα
985 1850 1065 1924 μὴ
1122 1850 1404 1926 ῥᾳθύμους
1464 1848 1758 1927 ἐργάσηται
1819 1866 2023 1922 μαρτυο

379 1946 488 2018 ρῶν
535 1939 716 2002 αὐτοῖς
774 1940 837 1996 τὸ
894 1939 1133 2010 ἱστάναι,
1189 1939 1373 2021 φησὶν,
1434 1963 1463 1995 ιι
1496 1938 1617 1995 Ἐὰν
1671 1936 1964 2013 κατὲχητε.
1999 1956 2024 1989 ι

378 2032 566 2096 Ἐκτὸς
593 2031 699 2108 γὰρ
728 2035 826 2088 τοῦ
857 2032 1111 2106 κατίχειν
1166 2032 1230 2088 τὸ
1260 2031 1386 2106 περὶ
1442 2028 1778 2090 ἀναστάσεως
1826 2023 2029 2101 δόγμα,

374 2119 498 2191 sit?)
554 2118 926 2190 ίπιστιύσατε,
984 2120 1159 2197 ἤγουν
1212 2121 1482 2195 ματαίως.
1538 2151 1611 2163 --
1663 2117 1761 2174 Καὶ
1819 2114 2029 2177 ἄλλως.

376 2212 815 2285 ’Δναμιμνήσκω
868 2210 999 2286 ὑμῖν
1044 2208 1192 2283 ποίῳ
1243 2208 1435 2285 τρόπῳ
1488 2204 1746 2278 ἐδηλώθη
1827 2205 1957 2280 ὑμῖν
2002 2204 2031 2259 ὁ

375 2297 551 2376 λόγος
579 2306 681 2369 τῆς
712 2298 1074 2373 ἀναστάσεως,
1106 2298 1153 2354 εἰ
1210 2299 1472 2374 κατίχετε
1525 2301 1722 2355 τοῦτον
1778 2296 1871 2351 τὸν
1932 2294 2032 2351 λό-

371 2409 475 2465 γον
506 2392 607 2455 τῆς
666 2388 1030 2451 ἀναστάσεως.
1090 2388 1280 2454 Ἐκτὸς
1331 2388 1436 2464 γὰρ
1493 2387 1693 2445 τούτου
1747 2389 1846 2444 τοῦ
1904 2381 2032 2458 δόγ-

378 2498 550 2553 ματος
601 2478 648 2535 εἱ
705 2480 991 2554 κατέχετε,
1047 2477 1168 2548 εῗκῆ
1228 2477 1596 2537 ὂπιστεύσατε.
1649 2477 1713 2534 Ei
1771 2473 1829 2532 δὶ
1877 2473 2032 2535 ἐκτὸς

373 2568 578 2628 τούτου
638 2567 779 2642 ἐστὶ,
839 2569 915 2632 εἷς
972 2570 1150 2644 μάτην
1206 2570 1237 2625 ὁ
1293 2569 1462 2631 κόπος
1545 2568 1720 2642 ὑμῶν,
1806 2565 1881 2629 ὡς
1937 2568 2034 2622 τοῦ

373 2657 682 2737 κεφαλαίου
716 2666 811 2730 τῆς
843 2658 1077 2725 πίστεως
1104 2658 1157 2717 ἓν
1183 2658 1367 2733 τούτῳ
1401 2658 1765 2734 ὑπάρχοντος.

452 2837 751 2915 Παρᾶδωκα
789 2840 896 2916 γὰρ
959 2841 1089 2915 ὑμῖν
1143 2839 1197 2896 ἰν
1257 2843 1498 2916 πρώτοις
1554 2838 1586 2896 ὅ
1640 2840 1734 2897 καὶ
1791 2837 2033 2916 παρὲλα-

373 2923 494 2998 εον,
555 2929 644 2984 ’ὁτι
705 2930 941 3004 Χριστὸς
998 2929 1259 2986 ἆπίθανεν
1347 2930 1478 3005 ὑπὶρ
1560 2936 1670 2986 τῶν
1751 2931 2033 3004 ἁμαρτιῶν

375 3020 540 3092 ἡμῶν
597 3017 737 3074 κατὰ
791 3018 890 3081 τὰς
946 3019 1189 3098 Γραφέκ,
1241 3018 1333 3075 καὶ
1407 3018 1494 3075 ὅτι
1548 3017 1744 3097 ίτάφη,
1803 3017 1894 3073 καὶ
1950 3015 2034 3073 ὅτι

379 3107 668 3183 ἐγήγερται
712 3110 783 3182 τῇ
835 3105 993 3184 τρίτῃ
1049 3107 1232 3184 iusqu
1288 3109 1429 3165 κατὰ
1481 3110 1580 3171 τὰς
1638 3105 1872 3185 Γραφᾶς.
1932 3107 2035 3163 Καὶ

1363 340 1773 444 contuear.
1819 372 1906 437 1N
1950 368 2204 437 srxs'r.
2252 369 2276 430 1
2320 367 2422 429 AD
2465 365 2829 433 cosm'rn.

896 514 1103 586 ’Ὠσπερ
1181 508 1299 566 τινὰ
1381 505 1862 583 παρακαταθήκην.
1946 500 2024 561 Οὗ

2148 516 2347 559 sumus
2371 500 2605 557 fratres.
2640 521 2668 548 «
2701 495 2868 564 Quod
2896 499 2957 551 et
3012 490 3349 563 accepistis,
3418 511 3445 539 ι)

2058 1900 2107 1966 Β

3669 355 3788 419 862

3505 495 3791 561 tanquam

2136 591 2475 663 depositum
2507 586 2830 661 quoddam.
2862 586 3064 657 Neque
3122 579 3282 638 enim
3340 578 3518 636 verbo
3556 582 3791 635 tantum

2133 698 2271 739 ecce
2277 685 2509 752 perant,
2538 677 2643 734 sed
2656 677 2834 735 etiam
2849 690 2955 749 per
2966 672 3129 745 signa
3140 714 3153 738 ,
3179 669 3460 742 variaque
3477 666 3788 724 miracula.

2132 775 2204 828 Et
2230 770 2360 828 vide
2391 769 2559 826 Pauli
2591 766 2967 840 sapientiam.
3002 761 3384 836 Agitabantur
3403 759 3489 827 hi,
3510 763 3569 814 et
3590 763 3789 814 tamen

2135 867 2294 919 stare
2325 859 2486 932 ipsos
2515 857 2699 914 dicit:
2725 856 3000 928 ignorare
3044 868 3107 907 se
3154 848 3445 907 simulans
3495 863 3570 902 ne
3604 845 3792 919 magis

2134 968 2236 1007 eos
2260 947 2619 1022 pudefaciat.
2643 943 2869 1002 Deinde
2900 940 3098 1001 standi
3128 939 3363 995 lucrum
3404 953 3653 1010 ponens,
3685 951 3793 1007 per

2134 1039 2315 1112 quod,
2342 1038 2558 1109 inquit.
2583 1031 2991 1108 Evangelium,
3027 1034 3251 1087 stantes
3283 1027 3536 1085 salutem
3584 1041 3796 1084 conse-

2136 1127 2412 1202 quimini.
2445 1148 2471 1180 ιι
2495 1127 2618 1193 Quo
2650 1139 2926 1182 sermone
2953 1117 3361 1178 annuntiarim
3414 1115 3576 1171 vobis
3627 1115 3676 1171 si
3705 1120 3793 1170 te—

2135 1201 2313 1275 netis.
2345 1238 2373 1271 ι
2410 1220 2529 1272 Hoc
2589 1213 2756 1282 dicit,
2814 1217 3098 1281 tanquam
3152 1205 3470 1264 intendens
3529 1203 3689 1276 quod
3743 1201 3793 1257 si

2134 1305 2684 1366 manifestationem
2716 1307 2948 1359 tantum
2994 1300 3352 1372 quaererent.
3414 1307 3795 1367 nequaquam

2136 1400 2295 1455 circa
2322 1393 2822 1451 resurrectionem
2854 1389 3220 1445 bassitarent.
3255 1407 3282 1435 «
3332 1385 3456 1450 Quo
3515 1398 3791 1439 sermone

2136 1485 2545 1546 annuntiarim
2577 1482 2761 1538 vobis.
2798 1503 2826 1531 »
2861 1481 2980 1536 Hoc
3007 1483 3116 1543 est,
3150 1472 3451 1547 quomodo
3493 1472 3654 1529 dicta
3714 1472 3792 1526 sit

2138 1573 2660 1642 ﬁeriresurrectio,
2678 1588 2747 1628 ac
2759 1570 2808 1626 si
2822 1569 3081 1625 diceret:
3108 1566 3188 1620 De
3229 1564 3503 1636 dogmate
3550 1560 3795 1632 quidem

2138 1680 2520 1739 nequaquam
2544 1661 2744 1718 dicere
2766 1673 3013 1731 possum
3040 1671 3138 1709 vos
3158 1652 3483 1726 ambigere,
3510 1649 3615 1707 sed
3666 1655 3797 1705 tan-

2138 1762 2270 1813 tum
2294 1754 2475 1826 hujus
2505 1750 2751 1808 modum
2782 1761 3070 1820 quaerere.
3113 1743 3210 1800 Ait
3266 1757 3403 1815 ergo
3436 1756 3450 1795 :
3512 1741 3797 1796 Resurre-

2139 1845 2354 1905 ctionis
2376 1840 2710 1901 modumad
2724 1836 3077 1896 memoriam
3097 1833 3262 1890 vobis
3284 1830 3795 1902 reduco,quonam

2143 1938 2321 1999 modo
2346 1937 2473 1996 fieri
2499 1936 2678 2000 dicat,
2700 1937 2990 1991 attestans
3013 1928 3161 2001 ipsis
3184 1924 3345 1998 quod
3368 1927 3615 1992 starent,
3667 1922 3750 1978 ait
3781 1935 3797 1976 :

2145 2052 2174 2083 «
2206 2029 2264 2085 Si
2299 2026 2536 2084 tenetis.
2572 2047 2602 2076 »
2650 2026 2795 2079 Nam
2849 2021 2897 2078 si
2955 2018 3170 2091 dogma
3226 2015 3297 2071 de
3356 2011 3798 2069 resurrectione

2143 2136 2267 2177 non
2298 2117 2537 2181 tenetis,
2566 2114 2789 2170 frustra
2818 2113 3014 2168 erecta
3044 2111 3133 2164 est
3188 2102 3411 2161 Deinde
3454 2117 3661 2173 segnes
3695 2115 3800 2155 eos

2142 2206 2518 2267 reddidisttis
2549 2204 2669 2262 sive
2700 2207 2947 2259 temere.
3016 2227 3083 2239 —
3134 2197 3270 2251 Item
3328 2191 3441 2247 alio
3495 2190 3676 2247 modo.
3709 2187 3797 2244 Ad

2098 2282 2105 2289 ’
2145 2296 2498 2356 memoriam
2528 2293 2692 2350 vobis
2722 2288 2945 2346 reduco
2994 2300 3253 2358 quonam
3312 2279 3490 2337 modo
3544 2277 3802 2336 manife-

2147 2392 2337 2446 status
2366 2384 2443 2441 sit
2470 2381 2636 2440 vobis
2665 2394 2862 2437 sermo
2893 2377 2967 2432 de
2996 2371 3454 2438 resurrectione,
3487 2370 3535 2424 si
3586 2368 3804 2424 tenetis

2146 2477 2307 2533 hunc
2356 2485 2695 2530 sermonem
2749 2463 3230 2523 resurrectionis.
3293 2457 3414 2514 Nisi
3475 2456 3637 2513 enim
3688 2454 3801 2511 hoc

2146 2564 2362 2634 dogma
2389 2558 2663 2624 teneatis,
2694 2556 2918 2630 frustra
2943 2549 3300 2609 credidistis.
3336 2545 3490 2603 568
3508 2544 3564 2600 Si
3599 2549 3799 2599 autem

2149 2658 2314 2710 extra
2345 2652 2455 2706 hoc
2486 2647 2654 2715 estis,
2679 2661 2865 2702 vanus
2914 2646 3004 2699 est
3050 2639 3220 2699 labor
3276 2640 3493 2701 vester,
3553 2649 3688 2689 cum
3738 2630 3796 2686 in

2150 2745 2261 2802 hoc
2292 2741 2370 2798 sit
2398 2738 2540 2798 fidei
2565 2751 2823 2794 summa.

2220 2831 2343 2900 XV,
2375 2831 2495 2886 3-7.
2534 2824 2766 2883 Tradidi
2792 2824 2941 2879 enim
2968 2820 3118 2876 vobis
3171 2815 3234 2873 in
3286 2814 3486 2888 primis
3550 2810 3700 2885 quod
3754 2818 3806 2866 et

2151 2934 2491 2993 acceperam,
2521 2917 2673 2988 quod
2699 2913 2952 2971 Christus
2982 2914 3231 2966 mortuus
3259 2906 3436 2975 fuerit
3459 2918 3569 2975 pro
3605 2915 3805 2974 pecca-

2158 3014 2226 3072 tis
2252 2990 2453 3068 nostris
2478 3005 2776 3063 secundum
2829 3001 3149 3071 Scripturas
3178 3012 3198 3052 :
3255 3000 3306 3049 et
3362 2991 3515 3064 quod
3559 2990 3807 3062 sepultus

2154 3104 2268 3160 sit:
2296 3097 2553 3170 quodque
2578 3091 2945 3150 resurrexsrit
2975 3087 3139 3144 tertio
3169 3084 3259 3140 die
3303 3080 3600 3139 secundum
3649 3078 3802 3134 Scri—

384 3169 654 3274 ὅτιίὶῖιρθη
713 3169 900 3276 κῖηφτέ,
960 3169 1109 3253 diu"
1131 3169 1252 3260 τοίς
1304 3194 1535 3255 δώδεκα.
1566 3169 1843 3254 mimis
1878 3194 2032 3273 ὣφθη

2148 3169 2347 3263 ptui-as
2379 3207 2391 3244 :
2425 3185 2641 3257 etquod
2669 3185 2813 3240 visus
2838 3182 2911 3236 sit
2941 3176 3168 3250 Cephea,
3203 3174 3403 3231 deinde
3432 3171 3544 3226 illis
3592 3169 3802 3225 duode-

382 3284 562 3340 ἐπάνω
654 3260 1032 3349 πεντακοσίοις
1123 3283 1382 3364 ἀδελφοῖς
1487 3285 1716 3362 ἐφάπαξ,
1811 3282 1863 3361 ἐξ
1939 3260 2032 3340 ’ὧν

2148 3260 2254 3339 cim
2286 3298 2300 3337 :
2326 3285 2520 3352 postea
2547 3278 2693 3334 visus
2717 3279 2795 3329 est
2823 3270 2955 3343 plus
2985 3283 3154 3339 quam
3182 3264 3502 3337 quingentis
3557 3260 3799 3330 fatribus

380 3376 435 3430 οἱ
491 3373 715 3439 πλείους
777 3377 1031 3450 μένουσιν
1065 3373 1168 3439 ἔως
1226 3375 1371 3450 ἄρτι,
1429 3377 1573 3438 τινὲς
1627 3373 1685 3430 δὲ
1740 3376 1830 3431 καὶ
1892 3376 2036 3431 ὲκοι-

383 3466 662 3539 μήθησαν·
723 3467 951 3525 Ἔπειτα
1006 3460 1165 3543 ὤφθη
1227 3460 1498 3539 Ἰακώϐῳ,
1559 3467 1677 3524 εἶτα
1733 3472 1850 3531 τοῖς
1905 3464 2039 3522 ἀπο-

379 3551 606 3616 στόλοις
636 3558 820 3613 πᾶσιν.

453 3642 611 3711 Μέγα
638 3643 739 3721 γὰρ
771 3639 830 3701 ὄν
858 3644 922 3701 τὸ
964 3651 1063 3714 τῆς
1118 3645 1459 3708 ἀναστάσεως
1517 3643 1716 3721 δόγμα,
1773 3645 1828 3701 ἐν
1884 3645 2040 3719 πρώ-

378 3752 494 3797 τοις
528 3734 658 3808 ὑμῖν
697 3733 829 3791 αὐτὸ
885 3730 1201 3809 παρίδωκα,
1249 3733 1404 3813 φησί.
1464 3734 1563 3790 Καὶ
1618 3735 1725 3812 γὰρ
1779 3735 1870 3790 καὶ
1928 3732 2039 3810 ἑγὼ

388 3821 535 3897 παρὰ
583 3824 829 3898 Χριστοῦ
907 3823 1039 3880 αὐτὸ
1119 3821 1458 3901 παρείληφα.
1520 3819 1690 3881 Οὗδὶν
1746 3823 1840 3879 οὖν
1891 3820 2037 3879 ’ίόιον

382 3911 537 3969 εἶπον
596 3911 650 3969 ἂν
709 3913 974 3985 πρώτοις.
1034 3914 1336 3989 Τοιγαροῦν
1397 3913 1528 3969 αὖτό
1615 3911 2041 3990 παρειληφότες,

378 4004 471 4058 νῦν
501 3995 876 4080 ἀμφιϐάλλειν
906 4001 1007 4059 οὐκ
1036 4001 1287 4080 ὀφείλετε
1310 3999 1402 4058 διά
1457 4003 1549 4059 τὸν
1595 3999 1816 4078 χρόνον.
1864 4026 1893 4055 α
1920 4007 2040 4060 Ὀτι

380 4091 624 4165 Χριστὸς
658 4088 936 4151 ἀπέθανεν.
972 4116 996 4150 ι
1057 4093 1175 4154 Οὐκ
1229 4092 1425 4155 εὐθέως
1482 4092 1559 4156 εἰς
1615 4092 1707 4149 τὸν
1762 4093 1885 4168 περὶ
1941 4099 2042 4163 τῆς

383 4179 723 4244 ἀναστάσεως
771 4178 912 4251 ἦλθε
967 4180 1156 4256 λόγον,
1214 4181 1342 4239 ἀλλ’
1393 4181 1597 4248 ἄνωθεν
1649 4181 1808 4239 αὐτὸν
1866 4203 2041 4239 κατα-

384 4270 655 4340 σκευάζει.
696 4292 720 4321 ε
753 4271 1010 4345 Χριστὸς,
1050 4270 1239 4349 φησὶν,
1304 4272 1531 4327 ἀπέθανε
1583 4270 1675 4328 διὰ
1719 4272 1815 4335 τὰς
1865 4273 2044 4347 ἁμαρ-

382 4357 506 4422 τίας
558 4361 741 4433 ἡμῶν,
796 4358 893 4419 ἵνα
946 4364 1096 4435 ἡμᾶς
1150 4360 1627 4436 τεθανατωμένους
1679 4368 1800 4427 ταῖς
1866 4364 2046 4438 ἁμαρ-

384 4448 556 4520 τίαις,
590 4451 939 4526 ζωοποιήσῃ.
973 4474 1003 4505 »ι
1031 4480 1104 4497 --
1135 4474 1164 4504 ι(
1197 4450 1347 4511 Κατᾶ
1373 4452 1469 4514 τὰς
1527 4452 1762 4530 Γραφάς.
1799 4476 1823 4505 ι
1876 4450 2044 4510 Οὗδὶν

384 4540 537 4609 ξίνον
565 4538 803 4615 γέγονεν,
844 4539 1050 4605 ἄνωθεν
1099 4545 1264 4597 τοῦτο
1320 4540 1618 4617 προείρητο
1674 4542 1768 4597 καὶ
1823 4560 2048 4616 προετε-

382 4628 629 4687 τόπωτο.
695 4652 718 4684 ε
755 4628 852 4686 Καὶ
893 4627 979 4686 ὅτι
1030 4630 1226 4705 δτάφη.
1265 4654 1296 4683 n
1351 4629 1495 4688 ’Λπὸ
1549 4634 1756 4701 κοινοῦ,
1821 4655 1841 4682 ι
1898 4629 2049 4688 Κατᾶ
2079 4639 2127 4705 D

382 4717 483 4781 τὰς
516 4719 752 4795 Γραφάς.
794 4741 821 4771 ο
860 4717 1070 4791 Ἀληθῆ
1109 4715 1168 4777 δὲ
1212 4720 1307 4776 τὸν
1363 4721 1593 4777 θάνατον
1646 4717 1814 4791 δεῖξαι
1873 4718 2046 4785 θέλων

387 4804 575 4862 καὶού
606 4807 894 4882 φαντασίᾳ,
927 4807 1002 4870 ὥς
1059 4829 1171 4864 τισι
1228 4806 1384 4865 δοκεῖ
1417 4812 1526 4865 τῶν
1587 4811 1903 4886 αἱρετικῶν,
1960 4808 2045 4882 τὸ,

396 4919 419 4945 ι
456 4894 682 4976 Ἐτάφη,
711 4920 743 4953 »
773 4897 1098 4972 προσίθηκε.
1135 4892 1439 4961 Βεϐαίωσις
1486 4898 1592 4975 γὰρ
1656 4900 1693 4969 ἡ
1748 4901 1891 4972 ταφή
1949 4903 2047 4956 τοῦ

382 4984 634 5049 θανάτου.
696 4985 796 5040 Καὶ
858 4988 1156 5062 Μανιχαῖοι
1212 4984 1272 5043 3‘s
1326 4987 1782 5063 καταισχύνοντα
1840 4987 1893 5043 οἱ
1950 4987 2043 5045 λὶ-

380 5088 572 5149 γοντες
604 5074 705 5143 τήν
737 5072 1066 5151 ἀπαλλαγήν
1103 5076 1212 5133 τῶν
1262 5075 1548 5152 ήμετᾶρων
1600 5078 1908 5152 ἁμαρτιῶν,
1947 5077 2044 5134 θά-

383 5183 545 5218 νατον
579 5161 716 5220 εἶναι
767 5169 1026 5239 Χριστοῦ,
1084 5164 1149 5223 οὐ
1207 5167 1338 5240 μὴν,
1396 5167 1551 5247 φασὶ,
1603 5169 1725 5223 κατ’
1779 5167 2040 5239 ἀλήθειαν

379 5250 664 5316 ἀπέθανεν.
734 5256 871 5329 .Τῇ
924 5255 1085 5330 τρίτῃ
1144 5254 1329 5331 fuit”
1380 5257 1517 5313 κατὰ
1587 5257 1683 5320 τὰς
1739 5256 1977 5333 Γραφὼς.
2011 5277 2039 5313 ε

380 5340 584 5417 Πάλιν,
643 5367 673 5398 ‹‹
705 5346 854 5401 Κατὰ
911 5347 1009 5408 τὰς
1067 5347 1303 5423 Γραφὰς,
1349 5371 1376 5398 ››
1435 5347 1764 5423 προσᾶθηκε,
1815 5346 1903 5403 διὰ
1954 5349 2037 5420 τὸ,

377 5433 630 5499 πολλοὺς
681 5435 871 5500 ἆθᾶους
923 5431 1304 5511 ἀμφιϐάλλειν
1360 5439 1488 5515 περὶ
1543 5443 1643 5510 τῆς
1699 5440 2038 5502 ἀναστάσεως

374 5528 479 5579 τοῦ
535 5524 763 5600 Κυρίου,
828 5543 856 5577 ε
894 5526 1000 5583 Καὶ
1055 5525 1142 5582 ὅτι
1194 5524 1355 5603 ὤφθη
1414 5530 1599 5602 Κηφᾷ.
1637 5551 1666 5581 ιι
1734 5531 1921 5586 Καίτοι
1973 5529 2037 5585 τὸ

454 5726 500 5765 ⁸⁸
528 5726 695 5782 Rom.
730 5742 803 5794 ιν,
835 5729 924 5783 25.

2143 3349 2345 3438 simul;
2358 3382 2595 3439 quorum
2617 3363 2812 3435 plures
2842 3364 3068 3416 manent
3096 3356 3178 3413 ad
3207 3355 3349 3410 hunc
3407 3366 3577 3423 usque
3628 3349 3795 3417 diem,

2144 3460 2371 3533 quidam
2398 3470 2525 3513 vero
2555 3456 2727 3512 etiam
2755 3451 3118 3509 dormierunt.
3151 3443 3362 3502 Deinde
3390 3444 3539 3498 visus
3566 3444 3645 3494 est
3700 3439 3804 3493 Ja-

2147 3551 2294 3616 cobo,
2323 3554 2452 3621 post
2481 3543 2743 3618 apostolis
2774 3539 3049 3597 omnibus.

2253 3619 2402 3697 Nam
2431 3652 2568 3694 cum
2601 3646 2883 3705 magnum
2917 3629 2993 3685 sit
3046 3621 3506 3683 resurrectionis
3566 3619 3805 3690 dogma,

2146 3728 2318 3800 illud,
2351 3726 2569 3797 inquit,
2600 3724 2663 3781 in
2702 3719 2915 3792 primis
2969 3715 3134 3772 vobis
3194 3710 3434 3769 tradidi.
3496 3705 3802 3800 Siquidem

2148 3835 2253 3892 ego
2283 3795 2523 3888 quoque
2553 3813 2749 3884 ipsum
2781 3826 2816 3865 a
2844 3806 3077 3865 Christo
3135 3801 3359 3873 accepi.
3419 3800 3563 3855 Cum
3620 3795 3803 3869 igitur

2147 3885 2699 3974 illud—acceperitis,
2726 3912 2885 3957 nunc
2917 3894 2991 3951 ob
3022 3890 3311 3965 temporis
3343 3885 3801 3943 diuturnitatem

2145 3995 2444 4069 ambigere
2474 4007 2596 4049 non
2631 3987 2881 4045 debetis.
2914 4007 2943 4037 ι(
2997 3979 3164 4050 Quod
3211 3977 3480 4035 Christus
3528 3979 3803 4030 mortuus

2146 4061 2348 4145 fuerit.
2367 4105 2389 4135 ι
2422 4085 2550 4140 Non
2570 4079 2771 4137 statim
2788 4075 2864 4134 ad
2885 4086 3226 4130 sermonem
3243 4067 3317 4124 de
3356 4061 3798 4121 resurrectione

2146 4177 2325 4245 venit,
2387 4172 2489 4230 sed
2543 4172 2739 4244 ipsum
2798 4183 2869 4221 ex
2919 4158 3327 4236 superioribus
3394 4151 3800 4218 commendat,

2147 4267 2438 4332 Christus,
2477 4259 2695 4333 inquit,
2736 4260 3008 4313 mortuus
3040 4256 3130 4306 est
3150 4251 3396 4322 propter
3418 4248 3662 4317 peccata
3694 4258 3807 4297 no-

2151 4359 2367 4423 stra,ut
2379 4366 2491 4411 nos
2520 4331 2781 4424 peccatis
2809 4350 3083 4408 mortuos
3112 4339 3437 4395 vivificaret
3464 4334 3529 4389 “.
3565 4363 3631 4376 —-
3659 4354 3680 4380 ι
3710 4331 3813 4386 Se-

2153 4420 2416 4504 cundum
2445 4420 2800 4512 Scripturas.
2837 4457 2866 4486 ιι
2893 4431 3052 4491 Nihil
3083 4429 3222 4488 novi
3253 4431 3455 4484 actum
3487 4426 3596 4492 est,
3642 4420 3810 4493 prius

2153 4536 2268 4592 hoc
2294 4509 2649 4605 prmdiotum
2681 4529 2812 4584 erat
2837 4530 2900 4581 et
2926 4520 3397 4595 prmfiguratum.
3432 4536 3460 4566 α
3522 4514 3593 4605 lit
3648 4509 3809 4583 quod

2155 4601 2428 4695 sepultus
2449 4620 2546 4677 sit.
2571 4640 2600 4669 ››
2620 4620 2675 4687 Α¹
2697 4611 3000 4672 communi
3052 4624 3233 4666 sensu
3281 4601 3673 4677 repetendum
3725 4603 3817 4654 est

2158 4691 2495 4769 Secundum
2517 4706 2876 4777 Scripturas.
2900 4702 3112 4757 Veram
3134 4699 3335 4752 autem
3354 4691 3559 4748 volens
3608 4694 3813 4745 osten-

2157 4802 2298 4859 dere
2326 4802 2585 4857 mortem
2606 4775 2805 4851 etnon
2827 4786 3288 4863 phantasticam,
3336 4787 3406 4837 ut
3453 4775 3815 4852 quibusdam

2155 4890 2388 4948 videtur
2414 4884 2733 4950 hmreticis,
2767 4878 3018 4944 addidit,
3050 4895 3079 4927 «
3112 4871 3392 4946 Sepultus
3419 4870 3516 4925 sit.
3574 4886 3603 4920 ιο
3667 4867 3814 4923 Nam

2157 4980 2465 5054 sepultura
2486 4974 2697 5033 mortis
2723 4965 3097 5030 conﬁrmatio
3130 4968 3240 5020 est.
3290 4956 3602 5016 Manichaei
3661 4972 3813 5030 quo-

2154 5045 2270 5144 que
2297 5066 2744 5126 confunduntur
2761 5060 3033 5117 dicentes
3066 5051 3484 5110 liberationem
3525 5063 3594 5105 ac
3651 5045 3815 5101 solu-

2152 5135 2379 5219 tionem
2396 5160 2775 5231 peccatorum
2788 5153 3129 5208 nostrorum
3143 5147 3400 5200 mortem
3414 5154 3543 5195 esse
3558 5135 3774 5192 Christi
3795 5151 3809 5189 :

2150 5223 2561 5322 Nequaquam,
2583 5244 2774 5309 aiunt,
2794 5255 2929 5297 vere
2952 5239 3225 5295 mortuus
3269 5236 3378 5287 est.
3433 5249 3458 5282 ε
3491 5226 3686 5283 Tertio
3718 5223 3812 5279 die

2151 5312 2483 5397 secundum
2496 5312 2889 5405 scripturas.»
2903 5330 3161 5384 Rursum
3176 5319 3462 5385 addidit,«
3480 5312 3815 5371 Secundum

2151 5428 2510 5499 Scripturas,
2526 5446 2555 5474 ››
2578 5399 2823 5495 propter
2845 5415 3066 5474 multos
3088 5412 3223 5470 sine
3246 5411 3371 5466 Deo
3393 5404 3693 5499 hcmines,

2148 5484 2709 5575 dor‘emrre’clione-
2741 5507 3043 5567 haesitant.
3103 5523 3132 5554 «
3186 5501 3258 5556 Et
3313 5491 3474 5571 quod
3532 5492 3694 5547 visus
3741 5484 3821 5540 sit
