4080 6380
308 368 424 426 863

1420 365 1839 427 ἚΕΟΜΕΝΙΙ
1889 363 2193 426 ΤΒΙΟΟιΕ
2234 367 2616 428 EPISCOPI.

3605 369 3724 427 864

313 500 548 571 Cephw.
586 522 612 546 ››
646 498 813 570 Atqui
845 497 1226 570 Evangelium
1259 498 1405 553 dicit
1455 497 1500 534 ⁴¹⁸
1557 498 1714 570 quod
1764 497 1960 552 Marias

2082 495 2412 574 Εὐαγγέλιόν
2443 519 2597 576 φησι,
2659 499 2849 572 πρώτῃ
2894 498 3055 552 αὐτὸν
3113 498 3204 552 τὸν
3259 497 3496 572 Χριστὸν
3550 496 3725 576 ὦφθαι

310 589 567 660 primum
601 587 946 658 apparuerit
973 587 1246 642 Christus
1277 606 1291 644 :
1321 586 1423 641 sed
1457 587 1612 641 inter
1656 587 1808 640 viros
1839 585 1960 657 pri-

309 695 472 732 mum
505 677 781 749 apparuit
815 677 1004 742 Petro,
1041 681 1328 747 tanquam
1359 677 1642 747 primario
1676 675 1807 730 duci
1866 692 1958 730 ve-

311 766 560 821 nerandi
589 767 1020 838 discipulorum
1053 766 1241 820 chori.
1283 787 1304 816 α
1357 767 1580 821 Deinde
1635 765 1754 821 illis
1811 765 1958 820 duo-

309 854 561 910 decim.»
587 855 765 926 Atqui
789 855 1060 909 Matthias
1083 859 1214 925 post
1237 855 1709 925 assumptionem
1723 855 1961 909 Domini

307 962 412 1015 pro
443 945 591 1000 Juda
622 945 997 1000 introductus
1047 949 1153 1008 est,
1213 943 1510 1014 quomodo
1570 961 1708 1015 ergo
1769 943 1958 998 dicit:

308 1055 337 1083 ι(
374 1033 598 1088 Deinde
630 1034 750 1089 illis
781 1032 1116 1090 duodecim.
1150 1056 1177 1083 »
1212 1034 1491 1100 Dicimus,
1525 1032 1614 1086 vel
1655 1033 1961 1104 scriptoris

307 1122 494 1177 fuisse
526 1123 759 1194 lapsum
794 1139 806 1178 :
844 1122 942 1176 Vel
975 1121 1134 1193 quod
1165 1122 1556 1194 praescientiin
1576 1121 1747 1177 oculo
1766 1123 1960 1176 sciens

309 1212 615 1280 Dominus,
643 1211 800 1283 quod
821 1211 1089 1267 Matthias
1109 1211 1627 1267 connumerandus
1647 1218 1805 1266 esset
1825 1227 1961 1266 cum

309 1302 614 1366 undecim,
649 1301 800 1357 569
834 1302 1110 1374 apparuit
1141 1306 1198 1356 et
1229 1301 1365 1373 ipsi,
1398 1306 1463 1356 ut
1493 1317 1687 1372 neque
1735 1302 1798 1356 in
1851 1301 1961 1355 hoc

309 1391 539 1446 caeteris
570 1391 854 1462 apostolis
888 1398 1044 1446 esset
1073 1391 1336 1446 inferior.

381 1481 516 1536 Tale
549 1481 856 1552 quippiam
891 1480 1230 1535 subindicat
1267 1485 1326 1534 et
1377 1481 1634 1535 Joannes
1691 1479 1756 1548 ⁴⁶,
1808 1497 1959 1535 nus-

311 1587 490 1642 quam
523 1571 730 1625 dicens
765 1570 923 1640 quod
955 1570 1230 1642 apparuit
1283 1570 1584 1635 undecim,
1635 1571 1738 1625 sed
1791 1577 1849 1625 et
1887 1570 1962 1624 de

308 1660 534 1714 Thoma
556 1659 832 1729 loquens,
857 1660 970 1712 ait:
1001 1659 1256 1713 Thomas
1278 1665 1476 1712 autem
1512 1675 1668 1713 unus
1717 1675 1786 1713 ex
1817 1658 1964 1712 duo-

303 1749 501 1805 decim
535 1766 547 1804 :
582 1750 761 1822 Magis
792 1750 952 1804 enim
987 1749 1184 1804 dicere
1217 1765 1534 1820 possumus
1566 1749 1723 1819 quod
1771 1749 1961 1821 gratia

308 1838 617 1893 Matthiam
651 1838 883 1893 caeteris
914 1838 1434 1893 connumeraverit
1463 1837 1787 1892 secundum
1813 1854 1964 1909 pra)-

310 1927 644 1982 scientiam.
669 1931 785 1981 Aut
803 1928 1012 1982 Judam
1047 1927 1240 1981 adhuc
1285 1932 1420 1998 post
1467 1926 1866 1998 proditionem
1897 1942 1962 1980 ac

309 2018 698 2089 suspendium
726 2018 1232 2073 connumeravit.«
1259 2018 1400 2072 Plus
1422 2033 1602 2087 quam
1626 2017 1969 2088 quingentis

305 2107 613 2163 fratribus.
644 2131 671 2156 »
707 2107 1068 2161 Adverbium
1099 2103 1279 2158 ἐπάνω
1313 2105 1496 2176 (quod
1543 2122 1677 2160 cum
1737 2105 1968 2159 caeteris

312 2197 738 2268 interpretibus
768 2213 874 2267 per
902 2197 1031 2250 Plus
1063 2212 1227 2264 quam
1258 2194 1673 2265 reddidimus),
1723 2193 1966 2264 quidam

313 2289 482 2342 aiunt
513 2286 736 2341 dictum
769 2301 900 2340 esse
934 2303 1039 2357 pro
1070 2285 1300 2351 caelitus,
1333 2291 1398 2338 ut
1432 2284 1577 2354 ipsis
1609 2300 1776 2338 suam
1816 2299 1966 2352 quo-

311 2394 423 2448 que
457 2375 931 2446 assumptionem
983 2374 1346 2429 ostenderet.
1396 2373 1509 2427 Alii
1535 2391 1667 2428 vero
1702 2389 1805 2443 pro
1832 2372 1964 2441 plu-

308 2466 459 2519 ribus
491 2464 862 2534 interpretati
897 2469 1054 2529 sunt,
1089 2463 1199 2516 hoc
1232 2468 1340 2527 est,
1378 2484 1404 2511 ι(
1457 2461 1726 2532 pluribus
1785 2477 1965 2531 quam

309 2554 666 2625 quingentis.
696 2576 722 2599 η
749 2584 809 2593 -
839 2575 865 2601 α
889 2553 1150 2616 Quorum
1170 2552 1372 2622 plures
1397 2558 1638 2605 manent
1686 2551 1759 2605 ad
1809 2552 1965 2605 hunc

307 2658 498 2713 usque
526 2642 703 2696 diem.
743 2662 767 2690 η
800 2641 1018 2707 Habeo,
1052 2641 1268 2712 inquit,
1301 2641 1457 2695 vivos
1508 2640 1704 2694 adhuc
1761 2646 1963 2694 testes.

310 2757 336 2781 «
366 2731 616 2797 Quidam
644 2747 779 2784 vero
803 2731 982 2784 etiam
1007 2730 1402 2785 dormierunt.
1427 2751 1454 2777 ››
1497 2731 1608 2783 Per
1643 2729 1962 2784 dictionem

311 2844 338 2869 ‹‹
364 2821 756 2882 dormierunt,
795 2843 820 2869 ››
847 2820 1104 2891 primum
1121 2819 1575 2874 resurrectionis
1605 2817 1964 2873 fundamen-

311 2918 433 2964 tum
460 2910 626 2980 jecit.
664 2911 806 2964 Nam
838 2909 938 2979 qui
973 2909 1213 2975 dormit,
1240 2909 1418 2962 etiam
1438 2907 1710 2978 resurgit.
1743 2926 1765 2954 ι
1793 2908 1963 2962 Visus

308 3005 397 3053 est
427 2999 661 3054 Jacobo.
702 3021 722 3046 ι
757 2999 1046 3070 Episc0po
1079 2996 1643 3067 Hierosolymitano,
1707 2997 1806 3068 qui
1863 3013 1963 3051 co-

305 3087 770 3160 gnominabatur
799 3088 985 3143 frater
1012 3087 1270 3142 Domini.
1305 3088 1462 3153 Post,
1499 3085 1786 3158 apostolis
1832 3103 1960 3141 om-

306 3177 499 3232 nibus.
533 3179 713 3232 Eraut
742 3176 906 3232 enim
937 3182 993 3230 et
1039 3176 1140 3231 alii
1175 3193 1244 3230 ex
1275 3175 1584 3247 discipulis
1611 3175 1864 3248 apostoli
1887 3176 1962 3231 ad

2065 588 2134 658 τῇ
2172 586 2369 660 Μαρίᾳ.
2409 585 2563 642 Ἀλλ’
2594 585 2646 641 ἐν
2698 583 2939 660 ἀνδράτι,
3000 585 3205 659 πρώτῳ
3271 583 3426 662 ὤφθη
3487 589 3566 656 τῷ
3623 585 3727 640 Πέ-

2065 696 2200 752 τρῳ,
2234 678 2325 731 ἅτε
2383 674 2687 752 προῦχοντι
2744 679 2842 730 τοῦ
2897 674 3179 730 θεσπεσίου
3221 678 3397 750 χοροῦ
3452 678 3563 729 τῶν
3619 696 3730 747 μα-

2069 769 2264 834 θητῶν.
2326 792 2352 816 ‹‹
2415 767 2556 822 Εἶτα
2614 769 2730 825 τοῖς
2785 761 3077 820 δώδεκα.»
3123 763 3386 820 Καίτοιό
3449 763 3723 831 Ματθίας,

2072 853 2206 925 μετὰ
2235 855 2336 922 τήν
2364 852 2639 928 ἀνάληψιν
2679 858 2778 908 τοῦ
2829 852 3031 927 Κυρίου
3075 851 3408 928 ἀντεισήχθη
3460 851 3577 906 ἀντὶ
3627 857 3726 908 τοῦ

2068 938 2264 998 Ἰούδα.
2302 947 2424 1004 Πῶς
2455 941 2548 996 οὖν
2583 941 2752 1017 λέγει,
2785 967 2813 994 ‹‹
2847 945 2982 998 Εἶτα
3021 947 3139 1003 τοῖς
3191 937 3436 1008 δώδεκα;
3469 965 3498 992 ››
3548 941 3726 1018 Λέγο-

2071 1051 2188 1103 μεν,
2221 1027 2257 1098 ἤ
2288 1050 2553 1110 γραφικον
2623 1030 2734 1086 ἐστι
2786 1029 3033 1107 σφάλμα,
3068 1029 3105 1099 ἢ
3133 1029 3216 1085 ὅτι
3263 1034 3342 1101 τῷ
3384 1050 3731 1106 προγνωστι-

2066 1120 2148 1190 κῴ
2183 1118 2456 1193 ὀφθαλμῷ
2505 1121 2533 1176 ὁ
2596 1120 2792 1196 Κύριος
2832 1118 2994 1182 εἰδὼς
3053 1121 3137 1174 ὅτι
3194 1121 3730 1195 συναριθμηθήσεται

2064 1214 2184 1270 τοῖς
2228 1206 2434 1279 ἕνδεκα,
2495 1208 2651 1289 ὥφθη
2723 1211 2813 1265 καὶ
2871 1208 3042 1281 αὐτῷ,
3096 1206 3190 1263 ’ίνα
3252 1206 3393 1282 μηδὲ
3450 1207 3502 1264 ἐν
3548 1211 3732 1284 τούτῳ

2067 1296 2291 1354 ἔλαττον
2321 1294 2426 1374 ἔχῃ
2464 1305 2574 1355 τῶν
2609 1299 2820 1356 λοιπῶν
2851 1297 3199 1355 ἀποστόλων.

2138 1478 2394 1534 Τοιοῦτόν
2451 1501 2505 1534 τι
2561 1477 2885 1554 παραδηλοῖ
2939 1480 3087 1534 καὶὸ
3123 1479 3403 1548 Ἰωάννης,
3459 1477 3723 1552 μηδαμοῦ

2072 1568 2166 1639 μὲν
2197 1565 2372 1644 λέγων
2421 1568 2505 1623 ὅτι
2560 1564 2714 1643 ὤφθη
2775 1574 2891 1630 τοῖς
2953 1563 3157 1623 ἕνδεκα.
3231 1567 3411 1626 Ἀλλᾶ
3451 1569 3542 1623 καὶ
3599 1569 3726 1643 περῖ

2067 1659 2164 1709 τοῦ
2196 1661 2364 1728 Θωμᾶ
2396 1655 2804 1733 διαλεγόμενος,
2835 1659 2978 1712 εἷπε·
3041 1681 3069 1709 (ι
3106 1663 3305 1729 Θωμᾶς
3330 1655 3388 1712 δὲ
3421 1659 3497 1719 εἷς
3529 1655 3588 1713 ἐκ
3613 1663 3722 1712 τῶν

2069 1741 2302 1801 δώδεκα.
2337 1770 2364 1796 ››
2398 1744 2629 1804 Μᾶλλον
2664 1747 2770 1821 γὰρ
2801 1745 3047 1819 εἷ’ποιμεν
3091 1744 3150 1800 ἂν
3208 1747 3294 1801 ὅτι
3338 1747 3428 1802 τὸν
3483 1748 3729 1804 Ματθίαν

2070 1830 2344 1904 συνέταξεν
2415 1837 2450 1903 ἡ
2514 1836 2676 1910 χάρις
2733 1835 2870 1890 κατὰ
2938 1836 3246 1910 πρόγνωσιν
3307 1840 3424 1896 τοῖς
3484 1833 3729 1897 λοιποῖς.

2071 1923 2138 1978 Ἤ
2170 1922 2262 1976 τὸν
2301 1920 2503 1979 Ἰούδαν
2569 1921 2734 1978 πάλιν
2797 1923 3043 1997 συνέταξε
3085 1925 3219 1997 μετὰ
3275 1927 3374 1994 την
3430 1922 3728 1999 προδοσίαν

2072 2010 2163 2065 καὶ
2202 2013 2302 2080 τήν
2333 2011 2603 2090 ἀγχόνην.
2646 2036 2666 2064 ι
2705 2014 2922 2068 Ἐπάνω
2953 2011 3336 2069 πεντακοσίοις
3368 2009 3657 2091 ἀδελφοῖς.
3705 2039 3728 2065 ο

2071 2099 2170 2169 Τὸ,
2201 2099 2401 2168 ἐπάνω,
2436 2100 2487 2154 οἱ
2522 2099 2614 2172 μέν
2655 2122 2812 2178 φασιν
2869 2099 3143 2176 εἰρηκέναι
3199 2101 3283 2170 τό,
3343 2101 3458 2156 οἷον
3517 2100 3578 2157 ἐκ
3631 2106 3732 2157 τοῦ

2073 2191 2330 2265 οὐρανοῦ,
2359 2189 2447 2244 ’ίνα
2475 2191 2664 2246 αὐτοῖς
2707 2191 2797 2246 καὶ
2854 2193 2953 2260 τήν
3009 2191 3282 2266 ἀνάληψιν
3336 2191 3502 2247 αὐτοῦ
3556 2189 3728 2267 δείξῃ,

2070 2278 2273 2335 νΛλλοι
2335 2277 2413 2344 δὲ,
2472 2281 2554 2349 τὸ,
2641 2279 2908 2349 πλείοσιν,
3000 2283 3372 2355 ⁵ἡρμήνευσαν,
3456 2281 3727 2351 τουτέστι,

2072 2393 2097 2419 ‹‹
2133 2369 2356 2424 Πλείοσι
2397 2374 2504 2424 τῶν
2536 2370 2925 2425 πεντακοσίων,
2962 2393 2990 2422 ››
3021 2402 3090 2412 -
3122 2393 3150 2422 ‹‹
3186 2370 3272 2440 Ἐξ
3303 2371 3377 2424 ὧν
3419 2371 3472 2424 οἱ
3502 2368 3732 2434 πλείους

2075 2456 2324 2530 μένουσιν
2351 2454 2454 2518 ἕως
2485 2457 2627 2532 ἄρτι.
2666 2483 2694 2510 ››
2727 2460 2907 2532 Ἔχω,
2951 2459 3134 2535 φησὶν,
3185 2453 3265 2514 ἔτι
3326 2464 3531 2527 ζῶντας
3589 2461 3728 2533 μάρ-

2071 2567 2256 2620 τυρας.
2293 2571 2320 2598 ‹‹
2352 2547 2506 2609 Τινὲς
2541 2544 2598 2602 δὲ
2658 2549 2749 2603 καὶ
2809 2547 3204 2620 ἐκοιμήθησαν.
3245 2571 3270 2600 ι
3318 2548 3417 2602 Διὰ
3460 2554 3559 2617 τῆς
3606 2553 3728 2618 τοῦ,

2074 2659 2100 2684 ι(
2137 2636 2531 2708 ἐκοιμήθησαν.
2570 2660 2597 2686 ››
2628 2635 2846 2704 λέξεως,
2878 2635 3058 2711 ἀρχὴν
3091 2637 3190 2706 τῆς
3221 2635 3558 2697 ἀναστάσεως
3590 2656 3731 2710 προ-

2069 2720 2419 2779 κατεϐάλετο.
2498 2726 2555 2781 Ὀ
2633 2725 2738 2802 γὰρ
2815 2725 3188 2798 κοιμώμενος,
3262 2725 3353 2779 καὶ
3423 2724 3727 2784 ἀνίσταται.

2071 2839 2100 2867 (ι
2133 2815 2310 2892 ’Ὠφθη
2345 2807 2617 2884 Ἰακώϐῳ,
2655 2838 2676 2863 ι
2710 2817 2796 2884 Τῷ
2844 2813 3126 2885 ἐπισκόπῳ
3185 2821 3283 2883 τῆς
3335 2815 3726 2890 Ἰερουσαλὴμ,

2068 2907 2149 2974 τῷ
2191 2901 2598 2977 χρηματίσαντι
2639 2900 2861 2979 ἀδελφῷ
2916 2900 3014 2957 τοῦ
3071 2904 3298 2977 Κυρίου.
3363 2929 3384 2953 ι
3421 2905 3556 2959 Εἶτα
3612 2911 3729 2966 τοῖς

2071 2989 2400 3052 ἀποστόλοις
2454 2997 2639 3048 πᾶσιν.
2704 3016 2731 3042 ››
2788 2993 2955 3048 Ἦσαν
3013 2992 3116 3066 γάρ
3204 2991 3293 3047 καὶ
3352 2990 3515 3047 ἄλλοι
3588 2993 3729 3048 ἀπό-

2069 3080 2261 3137 στολοι
2319 3079 2378 3136 ἐκ
2433 3085 2540 3136 τῶν
2605 3082 2864 3154 μαθητῶν
2920 3081 3058 3136 κατὰ
3152 3081 3387 3155 μίμησιν
3446 3086 3553 3136 τῶν
3616 3080 3730 3137 δώ-

2070 3169 2218 3239 δεκα,
2279 3169 2392 3233 οἶος
2449 3171 2516 3240 ἧν
2585 3171 2614 3226 ὁ
2675 3167 2894 3232 Παῦλος
2952 3170 3041 3224 καὶ
3103 3165 3380 3246 Βαρνάϐας
3437 3172 3526 3226 καὶ
3590 3169 3726 3227 Θαδ-

309 3267 705 3321 imitationem
739 3266 978 3321 illorum
1006 3265 1342 3328 duodecim,
1369 3245 1564 3335 qualis
1590 3245 1716 3320 erat
1742 3266 1962 3320 Paulus
1992 3245 2035 3312 C
2067 3259 2240 3322 δαῖος.

311 3362 370 3410 et
399 3355 698 3410 Barnadas
731 3371 798 3409 ac
823 3353 1171 3410 Thaddaeus.

383 3447 502 3512 XV,
539 3446 592 3514 8,
623 3449 708 3500 ll.
744 3447 1022 3499 Postremo
1051 3461 1176 3498 vero
1203 3447 1449 3498 omnium
1505 3444 1654 3498 velut
1712 3445 1961 3498 abortivo

310 3536 455 3588 visus
484 3540 562 3587 est
592 3540 643 3587 et
673 3533 826 3587 mihi.
861 3535 976 3602 Ego
1007 3534 1150 3586 enim
1207 3549 1325 3587 sum
1382 3531 1642 3587 minimus
1683 3533 1960 3602 apostolo-

308 3641 452 3691 rum,
485 3627 582 3690 qui
612 3639 722 3677 non
752 3639 871 3677 sum
896 3624 1124 3677 idoneus
1153 3630 1216 3677 ut
1262 3624 1420 3678 dicar
1474 3625 1770 3692 apostolus,
1823 3640 1961 3693 pro-

300 3720 499 3783 pterea
528 3711 676 3782 quod
696 3717 1014 3782 persecutus
1037 3713 1142 3766 sim
1171 3711 1467 3766 Ecclesiam
1500 3712 1628 3766 Dei:
1661 3711 1756 3766 sed
1773 3714 1961 3780 gratia

314 3803 410 3858 Dei
434 3819 551 3857 sum
583 3802 643 3856 id
671 3803 820 3873 quod
856 3818 996 3867 sum,
1028 3808 1080 3856 et
1105 3800 1294 3871 gratia
1324 3804 1441 3871 ejus
1473 3817 1601 3872 quae
1630 3804 1704 3856 ad
1731 3818 1814 3857 me
1868 3819 1961 3856 ve-

308 3893 418 3961 nit,
450 3909 558 3946 non
587 3894 701 3961 fuit
742 3891 945 3957 inanis,
977 3892 1071 3946 sed
1101 3890 1373 3961 copiosius
1401 3891 1514 3946 illis
1544 3892 1792 3946 omnibus
1805 3892 1957 3945 labo-

308 3985 462 4037 ravi:
495 3997 605 4035 non
629 3988 811 4035 autem
840 3998 960 4050 ego,
992 3981 1086 4036 sed
1114 3983 1298 4050 gratia
1330 3981 1436 4040 Dei.
1467 3997 1589 4050 qum
1612 3997 1822 4034 mecum
1861 3987 1958 4037 est.

307 4073 432 4127 Sive
461 4073 636 4138 igitur
664 4087 782 4139 ego,
805 4073 916 4124 sive
940 4071 1049 4136 illi,
1080 4072 1155 4124 sic
1179 4070 1572 4140 praedicamus,
1629 4076 1679 4122 et
1727 4071 1804 4123 sic
1853 4085 1962 4123 cre-

313 4162 550 4216 didistis.

381 4333 819 4390 Modestianimi
849 4335 1110 4390 verbum.
1139 4337 1252 4390 Nec
1275 4342 1475 4391 tamen
1526 4337 1598 4392 ob
1650 4339 1709 4394 id
1758 4338 1958 4408 aliquo

308 4424 555 4478 inferior
585 4431 674 4478 est
705 4425 945 4489 Paulus,
973 4424 1131 4494 quod
1177 4425 1291 4496 ipsi
1343 4432 1642 4496 postremo
1670 4428 1830 4483 visus
1861 4427 1956 4482 sit.

310 4517 511 4586 Neque
530 4515 689 4570 enim
711 4514 963 4570 Iacobus
986 4514 1328 4586 quingentis
1369 4516 1489 4570 illis
1535 4517 1782 4572 inferior
1812 4524 1956 4583 erat,

2139 3451 2413 3522 Ἔσχατον
2485 3444 2541 3501 δὲ
2625 3445 2842 3502 πάντων
2921 3447 3154 3521 ὡσπερεὶ
3245 3452 3324 3520 τῷ
3413 3447 3724 3523 ἐκτρώματι

2068 3535 2223 3613 ὢφθη
2277 3535 2467 3608 κάμοί.
2550 3538 2694 3610 ’ἐγὼ
2778 3536 2880 3612 γὰρ
2967 3536 3080 3610 εἶμι
3140 3538 3168 3592 6
3236 3537 3530 3612 ἐλάχιστος
3612 3544 3722 3593 τῶν

2066 3624 2408 3693 ἀποστόλων,
2470 3625 2527 3684 ὃς
2587 3623 2686 3678 οῦκ
2768 3625 2883 3698 εἰμὶ
2962 3625 3144 3687 ἱκανὸς
3226 3623 3510 3690 καλεῖσθαι
3587 3627 3726 3681 ἀπό-

2069 3713 2290 3784 στολος,
2349 3711 2490 3768 διότι
2551 3711 2744 3784 ἐδίωξα
2797 3717 2897 3784 τήν
2983 3714 3314 3786 Ἐκκλησίαν
3391 3723 3488 3772 τοῦ
3565 3723 3724 3775 Θεοῦ.

2067 3800 2351 3878 Χαριτιδέ
2391 3808 2525 3858 Θεοῦ
2581 3802 2767 3876 εἶμὶὸ
2823 3803 2958 3876 εἰμὶ.
3019 3804 3114 3859 Καί
3176 3807 3211 3874 ἡ
3272 3807 3434 3881 χάρις
3491 3805 3724 3877 αὐτοῦ-ἧ

2069 3891 2144 3954 εἷς
2212 3892 2332 3964 ἐμε,
2399 3891 2462 3946 οὗ
2531 3892 2658 3960 κενή
2740 3891 2992 3969 ἐγενηθη,
3089 3891 3235 3949 ἀλλᾶ
3334 3896 3722 3970 περισσότερον

2069 3981 2242 4036 αὐτῶν
2298 3979 2511 4036 πάντων
2600 3979 2886 4040 ἐκοπίασα.
2969 3982 3085 4040 Οὐκ
3170 3981 3280 4060 ἐγὼ
3363 3981 3439 4052 δὲ,
3500 3983 3627 4040 ἀλλ’
3688 3989 3723 4055 ἡ

2067 4070 2230 4144 χάρις
2269 4073 2366 4124 τοῦ
2425 4072 2652 4139 Θεοῦ,ἡ
2717 4069 2807 4123 σὺν
2872 4069 3020 4144 ἐμοὶ.
3083 4070 3208 4128 Εἴτε
3273 4072 3364 4126 οὗν
3427 4071 3555 4146 ἐγὼ,
3616 4073 3726 4128 εἴτε

2068 4158 2285 4228 ἐκεῖνοι,
2357 4158 2530 4220 οὓτως
2613 4159 2984 4232 κηρύσσομεν,
3061 4161 3152 4215 καὶ
3235 4160 3408 4223 οὕτως
3474 4160 3725 4217 ἐπιστεύ-

2067 4268 2214 4303 σατε.

2139 4338 2654 4416 Ταπεινοφροσύνης
2690 4341 2785 4412 μὲν
2817 4341 2880 4396 τὸ
2912 4339 3085 4415 ῥῆμα,
3118 4339 3267 4411 πλὴν
3311 4340 3372 4396 οὐ
3427 4338 3516 4396 διὰ
3563 4347 3728 4398 τοῦτο

2067 4427 2307 4483 ἐλάττων
2353 4428 2503 4490 τινὸς
2562 4430 2590 4483 ὁ
2651 4427 2894 4501 Παῦλος,
2951 4429 3034 4484 ὅτι
3078 4429 3292 4504 ἐσχάτῳ
3353 4431 3502 4502 αὐτῷ
3541 4428 3726 4505 ὤφθη.

2063 4518 2204 4575 Οῦτε
2259 4519 2360 4592 γὰρ
2413 4513 2670 4579 Ἰάκωϐος
2729 4517 2969 4574 ἐλάττων
3027 4519 3095 4587 ἦν
3157 4523 3266 4574 τῶν
3328 4520 3724 4591 πεντακοσίων,

310 4605 468 4678 quod
500 4612 633 4676 post
662 4605 800 4660 illos
832 4603 945 4676 ipsi
978 4604 1139 4659 visus
1183 4605 1380 4660 fuerit.
1443 4607 1706 4672 Quadam
1757 4614 1954 4663 tamen

2073 4603 2252 4675 ἐπειδη
2287 4607 2506 4682 ὓστερον
2537 4606 2758 4662 ἐκείνων
2787 4607 2943 4686 ὤφθη
3004 4608 3174 4678 αὐτῷ.
3220 4606 3376 4676 Ηλήν
3435 4609 3524 4664 καὶ
3582 4610 3726 4662 οἰκο-

309 4697 486 4751 etiam
516 4694 963 4766 dispensatione
988 4694 1249 4765 seipsum
1274 4694 1498 4766 dejicit,
1527 4702 1593 4752 ut
1629 4715 1765 4753 cum
1792 4699 1958 4752 dixe-

303 4788 381 4840 rit
403 4801 682 4856 maguum
715 4784 863 4838 illud
895 4784 1518 4856 verbum.«Copiosiu’s
1539 4785 1660 4841 illis
1678 4787 1959 4842 omnibus

307 4876 587 4940 laboravi,
628 4898 654 4922 »
683 4874 830 4928 ﬁdes
863 4873 975 4944 ipsi
1027 4873 1332 4929 habeatur.
1397 4874 1712 4930 Abortivus
1759 4883 1956 4930 autem

307 4965 524 5019 dicitur
554 4964 673 5018 sive
707 4955 1048 5032 ἐξάμϐλωμα
1106 4979 1172 5017 ac
1227 4955 1648 5036 ἐμῦρωθρίδιον,
1702 4965 1820 5018 sive
1848 4966 1956 5019 im-

306 5056 607 5128 perfectus
639 5051 883 5122 embryo
913 5068 981 5106 ac
1012 5051 1164 5107 fetus
1196 5053 1257 5107 in
1303 5060 1472 5108 utero
1529 5053 1796 5108 nondum
1848 5055 1960 5109 for-

308 5151 524 5202 matus.
557 5143 660 5196 Hic
693 5142 868 5196 etiam
925 5141 1220 5213 perfectus
1278 5143 1339 5196 in
1396 5143 1675 5197 omnibus
1719 5144 1956 5210 Paulus,

310 5250 445 5289 cum
480 5235 684 5284 tantus
713 5246 780 5284 ac
815 5229 951 5284 talis
983 5236 1160 5300 esset,
1191 5247 1260 5285 eo
1293 5231 1451 5301 quod
1481 5230 1553 5286 ab
1611 5232 1780 5286 initio
1839 5249 1956 5288 non

308 5322 492 5377 fuerit
514 5321 574 5373 in
597 5319 813 5373 Christi
840 5317 955 5373 ﬁde
975 5319 1284 5377 formatus.
1315 5321 1471 5376 570
1521 5321 1783 5392 seipsum
1816 5321 1961 5376 dicit

309 5408 661 5474 abortivum,
685 5412 928 5479 propter
946 5406 1335 5461 excellentem
1359 5407 1543 5462 animi
1582 5396 1954 5464 modestiam.

311 5523 335 5547 ‹‹
371 5502 487 5571 Ego
520 5497 681 5550 enim
710 5514 840 5551 sum
872 5497 1160 5551 minimus
1190 5497 1617 5566 apostolorum.
1683 5521 1708 5546 ››
1751 5499 1961 5554 Conse-

377 5646 424 5680 ⁴⁵
458 5648 631 5700 Marc.
667 5661 776 5710 xv1,
819 5648 838 5697 1
878 5658 1043 5712 seqq.
1077 5640 1123 5674 ⁴⁶
1151 5642 1316 5696 Joan.
1350 5659 1443 5710 xx,
1477 5645 1566 5698 26.

2069 4701 2313 4768 νομικῶς
2347 4697 2533 4751 ἑαυτὸν
2595 4695 2937 4766 ἐξευτελίζει,
2985 4696 3077 4750 ’ίνα
3123 4696 3247 4752 ὅταν
3299 4695 3424 4772 εἴπῃ
3472 4699 3532 4753 τὸ
3583 4695 3723 4775 μέγα

2071 4784 2225 4858 ῥῆμα
2263 4782 2461 4853 ἐκεῖνο,
2489 4786 2576 4856 τὸ,
2610 4809 2638 4837 ‹‹
2669 4785 3056 4860 ΙΙερισσότερον
3099 4785 3274 4840 αὐτῶν
3334 4787 3548 4842 πάντων
3594 4785 3720 4842 ἐκο-

2067 4873 2254 4941 πίασα,
2291 4898 2320 4926 ››
2387 4876 2462 4947 μή
2522 4875 2818 4948 ἀπιστηθῇ.
2876 4877 3030 4931 Ἐστι
3085 4871 3141 4928 δὲ
3220 4869 3496 4948 ἔκτρωμα,
3551 4877 3719 4953 ἤγουν

2069 4958 2412 5036 ἐξάμϐλωμα
2496 4964 2583 5018 καὶ
2681 4960 3108 5039 ἐμόρωθρίδιον,
3168 4963 3341 5040 ἤγουν
3401 4966 3462 5020 τὸ
3534 4964 3725 5029 ἀτελὲς

2068 5047 2331 5126 ἔμϐρυον,
2361 5053 2424 5106 τὸ
2452 5052 2726 5127 ἄμυρφον,
2757 5051 2980 5116 ἐνταῦθα
3021 5053 3111 5107 καὶ
3162 5053 3190 5107 6
3243 5053 3296 5107 ἐν
3344 5059 3478 5108 πάσι
3518 5055 3732 5118 τέλειος

2071 5141 2308 5211 Παῦλος,
2341 5143 2368 5197 ὁ
2398 5147 2659 5206 τοσοῦτος
2690 5144 2780 5198 καὶ
2828 5141 3180 5213 τηλικοῦτος,
3243 5144 3319 5206 ὡς
3368 5146 3444 5218 μή
3505 5167 3730 5226 μορφω·

2068 5233 2180 5292 θεὶς
2243 5230 2294 5302 ἐξ
2350 5231 2532 5306 ἀρχῆς
2589 5236 2660 5305 τῇ
2719 5231 2859 5286 κατᾶ
2917 5232 3152 5306 Χριστὸν
3215 5234 3416 5300 πίστει,
3473 5229 3732 5310 ἔκτρωμά

2069 5342 2231 5400 φησιν
2333 5321 2518 5376 ἑαυτὸν
2599 5319 2689 5375 διὰ
2787 5322 3289 5400 ταπεινοφροσύνης
3389 5319 3728 5398 ὑπερϐολήν.

2072 5435 2099 5464 ιι
2130 5410 2276 5483 Ἐγὼ
2306 5409 2405 5484 γάρ
2439 5409 2554 5483 εἷ’μι
2587 5411 2614 5463 6
2642 5409 2932 5485 ἐλάχιστος
2966 5414 3072 5465 τῶν
3124 5410 3476 5469 ἀποστόλων.
3514 5438 3541 5464 ››
3594 5423 3730 5469 Λοι-

2069 5498 2170 5554 πὸν
2202 5497 2679 5574 ἀποφαίνεταικαῖ
2733 5500 2858 5573 περὶ
2909 5501 3122 5554 ἑαυτοῦ.
3171 5501 3310 5573 Ὅρα
3362 5497 3422 5555 δὲ
3471 5501 3570 5557 οῦκ
3619 5504 3733 5558 εἶπε
