4080 6414
401 420 521 480 865

1397 418 1800 481 COMMENT.
1848 418 1928 479 IN
1972 418 2220 479 EPIST.
2268 417 2294 479 Ι
2337 416 2442 478 AD
2485 417 2851 480 COBlNTH.

3716 422 3836 481 866

407 550 599 623 μόνον,
632 551 742 605 τῶν
772 545 986 605 δώδεκα
1045 546 1214 618 ἀλλά,
1281 548 1495 606 πάντων
1555 555 1666 606 τῶν
1722 547 2067 606 ἀποστόλων.

2192 555 2440 622 quenter
2469 550 2631 608 enim
2662 568 2771 607 sua
2801 550 3163 618 manifestat,
3210 557 3267 607 et
3322 551 3454 607 vide
3505 551 3666 623 quod
3716 570 3836 611 non

404 638 541 696 Εἶτα
586 637 739 714 λέγει
793 637 885 693 καὶ
941 637 1042 706 τήν
1084 636 1282 695 αἰτίαν.
1331 662 1359 690 ‹‹
1395 638 1566 708 Διότι,
1622 639 1808 717 φησὶν,
1871 635 2066 710 ἐδίωξα

403 729 506 797 τὴν
540 726 872 798 Ἐκκλησίαν
903 731 1002 784 τοῦ
1033 731 1188 785 Θεοῦ.
1227 750 1249 781 ι
1280 762 1351 771 ——
1396 752 1425 780 ‹‹
1454 730 1649 800 Χάριτι
1707 727 1763 785 δὲ
1793 732 1928 784 Θεοῦ
1954 730 2070 801 εἰμι

409 815 439 873 ὅ
470 818 610 892 εἰμι.
644 843 672 869 »
705 821 846 893 ’Όρα
895 816 1343 895 εὐγνωμοσύνην·
1397 819 1465 874 τὰ
1523 819 1618 890 μὲν
1676 819 2069 892 ἁμαρτήματα,

410 908 586 981 ἑαυτῷ
614 905 1056 983 καταλογίζεται,
1104 906 1173 962 τὰ
1229 904 1287 963 δὲ
1343 908 1766 982 κατορθώματα,
1825 910 1895 981 τῇ
1962 907 2072 982 χά-

413 1017 521 1073 ριτι
549 1000 650 1052 τοῦ
687 999 821 1052 Θεοῦ
871 999 1175 1067 ανατιθησι.
1213 1019 1242 1048 ι(
1283 998 1382 1052 Καὶ
1411 999 1446 1067 ἡ
1507 997 1671 1075 χάρις
1730 997 1896 1053 αὐτοῦ
1926 998 1962 1067 ἡ
1995 995 2072 1059 εἷς

410 1085 527 1159 ἐμὲ,
583 1085 647 1141 οὐ
712 1085 842 1154 κενὴ
900 1085 1151 1162 ἐγενήθη.
1215 1087 1315 1143 Καὶ
1360 1090 1523 1143 τοῦτο
1592 1087 1707 1160 μεθ’
1760 1085 2075 1155 ὑποστολῆς

408 1178 579 1231 εἶπεν.
641 1173 720 1233 Οὐ
777 1175 879 1250 γὰρ
938 1175 1105 1230 εἶπεν·
1165 1176 1330 1245 ’Άεια
1393 1183 1498 1246 τῆς
1565 1195 1796 1251 χαριτος
1848 1174 2071 1250 ἔπραξα,

409 1262 558 1320 ἀλλ’.
615 1262 694 1321 Ού
751 1270 973 1337 ματαία,
1035 1265 1225 1337 φησὶν,
1258 1266 1293 1334 ἡ
1340 1265 1509 1340 χάρις
1557 1264 1746 1340 εὑρέθη
1812 1264 1862 1318 ἐν
1922 1261 2073 1337 ἆμοί.

410 1357 536 1414 Πῶς
571 1353 738 1421 ;⁹Οτι
781 1352 1021 1420 πάντων,
1075 1353 1230 1430 φησί,
1286 1358 1396 1409 τῶν
1446 1352 1772 1409 ἀποστόλων
1828 1350 2079 1428 περισσό-

408 1463 571 1518 τερον
622 1440 903 1498 ἐκοπίασα.
963 1443 1105 1519 ’Όρα
1165 1439 1221 1497 δὲ
1280 1443 1373 1497 καὶ
1438 1440 1546 1498 ὦδε
1597 1447 1716 1504 πῶς
1770 1441 2074 1520 ὐφειμὲνως

409 1532 544 1588 αὑτὸ
580 1530 832 1588 τέθεικεν.
891 1533 967 1587 Οὐ
1025 1531 1129 1607 γὰρ
1162 1533 1333 1603 εἶπεν,
1373 1533 1788 1609 Ἥγωνισάμην,
1827 1530 1886 1602 ἢ,
1921 1531 2080 1601 Ἑκή-

413 1622 566 1698 ρυξα,
624 1621 685 1691 ἢ,
746 1617 1147 1692 Ἐκινδύνευσα,
1195 1619 1368 1690 ἀλλ’,,
1407 1644 1436 1674 κ
1467 1620 1784 1691 Ἐκοπίασα,
1820 1644 1848 1672 ››
1903 1619 2074 1692 ταύτῃ

413 1716 478 1766 τὸ
563 1711 689 1786 περὶ
763 1709 956 1765 ἑαυτοῦ
1022 1708 1304 1786 ἐγκώμιον
1361 1709 1823 1784 ὑποτεμνόμενος.
1881 1710 2078 1781 ’Όμως

419 1798 507 1854 ἐπὶ
538 1802 703 1855 ταῦτα
732 1798 801 1854 τὰ
840 1798 1064 1876 ῥήματα
1094 1798 1143 1868 ἐξ
1176 1799 1419 1874 ἀνάγκης
1474 1797 1633 1868 ἦλθε.
1704 1803 1795 1854 Δεῖ
1848 1796 1951 1875 γὰρ
1982 1798 2075 1854 τὸν

2175 638 2394 694 dixerit
2423 639 2738 696 duodecim
2769 645 3024 709 tantum,
3058 640 3162 697 sed
3192 646 3252 696 et
3282 642 3551 697 omnium
3591 650 3837 714 aposto-

2177 727 2391 785 lorum.
2409 729 2630 784 Deinde
2650 730 2795 785 dicit
2810 736 3156 786 etcausam:
3186 753 3214 782 «
3240 732 3582 802 Propterea,
3615 732 3834 803 inquit,

2177 819 2336 890 quod
2366 825 2717 891 persecutus
2751 820 2863 876 sim
2894 820 3216 876 Ecclesium
3280 821 3383 875 Dei
3467 843 3495 872 ››
3553 852 3624 861 —
3668 842 3694 874 ι
3724 822 3837 877 Sed

2177 908 2367 981 gratia
2395 908 2498 964 Dei
2531 925 2665 964 sum
2698 908 2761 963 id
2791 909 2951 980 quod
2985 926 3136 965 sum.
3189 932 3217 959 »
3275 910 3599 967 Considera
3648 910 3834 966 animi

2179 994 2647 1068 gratitudinem:
2678 1003 2922 1069 peccata
2951 998 3193 1070 quidem
3250 998 3407 1053 inter
3464 1015 3571 1055 sua
3604 1015 3835 1054 connu-

2181 1090 2395 1152 merat,
2428 1085 2665 1158 egregia
2692 1102 2829 1141 vero
2854 1086 3122 1143 facinora
3147 1088 3350 1160 gratim
3388 1088 3489 1142 Dei
3545 1088 3835 1150 attribuit.

2183 1195 2210 1223 «
2234 1176 2304 1229 Et
2323 1175 2513 1248 gratia
2535 1177 2664 1250 ejus
2686 1194 2818 1248 quas
2840 1177 2915 1232 ad
2938 1193 3031 1233 me
3054 1177 3215 1232 venit
3236 1194 3354 1232 non
3388 1177 3501 1232 fuit
3554 1177 3771 1233 inanis.
3806 1197 3834 1226 »

2182 1264 2253 1317 Et
2274 1264 2387 1319 hoc
2406 1279 2543 1320 cum
2565 1265 2965 1322 submissione
2988 1265 3154 1322 dixit.
3172 1267 3297 1321 Non
3339 1266 3500 1320 enim
3543 1265 3662 1321 ait:
3694 1266 3833 1331 Quae

2181 1353 2372 1426 gratia
2391 1355 2963 1428 Deidignasuntfeci
2989 1355 3124 1422 ;sed
3164 1357 3361 1411 Gratia
3405 1356 3504 1411 Dei
3537 1372 3658 1411 non
3686 1371 3839 1411 vana

2184 1443 2247 1497 in
2271 1459 2365 1499 me
2388 1444 2630 1500 inventa
2651 1449 2758 1500 est.
2792 1444 3145 1511 Quomodo?
3192 1446 3338 1511 Quia
3387 1445 3670 1500 omnibus
3700 1461 3838 1517 apo-

2185 1532 2353 1588 stolis
2380 1534 2680 1606 coPiosius
2702 1534 2983 1590 laboravi.
3009 1533 3153 1589 Vide
3175 1541 3375 1590 autem
3395 1534 3692 1606 quomodo
3719 1535 3833 1590 hoc

2185 1622 2365 1677 etiam
2387 1622 2519 1678 loco
2542 1639 2717 1694 parce
2739 1623 2798 1678 id
2821 1623 3106 1695 posuerit.
3142 1625 3342 1694 Neque
3359 1624 3521 1679 enim
3544 1624 3628 1679 ait
3650 1640 3663 1679 :
3698 1625 3834 1678 Cer-

2184 1711 2345 1778 tavi;
2379 1717 2501 1780 aut,
2533 1712 2884 1780 Praedicavi;
2918 1730 3043 1782 seu,
3077 1712 3453 1768 Periclitatus
3495 1729 3626 1769 sum
3661 1730 3674 1778 ;
3708 1712 3836 1778 sed,

2186 1822 2214 1850 ‹‹
2245 1800 2525 1857 Laboravi
2548 1818 2562 1856 :
2587 1823 2615 1851 ››
2644 1802 2755 1857 hac
2773 1801 3031 1857 dictione
3055 1801 3360 1873 proprium
3390 1802 3703 1858 succidens
3735 1818 3837 1857 en-

425 1885 744 1944 διδάσκαλον
778 1888 1093 1958 ἀξιόπιστον
1162 1886 1320 1946 εἶναι.
1390 1887 1506 1946 Οὐκ
1564 1887 1671 1964 ἐγὼ
1731 1886 1809 1957 δὲ,
1872 1886 2000 1943 ἀλλ’
2039 1889 2075 1957 ἡ

2192 1889 2470 1945 comium.
2495 1890 2580 1946 Ad
2602 1891 2730 1946 haec
2756 1895 2956 1946 tamen
2980 1891 3162 1946 verba
3181 1908 3247 1946 ex
3272 1892 3628 1947 necessitate
3656 1891 3838 1947 venit.

423 1976 585 2053 χάρις
609 1980 704 2031 τοῦ
753 1980 886 2033 Θεοῦ
917 1980 952 2047 ἡ
987 1976 1082 2032 σὺν
1110 1976 1256 2051 ἐμοί.
1292 1998 1318 2030 ι
1353 1976 1484 2032 Εἶτα
1540 1976 1742 2053 ὥσπερ·
1798 1975 2074 2038 δειλιάσας

421 2069 501 2141 μή
535 2066 682 2139 αὐτῷ
728 2069 792 2124 τὸ
844 2069 1177 2145 κατόρθωμα
1207 2067 1463 2143 λογισθῇ,
1497 2068 1585 2125 ἐπὶ
1640 2070 1741 2138 τὴν
1798 2067 1896 2124 τοῖ’)
1938 2072 2078 2124 Θεοῦ

416 2156 585 2236 χάριν
618 2155 753 2212 αὐτὸ
803 2156 1143 2228 ἀνατίθησιν.
1177 2181 1207 2210 ι(
1238 2156 1369 2214 Εἴτε
1417 2158 1516 2213 οὗν
1574 2156 1710 2233 ἐγὼ,
1767 2155 1877 2214 εἷ’τε
1938 2157 2077 2213 ἐκεῖ·

410 2264 521 2301 νοι.
560 2268 589 2297 ››
645 2245 1093 2320 Ὀμοφωνοῢμεν,
1153 2244 1341 2322 φησὶν,
1410 2245 1642 2307 ἅπαντες
1700 2246 1824 2321 περὶ
1881 2246 1945 2301 τὸ
1983 2247 2080 2316 κή-

416 2355 626 2412 ρυγμα.
662 2335 763 2390 Καὶ
793 2334 894 2390 οὐκ
945 2334 1112 2391 εἶπεν·
1146 2334 1212 2392 Εἰ
1247 2334 1325 2408 μὴ
1381 2333 1508 2409 ἐμοὶ
1566 2334 1877 2407 πιστεύητε,
1938 2333 2078 2390 ἐκεί-

415 2444 539 2486 νοις
626 2424 905 2496 πείσθητε.
992 2421 1323 2495 Ἐξευτέλιζε
1399 2425 1504 2499 γὰρ
1571 2423 1781 2494 ἑαυτὸν,
1834 2425 1922 2480 καὶ
1983 2422 2082 2479 οὐκ

416 2511 730 2583 ἀξιόπιστον
793 2514 1042 2590 μάρτυρα
1127 2518 1228 2583 τῆς
1302 2510 1564 2584 ἀληθείας
1615 2513 1805 2569 ἑαυτὸν
1855 2511 2081 2592 ἀπέφαι-

413 2624 528 2659 νεν.
574 2601 753 2660 Ἀλλὰ
810 2603 864 2658 τί
931 2601 1126 2676 λὲγεις
1185 2604 1613 2677 Σμμφωνοῦμεν
1668 2603 1916 2665 ἅπαντες.
1980 2602 2080 2657 Καὶ

414 2696 498 2765 τῷ
528 2692 719 2752 εἰπεῖν.
781 2714 810 2743 ‹‹
845 2691 1224 2768 Κηρύσσομεν,
1268 2714 1297 2742 ››
1325 2691 1390 2746 τὸ
1421 2690 1625 2762 ἀληθὲς
1664 2694 1773 2747 τῶν
1831 2689 2079 2768 λεγομέ-

412 2801 523 2838 νων
577 2782 930 2858 παρίστησιν.
993 2782 1070 2840 Οὐ
1127 2782 1231 2859 γὰρ
1269 2777 1323 2837 ἔν
1366 2776 1699 2858 παραϐύστῳ
1726 2780 1816 2838 καὶ
1870 2781 1922 2837 ἐν
1968 2804 2080 2857 γω-

415 2871 506 2943 νίᾳ
533 2869 813 2945 λαλοῦμεν
846 2870 1227 2947 περὶτούτων,
1262 2869 1411 2927 ἀλλά
1465 2875 1709 2949 φανερῶς
1766 2869 1873 2933 ’ἕως
1933 2870 2078 2944 ἄρτι.

417 2963 602 3019 Τοῦτο
659 2960 767 3036 γὰρ
827 2960 890 3015 τὸ
966 2960 1391 3036 κηρυσσόμενον.
1473 2960 1577 3017 Καὶ
1638 2956 1835 3031 οὕτως,
1893 2962 2078 3036 φησὶν,

419 3048 775 3106 ἐπιστεύσατε
808 3049 946 3122 μετά
972 3054 1080 3104 τῶν
1114 3046 1323 3116 ἄλλων,
1354 3048 1446 3104 καὶ
1478 3047 1646 3119 αὐτὴν
1697 3049 1797 3118 τὴν
1861 3048 2078 3106 ἐκείνων

422 3141 607 3197 πίστιν
659 3139 821 3197 καλεῖ
899 3139 1144 3217 μάρτυρα
1196 3145 1299 3209 τῆς
1352 3137 1636 3210 ἀληθείας.
1696 3140 1777 3197 Οὐ
1833 3141 1935 3216 γὰρ
1997 3138 2081 3211 ἄν,

430 3229 594 3304 φησὶν
644 3229 837 3293 ἀπλῶς
920 3227 1268 3285 ἐπιστεύσατε
1334 3227 1529 3303 λόγοις
1582 3227 1933 3303 ἐψευσμένοις
1990 3227 2080 3284 καὶ

430 3318 759 3390 ἀπατηλοῖς,
792 3318 838 3374 εἰ
877 3320 954 3392 μὴ
988 3318 1275 3389 ἒπείσθητε
1330 3316 1515 3388 ἀληθῆ
1567 3319 1704 3372 εἶναι
1757 3318 1826 3373 τά
1880 3340 2082 3393 κηρυσ-

428 3406 644 3481 σόμενα.

496 3520 527 3549 α
560 3497 626 3554 Εἰ
657 3495 714 3553 δὲ
765 3497 999 3573 Χριστὸς
1041 3494 1373 3571 κηρύσσεται
1440 3495 1525 3552 ὅτι
1574 3497 1635 3552 ἐκ
1689 3502 1894 3573 νεκρῶν
1946 3496 2082 3573 ἒγή-

426 3606 620 3661 γερται
654 3629 670 3658 ,
735 3591 855 3649 πῶς
923 3585 1144 3661 λέγουσί
1205 3606 1346 3650 τινες
1396 3585 1448 3641 ἐν
1508 3586 1655 3658 ὑμῖν,
1714 3584 1798 3642 ὅτι
1851 3586 2119 3643 ἀνάσταέ

424 3697 511 3740 σις
567 3681 776 3751 νεκρῶν
832 3675 932 3731 οὐκ
982 3674 1176 3743 ἒστινς
1236 3675 1282 3731 εἰ
1368 3671 1426 3731 δὲ
1516 3675 1805 3737 ἀνάστασις
1879 3680 2082 3752 νεκρῶν

428 3765 532 3820 οὐκ
592 3759 738 3821 ἔστιν
773 3807 788 3833 ,
851 3761 976 3820 οὐδὲ
1026 3764 1262 3839 Χριστὸς
1314 3761 1634 3840 ἔγήγερται.
1699 3765 1766 3822 Εἰ
1826 3762 1883 3820 δὲ
1949 3766 2086 3840 Χρι-

429 3853 553 3916 στὸς
604 3852 710 3909 οὐκ
791 3851 1107 3931 ἐγήγερται,
1185 3853 1338 3908 κενὸν
1406 3851 1509 3929 ἄρα
1565 3854 1654 3908 καὶ
1712 3854 1778 3909 τὸ
1820 3855 2085 3930 κήρυγμα

427 3945 616 4017 ἡμῶν,
675 3944 799 4014 κενὴ
858 3939 917 3999 δὲ
962 3943 1052 3999 καὶ
1109 3945 1144 4012 ἡ
1196 3944 1380 4005 πίστις
1449 3944 1635 4015 ἡμῶν,
1705 3941 2089 4018 Εὖρισκόμεθα

426 4029 487 4089 δὶ
558 4031 649 4087 καὶ
728 4029 1171 4107 ψευδομάρτυρες
1249 4036 1350 4088 τοῦ
1430 4034 1566 4088 Θεοῦ
1607 4076 1623 4102 ,
1701 4030 1787 4087 ὅτι
1860 4031 2091 4109 ἐμαρτυ-

426 4124 673 4198 ρήσαμεν
747 4123 882 4179 κατὰ
954 4126 1053 4179 τοῦ
1129 4127 1287 4190 Θεοῦ,
1364 4123 1446 4177 ὅτι
1523 4123 1714 4199 ἤγειρε
1788 4124 1882 4178 τὸν
1956 4130 2091 4200 Χρι-

428 4211 554 4266 στὸν
614 4210 674 4265 ’ὸν
733 4209 834 4266 οὐκ
886 4208 1128 4287 ἤγειρεν,
1187 4209 1364 4285 εἴπερ,
1399 4208 1503 4286 ἄρα
1557 4211 1741 4288 νεκροὶ
1800 4211 1902 4268 οὐκ
1958 4210 2090 4289 ἒγεί-

430 4318 638 4375 ρονται.
666 4322 696 4351 ὶ)

501 4388 734 4465 Ἀριστα
763 4387 1151 4464 συλλογίζεται
1180 4386 1393 4451 αὐτοὺς.
1444 4387 1761 4462 Ἀποδείξεις
1823 4391 1925 4468 γὰρ
1954 4391 2090 4467 πρό·

424 4496 584 4553 τερον
617 4475 701 4532 ότι
726 4477 960 4552 Χριστὸς
988 4475 1298 4553 ἐγήγερται,
1347 4476 1408 4532 ἐκ
1462 4484 1564 4547 τῆς
1613 4479 1783 4534 αὐτοῦ
1829 4478 2090 4557 ἒγέρσεως

421 4566 518 4621 καὶ
571 4567 672 4636 τήν
756 4567 947 4636 κοινὴν
1020 4566 1311 4621 ἀνάστασιν
1370 4566 1780 4639 κατασκευάζει,
1834 4568 1909 4631 ὡς
1967 4567 2092 4625 ἔπο-

2188 1979 2331 2033 Nam
2354 1983 2589 2050 oportet
2610 1983 3037 2051 praeceptorem
3064 1978 3180 2034 fide
3202 1978 3449 2051 dignum
3468 1995 3619 2035 esse.
3639 2001 3667 2029 ‹‹
3711 1981 3839 2034 Non

2186 2071 2386 2121 autem
2402 2082 2528 2140 ego,
2554 2067 2657 2123 sed
2678 2068 2868 2140 gratia
2888 2068 2990 2123 Dei
3020 2084 3152 2139 quae
3170 2084 3407 2124 mecum
3434 2074 3544 2125 est.
3571 2090 3599 2119 »
3613 2066 3839 2124 Deinde

2184 2154 2406 2211 veritus
2435 2173 2511 2211 ne
2540 2161 2770 2212 rectum
2802 2172 2950 2229 opus
2982 2156 3093 2212 sibi
3129 2156 3576 2223 attribueretur,
3633 2157 3838 2231 gratia)

2191 2245 2288 2301 Dei
2318 2244 2515 2317 ipsum
2544 2244 2660 2300 fert
2687 2250 3018 2318 acceptum.
3054 2268 3081 2295 ‹‹
3140 2246 3271 2300 Sive
3326 2245 3508 2318 igitur
3565 2262 3669 2318 ego
3719 2246 3838 2301 sive

2186 2334 2295 2389 illi.
2323 2356 2352 2384 »
2381 2335 2820 2403 Consentimus,
2855 2335 3072 2407 inquit,
3107 2351 3317 2391 omnes
3346 2335 3505 2391 circa
3552 2334 3841 2407 praedica-

2187 2422 2434 2478 tionem.
2469 2424 2583 2478 Nec
2613 2422 2763 2478 dixit
2796 2440 2809 2477 :
2840 2423 2897 2478 Si
2929 2422 3079 2478 mihi
3109 2439 3230 2478 non
3262 2422 3528 2493 creditis,
3570 2422 3663 2478 vel
3721 2423 3845 2478 illis

2185 2510 2411 2566 credite
2445 2529 2458 2566 :
2491 2528 2631 2567 nam
2665 2512 2930 2584 seipsum
2959 2511 3137 2567 vilem
3169 2511 3552 2579 reddidisset,
3585 2528 3696 2568 nec
3728 2511 3846 2568 fide

2186 2601 2434 2675 dignum
2455 2603 2718 2659 veritatis
2739 2608 2952 2660 testem
2985 2620 3115 2659 sese
3136 2602 3517 2659 ostendisset.
3547 2602 3659 2658 Sed
3699 2602 3846 2674 quid

2186 2691 2313 2746 ait?
2343 2690 2602 2748 Consoni
2629 2707 2837 2747 sumus
2864 2708 3093 2747 omnes.
3127 2692 3199 2746 Et
3256 2707 3327 2747 ex
3385 2708 3455 2747 eo
3509 2690 3669 2763 quod
3711 2691 3795 2746 ait
3830 2707 3843 2745 :

2189 2802 2217 2831 ‹‹
2250 2780 2673 2848 Prmdicamus,
2707 2804 2729 2830 ι
2795 2781 3090 2838 dictorum
3147 2781 3459 2837 veritatem
3503 2781 3843 2837 confirmat.

2186 2870 2314 2926 Non
2336 2869 2497 2925 enim
2520 2869 2580 2925 in
2602 2870 2834 2927 occulto
2854 2876 2957 2927 aut
2978 2870 3039 2926 in
3061 2870 3277 2944 angulo
3294 2870 3367 2926 de
3400 2869 3495 2925 his
3546 2869 3725 2925 rebus
3756 2869 3847 2924 lo-

2188 2959 2452 3031 quimur,
2478 2960 2583 3016 sed
2603 2961 2919 3017 manifeste
2939 2959 3014 3016 ad
3034 2960 3149 3016 hoc
3176 2975 3369 3031 usque
3408 2963 3666 3031 tempus.
3699 2960 3848 3014 Nam

2187 3050 2300 3107 hoc
2331 3057 2420 3107 est
2450 3050 2610 3123 quod
2639 3051 3023 3123 praedicatur,
3055 3057 3115 3106 et
3144 3051 3247 3117 ita,
3282 3051 3507 3122 inquit,
3563 3066 3665 3105 vos
3710 3067 3848 3105 cum

2187 3139 2322 3195 aliis
2353 3139 2692 3196 credidistis
2726 3156 2740 3195 :
2773 3145 2833 3197 et
2860 3141 3015 3196 hanc
3044 3139 3286 3195 illorum
3320 3138 3500 3195 fidem
3554 3143 3727 3195 vocat
3784 3139 3848 3193 in

2187 3232 2401 3285 testem
2433 3229 2716 3285 veritatis.
2747 3230 3138 3301 Nequaquam
3171 3229 3332 3284 enim
3367 3233 3592 3284 temere
3649 3227 3846 3284 credi-

2187 3317 2428 3374 dissetis
2458 3317 2835 3374 sermonibus
2864 3317 3033 3374 falsis
3062 3334 3132 3374 ac
3163 3315 3541 3390 deceptoriis,
3563 3317 3681 3372 nisi
3708 3333 3844 3388 per-

2189 3407 2348 3463 suasi
2377 3407 2643 3464 fuissetis
2671 3424 2810 3463 vera
2842 3424 2971 3463 esse
3004 3424 3136 3479 qum
3166 3406 3670 3479 praedicabantur.

2258 3497 2373 3565 XV,
2408 3500 2597 3553 12-15.
2633 3519 2663 3548 ‹‹
2693 3496 2859 3563 Quod
2890 3496 2939 3552 si
2961 3497 3229 3552 Christus
3253 3495 3616 3567 praedicatur
3640 3513 3675 3552 a
3696 3512 3850 3552 mor-

2191 3610 2219 3637 «
2254 3586 2373 3642 tuis
2403 3587 2801 3643 resurrexisse
2823 3603 2836 3641 :
2862 3584 3161 3658 quomodo
3193 3585 3405 3641 dicunt
3433 3584 3678 3657 quidam
3698 3584 3859 3641 inter

2191 3699 2220 3728 «
2250 3695 2350 3733 VOS
2380 3694 2500 3733 11011
2533 3694 2663 3735 esse
2695 3677 3198 3734 resurrectionem
3226 3681 3598 3731 mortuorum
3620 3674 3649 3730 ?
3708 3678 3853 3731 Nam

2193 3788 2222 3815 «
2256 3767 2305 3822 si
2337 3766 2694 3822 resurrectio
2727 3771 3101 3822 mortuorum
3129 3781 3251 3820 non
3283 3769 3394 3832 est,
3429 3780 3624 3835 neque
3655 3763 3860 3819 Chris—

2199 3875 2226 3907 ιι
2258 3860 2353 3910 tus
2382 3855 2729 3910 resurrexit.
2763 3854 2931 3920 Quod
2958 3855 3008 3910 si
3037 3853 3306 3908 Christus
3339 3869 3463 3907 non
3506 3852 3856 3920 resurrexit,

2197 3967 2226 3997 κ
2257 3946 2454 4002 inanis
2486 3962 2627 4002 sane
2657 3951 2748 4001 est
2777 3945 3122 4017 praedicatio
3153 3948 3380 4009 nostra,
3414 3941 3614 3999 inanis
3652 3947 3853 3997 autem

2202 4053 2226 4084 ι
2260 4040 2351 4090 est
2386 4041 2445 4091 et
2474 4034 2622 4091 fides
2653 4039 2876 4090 nostra.
2909 4033 3264 4106 Reperimur
3320 4033 3471 4089 571
3535 4037 3737 4086 autem
3799 4037 3859 4087 et

2198 4148 2227 4175 ‹‹
2258 4125 2394 4181 falsi
2425 4130 2608 4181 testes
2632 4125 2733 4180 Dei
2770 4142 2783 4179 :
2818 4124 3105 4196 quoniam
3163 4123 3466 4179 testificati
3522 4138 3729 4177 sumus
3782 4122 3855 4177 de

2198 4238 2226 4267 «
2260 4217 2400 4283 Deo,
2434 4215 2594 4287 quod
2624 4214 2967 4272 excitaverit
2995 4213 3317 4275 Christum,
3353 4228 3533 4283 quem
3556 4227 3676 4266 non
3703 4209 3859 4265 exci.

2199 4327 2226 4356 ‹‹
2262 4305 2424 4373 tavit,
2457 4305 2505 4361 si
2537 4310 2696 4361 certe
2726 4304 2948 4360 mortui
2980 4320 3101 4359 non
3134 4308 3475 4375 resurgunt.
3515 4322 3543 4350 »

2271 4396 2503 4467 Optime
2558 4395 2839 4451 adversus
2925 4393 3058 4450 illos
3114 4393 3522 4449 ratiocinatur.
3596 4390 3857 4447 Primum

2200 4485 2362 4540 enim
2393 4484 2718 4541 ostendens
2770 4483 2931 4555 quod
2987 4483 3258 4538 Christus
3314 4480 3729 4547 resurrexerit,
3790 4496 3861 4535 ex

2202 4573 2332 4644 ejus
2354 4574 2827 4629 ressurrectione
2858 4588 3240 4629 communem
3273 4572 3453 4628 etiam
3470 4570 3858 4625 resurrectio-

431 4653 595 4728 μένου
625 4655 857 4711 πάντοτε
887 4657 980 4710 καὶ
1008 4656 1228 4717 πάντως
1273 4657 1374 4710 τοῦ
1427 4652 1564 4709 ὅλου
1622 4661 1701 4729 τῷ
1761 4655 1935 4731 μέρει,
1994 4659 2080 4714 καὶ

2202 4643 2340 4717 nem
2368 4661 2703 4729 confirmat,
2724 4666 3009 4732 tanquam
3025 4661 3248 4732 ubique
3264 4666 3322 4715 et
3348 4661 3410 4714 in
3460 4658 3744 4714 omntbus
3777 4662 3863 4712 to-

424 4747 498 4818 τῇ
550 4743 764 4823 κεφαλῆ
820 4748 918 4800 τοῦ
1004 4743 1210 4800 λοιποῦ
1250 4745 1527 4817 σώματος.
1597 4769 1625 4798 ‹‹
1686 4749 1809 4809 Πῶς
1863 4745 2086 4823 λέγουσι

429 4855 570 4898 τινες
604 4830 657 4892 ἔν
690 4837 838 4910 ύμῖν.
872 4862 901 4888 ››
958 4838 1102 4913 "Ope;
1154 4842 1272 4898 πῶς
1329 4837 1391 4891 ού
1442 4837 1578 4892 κατὰ
1634 4838 1850 4894 πάντων
1905 4846 2090 4895 ποιεῖ-

431 4946 521 4979 ται
547 4928 650 4996 τὴν
685 4927 1039 5001 κατηγορίαν,
1095 4926 1188 4981 ἳνα
1240 4928 1316 4999 μή
1375 4925 1865 5005 ἀναιχυντοτέρους
1923 4931 2086 5006 ἒργά-

430 5035 612 5086 σηται.
675 5039 705 5068 ιι
740 5014 809 5072 Εἴ
864 5013 921 5071 δὲ
978 5016 1261 5076 ἀνάστασις
1317 5019 1519 5086 νεκρῶν
1575 5017 1677 5071 οὐκ
1715 5011 1879 5074 ἔστιν.
1916 5021 2086 5078 «Ἵνα

432 5107 509 5179 μή
545 5102 774 5181 λέγωσιν
805 5104 891 5161 ὅτι
923 5106 951 5161 ὁ
987 5105 1082 5179 μὶν
1107 5105 1340 5181 Χριστὸς
1368 5106 1771 5180 ἓγήγερται,οὐ
1792 5108 1901 5181 μὴν
1933 5102 2083 5165 ἔσται

424 5194 517 5249 καὶ
576 5192 848 5263 κατολικὴ
933 5192 1241 5262 ἀνάστασις,
1324 5194 1390 5249 ἓκ
1470 5196 1568 5249 τοῦ
1626 5194 1870 5251 ἐναντίου
1927 5217 2086 5254 κατα-

426 5283 672 5353 σκευάζει
732 5282 884 5338 αύτό.
963 5282 1029 5340 Εἰ
1114 5282 1423 5352 ἀνάστασις,
1510 5283 1697 5361 φησὶν,
1767 5284 1869 5341 οὐκ
1924 5283 2063 5341 ἔστιν

425 5368 557 5429 οὐδὲ
598 5373 838 5446 Χριστὸς
884 5374 1199 5450 ἒγτςγερται.
1257 5373 1523 5428 Ἕκαστον
1576 5374 1701 5449 γὰρ,
1771 5376 1926 5453 φησί,
1989 5381 2087 5433 τοῦ

425 5462 614 5537 ὲτὲρου
670 5462 1162 5519 κατασκευαστικὸν
1228 5462 1319 5518 καὶ
1367 5459 1749 5519 ἀποδεικτικὸν
1797 5466 2083 5543 τυγχάνει.

427 5575 457 5602 ι(
490 5549 559 5608 Εἴ
606 5547 665 5606 δὲ
704 5551 941 5626 Χριστὸς
972 5549 1075 5606 οὐκ
1126 5552 1440 5625 ⁷εγτςγερται.
1489 5572 1516 5605 ι
1573 5550 1688 5609 Οὐκ
1743 5551 1910 5621 εἶπεν,
1971 5554 2087 5614 Οὐκ

425 5639 740 5712 ξσαρκώθη,
770 5637 925 5710 ἀλλ’,
957 5664 985 5691 ‹‹
1018 5637 1133 5696 Ούκ
1160 5639 1477 5715 ἐγήγερται·
1509 5660 1539 5691 ››
1595 5635 1807 5705 δεικνὺς
1844 5643 1931 5698 καὶ
1985 5644 2086 5714 τὴν

430 5726 700 5802 σάρκωσιν
740 5732 810 5803 τῇ
870 5729 1153 5783 ἀναστάσει
1215 5732 1504 5807 συνῆφθαι,
1533 5728 1625 5783 καὶ
1656 5727 1748 5785 8ιά
1801 5736 1964 5787 τοῦτο
1995 5753 2083 5789 σεο

2197 4756 2323 4805 tum
2345 4755 2631 4822 sequatur
2652 4756 2904 4822 partem,
2928 4756 2987 4805 et
3024 4749 3325 4820 reliquum
3380 4762 3596 4818 corpus
3629 4762 3856 4816 sequa-

2200 4844 2295 4894 tur
2323 4844 2521 4911 caput.
2555 4862 2583 4889 «
2616 4838 2922 4905 Quomodo
2952 4839 3159 4894 dicunt
3186 4836 3430 4908 quidam
3463 4834 3621 4890 inter
3674 4851 3794 4888 vos.
3833 4856 3862 4885 ι»

2197 4928 2523 4985 Considera
2551 4928 2710 5001 quod
2742 4946 2863 4984 non
2886 4928 3170 4984 adversus
3200 4942 3412 4981 omnes
3436 4923 3659 4979 formet
3687 4939 3867 4979 accu-

2198 5019 2513 5087 sationem,
2546 5035 2621 5074 ne
2654 5019 2906 5074 nimium
2936 5034 3037 5074 eos
3069 5016 3428 5088 pudefaciat.
3466 5038 3494 5065 ‹‹
3526 5014 3671 5071 Nam
3704 5013 3754 5068 si
3770 5029 3863 5068 re-

2198 5108 2487 5165 surrectio
2517 5113 2889 5164 mortuorum
2922 5124 3042 5164 non
3076 5113 3186 5163 est.
3225 5130 3252 5156 ››
3281 5109 3362 5161 Ne
3410 5104 3636 5169 dicant,
3687 5102 3862 5158 Chri-

2197 5204 2322 5254 stus
2346 5198 2587 5270 quidem
2606 5197 3139 5269 resurrexit,atqui
3164 5212 3289 5252 non
3335 5195 3451 5251 erit
3497 5193 3859 5250 universalis

2197 5289 2466 5345 omnium
2486 5287 2844 5343 resurrectio
2871 5304 2962 5343 :ex
2987 5287 3261 5359 opposito
3285 5285 3434 5341 illud
3450 5282 3855 5340 conﬁrmat.Si

2195 5378 2574 5446 resurrectio,
2594 5378 2939 5449 inquit,non
2987 5382 3300 5449 est,neque
3349 5375 3618 5431 Christus
3662 5391 3859 5430 resur-

2194 5467 2380 5523 rexit:
2405 5485 2539 5523 nam
2555 5469 2844 5524 utrumvis
2861 5467 3112 5525 alterius
3142 5465 3621 5522 conﬁrmativum
3667 5469 3758 5518 est
3787 5480 3856 5519 ac

2194 5557 2786 5614 demonstrativum.«
2802 5556 2970 5624 Quod
2985 5557 3034 5613 si
3049 5556 3318 5612 Christus
3332 5572 3453 5611 non
3470 5550 3854 5610 resurrexit.»

2192 5646 2320 5702 Non
2334 5644 2513 5703 dixit:
2533 5648 2659 5702 Non
2683 5646 3167 5714 estincarnatus;
3191 5645 3317 5713 sed,
3351 5666 3381 5695 «
3411 5644 3536 5699 Non
3574 5654 3853 5694 resurre-

2192 5734 2299 5803 xit,
2334 5758 2362 5784 »
2379 5735 2705 5792 ostendens
2726 5736 2907 5794 etiam
2934 5734 3407 5793 incarnationem
3425 5726 3853 5788 resurrectioni
