4080 6382
285 416 401 480 86Ἲ

1405 405 1830 469 ωϐυΜΕΝῐί
1873 401 2181 466 TMCCE
2225 404 2597 468 EPISCOPI.

283 549 661 621 conjunctam
696 558 845 607 esse,
880 547 937 598 et
967 539 1040 598 ob
1064 540 1124 596 id
1153 540 1351 614 ipsum
1390 540 1767 596 incarnatum
1799 550 1927 592 esse

2043 536 2362 616 σαρχῷσθαι
2418 535 2580 593 αὑτὸν
2612 580 2628 606 ,

279 646 347 696 ut
376 634 870 694 resurrectionem
903 629 1305 687 confirmaret.
1341 650 1368 678 ‹‹
1400 628 1600 683 Inanis
1623 631 1821 682 autem
1843 629 1931 680 est

3583 405 3702 470 868

2696 536 2786 593 ⁴ίνα
2839 537 2939 606 τήν
2999 536 3287 593 ἀνάστασιν
3345 539 3689 615 κατορθώσῃ.

2045 650 2070 675 ιι
2104 627 2241 695 Κενή
2272 626 2328 681 δὲ
2361 628 2463 684 Καὶ
2492 630 2527 697 ἡ
2559 627 2738 691 πίστις
2779 629 2964 701 ἡμῶν.
2993 651 3021 680 »
3076 627 3220 683 Ὠσεὶ
3251 628 3418 695 εἶπεν,
3450 634 3699 686 ’Ἄπι-ιτα

278 733 334 783 et
368 727 515 782 fides
543 728 769 779 nostra.
804 745 831 771 »
868 727 941 777 Ac
972 720 1019 775 si
1052 718 1300 775 dixisset
1328 735 1342 773 :
1376 717 1588 774 Omnia
1625 716 1927 787 perierunt

2041 712 2304 769 ἀπόλωλε
2333 716 2420 771 καὶ
2459 717 2860 790 μεματαίωται,
2909 717 2971 771 τὸ
3026 718 3287 795 κήρυγμα
3340 720 3477 791 ἡμῖν
3535 720 3626 773 καὶ
3658 721 3694 789 ἡ

280 823 336 874 et
366 833 513 872 vana
545 816 697 872 facta
730 818 888 870 sunt.
920 818 1041 868 tam
1071 809 1414 883 praedicatio
1475 813 1700 875 nostra,
1750 822 1930 878 quam

280 907 427 965 ﬁdes
459 911 685 963 nostra.
724 930 744 954 -
780 903 934 961 Falsi
966 908 1146 959 testes
1179 899 1301 958 Dei.
1338 920 1363 951 ν
1413 901 1530 957 Nec
1586 897 1782 955 solum
1838 913 1930 952 va-

280 1014 448 1066 num,
482 994 588 1052 sed
619 1000 908 1068 praeterea
936 990 1113 1048 etiam
1146 989 1396 1064 impium
1430 995 1539 1056 est,
1578 986 1795 1060 inquit,
1819 1002 1930 1042 nos

280 1089 459 1144 Deum
516 1082 870 1141 calumniari
930 1079 1181 1137 dicendo
1240 1079 1470 1151 aliquid
1526 1093 1662 1133 eum
1717 1075 1929 1131 fecisse

276 1176 439 1250 quod
469 1191 591 1231 non
623 1173 780 1230 fecit.

345 1265 461 1335 XV,
497 1268 682 1320 16-19.
718 1287 746 1314 ‹‹
780 1260 1017 1318 Etenim
1050 1260 1099 1316 si
1143 1259 1360 1315 mortui
1412 1274 1536 1314 non
1587 1259 1927 1326 resurgunt,

276 1381 304 1409 ‹‹
341 1374 532 1429 neque
565 1355 831 1413 Christus
856 1352 1198 1409 resurrexit.
1234 1348 1399 1417 Quod
1432 1350 1478 1405 si
1511 1350 1777 1404 Christus
1805 1361 1926 1402 non

280 1471 301 1498 ι
338 1445 685 1512 resurrexit,
719 1459 1157 1517 supervacanea
1187 1445 1275 1496 est
1307 1439 1455 1496 fides
1486 1444 1678 1494 vestra
1704 1435 1927 1493 :adhuc

278 1559 305 1587 ‹‹
339 1535 481 1593 estis
512 1535 575 1592 in
608 1534 865 1608 peccatis
895 1531 1124 1588 vestris.
1156 1530 1341 1603 Igitur
1360 1535 1418 1584 et
1439 1528 1539 1600 qui
1555 1525 1929 1583 dormierunt

277 1648 303 1675 ‹‹
338 1625 399 1681 in
427 1622 682 1688 Christo,
713 1620 1039 1694 perierunt.
1072 1621 1129 1676 Si
1160 1620 1223 1676 in
1242 1620 1354 1675 hac
1377 1624 1605 1674 tantum
1621 1617 1738 1672 vita
1759 1630 1926 1688 spem

277 1734 304 1766 ιι
338 1712 399 1770 in
429 1712 662 1769 Christo
697 1711 874 1767 fixam
906 1709 1220 1776 habemus,
1246 1707 1502 1765 maxime
1553 1704 1925 1762 miserabiles

272 1826 301 1856 ‹‹
336 1801 604 1861 omnium
636 1801 951 1857 hominum
985 1816 1209 1857 sumus.
1245 1822 1273 1848 ››

2041 803 2225 865 πίστις
2266 805 2446 876 ἡμῶν.
2510 830 2536 857 ‹‹
2570 803 3036 881 Ψευδομάρτυρες
3089 811 3189 863 τοῦ
3247 809 3401 867 Θεοῦ.
3437 831 3465 859 ››
3499 807 3600 864 Καὶ
3634 808 3698 863 οὗ

2045 890 2208 964 μόνον
2261 893 2507 966 μάταιον,
2563 892 2710 951 ἀλλὰ
2764 895 2855 951 καί
2902 893 3093 959 ἃλλως
3152 895 3390 967 ἀνόσιον,
3440 897 3595 976 φησὶ,
3630 897 3694 953 τὸ

2040 990 2393 1126 Ξυκνῖφαντεῖν
2428 988 2574 1059 ἡμᾶς
2605 987 2697 1043 τὸν
2745 986 2898 1064 Θεὸν,
2930 988 3013 1042 ’ὁτι
3042 987 3267 1060 ἐποίησε
3322 1007 3373 1043 τι
3406 988 3538 1064 ὅπερ
3591 991 3691 1045 οὐκ

2065 1093 2141 1126 πο
2169 1094 2315 1126 ησεν.

2065 1071 2315 1144 ποίησεν.

2113 1277 2137 1309 ι
2182 1255 2390 1333 Εἷ¹γὰρ
2447 1257 2631 1327 νεκροὶ
2697 1258 2800 1314 οὐκ
2864 1257 3192 1335 ἐγείρονται,
3262 1256 3388 1315 οΰδὶ
3453 1261 3685 1337 Χριστὸς

2039 1342 2326 1421 ἐγήγερται
2363 1390 2377 1403 .
2440 1343 2502 1402 Ei
2563 1342 2620 1400 δέ
2673 1346 2903 1420 Χριστὸς
2961 1345 3060 1402 οὐκ
3116 1345 3426 1422 ἐγήγερται,
3489 1346 3694 1421 ματαία

2103 1433 2286 1494 πίστις
2331 1433 2507 1507 ὑμῶν’
2569 1430 2646 1489 ἔτι
2707 1433 2827 1491 ἐστὶ
2885 1434 2937 1490 ἐν
2991 1440 3109 1497 ταῖς
3172 1436 3467 1510 ἁμαρτίαις
3513 1437 3687 1511 ὑμῶν.

2032 1526 2170 1599 Ἀρα
2251 1524 2455 1579 καὶοὶ
2538 1524 2896 1601 κοιμηθέντες
2982 1524 3034 1581 ἐν
3115 1530 3335 1600 Χριστῷ
3394 1523 3687 1581 ἀπώλοντο

2034 1609 2100 1670 Ei
2158 1609 2209 1667 ἐν
2273 1616 2343 1687 τῇ
2414 1615 2528 1691 ζωῇ
2594 1614 2764 1691 ταύτῃ
2831 1612 3134 1685 ἠλπικότες
3192 1614 3375 1688 ἒσμὶν,
3446 1615 3499 1671 ἐν
3553 1617 3688 1692 Χρι-

2036 1702 2147 1773 στῷ
2250 1701 2464 1774 μόνον,
2568 1699 2924 1775 ἐλεεινότεροι
3045 1704 3260 1759 πάντων
3389 1703 3692 1779 ἀνθρώπων

2036 1787 2217 1863 ἐσμὲν.
2256 1814 2285 1842 ι)

343 1887 549 1946 Fidem
580 1889 860 1944 innititur
888 1887 1127 1943 rationi.
1180 1888 1518 1959 Propterea,
1564 1883 1780 1956 inquit,
1830 1899 1927 1939 re-

2110 1878 2281 1935 Πάλιν
2312 1883 2419 1979 ,τῷ
2480 1879 2626 1954 αὐτῷ
2661 1876 3080 1979 ’ἐπαγωνίζεται
3139 1880 3319 1960 λόγῳ·
3380 1881 3477 1939 Διὰ
3529 1886 3694 1941 τοῦτο

278 1977 1041 2045 surrexit,utuniversa1em
1066 1979 1352 2032 statueret
1388 1973 1923 2030 resurrectionem:

280 2067 440 2141 quod
472 2066 520 2122 si
549 2066 906 2123 resurrectio
939 2082 1060 2121 non
1092 2071 1200 2130 est,
1236 2070 1395 2120 certe
1426 2079 1623 2135 neque
1654 2063 1780 2135 ipse
1828 2078 1924 2118 re-

276 2157 552 2213 surrexit.
584 2180 609 2206 ιι
645 2154 735 2212 Ad
767 2172 841 2211 ne
873 2155 1016 2211 estis
1042 2154 1102 2209 in
1134 2155 1391 2226 peccatis
1421 2154 1649 2210 vestris.
1700 2175 1727 2201 »
1779 2153 1923 2207 Nam

273 2245 321 2300 si
355 2245 482 2319 ipse
513 2261 751 2319 quoque
784 2244 1061 2299 detentus
1120 2248 1211 2300 est
1267 2259 1300 2299 a
1354 2248 1566 2310 morte,
1627 2239 1925 2315 quomodo

271 2340 518 2392 caeteros
534 2333 1031 2393 omnesliberavit
1053 2351 1084 2389 ιι
1106 2339 1317 2400 morte,
1347 2350 1479 2408 quas
1517 2338 1761 2406 propter
1790 2346 1925 2404 pec-

272 2431 470 2483 catum
504 2426 658 2482 facta
689 2425 820 2483 est?
839 2425 1290 2497 Consequenter
1319 2440 1454 2498 ergo
1486 2439 1682 2495 neque
1723 2437 1928 2496 pecca—

268 2519 398 2572 tum
429 2515 642 2574 Christi
677 2520 868 2573 morte
898 2515 1165 2572 deletum
1198 2520 1288 2572 est
1322 2532 1335 2569 :
1367 2531 1508 2570 nam
1566 2513 1611 2569 si
1663 2512 1925 2569 deletum

274 2610 452 2674 esset,
483 2606 690 2679 utique
723 2622 884 2661 mors
918 2604 1071 2662 572
1136 2604 1315 2660 etiam
1374 2619 1505 2677 quae
1557 2618 1665 2676 per
1730 2601 1926 2674 ipsum

276 2701 401 2751 erat
428 2696 689 2752 extincta
746 2701 939 2753 esset:
998 2694 1156 2767 quod
1215 2693 1265 2750 si
1317 2693 1430 2749 hoc
1475 2692 1699 2749 factum
1749 2695 1926 2757 esset,

273 2785 633 2858 oportuisset
663 2783 908 2843 omnino
943 2799 1080 2840 eum
1113 2783 1215 2856 qui
1246 2782 1396 2839 alios
1428 2799 1464 2839 a
1488 2788 1679 2838 morte
1709 2779 1929 2836 libera-

268 2879 383 2943 ret,
414 2872 676 2946 primum
708 2870 1128 2940 resurrexisse,
1164 2876 1223 2927 et
1251 2870 1385 2927 aliis
1416 2870 1630 2927 ducem
1666 2868 1795 2926 ﬂeri
1855 2867 1926 2924 ad

268 2963 790 3019 resurrectionem.
852 2985 881 3013 ‹‹
947 2962 1128 3033 Igitur
1186 2965 1242 3016 et
1298 2959 1400 3033 qui
1454 2957 1825 3016 dormierunt
1865 2959 1927 3015 in

266 3051 520 3117 Christo,
555 3051 883 3127 perierunt.
916 3071 944 3103 ι
981 3052 1093 3107 Per
1122 3065 1344 3105 nomen
1402 3047 1780 3105 dormitionis
1828 3065 1925 3105 re-

270 3141 706 3199 surrectionem
738 3139 1026 3197 insinuat.
1059 3139 1167 3206 Qui
1201 3145 1445 3214 propter
1473 3138 1797 3203 Christum,
1830 3137 1926 3194 in-

271 3231 416 3305 quit,
445 3230 663 3290 mortui
686 3236 845 3296 sunt,
871 3231 969 3304 qui
1001 3228 1219 3286 multos
1269 3230 1718 3289 exantlaverunt
1756 3227 1924 3285 labo-

268 3337 386 3381 res.
412 3327 471 3377 et
493 3321 811 3378 innumera
831 3320 1244 3375 sustinuerunt
1264 3320 1552 3395 pericula,
1576 3320 1883 3392 perierunt
1907 3334 1919 3374 :

271 3411 429 3484 quod
461 3408 785 3465 absurdum
818 3415 996 3478 esset,
1048 3425 1263 3483 nempe
1320 3408 1570 3482 periisse
1628 3409 1763 3464 illos
1824 3408 1923 3482 qui

266 3500 723 3574 propteripsum
748 3499 963 3555 mortui
991 3504 1148 3556 sunt.
1177 3498 1405 3571 Ubique
1430 3499 1589 3555 enim
1633 3500 1926 3554 rationem

268 3588 343 3647 ad
375 3588 434 3646 id
459 3589 617 3664 quod
635 3589 961 3645 absurdum
985 3594 1076 3645 est
1095 3589 1353 3647 deducit.
1385 3612 1412 3641 ι(
1437 3589 1493 3645 Si
1543 3590 1604 3645 in
1650 3590 1761 3645 hac
1793 3593 1929 3644 tan-

272 3683 398 3735 tum
434 3679 571 3735 vita.
608 3701 637 3730 ››
670 3679 723 3734 Si
756 3679 905 3750 haec,
938 3679 1154 3755 inquit,
1188 3679 1305 3734 vita
1362 3676 1651 3735 duntaxat
1707 3677 1926 3736 durant

270 3775 495 3838 nostra,
523 3773 579 3824 et
603 3768 662 3824 in
684 3768 840 3825 hanc
863 3768 1053 3826 solam
1076 3768 1360 3826 conclusa
1412 3774 1548 3825 sunt
1588 3768 1761 3825 nobis
1793 3786 1924 3842 quin

276 3876 609 3934 speramus,
633 3858 837 3915 miseri
864 3876 1091 3915 sumus.
1126 3857 1432 3930 Siquidem
1454 3863 1641 3915 totum
1665 3857 1926 3932 perdidi—

276 3966 429 4018 mus,
450 3949 589 4005 dum
615 3946 815 4007 futura
836 3948 1218 4020 perdidimus.
1247 3949 1316 4003 Et
1340 3948 1483 4022 quid
1521 3947 1675 4017 dico,
1708 3949 1925 4021 inquit,

274 4038 433 4111 quod
460 4039 522 4093 in
553 4038 663 4093 hac
693 4039 814 4094 vita
839 4055 1077 4111 sperare
1108 4036 1483 4094 miserandos
1540 4036 1685 4094 facit
1711 4037 1740 4093 Ἰ
1784 4040 1929 4096 Nam

276 4130 323 4188 si
357 4129 537 4186 etiam
569 4129 629 4184 in
660 4128 959 4185 Christum
992 4147 1301 4203 speramus
1332 4132 1393 4186 in
1424 4130 1534 4185 hac
1584 4134 1816 4185 tantum
1846 4131 1929 4184 vi-

276 4226 354 4288 ta,
388 4220 498 4275 hoc
528 4237 763 4292 quoque
800 4218 975 4277 modo
1000 4219 1200 4277 miseri
1230 4237 1460 4276 sumus.
1496 4219 1550 4275 Si
1586 4220 1747 4277 enim
1797 4225 1932 4293 post

273 4317 470 4367 tantos
502 4311 735 4367 labores
767 4316 827 4368 et
856 4310 1144 4386 pericula,
1184 4310 1369 4382 hujus
1400 4314 1632 4367 tantum
1662 4310 1794 4366 vita:
1825 4311 1930 4369 ha-

272 4399 547 4456 bebimus
578 4400 756 4474 bona,
784 4400 963 4457 etiam
992 4400 1121 4459 haec
1152 4404 1333 4456 erunt
1362 4399 1635 4455 laborum
1675 4400 1933 4456 retribu-

276 4490 492 4546 tiones.

342 4578 456 4647 XV,
493 4580 682 4635 20-24.
725 4599 747 4628 α
780 4580 947 4635 Nunc
979 4585 1179 4635 autem
1224 4577 1496 4635 Christus
1558 4580 1814 4636 surrexit
1863 4597 1932 4636 ex

2034 1968 2140 2043 γὰρ
2196 1967 2383 2049 φησὶν,
2416 1968 2634 2038 ἀνέστη,
2661 1967 2758 2024 ’ίνα
2787 1967 3092 2040 καθολικήν
3143 1972 3424 2027 ἀνάστασιν
3458 1975 3691 2051 ποιήσῃ.

2032 2056 2097 2115 Εἴ
2126 2055 2184 2113 δὶ
2216 2058 2502 2119 ἀνάστασις
2556 2058 2655 2115 ούκ
2703 2052 2867 2132 ἔστιν,
2936 2058 3040 2136 ἄρα
3090 2057 3215 2115 οὐδὲ
3274 2060 3438 2126 αὐτὸς
3495 2061 3689 2133 ἀνέστη

2035 2142 2355 2203 «Ἓτιὲστὶ
2399 2147 2452 2202 ἐν
2509 2154 2627 2211 ταῖς
2685 2147 2955 2223 ἁμαρτίας
3008 2149 3186 2223 ὑμῶν.
3223 2174 3245 2202 ι
3309 2151 3371 2207 Εἰ
3430 2151 3536 2229 γὰρ
3591 2150 3684 2206 καὶ

2030 2237 2193 2300 αὐτὸς
2222 2237 2523 2314 κατεσχέθη
2559 2237 2663 2293 ὑπὸ
2701 2243 2800 2293 τοῦ
2838 2238 3088 2309 θανᾶτου,
3130 2244 3251 2304 πῶς
3295 2238 3425 2304 τοὺς
3480 2237 3689 2304 ἄλλους

2031 2324 2268 2393 ἅπαντας
2315 2326 2585 2405 ἆπὲλλαξε
2642 2330 2896 2399 θανάτου,
2952 2334 3050 2385 τοῦ
3110 2328 3199 2387 διὰ
3249 2332 3349 2401 τὴν
3420 2330 3689 2408 ἁμαρτίαν

2030 2421 2329 2500 γεγονότος
2361 2440 2374 2493 ;
2410 2418 2765 2485 Ἀκολούθως
2820 2424 3140 2499 τοιγαροῦν,
3191 2418 3320 2478 οὐδὶ
3378 2423 3413 2492 ἡ
3449 2421 3692 2497 ἁμαρτία

2027 2516 2108 2585 τῷ
2157 2511 2374 2587 σταύρῷ
2423 2514 2521 2566 τού
2554 2512 2794 2587 Χριστοῦ
2862 2510 3154 2584 ἀνήρηται.
3192 2509 3255 2567 Ei
3284 2511 3386 2586 γὰρ
3420 2510 3688 2588 ἀνῄρητο,

2029 2599 2277 2676 ἀνῄρητο
2311 2597 2371 2655 ἂν
2403 2599 2494 2656 καῖ
2521 2600 2548 2655 ὁ
2584 2597 2655 2656 δι’
2684 2600 2853 2667 αΰτῆς
2881 2600 3132 2665 θάνατος.
3168 2601 3228 2658 Εἰ
3262 2597 3319 2656 δὲ
3349 2605 3510 2658 τοῦτο
3568 2603 3688 2680 ἐγε-

2030 2691 2199 2767 γόνει,
2232 2686 2339 2746 ἔδει
2364 2689 2581 2752 πάντως
2611 2688 2702 2746 τὸν
2735 2691 2824 2745 καὶ
2856 2689 2985 2753 τοὺς
3009 2686 3216 2755 ἄλλους
3244 2691 3475 2747 θανάτου
3507 2689 3694 2747 διπαλ-

2031 2779 2283 2851 λάξαντα,
2317 2778 2477 2835 αὐτὸν
2520 2783 2742 2854 πρῶτον
2802 2778 3117 2851 ἀναστῆναι,
3176 2778 3268 2835 καὶ
3316 2775 3521 2857 ὁδηγὸν
3571 2785 3691 2843 τοῖς

2030 2864 2230 2931 ἄλλοις
2257 2866 2499 2945 γενέσθαι
2529 2868 2666 2943 πρὸς
2727 2868 2826 2937 τὴν
2888 2867 3197 2925 ἀνάστασιν.
3264 2893 3286 2921 ιι
3318 2872 3459 2945 Ἀρα
3510 2869 3601 2924 καὶ
3632 2871 3687 2925 οἳ

2028 2956 2387 3032 κοιμηθέντες
2419 2955 2471 3012 ἐν
2503 2959 2721 3033 Χριστῷ
2763 2954 3077 3018 ἆπῷλοντο.
3116 2981 3144 3011 ››
3200 2959 3294 3030 Τῷ
3326 2957 3553 3033 ὀνόματι
3583 2965 3690 3029 τῆς

2029 3050 2347 3123 κοιμήσεως
2406 3049 2508 3119 τήν
2563 3047 2851 3104 ἀνάστασιν
2906 3055 3289 3125 προσηγεῖται.
3346 3046 3413 3108 Οἳ
3474 3046 3565 3105 διὰ
3590 3048 3689 3106 τὸν

2031 3137 2279 3214 Χριστὸν,
2314 3139 2498 3217 φησὶν,
2530 3135 2892 3201 ἀποθανόντες
2929 3184 2942 3208 ,
2976 3139 3028 3195 οἳ
3056 3136 3185 3202 τοὺς
3215 3137 3467 3204 πολλοὺς
3499 3137 3685 3195 διανύ-

2036 3249 2218 3291 σαντες
2249 3227 2549 3303 καμάτους,
2579 3227 2668 3283 καὶ
2724 3226 2853 3291 τοὺς
2914 3226 3140 3305 μυρίους
3201 3228 3688 3304 ὕπομεμενηκότες

2034 3315 2338 3387 κινδύνους,
2394 3314 2708 3387 ἀπώλοντο,
2758 3314 2891 3393 ὅπερ
2949 3314 3156 3372 ἄτοπον
3221 3317 3332 3389 ἦν,
3384 3317 3685 3384 ἀπολέσθαι

2031 3408 2159 3469 τοὺς
2192 3405 2261 3462 δι’
2293 3406 2452 3463 αὐτὸν
2491 3407 2878 3468 ἀποθανόντας.
2932 3409 3222 3488 Πανταιχοῦ
3271 3410 3376 3484 γὰρ
3434 3406 3527 3463 ἐπί
3586 3411 3688 3479 τὴν

2034 3497 2111 3561 εἷς
2162 3495 2363 3552 ἄτοπον
2419 3495 2718 3571 ἀπαγωγήν
2801 3491 3067 3571 πρόεισιν.
3126 3516 3153 3549 ιι
3189 3495 3252 3555 Εἰ
3312 3496 3364 3553 ἐν
3430 3501 3499 3572 τῇ
3571 3501 3688 3572 ζωῇ

2032 3585 2201 3660 ταύτῃ
2244 3583 2566 3655 ἠλπικότες.
2603 3609 2630 3636 ››
2677 3585 2742 3642 Ei
2786 3582 2941 3660 ἄχρι,
2997 3583 3153 3665 φησί,
3212 3593 3312 3656 τῆς
3370 3584 3479 3642 ὧδε
3538 3590 3690 3658 ζωῆς

2035 3673 2146 3731 ἐστι
2205 3675 2272 3731 τὰ
2356 3670 2620 3749 ἡμέτερα,
2688 3674 2779 3729 καὶ
2841 3672 2917 3741 είς
2975 3673 3179 3747 ταύτην
3248 3678 3421 3749 μόνην
3473 3675 3697 3752 περικέ-

2032 3761 2281 3820 κλειστσι
2337 3765 2474 3837 ἡμῖν
2531 3763 2599 3819 τὰ
2654 3766 2764 3819 τῶν
2830 3759 3091 3833 ἐλπίδων,
3152 3762 3337 3821 ἄθλιοί
3385 3762 3565 3840 ἐσμεν.
3625 3766 3701 3822 Τὸ

2037 3852 2138 3933 γὰρ
2197 3858 2300 3909 πᾶν
2360 3850 2745 3927 ἀπωλέσαμεν,
2800 3854 2868 3908 τὰ
2927 3851 3204 3926 μέλλοντα
3280 3851 3695 3919 ἆπωλέσαντες.

2036 3945 2137 4000 Καὶ
2183 3943 2238 3999 τί
2309 3938 2485 4019 λέγω,
2545 3943 2710 4018 φησὶν
2775 3942 2862 3999 ὅτι
2920 3944 2984 3999 τὸ
3041 3941 3282 4014 ἐλπίζειν
3339 3941 3391 4000 ἐν
3442 3948 3512 4020 τῇ
3572 3949 3694 4022 ζωῇ

2033 4031 2203 4108 ταύτῃ
2236 4029 2509 4094 ἐλεεινοὺς
2550 4036 2747 4101 ποιεῖ;
2810 4027 2871 4088 Εἴ
2924 4031 3029 4108 γὰρ
3088 4032 3180 4088 καὶ
3239 4032 3292 4089 ἐν
3326 4033 3543 4109 Χριστῷ
3600 4033 3694 4092 ἐλ-

2037 4120 2268 4196 πίζομεν
2299 4118 2353 4177 ἐν
2382 4121 2553 4197 ταύτῃ
2617 4121 2756 4196 μόνη
2785 4125 2853 4194 τῇ
2905 4123 3043 4194 ζωῇ,
3112 4124 3203 4179 καὶ
3272 4121 3444 4187 οὕτως
3505 4120 3694 4189 ἄθλιοί

2038 4211 2218 4287 ἐσμεν.
2269 4209 2335 4269 Et
2374 4212 2478 4288 γὰρ
2541 4210 2675 4284 μετὰ
2731 4209 3012 4284 καμάτους
3077 4209 3369 4276 τοσούτους
3426 4213 3518 4269 καὶ
3574 4235 3699 4270 κιν-

2040 4300 2253 4371 δύνους,
2286 4301 2418 4377 ἄχρι
2456 4300 2660 4371 ταύτης
2695 4306 2797 4370 τῆς
2824 4303 2970 4370 ζωῆς
3028 4303 3169 4375 ἡμῖν
3222 4297 3372 4359 ἔσται
3426 4307 3494 4359 τὰ
3524 4300 3698 4381 ἀγαθὰ

2037 4390 2129 4447 καὶ
2156 4390 2213 4446 αἱ
2243 4395 2350 4446 τῶν
2382 4389 2640 4465 καμάτων
2675 4385 2999 4453 ἀντιδόσεις.

2118 4611 2139 4641 ι
2193 4587 2323 4644 Νυνὶ
2356 4582 2412 4640 δὲ
2442 4584 2672 4659 Χριστὸς
2728 4580 3014 4662 ἐγήγερται
3081 4583 3144 4642 ὲκ
3198 4592 3402 4666 νεκρῶν
3464 4589 3688 4666 ἀπαρχὴ

278 4694 295 4717 ι
336 4668 627 4726 mortuis:
665 4667 945 4744 primitiae
977 4685 1183 4725 eorum
1216 4667 1316 4742 qui
1350 4664 1722 4724 dormierunt
1743 4668 1927 4726 factus

2040 4682 2146 4732 τῶν
2202 4652 2625 4750 κεκοιμημένων
2714 4652 2952 4750 ἐγένετο.
3018 4671 3245 4749 Ἐπειδή
3292 4652 3410 4753 ’γὰρ
3469 4677 3540 4733 δι’
3573 4652 3688 4731 'éil

271 4781 298 4809 ‹‹
335 4765 442 4816 est.
482 4760 773 4827 Quoniam
807 4758 967 4814 enim
995 4775 1100 4831 per
1143 4756 1451 4815 hominem
1483 4777 1690 4831 .mors,
1750 4761 1929 4817 etiam

276 4869 298 4901 ‹‹
333 4867 440 4922 per
464 4849 772 4905 hominem
803 4847 1161 4904 resurrectio
1192 4854 1585 4907 mortuorum.
1638 4849 1929 4916 Quemad-

273 4961 299 4985 ‹‹
334 4937 579 4994 modum
613 4938 774 4994 enim
806 4956 912 5011 per
934 4937 1125 4995 Adam
1158 4956 1368 4996 omnes
1396 4939 1853 5007 moriuntur,ita
1875 4946 1932 4994 et

272 5050 300 5076 ‹‹
335 5042 444 5100 per
474 5025 773 5082 Christum
807 5044 1017 5084 omnes
1035 5026 1493 5087 vivificabuntur
1517 5046 1531 5085 :
1559 5027 1932 5102 unusquispe

271 5120 533 5171 «autem
592 5113 653 5170 in
714 5116 957 5188 proprio
1007 5115 1219 5176 ordine
1279 5119 1559 5192 primitiaa
1640 5117 1928 5187 Christus,

273 5229 301 5254 ‹‹
337 5203 552 5263 deinde
585 5204 625 5262 ii
656 5207 755 5278 qui
790 5206 1005 5264 Christi
1038 5208 1261 5268 fuerint
1285 5213 1348 5269 in
1379 5212 1635 5269 adventu
1693 5210 1879 5286 ipsius
1915 5231 1927 5268 :

269 5316 296 5343 ‹‹
333 5312 471 5350 mox
502 5290 659 5364 finis,
694 5313 829 5352 cum
862 5298 1179 5357 tradiderit
1208 5319 1456 5376 regnum
1486 5302 1605 5359 Deo
1638 5306 1696 5359 et
1722 5301 1878 5357 Patri
1914 5319 1927 5359 :

274 5403 304 5436 ι(
336 5399 470 5439 cum
504 5381 830 5441 aboleverit
859 5402 1099 5444 omnem
1131 5389 1536 5463 principatum
1583 5395 1641 5446 et
1692 5407 1930 5447 omnem

274 5498 299 5521 ‹‹
335 5476 693 5545 potestatem
722 5491 789 5530 ac
820 5477 1119 5536 virtutem.
1154 5502 1182 5532 ››

344 5560 668 5635 Postquam
691 5561 897 5620 multis
922 5567 1114 5622 modis
1138 5569 1639 5627 resurrectionem
1655 5568 1930 5638 asseruit,

270 5658 712 5728 consequenter
742 5655 1113 5714 enuntiative
1144 5654 1438 5730 loquitur:
1463 5680 1487 5709 α
1514 5658 1799 5718 Primitias
1831 5676 1932 5717 eo-

272 5756 404 5797 rum
428 5744 528 5814 qui
553 5741 926 5800 dormierunt
952 5743 1143 5801 factus
1164 5751 1251 5801 est
1299 5770 1325 5798 ››
1361 5744 1525 5813 Quod
1575 5749 1622 5807 si
1656 5749 1933 5823 primitim

2042 4763 2266 4840 θρώπου
2326 4763 2353 4820 ὁ
2439 4763 2686 4832 Θάνατος,
2770 4760 2861 4817 καὶ
2933 4759 3003 4819 δι’
3060 4765 3351 4840 ανθρώπου
3408 4766 3690 4830 ἀνάστασις

2040 4855 2263 4930 νεκρῶν.
2302 4859 2504 4928 Ὥσπερ
2556 4852 2659 4928 γὰρ
2711 4851 2763 4907 ἐν
2822 4855 2901 4925 τῷ
2958 4848 3137 4930 Ἀδὰμ
3190 4857 3384 4921 πάντες
3442 4858 3696 4930 ἀποθνή-

2043 4965 2284 5014 σκουσιν,
2319 4940 2492 5005 οὕτως
2521 4941 2613 4998 καί
2643 4939 2696 4999 ἐν
2754 4947 2833 5017 τῷ
2890 4944 3109 5020 Χριστῷ
3160 4946 3352 5011 πάντες
3414 4950 3696 5019 ζωοποιη-

2042 5037 2321 5107 θήσονταν
2361 5033 2633 5118 Ἕκαστος
2668 5028 2726 5087 δὲ
2768 5027 2821 5086 ἐν
2876 5034 2957 5106 τῷ
3016 5029 3140 5108 ἰδίῳ
3168 5035 3430 5111 τάγματι,
3463 5035 3693 5118 ἀπαρχὴ

2039 5123 2326 5198 Χριστὸς,
2385 5113 2572 5178 ἔπειτα
2630 5122 2681 5176 oi
2738 5124 2833 5175 τοῦ
2886 5120 3123 5198 Χριστοῦ
3178 5120 3231 5179 ὲν
3296 5128 3363 5200 τῇ
3422 5113 3701 5202 παρουσίᾳ

2041 5212 2225 5270 αὐτοῦ.
2289 5211 2428 5269 Εἶτα
2478 5211 2541 5266 τὸ
2612 5208 2793 5271 τέλος.
2873 5208 3040 5270 Ὅταν
3099 5210 3327 5290 παραδῷ
3380 5216 3480 5287 τήν
3539 5218 3701 5292 βασι-

2041 5301 2191 5361 λείαν
2247 5302 2327 5373 τῷ
2387 5303 2504 5373 Θεῷ
2584 5299 2676 5355 καὶ
2737 5300 2959 5374 Πατρὶ,
3039 5302 3165 5359 ὅταν
3216 5306 3536 5382 καταργήσῃ
3594 5311 3699 5361 πᾶ.

2042 5415 2136 5449 σαν
2159 5390 2344 5469 ἀρχὴν
2380 5388 2469 5446 καὶ
2501 5395 2673 5444 πᾶσαν
2711 5386 2950 5459 ἐξουσίαν
2980 5391 3071 5447 καὶ
3094 5389 3346 5469 δύναμιν.
3375 5420 3402 5447 ››

2114 5564 2266 5626 Μετᾶ
2292 5563 2357 5620 τὸ
2388 5558 2698 5641 πολλαχῶς
2764 5561 3045 5637 ἀποδεῖξαι
3104 5569 3203 5638 τήν
3257 5567 3549 5626 ἀνάστασιν
3576 5569 3695 5626 λοι-

2042 5658 2143 5713 πὸν
2205 5654 2586 5732 ἆποφαντικῶς
2655 5649 2824 5730 λέγει·
2886 5654 3205 5735 α’Λπαρχή
3266 5658 3373 5715 τῶν
3432 5679 3699 5732 κεκοιμη.

2048 5746 2224 5821 μενων
2279 5741 2512 5819 ἐγένετο.
2559 5768 2586 5795 ››
2670 5742 2737 5800 Ei
2794 5740 2850 5799 δὶ
2908 5744 3134 5819 ἀπαρχή
3224 5746 3508 5823 γεγένηται
3568 5747 3702 5823 Χρι-
