4080 6374
248 448 253 455 ,
313 379 431 439 sae

1309 376 1722 440 COMMENT.
1763 374 1846 439 IN
1888 371 2137 437 EPIST.
2183 375 2212 435 Ι
2258 374 2362 435 AD
2403 372 2776 437 CORINTH.

3624 377 3747 442 8'10

311 506 439 569 στὸς
469 511 573 577 τῆς
602 506 971 580 ἀναστάσεως,
1022 504 1192 577 δῆλον
1244 506 1321 572 ὠς
1365 509 1457 564 καὶ
1506 508 1560 564 οἱ
1609 506 1800 565 λοιποὶ
1853 526 1975 562 συν-

2112 507 2546 563 esurrectionis
2577 506 2690 564 fuit
2714 508 3007 576 Christus,
3042 509 3429 566 manifestum
3459 515 3555 566 est
3583 512 3748 583 quod

317 597 719 672 εγερθήσονται.
785 598 1045 676 Ἀπαρχή
1133 598 1237 673 γὰρ
1296 597 1433 669 ἐστι,
1491 598 1555 653 τὸ
1638 596 1698 653 ἐκ
1753 593 1980 652 πολλῶν

317 682 410 740 ἕνα
465 685 587 741 τινα
640 683 768 741 τόδε
820 686 857 755 ἢ
910 683 1037 742 τόδε
1094 691 1323 755 ποιῆσαι
1378 686 1407 743 ’ὀ
1471 682 1738 759 μέλλουσι
1796 686 1883 740 καὶ
1931 684 1984 738 οἱ

319 773 519 832 λοιποί
571 781 774 832 ποιεῖν.
830 799 859 828 ιι
921 773 1146 844 Ἐπειδὴ
1200 775 1304 853 γάρ
1362 773 1436 831 δι’
1491 775 1777 851 ἀνθρώπου
1830 773 1984 830 60i-

318 884 500 926 νατος.
535 885 566 917 ἰ
597 866 694 934 Τῷ
721 862 997 939 εΐρημὲνῳ
1046 865 1139 919 καὶ
1192 864 1371 920 αίτίαν
1428 865 1811 938 προστίθησιν.
1872 862 1988 920 A6-

316 956 419 1026 τὴν
471 954 578 1030 γὰρ
632 946 767 1021 ἔδει,
844 952 1002 1031 φησί,
1061 954 1162 1025 τὴν
1237 955 1571 1024 ἡττηθεῖσαν
1642 951 1988 1028 ἀνθρωπίνην

320 1042 476 1121 φύσιν
556 1043 797 1115 νικῆσαι,
862 1042 954 1097 καί
1024 1043 1119 1098 τὸν
1203 1038 1617 1115 καταϐληθέντα
1704 1044 1989 1117 ἄνθρωπον

321 1132 787 1207 ἀναμαχήσασθαι
860 1129 953 1186 καί
1028 1129 1334 1201 ἐκνικῆσαι,
1409 1134 1502 1188 καὶ
1588 1132 1652 1187 τὸ
1729 1126 1989 1206 βραϐεῖον

324 1215 536 1277 λαϐεῖν.
596 1246 626 1273 ιι
659 1223 863 1289 Ὥσπερ
917 1222 1020 1297 γάρ
1051 1222 1105 1275 ἐν
1162 1224 1243 1293 τῷ
1283 1218 1479 1294 Ἀδάμ.
1512 1242 1540 1274 ιι
1598 1220 1991 1298 Έφερμηνεῦει

322 1310 386 1366 τὸ
456 1308 765 1385 εἰρημὶνον.
833 1312 1064 1386 Ὥσπερ,
1130 1312 1317 1389 φησὶν,
1395 1310 1424 1365 δ
1501 1310 1727 1375 θάνατος
1790 1306 1863 1364 δι’
1899 1309 1991 1363 άν-

323 1399 549 1470 θρώπου
608 1398 687 1464 είς
736 1399 830 1455 τὸν
893 1401 1099 1473 κόσμον
1168 1398 1442 1470 εἰσῆλθεν,
1503 1400 1678 1462 οὕτως
1735 1393 1847 1454 ἔδει
1900 1397 1993 1454 καὶ

321 1491 424 1561 τὴν
456 1489 747 1546 ἀνάστασιν
779 1488 850 1545 δι’
899 1489 1190 1557 ἀνθρώπου
1250 1489 1598 1567 εἰσαχθῆναι.
1660 1515 1688 1543 α
1721 1491 1991 1551 Ἕκαστος

326 1578 385 1637 δὲ
411 1578 466 1635 ἓν
494 1582 575 1652 τῷ
631 1576 758 1653 ίδιῳ
815 1578 1080 1659 τάγματι.
1116 1603 1145 1631 ››
1200 1577 1425 1649 Ἐπειδή
1460 1580 1604 1645 εἷπε,
1636 1604 1665 1632 ‹‹
1700 1585 1993 1650 Ζωοποιη-

327 1671 614 1742 θήσονται,
646 1692 675 1721 ιο
715 1669 808 1724 ’ίνα
841 1668 918 1742 μὴ
950 1688 1035 1732 τις
1063 1669 1263 1745 νομίσῃ
1316 1670 1405 1726 καὶ
1456 1669 1587 1733 τοὺς
1616 1667 1989 1745 ἁμαρτωλοὺς

336 1761 609 1831 σώζειθαι,
666 1757 881 1834 ἱπάγεν
939 1760 1103 1817 Ὅσον
1171 1759 1289 1832 μὲν,
1350 1760 1507 1838 φησί,
1564 1759 1705 1815 κατά
1757 1760 1821 1814 τὸ
1863 1758 1993 1814 ἀναο

2091 612 2226 653 cum
2257 613 2325 653 eo
2352 596 2530 654 etiam
2556 600 2753 655 cmteri
2786 605 3115 672 resurgant.
3144 599 3424 655 Primitiae
3457 602 3618 656 enim
3652 603 3748 658 di-

2090 693 2466 757 cuntur,cum
2486 702 2671 743 unum
2690 688 2988 759 quoddam
3013 706 3044 744 e
3075 689 3282 745 multis
3334 690 3473 744 facit
3499 692 3612 745 hoc
3643 697 3747 747 aut

2091 776 2260 841 illud,
2286 777 2446 847 quod
2468 784 2527 833 et
2546 777 2760 849 reliqui
2776 777 2987 834 facturi
3021 788 3178 835 sunt.
3216 799 3240 829 ι
3264 779 3555 845 Quoniam
3584 780 3748 835 enim

2090 881 2198 938 per
2227 867 2530 923 hominem
2561 884 2741 924 mors.
2778 890 2806 918 »
2837 869 2901 923 Ei
2933 869 3093 940 quod
3152 869 3379 925 dictum
3429 876 3521 924 est
3561 870 3745 925 etiam

2092 972 2332 1013 causam
2363 957 2548 1014 addit.
2577 960 2722 1016 Nam
2754 960 3084 1031 oportebat,
3145 960 3362 1031 inquit,
3420 960 3747 1016 humanam

2092 1051 2387 1109 naturam,
2415 1064 2546 1121 quas
2586 1047 2735 1103 victa
2785 1055 2932 1115 erat,
2976 1050 3129 1104 hanc
3179 1049 3410 1105 vincere
3442 1065 3454 1103 :
3488 1066 3556 1105 ac
3587 1050 3755 1123 deje-

2093 1137 2254 1189 ctum
2288 1134 2593 1191 hominem
2625 1152 2863 1192 rursum
2897 1151 3160 1209 pugnare
3190 1153 3258 1192 ac
3315 1137 3575 1204 vincere,
3625 1137 3759 1192 bra-

2094 1224 2374 1297 viumque
2421 1226 2711 1298 accipere.
2777 1247 2806 1275 «
2861 1227 3374 1291 Quemadmodum
3440 1228 3600 1282 enim
3648 1242 3755 1299 per

2095 1312 2302 1370 Adam.
2341 1336 2369 1364 ι»
2423 1316 2577 1372 518
2636 1317 3074 1388 Interpretatur
3125 1316 3286 1387 quod
3343 1317 3570 1372 dictum
3616 1322 3754 1373 est:

2096 1400 2605 1467 Quemadmodum
2635 1418 2742 1474 per
2797 1402 3127 1472 hominem,
3187 1403 3404 1475 inquit,
3456 1419 3619 1458 mors
3662 1403 3753 1457 in-

2099 1507 2300 1563 gressa
2320 1496 2410 1546 est
2460 1492 2543 1547 ita
2567 1491 2880 1563 oportebat
2901 1498 2960 1547 et
2979 1491 3481 1547 resurrectionem
3506 1508 3611 1564 per
3632 1491 3750 1546 ho-

2100 1580 2325 1636 minem
2346 1580 2664 1637 introduci.
2690 1604 2717 1630 ‹‹
2743 1582 3162 1652 Unusquisque
3185 1588 3386 1637 autem
3404 1582 3465 1635 in
3514 1581 3755 1653 proprio

2100 1669 2330 1725 ordine.
2368 1690 2394 1722 ι
2426 1669 2576 1736 Quia
2606 1669 2771 1736 dixit,
2811 1692 2839 1722 ι(
2873 1670 3359 1737 Viviticabuntur,
3400 1691 3429 1721 ››
3487 1686 3563 1725 ne
3622 1671 3755 1741 quis

2103 1762 2283 1818 etiam
2313 1768 2659 1835 peccatores
2692 1761 3005 1818 salvaudos
3036 1762 3358 1825 existimet,
3400 1760 3708 1833 subjungit
3739 1774 3754 1815 :

339 1858 552 1921 στῆναι,
602 1851 797 1913 πάντες
871 1853 1407 1923 ζωοποιηθήσονται,
1485 1850 1612 1907 ἀλλ’
1671 1845 1896 1914 ἕκαστος
1935 1849 2003 1906 ἐν’

2112 1853 2277 1913 Sane.
2309 1852 2524 1924 inquit.
2558 1857 2850 1923 quantum
2883 1850 2955 1908 ad
2990 1851 3488 1907 resurrectionem
3546 1865 3756 1906 omnes

336 1943 417 2014 τῷ
462 1936 584 2013 ἰδίῳ
646 1940 887 2018 τάγματι
953 1933 1128 2010 ἔσται,
1195 1939 1286 1996 καί
1346 1939 1399 1996 ἰν
1466 1941 1548 2004 οἷς
1612 1939 1757 1996 ἐστιν
1818 1938 1991 2011 ἄξιος.

338 2054 367 2083 κ
394 2030 651 2107 Ἀπαρχή
685 2027 940 2106 Χριστός.
976 2054 1005 2081 ››
1038 2031 1316 2109 Ἀπαρχή,
1376 2031 1532 2109 φησὶ,
1587 2030 1679 2085 καὶ
1734 2027 1861 2092 ὁδὸς
1893 2035 1994 2098 τῆς

331 2119 699 2187 ἀναστάσεως,
756 2119 787 2173 ὁ
848 2120 1078 2194 Χριστὸς
1133 2118 1445 2196 γεγὲνηται.
1514 2120 1647 2177 Μετ’
1703 2119 1863 2175 αὐτὸν
1914 2117 1993 2190 δὲ,

332 2211 386 2265 οἱ
420 2208 606 2279 αὐτοῦ,
638 2211 847 2284 πρῶτοι
904 2208 1318 2279 ἀναστήσονται.
1366 2210 1545 2264 Αὐτοῦ
1577 2206 1655 2279 δὲ,
1691 2206 1870 2286 ἤγουν
1898 2212 1998 2264 τοῦ

330 2300 592 2375 Χριστοῦ,
652 2295 799 2371 λέγει
848 2298 975 2361 τοὺς
1031 2295 1302 2366 δικαίους,
1353 2297 1494 2353 κατὰ
1537 2298 1630 2353 τὸν
1685 2295 1854 2375 λόγον
1897 2303 1999 2367 τῆς

333 2386 686 2448 οἵκειώσεως·
764 2384 915 2445 Ἔδει
987 2387 1090 2463 γὰρ
1164 2380 1313 2463 ἔχειν
1384 2389 1709 2465 προτέρημα
1781 2387 1872 2443 καὶ
1945 2385 2001 2443 ἐν

335 2487 491 2560 αὖτῷ
518 2487 600 2557 τῷ
630 2482 926 2562 ἐγείρεσθαι
982 2485 1109 2547 τοὺς
1165 2482 1430 2548 δικαίους.
1464 2482 1689 2553 Ἐπειδὴ
1722 2485 1825 2561 γάρ
1863 2481 2000 2558 μὲλ-

338 2574 532 2632 λουσιν
563 2573 894 2651 ἁρπάζεσθαι
924 2570 1003 2637 είς
1033 2571 1165 2651 ἀέρα
1208 2573 1287 2637 είς
1318 2575 1617 2647 ἀπάντησιν
1641 2578 1739 2630 τοῦ
1770 2574 1999 2649 Κυρίου,

339 2670 769 2751 προεγείρονται,
820 2669 895 2727 ’ἶν’
952 2670 1255 2744 ἀπαντῆσαι
1321 2673 1585 2751 φθάσωσι.
1642 2673 1733 2736 Τίς
1782 2674 1886 2750 γὰρ
1934 2671 2002 2742 ἧν

337 2762 501 2841 χρεία
557 2759 961 2838 προεγείρεσθαι
1028 2762 1155 2825 τοὺς
1212 2759 1605 2840 ἁμαρτωλοὺς,
1661 2764 1789 2825 τοὺς
1853 2763 2002 2818 κάτω

340 2853 649 2932 μέλλοντας
683 2851 860 2929 μένειν
917 2854 1007 2909 τὸν
1071 2856 1265 2931 κριτήν
1300 2875 1314 2924 ;
1364 2854 1498 2912 Εἶτα
1559 2856 1696 2930 μετᾶ
1722 2858 1908 2929 τοῦτο,
1938 2855 2002 2912 τὸ

334 2942 499 3006 τέλος
576 2944 688 3000 τῶν
762 2942 980 2998 πάντων
1053 2941 1396 3019 πραγμάτων
1488 2942 1578 2999 καί
1655 2944 1825 3014 αὐτῆς
1900 2950 2000 3013 τῆς

338 3032 706 3102 ἀναστάσεως,
780 3034 861 3105 τῷ
935 3031 1028 3087 καὶ
1102 3033 1231 3093 τοὺς
1302 3029 1538 3095 λοιποὺς
1603 3030 1803 3089 λοιπὸν
1869 3029 2004 3111 ἐγεί-

344 3118 705 3199 ρεσθαι.υῦχ
751 3120 933 3194 ὥσπερ
991 3122 1094 3198 γάρ
1149 3124 1237 3176 νῦν
1295 3118 1382 3177 ἐπὶ
1434 3124 1531 3177 τοῦ
1578 3122 1816 3198 Χριστοῦ
1873 3121 2001 3177 ἀνα-

348 3207 571 3273 στάντος
646 3212 784 3267 κατά
839 3210 1028 3287 χώραν
1091 3207 1361 3286 μεμένηκε
1416 3209 1484 3266 τὰ
1538 3215 1630 3265 νῦν
1686 3210 2003 3288 ἀνθρώπινα
2039 3250 2085 3318 c

445 3299 457 3318 ι
725 3296 752 3318 P'
997 3300 1011 3318 ἱ
1117 3299 1131 3318 Ι
1254 3296 1275 3318 Ι
1479 3298 1562 3318 9“
1592 3301 1604 3318 \
1703 3299 1713 3318 Ι
1899 3299 1931 3318 1‘

349 3299 656 3378 πράγματα,
690 3296 865 3363 οὕτως
923 3300 1012 3354 καὶ
1069 3299 1195 3355 τότε
1250 3296 1423 3367 ἔσται,
1468 3298 1614 3356 ἀλλά
1645 3299 1821 3357 πάντα
1850 3299 2008 3365 τέλος

349 3387 605 3464 λήψεται.
641 3409 667 3444 ε
698 3387 955 3464 Ἀπαρχή
1010 3389 1260 3463 Χριστός.
1297 3413 1325 3440 ››
1385 3388 1479 3452 Εἷς
1533 3388 1834 3468 ἀφθαρσίαν
1860 3396 2009 3469 πρῶ-

342 3497 438 3538 τος
495 3477 522 3531 ὅ
580 3474 814 3548 Χριστὸς
865 3473 918 3530 ἐν
975 3479 1183 3550 νεκρῶν
1237 3474 1453 3548 ἀνέστη,
1509 3479 1666 3534 Ὅσοι
1725 3481 1828 3554 γάρ
1857 3499 2013 3535 τετυ-

342 3566 585 3645 χήκασιν
616 3562 982 3635 ἀναστάσεως,
1016 3562 1125 3620 εἲτε
1176 3559 1252 3619 δι’
1294 3563 1465 3623 αὐτοῦ
1493 3571 1589 3622 τοῦ
1617 3566 1873 3644 Χριστοῦ,
1904 3566 2013 3624 εἲτε

349 3653 442 3711 διὰ
473 3658 771 3734 προφητῶν
833 3653 926 3709 καὶ
983 3650 1335 3726 ἀποστόλων,
1394 3652 1547 3720 αὖθις
1601 3659 1937 3729 τεθνήκασιν.
1984 3684 2010 3711 ››

352 3746 584 3802 Ἔπειτα
641 3744 693 3799 οἳ
745 3747 843 3800 τοῦ
899 3743 1137 3819 Χριστοῦ
1192 3742 1245 3799 ἐν
1296 3746 1366 3818 τῇ
1422 3745 1691 3821 παρουσίᾳ
1745 3752 1934 3806 αὐτοῦ.
1982 3773 2011 3801 ››

358 3835 671 3902 Τουτέστιν,
705 3831 831 3888 ὅταν
856 3832 952 3888 ἀπ’
1008 3831 1239 3909 οὐρανοῦ
1295 3834 1441 3913 τρανῆ
1495 3833 1549 3889 ἐν
1608 3829 1762 3911 δόξῃ,
1795 3840 2010 3913 πρῶτον

362 3927 419 3981 οἱ
450 3924 759 3979 πιστοὶκαὶ
820 3919 1044 3992 δίκαιοι,
1100 3922 1192 3978 καὶ
1254 3922 1330 3986 εἷς
1387 3923 1551 3980 αὐτὸν
1580 3924 2013 4001 προηλπικὸτες,

354 4015 447 4072 καὶ
496 4014 598 4082 τὴν
656 4006 914 4087 ἔνσαρκον
972 4012 1272 4088 παρουσίαν
1330 4010 1613 4087 δεξάμενοι
1678 4014 2013 4087 ἀναστήσον-

351 4124 464 4161 ται.
498 4124 529 4156 ιι
560 4104 696 4159 Εἶτα
722 4102 786 4158 τὸ
812 4100 994 4163 τέλος.
1025 4124 1054 4153 ιο
1107 4103 1256 4158 Μετὰ
1308 4105 1409 4173 τήν
1465 4108 1574 4160 τῶν
1635 4101 1859 4161 δικαίων
1890 4105 2019 4161 ἀνά-

353 4220 543 4258 στασιν
615 4198 707 4255 καὶ
782 4197 835 4255 ἐν
908 4197 1159 4279 νεφὲλαις
1236 4200 1488 4279 ἁρπαγὴν
1564 4200 1641 4264 είς
1714 4203 2015 4275 ἀπάντησιν

352 4296 453 4348 τοῦ
483 4288 711 4364 Κυρίου,
766 4288 891 4344 τότε
944 4288 1008 4343 τὸ
1058 4286 1238 4352 τέλος.
1294 4289 1611 4361 Τουτὲστιν,
1670 4294 1706 4362 ἡ
1765 4298 1871 4348 τῶν
1911 4293 2017 4350 ἀπὸ

353 4374 674 4449 καταϐολῆς
733 4376 945 4454 κόσμου
999 4376 1444 4449 τελευτησάντων
1500 4375 1650 4437 ἔσται
1704 4382 2017 4454 ἀνάστασις,

354 4465 448 4527 καί
522 4469 593 4543 τῇ
668 4467 840 4544 κρίσει
913 4464 1411 4543 παραδοθήσονται.
1483 4491 1513 4523 «ι
1549 4469 1715 4527 Ὅταν
1792 4468 2019 4548 παραδῷ

354 4559 459 4630 τήν
493 4553 774 4636 βασιλείαν
802 4558 886 4631 τῷ
915 4558 1033 4628 Θεῷ
1087 4556 1180 4611 καὶ
1240 4556 1430 4631 Πατρί.
1465 4579 1494 4609 »
1553 4555 1900 4633 Παραδίδωσι
1929 4557 2006 4626 δὲ,

2100 1940 2689 2007 viviﬁcabuntur,sed
2703 1941 3116 2013 unusquisque
3129 1941 3193 1995 in
3216 1939 3455 2011 prOprio
3469 1940 3582 1994 erit
3603 1938 3763 1993 ordi-

2103 2046 2201 2095 ne,
2220 2036 2281 2085 et
2300 2030 2460 2087 inter
2480 2045 2581 2086 eos
2604 2046 2740 2085 eum
2762 2030 2979 2101 quibus
3003 2046 3134 2085 esse
3164 2036 3449 2085 meretur.
3480 2050 3507 2077 ‹‹
3543 2028 3760 2083 Primi-

2104 2121 2202 2176 tiaa
2234 2120 2521 2177 Christus.
2549 2144 2577 2170 υ
2601 2120 2906 2187 Primitiae,
2945 2121 3048 2187 ait,
3075 2124 3133 2175 et
3155 2120 3247 2175 via
3275 2120 3349 2175 ad
3378 2118 3763 2175 resurrectio-

2102 2226 2242 2265 nem
2257 2210 2527 2265 Christus
2549 2209 2737 2265 factus
2764 2214 2888 2264 est:
2916 2211 3053 2264 Post
3074 2209 3247 2264 illum
3276 2223 3415 2263 vero
3438 2207 3541 2279 qui
3573 2207 3762 2279 ipsius

2102 2306 2529 2378 fuerint,primi
2545 2310 2875 2379 resurgent.
2891 2305 3082 2377 Ipsius
3100 2312 3299 2361 autem
3315 2320 3529 2376 nempe
3547 2302 3765 2359 Christi

2106 2394 2251 2450 dicit
2254 2394 2805 2466 justos,secuudum
2821 2393 3201 2465 proprietatis
3213 2409 3565 2449 sermonem.
3584 2393 3763 2459 Opor-

2105 2486 2268 2543 tebat
2286 2486 2447 2543 enim
2485 2492 2553 2542 ut
2591 2485 2654 2542 in
2695 2486 2825 2558 ipsa
2854 2502 3092 2558 quoque
3119 2486 3554 2541 resurrectione
3583 2483 3765 2556 privi-

2106 2575 2327 2649 legium
2340 2574 2633 2632 haberent
2646 2576 2814 2646 justi.
2829 2576 3121 2641 Quoniam
3148 2575 3307 2630 enim
3329 2572 3599 2646 rapiendi
3625 2576 3768 2628 sunt

2107 2667 2169 2722 in
2183 2682 2382 2722 aerem
2396 2665 2456 2721 in
2470 2680 2784 2721 occursum
2801 2664 3033 2720 Domini
3064 2665 3229 2738 prius
3242 2664 3573 2720 suscitantu
3583 2668 3649 2718 ut
3666 2678 3768 2717 au-

2107 2754 2484 2813 tevertantad
2496 2753 2953 2811 occurrendum.
2976 2753 3127 2819 Quid
3151 2754 3312 2809 enim
3330 2768 3574 2809 necesse
3597 2756 3688 2806 est
3699 2754 3764 2805 ut

2109 2846 2276 2918 prius
2288 2843 2652 2901 suscitentur
2663 2843 3452 2916 peccatores,cumdeorsum
3467 2846 3768 2913 exspecta-

2108 2934 2225 2991 turi
2240 2932 2633 3005 sintjudicem
2646 2933 2673 2988 ?
2686 2932 2812 2988 Mox
2830 2932 2966 2987 finis
2978 2932 3252 2988 omnium
3267 2947 3467 2986 rerum
3493 2934 3553 2986 et
3577 2930 3766 3001 ipsius

2110 3039 2345 3096 quoque
2362 3022 2985 3080 resurrectionis.cum
2999 3021 3178 3076 etiam
3193 3020 3389 3076 caeteri
3414 3019 3638 3075 fuerint
3665 3035 3768 3073 ex-

2109 3112 2292 3169 citati.
2327 3112 2527 3183 Neque
2558 3110 2720 3167 enim
2778 3108 3285 3182 quemadmodum
3341 3125 3501 3163 nunc
3531 3105 3765 3162 Christo

2111 3207 2482 3276 resurgente,
2515 3216 2621 3258 suo
2651 3204 3113 3273 permanserunt
3143 3199 3272 3254 loco
3312 3215 3408 3253 res
3466 3198 3764 3261 humanas,

2114 3293 2198 3349 ita
2227 3299 2287 3347 et
2313 3296 2456 3347 tunc
2497 3289 2630 3359 erit,
2664 3290 2765 3346 sed
2798 3289 3002 3344 omnia
3035 3289 3216 3343 finem
3248 3286 3562 3358 accipient.
3594 3308 3622 3335 ‹‹
3646 3285 3769 3340 Pri-

2116 3380 2299 3438 mitiae
2329 3379 2615 3436 Christus.
2650 3400 2679 3429 ››
2714 3378 2802 3434 Ad
2831 3377 3349 3433 immortalitatem
3408 3376 3639 3448 primus
3698 3392 3770 3431 ex

2116 3474 2366 3527 mortuis
2398 3469 2666 3525 Christus
2696 3469 3039 3523 resurrexit.
3074 3468 3376 3536 Quotquot
3404 3465 3563 3519 enim
3608 3463 3768 3519 nacti

2120 3567 2258 3617 sunt
2283 3559 2809 3625 resurrectionem,
2871 3555 2991 3612 sive
3039 3572 3148 3628 per
3200 3556 3398 3627 ipsum
3446 3554 3768 3623 Christum,

2119 3652 2239 3706 sive
2269 3666 2376 3722 per
2404 3649 2725 3721 prophetas
2749 3652 2852 3702 aut
2876 3645 3199 3717 apostolos,
3255 3660 3495 3699 rursum
3550 3643 3772 3698 mortui

2119 3751 2275 3803 sunt.
2309 3767 2337 3797 ‹‹
2372 3744 2598 3801 Deinde
2628 3744 2670 3799 ii
2701 3742 2802 3816 qui
2854 3741 3073 3797 Christi
3125 3742 3352 3796 fuerint
3407 3740 3469 3795 in
3518 3738 3773 3794 adventu

2119 3836 2329 3910 ipsius.
2367 3857 2394 3884 ››
2426 3835 2545 3890 Hoc
2576 3839 2667 3888 est
2710 3831 2948 3905 quando
3010 3847 3040 3885 e
3098 3828 3244 3885 ccelo
3303 3827 3651 3901 apparuerit
3708 3827 3773 3883 in

2121 3922 2308 3999 gloria
2341 3937 2354 3977 :
2386 3922 2649 3993 primum
2682 3918 2891 3975 fideles
2921 3922 2980 3973 et
3011 3916 3181 3990 justi.
3216 3916 3439 3987 quique
3497 3913 3663 3988 prius
3711 3913 3774 3968 in

2123 4030 2259 4070 eum
2287 4015 2624 4084 sperarunt,
2646 4015 2699 4064 et
2723 4008 3040 4064 adventum
3063 4007 3125 4062 in
3156 4021 3333 4061 carne
3363 4008 3775 4076 susceperunt,

2122 4105 2454 4175 resurgant.
2495 4119 2517 4147 ι
2550 4100 2678 4155 Mox
2709 4097 2865 4154 finis.
2902 4118 2931 4147 ι)
2962 4098 3104 4154 Post
3149 4095 3453 4169 justorum
3509 4109 3780 4149 ressure—

2124 4194 2404 4259 ctionem,
2435 4193 2792 4262 raptumque
2824 4186 2886 4242 in
2915 4185 3178 4243 nubibus
3207 4184 3270 4240 in
3301 4199 3615 4240 occursum
3666 4184 3778 4238 Do-

2126 4280 2296 4350 mini,
2319 4287 2460 4337 tunc
2481 4277 2620 4335 finis
2640 4277 2773 4341 erit,
2798 4277 2911 4332 hoc
2932 4282 3041 4341 est,
3094 4275 3450 4330 resurrectio
3500 4273 3613 4328 erit
3650 4288 3779 4327 om-

2126 4374 2292 4431 nium
2324 4370 2424 4443 qui
2457 4387 2492 4426 a
2517 4365 2726 4425 mundi
2758 4364 3183 4423 constitutione
3213 4364 3453 4421 formati
3506 4367 3665 4429 sunt,
3724 4364 3786 4417 et

2118 4461 2348 4537 judicio
2381 4457 2709 4515 tradentur.
2748 4478 2776 4508 ι(
2807 4457 2952 4512 Cum
2983 4452 3300 4511 tradiderit
3322 4468 3569 4526 regnum
3594 4450 3711 4506 Deo
3726 4454 3787 4506 et

2126 4548 2306 4607 Patri.
2343 4571 2369 4599 ››
2401 4544 2604 4603 Tradit
2632 4551 2858 4610 autem,
2888 4558 3010 4599 non
3054 4543 3140 4599 sic
3192 4549 3259 4599 ut
3315 4541 3442 4614 ipse
3499 4541 3783 4612 privetur.

358 4627 461 4706 οδκ
488 4627 655 4711 ἀΰτδς
681 4627 1065 4720 περοῦμενύς.
1127 4627 1387 4717 Ἀνόητον
1445 4647 1549 4723 γὰρ
1597 4627 1722 4704 λίαν
1753 4650 1843 4703 καὶ
1873 4647 2004 4705 ὑπο-

2122 4640 2328 4697 Νἱιηίω
2356 4637 2517 4693 enim
2546 4634 2863 4692 dementias
2895 4639 2987 4689 est
3016 4633 3106 4689 vel
3136 4632 3429 4704 suspicari
3460 4630 3519 4685 id
3547 4646 3561 4684 :
3613 4627 3782 4700 quasi

357 4743 528 4809 νοεῖν,
587 4735 662 4798 ὡς
723 4734 1110 4805 στασιάζουσαν
1188 4736 1285 4809 μὲν
1346 4735 1518 4813 εἶχεν,
1586 4735 1903 4810 ἀπαλλάξας
1958 4735 2016 4794 δὲ

362 4823 551 4891 πόνοις
606 4823 771 4887 ἰδίοις
824 4824 1030 4896 ταύτης
1078 4823 1368 4901 ιστερτςθψ
1430 4823 1578 4881 ἀλλὰ
1625 4823 2017 4901 παραδίδωσιν,

365 4911 511 4970 οἷονε
556 4913 827 4970 κοινωνὸν
880 4915 1119 4969 ποιεῖται
1172 4915 1269 4969 τὸν
1327 4914 1537 4988 Πατέρα
1582 4920 1681 4971 τοῦ
1713 4914 1851 4971 ίδίου
1882 4937 2008 4974 κατ·

359 5003 707 5081 ορθώματος.
786 5004 955 5061 Κοινὰ
1025 5004 1130 5081 γὰρ
1230 5005 1439 5060 ἅπαντα
1533 5005 1599 5061 τὰ
1682 5005 1779 5072 τῆς
1850 5006 2018 5083 Τριά·

359 5092 480 5159 δος.
518 5094 585 5152 El
638 5094 742 5172 γὰρ
791 5094 883 5149 καὶ
948 5094 978 5149 ὁ
1047 5093 1173 5157 ria:
1236 5095 1592 5169 σεσάρκωται,
1634 5094 1762 5153 ἀλλ’
1799 5094 2020 5170 εὐδοκία

355 5186 459 5240 τοῖ’)
516 5182 728 5257 Πατρὸς
799 5182 890 5238 καί
970 5182 1226 5259 συνεργίᾳ
1282 5187 1379 5239 τοῦ
1453 5182 1606 5259 ἁγίου
1685 5186 2015 5259 Ηνεῦματος.

356 5272 570 5329 Οὗκοῦν
622 5270 781 5329 κοινὰ
830 5272 922 5327 καὶ
980 5270 1015 5326 ἃ
1074 5272 1377 5347 σαρκωθεῖς
1409 5272 1438 5329 ὁ
1468 5272 1593 5335 Υἱὸς
1648 5275 1739 5331 καὶ
1772 5294 2019 5351 σταυρω-

357 5362 477 5429 osi:
533 5359 625 5418 καὶ
690 5358 943 5428 ἀναστὰς,
1001 5359 1294 5435 είργάσατο
1350 5363 1771 5439 κατορθώματα.
1825 5363 2019 5420 Καλῶς

359 5454 455 5510 οὗν
490 5473 642 5532 φησι·
696 5451 811 5519 Τήν
862 5448 1145 5525 βασιλείαν
1202 5449 1568 5528 παραδίδωσι,
1597 5451 1865 5526 τουτέστι,
1897 5476 2017 5511 κοι-

358 5548 687 5611 νοποιεῖται,
733 5541 825 5596 καὶ
881 5536 1157 5619 εὐφραίνει
1210 5544 1293 5614 τῷ
1348 5542 1760 5619 κατορθώματι.
1815 5547 2021 5622 ’Ὠσπερ

390 5635 556 5712 γάρὸ
630 5634 748 5696 (ἱὸς
804 5625 1143 5707 παραλαϐὼν
1222 5632 1392 5703 αὐτὴν
1451 5635 1862 5707 στασιάζουσαν,
1922 5636 2023 5692 οὐκ

359 5721 625 5801 ἀφείλετο
683 5721 851 5790 αὐτὴν
936 5724 1033 5774 τόῦ
1122 5721 1352 5795 Πατρὸς,
1412 5722 1587 5787 οὕτως
1642 5729 1736 5780 νῦν
1789 5723 2025 5799 παραδι-

2127 4729 2374 4785 haberet
2399 4724 2642 4798 quidem
2662 4721 2815 4779 illud
2838 4720 2980 4778 dum
3005 4722 3201 4794 ipsum
3232 4717 3628 4775 seditionibus
3655 4717 3785 4787 ple-

2128 4833 2273 4876 num
2297 4821 2452 4872 esset
2475 4813 2966 4887 :propriisautem
2991 4808 3309 4867 defunctus
3357 4805 3685 4871 laboribus,
3715 4821 3784 4860 eo

2128 4908 2479 4979 privaretur.
2504 4900 2617 4959 Sed
2642 4900 2841 4970 tradit,
2868 4902 2980 4956 hoc
3004 4905 3112 4965 est,
3131 4897 3313 4953 veluti
3362 4896 3591 4953 socium
3642 4893 3786 4950 facit

2130 5010 2363 5062 Patrem
2388 5001 2612 5079 proprii
2636 5000 2863 5074 operis:
2892 4997 3236 5055 communia
3249 5002 3386 5052 sunt
3409 4994 3569 5050 enim
3585 4993 3788 5050 omnia

2128 5095 2433 5153 Trinitatis
2464 5110 2663 5168 cpera-
2698 5092 2842 5147 Nam
2876 5090 3016 5146 licet
3057 5087 3241 5144 Filius
3287 5087 3633 5143 incarnatus
3685 5083 3782 5153 sit,

2130 5184 2189 5242 id
2214 5191 2412 5241 tamen
2443 5182 2750 5240 voluntate
2783 5179 2975 5237 Patris
3006 5195 3073 5235 ac
3091 5177 3509 5250 cooperatione
3529 5175 3785 5247 Spiritus

2133 5278 2341 5336 sancti.
2368 5278 2576 5350 Itaque
2597 5274 2752 5332 ΠΙ
2777 5268 3121 5330 communia
3143 5268 3320 5325 etiam
3345 5271 3487 5324 sunt
3526 5281 3659 5338 quae
3692 5266 3785 5321 in-

2132 5372 2410 5424 carnatus
2438 5364 2623 5422 Filius
2654 5368 2713 5419 et
2742 5360 3057 5419 cruciﬁxus
3089 5364 3148 5415 et
3189 5374 3507 5431 resurgens
3559 5355 3789 5430 peregit

2132 5472 2332 5531 opera.
2361 5457 2516 5510 Bene
2544 5469 2680 5527 ergo
2739 5452 2861 5507 ait:
2920 5448 3120 5506 Tradit
3178 5464 3454 5522 regnum,
3514 5445 3629 5501 hoc
3679 5446 3788 5507 est,

2133 5544 2557 5609 communicat,
2592 5547 2651 5598 et
2679 5538 2851 5596 illum
2885 5538 3144 5596 oblectat
3173 5537 3459 5610 praeclaro
3494 5549 3601 5590 suo
3642 5532 3791 5586 faci-

2131 5652 2299 5691 nore.
2334 5630 2845 5701 Quemadmodum
2903 5630 3065 5686 enim
3122 5627 3283 5685 ﬁlius
3339 5627 3651 5697 acceptum
3698 5636 3790 5675 re-

2133 5741 2339 5798 gnum,
2373 5723 2513 5778 dum
2546 5719 2698 5776 illud
2728 5718 3123 5775 seditionibus
3155 5716 3399 5786 plenum
3433 5714 3610 5778 esset,
3666 5723 3789 5763 non
