4080 6400
1405 354 1828 419 ἝΟΗΜΕΝΙΙ
1873 352 1965 414 Tll

2076 351 2177 411 ΗΕ
2215 350 2592 413 EPlSCOPI.
3634 353 3753 412 8'12

333 357 447 417 87f

336 489 582 546 abstulit
610 509 645 547 a
673 490 864 557 Patre,
925 489 1008 545 ita
1066 506 1260 562 neque
1318 506 1481 548 nunc
1534 489 1797 555 tradens,
1852 486 1957 558 ipsi

2096 479 2224 547 δοὺς
2279 480 2393 538 οὐδ’
2449 481 2610 546 αὐτὸς
2665 484 3087 563 ἀφαιρεθήσεται
3143 484 3336 556 αὐτῆς.
3379 481 3754 558 Παραδίδωσι,

335 580 679 651 privabitur.
713 579 913 634 Tradit
942 584 1167 645 autem,
1197 586 1404 653 posset
1448 579 1743 651 quispiam
1791 576 1965 632 dicere

2097 568 2156 627 δὶ
2207 571 2355 628 εἲποι
2409 595 2493 636 τις
2551 572 2637 644 ἃν,
2698 574 2798 631 οὐκ
2854 572 2956 648 ἔξω
3016 580 3247 645 σκοποῦ,
3297 576 3389 631 καὶ
3441 574 3541 630 οὐκ
3597 574 3754 650 ἐφ’ᾦ

333 685 443 723 nec
472 668 755 724 aberrans
788 685 824 724 a
854 685 1053 740 scopo,
1085 686 1206 725 non
1238 669 1396 741 quod
1426 686 1548 725 non
1588 667 1824 731 habeat,
1883 680 1965 720 set

2100 662 2176 734 μὴ
2236 656 2406 738 ἔχειν,
2467 661 2595 718 ἀλλ’
2652 662 2736 743 ἐφ’
2764 665 2811 737 ᾧ
2845 665 2922 737 μή
2974 663 3444 741 ταλαιπωρεῖσθαι
3486 662 3610 737 περί
3654 662 3751 717 αὐ-

332 756 488 826 quod
498 757 627 828 jam
642 756 964 813 circaillud
985 774 1107 813 non
1151 757 1537 830 defatigetur:
1569 755 1850 827 quodque
1882 769 1958 808 ne

2096 752 2215 820 τήν,
2265 752 2354 805 καὶ
2409 751 2489 829 ἐφ’
2546 754 2592 824 ᾧ
2648 754 2789 825 μήτε
2847 760 3185 833 συμμαχεῖν,
3222 757 3361 828 μήτε
3388 754 3751 828 τροποῦσθαι,

336 862 451 916 que
482 853 691 902 contra
720 846 872 904 illud
902 852 1126 920 pugnet
1155 862 1348 918 neque
1379 846 1574 918 ipsum
1615 845 1829 912 vincat,
1888 859 1961 898 au

2097 842 2237 911 μήτε
2292 838 2434 895 ἄλλο
2491 861 2545 893 τι
2602 847 2800 915 ποιεῖν,
2850 844 2924 897 ὢν
2982 844 3050 898 τὰ
3110 844 3205 917 μὶν
3257 843 3362 919 πρὸ
3393 841 3490 898 τοῖ’)
3521 843 3749 913 πάθους,

332 934 565 1005 quidvis
587 936 844 991 aliorum
892 934 1091 1004 faciat,
1121 952 1383 1008 quorum
1407 936 1535 990 haec
1572 933 1817 1005 quidem
1849 936 1965 987 ant:

2090 929 2157 984 τά
2212 927 2271 984 δὲ
2331 933 2465 1005 μετά
2518 932 2620 1000 τήν
2677 930 2960 986 ἀνάστασιν
3019 932 3094 994 ὡς
3173 932 3295 995 Υἱὸς
3346 936 3481 989 Θεοῦ
3537 931 3747 1008 ἅνθρω·

329 1024 670 1094 passionem
702 1029 894 1091 erant,
925 1023 1044 1079 alia
1070 1041 1207 1080 vero
1238 1005 1934 1095 post'ressurrectionem

2092 1036 2197 1081 πος
2250 1020 2511 1095 γεγονὼς,
2596 1019 2673 1081 εἰς
2748 1022 2900 1093 ἡμᾶς
2959 1019 3288 1095 ἐπεδείξατο.
3348 1005 3747 1096 Παραδίδωσιν,

330 1111 508 1167 veluti
532 1113 716 1169 Filius
736 1114 840 1169 Dei
867 1113 1045 1168 homo
1075 1114 1268 1169 factus
1284 1113 1444 1169 circa
1478 1130 1588 1168 nos
1618 1111 1987 1167 demonstra-

334 1204 435 1258 vit.
469 1204 670 1260 Tradit
699 1220 836 1275 ergo
868 1220 991 1260 non
1022 1203 1180 1275 quod
1209 1220 1331 1259 non
1372 1203 1607 1268 habeat,
1667 1201 1771 1256 sed
1827 1198 1983 1271 quod

322 1294 451 1365 jam
483 1293 636 1348 nihil
660 1309 868 1349 eorum
898 1310 1030 1365 quae
1061 1293 1220 1350 dicta
1250 1298 1392 1348 sunt
1442 1293 1601 1348 circa
1659 1289 1809 1346 illud
1858 1306 1980 1345 am-

330 1383 489 1454 plius
514 1382 816 1455 perficiat:
852 1382 995 1454 quia
1024 1383 1202 1438 etiam
1234 1382 1482 1454 accepit,
1519 1398 1639 1435 non
1672 1378 1832 1451 quod
1861 1394 1984 1434 non

328 1471 609 1538 haberet;
631 1471 888 1527 habebat
904 1487 1164 1543 namque
1186 1471 1341 1527 sicut
1360 1476 1418 1526 et
1438 1473 1645 1525 Pater:
1688 1469 1793 1524 sed
1824 1466 1984 1539 quod

327 1559 584 1632 propriis
617 1560 943 1630 laboribus,
977 1560 1270 1616 seditione
1302 1577 1371 1615 ac
1429 1558 1745 1632 tyrannide
1784 1557 1982 1629 ipsum

324 1648 687 1705 liberaturus
745 1654 921 1705 esset.
986 1671 1015 1698 «
1074 1650 1221 1706 Cum
1276 1648 1594 1704 tradiderit
1647 1662 1917 1720 regnum.
1952 1667 1980 1695 »

329 1738 574 1804 Quando
599 1738 752 1809 haec,
783 1756 817 1794 ο
850 1738 1030 1795 Paule
1050 1738 1077 1794 ?
1107 1762 1135 1790 α
1168 1740 1314 1794 Cum
1374 1738 1704 1805 tradiderit,
1761 1737 1980 1809 inquit,

2091 1106 2204 1177 οὗν,
2236 1108 2309 1170 ὡς
2338 1102 2569 1183 ἔφημεν,
2602 1109 2705 1165 οὐκ
2761 1107 2843 1187 ἐφ’
2872 1110 2918 1182 ᾦ
2950 1111 3028 1183 μή
3082 1109 3252 1185 ἔχειν,
3284 1108 3411 1165 ἀλλ’
3439 1111 3524 1186 ’ἐφ’
3556 1108 3602 1182 ᾧ
3636 1132 3750 1183 μη-

2087 1195 2201 1252 κέτι
2275 1202 2383 1253 τῶν
2474 1199 2778 1275 εἳρημένων
2854 1221 2906 1255 τι
2981 1201 3105 1275 περὶ
3203 1200 3376 1270 αὐτὴν
3452 1199 3747 1257 ἐπιτελεῖν.

2089 1288 2236 1342 Ἐπεὶ
2297 1288 2387 1342 καὶ
2443 1285 2805 1363 παρείληφεν,
2860 1287 2959 1344 οὐκ
3011 1288 3091 1369 ἐφ’
3151 1288 3197 1361 ᾧ
3259 1290 3335 1363 μὴ
3397 1285 3546 1364 ἔχειν
3575 1290 3748 1364 (εἶχεν

2088 1375 2215 1450 γὰρ,
2247 1373 2431 1451 ὥσπερ
2464 1377 2492 1431 6
2526 1377 2761 1452 Πατὴρ),
2793 1374 2922 1432 ἀλλ’
2951 1375 3032 1449 ἐφ’
3081 1378 3127 1450 ᾧ
3175 1379 3366 1439 πόνοις
3401 1375 3587 1447 ἰδίοις,
3619 1378 3749 1432 στά-

2090 1484 2225 1525 σεως
2280 1463 2446 1535 αὐτὴν
2498 1464 2589 1520 καὶ
2640 1462 2961 1541 τυραννίδος
3019 1465 3347 1536 ἀπαλλάξει.
3382 1490 3411 1517 ‹‹
3445 1468 3612 1525 ’Όταν
3641 1466 3747 1521 πά-

2088 1551 2239 1628 ραδῷ
2291 1555 2390 1624 τήν
2449 1552 2750 1630 βασιλείαν.
2812 1580 2840 1608 ››
2902 1557 3041 1611 Πότε
3096 1560 3289 1626 ταῦτα,
3350 1557 3395 1611 ὧ
3454 1555 3742 1626 11αὗλε;››

2089 1666 2116 1693 ‹‹
2149 1643 2340 1717 ’⁸Οταν,
2399 1644 2532 1723 φησὶ
2587 1642 2818 1720 παραδῷ
2874 1645 2974 1715 τήν
3037 1643 3317 1721 βασιλείαν
3371 1650 3453 1718 τῷ
3498 1649 3616 1718 Θεῷ
3654 1645 3744 1700 καὶ

2088 1737 2276 1812 Πατρί.
2357 1762 2385 1788 ››
2482 1735 2737 1813 Παραδῷ,
2811 1737 3081 1807 τουτέστι,
3156 1740 3593 1814 κατορθωθεῖσαν
3670 1739 3745 1801 είς

332 1844 583 1900 regnum
612 1828 731 1883 Deo
765 1833 825 1883 et
853 1828 1032 1884 Patri.
1062 1850 1090 1879 ››
1121 1827 1477 1895 Tradiderit,
1510 1828 1621 1882 hoc
1665 1833 1773 1895 est,
1826 1832 1965 1881 stre-

2089 1822 2251 1896 μέσον
2292 1824 2491 1903 ἀγάγῃ.
2554 1828 2743 1883 Ἔσται
2804 1825 2863 1883 δὲ
2918 1832 3105 1889 τοῦτο,
3161 1827 3287 1884 ὅταν
3346 1830 3656 1898 ἡττηθῶσιν
3690 1827 3743 1883 οἱ

2091 1910 2116 1929 .
2163 1912 2176 1929 ι
2496 1914 2509 1929 .
2659 1915 2672 1929 ,
2986 1920 3011 1929 ..
3116 1916 3129 1929 .
3166 1914 3222 1929 ..η
3321 1917 3335 1929 .
3500 1923 3523 1929 _
3605 1916 3680 1929 ....

327 1933 447 1972 nue
464 1916 800 1973 confectum
821 1918 883 1972 in
906 1917 1169 1973 medium
1193 1917 1526 1989 protulerit.
1549 1916 1615 1972 Id
1634 1922 1833 1972 autem
1866 1917 1965 1971 erit

2088 1910 2362 1987 δαίμονες,
2421 1914 2511 1969 καὶ
2568 1915 2863 1972 παύσονται
2917 1920 3014 1971 τοῦ
3070 1916 3140 1972 τὰ
3166 1914 3281 1972 ἳδια
3316 1917 3572 1994 ἐνεργεῖν.
3605 1916 3743 1975 Τότε

330 2022 467 2061 cum
497 2005 710 2062 devicti
757 2007 981 2062 fuerint
1029 2006 1350 2073 daemones,
1409 2023 1477 2063 ac
1532 2006 1825 2062 desierint
1878 2021 1981 2062 sua

322 2111 503 2167 opera
526 2095 744 2152 facere.
767 2098 929 2151 Tunc
951 2097 1115 2152 enim
1138 2097 1405 2153 Christus
1453 2095 1713 2169 perfecte
1751 2095 1814 2151 in
1868 2112 1976 2151 nos

319 2184 610 2258 regnabit,
638 2202 757 2241 non
772 2185 899 2256 jam
917 2185 1135 2241 divisos
1178 2185 1296 2242 Deo
1346 2190 1403 2242 et
1450 2185 1669 2241 rectori
1715 2185 1971 2241 mundi:

319 2280 385 2328 ut
406 2272 468 2329 in
489 2273 584 2330 his
606 2274 850 2346 quidem
871 2276 1010 2342 Deo,
1037 2275 1098 2330 in
1124 2275 1248 2330 illis
1283 2280 1483 2332 autem
1526 2274 1838 2332 affectibus
1869 2292 1977 2347 pa-

318 2381 578 2422 reamus.
613 2365 762 2431 Quid
794 2368 976 2438 ergo?
993 2383 1243 2440 regnum
1266 2368 1384 2423 Deo
1426 2372 1485 2423 et
1527 2367 1686 2423 Patri
1719 2366 1910 2423 tradet
1947 2366 1975 2421 ?

324 2455 557 2527 Utique.
590 2455 728 2509 Vult
756 2456 917 2526 enim
970 2456 1285 2512 ostendere
1338 2473 1522 2513 unam
1580 2461 1973 2512 sacrosanctaa

319 2544 622 2599 Trinitatis
643 2561 773 2600 esse
798 2551 1081 2601 mentem.
1108 2545 1411 2617 Siquidem
1438 2546 1728 2613 Christus,
1752 2546 1971 2617 inquit,

321 2632 423 2703 qui
454 2632 682 2688 bellum
715 2635 1019 2707 transegit,
1048 2651 1171 2691 non
1199 2633 1361 2690 solus
1393 2635 1521 2707 ipse
1551 2639 1618 2689 ut
1674 2634 1971 2706 quispiam

320 2727 613 2794 tyrannus
644 2738 893 2795 regnum
915 2722 1331 2791 retinebit,sed
1355 2728 1413 2779 et
1436 2723 1592 2778 Patri
1617 2728 1675 2777 et
1703 2722 1968 2795 Spiritui,

320 2811 380 2866 id
408 2810 568 2882 quod
600 2810 857 2867 efficitur
886 2818 1185 2884 operatur.
1222 2834 1251 2863 «
1310 2814 1430 2868 Deo
1487 2818 1547 2868 et
1595 2811 1774 2868 Patri.
1828 2834 1855 2862 »
1888 2812 1970 2867 Eo

320 2900 481 2971 quod
498 2899 629 2971 ejus
646 2900 1118 2973 sitprincipium,
1142 2902 1225 2957 ita
1261 2901 1427 2957 dixit.
1468 2901 1644 2956 Divus
1692 2900 1969 2973 Cyrillus,

319 2994 529 3061 quarto
548 2990 820 3045 Adversus
838 2991 1126 3046 Iulianum
1148 2990 1324 3059 libro,
1356 2991 1516 3047 circa
1550 2992 1749 3064 ipsum
1785 2991 1968 3047 finem

318 3078 400 3133 ita
422 3077 707 3134 ait:(2um
730 3078 1041 3135 tradiderit
1088 3096 1360 3153 regnum,
1410 3080 1523 3136 hoc
1562 3085 1672 3149 est,
1710 3079 1967 3135 liberum

318 3173 602 3240 tanquam
629 3184 664 3224 a
684 3174 938 3241 tyranno
960 3169 1286 3226 discertum
1338 3169 1642 3241 eripuerit,
1694 3175 1752 3226 et
1777 3169 1966 3226 addu-

2083 2003 2190 2078 γὰρ
2245 2002 2469 2066 τελείως
2544 2006 2705 2077 ἡμῶν
2761 2006 2789 2060 ὁ
2845 2006 3073 2081 Χριστὸς
3153 2004 3486 2083 βασιλεύσει,
3543 2008 3740 2080 μηκέτι

2086 2092 2459 2168 μεριζομένων
2512 2098 2628 2166 Θεῷ
2683 2095 2773 2150 καὶ
2830 2096 3259 2171 κοσμοκράτορι.
3321 2093 3480 2165 Μηδέ
3526 2097 3592 2150 τὰ
3647 2097 3741 2169 μὲν

2082 2187 2219 2254 Θεῷ,
2269 2183 2334 2237 τὰ
2395 2180 2453 2237 δὲ
2505 2188 2625 2247 τοῖς
2678 2185 2871 2241 πάθεσι
2930 2183 3295 2259 πειθομένων.
3354 2184 3415 2239 Τί
3472 2186 3739 2255 οὗν;τὴν

2083 2269 2364 2346 βασιλείαν
2409 2276 2489 2346 τῷ
2521 2277 2637 2346 Θεῷ
2691 2273 2783 2329 καὶ
2841 2274 3010 2350 Πατρὶ
3063 2271 3417 2348 παραδώσεις
3462 2273 3583 2333 Ναί.
3620 2280 3744 2330 Δεῖ-

2079 2361 2164 2430 ξαι
2194 2361 2299 2437 γὰρ
2326 2361 2471 2418 θέλει
2507 2362 2633 2437 μίαν
2685 2364 2912 2441 γνώμην
2964 2371 3068 2434 τῆς
3122 2363 3281 2439 ἀγίας
3310 2360 3566 2440 Τριάδος.
3601 2364 3742 2423 Οὓτε

2078 2450 2203 2526 γὰρ,
2237 2452 2424 2530 φησὶν,
2453 2452 2481 2506 ὁ
2513 2452 2746 2527 Χριστὸς
2776 2454 3125 2529 κατορθώσας
3172 2454 3272 2523 τὴν
3333 2453 3545 2531 μάχην,
3577 2453 3739 2515 αὐτὸς

2082 2540 2247 2614 μόνος
2305 2540 2487 2617 ὥσπερ
2544 2565 2629 2607 τις
2684 2545 2944 2618 τύραννος
3002 2541 3211 2615 καθέξει
3268 2546 3369 2614 τὴν
3428 2543 3737 2621 βασιλείαν,

2076 2627 2224 2685 ἀλλά
2260 2630 2349 2685 καὶ
2406 2636 2487 2704 τῷ
2544 2633 2717 2707 Πατρὶ
2771 2634 2865 2688 καὶ
2921 2638 3000 2705 τῷ
3056 2633 3333 2706 Πνεύματι
3360 2634 3424 2689 τὸ
3454 2636 3737 2710 γινόμενον

2076 2719 2387 2792 πράττεται.
2423 2743 2451 2770 ‹‹
2481 2723 2573 2792 Τῷ
2605 2724 2721 2792 Θεῷ
2770 2721 2860 2775 καὶ
2892 2723 3083 2796 Πατρί.
3121 2745 3148 2773 ››
3182 2723 3734 2797 [ΟΙΚΟΓΜΕΝΙΟΥ.]

2079 2806 2176 2861 Διά
2230 2807 2292 2861 τὸ
2351 2805 2526 2862 α’ἰτιον
2588 2808 2763 2872 οὕτως
2793 2810 2963 2865 εἶπεν.
3023 2811 3085 2867 Ὀ
3140 2806 3193 2863 ἐν
3250 2810 3427 2885 ἁγίοις
3458 2810 3737 2885 Κύριλλος

2077 2892 2129 2948 ἐν
2162 2888 2370 2969 βιϐλίῳ
2417 2896 2660 2971 τετάρτῳ
2716 2900 2824 2952 τῶν
2883 2897 3019 2953 κατά
3076 2895 3405 2966 ἰουλιανοῦ,
3437 2899 3572 2972 πρὸς
3603 2897 3734 2953 αὐτὸ

2073 2983 2137 3038 τὸ
2200 2982 2367 3058 πέρας
2422 2985 2568 3040 οὕτω
2625 2988 2809 3065 φησίν*
2870 2987 3098 3044 «Ὅταν
3157 2983 3387 3063 παραδῷ
3440 2988 3543 3054 τὴν
3576 2988 3735 3061 βασι-

2075 3069 2246 3141 λείαν,
2277 3097 2305 3125 ››
2335 3074 2629 3143 τουτέστιν,
2663 3073 2950 3153 ἐλευθέραν
3014 3078 3088 3139 ὡς
3145 3076 3250 3132 ὑπὸ
3288 3075 3544 3151 τυράννου
3576 3072 3734 3152 διηρ-

2072 3161 2378 3237 πασμένην,
2434 3162 2631 3234 ἐξελὼν
2685 3165 2776 3221 καὶ
2834 3165 3198 3243 προσαγαγὼν
3239 3170 3317 3238 τῷ
3377 3161 3501 3238 ἰδίῳ
3540 3166 3734 3243 γεννή-

315 3257 471 3313 xerit
500 3258 741 3330 proprio
771 3259 1047 3331 genitori.
1082 3280 1111 3309 »
1150 3264 1297 3316 Cum
1348 3259 1673 3316 aboleverit
1728 3276 1965 3316 omnem

2076 3276 2214 3331 τορι.
2252 3279 2281 3309 ‹‹
2309 3258 2473 3315 ’Ὀταν
2502 3260 2825 3333 καταργήσῃ
2876 3241 3049 3313 πᾶσαν
3092 3241 3294 3337 ἀρχήν.
3330 3281 3358 3309 »
3382 3241 3734 3333 Καταργήσῃ,

312 3347 735 3419 principatum.
766 3370 795 3398 »
817 3348 1173 3417 Aboleverit,
1197 3350 1309 3405 hoc
1334 3356 1442 3418 est,
1467 3349 1771 3421 devicerit,
1794 3350 1963 3407 cohi-

314 3434 514 3489 buerit
539 3434 607 3489 ‘7.
639 3436 876 3491 Etenim
906 3453 1067 3492 nunc
1099 3443 1424 3508 operantur
1451 3455 1519 3494 ac
1567 3440 1684 3494 vim
1742 3440 1967 3495 habent

313 3542 505 3598 pravaa
537 3541 606 3581 ac
634 3527 978 3598 apostaticm
1004 3529 1334 3598 potestatis,
1367 3534 1511 3584 tunc
1557 3546 1696 3585 vero
1747 3547 1966 3604 nequa-

314 3631 494 3685 quam
524 3616 641 3671 vim
673 3622 969 3687 exserent,
1002 3618 1063 3672 in
1096 3617 1388 3674 ultionem
1448 3619 1698 3675 traditas.
1760 3620 1962 3677 Simile

315 3708 406 3758 est
434 3703 594 3775 quod
623 3705 704 3760 ait
735 3705 959 3761 David:
992 3728 1021 3756 ‹‹
1064 3706 1130 3761 In
1172 3706 1383 3763 umbra
1436 3707 1667 3764 alarum
1726 3713 1961 3766 tuarum

313 3791 564 3864 sperabo
598 3810 908 3865 quousque
959 3799 1223 3852 transeat
1278 3795 1561 3868 iniquitas
1617 3796 1680 3851 ⁸⁸.
1738 3819 1767 3847 ››
1798 3797 1961 3855 Tunc

308 3882 468 3937 enim
501 3883 799 3952 transibit,
834 3885 1072 3955 quando
1103 3886 1473 3958 principatus
1513 3904 1581 3944 ac
1637 3892 1959 3959 potestates

304 3969 541 4026 abolita)
565 3970 811 4041 fuerint,
840 3978 901 4028 et
928 3973 1060 4028 sine
1094 3974 1359 4030 efficacia
1392 3976 1742 4031 manserint.

383 4060 535 4116 575
571 4060 745 4116 Pater
776 4078 1014 4133 semper
1052 4079 1302 4135 regnum
1359 4064 1570 4119 habuit
1624 4066 1956 4130 hominum,

302 4147 423 4203 imo
454 4148 634 4203 etiam
665 4149 1036 4221 angelorum,
1068 4153 1172 4207 sed
1202 4152 1551 4226 angelorum
1569 4153 1810 4224 quidem
1830 4155 1956 4211 sine

303 4235 617 4302 seditione,
647 4237 960 4293 hominum
992 4256 1127 4294 vero
1159 4240 1404 4311 plenum
1448 4241 1866 4310 seditionibus,
1898 4249 1956 4299 et

303 4324 376 4380 ab
402 4324 820 4382 affectionibus
841 4328 1233 4397 captivum,ac
1250 4328 1590 4386 daemonum
1616 4331 1955 4387 tentationi-

301 4413 412 4468 bus
444 4415 753 4486 tyrannice
782 4432 1154 4487 oppressum.
1189 4423 1262 4472 At
1292 4418 1475 4475 Filius
1526 4421 1767 4491 propria
1820 4438 1953 4493 pas-

302 4503 471 4559 sione
503 4519 683 4574 quam
714 4504 879 4560 carni
909 4506 1111 4561 unitus
1144 4508 1674 4578 suscepit,omnem
1705 4527 1951 4567 enerva-

2069 3346 2336 3414 τουτέστι,
2366 3348 2591 3422 νικήσῃ,
2623 3346 2825 3423 παύσῃ.
2887 3352 2993 3402 Νῦν
3049 3348 3144 3421 μὶν
3190 3346 3291 3424 γᾶρ
3340 3344 3649 3421 ἐνεργοῦσιν
3679 3345 3736 3399 αἱ

2069 3435 2310 3509 πονηραὶ
2367 3436 2457 3490 καὶ
2515 3434 2877 3491 ἀποστατικαὶ
2936 3434 3218 3510 δυνάμεις,
3248 3434 3373 3490 τότε
3423 3432 3481 3489 δὶ
3527 3434 3628 3490 οὐκ
3669 3431 3729 3489 ἂν

2070 3520 2456 3598 ἐνεργήσωσιν,
2491 3523 2567 3587 εἷς
2614 3524 2842 3581 κόλασιν
2872 3521 3324 3600 παραδιδόμεναι.
3358 3524 3586 3597 Ὃμοιόν
3618 3544 3729 3601 φη-

2071 3632 2154 3666 σιν
2204 3612 2232 3666 6
2291 3609 2477 3683 Δαυίδ,
2510 3637 2536 3665 ‹‹
2577 3614 2663 3669 Ἐν
2701 3620 2771 3684 τῆ
2828 3618 2951 3684 σκιᾷ
2976 3617 3084 3668 τῶν
3115 3613 3398 3688 πτερύγων
3428 3633 3525 3668 σου
3557 3609 3736 3666 ἐλπιῶ

2066 3697 2169 3762 ἓως
2200 3697 2262 3755 οὗ
2320 3698 2566 3777 παρέλθῃ
2600 3703 2636 3771 ἡ
2669 3700 2893 3775 ἀνομία.
2928 3726 2955 3754 ›ι
3014 3702 3155 3760 Τότε
3208 3702 3309 3777 γάρ
3368 3700 3725 3776 παρέρχεται,

2069 3789 2193 3846 ὅταν
2253 3791 2307 3845 αἱ
2364 3790 2533 3871 ἀρχαὶ
2590 3791 2680 3846 καὶ
2740 3789 2975 3863 ἐξουσίαι
3032 3793 3436 3868 καταρῃθῶσι,
3494 3789 3584 3845 καὶ
3628 3790 3723 3843 ἀν-

2068 3878 2345 3955 ενέργητοι
2381 3881 2661 3952 μείνωσιν.

2139 4076 2302 4151 Εἶχεν
2350 4077 2430 4131 ἀεὶ
2461 4078 2490 4132 6
2522 4078 2713 4152 Πατὴρ
2766 4080 2867 4147 τὴν
2929 4083 3036 4134 τῶν
3082 4078 3385 4153 ἀνθρώπων
3420 4074 3724 4153 βασιλείαν,

2063 4163 2154 4218 καὶ
2184 4167 2292 4237 μήν
2322 4164 2412 4220 καὶ
2459 4169 2569 4221 τῶν
2629 4165 2895 4242 ἀγγέλων.
2959 4167 3137 4224 Ἀλλὰ
3192 4168 3291 4237 τήν
3357 4167 3451 4240 μὲν
3482 4171 3590 4222 τῶν
3632 4165 3725 4242 ἀγα

2064 4253 2267 4329 γέλων,
2328 4254 2703 4323 ἀστασίαστον,
2759 4257 2859 4326 τήν
2919 4254 2976 4312 δὲ
3047 4261 3156 4313 τῶν
3213 4258 3541 4333 ἀνθρώπων,
3597 4276 3725 4311 στα-

2065 4342 2375 4413 σιάζουσαν,
2425 4344 2514 4400 καὶ
2565 4347 2791 4408 πάθεσιν
2842 4345 3438 4423 αἰχμαλωτιζομένην,
3487 4346 3579 4402 καὶ
3610 4342 3730 4400 δαι-

2065 4432 2242 4505 μόνων
2299 4432 2579 4509 ἐπηρείαις
2631 4433 3092 4512 τυραννουμένην.
3156 4434 3310 4494 Ἀλλ’
3369 4437 3398 4492 6
3466 4437 3589 4497 Υἱὸς
3638 4431 3728 4489 διὰ

2058 4527 2155 4578 τοῦ
2186 4522 2397 4579 οἶκείου
2450 4525 2681 4593 πάθους,
2741 4524 2771 4581 6'
2830 4525 2886 4581 ἐν
2946 4527 3103 4601 σαρκῖ
3156 4528 3392 4603 γεγονὼς
3422 4522 3724 4593 ἀνεδέξατο,

300 4593 381 4647 vit
401 4594 805 4666 tyrannidem,
824 4611 892 4649 ac
911 4596 1168 4652 maxime
1202 4596 1470 4652 reddidit
1512 4598 1963 4669 imbecillem,et

2076 4618 2239 4667 πᾶσαν
2299 4611 2573 4689 ἐσάθρωσε
2628 4613 2917 4691 τυραννίδα
2972 4616 3063 4671 καὶ
3120 4613 3507 4679 ἀσθενεστάτην
3534 4610 3721 4685 εἰργά-

298 4683 696 4755 captivantem
728 4683 1064 4740 humiliavit
1094 4702 1163 4742 ac
1193 4686 1492 4759 captivum
1552 4689 1725 4760 cepit.
1790 4694 1954 4746 Atta-

298 4788 437 4828 men
494 4773 843 4829 hominibus
899 4775 963 4830 in
1022 4775 1139 4831 vita
1198 4776 1628 4847 torpentibus,-
1670 4785 1953 4851 tanquam

299 4862 573 4918 scintillae
605 4862 878 4934 quasdam
911 4863 1187 4920 vitiorum
1221 4870 1427 4922 nostra
1446 4867 1809 4940 negligentia
1828 4869 1956 4926 red-

296 4950 707 5007 accenduntur
737 4970 805 5009 ac
847 4953 1322 5011 inflammantur.
1384 4957 1523 5011 Post
1580 4956 1758 5013 finem
1816 4976 1951 5015 vero

301 5039 521 5096 sedatis
545 5042 786 5112 quidem
810 5045 1245 5115 affectionibus,
1266 5045 1637 5103 daemonibus
1658 5065 1794 5103 vero
1813 5068 1948 5123 sup-

297 5129 479 5200 plicio
515 5130 767 5199 traditis,
802 5138 861 5187 et
881 5133 1063 5205 justis
1104 5135 1165 5189 in
1220 5134 1495 5207 paradiso
1547 5136 1770 5209 absque
1826 5139 1952 5197 ulla

296 5218 638 5275 turbatione
668 5219 1043 5293 degentibus,
1077 5223 1261 5279 tradit
1281 5224 1465 5279 Filius
1487 5226 1644 5280 Patri
1678 5244 1946 5301 regnum,

294 5314 360 5364 ut
391 5308 550 5379 quod
581 5309 896 5380 tyrannide
929 5313 1210 5385 omnique
1240 5312 1529 5369 seditione
1568 5332 1785 5387 purum
1812 5319 1945 5374 red-

294 5395 463 5451 didit.

363 5486 481 5553 XV,
514 5486 713 5543 25-28.
749 5509 778 5537 ‹‹
811 5490 958 5544 Nam
989 5495 1226 5563 oportet
1262 5506 1400 5549 eum
1453 5507 1702 5566 regnare
1755 5495 1945 5558 donec

364 5633 409 5669 "'
438 5634 684 5705 Gregor.
719 5638 867 5690 orat.
906 5650 963 5704 ιι,
997 5636 1077 5691 De
1108 5636 1278 5692 Filio.
1313 5635 1361 5673 ⁸⁸
1389 5638 1545 5694 Psal.
1577 5654 1686 5707 va,
1719 5646 1770 5699 2.

2068 4723 2219 4772 σατον
2277 4702 2368 4757 καὶ
2425 4704 2487 4759 τὸ
2553 4702 2973 4780 αἷχμαλωτίζον
3029 4703 3353 4760 ἐταπείνωσε
3410 4700 3501 4753 καὶ
3559 4698 3719 4777 ᾐχμ-

2066 4789 2356 4849 αλώτισεν.
2389 4795 2579 4866 Ὅμως
2626 4798 2735 4850 τῶν
2789 4792 2841 4850 ἐν
2907 4793 3012 4869 βίῳ
3070 4786 3598 4867 καταρᾳθυμούντων
3632 4788 3724 4844 ἀν-

2065 4880 2322 4954 θρώπων,
2397 4881 2578 4957 ὣσπερ
2667 4881 2955 4958 σπινθῆρές
3036 4900 3173 4943 τινες
3226 4885 3329 4948 τῆς
3385 4878 3574 4941 κακίας
3635 4874 3724 4932 διὰ

2060 4976 2160 5038 τῆς
2219 4972 2380 5042 ἡμῶν
2439 4969 2727 5043 ἀμελείας,
2787 4971 3088 5026 ἀνάπτουσι
3149 4969 3239 5023 καὶ
3298 4966 3721 5043 ἀναφλέγονται.

2062 5060 2212 5116 Μετὰ
2244 5057 2303 5114 δὲ
2331 5061 2393 5115 τὸ
2424 5057 2607 5129 τέλος,
2658 5065 2765 5115 τῶν
2830 5060 2924 5134 μὶν
2983 5062 3168 5122 παθῶν
3201 5055 3581 5131 πεπαυμένων,
3612 5060 3721 5110 τῶν

2061 5143 2118 5202 δὲ
2177 5144 2454 5221 δαιμόνων
2514 5146 2929 5222 κολαζομένων,
2983 5147 3073 5202 καὶ
3126 5151 3233 5202 τῶν
3296 5143 3517 5202 δικαίων
3573 5145 3721 5200 ἀνεν-

2060 5233 2321 5311 οχλήτων
2365 5235 2417 5291 ἐν
2464 5233 2777 5311 παραδείσῳ
2838 5233 3235 5309 διαιτωμένων,
3289 5232 3658 5312 παραδίδωσιν
3692 5233 3721 5289 6

2057 5326 2181 5387 Υἱὸς
2253 5330 2332 5397 τῷ
2410 5326 2580 5398 Ιιατρί
2658 5327 2759 5396 τὴν
2840 5325 3119 5401 βασιλείαν
3198 5327 3273 5389 ὡς
3348 5327 3720 5400 κατορθώσας,

2054 5415 2290 5488 καθαρὰν
2316 5411 2629 5491 τυραννίδος
2656 5414 2743 5471 καὶ
2776 5416 3219 5473 ἀναστασίαστον.

2128 5527 2156 5556 ‹‹
2186 5506 2277 5559 Δεῖ
2305 5503 2410 5578 γὰρ
2462 5500 2624 5559 αὐτὸν
2688 5503 3021 5581 βασιλεύειν,
3061 5505 3227 5582 ἄχρις
3290 5505 3353 5562 οὗ
3397 5504 3458 5561 ἂν
3489 5506 3558 5579 θῇ
3590 5502 3725 5559 πάν-
