4080 6392
375 379 494 440 875

1497 364 1910 430 EGUMENII
1950 360 2259 428 TRICCE
2300 366 2655 436 EPISCOPI

3675 382 3794 443 B76

375 515 475 586 qui
514 528 583 568 ex
602 505 815 566 Graecis
846 500 1252 561 crediderant:
1312 500 1413 573 qui
1460 500 1659 557 Jovem
1716 497 2029 571 opinantur

2151 522 2179 550 ιι
2206 504 2346 564 Τότε
2382 505 2474 562 καὶ
2533 504 2693 570 αὐτὸς
2747 508 2776 563 6
2805 506 2928 571 Υἱὸς
2992 506 3395 585 ὑποταγήσεται
3448 508 3529 583 τῷ
3588 510 3793 569 ὑποτά-

373 601 437 659 in
467 600 774 675 proprium
808 600 1036 669 patrem
1081 594 1501 661 resurrexisse,
1536 608 1790 662 eumque
1847 607 2028 665 regno

374 691 691 764 expulisse.
727 689 978 743 Necesse
1008 700 1145 758 ergo
1184 684 1299 738 fuit
1353 700 1428 739 ne
1484 682 1628 753 quid
1684 680 2028 753 hujusmodi

369 784 593 839 factum
622 778 780 851 apud
838 794 948 833 nos
1007 775 1470 846 suspicarentur.
1529 774 1750 828 «Tunc
1798 779 1857 828 et
1901 773 2029 843 ipse

369 872 554 929 Filius
583 869 935 941 subjiciatur
970 866 1022 921 ei
1047 866 1147 936 qui
1170 864 1557 937 subjecitipsi
1587 863 1812 920 omnia.
1847 885 1876 915 ››
1912 862 2032 918 Hoc

372 968 482 1031 est,
515 967 659 1016 tunc
690 974 824 1015 vere
856 973 924 1013 ac
954 956 1151 1012 divino
1183 954 1358 1010 modo
1417 954 1721 1027 subjectus
1772 952 2032 1009 ostendi-

371 1058 491 1119 tur,
526 1051 670 1122 quia
693 1056 1003 1122 paternam
1020 1045 1337 1118 complevit
1356 1044 1719 1100 voluntatem
1743 1043 2030 1099 exhibens

367 1158 619 1216 regnum
652 1141 724 1196 ab
758 1138 921 1195 omni
978 1137 1269 1193 seditione
1331 1152 1400 1191 ac
1457 1133 1773 1207 tyrannide
1824 1132 2034 1189 libera-

370 1240 519 1291 tum.
554 1264 621 1274 —
650 1231 786 1287 Alio
842 1229 1026 1285 modo.
1088 1225 1310 1282 Deinde
1342 1242 1418 1281 ne
1450 1226 1583 1297 quis
1636 1225 1793 1280 dicat
1848 1223 2029 1296 quod,

368 1325 513 1381 licet
542 1323 845 1393 subjectus
894 1336 1016 1374 non
1057 1319 1136 1373 sit
1183 1320 1377 1373 Pater.
1410 1317 1561 1372 nihil
1617 1322 1772 1371 vetat
1817 1315 2030 1370 Filium

371 1430 501 1469 esse
531 1413 845 1484 majorem,
877 1409 1043 1465 addit
1086 1409 1232 1476 haec,
1265 1406 1723 1462 unanimitatem
1774 1422 1840 1460 ac
1898 1421 2032 1459 con-

371 1502 638 1560 cordiam
665 1498 1011 1567 ostendens,
1045 1502 1104 1553 et
1127 1496 1286 1568 quod
1318 1498 1492 1552 Pater
1518 1495 1680 1567 origo
1724 1500 1783 1550 et
1811 1495 2030 1566 princi-

367 1593 534 1666 pium
556 1591 633 1647 sit
652 1590 968 1655 bonorum,
988 1588 1088 1659 qui
1110 1586 1323 1641 Filium
1348 1591 1467 1641 tam
1494 1590 1795 1658 potentem
1817 1600 2030 1657 genue-

369 1684 468 1738 rit.
488 1681 752 1738 Audiens
775 1685 972 1735 autem
995 1677 1449 1748 subjectionem,
1473 1675 1671 1730 divino
1694 1675 1871 1731 modo
1883 1675 2030 1732 acci-

369 1770 638 1844 pitquod
661 1770 885 1825 dictum
918 1771 1026 1835 est,
1077 1782 1198 1822 non
1243 1766 1585 1821 servitutem
1636 1765 1899 1837 aliquam
1930 1770 2034 1821 aut

2138 602 2286 673 ξαντι
2337 597 2484 668 αὑτῷ
2528 598 2596 653 τὰ
2678 599 2871 677 πάντα.
2911 623 2932 651 ι
3009 598 3283 662 Τουτέστι,
3340 599 3464 658 τότε
3521 599 3791 661 δείκνυται

2139 693 2364 761 ἀληθῶς
2393 688 2483 744 καὶ
2514 690 2833 761 θεοπρεπῶς
2867 690 3326 763 ὑποτεταγμένας,
3368 691 3454 747 ὅτι
3501 691 3793 766 ἐπλήρωσε

2136 780 2199 836 τὸ
2255 780 2517 857 πατρικὸν
2581 778 2888 856 βούλημα,
2946 784 3299 855 παραστήσας
3347 784 3446 852 τήν
3507 784 3790 859 βασιλείαν

2138 870 2319 938 πάσης
2406 869 2643 929 στάσεως
2728 870 2818 925 καὶ
2907 868 3219 944 τυραννίδος
3303 872 3789 948 ἠλευθερωμένην.

2139 958 2475 1021 -Ἃλλως,
2511 961 2716 1033 [ΦΩΤ.]
2750 961 2886 1016 Εἶτα
2913 957 3006 1015 ἵνα
3039 961 3117 1033 μή
3148 981 3234 1022 τις
3264 959 3424 1038 λέγῃ,
3482 962 3567 1018 ὅτι
3624 963 3669 1019 εί
3698 963 3791 1020 καὶ

2143 1050 2219 1124 μὴ
2263 1049 2623 1105 ὑποτέτακται
2655 1049 2684 1104 6
2726 1050 2938 1126 Πατήρ,
2970 1048 3126 1105 οὐδὲν
3159 1047 3361 1107 κωλύει
3395 1053 3537 1108 εἶναι
3570 1053 3792 1125 μείζονα

2136 1137 2232 1194 τὸν
2283 1138 2430 1209 Υἱὸν,
2490 1139 2811 1214 προστίθησι
2869 1144 3058 1206 ταῦτα,
3119 1140 3381 1215 ὁμίνοιαν
3437 1139 3669 1207 δεικνὺς,
3700 1143 3791 1199 καὶ

2140 1227 2224 1282 ὅτι
2256 1228 2285 1284 6
2330 1230 2518 1304 Πατήρ
2569 1227 2719 1306 ἀρχὴ
2774 1227 2864 1284 καί
2923 1228 3066 1284 οίτία
3119 1234 3229 1285 τῶν
3289 1229 3523 1308 ἀγαθῶν,
3581 1231 3640 1294 ὅς
3698 1234 3791 1289 τὸν

2137 1316 2375 1372 τοσαῦτα
2432 1314 2727 1391 δυνάμενον
2784 1319 2908 1374 Υἱὸν
2962 1317 3300 1394 γεγέννηκεν.
3368 1323 3681 1398 ’Υποταγήν
3734 1319 3793 1379 δὶ

2140 1406 2374 1475 ἀοκῦων,
2430 1410 2747 1483 θεοπρεπῶς
2795 1402 2996 1465 ἕκλαϐε
3050 1411 3113 1465 τὸ
3170 1410 3479 1486 εἰρημένον,
3538 1413 3614 1485 μὴ
3660 1409 3791 1467 δου-

2141 1496 2290 1553 λείαν
2315 1499 2439 1553 τινα
2467 1498 2557 1553 καὶ
2618 1499 2899 1574 ὑποταγὴν
2933 1498 3208 1568 ἀκούσιον,
3269 1497 3418 1570 ἀλλ’,
3481 1501 3556 1565 ὡς
3619 1522 3790 1574 προσ-

2139 1593 2293 1659 ἧκον,
2328 1587 2454 1643 Υἱὸο
2496 1588 2624 1643 Θεὸν
2660 1588 2829 1665 Ῑιατρὶ
2889 1592 3007 1662 Θεῷ
3066 1588 3430 1664 ὑποτετάχθαι
3481 1588 3558 1651 ὡς
3614 1589 3788 1646 αἰτίαν

2140 1679 2407 1748 τιμῶντα,
2438 1673 2646 1748 ἔπειτα,
2675 1676 2766 1733 ἳνα
2813 1681 2882 1751 τῇ
2941 1679 3227 1751 περιουσίᾳ
3256 1684 3355 1747 τῆς
3387 1677 3606 1749 λέξεως,
3649 1679 3790 1750 οἷον,

2148 1789 2168 1816 ι
2203 1768 2314 1835 Τῆς
2349 1765 2648 1842 ὑποταγῆς,
2686 1792 2715 1820 »
2745 1769 2812 1823 τὰ
2840 1762 3008 1836 ἀσεϐῆ
3044 1765 3304 1843 δογματα·
3330 1765 3505 1823 ἐκεῖνα
3563 1762 3789 1844 ἐκλαϐῃ,

371 1840 805 1932 ἐμω-θοὶίοῐιθω
834 1856 1473 1923 involuntariam,561
1512 1855 1807 1922 sed,sicut
1845 1855 2029 1926 decet,

2143 1854 2208 1910 τὰ
2236 1856 2327 1911 τὸν
2361 1856 2486 1913 Υἱὸν
2518 1840 2743 1930 μείζονα
2781 1840 3204 1932 παρατιθέμενα.

366 1950 583 2006 Filium
619 1951 803 2005 Deum
828 1948 983 2003 Patri
1006 1947 1124 2002 Deo
1156 1945 1491 2017 subjectum
1525 1960 1677 2011 esse,
1712 1950 1995 2016 tanquam
2026 1945 2421 2003 honorantem
2451 1950 2813 2022 principium
2848 1966 2861 2005 :
2897 1950 3110 2006 deinde
3138 1956 3204 2006 ut
3231 1967 3478 2009 accessu
3508 1950 3791 2009 dictionis

368 2063 397 2091 ‹‹
423 2039 743 2111 Subjectio,
783 2059 811 2087 η
845 2035 1255 2109 intelligantur
1286 2034 1469 2107 impia
1499 2050 1629 2090 esse
1661 2033 1938 2106 dogmata
1966 2050 2097 2106 quas
2132 2036 2342 2092 Filium
2375 2038 2666 2110 majorem
2698 2055 2828 2096 esse
2859 2045 3219 2111 proponunt.

440 2160 470 2191 ‹‹
505 2139 579 2195 Ut
608 2138 686 2193 sit
737 2138 892 2192 Deus
941 2135 1145 2190 omnia
1202 2134 1265 2189 in
1320 2132 1620 2189 omnibus.
1656 2155 1684 2184 »
1743 2132 2031 2189 Malorum

367 2227 823 2285 exstinctionem
856 2241 963 2297 per
992 2225 1119 2280 hanc
1149 2223 1440 2295 designat.
1490 2223 1634 2278 Nam
1688 2221 1788 2278 ubi
1821 2238 2031 2294 pecca-

367 2324 495 2375 tum
526 2317 790 2373 deletum
830 2314 1032 2375 fuerit.
1084 2312 1331 2385 planum
1364 2319 1452 2367 est
1511 2312 1669 2383 quod
1722 2318 1863 2369 tunc
1920 2313 2034 2369 erit

364 2410 521 2465 Deus
551 2408 754 2463 omnia
780 2407 841 2459 in
864 2404 1166 2470 omnibus,
1200 2420 1336 2458 cum
1367 2420 1489 2459 non
1517 2403 1775 2475 amplius
1805 2404 2031 2462 divide-

374 2514 531 2563 mur,
564 2502 793 2567 partem
838 2496 955 2549 Deo
1014 2494 1367 2553 tribuentes.
1414 2499 1643 2564 partem
1697 2493 2026 2550 affectibus.

367 2585 487 2642 Alii
511 2602 644 2641 vero
676 2585 759 2640 ita
779 2583 1153 2655 interpretati
1176 2587 1333 2638 sunt.
1368 2582 1652 2639 Futurum
1679 2589 1787 2648 est,
1814 2583 2029 2655 inquit,

369 2683 437 2733 ut
467 2676 668 2732 omnia
696 2674 771 2731 ad
802 2676 1036 2730 Patrem
1066 2672 1431 2729 reducantur
1461 2679 1745 2745 tanquam
1767 2674 1841 2729 ad
1872 2673 2032 2746 prin-

372 2768 612 2840 cipium,
646 2783 720 2822 ne
752 2765 901 2820 duos
931 2763 1299 2836 principatus
1346 2762 1505 2818 inter
1549 2780 1611 2818 se
1670 2764 2028 2822 dissidentes

372 2855 693 2928 suspiceris
736 2856 883 2910 Nam
916 2852 1152 2925 quando
1187 2852 1410 2908 inimici
1444 2852 1552 2907 sub
1609 2852 1863 2925 pedibus
1895 2854 2027 2910 Filii

368 2946 649 3003 substrati
668 2945 893 3018 jacent,
924 2942 1108 2998 Filius
1156 2958 1289 2997 vero
1320 2958 1441 2998 non
1473 2942 1722 2999 dissidet
1748 2943 2027 3000 adversus

367 3036 626 3101 Patrem,
661 3032 765 3088 sed
798 3033 952 3087 sicut
983 3029 1200 3086 decens
1226 3035 1317 3085 est
1368 3029 1515 3085 Filio
1547 3031 1664 3086 Deo
1724 3031 2028 3104 subjectus

369 3130 461 3181 est
489 3123 730 3197 proprio
762 3121 938 3195 patri,
960 3120 1165 3191 utique
1192 3121 1367 3175 Pater
1388 3124 1479 3175 est
1507 3121 1710 3177 omnia
1740 3121 1801 3176 in
1832 3122 2028 3179 omni-

2214 2158 2244 2186 ι(
2276 2134 2385 2191 Ἰνα
2413 2133 2448 2209 ᾔ
2478 2138 2507 2191 ὁ
2555 2136 2685 2199 Θεὸς
2715 2136 2781 2192 τὰ
2834 2136 3010 2192 πάντα
3048 2136 3102 2192 ἐν
3159 2141 3343 2195 πᾶσιν.
3382 2161 3403 2189 ι
3461 2140 3572 2208 Τῆς
3601 2139 3794 2204 κακίας

2142 2218 2312 2293 δηλοῖ
2340 2220 2430 2279 διὰ
2456 2224 2663 2280 τούτων
2689 2226 2789 2295 τήν
2821 2225 3111 2301 ἀναίρεσιν.
3168 2228 3330 2283 Ὅταν
3396 2227 3500 2304 γάρ
3553 2230 3588 2299 ἡ
3616 2229 3791 2303 ἀμαρ-

2137 2312 2225 2368 τία
2255 2312 2534 2390 ἀναιρεθῇ,
2569 2313 2801 2388 εὔδηλον
2835 2315 2924 2372 Sit
2955 2318 2984 2371 6
3014 2312 3145 2379 Θεός
3208 2311 3356 2372 ἔσται
3405 2318 3473 2372 τὰ
3532 2318 3708 2373 πάντα
3737 2318 3788 2374 ἐν

2138 2409 2293 2474 πᾶσι,
2329 2406 2527 2477 μηκέτι
2575 2408 2738 2479 ἡμῶν
2796 2404 3260 2482 ἐπιμεριςομὲνων
3317 2406 3435 2480 Θεῷ
3488 2408 3578 2463 καὶ
3623 2409 3788 2473 παθε-

2140 2514 2242 2552 σιν.
2297 2491 2502 2552 Ἀλλοι
2533 2493 2590 2552 δὲ
2620 2494 2794 2560 οὕτως
2825 2499 3198 2572 ἡρμήνευσαν.
3249 2497 3478 2559 Μέλλει,
3538 2500 3692 2576 φησί,
3724 2499 3792 2554 τὶ

2139 2587 2315 2642 πάντα
2369 2585 2446 2650 είς
2477 2587 2572 2643 τόν
2627 2584 2836 2663 Πατέρα
2890 2588 3184 2664 ἠρτῆσθαι,
3244 2589 3319 2651 ὡς
3378 2589 3557 2645 αἰτίαν
3622 2594 3789 2646 τοῦτο

2140 2672 2200 2731 δέ
2227 2697 2412 2751 φησιν,
2440 2676 2530 2733 ἳνα
2564 2678 2640 2751 μή
2674 2675 2769 2733 δύο
2796 2678 2971 2753 ἀρχὰς
3003 2676 3406 2753 ἂπεσχισμὲνας
3457 2680 3785 2754 ὑπονοήσῃς.

2137 2767 2305 2823 ’Όταν
2338 2766 2443 2843 γὰρ
2494 2767 2545 2821 οἱ
2603 2766 2697 2839 μὲν
2756 2765 2952 2845 ἐχθροὶ
3013 2767 3117 2822 ὑπὸ
3172 2766 3299 2830 τοὺς
3356 2765 3528 2830 πόδας
3586 2774 3785 2824 κεῖνται

2135 2859 2234 2911 τοῦ
2265 2855 2416 2922 Υἱοῦ,
2449 2854 2478 2909 6
2511 2851 2568 2910 δὲ
2598 2854 2721 2918 Υἱὸς
2765 2856 2841 2927 μή
2899 2855 3158 2929 στασιάζῃ
3216 2855 3343 2925 τρὸς
3400 2856 3492 2910 τὸν
3553 2859 3783 2933 Πατέρα,

2138 2943 2285 3001 ἀλλά
2321 2945 2500 3006 καθὼς
2551 2942 2756 3017 πρέπον
2789 2945 2900 3018 Υἱῷ
2957 2949 3092 3017 Θεῷ,
3156 2945 3515 3000 ὑποτέτακται
3573 2950 3653 3017 τῷ
3705 2946 3788 3001 οἷ’-

2136 3034 2268 3107 κείῳ
2308 3035 2505 3109 Πατρὶ,
2532 3034 2560 3089 6
2594 3036 2782 3111 Πατήρ
2811 3033 2922 3090 ἐστι
2969 3034 3037 3090 τὰ
3093 3053 3265 3090 παντα
3307 3031 3358 3089 ἐν
3414 3038 3594 3091 πᾶσιν.
3656 3036 3786 3108 [Ul-

2139 3124 2580 3198 KOI‘MENIOI‘.]
2626 3156 2694 3167 —
2751 3122 3186 3183 Οίκειοποιεῖται
3249 3123 3354 3201 γὰρ
3401 3123 3469 3178 τὰ
3503 3125 3605 3177 τοῦ
3635 3123 3785 3191 Υίοῦ,

371 3215 503 3273 bus.
527 3247 597 3257 —
618 3213 865 3287 Propria
879 3212 1038 3269 enim
1062 3212 1228 3267 ducit
1251 3228 1384 3282 qua)
1415 3211 1547 3267 Filii
1580 3218 1718 3269 sunt
1748 3219 2029 3285 tanquam

2143 3214 2219 3277 ὡς
2278 3214 2487 3287 Πατήρ.
2537 3212 2645 3271 Καὶ
2675 3217 2779 3269 πᾶν
2810 3212 2943 3288 ὅπερ
2976 3210 3193 3269 δύναται
3252 3213 3281 3267 6
3306 3212 3456 3279 Υἱὸς,
3520 3214 3682 3267 τοῦτο
3713 3210 3788 3273 εἷς

377 3309 572 3373 Pater,
601 3310 661 3360 et
688 3301 980 3376 quidquid
1006 3307 1203 3374 potest
1230 3301 1437 3372 Filius,
1469 3302 1542 3357 ad
1563 3304 1800 3359 Patrem
1832 3305 2033 3362 refert.

374 3397 524 3452 Nam
544 3393 640 3449 hic
670 3394 783 3465 ipsi
805 3390 1166 3464 principium
1191 3396 1280 3446 est
1305 3396 1370 3445 ut
1399 3392 1588 3464 possit
1613 3392 1714 3465 qui
1737 3409 1873 3449 eum
1907 3394 2034 3455 sine

383 3492 651 3558 tempore
677 3481 996 3556 generavit.
1022 3511 1089 3521 —
1110 3480 1168 3535 Si
1198 3480 1394 3536 divino
1427 3482 1601 3539 modo
1641 3484 1825 3539 Filius
1878 3485 2037 3540 Patri

382 3575 752 3648 subjicietur,
786 3572 859 3628 ab
883 3570 1053 3626 initio
1083 3569 1385 3641 subjectus
1409 3578 1517 3630 est.
1554 3589 1623 3628 ex
1655 3588 1724 3629 eo
1768 3578 2035 3646 tempore

380 3683 499 3738 quo
534 3673 589 3721 et
622 3666 775 3720 Deus
806 3668 967 3717 erat:
1003 3660 1159 3732 quod
1188 3661 1234 3715 si
1268 3677 1390 3716 non
1423 3661 1726 3732 subjectus
1752 3670 1862 3734 est,
1895 3665 2031 3721 sub-

369 3756 635 3830 jicietur,
660 3754 923 3810 humano
958 3750 1130 3806 modo
1160 3749 1218 3806 id
1252 3751 1355 3807 fiet
1381 3767 1489 3824 pro
1528 3751 1721 3820 nobis,
1750 3754 1944 3826 nobis,
1978 3761 2039 3812 et

375 3862 498 3904 non
528 3845 729 3902 divino
763 3842 937 3899 modo
968 3858 1074 3913 pro
1104 3840 1299 3913 seipso

446 3939 564 4007 XV,
587 3939 772 3993 29433.
800 3957 828 3986 «
855 3933 1090 4004 Alioqui
1118 3932 1259 4004 quid
1290 3932 1512 3987 facient
1530 3932 1590 3988 hi
1613 3935 1715 4006 qui
1738 3935 2035 4009 haptizan.

377 4052 406 4081 (ι
436 4036 533 4086 tur
561 4043 668 4099 pro
716 4025 987 4083 mortuis.
1020 4023 1068 4079 si
1111 4022 1357 4078 omnino
1404 4022 1623 4078 mortui
1656 4041 1777 4080 non
1831 4042 2032 4081 resur«

378 4142 406 4171 ιι
438 4117 630 4192 gunt‘!
656 4117 771 4171 Cur
799 4115 979 4171 etiam
1011 4113 1381 4185 baptizantur
1402 4129 1508 4183 pro
1539 4114 1791 4169 mortuis
1812 4114 1840 4170 ‘?
1883 4115 2034 4180 Quid

378 4230 408 4260 «
440 4214 501 4262 et
523 4223 632 4261 nos
664 4204 1072 4277 periclitamur
1102 4202 1263 4257 omni
1297 4201 1492 4256 hora?
1525 4203 1585 4255 In
1618 4201 1744 4257 dies
1771 4206 2031 4262 morior:

377 4320 406 4349 «
440 4314 547 4370 per
576 4302 829 4352 vestram
852 4291 1268 4367 gloriationem
1292 4305 1470 4359 quam
1495 4290 1683 4345 habeo
1716 4291 1777 4346 in
1801 4293 2031 4353 Christo

379 4411 407 4439 ‹‹
439 4389 575 4445 Jesu
606 4387 855 4442 Domino
885 4388 1108 4439 nostro.
1134 4380 1191 4434 Si
1211 4377 1540 4434 secundum
1559 4378 1865 4439 hominem
1893 4402 2027 4442 cum

376 4477 579 4535 «feris
613 4472 938 4549 depugnavi
996 4468 1238 4541 Ephesi,
1292 4483 1425 4538 quae
1482 4469 1628 4547 mihi
1688 4472 1939 4541 utilitas,
1981 4478 2029 4533 si

2145 3302 2237 3357 τὸν
2266 3301 2478 3376 Πατέρα
2533 3302 2809 3378 ἀνάγεται.
2870 3300 3039 3363 Δὺτὸς
3105 3301 3209 3377 γὰρ
3268 3298 3415 3373 αὐτῷ
3465 3300 3640 3363 αἳτιος
3697 3303 3792 3355 τοῦ

2148 3387 2426 3460 δύνασθαι,
2477 3391 2506 3445 6
2563 3392 2827 3466 γεννήσας
2891 3389 3052 3445 αὑτὸν
3107 3388 3377 3464 ἆχρόνως.
3410 3421 3479 3432 -
3510 3391 3793 3463 [ΒΑΣΙΑ.]

2146 3479 2217 3537 Εἴ
2261 3484 2457 3544 θεῖκῶς
2518 3480 2546 3534 6
2585 3479 2711 3535 Υἱὸς
2766 3483 2847 3551 τῷ
2895 3479 3064 3553 Πατρὶ
3137 3479 3557 3555 ὑποταγήσεται,
3613 3477 3793 3554 ἀρχῆς

2146 3567 2662 3638 ὀπετὲτακτο,ὲξοῦ
2721 3567 2810 3624 καὶ
2868 3567 2998 3631 Oeric
3063 3567 3155 3638 ἧν.
3207 3567 3273 3626 Εἰ
3330 3566 3390 3623 δὲ
3440 3566 3550 3644 οὐχ
3606 3567 3796 3623 ὑπετέ-

2143 3680 2327 3729 τακτο,
2360 3655 2488 3714 ἀλλ’
2509 3655 2729 3734 ὕστερον
2788 3658 3217 3736 ὑποταγήσεται,
3276 3658 3628 3732 ἀνθρωπίνως
3662 3656 3796 3734 ὑπὲρ

2143 3750 2327 3823 ἡμῶν,
2359 3747 2448 3804 καὶ
2481 3747 2543 3804 οὑ
2576 3749 2771 3810 θεῖκῶς
2804 3746 2936 3820 ὑπὶρ
2967 3747 3183 3805 ἑαυτοῦ.

2215 3938 2367 3994 Ἐπεὶ
2494 3937 2547 3993 τί
2650 3937 2978 4008 ποιήσουσιν
3053 3935 3105 3990 οἱ
3182 3933 3571 4011 βαπτιζόμενοι
3651 3933 3786 4012 ὑπὲρ

2141 4031 2249 4085 τῶν
2305 4029 2550 4101 νεκρῶν,
2610 4025 2656 4081 εἰ
2715 4024 2862 4088 ὅλως
2918 4024 3099 4100 νεκροὶ
3172 4023 3272 4080 οὑκ
3330 4023 3674 4099 ἐγείρονται;
3721 4024 3791 4082 Τί

2141 4117 2228 4172 καὶ
2266 4115 2620 4191 βαπτίζονται
2691 4114 2821 4185 ὑπὲρ
2876 4118 2984 4170 τῶν
3038 4118 3290 4189 νεκρῶν;
3352 4112 3418 4171 Τί
3474 4115 3562 4169 καὶ
3618 4117 3787 4188 ἡμεῖς

2140 4205 2524 4279 κινδυνεύομεν
2572 4208 2745 4259 πᾶσαν
2821 4202 3017 4279 ὥραν;
3090 4205 3216 4258 Καθ’
3272 4202 3484 4279 ἡμέραν
3546 4204 3790 4273 ἀποθνή-

2143 4317 2276 4353 σκω.
2354 4295 2435 4363 Νὴ
2539 4294 2637 4363 την
2738 4292 3001 4367 ὑμετέραν
3100 4293 3373 4369 καύχησιν
3432 4293 3498 4363 ἢν
3562 4290 3678 4369 ἔχω
3734 4289 3789 4348 ἐν

2139 4389 2357 4463 Χριστῷ
2412 4388 2597 4455 Ἰησοῦ
2651 4389 2733 4457 τῷ
2790 4383 2976 4460 Κυρίῳ
3032 4386 3216 4456 ἡμῶν.
3270 4381 3333 4440 Εἴ
3384 4384 3521 4439 κατὰ
3578 4382 3836 4456 ἄνδρων

2139 4498 2239 4533 πον
2300 4475 2726 4551 ἐθηριομάχησα
2772 4472 2824 4529 ἐν
2883 4473 3115 4553 Ἐφέσῳ,
3172 4473 3227 4529 τί
3298 4493 3393 4547 μοι
3450 4472 3513 4528 τὸ
3566 4469 3788 4548 ὄφελος,

374 4568 644 4627 «mortui
674 4546 797 4623 non
826 4556 1190 4633 resurgunt?
1206 4556 1464 4614 Edamus
1482 4546 1543 4615 et
1564 4558 1861 4634 bibamus,
1895 4583 2028 4626 eras

2143 4570 2189 4624 εἴ
2244 4566 2420 4642 νεκροὶ
2473 4565 2577 4621 οὐκ
2631 4561 2983 4641 ἐγείρονταις
3066 4563 3342 4640 Φάγωμεν
3402 4560 3494 4618 καὶ
3548 4561 3783 4631 πίωμεν

372 4682 401 4713 α
433 4660 592 4717 enim
649 4653 960 4713 morimur.
1021 4648 1101 4703 Ne
1168 4646 1586 4705 seducamini:
1645 4668 2037 4731 corrumpunt

371 4774 400 4805 (ί
432 4765 631 4808 mores
662 4747 850 4804 bonos
881 4738 1183 4797 consortia
1211 4737 1389 4795 mala.
1425 4759 1453 4789 »
1646 4809 1650 4814 γ

438 4839 527 4896 Ad
559 4848 896 4893 sermonem
929 4829 1001 4886 de
1054 4828 1490 4885 resurrectione
1520 4832 1695 4899 redit,
1727 4842 1786 4891 et
1804 4839 1890 4895 ait
1920 4856 1933 4896 :
1969 4840 2025 4897 Si

367 4930 727 4988 resurrectio
758 4944 879 4983 nun
911 4929 1019 4989 est,
1053 4921 1153 4993 qui
1185 4920 1561 4992 baptizantur
1612 4941 1719 4995 pro
1772 4932 2026 4987 mortuis

370 5020 513 5093 quid
545 5016 805 5073 facient?
836 5017 954 5070 Hoc
985 5018 1076 5069 est
1123 5017 1404 5081 tanquam
1452 5027 1558 5081 pro
1616 5014 1710 5068 his
1755 5017 1854 5086 qui
1906 5036 2027 5076 non

367 5111 706 5179 resurgunt.
741 5104 1114 5159 Manifestum
1145 5100 1306 5153 enim
1339 5104 1429 5154 est
1457 5100 1618 5169 quod
1648 5101 1708 5156 in
1766 5121 2028 5165 resurre-

367 5199 591 5253 tionem
651 5199 1021 5248 mortuorum
1072 5187 1382 5243 credentes
1413 5186 1798 5259 baptizamur.
1850 5210 1917 5251 ac
1976 5198 2027 5252 si

369 5280 796 5347 diceretzQuid
829 5280 1047 5336 facient
1076 5277 1175 5347 qui
1200 5292 1306 5348 pro
1341 5278 1590 5332 mortuis
1614 5280 1857 5349 quidem
1892 5289 2023 5342 tan-

368 5391 547 5448 quam
579 5369 1025 5441 resurgentibns
1075 5372 1134 5421 et
1191 5363 1574 5421 crediderunt
1632 5376 1691 5423 et
1745 5368 2023 5443 baptizati

364 5470 523 5526 sunt.
557 5459 689 5517 falsi
722 5463 919 5513 autem
953 5471 1056 5526 spe
1083 5453 1246 5510 aliud
1294 5452 1601 5525 quidpiam
1660 5457 2023 5521 invenerunt

356 5563 575 5632 praeter
604 5569 675 5609 ea
710 5564 841 5620 quae
872 5544 1297 5617 exspectabant
1322 5542 1350 5597 ‘?
1383 5544 1536 5605 568
1575 5547 1894 5620 Quantum,
1928 5554 2022 5610 in-

356 5647 507 5721 quit,
540 5639 835 5700 dolebunt
864 5652 933 5694 ac
963 5635 1379 5708 deplorabunt,
1413 5638 1712 5710 fidemque
1764 5640 1825 5697 in
1854 5643 2026 5701 Chri.

355 5743 513 5797 stum
567 5740 854 5809 tanquam
911 5725 1262 5785 mendacem
1321 5728 1604 5787 conviciis
1664 5729 2026 5793 lacessent?

2147 4654 2333 4733 αὔριον
2401 4656 2506 4732 γὰρ
2591 4653 3025 4726 ὀποθνήσκομεν.
3112 4653 3200 4723 Μὴ
3286 4649 3580 4713 πλανᾶσθε·
3636 4646 3786 4726 φθεί-

2136 4768 2320 4825 ρουσιν
2353 4745 2463 4817 ἤθη
2496 4743 2715 4820 χρηστὰ
2745 4740 2965 4816 ὁμιλίαι
2987 4741 3170 4798 κακαί.

2209 4834 2380 4892 Πάλιν
2433 4833 2511 4898 εἰς
2563 4834 2658 4889 τὸν
2713 4839 2815 4902 τῆς
2863 4830 3198 4893 ἀναστάσεως
3254 4829 3395 4901 ἦλθε
3452 4827 3641 4905 λόγον,
3696 4826 3795 4883 καί

2133 4946 2315 5007 φησιν·
2387 4922 2454 4979 Ei
2517 4922 2807 4985 ἀνάστασις
2874 4920 2974 4978 οὒκ
3039 4918 3204 4992 ἔστιν,
3271 4920 3323 4975 οἱ
3394 4918 3787 5007 βαπτιζόμενοι

2137 5006 2270 5090 ὑπὲρ
2330 5018 2437 5069 τῶν
2516 5016 2738 5089 νεκρῶν,
2827 5009 2881 5068 τί
2960 5013 3299 5080 ποιήσουσι;
3382 5009 3657 5064 τουτέστιν
3713 5006 3791 5073 ὡς

2139 5106 2215 5179 μὴ
2272 5102 2660 5175 ἀνισταμένων.
2727 5097 2978 5171 Εὔδηλον
3028 5099 3133 5175 γὰρ
3221 5097 3306 5153 ὅτι
3362 5097 3441 5161 εἶς
3495 5096 3782 5151 ἀνάστασιν

2131 5197 2333 5268 νεκρῶν
2384 5191 2786 5257 πιστεύσαντες,
2850 5189 3245 5264 βαπτιζόμεθα,
3304 5186 3432 5241 ὡσεὶ
3489 5180 3662 5263 ἔλεγεο
3722 5186 3791 5241 Τί

2130 5283 2458 5351 ποιήσουσιν
2495 5281 2547 5335 οἱ
2582 5279 2716 5353 ὑπὲρ
2745 5280 2949 5351 νεκρῶν
2983 5274 3078 5349 μὲν
3136 5276 3211 5330 ὡς
3267 5274 3637 5346 ἀνισταμενων
3696 5275 3789 5328 καὶ

2130 5370 2516 5434 πιστεὺσαντες
2573 5368 2664 5424 καὶ
2723 5366 3148 5443 βαπτισθὲντες,
3202 5365 3516 5440 ψευσθὲντες
3577 5361 3634 5420 δὲ
3683 5369 3790 5433 τῆς

2131 5460 2379 5525 ἐλπίδος,
2406 5461 2498 5516 καὶ
2529 5457 2675 5515 ἄλλο
2721 5477 2773 5513 τι
2807 5454 3098 5531 εὑρηκᾶτες
3153 5455 3299 5531 παρὰ
3349 5456 3419 5512 τὰ
3468 5450 3792 5531 προσδοκη-

2132 5552 2287 5617 θὲντα
2321 5570 2335 5608 :
2373 5550 2540 5620 Πόσα,
2580 5546 2766 5628 φησὶν,
2798 5543 3212 5619 ἁδημονήσουσι
3269 5546 3360 5600 καὶ
3414 5541 3797 5599 ἀποκλαὺσον-

2128 5662 2239 5714 ται,
2278 5636 2370 5695 καὶ
2401 5639 2503 5707 τὴν
2542 5627 2722 5695 πίστιν
2753 5636 2854 5705 τὴν
2886 5634 2963 5699 είς
3013 5635 3247 5708 Χριστὸν
3278 5634 3353 5697 ὡς
3383 5629 3556 5710 ψευδῆ
3593 5627 3791 5689 λοιδο-

2132 5730 2360 5807 ρήσουσι
2388 5746 2402 5800 ;
2432 5730 2605 5786 Τοῦτο
2636 5725 2810 5808 λέγει,
2847 5753 2866 5781 ι
2902 5725 2974 5788 Τί
3003 5727 3299 5802 ποιήσουσι
3332 5745 3348 5800 ς
3384 5746 3408 5781 ιι
3470 5720 3789 5796 Τουτὲστιν,
