4080 6400
293 418 416 479 877

1284 405 1678 476 COMMENT.
1729 408 1809 470 IN
1855 402 2108 468 EPIST.
2155 405 2179 467 l
2224 407 2327 468 AD
2372 405 2748 469 CORINTH.

3611 411 3731 474 8‘18

299 553 440 610 αὺτά
471 554 797 624 ποιήσουσιν
851 550 986 628 ἅπερ
1026 570 1198 608 ειπον.
1253 549 1414 624 Ὁρᾷς
1463 549 1570 601 ποῦ
1619 544 1860 620 ἀνήγαγε
1897 539 1959 595 τὸ

2079 541 2186 598 hoc
2218 542 2544 616 signiﬁcat:
2608 543 2761 607 Quid
2815 544 3052 610 facient.
3087 558 3304 617 nempe
3334 545 3464 604 haec
3509 546 3734 605 facient

290 649 566 720 πρᾶγμα;
600 675 668 685 -—
717 644 928 717 [¢32T.]
991 642 1141 697 ἰ-,πεί
1199 640 1251 694 τί
1308 639 1624 708 ποιήσουσι,
1683 632 1872 709 φησὶν,
1911 629 1964 686 οἱ

293 735 723 808 βαπτιζόμενοι,
754 733 892 789 ὥστε
936 734 1012 806 μή
1073 732 1211 786 εἶναι
1273 727 1562 791 διαπαντὸς
1617 725 1821 799 νεκροὶ,
1875 722 1967 778 καὶ

289 821 353 877 ἐν
391 826 470 894 τῷ
501 818 602 896 ’ᾲδῃ
641 819 1006 895 nou-5126012;
1041 820 1176 885 οἷον,
1234 820 1348 882 Τῆς
1399 815 1760 878 ἀναστάσεως,
1811 811 1967 888 φησὶ,

301 913 388 985 μὴ
452 909 643 980 οὔσης,
701 912 752 964 o't
803 909 892 964 ἐπὶ
940 909 1220 970 τοιαύταις
1275 906 1461 961 ἐλπίσι
1547 902 1968 980 βαπτιζόμενοι,

295 1000 443 1056 ὣστε
493 1000 629 1055 κατά
685 997 908 1054 θάνατον
955 1000 1273 1067 ἀναστῆναι,
1326 994 1377 1050 τί
1439 996 1774 1064 ποιήσουσι;
1839 1013 1868 1042 ‹‹
1900 988 1971 1046 Εἴ

297 1088 457 1152 ὅλως
489 1090 674 1164 νεκροὶ
710 1088 810 1143 οὐκ
845 1087 1166 1164 ἐγείρονται.
1204 1110 1231 1137 η
1292 1087 1359 1142 Εἴ
1417 1081 1565 1145 ὅλως
1629 1079 1810 1153 νεκροὶ
1871 1078 1972 1133 οὐκ

295 1177 640 1256 ἐγείρονται,
669 1177 720 1232 τί
765 1177 857 1232 καὶ
917 1176 1272 1252 βαπτίζονται
1328 1171 1423 1228 ’ίνα
1481 1173 1824 1238 ἀναστῶσιν;
1879 1165 1970 1222 αὖ·

293 1271 398 1330 τὸς
456 1267 514 1323 δὲ
574 1266 1146 1338 ἐπιπληκνικώτερον,
1207 1288 1234 1316 ‹‹
1290 1262 1450 1337 Ὑπὲρ
1507 1266 1616 1316 τῶν
1667 1262 1896 1332 νεκρῶν,
1937 1278 1965 1309 »

297 1359 494 1437 φησὶν,
527 1356 669 1424 οἷον,
702 1353 810 1418 Οῧς
845 1355 1003 1429 ὑμεῖς
1034 1351 1123 1409 διὰ
1153 1361 1252 1423 τῆς
1314 1350 1454 1414 ἰδίας
1517 1349 1702 1420 δόξης,
1759 1344 1970 1409 ἀϊδίους

294 1447 527 1523 νεκροὺς
559 1447 892 1523 ἀπεφήνατε,
923 1445 1144 1519 νεκροὺς
1177 1440 1256 1512 δὲ,
1287 1441 1378 1498 καὶ
1433 1439 1564 1505 τοὺς
1611 1438 1824 1501 ἄλλους
1877 1451 1968 1504 καὶ

293 1537 544 1603 ἑαυτοὺς,
602 1535 693 1590 καὶ
738 1535 962 1610 νεκροὺς
1049 1531 1301 1593 αἶ’ωνίους
1387 1530 1827 1607 ἀποφηνάμενοι,
1915 1524 1968 1580 τί

295 1626 620 1702 βαπτίζεσθε
653 1625 786 1696 ὑπὲρ
830 1624 1006 1698 ὑμῶν,
1061 1627 1169 1677 τῶν
1225 1623 1423 1696 μήκετι
1472 1621 1590 1675 καθ’
1644 1619 1786 1691 ὑμᾶς
1843 1616 1967 1671 ἀνα-

299 1717 678 1789 στησομένων,
710 1712 841 1770 ἀλλ’
872 1714 955 1768 ἀεὶ
987 1717 1189 1789 νεκρῶν
1229 1710 1502 1783 ἐσομένων
1536 1729 1550 1781 ;
1602 1710 1725 1766 Ἐπὶ
1779 1705 1967 1763 ἄλλων

308 1805 371 1861 δὲ
399 1806 700 1880 προσώπων
733 1805 965 1880 προάγει
997 1803 1090 1858 τὸν
1123 1802 1308 1877 λόγον,
1337 1802 1427 1856 καὶ
1486 1799 1616 1876 οὐχὶ
1664 1797 1749 1854 ἐπ’
1792 1799 1967 1854 αὐτῶν

312 1892 549 1962 ἐκείνων,
576 1894 663 1948 ἳνα
699 1895 775 1964 μή
809 1891 976 1948 πλέον
1005 1892 1411 1966 καθαψάμενος,
1466 1890 1541 1952 εἰς
1591 1889 1851 1944 ἀπόνοιαν
1883 1886 1964 1943 ἐκ·
1996 1921 2042 1986 Β

312 1981 630 2053 καλέσηται.
661 2007 689 2035 ‹‹
723 1981 785 2036 Τί
815 1982 906 2037 καὶ
937 1984 1103 2055 ἡμεῖς
1131 1979 1552 2055 κινδυνεύομεν;
1589 2003 1615 2031 n
1668 1978 1732 2034 Εἰ
1790 1977 1962 2049 ὅλως,

310 2073 502 2156 φησῗν,
529 2071 818 2135 ἀνάστασις
852 2071 952 2128 οὐκ
980 2069 1116 2142 ἔστι,
1149 2067 1294 2126 διατί
1339 2074 1503 2144 ἡμεῖς
1554 2071 1606 2125 o't
1666 2067 1966 2124 ἀπόστολοι

305 2162 390 2218 is?
423 2161 476 2217 ἐν
503 2159 774 2226 κινδύνοις
800 2160 958 2235 ἐσμέν
985 2181 999 2230 ;
1025 2165 1192 2216 τοῦτο
1224 2159 1395 2235 λέγει,
1443 2161 1562 2224 καθ’
1624 2157 1854 2233 ἡμέραν,
1903 2156 1967 2212 τὸ

305 2247 413 2305 ἀεί.
449 2249 691 2326 Μεγίστη
740 2245 798 2303 δὲ
851 2251 951 2314 τῆς
1009 2248 1347 2309 ἀναστάσεως
1408 2243 1702 2318 ἀπόδειξις,
1755 2245 1818 2300 τὸ
1874 2242 1965 2299 καὶ

305 2338 442 2400 τοὺς
472 2336 815 2400 ἀποστόλους
847 2339 1094 2413 ὁρᾶσθαι,
1133 2336 1299 2416 μέχρι
1355 2336 1581 2400 θανάτου
1629 2333 1968 2391 κινδυνεύον-

302 2448 420 2490 τας.
485 2453 506 2479 ι
571 2428 702 2485 Καθ’
761 2429 970 2500 ἡμέραν
1028 2426 1380 2497 ἀποθνήσκω.
1444 2451 1472 2478 ››
1530 2429 1614 2500 Τῇ
1662 2423 1963 2500 προθυμίαι

303 2520 393 2578 καὶ
425 2525 504 2592 τῷ
533 2521 672 2596 πρὸς
706 2519 868 2575 αὐτὸν
903 2519 1140 2590 ἑτοίμως
1171 2514 1318 2594 ἔχειν
1382 2518 1448 2574 Ἦ
1507 2516 1634 2572 ὅσον
1681 2520 1802 2576 ταῖς
1852 2512 1966 2569 ἐπι-

312 2631 507 2690 φοραις
538 2614 646 2664 τῶν
677 2607 917 2682 θλίψεων
944 2607 1036 2663 καὶ
1069 2612 1412 2684 πειρασμῶν,
1462 2607 1551 2661 καὶ
1599 2608 1668 2679 τῇ
1719 2615 1965 2677 καθημε-

309 2703 430 2776 ρινῇ
464 2696 650 2754 ἐλπίδι
678 2702 776 2753 τοῦ
810 2697 1065 2753 θανάτου.
1101 2721 1127 2749 ‹‹
1164 2698 1244 2767 Νὴ
1278 2698 1377 2766 τήν
1426 2695 1688 2770 ὑμετέραν
1745 2693 1965 2768 καύχη-

311 2810 410 2847 σιν.
447 2812 476 2840 ι)
505 2821 575 2832 -
608 2788 822 2862 [ΦΩΤ.]
853 2791 926 2844 "ll
959 2787 1154 2860 ὂμνυσι
1196 2785 1398 2861 λέγων,
1430 2785 1520 2842 Μὰ
1548 2786 1648 2850 τὴν
1701 2779 1961 2858 ὑμετέραν

311 2879 608 2954 καύχησιν,
641 2876 700 2946 ἢ,
758 2877 856 2931 Διὰ
884 2877 983 2945 τήν
1014 2877 1275 2951 ὑμετέραν
1302 2875 1578 2950 καύχησιν
1610 2873 1962 2944 ἀποθνήσκω,
1993 2863 2003 2870 ’

313 2967 460 3045 λέγει
494 2965 551 3022 δὲ
580 2969 680 3036 την
710 2965 886 3021 αὐτῶν
919 2968 1230 3040 προκοπήν’
1289 2966 1564 3041 καύχησις
1603 2965 1704 3040 γάρ
1752 2967 1834 3035 τῷ
1881 2959 1965 3016 δι-

315 3054 568 3130 δασκάλῳ
597 3060 631 3127 ἡ
662 3062 771 3113 τῶν
806 3060 1065 3130 μαθητῶν
1094 3054 1358 3118 ἐπίδοσις.
1393 3080 1420 3107 ‹‹
1454 3056 1551 3110 Ἤν
1594 3052 1708 3130 ἔχω
1739 3051 1790 3108 ἐν
1827 3053 1964 3126 Χρι-

317 3151 430 3217 στῶ
483 3147 682 3216 Ἰησοῦ.
742 3169 773 3198 ››
832 3143 1054 3214 Ἐπειδή
1140 3151 1280 3220 μέγα
1362 3143 1499 3215 είπε,
1585 3147 1664 3216 τῷ
1746 3146 1964 3215 Χριστῷ

324 3231 474 3304 αύτῷ
504 3233 792 3303 ἀνατίθησι.
828 3235 925 3288 Διά
951 3235 1051 3302 τήν
1083 3235 1369 3307 προκοπὴν
1435 3233 1612 3305 ὑμῶν,
1657 3230 1846 3308 φησὶν,
1894 3231 1962 3299 ἢν

325 3319 442 3396 ἔχω
473 3316 560 3375 διὰ
587 3323 756 3392 Ἰησοῦ
785 3326 1052 3398 Χριστοῦ.
1091 3346 1119 3374 ‹‹
1163 3321 1228 3379 Εἰ
1253 3322 1390 3376 κατά
1417 3321 1698 3396 ἄνθρωπον
1740 3319 1965 3391 ἐθηριοσο

320 3408 570 3485 μάχησα.
596 3433 624 3462 η
648 3412 804 3469 Ὀσον
836 3411 957 3480 ἧκε,
995 3410 1183 3487 φησὶν,
1218 3409 1292 3472 είς
1327 3408 1668 3484 ἀνθρώπους,
1699 3406 1810 3485 ἐγὼ
1839 3407 1967 3477 ἐθη-

313 3500 656 3578 ριομάχησα,
684 3501 798 3556 ἀντὶ
827 3505 948 3570 τοῦ,
977 3502 1141 3558 ὐσον
1172 3501 1240 3568 ἦν
1280 3521 1372 3573 μοι
1407 3495 1657 3556 δυνατὸν.
1708 3496 1886 3554 Ἀλλά
1912 3498 1966 3552 τί

307 3589 502 3646 τούτου
535 3611 628 3664 μοι
657 3586 883 3668 ὄφελος,
917 3589 1250 3651 ἀναστάσεως
1287 3590 1362 3662 μὴ
1395 3585 1564 3660 οὔσης
1592 3609 1608 3660 ;
1639 3590 1711 3645 "II
1769 3583 1966 3659 οὕτως,

313 3678 378 3737 Εἰ
402 3681 475 3752 μή
512 3677 603 3734 διὰ
628 3681 729 3749 τήν
762 3677 1022 3752 ἐσομένην
1057 3675 1259 3734 ἐλπίδα
1296 3679 1386 3734 καὶ
1419 3677 1687 3733 ἀντίδοσιν
1747 3676 1966 3751 ἐθηριο-

330 3768 559 3842 μάχησα,
592 3766 742 3824 ἀλλά
771 3765 861 3823 διὰ
889 3766 1045 3839 δόξαν
1087 3767 1456 3844 ἀνθρωπίνην,
1510 3769 1564 3822 τί
1621 3766 1920 3845 ὠφέλημαι
1949 3786 1962 3835 ;

326 3864 744 3934 Θηριομαχῆσαι
786 3855 842 3912 δὲ
894 3857 1076 3926 καλεῖ,
1132 3859 1196 3913 τὸ
1251 3858 1388 3933 πρὸς
1445 3855 1739 3918 Ἰουδαίους
1793 3852 1965 3935 ἔχειν,

325 3949 413 4002 καὶ
443 3949 578 4024 πρὸς
610 3951 927 4024 Δημήτριον
954 3948 1046 4003 τὸν
1082 3947 1489 4024 ἀργυροκόπον.
1545 3949 1610 4004 Τί
1666 3949 1769 4023 γὰρ
1819 3945 1969 4001 οὗτοι

316 4038 523 4112 θηρίων
562 4034 852 4116 διέφερονς
914 4061 934 4089 ι
968 4037 1034 4094 Εἰ
1089 4036 1268 4112 νεκροὶ
1327 4037 1428 4091 οὐκ
1472 4035 1784 4110 ἐγείρονται.
1821 4060 1849 4087 ››
1909 4033 1972 4090 Εἰ

317 4126 497 4200 νεκροῖ
532 4126 631 4182 οὐκ
683 4126 1004 4202 ἐγείρονται,
1062 4123 1186 4181 οὐδὲ
1233 4123 1505 4188 ἀντίδοσις
1558 4126 1698 4180 ἐστιν
1758 4124 1974 4203 ἀγαθῶν

313 4216 403 4271 καὶ
433 4220 639 4272 κακῶν.
667 4215 872 4270 Τούτου
906 4213 964 4270 δὲ
998 4217 1074 4288 μὴ
1107 4216 1284 4282 ὄντος,
1317 4219 1506 4294 φαγεῖν
1567 4213 1648 4269 δεῖ
1696 4213 1786 4269 καὶ
1834 4219 1976 4268 πιεῖν

313 4306 420 4380 πρὸ
477 4309 576 4359 τοῦ
627 4305 938 4375 ἀποθανεῖν,
999 4305 1072 4368 ὡς
1128 4305 1334 4360 τούτων
1395 4303 1572 4378 μόνων
1630 4305 1756 4380 παρ’
1815 4304 1976 4378 ἡμῶν

311 4392 767 4470 κερδαινὸμένων.
817 4399 996 4455 Τοῦτο
1059 4395 1116 4452 δὲ
1174 4397 1328 4472 ῥῆμα
1413 4393 1815 4469 κωμῳδοῦντος
1873 4396 1974 4463 τὴν

313 4484 526 4556 ἄνοιαν,
557 4490 665 4540 τῶν
697 4489 774 4560 μή
809 4487 1083 4564 λεγόντων
1115 4489 1214 4558 τὴν
1265 4487 1572 4541 ἀνάστασιν.
1627 4509 1654 4536 ‹‹
1689 4487 1781 4554 Μὴ
1832 4485 1977 4540 πλα-

315 4581 500 4639 νᾶσθε.
561 4599 590 4627 ››
651 4610 718 4619 ——
778 4578 987 4653 [ΦΩΤ.]
1047 4576 1413 4652 ἈπαλΑαγεὶς
1471 4580 1579 4631 τῶν
1639 4574 1717 4638 εἷς
1774 4573 1974 4630 ὂίτοπον

1992 3284 2034 3350 C

2078 648 2204 704 quae
2236 634 2562 690 dixi.Vides
2596 650 2711 703 quo
2738 650 2857 688 rem
2891 634 3219 690 deduxerit.
3247 635 3553 709 -—Alioqui
3588 636 3733 709 quid

2078 721 2301 777 facient
2331 724 2431 793 qui
2486 723 2877 794 baptizantur.
2911 739 2986 778 ne
3019 741 3254 796 semper
3283 727 3500 782 mortui
3535 728 3656 782 sint
3678 733 3736 784 et

2078 804 2491 884 apud'inferos
2523 813 2954 868 detineantur?
2987 815 3102 868 Hoc
3126 821 3235 880 est,
3269 816 3315 870 si
3348 832 3468 872 non
3515 817 3592 872 sit
3639 833 3731 872 re-

2080 903 2367 983 surrectio
2399 902 2539 972 quid
2557 903 2779 958 facient
2794 903 2830 956 ii
2852 903 2950 972 qui
2965 903 3040 956 ob
3060 904 3403 970 huiusmodi
3419 923 3584 976 spem
3599 907 3737 980 bap-

2080 993 2339 1048 tizantur
2369 1011 2486 1065 quo
2514 999 2645 1065 post
2665 1001 2915 1049 mortem
2942 995 3428 1050 resuscitentur.«
3453 997 3506 1051 Si
3541 997 3736 1053 omni-

2080 1097 2158 1135 no
2207 1085 2427 1139 mortui
2487 1100 2608 1139 non
2669 1089 2988 1156 resurgunt
3043 1106 3072 1135 ›ι
3133 1085 3188 1139 Si
3248 1086 3463 1141 mortui
3497 1089 3732 1142 omnino

2079 1186 2200 1226 non
2231 1173 2583 1237 excitantur,
2622 1189 2805 1244 quare
2840 1173 3016 1229 etiam
3043 1172 3418 1245 baptizanlur
3445 1181 3507 1230 ut
3562 1190 3734 1232 resu-

2081 1262 2372 1316 scitentur
2390 1261 2419 1317 ‘I
2444 1264 2570 1334 Ipse
2596 1269 2797 1318 tamen
2822 1262 3032 1333 majori
3061 1278 3195 1318 cum
3215 1263 3734 1335 increpationcdi-

2078 1351 2188 1405 cit:
2215 1372 2242 1400 «
2278 1353 2388 1406 Pro
2428 1351 2702 1417 mortuis,
2737 1374 2765 1401 »
2812 1351 2922 1406 hoc
2955 1357 3064 1420 est,
3126 1368 3275 1423 quos
3332 1369 3432 1408 vos
3493 1354 3735 1425 propria

2078 1440 2361 1511 opinione
2389 1447 2678 1514 perpetuo
2706 1448 2973 1496 mortuos
3004 1442 3270 1496 asseritis
3297 1459 3309 1498 :
3336 1451 3602 1498 mortuos
3632 1459 3733 1498 ve-

2077 1546 2143 1583 ro
2175 1536 2234 1584 et
2263 1530 2411 1586 alios
2439 1537 2498 1586 et
2537 1531 2802 1602 vosipsos
2833 1531 3239 1597 enuntiantes,
3271 1538 3557 1604 perpetuo
3601 1548 3731 1589 esse

2078 1625 2364 1675 mortuos.
2417 1622 2532 1676 Cur
2570 1637 2676 1693 pro
2724 1620 2888 1676 vobis
2927 1621 3332 1692 baptizamini,
3384 1639 3518 1678 cum
3561 1623 3734 1694 juxta

2076 1714 2331 1765 vestram
2377 1711 2736 1766 sententiam
2785 1727 3092 1783 nunquam
3141 1711 3269 1766 sitis
3317 1713 3730 1780 resurrecturi,

2077 1799 2180 1854 sed
2213 1801 2427 1855 mortui
2463 1817 2700 1872 semper
2727 1801 2962 1856 futuri?
2991 1801 3108 1856 Sub
3148 1801 3283 1857 aliis
3303 1808 3502 1857 autem
3533 1818 3734 1874 perso-

2077 1891 2170 1945 nis
2203 1890 2443 1946 deducit
2473 1907 2835 1960 sermonem,
2869 1895 2927 1946 et
2984 1907 3103 1946 non
3136 1891 3244 1946 sub
3299 1891 3417 1947 illis
3463 1892 3630 1966 ipsis,
3654 1907 3728 1947 ne

2077 1979 2256 2034 nimis
2277 1979 2494 2035 acriter
2523 1996 2624 2036 eos
2673 1980 2996 2053 objurgans
3037 1986 3312 2052 provocet
3361 1997 3459 2036 eos
3518 1981 3592 2037 ad
3631 1981 3730 2036 de-

2077 2070 2498 2142 sperationem.
2533 2091 2561 2120 ‹‹
2577 2069 2727 2136 Quid
2755 2075 2814 2125 et
2841 2087 2951 2126 nos
2981 2070 3390 2142 periclitamur
3419 2071 3581 2128 omni
3619 2071 3730 2128 ho-

2073 2158 2228 2213 ra?»
2251 2158 2310 2213 Si
2340 2159 2696 2215 resurrectio
2728 2159 2974 2215 omnino
3014 2176 3135 2215 non
3167 2160 3301 2226 erit,
3352 2160 3567 2230 inquit,
3623 2177 3728 2216 cur

2074 2264 2182 2303 nos
2213 2248 2466 2319 apostoli
2499 2265 2736 2320 semper
2764 2249 2825 2304 in
2856 2249 3139 2320 periculis
3179 2265 3485 2305 versamur
3507 2249 3534 2304 ?
3576 2253 3726 2305 Nam

2073 2340 2190 2400 καθ’
2220 2335 2431 2410 ἡμεραν
2462 2338 2759 2410 signiﬁcat
2806 2336 2908 2408 ἀεὶ,
2941 2337 3053 2394 hoc
3111 2345 3221 2404 est,
3278 2355 3506 2409 semper.
3556 2339 3728 2394 Maxi-

2072 2442 2170 2482 ma
2199 2443 2335 2483 vero
2385 2428 2844 2483 resurrectionis
2892 2435 3018 2484 erat
3063 2429 3335 2496 assertio,
3379 2428 3726 2500 conspicere

2071 2517 2370 2591 apostolos
2402 2517 2473 2572 ad
2505 2523 2760 2573 mortem
2783 2533 2972 2591 usque
2995 2519 3053 2573 in
3086 2518 3367 2590 periculis
3398 2523 3722 2590 versantes.

2071 2611 2188 2664 «In
2221 2609 2349 2664 dies
2382 2608 2624 2674 morior,
2665 2630 2692 2657 »
2751 2607 3225 2680 promptitudine
3277 2613 3334 2663 et
3385 2613 3591 2680 parato
3648 2607 3722 2664 ad

2069 2705 2324 2754 mortem
2355 2698 2554 2753 animo
2589 2697 2708 2763 ;vel
2735 2704 3024 2769 quantum
3043 2697 3117 2753 ad
3138 2697 3331 2753 illatas
3366 2697 3720 2754 afflictiones

2070 2793 2129 2844 et
2159 2787 2534 2853 tentationes,
2569 2803 2635 2843 ac
2684 2787 3031 2858 quotidiana
3068 2789 3279 2843 mortis
3328 2788 3720 2858 exspectatio-

2069 2895 2200 2935 ne.«
2227 2879 2336 2934 Per
2356 2884 2606 2933 vestram
2630 2877 3046 2950 gloriationem
3074 2899 3102 2929 »
3127 2909 3195 2918 —
3217 2879 3332 2932 Aut
3347 2876 3530 2947 jurat,
3547 2878 3716 2949 quasi

2071 2968 2314 3035 diceret,
2353 2967 2446 3040 μά,
2481 2968 2539 3022 id
2555 2975 2643 3024 est
2676 2985 2781 3039 per
2817 2974 3073 3024 vestram
3117 2967 3572 3038 gloriationem:
3607 2971 3728 3035 aut,

2071 3065 2311 3130 propter
2347 3063 2604 3113 vestram
2644 3058 3058 3129 gloriationem
3094 3058 3212 3112 sive
3241 3071 3422 3127 quam
3450 3055 3523 3110 de
3564 3055 3730 3110 vobis

2071 3147 2281 3215 habeo,
2311 3148 2553 3203 morior.
2576 3147 2727 3201 Dicit
2757 3152 2954 3202 autem
2985 3148 3248 3218 ipsorum
3280 3145 3626 3200 felicitatem
3657 3160 3725 3200 ac

2071 3239 2506 3311 promotionem
2528 3254 2540 3292 :
2566 3237 2837 3308 gloriatio
2872 3237 3031 3292 enim
3057 3241 3147 3292 est
3166 3236 3516 3308 praeceptori
3547 3235 3732 3290 disci-

2075 3327 2885 3400 pulorumincrementum.«
2919 3327 3103 3392 Quam
3151 3325 3340 3381 habeo
3389 3326 3451 3379 in
3503 3323 3734 3379 Christo

2073 3419 2230 3475 Jesu.
2267 3439 2294 3466 ››
2326 3417 2610 3482 Quoniam
2642 3431 2768 3471 rem
2802 3431 3076 3488 magnam
3115 3415 3284 3482 dixit,
3333 3414 3448 3486 ipsi
3496 3413 3730 3469 Christo

2077 3525 2206 3564 eam
2238 3507 2527 3572 attribuit,
2559 3512 2804 3578 propter
2829 3505 3259 3576 vestri,inquit,
3290 3505 3730 3577 promotionem

2078 3616 2255 3670 quam
2283 3597 2474 3653 habeo
2503 3614 2610 3668 per
2634 3599 2831 3653 Jesum
2867 3597 3188 3652 Christum.
3224 3618 3254 3645 «
3287 3596 3344 3649 Si
3395 3593 3727 3650 secundum

2079 3688 2385 3743 hominem
2417 3703 2551 3742 cum
2582 3686 2722 3741 feris
2753 3685 3102 3757 depugnavi.
3139 3706 3166 3735 ››
3214 3684 3379 3750 Quod
3410 3684 3485 3739 ad
3541 3683 3732 3738 homi-

2079 3792 2207 3832 nes.
2240 3775 2454 3847 inquit,
2489 3775 2720 3837 attinet,
2771 3791 2876 3847 ego
2926 3791 3061 3829 cum
3119 3774 3261 3829 feris
3293 3772 3642 3844 depugnavi,
3673 3771 3734 3826 id

2081 3872 2188 3933 est,
2222 3873 2512 3938 quantum
2555 3865 2699 3920 mihi
2758 3871 2885 3921 erat
2915 3865 3222 3937 possibile,
3255 3864 3358 3920 sed
3395 3880 3524 3934 quae
3583 3862 3730 3917 mihi

2079 3957 2221 4012 inde
2253 3956 2499 4022 utilitas,
2535 3956 2582 4009 si
2615 3971 2737 4009 non
2771 3955 2848 4008 sit
2872 3954 3228 4010 resurrectio
3257 3953 3285 4007 ?
3314 3955 3430 4007 Aut
3458 3953 3571 4007 hoc
3602 3967 3733 4006 mo-

2082 4046 2155 4102 do
2183 4046 2274 4101 :Si
2306 4062 2427 4100 non
2445 4050 2689 4116 propter
2712 4043 2970 4099 futuram
2996 4059 3164 4114 spem
3187 4048 3245 4097 et
3274 4041 3731 4096 retributionem

2083 4152 2217 4191 cum
2268 4136 2410 4190 feris
2441 4135 2789 4207 depugnavi,
2824 4133 2928 4189 sed
2967 4133 3040 4188 ob
3071 4134 3396 4188 humanam
3461 4131 3740 4204 gloriam,

2085 4226 2227 4298 quid
2261 4226 2407 4281 mihi
2455 4223 2712 4297 profuit?
2744 4225 2922 4280 Vocat
2945 4229 3143 4279 autem
3180 4239 3316 4278 cum
3342 4221 3484 4277 feris
3514 4236 3738 4293 pugna-

2085 4333 2171 4383 re,
2216 4317 2682 4372 controversiam
2733 4331 2911 4386 quam
2971 4313 3180 4370 habuit
3227 4329 3362 4368 cum
3405 4310 3623 4366 Iudaeis
3682 4314 3741 4364 et

2088 4423 2224 4464 eum
2257 4407 2552 4462 Demetrio
2583 4405 2748 4461 fabro
2779 4405 3136 4477 argentario.
3171 4404 3467 4468 Quantum
3495 4399 3655 4456 enim
3677 4399 3740 4454 hi

2088 4513 2122 4551 a
2145 4496 2288 4552 feris
2320 4495 2760 4551 differebant".
2784 4495 2938 4551 569
2964 4518 2991 4544 «
3015 4495 3072 4549 Si
3096 4493 3315 4549 mortui
3365 4507 3488 4547 non
3534 4506 3740 4545 resur-

2087 4591 2249 4658 gunt.
2286 4606 2315 4634 »
2347 4585 2404 4638 Si
2434 4584 2650 4639 mortui
2683 4599 2802 4638 non
2837 4585 3224 4645 suscitantur,
3276 4597 3350 4636 ne
3403 4579 3515 4634 erit
3564 4578 3738 4634 retri-

318 4662 650 4740 ἆπαγωγῶν,
709 4651 794 4729 εἷς
844 4651 1156 4743 παραίνεσιν
1237 4651 1432 4737 ἦλθεν,
1516 4666 1700 4740 ἠρέμα
1758 4663 1847 4719 καὶ
1903 4664 1969 4727 ὼς

2086 4651 2249 4731 butio
2282 4674 2573 4728 bonorum
2598 4679 2657 4728 et
2686 4672 2974 4726 malorum
3001 4690 3014 4728 :
3051 4676 3286 4742 oportet
3315 4669 3490 4725 edere
3551 4672 3610 4722 et
3659 4665 3742 4721 bi-

317 4754 565 4824 ἀνοήτων
625 4763 970 4833 κατηγορῶν.
1031 4760 1204 4813 Τούτο
1262 4756 1362 4831 γὰρ
1447 4756 1529 4825 τὸ,
1590 4780 1617 4808 ‹‹
1677 4755 1770 4823 Μὴ
1830 4754 1969 4809 πλα-

315 4845 494 4909 νᾶσθε,
533 4869 559 4896 ››
614 4843 800 4915 δηλοῖ.
863 4874 882 4898 ι
935 4847 1256 4922 Φθείρουσιν
1310 4846 1420 4916 ἤθη
1481 4844 1697 4920 χρηστά
1752 4842 1971 4918 ὁμιλίαι

314 4934 500 4991 κακαί.
540 4958 564 4990 ι
598 4941 886 5008 Λακωνιγή
920 4939 1010 4994 καὶ
1069 4939 1274 5015 ἀρχαία
1334 4937 1624 5013 παροιμία.
1685 4935 1975 5009 Μέμνηται

311 5025 519 5096 ταῦτης
549 5027 909 5091 καὶἪσαὶας.
970 5028 1117 5097 Φησὶ
1175 5026 1252 5083 δέ.
1314 5028 1430 5081 Ὀτι
1486 5025 1577 5081 καὶ
1633 5027 1700 5081 τὰ
1757 5027 1976 5105 χρηστὰ

308 5115 446 5186 ἢθη,
479 5116 536 5170 αἱ
586 5124 835 5197 συνεχεῖς
894 5123 1004 5174 τῶν
1060 5123 1242 5173 κακῶν
1301 5113 1521 5190 ὁμιλίαι
1578 5113 1974 5191 διαφθείρουσι.

311 5208 418 5264 Καὶ
466 5208 571 5282 γὰρ
627 5208 774 5286 ῥανῖς
835 5207 1221 5286 ἐνδελεεχοῦσα,
1281 5207 1548 5263 κοιλαίνει
1607 5209 1829 5281 πέτραν.
1879 5207 1978 5263 Καὶ

311 5292 409 5350 διὰ
464 5298 660 5353 τούτου
727 5297 786 5355 δὲ
842 5305 1096 5372 παραινεῖ
1153 5299 1362 5368 αὐτοῖς,
1448 5297 1794 5365 ἐκτρέπεσθαι
1877 5303 1977 5366 τῆς

313 5385 551 5458 ὁμιλίας
579 5394 686 5444 τῶν
717 5396 1043 5466 μοχθηρῶν,
1101 5391 1193 5446 καὶ
1259 5392 1333 5464 μὴ
1394 5389 1720 5467 θαρροῦντας
1767 5390 1978 5451 ἑαυτοῖς

313 5474 406 5532 ὅτι
439 5477 502 5532 οὐ
548 5475 922 5552 βλαϐήσονται
983 5479 1134 5535 αὐτοὶ
1197 5480 1430 5555 χρηστοὶ
1493 5475 1663 5548 ὅντες,
1721 5483 1800 5552 τῷ
1845 5480 1983 5552 πρὸς

311 5566 522 5630 αὐτοὺς
553 5566 858 5645 ἐνδελεχῶς
889 5568 1134 5644 ὁμιλεῖν,
1167 5571 1265 5639 τῆς
1317 5572 1519 5632 ἐκεῖθεν
1571 5565 1758 5642 λύμης
1803 5567 1986 5644 ἠρέμα

398 5741 448 5781 ⁸³
477 5745 606 5802 Act.
639 5758 796 5816 xxiv,
823 5744 892 5798 24
925 5757 1094 5820 seqq.
1194 5740 1241 5777 ⁸⁴
1272 5742 1384 5800 Isa.
1421 5757 1556 5813 χχιι,
1597 5742 1680 5797 13.

2080 4765 2222 4819 bere
2261 4762 2609 4833 priusquam
2663 4777 2820 4815 mors
2864 4763 3258 4832 prmoccupet.
3316 4755 3552 4829 quando
3614 4755 3740 4808 tunc

2087 4853 2212 4909 sola
2267 4851 2693 4907 lucrifacimus.
2748 4850 2867 4905 Hoc
2921 4847 3163 4904 verbum
3212 4843 3744 4917 estinsipientiam

2087 4943 2456 5014 obiurgantis
2505 4958 2708 4997 eorum
2763 4940 2863 5012 qui
2897 4940 3104 4995 dicunt
3142 4954 3263 4994 non
3306 4953 3434 4993 esse
3477 4949 3742 4991 resurre-

2088 5035 2367 5091 ctionem.
2403 5056 2428 5081 ‹‹
2456 5033 2534 5087 Ne
2578 5031 2967 5086 seducamini.
2999 5051 3028 5079 ››
3080 5026 3381 5084 Absolutis
3413 5024 3755 5081 rationibus.

2089 5142 2219 5196 quae
2259 5123 2332 5178 ad
2363 5121 2686 5177 absurdum
2720 5119 3117 5186 deducebant,
3159 5118 3321 5174 venit
3367 5115 3440 5172 ad
3472 5113 3750 5170 admoni-

2089 5213 2534 5269 tionemzclam
2576 5211 2754 5266 etiam
2807 5217 3089 5281 tanquam
3141 5207 3498 5278 insipientes
3545 5205 3758 5259 redar-.

2089 5319 2314 5372 guens;
2364 5318 2504 5356 nam
2561 5301 2670 5355 hoc
2721 5299 2992 5364 indicat;
3048 5321 3074 5348 ‹‹
3115 5301 3518 5368 Corrumpunt
3556 5309 3754 5350 mores

2091 5393 2279 5448 bonos
2356 5391 2654 5446 consortia
2725 5389 2901 5445 mala.
2967 5409 2995 5439 »
3060 5386 3413 5442 Laconicum
3465 5391 3749 5452 vetusque

2093 5481 2470 5552 proverbium
2504 5485 2611 5535 est.
2656 5479 2842 5549 Hujus
2891 5477 3168 5533 meminit
3211 5481 3270 5532 et
3312 5474 3493 5530 Isaias
3520 5473 3590 5528 ⁵⁸.
3648 5469 3748 5524 Ait

2095 5571 2256 5627 enim
2286 5578 2346 5627 et
2365 5571 2493 5643 ipse
2516 5569 2673 5643 quod
2690 5569 2880 5626 bonos
2900 5583 3099 5623 mores
3124 5566 3407 5622 continua
3432 5571 3746 5636 pravorum
