4080 6434
351 398 474 470 879

1473 393 1891 458 (ECUMENII
1935 393 2244 456 ΤΒΙΟϐΑῑ
2285 395 2641 460 EPISGUPI

3655 395 3784 465 880

355 533 670 592 consortia.
707 533 1136 600 corrumpunt;
1172 528 1467 600 siquidem
1501 530 1785 585 continua
1840 534 2004 601 gutta

2119 528 2208 582 καὶ
2241 529 2381 585 κατά
2436 531 2630 604 μικρὸν
2691 527 3170 603 ὑποπίμπλασθαι.
3230 530 3296 584 Ἥ
3349 529 3569 603 χρηστᾶ
3619 527 3787 608 εὐφή-

355 631 520 680 cavat
547 622 824 694 lapidem.
852 625 915 675 Et
948 626 1264 692 propterea
1323 622 1672 676 adhortatur
1730 621 1890 691 ipsos
1945 626 2012 675 ut

357 714 614 769 devitent
638 729 948 784 pravorum
974 712 1292 779 consortia,
1327 731 1436 766 nec
1469 712 1578 767 sibi
1614 712 1800 766 lidant
1848 710 2006 781 quod

2126 641 2242 692 μως
2281 618 2462 689 καλεῖ,
2497 621 2562 676 τά
2594 621 2986 692 εὐεξαπάτητα,
3020 617 3205 690 δηλῶν
3241 619 3326 673 δτι
3360 617 3525 672 αλλοι
3580 617 3779 681 αὐτοὺς

2121 707 2197 770 ε”ς
2230 712 2397 765 ταῦτα
2431 709 2812 783 ὑποσύρουσιν.

350 822 482 859 cum
517 803 652 858 boni
687 804 828 869 sint,
862 803 1011 857 nihil
1046 810 1298 873 possunt
1355 818 1656 857 accersere
1689 801 1916 860 damni.
1951 800 2235 856 continue
2295 801 2455 872 apud
2513 802 2650 858 illos
2703 801 3130 863 conversando.
3186 817 3320 855 cum
3379 799 3516 854 inde
3547 799 3774 855 sensim

351 911 418 949 ac
464 894 749 964 paulatim
809 892 1071 964 pernicie
1127 892 1506 962 impleantur.
1571 897 1683 945 Ant
1739 888 1957 963 χρηστὰ
2024 889 2157 958 ἤθη,
2209 889 2270 944 id
2329 898 2440 957 est,
2496 891 2760 964 placidos
2819 909 3016 948 mores
3061 891 3458 948 colluudando
3493 890 3779 960 appellat,

351 983 450 1054 qui
485 984 657 1038 facile
691 983 891 1038 seduci
927 989 1194 1054 possunt,
1231 982 1574 1054 signiﬁcans
1602 980 1761 1052 quod
1785 980 1886 1035 alli
1921 979 2081 1051 ipsos
2113 979 2183 1034 ad
2216 980 2341 1035 hmo
2373 981 2706 1036 retrahunt.

420 1073 519 1139 XI,
546 1074 730 1128 3-4-38.
765 1097 792 1122 ‹‹
847 1072 1038 1127 Sobrii
1071 1079 1276 1137 estote,
1304 1078 1361 1126 et
1419 1088 1493 1126 ne
1531 1071 1788 1143 peccetis
1824 1087 1836 1124 :
1870 1086 2010 1125 nam

351 1185 377 1212 «
413 1162 848 1234 ignorationem
877 1163 975 1218 Dei
1023 1162 1296 1217 nonnulli
1328 1162 1581 1216 habent:
1607 1159 1680 1215 ad
1720 1160 2008 1230 pudorem

352 1274 379 1301 ‹‹
411 1252 578 1306 vobis
600 1252 830 1323 loquor.
856 1255 926 1306 Αι
949 1252 1339 1322 dicetaliquis
1361 1268 1373 1305 :
1397 1250 1700 1316 Quomodo
1726 1249 2010 1305 suscitan-

356 1362 382 1391 (ι
409 1349 502 1396 tur
523 1342 737 1396 mortui
759 1341 901 1396 ?Cui
927 1348 1125 1396 autem
1155 1343 1386 1412 corpori
1413 1341 1656 1394 veniunt
1679 1339 1900 1394 .7Stulte
1928 1346 2010 1405 tu,

352 1457 378 1482 ‹‹
405 1432 562 1503 quod
585 1433 844 1488 seminas
859 1450 977 1488 non
1005 1433 1472 1498 vi»-ilicatur,nisi
1490 1437 1786 1486 mortuum
1811 1431 2007 1487 fuerit.

357 1541 377 1569 ε
402 1524 471 1576 Et
490 1522 602 1577 hoc
624 1523 784 1593 quod
805 1523 1089 1590 seminas,
1124 1540 1246 1579 non
1270 1540 1484 1594 corpus
1535 1523 1693 1592 quod
1734 1527 2012 1576 nascetur

351 1634 376 1660 ‹‹
402 1611 796 1678 seminas,sed
822 1610 1047 1667 nudum
1071 1610 1684 1684 granum.pulatritici
1709 1615 1810 1664 aut
1827 1609 2008 1663 alicu-

352 1701 501 1771 «jus
523 1717 552 1756 e
577 1701 809 1756 caeteris
837 1717 849 1754 :
887 1701 987 1756 sed
1013 1703 1166 1756 Deus
1185 1701 1284 1756 dat
1307 1701 1392 1754 illi
1417 1717 1630 1771 corpus
1654 1706 1718 1754 ut
1742 1698 2012 1763 voluit,et

353 1812 378 1839 ‹‹
412 1789 738 1861 unicuique
773 1791 1075 1846 seminum
1100 1807 1274 1846 suum
1299 1807 1536 1861 corpus.
1575 1812 1599 1838 ››

425 1901 452 1928 ‹‹
487 1879 678 1934 Sobrii
711 1885 920 1937 estote.
956 1902 982 1929 »
1035 1881 1340 1950 Tanquam
1400 1879 1474 1936 ad
1535 1878 1730 1934 ebrios
1769 1877 2010 1933 dicitur.

354 1990 380 2016 ‹‹
415 1969 599 2034 Juste,
635 1991 663 2019 »
697 1985 857 2036 vero,
893 1970 952 2024 id
1013 1975 1105 2025 est
1135 1970 1382 2026 utiliter.
1441 1969 1742 2041 Contingit
1772 1969 1931 2024 enim
1959 1975 2016 2025 et

360 2077 380 2103 ε
415 2058 638 2128 injuste
671 2059 936 2114 sobrium
965 2065 1265 2130 esse.puta
1286 2060 1359 2115 ad
1381 2059 1662 2114 malum.«
1688 2060 1756 2113 Et
1783 2075 1858 2113 ne
1878 2075 2013 2129 pec-

355 2149 521 2203 cetis.
555 2169 582 2199 n
633 2151 776 2204 Nam
840 2150 978 2206 hinc
1023 2150 1198 2205 etiam
1231 2150 1505 2221 provenit
1535 2156 1601 2204 ut
1632 2149 2016 2205 resurrectio-

359 2253 494 2293 nem
539 2255 656 2292 non
702 2238 978 2294 credatis.
1043 2239 1343 2309 Siquidem
1396 2239 1497 2310 qui
1554 2239 1848 2294 malorum
1900 2238 2014 2293 sibi

357 2327 578 2381 conscii
613 2335 772 2388 sunt,
825 2345 944 2382 non
997 2327 1250 2383 credunt
1306 2345 1437 2384 esse
1490 2328 2012 2393 resurrectionem,

353 2419 512 2490 quod
537 2418 682 2474 tales
715 2419 849 2472 illos
878 2419 1044 2489 sequi
1070 2425 1340 2490 Oporteat
1369 2419 1792 2474 retributiones
1815 2419 2016 2490 qualia

354 2531 379 2557 ‹‹
409 2516 632 2564 suntea
647 2509 706 2562 in
723 2507 938 2578 quibus
958 2507 2014 2579 deliquerunt.Propterea,inquit,ne

347 2596 626 2667 peccetis,
651 2603 717 2652 ut
748 2598 1248 2652 resurrectionem
1271 2597 1548 2652 credatis.
1584 2597 2012 2670 lgnorantiam,

357 2688 459 2754 ait,
480 2688 579 2742 Dei
601 2687 826 2743 habent
853 2688 889 2742 ii
916 2688 1016 2759 qui
1040 2705 1160 2743 non
1184 2688 1434 2744 credunt
1470 2689 1972 2744 resurrectionem
1999 2703 2013 2741 :

365 2793 486 2832 non
530 2779 689 2833 enim
740 2785 1108 2850 cognoscunt
1164 2779 1264 2834 Dei
1321 2778 1671 2849 potentiam.
1708 2778 1835 2833 Non
1868 2777 2020 2832 dixit

367 2874 588 2930 autem,
645 2867 906 2935 Habetis,
941 2868 1117 2933 sed,c
1184 2867 1468 2923 Nonnulli
1517 2867 1761 2930 habent.
1818 2891 1846 2918 ››
1906 2868 2018 2922 hac

359 2957 842 3012 dictionetollens
865 2957 1327 3014 accusationem.
1356 2981 1381 3007 ‹‹
1412 2957 1490 3013 Ad
1512 2957 1798 3029 pudorem
1829 2957 2016 3012 vobis-

365 3046 597 3118 loquor.
633 3071 660 3096 »
687 3047 976 3112 Quoniam
1011 3047 1071 3101 in
1117 3047 1321 3102 multis
1355 3047 1508 3102 510
1539 3064 1640 3102 eos
1671 3047 2015 3118 objur’gave-

352 3143 465 3202 rat,
499 3137 842 3193 consolatur
877 3137 1059 3208 ipsos.
1105 3137 1194 3192 Ad
1239 3137 1793 3209 pudorem,inquit,
1853 3135 2015 3190 vobis

2193 1069 2496 1141 Ἐκνήψατε
2555 1068 2777 1132 δικαίως
2833 1068 2923 1124 καὶ
2987 1069 3064 1142 μὴ
3152 1067 3504 1141 ἁμαρτάνετε.
3567 1067 3780 1142 Ἀγνω-

2123 1157 2240 1212 σίαν
2280 1157 2384 1233 γάρ
2441 1163 2574 1214 Θεοῦ
2629 1180 2770 1222 τινες
2824 1157 3035 1234 ἔχουσι.
3097 1159 3241 1233 ΙΙρὸς
3310 1156 3580 1231 ἐντροπὴν
3643 1157 3776 1228 ὑμῖν

2122 1245 2292 1323 λέγω.
2354 1247 2514 1304 Ἀλλ’
2571 1249 2684 1325 ipsi
2734 1271 2839 1315 τις,
2903 1253 3025 1309 Πῶς
3087 1246 3386 1324 ἐγείρονται
3443 1247 3494 1302 οἶ
3552 1267 3776 1322 νικροις

2119 1339 2264 1411 ποίῳ
2305 1335 2364 1394 δὲ
2417 1339 2633 1412 σώματι
2689 1337 2983 1413 ἔρχονταις
3043 1339 3271 1412 ’Λφρθον,
3335 1337 3396 1392 σὺ
3456 1337 3485 1392 ’ὀ
3536 1337 3775 1411 σπείρεις

2121 1429 2183 1483 ού
2247 1434 2620 1498 ζωοποιεῖται,
2663 1427 2752 1483 ἐὰν
2796 1430 2874 1502 μή
2931 1427 3197 1502 ἀποθάνῃ.
3260 1427 3361 1483 Καὶ
3425 1422 3452 1480 ὅ
3513 1426 3777 1499 σπείρεις,

2427 1523 2586 1592 σῶμα
2669 1520 2731 1575 τὸ
2807 1518 3172 1594 γενησόμενον
3280 1516 3540 1587 σπείρεις,
3627 1513 3776 1571 ἀλλὰ

2122 1609 2327 1684 γυμνὸν
2359 1608 2580 1675 κόκκον,
2613 1606 2664 1662 εἷ’
2714 1609 2901 1684 τύχοι,
2964 1609 3135 1678 σίτου,
3291 1627 3435 1668 τινος
3490 1611 3597 1660 τῶν
3655 1603 3776 1660 λοι-

2121 1702 2258 1755 πῶν.
2293 1699 2356 1755 Ὀ
2392 1695 2449 1753 δὲ
2505 1699 2634 1760 Θεὸς
2667 1695 2859 1754 δίδωσι
2922 1703 3078 1770 σῶμα
3135 1698 3315 1761 καθὼς
3371 1693 3632 1766 ἡθέλησε,
3683 1692 3776 1750 καὶ

2121 1787 2328 1860 ἑκάστῳ
2357 1792 2464 1843 τῶν
2496 1789 2820 1864 σπερμάτων
2853 1788 2913 1842 τὸ
2941 1785 3089 1843 ’ίδιον
3123 1792 3303 1859 σῶμα.

2191 1879 2267 1935 Τὸ
2315 1876 2563 1952 ἐκνῆψαι,
2617 1879 2691 1942 ὡς
2760 1877 2847 1933 ἐπὶ
2918 1878 3246 1952 μεθυόντων.
3317 1877 3389 1933 Τὸ
3448 1875 3526 1946 δὲ,
3586 1903 3612 1929 ‹‹
3680 1885 3774 1931 At-

2122 1965 2315 2035 καίως,
2351 1991 2380 2018 ››
2413 1966 2576 2022 οἱονεὶ
2609 1967 3017 2046 συμφερόντως.
3067 1968 3186 2024 Ἕνι
3247 1965 3351 2040 γάρ
3417 1965 3507 2020 καὶ
3572 1963 3782 2027 ἀδίκως

2120 2058 2330 2134 νήφειν,
2365 2060 2481 2112 οἷον
2512 2056 2599 2112 ἐπὶ
2629 2061 2802 2129 κακῷ.
2865 2081 2892 2108 ‹‹
2927 2055 3028 2114 Καὶ
3092 2057 3168 2128 μή
3217 2056 3572 2130 ἁμαρτάνετν.
3608 2079 3637 2108 ››
3681 2057 3786 2111 Ἐκ

2122 1519 2183 1573 οὐ
2270 1521 2332 1575 τὸ

2119 2147 2315 2203 τούτου
2347 2147 2471 2224 γάρ,
2515 2148 2668 2227 φησί,
2731 2147 2821 2202 καὶ
2877 2151 2944 2219 τῇ
3004 2146 3286 2202 ἀναστάσει
3355 2147 3644 2201 ἀπιστεῖτε.
3708 2143 3780 2202 Οἱ

2118 2238 2219 2314 γὰρ
2275 2238 2491 2300 ἑαυτοῖς
2547 2238 2686 2292 κακᾶ
2743 2234 3063 2304 συνειδότες,
3147 2236 3208 2291 οὐ
3294 2236 3574 2292 πείθονται
3632 2237 3774 2290 εἶναι

2121 2325 2430 2392 ἀνάστασιν,
2480 2323 2697 2398 τῷδέει
2756 2331 2864 2380 τῶν
2924 2321 3194 2399 ἁμοιϐὦν,
3258 2325 3330 2386 ὡς
3385 2325 3473 2380 οἶα
3527 2323 3782 2399 ἁμαρτά-

2120 2436 2322 2478 νοντες.
2357 2416 2455 2470 Διά
2520 2419 2704 2484 τοῦτο,
2767 2415 2923 2495 φησὶ,
2987 2417 3063 2488 μὴ
3124 2415 3481 2490 ἁμαρτάνετε,
3533 2413 3626 2469 ’ίνα
3680 2436 3783 2471 πι-

2123 2506 2347 2574 στεύητε
2385 2507 2484 2574 τὴν
2516 2506 2825 2562 ἀνάστασιν.
2873 2505 3180 2581 Ἀγιωσίαν
3229 2527 3328 2580 γαρ
3383 2509 3544 2571 Θεοῦ,
3593 2506 3783 2584 φησίν,

2123 2592 2346 2670 ἔχουσιν
2388 2595 2538 2668 οίτῇ
2594 2595 2876 2651 ἀναστάσει
2933 2595 3302 2659 ἀπιστοῦντες.
3361 2595 3437 2652 Ού
3492 2595 3592 2670 γάρ
3627 2592 3780 2648 ’ίσασι

2120 2691 2216 2742 τοῦ
2247 2690 2381 2742 Θεοῦ
2409 2687 2509 2754 τήν
2544 2683 2792 2760 δύναμιν.
2847 2686 2962 2744 Ούκ
3017 2688 3139 2741 εἶπε
3198 2682 3278 2751 δὲ,
3328 2686 3548 2759 Ἔχετε,
3608 2683 3776 2754 ἀλλά,

2125 2799 2153 2829 «ι
2185 2777 2344 2838 Τινὶς
2376 2775 2590 2851 ἔχουσι,
2625 2802 2652 2828 ››
2682 2776 2852 2851 ταύτῃ
2883 2779 2952 2849 τῇ
2986 2775 3124 2846 λέξει
3153 2775 3215 2830 τὸ
3272 2768 3525 2848 ἔγκλημα
3574 2775 3774 2829 ὑποτε-

2128 2866 2416 2939 μνόμενος.
2473 2888 2494 2916 ι
2540 2867 2682 2940 Πρὸς
2749 2863 3011 2939 ἐντροπὴν
3065 2865 3192 2939 ὑμῖν
3250 2863 3418 2941 λέγω.
3457 2888 3484 2915 ››
3546 2861 3770 2936 Ἐπειδή

2123 2953 2310 3011 πολλᾶ
2340 2954 2514 3010 αὐτῶν
2547 2957 2850 3028 καθήψατο,
2911 2960 3312 3028 παραμυθεῖται
3365 2952 3575 3014 αὐτούς.
3627 2953 3772 3026 Πρὸς

2122 3045 2390 3120 ἐντροπὴν
2452 3047 2581 3120 ὑμῖν
2638 3045 2804 3120 λέγω,
2863 3045 3048 3124 φησὶν,
3129 3045 3240 3122 οὐχ
3320 3042 3456 3099 ὥστε
3513 3043 3774 3116 ἀτιμάσαι

2128 3137 2292 3209 ὑμᾶς,
2323 3135 2454 3192 ἀλλ’
2484 3135 2623 3192 ὥστε
2653 3136 3042 3212 αἰσχυνθέντας
3084 3135 3385 3210 ἀπορρίψαι
3441 3135 3500 3189 τὸ
3532 3132 3772 3188 ἀπιστεῖν

355 3195 605 3302 loquor:
632 3247 749 3286 non
784 3195 943 3302 quod
975 3249 1075 3287 vos
1102 3195 1450 3302 despiciam,
1486 3195 1590 3287 sed
1621 3195 1792 3302 quod,
1825 3229 2005 3302 pudec

2125 3226 2190 3302 τῇ
2223 3228 2526 3284 ἀναστάσει.
2563 3252 2589 3278 ι(
2623 3224 2778 3284 Ἀλλ’
2811 3226 2924 3301 ἐρεῖ
2969 3248 3074 3289 τις,
3110 3250 3138 3277 ››
3197 3227 3313 3284 Οὑκ
3369 3226 3538 3292 εἶπεν,
3595 3224 3778 3296 Ὑμεῖς

355 3319 494 3374 facti
529 3319 1009 3376 incredulitatem
1069 3321 1142 3376 de
1201 3320 1637 3376 resurrectione
1691 3319 2003 3390 abjiciatis.

355 3431 383 3459 ‹‹
415 3411 486 3463 At
517 3408 676 3463 dicet
707 3409 946 3480 aliquis.
983 3431 1011 3458 »
1063 3411 1190 3465 Non
1222 3410 1304 3465 ait
1339 3425 1352 3463 ε
1405 3432 1432 3458 ‹‹
1468 3411 1580 3464 Vos
1612 3409 1832 3473 dicitis,
1867 3430 1895 3459 »
1943 3413 2010 3463 ut

351 3514 547 3553 sermo
571 3497 795 3553 invidia
824 3503 1044 3564 careat,
1079 3504 1361 3570 tanquam
1388 3499 1490 3554 alii
1522 3505 1727 3554 essent
1761 3498 1859 3570 qui
1886 3514 2006 3554 non

351 3586 684 3642 crederent.
721 3587 942 3643 Deinde
971 3605 1102 3658 quae
1136 3587 1186 3644 is
1230 3587 1409 3643 dubia
1430 3588 1803 3657 videbantur,
1837 3587 2006 3659 quasi

349 3677 506 3732 facta
557 3677 892 3750 objectione
925 3678 1118 3733 solvit.
1160 3677 1522 3734 Dubitabant
1552 3678 1712 3734 enim
1743 3694 2004 3749 quonam

350 3767 526 3823 modo
550 3767 939 3823 suscitaretur
965 3785 1202 3840 corpus,
1236 3768 1394 3839 quod
1428 3767 1614 3823 semel
1647 3767 2005 3823 dissolutum

351 3863 512 3914 erat:
557 3863 615 3912 et
671 3858 834 3928 quali
889 3874 1136 3928 corpore
1174 3858 1584 3922 suscitaretur,
1644 3865 1843 3913 utrum
1894 3857 2006 3913 hoc

350 3947 580 4008 eodem.
614 3964 688 4004 an
723 3948 840 4003 alio
859 3948 1139 4018 quodam.
1178 3949 1309 4004 Haac
1343 3949 1542 4019 itaque
1601 3947 1717 4003 duo
1745 3947 1830 4002 eis
1881 3947 2007 4002 dis-

348 4037 523 4092 solvit
548 4055 652 4108 per
683 4055 765 4092 exv
794 4039 1020 4108 mplum
1052 4038 1218 4112 grani
1247 4055 1259 4092 :
1295 4061 1322 4088 «
1357 4039 1542 4094 Stulte
1573 4060 1601 4087 »
1621 4040 1664 4092 Α
1691 4037 2004 4093 manifesto

350 4127 620 4196 exemplo
651 4127 867 4182 format
897 4128 1259 4183 solutionem
1297 4144 1309 4181 :
1342 4127 1476 4182 ideo
1501 4142 1736 4196 quoque
1791 4126 2004 4182 stultos

347 4225 604 4284 vocat,ut
635 4221 735 4288 qui
769 4221 913 4275 adeo
962 4220 1279 4275 manifesta
1328 4221 1620 4291 ignorent.
1655 4221 1754 4285 Tu,
1787 4219 2000 4290 inquit,

348 4309 506 4380 quod
538 4309 819 4375 seminas,
853 4311 954 4380 qui
986 4309 1389 4380 corruptibilis
1422 4325 1644 4376 es,non
1675 4308 2004 4364 viviﬁcatur

346 4399 462 4453 nisi
490 4405 790 4454 mortuum
823 4399 1000 4454 fuerit
1029 4417 1041 4466 ;
1077 4399 1221 4469 quid
1247 4415 1382 4470 ergo
1415 4398 1487 4453 de
1542 4400 1659 4453 Deo
1718 4398 2002 4454 haesitas?

345 4489 470 4543 Non
499 4487 850 4555 viviﬁcatur,
887 4489 986 4544 ait.
1037 4488 1174 4544 Vide
1198 4494 1396 4543 autem
1428 4487 1607 4559 quod,
1639 4487 2001 4544 dictionibus

2119 3314 2328 3394 λέγετε,
2355 3315 2447 3372 ’ίνα
2486 3318 2668 3380 οὕτως
2715 3316 3031 3391 ἀνεπαχθὴς
3069 3318 3096 3371 ὁ
3139 3313 3312 3392 λόγος
3355 3317 3414 3386 ᾖ,
3465 3315 3541 3376 ὡς
3583 3311 3772 3370 ἀλλων

2119 3409 2510 3464 ἀπιστούντων.
2545 3408 2675 3463 Εἶτα
2707 3403 2802 3461 δύο
2848 3406 3026 3482 ἄπορα
3072 3405 3258 3470 αὐτοῖς
3305 3408 3436 3462 εἶναι
3486 3403 3772 3477 δοκοῦντα,

2119 3499 2192 3560 ὡς
2219 3498 2268 3571 ἐξ
2298 3494 2616 3560 ἀντιθέσεως
2676 3495 2815 3554 λύει.
2867 3491 3259 3575 Ἀμφέϐαλλον
3303 3495 3403 3572 γάρ
3455 3500 3572 3557 πῶς
3632 3493 3774 3569 ἐγεί-

2120 3608 2267 3664 ρεται
2334 3589 2398 3643 τὸ
2455 3587 2591 3661 ’ἅπαξ
2647 3584 2899 3643 διαλυθὶν
2959 3591 3140 3660 σῶμα,
3200 3586 3291 3641 καὶ
3347 3585 3492 3658 ποίῳ
3558 3584 3776 3657 σώματι

2118 3680 2417 3750 ἀνίσταται,
2474 3675 2922 3753 τούτωῆὲτέρῳ
2979 3679 3107 3736 τινί.
3153 3679 3230 3735 Τά
3287 3677 3379 3732 οὖν
3441 3675 3536 3732 δύο
3590 3676 3778 3740 αὐτοῖς

2119 3769 2330 3827 ἐπιλύει
2363 3768 2452 3825 διὰ
2479 3774 2577 3826 τοῦ
2609 3767 3048 3844 παραδείγματος
3076 3773 3173 3824 τοῦ
3203 3769 3428 3824 κόκκου·
3454 3792 3481 3819 ‹‹
3507 3769 3781 3842 Ἃιρρον.»

2117 3862 2257 3919 Ἀπὸ
2318 3859 2492 3931 δήλου
2542 3857 2984 3936 παραδείγματος
3041 3866 3278 3916 ποιεῖται
3333 3860 3431 3928 τήν
3491 3856 3772 3927 ἐπίλλσιν,

2119 3950 2204 4006 διὸ
2232 3951 2322 4006 καί
2362 3949 2601 4024 ἄφρονας
2634 3947 2812 4013 κηλεῖ,
2847 3948 2921 4010 ὡς
2951 3947 3017 4003 τά
3047 3947 3189 4003 οὕτω
3220 3953 3361 4025 σαφῆ
3413 3947 3768 4023 ἀγνοοῦντας.

2118 4041 2212 4103 Σὺ,
2247 4039 2433 4118 φησίν,
2466 4039 2496 4094 ὅ
2526 4039 2787 4113 σπείρεις,
2822 4040 2850 4093 ὁ
2879 4038 3139 4118 φθαρτὸς,
3170 4037 3234 4092 ού
3269 4043 3619 4107 ζωοποιεῖται
3674 4037 3766 4091 ἐὰν

2123 4134 2197 4206 μή
2232 4131 2496 4204 ἀποθάνῃ.
2551 4130 2617 4185 Τί
2679 4129 2768 4183 οὗν
2829 4129 2950 4202 περὶ
3018 4132 3151 4184 Θεοῦ
3212 4123 3631 4207 άμφιϐάλλεις;
3690 4127 3771 4185 υῦ

2120 4226 2493 4292 ζωοποιεῖται,
2537 4217 2723 4298 φησίν.
2783 4221 2916 4289 Ὅρα
2973 4216 3048 4287 δὲ,
3114 4217 3288 4288 λέξεσι
3345 4217 3636 4292 κέχρηται,
3707 4217 3772 4273 οὐ

2119 4309 2446 4386 σπέρμασιν,
2477 4307 2625 4363 ἀλλά
2655 4309 2900 4382 σώμασιν
2935 4304 3247 4383 ἁρμοδίαις.
3285 4331 3314 4362 ιι
3343 4309 3470 4364 Ἐὰν
3525 4309 3600 4381 μὴ
3635 4307 3778 4362 ἀπο-

2119 4403 2272 4475 θάνῃ,
2307 4425 2333 4452 ››
2361 4398 2522 4480 φησίν
2579 4400 2715 4474 Ὅρα
2755 4403 2873 4462 πῶς
2919 4398 2995 4459 εἷς
3051 4399 3112 4453 τὸ
3162 4397 3398 4452 ἐναντίον
3452 4401 3773 4472 περιετρεψε

2115 4493 2205 4546 τὸν
2249 4489 2436 4564 λόγον.
2471 4487 2731 4548 Έκείνοις
2761 4486 2860 4562 γὰρ
2893 4484 3065 4541 ἐδόκει
3097 4484 3319 4562 ἄπορον,
3352 4491 3468 4549 πῶς
3527 4487 3658 4558 μετά
3700 4487 3764 4542 τὸ

345 4572 422 4628 sit
450 4590 615 4634 usus,
640 4591 759 4630 non
795 4591 928 4646 quas
957 4574 1309 4642 seminibus,
1335 4573 1439 4630 sed
1471 4591 1604 4645 qua;
1654 4575 2004 4646 corporibus

2119 4580 2400 4643 ἀποθανεῖν
2425 4578 2767 4654 ἐγειρόμεθαο
2801 4577 2966 4639 αὐτὸς
3016 4575 3096 4640 δε,
3159 4579 3222 4632 τὸ
3279 4576 3511 4631 ἐναντίον
3579 4576 3760 4654 φησίν,

341 4669 493 4734 θρίω
525 4663 662 4719 sint.
729 4685 752 4715 α
811 4664 929 4720 Nisi
980 4670 1279 4719 mortuum
1337 4663 1536 4718 fuerit.
1596 4685 1623 4714 »
1678 4664 2001 4720 Considera

341 4771 476 4810 vero
504 4770 620 4826 quo
655 4754 830 4811 modo
883 4770 1222 4810 sermonem
1255 4754 1313 4808 in
1346 4755 1715 4810 contrarium
1747 4771 1993 4812 conver-

340 4844 430 4899 tit.
464 4845 590 4899 lllis
621 4847 781 4900 enim
814 4844 1060 4900 dubium
1088 4844 1399 4900 videbatur
1448 4860 1564 4915 quo
1634 4851 1803 4916 pacto
1867 4849 1997 4915 post

341 4950 399 4987 m
427 4941 593 4989 -rtem
625 4936 1041 4990 excitaremur.
1094 4937 1225 5006 Ipse
1258 4951 1390 4990 vero
1423 4951 1453 4991 e
1487 4935 1738 4993 diverso.
1775 4934 1858 4990 Ob
1911 4935 1993 5000 id,

342 5022 556 5091 inquit,
615 5025 944 5080 excitamur
991 5025 1271 5095 quoniam
1327 5025 1663 5078 morimur:
1713 5030 1993 5092 tanquam

341 5129 459 5166 non
493 5114 666 5167 detur
687 5115 908 5185 alioqui
943 5116 1218 5170 vivificari
1255 5116 1367 5169 nisi
1406 5133 1564 5169 mors
1599 5115 1989 5184 praecesserit.

339 5203 484 5258 Nam
522 5204 631 5258 hoc
679 5206 1017 5261 manifestat
1047 5207 1386 5277 exemplum
1419 5207 1490 5260 de
1523 5205 1719 5259 tritico
1743 5206 1995 5260 caeteris-

339 5308 451 5362 que
480 5293 829 5350 seminibus.
868 5297 937 5350 Et
965 5296 1297 5358 considera,
1332 5313 1452 5351 una
1507 5294 1746 5348 interim
1774 5294 1990 5350 solutio

337 5389 427 5437 est
458 5382 615 5453 quod
649 5385 863 5440 mortui
898 5387 1254 5442 excitantur.
1291 5407 1318 5436 «
1375 5387 1459 5440 Tu
1517 5385 1674 5454 quod
1730 5385 1990 5441 seminas

336 5488 456 5528 non
480 5473 812 5529 viviﬁcatur
841 5475 955 5530 nisi
1000 5483 1296 5532 mortuum
1332 5473 1528 5531 fuerit.
1565 5497 1592 5522 n
1627 5474 1682 5528 Si
1743 5490 1879 5547 ergo
1930 5475 1988 5530 id

334 5563 490 5635 quod
525 5569 587 5619 tu
620 5565 880 5621 seminas
913 5572 970 5622 et
1011 5566 1286 5638 sepulcro
1316 5564 1754 5636 quodammodo
1789 5565 1988 5621 occul-

330 5658 421 5709 tas
451 5670 519 5710 ac
565 5655 911 5724 mortificas,
970 5657 1122 5713 Deus
1179 5655 1512 5724 resuscitat,
1567 5659 1624 5709 et
1683 5653 1783 5709 dat
1814 5671 1985 5713 suum

333 5758 566 5817 corpus,
593 5761 726 5801 cum
744 5746 872 5821 jam
895 5745 1295 5820 putrefactum
1323 5750 1483 5802 esset
1505 5760 1573 5802 ac
1603 5743 1982 5818 dissolutum,

2112 4666 2194 4722 ὅτι
2228 4663 2318 4721 διὰ
2349 4669 2512 4722 τοῦτο
2556 4663 2896 4741 ἑγειρόμεθα,
2953 4661 3144 4731 ἐπειδὴ
3194 4665 3623 4734 ἀποθνήσκομεν,
3679 4663 3756 4721 ὼς

2109 4758 2210 4813 οὐκ
2236 4757 2618 4834 ἐγχωροῦντος
2649 4751 2836 4816 ἄλλως
2878 4755 3318 4824 ζωοποιηθῆναι,
3353 4753 3398 4808 εἰ
3434 4753 3506 4826 μή
3545 4753 3609 4820 ἦν
3658 4750 3756 4814 θά-

2107 4870 2286 4911 νατος.
2319 4851 2495 4903 Τοῦτο
2544 4846 2648 4921 γὰρ
2706 4846 2768 4900 τὸ
2826 4843 3179 4920 παοάδειγμα
3235 4849 3332 4900 τοῦ
3385 4845 3531 4900 σίτου
3574 4840 3762 4915 δηλοῖ,

2105 4939 2333 4994 καὶτῶν
2393 4937 2605 4993 λοιπῶν
2665 4938 3012 5010 σπερμάτων.
3058 4937 3155 4990 Καὶ
3213 4938 3417 5003 θέασαι,
3471 4935 3604 4996 τέως
3663 4933 3763 5008 μία

2107 5027 2284 5092 λύσις,
2327 5028 2412 5083 ὅτι
2469 5028 2521 5082 οἳ
2588 5027 2946 5090 ἀπαθανόντες
3006 5026 3304 5102 ἐγείρονται
3361 5049 3388 5078 n
3455 5023 3765 5078 Σῦὸσπεί-

2106 5141 2216 5194 ρεις
2247 5118 2309 5173 ού
2336 5124 2708 5187 ζωοποιεῖται,
2737 5117 2823 5172 ἐάν
2875 5118 2950 5184 μὴ
2996 5116 3262 5190 ἀποθάνῃ.
3301 5141 3319 5163 ι
3376 5113 3441 5170 εἰ
3488 5113 3581 5169 οὖν
3635 5115 3696 5167 σὺ
3728 5113 3762 5169 ὅ

2105 5208 2341 5282 σπείρεις
2368 5208 2458 5262 καὶ
2489 5208 2692 5282 τρόπον
2731 5205 2848 5261 τινά
2902 5205 3055 5282 τάξῳ
3101 5204 3406 5265 καλύπτοις
3457 5205 3547 5258 καὶ
3595 5205 3767 5258 θανα-

2103 5303 2240 5367 τοῖς,
2273 5302 2433 5352 τοῦτο
2467 5299 2495 5351 ὁ
2528 5298 2658 5352 Θεὸς
2689 5295 2959 5365 ἀνίστησι,
2992 5296 3082 5350 καὶ
3114 5291 3303 5350 δίδωσι
3336 5295 3396 5348 τὸ
3438 5291 3571 5348 ἴδιον
3603 5299 3770 5367 σῶμα

2099 5388 2162 5441 τὸ
2195 5387 2356 5441 σαπὲν
2379 5385 2469 5441 καὶ
2498 5383 2774 5453 διαλυθὲν,
2834 5381 3026 5440 δίδωσι
3085 5380 3163 5453 δὲ,
3222 5385 3403 5446 καθὼς
3461 5381 3763 5454 ἠθέλησεν,

2100 5477 2521 5551 εὐπρεπέστερον
2580 5474 2669 5529 καὶ
2730 5474 3081 5549 ὡραιότερον,
3125 5472 3346 5534 ὃαύτὸς
3402 5473 3606 5534 ἐκεῖνος
3669 5469 3770 5528 διὰ

2095 5574 2197 5637 τῆς
2231 5565 2434 5627 οἰκείας
2466 5565 2822 5642 ἀποφάνσεως
2856 5565 2930 5626 είς
2997 5571 3104 5640 γῆν
3143 5563 3233 5619 καὶ
3283 5564 3450 5638 τάφον
3509 5560 3769 5618 ἐκέλευσε

2094 5654 2467 5719 κατατίθισθαι
2525 5653 2617 5710 καὶ
2706 5655 3093 5724 ἀποθνήσκειν,
3147 5659 3313 5710 τοῦτο
3372 5652 3536 5716 αὑτὸς
3595 5650 3768 5709 πάλιν

2096 5745 2196 5801 οὐκ
2223 5741 2343 5826 ἔχει
2374 5743 2506 5822 ῥᾷον
2537 5747 2599 5802 τὸ
2630 5747 2973 5817 ζωοποιῆσαι
3004 5745 3096 5802 καὶ
3139 5745 3433 5818 ἀναστῆσαι
3491 5745 3581 5802 ὅτι
3633 5745 3772 5826 βού-
