4080 6378
329 471 443 534 881

1264 474 1679 540 COMMENT.
1727 477 1806 539 1N
1849 478 2098 542 EPIST.
2151 482 2178 544 l
2220 486 2326 546 AD
2371 487 2737 554 COBINTH.

3629 503 3751 567 882

325 601 481 663 λεται
511 605 601 660 καί
634 604 853 677 θελήσει
888 622 903 676 ;
936 629 967 659 «
997 606 1099 665 Καὶ
1140 608 1172 662 ὅ
1200 607 1459 681 σπείρεις,
1510 610 1575 666 οὗ
1622 610 1686 666 τὸ
1740 615 1922 686 σῶμα.
1958 636 1981 665 ›ι

2101 618 2319 692 datque
2348 622 2502 679 sicut
2534 625 2962 701 voluit,nempe
2987 630 3294 691 decentius
3324 651 3391 693 ac
3414 636 3749 710 pulchrius;

326 698 421 756 Ἐν
451 704 570 759 τοῖς
601 696 713 752 ἂνω
763 696 860 754 δύο
924 696 1151 772 εἷ’πομεν
1210 700 1409 764 αὐτοὺς
1449 698 1818 780 ἀμφισϐητεῖν
1868 703 1990 781 περὶ

325 794 430 857 τῆς
458 788 817 854 ἀναστάσεως,
850 788 934 853 τὸ,
969 789 1015 844 εἰ
1053 788 1203 854 ’ὀὶ-ως
1261 792 1314 847 οἱ
1370 789 1713 857 διαλυθέντες
1759 790 1991 871 ἐγείρονο

328 897 442 941 ται,
474 878 563 932 καὶ
594 879 677 944 τὸ,
711 877 763 932 ἐν
796 877 941 953 ποίῳ
1000 879 1213 954 σώματι
1255 879 1575 955 ἐγείρονται,
1625 880 1750 938 ἔνθα
1797 885 1988 957 ἡρμη-

327 968 537 1036 νεῦετο,
573 993 601 1021 ‹‹
630 967 794 1025 Ἀλλ’
822 968 935 1043 ἐρεῖ
960 991 1065 1035 τις,
1124 975 1247 1033 Πῶς
1300 969 1598 1048 ἐγείρονται
1660 973 1712 1028 οἱ
1765 973 1987 1049 νεκροί;

330 1059 480 1130 ποίῳ
511 1057 568 1114 δὲ
600 1060 814 1131 σώματι
846 1053 1102 1135 ἔρχονται
1129 1080 1142 1131 ;
1179 1085 1206 1113 ιι
1237 1062 1351 1130 Τήν
1387 1063 1481 1136 μὲν
1514 1063 1607 1118 οὖν
1637 1062 1719 1119 δτι
1752 1062 1986 1139 ἐγείρον-

327 1168 416 1204 ται
448 1144 740 1227 ἆφόδειξιν,
773 1147 826 1203 ἐν
852 1154 971 1205 τοῖς
1016 1148 1124 1205 ἂνω
1178 1151 1347 1215 εἶπεν,
1413 1147 1534 1207 ἔνθα
1581 1150 1753 1229 ἕλεγε’
1790 1176 1817 1205 (ι
1850 1153 1926 1210 Σὺ
1958 1152 1989 1209 ὅ

327 1237 589 1311 σπείρεις,
625 1237 687 1293 οὗ
720 1243 1094 1308 ζωοποιεῖται,
1127 1238 1215 1295 ἐᾶν
1247 1242 1324 1314 μὴ
1357 1242 1626 1318 ἀποθὶνῃ.
1666 1266 1693 1294 ››
1725 1240 1866 1300 Ἰδοὺ
1896 1242 1987 1299 καὶ

327 1329 367 1397 ἢ
400 1326 623 1403 δευτέρα
653 1326 948 1399 ἀπόδειξις.
983 1328 1235 1385 Αείκνυσι
1287 1331 1413 1406 γὰρ,
1464 1330 1547 1387 ὅτι
1595 1332 1658 1388 τὸ
1708 1332 1804 1406 μὲν
1857 1332 1986 1389 αὐτὸ

330 1424 518 1493 σῶμα,
550 1419 664 1475 οἷον
694 1426 794 1488 τῆς
825 1421 998 1492 αὐτῆς
1036 1422 1222 1485 οὐσίας
1254 1418 1312 1477 ὅν
1354 1422 1639 1500 ἐγείρεται,
1699 1429 1861 1480 τοῦτο
1902 1424 1984 1481 λέ-

329 1533 438 1587 γει,
474 1535 503 1563 te
532 1512 592 1568 Ὀ
624 1508 680 1566 δὲ
702 1510 832 1571 Θεὸς
888 1511 1021 1566 αὐτὸ
1070 1508 1263 1567 δίδωσι
1311 1517 1491 1584 σῶμα,
1527 1538 1555 1564 ››
1605 1511 1989 1592 λαμπρότερον

332 1599 390 1657 δὲ
418 1601 509 1655 καὶ
558 1600 957 1675 κοσμιώτερον,
1016 1598 1198 1672 ὥσπερ
1249 1601 1443 1676 ἀμέλει
1493 1602 1917 1679 εὐπρεπέστερος
1958 1606 1986 1660 ὁ

328 1691 532 1765 στάχυς
562 1692 659 1745 τοῖ’)
714 1693 924 1763 γυμνοῦ
979 1690 1201 1746 κόκκου.
1265 1689 1411 1748 Οὗέὶ
1467 1693 1571 1770 γὰρ
1630 1693 1834 1770 σπείρει
1892 1694 1985 1750 τὸν

331 1777 568 1856 ἅσταχυν
600 1779 782 1847 αὐτὸν,
828 1777 975 1835 ἀλλὰ
1030 1780 1236 1855 γυμνὸν
1290 1801 1513 1838 κοκκον.
1572 1808 1600 1835 «
1631 1786 1687 1836 '0
1741 1781 1799 1838 δὶ
1854 1785 1985 1847 Θεὸς

333 1870 484 1943 αὗτῷ
515 1868 697 1926 δίδωσι
731 1874 913 1945 σῶμα.
946 1893 973 1921 ››
1007 1869 1071 1927 Εἰ
1105 1869 1195 1925 οὖν
1231 1873 1259 1927 ὁ
1288 1872 1422 1933 Οεὸς
1463 1869 1656 1928 δίδωσι
1707 1878 1890 1946 σῶμα,
1932 1875 1985 1930 τί

333 1962 415 2022 ἔτι
445 1964 769 2038 περιεργάζῃ
804 1963 956 2036 ποίῳ
991 1962 1208 2035 σώματι
1265 1962 1611 2038 ἱγειρόμεθα,
1659 1964 1748 2021 καὶ
1798 1965 1981 2021 διαπι-

328 2060 473 2118 στεῖς
502 2058 570 2129 τῇ
602 2053 885 2109 ἀναστασει
910 2073 925 2124 ;
955 2057 1010 2106 '0
1056 2052 1159 2128 γὰρ
1198 2053 1328 2116 Θεὸς
1374 2054 1437 2109 τὸ
1486 2051 1646 2109 λυθὲν
1698 2055 1793 2128 μὲν
1838 2053 1984 2131 ἐγεί-

318 2165 399 2220 ρει
448 2148 632 2218 σῶμα,
698 2140 845 2199 ἀλλὰ
899 2142 1347 2218 εὐπρεπέστερον,
1403 2141 1553 2200 ἀλλὲι
1598 2144 1980 2217 πνευματικώ-

321 2255 501 2310 τερον.
533 2235 714 2290 Τοῦτο
743 2231 843 2309 γὰρ
874 2232 965 2288 καὶ
1006 2231 1093 2287 ἐπὶ
1151 2236 1259 2287 τῶν
1320 2233 1647 2306 σπερμάτων
1704 2227 1845 2290 ἔστιν
1891 2234 1981 2290 εὐ-

321 2331 458 2403 ρεῖν,
487 2325 571 2380 δτι
627 2323 1048 2399 εὐπρεπέστερον
1108 2326 1211 2378 τοῦ
1261 2318 1704 2395 καταϐληθέντος
1749 2323 1972 2383 ἄνεισιν.

322 2439 351 2472 ι
382 2416 485 2474 Καὶ
517 2416 730 2486 ἑκάστῳ
760 2417 868 2468 τῶν
902 2413 1228 2489 σπερμάτων
1255 2414 1319 2469 τὸ
1345 2410 1488 2470 ’ίδιον
1521 2418 1701 2487 σῶμα.
1734 2438 1762 2467 ››
1802 2419 1977 2471 Τοῦτο

317 2509 427 2563 τῶν
459 2506 746 2582 αἱρετικῶν
776 2502 1072 2581 ἐμφράττει
1127 2504 1195 2560 τὰ
1242 2502 1508 2577 στόματα,
1553 2508 1662 2559 τῶν
1709 2504 1977 2581 λεγόντων

319 2597 382 2653 τὸ
408 2596 541 2651 αὐτὸ
573 2598 736 2668 σῶμα
774 2592 826 2648 ἐν
884 2595 953 2667 τῇ
1011 2589 1294 2648 ἀναστάίσει
1358 2594 1433 2667 μή
1477 2592 1797 2672 ὖγείρεσθαι,
1846 2594 1975 2652 ἀλλ’

319 2685 522 2762 ἔτερον.

2098 725 2301 767 nonne
2331 729 2469 788 ergo
2487 715 2634 772 illud
2657 720 2813 789 quod
2837 720 3087 791 ipsemet
3110 727 3347 797 propria
3368 732 3666 785 sententia
3686 730 3749 785 in

2096 805 2315 859 terram
2350 821 2418 860 ac
2450 807 2788 878 sepulcrum
2807 810 2988 880 jussit
3012 816 3214 886 reponi
3240 824 3298 871 et
3323 820 3488 886 mori,
3510 819 3746 876 facilius

2095 891 2210 963 ipsi
2242 894 2356 949 erit
2386 911 2624 952 rursum
2657 899 2948 956 viviﬁcare
2981 919 3048 957 ac
3081 907 3454 974 resuscitave,
3487 926 3622 965 cum
3645 926 3747 965 vo-

2096 978 2275 1036 luerit
2304 999 2371 1039 ac
2403 985 2736 1043 decreverit
2765 988 2793 1043 ?
2822 1012 2849 1039 «
2887 992 2954 1044 Μ,
2986 991 3097 1047 hoc
3141 994 3297 1064 quod
3322 997 3600 1066 seminas,
3625 1016 3746 1056 non

2095 1086 2330 1140 corpus.
2365 1094 2394 1123 »
2432 1074 2696 1131 Diximus
2726 1085 2902 1134 antea
2932 1079 2993 1134 in
3026 1083 3402 1138 enarratione
3428 1084 3588 1143 illius
3618 1105 3748 1159 par-

2095 1160 2330 1218 ticulas;
2367 1186 2393 1213 ‹‹
2423 1166 2500 1219 At
2528 1164 2687 1221 dicet
2738 1169 2956 1240 aliquis
2990 1186 3004 1225 :
3046 1171 3353 1237 Quomodo
3387 1176 3748 1234 suscitantur

2093 1251 2505 1325 mortui.quali
2529 1261 2728 1311 autem
2754 1273 3002 1330 corpore
3027 1260 3306 1317 veniunt:
3336 1284 3361 1310 υ
3385 1263 3544 1334 quod
3574 1264 3661 1320 illi
3685 1266 3748 1322 in

2094 1340 2325 1397 duobus
2360 1343 2714 1402 haesitabant
2760 1348 2915 1404 circa
2960 1352 3497 1421 resurrectionem;
3532 1370 3746 1427 nempe

2091 1440 2292 1490 utrum
2315 1435 2440 1503 jam
2476 1437 2721 1493 omnino
2770 1438 3045 1495 dissoluti
3078 1442 3441 1499 suscitentur
3491 1446 3747 1518 etquale

2092 1538 2339 1595 corpore
2360 1527 2816 1583 suscitenturln
2841 1531 3247 1601 superioribus
3278 1532 3477 1605 itaque
3505 1535 3748 1592 demono

2093 1612 2440 1667 strationem
2475 1615 2673 1685 posuit
2703 1617 2861 1686 quod
2894 1620 3279 1681 suscitentur,
3306 1637 3439 1675 cum
3472 1622 3698 1678 diceret
3729 1639 3742 1678 :

2090 1700 2174 1756 Tu
2222 1701 2380 1772 quod
2439 1703 2703 1758 seminus
2757 1721 2877 1760 non
2919 1706 3250 1762 viviﬁcatur
3298 1709 3411 1763 nisi
3447 1717 3745 1767 mortuum

2089 1788 2458 1847 fuerit.51l
2527 1792 2671 1848 Ecce
2731 1810 2892 1850 nunc
2949 1800 3008 1850 et
3061 1795 3248 1852 altera
3293 1796 3744 1857 demonstratio.

2091 1882 2364 1937 Ostendit
2392 1883 2553 1938 enim
2586 1885 2744 1956 quod
2766 1885 2924 1941 idem
2957 1887 3200 1957 quidem
3229 1905 3463 1957 corpus.
3501 1889 3612 1945 hoc
3634 1896 3748 1958 est,

2092 1970 2249 2042 quod
2283 1970 2554 2043 ejusdem
2571 1979 2663 2030 est
2684 1974 3428 2044 substantim.suscitatur;
3461 1994 3599 2035 nam
3634 1980 3749 2037 hoc

2092 2061 2407 2133 signiﬁcat,
2443 2084 2471 2111 ››
2506 2064 2657 2119 Deus
2714 2070 2913 2120 autem
2960 2063 3062 2121 dat
3092 2067 3179 2121 illi
3211 2083 3382 2123 suum
3417 2085 3632 2141 corpus
3667 2086 3681 2124 :
3714 2091 3745 2121 ››

2089 2164 2294 2206 verum
2324 2151 2700 2223 splendidius
2757 2170 2825 2211 ac
2874 2157 3187 2213 ornatius:
3236 2158 3745 2228 quemadmodum

2090 2255 2233 2297 sane
2260 2243 2447 2314 magis
2473 2242 2691 2299 decora
2723 2250 2814 2300 est
2867 2246 3030 2317 spica
3086 2247 3249 2302 nudo
3278 2264 3463 2319 grano
3499 2269 3514 2314 ;
3547 2265 3742 2320 neque

2090 2330 2251 2386 enim
2283 2332 2539 2388 seminat
2568 2333 2760 2405 ipsam
2811 2335 3057 2407 spicam,
3082 2336 3187 2393 sed
3216 2337 3445 2394 nudum
3465 2354 3739 2411 granum,

2088 2441 2118 2470 «
2154 2423 2303 2475 Deus
2334 2426 2534 2477 autem
2567 2421 2667 2477 dat
2696 2423 2783 2478 illi
2815 2441 3049 2496 corpus.
3083 2446 3112 2475 »
3146 2426 3202 2481 Si
3247 2442 3385 2499 ergo
3436 2428 3588 2483 Deus
3643 2427 3745 2484 det

2086 2510 2473 2582 corpus,quid
2503 2511 2697 2569 adhuc
2729 2514 2961 2570 curiose
2994 2516 3278 2571 scrutaris
3301 2516 3463 2586 quali
3495 2534 3743 2589 corpore

2086 2599 2541 2669 suscitemur,ac
2570 2601 2643 2657 de
2668 2603 3109 2660 resurrectione
3129 2603 3354 2661 difﬁdis
3374 2606 3560 2662 ?Nam
3587 2608 3741 2663 Deus

2085 2705 2303 2761 corpus
2329 2689 2573 2761 quidem
2604 2693 2765 2763 quod
2793 2692 3154 2749 dissolutum
3193 2700 3304 2763 est,
3339 2696 3609 2763 suscitat,
3643 2699 3744 2753 sed

321 2777 648 2840 decentius,
679 2773 786 2831 sed
816 2773 1518 2847 spiritualius.Siquidem
1549 2774 1613 2831 in
1644 2775 1978 2833 seminibus
2012 2795 2250 2851 quoque
2290 2778 2448 2835 idem
2502 2787 2593 2837 est
2647 2781 2937 2849 invenire,
2987 2783 3146 2854 quod
3204 2784 3514 2841 decentius
3562 2787 3749 2860 surgit

321 2884 501 2940 quam
535 2867 866 2939 projectum
902 2870 1048 2920 erat.
1085 2886 1113 2915 ‹‹
1142 2866 1213 2921 Et
1240 2865 1562 2937 unicuique
1597 2865 1895 2922 seminum
1930 2884 2102 2924 suum
2156 2885 2391 2942 corpus.
2427 2891 2456 2919 »
2489 2870 2607 2926 Hoc
2638 2871 3057 2928 haereticorum
3088 2873 3329 2928 obturat
3367 2890 3495 2942 ora,
3529 2874 3737 2931 dicen-

324 2957 474 3012 tium
496 2971 617 3010 non
649 2954 946 3010 suscitarii
977 2953 1135 3009 idem
1165 2970 1380 3025 corpus
1409 2955 1471 3009 in
1502 2955 1959 3022 resurrectione,
1991 2955 2097 3012 sed
2127 2957 2311 3013 aliud.
2953 2958 2959 2964 ’

400 3044 477 3101 Οὒ
529 3047 672 3097 πᾶσα
727 3042 877 3117 σὰρξ,
936 3043 972 3111 ἡ
1029 3041 1169 3111 αὐτή
1230 3042 1383 3118 σὰρξ,
1461 3038 1609 3098 ἀλλᾶ
1674 3040 1822 3114 ἄλλη
1887 3043 1982 3118 μὶν

335 3133 655 3203 ἀνθρώπων,
723 3129 872 3203 ἃΛλη
971 3129 1030 3186 δὲ
1121 3131 1247 3207 σὰρξ
1347 3137 1582 3204 κτηνῶν,
1683 3130 1831 3203 ἄλλη
1926 3132 1987 3188 δὲ

340 3221 572 3297 ἰχθύων,
603 3221 746 3291 ἄλλη
806 3219 864 3277 δὲ
919 3225 1164 3290 πτηνῶν.
1229 3219 1333 3279 Καὶ
1392 3223 1619 3296 σώματα
1664 3220 1977 3298 ἕπουράνια,

2165 3049 2279 3113 XV,
2313 3048 2508 3104 39-41.
2546 3072 2572 3099 ‹‹
2609 3051 2734 3104 Non
2767 3050 2962 3105 omnis
2993 3067 3151 3112 caro.
3185 3050 3393 3106 eadem
3424 3067 3584 3116 caro,
3642 3050 3747 3108 sed

2094 3159 2122 3188 ‹‹
2157 3137 2276 3193 alia
2306 3138 2546 3209 quidem
2570 3155 2706 3194 caro
2728 3140 3187 3204 hominum,alia
3207 3146 3404 3196 autem
3439 3156 3743 3213 pecorum,

2099 3248 2119 3278 ι
2154 3227 2273 3283 alia
2294 3243 2428 3282 vero
2451 3228 2727 3299 piscium,
2757 3229 2873 3284 alia
2899 3236 3098 3285 autern
3133 3229 3457 3285 volucrum.
3482 3232 3552 3284 Et
3606 3237 3746 3286 sunt

333 3310 423 3367 καὶ
459 3311 680 3384 σώματα
734 3309 966 3389 ἐπίγεια.
1029 3308 1189 3367 Ἀλλ’
1244 3310 1399 3387 ἑτέρα
1645 3316 1753 3368 τῶν
1813 3313 1969 3368 ἕπου·

2093 3339 2115 3367 ι(
2152 3332 2397 3389 corpora
2415 3318 2677 3374 cwlestia
2705 3323 2916 3373 etsunt
2935 3335 3182 3391 corpora
3194 3319 3740 3377 terrestria.Verum

329 3400 530 3478 ρανίων
591 3397 738 3472 δόξα,
796 3399 951 3477 ἑτέρα
1034 3397 1092 3457 δὶ
1147 3403 1183 3470 ἡ
1239 3405 1351 3457 τῶν
1429 3399 1701 3479 ἐπιγείων.
1788 3400 1970 3473 Ἄλλη

324 3489 455 3563 δόξα
509 3490 700 3564 ἡλίου,
760 3491 850 3546 καὶ
907 3489 1055 3562 ἄλλη
1111 3487 1239 3561 δόξα
1304 3488 1568 3563 σελήνης,
1653 3490 1742 3547 καὶ
1823 3489 1972 3564 ἄλλη

321 3580 450 3652 δόξα
504 3579 764 3657 ἀστέρων.
830 3580 1034 3657 Ἀστὴρ
1130 3580 1236 3657 γὰρ
1317 3581 1540 3656 ἀστέρος
1628 3579 1865 3660 διαφὲρει
1924 3581 1978 3637 ἐν

321 3676 465 3753 δόξῃ.

399 3769 523 3825 Εἶτα
545 3765 642 3823 ’ίνα
670 3769 749 3842 μή
781 3768 1015 3832 ἀκούσας
1042 3767 1168 3831 περὶ
1225 3772 1324 3824 τοῦ
1370 3766 1543 3837 σίτου,
1592 3768 1845 3843 νομίσῃς,
1892 3769 1979 3824 δτι

330 3856 506 3934 ὥσπερ
539 3857 627 3915 ἐπὶ
659 3859 827 3912 αὐτοῦ
857 3856 1052 3921 πάντες
1083 3859 1136 3914 οἱ
1158 3857 1426 3934 ἀστάχυες
1456 3857 1722 3931 ὁμότιμοι
1745 3857 1979 3928 ἀνίασιν,

333 3949 507 4009 οὕτως
540 3948 628 4004 καὶ
663 3946 717 4003 ἐν
747 3950 816 4021 τῇ
847 3947 1129 4003 ἀναστάσει
1188 3947 1454 4021 ὁμότιμοι
1504 3953 1702 4010 πάντες
1748 3945 1982 4019 ἔσονται,

331 4035 501 4109 δεῖξαι
532 4036 681 4093 θέλει
711 4037 795 4093 ὅτι
840 4032 1073 4114 διαφορά
1119 4035 1232 4092 ἔστι
1282 4041 1391 4093 τῶν
1437 4036 1831 4110 ἀνισταμένων,
1890 4037 1983 4094 καί

328 4149 517 4207 φησιν’
558 4150 578 4175 α
613 4125 691 4184 Οὐ
723 4130 867 4181 πᾶσα
896 4125 1024 4199 σὰρξ
1056 4128 1091 4195 ἡ
1123 4124 1286 4195 αὐτὴ,
1321 4150 1349 4179 ››
1380 4124 1512 4183 ἂλ)’
1566 4120 1680 4183 ἔστι
1729 4123 1981 4206 διαφορὰ,

318 4218 416 4273 καὶ
455 4218 592 4279 τὲως
649 4216 775 4290 περὶ
834 4212 1181 4288 ἁμαρτωλῶν
1230 4214 1401 4294 Λὲγει.
1444 4217 1549 4273 Καὶ
1596 4217 1699 4291 γαρ
1752 4216 1843 4272 καὶ
1902 4217 1984 4271 ἐπ’

319 4307 501 4364 αὐτῶι
534 4301 647 4362 ἔστι
680 4303 917 4382 διαφορᾶ
943 4303 1239 4378 τιμωρίας.
1282 4307 1439 4363 Ὅθεν
1490 4306 1678 4386 φησὶν,
1736 4331 1764 4359 α
1798 4305 1979 4376 Ἄλλη

324 4399 420 4469 μὲν
450 4396 776 4464 ἀνθεώπων,
811 4393 957 4462 ἄλλη
1000 4392 1059 4450 δὶ
1083 4398 1300 4466 κτηνῶν
1333 4395 1423 4451 καὶ
1457 4395 1686 4471 ἰχθύων,
1719 4418 1748 4448 »
1805 4396 1987 4469 τοῦτῳ

322 4492 405 4544 τῶ
441 4488 655 4563 τρνῖπῳ,
685 4487 786 4556 τήν
814 4484 928 4542 ἐκεῖ
956 4484 1120 4541 οὖσαν
1183 4482 1449 4563 διαφορὰν
1498 4483 1706 4558 δηλῶν.
1761 4486 1866 4543 Καὶ
1914 4487 1989 4550 ὡς

320 4577 378 4634 ἐν
411 4575 812 4650 παραδείγματι
869 4572 1139 4647 ἑπεξῆλθε
1194 4580 1275 4649 τῷ
1329 4574 1505 4654 λόγῳ,
1559 4577 1634 4640 ὡς
1683 4576 1730 4633 εἰ
1781 4574 1987 4655 ἔλιγεν,

319 4669 527 4741 ’Ὠσπερ
568 4665 709 4721 ἐστὶν
772 4664 995 4721 ἐνταῦθα
1053 4662 1288 4745 διαφορὰ
1344 4665 1650 4742 ἀνθρώπων
1703 4666 1793 4721 καὶ
1849 4687 1989 4738 κτη-

2085 3429 2112 3458 «
2145 3408 2266 3463 alia
2294 3407 2536 3478 quidem
2571 3408 2897 3464 caelestium
2929 3409 3136 3481 gloria,
3170 3404 3288 3465 alia
3314 3414 3514 3465 autem
3544 3416 3738 3467 terre-

2085 3518 2113 3547 «
2145 3497 2357 3552 strium
2393 3514 2404 3552 :
2440 3496 2557 3553 alia
2587 3498 2774 3571 gloria
2805 3498 2969 3563 solis,
3005 3498 3121 3553 alia
3148 3498 3335 3572 gloria
3356 3499 3601 3560 lunae.et
3621 3499 3739 3556 alia

2085 3609 2111 3638 «
2128 3587 2317 3660 gloria
2339 3586 2666 3644 stellarum.
2683 3587 2864 3644 Stella
2882 3587 3175 3661 siquidem
3191 3606 3225 3645 a
3247 3588 3421 3644 stella
3450 3588 3649 3645 differt
3676 3589 3739 3645 in

2089 3700 2109 3726 ι
2144 3677 2350 3747 gloria.
2390 3701 2417 3726 η

2158 3768 2384 3823 Deinde
2416 3786 2491 3824 ne
2523 3770 2723 3825 audito
2760 3769 2831 3824 de
2863 3769 3167 3826 frumento
3200 3772 3495 3843 exemplo,
3528 3771 3742 3845 opine-

2085 3857 2169 3913 ris
2200 3857 2361 3929 quod
2392 3858 2545 3915 sicut
2572 3859 2635 3914 in
2657 3874 2726 3914 eo
2757 3875 2966 3914 omnes
2997 3860 3174 3932 spicae
3201 3859 3262 3914 in
3295 3860 3503 3918 eodem
3534 3876 3741 3917 ascen-

2089 3946 2237 4004 dunt
2267 3947 2516 4015 honore,
2549 3947 2632 4003 ita
2663 3947 2801 4004 etin
2833 3947 3273 4003 resurrectione
3307 3965 3520 4004 omnes
3552 3950 3615 4004 in
3643 3966 3746 4005 eo-

2090 4035 2226 4093 dem
2264 4036 2449 4094 iuluri
2483 4037 2604 4091 sint
2633 4037 2881 4098 honore.
2928 4037 3052 4092 vult
3110 4036 3429 4095 ostendere
3481 4038 3745 4097 futuram

2090 4125 2250 4181 inter
2278 4142 2379 4182 eos
2411 4126 2512 4198 qui
2547 4133 2857 4199 resurgent
2890 4125 3315 4184 diversitatem.
3344 4150 3370 4176 »
3392 4130 3518 4184 Non
3551 4129 3749 4185 omnis

2092 4231 2231 4272 caro
2269 4216 2501 4283 eadem,
2557 4238 2582 4264 »
2617 4215 2719 4272 sed
2779 4222 2868 4271 est
2925 4217 3253 4281 diversitas,
3289 4224 3348 4273 et
3404 4219 3643 4275 interim
3678 4219 3750 4277 de

2093 4306 2504 4379 peccatoribus
2546 4307 2825 4378 loquitur.
2855 4307 2997 4361 Nam
3030 4307 3188 4362 inter
3212 4308 3375 4378 ipsos
3401 4324 3638 4381 quoque
3662 4315 3752 4367 est

2094 4396 2407 4451 diversitas
2438 4395 2735 4467 supplicii.
2764 4395 2927 4452 Unde
2949 4397 3070 4451 ait:
3103 4420 3131 4446 «
3166 4397 3299 4452 Ala
3345 4398 3587 4469 quidem
3638 4399 3754 4455 ho-

2097 4485 2326 4540 minum
2350 4502 2509 4542 caro.
2543 4485 2662 4541 alia
2690 4502 2827 4541 vero
2861 4501 3146 4557 pecorum
3179 4493 3238 4541 et
3270 4487 3544 4558 piscium,
3579 4512 3602 4541 ι
3636 4490 3750 4546 hoc

2098 4590 2275 4629 mono
2307 4574 2708 4631 differentiam
2732 4591 2865 4646 quia
2896 4574 2975 4630 ibi
3006 4580 3099 4630 est
3128 4575 3494 4649 signiﬁcans,
3527 4583 3589 4634 et
3615 4584 3749 4637 tan-

2100 4679 2278 4736 quam
2306 4664 2581 4736 exemplo
2600 4682 2746 4722 usus
2768 4671 2859 4721 est
2876 4666 2989 4722 hoc
3005 4681 3377 4732 sermone,ac
3405 4667 3452 4722 si
3481 4667 3747 4724 dixisset:

324 4762 435 4812 νῶν
464 4757 554 4812 καὶ
588 4753 822 4830 ῗχθῦων,
855 4752 1030 4819 οὕτως
1055 4748 1204 4810 ἔσται
1260 4754 1416 4811 κάκεῖ
1466 4751 1698 4836 διαφορὰ
1745 4755 1836 4810 καὶ
1884 4755 1981 4810 αὐ-

2095 4731 2609 4818 Quemadmodum
2633 4754 2729 4810 hic
2760 4754 3098 4811 differentia
3119 4760 3209 4810 est
3236 4755 3552 4811 hominum
3575 4761 3633 4812 et
3654 4773 3751 4829 pe-

329 4852 439 4903 τῶν
496 4850 607 4901 τῶν
665 4841 1012 4919 ἁμαρτωλῶν
1064 4841 1117 4898 ἐν
1170 4848 1292 4906 ταῖς
1343 4842 1660 4919 τιμωρίαις.
1721 4868 1749 4897 ‹‹
1812 4842 1987 4902 Ἀλλᾶ

328 4932 479 5004 ἄλλη
508 4932 603 5005 μὲν
662 4929 983 5005 ἀνθρώπων.
1014 4954 1037 4984 ι
1102 4933 1252 4984 Πᾶσα
1278 4931 1315 4999 ἡ
1351 4927 1584 5010 διαφορὰ
1638 4930 1798 5001 αὓτη,
1858 4931 1983 5007 περὶ

327 5019 680 5096 ἁμαρτωλῶν
723 5018 870 5076 αὐτῶ
925 5015 1162 5094 ε’ρηται.
1218 5020 1348 5094 Περὶ
1410 5019 1514 5096 γὰρ
1566 5019 1674 5075 τῶν
1733 5016 1982 5092 δικαίων,

320 5108 432 5166 ἐκεῖ
461 5112 700 5163 ποιεῖται
764 5103 1049 5181 διαφορὰν,
1109 5104 1237 5161 ὅταν
1295 5106 1363 5160 τὰ
1423 5105 1649 5180 οὐράνια
1701 5105 1980 5183 καταλέγῃ

320 5201 569 5273 σώματα.
603 5220 632 5249 ‹‹
666 5196 768 5253 Καὶ
802 5195 1030 5267 σώματα
1068 5194 1383 5269 ἐπουράνια.
1422 5219 1449 5246 n
1509 5195 1643 5250 Εἶτα
1690 5194 1828 5272 ἄχρι
1879 5203 1979 5267 τῆς

319 5288 582 5371 διαφορᾶς
610 5291 719 5341 τῶν
748 5282 1098 5360 ἁμαρτωλῶν
1131 5283 1281 5341 ἔσται
1321 5286 1356 5354 ἡ
1391 5284 1713 5355 ἀνάστασιςς
1776 5285 1981 5361 οὐμεν-

324 5382 433 5436 οὖν.
493 5379 652 5433 Ἔστι
710 5374 815 5450 γὰρ
872 5375 962 5429 καὶ
1023 5375 1253 5446 σώματα
1335 5373 1652 5452 ἐπουράνια,
1709 5374 1977 5445 τουτέστι,

320 5473 385 5525 τὰ
414 5473 523 5527 τῶν
558 5465 809 5526 δικαίων.
842 5464 909 5522 τὰ
951 5462 1298 5521 πλουτοῦντα
1351 5465 1415 5520 τὸ
1471 5469 1586 5544 φῶς
1640 5470 1737 5522 τοῦ
1796 5472 1976 5539 Παρα-

313 5560 543 5631 κλήτου.
576 5557 734 5611 Ἐστι
764 5552 823 5609 δὲ
859 5551 1123 5626 δηλονότι
1169 5553 1261 5608 καὶ
1312 5551 1544 5628 ἐπίγεια,
1596 5554 1862 5623 τουτέστι,
1909 5557 1979 5611 τὰ

309 5654 418 5706 τῶν
449 5642 824 5722 ἁμαρτωλῶν,
873 5643 943 5698 τα
996 5647 1115 5705 τοῖς
1172 5641 1391 5718 γηΐνοις
1436 5646 1776 5721 φρονήμασιν
1828 5643 1974 5701 ἐνσε-

315 5736 671 5814 σημασμὲνα,
726 5735 899 5808 ἤγουν
958 5735 1197 5801 κτηνῶν,
1257 5737 1501 5803 πτηνῶν.
1561 5734 1720 5793 Ἀλλ’
1798 5732 1973 5808 ἑτέρα,

313 5828 500 5911 φησὶν,
542 5819 692 5883 ἔσται
725 5824 763 5897 η
792 5818 923 5898 δόξα
962 5825 1068 5878 τῶν
1128 5819 1485 5902 ἰπουρανίων,
1544 5824 1699 5901 δτιρα
1751 5820 1812 5882 δὲ
1866 5827 1975 5884 τῶν

2094 4858 2300 4899 corum
2330 4857 2398 4897 ac
2418 4842 2697 4913 piscium,
2730 4844 2814 4900 ita
2863 4843 2975 4899 erit
3017 4849 3077 4899 et
3106 4843 3189 4898 ibi
3223 4844 3565 4900 ditl‘erentia
3593 4846 3751 4902 inter

2094 4932 2255 5004 ipsos
2282 4946 2521 5003 quoque
2553 4937 2895 5003 peccatores
2949 4933 3012 4988 in
3045 4932 3380 5006 suppliciis.
3427 4955 3455 4984 ‹‹
3487 4933 3602 4991 Sed
3631 4935 3752 4993 alia

2095 5020 2335 5094 quidem
2368 5020 2677 5077 hominum
2711 5021 2918 5095 gloria.
2944 5043 2974 5072 »
2997 5023 3283 5080 Universa
3312 5022 3439 5081 haec
3469 5022 3749 5082 differen-

2092 5114 2197 5181 tia,
2232 5112 2304 5170 de
2338 5111 2746 5185 peccatoribus
2778 5112 2849 5167 ab
2880 5129 2950 5169 eo
2981 5113 3139 5169 dicta
3169 5121 3276 5171 est.
3303 5116 3445 5171 Nam
3470 5117 3542 5172 de
3566 5117 3748 5188 justis

2092 5202 2175 5258 ibi
2206 5202 2349 5259 facit
2403 5202 2823 5269 diﬂ‘erentiam,
2882 5202 2983 5256 ubi
3014 5202 3274 5260 coelestia
3303 5213 3576 5263 recenset
3605 5224 3746 5265 cor-

2091 5309 2255 5366 pora.
2289 5314 2316 5341 «
2352 5294 2424 5349 Et
2446 5296 2584 5347 sunt
2640 5307 2889 5365 corpora
2919 5291 3203 5349 coelestia.
3239 5316 3266 5344 »
3302 5295 3568 5369 Denique
3599 5314 3746 5357 num

2089 5380 2164 5436 ad
2194 5379 2591 5437 differentiam
2624 5386 3000 5452 peccatorum
3034 5380 3326 5439 duntaxat
3369 5384 3751 5456 protenditur

2087 5470 2445 5527 resurrectio
2467 5470 2496 5525 ‘I
2518 5470 2669 5527 572
2721 5472 3128 5542 Nequaquam.
3156 5472 3304 5529 Sunt
3332 5474 3493 5530 enim
3525 5481 3584 5530 et
3613 5492 3749 5532 cor-

2087 5575 2233 5630 pora
2263 5559 2547 5627 cmlestia,
2580 5558 2641 5614 id
2690 5566 2799 5625 est,
2852 5561 3177 5630 justorum,
3211 5562 3579 5619 abundantia
3609 5563 3741 5619 luce

2087 5649 2396 5705 Paracleti.
2431 5650 2578 5705 Sunt
2606 5655 2805 5705 autem
2838 5654 2901 5704 et
2927 5652 3233 5707 teriestria
3263 5667 3428 5716 sane,
3462 5652 3574 5707 hoc
3624 5657 3733 5721 est,

2084 5743 2487 5810 peccatorum,
2538 5739 2820 5812 insignita
2881 5741 3155 5796 sensibus
3212 5741 3485 5801 terrenis.
3520 5757 3736 5814 nempe

2082 5843 2365 5903 pecorum
2395 5834 2496 5888 aut
2539 5827 2868 5889 volucrum.
2903 5830 3014 5887 Sed
3052 5828 3169 5889 alia
3202 5834 3312 5901 est,
3358 5829 3576 5905 inquit,
3606 5832 3737 5906 glo-
