4080 6396
351 471 472 534 883

1479 445 1891 515 (ECUMENII
1939 444 2247 508 TRICCE
2295 442 2645 508 EPlSCOPI

3661 449 3783 511 εει

360 608 450 665 ria
478 601 825 661 caelestium,
861 595 979 652 alia
1009 609 1146 649 vero
1201 590 1594 654 terrestrium,
1628 592 2004 660 peccatorum

2152 578 2375 656 πιγείων
2407 577 2776 656 ἁμαρτωλῶν,
2810 578 2909 636 οὐκ
2938 573 3088 637 ἔσται
3138 579 3286 653 δόξα.
3342 582 3420 641 Οὗ
3471 584 3574 661 γὰρ
3621 588 3785 640 τοῦτο

365 712 486 752 non
541 693 655 746 erit
708 687 918 762 gloria.
973 687 1117 740 Nam
1177 683 1240 737 in
1297 698 1367 736 eo
1429 679 1586 751 quod
1645 678 1843 733 licitur
1900 675 2018 730 alia

364 801 493 842 esse
551 781 742 856 gloria
795 778 1098 848 justorum
1149 778 1207 827 et
1262 771 1379 826 alia
1441 774 1837 839 peccatorum,
1893 781 2016 819 non

365 854 685 932 subaudies
715 865 920 938 gloria,
952 863 1056 920 sed
1097 864 1231 921 vita.
1264 865 1365 914 aut
1394 859 1756 914 conversatio.
1793 854 2015 909 Deinde

365 964 510 1020 dicit
559 967 618 1016 et
665 961 968 1029 justorum
1040 950 1467 1013 diﬂ'erentiam,
1535 948 1689 1003 sicut
1744 943 2020 999 videlicet

365 1052 544 1128 paulo
603 1055 740 1104 ante
816 1045 964 1100 dixit
1041 1047 1442 1114 peccatorum.
1510 1033 2020 1102 Quemadmodum

369 1127 528 1204 enim
586 1142 861 1198 universa
917 1151 1168 1207 corpora
1215 1131 1499 1192 caelestia,
1533 1129 1736 1184 omnia
1779 1127 2020 1198 quidem

373 1233 694 1310 splendida
742 1235 879 1284 sunt
931 1243 999 1282 ac
1039 1223 1372 1295 perspicua,
1423 1227 1512 1276 est
1539 1225 1742 1275 tamen
1785 1218 1845 1272 in
1877 1216 2022 1288 ipsis

372 1307 552 1385 etiam
603 1319 939 1378 differentia
987 1317 1144 1371 inter
1187 1312 1624 1376 solem,1unam
1667 1325 1736 1364 ac
1777 1307 2019 1363 stellas:

369 1419 453 1474 ita
482 1422 540 1471 et
560 1413 708 1485 justi
737 1407 1044 1466 habebunt
1082 1407 1238 1460 inter
1270 1419 1330 1460 se
1366 1408 1571 1458 mutuo
1605 1398 2020 1454 differentiam.

366 1505 510 1562 Vide
543 1509 740 1559 autem
777 1513 956 1569 quam
997 1494 1142 1551 scite
1173 1509 1280 1565 per
1307 1491 1552 1548 modum
1585 1487 1843 1558 exempli
1904 1490 2027 1541 tota

373 1591 637 1652 scientia:
661 1585 1060 1659 intelligentia
1088 1599 1234 1640 usus
1283 1582 1377 1636 sit.
1413 1581 1492 1636 De
1531 1577 1720 1648 gloria
1767 1592 1902 1632 vero
1927 1576 2024 1646 ju-

376 1688 606 1740 storum
638 1695 704 1735 ac
756 1681 1137 1749 peccatorum
1195 1687 1316 1729 non
1368 1685 1475 1742 per
1522 1665 2027 1739 comparationem

368 1771 531 1839 fecit,
565 1766 670 1824 sed
731 1762 1054 1821 ostendens
1111 1763 1492 1834 peccatorum
1541 1772 1661 1812 non
1715 1770 1846 1811 esse
1903 1753 2029 1826 glo-

368 1860 547 1918 riam.

2127 668 2655 738 συνυπακούσεις,ἐν
2711 675 2788 742 τῷ
2842 671 3008 726 εἰπεῖν
3062 669 3188 746 δόξα
3245 677 3351 728 τῶν
3410 670 3631 728 δικαίων
3692 674 3786 730 καὶ

2124 760 2277 833 ἑτέρα
2309 765 2413 814 τῶν
2446 762 2813 834 ἁμαρτωλῶν,
2847 761 2962 818 ἀντὶ
2992 766 3112 829 τοῦ,
3145 762 3250 818 οὐκ
3279 758 3396 819 ἔστι
3429 761 3577 834 δόξα,
3639 765 3788 819 ἀλλὰ

2127 847 2402 926 διαγωγή.
2467 851 2595 906 Εἱτα
2653 849 2801 924 λέγει
2861 852 2948 905 καῖ
3008 856 3114 906 τῶν
3186 849 3410 907 δικαίων
3496 850 3783 931 διαφορὰν,

2127 937 2310 1010 ὥσπερ
2343 939 2533 1011 ἀμέλει
2588 940 2782 1013 μικρὸν
2831 937 3136 1016 ἔμπροσθεν
3192 942 3307 996 εἶπε
3361 946 3468 997 τῶν
3531 945 3789 1018 ἁμαρτω-

2131 1027 2262 1085 λῶν.
2297 1031 2499 1104 Ὠσπερ
2531 1030 2637 1106 γὰρ
2685 1027 2920 1102 λαμπρᾶ
2981 1031 3075 1102 μὲν
3135 1031 3310 1086 πάντα
3363 1033 3454 1086 καὶ
3514 1037 3788 1112 περιφανῆ

2130 1120 2197 1174 τὰ
2227 1119 2450 1193 οὐράνια
2491 1120 2742 1192 σώματα,
2775 1116 2892 1175 ἔστι
2925 1117 2970 1174 δ’
3004 1119 3160 1194 ὅμως
3193 1121 3283 1176 καὶ
3334 1119 3385 1176 ἐν
3436 1119 3621 1183 αὐτοῖς
3670 1118 3794 1177 δια.-

2133 1211 2274 1286 φορᾶ
2305 1207 2454 1282 ἡλῖῳ
2484 1209 2574 1264 καὶ
2610 1208 2840 1284 σελήνῃ,
2889 1209 2979 1264 καὶ
3038 1208 3312 1280 ἅστρασινσ
3372 1209 3515 1265 οὕτω
3580 1209 3671 1266 καὶ
3733 1209 3794 1266 οἱ

2135 1296 2340 1354 δίκαιοι
2379 1297 2586 1372 ’ἐξουσιν
2641 1297 2692 1353 ἐν
2752 1299 2964 1360 ἑαυτοῖς
3023 1297 3308 1379 διαφοράν.
3365 1302 3506 1376 Ὅρα
3566 1297 3624 1355 δὲ
3675 1304 3800 1364 πῶς

2135 1387 2346 1467 εὐφυῶς
2399 1388 2449 1444 ἐν
2514 1390 2657 1460 τάξει
2718 1387 3158 1464 παραδείγματος
3215 1390 3334 1464 ὂλῳ
3396 1395 3476 1462 τῷ
3551 1392 3798 1466 νοήματι

2138 1475 2420 1548 ἐπεξῆλθε.
2459 1479 2586 1553 Περὶ
2627 1475 2684 1534 δε
2720 1476 2882 1548 δόξης
2936 1484 3043 1534 τῶν
3106 1477 3330 1534 δικαὲων
3380 1479 3471 1535 καί
3529 1481 3800 1555 ἀμαρτω-

2137 1567 2270 1635 λῶν,
2313 1567 2411 1623 οὐκ
2467 1566 2516 1622 ἐν
2568 1568 2843 1643 συγκρίσει
2897 1568 3223 1640 ἐποιήσατο,
3281 1567 3430 1626 ἀλλὰ
3483 1567 3658 1640 δείξας
3716 1571 3797 1642 μὴ

2138 1657 2280 1712 εἶναι
2311 1652 2468 1730 δόξαν
2506 1660 2613 1713 τῶν
2641 1657 3009 1732 ἁμαρτωλῶν.

440 1951 2107 2048 Χν,42ο46.ι(Ῑῐᾶθῐΐεειιτιδθοῐίοωοτιιιοιδιιηι.δθωὶῐιᾶ-Β
2207 1961 2396 2025 Οὕτως
2455 1963 2544 2020 καὶ
2597 1967 2632 2034 ὴ
2691 1965 2977 2029 ἀνάστασις
3031 1971 3139 2023 τῶν
3207 1972 3431 2043 νεκρῶν.
3502 1968 3800 2038 Σπείρεται

375 2096 403 2125 ‹‹
422 2079 520 2130 tur
536 2071 598 2126 in
613 2055 1994 2139 corruptione,suscitaturinincorruptibilitate
2017 2071 2030 2108 :

376 2185 406 2214 ‹‹
425 2157 830 2219 seminaturin
845 2149 1599 2228 ignominia,suscitaturin
1620 2147 1809 2220 gloria
1833 2145 2036 2200 εδει]ιὶ-

372 2274 401 2304 ‹‹
415 2255 594 2308 natur
608 2251 671 2304 in
686 2244 1051 2310 infirmitate,
1073 2240 1465 2297 suscitaturin
1479 2235 2034 2310 potentiazsemina-

374 2366 403 2394 «
423 2349 520 2401 tur
532 2355 747 2412 corpus
761 2333 1357 2396 anirrale,suscitatur
1369 2346 1583 2401 corpus
1597 2326 2036 2399 spirituale.Est

374 2455 402 2483 «
418 2446 637 2502 corpus
658 2426 1036 2490 animale,est
1052 2428 1106 2478 et
1121 2439 1334 2492 corpus
1355 2418 1778 2492 spirituale.lta
1797 2430 2036 2486 quoque

379 2523 714 2592 «scriptum
748 2523 873 2572 est:
921 2517 1132 2570 Factus
1165 2519 1253 2567 est
1275 2512 1503 2584 primus
1541 2509 1720 2563 homo
1767 2506 1951 2562 Adam
1976 2506 2036 2560 in

385 2635 410 2666 ι
428 2612 691 2670 animam
724 2609 1036 2668 viventem,
1063 2609 1364 2659 extremus
1377 2601 1556 2656 Adam
1574 2601 1634 2655 in
1656 2599 1934 2670 spiritum
1951 2597 2035 2652 vi-

380 2725 408 2754 «
435 2702 792 2757 vificantem.
828 2699 901 2752 At
922 2710 1043 2750 non
1075 2693 1335 2765 primum
1376 2690 1532 2762 quod
1568 2689 1897 2761 spirituale,
1935 2686 2038 2741 sed

382 2817 409 2844 ‹‹
438 2790 596 2863 quod
626 2786 906 2852 animale,
941 2782 1156 2839 deinde
1195 2781 1355 2853 quod
1388 2778 1723 2851 spirituale.
1761 2799 1790 2826 ››

450 2941 478 2968 ‹‹
512 2917 599 2971 Ita
625 2920 683 2970 et
712 2910 1087 2968 resurrectio.
1126 2931 1153 2959 ››
1190 2910 1294 2970 Ita,
1347 2904 1646 2977 quomodo
1669 2903 1696 2958 *ἲ
1724 2904 1789 2958 In
1825 2917 2041 2973 magna

380 2998 1203 3074 varietate,quemadmodum
1237 2997 1415 3051 etiam
1448 2993 1912 3050 manifestarunt
1936 2989 2040 3046 ad-

377 3097 555 3153 ducta
582 3090 876 3164 exempla.
910 3111 939 3139 «
976 3087 1313 3144 Seminatur
1344 3085 1404 3139 in
1438 3083 1845 3155 corruptione.
1896 3102 1924 3131 ››
1973 3080 2040 3135 In

372 3182 788 3258 superioribus
810 3180 1062 3251 loquens
1086 3177 1156 3232 de
1188 3174 1691 3237 seminibus,usus
1713 3177 1805 3228 ost
1835 3170 2041 3226 dictio-

373 3275 558 3333 nibus
589 3288 721 3344 quaa
754 3266 1101 3340 corporibus
1134 3269 1414 3336 aptantur
1445 3280 1457 3318 :
1493 3267 1560 3319 ut
1609 3277 1744 3316 cum
1776 3260 2037 3316 diceret:

382 3385 412 3416 ‹‹
445 3365 572 3419 Non
605 3359 932 3416 vivificatur
954 3356 1068 3410 nisi
1106 3360 1402 3411 mortuum
1427 3352 1606 3407 fuerit
1637 3367 1650 3418 ;
1688 3373 1714 3400 »
1747 3367 1906 3405 nunc
1934 3366 2038 3405 au-

376 3460 505 3510 tem
539 3451 611 3507 de
643 3447 994 3520 corporibus
1023 3443 1494 3515 loquens,utitur
1519 3440 1882 3496 dictionibus
1905 3456 2038 3510 quae

389 3546 668 3614 aptantur
698 3536 1052 3598 seminibus,
1086 3533 1333 3588 dicens:
1370 3555 1397 3579 ‹‹
1433 3531 1772 3586 Seminatur
1821 3529 1881 3583 in
1913 3545 2040 3584 cor-

387 3631 688 3702 raptione.
725 3652 746 3679 ι
785 3627 907 3682 Hoc
940 3629 1136 3679 autem
1171 3622 1390 3691 ubique
1425 3620 1586 3684 facit,
1619 3617 1907 3689 exemplis
1940 3617 2040 3672 ad-

392 3728 604 3793 aptans
635 3731 974 3774 sermonem
1007 3714 1078 3770 de
1111 3711 1567 3769 resurrectione.
1604 3710 1813 3765 Semen
1845 3715 2042 3764 autem

387 3813 533 3868 dicit
562 3824 870 3874 nune,non
906 3804 1064 3877 quod
1095 3805 1155 3859 in
1187 3808 1356 3858 utero
1411 3805 1520 3868 est,
1556 3799 1658 3855 sed
1717 3799 2044 3870 depositio-

390 3918 528 3957 nem
560 3913 877 3971 corporum
908 3900 1276 3950 mortuorum
1311 3892 1372 3947 in
1402 3896 1576 3956 terra,
1605 3906 1671 3944 ac
1695 3889 1742 3945 si
1771 3888 1995 3943 diceret
2026 3903 2039 3943 :

390 3991 683 4062 Abjicitur
713 3989 772 4043 in
801 3992 964 4044 terra
994 3999 1207 4056 corpus
1255 3988 1558 4038 mortuum
1604 3979 1667 4037 in
1712 3977 2046 4051 corruptio-

389 4081 638 4142 tionem,
669 4078 782 4134 hoc
813 4081 924 4142 est,
956 4079 1023 4129 ut
1051 4076 1490 4142 corrumpatur.

464 4204 619 4262 578
651 4203 808 4259 Bene
838 4204 1039 4257 autem
1063 4197 1260 4267 ,dicit:
1296 4218 1322 4244 ‹‹
1357 4194 1706 4258 Suscitatur,
1753 4216 1775 4244 ι
1813 4197 1871 4247 et
1900 4208 2042 4260 non,

393 4293 748 4352 Producitur
790 4305 866 4344 ne
899 4294 1071 4343 terrae
1103 4284 1512 4356 Operationem
1555 4298 1686 4336 esse
1718 4281 2040 4337 existimes.

395 4409 422 4436 ‹‹
457 4384 797 4439 Seminatur
822 4379 884 4434 in
923 4375 1273 4448 ignominia.
1309 4395 1334 4423 »
1362 4374 1510 4438 Quid
1543 4372 1703 4428 enim
1734 4371 2045 4429 diffluente

400 4476 681 4532 cadavere
738 4463 1114 4526 deformius?
1166 4463 1268 4520 sed
1326 4463 1645 4520 suscitatur
1715 4463 1777 4517 in
1861 4462 2046 4535 gloria

396 4561 884 4635 incorruptionis.
963 4582 989 4608 ‹‹
1047 4557 1386 4613 Seminatur
1443 4553 1810 4610 inﬁrmitate.
1876 4575 1902 4602 ››
1955 4553 2046 4608 Si-

400 4656 641 4731 quidem
667 4669 788 4709 non
820 4654 1170 4723 potestcaro
1202 4645 1292 4702 vel
1331 4645 1404 4701 ad
1446 4645 1710 4718 quinque
1738 4643 1864 4700 dies
1901 4643 2048 4698 resi-

2143 2051 2195 2108 ἐν
2255 2057 2450 2130 φθορᾷ,
2512 2054 2771 2129 ἐγείρεται
2857 2055 2908 2111 ἐν
2994 2056 3282 2134 ἀφθαρσίᾳ.
3379 2059 3667 2132 Σπεὶρεται
3743 2058 3804 2116 ἐν

2144 2141 2358 2214 ἀτιμίᾳ,
2426 2142 2689 2218 ἐγείρεται
2744 2144 2795 2199 ἐν
2847 2141 2994 2219 δόξῃ.
3056 2146 3340 2221 Σπείρεται
3424 2145 3475 2202 ἰν
3531 2147 3806 2221 ἀσθενείᾳ,

2145 2229 2408 2306 ἐγείρεται
2466 2233 2518 2288 ἐν
2583 2231 2830 2306 δυνάμει.
2922 2235 3206 2307 Σπεέρεται
3311 2237 3471 2311 σῶμα
3541 2240 3814 2313 ψυχικὸν,

2146 2319 2405 2397 ἐγείρεται
2439 2327 2598 2393 σῶμα
2655 2326 3043 2398 πνευματικόν.
3103 2327 3260 2381 Ἔστι
3319 2331 3480 2398 σῶμα
3541 2329 3811 2402 ψυχικὸν,

2145 2411 2236 2467 καὶ
2267 2411 2378 2467 ἔστι
2411 2418 2571 2486 σῶμα
2631 2414 3020 2486 πνευματικόν.
3083 2412 3273 2478 Οὕτως
3326 2415 3416 2470 καὶ
3483 2416 3818 2493 γέγραπται·

2149 2503 2395 2576 Ἐγένετο
2453 2504 2482 2558 ὁ
2536 2503 2758 2577 πρῶτος
2832 2503 3118 2577 ἅνθρωπος
3199 2501 3380 2577 Ἀδὰμ
3463 2506 3542 2570 εἷς
3623 2508 3815 2583 ψυχῆν

2153 2597 2347 2662 ζῶσαν,
2405 2593 2434 2647 ὁ
2493 2590 2727 2667 ἔσχατος
2783 2590 2985 2667 Ἀδὰμ,
3041 2593 3117 2656 εἷς
3212 2599 3422 2668 πνεῦμα
3481 2601 3815 2666 ζωοποιοῦν.

2151 2679 2312 2738 Ἀλλ’
2371 2683 2436 2737 οὗ
2495 2687 2713 2757 πρῶτον
2770 2683 2834 2738 τὸ
2921 2685 3310 2757 πνευματικὸν,
3370 2684 3517 2741 ἀλλὰ
3571 2686 3636 2741 τὸ
3706 2691 3814 2762 ψυ-

2151 2771 2337 2848 χικὸν,
2369 2765 2555 2827 ἔπειτα
2581 2772 2644 2826 τὸ
2675 2776 3060 2846 πνευματικόν.

2223 2886 2252 2913 ‹‹
2307 2860 2490 2923 Οὕτως
2547 2861 2637 2916 καὶ
2703 2863 2738 2930 ἡ
2800 2863 3104 2925 ἂνάστασις.
3140 2888 3167 2915 ››
3221 2862 3432 2926 Οὕτως.
3491 2867 3657 2933 Πῶς;
3719 2869 3806 2922 Ἐν

2156 2949 2392 3029 διαφορᾷ
2421 2950 2630 3025 πολλῇ,
2671 2951 2852 3013 καθὼς
2884 2951 2974 3006 καὶ
3027 2953 3093 3009 τὰ
3159 2954 3504 3034 παραχθέντα
3559 2953 3812 3025 ἐδήλωσε

2151 3038 2590 3117 παραδείγματα.
2655 3065 2681 3092 ‹‹
2717 3040 2997 3114 Σπεὲρεται
3058 3041 3108 3096 ἐν
3159 3048 3353 3119 φθορᾷ,
3403 3069 3429 3095 ››
3474 3048 3624 3101 ’Ἅνω
3681 3045 3808 3120 περὶ

2154 3133 2484 3206 σπερμάτων
2537 3129 2738 3205 λέγων.
2795 3128 3000 3201 λέξεσιν
3055 3131 3262 3207 ἐχρῆτο
3316 3134 3530 3207 σώμασι
3583 3156 3814 3205 πεποιη-

2158 3221 2474 3296 μέναις,ὡς
2533 3221 2656 3275 ὅταν
2713 3218 2921 3293 ἔλεγεν.
2982 3222 3116 3279 «Οὐ
3170 3228 3541 3292 ζωοποιεῖται,
3601 3223 3688 3280 ἐὰν
3737 3227 3812 3299 μὴ

2074 3333 2116 3400 C
2156 3310 2422 3400 ἀποθάνῃ,
2459 3335 2480 3364 ι
2518 3313 2608 3363 νῦν
2641 3307 2698 3364 δε
2751 3310 2873 3384 περῖ
2915 3310 3186 3382 σωμάτων
3217 3311 3414 3388 λέγων,
3449 3312 3621 3388 λέξεσι
3674 3322 3818 3390 χρῆ.

2153 3422 2241 3457 ται
2329 3398 2599 3474 σπέρματι
2686 3399 3102 3471 πεποιημέναις.
3167 3425 3195 3453 ιι
3256 3404 3541 3476 Σπείρεται
3599 3403 3705 3480 γὰρ
3765 3405 3820 3460 ἐν

2155 3493 2350 3569 φθορᾷ.
2383 3510 2411 3539 υ
2446 3489 2619 3542 Τοῦτο
2654 3483 2712 3541 δὲ
2741 3492 2890 3542 ποιεῖ
2919 3493 3226 3564 πανταχοῦ,
3273 3488 3437 3567 ἐγγὺς
3485 3492 3593 3546 τῶν
3637 3512 3818 3568 παρα-

2155 3575 2462 3651 δειγμάτων
2523 3575 2670 3651 ἄγων
2721 3581 2813 3631 τὸν
2882 3578 3006 3653 περὶ
3054 3582 3154 3644 τῆς
3225 3579 3562 3642 ἀναστάσεως
3621 3582 3817 3656 λόγον.

2155 3667 2373 3742 Σπορὰν
2406 3663 2485 3735 δὲ,
2519 3664 2580 3719 οὐ
2612 3663 2761 3742 λὲγει
2793 3670 2882 3720 νῦν
2909 3668 3010 3736 τὴν
3056 3665 3108 3720 ἐν
3162 3669 3364 3740 μήτρα,
3419 3667 3566 3725 ἀλλὰ
3613 3673 3717 3739 τήν
3775 3671 3830 3728 ἓν

2150 3762 2226 3834 γῇ
2281 3761 2388 3812 τῶν
2449 3759 2653 3829 νεκρῶν
2713 3754 2982 3826 σωμάτων
3038 3756 3317 3824 ἀπόθεσιν,
3376 3759 3450 3821 ὡς
3530 3760 3576 3815 εἰ
3633 3758 3813 3835 ἔλεγε·

2154 3841 2564 3904 Καταϐάλλεται
2595 3843 2649 3899 ἐν
2681 3848 2754 3918 γῇ
2785 3845 2848 3900 τὸ
2877 3847 3063 3922 νεκρὸν
3096 3851 3258 3920 σῶμα
3305 3847 3358 3903 ἐν
3413 3853 3608 3925 φθορᾷ,
3650 3869 3814 3907 τουτ-

2151 3939 2319 4013 ἂστιν,
2351 3939 2437 3996 ἐπὶ
2470 3944 2550 4013 τῷ
2579 3942 2870 4018 φθαρῆναι.

2227 4189 2426 4255 Καλῶς
2477 4190 2535 4246 δὲ
2575 4194 2744 4260 εἶπεν,
2801 4217 2822 4243 ι
2859 4190 3182 4267 Ἐγείρεται,
3218 4216 3246 4244 ››
3299 4194 3389 4250 καὶ
3443 4193 3527 4263 οὗ,
3586 4193 3814 4264 Φῦεται,

2150 4281 2239 4338 ’ἶνα
2275 4284 2350 4354 μή
2385 4281 2637 4356 νομίσῃς,
2671 4289 2768 4351 τῆς
2801 4289 2906 4360 γῆς
2938 4282 3078 4338 εἶναι
3127 4284 3226 4352 τήν
3262 4281 3536 4362 ἐργασίαν,
3573 4308 3601 4336 ‹‹
3641 4284 3811 4340 Σπεί-

2157 4395 2302 4450 ρεται
2352 4372 2404 4427 ἐν
2461 4373 2712 4448 ἀτιμίᾳ»
2773 4373 2838 4431 Τί
2888 4373 2992 4445 γὰρ
3047 4376 3238 4448 νεκροῦ
3297 4371 3646 4450 διαῤῥὲοντος
3703 4375 3816 4432 εἰδ-

2157 4463 2512 4539 εχθέστερονς
2548 4459 2676 4518 ἀλλ’
2739 4461 3002 4537 ἐγείρεται
3050 4462 3101 4517 ἐν
3153 4461 3281 4538 δόξῃ
3331 4470 3432 4532 τῆς
3492 4463 3813 4538 ἀφθαρσίας.

2161 4578 2183 4606 ι
2228 4553 2538 4626 Σπείρεται,
2602 4553 2788 4632 φησὶν,
2839 4551 2889 4606 ἐν
2943 4551 3207 4626 ἀσθενείῃ.
3243 4576 3270 4603 »
3324 4549 3478 4608 οὔπω
3523 4553 3622 4626 γὰρ
3673 4552 3814 4622 ἡμέ-

2159 4663 2244 4717 ραι
2295 4641 2451 4696 πέντε
2511 4641 2598 4696 καὶ
2659 4641 2757 4696 οὐκ
2817 4639 3000 4715 ΐσχύει
3058 4643 3092 4709 ἡ
3153 4641 3282 4715 σὰρξ
3341 4643 3614 4716 ἀντισχεῖν
3670 4641 3810 4714 πρὸς

398 4753 554 4806 stere
603 4739 1014 4814 corruptioni:
1059 4737 1165 4794 sed
1201 4736 1522 4792 suscitatur
1569 4735 1627 4789 in
1676 4733 1942 4806 potentia
1967 4733 2036 4787 in

2155 4716 2252 4801 νὴν
2313 4732 2541 4811 φθορὰν,
2601 4728 2730 4785 ἀλλ’
2781 4729 3047 4804 ἐγείρεται
3107 4729 3158 4784 ἐν
3212 4735 3281 4804 τῇ
3337 4739 3440 4800 τῆς
3515 4728 3812 4806 ἀφθαρσίας

396 4834 794 4907 corruptionis
853 4836 913 4886 et
959 4826 1427 4884 immortalitatis
1486 4842 1616 4896 quaa
1675 4823 1956 4894 deinceps
2013 4838 2049 4876 a

396 4927 563 4984 nulla
601 4921 986 4993 corruptione
1035 4916 1224 4989 possit
1282 4914 1569 4986 superari.
1630 4936 1656 4961 ‹‹
1708 4913 2048 4968 Seminatur

397 5027 613 5083 corpus
671 5007 949 5064 animale.
1005 5027 1030 5053 ››
1083 5005 1308 5073 Corpus
1357 5001 1501 5057 dicit
1550 4999 1811 5055 animale
1843 5000 1902 5054 in
1928 5016 2044 5069 quo

397 5103 596 5157 anima
626 5096 955 5151 dominium
990 5091 1245 5148 habetac
1272 5089 1714 5161 prmsidentiam
1738 5107 1749 5142 :
1777 5089 2050 5160 spiritua-

396 5191 452 5250 ιθ
485 5205 618 5242 vero
650 5185 808 5257 quod
841 5183 1092 5253 Spiritus
1122 5180 1309 5236 sancti
1345 5180 1687 5250 operatione
1720 5178 2049 5249 locupleta-

396 5289 512 5338 tur.
553 5279 704 5344 Quid
753 5273 973 5346 igitur?
1018 5271 1244 5327 diceret
1291 5271 1550 5340 aliquis:
1595 5287 1670 5324 an
1702 5287 1821 5324 non
1867 5271 2046 5326 etiam

401 5386 562 5428 nunc
620 5369 680 5422 in
738 5361 1092 5434 quibusdam
1151 5368 1430 5432 operatur
1487 5359 1778 5429 spiritus?
1814 5360 2046 5430 Utique,

399 5460 504 5518 sed
529 5473 690 5514 nunc
717 5452 956 5525 quidem
991 5451 1064 5506 ob
1090 5451 1218 5504 vitae
1255 5449 1640 5504 mutationem
1661 5450 1877 5520 smpius
1901 5466 2046 5519 quo-

399 5567 513 5625 que
540 5546 755 5607 avolat,
790 5549 928 5596 tunc
961 5557 1097 5595 vero
1131 5555 1367 5610 semper
1410 5537 1594 5594 adest.
1636 5541 1751 5594 Aut
1791 5539 2046 5594 animale

399 5640 546 5698 dicit
573 5644 878 5694 terrenum
911 5646 978 5684 ac
1015 5645 1204 5701 grave,
1237 5628 1544 5699 spirituale
1575 5645 1708 5684 vero
1733 5628 1948 5684 subtile
1979 5646 2050 5684 ac

403 5731 551 5787 leve.
583 5756 652 5768 —-
682 5725 906 5792 Corpus
932 5717 1190 5774 animale
1223 5718 1269 5771 si
1302 5717 1434 5788 quis
1483 5724 1918 5792 consequenter
1974 5717 2048 5774 ad

404 5833 475 5876 oo.
504 5832 636 5892 qua
668 5809 952 5887 praedicta
1008 5806 1323 5869 sunthaac
1378 5807 1643 5882 accipere
1703 5808 1864 5877 velit,
1898 5805 2049 5870 illud

2158 4820 2402 4894 δυνάμει,
2429 4819 2710 4880 ἀνάλωτος
2734 4821 2864 4874 οὖσα
2889 4817 3086 4874 λοιπὸν
3104 4819 3247 4894 πάσῃ
3267 4825 3462 4897 φθορᾷ.
3481 4846 3506 4872 (ι
3526 4820 3817 4895 Σπεὶρεται

2155 4918 2316 4985 σῶμα
2337 4911 2596 4986 ψυχικόν.
2628 4934 2654 4960 ››
2681 4908 2933 4983 Ψυχικόν
2957 4929 3091 4986 φησι
3106 4909 3344 4983 σῶμα,ἐν
3359 4911 3405 4983 ᾧ
3426 4911 3460 4980 ἠ
3476 4911 3632 4990 ψυχὴ
3647 4911 3708 4966 τὸ
3730 4913 3825 4964 κῦ-

2159 5022 2251 5077 ρος
2272 5002 2361 5055 καὶ
2387 5002 2488 5069 τήν
2520 5000 2821 5077 ἡγεμονίαν
2863 4997 3001 5073 ἔχει’
3058 5001 3428 5070 πνευματικὸν
3475 4998 3552 5069 δὲ,
3602 5002 3666 5056 τὸ
3719 5002 3824 5072 τήν

2155 5095 2252 5147 τοῦ
2283 5092 2442 5164 ἁγίου
2478 5091 2788 5162 ΙΙνεῦματος
2809 5085 3222 5146 καταπλουτοῦν
3257 5088 3555 5164 ἐνέργειαν.
3601 5089 3664 5148 Τί
3713 5091 3824 5167 γὰρ

2157 5186 2272 5249 νῦν,
2305 5180 2448 5236 ε”ποι
2481 5201 2560 5241 τις
2608 5179 2690 5244 ἂν,
2750 5179 2850 5233 οὐκ
2907 5177 3107 5254 ἐνεργεῖ
3161 5176 3216 5233 ἔν
3267 5199 3376 5234 τισι
3431 5179 3496 5234 τὸ
3557 5182 3824 5254 Ηνεῦμας

2157 5271 2284 5334 Ναὶ,
2318 5267 2465 5324 ἀλλᾶ
2506 5273 2597 5322 νῦν
2663 5269 2758 5338 μὲν
2810 5265 3086 5329 πολλάκις
3146 5267 3236 5322 καὶ
3293 5268 3589 5346 ἁφῖπταται
3651 5291 3822 5342 μετα,

2160 5356 2461 5429 ϐληθέντος
2492 5358 2586 5412 τοῦ
2624 5357 2766 5432 βίου,
2824 5355 2946 5411 τότε
3004 5355 3061 5411 δὲ
3116 5357 3356 5412 σύνεστιν
3416 5357 3518 5416 ἀεί.
3581 5360 3651 5416 Ἥ
3711 5362 3819 5434 ψυ-

2161 5448 2320 5524 χικὸν
2351 5445 2518 5519 λέγει,
2553 5445 2618 5500 τὸ
2646 5441 2847 5520 γεῶδες
2875 5445 2962 5498 καὶ
3001 5444 3164 5520 βαρὺ,
3207 5446 3575 5518 πνευματικὸν
3626 5445 3704 5517 δὲ,
3730 5433 3733 5434 ν
3756 5433 3828 5503 τὸ

2159 5535 2660 5610 λεπτομερὲστερον
2695 5533 3036 5613 καὶκοῦφον.
3090 5568 3162 5578 -
3216 5537 3422 5609 [ΦΩΤ.]
3477 5540 3650 5608 Σῶμα
3710 5540 3832 5612 ψυ-

2161 5626 2343 5702 χικὸν,
2387 5623 2546 5685 εἴτις
2576 5621 2897 5687 ἀκολούθως
2923 5628 3040 5684 τοῖς
3092 5623 3523 5698 προειρημένοις
3567 5620 3832 5680 ἐκλαϐεῖν

2161 5714 2334 5780 ἐθέλοι
2365 5717 2552 5776 ταῦτα,
2599 5711 2772 5767 ἐκεῖνο
2831 5714 2992 5785 οἶμαι
3053 5712 3304 5784 εἰρῆσθαι
3361 5716 3454 5766 νῦν
3509 5712 3724 5781 άπλῶς,
3760 5715 3834 5773 τὸ

2159 5805 2354 5876 θνητὸν
2410 5803 2708 5880 ἀνθρώπου
2768 5805 2951 5877 σῶμα.
3014 5803 3193 5862 Τοῦτο
3246 5801 3347 5877 γὰρ
3413 5802 3503 5864 καὶ
3562 5801 3614 5859 ἂν
3672 5802 3838 5860 d600-
