4080 6382
299 430 428 496 885
441 459 443 462 ‘

1270 439 1695 504 COMMENT.
1745 445 1824 506 IN
1872 442 2122 506 EPIST.
2165 446 2189 506 Ι
2235 446 2342 507 AD
2387 447 2762 510 GORINTH.

3608 450 3741 513 886.

298 565 439 638 νείᾳ,
502 565 593 621 καὶ
654 564 706 621 ἐν
759 568 957 647 φθορᾷ,
1016 570 1106 626 καὶ
1161 569 1215 626 ἐν
1273 571 1465 645 ἀτιμίᾳ
1519 573 1813 644 σπείρεται,
1872 596 1934 632 κα

2077 595 2236 636 nunc
2267 580 2620 654 simpliciter
2650 581 2872 638 dictum
2907 598 3034 639 esse
3068 583 3282 654 opinor
3304 582 3558 639 mortale
3616 583 3722 640 h0-

303 655 561 711 θὰπτεται
622 654 673 711 ἐν
760 660 829 731 τῇ
892 661 986 732 γῇ.
1046 663 1220 715 Τοῦτο
1278 661 1370 716 οὗν
1423 663 1486 718 τὸ
1548 665 1743 735 θνητὸν
1803 670 1962 737 σῶμα

307 746 546 828 ψυχικόν
583 744 746 816 ἐστιν,
789 748 875 803 ὅτι
906 752 1026 811 τοῖς
1077 753 1339 826 ψυχικοῖς
1385 752 1764 826 ὑπηρετήσιτο
1797 757 1956 811 πλθε-

303 857 410 896 σιν,
452 857 473 883 α
509 833 702 900 Οὐδεὶς
727 837 830 911 γὰρ
889 837 996 894 ἀπὸ
1049 838 1226 914 ῥύπου
1278 843 1531 916 καθαρὸς,
1590 842 1708 899 οὐδ’
1765 845 1824 900 av
1861 851 1960 918 μία

299 926 534 997 ἠμὲραὸ
573 925 695 1001 βίος
725 926 920 984 αὐτοῦ.
957 951 984 979 ››
1017 929 1119 984 Καὶ
1161 931 1262 1005 γαρ
1316 931 1403 985 καί
1466 932 1588 988 ὅσαι
1649 937 1957 1007 σωματικαὶ

299 1016 566 1101 πράξεις,
635 1017 734 1084 τήν
795 1019 982 1092 πηγὴν
1041 1018 1132 1074 καὶ
1189 1019 1391 1094 γένεσιν
1446 1022 1553 1078 ἀπὸ
1611 1031 1712 1094 τῆς
1772 1029 1958 1101 ψυχῆς

298 1098 540 1179 ἔχουσιν,
573 1102 714 1162 ὥστε
739 1107 802 1161 τὸ
831 1107 928 1162 τοῦ
970 1108 1257 1184 ἀνθρώπου
1315 1112 1504 1182 θνητὸν
1570 1118 1752 1188 σῶμα,
1788 1098 1956 1171 isi-a6-

297 1213 405 1255 τως
463 1194 526 1249 ἃν
583 1196 820 1270 ψυχικὸν
876 1195 1124 1256 καλοῖτο.
1187 1200 1476 1275 Σπείρεται
1537 1203 1628 1257 οὖν
1690 1207 1952 1281 ψυχικὸν,

296 1281 561 1357 ἐγείρεται
637 1282 695 1339 δὲ
767 1285 1028 1342 ἀθάνατον
1068 1334 1083 1354 ,
1159 1287 1292 1366 ὅπερ
1366 1290 1481 1348 ἐστὶ
1557 1305 1949 1368 πνευματικόν.

299 1375 671 1446 ΙΙνευματικὸν
731 1371 788 1430 δὲ
819 1377 904 1430 ὅτι
934 1377 1035 1434 οὐκ
1063 1376 1138 1434 ἔτι
1168 1386 1284 1444 τοῖς
1352 1385 1612 1460 ψυχικοῖς
1674 1385 1950 1457 ὑπηρετή-

295 1482 375 1518 σει
407 1465 748 1534 παθήμασιν,
781 1461 906 1520 οὔτε
945 1467 1012 1522 τὰ
1042 1473 1152 1524 τῶν
1208 1469 1456 1544 δικαίων,
1515 1473 1645 1529 ἀλλ’
1698 1473 1827 1532 οὐδὲ
1883 1478 1953 1531 τὰ

294 1556 402 1608 τῶν
433 1551 780 1626 ἁμαρτωλῶν
815 1556 1063 1631 σώματα.
1099 1558 1331 1617 Μᾶλλον
1359 1565 1454 1635 μὲν
1505 1562 1600 1620 οὖν
1655 1566 1745 1620 καὶ
1805 1565 1948 1623 πολ·

297 1637 400 1709 λὴν
437 1642 824 1715 μεταμέλειαν,
872 1645 917 1698 εί
976 1645 1068 1700 καὶ
1122 1647 1357 1719 ἀνόητον
1412 1649 1493 1728 ἐφ’
1551 1652 1634 1714 οἷς
1668 1653 1948 1728 ὑπηρετή-

297 1749 481 1816 σαντο,
510 1728 734 1803 ἕξουσιν.
799 1733 1022 1805 Ἐπειδὴ
1079 1733 1137 1793 δὶ
1186 1738 1269 1808 τὸ,
1329 1763 1359 1792 ιι
1395 1740 1706 1816 Σπείρεται,
1749 1766 1776 1794 n
1809 1742 1950 1800 πολ-

300 1814 459 1880 λάκις
517 1821 650 1892 εἷπε,
707 1821 796 1878 καὶ
849 1825 933 1892 τὸ,
995 1850 1022 1876 ‹‹
1056 1823 1384 1903 Ἐγειρέται,
1419 1853 1446 1882 »
1499 1814 1729 1904 ὁμοίως,
1783 1833 1838 1889 τί
1893 1831 1950 1889 δέ

2068 670 2246 725 minis
2278 688 2529 744 corpus:
2576 688 2716 727 nam
2749 672 2857 726 hoc
2899 677 2956 726 et
3011 673 3072 726 in
3131 674 3512 744 corruptione
3570 681 3628 728 et
3658 675 3721 730 in

2066 761 2392 834 ignominia
2424 763 2561 818 etin
2596 762 2954 817 inﬁrmatate
2981 765 3308 817 seminatur
3337 781 3401 818 ac
3433 764 3720 835 sepelitur

2065 857 2126 911 in
2157 863 2313 912 terra
2341 874 2354 920 ;
2387 859 2497 912 hoc
2527 874 2664 930 ergo
2719 857 2969 912 mortale
3020 872 3233 927 COI‘pus
3291 859 3546 912 animale
3607 865 3718 924 est,

2064 945 2163 1016 qui
2226 947 2586 1000 animalibus
2643 946 2936 1000 subservit
2982 945 3412 999 affectionibus.
3473 968 3502 996 «
3537 949 3715 1004 Nemo

2065 1035 2224 1089 enim
2257 1053 2292 1091 a
2322 1037 2493 1091 sorde
2527 1053 2711 1108 purus
2744 1041 2849 1090 est.
2897 1051 2970 1089 ne
3026 1034 3072 1088 si
3109 1050 3262 1089 unus
3315 1035 3558 1104 quidem
3589 1036 3715 1092 dies

2063 1126 2140 1181 sit
2171 1127 2284 1181 vita
2315 1131 2444 1198 eius
2475 1128 2538 1179 ⁸⁵.
2576 1148 2604 1177 ››
2655 1125 2958 1197 Siquidem
3019 1131 3313 1196 quotquot
3369 1126 3546 1180 etiam
3579 1137 3716 1182 sunt

2061 1216 2324 1272 actiones
2357 1217 2718 1288 corporales,
2752 1217 2973 1270 fontem
3027 1231 3094 1270 ac
3145 1215 3436 1286 originem
3499 1215 3717 1271 habent

2059 1306 2132 1361 ab
2189 1307 2412 1364 anima.
2479 1313 2546 1361 ut
2601 1306 2813 1362 merito
2875 1321 3089 1376 corpus
3149 1305 3409 1360 hominis
3463 1306 3714 1361 mortale

2060 1395 2292 1450 dicatur
2349 1395 2630 1450 animale.
2682 1395 3018 1449 Seminatur
3075 1409 3212 1466 ergo
3275 1394 3545 1456 mortale,
3581 1411 3708 1451 sus—

2059 1483 2274 1538 citatur
2311 1489 2506 1537 autem
2568 1482 2927 1546 immortale,
2987 1482 3144 1551 quod
3204 1488 3294 1534 est
3351 1481 3707 1561 spirituale;

2058 1572 2364 1644 spirituale
2386 1578 2608 1638 autem,
2631 1572 2906 1642 quiaJam
2941 1588 3060 1625 non
3085 1570 3458 1625 subservient
3485 1571 3714 1625 anima-

2057 1661 2213 1718 libus
2245 1661 2577 1728 aﬂ‘ectibus,
2610 1677 2804 1732 neque
2827 1662 3151 1732 justorum,
3184 1660 3303 1714 imo
3335 1677 3528 1731 neque
3571 1677 3707 1732 pec-

2056 1759 2324 1810 catorum
2347 1769 2616 1823 corpora.
2668 1751 2846 1823 Magis
2902 1752 3102 1820 itaque
3156 1755 3298 1805 tunc
3354 1767 3569 1822 magna
3599 1751 3711 1805 etsi

2056 1843 2362 1902 insensata
2441 1842 2809 1916 paenitudine
2901 1841 3195 1897 ducentur
3247 1840 3319 1896 ob
3379 1857 3449 1898 ea
3495 1840 3711 1913 quibus

296 1905 410 2020 ἐστι
459 1908 520 1964 τὸ
575 1911 953 1987 σπειρόμενον,
1010 1914 1046 1984 ἢ
1097 1916 1160 1972 τὸ
1227 1917 1590 1995 ἐγειρόμενον,
1648 1923 1750 1978 οὐκ
1807 1923 1934 1980 εἶπε·

335 1997 385 2020 -3.
418 2001 565 2020 __"~,
717 1999 732 2017 \
873 2005 899 2017 υ
1033 2002 1047 2020 9
1121 2006 1133 2020 ι
1403 2007 1417 2020 ι
1541 2013 1566 2020 ..
1779 2018 1811 2020 _
1900 2013 1910 2020 .

2055 1933 2322 1989 obsecuti
2355 1938 2510 1989 sunt.
2553 1933 2844 1998 Quoniam
2892 1948 3032 1986 vero
3081 1930 3230 1985 dixit
3258 1931 3515 2002 saepius:
3545 1952 3574 1981 «
3605 1936 3710 1986 Se-

295 1991 386 2050 διὰ
414 2001 572 2053 τοῦτο
607 1999 741 2073 μετὰ
803 2005 971 2057 ταῦτα
1029 1991 1274 2083 ἐπήγαγε
1328 1991 1423 2063 δὶαῖ
1475 2013 1656 2065 τοῦτο·
1719 2035 1746 2064 ιι
1777 2013 1941 2069 Σπεί-

291 2103 460 2182 ρεταιῇ,
507 2083 702 2182 λέςγων,
738 2094 900 2165 σῶμα
958 2094 1215 2167 ψυχικὸν,
1252 2120 1281 2147 »
1339 2097 1399 2159 ὃς
1453 2100 1605 2154 εἷπον
1663 2098 1716 2155 ἐν
1765 2106 1940 2182 φθορᾷ

286 2176 375 2230 καὶ
435 2175 485 2230 ἐν
547 2176 742 2250 ἀτιμίᾳ
798 2180 888 2234 καὶ
955 2182 1008 2236 ἐν
1069 2183 1313 2257 ἀσθενείᾳ
1398 2188 1703 2263 σπείρεσθαι
1741 2175 1938 2260 βάλλ’

287 2272 550 2350 ἐγείρεται
604 2282 766 2350 σῶμα
822 2283 1208 2354 πνευματικὸν,
1259 2285 1287 2340 ὃ
1320 2284 1371 2340 ἐν
1407 2285 1535 2362 δόξῃ
1567 2289 1657 2344 καὶ
1717 2287 1936 2364 δυνάμει

286 2366 374 2419 καὶ
445 2365 500 2420 ἐν
561 2365 830 2446 ἀφθαρσίᾳ
913 2369 1307 2449 ἐγερθήσεται.
1361 2377 1440 2433 Τὸ
1496 2379 1599 2454 γὰρ
1671 2379 1936 2436 ἀθάνατον

284 2454 418 2508 κατὰ
446 2455 541 2510 τὸν
573 2455 776 2512 οἰκεῖον
817 2457 984 2536 λόγον
1030 2462 1120 2517 καὶ
1179 2457 1392 2536 ἔνδοξον
1449 2469 1540 2522 καὶ
1596 2463 1817 2542 ἔντιμον
1847 2471 1938 2525 καὶ

287 2541 559 2620 ἄῳθαρτον
597 2589 610 2612 ,
671 2545 716 2599 εἰ
770 2546 860 2601 καὶ
908 2554 1028 2610 τοῖς
1108 2552 1462 2628 ἁμαρτωλοῖς
1527 2541 1796 2632 αῗσχύνης
1847 2558 1938 2614 καὶ

285 2632 524 2706 ἀδοξίας,
560 2633 648 2691 διὰ
684 2637 784 2706 τήν
845 2639 1044 2695 οἰκείαν
1110 2623 1422 2722 μοχθηρίαν
1495 2623 1761 2712 ὑπόθεσις.
1798 2650 1938 2726 γίνε-

287 2747 393 2816 ται.
455 2751 483 2777 ιι
517 2728 672 2783 Ἔστι
732 2733 892 2802 σῶμα
955 2731 1212 2807 ψυχικόν.
1248 2757 1277 2785 ››
1335 2737 1447 2790 Ἵνα
1507 2739 1582 2810 μή
1641 2759 1725 2800 τις
1785 2739 1935 2816 εἶ’πῃο

290 2813 476 2906 Πόθεν
523 2817 660 2890 ἡμῖν
732 2815 963 2892 εἷ’σαγεις
1021 2822 1248 2896 σώματα
1302 2819 1553 2902 διάφορα,
1612 2829 1699 2883 καὶ
1762 2813 1936 2906 λὲγεις

285 2904 520 2980 ψυχικὸν
609 2907 701 2960 καὶ
754 2911 1120 2980 πνευματικὸν
1157 2953 1170 2978 ,
1228 2913 1415 2992 φησίν·
1480 2938 1504 2968 α
1567 2917 1718 2972 Ἐστι
1777 2904 1936 2992 σῶμα

282 2996 668 3068 πνευματικὸν,
731 2996 822 3052 καὶ
881 2991 994 3054 ἔστι
1044 3005 1204 3073 σῶμα
1244 2991 1521 3082 ψυχικόν,
1580 3030 1605 3057 ιι
1653 3007 1766 3065 Οὐκ
1822 2991 1932 3084 ἐγὼ

284 3088 568 3159 τοιγαροῦν
637 3091 752 3141 κατ’
812 3084 954 3142 ἰδίαν
1013 3089 1251 3160 ἐξουσίαν
1307 3093 1397 3148 καὶ
1478 3093 1718 3152 ἐπίνοιαν
1763 3103 1933 3156 ταῦτα

285 3169 462 3259 λέγω,
493 3175 676 3249 φησὶν,
706 3173 835 3231 ἀλλ’
868 3174 945 3232 ἔτι
989 3179 1078 3233 καὶ
1111 3180 1217 3251 πρὸ
1275 3184 1435 3255 ἡμῶν
1470 3182 1702 3259 ε”ρηται.
1764 3193 1932 3253 Ποθεν

294 3256 466 3328 δῆλον
501 3263 771 3355 apud».
844 3267 1036 3331 Οὕτως
1099 3269 1402 3348 γέγραπται
1436 3321 1452 3344 ,
1509 3256 1537 3328 (ι
1599 3277 1845 3355 Ἐγένετο
1903 3281 1931 3334 6

291 3355 506 3438 πρῶτος
532 3351 810 3429 ἅνθρωπος
855 3355 1055 3430 Ἀδὰμ,
1113 3360 1188 3423 εἰς
1245 3365 1431 3438 ψυχὴν
1463 3351 1718 3435 ζῶσανξ»
1775 3369 1934 3426 Ὥστε

287 3435 400 3494 ἔστι
433 3446 590 3515 σῶμα
647 3446 906 3521 ψυχικόν.
963 3435 1420 3526 Emathias};
1486 3452 1797 3530 ἅνθρωπος,
1857 3457 1934 3521 εἷς

283 3536 495 3604 πνεῦμα
529 3537 856 3607 ζωοποιοῦν,
889 3536 1027 3594 ὥστε
1046 3532 1158 3594 ἔστι
1188 3543 1278 3597 καὶ
1329 3547 1490 3617 σῶμα
1545 3549 1935 3620 πνευματικὸν,

279 3628 344 3674 τό
376 3620 616 3696 ἁρμόζον
644 3629 723 3698 τῷ
779 3630 1139 3696 ζωοποιοῦντι
1193 3631 1489 3703 [Ινεῦματι.
1549 3633 1727 3690 Ἀλλᾶ
1771 3641 1933 3694 τοῦτο

278 3709 439 3773 πόθεν
471 3708 686 3783 δῆλον;
737 3713 821 3769 ὅτι
874 3716 902 3771 6
952 3713 1200 3790 δεύτερος
1245 3718 1549 3797 ἅνθρωπος,
1595 3724 1670 3785 εἰς
1721 3731 1933 3800 πνεῦμα

280 3804 606 3870 ζωοποιοῦν.
641 3804 807 3868 Πόθεν
839 3802 1007 3870 δῆλον
1041 3829 1056 3878 ς
1092 3807 1141 3880 ἐξ
1174 3808 1340 3880 αὐτῆς
1389 3818 1488 3881 τῆς
1538 3817 1645 3868 τῶν
1676 3816 1929 3889 πραγμά-

271 3909 381 3944 των
435 3889 706 3967 ἐνεργείας
741 3937 752 3951 .
812 3895 1042 3960 ’Ἄλλως
1098 3919 1157 3954 τε
1215 3897 1274 3954 δὲ
1332 3901 1422 3956 καὶ
1481 3901 1780 3979 γέγραπται
1839 3905 1929 3961 καὶ

271 3983 432 4034 τοῦτο
468 3997 482 4012 ⁶
545 4005 574 4032 ‹‹
625 3985 704 4040 Τὰ
760 3981 980 4060 ῥήματα
1032 3987 1134 4064 γὰρ
1169 4030 1184 4057 ,
1244 3991 1449 4068 φησῖν,
1504 3993 1537 4049 ἃ
1587 3992 1690 4069 ἐγὼ
1752 3993 1927 4067 λαλῶ,

271 4071 488 4140 πνεῦμα
538 4071 627 4126 καὶ
693 4075 805 4144 ζωή
862 4072 1004 4130 ἐστιν
1041 4120 1056 4144 ,
1120 4101 1149 4129 ››
1195 4075 1337 4136 ὥστε
1416 4081 1506 4137 καὶ
1570 4082 1647 4146 εἰς
1715 4089 1929 4158 πνεῦμα

274 4169 563 4234 ζωοποιεῖν
618 4167 746 4231 τοὺς
804 4170 1100 4237 duo-50w“
1148 4175 1239 4230 καὶ
1298 4177 1660 4250 πειθομένους
1719 4181 1922 4248 αὐτοὶς.

269 4254 336 4314 Εἰ
379 4254 435 4312 δὲ
458 4261 642 4328 τοῦτο,
675 4257 848 4324 δῆλον
879 4262 954 4320 ὡς
987 4265 1077 4318 καὶ
1135 4269 1497 4338 πνευματικὸν
1533 4267 1690 4326 οὗτοι
1721 4271 1927 4343 ἕξουσιν

270 4343 322 4399 ἰν
355 4349 422 4418 τῇ
457 4347 738 4404 ἀναστάσει
769 4354 950 4423 σῶμα,
1005 4352 1204 4428 μηκέτι
1263 4355 1557 4429 δυνάμενον
1618 4360 1694 4422 εἷς
1753 4364 1923 4438 qum“

267 4433 362 4489 κὸν
400 4443 692 4508 τραπῆναι,
752 4435 934 4513 ὥσπερ
995 4439 1166 4498 ἐνίοτε
1224 4439 1509 4518 συμϐιίνει
1545 4445 1623 4502 ἔτι
1678 4433 1777 4520 τῷ-

266 4523 547 4597 παρόντων
583 4567 596 4582 .
662 4549 689 4578 ‹‹
755 4527 980 4602 Εγὲνετο
1038 4531 1066 4585 ὁ
1125 4537 1342 4606 πρῶτος
1402 4532 1684 4610 ἄνθρωπος
1741 4523 1923 4610 Ἀδὰμ

264 4611 342 4675 ιτς
373 4616 561 4694 ψυχην
607 4619 800 4685 ζῶσαν.
839 4641 868 4670 ››
929 4619 1028 4676 Καὶ
1093 4622 1171 4694 μὴ
1229 4623 1463 4691 ἀπίστει,
1524 4627 1710 4707 φησὶν,
1743 4628 1828 4683 ’ὁτι
1857 4629 1922 4683 τὰ

2056 2024 2339 2091 minatur,
2373 2045 2402 2075 ››
2438 2029 2497 2080 et
2527 2024 2804 2079 similiter
2859 2044 2888 2072 «
2921 2021 3271 2087 Suscitatur,
3305 2043 3334 2072 »
3385 2038 3505 2077 non
3556 2021 3709 2079 dixit

2048 2119 2248 2170 autem
2279 2114 2418 2185 quid
2455 2115 2530 2169 sit
2559 2113 2718 2184 quod
2746 2113 3075 2167 seminatur
3093 2120 3197 2166 aut
3225 2112 3584 2176 suscitatur;
3618 2111 3703 2166 id-

2047 2203 2204 2258 circo
2236 2209 2371 2275 post
2401 2205 2577 2257 etiam
2612 2201 2670 2256 id
2704 2201 3034 2271 subiunxit,
3066 2199 3270 2255 dicens
3306 2217 3318 2252 :
3352 2221 3381 2250 ››
3436 2199 3700 2254 Semina-

2048 2297 2224 2347 natur
2240 2307 2452 2362 corpus
2475 2290 2754 2357 animale,
2773 2311 2800 2340 ››
2827 2288 2985 2360 quod
3007 2287 3127 2342 dixi
3154 2289 3216 2342 in
3239 2288 3616 2359 corruptione
3641 2293 3701 2344 et

2049 2381 2374 2453 ignominia
2396 2386 2453 2435 et
2483 2379 2828 2434 inﬁrmitate
2862 2377 3142 2433 seminari
3170 2395 3181 2431 :
3243 2378 3347 2433 sed
3379 2378 3698 2432 suscitatur

2047 2488 2262 2544 corpus
2298 2471 2628 2543 spirituale,
2663 2469 2821 2541 quod
2852 2470 2911 2523 in
2945 2467 3388 2539 incorruptione
3423 2473 3479 2522 et
3511 2467 3700 2540 gloria

2047 2578 2114 2618 ac
2145 2561 2410 2634 potentia
2441 2560 2842 2617 suscitabitur.
2890 2561 2968 2613 Ex
3007 2557 3244 2630 prOpria
3274 2557 3432 2612 enim
3468 2558 3698 2614 ratione

2048 2652 2210 2725 quod
2233 2651 2568 2708 immortale
2597 2657 2705 2720 est,
2733 2656 2790 2705 et
2809 2650 3136 2723 gloriosum
3165 2654 3222 2702 et
3247 2647 3605 2703 honoratum
3627 2665 3697 2704 ac

2047 2741 2499 2814 incorruptibile
2541 2746 2665 2796 est:
2731 2755 3073 2812 quanquam
3125 2737 3535 2810 peccatoribus
3566 2755 3706 2810 pro-

2045 2837 2179 2904 pter
2209 2848 2377 2888 suam
2423 2831 2755 2902 nequitiam
2808 2829 3037 2884 occasio
3102 2827 3180 2882 sit
3215 2827 3605 2899 turpitudinis
3646 2832 3705 2883 et

2045 2921 2408 2993 ignominiaa.
2445 2922 2598 2976 574
2620 2941 2647 2970 ‹‹
2676 2921 2777 2974 Est
2807 2935 3022 2988 corpus
3061 2916 3342 2972 animale.
3370 2937 3397 2966 »
3430 2918 3510 2971 Ne
3541 2916 3701 2972 dicat

2046 3010 2298 3081 aliquis:
2335 3009 2498 3065 Unde
2532 3009 2704 3064 nobis
2736 3009 2900 3063 varia
2927 3006 3160 3062 inducis
3201 3021 3470 3077 corpora,
3506 3011 3563 3060 et
3593 3005 3693 3059 di-

2044 3101 2130 3156 cis
2161 3101 2418 3156 animale
2449 3117 2516 3156 ac
2559 3099 2869 3172 spirituale
2899 3099 2926 3153 ‘I
2966 3098 3085 3152 ait:
3139 3120 3164 3144 ‹‹
3189 3097 3289 3150 Est
3317 3112 3532 3168 corpus
3561 3096 3697 3150 ani-

2043 3193 2200 3250 male
2231 3198 2290 3246 et
2317 3198 2407 3246 est
2423 3209 2637 3262 corpus
2664 3188 2974 3262 spirituale
2999 3208 3027 3237 »
3055 3189 3258 3257 Itaque
3292 3203 3410 3240 non
3444 3202 3568 3258 ego.
3603 3187 3693 3240 in-

2048 3283 2197 3355 quit.
2224 3282 2463 3354 propria
2483 3280 2832 3338 auctoritate
2860 3285 2919 3334 et
2946 3275 3366 3349 imaginatione
3392 3277 3515 3330 haec
3538 3275 3692 3343 dico,

1965 3340 2010 3406 α
2050 3340 2152 3429 sed
2179 3340 2304 3443 jam
2337 3340 2475 3427 ante
2505 3387 2614 3428 nos
2647 3386 2882 3442 quoque
2914 3340 3259 3423 dictavsunt.
3296 3366 3366 3421 Et
3394 3364 3553 3422 unde
3586 3340 3696 3422 hoc

2047 3463 2432 3520 manifestum
2466 3460 2607 3516 est?
2637 3461 2738 3516 ait.
2772 3461 2860 3514 lta
2909 3458 3195 3530 scriptum
3223 3460 3350 3509 est:
3403 3476 3432 3504 «
3467 3454 3698 3510 Primus

2045 3553 2225 3610 homo
2258 3552 2442 3608 Adam
2474 3551 2664 3609 factus
2697 3555 2788 3604 est
2825 3549 2887 3604 in
2918 3547 3182 3602 animam
3238 3545 3534 3600 viventem
3565 3541 3634 3610 ⁵⁸,
3669 3564 3699 3594 ››

2044 3643 2244 3715 itaque
2278 3648 2368 3696 est
2392 3657 2605 3714 corpus
2635 3637 2908 3694 animale.
2945 3635 3170 3691 Deinde
3202 3639 3500 3688 extremus
3521 3633 3698 3688 homo

2043 3732 2106 3789 in
2139 3732 2412 3804 spiritum
2445 3730 2859 3785 vivificantem.
2896 3728 3095 3796 itaque
3129 3729 3218 3779 est
3249 3729 3307 3778 et
3336 3739 3552 3793 corpus
3585 3723 3701 3794 spi-

2041 3821 2275 3889 rituale,
2301 3819 2459 3892 quod
2485 3817 2737 3892 quadret
2756 3833 2823 3872 ac
2851 3813 3207 3886 respondeat
3227 3811 3544 3867 viviﬁcanti
3577 3811 3697 3883 spi-

2039 3912 2200 3970 ritui.
2238 3909 2350 3967 Sed
2378 3909 2536 3965 unde
2563 3909 2674 3964 hoc
2705 3905 3088 3962 manilestum
3122 3907 3212 3957 est
3239 3901 3268 3957 ?
3309 3901 3449 3972 quia
3479 3915 3694 3958 secun-

2041 4002 2149 4058 dus
2180 4001 2358 4057 homo
2390 3999 2452 4056 in
2483 3998 2756 4071 spiritum
2789 3993 3202 4050 vivificantem.
3237 3989 3402 4046 Unde
3433 3989 3494 4044 id
3543 4005 3689 4045 con-

2040 4091 2195 4148 stat?
2222 4092 2303 4148 Ex
2325 4091 2454 4162 ipsa
2473 4103 2674 4144 rerum
2697 4085 3060 4158 operatione.
3084 4085 3381 4138 Praeterea
3410 4085 3608 4136 autem
3631 4084 3691 4135 et

2035 4179 2150 4237 hoc
2181 4193 2417 4251 quoque
2452 4175 2738 4248 scriptum
2777 4179 2868 4228 est
2895 4189 2908 4226 :
2941 4192 2970 4222 (ι
2998 4169 3187 4225 Verba
3220 4167 3378 4224 enim
3413 4185 3545 4240 quea
3576 4181 3682 4236 ego

2038 4269 2252 4341 loquor
2283 4267 2465 4331 vobis,
2500 4265 2714 4337 inquit,
2749 4262 2991 4336 spiritus
3046 4265 3104 4316 et
3133 4259 3249 4314 vita
3273 4262 3415 4313 sunt
3443 4256 3508 4311 ⁵⁷.
3544 4277 3574 4306 π
3623 4257 3690 4312 In

2038 4362 2312 4436 spiritum
2346 4359 2526 4432 igitur
2554 4357 2843 4413 viviﬁcant
2869 4355 3182 4410 audientes
3205 4352 3437 4422 sibique
3461 4350 3688 4406 obtem-

2033 4456 2311 4524 perantes
2338 4467 2350 4503 :
2375 4447 2534 4520 quod
2559 4449 2603 4502 si
2635 4447 2747 4502 hoc
2766 4452 2872 4505 est,
2907 4445 3292 4502 manifestum
3316 4440 3472 4513 quod
3507 4442 3690 4498 etiam

2033 4537 2436 4612 hispirituale
2497 4552 2712 4608 corpus
2772 4535 3075 4590 habebunt
3133 4532 3194 4585 in
3225 4530 3688 4598 resurrectione,

2032 4627 2189 4702 quod
2220 4626 2476 4697 amplius
2510 4625 2652 4679 verti
2685 4640 2805 4679 non
2864 4622 3052 4695 possit
3108 4621 3169 4675 in
3219 4617 3500 4683 animale,
3536 4618 3690 4674 sicut

262 4707 353 4756 νῦν
405 4706 620 4779 ψυχικᾶ
674 4709 836 4778 ἡμῶν
889 4707 1116 4781 σώματα
1171 4704 1318 4768 ἔσται
1377 4715 1500 4770 τότε
1537 4704 1911 4790 πνευματικά.

2045 4715 2314 4787 :ontingit
2353 4713 2653 4769 interdum
2685 4713 2778 4768 his
2802 4712 2903 4784 qui
2936 4711 2997 4766 in
3028 4709 3146 4762 vita
3201 4712 3357 4763 sunt.
3410 4728 3440 4755 ‹‹
3471 4707 3683 4762 Factus

261 4793 506 4883 egloga,
561 4794 663 4872 γὰρ
720 4793 829 4866 ἤδη
909 4798 1106 4855 τούτου
1161 4801 1256 4863 τὰς
1324 4801 1652 4878 ἀποδείξεις.
1712 4807 1774 4865 Ὀ
1811 4807 1912 4883 γδιρ

261 4877 442 4971 Ἀδὰμ
471 4884 707 4958 ψυχικὸν
760 4886 882 4962 εἶχε
941 4893 1124 4961 σῶμα,
1158 4891 1187 4945 6
1219 4887 1278 4946 δὲ
1335 4877 1570 4968 Χριστὸς
1627 4877 1918 4971 πνευματι-

262 4971 357 5026 κὸν
389 4965 518 5047 ἔσχε
550 4978 729 5048 σῶμα,
760 4973 899 5047 ὅλην
941 4974 1225 5053 δεξάμενον
1257 4985 1354 5037 τοῦ
1388 4965 1572 5059 Ὕὰγίου
1605 4965 1918 5058 Ηνεύματος

262 5061 360 5129 τήν
393 5062 710 5137 παρουσίαν.
745 5066 840 5120 Καὶ
897 5063 1083 5136 δηλοῖ,
1149 5069 1373 5143 μείνασα
1428 5071 1512 5126 ἐπ’
1567 5073 1725 5128 αὐτὸν
1759 5078 1794 5144 ἡ
1827 5097 1916 5131 πε-

266 5155 504 5226 ριστερά.
567 5154 710 5238 Καθὸ
791 5156 894 5232 γὰρ
981 5157 1092 5212 ἐστι
1151 5159 1240 5214 καὶ
1299 5166 1501 5216 νοεῖται
1549 5161 1836 5238 ἄνθρωπος
1888 5165 1916 5220 6

264 5239 486 5329 Κύριος,
547 5235 676 5318 ἔσχε
729 5244 830 5313 τήν
889 5249 987 5300 τοῦ
1046 5247 1413 5323 Παρακλήτου
1443 5235 1737 5329 ἐνεργειαν,
1796 5253 1916 5309 καί.

260 5349 344 5385 τοι
378 5328 524 5386 ἰδίου
557 5330 714 5393 ὄντος
752 5332 918 5389 αὐτοῦ
973 5333 1071 5390 τοῦ
1125 5337 1465 5413 Ιινεύματος,
1521 5328 1653 5397 καθὸ
1685 5341 1796 5398 ἐστι
1826 5346 1918 5398 καὶ

261 5426 463 5476 νοεῖται
493 5421 643 5484 Θεός.
681 5423 1004 5495 Σημείωσαι
1038 5423 1097 5482 δὶ
1152 5428 1243 5482 καὶ
1304 5431 1575 5498 ζωοποιὸν
1609 5432 1670 5486 τὸ
1699 5436 1918 5505 Πνεῦμα

263 5509 548 5586 ίσπαρχειν.
609 5511 803 5568 Καίτοι
886 5517 986 5579 τῆς
1067 5515 1392 5582 ἀκοΛουθίας
1449 5519 1786 5590 ἀπαιτούσης
1839 5521 1916 5577 εἰ·

259 5605 399 5656 πεῖν.
479 5624 507 5651 ‹‹
572 5599 666 5661 Εἷς
725 5603 938 5674 πνεῦμα
997 5607 1124 5676 ζῶν,
1155 5628 1184 5658 »
1244 5608 1426 5670 καθὼς
1482 5610 1600 5664 εἷπε
1658 5611 1916 5685 ψυχικὸν,

2029 4813 2117 4862 est
2147 4804 2376 4878 primus
2407 4804 2584 4858 homo
2644 4802 2830 4857 Adam
2884 4800 2945 4856 in
2996 4798 3258 4854 animam
3312 4795 3616 4850 viventem.
3654 4815 3678 4846 υ

2028 4900 2143 4954 Nec
2174 4895 2431 4959 difﬁdas,
2493 4893 2707 4965 inquit,
2759 4892 2904 4964 quin
2954 4893 3158 4945 nostra
3214 4901 3464 4959 corpora
3518 4900 3680 4940 nunc

2027 4986 2310 5043 animalia
2348 4985 2547 5040 futura
2575 4984 2695 5039 sint
2726 4979 3060 5055 spiritualia
3092 4978 3261 5051 :jam
3307 4975 3467 5032 enim
3499 4975 3678 5045 hujus

2029 5094 2190 5134 nunc
2221 5073 2762 5131 demonstrationes
2793 5071 3102 5127 habemus.
3131 5070 3276 5123 Nam
3309 5065 3496 5121 Adam
3551 5065 3678 5119 ani-

2027 5166 2184 5222 male
2203 5165 2460 5221 habebat
2471 5161 2982 5234 corpus.Christus
2995 5175 3130 5214 vero
3146 5157 3232 5230 spi
3245 5157 3288 5211 ri
3299 5155 3453 5213 tuale
3470 5152 3684 5210 habuit

2028 5271 2265 5327 corpus.
2300 5254 2459 5325 quod
2482 5257 2665 5308 totam
2703 5250 2956 5323 Spiritus
2997 5247 3187 5304 sancti
3241 5245 3504 5317 suscepit
3533 5260 3686 5316 prae-

2033 5346 2290 5401 sentiam
2321 5361 2334 5399 :
2394 5344 2572 5414 idque
2613 5341 2957 5398 manifestat
2989 5355 3242 5394 manens
3275 5352 3453 5407 super
3484 5335 3684 5406 ipsum

2029 5436 2324 5491 columba.
2359 5437 2660 5500 Quatenus
2687 5433 2843 5487 enim
2871 5429 3155 5486 Dominus
3182 5432 3239 5481 et
3268 5432 3358 5481 est
3389 5431 3448 5480 et
3469 5423 3688 5479 intelli-

2031 5526 2188 5598 gitur
2213 5541 2343 5580 esse
2373 5526 2573 5589 homo,
2625 5522 2832 5578 habuit
2889 5517 3176 5575 Paracleti
3218 5515 3628 5587 Operationem
3669 5526 3683 5564 :

2030 5614 2195 5686 atqui
2226 5631 2369 5670 suus
2399 5631 2467 5671 ac
2495 5613 2774 5685 proprius
2807 5616 2934 5666 erat
2962 5609 3228 5681 spiritus,
3260 5611 3556 5676 quatenus
3588 5602 3682 5652 est

329 5757 379 5792 ⁸⁸
407 5754 516 5812 Job
545 5771 658 5825 xw,
688 5761 743 5830 4,
775 5763 806 5816 ὅ
834 5772 952 5814 sec.
985 5761 1156 5828 LXX.
1233 5760 1282 5796 ⁸⁸
1309 5763 1452 5825 Gen.
1481 5781 1522 5823 ιι
1552 5769 1605 5825 7.
1678 5765 1724 5804 "‘
1754 5767 1918 5830 ἔσω.
1951 5783 2026 5838 τι,
2055 5771 2146 5827 64.
