4080 6388
339 434 459 500 88"!

1470 426 1716 491 mCUM
1730 427 1891 491 ENII
1937 426 2239 491 TRIGGIE
2282 426 2635 492 EPISGOPI

3658 423 3787 489 888

346 590 418 635 ac
446 569 804 642 intelligitur
833 581 968 622 esse
1010 565 1187 620 Deus.
1247 563 1667 621 Animadverte
1724 570 1924 620 autem
1954 570 2015 620 et

2150 561 2283 626 ιύτὸς
2317 563 2437 620 εἶπε
2484 564 2779 634 ζωοποιόν.
2839 595 2906 608 -
2966 561 3268 637 [ΜΕΘΟΔ]
3330 564 3503 633 Σῶμα
3558 558 3785 639 λέγεται

344 664 620 735 spiritum
653 673 783 715 esse
816 654 1253 711 viviﬁcantem:
1287 670 1542 727 cumque
1567 660 1871 726 expeteret
1890 671 2010 710 ser-

345 751 543 810 monis
568 746 915 806 consecutio
946 750 1015 799 ut
1045 743 1307 799 diceret:
1350 766 1380 795 «
1416 744 1478 799 in
1509 745 1785 816 spiritum
1817 745 2011 799 viven-

346 848 490 903 tem.
516 862 544 890 ι»
569 840 724 897 sicut
744 837 816 893 de
839 835 1085 892 animali
1111 834 1360 890 dixerat.
1395 857 1421 883 υ
1444 836 1510 890 ln
1531 836 1795 891 animam
1818 836 2014 891 viven-

344 937 488 996 tem,
524 951 549 981 ι
586 932 712 1001 ipse
769 926 955 983 dixit:
1015 948 1043 974 ‹‹
1076 925 1505 980 Viviﬁcantem.
1553 956 1623 965 —
1654 926 1877 997 Corpus
1910 925 2010 981 di-

350 1024 507 1081 citur
535 1019 868 1095 spirituale.
919 1033 1041 1073 non
1098 1015 1318 1071 subtile
1378 1022 1480 1072 aut
1538 1016 2016 1083 aereulu,veluti

352 1112 560 1170 dicunt
582 1107 1070 1181 quidam,nempe
1101 1105 1258 1178 quod
1280 1106 1497 1161 animm
1521 1106 1636 1161 tale
1672 1122 1886 1177 corpus
1917 1122 2019 1162 ac—

368 1200 594 1272 cipient
621 1198 681 1251 in
710 1195 1145 1252 resurrectione
1192 1211 1448 1265 quorum
1482 1211 1641 1251 unus
1695 1195 2021 1268 Origenes;

363 1290 466 1347 sed
499 1285 809 1360 spirituale
829 1284 1050 1341 dicitur
1079 1283 1238 1356 quod
1271 1301 1509 1340 omnem
1544 1284 1797 1356 percipit
1823 1285 2018 1356 Spiri-

363 1388 461 1438 tus
491 1380 676 1436 sancli
696 1380 1102 1451 operationem
1121 1394 1189 1434 ac
1223 1378 1775 1449 participationem:
1809 1394 2019 1449 quem-

358 1471 683 1529 admodum
713 1486 816 1525 vas
865 1468 1205 1540 appellatur
1234 1469 1532 1524 vinarium
1566 1474 1669 1525 aut
1728 1468 2022 1524 olearium

359 1561 520 1635 quod
541 1562 646 1616 illa
665 1561 730 1616 in
752 1576 815 1614 se
841 1559 1070 1629 recipit.
1095 1558 1506 1614 Pariformiter
1527 1574 1664 1631 ergo
1684 1564 1745 1613 et
1763 1558 2024 1613 animale

360 1651 594 1708 vocavit
623 1648 783 1722 quod
804 1664 911 1720 per
940 1648 1206 1703 animam
1230 1654 1289 1703 et
1320 1665 1440 1703 non
1471 1665 1579 1720 per
1608 1648 1885 1721 spiritum
1932 1648 2027 1702 in-

364 1740 693 1798 habitatur.
740 1768 810 1779 --
839 1737 968 1793 Alio
993 1737 1175 1792 modo.
1210 1738 1433 1808 Corpus
1489 1742 1732 1794 vocatur
1758 1737 2031 1809 spiritua-

366 1830 447 1898 le,
481 1829 623 1901 quia
652 1826 937 1898 deinceps
968 1826 1388 1897 {corruptionis
1435 1825 1800 1898 ponderibus
1830 1825 2031 1897 subje-

2116 655 2508 727 πνευματικὸν,
2541 655 2602 708 οὐ
2640 653 2703 709 τὸ
2741 651 3077 727 λεπτομερὲς
3130 652 3218 707 καὶ
3279 649 3535 726 ἀερῶδες,
3592 651 3780 716 καθὼς

2119 741 2342 818 λέγουσί
2370 764 2531 811 τινες,
2578 745 2662 800 ὅτι
2720 747 2967 799 τοιοῦτον
3022 743 3077 797 αἱ
3106 742 3279 820 ψυχαὶ
3315 739 3366 796 ἐν
3393 745 3461 814 τῇ
3491 741 3779 797 ἀναστάσει

2120 830 2395 907 λήψονται
2426 839 2606 909 σῶμα,
2640 835 2714 888 ὧν
2771 834 2914 890 ἐστιν
2976 834 3055 893 εἷς
3111 831 3205 886 καὶ
3265 827 3566 906 Ὠριγένης,
3629 829 3781 886 ἀλλὰ

2122 924 2489 995 πνευματικὸν
2543 920 2759 998 λέγεται
2817 922 2880 977 τὸ
2938 925 3157 997 χωροῦν
3218 925 3392 977 πᾶσαν
3449 925 3548 975 τοῦ
3612 921 3785 995 ἁγίου

2127 1013 2443 1086 Πνεύμπιτος
2506 1012 2607 1081 τήν
2682 1010 2954 1086 ὲνὲργειτν
3039 1010 3129 1065 καὶ
3222 1009 3534 1076 κοινωνίαν,
3594 1008 3784 1086 ὣσπερ

2128 1101 2348 1177 οἰνηρὸν
2405 1102 2496 1157 καὶ
2556 1099 2816 1175 ἐλαιηρὸν
2874 1104 3064 1163 σκεῦος
3129 1096 3384 1155 καλεῖται
3460 1098 3523 1154 τὸ
3568 1098 3785 1155 τοότων

2132 1191 2471 1268 χωρητικόν.
2507 1189 2825 1269 ’Δναλόγως
2858 1187 2949 1245 οῦν
3007 1190 3097 1244 καὶ
3154 1188 3395 1265 ψυχικὸν
3443 1186 3688 1259 ἐκάλεσε,
3725 1189 3793 1245 τὸ

2127 1290 2196 1351 τῆ
2251 1286 2407 1358 ψυχῇ
2493 1280 2583 1335 καὶ
2642 1279 2704 1337 οὐ
2775 1279 3045 1352 ΙΙνεῦματι
3088 1280 3226 1353 ἁγίῳ
3288 1275 3685 1349 διοικουμενον.
3717 1312 3790 1324 —-

2130 1371 2380 1433 Ἀλλως.
2426 1370 2795 1443 Πνευματικὸν
2855 1367 3017 1425 καλεῖ
3072 1373 3254 1441 σῶμα.
3307 1367 3371 1423 τὸ
3427 1367 3622 1441 μηκέτι
3670 1373 3793 1431 τοῖς

2137 1461 2418 1537 βαρήματι
2450 1467 2552 1530 τῆς
2593 1463 2799 1540 φθορᾶς
2831 1459 3165 1527 ὑποπίπτον,
3216 1455 3365 1513 ἀλλὰ
3420 1456 3489 1533 τῇ
3522 1457 3795 1537 ἀφθαρσίᾳ

2133 1550 2224 1606 καὶ
2271 1549 2400 1626 δόξῃ
2450 1550 3014 1624 περικεκοσμημένον.
3078 1548 3215 1623 Σᾶρξ
3272 1548 3364 1603 οῦν
3425 1549 3460 1617 ἡ
3519 1549 3656 1618 αὐτή
3697 1547 3796 1603 ἀν-

2139 1640 2349 1696 ίσταται
2383 1639 2517 1712 μετὰ
2546 1643 2644 1694 τοῦ
2687 1638 2853 1695 αὐτοῦ
2912 1639 3223 1712 σχήματος,
3289 1634 3484 1711 μηκέτι
3541 1635 3602 1690 τὸ
3660 1636 3799 1715 φρό-

2136 1751 2288 1801 νημα
2316 1728 2555 1810 φέρουσα
2584 1729 2647 1783 τὸ
2679 1729 2939 1802 ἐμπαθὲς,
2970 1724 3121 1782 ἀλλα
3175 1725 3239 1780 τὸ
3296 1729 3395 1780 τοῦ
3450 1724 3794 1797 Πνεύματος,

2141 1819 2304 1876 οἱονεὶ
2362 1819 2501 1894 πρὸς
2558 1816 2902 1892 ἑνδοξοτέραν
2964 1810 3389 1889 μεταϐάλλουσα
3446 1815 3799 1887 κατάποσιν,

370 1924 532 1976 ctum
563 1932 686 1972 non
716 1915 849 1981 crit,
906 1914 1012 1970 sed
1068 1913 1513 1986 incorruptione
1546 1914 1637 1970 57
1652 1914 1696 1970 ὅ
1746 1920 1818 1969 et
1846 1914 2033 1987 gloria

2150 1910 2232 1967 καὶ
2267 1908 2636 1983 ὑψηλονὲραν,
2669 1908 2745 1973 ὡς
2801 1906 3038 1982 εἴρηται,
3106 1913 3209 1976 τῆς
3264 1905 3641 1971 ταπεινώσεως
3696 1914 3802 1977 τῆς

380 2012 679 2066 ornatum.
702 2006 923 2063 Eadem
943 2021 1080 2079 ergo
1102 2023 1238 2063 caro
1261 2023 1394 2063 cum
1420 2007 1626 2063 eadem
1643 2009 1830 2081 figura
1843 2023 2035 2062 resur-

377 2099 483 2173 git,
503 2113 745 2155 sensum
770 2112 983 2169 gerens
1006 2113 1125 2151 non
1138 2096 1396 2169 amplius
1418 2096 1754 2167 subjectum
1776 2096 2036 2153 affectio-

373 2188 572 2255 nibus,
591 2186 695 2242 sed
711 2186 955 2258 spiritus
978 2186 1448 2257 operationibus,
1474 2192 1539 2241 ut
1559 2203 1695 2258 qua:
1726 2186 1801 2242 ad
1824 2186 2038 2259 glorio-

372 2279 592 2335 siorem
624 2292 693 2332 ac
724 2275 1149 2332 sublimiorem
1185 2276 1495 2331 transierit
1519 2276 2035 2343 constitutionem,

371 2374 440 2425 ut
465 2368 688 2423 dictum
712 2371 803 2421 est
823 2384 843 2419 ,ι
864 2372 1223 2437 consumpta
1243 2366 1337 2421 vili
1372 2366 1755 2437 corruptione
1778 2382 1813 2421 a
1835 2365 2035 2437 splen-

377 2456 519 2515 dore
563 2454 1055 2525 incnrruptionis.
1098 2478 1123 2504 ‹‹
1159 2456 1474 2511 Extremus
1502 2455 1689 2510 Adam
1746 2455 1806 2509 in
1861 2455 2034 2526 spiri-

374 2550 502 2604 tum
547 2545 965 2601 vivificantem.
1026 2565 1055 2592 ‹‹
1089 2544 1209 2600 Hoc
1236 2544 1524 2616 scriptum
1582 2560 1704 2599 non
1763 2549 1871 2609 est,
1931 2542 2037 2599 sed

381 2634 541 2708 quod
574 2634 961 2705 consequitur
990 2633 1136 2688 dicit
1174 2640 1457 2704 tanquam
1512 2633 1799 2705 scriptum
1860 2638 2035 2688 esset.

382 2728 502 2779 «At
532 2740 652 2779 non
682 2723 940 2795 primum
977 2722 1136 2793 quod
1167 2722 1494 2794 spirituale.
1526 2744 1553 2771 »
1587 2721 1699 2777 Sed
1730 2738 1850 2778 non
1874 2722 2041 2793 prius

382 2815 608 2872 factum
639 2820 730 2869 est
755 2813 1085 2886 spirituale,
1134 2812 1239 2868 sed
1270 2812 1550 2869 animale.
1585 2813 1714 2868 Non
1773 2828 1944 2868 casus
1974 2827 2043 2868 ac

2144 2003 2348 2080 φθορᾶς
2402 1998 2505 2055 ὑπὸ
2555 2004 2654 2068 τῆς
2715 1995 3111 2073 λαμπρότητος
3178 2002 3276 2065 τῆς
3345 1994 3645 2073 ἀφθαρσίας
3698 1996 3801 2051 ἆν-

2145 2089 2476 2161 αΛωθείσης.
2538 2114 2559 2140 ι
2621 2089 2678 2142 Ὀ
2745 2083 2976 2169 ἔσχατος
3034 2084 3217 2159 Ἀδὰμ
3271 2085 3349 2148 εἰς
3406 2090 3623 2159 πνεῦμα
3654 2092 3806 2156 ζωο-

2150 2184 2365 2237 ποιοῦν.
2409 2203 2438 2232 ››
2488 2180 2667 2236 Τοῦτο
2726 2176 2789 2232 οὐ
2846 2176 3167 2254 γέγραπται,
3226 2174 3373 2231 ἀλλὰ
3428 2176 3491 2232 τὸ
3548 2176 3685 2231 κατὰ
3741 2177 3808 2233 16

2145 2269 2449 2327 ἀκόλουθον
2482 2268 2801 2343 γενόμενον,
2834 2266 2909 2329 ὡς
2956 2266 3338 2342 γεγραμμένον
3367 2265 3552 2345 φησίν.
3587 2290 3615 2318 ι(
3647 2264 3810 2323 Ἀλλ’

2149 2359 2210 2416 οὐ
2268 2363 2483 2434 πρῶτον
2546 2358 2607 2413 τὸ
2666 2357 3055 2430 πνευματικόν,
3094 2379 3122 2406 ι)
3205 2353 3363 2410 Ἀλλ
3453 2356 3518 2411 οὗ
3584 2359 3807 2429 πρῶτον

2145 2450 2338 2527 γέγονε
2390 2447 2454 2504 τὸ
2510 2447 2903 2519 πνευματικὸν,
2970 2444 3119 2501 ἀλλὰ
3161 2445 3225 2500 τὸ
3283 2443 3541 2520 ψυχικόν.
3601 2445 3669 2501 Ἦ
3700 2445 3809 2519 γὰρ

2145 2544 2241 2596 τοῦ
2271 2542 2512 2613 ψυχικοῦ
2541 2534 2810 2609 ἔκπτωσις
2837 2536 2928 2592 καὶ
2986 2530 3318 2606 παράϐασις,
3378 2542 3477 2603 τῆς
3533 2556 3594 2591 τε
3649 2533 3807 2591 ἐναν-

2148 2630 2484 2704 θρωπήσεως
2569 2627 2841 2701 πρόφασις
2924 2625 3131 2703 γέγονε,
3212 2623 3303 2680 καὶ
3386 2622 3484 2680 τοῦ
3542 2625 3811 2694 ὶνωθῆναι

2149 2716 2366 2793 σώματι
2422 2716 2514 2771 τὸν
2583 2714 2712 2772 Θεὸν
2768 2714 2972 2791 Λόγον,
3031 2714 3090 2770 ’ὸν
3147 2715 3238 2770 καὶ
3295 2711 3446 2793 λέγει
3508 2713 3806 2791 πνευματί-

2153 2808 2268 2864 κόν.

383 2905 748 2977 trangressio
788 2902 1067 2959 animalis
1128 2903 1360 2959 occasio
1422 2903 1532 2959 luit
1583 2901 2036 2971 incarnationis,
2083 2904 2267 2972 utque
2298 2897 2535 2971 corpori
2562 2897 2838 2953 uniretur
2868 2896 3023 2953 Deus
3091 2895 3359 2965 verbum,
3419 2895 3574 2968 quod
3627 2896 3811 2954 etiam

383 2992 532 3050 dicit
561 2992 893 3065 spirituale.

454 3110 573 3173 XT,
607 3111 674 3165 47
709 3110 797 3164 50.
835 3131 856 3158 ι
894 3108 1128 3165 Primus
1159 3109 1339 3165 homo
1398 3107 1471 3164 de
1522 3113 1681 3164 terra
1730 3113 2045 3175 terrenus;

385 3223 415 3253 «
442 3198 741 3257 secundus
762 3198 940 3254 homo
967 3198 1091 3270 ipse
1117 3198 1407 3255 Dominus
1422 3198 1493 3254 de
1517 3198 1666 3254 caelo
1706 3198 1908 3264 Qualis
1933 3205 2048 3253 ter.

385 3312 416 3344 ιι
445 3306 646 3350 renus.
672 3287 822 3344 tales
845 3295 904 3342 et
934 3289 1156 3344 terreni
1189 3305 1203 3344 :
1256 3294 1316 3343 et
1342 3288 1538 3359 qualis
1569 3287 1849 3356 cmlestis,
1898 3288 2049 3345 tales

391 3400 423 3432 α
459 3386 517 3435 et
538 3377 827 3435 ccelestes.
852 3378 921 3433 Et
947 3377 1450 3449 quemadmodum
1466 3378 1823 3452 gestavimus
1846 3378 2051 3450 imagi-

387 3489 417 3521 α
440 3483 580 3525 nem
600 3465 1217 3538 terreni,gestabimus
1232 3472 1290 3521 et
1304 3466 1625 3538 imaginem
1645 3467 2051 3523 ccelestis.Hoc

2229 3103 2292 3160 Ὀ
2322 3098 2542 3177 πρῶτδς
2581 3098 2870 3174 ἅνθρωπος
2922 3098 2982 3155 ὲκ
3038 3107 3146 3174 γῆς
3201 3100 3415 3176 χοϊκὸς,
3470 3100 3498 3155 6
3565 3097 3813 3175 δεύτερος

2160 3191 2448 3267 ἅνθρωπος
2483 3234 2498 3261 ,
2557 3192 2584 3245 6
2634 3190 2842 3265 Κύριος
2901 3187 2953 3260 ἐξ
3012 3188 3266 3261 οὐρανοῦ.
3318 3190 3452 3252 Οἶος
3516 3190 3544 3245 6
3597 3190 3819 3265 χοϊκὸς,

2157 3282 2403 3337 τοιοῦτοι
2481 3279 2570 3335 καὶ
2631 3279 2683 3335 οἱ
2740 3278 2946 3355 χοϊκοί.
3015 3278 3117 3336 Καὶ
3170 3278 3283 3343 οἶος
3342 3279 3370 3334 6
3472 3279 3824 3354 ἐπουράνιος,

2161 3377 2409 3428 τοιοῦτοι
2443 3373 2533 3426 καὶ
2590 3369 2642 3425 οἱ
2699 3368 3035 3445 ἐπουράνιοι.
3096 3369 3200 3427 Καὶ
3253 3370 3433 3434 καθὼς
3488 3369 3822 3450 ἐφυρὲσαμεν

2162 3464 2262 3531 τήν
2315 3462 2497 3517 εἰκόνα
2548 3465 2645 3517 τοῦ
2695 3464 2909 3530 κοῖκοῦ,
2960 3462 3262 3536 φορέσομεν
3324 3460 3415 3515 καὶ
3470 3462 3573 3532 τήν
3635 3459 3821 3517 εῗκόνα

394 3577 421 3611 ο
438 3562 636 3614 autem
660 3554 812 3620 dico,
834 3554 1069 3617 fratres,
1094 3555 1250 3627 quod
1279 3572 1414 3611 caro
1434 3561 1494 3610 et
1514 3556 1754 3629 sanguis
1769 3556 2036 3629 regniDei

2153 3557 2253 3608 τοῦ
2302 3552 2653 3628 ἐπουρανίου.
2712 3553 2895 3607 Τοῦτο
2953 3548 3011 3604 δὲ
3056 3572 3228 3624 φημι,
3289 3547 3540 3630 ἀδελφοῖν
3572 3550 3656 3606 δτι
3689 3552 3817 3627 σὰρξ

391 3644 843 3702 «hmreditatem
863 3645 1149 3715 consequi
1173 3661 1294 3700 non
1311 3650 1585 3716 possunt,
1616 3661 1810 3717 neque
1841 3662 2047 3702 corru-

393 3757 416 3787 ι
441 3736 565 3809 ptio
597 3732 1181 3805 incorruptibilitatis
1230 3734 1642 3791 haereditatem
1674 3736 1909 3807 accipit.
1943 3757 1972 3787 ››

458 3852 704 3923 Explelo
735 3850 808 3906 de
841 3851 1276 3908 resurrectione
1321 3868 1613 3913 sermone,
1647 3851 1723 3908 ad
1777 3854 2048 3909 exhorta-

387 3943 612 4000 tionem
649 3941 829 4009 venit,
875 3946 941 3996 ut
992 3941 1256 3998 studiose
1315 3949 1765 4008 conversentur,
1825 3949 1885 3997 et
1915 3943 2047 3999 ait:

390 4033 577 4088 Adam
605 4048 674 4088 ex
710 4041 865 4087 terra
894 4037 1038 4087 erat.
1076 4031 1208 4087 ideo
1240 4038 1299 4087 et
1339 4037 1615 4088 terrenus
1662 4039 1809 4099 erat,
1844 4033 1903 4089 id
1936 4038 2045 4101 est,

387 4122 578 4196 gravis
616 4120 925 4176 Secundus
948 4137 1079 4177 vero
1097 4121 1278 4177 Adam
1297 4122 1421 4193 ipse
1440 4122 1727 4179 Dominus
1750 4122 1823 4177 de
1858 4122 2005 4178 cmlo
2031 4139 2046 4178 :

393 4225 530 4266 nam
550 4209 816 4264 ’cmlestis
843 4209 1140 4265 eratDeus
1177 4209 1449 4265 Verbum.
1485 4211 1837 4283 Quanquam
1888 4212 2049 4267 enim

386 4313 612 4369 corpus
643 4297 831 4369 ipsius
856 4298 1124 4368 ejusdem
1157 4305 1284 4354 erat
1305 4298 1616 4355 nobiscum
1644 4299 1991 4355 substantiae
2015 4316 2051 4356 a

388 4374 802 4459 praestantiore
837 4393 1060 4452 tamen,
1090 4404 1306 4460 nempe
1337 4387 1643 4445 divinitate
1676 4389 1821 4445 dicit
1851 4389 2046 4462 ipsum

390 4476 649 4535 caeleste.
671 4506 739 4517 -
767 4479 897 4533 Alio
920 4479 1098 4533 modo.
1139 4477 1374 4534 Primus
1397 4477 1576 4533 homo
1610 4485 1882 4534 terrenus
1901 4484 2046 4548 erat,

391 4583 511 4624 non
537 4566 638 4639 qui
660 4572 720 4622 et
748 4573 906 4624 terra
928 4566 1252 4640 productus
1274 4567 1358 4622 ait
1376 4569 1479 4638 (ita
1502 4568 1660 4624 enim
1690 4586 1899 4625 omnes
1932 4575 2047 4625 ter-

390 4658 521 4715 reni
546 4664 706 4723 sunt,
727 4663 785 4713 et
815 4662 1105 4731 praeterea
1137 4657 1340 4714 nuilus
1364 4660 1628 4715 accusari
1656 4666 1858 4733 posset
1888 4661 1987 4733 qui
2017 4677 2047 4716 e

390 4754 551 4806 terra
578 4748 896 4821 productus
929 4748 1128 4821 esset),
1163 4748 1266 4804 sed
1299 4748 1370 4807 de
1400 4755 1558 4807 terra
1579 4751 1752 4821 dicit,
1815 4751 1876 4806 id
1936 4756 2045 4819 est,

392 4844 664 4897 terrenus
685 4856 753 4895 ac
783 4839 1063 4907 carnalis,
1099 4844 1157 4894 et
1186 4844 1423 4897 terrena
1448 4842 1707 4914 sapiens.
1743 4841 2048 4898 Secundus

2157 3642 2247 3697 καὶ
2274 3643 2416 3715 αἷμα
2448 3638 2729 3717 βασιλείαν
2758 3643 2897 3696 Θεοῦ
2952 3638 3379 3713 κληρονομῆσαι
3436 3639 3502 3695 οὐ
3562 3637 3812 3698 δύναται.

2157 3730 2294 3788 Οὐδὲ
2322 3734 2357 3801 ἡ
2390 3732 2567 3812 φθορᾶ
2592 3733 2693 3801 τὴν
2726 3730 3022 3808 ἀφθαρσίαν
3053 3730 3414 3803 κληρονομεῖ.

2230 3856 2538 3933 Ηληρώσας
2592 3858 2685 3913 τὸν
2740 3857 2863 3933 περὶ
2921 3862 3022 3928 τῆς
3078 3856 3415 3919 ἀναστάσεως
3481 3856 3674 3932 λόγον,
3737 3858 3816 3922 εἰς

2158 3949 2467 4022 παραίνεσιν
2523 3945 2661 4019 ἦλθε
2717 3946 3001 4010 πολιτείας
3059 3946 3307 4023 ἀρίστης,
3368 3947 3458 4003 καὶ
3516 3967 3704 4021 φησιν’
3755 3950 3819 4008 Ὀ

2156 4036 2342 4113 ’Λόἆμ
2372 4037 2431 4093 ἐκ
2459 4044 2562 4115 γῆς
2592 4038 2659 4107 ἦν
2682 4040 2973 4112 τοιγαροῦν
3006 4036 3096 4093 καὶ
3157 4035 3353 4114 χοϊκὸς
3403 4039 3494 4105 ἦν,
3546 4037 3821 4106 τουτέστι,

2158 4129 2352 4203 γήϊνος
2382 4127 2471 4182 καὶ
2535 4126 2723 4201 βαρύς.
2776 4127 2837 4182 Ὀ
2878 4122 2936 4180 δὲ
2991 4146 3052 4200 γε
3110 4122 3359 4198 δεῦτερος
3415 4124 3594 4199 Ἀδὰμ
3641 4127 3669 4182 6
3704 4127 3822 4183 Κύι-

2160 4236 2278 4292 ριος
2311 4212 2362 4286 ἐξ
2394 4216 2645 4289 οὐρανοῦ.
2708 4213 2973 4289 Οῦράνιος
3004 4213 3107 4289 γὰρ
3140 4218 3167 4269 6
3199 4214 3330 4277 Θεὸς
3381 4215 3578 4287 Λόγος.
3613 4214 3678 4270 Εἰ
3709 4216 3816 4292 γὰρ

2158 4304 2248 4360 καὶ
2290 4305 2351 4361 τό
2399 4308 2560 4377 σῶμα
2614 4302 2776 4359 αὐτοῦ
2836 4304 3133 4377 ὁμοοόσιον
3198 4306 3355 4378 ἡμῖν,
3417 4300 3546 4361 ἀλλ’
3603 4302 3663 4360 ἐκ
3716 4309 3822 4360 τοῦ

2158 4394 2495 4467 κρείττονος.
2527 4393 2795 4461 τουτέστι,
2853 4395 2954 4458 τῆς
3012 4392 3292 4461 θεότητος,
3352 4391 3603 4468 οὐρένιον
3653 4392 3819 4449 αὐτὸν

2159 4482 2333 4561 λέγει.
2365 4479 2713 4546 -“Λλλως.
2765 4482 2827 4541 Ὁ
2887 4486 3104 4558 πρῶτος
3161 4480 3450 4556 ἄνθρώπος
3499 4485 3688 4558 γήϊνος
3718 4483 3815 4552 ἦν,

2159 4572 2221 4628 οὐ
2252 4572 2315 4628 τὸ
2347 4571 2407 4627 ὲκ
2435 4579 2541 4646 γῆς
2574 4578 2862 4647 παρ-ἦχθαι
2918 4571 3117 4644 (οὕτως
3174 4573 3274 4647 γὰρ
3343 4573 3540 4635 πάντες
3596 4573 3810 4644 γήϊνοι,

2157 4662 2249 4717 καὶ
2280 4660 2357 4718 ἔτι
2390 4661 2490 4717 οὐκ
2520 4661 2579 4717 ἂν
2607 4683 2691 4722 τις
2728 4661 3032 4716 αἰτιάσαιτο
3089 4661 3151 4716 τὸ
3209 4659 3269 4717 ἐκ
3324 4668 3432 4736 γῆς
3481 4662 3811 4734 παρῆχθαι),

2157 4748 2288 4807 ἀλλ’
2337 4750 2396 4806 ἐκ
2448 4753 2548 4826 γῆς
2599 4772 2757 4829 φησι,
2813 4751 3080 4820 τουτέστι,
3140 4753 3339 4829 γήϊνος
3392 4748 3480 4805 καὶ
3537 4748 3816 4823 σαρκικὸς,

2158 4841 2248 4897 καὶ
2289 4842 2437 4896 κάτω
2486 4846 2722 4917 φρονῶν.
2776 4841 2836 4899 Ὁ
2899 4837 2956 4895 δὲ
3012 4837 3282 4915 δεύτερος,
3346 4849 3636 4915 μετάρσιος
3687 4839 3824 4904 ὅλος

392 4946 527 4986 vero
559 4928 833 4985 sublimis
855 4934 1014 4985 totus
1047 4945 1115 4984 ac
1150 4929 1424 4998 cmlestis,
1456 4931 1740 5003 nullaque
1785 4936 2036 4988 terreno-

2154 4930 2244 4986 καὶ
2277 4929 2545 5004 οὐράνιος,
2579 4930 2668 4985 καὶ
2723 4926 2971 5004 μηδεμιᾷ
3002 4934 3112 4987 τῶν
3143 4929 3348 5006 γηΐνων
3406 4926 3599 5000 κηλῖδι
3660 4928 3822 5003 βαρυ-

389 5035 524 5075 rum
556 5023 701 5074 nota
728 5023 1023 5091 gravatus.
1058 5018 1260 5083 Qualis
1289 5019 1470 5090 igitur
1498 5026 1625 5076 erat
1668 5021 1719 5076 is
1751 5020 1850 5093 qui
1893 5021 2047 5093 seip-

392 5126 523 5167 sum
557 5125 663 5180 per
691 5124 761 5164 ea
792 5125 924 5179 quin
968 5108 1178 5178 agebat
1238 5125 1306 5166 ac
1364 5110 1681 5169 sentiebat.
1746 5116 2045 5165 terrenum

392 5198 654 5255 reddidit
684 5215 697 5255 :
735 5197 880 5255 tales
915 5204 1092 5255 erunt
1121 5205 1179 5254 et
1205 5200 1302 5270 qui
1337 5200 1409 5256 ad
1440 5200 1627 5271 ipsius
1650 5200 2044 5256 imitationem

391 5289 607 5345 vivunt.
644 5286 757 5344 hoc
788 5294 878 5343 est
910 5288 1171 5343 terreni:
1217 5294 1277 5343 et
1325 5290 1604 5347 omnibus
1655 5289 1745 5345 his
1805 5290 2046 5348 obnoxii

395 5376 1079 5448 aﬂ'ectionibus,quibus
1124 5379 1419 5434 vei-simile
1480 5385 1569 5434 est
1622 5381 1864 5435 affectos
1916 5398 2044 5438 esse

396 5468 533 5525 illos
553 5468 655 5539 qui
688 5472 861 5523 terra;
890 5466 1117 5538 seipsos
1140 5467 1478 5523 afﬁxerunt.
1516 5469 1585 5524 Et
1616 5469 1809 5540 qualis
1844 5478 1970 5525 erat
1998 5472 2049 5527 is

397 5559 497 5633 qui
533 5573 700 5613 suam
735 5557 796 5612 in
839 5563 996 5612 terra
1051 5558 1583 5620 conversationem.
1644 5559 1960 5614 sublimem
1995 5566 2053 5617 et

402 5650 702 5705 cwlestem
736 5662 1066 5719 puramque
1098 5646 1371 5701 instituit.
1410 5647 1561 5703 570
1596 5648 1742 5705 tales
1788 5656 1965 5705 erunt
1995 5653 2053 5705 et

405 5739 504 5811 qui
538 5738 611 5795 ad
639 5736 1031 5792 imitationem
1055 5734 1310 5791 cmlestis
1342 5735 1499 5792 illius
1540 5738 1816 5807 instituti,
1861 5756 2051 5813 quan-

2155 5022 2401 5095 νόμενος.
2438 5023 2569 5085 Οἴος
2623 5025 2918 5097 τοιγαροῦν
2976 5021 3043 5090 ἧν
3102 5021 3130 5075 6
3186 5020 3381 5096 χοϊκὸν
3437 5021 3624 5076 ἑαυτὸν
3646 5016 3821 5075 δι’ὥν

2157 5111 2371 5190 ἐφρόνει
2428 5112 2514 5168 καί
2571 5105 2800 5181 ἔπραττε
2877 5114 3181 5183 κατστήσας
3220 5159 3234 5174 ,
3292 5114 3533 5165 τοιοῦτοι
3602 5108 3821 5165 ἔσονται

2157 5202 2246 5256 καὶ
2300 5202 2353 5257 οἱ
2395 5204 2533 5275 πρὸς
2584 5202 2818 5277 μ’μησιν
2897 5198 3104 5257 ἐκείνου
3166 5202 3459 5278 βιοῦντες,
3544 5199 3817 5269 τουτέστι,

2162 5293 2371 5367 χο’ίκοῖ,
2405 5291 2494 5346 xxi
2526 5294 2832 5370 πάσχοντες
2862 5289 2961 5345 6'71
3001 5291 3146 5353 εἷκὸς
3179 5293 3433 5371 πάσχειν,
3465 5288 3592 5351 τοὺς
3646 5308 3819 5364 προσο

2160 5378 2483 5450 ῃλώςαντας
2515 5380 2738 5441 ἑαυτοὺς
2775 5384 2853 5450 τῷ
2887 5381 3000 5457 χοῖ.
3057 5380 3150 5435 Καὶ
3214 5382 3334 5442 οἷος
3402 5380 3468 5449 ἦν
3525 5378 3553 5435 6
3617 5378 3823 5453 μετάρ-

2160 5492 2274 5525 σιον
2308 5470 2397 5525 καὶ
2443 5467 2697 5546 οὐρανίον
2730 5470 2817 5525 καὶ
2886 5471 3121 5544 καθαρὰν
3154 5472 3253 5541 τήν
3324 5468 3411 5525 ἐπὶ
3483 5471 3586 5540 γῆς
3646 5467 3821 5523 αὐτοῦ

2158 5560 2442 5615 πολιτείαν
2500 5558 2893 5632 ἐνστησάμενος
2928 5602 2941 5629 ,
3001 5563 3242 5614 τοιοῦτοι
3337 5552 3551 5615 ἔσονται
3612 5555 3704 5609 καὶ
3766 5555 3821 5610 oi.

2158 5650 2293 5725 πρὸς
2365 5647 2649 5722 ὁμοίωσιν.
2701 5649 2928 5713 καθόσον
2990 5646 3131 5705 ἔστ’ν
3189 5647 3500 5723 ἀνθρώποις
3559 5642 3815 5715 δυνατὸν,

2158 5738 2367 5809 ἐκείνης
2423 5740 2523 5809 τὴς
2610 5737 2863 5814 νῖῦρανίου
2946 5735 3229 5820 διαγωγῆς
3303 5736 3762 5811 πολιτευσάμενοι
3802 5782 3816 5809 ,
