4080 6430
376 467 500 533 889

1297 464 1717 529 COMMENT.
1763 465 1845 530 IN
1888 463 2147 528 EPIST.
2192 463 2219 525 Ι
2261 462 2365 524 AD
2406 461 2775 525 COHINTH.

3676 466 3795 528 890

367 602 673 671 τουτέστιν,
734 597 1051 674 ἱπουρανιοί
1115 618 1175 655 τε
1231 593 1469 666 ἔσονται,
1534 600 1626 657 καὶ
1704 607 1813 659 τῶν
1872 601 2034 676 ἀξίων

2159 605 2280 659 tum
2311 600 2654 660 hominibus
2686 603 2969 675 possibile
3001 610 3109 673 est,
3171 606 3502 663 conversati
3566 604 3813 673 fuerint,

383 692 578 753 αὐτοῖς
620 710 794 766 γερων
837 687 1238 746 ἀπολαύσουσι.
1277 714 1305 742 α
1339 691 1472 752 Οἷος
1504 692 1532 747 6
1563 691 1780 768 χοϊκὸς,
1811 696 2052 748 τοιοῦτοι

384 783 475 839 καί
509 782 562 838 οἰ
591 780 802 857 χοϊκοί,
837 804 866 833 ››
899 782 1053 845 Θῖος,
1082 781 1274 856 φησίν,
1300 782 1328 836 6
1357 782 1556 858 χοϊκὸς
1585 778 1783 857 Ἀδᾶμ,
1806 786 2051 840 τοιοῦτοι

377 867 594 929 ἔσονται
623 870 822 933 πάντες
857 871 909 926 οἰ
950 873 1157 945 γήϊνοι,
1207 871 1509 935 τουτέστιν,
1560 872 1612 927 οἰ
1663 873 1786 928 ὅλοι
1815 879 1916 942 τῆς
1946 880 2052 947 γῆς

378 956 531 1024 ὄντες
571 962 663 1017 καί
714 961 854 1025 πυὸς
907 961 1077 1032 αὗτήν
1132 960 1501 1036 ἑπτονημένοι
1535 963 1929 1027 ἀποθανοῦνται
1962 963 2053 1019 τὸν

373 1051 574 1123 νοητὸν
635 1051 861 1107 θάνατον
918 1051 1013 1106 τὸν
1073 1046 1165 1106 διὰ
1237 1057 1338 1120 τῆς
1395 1051 1687 1127 ἁμαρτίας.
1750 1052 1820 1110 Oi.
1878 1048 1935 1108 δὲ
1991 1072 2055 1127 γε

382 1139 625 1216 μιμηταὶ
659 1140 947 1215 γινόμενοι
975 1143 1223 1215 Χριστοῦ
1278 1140 1418 1197 κατὰ
1473 1142 1564 1196 τὸν
1620 1138 1857 1206 Παῦλον,
1890 1135 2052 1197 ἔσον-

374 1251 469 1288 ται
500 1231 577 1292 ὡς
607 1229 636 1287 6
670 1228 1013 1302 ἐπουρᾱίνιος,
1070 1228 1253 1292 καθὼς
1310 1229 1398 1284 καί
1459 1229 1766 1303 ἀνθρώποις
1816 1229 2050 1310 ἐφικτόν.

384 1345 407 1373 ι
444 1316 683 1392 Οἶδαμεν
739 1322 870 1394 γὰρ,
931 1319 1091 1394 φασὶν
1150 1319 1206 1373 αἰ
1266 1316 1591 1387 Καθολικαί,
1649 1319 1853 1376 δτιέὰν
1889 1324 2052 1397 φανῇ,

375 1409 571 1484 ὅμοιοι
620 1410 771 1483 αῦτῷ
811 1409 1066 1483 ἐσόμεθα.
1094 1433 1122 1462 ››
1152 1442 1213 1453 —
1241 1433 1269 1463 ‹‹
1291 1410 1390 1465 Καὶ
1421 1411 1603 1473 καθὼς
1636 1407 1986 1491 ἐφορὲσαμεν.
2023 1435 2051 1464 ιι

382 1501 665 1564 Τουτὲστι,
727 1498 922 1560 Καθὼς
979 1499 1047 1555 τὰ
1104 1497 1285 1576 φαῦλα
1340 1497 1645 1576 ἐπράξαμεν
1703 1504 1889 1573 (ταῦτα
1948 1500 2051 1575 γὰρ

382 1589 545 1649 εἰκὼν
603 1593 703 1645 τοῦ
759 1591 1006 1664 χοϊκοῦ),
1063 1583 1366 1663 φορέσομεν
1423 1590 1515 1644 καί
1571 1610 1669 1657 την
1726 1588 1911 1646 εἰκόνα
1957 1594 2053 1645 τοῦ

386 1681 712 1759 ἐπουρανίου
818 1685 1078 1757 Χριστοῦ,
1179 1679 1477 1749 τουτέστιν,
1573 1681 2051 1758 ἀγαθοεργοῦντες,

383 1773 471 1830 καί
535 1772 773 1847 μιμηταὶ
834 1772 1004 1828 αὐτοῦ
1053 1771 1344 1846 γινόμενοι
1424 1771 1562 1829 κατά
1620 1775 1684 1829 τὸ
1742 1772 2052 1850 ἐγχωροῦν,

387 1864 579 1927 Καθὼς
633 1864 724 1918 καί
782 1861 946 1926 αὐτὸς
1004 1861 1262 1939 ἀλλαχοῦ
1327 1884 1489 1943 φησι,
1550 1887 1577 1916 ‹‹
1633 1863 1887 1935 Μιμηταί
1947 1887 2054 1938 μου

2159 689 2271 745 hoc
2292 696 2398 750 est.
2425 690 2695 746 cmlestes
2722 699 2921 749 erunt.
2948 699 3005 747 et
3027 694 3303 751 fruentur
3352 695 3547 768 dignis
3579 713 3641 750 se
3673 714 3820 769 pra:-

2160 779 2317 835 miis.
2351 803 2379 831 «
2412 780 2613 846 Qualis
2645 786 2941 848 terrenus,
2977 782 3125 837 tales
3157 789 3215 839 et
3243 785 3485 841 terreni.
3525 807 3549 836 υ
3594 786 3818 854 Qualis,

2159 869 2374 941 inquit,
2397 876 2665 927 terrenus
2690 870 2878 928 Adam
2902 872 3052 927 tales
3075 880 3253 928 erunt
3281 891 3488 931 omnes
3538 876 3762 931 terreni
3796 893 3809 930 :

2161 959 2274 1016 hoc
2296 962 2525 1033 est,qui
2551 961 2652 1017 toti
2684 979 2730 1017 δι
2756 968 2824 1017 nt
2877 961 3064 1033 ipsius
3115 968 3286 1018 terra:
3339 965 3472 1020 etei
3505 965 3821 1021 adhaeren-

2159 1054 2471 1116 tes,morte
2491 1050 2906 1110 intellectuali.
2939 1069 3070 1124 quae
3093 1058 3335 1125 propter
3354 1062 3660 1126 peccatum
3701 1062 3809 1121 est,

2160 1131 2515 1189 morientur.
2535 1133 2750 1191 Christi
2774 1142 2972 1190 autem
2993 1134 3322 1193 imitatores
3353 1138 3526 1207 juxta
3563 1139 3812 1194 Paulum

2161 1227 2337 1278 erunt
2355 1229 2421 1280 ut
2443 1221 2703 1280 caelestis
2720 1224 2844 1285 ille,
2869 1232 3166 1297 quatenus
3184 1224 3526 1283 hominibus
3575 1243 3786 1284 conces
3801 1259 3816 1268 -

2160 1329 2290 1368 sum
2308 1318 2420 1370 est.
2446 1313 2720 1371 «Scimus
2745 1315 2931 1382 enim,
2968 1316 3135 1372 aiunt
3173 1316 3484 1374 catholicae
3524 1317 3821 1390 Epistolae,

2159 1403 2317 1476 quod
2341 1404 2389 1460 si
2417 1407 2789 1477 apparuerit,
2819 1406 3046 1461 similes
3068 1407 3121 1462 ei
3160 1408 3383 1463 erimus
3427 1406 3496 1463 ⁵⁸.
3530 1429 3561 1460 α
3593 1440 3659 1450 —
3693 1430 3721 1461 «
3756 1409 3826 1465 Et

2160 1495 2665 1566 quemadmodum
2690 1497 3067 1568 gestavimus.
3096 1518 3124 1547 n
3150 1498 3267 1552 Hoc
3299 1503 3406 1560 est.
3458 1498 3614 1553 sicut
3642 1515 3822 1571 prava

2160 1583 2387 1655 operati
2412 1601 2639 1651 sumus,
2670 1602 2806 1641 nam
2832 1586 2939 1641 illa
2963 1593 3100 1641 sunt
3123 1587 3316 1660 imago
3346 1589 3597 1644 terreni;
3625 1595 3823 1660 gesta-

2159 1672 2359 1729 himus
2388 1681 2445 1729 et
2471 1682 2528 1729 et
2549 1674 2867 1748 imaginem
2895 1676 3152 1733 caelestis
3173 1676 3387 1734 Christi
3419 1694 3432 1732 :
3457 1678 3567 1733 hoc
3590 1677 3809 1737 εδει.ὺο-

2161 1778 2242 1819 na
2272 1770 2617 1836 operantes,
2649 1767 2901 1837 ejusque
2952 1766 3089 1822 facti
3148 1766 3478 1823 imitatores
3535 1774 3824 1837 quantum

2166 1852 2563 1909 conceditur:
2605 1854 3110 1926 quemadmodum
3143 1862 3202 1910 et
3255 1856 3382 1928 ipse
3440 1855 3583 1911 alibi
3634 1856 3825 1912 dicit:

390 1953 615 2031 γίνεσθε,
670 1952 851 2015 καθὼς
907 1952 1062 2027 κάγὼ
1127 1956 1386 2029 Χριστοῦ.
1418 1977 1448 2006 ››
1509 1986 1576 1997 -
1639 1978 1666 2007 ‹‹
1702 1954 1810 2023 Τήν
1873 1954 2047 2013 εἰκόνα

2164 1965 2192 1993 ‹‹
2216 1943 2553 1999 Imitatores
2575 1945 2692 1999 mei
2718 1951 2905 2000 estote
2930 1944 3082 2001 sicut
3105 1952 3165 2001 et
3189 1961 3294 2016 ego
3317 1946 3530 2002 Christi
3578 1945 3643 2000 δ’.
3699 1968 3727 1997 ››
3758 1977 3828 1989 -ρ

395 2047 494 2099 τοῦ
525 2046 744 2120 χοῖκοῦ.
778 2066 807 2095 ››
838 2042 903 2100 Ἠ
955 2041 1115 2097 εἰκὼν
1168 2044 1266 2097 τοῦ
1332 2046 1532 2122 χοϊκοῦ
1563 2039 1760 2115 Ἀδὰμ,
1791 2042 1875 2111 τὸ,
1907 2067 1935 2095 ‹‹
1969 2048 2045 2114 Γῆ

379 2132 451 2200 εἴ,
483 2132 573 2189 καί
606 2130 685 2194 εἰς
731 2139 837 2210 γῆν
868 2129 1166 2207 ἀπελεύσῃ.
1202 2154 1232 2184 »
1288 2133 1355 2188 Ἦ
1408 2130 1568 2188 εῗκὼν
1599 2137 1697 2189 τοῦ
1728 2131 2048 2206 ἐπουρανίου

377 2226 645 2291 Χοιστοῦ,
706 2224 741 2293 ἡ
802 2219 863 2277 ἐκ
929 2225 1130 2296 νεκρῶν
1212 2220 1501 2287 ἀνάστασις
1577 2221 1667 2277 καί
1751 2223 2043 2296 ἀφθαρσία.

374 2310 571 2376 Οῦτως
626 2311 655 2365 6
713 2309 767 2366 ἐν
823 2309 1000 2386 ἁγίοις
1059 2306 1332 2375 Μεθόδιος
1392 2310 1445 2366 ἐν
1505 2316 1586 2384 τῷ
1653 2311 1780 2387 Περὶ
1819 2310 2046 2368 ἀναστά-

378 2422 516 2463 σεως
550 2399 723 2476 λόγῳ.
787 2426 814 2451 «
851 2401 1172 2473 Φορὲσομεν
1232 2400 1323 2456 καὶ
1377 2402 1478 2471 τὴν
1536 2400 1715 2457 εἰκόνα
1745 2406 1842 2458 τοῦ
1877 2400 2043 2457 inoo-

383 2489 591 2567 ρανῗου.
625 2513 655 2541 »
685 2488 783 2560 Τὸ,
816 2493 1156 2564 Φορεσομεν,
1216 2488 1261 2544 εἰ
1324 2490 1419 2563 μὲν
1452 2487 1541 2545 διὰ
1570 2494 1685 2554 τοῦ,
1720 2511 1770 2558 ο,
1807 2491 2045 2567 βραχέος

380 2580 677 2660 γραπτέον,
745 2579 1142 2656 προαγόρευσίς
1197 2577 1339 2635 ἐστιν
1399 2579 1450 2651 ἐξ
1522 2578 1854 2643 ἀκολουθίας

377 2673 570 2751 φθεῖσα
600 2673 700 2726 τοῦ
735 2666 1063 2744 μέλλοντος,
1116 2670 1207 2725 καὶ
1264 2669 1621 2751 ἀποφάνσεως
1673 2672 1787 2744 ἅμα
1819 2668 2049 2744 δύναμιν

380 2759 694 2836 πληροῦσα,
753 2759 1026 2828 τουτέστι,
1086 2759 1311 2823 Πάντως
1365 2761 1670 2841 φορέσομεν
1722 2762 1821 2829 τὴν
1867 2760 2049 2817 εἰκόνα

381 2854 478 2907 τοῦ
537 2846 881 2922 ἐπουρανίου,
941 2845 1124 2923 ὥσπερ
1186 2847 1519 2927 ἑφορέσαμεν
1577 2849 1669 2906 καὶ
1726 2852 1829 2921 τήν
1867 2848 2049 2906 εἰκόνα

383 2943 479 2995 τοῦ
531 2942 756 3015 χοϊκοῦ.
817 2938 922 2995 Καὶ
983 2936 1069 3009 ε’ἰη
1130 2935 1191 2993 ἂν
1251 2937 1413 2994 εἰκὼν
1469 2940 1566 3012 μὶν
1620 2943 1718 2994 τοῦ
1777 2944 1975 3016 χοϊκοῦ
2019 2941 2047 2996 ὁ

388 3029 633 3095 θάνατος,
693 3026 853 3083 εἰκὼν
914 3024 973 3083 δὲ
1027 3030 1124 3082 τοῦ
1183 3027 1511 3104 ἐπουρανίου
1545 3031 1581 3099 ἡ
1627 3027 1915 3094 ἀνάστασις
1958 3029 2047 3084 καὶ

389 3112 742 3193 ἠάφθαρσία.
781 3117 853 3171 ⁸0
904 3136 964 3172 τε
1013 3117 1120 3193 γὰρ
1178 3113 1376 3190 Ἀδὰμ,
1437 3113 1526 3173 διὰ
1580 3121 1682 3173 τοῦ
1710 3117 1936 3173 θανάτου
1967 3118 2044 3173 εἰ⁶

393 3206 680 3274 κονίζεται.
710 3204 885 3267 Αὐτὸς
915 3206 1015 3281 γὰρ
1075 3206 1166 3261 καί
1228 3211 1446 3282 πρῶτος
1478 3211 1585 3261 τῶν
1620 3205 1833 3276 ἄλλων,
1866 3206 2045 3270 α’ἰτιος

396 3297 490 3350 τοῦ
519 3294 690 3348 θανεῖν
746 3296 960 3371 γέγονε,
1019 3295 1108 3350 καί
1168 3296 1197 3351 ὁ
1254 3296 1532 3366 Δεσπότης
1574 3297 1806 3368 Χριστὸς
1854 3294 2044 3368 πάλιν,

1943 2577 2045 2652 λη-

2170 2054 2196 2081 ‹‹
2228 2032 2549 2106 lmaginem
2576 2033 2815 2089 terreni.
2848 2058 2865 2081 ιι
2897 2037 3094 2106 Imago
3142 2035 3363 2089 terreni
3404 2035 3590 2091 Adam
3626 2041 3717 2091 est
3745 2037 3822 2092 il-

2167 2119 2302 2177 lud:
2330 2122 2555 2178 «Terra
2572 2123 3041 2184 es,etinterram
3088 2124 3404 2179 reverteris
3450 2123 3517 2180 σθ.
3568 2148 3588 2173 ι
3626 2125 3822 2198 Imago

2157 2209 2415 2266 cmlestis
2459 2211 2674 2267 Christi
2714 2218 2773 2268 et
2823 2212 3179 2268 resurrectio
3229 2228 3298 2268 ex
3344 2213 3594 2269 mortuis
3631 2220 3689 2269 et
3735 2214 3827 2270 in-

2155 2298 2476 2372 corruptio.
2514 2301 2599 2355 Ita
2631 2301 2812 2356 habet
2842 2301 3011 2356 divus
3040 2301 3379 2357 Methodius
3410 2301 3562 2358 libro
3614 2305 3685 2358 De
3743 2320 3831 2359 re-

2170 2391 2533 2447 surrectione.
2566 2416 2590 2441 υ
2618 2391 2990 2449 Gestabimus
3009 2398 3066 2448 et
3113 2393 3431 2466 imaginem
3481 2394 3759 2450 cmlestis.
3800 2416 3827 2445 »

2166 2480 2223 2535 Si
2250 2480 2813 2553 legatureopéaopsv.
2843 2481 2904 2537 id
2945 2488 3054 2547 est,
3106 2483 3494 2555 gestabimus,
3539 2488 3606 2538 ut
3651 2501 3760 2555 per
3789 2502 3822 2539 ο

2157 2567 2332 2625 breve
2365 2569 2747 2626 scribendum
2780 2571 2877 2637 sit,
2911 2572 3260 2628 vaticinium
3290 2578 3381 2628 est
3411 2578 3714 2644 sumptum
3748 2589 3817 2628 ex

2157 2661 2589 2734 consequentia
2644 2662 2774 2734 ejus
2833 2663 2988 2734 quod
3042 2662 3308 2720 futurum
3367 2669 3474 2721 est.
3510 2664 3808 2736 simulque

2158 2750 2272 2806 vim
2308 2750 2506 2824 explet
2557 2757 2614 2806 et
2669 2751 3018 2808 assertionis
3061 2754 3242 2811 :hoc
3274 2759 3384 2822 est,
3443 2754 3801 2811 Gestatimus

2158 2840 2405 2896 omnino
2428 2840 2745 2913 imaginem
2772 2842 3049 2906 cmlestis,
3073 2843 3227 2901 sicut
3263 2846 3620 2917 gestavimus
3669 2844 3810 2900 ima-

2157 2930 2355 3006 ginem
2381 2932 2622 2988 terreni.
2650 2936 2717 2987 Et
2737 2948 2867 2987 esse
2891 2932 3126 3005 poterit,
3177 2933 3372 3006 imago
3415 2935 3657 3006 quidem
3691 2940 3813 2990 ter-

2156 3022 2534 3087 reni,mors:
2566 3022 2762 3093 imago
2796 3038 2932 3077 vero
2991 3022 3269 3088 caelestis.
3328 3024 3685 3079 resurrectio
3743 3041 3810 3080 ac

2158 3109 2546 3182 incorruptio.
2563 3110 2866 3184 Efﬁgiatur
2880 3112 3040 3167 enim
3058 3112 3239 3168 Adam
3256 3129 3361 3185 per
3391 3120 3642 3169 mortem
3668 3130 3682 3181 ;
3719 3114 3808 3170 si-

2157 3199 2397 3271 quidem
2416 3200 2543 3271 ipse
2559 3216 2794 3272 quoque
2814 3200 3042 3274 primus
3056 3201 3313 3257 fuitaliis
3343 3202 3637 3258 moriendi
3654 3203 3812 3275 prin-

2157 3288 2784 3362 cipium.Rursumque
2802 3291 3088 3346 Dominus
3115 3292 3385 3348 Christus
3406 3310 3513 3365 per
3544 3310 3811 3350 resurre-

398 3380 484 3440 διὰ
528 3390 629 3451 τῆς
681 3367 1021 3447 ἀναστάσεως
1077 3384 1166 3441 καί
1224 3391 1325 3455 τῆς
1381 3386 1676 3462 ἀφθαρσίας
1707 3385 2046 3456 εἰκονίζεται.

2165 3378 2423 3435 ctionem
2440 3379 2570 3434 etin
2589 3379 3096 3452 incorruptionem
3116 3381 3412 3456 efﬁgiatur
3438 3384 3579 3439 Nam
3596 3389 3653 3440 et
3684 3383 3809 3456 ipse

387 3472 558 3537 Αὐτός
615 3494 675 3532 τε
729 3474 834 3551 γὰρ
892 3478 1114 3547 πρῶτος
1173 3472 1367 3547 ἀνέστη
1448 3475 1627 3551 σαρκὶ,
1679 3476 1910 3547 νικήσας
1963 3476 2055 3532 τὸν

384 3562 632 3632 θάνατον,
685 3563 777 3619 καί
835 3567 918 3637 τῷ
971 3563 1114 3641 γένει
1174 3565 1337 3619 παντί
1392 3568 1501 3619 τῶν
1574 3564 1875 3637 ἀνθρώπων
1949 3566 2050 3635 τήν

386 3653 676 3709 ἀνάστασιν
725 3652 817 3708 καὶ
874 3653 1175 3734 ἀφθαρσίαν
1234 3651 1526 3729 ἐπήγαγεν.
1562 3653 1623 3711 Εἰ
1656 3651 1713 3710 δὲ
1740 3654 1824 3719 τὸ,
1883 3655 2039 3734 φορί-

385 3764 579 3818 σομεν,
614 3740 702 3799 διὰ
737 3747 948 3817 μακροῦ
978 3740 1248 3820 γραπτέον
1279 3742 1391 3798 ἐστί
1439 3747 1559 3806 τοῦ,
1617 3765 1684 3808 ω,
1731 3744 2050 3819 παραίνεσίς

383 3832 497 3889 ἰστι
531 3833 622 3889 καὶ
654 3827 945 3907 συμϐουλὴ
1004 3831 1088 3888 ἐπ’
1145 3833 1365 3905 ἀρετήν,
1411 3833 1502 3890 καὶ
1534 3827 1712 3889 ἔνθεον
1745 3832 2048 3894 πολιτείαν,

384 3920 738 4000 Φορὲξωμεν,
816 3923 1005 4000 φησὶν,
1085 3919 1434 3996 ἰνδυσώμεθα
1506 3924 1609 3993 τὴν
1694 3922 1881 3979 εἰκόνα
1951 3927 2048 3980 τοῦ

383 4012 740 4089 ὖπνυρανίου,
793 4010 889 4068 ’ίνα
944 4011 1465 4088 κληρονομήσωμεν
1499 4014 1598 4085 τὴν
1652 4013 1902 4090 οὐράνιον
1953 4015 2049 4092 βα-

386 4100 616 4160 σιλείαν.
674 4101 769 4158 Καὶ
802 4101 885 4168 ε’ἶη
916 4100 977 4157 ἄν
1031 4101 1192 4158 εἰκὼν
1256 4102 1350 4175 μὶν
1405 4101 1634 4158 ἐνταῦθα
1662 4108 1863 4179 χοϊκοῦ
1894 4103 2048 4179 λαμ-

382 4186 684 4265 ϐανομένη,
760 4192 818 4246 αἰ
875 4191 1095 4267 πράξεις
1149 4192 1204 4245 αἰ
1264 4192 1521 4266 πονηραί,
1585 4192 1675 4249 καί
1762 4192 2049 4270 βρίθουσαι

380 4281 524 4357 πρὸς
577 4281 646 4336 τὰ
698 4281 864 4356 γήϊνα
913 4280 1000 4336 καὶ
1063 4280 1292 4353 σαρκικά
1342 4282 1501 4354 πέθη.
1563 4283 1744 4339 Ταῦτα
1773 4283 1877 4360 γὰρ
1911 4302 2048 4358 μορ-

381 4380 477 4448 φοϊ
539 4370 630 4425 καί
688 4369 1080 4445 χαρακτηρ¹ζει
1137 4368 1229 4424 τὸν
1282 4367 1633 4441 ἁμαρτωλὸν,
1682 4369 1740 4432 ὅς
1776 4370 1886 4427 ἐστι
1917 4382 2046 4448 χοϊ-

375 4459 496 4523 κός.
536 4458 711 4516 Εἰκὼν
742 4456 800 4515 Si
856 4456 1203 4534 ἐπουρανίου,
1260 4458 1321 4513 τὸ
1383 4458 1597 4534 ὑψηλὸν
1631 4458 1723 4515 καί
1755 4462 2043 4537 μετάρσιον

374 4557 475 4619 τῆς
540 4544 849 4617 πολιτείας,
906 4548 1001 4603 καί
1056 4549 1092 4617 ἡ
1154 4553 1347 4618 κτῆσις
1404 4552 1513 4603 τῶν
1589 4547 1861 4624 οὐρανίων
1920 4548 2048 4626 ἀρε-

384 4660 527 4697 των.

454 4810 636 4881 Φησίν
692 4808 788 4865 οῦν
845 4809 962 4882 ἅμα
1014 4808 1108 4863 καί
1189 4806 1478 4883 ἐντρέπων.
1557 4808 1886 4884 Φορέσωμεν
1944 4812 2046 4881 τήν

379 4901 568 4957 εἰκόνα
621 4903 720 4955 τοῦ
778 4897 1124 4973 ἐπουρανίου,
1194 4898 1527 4971 κτησώμεθε
1555 4897 1841 4955 πολιτείαν
1877 4901 2047 4977 ὑψοῦ-

380 5011 473 5047 σαν
528 4992 676 5064 ἡμᾶς
733 4988 869 5062 πρὸς
924 4988 1177 5062 οὐρανόν.
1239 4986 1316 5045 Οὗ
1375 4988 1479 5064 γὰρ
1540 4989 1863 5064 αἰσχύνεσθε
1922 4989 2049 5047 οὐδε

376 5078 803 5157 ἰγκαλῦπτεσθε,
860 5077 946 5134 ὅτι
1001 5078 1102 5148 τὴν
1165 5077 1262 5151 μὶν
1321 5077 1505 5133 εἰκόνα
1532 5083 1630 5134 τοῦ
1662 5084 1862 5159 χοϊκοῦ
1910 5102 2046 5158 προ-

380 5169 569 5242 θνόμως
626 5165 985 5245 ἐφορέσαμεν.
1045 5167 1229 5222 καίτοι
1311 5172 1670 5223 κατασπῶσαν
1726 5170 1897 5242 ἡμᾶς,
1954 5171 2043 5227 καὶ

378 5265 480 5331 τῆς
514 5255 795 5336 βασιλείας
822 5260 922 5313 τοῦ
977 5260 1112 5313 Θεοῦ
1171 5255 1416 5327 ἀναξίους
1445 5256 1875 5328 ἀποσαίνουσαν,
1908 5260 2044 5332 πρὸς

379 5343 438 5405 δὲ
465 5353 565 5416 τήν
597 5348 780 5404 εἰκόνα
808 5350 904 5403 τοῦ
953 5345 1278 5422 ἐπουρανίου
1339 5341 1419 5401 ἔτι
1480 5344 1762 5421 μέλλομεν
1795 5350 1885 5404 καί
1917 5348 2044 5404 ἀνα-

380 5431 752 5509 ϐαλλόμεθας
813 5432 1225 5507 Σπουδάσωμεν
1284 5432 1486 5506 ταύτην
1545 5433 1882 5503 ἐνδύσασθαι,
1921 5438 2048 5492 ταῦ-

377 5545 477 5596 την
536 5523 787 5597 ζηλῶσαι
844 5524 947 5593 τήν
1013 5522 1262 5598 οὐράνιον
1322 5522 1628 5581 πολιτείαν.
1687 5522 1909 5587 ’Λλλιυς
1940 5525 2043 5602 γὰρ

385 5612 484 5669 οὗκ
537 5612 614 5669 ἔνι
680 5618 867 5689 τυχεῖν
928 5618 1028 5682 τῆς
1097 5611 1348 5689 οὐρανίου
1410 5610 1714 5690 βασιλείας.
1779 5637 1808 5668 α
1866 5617 2043 5672 Τοῦτο

447 5782 498 5818 ⁵⁸
524 5783 547 5840 1
576 5784 742 5846 Joan.
781 5800 866 5854 ιιι,
898 5787 952 5844 2.
986 5781 1035 5820 '9
1060 5784 1087 5844 Ι
1111 5782 1245 5845 Cor.
1278 5798 1358 5856 xx,
1395 5784 1447 5842 1.
1477 5780 1526 5821 ⁸⁸
1556 5783 1700 5846 Gen.
1733 5799 1816 5855 ιιι,
1853 5786 1943 5844 19.

2160 3468 2465 3540 primusin
2481 3485 2663 3525 carne
2678 3470 3177 3527 surrexitdevicta
3215 3477 3427 3537 morte,
3447 3480 3505 3527 et
3534 3473 3810 3529 universo

2159 3558 2471 3614 hominum
2493 3560 2696 3632 generi
2713 3560 3213 3617 resurrectionem
3227 3566 3288 3617 et
3304 3564 3812 3634 incorruptionem

2159 3647 2464 3705 stabilivit.
2494 3649 2553 3703 Si
2581 3665 2716 3705 vero
2774 3648 3114 3727 φορέσωμεν,
3174 3651 3287 3707 hoc
3344 3656 3435 3707 est
3490 3659 3811 3724 gestemus,

2157 3753 2265 3808 per
2291 3756 2337 3790 ω
2367 3753 2649 3810 magnum
2682 3739 3064 3796 scribendum
3096 3740 3191 3801 sit,
3228 3741 3561 3797 adhortatio
3611 3748 3700 3798 est
3757 3748 3815 3797 et

2156 3826 2472 3881 consilium
2496 3826 2572 3882 ad
2592 3828 2869 3884 virtutem
2891 3828 2966 3883 ad
2987 3829 3252 3885 divinam
3276 3831 3810 3887 conversationem.

2155 3914 2694 3988 Gestemus,inquit
2724 3916 3509 3991 siveinduamusimaginem
3529 3920 3809 3987 cmlestis,

2154 4009 2222 4059 ut
2236 4004 2493 4060 cmlestis
2518 4006 2684 4078 regni
2702 4005 3115 4062 haereditatem
3138 4007 3521 4079 accipiamus.
3556 4010 3628 4063 Et
3652 4025 3811 4065 nunc

2155 4109 2284 4149 esse
2316 4094 2553 4165 poterit,
2587 4094 2780 4166 imago
2814 4096 3057 4165 quidem
3088 4097 3313 4153 terreni
3339 4114 3471 4169 quas
3530 4099 3809 4165 sumitur,

2154 4199 2349 4255 pravas
2384 4185 2650 4241 actiones
2681 4185 3086 4257 deprimentes
3112 4186 3185 4241 ad
3216 4192 3482 4245 terrenas
3514 4194 3574 4243 et
3600 4205 3811 4244 carna-

2153 4271 2241 4328 les
2272 4274 2633 4331 affectiones.
2677 4275 2809 4331 Haec
2839 4276 2989 4332 577
3029 4276 3191 4331 enim
3227 4276 3487 4351 ﬁgurant
3538 4295 3605 4334 ac
3662 4277 3815 4334 desi-

2152 4370 2734 4437 gnantpeccatorem
2767 4366 2869 4438 qui
2930 4371 3202 4422 terrenus
3251 4373 3369 4423 est:
3418 4367 3611 4441 imago
3671 4385 3807 4424 vero

2154 4454 2431 4522 orelestis,
2459 4455 2758 4512 excelsum
2791 4473 2858 4512 ac
2889 4456 3144 4514 sublime
3177 4457 3335 4531 quod
3387 4458 3449 4514 in
3501 4475 3815 4516 conversa-

2154 4542 2317 4600 tione
2349 4550 2459 4614 est,
2493 4550 2552 4602 et
2575 4546 2890 4619 acquisitio
2921 4546 3257 4605 cmlestium
3288 4547 3591 4605 virtutum.

2227 4812 2527 4887 Dicitergo
2541 4812 2912 4871 simuletiam
2941 4813 3293 4874 adhortans:
3328 4816 3638 4873 Gestemus
3658 4815 3807 4876 ima-

2154 4902 2355 4977 ginem
2387 4902 2550 4959 illius
2579 4904 2858 4971 celestis,
2890 4905 3271 4977 acquiramus
3297 4906 3809 4965 conversationem

2157 5010 2289 5066 qum
2321 5010 2430 5049 nos
2461 4993 2535 5049 ad
2592 4994 2807 5052 cmlum
2866 4994 3149 5052 sublevet.
3214 4997 3422 5053 Utrum
3480 4996 3640 5052 enim
3689 5015 3809 5055 non

2157 5083 2507 5141 erubescitis
2530 5100 2725 5155 neque
2749 5085 3152 5142 occultamini.
3187 5086 3290 5158 qui
3320 5087 3540 5143 terreni
3567 5088 3809 5160 quidem

2156 5171 2320 5228 illius
2375 5170 2695 5246 imaginem
2753 5181 3028 5246 prompto
3082 5175 3284 5231 animo
3359 5178 3806 5249 gestaverimus.

2156 5276 2500 5335 quanquam
2528 5279 2637 5318 nos
2657 5260 2935 5319 deorsum
2963 5265 3241 5328 traheret.
3265 5271 3445 5338 atque
3481 5284 3660 5341 regno
3709 5267 3809 5323 Dei

2155 5350 2429 5425 indignos
2445 5351 2781 5427 exhiberet:
2808 5352 2883 5409 ad
2907 5353 3231 5428 imaginem
3253 5362 3454 5414 autem
3477 5359 3641 5415 illius
3690 5376 3809 5415 cm—

2154 5440 2324 5497 lestis
2340 5441 2533 5498 adhuc
2557 5449 2907 5498 cunctemur
2923 5460 2990 5499 ac
3013 5444 3361 5503 differamus
3386 5446 3414 5503 ?
3454 5447 3807 5505 Studeamus

2155 5546 2223 5587 ac
2244 5531 2596 5587 festinemus
2612 5531 2766 5588 hanc
2781 5532 3491 5601 induere,hancaemulari
3506 5537 3805 5592 caelestem

2155 5621 2698 5690 ccnversationem;
2733 5639 2927 5695 neque
2958 5624 3118 5679 enim
3140 5624 3260 5680 alio
3292 5625 3468 5682 modo
3514 5625 3806 5697 contingit
