4080 6456
231 408 346 472 891

1357 405 1788 470 (ECUMENII
1831 408 2136 474 Τιιιοσιε
2180 413 2562 478 EPISCOPI.

3526 410 3668 476 892.

233 541 499 600 nancisci
523 557 770 616 regnum
795 539 1055 598 caeleste.
1091 564 1119 591 α
1156 541 1277 599 Hoc
1306 546 1506 599 autem
1567 542 1719 608 dico,
1769 542 1878 600 fra.

2017 544 2052 601 ῖέ
2075 568 2243 627 φημι,
2306 546 2555 629 ἀδελφοί.
2595 572 2615 598 ι
2671 547 2770 602 Διά
2823 547 3012 614 τοῦτο,
3071 540 3227 623 φησὶ,
3265 546 3436 598 ταῦτα
3467 541 3643 610 εἶπον,

239 639 378 690 tres.
415 635 794 704 «Propterea,
815 632 1032 704 inquit,
1065 633 1190 688 haec
1207 631 1350 689 dixi.
1379 640 1441 688 ut
1465 633 1705 688 discatis
1727 633 1886 704 quod

239 741 373 781 caro
399 723 736 796 etsanguis,
779 722 890 778 hoc
931 727 1040 780 est.
1066 740 1258 794 prasz
1292 723 1573 784 actiones.
1608 739 1726 779 non
1753 741 1886 795 pos-

241 812 1394 885 suntregniDeiconsequihaereditatem
1433 813 1493 868 ld
1525 815 1701 869 etiam
1729 813 1887 884 quod

239 905 356 959 ait:
383 903 500 957 Hoc
523 909 720 958 autem
745 902 898 958 dico.
922 902 1154 962 fratres.
1189 903 1263 957 ad
1297 902 1516 957 variam
1565 904 1891 974 accipietur

239 991 790 1064 interpretationem
811 992 940 1063 ejus
966 991 1120 1064 quod
1151 993 1492 1064 praecessit:
1524 1015 1551 1043 ιι
1587 991 1889 1058 Quemad-

240 1081 481 1138 modum
505 1081 862 1154 gestavimus
881 1081 1196 1153 imaginem
1226 1082 1474 1150 terreni,
1502 1081 1891 1156 gestabimus,

240 1172 358 1228 sive
380 1177 704 1245 gestemus,
728 1170 1047 1243 imaginem
1098 1171 1376 1227 caelestis.
1406 1193 1433 1220 »
1466 1174 1577 1227 Aut
1608 1171 1767 1227 enim
1799 1187 1894 1226 ex-

245 1260 603 1318 hortationis
623 1259 740 1316 sive
763 1260 997 1316 consilii
1020 1276 1199 1315 causa
1225 1261 1359 1324 erit,
1410 1266 1474 1316 ut
1526 1261 1604 1316 sit
1633 1277 1843 1316 sensus
1876 1275 1890 1314 :

246 1352 569 1423 Propterea
589 1366 690 1405 vos
707 1347 1001 1405 admoneo
1023 1366 1092 1404 ac
1104 1349 1247 1405 suad
1259 1367 1326 1405 eo
1340 1350 1413 1405 ad
1429 1350 1555 1406 hinc
1599 1350 1890 1416 facienda,

245 1448 312 1496 ut
332 1440 496 1512 regni
524 1438 778 1496 cualestis
802 1439 1211 1496 haereditatem
1235 1440 1538 1508 accipiatis
1563 1456 1576 1494 :
1611 1440 1893 1512 quoniam

246 1530 514 1588 carnales
539 1534 598 1584 et
618 1529 718 1602 qui
737 1546 876 1585 suos
898 1531 1146 1586 affectus
1195 1537 1547 1601 sequuntur,
1594 1529 1758 1602 regni
1791 1527 1894 1584 Dei

243 1621 652 1680 hiereditatem
680 1637 801 1676 non
832 1621 1143 1692 accipient.
1179 1623 1376 1695 Neque
1409 1622 1568 1677 enim
1627 1619 1893 1676 natarale

247 1717 349 1768 aut
372 1716 844 1766 consentaneum
877 1715 966 1765 est
995 1717 1060 1767 ut
1089 1712 1191 1782 qui
1218 1711 1480 1782 seipsum
1513 1710 1777 1781 corrupit
1797 1713 1899 1764 aut

251 1799 677 1859 contaminavit
707 1799 1124 1864 immunditiis,
1148 1817 1356 1856 eorum
1376 1800 1623 1872 praemia
1639 1800 1895 1857 haeredi-

246 1895 368 1945 tate
385 1889 687 1963 possideat
709 1889 808 1962 qui
847 1889 1262 1945 affectionibus
1307 1895 1514 1945 carent
1559 1894 1662 1945 aut
1703 1889 1775 1945 ab
1808 1889 1893 1946 eis

249 1979 509 2050 corrupti
532 1995 651 2035 non
671 1985 828 2034 sunt.
855 1979 909 2034 Si
935 1995 1070 2034 vero
1094 1979 1207 2036 hoc
1227 1980 1632 2052 acceperimus
1679 1986 1746 2035 ut
1785 1995 1888 2036 ra-

248 2069 475 2125 tionem
497 2068 1006 2140 interpretationis
1028 2069 1180 2124 datae
1207 2085 1313 2140 per
1343 2069 1581 2126 modum
1620 2069 1896 2135 docendi,

249 2175 467 2229 nempe
494 2158 650 2230 quod
673 2160 917 2214 omnino
949 2159 1062 2213 erit
1112 2159 1491 2228 resurrectio,
1555 2159 1733 2214 etiam
1786 2159 1896 2214 hoc

248 2248 424 2305 modo
457 2263 730 2318 magnam
762 2247 1005 2302 habebit
1035 2247 1899 2320 consequentiam.Rationabi-

250 2339 370 2395 lius
393 2339 550 2392 enim
580 2343 670 2393 est
690 2343 774 2398 ut.
799 2339 918 2394 Hoc
947 2344 1147 2394 autem
1180 2339 1335 2403 dico,
1395 2339 1897 2395 resurrectionem

256 2433 518 2485 astruat:
551 2427 705 2483 Illud
737 2445 895 2494 vero,
930 2450 958 2477 «
992 2428 1407 2484 Hmreditatem
1442 2429 1727 2500 consequi
1778 2445 1900 2484 non

251 2522 502 2590 possunt
520 2533 534 2583 ;
552 2536 576 2568 in
605 2517 663 2572 in
688 2517 970 2572 lationem
992 2534 1328 2574 sermonem
1354 2524 1644 2574 sumatur.
1666 2517 1902 2589 quuod

252 2607 525 2670 moritur,
551 2606 1074 2677 hmreditariojure
1097 2607 1471 2679 possidetur:
1497 2607 1656 2680 quod
1705 2615 1903 2662 autem

256 2697 413 2764 vivit,
447 2696 750 2768 possidet:
784 2713 1001 2768 corpus
1033 2697 1234 2768 itaque
1267 2697 1427 2768 quod
1459 2696 1731 2763 moritur,
1784 2713 1904 2752 non

254 2783 518 2856 possidet
543 2783 1050 2855 incorruptionem
1082 2799 1150 2838 ac
1181 2799 1427 2856 regnum
1458 2783 1740 2838 ccelorum
1765 2800 1776 2837 :
1802 2782 1907 2838 sed

255 2874 450 2944 ipsum
482 2872 554 2927 ab
577 2871 669 2928 his
688 2871 1045 2943 possidetur,
1069 2877 1135 2927 ut
1181 2872 1283 2929 fiat
1329 2872 1782 2944 incorruptibile
1814 2888 1906 2926 re-

257 2962 474 3035 gnique
506 2961 924 3033 susceptivum.
959 2983 986 3010 ‹‹
1022 2963 1222 3032 Neque
1268 2961 1568 3034 corruptio
1627 2962 1906 3016 incorru-

255 3051 593 3123 ptibilitatis
623 3049 1030 3107 hasreditatem
1064 3051 1336 3124 accipiet.
1374 3073 1394 3099 ι
1457 3051 1906 3124 Corruptionem

257 3140 485 3198 diciunt
514 3140 742 3199 vitium.
777 3145 1061 3212 tanquam
1089 3157 1479 3212 corrumpens
1495 3139 1711 3195 animm
1729 3155 1906 3212 gene-

253 3229 583 3286 rositatem.
618 3232 998 3304 Nequaquam
1023 3247 1158 3304 ergo
1178 3231 1476 3302 corruptio
1497 3229 1906 3286 heereditatem

255 3319 796 3390 incorruptibilium
828 3319 1082 3390 accipiet
1110 3336 1179 3375 ac
1209 3318 1362 3376 518
1394 3319 1688 3376 honorum
1712 3317 1902 3394 regni,

257 3425 388 3480 qua
419 3425 657 3480 semper
688 3408 898 3464 eodem
931 3408 1106 3464 modo
1139 3414 1588 3466 conservantur.

328 3541 450 3607 XV,
485 3541 674 3596 51—53.
709 3544 844 3596 Ecce
874 3543 1189 3612 mysterium
1214 3543 1364 3598 vobis
1392 3541 1536 3596 dico.
1580 3544 1697 3597 Non
1728 3554 1910 3597 omnes

258 3630 480 3706 quidem
511 3630 863 3698 dormiamus,
898 3647 1084 3685 omnes
1139 3637 1320 3686 tamen
1376 3630 1794 3686 immutabimur
1850 3633 1908 3686 in

251 3727 465 3794 puncto
497 3724 774 3792 temporis.
809 3722 866 3776 in
899 3728 1164 3778 momento
1199 3720 1368 3784 oculi,
1397 3720 1458 3776 in
1479 3729 1724 3777 extrema
1754 3723 1908 3777 tuba.

266 3811 435 3867 Canet
463 3811 706 3872 enimet
736 3811 944 3867 mortui
999 3812 1414 3867 suscitabuntur
1469 3813 1799 3883 incorrupti,
1859 3816 1911 3868 et

261 3917 358 3958 nos
388 3901 822 3958 immutabimur.
857 3902 1082 3972 Oportet
1106 3904 1251 3957 enim
1280 3902 1642 3972 corruptibile
1671 3901 1770 3958 hoc
1829 3901 1913 3956 in-

262 3993 431 4050 duere
484 3994 1096 4066 incorruptibilitatem,
1146 3999 1199 4049 at
1251 3993 1484 4050 mortale
1535 3993 1636 4051 hoc
1683 3995 1915 4051 induere

262 4083 757 4141 immortalitatem.

334 4216 502 4284 Quod
532 4233 815 4276 arcanum
850 4223 940 4273 est
969 4217 1130 4274 dicit.
1165 4219 1439 4276 Ostendit
1488 4223 1687 4274 autem
1738 4232 1919 4287 quem

265 4323 404 4378 erga
434 4307 598 4379 ipsos
627 4311 793 4377 gerat
821 4322 1106 4372 amorem,
1141 4307 1459 4364 revelando
1493 4307 1577 4361 eis
1636 4322 1769 4378 quas
1828 4320 1922 4359 oc-

270 4397 430 4454 culta
461 4401 620 4452 sunt.
656 4419 683 4447 ιι
719 4398 842 4451 Non
876 4413 1085 4451 omnes
1107 4398 1347 4468 quidem
1372 4396 1757 4452 dormiemus.
1787 4414 1815 4443 ››
1839 4395 1921 4450 Ne

272 4486 346 4541 ob
370 4487 482 4542 hoc
535 4485 748 4556 inquit.
770 4485 841 4540 de
871 4487 1305 4543 resurrectione
1327 4484 1586 4550 difﬁdas,
1610 4483 1770 4555 quod
1793 4500 1921 4539 mo-

268 4574 546 4631 riendum
580 4575 680 4634 sit.
710 4591 1044 4648 corpusque
1103 4573 1549 4631 dissolvendum
1585 4590 1600 4628 :
1647 4571 1924 4630 nonnulli

1991 635 2076 690 ἳνα
2109 638 2318 709 μάθητε
2350 639 2435 693 ’ὁτι
2468 637 2594 709 σὰρξ
2628 635 2715 692 καὶ
2773 637 2934 710 αἷμα,
2996 633 3293 701 τουτέστιν,
3329 634 3379 687 αἱ
3408 629 3648 706 πονηραί

1993 725 2233 801 πράξεις’
2268 727 2330 783 οὗ
2360 725 2606 782 δ’δνανταῑ
2633 727 2732 794 τὴν
2770 723 3049 801 βασιλείαν
3082 726 3179 779 τοῦ
3211 727 3344 777 Θεοῦ
3373 719 3647 793 κληρονο-

1997 823 2188 891 μῆσαι.
2215 849 2276 859 -—
2306 819 2474 892 [ΦΩΤ
2502 819 2520 892 ]
2547 816 2647 873 Καὶ
2678 817 2764 883 τὸ,
2790 841 2814 867 «
2841 817 3017 871 Ἰὀῦτο
3049 810 3106 867 δὲ
3136 833 3306 892 φημι,
3339 810 3591 886 ἀδελφοὶ,
3618 835 3647 863 ››

1994 907 2128 980 πρὸς
2161 907 2259 975 τήν
2320 906 2578 984 διάφορον
2639 905 2929 980 ἑρμηνείαν
2990 907 3111 970 τοῦ,
3173 901 3420 962 «Καθὼς
3452 902 3648 982 ἐφορὲ-

1995 1017 2162 1069 σαμεν
2193 999 2293 1067 τήν
2325 995 2507 1052 εἰκόνα
2537 1001 2634 1052 τοῦ
2680 999 2898 1071 χοϊκοῦ,
2930 992 3231 1072 φορὲσομεν
3260 990 3294 1060 ἢ
3327 991 3650 1071 φορέσωμεν

1994 1085 2084 1141 καὶ
2157 1088 2256 1156 τήν
2335 1086 2517 1142 εἰκόνα
2591 1089 2688 1140 τοῦ
2741 1082 3083 1158 ἐπουρανίου,
3142 1079 3563 1161 ἐκληφθήσεται.
3621 1106 3650 1133 ››

1996 1180 2065 1230 Ἥ
2113 1177 2212 1249 γάρ
2260 1181 2362 1246 τῆς
2417 1181 2739 1253 προτροπῆς
2794 1171 2883 1228 καὶ
2940 1165 3264 1245 συμϐουλῆς
3298 1169 3438 1225 ἐστιν
3482 1170 3653 1242 αἰτία,

1996 1262 2080 1322 ὅτι
2159 1266 2257 1320 Διά
2327 1269 2488 1321 τοῦτο
2564 1267 2814 1340 παραινῶ
2893 1262 3019 1337 ὑμῖν
3095 1261 3185 1315 καὶ
3289 1255 3653 1334 συμϐουλεύω

1995 1358 2163 1410 ταῦτα
2194 1360 2396 1418 ποιεῖν,
2450 1353 2541 1409 ἳνα
2593 1355 2692 1423 τήν
2759 1356 2866 1407 τῶν
2919 1350 3161 1424 οὐρα-σῶν
3189 1347 3655 1424 κληρονομήσητε

2003 1441 2302 1520 βασιλεῖαν,
2355 1441 2495 1499 διότι
2554 1443 2606 1500 οἱ
2688 1440 2937 1514 σαρκικοὶ
2998 1439 3088 1494 καὶ
3147 1437 3434 1512 ἐμπαθεῖς,
3496 1440 3656 1513 βασι-

1998 1533 2148 1589 λείαν
2227 1537 2362 1588 Θεοῦ
2437 1533 2502 1588 οὑ
2561 1531 3101 1607 κληρονομήσουσιν.
3178 1527 3256 1588 05
3330 1528 3433 1603 γάρ
3511 1529 3653 1583 ἐστιν

1999 1623 2154 1701 φ·5σ.ν
2210 1623 2244 1693 ἢ
2305 1621 2632 1679 ἀκολουθίαν
2695 1620 2845 1697 ἔχον,
2901 1617 2994 1674 ἵνα
3055 1619 3083 1674 ὁ
3144 1618 3503 1692 καταφθείρας
3560 1619 3655 1673 καὶ

1998 1709 2427 1787 καταρῥυπώσας
2503 1711 2690 1767 ἑαυτὸν
2758 1714 2904 1782 ξηταῖς
2968 1707 3344 1782 ἀκαθαρσίαις,
3411 1706 3478 1762 τὰ
3542 1711 3651 1762 τῶν

1998 1801 2220 1865 ἀπαθῶν
2277 1801 2368 1856 καὶ
2438 1802 2514 1874 μὴ
2588 1799 3039 1880 καταφθαρὲντων
3097 1801 3215 1857 τοῖς
3272 1796 3464 1852 πάθεσι
3520 1796 3657 1871 γὲρα

2005 1888 2427 1965 κληρονομήσῃ.
2486 1889 2556 1947 Εἴ
2637 1886 2696 1945 δὶ
2765 1894 2865 1956 τῆς
2953 1882 3303 1963 δογματικῶς
3364 1881 3663 1960 εἰρημένης

2006 1981 2297 2054 δρμηνιῖας
2353 1978 2528 2037 αἷτῖαν
2584 1977 2714 2034 αὐτὸ
2801 1973 3180 2047 ἐκληψόμεθα,
3231 1973 3476 2030 τουτέστι
3533 1981 3661 2046 τῆς,

2002 2071 2087 2128 ὅτι
2147 2069 2294 2127 ἔσται
2351 2069 2562 2131 πάντως
2619 2070 2654 2138 ἡ
2717 2067 3024 2129 ἀνάστασις,
3083 2063 3174 2120 καὶ
3229 2063 3402 2126 οὕτως
3434 2061 3660 2134 πολλὴν

2001 2164 2098 2231 τὴν
2163 2159 2492 2216 ἀκολουθίαν
2549 2156 2671 2231 ἕξει.
2739 2156 3316 2234 Συλλογιστικώτερον
3385 2157 3488 2232 γὰρ
3574 2156 3660 2224 τὸ,

2005 2276 2034 2304 (ι
2057 2255 2237 2310 Τοῦτο
2270 2248 2326 2305 δὲ
2356 2273 2522 2327 φημι,
2551 2275 2577 2300 »ι
2599 2251 2696 2320 τήν
2723 2249 3001 2302 ἀνάστασιν
3035 2247 3119 2316 ε’ἶη
3154 2247 3214 2300 ἂν
3243 2244 3662 2316 κατασκευάζον,

2004 2341 2080 2399 Τὸ
2113 2341 2156 2396 δ’
2191 2342 2363 2404 ὃπως,
2395 2339 2448 2395 ἐν
2497 2346 2614 2401 τοῖς
2673 2337 3130 2411 πλατικωτὲροις.
3167 2360 3196 2387 ‹ι
3229 2335 3665 2408 Κληρονομῆσαι

2006 2432 2070 2487 οὐ
2103 2428 2375 2488 δύνανται.
2411 2455 2438 2482 ››
2496 2430 2572 2487 Τὸ
2634 2429 2976 2496 ἀποθνῆσκον
3029 2425 3480 2500 κληρονομεῖται,
3512 2425 3574 2480 τὸ
3606 2421 3668 2480 δὲ

2007 2525 2112 2591 ζῶν
2146 2519 2506 2594 κληρονομεῖ.
2558 2519 2650 2574 Διὸ
2711 2517 2772 2573 οὐ
2827 2518 2889 2572 τὸ
2950 2517 3292 2585 ἀποθνῆσκον
3329 2519 3489 2588 σῶμα
3517 2512 3664 2584 κλη-

2008 2615 2232 2687 ρονομεῖ
2261 2612 2360 2680 την
2392 2608 2692 2688 ἀφθαρσίαν
2745 2608 2835 2662 καὶ
2878 2608 2977 2676 τήν
3042 2604 3322 2680 βασιλείαν
3351 2609 3458 2660 τῶν
3495 2603 3665 2680 οὐρα-

2007 2704 2138 2769 νῶν,
2198 2697 2324 2754 ἀλλ’
2387 2698 2519 2754 αὐτὸ
2581 2698 2685 2753 ὑπὸ
2738 2695 2945 2752 τούτων
3003 2694 3456 2768 κληρονομιῖται,
3499 2693 3575 2756 εἷς
3604 2694 3668 2750 τὸ

2006 2791 2249 2866 γενέσθαι
2280 2787 2553 2866 ἄφθαρτον
2583 2788 2675 2842 καὶ
2707 2785 2951 2842 δεκτικὸν
2981 2792 3081 2855 τῆς
3131 2782 3433 2860 βασιλείας.
3469 2809 3498 2834 ‹‹
3530 2781 3672 2841 Οὐδὲ

2010 2883 2045 2950 ἡ
2079 2879 2253 2960 φθορά
2290 2879 2389 2947 τὴν
2450 2878 2747 2956 ἀφθαρσίαν
2800 2875 3162 2949 κληρονομεῖ.
3193 2899 3222 2928 »
3257 2875 3472 2950 Φθοράν
3513 2895 3668 2952 φησι,

2012 2971 2113 3038 τὴν
2187 2970 2399 3035 κακίαν,
2477 2969 2552 3031 ὡς
2628 2966 3088 3044 καταφθείρουσαν
3177 2966 3238 3020 τὸ
3310 2970 3409 3034 τῆς
3479 2966 3668 3037 ψυχῆς

2013 3059 2245 3134 εὐγενὲς.
2303 3056 2417 3117 Οὔκ
2482 3057 2543 3113 ἂν
2611 3059 2702 3113 οὖν
2781 3059 2814 3126 ἡ
2893 3056 3066 3134 φθορά
3139 3053 3548 3130 κληρονομήσει
3601 3051 3668 3106 τὰ

2015 3147 2282 3228 ἄφθαρτα,
2341 3149 2433 3204 καὶ
2489 3147 2572 3202 ἀεὶ
2649 3145 2910 3210 ὡσαύτως
2987 3143 3184 3226 ἔχοντα
3237 3151 3338 3214 τῆς
3396 3139 3675 3219 βασιλείας

1942 3277 1984 3344 C
2016 3239 2206 3314 ἀγαθά.

2090 3542 2230 3602 Ἰδοὺ
2311 3541 2611 3616 μυστήριον
2686 3538 2814 3612 ὑμῖν
2890 3536 3058 3614 λέγω.
3137 3534 3341 3613 Πάντες
3438 3533 3532 3608 μὶν
3613 3529 3678 3589 οὔ

2017 3631 2496 3706 κοιμηθησόμεθα,
2626 3631 2818 3690 πάντες
2934 3624 2991 3683 δὲ
3091 3623 3519 3702 ἀλλαγησόμεθα
3623 3621 3679 3677 ὲν

2017 3723 2235 3796 ἀτόμῳ,
2315 3723 2366 3776 ἐν
2447 3721 2582 3796 ῥιπῇ
2662 3715 2976 3798 ὀφθαλμοῦ,
3033 3713 3086 3770 ἐν
3153 3718 3220 3787 τῇ
3281 3715 3485 3788 ἐσχάτῃ
3529 3709 3673 3768 σέλ-

2020 3835 2204 3891 πιγγι.
2264 3809 2532 3868 ΣαΛπίσει
2591 3808 2718 3886 γὰρ,
2772 3807 2863 3862 καὶ
2923 3805 2975 3861 οὶ
3033 3804 3212 3878 νεκροὶ
3288 3803 3679 3879 ἐγερθήσονται

2020 3889 2314 3976 ἄφθαρτοι,
2400 3897 2488 3953 καὶ
2576 3899 2739 3971 ἡμεῖς
2796 3893 3248 3970 ἀλλαγησόμεθα.
3312 3897 3400 3951 Δεῖ
3453 3893 3555 3968 γὰρ
3613 3889 3679 3945 τὸ

2023 3991 2258 4070 φθαρτὸν
2358 3988 2519 4044 τοῦτο
2624 3983 2944 4050 ἐνδύσασθαι
3018 3984 3341 4066 ἀφθαρσίαν,
3444 3982 3534 4038 καὶ
3620 3980 3684 4036 τὸ

2024 4082 2220 4153 θνητὸν
2247 4079 2408 4137 cauca
2436 4076 2752 4142 ἐνδύσασθαι
2781 4075 3089 4133 ἀθανασίαν.

2097 4222 2437 4300 Ἀπόῤῥητόν
2501 4242 2654 4292 φησι.
2719 4222 2962 4278 Δείκνυσι
3020 4217 3082 4274 δὶ
3135 4219 3236 4288 τὴν
3291 4218 3426 4294 πρὸς
3481 4215 3683 4280 αὐτοὺς

2026 4315 2266 4390 ἀγάπην,
2329 4312 2390 4369 iw.
2440 4316 2534 4367 τοῦ
2597 4310 2879 4387 απόῤῥητα
2934 4307 3120 4368 αὐτοῖς
3179 4306 3439 4382 ἐκλέγειν.
3476 4333 3501 4358 ‹‹
3540 4305 3682 4361 Πάν·

2025 4424 2115 4465 τες
2152 4404 2246 4478 μὶν
2299 4401 2360 4457 οὗ
2417 4401 2896 4473 κοιμηθησόμεθα.
2934 4422 2962 4450 »
3019 4399 3109 4468 Μὴ
3140 4395 3231 4453 διὰ
3281 4400 3465 4463 τοῦτο,
3498 4397 3682 4474 φησὶν,

2027 4493 2242 4548 ἀπίστει
2300 4495 2368 4563 τῇ
2422 4491 2724 4556 ἀναστάσει,
2785 4486 2874 4543 διά
2923 4489 2986 4542 τὸ
3048 4484 3273 4560 μέλλειν
3319 4485 3680 4554 ἀποθνήσκειν

2029 4583 2120 4640 καὶ
2181 4581 2517 4638 διαλύεσθαι.
2569 4579 2687 4636 Εἰσὶ
2745 4580 2846 4652 γὰρ
2898 4596 3037 4638 τινες
3103 4575 3227 4631 τότε
3278 4573 3676 4646 εὑρισκόμενοι,

271 4665 430 4720 enim
465 4670 605 4720 tunc
637 4665 1012 4738 reperientur
1035 4665 1136 4736 qui
1169 4681 1242 4719 ne
1276 4664 1610 4721 moriantur
1654 4663 1907 4738 quidem.

2029 4667 2086 4725 οἳ
2118 4669 2180 4724 οὐ
2217 4670 2292 4741 μή
2326 4667 2688 4730 ἀποθάνωσιν,
2742 4661 2869 4719 ἀλλ’
2917 4665 3070 4734 ὅμως
3121 4661 3224 4716 οὐκ
3250 4658 3465 4729 ἀρκέσει
3496 4657 3676 4717 αὐτοῖς

268 4760 532 4811 attamen
556 4755 668 4810 hoc
688 4772 810 4810 non
839 4755 983 4810 satis
1008 4755 1122 4810 erit
1142 4754 1260 4808 illis
1275 4754 1349 4810 ad
1366 4755 1918 4818 ressurrectionem,

268 4843 383 4900 nisi
417 4844 808 4901 immutentur
830 4851 890 4899 et
931 4844 1006 4900 ad
1052 4844 1561 4900 immortalitatem
1588 4849 1919 4901 transeant.

269 4934 340 4988 Et
357 4933 858 5005 quemadmodum
879 4933 1030 4989 nihil
1054 4933 1174 4988 illis
1196 4935 1428 4990 confert
1448 4934 1522 4991 ad
1544 4933 1925 4991 resurrectio-

273 5038 413 5078 nem
440 5039 562 5076 non
594 5023 767 5089 mori,
794 5025 876 5078 ita
906 5040 1101 5095 neque
1133 5024 1304 5080 nobis
1337 5025 1576 5082 nocebit
1611 5025 1784 5081 mori.
1810 5022 1926 5078 Alii

273 5127 411 5166 vero
431 5111 786 5167 aiuntillum
804 5112 1053 5169 dixisse:
1081 5116 1204 5170 Non
1237 5113 1707 5179 dormiemus,de
1753 5113 1929 5185 longa

274 5206 486 5257 morte.
509 5201 677 5272 quasi
693 5203 1073 5275 corruptione
1090 5220 1158 5260 ac
1171 5203 1563 5262 dissolutione
1577 5219 1725 5275 Opus
1748 5209 1923 5258 esset.

276 5289 579 5360 Siquidem
595 5291 656 5346 in
670 5290 1014 5348 indivisibili
1032 5292 1149 5349 sive
1164 5300 1385 5366 puncto
1417 5291 1726 5364 temporis,
1778 5298 1836 5347 et
1864 5292 1928 5348 in

278 5384 581 5436 momento
614 5381 770 5435 oculi
804 5382 921 5437 sive
953 5382 1117 5437 nictu
1148 5388 1208 5439 et
1234 5388 1391 5436 motu
1451 5380 1765 5453 subitoque
1814 5382 1929 5436 im-

275 5472 416 5541 petu
450 5473 505 5522 et
534 5469 684 5524 mori
718 5476 776 5525 et
805 5487 1133 5544 resurgere,
1158 5487 1232 5526 ne
1252 5469 1672 5525 dormitionem
1688 5470 1928 5542 quidem

282 5573 410 5614 esse
440 5556 664 5616 dicunt.
702 5583 728 5610 ιι
762 5565 824 5615 In
859 5566 1080 5632 puncto
1141 5559 1446 5630 temporis,
1507 5558 1568 5614 in
1627 5566 1930 5616 momento

283 5645 462 5701 oculi.
489 5669 517 5695 ››
551 5651 638 5703 An
672 5664 746 5702 ne
777 5648 958 5704 etiam
993 5647 1101 5701 hoc
1134 5645 1307 5701 modo
1336 5645 1668 5719 intelligere
1695 5648 1934 5705 licebit?

284 5733 388 5791 sed
407 5751 594 5805 pauca
616 5743 752 5793 ante
783 5735 1154 5792 intellectum
1177 5735 1475 5791 narranda
1492 5743 1648 5793 sunt.
1677 5739 1934 5813 Evange-

2033 4739 2320 4816 τοῦτο-ἐς
2379 4754 2479 4820 τήν
2535 4751 2843 4814 ἀνάστασιν,
2905 4748 2992 4804 ἐὰν
3056 4747 3134 4822 μὴ
3167 4743 3454 4820 ἀλλαγῶσι
3483 4743 3571 4798 καὶ
3601 4739 3679 4802 εἰς

2032 4843 2320 4909 ἀθανασίαν
2377 4839 2600 4898 ἔλθωσι.
2662 4839 2758 4896 Καὶ
2818 4835 2999 4913 ὥσπερ
3058 4835 3278 4897 ἐκείνοὶς
3318 4835 3384 4891 οὗ
3436 4826 3685 4906 συμϐάλ-

2035 4933 2189 4990 λεται
2221 4933 2356 5007 πρὸς
2415 4933 2514 4999 τήν
2572 4929 2853 4985 ἀναστασιν
2912 4927 2974 4982 τὸ
3033 4927 3111 5001 μὴ
3171 4927 3480 4989 ἀποθανεῖν,
3514 4921 3690 4982 οὕτως

2037 5021 2167 5078 οόδὶ
2192 5025 2341 5094 ἡμᾶς
2390 5019 2592 5096 βλάψει
2645 5016 2707 5073 τι)
2768 5018 3073 5072 ἀποθανεῖν.
3108 5012 3312 5072 Ἀλλοι
3345 5009 3402 5067 δὲ
3431 5012 3516 5077 τὸ,
3554 5032 3575 5060 ι
3611 5008 3690 5065 Οὐ

2035 5109 2520 5184 κοιμηθησόμεθα,
2573 5133 2600 5158 »
2652 5105 2805 5184 φασὶ,
2859 5105 2981 5178 περὶ
3034 5107 3131 5159 τοῦ
3192 5104 3404 5176 μακροῦ
3463 5099 3692 5163 θανάτου

2038 5200 2197 5256 αὐτὸν
2230 5200 2504 5275 εἰρηκέναι
2546 5197 2685 5254 ὥστε
2750 5199 2953 5273 φθορᾶς
3009 5192 3100 5247 καὶ
3158 5188 3457 5251 διαλοσεως
3490 5186 3694 5259 δεηθῆ-

2037 5311 2142 5348 ναι.
2193 5289 2265 5346 Τὸ
2323 5288 2446 5364 γὰρ,
2486 5285 2537 5342 ἐν
2596 5286 2810 5360 ἀτόμῳ,
2867 5281 3036 5359 ἤγουν
3094 5279 3147 5336 ἐν
3205 5283 3435 5356 στιγμῇ,
3470 5277 3524 5334 ἰν
3557 5277 3694 5354 ῥιπῇ

2040 5377 2352 5452 ὀφθαλμοῦ,
2384 5376 2556 5454 ἤγουν
2615 5379 2755 5454 φορᾷ
2813 5374 2901 5428 καὶ
2955 5371 3188 5440 κινήσει.
3241 5368 3330 5424 καὶ
3376 5369 3524 5443 ὁρμῇ
3559 5367 3700 5420 ἀπο-

2039 5471 2212 5524 θανεῖν
2270 5468 2361 5524 καὶ
2419 5469 2735 5536 ἀναστῆναι,
2794 5461 2924 5519 οὐδὲ
2993 5461 3254 5534 κοίμησιν
3314 5460 3450 5515 εἶναι
3511 5478 3696 5531 φασιν.

2042 5581 2072 5610 ‹‹
2100 5560 2186 5614 Ἐν
2217 5555 2432 5629 ἀτόμῳ,
2482 5555 2534 5610 ἐν
2589 5555 2724 5631 ῥιπῇ
2783 5550 3095 5630 ὂιρθαλμοῦ,
3131 5573 3158 5601 ››
3218 5550 3361 5622 ’Ἄρα
3395 5551 3471 5621 μὴ
3505 5545 3579 5603 ἔνι
3606 5547 3698 5601 καὶ

2041 5647 2218 5711 οὕτως
2255 5649 2444 5713 νοῆσαι
2471 5666 2484 5715 ;
2536 5645 2703 5720 μικρᾶ
2731 5641 2788 5698 δὲ
2819 5637 3240 5720 προαφηγητέον
3270 5642 3368 5694 τοῦ
3394 5641 3696 5710 νοήματος.

2039 5736 2103 5793 Ὀ
2135 5731 2525 5811 εὐαγγελιστής
2557 5732 2836 5800 Ἰωάννης,
2869 5729 3034 5808 φησὶν
3085 5723 3136 5780 ἂν
3197 5729 3265 5800 τῇ
3298 5722 3700 5796 Ἀποκαλόψει,
