4080 6410
340 405 467 502 893.

1333 409 1734 472 COMMENT.
1781 411 1866 474 ΙΝ
1915 408 2163 471 EPIS’I‘.
2209 407 2233 470 Ι
2279 408 2385 468 AD
2429 403 2796 470 CORINTH.

3654 413 3772 480 894

346 543 415 602 τὸ
444 542 603 606 τέλος
636 546 754 606 τοῖς
809 540 1144 619 ἀνθρώποις,
1201 543 1278 619 μὴ
1341 542 1428 622 ὑφ’
1481 541 1536 600 ’ἐν
1591 549 1755 600 πᾶσιν
1811 540 2006 623 ἐπάγε-

2125 543 2264 601 lista
2281 543 2536 600 Joannes
2558 542 2641 599 ait
2659 542 2720 598 in
2741 542 3091 616 Apocalypsi
3111 541 3159 581 ⁶¹
3211 544 3392 602 tinem
3423 543 3770 606 hominibus

350 635 495 697 σθαι,
529 632 675 688 ἀλλά
704 633 840 688 κετά
873 631 1038 708 μέρος
1069 631 1210 707 ἐλέῳ
1270 638 1430 704 Θεοῦ,
1475 634 1567 689 ἳνα
1619 638 1726 690 τῶν
1772 633 2008 707 πρώτων

347 720 776 794 ἀπολλυμένων,
832 723 884 779 οῖ
947 721 1464 798 ὑπολιμπανόμενοι
1521 728 1600 796 τῷ
1686 719 1844 802 φόϐῳ
1899 724 2008 780 τῶν

342 811 853 886 προαναλωθὲντων
885 812 960 876 εἰς
1005 815 1292 886 μετάνοιαν
1339 807 1561 878 ἔλθωσι.
1623 815 1782 890 Λὲγει
1836 810 1893 869 δὲ
1946 813 2009 869 τὸ

349 901 540 977 δόγμα
565 907 730 958 τοῦτο
761 901 814 959 iv
837 907 906 976 τῇ
940 900 1095 959 λύσει
1123 910 1225 973 τῆς
1275 899 1522 976 ἐϐδόμης
1571 900 1866 981 σφραγῖδος
1911 903 2010 959 τοῦ

355 986 601 1068 βιϐλίου.
635 996 729 1048 Ὧν
764 993 943 1055 οὕτως
985 993 1244 1067 ἐχόντων,
1270 995 1484 1064 νοήσεις
1514 992 1578 1048 τὸ
1605 1017 1632 1044 ‹‹
1661 994 1746 1050 Ἑν
1771 991 2008 1068 ἀτόμῳ»

342 1083 460 1150 καὶ,
497 1103 521 1130 α
554 1081 642 1138 Ἐν
678 1080 813 1157 ῥιπῇ
867 1080 1183 1162 ὀφθαλμοῦ,
1220 1105 1248 1133 »
1305 1082 1442 1137 κατὰ
1499 1084 1684 1136 κοινοῦ
1739 1080 2008 1158 εἰρῆσθαι,

344 1170 438 1229 καὶ
484 1171 622 1247 πρὸς
678 1170 746 1226 τά
799 1167 894 1226 δύο
953 1170 1232 1244 ἁρμόζειν,
1295 1169 1391 1226 ’ἱνα
1447 1170 1484 1246 ᾗ
1550 1170 1745 1233 οὕτως·
1806 1171 2008 1232 Πάντες

349 1261 451 1336 μὶν
556 1260 620 1317 οὗ
717 1260 1200 1334 κοιμηθησόμεθα,
1279 1260 1395 1316 οἷον
1470 1259 1882 1336 ἀποθανούμεθα
1957 1258 2009 1317 ἐν

345 1352 560 1424 ἀνόμῳ.
664 1349 714 1406 iv
1006 1349 1316 1428 ὀφθαλμοῦ,
1393 1349 1484 1408 διὰ
1557 1351 1620 1407 τὸ
1695 1353 1830 1408 κατὰ
1907 1350 2005 1426 μὲ-

347 1461 444 1516 ρος
478 1439 770 1514 ἐπάγεσθαι
811 1440 874 1496 τὸ
927 1439 1110 1508 τέλος,
1163 1443 1297 1498 κατά
1335 1440 1426 1498 τόν
1479 1442 1646 1518 λόγον
1696 1449 1797 1512 τῆς
1840 1444 2007 1497 Ἀπο-

345 1529 660 1606 καλύψεως»
728 1530 918 1594 πάντες
978 1531 1160 1602 μέντοι
1245 1531 1675 1607 ἀλλαγησόμεθα
1757 1530 1810 1588 ἐν
1887 1530 2008 1588 ἀτό-

352 1642 468 1694 μῳ,
520 1619 574 1675 ἐν
631 1619 767 1695 ῥιπῇ
827 1618 1139 1695 ὀφθαλμοῦ,
1199 1620 1252 1678 ἐν
1303 1625 1374 1696 τῇ
1437 1621 1643 1698 ἐσχάτῃ
1713 1623 2003 1698 σάλπιγγι.

354 1711 427 1767 Al.
488 1709 580 1782 μὲν
637 1711 738 1785 γὰρ
793 1714 1006 1783 πρῶται
1065 1709 1367 1787 σάλπιγγες
1423 1711 1560 1769 ἑπτὰ
1631 1709 1787 1767 οὖσαι
1867 1710 2008 1766 κατά

357 1798 460 1867 τήν
488 1796 882 1872 Ἀποκάλυψιν,
924 1799 1027 1856 οὐκ
1083 1797 1348 1876 ἐγείρουσι
1393 1800 1522 1864 τοὺς
1566 1799 1808 1875 νεκροὺς,
1858 1796 2007 1856 ἀλλά

362 1885 673 1945 συντελοῦσι
729 1888 859 1952 τοὺς
912 1888 1255 1965 ἀνθρώπους.
1307 1894 1368 1948 Ἦ
1425 1888 1482 1948 δὶ
1528 1888 1816 1948 τελευταία
1871 1889 2008 1945 σάλ-

364 1979 512 2052 πιγξ,
545 1983 692 2033 ποιεῖ
716 1979 819 2048 τήν
853 1997 911 2033 τε
966 1974 1171 2055 ἔγερσιν
1225 1979 1315 2035 καῖ
1371 1979 1470 2049 τὴν
1531 1977 1838 2053 ἐναλλαγήν
1894 1982 2004 2034 τῶν

353 2066 465 2140 ἤδη
495 2067 836 2125 ἀναστάντων
899 2069 952 2125 iv
1010 2069 1203 2144 ἀτόμῳ
1249 2069 1341 2127 καὶ
1401 2070 1453 2127 iv
1508 2069 1655 2148 ῥοπῇ
1716 2068 2006 2148 ὀφθαλμοῦ

350 2156 445 2213 σὺν
473 2161 542 2232 τῇ
582 2159 776 2217 κτίσει.
839 2158 934 2214 Καὶ
990 2160 1092 2234 γαρ
1150 2160 1240 2215 καὶ
1298 2162 1332 2231 ἡ
1391 2159 1562 2222 κτίσις
1627 2157 2004 2234 ἆλλαγήσεται

343 2254 444 2316 τῆς
478 2251 706 2326 φθαρᾶς,
738 2246 816 2309 εἷς
844 2250 943 2316 τήν
977 2245 1280 2324 ἐλευθερίαν
1313 2255 1412 2318 τῆς
1445 2247 1606 2322 δόξης
1631 2253 1741 2303 τῶν
1799 2247 2002 2303 τέκνων

340 2342 439 2393 τοῦ
497 2341 652 2407 Θεοῦ,
685 2338 863 2399 καθὼς
910 2337 960 2392 iv
991 2341 1061 2410 τῇ
1095 2339 1230 2411 πρὸς
1263 2337 1567 2411 Ῥωμαίους
1621 2339 1790 2394 εἶπεν.
1854 2361 1882 2390 ‹‹
1915 2338 2003 2393 Ἐν

340 2425 558 2500 ἀτόμῳ.
593 2451 619 2476 ι)
650 2426 751 2485 Καὶ
787 2427 848 2482 τὸ
881 2424 1181 2500 παράδοξόν
1221 2449 1408 2503 φησιν,
1462 2426 1545 2482 ὅτι
1590 2431 1824 2482 τοσαῦτα
1875 2426 2002 2480 θαόο

344 2537 487 2592 ματα
526 2514 580 2572 ἐν
608 2515 880 2592 ἀκαριαῖῳ
910 2511 1060 2573 ἔσται
1115 2518 1302 2594 χΙεόνῳ
1335 2518 1449 2591 ἅμα
1503 2524 1570 2588 τῆ
1614 2520 1714 2586 τῆς
1771 2515 2001 2594 σάλπιγ-

339 2628 433 2684 γος
462 2607 606 2682 illii-
643 2637 713 2649 -·”
743 2607 1070 2682 Ἐρώτησις.
1098 2606 1323 2678 Ἐπειδὴ
1357 2607 1492 2665 κοιτά
1539 2627 1659 2662 τινα
1710 2612 1814 2663 τῶν
1860 2607 2002 2664 ἅντι-

344 2699 571 2774 γράφων
605 2693 921 2770 περιέχεται
951 2701 1049 2751 τοῦ
1079 2696 1448 2762 Ἀποστόλου,
1477 2723 1504 2749 «
1540 2696 1740 2759 Ηπὶντες
1768 2698 1862 2771 μὲν
1890 2717 2003 2752 κοιο

350 2783 738 2858 μηθησόμεθα,
761 2783 828 2840 οὗ
848 2786 1046 2848 πάντες
1079 2783 1136 2842 δὶ
1163 2785 1616 2862 ἀλλαγησόμεθα.
1643 2811 1672 2839 ››
1706 2788 1854 2845 Κατά
1882 2807 2005 2842 τινα

349 2873 424 2943 δὲ,
460 2899 489 2927 (ι
520 2881 640 2933 “Ott
673 2874 869 2937 πάντες
905 2875 999 2948 μὲν
1042 2875 1104 2932 οὐ
1144 2877 1623 2951 κοιμηθησόμεθα,
1686 2877 1887 2938 πάντες
1946 2872 2006 2930 δὲ

351 2963 802 3041 ἀλλαγησόμεθα,
834 2988 862 3016 ››
894 2964 1200 3038 παρακαλῶ
1234 2971 1422 3039 μαθεῖν
1455 2967 1614 3022 ποίαν
1645 2963 1728 3022 δεῖ
1757 2969 1864 3020 τῶν
1925 2964 2008 3021 ἐκ·

353 3051 552 3110 δόσεων
582 3053 851 3133 ἐγκρῖναι,
883 3054 973 3109 καὶ
1003 3053 1056 3110 τί
1081 3055 1148 3110 τα
1194 3053 1257 3111 ἐκ
1297 3057 1508 3112 τούτων
1563 3053 1902 3128 δηλούμενα.
1935 3086 2006 3098 —-

357 3145 684 3218 Ἀπόκρισις.
728 3145 907 3216 Οἶμαι
959 3145 1045 3200 ὃτι
1091 3147 1209 3202 καθ’
1255 3147 1507 3222 ἑκατέρη
1552 3151 1660 3202 τῶν
1714 3143 2001 3202 ἒκδόσεων-

362 3229 546 3301 ἐπειδὴ
602 3233 798 3289 καὶτά
875 3233 1083 3310 ἀσχαῖα
1135 3239 1244 3292 τῶν
1315 3234 1684 3313 ἀντιγράφων,
1755 3235 1850 3298 τάς
1907 3231 2003 3290 δύο

361 3321 718 3402 περιέχουσινο
754 3317 990 3387 εὐσεϐῶς
1035 3321 1092 3380 δέ
1146 3345 1230 3388 τις
1289 3319 1672 3398 ἐκλαμϐάνων,
1723 3327 1820 3379 τοῦ
1867 3325 2007 3380 ἀπο-

356 3408 609 3467 στολικοῦ
639 3410 740 3468 οὐκ
778 3413 1129 3469 ἆποπεσεῖται
1186 3418 1416 3470 σκοποῦ·
1467 3414 1604 3468 κατά
1651 3413 1746 3486 μὶν
1798 3414 1890 3468 οὖν
1918 3410 2004 3483 τό,

353 3525 380 3555 κ
413 3503 611 3565 Πάντες
667 3502 1152 3577 κοιμηθησόμεθα,
1211 3505 1274 3560 οὐ
1331 3506 1525 3567 πάντες
1583 3500 1640 3560 δὲ
1699 3501 2005 3579 ἀλλαγησό-

351 3602 506 3664 μεθα,
542 3616 570 3643 ››
603 3592 750 3648 οὕτω
805 3593 918 3668 χρὴ
980 3598 1146 3662 νοεῖν,
1204 3591 1288 3650 ὅτι
1329 3598 1520 3658 πάντες
1586 3595 1705 3666 μὲν,
1759 3594 1858 3662 τήν
1919 3589 2010 3648 διὰ

350 3685 584 3746 θανάτου
643 3682 906 3756 κοίμησιν
968 3683 1372 3759 ὑπομενοῦμεν,
1425 3683 1490 3739 οὐ
1549 3685 1740 3746 πάντες
1798 3681 1855 3738 δὲ
1906 3684 2006 3752 τὴν

349 3767 626 3842 δόξανκαὶ
669 3771 769 3840 τήν
831 3769 1142 3847 παῤῥησίαν
1203 3769 1672 3845 ἀπαλλαξόμεθα,
1734 3767 1867 3848 ὅπερ
1917 3772 2010 3828 αὖ·

347 3859 438 3922 τὸς
469 3859 816 3921 Ἀπόστολος
849 3857 899 3914 iv
940 3857 1102 3934 ἄλλῳ
1156 3860 1339 3931 τίθησι
1388 3861 1606 3940 φάσκων
1659 3861 2006 3939 σαφέστερον,

347 3972 377 4001 ιι
411 3948 582 4025 Εἴπερ
622 3949 712 4005 καὶ
742 3947 1118 4025 ἐνδυσάμενοι,
1151 3953 1216 4010 οὐ
1271 3952 1468 4030 γυμνοὶ
1518 3953 1944 4029 εὑρεθησόμεθα.
1980 3976 2008 4005 »

346 4042 498 4100 Κατά
531 4038 588 4098 δὲ
615 4041 705 4113 τὸ,
745 4063 768 4092 ι
799 4043 877 4100 Οὐ
908 4043 1108 4107 πάντες
1167 4044 1234 4118 μὶ
1278 4045 1766 4119 κοιμηθησόμεθα,
1814 4043 2011 4106 πάντες

344 4125 402 4187 δὲ
432 4128 894 4205 ἀλλαγησομεθα,
927 4157 956 4186 »
991 4131 1135 4189 οὕτω
1169 4135 1283 4215 χρὴ
1317 4129 1657 4210 ἐκδέχεσθαι.
1689 4135 1774 4190 ὃτι
1804 4133 1900 4208 μὶν
1948 4131 2010 4188 οὗ

342 4221 808 4295 κοιμηθησόμεθα
840 4222 941 4292 τήν
970 4224 1241 4302 χρονικήν
1280 4222 1568 4299 κοῖμησιν,
1620 4223 1762 4280 ὥστε
1809 4221 2015 4295 δεηθῆ-

340 4332 426 4367 ναι
455 4317 636 4392 ταφῆς
667 4312 758 4370 καὶ
791 4310 998 4376 λύσεως
1038 4319 1139 4384 τῆς
1173 4311 1250 4377 εἷς
1282 4315 1507 4389 φθαράν,
1540 4313 1687 4371 ἀλλά
1745 4314 2012 4389 σύντομον

339 4402 434 4458 τὸν
494 4401 724 4465 θάνατον
786 4403 839 4457 οἱ
890 4403 1014 4458 τότε
1070 4403 1454 4478 εὑρισκόμενοι
1522 4404 1879 4478 ὑπομετοῦσι,
1934 4406 2010 4476 μὴ

343 4486 598 4563 δεόμενοι
667 4499 942 4571 χρονικῆς
1001 4495 1343 4565 κοιμήσεως,
1407 4489 1496 4549 διὰ
1549 4495 1649 4562 τήν
1708 4492 2015 4567 παραυτῖκα

340 4579 633 4654 γινομένην
679 4580 986 4650 ἀνάστασιν,
1035 4580 1232 4645 πάντες
1279 4579 1338 4639 δὲ
1379 4581 1811 4656 ἀλλαγήσονται,
1859 4603 2018 4638 τουτ-

2119 649 2238 690 non
2268 632 2444 689 simul
2476 631 2755 687 omnibus
2787 631 3009 692 induci.
3041 633 3145 688 sed
3203 634 3302 690 Dei
3361 636 3773 694 misericordia

2121 725 2408 797 paulatim
2442 741 2509 780 ac
2541 723 2918 796 pedentium:
2953 731 3018 780 ut
3039 727 3334 796 prioribus
3357 730 3768 800 pereuntibus,

2122 813 2221 886 qui
2255 813 2699 884 relinquuntur,
2733 813 2944 868 timore
2976 815 3137 885 prius
3177 825 3661 889 consumptorum
3695 819 3769 875 ad

2117 902 2597 974 resipiscentiam
2629 901 2892 958 veniant.
2929 902 3214 972 Loquitur
3242 911 3438 961 autem
3457 907 3531 962 ob
3554 908 3768 981 dogma

2120 993 2192 1049 de
2223 993 2519 1049 solutione
2551 993 2786 1064 septimi
2821 993 2999 1066 sigilli
3032 993 3187 1050 libri.
3220 996 3359 1060 Qua:
3391 1014 3520 1052 cum
3572 1001 3653 1055 ita
3707 1016 3770 1058 se

2118 1083 2398 1142 habeant.
2421 1081 2720 1156 intelliges
2743 1083 2900 1154 quod
2915 1083 3134 1139 dicitur
3157 1101 3170 1139 :
3197 1105 3226 1136 ››
3247 1086 3314 1140 In
3362 1093 3581 1157 puncto
3616 1095 3769 1146 tem-

2118 1173 2281 1246 poris
2313 1177 2372 1228 et
2401 1171 2463 1227 in
2495 1178 2799 1228 momento
2831 1172 3011 1228 oculi.
3048 1193 3077 1222 ››
3110 1174 3413 1231 communi
3445 1177 3621 1232 modo
3678 1177 3769 1235 dio

2117 1270 2279 1321 ctum
2311 1280 2466 1331 esse,
2499 1270 2558 1321 et
2587 1263 2661 1319 ad
2694 1264 2808 1320 duo
2841 1264 3030 1336 aptari
3067 1264 3188 1320 sive
3219 1266 3451 1328 referri.
3486 1275 3554 1324 ut
3583 1267 3773 1328 sithic

2119 1371 2370 1410 sensus:
2405 1355 2529 1409 Non
2561 1369 2770 1409 omnes
2801 1353 3038 1424 quidem
3075 1354 3444 1413 dormiemus
3478 1358 3599 1415 sive
3648 1375 3772 1416 mo-

2116 1446 2344 1501 riemur
2371 1444 2431 1499 in
2456 1451 2676 1515 puncto
2703 1445 3012 1514 temporis,
3035 1444 3093 1499 in
3117 1445 3284 1502 nictu
3301 1447 3479 1513 oculi,
3505 1465 3574 1505 eo
3613 1449 3774 1520 quod

2117 1534 2338 1592 sensim
2373 1532 2689 1592 inducatur
2718 1550 2854 1588 mox
2877 1535 3050 1605 juxta
3077 1534 3321 1590 verbum
3353 1537 3769 1610 Apocalypsis:

2117 1627 2334 1684 Omnes
2367 1631 2567 1682 tamen
2594 1623 3050 1680 immutabimur
3079 1625 3140 1681 in
3186 1633 3406 1698 puncto
3459 1629 3766 1701 temporis,

2115 1718 2179 1777 in
2210 1720 2510 1772 momento
2537 1714 2716 1782 oculi,
2750 1714 2812 1769 in
2845 1720 3100 1772 extrema
3129 1716 3290 1773 tuba.
3337 1718 3492 1774 σεο
3551 1719 3764 1775 Primae

2118 1805 2416 1880 siquidem
2447 1804 2625 1873 tubas,
2657 1821 2792 1860 cum
2821 1809 3049 1877 septem
3082 1810 3284 1862 essent
3324 1806 3496 1878 juxta
3541 1809 3766 1878 Apoca-

2115 1897 2358 1972 lypsim,
2393 1911 2514 1952 non
2546 1894 2838 1952 suscitant
2870 1901 3123 1960 mortus.
3157 1895 3262 1951 sed
3318 1896 3644 1954 conficiunt
3699 1913 3768 1953 ac

2119 1985 2474 2042 interimunt
2502 1984 2810 2040 homines:
2835 1989 3102 2040 extrema
3121 2001 3255 2040 vero
3289 1985 3430 2041 tuba
3458 1986 3770 2043 suscitabit

2117 2093 2186 2133 ac
2201 2073 2540 2131 immutabit
2563 2089 2664 2128 eos
2687 2073 2929 2145 quijam
2978 2074 3415 2130 resurrexerint
3455 2076 3516 2131 in
3546 2082 3768 2147 puncto

2118 2163 2402 2236 temporis
2425 2163 2565 2217 etin
2610 2168 2915 2217 momento
2961 2163 3117 2218 oculi
3147 2179 3268 2218 una
3297 2181 3430 2219 cum
3472 2173 3764 2221 creatura.

2117 2255 2262 2310 Nam
2293 2258 2352 2307 et
2381 2261 2653 2307 creatura
2711 2250 3124 2306 immutabitur
3179 2269 3214 2307 a
3267 2253 3647 2324 corruptione
3706 2254 3768 2309 in

2116 2341 2451 2398 libertatem
2475 2340 2676 2411 gloria:
2701 2339 2960 2394 filiorum
2989 2340 3111 2400 Dei.
3139 2341 3294 2397 sicut
3315 2343 3377 2396 in
3403 2342 3668 2414 Epistola
3695 2343 3768 2398 ad

2115 2433 2415 2488 Romanos
2448 2429 2682 2484 dixit".
2723 2451 2751 2479 «
2781 2431 2847 2484 In
2890 2437 3106 2500 puncto
3169 2433 3473 2501 temporis.
3534 2453 3562 2481 »
3624 2435 3768 2488 Rem

2115 2522 2294 2578 etiam
2319 2519 2730 2576 admirandam
2765 2519 2906 2574 dixit
2942 2519 3100 2590 quod
3131 2525 3295 2576 tanta
3335 2521 3622 2578 miracula
3653 2522 3770 2577 im-

2115 2610 2489 2686 perceptibili
2515 2616 2693 2664 erunt
2715 2608 2980 2680 tempore
3011 2610 3190 2666 simul
3223 2627 3356 2667 cum
3393 2628 3539 2666 sono
3558 2612 3716 2668 tubae
3753 2629 3764 2667 :

2112 2733 2183 2745 --
2218 2701 2582 2770 Interrogatio
2636 2699 2926 2764 Quoniam
2946 2700 3122 2772 juxta
3153 2701 3424 2772 quaedam
3468 2702 3767 2773 exempla-

2113 2791 2222 2859 ria,
2248 2789 2550 2846 habentur
2577 2788 2704 2844 haec
2734 2789 3003 2860 Apostoli
3033 2789 3211 2845 verba
3239 2805 3252 2844 :
3290 2812 3316 2838 ‹‹
3351 2791 3572 2846 Omnes
3631 2792 3770 2862 qui-

2115 2883 2252 2939 dem
2284 2882 2671 2937 dormiemus.
2706 2884 2765 2934 at
2797 2895 2919 2934 non
2969 2895 3178 2937 omnes
3231 2880 3704 2936 immutabimur.
3742 2904 3768 2931 ››

2115 2971 2454 3028 Secundum
2485 2969 2780 3026 nonnulla
2811 2985 2944 3024 vero
2980 2985 2993 3023 :
3031 2991 3060 3019 «
3101 2971 3228 3025 Non
3259 2986 3468 3027 omnes
3527 2970 3768 3042 quidem

2116 3061 2505 3123 dormiemus.
2533 3075 2741 3115 omnes
2773 3065 2972 3114 tamen
2993 3058 3485 3126 immutabimur;
3515 3082 3539 3107 η
3561 3077 3770 3132 precor

2115 3150 2314 3206 doceri
2345 3155 2540 3206 utram
2573 3147 2899 3204 editionum
2933 3147 3149 3219 eligere
3180 3154 3470 3219 oporteat,
3505 3154 3564 3204 et
3610 3150 3768 3221 quod

2121 3255 2228 3313 per
2248 3239 2372 3294 haec
2394 3236 2781 3310 signiﬁcetur.
2795 3237 3416 3310 —Responsio.0pinor
3431 3238 3618 3310 quodj
3631 3244 3772 3294 uxta

2120 3334 2436 3398 utramque
2449 3325 3286 3398 editionem.quandoquidem
3306 3332 3504 3383 vetera
3534 3343 3770 3400 quoque

2113 3415 2479 3489 exemplaria
2501 3421 2819 3486 utramque
2861 3415 3193 3482 continent,
3237 3414 3285 3471 si
3328 3416 3462 3488 quis
3494 3416 3586 3488 pie
3619 3417 3773 3473 acci-

2111 3508 2371 3582 piatnon
2389 3505 3333 3577 excidetabintentioneApostoli
3365 3508 3567 3579 Itaque
3600 3507 3773 3579 juxta

2114 3596 2262 3653 illud
2288 3596 2528 3669 quidem
2546 3619 2570 3645 ‹‹
2589 3595 2806 3652 Omnes
2819 3595 3276 3656 dormiemus.at
3297 3614 3417 3653 non
3436 3614 3644 3653 omnes
3659 3598 3772 3654 im-

2113 3688 2502 3752 mutabimur,
2534 3707 2560 3738 ιι
2597 3687 2681 3742 ita
2710 3687 3045 3760 intelligere
3075 3693 3328 3759 oportet,
3362 3688 3521 3760 quod
3561 3706 3770 3746 omnes

2113 3794 2256 3838 sane
2286 3793 2394 3850 per
2424 3781 2678 3832 mortem
2709 3775 3131 3832 dormitionem
3157 3793 3226 3832 ac
3259 3794 3533 3833 somnum
3560 3778 3770 3834 tolera-

2108 3869 2308 3928 bimus
2341 3885 2355 3922 :
2386 3873 2448 3923 at
2474 3883 2594 3923 non
2629 3883 2837 3922 omnes
2876 3865 2952 3923 ad
2987 3867 3239 3940 gloriam
3297 3884 3366 3923 ac
3429 3867 3766 3925 libertatem

2114 3955 2773 4028 immutabimurzquod
2798 3956 2924 4025 ipse
2948 3955 3263 4027 Apostolus
3283 3956 3425 4012 alibi
3457 3957 3645 4030 ponit.
3681 3956 3770 4013 di-

2115 4065 2258 4106 cens
2281 4047 2581 4119 apertius:
2610 4071 2628 4093 υ
2656 4045 2713 4101 Si
2739 4053 2938 4104 tamen
2969 4044 3184 4104 vestiti.
3225 4059 3347 4105 non
3405 4046 3552 4104 nudi
3607 4046 3770 4105 inve-

2116 4137 2355 4196 niemur
2381 4133 2449 4190 ⁸³.
2486 4157 2512 4183 ››
2543 4134 2714 4192 Juxta
2745 4134 2858 4191 hoc
2888 4151 3023 4190 vero
3059 4151 3072 4189 :
3112 4154 3139 4186 ι
3186 4136 3313 4193 Non
3370 4151 3579 4193 omnes
3640 4137 3768 4207 qui-

2118 4227 2254 4284 dem
2274 4225 2875 4283 dormiemusomnes
2898 4230 3096 4280 tamen
3117 4223 3592 4291 immutabimur.
3616 4247 3642 4272 ››
3659 4223 3769 4281 hoc

2118 4315 2296 4376 modo
2319 4321 2554 4388 oportet
2569 4315 2859 4386 accipere.
2885 4313 3040 4386 quod
3063 4330 3183 4370 non
3233 4314 3598 4371 dormiemus
3627 4330 3766 4370 sane

2119 4405 3038 4476 diuturnadormitione,utopus
3079 4403 3158 4459 sit
3197 4404 3470 4476 sepulcro
3491 4421 3558 4460 ac
3607 4404 3774 4460 solu-

2121 4496 2282 4552 tione
2315 4494 2390 4550 ad
2420 4494 2886 4567 corruptionem.
2918 4493 3022 4548 sed
3053 4493 3290 4549 brevem
3322 4499 3576 4552 mortem
3597 4494 3773 4549 susti-

2121 4585 2348 4644 nebunt
2361 4583 2518 4654 quod
2534 4591 2676 4638 tunc
2691 4583 3096 4654 reperientur:
3114 4583 3331 4656 quibus
3345 4599 3465 4639 non
3481 4584 3592 4641 erit
3621 4599 3770 4656 Opus

345 4666 482 4739 ἐστι,
514 4669 814 4746 ἀφθαρσίαν
869 4665 1206 4726 ἐνδόσονται.
1270 4696 1290 4720 ι
1335 4667 1597 4727 Σαλπίσει
1645 4670 1767 4746 γάρ.
1801 4693 1829 4722 ››
1880 4671 2006 4726 Εἶτα

2119 4674 2402 4730 diuturna
2422 4672 2800 4740 dormitione,
2822 4677 3065 4744 propter
3084 4671 3300 4730 factam
3350 4671 3544 4726 subito
3575 4687 3772 4729 resur-

343 4759 405 4814 τὸ
435 4753 750 4829 ἀξιόπιστον
782 4753 992 4820 δεικνὺς
1046 4762 1153 4814 τῶν
1207 4759 1528 4834 γινομένων,
1579 4758 1733 4837 φησί·
1788 4784 1815 4812 ιι
1851 4758 2002 4815 Σαλ-

345 4851 494 4904 πισει
524 4849 650 4924 γὰρ,
682 4873 702 4900 ιο
729 4851 764 4918 ἡ
789 4848 1020 4925 σάλπιγξ
1048 4848 1225 4914 ἐκείνη
1260 4852 1294 4920 ἡ
1319 4845 1546 4926 φοϐερὰ,
1577 4875 1598 4902 ι
1625 4852 1714 4906 καὶ
1745 4852 1798 4907 οἱ
1818 4853 1998 4927 νεκροὶ

345 4936 762 5009 ἀναστήσονται,
800 4960 828 4987 ››
881 4934 1143 5006 δηλονότι
1199 4935 1613 5017 ἐνηλλαγμενοι
1654 4939 1745 4995 καὶ
1793 4939 2000 5021 ἄφθαρ-

342 5047 448 5082 τοι.
487 5027 581 5082 Καὶ
616 5029 804 5098 ἡμεῖς,
835 5028 1137 5098 τουτέστιν,
1165 5029 1218 5085 οὶ
1277 5023 1827 5101 καταλαμϐανόμενοι
1877 5031 2001 5086 τότε

343 5120 562 5185 ζῶντες·
626 5117 750 5193 περὶ
809 5115 1026 5172 ἐκείνων
1091 5118 1216 5194 γὰρ,
1274 5117 1337 5174 οὗ
1394 5118 1520 5192 περί
1596 5117 1792 5174 ἐαυτοῦ
1843 5138 1997 5196 φησι’

338 5206 428 5260 καὶ
496 5209 660 5282 ἡμεῖς
726 5210 1014 5282 τοιγαροῦν
1107 5204 1557 5284 ἀλλαγησόμεθα.
1659 5207 1786 5265 Ἐπὶ
1880 5209 2002 5266 τοῦ-

337 5315 446 5350 των
475 5295 581 5370 γάρ
611 5294 712 5351 οῦκ
739 5289 886 5351 ἔσται
944 5289 1178 5372 ἶγερσις,
1237 5301 1346 5354 τῶν
1397 5295 1539 5370 μηδὶ
1594 5297 1999 5370 κοιμηθέντων,

340 5382 490 5440 ἀλλὰ
522 5385 684 5458 μόνον
712 5382 1010 5461 ἐναλλαγή.
1071 5387 1139 5444 Οἱ
1200 5386 1295 5460 μὶν
1347 5386 1530 5461 νεκροὶ
1583 5386 1636 5441 οἱ
1693 5389 2004 5461 προαποθα-

341 5472 548 5537 νόντες.
606 5473 983 5550 ἐγερθήσονται
1054 5471 1344 5554 ἄφθαρτοι,
1409 5477 1460 5531 οἱ
1512 5471 1569 5532 δὲ
1627 5479 1820 5544 ζῶντες
1878 5477 2002 5533 τότε

346 5567 465 5624 πῶς
497 5562 869 5640 ἐγερθήσονται
897 5582 911 5633 ;
945 5564 1128 5622 Μόνον
1163 5563 1238 5628 ὠς
1289 5563 1342 5620 ἐν
1393 5565 1537 5640 ῥοπῆ
1589 5563 1999 5640 ἀλλαγήσονται
2030 5572 2036 5580 ’

2110 4763 2436 4819 rectionem
2465 4779 2480 4828 ;
2513 4777 2723 4816 omnes
2751 4765 2947 4816 tamen
2977 4760 3475 4827 immutabuntur,
3511 4760 3623 4815 hoc
3655 4765 3763 4827 est,

2111 4853 2363 4910 induent
2392 4849 2922 4922 incorruptionem.
2957 4869 2986 4899 ‹‹
3020 4849 3202 4906 Canet
3227 4848 3407 4905 enim.
3453 4871 3480 4898 ››
3542 4848 3764 4903 Deinde

2115 4941 2232 4999 ﬁde
2262 4940 2507 5014 dignum
2539 4937 2863 4994 ostendens
2897 4937 2956 4994 id
2988 4937 3144 5010 quod
3175 4938 3246 4994 de
3280 4937 3372 4993 bis
3430 4954 3560 5010 qum
3621 4937 3767 4992 ﬁent

2111 5033 2335 5088 dictum
2359 5036 2466 5093 est.
2509 5029 2626 5085 ait:
2672 5029 2858 5084 Canet
2901 5029 3060 5084 enim
3111 5028 3253 5084 tuba
3301 5028 3404 5084 illa
3434 5028 3767 5085 tremenda:

2111 5128 2172 5180 et
2190 5119 2410 5180 mortui
2433 5124 2764 5193 resurgent,
2790 5139 2820 5170 »
2845 5118 3142 5175 immutati
3160 5118 3436 5175 videlicet
3482 5125 3542 5174 et
3579 5119 3771 5173 incor-

2109 5211 2306 5285 rupti;
2329 5209 2650 5276 etnos,hoc
2669 5209 2888 5280 est,qui
2907 5208 2981 5264 ad
3000 5207 3061 5264 id
3090 5214 3325 5282 tempus
3369 5208 3772 5280 relinquimur

2109 5301 2569 5366 viventes;nam
2587 5298 2802 5354 deillis
2828 5303 3023 5354 etnon
3062 5298 3134 5354 de
3185 5299 3381 5371 seipso
3433 5297 3613 5354 dicit:
3655 5321 3679 5350 α
3713 5305 3770 5353 et

2111 5407 2218 5446 nos
2251 5390 2431 5464 igitur
2463 5386 2936 5444 immutabimur.
2974 5410 3001 5436 »
3036 5387 3097 5442 ln
3127 5387 3220 5444 his
3253 5387 3414 5443 enim
3471 5403 3592 5442 non
3653 5387 3767 5439 erit

2113 5480 2419 5538 suscitatio
2441 5497 2455 5535 :
2477 5496 2613 5535 cum
2645 5495 2766 5534 non
2799 5477 3175 5549 dormierint,
3207 5477 3312 5533 sed
3360 5483 3592 5532 tantum
3653 5476 3766 5528 im-

2114 5571 2386 5626 mutatio.
2421 5568 2579 5626 580
2619 5567 2831 5624 Mortui
2862 5567 3104 5639 quidem
3165 5568 3266 5638 qui
3325 5572 3500 5623 antea
3541 5563 3762 5621 mortui

418 5724 467 5763 ⁶ί
500 5729 673 5800 Apoc.
705 5743 780 5796 νι,
811 5742 928 5796 vni,
959 5743 1038 5796 Ix,
1070 5745 1130 5799 κ,
1160 5744 1240 5785 xx.
1271 5727 1320 5764 “
1346 5729 1514 5786 Rom.
1546 5745 1667 5797 vni,
1692 5728 1781 5786 21.
1813 5727 1862 5766 ⁸³
1889 5729 1941 5791 II
1965 5730 2094 5789 Cor.
2121 5747 2173 5799 ν,
2207 5731 2258 5788 ³.
