4080 6452
282 442 404 507 .95

1412 443 1838 510 (ECUMENII
1881 441 2193 504 TBICG/E
2241 442 2620 506 EPISCOPI.

3593 412 3713 509 896

286 578 544 645 fuerant,
580 577 1030 636 suscitabuntur
1060 578 1419 653 incorrupti,
1453 584 1514 637 at
1541 580 1584 635 ii
1642 580 1743 652 qui
1802 583 1944 634 tunc
1973 636 1977 646 ,

2090 573 2133 636 lc
2165 575 2481 633 ἀθανασίαν.
2521 600 2548 629 α
2579 582 2669 633 Δεῖ
2708 578 2811 653 γάρ
2842 578 2904 634 τὸ
2940 579 3173 655 φθαρτὸν
3204 582 3388 634 τοῦτο.
3421 602 3451 631 ›)
3502 580 3723 657 Ἑρμή-

288 672 507 737 vivent,
536 669 833 740 quomodo
865 669 1319 726 suscitabuntur
1347 669 1376 726 ?
1432 669 1620 725 solum
1682 668 1845 723 velut
1890 667 1952 722 in

293 765 599 815 momento
684 758 1166 815 immutabuntur
1247 759 1319 814 ad
1415 758 1948 814 immortalitatem.

297 872 317 898 ι
355 852 598 921 Oportet
634 848 793 903 enim
826 849 1213 919 corruptibile
1247 849 1375 904 hoc.
1430 871 1457 898 »
1521 853 1951 920 interpretatus

2061 684 2218 719 νευσε
2274 667 2329 722 τί
2371 665 2632 742 βούλεται
2663 668 2698 737 ἡ
2732 665 3033 746 ἐνολλογῆ.
3100 667 3179 724 Τὸ
3235 666 3293 723 ἐκ
3332 673 3573 746 φθαρτοῦ
3640 670 3717 733 εἷς

2063 753 2391 834 ἀφθαρσίαν,
2423 755 2513 811 καὶ
2546 756 2604 811 ὲκ
2649 761 2850 829 θνητοῦ
2906 757 2981 819 εἵς
3039 757 3324 822 ἀθανασίαν
3383 755 3716 835 ἀλλαγῆναι,

2063 863 2243 923 φησιν.

298 945 387 995 est
417 937 557 1009 quid
590 937 703 992 sibi
730 937 873 992 velit
900 938 1258 994 immutatio.
1299 939 1632 1004 lmmutari,
1664 938 1879 1009 inquit,
1915 953 1950 993 a
1984 936 2357 1010 corruptibili
2387 936 2459 992 ad
2492 937 3140 1010 incorruptibilitatem,
3171 943 3231 994 et
3259 955 3293 995 a
3352 939 3586 996 mortali
3643 940 3718 997 ad

288 1027 823 1083 immortalitatem.

359 1116 480 1182 XV,
513 1117 582 1170 54
620 1116 709 1169 57.
745 1113 877 1169 Cum
908 1122 1090 1171 autem
1122 1115 1486 1188 corruptibile
1543 1117 1643 1172 hoc
1699 1114 1949 1171 induerit

292 1204 906 1275 inrorruptibititatem,
941 1211 993 1261 et
1020 1207 1256 1261 mortale
1285 1207 1385 1262 hoc
1428 1207 1673 1262 induerit
1718 1208 1946 1261 immor-

299 1292 592 1356 talitatem,
619 1300 747 1348 tunc
765 1296 856 1363 ﬁet
877 1309 1051 1351 sermo
1071 1311 1169 1365 quz
1198 1297 1437 1367 scriptus
1491 1302 1567 1352 est
1624 1310 1641 1350 :
1679 1295 1949 1366 Absorptrz

301 1388 381 1439 est
408 1398 554 1438 mors
583 1383 652 1439 ad
680 1384 986 1439 victoriam.
1027 1385 1129 1439 Ubi
1159 1391 1303 1451 tuus,
1365 1402 1396 1441 ο
1452 1401 1619 1453 mors,
1677 1384 1897 1439 aculeus
1925 1381 1953 1438 ?

305 1472 409 1528 Uhi
438 1481 555 1532 tua.
590 1490 619 1528 ο
646 1474 884 1542 inferne.
917 1476 1199 1531 victoria?
1236 1475 1464 1531 Aculcus
1520 1481 1705 1530 autem
1760 1474 1951 1528 mortis

289 1570 602 1634 peccatum,
628 1565 885 1633 potentia
910 1580 1037 1618 vero
1066 1567 1278 1634 peccati
1323 1565 1431 1620 (ex.
1491 1566 1595 1620 Deo
1653 1570 1835 1619 autem
1882 1563 1954 1618 sit

294 1655 503 1723 gratia.
536 1655 635 1722 qui
659 1653 811 1708 dedit
840 1654 997 1708 nobis
1022 1655 1318 1709 victoriam
1341 1671 1446 1725 per
1499 1655 1792 1709 Dominum
1846 1668 1950 1707 no-

299 1748 475 1798 strum
504 1743 689 1796 Iesum
720 1740 994 1796 Christum

376 1830 521 1886 Cum
553 1830 733 1903 igitur
760 1830 887 1886 haec
915 1831 1071 1888 facta
1099 1832 1342 1895 fuerint,
1388 1831 1752 1904 inquit,tunc
1802 1828 1954 1886 Scri-

2128 1116 2295 1170 Ὅταν
2354 1110 2412 1168 δὲ
2461 1113 2524 1168 τὸ
2580 1113 2812 1192 φθαρτὸν
2883 1117 3044 1170 τοῦτο
3132 1112 3420 1188 ἒνδὲσηται
3506 1116 3717 1194 ἀφθαρ-

2058 1201 2199 1270 σίαν,
2258 1203 2350 1257 καὶ
2413 1202 2477 1257 τὸ
2546 1203 2738 1273 θνητὸν
2811 1206 2973 1258 τοῦτο
3055 1200 3340 1274 ἐνδύσηται
3412 1204 3726 1271 ἀθανασίαν,

2056 1292 2183 1348 τότε
2220 1294 2506 1369 γενήσεται
2566 1293 2593 1347 6
2652 1293 2822 1371 Λόγος
2877 1293 2905 1347 6
2965 1294 3373 1370 γεγραμμένος,
3436 1293 3727 1365 Κατεπόθη

2061 1382 2089 1437 6
2150 1382 2375 1444 θάνατος
2436 1380 2512 1443 εἷς
2572 1385 2744 1443 νῖκος.
2811 1385 2920 1436 [Ιοῦ
3003 1402 3123 1452 σου,
3191 1384 3408 1449 θάνατε,
3484 1382 3547 1438 τὸ
3602 1383 3734 1437 κέν-

2058 1490 2188 1544 τρον
2216 1490 2231 1541 ;
2264 1475 2381 1526 Ποῦ
2422 1491 2540 1539 σου,
2573 1466 2701 1542 ᾄδη,
2760 1473 2822 1526 τὸ
2862 1477 3015 1533 νῖκος
3052 1491 3065 1541 ;
3114 1471 3189 1526 Τὸ
3240 1471 3296 1526 δὲ
3352 1470 3574 1546 κέντρον
3629 1477 3735 1527 τοῦ

2061 1560 2291 1616 θανάτου
2351 1563 2386 1630 ἡ
2455 1560 2716 1635 ἁμαρτία,
2786 1562 2820 1629 ἡ
2884 1558 2941 1616 δὲ
2998 1557 3233 1637 δύναμις
3292 1569 3392 1631 τῆς
3457 1560 3735 1638 ἁμαρτίας

2061 1651 2092 1706 6
2123 1649 2315 1722 νόμος.
2357 1652 2451 1721 Τῷ
2488 1647 2544 1705 δὲ
2575 1651 2691 1721 Θέῷ
2726 1649 2908 1725 χάρις,
2952 1654 3031 1722 τῷ
3071 1647 3216 1705 δόντι
3263 1653 3398 1724 ἡμῖν
3444 1651 3508 1707 τὸ
3555 1657 3735 1720 νῖκος,

2066 1735 2156 1795 διά
2182 1743 2280 1794 τοῦ
2313 1739 2516 1815 Κυρίου
2547 1741 2709 1812 ἡμῶν
2745 1741 2927 1810 Ἰησοῦ
2961 1744 3223 1814 Χριστοῦ.

2139 1829 2310 1885 Ὅταν
2354 1828 2466 1899 οὗν,
2528 1828 2686 1902 φησὶ,
2742 1833 2912 1884 ταῦτα
2962 1832 3204 1906 γένηται,
3262 1830 3386 1887 τότε
3442 1833 3477 1901 ἡ
3538 1833 3732 1907 Γραφή

312 1928 489 1995 ptura
506 1922 652 1978 Osee
670 1922 1084 1993 complebitur.
1102 1925 1392 1990 Quoniam
1417 1925 1573 1980 enim
1613 1921 1965 1980 admiranda

2090 1915 2384 1992 τληροῦται
2415 1920 2450 1988 ἡ
2496 1923 2594 1973 τοῦ
2650 1919 2828 1989 Ὀσηέ.
2889 1917 3111 1990 Ἐπειδὴ
3170 1921 3274 1999 γάρ
3314 1919 3593 1996 παράδοξα
3639 1922 3739 1977 καὶ

315 2028 570 2083 vereque
598 2012 883 2084 mysteria
914 2011 1082 2080 dixit,
1117 2021 1559 2085 consequenter
1581 2014 1761 2068 etiam
1811 2010 1966 2066 Scri-

322 2100 865 2173 ptur'aetestimonio
886 2118 1224 2158 sermonem
1246 2103 1589 2158 confirmat:
1618 2125 1644 2151 ‹‹
1677 2102 1972 2172 Absorpta

321 2196 412 2247 est
434 2207 591 2246 mors
614 2190 688 2246 ad
708 2190 1037 2255 victoriam,
1058 2214 1085 2241 ι)
1111 2191 1167 2247 id
1195 2199 1285 2249 est
1334 2193 1537 2258 ﬁnem,
1590 2192 1702 2247 hoc
1746 2198 1837 2248 est
1868 2207 1971 2262 pe-

317 2280 993 2351 riit.disparuit;neque
1017 2299 1151 2353 spes
1197 2282 1558 2337 reversionis
1606 2281 1721 2354 ipsi
1760 2279 1970 2337 relicta

316 2368 425 2424 eet.
447 2369 740 2435 Quoniam
771 2376 1025 2426 mortem
1051 2371 1324 2427 aborberi
1356 2371 1647 2442 contingit
1675 2370 1749 2426 ad
1808 2386 1965 2425 mor-

313 2462 434 2515 tem
466 2474 671 2514 eorum
706 2459 806 2530 qui
840 2460 1142 2523 devorant.
1179 2462 1332 2517 sicut
1363 2466 1424 2517 et
1452 2476 1748 2517 venenum
1794 2460 1969 2515 devo-

313 2548 434 2607 rari
467 2549 758 2620 contingit
788 2548 861 2604 ad
893 2551 1221 2621 perniciem
1280 2550 1562 2606 similiter
1619 2566 1828 2606 eorum
1869 2550 1972 2621 qui

319 2641 604 2694 utuntur:
637 2637 772 2693 ideo
805 2638 1130 2712 subjungit.
1192 2639 1276 2695 Ad
1318 2641 1645 2706 victoriam,
1712 2640 1825 2694 hoc
1862 2644 1972 2706 est,

320 2746 442 2785 non
467 2734 530 2783 ut
550 2730 1335 2801 perimatdevorantem,sed
1385 2737 1451 2786 ut
1499 2731 1630 2803 ipsa
1666 2730 1977 2786 aboleatur

321 2838 389 2877 ac
410 2818 733 2875 fortissime
756 2820 1119 2886 devincatur,
1139 2827 1205 2876 ut
1233 2821 1516 2893 deinceps
1557 2837 1633 2876 ne
1664 2820 1976 2892 vestigium

320 2909 559 2982 quidem
588 2925 797 2981 pugnas
820 2910 1155 2965 autumbra
1184 2910 1542 2967 turbationis
1576 2909 1974 2981 relinquatur.

315 3000 612 3055 Praeterea
639 3015 654 3052 :
687 2998 1004 3054 Absorberi
1039 3017 1145 3071 per
1173 3000 1677 3072 compositionem
1701 2997 1981 3070 prmposi-

316 3090 498 3146 tionis
528 3088 774 3157 dictum,
806 3090 1222 3146 vehementem
1254 3089 1765 3162 signiﬁcatipsius
1789 3088 1981 3161 perdi-

319 3181 547 3236 tionem
601 3181 763 3247 Tota,
796 3180 1013 3251 inquit,
1064 3180 1343 3253 absorpta
1374 3185 1463 3236 est
1519 3180 1594 3236 ad
1650 3179 1978 3245 victoriam,

323 3276 389 3326 ut
409 3270 707 3341 nihilejus
724 3270 981 3343 amplius
1020 3270 1493 3342 derelinquatur.
1546 3292 1574 3321 ‹‹
1611 3269 1717 3326 Ubi
1750 3274 1908 3328 tuus.
1943 3285 1975 3323 ο

323 3377 505 3423 mors,
541 3358 823 3415 aculeus?
841 3381 868 3409 ι)
890 3361 1195 3432 Tanquam
1219 3357 1428 3415 videns
1453 3376 1522 3415 ea
1558 3376 1691 3431 quae
1716 3358 1887 3425 fiunt,
1920 3362 1980 3412 et

320 3453 609 3520 tanquam
629 3448 1003 3519 adiacentem
1025 3449 1189 3505 humi
1212 3454 1466 3505 mortem
1496 3448 1747 3509 accedit.
1779 3464 1847 3504 ac
1870 3445 1979 3503 ad-

323 3555 530 3594 versus
553 3555 682 3594 eam
709 3538 998 3610 gloriatur
1019 3538 1241 3599 dicens,
1264 3538 1372 3594 Ubi
1389 3543 1529 3594 tuus
1547 3538 1789 3593 aculeus
1805 3537 1834 3592 ?
1856 3537 1976 3603 ubi,

327 3646 361 3683 ο
383 3644 545 3683 mors
568 3634 627 3682 et
645 3628 898 3693 inferne,
921 3633 1115 3683 vestra
1133 3644 1265 3699 quas
1288 3627 1570 3683 adversus
1618 3643 1825 3683 omnes
1856 3631 1983 3683 erat

327 3720 616 3777 victoria?
647 3722 840 3792 periit,
871 3721 1184 3793 disparuit,
1220 3721 1400 3777 tinem
1431 3719 1627 3775 habet.
1664 3742 1689 3768 α
1731 3720 1981 3775 Aculeus

332 3817 533 3867 autem
567 3811 772 3865 mortis
804 3817 1132 3882 peccatum.
1170 3831 1193 3861 υ
1224 3810 1371 3866 Nam
1403 3826 1510 3880 per
1535 3808 1649 3866 hoc
1682 3807 1848 3864 fortis
1893 3813 1984 3865 est

330 3906 803 3973 mors,tanquam
829 3900 939 3956 hac
958 3899 1223 3973 potentia
1241 3900 1518 3956 etaculeo
1541 3905 1738 3956 utens.
1766 3900 1985 3965 Quem-

331 3991 652 4047 admodum
667 3992 828 4047 enim
846 3991 1137 4062 scorpius.
1169 3990 1297 4061 ipse
1323 3989 1566 4061 quidem
1585 3988 1697 4045 vile
1731 3986 1987 4044 animal—

336 4081 536 4139 culum
556 4086 666 4147 est,
682 4085 946 4137 attamen
961 4081 1072 4135 vim
1091 4080 1269 4135 habet
1290 4080 1351 4134 in
1365 4080 1573 4135 aculeo
1591 4096 1601 4131 :
1624 4079 1707 4133 ita
1724 4083 1782 4132 et
1826 4091 1985 4133 mors

333 4170 557 4241 absque
583 4177 822 4240 peccato
843 4170 1074 4228 nullam
1097 4169 1275 4223 habet
1295 4168 1618 4240 energiam,
1649 4182 1759 4224 nec
1786 4170 1989 4238 posset

337 4260 683 4316 subsistere.
717 4258 862 4315 581
907 4279 936 4309 ‹‹
998 4258 1271 4313 Potentia
1327 4273 1464 4314 vero
1522 4256 1750 4328 peccati
1811 4256 1923 4312 lex.
1956 4275 1985 4305 »

337 4347 643 4416 Quomodo
674 4349 898 4420 peccati
932 4347 1116 4403 robur
1146 4353 1236 4402 est
1290 4347 1382 4402 lex
1413 4346 1443 4400 7
1496 4345 1644 4411 Quia
1701 4346 1827 4403 sine
1862 4345 1986 4419 lege

340 4437 643 4496 imbecille
667 4435 1333 4508 essetpecczitumquod
1352 4453 1421 4490 ex
1442 4435 1777 4509 ignorantia
1798 4434 1987 4492 fieret:

342 4528 440 4584 lex
457 4543 590 4583 vero
606 4525 1425 4599 qumipsummani‘estando.
1462 4526 1648 4598 magis
1688 4541 1795 4581 nos
1830 4541 1989 4583 con-

345 4617 663 4679 damnavit.
686 4621 745 4671 et
765 4614 1095 4672 efﬁcaciam
1121 4631 1188 4671 ac
1206 4614 1392 4671 robur
1412 4614 1723 4671 adversum
1746 4632 1855 4672 nos
1891 4615 1991 4671 ad-

2078 2004 2253 2070 ὅντως
2288 2010 2564 2080 μυστήρια
2603 2008 2737 2078 εἶπε,
2771 2005 2968 2065 λοιπὸν
3018 2008 3109 2065 καὶ
3165 2014 3235 2084 τῇ
3290 2015 3536 2089 Γραφικῇ
3591 2031 3737 2087 μαρ-

2075 2095 2237 2170 τυρίᾳ
2266 2102 2551 2154 πιστοῦται
2616 2098 2707 2153 τὸν
2770 2094 2956 2175 λόγον,
3019 2099 3361 2171 «Κατεπόθη
3422 2102 3450 2155 6
3509 2100 3744 2164 θάνατος

2079 2189 2157 2254 εἷς
2212 2193 2391 2257 νῖκος,
2436 2213 2463 2240 ››
2523 2191 2805 2245 τουτέστιν
2867 2188 2943 2253 είς
2997 2188 3179 2261 τέλος,
3240 2191 3360 2244 οἷον
3423 2186 3744 2264 ἀπόλωλεν,

2078 2279 2390 2354 ἠφάνισται,
2433 2276 2559 2333 οὐδὲ
2605 2276 2764 2341 ἐλπὶς
2817 2278 3169 2357 ὑποστροφῆς
3216 2279 3365 2353 αὗτῷ
3420 2280 3746 2336 καταλέλει-

2078 2388 2232 2427 πται.
2268 2364 2492 2439 Ἐπειδή
2527 2363 2642 2423 ἔστι
2679 2371 3060 2440 καταποθῆναι
3118 2370 3366 2437 θάνατον,
3420 2371 3495 2432 είς
3537 2370 3746 2448 φθορὰν

2077 2462 2187 2513 τῶν
2218 2456 2613 2523 καταπιόντων,
2648 2454 2833 2531 ὥσπερ
2873 2465 2965 2513 καὶ
2998 2457 3282 2538 φάρμακον
3341 2456 3455 2515 ἔστι
3502 2480 3752 2515 καταπο-

2082 2555 2242 2618 θῆναι
2285 2546 2373 2602 έπὶ
2406 2544 2674 2623 διαφθορᾷ
2707 2547 2919 2620 ὁμοίως
2935 2553 3045 2603 τῶν
3072 2547 3559 2629 χρησαμένων,διά
3581 2554 3749 2605 τοῦτο

2082 2637 2321 2711 ἐπήγαγε
2351 2636 2415 2691 τὸ
2473 2660 2499 2688 ‹‹
2540 2635 2635 2699 Εἷς
2663 2641 2838 2707 νῖκος,
2870 2665 2889 2686 ι
2928 2636 3042 2693 ἀντὶ
3085 2642 3205 2709 τοῦ,
3266 2639 3377 2694 Οὐκ
3414 2638 3501 2694 ’ἱνα
3548 2640 3745 2718 φθείρῃ

2080 2725 2172 2781 τὸν
2200 2725 2554 2795 καταπιόντα,
2587 2723 2833 2781 ἀλλ”ίνα
2894 2724 3050 2790 αὐτὸς
3103 2728 3395 2803 ἀφανισθῇ,
3442 2726 3534 2784 καῖ
3582 2750 3749 2785 κατα·

2083 2816 2281 2890 κράτος
2315 2814 2595 2886 ἰκνσκηθῇ,
2654 2814 2792 2871 ὥστε
2831 2816 3026 2889 μηκέτι
3090 2814 3221 2891 μηδ’
3262 2817 3415 2898 ἴχνος
3465 2819 3677 2895 μάχης,
3709 2819 3747 2890 ἢ

2088 2907 2242 2962 σκιὰν
2267 2905 2624 2982 ἐνοχλήσεως
2661 2904 3086 2987 ὑπολειφθῆναι,
3119 2907 3225 2964 Καὶ
3246 2908 3330 2978 τὸ,
3358 2931 3387 2960 ‹‹
3408 2908 3682 2978 Κατεπόθη
3720 2932 3749 2959 ››

2088 2994 2146 3052 δὲ
2187 2997 2322 3070 μετᾶ
2353 3004 2449 3067 τῆς
2503 2997 2818 3071 προθέσεως
2878 2997 3065 3072 ῥηθέν,
3123 3000 3225 3067 τήν
3295 2995 3525 3077 σφοδρὰν
3583 2998 3750 3054 αὐτοῦ

2089 3085 2353 3166 διαφθράν
2384 3088 2663 3161 σημαίνει.
2725 3087 2925 3155 ⁹”Ολος,
2989 3089 3146 3166 φησὶ,
3206 3090 3477 3160 κατεπόθη
3547 3087 3621 3152 ε’ς
3678 3094 3759 3152 νῖ,

2088 3199 2205 3245 κος,
2237 3175 2377 3234 ὥστε
2407 3175 2575 3254 μηδὲν
2605 3179 2770 3234 αὐτὸν
2804 3176 2884 3234 ἔτι
2922 3176 3398 3256 ὲναπολειφθῆναι.
3434 3206 3460 3232 ιι
3495 3184 3608 3235 Ποῦ
3638 3200 3760 3247 σου,

2090 3268 2286 3325 θάνατε
2314 3270 2377 3324 τὸ
2406 3270 2671 3341 κένυιεον;
2710 3296 2730 3322 ι
2789 3269 2880 3330 Ὠς
2952 3269 3096 3346 ὀρῶν
3147 3270 3282 3325 αὐτά
3335 3270 3614 3346 γινόμενα,
3668 3268 3764 3324 καὶ

2092 3362 2211 3417 οἷον
2241 3361 2419 3436 χαμαῖ
2451 3360 2695 3431 κειμένῳ
2739 3352 3058 3434 ἐπεμϐαίνει
3115 3364 3195 3434 τῷ
3242 3361 3475 3435 θανάτῳ,
3532 3362 3623 3416 καί
3674 3359 3765 3436 έγ-

2088 3455 2360 3527 καυχᾶται
2393 3451 2563 3520 αὐτῷ.
2601 3475 2625 3500 η
2666 3452 2778 3507 Ησῦ
2816 3470 2936 3518 σου,
2970 3447 3167 3525 λέγων,
3200 3449 3263 3506 τὸ
3293 3451 3551 3527 κέντρονς
3582 3476 3608 3501 ››
3642 3453 3763 3508 Ποῦ

2091 3561 2186 3594 σου
2218 3541 2253 3609 ἡ
2285 3540 2422 3594 κατά
2449 3540 2664 3595 πάντων
2693 3538 2992 3615 ἀνθρώπων
3024 3539 3174 3609 νίκη,
3223 3540 3412 3595 θάνατε
3460 3539 3552 3595 καὶ
3603 3537 3707 3612 ᾃόη
3735 3559 3755 3612 ;

2089 3628 2440 3688 Ἀπόλωλεν.
2472 3630 2784 3705 ἠφάνισται,
2843 3627 3002 3690 τέλος
3052 3622 3192 3704 ἔχει.
3237 3652 3264 3681 ‹‹
3298 3630 3375 3686 T6
3422 3627 3480 3685 ὃὶ
3530 3631 3761 3706 κέντρον

2090 3725 2187 3775 τοῖ’)
2250 3719 2475 3783 θανάτου
2535 3721 2571 3789 ἡ
2632 3717 2895 3790 ἁμαρτία.
2935 3742 2961 3768 ››
3025 3720 3123 3776 Διά
3179 3718 3380 3790 ταύτης
3438 3718 3538 3795 γὰρ
3594 3717 3759 3800 ἴσχυ-

2093 3831 2178 3866 σεν
2235 3810 2264 3865 6
2317 3809 2563 3870 θάνατος.
2652 3807 2833 3884 ὥσπερ
2914 3805 3140 3880 δυνάμει
3202 3808 3338 3882 αὐτῇ
3399 3808 3488 3864 καὶ
3548 3806 3766 3883 κέντρῳ

2093 3899 2464 3977 χἐησάμενος.
2529 3899 2736 3972 Ὥσπερ
2792 3897 2897 3973 γὰρ
2957 3897 2985 3954 6
3053 3897 3336 3971 σκορπίος,
3422 3896 3581 3960 αὐτὸς
3663 3898 3766 3971 μὲν

2094 3987 2332 4061 ζωῢφιὸν
2392 3986 2504 4042 ἐστι
2554 3986 2794 4056 εὐτελές,
2858 3985 2910 4042 ἐν
2974 3983 3032 4042 δὲ
3090 3990 3172 4059 τῷ
3229 3987 3438 4063 κέντρῳ
3516 3989 3617 4059 τήν
3683 3988 3770 4043 ἶσ-

2094 4079 2199 4153 χὺν
2257 4070 2395 4150 ἕλει·
2468 4074 2641 4137 οῧτιυς
2704 4076 2795 4131 καὶ
2858 4076 2886 4132 6
2945 4077 3179 4139 θάνατος
3234 4073 3365 4151 δίχα
3426 4083 3527 4146 τῆς
3593 4079 3772 4153 ἁμαρ-

2094 4167 2215 4227 τίας
2273 4166 2632 4241 ἀνενέργητός
2690 4187 2776 4229 τις
2833 4164 2900 4234 ἦν
2955 4164 3045 4220 καὶ
3133 4165 3522 4229 ἀνυπόστατος.
3610 4191 3637 4219 (ι
3698 4168 3767 4227 Ἡ

2097 4252 2155 4313 δὲ
2223 4252 2451 4327 δῦναμίς
2515 4261 2613 4323 τῆς
2685 4255 2958 4327 ἁμαρτίας
3030 4255 3056 4309 6
3118 4254 3310 4328 νόμος.
3354 4278 3382 4306 ››
3449 4259 3575 4317 Πῶς
3648 4254 3764 4313 ἔστι

2098 4341 2326 4416 δόναμις
2367 4349 2467 4410 τῆς
2535 4343 2802 4417 ἁμαρτίας
2885 4344 2912 4399 6
2976 4341 3196 4417 νόμος;
3257 4344 3381 4402 Ὅτι
3456 4343 3609 4409 ἐκτὸς
3674 4344 3764 4400 νό-

2101 4453 2206 4508 μον
2254 4433 2482 4503 ἀσθενὴς
2542 4432 2607 4503 ἦν
2676 4433 2711 4501 ἡ
2773 4432 3015 4507 ἁμαρτία
3091 4432 3228 4487 κατὰ
3283 4430 3561 4506 ἀγνωσίαν
3625 4455 3767 4511 γινο-

2101 4522 2258 4597 μένη.
2326 4522 2388 4580 Ὁ
2455 4519 2513 4577 δέ
2578 4522 2748 4593 νόμος
2815 4520 2985 4592 αὐτὴν
3056 4523 3393 4597 φανερώσας,
3483 4519 3764 4598 κατέκρινε

2103 4610 2318 4685 μᾶλλον
2350 4613 2521 4683 ἡμᾶς,
2551 4609 2640 4665 καὶ
2672 4609 2887 4685 ἐνεργὸν
2942 4609 3032 4665 καὶ
3089 4609 3320 4686 ἱσγυράν
3375 4608 3599 4682 ἐποίησε
3644 4611 3760 4665 καθ’

345 4708 512 4767 didit.
538 4722 658 4765 non
676 4722 745 4762 ex
768 4722 875 4762 sua
897 4711 1130 4765 natura.
1179 4705 1283 4761 sed
1330 4722 1399 4761 ex
1443 4710 1648 4761 nostra
1682 4706 1969 4779 pravitate

2102 4703 2290 4773 ἡμῶν,
2324 4699 2390 4755 οὐ
2432 4699 2580 4773 παρὰ
2627 4700 2725 4769 τὴν
2777 4699 2977 4754 οἰκείαν
3028 4697 3211 4778 φύσιν,
3263 4698 3411 4756 ἀλλά
3465 4699 3604 4774 παρᾶ
3657 4700 3754 4769 τὴν

340 4798 632 4873 Neigitur
662 4796 917 4863 dubites,
952 4813 984 4851 ο
1012 4795 1209 4861 homo,
1246 4795 1314 4853 de
1344 4792 1804 4863 resurrectione,
1851 4812 1988 4851 cum

340 4888 541 4944 videas
559 4887 768 4943 mortis
782 4885 1078 4942 aculeum.
1102 4901 1319 4957 nempe
1334 4890 1665 4955 peccatum,
1699 4899 1829 4940 esse
1847 4882 1989 4939 sub-

340 4977 626 5043 latum,ac
648 4975 872 5045 peccati
894 4974 1096 5033 robur.
1132 4978 1274 5046 puta
1297 4973 1507 5047 legem,
1542 4988 1670 5028 esse
1708 4973 1990 5028 solutum.

346 5070 594 5123 Peccato
618 5067 774 5120 enim
801 5064 1056 5124 sublato.
1080 5062 1357 5119 videlicet
1397 5062 1602 5119 mortis
1631 5062 1859 5130 aculeo,
1890 5077 1997 5133 per

349 5171 584 5212 crucem
621 5154 860 5219 Christi,
890 5152 1271 5209 manifestum
1307 5159 1397 5208 est
1426 5152 1580 5224 quod
1616 5157 1674 5207 et
1722 5168 1884 5207 mors
1917 5151 1999 5206 si-

351 5245 473 5301 mul
502 5242 737 5299 sublata
758 5242 853 5299 sit.
892 5265 913 5293 a
956 5243 1071 5297 Deo
1103 5247 1303 5297 autem
1335 5242 1413 5297 sit
1441 5241 1630 5314 gratia
1686 5241 1787 5311 qui
1836 5238 2003 5296 dedit

352 5334 524 5391 nobis
548 5332 875 5388 victoriam.
910 5354 939 5383 ››
971 5332 1261 5390 Christus.
1311 5331 1526 5403 inquit,
1561 5336 1849 5402 tropaeum
1881 5346 2004 5388 ere-

350 5425 453 5483 xit.
486 5439 598 5479 nos
629 5438 763 5478 vero
794 5438 1149 5478 coronarum
1175 5420 1318 5477 socii
1351 5437 1577 5476 sumus.
1612 5420 1809 5475 Gratia
1865 5438 2001 5477 vero

353 5512 627 5571 sitPatri.
654 5510 811 5583 quod
852 5510 1065 5566 Filium
1102 5510 1599 5582 generaverit,qui
1635 5515 1798 5565 tanta
1827 5509 2003 5566 nobis

354 5602 650 5676 praestitit.
677 5633 737 5643 —
758 5601 888 5656 Alio
909 5600 1089 5656 modo.
1133 5600 1422 5663 Quoniam
1464 5599 1653 5673 legem
1699 5597 1846 5655 dixit
1866 5615 2008 5672 pec-

357 5694 470 5750 cati
492 5690 840 5766 potentiam,
866 5705 942 5743 ne
963 5692 1243 5758 putarent
1275 5686 1458 5758 aliqui
1489 5686 1677 5760 legem
1722 5692 2006 5760 tanquam

360 5802 598 5860 gravam
630 5800 917 5851 cessasse,
951 5787 1010 5837 et
1040 5779 1442 5852 legislatorem
1474 5780 2007 5855 calumniarentur,

2070 4796 2267 4868 ημῶν
2297 4792 2484 4848 κακίαν
2552 4792 2641 4859 Μή
2695 4788 2787 4846 οὖν
2836 4785 3181 4865 ἀμφίϐαλλε,
3231 4792 3276 4847 ὧ
3322 4789 3593 4868 ἄνθρωπε,
3642 4791 3765 4868 περὶ

2099 4890 2200 4951 τῆς
2237 4880 2597 4951 ἀναστάσεως,
2632 4883 2772 4954 ὁρῶν
2828 4881 2890 4937 τὸ
2931 4882 3153 4956 κέντρον
3215 4885 3313 4936 τοῦ
3367 4882 3621 4950 θανάτου,
3670 4882 3769 4953 τήν

2105 4972 2376 5046 ἁμαρτίαν
2461 4971 2849 5047 ἀναιρεθεῖσαν,
2928 4970 3019 5027 καὶ
3076 4972 3175 5039 τήν
3232 4970 3393 5052 ἰσχὺν
3454 4969 3621 5028 πάλιν
3674 4974 3773 5042 τῆς

2106 5062 2377 5137 ἁμαρτίας
2406 5061 2580 5141 ἤγουν
2621 5062 2714 5118 τὸν
2773 5064 2944 5134 νόμον
2991 5058 3241 5118 λυθέντα.
3288 5065 3402 5130 Τῆς
3443 5063 3545 5138 γάρ
3597 5063 3775 5138 ἀμαρ-

2104 5151 2225 5213 ττας
2254 5151 2652 5227 ἀναιρεθείσης,
2693 5148 2863 5226 ἤγουν
2905 5151 2968 5208 τὸ
3021 5148 3244 5226 κέντρον
3295 5155 3374 5224 τῷ
3420 5156 3636 5224 σταυρῷ
3677 5155 3776 5208 τοῦ

2110 5240 2370 5316 Χριστοῦ,
2426 5238 2596 5308 δῆλον
2656 5241 2731 5303 ὡς
2782 5241 2870 5295 καὶ
2905 5241 2933 5295 6
2965 5241 3194 5304 θάνατος
3250 5245 3775 5317 συναναιρεθήσεται.

2112 5354 2140 5383 ι(
2172 5335 2263 5403 Τῷ
2296 5327 2355 5386 δὲ
2412 5336 2528 5404 θεῷ
2592 5331 2756 5407 χάρις
2805 5335 2883 5401 τῷ
2937 5328 3082 5386 δόντι
3135 5333 3272 5403 ἡμῖν
3316 5332 3378 5387 τὸ
3432 5337 3599 5396 νῖκος.
3635 5357 3665 5387 ››
3721 5334 3779 5389 '0

2113 5419 2369 5495 Χριστὸς,
2404 5420 2559 5498 φησὶ,
2617 5420 2680 5475 τὸ
2731 5419 2993 5495 τρόπαιον
3052 5417 3295 5490 ἔστησεν,
3348 5423 3513 5495 ἡμεῖς
3564 5419 3623 5477 δὲ
3670 5426 3779 5480 τῶν

2114 5510 2386 5587 στεφάνων
2433 5512 2820 5582 κοινωνοῦμεν.
2858 5508 3026 5584 Χάρις
3079 5506 3138 5564 δὲ
3184 5509 3264 5581 τῷ
3318 5511 3488 5586 Πατρὶ
3542 5515 3620 5583 τῷ
3658 5533 3783 5588 γεν-

2112 5600 2510 5671 νήσαντιΥἱὸν.
2569 5599 2661 5653 τὸν
2720 5602 2954 5654 τοσαῦτα
3009 5600 3434 5675 κατορθώσαντα
3488 5600 3649 5675 ἥμῖν,
3707 5635 3781 5646 --

2115 5687 2362 5753 ’Λλλως.
2425 5689 2640 5765 [ΦΩΤ.]
2700 5686 2924 5757 Ἐπειδὴ
2983 5689 3073 5743 τὸν
3134 5688 3301 5761 νόμον
3372 5690 3491 5746 εῗπε
3551 5688 3778 5764 δύναμιν

2119 5778 2410 5857 ἁμαρτίας,
2433 5777 2526 5834 ἳνα
2560 5779 2635 5853 μή
2670 5797 2809 5840 τινες
2840 5775 3004 5835 αὐτόν
3032 5799 3090 5833 τε
3136 5776 3227 5833 τὸν
3278 5778 3473 5853 νόμον,
3517 5778 3593 5843 ὡς
3641 5785 3776 5861 φαῦ-
