4080 6396
311 376 426 436 897

1273 370 1698 438 COM‘MENT.
1749 373 1822 436 IN
1868 370 2111 435 EPIST.
2159 370 2185 432 Ι
2229 371 2334 432 AD
2379 368 2750 441 CORIN'I‘H.

3615 383 3749 448 898

312 509 413 563 λον
454 509 764 570 πεπαῦσθαι
801 505 1094 581 νομίσωσι,
1152 507 1246 563 καὶ
1303 528 1399 565 τον
1460 509 1769 583 νομοθετην
1835 506 1941 585 βλα

2109 505 2430 582 subjungit:
2466 530 2494 559 «
2518 508 2636 565 Deo
2669 516 2866 591 autem
2900 513 2977 568 sit
3004 516 3193 584 gratia
3223 532 3237 584 ;
3273 538 3301 567 ιι
3324 516 3438 575 hoc
3476 525 3584 591 est,
3655 522 3753 579 le-

312 597 704 676 σφημήσωσιν,
751 594 966 674 ἐπάγει·
1036 620 1057 647 ι
1090 596 1182 670 Τῷ
1238 595 1298 653 δὲ
1358 604 1477 671 Θεῷ
1530 603 1716 680 χάρις·
1754 624 1776 653 ν
1839 598 1985 669 οἷον,

312 688 398 758 τῷ
430 682 488 742 δί
516 684 787 761 νομοθέτῃ
838 690 957 757 θεῷ
1012 686 1104 741 καὶ
1176 688 1344 764 ῐΙατρὶ
1403 693 1503 744 τοῦ
1562 692 1761 761 Κυρίου
1821 692 1982 763 ἡμῶν

317 777 506 848 Ἰησοῦ
538 778 724 855 χάρις.
759 775 935 837 Αὐτὸς
968 775 1072 853 γὰρ
1104 776 1195 832 καὶ
1223 781 1316 833 τὸν
1349 780 1518 851 νόμον
1579 780 1716 835 κατᾶ
1762 779 1987 855 καιροὺς

322 867 670 944 συμφέσεοντα
700 861 891 933 ἔδωκε,
922 867 1014 922 καὶ
1045 889 1108 923 το
1122 868 1225 943 ita;
1253 872 1413 943 ἡμῶν
1462 871 1540 932 εἰς
1593 870 1751 946 ἰσχὺν
1807 871 1981 944 ἁμαρ-

321 957 445 1019 τίας
476 957 957 1034 ἁποχρησαμένων
1010 959 1100 1013 καὶ
1151 961 1605 1034 κραταιωσάντων
1652 963 1753 1031 τήν
1806 962 1982 1036 ἀμαρ-

319 1046 465 1112 τίαν,
496 1046 661 1109 αὐτὸς
695 1046 860 1102 πάλιν
919 1045 1006 1102 διὰ
1062 1053 1159 1103 τοῦ
1218 1050 1345 1105 ι’ἱοῦ
1402 1050 1568 1107 αὐτοῦ
1623 1054 1721 1106 τοῦ
1778 1048 1983 1123 Κυρίου

320 1136 701 1211 ἢμῶνΊησοῦ
755 1137 1013 1212 Χριστοῦ,
1072 1133 1268 1194 ἔδωκεν
1324 1142 1461 1214 ἡμῖν
1516 1140 1579 1196 τὸ
1636 1140 1757 1196 κατ’
1815 1137 1983 1210 αὐτῆς

320 1225 734 1301 ἆναμφὴριστον
763 1228 961 1297 κράτος
992 1227 1083 1281 καὶ
1112 1233 1279 1293 νῖκος.

395 1316 578 1382 Ὥστε,
637 1312 868 1394 ἀδελφοί
932 1338 1042 1390 μου
1096 1318 1391 1395 ἀγαπητοὶ,
1459 1316 1695 1394 ἐνδραῖοι
1754 1317 1983 1398 γίνεσθε,

320 1406 734 1482 ἀμετακίνητοι,
829 1406 1239 1482 περισσεύοντες
1340 1408 1393 1466 ἓν
1479 1414 1558 1484 τῷ
1648 1406 1791 1486 ἔργῳ
1888 1413 1984 1467 τοῦ

324 1497 527 1573 Κυρίου
586 1498 840 1567 πάντοτε,
906 1495 1109 1562 εἰδότες
1167 1498 1251 1554 ὅτι
1310 1499 1338 1555 ὁ
1395 1500 1565 1564 κόπος
1646 1500 1821 1574 ὑμῶν,
1883 1500 1986 1555 οὐκ

322 1585 439 1644 ἔστι
467 1588 632 1650 κενὸς
664 1586 717 1643 ἑν
753 1588 958 1665 Κυρίῳ.

398 1678 549 1736 Ἐπεὶ
579 1676 671 1734 οὖν
700 1674 917 1755 ἔγνωτε,
949 1679 1108 1756 φησί,
1162 1685 1330 1737 ταῦτα
1385 1682 1561 1747 οὕτως
1616 1674 1789 1762 ἔχειν,
1843 1680 1984 1738 εἶναί

329 1789 391 1824 τε
417 1766 701 1824 ἀνάστασιν
732 1767 819 1823 καὶ
882 1762 1122 1842 ἀμοιϐὰς
1167 1767 1354 1826 καλῶν
1405 1770 1495 1826 καὶ
1549 1772 1799 1845 φαύλων,
1848 1773 1984 1842 στή-

336 1876 473 1914 κετε.
540 1855 893 1914 Ἐσαλεύοντο
949 1858 1054 1933 γαρ
1111 1859 1235 1934 περὶ
1324 1859 1386 1915 τὸ

339 1948 657 2022 μυστήριον,
708 1945 800 2002 καὶ
855 1950 954 2001 τοῦ
1014 1945 1136 2022 βίου
1195 1948 1465 2023 ἠμέλουν,
1525 1949 1601 2013 ὡς
1663 1949 1762 2005 οὐκ
1814 1946 1982 2022 οὔσης

331 2036 683 2103 ἀναστάσεως.
720 2033 855 2094 Εἶτά
909 2057 1064 2111 φησι·
1128 2061 1156 2089 ‹‹
1191 2039 1295 2094 Καὶ
1350 2038 1760 2115 περισσεύοντες
1802 2038 1854 2095 ἰν
1903 2045 1984 2113 τῷ

326 2126 472 2206 ἔργῳ
499 2130 596 2184 τοῦ
626 2132 788 2196 Θεοῦ,
826 2153 848 2181 ι
883 2126 950 2183 οὐ
1011 2126 1172 2202 μόνον
1220 2130 1354 2185 αὐτὸ
1412 2128 1787 2207 ἐργαζόμενοι,
1836 2129 1985 2188 ἀλλὰ
2040 2124 2065 2132 ﬂ

324 2220 415 2276 καὶ
450 2217 855 2294 περισσεύοντες
886 2217 941 2273 ἐν
973 2224 1274 2298 ’χρησταῖς
1318 2222 1593 2292 πράξεσιν.
1648 2248 1676 2275 ιι
1712 2222 1768 2279 '0
1814 2222 1985 2284 κόπος

328 2308 484 2383 ὑμῶν
518 2308 618 2364 οὐκ
655 2302 769 2363 ἔστι
827 2308 984 2372 κενὸς
1044 2307 1096 2364 ἐν
1156 2308 1364 2384 Κυρίῳ,
1399 2335 1427 2362 ››
1476 2310 1534 2365 ὃν
1587 2314 1678 2366 νῦν
1735 2310 1986 2385 κάμνετε,

324 2397 515 2478 φησίν,
551 2396 677 2453 ἀλλ’
706 2391 854 2453 ἔσται
886 2397 1055 2453 αὐτοῦ
1110 2393 1321 2471 ἀμοιϐὴ
1372 2400 1519 2474 παρά
1567 2404 1723 2461 Θεοῦ.
1778 2402 1857 2458 Τὸ
1905 2398 1986 2471 δὲ,

328 2511 358 2541 ιι
392 2488 480 2545 Ἐν
514 2487 725 2562 Κυρίῳ,
756 2510 785 2539 ››
814 2488 1049 2558 νοήσεις,
1080 2487 1141 2557 ἢ,
1173 2488 1202 2542 ὁ
1232 2485 1286 2542 ἐν
1323 2488 1507 2565 Κυρίῳ
1536 2490 1729 2562 κόπος,
1760 2489 1821 2560 ἢ,
1842 2490 1988 2568 παρὰ

331 2576 515 2654 Κυρίῳ
544 2575 608 2632 οὐ
641 2576 1083 2650 ματαιωθήσεται
1114 2578 1142 2632 ὁ
1173 2578 1366 2641 κόπος.

408 2784 540 2859 Περὶ
573 2781 632 2840 δὲ
659 2785 759 2853 τῆς
808 2781 1002 2860 λογίας
1057 2791 1158 2854 τῆς
1212 2784 1290 2850 είς
1344 2787 1474 2850 τοὺς
1534 2786 1748 2865 ἁγίους,
1806 2786 1991 2866 ὥσπερ

338 2871 545 2945 διέταξε
607 2879 729 2935 ταῖς
811 2872 1166 2946 Ἐκκλησίαις
1248 2882 1350 2944 τῆς
1441 2875 1729 2945 Γαλατίας,
1816 2877 1991 2943 οὕτως

340 2964 432 3019 καὶ
490 2964 647 3038 ὑμεῖς
704 2964 992 3034 ποιήσατε.
1052 2965 1188 3020 κατὰ
1256 2966 1383 3038 μίαν
1455 2961 1783 3035 Σαϐϐἀτων,
1863 2964 1994 3024 ἵκα-

340 3074 464 3116 στος
519 3053 680 3125 ὑμῶυ
734 3055 862 3128 παρ’
921 3053 1099 3126 ἑαυτῷ
1178 3053 1372 3111 τιθέτω
1453 3056 1800 3131 θησαυρίζων
1856 3058 1887 3112 δ
1939 3078 1995 3113 τι

343 3141 404 3199 ἄν
461 3138 746 3210 εὐοδῶται,
796 3139 885 3198 ἵνα
945 3144 1019 3215 μή
1082 3142 1208 3199 ὅταν
1263 3140 1407 3200 ἔλθω
1465 3143 1590 3201 τότε
1650 3143 1837 3221 λογίαι
1903 3146 1996 3224 γί-

345 3251 564 3290 νωνται.
616 3232 776 3289 Ὅταν
837 3228 897 3286 δὲ
947 3230 1364 3306 παραγένωμαι,

349 3340 479 3391 σητε
535 3317 603 3376 δι’
656 3318 986 3391 ἐπιστολῶν,
1070 3322 1298 3385 τούτους
1366 3320 1592 3396 πέμψω,
1681 3324 1992 3402 ἀπενεγκεῖν

339 3410 440 3478 την
472 3410 636 3489 χάριν
663 3409 820 3483 ὑμῶν
849 3410 924 3474 εἰς
954 3411 1342 3486 Ἰερουσαλήμ.
1377 3412 1500 3470 Ἐὰν
1533 3409 1593 3473 δὲ
1617 3411 1655 3488 ᾖ
1703 3409 1848 3487 ἄξιον
1899 3417 1997 3469 τοῦ

337 3499 479 3573 κάμὶ
506 3499 857 3576 πορεύεσθαι,
890 3500 982 3556 σὺν
1015 3496 1143 3575 ἐμοὶ
1173 3502 1559 3575 πορεύσονται.

414 3589 744 3663 ’Δπαρτίσας
776 3591 870 3646 τὸν
916 3589 1041 3664 περὶ
1090 3586 1382 3664 δογμάτων
1433 3589 1618 3666 λόγον,
1667 3592 1744 3656 είς
1792 3594 1855 3649 τὸ
1908 3614 2001 3649 κε-

338 3678 572 3760 φάλαιον
600 3684 711 3736 τῶν
747 3680 979 3755 ἀρετῶν,
1018 3681 1118 3749 τήν
1167 3678 1546 3753 ἐλεημοσύνην
1592 3679 1751 3751 ἦλθε.
1802 3684 2000 3758 Λογίας

340 3767 399 3827 δί
427 3767 601 3846 λέγει,
631 3770 731 3840 τήν
760 3767 1064 3845 συλλογὴν⁹
1094 3774 1296 3848 κοῦφον
1347 3768 1409 3826 ἐκ
1456 3772 1768 3845 προοιμίων
1822 3778 1997 3829 ποιῶν

339 3860 405 3915 τὸ
467 3865 711 3933 πρᾶγμα.
769 3859 847 3918 Τὸ
903 3859 1007 3936 γὰρ
1066 3859 1127 3915 ἐκ
1180 3858 1409 3916 πολλῶν
1495 3863 2000 3941 συνεισφερόμενον,

340 3953 552 4027 κοῦφον
585 3948 818 4022 ἑκάστῳ.
857 3948 989 4005 ETW
1020 3948 1097 4010 εἰς
1139 3947 1309 4020 ζῆλον
1359 3948 1553 4014 αὐτοὺς
1600 3949 1743 4027 ἄγει,
1795 3948 2000 4029 διηγή-

343 4056 424 4091 σει
453 4042 561 4091 τῶν
594 4032 796 4098 ἒτένοις
848 4039 1326 4113 κατορθωθέντων.
1381 4039 1586 4113 ’Ὠσπερ
1642 4040 1766 4114 γὰρ,
1817 4040 2001 4119 φησὶν,

342 4125 398 4180 οἱ
440 4124 681 4181 Γαλάται
741 4127 1095 4196 πεποιήκασι.
1153 4128 1293 4201 ’Ὀρα
1352 4124 1411 4182 δὲ
1464 4131 1583 4192 πῶς
1640 4125 1885 4205 ἐμφαίνει
1941 4131 2004 4185 τὸ

339 4216 634 4290 ἀναγκαῖον
666 4219 764 4271 τοῦ
797 4214 1117 4293 γινομένου.
1151 4240 1179 4269 ιι
1212 4219 1443 4291 Ὥσπερ,
1504 4217 1659 4296 φησὶ,
1707 4215 1940 4292 διὲναξα.
1974 4243 2003 4272 »

343 4304 426 4362 Οὐ
457 4304 558 4381 γὰρ
591 4307 732 4375 εἷπε,
777 4305 1086 4381 Παρῄνεσα,
1118 4306 1177 4378 ἢ,
1230 4301 1779 4379 Συνεϐουλευσάμην,
1831 4306 2002 4381 ἀλλὰ,

347 4393 592 4468 Διέταξα,
624 4398 704 4468 τῷ
736 4395 871 4469 μετὰ
924 4395 1204 4458 αὐθεντίας
1262 4395 1507 4467 ἐπιτάξαι
1563 4392 1750 4469 δηλῶν
1804 4399 1866 4453 τὸ
1907 4403 2006 4454 τοῦ

348 4486 673 4561 πράγματος
740 4484 1112 4560 ἀπαραίτητόν
1166 4506 1225 4541 τε
1281 4486 1370 4541 καὶ
1424 4487 1729 4561 ἀναγκαῖον.
1784 4513 1811 4540 ιι
1861 4488 2009 4545 Κατᾶ

353 4574 485 4648 μίαν
544 4569 866 4633 Σαϐὅάτων.
927 4598 957 4628 ››
1017 4576 1160 4633 Μίαν
1218 4570 1516 4631 Σαϐϐάτων
1560 4576 1660 4645 τὴν
1734 4578 2002 4653 Κυριακήν
2036 4609 2082 4672 D

341 4661 519 4740 λέγει,
550 4664 642 4719 καὶ
674 4663 779 4721 ἀπό
834 4671 940 4735 τῆς
996 4665 1206 4741 ἡμέρας
1264 4663 1431 4733 αὐτῆς
1480 4661 1570 4719 ἐπὶ
1628 4662 2000 4739 ἐλεημοσύνην

341 4753 819 4829 προτρεπόμενος,
851 4758 958 4808 τῶν
1006 4753 1059 4810 ἐν
1114 4752 1251 4826 αὐτῇ
1316 4753 1632 4830 μυστηρίων
1683 4754 2007 4830 ὑπομιμνή-

347 4862 515 4902 σκων.
550 4867 579 4895 ιι
642 4845 772 4918 Παρ⁹
823 4844 1001 4918 ἑαυτῷ
1055 4845 1273 4907 τιθὲτω.
1330 4869 1351 4893 ο
1420 4848 1800 4919 ΙΙρονοητικῶς
1855 4843 2001 4903 λίαν.

345 4931 427 4991 Οὐ
459 4934 563 5011 γὰρ
591 4937 763 5002 εἶπεν,
795 4935 968 4998 Εὐθὺς
1024 4934 1256 5015 φερέτω,
1303 4934 1391 4990 ἳνα
1442 4938 1518 5009 μή
1569 4957 1651 4998 τις
1711 4936 2007 5017 ἐλάχιστον

346 5020 495 5100 ἔχων
558 5025 910 5102 αἰσχύνηται,
972 5025 1119 5082 ἀλλᾶ
1174 5031 1390 5100 πρῶτον
1446 5026 1593 5101 παρὰ
1645 5033 1829 5100 σαυτῷ
1887 5050 2007 5084 συν-

350 5114 532 5191 άγαγε,
590 5116 681 5171 καὶ
737 5117 863 5171 ὅταν
924 5115 1074 5191 ἄξιον
1134 5114 1305 5190 λόγου
1379 5117 1626 5191 γενηται,
1679 5119 1801 5173 τότε
1855 5120 2002 5197 φερε.

349 5231 375 5258 ιι
410 5205 798 5281 Θησαυριζέτω
855 5204 912 5262 δὲ
941 5207 970 5262 ’ὸ
1000 5228 1054 5262 τι
1108 5205 1169 5262 ἅν
1226 5204 1518 5275 εὐοδῶται,
1557 5231 1585 5257 ››
1641 5206 1942 5273 τουτέστιν,
1975 5208 2006 5264 δ

344 5297 405 5352 ἄν
441 5297 469 5351 ὁ
500 5296 632 5360 Θεὸς
662 5299 875 5375 πέμψῃ,
908 5304 997 5355 καί
1037 5298 1317 5374 εὐχέρειαν
1352 5300 1485 5376 σχῇ.
1522 5322 1549 5349 ιι
1580 5300 1696 5355 Ἵνα
1752 5302 1828 5372 μή
1878 5299 2004 5355 ὅταν

341 5380 515 5451 ἔλθω.
555 5409 580 5440 υ
614 5390 737 5446 Ἵνα
773 5389 882 5461 μής
935 5389 1119 5465 φησίν,
1172 5387 1262 5443 ὅτε
1307 5387 1500 5459 καιρός
1559 5384 1701 5443 ἐστιν
1750 5388 2006 5464 ἐκφορᾶς,

342 5475 469 5532 τότε
495 5478 740 5554 συνάγειν
772 5475 816 5548 ἃ,
843 5480 1022 5552 ξηται.
1064 5480 1110 5535 Τ
1113 5482 1159 5551 ᾦ
1192 5473 1247 5531 δε
1280 5476 1472 5544 εἰπεῖν,
1503 5500 1532 5530 ιι
1559 5479 1725 5535 Ὅταν
1775 5472 1940 5535 ἔλθω.
1975 5502 2006 5533 ››

341 5566 790 5639 προθυμοτέρους
824 5568 901 5631 εἰς
927 5571 1027 5639 τήν
1061 5565 1338 5641 συλλογὴν
1370 5567 1546 5635 ποιεῖ,
1589 5568 1663 5629 ὡς
1696 5567 1781 5624 ἐπ’
1818 5568 2009 5644 ἃψειιν

344 5654 511 5711 αὐτοῦ
544 5653 867 5731 μελλούσης
917 5660 1156 5736 γίνεσθαι
1211 5660 1312 5724 τῆς
1362 5655 1640 5734 εἰσφορᾶς.
1684 5682 1711 5715 α
1761 5658 1868 5724 Οἷίς
1916 5659 2004 5716 ἐὰν

347 5740 705 5819 δοκιμάσητε.
737 5770 767 5800 η
825 5746 1030 5814 Καλῶς
1083 5746 1170 5820 τὸ,
1230 5768 1261 5797 (ι
1302 5743 1412 5809 Οὕς
1458 5742 1523 5802 ἄν
1578 5742 1937 5823 δοκιμάσητε,
1967 5772 1991 5804 ι

2089 597 2356 671 gislatori
2390 606 2588 655 aulem
2645 600 2762 655 Deo
2822 590 2881 657 et
2910 604 3066 660 Patri
3101 607 3334 663 Domini
3394 590 3582 666 nostri
3613 611 3751 668 Iesu

2089 687 2304 743 Christi
2340 689 2416 743 sit
2446 690 2654 763 gratia.
2694 693 2821 762 Ipse
2852 692 3011 747 enim
3046 703 3102 749 et
3132 695 3322 769 legem
3377 702 3746 771 temporibus

2090 778 2213 833 suis
2245 778 2453 833 utilem
2487 779 2652 836 dedit
2685 796 2697 834 :
2732 786 2790 835 et
2811 799 2945 837 cum
2980 800 3089 838 nos
3122 786 3230 841 hac
3261 788 3333 842 ad
3365 791 3589 860 peccati
3642 808 3747 848 ro-

2088 867 2202 923 bur
2232 868 2397 923 abusi
2431 886 2719 929 essemus.
2755 887 2823 927 ac
2854 879 3159 943 peccatum
3197 878 3741 948 contirmassemus,

2092 974 2331 1012 rursum
2364 958 2491 1030 ipse
2526 976 2628 1030 per
2659 959 2875 1015 Filium
2909 978 3080 1018 suum
3125 964 3437 1023 Dominum
3471 978 3741 1027 nostrum

2087 1048 2285 1105 Jesum
2308 1050 2606 1106 Christum
2628 1050 2793 1107 dedit
2812 1052 2984 1108 nobis
3015 1053 3300 1112 adversus
3323 1057 3518 1129 ipsum
3550 1079 3749 1133 pecca-

2089 1145 2215 1195 tum
2247 1146 2475 1195 certum
2508 1141 2691 1197 robur
2720 1158 2786 1198 ac
2821 1142 3221 1201 indubitatam
3253 1147 3579 1206 victoriam.

2161 1324 2274 1389 XV,
2312 1324 2424 1378 1-4.
2464 1346 2491 1374 ι‹
2525 1324 2972 1395 Itaque.fratres
3003 1328 3119 1382 mei
3152 1328 3352 1385 dilecti
3386 1331 3631 1388 stabiles
3654 1333 3737 1388 si-

2089 1432 2117 1460 ιι
2154 1412 2249 1477 tis,
2283 1411 2622 1469 immobiles
2652 1414 3021 1471 abundantes
3043 1416 3104 1471 in
3137 1434 3313 1490 opere
3340 1420 3741 1477 Dominisem-

2088 1523 2117 1552 «
2152 1519 2276 1574 per.
2311 1503 2567 1558 scientes
2590 1504 2749 1576 quod
2780 1504 2949 1560 labor
2970 1512 3161 1562 vester
3189 1524 3310 1563 non
3339 1509 3415 1563 sit
3446 1509 3644 1566 inanis
3678 1510 3739 1566 in

2093 1612 2120 1644 ιι
2152 1591 2423 1647 Domino.
2462 1615 2490 1643 ››

2158 1681 2449 1747 Quoniam
2484 1697 2619 1755 ergo
2646 1681 2795 1750 haec,
2819 1681 3035 1756 inquit,
3067 1685 3149 1741 ita
3181 1702 3241 1742 se
3273 1686 3493 1744 habere
3532 1689 3746 1756 nostis,

2090 1779 2146 1831 et
2182 1790 2309 1829 esse
2335 1772 2854 1837 resurrectionem,
2909 1790 2976 1829 ac
3006 1774 3301 1832 bonorum
3356 1784 3415 1834 et
3454 1779 3749 1835 malorum

1485 1868 1581 1931 τῆς
1651 1858 1985 1923 ἀναστάσεως

2109 1862 2575 1929 retributionem,
2609 1867 2793 1918 state:
2820 1880 2957 1919 nam
2986 1863 3356 1922 fluctuabant
3376 1867 3534 1924 circa
3554 1886 3754 1925 resur-

2090 1952 2374 2010 rectionis
2388 1951 3758 2030 mysterium,vitamquenegligebant,tanquam

2092 2061 2213 2099 non
2238 2047 2393 2098 esset
2410 2041 3019 2099 resurrectio.Deinde
3038 2044 3311 2101 aitetiam
3329 2062 3342 2101 :
3359 2070 3386 2097 ιι
3422 2047 3754 2105 Abundan-

2095 2139 2182 2189 tes
2206 2133 2268 2188 in
2289 2148 2465 2205 opere
2484 2131 2720 2186 Domini
2748 2148 2761 2199 ;
2789 2154 2813 2181 η
2841 2149 2960 2187 non
2993 2134 3184 2189 solum
3212 2134 3271 2189 in
3306 2152 3374 2192 eo
3408 2143 3745 2209 operantes,

2093 2237 2295 2278 verum
2328 2222 2506 2276 etiam
2530 2219 2905 2277 abundantes
2935 2221 3107 2277 bonis
3138 2224 3493 2282 actionibus.
3516 2251 3541 2276 ιι
3566 2226 3754 2282 Labor

2094 2319 2288 2368 vester
2318 2327 2437 2366 non
2473 2309 2767 2366 sitinanis
2798 2310 2860 2365 in
2901 2312 3173 2373 Domino.
3211 2336 3238 2364 ››
3272 2332 3387 2386 quo
3442 2333 3623 2381 nunc,
3658 2317 3749 2371 in.

2096 2402 2247 2473 quit,
2280 2399 2696 2467 laboratis,sed
2729 2400 2858 2471 ejus
2884 2401 2996 2455 erit
3027 2401 3339 2459 retributio
3361 2421 3395 2460 a
3422 2405 3558 2461 Deo.
3581 2406 3748 2472 Quod

2101 2496 2301 2547 autem
2331 2488 2496 2557 dicit,
2529 2511 2557 2539 «
2590 2490 2656 2544 In
2685 2490 2958 2558 Domino,
2985 2515 3003 2536 -
3032 2491 3320 2567 intellige,
3347 2494 3436 2549 vel
3469 2493 3750 2567 laborqui

2102 2585 2193 2636 est
2222 2579 2282 2634 in
2314 2578 2584 2647 Domino,
2618 2579 2709 2634 vel
2740 2596 2774 2635 a
2809 2579 3055 2636 Domino
3086 2598 3207 2637 non
3238 2581 3556 2638 habebitur
3585 2584 3753 2640 labor

2099 2668 2317 2726 inanis.

2172 2779 2314 2847 XVI,
2352 2778 2467 2832 1-4.
2501 2799 2528 2827 ιι
2555 2777 2846 2833 Caeterum
2886 2776 2960 2833 de
3000 2777 3350 2836 collectione
3382 2780 3442 2835 in
3491 2786 3751 2849 sanctos,

2109 2888 2131 2917 ιι
2157 2865 2662 2939 quemadmodum
2678 2867 2929 2939 praecepi
2949 2866 3224 2925 Ecclesiis
3248 2870 3487 2926 Galatia:
3507 2872 3660 2928 582
3678 2872 3759 2927 ita

2106 2977 2130 3007 ι
2153 2962 2213 3012 et
2232 2973 2332 3012 vos
2352 2955 2623 3013 facite.ln
2638 2972 2756 3012 uno
2770 2956 3160 3013 Sabbatorum
3174 2960 3585 3031 unusquisque
3598 2959 3758 3031 apud

2106 3066 2135 3096 «
2160 3061 2221 3101 se
2241 3044 2788 3117 ponat.recondens
2814 3045 3106 3117 quidquid
3133 3048 3516 3103 commodum
3543 3047 3762 3105 fuerit:

2104 3156 2133 3185 ιι
2159 3149 2256 3195 ne.
2287 3150 2424 3189 cum
2443 3136 2830 3193 venero.tunc
2853 3134 3236 3191 collectiones
3262 3136 3539 3193 ﬁant.Ubi
3562 3143 3762 3195 autem

1451 3233 1548 3295 οὕς
1610 3234 1699 3290 ἐὰν
1760 3230 1994 3306 δοκιμά-

2109 3246 2131 3273 ιι
2172 3238 2410 3291 venero,
2451 3238 2841 3294 quoscunque
2882 3224 3274 3296 probaveritis
3319 3244 3427 3299 per
3458 3227 3765 3300 epistolas,

2103 3336 2131 3363 ιι
2156 3314 2268 3368 hos
2289 3312 2545 3377 mittam,
2578 3318 2645 3368 ut
2669 3312 2975 3385 perferant
2993 3315 3246 3389 gratiam
3269 3321 3522 3372 vestram
3546 3317 3755 3373 Hiero-

2104 3425 2128 3455 σ
2164 3403 2412 3476 solyma.
2439 3402 2605 3469 Quod
2629 3403 2676 3459 si
2709 3403 2953 3477 dignum
2978 3405 3155 3462 fuerit
3183 3412 3251 3462 ut
3276 3406 3459 3464 etiam
3481 3408 3605 3481 ipse
3624 3425 3755 3482 pro-

2103 3516 2129 3543 «
2156 3493 2409 3559 ﬁciscar,
2447 3510 2684 3550 mecum
2712 3494 3187 3568 proficiscentur.
3222 3519 3250 3547 »

2173 3582 2417 3656 Expleto
2430 3581 2502 3638 de
2517 3582 2893 3655 dogmatibus
2907 3601 3180 3641 sermone
3202 3585 3277 3641 ad
3299 3587 3581 3644 virtutum
3605 3602 3764 3643 sum-

2105 3690 2263 3729 mam
2293 3674 2475 3732 venit.
2526 3690 2743 3746 nempe
2776 3675 3241 3747 eleemosynam.
3297 3676 3500 3751 Λογίας
3555 3685 3759 3734 autem

2104 3763 2249 3819 dicit
2281 3780 2294 3817 :
2322 3762 2768 3829 Collectionem,
2802 3779 2927 3820 rem
2959 3765 3023 3821 in
3044 3764 3305 3822 exordiis
3326 3765 3512 3822 levem
3536 3766 3762 3823 faciens

2106 3853 2265 3925 quod
2296 3852 2456 3910 enim
2481 3852 2554 3909 ab
2576 3854 2871 3909 universis
2893 3855 2953 3911 in
2984 3871 3167 3913 unum
3192 3856 3753 3926 conferebatur,sin-

2107 3944 2260 4017 gulis
2286 3943 2412 3998 leve
2442 3948 2585 3998 erat.
2615 3943 2836 3998 Deinde
2858 3944 2933 3999 ad
2964 3945 3406 4001 azmulationem
3430 3963 3531 4003 eos
3575 3946 3760 4015 ducit,

2107 4033 2450 4088 narratione
2475 4048 2677 4089 eorum
2704 4050 2835 4105 qua:
2848 4033 2920 4089 ab
2944 4034 3079 4090 aliis
3104 4042 3263 4091 recte
3296 4041 3424 4093 acta
3446 4042 3615 4092 erant
3640 4054 3651 4092 :
3675 4037 3761 4092 ait

2113 4124 2303 4178 enim:
2327 4122 2836 4188 Quemadmodum
2863 4125 3080 4180 Galatzn
3104 4124 3540 4181 fecerunt.Vide
3563 4133 3764 4182 autem

2112 4214 2412 4287 quomodo
2445 4213 2723 4268 ostendat
2751 4213 2838 4269 rei
2872 4215 3345 4272 necessitatem.«
3379 4216 3773 4282 Quemadmm

2113 4304 2277 4372 dum,
2310 4304 2843 4377 inquit,pra:cepi.n
2870 4306 3067 4377 Neque
3092 4307 3250 4362 enim
3269 4306 3763 4373 dicitAdmonui,

2113 4402 2215 4452 aut
2244 4394 2832 4467 Suasi.sed.przecepi
2853 4398 3209 4467 perjussum
3247 4414 3382 4455 cum
3412 4397 3766 4453 auctoritate

2113 4484 2881 4559 signiﬁcansinevitabilem
2904 4486 2989 4541 rei
3014 4488 3433 4544 necessitatem
3492 4510 3519 4539 ιι
3554 4488 3619 4543 In
3648 4503 3767 4542 uno

2115 4573 2530 4631 Sabbatorum.
2566 4594 2594 4622 »
2631 4573 2822 4631 Unum
2847 4573 3238 4632 Sabbatorum
3282 4576 3575 4649 signiﬁcat
3610 4575 3770 4633 diem

2113 4663 2487 4720 Dominicum
2512 4679 2524 4716 :
2562 4678 2633 4716 ex
2662 4663 2790 4735 ipso
2829 4680 3065 4736 quoque
3094 4665 3190 4719 die
3220 4665 3297 4722 ad
3326 4666 3773 4736 eleemosynam

2116 4752 2461 4811 adhortans.
2502 4751 2659 4807 facta
2699 4753 3119 4823 mysteriorum
3152 4772 3285 4827 quae
3334 4755 3396 4810 in
3429 4772 3497 4812 eo
3530 4758 3771 4826 peracta

2115 4848 2255 4899 sunt
2285 4839 2611 4897 mentione.
2635 4863 2662 4888 «
2691 4839 2864 4911 Apud
2895 4858 2956 4897 se
2988 4850 3188 4915 ponat.
3229 4868 3248 4893 -
3288 4839 3531 4900 Provide
3559 4842 3770 4898 admo-

2115 4933 2277 4991 dum.
2308 4931 2611 5002 Siquidem
2641 4948 2762 4987 non
2802 4932 2983 4989 dixit:
3033 4935 3240 4990 Statim
3302 4936 3532 5004 afferat,
3592 4951 3666 4990 ne
3719 4933 3770 4989 is

2116 5023 2215 5096 qui
2250 5022 2415 5078 valde
2444 5036 2652 5093 parum
2682 5021 2861 5078 habet
2885 5023 3167 5095 pudetiat.
3195 5024 3297 5081 sed
3320 5025 3484 5097 prius
3500 5025 3656 5097 apud
3681 5030 3769 5080 tc-

2114 5114 2311 5185 ipsum
2352 5128 2659 5184 congrega.
2695 5128 2949 5184 cumque
3008 5115 3239 5171 ratione
3280 5115 3525 5189 dignum
3569 5115 3769 5186 fuerit,

2116 5210 2256 5260 tunc
2287 5204 2434 5258 affer
2465 5199 2800 5257 «Recondat
2829 5202 3119 5276 quidquid
3148 5206 3531 5263 commodum
3557 5206 3770 5261 fuerit»

2117 5294 2229 5349 hoc
2259 5298 2369 5359 est,
2420 5290 2817 5363 quodcunque
2862 5294 3018 5349 Deus
3073 5296 3321 5364 miserit,
3362 5302 3466 5354 aut
3510 5297 3560 5352 ei
3596 5297 3767 5353 facile

2114 5383 2314 5441 fuerit.
2352 5408 2371 5433 ι
2408 5384 2487 5437 Ne
2520 5400 2656 5438 cum
2688 5400 2931 5440 venero.
2960 5410 2987 5436 »
3020 5388 3100 5442 Ne
3123 5403 3259 5443 cum
3292 5388 3774 5461 tempus,inquit,

2118 5470 2406 5531 ell'erendi
2438 5471 2635 5538 fuerit,
2662 5478 2803 5529 tunc
2833 5490 3189 5550 congregare
3209 5478 3463 5549 quisque
3503 5477 3774 5549 incipiat.

2118 5570 2199 5619 1-,:
2230 5578 2299 5618 eo
2322 5565 2519 5618 autrm
2542 5562 2697 5631 quod
2719 5562 2835 5620 ait:
2864 5590 2889 5615 ιι
2916 5567 3060 5622 Cum
3080 5583 3355 5633 venero,»
3379 5565 3452 5621 ad
3476 5565 3774 5622 collectio-

2118 5669 2258 5711 nem
2290 5667 2391 5707 eos
2417 5649 2613 5707 reddit
2640 5654 3360 5729 promptiores,tanquam
3390 5654 3466 5711 ad
3495 5660 3771 5726 aspectus

2121 5760 2261 5802 suos
2280 5745 2598 5821 venturum
2638 5742 2716 5799 sit
2744 5744 2905 5818 quod
2935 5745 2997 5802 in
3022 5762 3208 5803 unum
3238 5743 3557 5816 colligitur.
3583 5744 3769 5809 Quos-
