4080 6406
319 420 441 480 899

1447 409 1873 476 CECUMENII
1920 406 2226 473 TlthCAI‘.
2272 411 2644 476 EPISCOPI.

3625 412 3747 475 900

318 569 554 622 cunque
578 547 1018 622 probaverim.»
1040 547 1197 603 Bene
1225 547 1341 602 ait:
1370 571 1392 595 «ι
1420 547 1814 617 Quoscunque
1839 561 1959 617 prol

2090 537 2522 618 ἀποτριϐόμενος
2580 549 2863 622 πανταχοῦ
2919 545 2984 602 τὸ
3041 541 3393 600 σκανδαλίσω
3448 544 3617 611 τινας,
3661 541 3740 606 ὦς

319 641 596 696 baveritis
623 657 635 704 ;
667 638 916 709 ~ubique
936 637 1202 693 devitans
1229 654 1302 692 ne
1322 637 1418 708 qui
1441 635 1975 692 oﬂ'endantur.tan-

318 748 494 802 quam
521 731 644 800 ipse
660 745 896 799 quoque
911 727 1187 782 nonnihil
1211 744 1422 798 capere
1438 727 1613 781 vellet
1635 742 1702 781 ex
1727 723 1819 779 his
1842 741 1972 796 qua)

315 825 838 892 congregarentur.
874 841 898 866 «ι
928 819 995 873 Ut
1029 817 1331 888 perferant
1362 816 1611 885 gratiam
1648 819 1967 869 vestram.»

316 909 572 964 Gratiam
607 908 773 964 dixit.
810 924 946 961 nam
977 907 1263 961 miserum
1292 913 1420 962 erat
1449 905 1846 975 eleemosynas
1869 920 1969 957 vo-

317 998 594 1054 cabulum
626 1003 684 1052 et
715 997 1022 1068 indignum
1046 995 1265 1051 sanctis
1298 994 1440 1066 quid
1472 993 1621 1048 illud
1669 990 1971 1064 accepturi

319 1095 504 1146 erant.
533 1087 837 1161 Signiﬁcat
867 1091 1045 1142 etiam
1085 1086 1376 1158 quodipsi
1418 1085 1676 1140 vicissim
1722 1083 1970 1156 gnatiam

318 1182 614 1253 recepturi
648 1187 848 1236 essent
876 1196 1089 1251 nempe
1111 1179 1480 1250 precationes
1505 1171 1971 1240 illorum.»Quod

320 1272 365 1324 si
383 1271 624 1342 dignum
642 1270 991 1326 luerit.»Per
1005 1271 1126 1323 hinc
1145 1267 1218 1324 ad
1232 1267 1543 1323 liberalem
1558 1265 1970 1321 collectionem

321 1378 419 1415 eos
442 1360 808 1416 exhortatur.
826 1360 882 1413 Si
916 1364 1101 1417 tanta.
1130 1357 1344 1429 inquit.
1379 1357 1604 1413 fuerint
1623 1362 1688 1410 ut
1719 1371 1814 1410 res
1837 1370 1969 1409 meo

317 1467 552 1522 quoque
567 1457 733 1522 egeat
746 1446 1756 1517 ministerio.veniam.588Ubique
1771 1449 1970 1500 autem

318 1540 452 1595 illos
480 1541 658 1595 etiam
689 1539 814 1594 vult
847 1537 1065 1593 habere
1097 1543 1296 1597 testes.
1359 1535 1517 1606 quod
1570 1535 1721 1590 nihil
1777 1551 1845 1589 ex
1876 1533 1970 1591 his

320 1635 672 1700 accepturus
706 1629 802 1692 sit,
838 1627 971 1682 ideo
1003 1627 1106 1688 ait.
1143 1649 1169 1676 ‹‹
1205 1629 1429 1681 Mecum
1461 1626 1969 1697 proﬁciscentur.»

393 1719 532 1782 XVI,
562 1721 684 1772 5-9.
725 1719 953 1772 Veniam
993 1723 1175 1770 autem
1213 1716 1286 1769 ad
1316 1731 1404 1770 vos
1435 1732 1557 1770 cum
1598 1714 1972 1768 Macedoniam

323 1810 610 1862 transiero.
644 1809 778 1862 Nam
810 1806 1192 1862 Macedoniam
1244 1806 1580 1859 transiturus
1623 1819 1764 1858 sum.
1807 1803 1977 1874 Apud

318 1912 408 1952 vos
440 1903 620 1951 autem
647 1897 900 1964 fortassis
915 1893 1269 1964 permanebo,
1301 1899 1398 1949 aut
1429 1895 1594 1948 etiam
1622 1892 1922 1947 hibernabo
1954 1909 1975 1944 .·
2005 1928 2051 1994 Β

317 1993 377 2040 ut
434 2004 526 2042 vos
573 2004 654 2041 me
711 1986 999 2040 deducatis
1059 2000 1382 2054 quocunque
1431 1983 1776 2053 proﬁciscar.
1836 1979 1971 2036 Nolo

316 2080 459 2131 enim
491 2094 582 2132 vos
611 2093 755 2131 nunc
785 2079 843 2130 in
894 2082 1212 2130 transcursu
1269 2075 1472 2142 videre,
1532 2073 1626 2128 sed
1675 2089 1832 2143 spero
1887 2088 1972 2126 me

315 2169 664 2236 aliquantum
705 2173 917 2236 tempus
947 2180 1388 2235 permansurum,
1419 2163 1469 2218 si
1525 2164 1786 2218 Dominus
1836 2178 1970 2232 per-

313 2258 544 2310 miserit.
583 2257 897 2310 Commoror
954 2260 1136 2310 autem
1189 2253 1396 2324 lzphesi
1425 2268 1596 2322 usque
1644 2252 1718 2306 ad
1774 2252 1970 2306 Pente-

315 2350 514 2397 costen.
557 2343 692 2396 Nam
753 2345 949 2397 ostium
986 2341 1130 2396 mihi
1183 2349 1442 2412 apertum
1480 2347 1558 2396 est
1598 2357 1860 2410 magnum
1917 2345 1970 2394 et

313 2435 533 2501 efﬁcax,
566 2438 616 2487 et
639 2432 943 2486 adversarii
958 2429 1142 2486 multi.

388 2544 412 2569 ‹‹
449 2522 592 2576 Cum
628 2519 1037 2575 Macedoniam
1062 2518 1356 2573 transiero
1388 2541 1416 2568 »
1450 2519 1576 2573 Non
1609 2517 1790 2572 dixit:
1819 2519 1964 2574 Cum

314 2610 716 2666 Macedoniam
759 2610 1056 2682 profectus
1089 2609 1280 2673 fuero,
1316 2607 1438 2673 sed,
1479 2631 1498 2655 ι
1561 2607 1898 2674 Transiero,
1930 2625 1957 2658 ι

309 2699 622 2756 consolans
663 2717 765 2756 eos
797 2699 966 2770 quasi
999 2703 1164 2754 recta
1205 2698 1281 2753 sit
1333 2697 1714 2752 adventurus.
1758 2697 1961 2753 Consi-

309 2791 450 2845 dera
481 2789 658 2846 etiam
717 2789 875 2860 quod
927 2789 1159 2843 czeteris
1207 2794 1653 2859 prwponantur.
1716 2787 1796 2842 De
1847 2786 1964 2842 illis

305 2878 454 2932 dixit
488 2897 552 2933 ;‹‹
577 2879 961 2933 Transiturus
996 2894 1167 2943 sum;
1199 2901 1226 2927 n
1261 2876 1332 2930 de
1365 2875 1459 2930 his
1492 2883 1728 2930 autem:
1756 2897 1785 2925 «
1824 2881 1964 2930 Per-

310 2967 582 3022 manebo.
617 2991 644 3017 »
670 2967 974 3038 Siquidem
1008 2966 1208 3037 plures
1241 2972 1411 3020 erant
1439 2964 1705 3020 Corinthi
1733 2963 1960 3032 ﬁdeles,

309 3055 439 3111 ideo
473 3057 650 3112 etiam
684 3057 756 3112 ab
796 3073 862 3112 eo
923 3061 1372 3128 praeponuntur.
1435 3077 1463 3105 ‹‹
1511 3054 1683 3125 Apud
1732 3071 1831 3110 vos
1863 3069 1963 3109 au-

311 3152 451 3214 tem,
486 3170 506 3194 ιι
545 3143 622 3214 δέ,
648 3147 706 3202 id
730 3152 838 3211 est,
873 3151 1094 3208 autem,
1128 3146 1238 3200 hoc
1262 3144 1390 3200 loco
1410 3143 1691 3208 abundat,
1734 3143 1791 3199 id
1825 3160 1960 3199 vero

309 3237 521 3292 divinae
545 3236 864 3307 Scriptura;
886 3234 1179 3290 familiare
1210 3241 1334 3302 est;
1361 3233 1503 3306 quin
1537 3240 1597 3289 et
1651 3232 1808 3306 apud
1859 3250 1960 3289 ex-

2083 633 2172 687 καὶ
2200 633 2368 690 αὐτοῦ
2409 655 2462 688 τι
2504 633 2852 710 βουλομένου
2911 630 3098 693 λαϐεῖν
3152 632 3213 692 ἐκ
3268 639 3374 689 τῶν
3435 634 3739 708 συναγομέ-

2083 744 2210 778 νωθ.
2249 748 2277 775 (‹
2313 725 2652 798 Ἀπενεγκεῖν
2686 733 2783 794 τήν
2826 729 2989 801 χάριν
3051 725 3228 798 ὑμῶν.
3267 749 3294 776 ››
3338 725 3513 798 Χάριν
3567 723 3735 784 εῗπεν,

2082 812 2316 888 Οἷκτρὸν
2347 814 2447 890 γὰρ
2501 815 2569 883 ἦν
2627 815 2691 870 τὸ
2748 823 2847 886 τῆς
2907 813 3302 888 ἓλεημοσύνης,
3369 815 3456 869 καὶ
3517 813 3734 887 ἀνάξιον

2079 908 2188 958 τῶε
2222 902 2541 976 μελλόντων
2594 901 2893 978 λαμϐάνειν
2947 904 3141 982 ἁγίων,
3191 904 3290 959 Καὶ
3341 905 3596 976 σημαίνει
3649 904 3734 958 ὅτι

2082 991 2478 1065 ἀντιλήψονται
2537 993 2626 1050 καὶ
2685 995 2843 1050 αὐτοὶ
2908 995 3096 1069 χάριν,
3153 995 3248 1056 τὰς
3307 993 3474 1069 εὐχὰς
3529 993 3732 1050 αὐτῶν.

2081 1109 2110 1137 ‹‹
2145 1085 2268 1141 Ἐὰν
2302 1082 2359 1140 δί
2389 1085 2426 1160 ᾔ
2457 1085 2628 1159 ἄξιον.
2666 1111 2694 1137 »δ
2728 1087 2826 1142 Διὰ
2855 1086 3063 1142 τούτων
3093 1085 3170 1147 εἷς
3202 1083 3487 1161 δαψίλειαν
3538 1083 3738 1151 αὐτοὺς

2081 1171 2464 1248 προτρέπεται.
2517 1176 2640 1232 Ἐὰν
2693 1174 2752 1250 ᾖ,
2801 1175 2958 1254 φησί,
3013 1179 3251 1231 τοσαῦτα
3326 1175 3399 1238 ὡς
3481 1175 3572 1230 καὶ
3627 1181 3729 1245 τῆς

2082 1263 2221 1337 ἐμῆς
2281 1261 2486 1329 δεῖσθαι
2553 1261 2830 1327 διακονίας
2887 1265 2950 1319 τὸ
3029 1271 3279 1341 πρᾶγμα,
3336 1263 3731 1338 ἀπελεύσομαι.

2083 1358 2373 1434 Πανταχοῦ
2405 1351 2460 1410 δὲ
2490 1356 2576 1409 καὶ
2609 1355 2736 1417 τοὺς
2797 1354 3010 1410 ἐκείνων
3063 1353 3211 1430 ἔχειν
3268 1358 3543 1430 μάρτυρας
3593 1355 3733 1430 βού-

2082 1441 2255 1512 λεται,
2289 1445 2363 1506 ὡς
2391 1444 2553 1508 αὐτὸς
2602 1441 2755 1500 οὐδὶν
2806 1443 3040 1520 λήψεται
3089 1444 3140 1515 ἐξ
3187 1443 3389 1505 αὐτῶν.
3435 1445 3527 1500 Διό
3576 1465 3732 1522 φησι,

2088 1555 2110 1584 ι
2147 1533 2250 1588 Σὺν
2283 1533 2408 1608 ἐμοὶ
2439 1534 2816 1610 πορεύσονται.
2851 1561 2874 1586 ι.

3180 1702 3307 1756 ὅταν
3400 1699 3738 1758 Μακεδονίαν

3376 1791 3520 1866 Πρὸς
3599 1790 3740 1865 ὑμᾶς

3643 1877 3736 1934 ’ίνα

2156 1696 2490 1772 Ἐλεύσομαι
2566 1697 2622 1755 δὲ
2688 1701 2824 1776 πρὸς
2916 1701 3074 1774 ὑμᾶς,

2086 1785 2308 1846 διέλθω.
2379 1785 2714 1846 Μακεδονίαν
2777 1791 2881 1866 γὰρ
2969 1787 3288 1870 διέρχομαι.

2085 1873 2142 1932 δὲ
2209 1879 2378 1954 τυχὸν
2467 1882 2789 1953 παραμενῶ,
2854 1877 2890 1948 ἥ
2963 1881 3051 1935 καί
3123 1879 3548 1956 παραχειμάσω,

2085 1967 2240 2040 ὑμεῖς
2298 1989 2365 2041 με
2421 1970 2786 2043 προπέμψητε
2843 1969 2905 2024 οὗ
2964 1968 3052 2024 ἐὰν
3107 1969 3449 2044 πορεύωμαι.
3511 1968 3588 2027 Οὗ
3648 1969 3737 2033 θέο

2081 2054 2164 2111 λιυ
2212 2057 2312 2133 γὰρ
2374 2057 2514 2130 ὑμᾶς
2572 2056 2697 2132 ὂίρτι
2755 2056 2808 2114 έν
2865 2054 3092 2134 παρόδῳ
3151 2055 3303 2115 ἰδεῖν.
3367 2059 3615 2129 Ἐλπίζω
3675 2053 3734 2113 δὲ

2079 2146 2276 2221 χρόνον
2333 2146 2455 2202 τινὰ
2513 2146 2792 2220 ἐπιμεῖναι
2849 2147 2985 2223 πρὸς
3071 2148 3236 2221 ὑμᾶς,
3295 2145 3384 2202 ἐὰν
3439 2148 3467 2202 ὁ
3527 2148 3734 2223 Κύριος

2078 2234 2364 2312 ἐπιτρέπῃ.
2422 2235 2698 2310 Ἐπιμένω
2757 2235 2814 2293 δὲ
2872 2236 2925 2293 έν
2980 2238 3191 2310 Ἐφέσῳ
3254 2234 3360 2302 ἕως
3441 2244 3542 2307 τῆς
3603 2244 3736 2292 ιΙεν-

2075 2333 2362 2396 τηκοστῆς.
2406 2326 2552 2402 Θόρα
2582 2327 2685 2403 γάρ
2720 2348 2815 2401 μοι
2845 2326 3048 2405 ἀνέῳγε
3091 2324 3306 2403 μεγάλη
3353 2327 3443 2382 καὶ
3493 2325 3736 2402 ἐνεργὴς,

2073 2415 2164 2470 καὶ
2194 2415 2552 2489 ἀντικείμενοι
2579 2413 2806 2476 πολλοί.

2146 2531 2174 2560 ιι
2207 2508 2374 2564 *Ὀταν
2417 2505 2745 2563 Μακεδονίαν
2795 2505 3014 2566 διέλθω.
3051 2533 3078 2560 ››
3128 2507 3243 2569 Οὐκ
3293 2508 3466 2573 εἶπεν,
3526 2506 3732 2566 Ἀπέλ-

2075 2607 2175 2661 θω,
2206 2595 2374 2668 ἀλλὰ,
2409 2624 2436 2651 α
2489 2599 2720 2672 Διέλθω,
2755 2623 2784 2652 ιο
2840 2599 3332 2676 παραμυθούμενος
3381 2597 3599 2672 αὐτοὺς,
3654 2599 3730 2664 ὡς

2074 2687 2229 2752 εὐθὺς
2283 2691 2739 2767 παραγινόμενος.
2802 2692 2904 2751 Καὶ
2965 2693 3064 2768 ὅρα
3148 2692 3506 2766 πίῖοτίμησιν,
3587 2691 3726 2748 ἐκεί-

2071 2799 2214 2848 νους,
2265 2805 2292 2832 ‹‹
2329 2779 2647 2860 Διέεχομαν
2683 2805 2711 2834 ››
2774 2780 2903 2855 ὑμῖν
2962 2779 3038 2847 δὲ,
3096 2808 3123 2834 ‹‹
3162 2786 3511 2859 [Ιαραμενῶν.
3544 2806 3572 2833 »
3622 2781 3722 2837 Καὶ

2069 2870 2171 2946 γὰρ
2225 2871 2450 2934 πλείους
2502 2873 2636 2941 ἦσαν
2693 2872 2744 2928 οἱ
2802 2879 2855 2929 tv
2915 2874 3165 2948 Κορίνθῳ
3220 2871 3424 2932 πιστοί.
3485 2873 3576 2928 Διὸ
3625 2873 3715 2928 καὶ

2071 2965 2446 3033 προτιμῶνται
2476 2961 2604 3036 παρ’
2634 2959 2818 3019 αὐτοῦ.
2873 2987 2899 3012 «ι
2937 2964 3082 3032 Ηςὸς
3135 2961 3276 3034 ὑμᾶς
3325 2958 3400 3017 δέ.
3437 2984 3462 3012 u
3509 2960 3585 3016 Τὸ
3635 2957 3714 3026 δὲ.

2068 3046 2326 3124 παρέλκει
2360 3049 2599 3106 ἐνταῦθα.
2639 3076 2665 3102 ‹‹
2702 3051 2842 3125 Πρὸς
2873 3051 3012 3124 ὑμᾶς
3044 3047 3120 3109 δέ,
3158 3075 3185 3103 ››
3222 3050 3453 3121 Σόνηθες
3495 3047 3552 3104 δὲ
3587 3053 3719 3104 τοῦ-

2068 3159 2130 3194 το
2160 3141 2228 3212 τῇ
2261 3139 2374 3210 θείᾳ
2405 3144 2617 3217 Γραφῇ,
2647 3139 2794 3196 ἀλλὰ
2824 3142 2911 3196 καὶ
2938 3142 3084 3216 παρά
3113 3146 3228 3204 τοῖς
3259 3141 3361 3215 ἔξω
3390 3146 3725 3218 συγγραφεῦ-

2069 3249 2142 3298 at,
2169 3227 2357 3298 πολλὴ
2381 3231 2416 3299 ἡ
2437 3229 2662 3302 τοιαύτη
2687 3233 2910 3306 χρῆσις,
2942 3230 3030 3286 καὶ
3068 3229 3304 3304 μάλιστα
3333 3236 3448 3295 τοῖς
3479 3232 3724 3287 ’Δττικι-

309 3333 512 3381 ternos
544 3325 862 3396 scriptores
893 3324 1173 3395 frequens
1214 3331 1302 3379 est
1332 3322 1678 3394 hujusmodi
1704 3339 1868 3384 usus.
1903 3328 1959 3378 et

2068 3322 2234 3380 σταῖς.
2271 3343 2298 3370 ι(
2331 3320 2515 3394 Ίύχὸν
2543 3324 2861 3395 παραμενῶ.
2897 3343 2925 3372 ››
2960 3318 3160 3383 Καλῶς
3188 3320 3271 3391 τὸ,
3313 3321 3504 3396 τυχὸν,
3554 3341 3720 3377 τουτο

308 3414 568 3469 maxime
599 3413 755 3486 apud
795 3414 1039 3469 Atticos.
1077 3435 1104 3462 «
1165 3412 1454 3467 Fortassis
1513 3411 1894 3482 permanebo.
1927 3431 1950 3462 ι

307 3505 464 3559 Bene
498 3503 661 3558 addit
686 3501 874 3574 τυχόν,
907 3501 967 3556 id
1018 3506 1128 3566 est,
1189 3499 1480 3565 fortassis,
1536 3500 1628 3556 vel
1683 3500 1953 3557 forsitan.

306 3595 508 3664 Neque
535 3593 692 3648 enim
723 3593 966 3648 omnino
997 3598 1242 3647 noverat
1269 3599 1469 3646 utrum
1502 3591 1612 3647 hoc
1657 3607 1690 3646 a
1744 3593 1956 3664 spiritu

307 3683 735 3739 concederetur
765 3699 840 3738 an
870 3699 990 3737 non
1051 3681 1392 3737 liilectionis
1433 3687 1629 3737 autem
1667 3681 1952 3737 indicium

305 3780 411 3831 est.
441 3773 596 3846 apud
627 3774 786 3844 ipsos
821 3787 1172 3844 permanere
1203 3777 1260 3827 et
1289 3769 1362 3826 ab
1397 3771 1538 3842 ipsis
1561 3770 1794 3826 deduci.
1821 3794 1847 3820 ‹‹
1885 3773 1956 3827 Ut

302 3879 403 3917 vos
434 3879 528 3918 me
561 3862 887 3925 deducatis.
921 3886 949 3911 n
983 3861 1189 3918 etc.Ad
1223 3861 1696 3916 exhortationem
1721 3867 1778 3916 et
1810 3877 1954 3916 con-

302 3953 655 4008 solationem
689 3954 953 4023 ipsorum
985 3950 1135 4006 dixit
1165 3950 1308 4008 hinc.
1335 3966 1548 4022 nempe
1587 3968 1600 4006 :
1635 3973 1663 4000 ‹‹
1726 3950 1798 4005 Ut
1853 3966 1953 4005 vos

301 4059 396 4097 me
423 4041 752 4107 deducatis,
790 4063 816 4089 ι»
848 4041 991 4104 sive,
1024 4063 1052 4088 «
1114 4039 1493 4095 Prmmitiatis
1527 4055 1540 4106 ;
1576 4061 1602 4089 »δ
1638 4044 1716 4101 et.
1749 4062 1775 4087 ‹‹
1808 4039 1950 4094 Nolo

300 4150 400 4187 vos
432 4131 605 4186 modo
637 4131 699 4186 in
733 4131 986 4186 transitu
1017 4129 1248 4198 videre;
1277 4153 1302 4179 »ι
1337 4136 1394 4185 et
1429 4147 1488 4183 :«
1524 4129 1706 4201 Spero
1737 4145 1831 4184 me
1849 4131 1952 4184 ali-

302 4227 590 4293 quantum
623 4227 857 4295 tempus
887 4220 1043 4291 apud
1075 4237 1172 4274 vos
1223 4235 1704 4290 permansurum.
1731 4241 1758 4267 ››
1787 4219 1950 4283 Quod

299 4316 498 4366 autem
531 4308 694 4364 addit
719 4325 731 4363 :
757 4333 781 4359 ι(
805 4309 860 4364 Si
887 4309 1168 4364 Dominus
1202 4307 1559 4380 permiserit,
1597 4329 1624 4358 ιι
1656 4306 1949 4378 interpre-

298 4399 442 4452 tatio
475 4403 566 4452 est
597 4399 724 4468 ejus
750 4398 908 4468 quod
931 4397 1336 4470 supradictum
1361 4401 1583 4451 est.cur
1604 4395 1951 4452 videlicetin

298 4503 367 4543 ea
397 4487 687 4558 particula
719 4503 732 4543 :
760 4487 983 4559 «Apud
1015 4504 1116 4542 vos
1149 4491 1349 4542 autem
1381 4484 1650 4541 fortassis
1709 4503 1947 4556 perma-

297 4576 490 4642 nebo;
526 4598 554 4626 ››
613 4576 928 4645 addiderit,
965 4600 992 4627 ‹‹
1024 4575 1335 4639 Fortassis,
1367 4596 1394 4624 »
1419 4575 1560 4646 quia
1597 4575 1820 4644 nescio,
1854 4577 1947 4632 in-

2060 3407 2202 3462 έστιν
2234 3408 2390 3470 ἳσως.
2422 3407 2499 3466 Οὐ
2528 3410 2630 3484 γὰρ
2664 3405 2785 3484 ᾔδει
2838 3409 3050 3475 πάντως
3099 3410 3202 3465 ὑπὸ
3254 3414 3351 3466 τοῦ
3401 3409 3718 3484 Πνεῦματος

2058 3502 2218 3554 τοῦτο
2253 3499 2701 3573 έπιτρεπόμενος,
2733 3499 2769 3570 ἢ
2802 3499 2886 3557 οὕ.
2948 3500 3192 3576 Ἀγάπης
3223 3497 3280 3555 δὲ
3329 3496 3595 3556 δεικτικὸν
3653 3500 3718 3556 τό

2056 3609 2114 3643 τε
2167 3595 2492 3664 παραμεῖναι
2547 3588 2756 3655 αὐτοῖς,
2816 3590 2908 3646 καὶ
2964 3589 3027 3646 τὸ
3087 3591 3178 3646 ὑπ’
3237 3588 3413 3645 αὐτῶν
3468 3611 3721 3666 προπεμ·

2057 3680 2270 3756 φθῆναι.
2307 3706 2333 3731 u
2367 3680 2486 3736 Ἵνα
2549 3680 2706 3754 ὑμεῖς
2767 3701 2833 3755 με
2881 3678 3268 3755 προπέμψητε,
3304 3705 3326 3734 ι
3375 3679 3466 3736 καί
3517 3681 3582 3735 τὰ
3631 3681 3722 3751 ἐφ-

2056 3769 2196 3837 εξῆς.
2251 3768 2343 3830 Εἷς
2374 3766 2720 3842 παράκλησιν
2752 3769 2926 3826 αὐτῶν
2985 3769 3075 3825 καὶ
3094 3769 3438 3843 παραμυθίαν
3474 3768 3715 3843 εἴρηκεν,

2056 3858 2197 3928 οἷον,
2231 3885 2256 3910 α
2285 3860 2399 3916 Ἵνα
2431 3861 2586 3934 ὑμεῖς
2623 3882 2690 3933 με
2721 3861 3107 3936 προπέμψητε,
3139 3884 3166 3914 ››
3206 3860 3319 3928 καὶ,
3382 3885 3409 3913 ιι
3442 3860 3521 3919 Οὐ
3565 3858 3714 3916 θέλω

2055 3951 2194 4025 ὑμᾶς
2225 3950 2346 4026 ἇίρτι
2377 3951 2429 4006 ἐν
2459 3950 2684 4026 παρόδῳ
2719 3949 2868 4010 ἰδεῖν.
2908 3977 2934 4005 »ι
2970 3953 3092 4020 Καὶ,
3123 3978 3150 4005 ‹‹
3202 3951 3445 4023 Ἐλπίζω
3503 3953 3708 4030 ’χρόνον

2053 4041 2326 4114 ἕπιμεῖναι
2356 4042 2492 4116 πρὸς
2529 4042 2688 4114 ὑμᾶς.
2715 4066 2742 4093 ι»
2774 4043 2854 4099 Ίὸ
2887 4041 2964 4110 δὲ,
2998 4067 3025 4094 ‹‹
3064 4044 3187 4100 Ἐὰν
3213 4043 3241 4098 ὁ
3267 4049 3462 4116 Κύριος
3494 4040 3708 4117 ἐπιτρέ-

2053 4151 2154 4205 πῃ,
2217 4154 2244 4181 ››
2304 4131 2565 4207 ἑρμηνεία
2618 4129 2730 4188 ἐστὶ
2788 4136 2887 4188 τοῦ
2945 4133 3240 4207 εἴρημένου
3299 4131 3521 4201 ἄνωθεν,
3587 4134 3710 4201 τοῦ,

2054 4245 2080 4272 ιι
2117 4219 2261 4294 Πρὸς
2290 4220 2427 4293 ὑμᾶς
2458 4217 2515 4276 δὲ
2540 4221 2712 4296 τυχὸν
2742 4221 2834 4276 καὶ
2884 4226 3204 4298 παραμενῶ,
3249 4249 3272 4273 ››
3325 4219 3413 4278 διὰ
3461 4222 3513 4277 τί
3566 4221 3706 4290 εἷπε,

2055 4331 2080 4362 (ι
2113 4309 2297 4384 Τυχόν
2323 4331 2336 4379 ;
2372 4335 2398 4361 »
2420 4313 2542 4368 ’Ότι
2570 4311 2670 4366 οὐκ
2693 4309 2818 4366 οῖδα
2842 4309 2931 4367 ἐὰν
2965 4313 2993 4367 ὁ
3026 4310 3224 4387 Κύριος
3267 4310 3554 4387 ἐπιτρέπῃ,
3577 4307 3708 4365 ἀλλ’

2051 4395 2144 4454 οὖν
2203 4399 2266 4454 τὸ
2325 4397 2456 4472 ἐμὸν
2517 4399 2756 4473 θέλημα,
2812 4399 2907 4456 *ίνα
2965 4403 3278 4477 προσμείνω
3358 4403 3487 4473 ὑμῖν
3541 4399 3702 4456 ἐστιν.

2051 4512 2077 4539 ‹‹
2111 4489 2390 4562 Ἐπιμένω
2422 4486 2478 4543 δὲ
2509 4486 2560 4542 ἐν
2623 4488 2854 4566 Ἐφέσῳ.
2890 4513 2918 4540 »
2973 4486 3195 4564 Σφόδρα
3243 4490 3564 4564 ἀγαπῶντος
3611 4488 3702 4560 ἦν,

2044 4577 2108 4633 τὸ
2137 4597 2196 4633 τε
2227 4577 2394 4633 εἰπεῖν
2427 4583 2532 4632 ποῦ
2563 4581 2877 4652 προσμένει,
2909 4579 2997 4634 καὶ
3029 4579 3092 4634 τὸ
3127 4581 3296 4654 μέχρι
3324 4577 3468 4648 τότε,
3505 4603 3530 4631 ιι
3555 4579 3701 4636 Ἕως

299 4667 444 4737 quit.
478 4672 677 4722 utrum
702 4667 989 4723 Dominus
1022 4665 1344 4738 permittet.
1373 4664 1573 4736 Itaque
1595 4681 1729 4721 mea
1752 4665 1950 4723 volun-

2068 4676 2154 4737 τῆς
2216 4675 2616 4739 Πειτηκοστῆς,
2649 4694 2672 4718 υ
2731 4669 2883 4749 φησί.
2938 4669 3044 4726 Καὶ
3078 4668 3165 4725 διὰ
3196 4671 3249 4724 τί
3284 4689 3297 4740 ;
3333 4693 3361 4724 (ι
3413 4668 3554 4740 Θῦρα
3595 4666 3697 4741 γάρ

296 4763 385 4811 tas
435 4763 524 4812 est
575 4763 642 4813 ut
698 4756 858 4828 apud
915 4771 1017 4811 vos
1067 4771 1468 4827 permaneam.
1507 4752 1555 4806 α’
1594 4757 1944 4813 Commoror

299 4852 496 4902 autem
551 4847 786 4917 Ephesi.
846 4869 873 4894 »ι
913 4845 1307 4901 Vehementer
1336 4845 1591 4900 amantis
1651 4850 1778 4900 erat
1820 4852 1946 4900 tum

300 4937 515 4999 dicere,
548 4937 650 4993 ubi
683 4937 941 5010 degeret,
965 4944 1092 4993 tum
1125 4938 1302 4993 etiam
1344 4936 1610 5008 quandiu
1653 4935 1733 4990 ibi
1784 4953 1948 4990 com-

297 5034 652 5082 moraretur.
705 5028 898 5097 Usque
946 5027 1020 5083 ad
1095 5029 1507 5089 Pentecosten,
1596 5024 1810 5095 inquit.
1879 5026 1949 5080 Et

297 5132 479 5185 quare
503 5115 529 5170 ?
559 5139 582 5164 υ
613 5118 753 5170 Nam
786 5118 1003 5172 ostium
1027 5118 1169 5172 mihi
1198 5122 1467 5185 apertum
1488 5118 1597 5168 est.
1636 5136 1662 5161 ››
1696 5114 1814 5169 Hoc
1837 5120 1944 5181 est,

297 5205 471 5260 multi
504 5211 643 5260 sunt
673 5207 986 5278 praeparati
1017 5207 1090 5263 ad
1123 5204 1565 5277 suscipiendam
1601 5201 1779 5257 fidem
1814 5220 1827 5258 :
1854 5203 1946 5258 in-

294 5310 532 5366 gressus
563 5312 700 5368 ergo
729 5296 958 5351 mihiad
993 5296 1130 5350 illos
1146 5301 1253 5350 est.
1284 5293 1342 5348 Id
1357 5299 1555 5348 autem
1589 5290 1946 5347 conﬁdentis

295 5390 383 5439 est
413 5383 570 5456 quod
599 5384 820 5456 ubique
851 5389 1145 5441 terrarum
1168 5384 1453 5453 deinceps
1472 5380 1652 5435 ﬁdem
1705 5387 1945 5452 proten-

293 5473 477 5530 deret.
515 5498 542 5523 ‹‹
567 5476 710 5530 Nam
743 5475 961 5530 ostium
991 5474 1134 5530 mihi
1163 5477 1433 5544 apertum
1457 5475 1546 5525 est
1576 5476 1635 5524 et
1663 5485 1944 5542 magnum

294 5563 598 5620 etel'licax.
636 5587 664 5613 ››
705 5564 862 5621 584
892 5564 1073 5636 Viget.
1101 5562 1319 5633 inquit,
1348 5576 1516 5616 mens
1548 5558 1789 5615 illorum
1842 5562 1942 5633 qui

2060 4778 2153 4830 μοι
2186 4759 2469 4831 ἀνέῳκται,
2507 4783 2532 4808 n
2564 4757 2827 4828 τουτέστι,
2862 4756 3070 4815 πολλοί
3100 4758 3232 4816 εἰσιν
3278 4760 3332 4815 οἱ
3376 4777 3706 4836 παρεσκευα-

2059 4847 2247 4920 σμένοι
2287 4849 2387 4916 τήν
2427 4847 2608 4902 πίστιν
2667 4844 2934 4920 δέξασθαι.
2996 4846 3245 4911 Ἐἶ’σοδος
3305 4850 3400 4902 οὖν
3452 4845 3564 4902 ἐστί
3617 4864 3712 4919 μοι

2055 4936 2194 5012 πρὸς
2225 4935 2442 4998 αὐτούς.
2497 4941 2670 4993 Τοῦτο
2726 4935 2784 4992 δὲ
2839 4937 2931 4992 καὶ
2982 4936 3496 5015 παραθαρρύνοντός
3546 4935 3712 5004 ἐστιν,

2056 5023 2139 5080 ὅτι
2199 5030 2484 5101 πανταχοῦ
2539 5030 2644 5100 γῆς
2700 5023 2895 5082 λοιπόν
2954 5025 3224 5083 ἁπλοῦται
3290 5028 3353 5083 τὸ
3431 5028 3714 5101 κήρυγμα.

2058 5139 2084 5165 ιι
2119 5113 2263 5188 Θύρα
2307 5116 2410 5189 γάρ
2487 5136 2582 5188 μοι
2649 5113 2847 5192 ἂνέῳγε
2916 5115 3131 5193 μεγάλη
3199 5117 3296 5172 καὶ
3359 5115 3610 5192 ἐνεργής.
3683 5141 3706 5170 ι

2057 5203 2334 5275 Ἀκμάζει,
2367 5205 2520 5284 φησὶ,
2543 5209 2650 5260 τῶν
2706 5207 2991 5282 προσιέναι
3045 5205 3366 5280 μελλόντων
3412 5209 3481 5280 τῇ
3534 5205 3716 5259 πίστει

2055 5294 2090 5362 ἡ
2125 5289 2358 5357 διάνοια,
2409 5291 2563 5349 οὐδὲν
2615 5299 2818 5370 χαῦνον
2851 5293 2887 5365 ἤ
2921 5293 3156 5372 δίψυχον
3203 5295 3426 5372 ἔχουσα.
3483 5295 3580 5350 Διά
3625 5315 3714 5350 τοι

2055 5385 2218 5437 τοῦτο
2248 5383 2338 5438 καὶ
2373 5383 2738 5456 ἀντικείμενοι
2770 5383 2996 5444 πολλοί,
3027 5388 3181 5460 "(lup
3221 5387 3324 5463 γὰρ
3366 5386 3469 5461 ὁρᾷ
3521 5383 3714 5440 ἑαυτὸν

2057 5471 2086 5526 ὁ
2141 5467 2402 5535 διάϐολος
2453 5473 2858 5548 γυμνούμενον,
2916 5475 3163 5549 τοσούτῳ
3245 5475 3565 5550 ταράσσεται
3623 5473 3716 5529 καὶ

2051 5561 2179 5624 τοὺς
2214 5561 2653 5636 ἐναντιουμένους
2683 5563 2958 5641 έξεγείρει.

292 5654 366 5710 ad
393 5655 568 5710 fidem
599 5652 897 5710 accessuri
932 5658 1091 5720 sunt,
1125 5651 1276 5707 nihil
1333 5649 1534 5707 laxum
1565 5648 1791 5707 habens
1839 5657 1943 5710 aut
1991 5653 2479 5712 fraudulentum:
2540 5660 2856 5729 propterea
2908 5658 3088 5714 etiam
3146 5656 3471 5714 adversarii
3512 5653 3710 5713 multi.

295 5743 524 5807 Quanto
585 5742 747 5797 enim
809 5742 992 5814 magis
1047 5740 1206 5797 videt
1281 5737 1550 5799 diabolus
1626 5756 1688 5797 se
1767 5743 2036 5815 spoliari,
2093 5748 2260 5802 tanto
2338 5744 2595 5818 amplius
2674 5746 2971 5817 turbatur,
3043 5753 3104 5804 et
3177 5745 3547 5805 adversarios
3611 5759 3718 5804 ex-

297 5830 458 5888 citat.
