4080 6416
302 436 414 500 ’901
1270 424 1683 492 COMMENT.
1732 425 1810 489 ΙΝ
1855 424 1913 488 Ε]

2156 425 2185 491 1
2227 427 2332 488 AD
2375 425 2741 493 CQRINT‘H.
3606 433 3724 493 οοε

328 556 500 626 ’Ἐὰν
556 562 616 622 δὲ
699 562 834 640 ἔλθῃ
908 561 1235 649 Τιμόθεοςη
1293 558 1527 637 βλέπετε
1591 557 1686 616 ἳνα
1742 553 1934 641 ἀφόϐω

2146 559 2294 633 XVI,
2328 564 2514 622 l0-l2.
2542 564 2698 631 Quod
2750 563 2799 621 si
2843 569 3054 624 venerit
3095 565 3429 633 Timotheus,
3459 567 3638 625 videte
3663 575 3725 625 ut

310 657 547 736 γένηται⁸
610 655 748 732 πρὸς
833 653 974 728 ὑμᾶς
1032 653 1135 730 γάρ
1209 645 1368 730 ἔργον
1428 650 1634 722 Κυρίου
1684 648 1921 729 ἐργάζετε

2116 654 2279 727 bsque
2304 662 2450 712 metu
2479 658 2550 712 sit
2578 656 2732 728 apud
2770 674 2882 715 vos.
2923 660 3069 730 Opus
3098 660 3243 716 enim
3276 662 3496 716 Domini
3525 676 3723 732 apera-

317 752 387 812 ὡς
418 749 506 804 καὶ
567 746 692 821 ἐγὼ.
753 745 846 816 Μή
904 765 987 806 τις
1048 743 1140 799 οὗν
1192 741 1352 798 αὐτὸν
1408 740 1755 816 ἐξουθενήσῃ.
1826 740 1928 817 ΙΙρὶ

2112 761 2174 800 ur
2199 747 2342 801 sicut
2370 752 2421 801 et
2446 762 2562 818 ego.
2592 748 2669 802 Ne
2697 748 2820 818 quis
2863 764 2990 819 ergo
3021 751 3202 820 ipsum
3228 757 3454 821 spernat
3481 750 3611 807 :sed
3629 750 3723 806 de-

318 839 567 914 πὲμψατε
615 834 674 892 δὲ
728 834 894 890 αὐτὸν
947 831 1000 889 ἐν
1076 832 1289 907 εἰρήνῃ,
1343 828 1435 886 ’ἱνα
1490 824 1625 904 ἔλθῃ
1680 830 1819 906 πρός
1881 851 1929 904 με

2115 837 2265 890 'ucite
2293 851 2414 891 eum
2457 838 2517 891 in
2543 852 2702 907 pace,
2723 843 2785 892 ut
2816 837 2886 892 ad
2926 855 3010 893 me
3047 842 3252 894 veniat.
3286 843 3553 911 Exspecto
3582 841 3726 895 enim

315 924 649 1007 Ἐκδὲχομαι
702 925 805 1000 γὰρ
890 921 1050 979 αὐτὸν
1130 922 1268 996 μετὰ
1347 925 1458 977 τῶν
1511 919 1785 999 ἀδελφῶν.
1838 925 1926 995 lle;

2117 924 2239 980 ltum
2270 941 2390 981 cum
2431 926 2722 995 fratribus.
2762 928 2934 982 Porro
2983 928 3050 982 de
3077 928 3277 998 Apollo
3314 932 3529 998 fratre:
3582 928 3728 985 mul-

318 1015 371 1074 δὶ
431 1014 664 1075 Ἀπλλῶ
720 1011 818 1069 τοῦ
876 1009 1116 1091 ἀδελφοῦ
1152 1055 1167 1083 ,
1227 1009 1416 1067 πολλὰ
1473 1009 1818 1084 παρεκάλεσα
1874 1008 1929 1064 αὖ

2120 1031 2198 1069 um
2222 1014 2471 1071 hortatus
2500 1031 2620 1071 sum
2651 1015 2827 1071 illum.
2867 1022 2930 1071 ut
2963 1018 3069 1072 iret
3098 1017 3173 1073 ad
3225 1033 3318 1073 vos
3360 1035 3481 1074 cum
3532 1021 3731 1088 fratri-

317 1109 434 1176 τὸν,
489 1103 585 1161 ’ἱνα
639 1097 780 1180 ἔλθῃ
837 1104 975 1178 πρὸς
1034 1103 1177 1176 ὑμᾶς
1231 1105 1339 1157 τῶν
1399 1096 1630 1163 ἀδελῶν,
1683 1097 1775 1155 καὶ
1835 1094 1928 1153 πάλ

2116 1119 2201 1169 us,
2257 1109 2310 1159 et
2357 1106 2581 1161 omnino
2635 1121 2748 1160 non
2805 1112 2925 1161 erat
2969 1106 3226 1163 voluntas
3287 1115 3350 1163 ut
3414 1123 3559 1163 nunc
3602 1110 3727 1163 iret.

318 1215 424 1259 τως
471 1193 571 1250 οὐκ
624 1191 692 1262 ἦν
755 1188 974 1263 θέλημα
1036 1186 1133 1245 τίνα
1189 1186 1281 1244 νῧν
1333 1184 1486 1264 ἔλθῃ.
1548 1186 1857 1246 Ἐλεύσεται
1916 1180 1929 1239 ί

2120 1195 2466 1263 ’ro/iciscetur
2490 1202 2694 1264 autem,
2723 1212 2845 1252 cum
2902 1202 3097 1253 nactus
3124 1199 3303 1267 fuerit
3347 1201 3731 1271 Opportunita-

320 1284 446 1342 δυαν
479 1282 795 1358 ευκαιρήσῃ.

2083 1291 2212 1341 tem.
3264 1308 3272 1313 -

387 1373 514 1449 υύχ
535 1370 631 1427 ’ίνα
660 1373 735 1445 μή
767 1390 851 1432 τις
873 1369 1022 1442 αὖτῷ
1047 1362 1413 1443 ἐπιϐουλεύσῃ
1443 1372 1553 1424 τῶν
1584 1363 1975 1422 πλουτούντων

2153 1377 2280 1431 Non
2310 1380 2627 1448 propterea
2659 1375 2823 1443 dicit,
2856 1376 2987 1433 sine
3044 1378 3279 1445 timore,
3337 1377 3451 1436 hoc
3494 1386 3604 1445 est,
3660 1397 3733 1438 ne

318 1463 353 1535 ἢ
385 1461 549 1543 σοφίᾳ
572 1458 937 1528 πεποιθότων,
966 1458 1090 1534 περὶ
1109 1458 1183 1513 ὧν
1196 1456 1247 1513 ἐν
1271 1457 1473 1534 ἀρχαῖς
1501 1450 1682 1531 ἔλεγεν
1706 1455 1780 1518 ὡς
1801 1474 1929 1531 παρα

2123 1464 2220 1521 uis
2248 1464 2361 1537 ipsi
2395 1465 2714 1522 insidietur
2742 1466 2984 1523 divitum
3044 1474 3147 1524 aut
3204 1469 3501 1542 sapientia
3546 1470 3732 1527 confi-

323 1542 583 1610 σπώντων
615 1550 741 1613 τοὸς
774 1550 1044 1623 μαθητὰς,
1068 1546 1158 1604 διά
1180 1552 1340 1604 τοῦτο
1385 1545 1555 1624 λέγει.
1592 1572 1619 1600 ‹‹
1656 1542 1911 1623 Ἀφόϐως

2126 1556 2453 1624 entium,de
2484 1557 2701 1628 quibus
2727 1557 2885 1614 circa
2916 1559 3087 1615 initia
3116 1560 3265 1615 dixit
3294 1560 3453 1633 quod
3505 1561 3736 1617 abstra-

323 1644 371 1719 (ὁ
405 1643 500 1717 μὲν
525 1642 627 1717 γάρ
676 1639 958 1714 Τομόθεος
1015 1638 1188 1694 πάντα
1242 1638 1309 1708 ἧν
1364 1634 1591 1709 ἕτοιμος
1638 1636 1934 1710 ὐπομεῖναιξ

2128 1651 2298 1702 erent
2324 1645 2821 1718 discipulos.Nam
2843 1647 3188 1706 Timotheus
3218 1650 3420 1708 omnia
3439 1651 3736 1706 sustinere

304 1730 553 1789 ’ἀλλ”ίνα
572 1731 649 1803 μὴ
679 1730 733 1786 οἱ
752 1724 1044 1785 ἐπίϐουλοι
1068 1722 1344 1804 βλαϐῶσε.
1372 1728 1565 1788 Καλῶς
1588 1722 1647 1780 δι
1667 1725 1751 1793 τὸ,
1775 1750 1803 1777 ιι
1833 1726 1910 1798 Ηρ

2126 1741 2327 1790 aratus
2358 1740 2486 1791 erat
2520 1734 2661 1790 :sed
2693 1751 2767 1790 ne
2818 1735 3198 1793 insidiatores
3254 1743 3528 1794 noceant.
3581 1738 3737 1793 Bene

332 1821 487 1894 ὑμᾶς.
515 1845 542 1874 ι»
575 1820 671 1889 Μὴ
697 1819 802 1897 γὰρ
840 1838 957 1893 μοι,
989 1818 1170 1896 φησὶν,
1192 1815 1475 1888 Ἕλληνας
1522 1813 1699 1890 εἶ’πῃς,
1742 1813 1878 1877 τέως
1909 1835 1939 1870 τ

2129 1832 2287 1882 utem
2317 1825 2498 1883 dicit:
2535 1849 2563 1877 ‹‹
2585 1826 2755 1898 Apud
2786 1843 2906 1882 vos.
2936 1851 2964 1878 »ι
2996 1829 3076 1883 Ne
3104 1828 3264 1884 enim
3312 1828 3459 1885 mihi
3509 1829 3740 1885 Graecos

332 1911 455 1986 παρ’
479 1910 627 1985 ὑμῶν
662 1912 831 2019 ζηξῶ.
854 1931 883 1961 ιι
906 1908 978 1963 Τὸ
1015 1906 1123 1982 γὰρ
1133 1900 1303 2019 ἔργον
1352 1905 1551 1982 Κυρίου
1609 1904 1910 1980 ἐργάζεται.

332 1999 399 2019 ην
500 1998 515 2019 9
569 1999 582 2019 κ
688 2002 713 2014 ς-
786 2017 797 2019 _
856 2017 889 2019 μ
945 1999 1037 2019 με
1076 1992 1117 2019 β.
1169 1994 1462 2019 tum“,
1510 1993 1799 2019 _,,4__¢__--_.
1883 2011 1943 2019 _--

2133 1915 2273 1979 icas,
2306 1915 2546 1971 interim
2600 1933 2732 1987 quas
2762 1933 2797 1972 a
2825 1916 2995 1973 vobis
3052 1920 3322 1990 praestari
3352 1925 3602 1992 possunt
3644 1935 3744 1975 re-

330 1999 462 2058 Εἶτα
488 1998 592 2055 ἀπὸ
619 2002 718 2055 τοῦ
747 1990 912 2075 ἔργου
939 1999 1042 2052 τοῦ
1072 1991 1342 2051 διδάσκειν
1374 1995 1465 2050 καὶ
1509 1993 1820 2070 κηρύσσειν,
1883 2012 1941 2047 κε

2130 2007 2282 2059 uiro.
2318 2025 2347 2056 ‹‹
2381 2004 2538 2077 Opus
2566 2006 2728 2060 enim
2760 2007 2993 2062 Domini
3025 2015 3325 2079 Operatur.
3354 1990 3385 2059 ξ)
3410 2008 3634 2065 Deinde
3666 2006 3739 2064 ab

328 2090 431 2146 ἀπὸ
458 2093 555 2146 τοῦ
583 2089 790 2158 ὶσάζειν
825 2088 1023 2160 ἕᾳυτῷ,
1061 2084 1257 2163 ἑξαίρει
1312 2087 1404 2142 τὸν
1455 2083 1642 2161 ἄνδρα.
1695 2110 1717 2136 ι
1772 2085 1862 2154 Μὴ
1890 2104 1939 2140 τι

2132 2109 2267 2165 pere
2296 2091 2551 2150 docendi
2573 2101 2632 2149 et
2648 2095 3031 2167 praedicandi,
3056 2113 3125 2152 ac
3146 2097 3259 2153 sibi
3282 2098 3396 2170 ipsi
3425 2095 3743 2170 aequando,

311 2178 415 2235 ὀὗν
443 2178 612 2235 αὐτὸν
641 2176 984 2251 ἐξουθενήσῃ.
1015 2198 1044 2228 »ι
1081 2178 1178 2230 Ἦν
1236 2174 1337 2250 γὰρ
1387 2173 1479 2229 καὶ
1508 2173 1630 2236 νέος
1659 2172 1750 2229 καὶ
1787 2172 1922 2247 μόνο

2132 2186 2275 2238 Lrum
2306 2183 2554 2238 extollit.
2590 2208 2616 2233 «ι
2668 2187 2750 2241 Ne
2781 2185 2916 2256 quis
2973 2201 3110 2259 ergo
3169 2187 3366 2259 ipsum
3418 2193 3680 2260 spernat.
3712 2208 3743 2237 ››

322 2269 410 2324 καὶ
466 2266 732 2324 τοσούτου
809 2263 994 2339 δήμου
1060 2261 1317 2342 φροντίδα
1374 2262 1765 2338 ἒπετέτραπτο,
1826 2261 1933 2316 ἅτις

2136 2288 2232 2329 am
2257 2273 2498 2345 juvenis
2529 2273 2654 2330 eral
2674 2280 2732 2331 et
2761 2276 2948 2339 solus.
2981 2278 3252 2349 tantique
3279 2278 3485 2350 populi
3538 2294 3743 2334 curam

323 2358 498 2415 πάντα
516 2356 974 2436 καταφρονήσεως
1008 2359 1269 2430 παρεῖχεν
1327 2352 1600 2428 ἀφορμάς.
1661 2377 1681 2403 ι
1726 2350 1934 2427 Upon-i1.

2135 2368 2429 2435 Jsceperat
2463 2379 2477 2417 :
2512 2380 2643 2435 quas
2673 2365 2877 2422 omnia
2896 2365 3163 2438 prasbent
3185 2368 3532 2423 occasiones
3551 2366 3746 2438 despi-

315 2451 460 2524 ⁴ψατε
491 2447 653 2503 αὐτὸν
675 2444 730 2501 ἐν
754 2444 964 2521 εἰρήνῃ.
993 2469 1022 2497 »ι
1052 2445 1140 2514 Μὴ
1168 2443 1350 2523 μάχας
1372 2443 1527 2530 αὐτῷ
1544 2440 1638 2497 καὶ
1660 2440 1926 2520 φλονεικίε

2131 2451 2304 2507 iendi.
2342 2474 2369 2502 ι(
2402 2451 2684 2509 Deducite
2717 2470 2856 2510 eum
2879 2454 2942 2510 in
2975 2471 3139 2529 pace.
3169 2480 3190 2507 ι
3228 2459 3309 2513 Ne
3340 2473 3568 2530 pugnas
3627 2455 3742 2527 ipsi

314 2539 672 2619 παράσχητε,
709 2532 852 2609 μηδὶ
882 2534 1028 2610 παρά
1065 2554 1212 2597 τινος
1265 2527 1728 2619 ἑπιϐουλευθῇναι
1756 2549 1925 2607 συγχιι

2138 2548 2193 2597 ιιι
2220 2543 2638 2600 contentiones
2697 2527 3019 2614 suscitetis,
3056 2562 3253 2619 neque
3298 2527 3657 2619 permittatis
3682 2551 3749 2600 ut

317 2616 550 2710 ’ρήστιτεξ
581 2628 659 2685 Τὸ
690 2623 768 2697 δὶ,
803 2651 832 2680 ι(
869 2622 1202 2701 Ἐκδέχομαι
1233 2623 1420 2691 αὐτὸν,
1455 2645 1480 2677 ι
1514 2616 1814 2700 φοϐοῦντός
1838 2622 1925 2676 ἐστ

2133 2631 2164 2687 b
2209 2632 2410 2704 aliquo
2463 2633 2723 2705 patiatur
2781 2635 3053 2692 insidias.
3087 2616 3254 2702 Quod
3281 2616 3481 2694 autem
3512 2635 3744 2693 subdit:

322 2709 415 2779 ‘lva
452 2717 661 2782 εἰδότες
691 2716 774 2772 ὅτι
806 2717 978 2772 πάντα
1010 2714 1157 2780 αύτῷ
1200 2711 1521 2793 ἀπαγγελεῖ,
1584 2709 1753 2787 μηόὶν
1815 2710 1933 2766 αὖτε

2154 2714 2443 2784 Exspecto
2474 2730 2633 2777 eum,
2658 2735 2688 2766 »
2720 2716 3003 2773 terrentis
3033 2723 3146 2785 est,
3178 2724 3242 2774 ut
3299 2718 3559 2775 scientes
3591 2716 3750 2789 quod

320 2811 624 2887 θλίψωσιψ
665 2806 782 2882 ἅμα
811 2802 870 2862 δὲ
896 2804 988 2861 καὶ
1018 2825 1051 2859 α
1078 2804 1357 2875 ειόπιστον
1414 2802 1600 2876 τούτῳ
1656 2805 1831 2857 ποιῶν
1888 2800 1931 2855 τὲ

2139 2802 2295 2858 mnia
2322 2801 2435 2875 ipsi
2468 2805 2920 2862 renuntiaturus
2953 2808 3049 2873 sit,
3078 2806 3140 2863 in
3186 2807 3353 2863 nullo
3404 2822 3540 2864 eum
3600 2805 3750 2863 οιΠί-

333 2902 628 2977 Τιμόθεον,
658 2898 742 2954 ὅτι
776 2898 805 2952 ὁ
838 2895 1053 2959 Παῦλος
1072 2895 1252 2951 καίτοι
1285 2893 1431 2970 ἔχων
1469 2892 1524 2949 τί
1553 2898 1752 2957 ποιεῖν,
1784 2888 1854 2947 δι’
1887 2890 1944 2947 αὖ

2137 2898 2253 2948 aut.
2305 2892 2494 2948 Simul
2525 2894 2705 2950 etiam
2760 2910 2865 2967 per
2895 2897 3006 2952 hoc
3056 2895 3171 2952 fide
3212 2896 3456 2970 dignum
3492 2895 3748 2951 reddens

323 2991 426 3047 ’τὸν
446 2988 763 3066 περιμάνειν
788 3008 824 3060 φ
840 2985 970 3043 οσίνι
996 3009 1024 3038 α
1042 2984 1171 3059 Περὶ
1195 2981 1253 3040 δὶ
1266 2980 1532 3041 Ἀπολλῶ
1550 2986 1647 3038 τοῦ
1658 2981 1919 3058 ἀδελφοῦ.

2136 2983 2463 3039 imotheum
2496 2984 2654 3057 quod
2675 2987 2892 3042 Paulus
2920 2987 3060 3043 licet
3079 2987 3307 3044 habens
3336 2988 3496 3059 quod
3526 2991 3746 3059 ageret,

341 3081 403 3140 Ὀ
453 3076 748 3140 Ἀπολλὼς
796 3077 885 3131 καὶ
959 3070 1328 3149 πρεσϐύτερος
1409 3073 1477 3142 ἦν
1531 3076 1628 3127 τοῦ
1681 3071 1952 3145 Τιμοθέου

2133 3073 2544 3146 ropteripsum
2567 3083 2909 3147 exspectare
2932 3093 2993 3133 se
3013 3076 3172 3133 dicat
3199 3079 3413 3133 «Porro
3440 3076 3512 3133 de
3537 3074 3744 3149 Apollo

344 3170 433 3225 καὶ
460 3168 651 3244 λόγιος
679 3167 836 3242 ἀνήρ.
866 3166 978 3223 Ἵνα
1007 3167 1099 3220 οὖν
1133 3164 1210 3237 μὴ
1246 3162 1473 3238 λέγωσι,
1514 3161 1584 3219 Τί
1615 3157 1682 3231 δή
1726 3180 1856 3215 ποτε
1888 3157 1954 3214 αὖ

2170 3171 2293 3219 ιιι-θ.
2331 3186 2352 3213 ι
2384 3164 2630 3235 Apollos
2661 3171 2719 3221 et
2750 3167 2951 3223 senior
2979 3174 3107 3224 erat
3124 3168 3431 3224 Timotheo
3454 3174 3515 3225 et
3533 3167 3741 3223 doctus
3779 3199 3781 3202 ‹

345 3258 439 3312 τὸν
466 3257 567 3312 οὒκ
589 3249 834 3330 Empire;
890 3252 981 3309 καὶ
1028 3250 1127 3308 ’ίνα
1188 3251 1264 3327 μὴ
1320 3249 1588 3325 νομίσωσι
1645 3253 1950 3325 προτετιμῆ

2132 3269 2161 3308 c
2192 3252 2456 3325 prudens
2477 3253 2583 3309 vir.
2616 3256 2696 3310 Ne
2730 3270 2866 3328 ergo
2884 3256 3087 3313 dicant
3110 3276 3122 3314 :
3149 3259 3546 3324 Quamobrem
3570 3256 3741 3313 illum

354 3348 474 3402 σθαι
526 3346 615 3401 τὸν
668 3345 952 3419 Τιμόθεον,
990 3342 1271 3421 ἀμφότερα
1317 3340 1620 3417 θεραπεύει,
1678 3343 1759 3412 τῷ
1809 3355 1965 3412 παραι

2127 3359 2214 3399 .on
2247 3342 2460 3398 misisti
2495 3359 2509 3411 ;
2543 3348 2602 3399 et
2631 3360 2704 3399 ne
2748 3345 3160 3403 existimarent
3188 3347 3577 3421 praepositum
3609 3361 3738 3402 esse

346 3434 563 3492 γαλὲσαι
604 3437 700 3510 μὲν
756 3432 919 3490 αὐτὸν
977 3432 1253 3498 ἀπελθεῖν,
1316 3432 1392 3503 μὴ
1454 3435 1635 3485 πεῖσαι
1696 3427 1774 3485 δὲ.
1831 3429 1957 3484 Ἐπε

2129 3433 2466 3488 'imotheum
2491 3448 2506 3501 ;
2559 3439 2879 3507 utrumque
2923 3442 3111 3505 curat,
3145 3444 3204 3494 et
3231 3438 3315 3494 ait
3343 3438 3503 3510 quod
3533 3435 3740 3492 exhor—

343 3529 419 3601 μή
445 3527 534 3596 ἧν,
558 3524 715 3605 φησὶ,
747 3524 965 3595 θὲλημα
991 3524 1145 3577 Θεοῦ.
1179 3545 1209 3574 (ι
1242 3517 1552 3578 Ἐλεύσεται
1584 3517 1662 3575 δέ.
1693 3542 1724 3572 »
1768 3519 1876 3575 ’Ἵνα
1909 3539 1954 3592 μ

2131 3529 2251 3578 stus
2282 3522 2360 3578 sit
2388 3522 2559 3578 illum
2589 3528 2656 3578 ut
2693 3525 3189 3599 proficisceretur,
3225 3543 3346 3584 non
3377 3534 3576 3584 autem
3606 3541 3742 3599 per-

337 3614 643 3691 νομίσωσιν
665 3612 751 3671 ὅτι
777 3614 976 3688 σκῆψις
1004 3614 1174 3668 ταῦτα
1229 3608 1318 3666 καὶ
1374 3609 1668 3691 πρόφασις,
1726 3608 1872 3664 εἶπεν
1906 3606 1948 3662 ὅ·

2132 3611 2370 3668 uaserit.
2404 3612 2694 3678 Quoniam
2725 3630 2847 3670 non
2879 3622 3025 3681 erat,
3067 3617 3282 3690 inquit,
3311 3617 3588 3674 voluntas
3622 3614 3743 3671 Dei.

335 3703 635 3763 ἰλεύσεται.

2160 3701 2578 3758 Proﬂciscetur
2606 3709 2825 3759 autem.
2859 3726 2890 3756 »
2949 3706 3029 3763 Ne
3079 3707 3491 3764 existimarent
3527 3707 3655 3762 haec
3686 3704 3750 3759 ﬂ-

2097 3791 2358 3848 ctionem
2387 3807 2456 3848 ac
2483 3798 2837 3865 praetextum
2870 3811 3021 3866 esse,
3045 3795 3193 3852 dicit
3220 3796 3379 3869 quod
3407 3794 3751 3869 proﬁcisce-

2097 3890 2213 3943 1111‘.

406 3983 762 4059 Γρηγορεῖτε,
849 3979 1075 4050 στήκετε
1155 3976 1208 4032 ἐν
1274 3978 1344 4051 τῇ
1401 3972 1603 4044 πίστει,
1660 3969 1994 4048 ἀνδρίζεσθε,

2172 3979 2324 4038 585
2378 3981 2522 4044 XVI,
2572 3982 2757 4036 13-16.
2814 3979 3062 4051 Vigilate
3090 3995 3109 4034 :
3149 3984 3294 4035 state
3320 3978 3464 4047 fide:
3512 3976 3754 4032 viriliter

262 4090 267 4094 ‘
333 4073 702 4148 κραταιοῦσθε
736 4111 751 4135 ,
835 4067 1013 4124 πάντα
1116 4066 1269 4139 ὑμῶν
1356 4063 1408 4120 ἐν
1495 4063 1673 4139 ἀγάπῃ
1743 4062 1873 4138 γινὲτ

2142 4072 2254 4141 gite
2272 4088 2291 4127 :
2313 4073 2487 4140 fortes
2515 4077 2705 4127 estote.
2729 4071 2923 4128 Omnia
2933 4076 3115 4125 vestra
3121 4085 3225 4139 per
3245 4068 3572 4126 charitatem
3591 4069 3753 4137 ﬁunt.

335 4158 682 4237 ῙῘαραικαλῶ
736 4156 795 4214 δὲ
844 4157 1006 4231 ὑμᾶς,
1092 4153 1368 4234 ἀδελφοὶ,
1429 4150 1611 4210 οῗδατε
1665 4153 1766 4224 τήν
1825 4149 1946 4207 οἷ’κίς

2146 4162 2364 4217 |bscecro
2380 4167 2566 4217 autem
2589 4175 2704 4226 vos,
2737 4163 2959 4230 fratres,
2980 4161 3154 4214 nostis
3171 4158 3447 4228 familiam
3463 4155 3757 4227 Stephanz

338 4248 592 4329 Στεφανά
624 4289 639 4317 ,
700 4244 784 4302 ὅτι
836 4238 982 4301 ἔστιν
1035 4245 1263 4322 ἀπαρχή
1315 4248 1418 4312 τῆς
1465 4240 1721 4318 Ἀχαΐας,
1775 4240 1865 4329 καὶ
1922 4260 1947 4296 ε

2141 4266 2217 4307 sse
2239 4252 2524 4322 primitias
2565 4250 2814 4316 Achaiae,
2854 4256 2907 4305 et
2963 4248 3112 4322 quod
3136 4250 3195 4304 in
3225 4249 3595 4304 ministerium
3623 4262 3752 4302 san-

334 4327 621 4394 διακονίαν
702 4339 821 4398 τοῖς
899 4334 1073 4411 ἁγίοις
1162 4330 1347 4404 ἔταξαν
1437 4329 1690 4399 ἑαυτοὺς,
1763 4327 1855 4386 ’ίνα
1910 4349 1945 4385 κ

2149 4344 2209 4397 tis
2236 4342 2575 4398 ordinarunt
2596 4343 2832 4413 seipsos:
2862 4346 2926 4397 ut
2955 4346 3009 4396 et
3036 4356 3127 4397 vos
3154 4339 3367 4397 subditi
3383 4336 3507 4396 sitis
3533 4337 3760 4401 talibus,

334 4429 498 4505 ὑμεῖς
566 4428 945 4495 ὑποτάσσησθε
997 4430 1116 4488 τοῖς
1172 4423 1448 4485 τοιούτοις
1486 4466 1502 4497 ,
1549 4423 1640 4478 καὶ
1697 4421 1865 4479 παντὶ
1923 4441 1945 4477 1

1492 4466 1502 4496 .
1549 4423 1640 4478 καιῖ
1697 4421 1865 4479 παντὶ
1923 4424 2006 4495 τῷ
2110 4433 2367 4502 omnique
2386 4432 2683 4504 adjuvanti
2707 4448 2770 4488 ac
2802 4431 3103 4487 laboranti.

330 4520 686 4596 συνεργοῦντι
716 4516 809 4572 καὶ
837 4520 1137 4574 κοπιῶντι.

400 4609 498 4671 Ὠς
533 4606 660 4683 περὶ
688 4602 1091 4676 καθευδόντων,
1123 4602 1216 4660 καὶ
1276 4601 1664 4675 σαλευομένων
1691 4599 1782 4656 καὶ
1834 4597 2008 4674 μαλα-

2183 4615 2488 4686 Tanquam
2510 4614 2584 4671 de
2614 4614 3050 4673 dormientibus
3068 4630 3136 4671 ac
3162 4609 3769 4670 ﬂuctuantibus.mol-

329 4698 651 4773 κιζομὲνων
695 4695 786 4750 καὶ
843 4697 1067 4770 νωθρων
1121 4694 1149 4750 ὁ
1199 4691 1389 4768 λόγος,
1444 4690 1531 4760 τὸ,
1592 4693 1937 4766 Υρηγορεῖτε,

2150 4705 2481 4762 εεοθιιιὶδιιε
2536 4721 2606 4761 ac
2659 4704 2940 4774 segnibus
2972 4720 3167 4760 sermo
3218 4708 3310 4759 est
3338 4718 3472 4758 cum
3505 4698 3761 4756 dicitur:

331 4787 450 4857 καὶ,
490 4813 514 4837 ι
544 4787 798 4857 Στήκετε,
834 4784 997 4852 meai,
1043 4778 1398 4856 Ἀνδρίζεσθε,
1433 4805 1462 4834 ιο
1499 4781 1590 4836 ut!
1624 4805 1652 4833 «
1689 4781 1942 4855 Κραταιοὶ

2165 4794 2434 4867 Vigilate,
2467 4813 2498 4847 υ
2525 4799 2586 4849 et
2613 4816 2643 4845 «
2677 4795 2855 4856 State.
2888 4815 2918 4846 η
2950 4799 3010 4849 et
3038 4815 3066 4842 «
3104 4791 3367 4847 Virilifer
3410 4789 3587 4863 agite.
3611 4809 3640 4838 ››
3699 4802 3768 4843 ac

335 4879 450 4933 σθε.
483 4899 514 4927 ››
540 4907 610 4917 —
640 4899 667 4926 ι(
704 4872 880 4930 Ηάντα
912 4872 1066 4944 ὑμῶν
1101 4871 1156 4928 ἐν
1185 4870 1370 4947 ἀγάπῃ
1402 4867 1653 4947 γινέσθω.
1681 4891 1706 4922 ι
1764 4865 1892 4926 Εἴτε
1919 4888 1946 4922 τ

2176 4865 2381 4940 Fortes
2403 4888 2613 4941 estote.
2648 4905 2678 4935 »
2709 4914 2780 4926 --
2811 4907 2838 4935 α
2871 4882 3084 4940 Omnia
3109 4886 3304 4936 vestra
3349 4895 3456 4952 per
3512 4876 3773 4934 charita—

336 4960 754 5032 διδάσκει,εἶ’τε
781 4983 868 5026 τις
900 4960 1086 5038 ἄρχει,
1119 4959 1227 5017 εἴτε
1255 4982 1307 5017 τι
1333 4964 1504 5029 ποιεῖ,
1527 4958 1714 5037 ἀγάπη
1739 4976 1947 5033 προηγε

2163 4990 2234 5030 :m
2266 4974 2434 5030 ﬁant.
2467 4995 2498 5026 ι)
2539 4973 2667 5029 Sive
2701 4973 2836 5046 quis
2867 4973 3098 5037 doceat,
3133 4970 3251 5027 sive
3283 4970 3417 5043 quis
3473 4968 3774 5042 principa-

336 5059 478 5127 σθω,
522 5054 711 5126 φησίν.
761 5078 790 5106 ι(
821 5051 1128 5130 Παρακαλῶ
1161 5049 1218 5107 δὲ
1250 5050 1410 5124 ὑμᾶς.
1446 5075 1468 5105 ι
1538 5050 1616 5106 Τὸ
1678 5042 1947 5141 ὑπερϐατὸ

2166 5083 2243 5123 im
2276 5071 2461 5141 gerat,
2494 5066 2614 5121 sive
2639 5042 2782 5137 quid
2812 5063 2979 5120 aliud
3002 5063 3200 5129 faciat,
3234 5042 3522 5126 chraritas,
3554 5059 3777 5131 inquit,

334 5143 656 5221 παρακαλῶ
685 5142 847 5218 ὑμᾶς,
878 5139 1131 5222 ἀδελφοὶ,
1163 5138 1259 5197 ’ἕνα
1288 5139 1378 5197 καὶ
1415 5139 1572 5213 ὑμεῖς
1635 5136 1945 5206 ὖποτάσσησ

2163 5162 2176 5211 ι
2205 5136 2444 5212 dilectio
2475 5136 2791 5229 praecedat.
2830 5179 2851 5203 ι
2886 5153 3177 5209 Obscecro
3208 5157 3409 5208 autem
3437 5168 3559 5206 vos-
3598 5170 3622 5200 ν
3661 5149 3774 5220 Hy-

332 5243 462 5302 τοῖς
493 5233 794 5298 τοιούτοις.
829 5232 1023 5296 Ποίοις
1058 5252 1074 5306 ;
1124 5234 1258 5295 Τοῖς
1316 5230 1640 5307 ἀῳορὲσασιν
1673 5229 1896 5290 ἑαυτοὺς
1927 5249 1943 5283 ε

2165 5246 2405 5303 erbaton
2439 5227 2547 5302 est.
2580 5245 2838 5301 Obsecro
2860 5260 2982 5303 vos.
3006 5241 3314 5309 fratres,ut
3342 5248 3523 5297 etvos
3555 5237 3776 5307 subditi

332 5327 404 5384 τὸ
440 5326 714 5383 διακονεῖν
741 5330 860 5388 τοῖς
892 5324 1091 5401 ὁγίοις,
1122 5323 1214 5378 καὶ
1270 5323 1347 5398 μή
1401 5321 1564 5396 μόνον
1614 5321 1826 5389 αὐτοῖς,
1861 5319 1943 5377 ἁλῖ

2176 5336 2250 5392 tis
2277 5336 2518 5393 talibus.
2570 5332 3052 5401 Qualibus?Qui
3103 5332 3332 5404 seipsos
3391 5331 3454 5386 in
3506 5329 3782 5385 ministe-

330 5418 433 5474 καὶ
494 5417 653 5472 παντὶ
730 5420 811 5489 τῷ
892 5414 1239 5491 συνεργοῦντι
1313 5412 1403 5469 καὶ
1461 5416 1723 5468 κοπιῶντι
1781 5410 1857 5475 εις
1908 5431 1941 5466 τ

2174 5441 2276 5481 um
2317 5429 2663 5482 sanctorum
2723 5428 3112 5497 segregarunt
3182 5438 3295 5478 nec
3355 5419 3552 5477 solum
3584 5418 3780 5490 ipsis:

334 5508 544 5584 χρείαν
570 5509 681 5563 τῶν
722 5506 913 5582 ἁγίων.
973 5530 993 5556 ι
1029 5501 1237 5563 Οἴδατα
1292 5503 1392 5574 τήν
1449 5500 1623 5558 οἰκίαν
1681 5504 1941 5579 Στεφανᾶ.

2176 5532 2322 5571 erum
2355 5515 2536 5571 etiam
2567 5514 2731 5570 omni
2754 5512 3061 5585 adjuvanti
3087 5527 3155 5568 ac
3180 5508 3473 5567 laboranti
3503 5506 3579 5563 ad
3606 5504 3787 5560 mini-

335 5599 448 5658 Καὶ
490 5596 647 5669 ὑμεῖς
676 5593 813 5662 ἴστε,
846 5594 1002 5674 φησὶ,
1045 5599 1164 5660 πῶς
1216 5592 1509 5669 κάμνουσι,
1563 5592 1655 5649 καὶ
1710 5591 1775 5648 οὐ
1833 5587 1946 5647 δεῖσ

2171 5607 2371 5663 ,erium
2404 5610 2752 5662 sanctorum
2782 5626 2811 5655 »
2844 5602 3040 5660 Nostis
3069 5600 3361 5658 familiam
3410 5596 3782 5668 Stephants.»

333 5688 473 5764 παρ’
506 5683 646 5759 ἐμοῦ
681 5686 892 5761 μαθεῖν.
922 5685 1215 5762 Ἀπαρχήν
1238 5680 1307 5741 ’δὶ
1336 5682 1485 5760 λέγει
1541 5683 1634 5739 τὸν
1686 5680 1887 5769 οἶκονη
1920 5678 1944 5737 ὃ

2174 5702 2345 5764 tvos,
2378 5694 2791 5769 inquit,scitis.
2819 5690 3121 5768 quomodo
3153 5689 3445 5755 laborent,
3478 5700 3585 5741 nec
3618 5680 3785 5738 vobis

333 5778 406 5843 τὸ
469 5776 729 5853 πρώτους
784 5773 984 5839 αὐτοὺς
1057 5777 1358 5845 πιστεῦσαι,
1409 5772 1447 5844 ἢ
1493 5772 1562 5829 τά
1615 5772 1806 5851 πρῶτα
1860 5767 1944 5848 ἔχε

2175 5801 2276 5863 pus
2306 5767 2493 5845 estut
2521 5801 2557 5843 ιι
2598 5788 2695 5842 me
2731 5767 2997 5842 discetis.
3046 5777 3352 5837 Primitias
3391 5778 3590 5833 autem
3643 5769 3786 5830 dicit
