4080 6396
324 362 441 426 903

1447 360 1636 428 (ECU
1647 360 1827 425 MENI
1871 360 2181 427 'l‘RlCGE
2226 359 2597 425 EPISOOPI.

3621 364 3749 426 θοι

325 502 637 566 familiam,
669 517 736 556 eo
763 498 921 572 quod
950 500 1036 557 illi
1072 498 1249 572 primi
1279 497 1639 556 crediderint
1669 506 1771 556 aut
1819 498 1968 573 quod

2088 495 2169 550 ἐπ’
2196 491 2472 570 εὐλαϐείᾳ.
2531 498 2592 555 Ἡ
2643 497 2749 573 γάρ
2803 494 3046 573 άραρχὴ,
3103 496 3166 552 τὸ
3224 495 3490 569 ἐξαίρετον
3552 494 3747 570 δηλοῖ.

330 592 549 665 primas
608 590 853 646 tulerint
902 592 961 645 in
1012 589 1230 662 pietate
1261 607 1328 646 ac
1376 590 1685 663 religione.
1720 588 1973 663 Ἀπαρχή

329 680 507 747 enim,
543 680 601 735 id
634 686 741 736 est.
784 680 1060 752 primitiae
1122 679 1417 752 signiﬁcat
1475 679 1530 733 id
1580 678 1736 750 quod
1771 678 1981 751 prmci-

326 788 507 843 puum
541 777 630 826 est
658 777 717 825 et
740 771 1059 826 excellens.
1097 792 1124 819 ιι
1156 770 1455 825 Primitias
1487 768 1741 827 Achaia).
1793 789 1817 819 ιι
1860 768 1979 823 sive

328 859 564 915 Gra‘riaa
590 877 602 914 ε
630 860 788 914 unde
812 866 870 914 et
897 859 1097 914 ACllil’i
1130 859 1412 914 dicuntur
1437 858 1637 914 Crzeci.
1664 880 1692 907 ιι
1723 860 1791 912 Et
1821 856 1980 928 quod

326 948 386 1002 in
420 948 821 1004 ministenum
842 949 1061 1003 sanctis
1094 970 1122 997 υ
1143 948 1229 1002 Ad
1253 947 1699 1019 suscipiendum
1719 954 1977 1013 sanctos,

327 1037 533 1108 eisque
565 1037 1052 1092 ministrandum.
1082 1036 1443 1092 Urdinarunt
1472 1045 1691 1097 autem.
1725 1036 1838 1091 hoc
1869 1041 1980 1104 est,

326 1124 717 1190 dil'ﬁnierunt,
752 1132 1154 1200 segregarunt.
1204 1127 1382 1181 vitam
1443 1126 1595 1180 hanc
1651 1125 1978 1197 elegerunt.

326 1238 350 1265 ιι
388 1215 617 1270 Subditi
652 1215 782 1295 sitis
812 1216 1049 1272 talibus.
1086 1236 1111 1265 υ
1145 1215 1455 1289 Adjuvetis
1484 1221 1543 1271 et
1565 1214 1639 1271 ad
1671 1222 1979 1285 sumptum

326 1306 716 1375 pecuniarum
748 1313 807 1361 et
835 1306 907 1361 ad
944 1307 1349 1362 ministerium
1407 1306 1735 1378 corporale,
1787 1311 1847 1360 et
1877 1321 1982 1376 per

324 1398 530 1453 omnia
560 1398 644 1452 eis
675 1398 931 1470 parcatis
959 1416 971 1454 :
1006 1398 1065 1453 id
1097 1398 1259 1454 enim
1304 1404 1395 1453 est
1450 1397 1760 1470 subjectio.
1805 1398 1869 1451 Et
1903 1412 1980 1452 ne

325 1486 636 1558 Stephanaa
668 1488 987 1561 gratiﬁcari
1019 1488 1309 1556 videatur,
1332 1488 1638 1560 subiungit
1671 1504 1684 1545 :
1719 1510 1746 1538 ιι
1775 1485 1977 1543 Omni-

327 1591 441 1645 que
473 1576 783 1649 adjuvanti
814 1594 881 1633 ac
914 1576 1210 1633 laboranti
1267 1600 1295 1628 »

392 1666 537 1730 XVI,
565 1671 651 1734 l7,
688 1668 770 1721 18.
798 1689 825 1717 «
859 1667 1099 1723 Gaudeo
1129 1674 1327 1722 autem
1359 1666 1429 1721 de
1460 1664 1711 1721 adventu
1732 1664 1980 1735 Stepha-

327 1777 353 1803 ‹‹
391 1769 482 1809 nae
506 1762 565 1811 et
594 1756 898 1812 Fortunati
918 1762 977 1811 et
1003 1756 1238 1812 Achaici
1269 1774 1281 1810 :
1310 1756 1588 1827 quoniam
1615 1755 1672 1809 id
1695 1753 1851 1826 quod
1877 1753 1982 1809 mi-

327 1866 352 1894 «
380 1844 992 1918 hideeratvestri,ipsi
1017 1845 1474 1918 suppleverunt:
1501 1844 1968 1900 refocillaverunl

2090 1848 2248 1904 αὐτοὶ
2334 1847 2726 1921 ἀνεπλήρωσαν
2762 1892 2776 1906 .

336 1957 359 1984 ιι
393 1934 555 1990 enim
591 1935 865 2007 spiritum
898 1953 1096 1992 meum
1130 1952 1197 1992 ac
1226 1941 1505 1992 vestrum.
1530 1934 1845 2007 Agnoscite
1876 1934 1981 1990 ita-

332 2046 358 2073 ‹‹
392 2040 505 2094 que
540 2025 904 2098 hujusmodi.
940 2048 969 2077 »

397 2113 464 2167 Hi
498 2121 635 2170 sunt
666 2116 766 2186 qui
799 2116 1353 2187 renuntiaruntipsi
1384 2115 1738 2170 divisionem
1770 2131 1837 2170 ac
1859 2113 1980 2169 dis-

329 2201 548 2258 sidium
580 2205 738 2275 quod
772 2212 898 2260 erat
922 2205 1077 2277 apud
1127 2206 1465 2261 Corinthios
1492 2220 1505 2261 :
1538 2211 1598 2259 et
1626 2220 1733 2276 per
1764 2203 1871 2259 hos
1902 2202 1983 2258 si-

326 2294 589 2361 gnificati
614 2301 753 2351 sunt
774 2296 873 2368 qui
906 2303 1078 2352 erant
1109 2313 1176 2351 ex
1201 2296 1428 2351 familia
1447 2295 1660 2351 Cliloes
1689 2294 1981 2361 Quoniam

328 2403 465 2459 ergo
499 2387 819 2442 verisimile
834 2394 961 2442 erat
988 2387 1326 2443 Corinthios
1358 2392 1687 2443 commotos
1722 2402 1851 2442 esse
1874 2384 1981 2440 ad-

326 2492 532 2532 versus
565 2477 720 2533 illos.
756 2476 1001 2533 adducit
1032 2496 1133 2534 eos
1166 2478 1226 2533 in
1262 2477 1523 2533 medium
1575 2483 1631 2532 et
1662 2478 1777 2532 ait:
1812 2474 1980 2541 Quod

328 2565 473 2620 mihi
505 2565 709 2621 deerat
741 2567 917 2622 vestri
946 2566 1373 2640 suppleverunt
1406 2585 1418 2622 :
1452 2566 1563 2622 hoc
1599 2571 1687 2621 est
1717 2583 1821 2637 pro
1853 2581 1977 2620 om-

327 2654 688 2711 nibusvobis
720 2664 1029 2716 venerunt.
1065 2663 1125 2711 et
1153 2663 1395 2729 propter
1422 2674 1523 2712 vos
1550 2662 1778 2711 tantam
1825 2653 1979 2711 586

324 2746 865 2818 peregrinationem
915 2746 1326 2802 instituerunt.
1393 2770 1413 2795 ι
1477 2745 1984 2802 Refocillaverunt

321 2835 481 2890 enim
518 2852 714 2891 meum
750 2836 1026 2908 spiritum
1085 2852 1152 2892 ac
1200 2842 1480 2891 vestrum.
1512 2858 1540 2887 ι»
1582 2834 1791 2891 Docuit
1819 2833 1979 2907 quod

320 2923 395 2978 ad
428 2924 667 2980 illorum
700 2925 1004 2997 spectabat
1062 2926 1378 2981 utilitatem
1410 2930 1476 2981 ut
1532 2925 1776 2997 spiritus
1806 2923 1969 2979 Pauli

317 3014 919 3071 rel‘ocillaretur.l\iam
954 3016 1053 3086 qui
1084 3014 1527 3086 meum.inquit.
1565 3014 1980 3070 refocillarunt

317 3104 615 3175 spiritum,
652 3111 911 3161 vestrum
945 3122 1180 3178 quoque
1231 3105 1645 3161 refocillarunt
1678 3122 1689 3160 :
1725 3105 1836 3161 hoc
1863 3109 1974 3172 est,

315 3192 417 3265 qui
454 3210 546 3250 me
579 3201 1002 3267 praeceptorem
1044 3202 1414 3264 recrearunt,
1447 3195 1626 3251 etiam
1659 3211 1758 3249 vos
1786 3192 1965 3250 disci-

314 3283 486 3355 pulos
518 3300 683 3339 meos
714 3291 1075 3340 recrearunt.
1112 3308 1141 3336 «
1170 3285 1483 3358 Agnoscite
1517 3285 1717 3356 itaque
1756 3283 1963 3356 hujus-

314 3370 497 3425 modi.
531 3393 559 3421 ››
588 3373 751 3444 Ipsos
782 3373 844 3427 in
875 3374 1104 3429 honore
1154 3373 1390 3441 habete,
1424 3373 1565 3445 quia
1591 3378 1837 3445 propter
1864 3387 1968 3427 vos

311 3459 679 3517 laborarunt.

379 3549 519 3614 XVI,
549 3553 608 3605 19
636 3552 761 3605 24.ιι
787 3552 1057 3607 Salutant
1078 3569 1176 3607 vos
1199 3551 1473 3608 Ecclesiaa
1497 3551 1671 3608 Asiae.
1698 3551 1967 3607 Salutant

312 3664 339 3689 ‹‹
368 3657 466 3695 vos
490 3640 547 3695 in
575 3641 823 3697 Domino
850 3641 1101 3698 multum
1126 3643 1343 3714 Aquila
1359 3649 1418 3698 et
1437 3640 1709 3698 Prismlla
1730 3657 1864 3697 cum
1897 3657 1966 3697 ea

313 3752 341 3781 ‹‹
367 3731 571 3802 quaein
590 3731 852 3804 ipsorum
878 3731 1051 3788 domo
1070 3741 1159 3790 est
1180 3733 1836 3790 ecclesia.Salutantvos
1852 3734 1962 3788 fra-

317 3826 471 3876 «tres
490 3839 697 3878 omnes
726 3822 988 3878 Salutate
1007 3824 1256 3879 invicem
1273 3826 1475 3880 osculo
1498 3823 1963 3881 sancto.Saluta-

314 3935 340 3962 ιι
370 3912 449 3967 tio
468 3929 647 3967 manu
668 3928 800 3968 mea
829 3913 990 3968 Pauli
1043 3914 1098 3968 Si
1119 3914 1252 3986 quis
1284 3931 1402 3969 non
1425 3914 1621 3986 diligit
1642 3913 1962 3970 Dominum

308 4024 335 4046 η
355 4002 553 4057 Jesum
577 4003 897 4067 Christum,
924 4003 1727 4061 sitanathemamaranatlia.
1762 4002 1962 4060 Gratia

310 4113 333 4141 ιι
361 4092 595 4146 Domini
624 4092 759 4147 Jesu
780 4093 995 4148 Christi
1054 4094 1131 4149 sit
1181 4094 1503 4150 vobiscum.
1540 4094 1786 4149 Dilectio
1828 4109 1962 4148 mea

306 4205 333 4232 ‹‹
368 4198 502 4237 cum
534 4182 811 4237 omnibus
841 4182 1007 4238 vobis
1035 4183 1097 4239 in
1128 4184 1358 4240 Christo
1380 4185 1536 4241 Jesu.
1571 4188 1781 4240 Amen.
1820 4206 1848 4234 ››

378 4447 487 4504 Per
547 4449 965 4507 salutationem
1014 4449 1284 4505 membra
1337 4451 1398 4505 in
1448 4467 1635 4506 unum
1694 4451 1955 4524 colligat.

307 4554 327 4584 ι
370 4544 402 4585 Α
416 4536 578 4606 quita
609 4543 668 4591 et
698 4536 988 4592 Priscilla.
1026 4558 1053 4585 »
1082 4536 1254 4608 Apud
1285 4538 1393 4592 tios
1426 4553 1771 4600 manens,eo
1796 4535 1954 4609 quod

2090 610 2116 639 ιι
2152 588 2407 661 Ἀπαρχή
2446 593 2547 657 τῆς
2580 584 2835 663 Ἀχαΐας,
2873 611 2900 639 ››
2935 583 3104 663 ἤγουν
3136 594 3237 656 τῆς
3279 583 3570 655 Ἑλλάδος,
3625 589 3749 645 ὅθεν

2086 676 2178 729 καὶ
2211 676 2454 752 Ἀχαιοί.
2511 700 2538 728 ιι
2571 676 2670 731 Καὶ
2726 676 2802 739 εἰς
2860 674 3132 732 διακονίαν
3189 682 3307 740 τοῖς
3361 676 3534 751 ἁγίοις
3567 705 3590 732 ι
3651 676 3753 740 Εἰς

2085 765 2148 820 τὸ
2182 763 2545 840 ὑποδέχεσθαι
2599 766 2726 828 τοὺς
2784 767 2993 842 ἁγίους,
3051 766 3142 822 καὶ
3204 763 3472 822 διακονεῖν
3535 766 3747 829 αὐτοῖς.

2088 855 2166 911 Τὸ
2201 851 2257 909 δὲ
2288 881 2314 908 ιι
2358 856 2604 926 Ἐταξαν,
2641 879 2668 906 ι)
2717 856 2853 919 οἷον,
2894 855 3195 935 ἀφώρισαν,
3228 861 3418 912 τοῦτον
3472 858 3564 911 τὸν
3624 856 3746 933 βίον

2088 940 2331 1002 ε’ίλοντο.
2356 969 2383 996 ιι
2409 945 2816 1015 Ὑποτάσσησοε
2843 950 2960 1007 τοῖς
2990 946 3283 1008 τοιούτοις.
3314 971 3343 997 ››
3373 943 3754 1020 Συναντιλσμ-

2088 1026 2349 1104 ϐάνησθε,
2376 1035 2467 1089 καὶ
2503 1032 2579 1095 εἷς
2622 1029 2865 1104 δαπάνην
2919 1034 3248 1110 χρημάτων,
3290 1034 3383 1091 καὶ
3440 1034 3517 1098 εἶς
3572 1032 3756 1091 διακο-

2090 1121 2207 1177 νίαν
2268 1124 2637 1197 σωματικήν,
2722 1123 2815 1179 καὶ
2876 1124 2951 1187 εἰς
2999 1125 3170 1180 πάντα
3234 1125 3481 1188 πείθεσθε
3535 1124 3752 1190 αὐτοῖς·

2083 1215 2244 1267 τοῦτο
2277 1212 2381 1289 γὰρ
2415 1215 2448 1282 ἡ
2486 1213 2755 1289 ὑποταγή.
2792 1213 2894 1269 Καὶ
2947 1210 3043 1268 ’ίνα
3095 1215 3169 1287 μὴ
3231 1210 3360 1288 δόξῃ
3413 1218 3495 1287 τῷ
3545 1220 3754 1293 Στεφα-

2083 1308 2146 1374 νᾷ
2177 1297 2527 1380 χαρίὸεσθαι,
2559 1302 2766 1380 ἐπάτει·
2811 1327 2839 1355 ιι
2875 1302 2973 1358 Καὶ
3003 1303 3163 1358 παιτὶ
3224 1307 3307 1375 τῷ
3358 1308 3627 1360 κοπιῶντι
3658 1303 3758 1359 καὶ

2088 1396 2426 1471 συνεργοῦντι
2439 1439 2450 1451 .
2488 1416 2516 1445 υ

2156 1672 2346 1774 ΧαΙίρω
2432 1668 2515 1774 δὲι
2548 1669 2636 1774 ἐπὶ
2693 1674 2770 1774 cf:
2825 1673 3110 1774 παρουσίᾳ
3170 1675 3419 1774 ξτες)αὲῗᾶ
3464 1671 3758 1774 καὶνφορ-

2086 1758 2347 1813 τουνάτου
2427 1758 2518 1813 καὶ
2598 1758 2904 1834 ’Λχαῖκοῦ,
2990 1758 3072 1813 δτι
3130 1758 3193 1814 τὸ
3256 1758 3408 1831 ὑμῶν
3468 1758 3753 1834 ὑστέρημα

2859 1848 3189 1905 Ἀνὲπαυσαν
3274 1848 3380 1924 γὰρ
3463 1847 3526 1904 τὸ
3609 1846 3748 1922 ἐμὸν

2090 1941 2303 2011 πνεῦμα
2356 1939 2443 1993 καὶ
2499 1938 2561 1993 τὸ
2646 1937 2823 2011 ὑμῶν.
2909 1938 3334 2014 Ἐπιγινώσκετε
3419 1938 3513 1993 οὖν
3609 1938 3744 2005 τοὺς

2090 2024 2394 2090 τοιούτους.

2160 2116 2326 2175 Οὗτοι
2357 2114 2490 2171 εἰσιν
2518 2113 2570 2170 ot
2606 2115 3016 2191 ἀναγγείλαντες
3076 2115 3222 2186 αὐτῷ
3272 2116 3371 2185 τὴν
3431 2116 3582 2191 παρὰ
3641 2119 3748 2174 Ko-

2087 2207 2318 2279 ρινθίοις
2350 2203 2724 2285 διχοστασίαν,
2755 2205 2846 2262 καὶ
2893 2206 2946 2261 οἳ
3003 2208 3102 2276 τῆς
3153 2202 3342 2276 Χλόης
3392 2203 3483 2261 διὰ
3533 2206 3748 2265 τούτων

2088 2293 2467 2369 ἐδηλώθησαν.
2523 2297 2673 2354 Ἐπεὶ
2762 2296 2854 2352 οὗν
2915 2296 3061 2357 εἰκὸς
3112 2294 3181 2364 ἦν
3227 2296 3357 2358 τοὺς
3416 2297 3746 2372 Κορινθίους

2086 2387 2394 2463 ἡγειῶσθαι
2423 2386 2563 2460 πρὸς
2593 2384 2789 2447 αὐτοὺς
2847 2386 3201 2459 παρατίθεται
3260 2384 3479 2450 αὐτοὺς,
3535 2383 3739 2461 λὲγων,

2086 2476 2169 2532 ὅτι
2206 2498 2224 2526 ι
2261 2477 2340 2534 Τὸ
2371 2476 2523 2547 ὑμὼν
2561 2475 2842 2549 ὗστὲρημα
2899 2472 3317 2550 ἀνεπλήρωσαν,
3352 2500 3379 2525 υ
3438 2474 3747 2551 τουτέστιν,

2087 2565 2224 2623 Ἀντὶ
2259 2565 2474 2621 πάντων
2511 2565 2664 2638 ὑμῶν
2692 2563 2891 2635 ἦλθον,
2923 2564 3013 2620 καὶ
3045 2561 3114 2619 δι’
3151 2564 3290 2638 ὑμᾶς
3310 2564 3578 2634 τοσαύτην
3608 2564 3745 2621 ἁπο-

2088 2652 2276 2727 δηνέαν
2309 2654 2645 2711 ἐστείλαντο.
2679 2680 2706 2707 ιι
2740 2656 3058 2711 Ανὲπαυσαν
3091 2654 3198 2731 γὰρ
3265 2653 3328 2711 τὸ
3389 2651 3520 2729 ἐμὸν
3575 2659 3745 2711 πνεῦ-

2090 2766 2166 2817 μα
2203 2744 2293 2801 καὶ
2324 2747 2387 2801 τὸ
2420 2745 2595 2819 ὑμῶν.
2630 2741 2899 2815 Ἐδίδαξεν
2929 2745 3015 2800 δτι
3046 2743 3120 2807 είς
3146 2742 3368 2801 ἐκείνων
3391 2740 3590 2821 ὄιριλος
3624 2766 3746 2800 συν-

2084 2833 2247 2890 έτεινε
2277 2836 2339 2888 τὸ
2367 2832 2773 2903 ἀναπαυσθῆναι
2802 2833 2901 2902 τήν
2928 2834 3114 2908 ψυχὴν
3174 2836 3274 2888 τοῦ
3333 2829 3576 2902 Παύλου,
3607 2833 3743 2889 ἀνα-

2084 2922 2387 2986 παύσαντες
2417 2921 2519 2996 γᾶρ
2547 2921 2612 2978 τὸ
2647 2919 2781 2994 ἐμὸν
2822 2926 3058 2995 πνεῦμα,
3126 2921 3282 3000 φησὶ,
3343 2920 3407 2977 τὸ
3460 2920 3615 2994 ὑμῶν
3647 2922 3743 2977 ἀν-

2084 3011 2338 3078 έπαυσαν,
2371 3015 2668 3077 τουτέστιν,
2702 3011 2839 3084 Ἐμὶ
2866 3011 2956 3066 τὸν
3016 3008 3341 3067 διδάσκαλον
3397 3012 3738 3068 ἀναπαύσαν-

2080 3124 2183 3173 τες,
2221 3103 2360 3175 ὑμᾶς
2390 3101 2516 3164 τοὺς
2556 3101 2805 3175 μαθητάς
2846 3122 2950 3175 μου
2997 3101 3318 3161 ἀνέπαυσαν.
3382 3127 3408 3155 ιι
3444 3103 3734 3176 Ἑπιγινώ-

2080 3212 2231 3248 cura
2264 3191 2354 3247 οὗν
2378 3189 2506 3254 τοὺς
2549 3192 2854 3254 τοιούτους.
2891 3215 2919 3244 ››
2988 3192 3072 3248 Ἐν
3129 3195 3268 3267 τιμῇ
3325 3191 3523 3256 αὐτοὺς
3554 3184 3734 3268 ἔχετε,

1999 3243 2041 3309 C
2080 3284 2164 3339 ὅτι
2204 3280 2275 3338 δι’
2310 3283 2451 3357 ὑμᾶς
2477 3283 2837 3356 κεκμήκασιν.

2146 3543 2517 3613 Ἀσπάζονται
2586 3539 2728 3612 ὑμᾶς
2808 3539 2865 3594 αἱ
2949 3538 3274 3611 Ἐκκλησίαι
3350 3546 3450 3610 τῆς
3515 3541 3730 3603 Ἀσίας.

2073 3634 2441 3701 Ἀσπάζονται
2500 3630 2640 3702 ὑμᾶς
2697 3628 2748 3684 ἰν
2842 3629 3028 3704 Κυρίῳ
3104 3627 3292 3685 πολλά
3341 3627 3579 3691 Ἀκύλας
3635 3631 3729 3686 καὶ

2077 3720 2384 3798 Πρίσκιλλα
2432 3720 2524 3775 σὺν
2610 3722 2678 3793 τῇ
2763 3718 2880 3774 κατ’
2975 3718 3127 3774 ονκον
3201 3719 3378 3774 αὐτῶν
3436 3717 3727 3792 ἐκκλησίᾳ.

2072 3812 2434 3882 Ἀσπάζονται
2521 3809 2662 3883 ὑμᾶς
2753 3809 2806 3864 οἱ
2890 3806 3117 3886 ἀδελφοὶ
3180 3808 3390 3871 πάντες.
3453 3810 3729 3866 ’Λσπάσα-

2069 3905 2160 3959 ulla
2216 3900 2503 3971 ἀλλήλους
2586 3899 2638 3954 ἐν
2725 3900 3000 3972 φιλήματι
3087 3899 3245 3976 ἁγίῳ.
3318 3899 3380 3956 Ὁ
3438 3897 3729 3972 ἀσπασμὸς

2068 3996 2135 4066 τῇ
2180 3992 2285 4065 ἐμῇ
2349 3992 2494 4070 χεορῖ
2570 3988 2807 4045 ΙΙαύλου.
2869 3987 2931 4046 Ei
2984 4010 3068 4052 τις
3130 3987 3192 4043 ού
3251 3986 3402 4068 φιλεῖ
3452 3989 3545 4043 τὸν
3610 3988 3724 4045 Κύ-

2069 4103 2187 4156 ριον
2256 4084 2469 4150 Ἰησοῦν
2552 4079 2803 4152 Χριστὸν,
2880 4076 3001 4148 ἤτω
3071 4076 3335 4153 ἀνάθεμα,
3419 4078 3725 4153 μαρανοθά.

2068 4172 2130 4229 Ἥ
2182 4170 2343 4246 χάρις
2397 4167 2494 4226 τοῦ
2553 4167 2757 4243 Κυρίου
2827 4168 3006 4239 Ἰησοῦ
3072 4169 3309 4243 Χριστοῦ
3372 4169 3491 4241 μεθ’
3545 4168 3725 4242 ὑμῶν’

2066 4260 2131 4316 Ἦ
2188 4258 2373 4335 ἀγάπη
2465 4280 2570 4332 μου
2631 4257 2767 4332 μετά
2858 4257 3071 4314 πάντων
3158 4258 3312 4332 ὑμῶν
3401 4257 3453 4312 ἐν
3506 4260 3730 4332 Χριστῷ

2070 4350 2272 4419 Ἰησοῦ.
2310 4349 2369 4405 Ἀ
2384 4350 2513 4421 μὴν.

2143 4434 2337 4492 Συνδεῖ
2365 4438 2430 4494 τὰ
2463 4436 2604 4512 μέλη
2628 4442 2706 4509 τῷ
2730 4438 3021 4511 ἀσπασμῷ.
3052 4460 3080 4490 ιι
3102 4436 3322 4503 Ακύλας
3350 4436 3436 4494 καθ
3470 4435 3733 4512 Πρίσκιλ-

2069 4527 2159 4585 λα.
2199 4553 2220 4582 ι
2280 4527 2430 4603 Παρὰ
2459 4525 2680 4588 τούτοις
2714 4524 2887 4599 μένων
2920 4522 3008 4581 διὰ
3038 4523 3099 4580 τὰ
3124 4525 3449 4606 ὁμότεχνον,
3481 4528 3580 4597 τὴν
3596 4547 3729 4597 σκη-

302 4625 573 4695 ejusdem
606 4632 811 4682 essent
838 4625 1464 4700 artiﬁciioperabatur
1494 4628 1553 4683 in
1576 4633 1701 4684 arte
1727 4625 1964 4683 texendi

2084 4617 2295 4673 ιοποιὸν
2326 4615 2607 4692 εἶργάζετο
2664 4612 2887 4690 τέχνην.
2956 4615 3096 4690 Ὅρα
3150 4613 3206 4670 δὲ
3263 4616 3442 4671 αὐτῶν
3499 4614 3718 4691 ἀρετὴν,

299 4715 691 4774 tabernacula
748 4719 815 4773 Et
845 4717 1163 4774 considera
1194 4718 1458 4790 ipsorum
1487 4719 1783 4789 virtutem,
1818 4717 1960 4791 quia

301 4810 604 4881 propriam
662 4808 885 4864 donum
946 4810 1259 4866 ecclesiam
1319 4808 1604 4866 fecerant.
1672 4830 1694 4857 ι
1743 4809 1957 4866 Osculo

305 4905 531 4954 sancto.
562 4922 588 4947 υ
622 4900 839 4953 Meutio
867 4901 1057 4955 sancti
1083 4900 1269 4955 osculi
1321 4899 1417 4955 hic
1448 4899 1637 4955 solum
1698 4898 1957 4968 additur,

306 4999 375 5039 eo
408 4985 565 5054 quod
617 4988 871 5041 multum
906 4989 1059 5043 inter
1112 5006 1174 5043 se
1217 4987 1609 5053 dissidebant,
1643 4986 1908 5041 dicentes
1943 5003 1958 5043 :

306 5074 421 5144 Ego
442 5073 682 5143 quidem
717 5091 847 5129 sum
881 5076 1068 5134 Pauli.
1104 5093 1209 5148 ego
1241 5093 1374 5130 vero
1406 5075 1642 5146 Apollo.
1699 5091 1804 5147 ego
1854 5091 1959 5131 au-

307 5166 425 5215 tem
453 5161 688 5234 Cephm.
719 5163 998 5220 Sanctum
1039 5182 1175 5220 vero
1221 5165 1366 5220 dicit
1426 5182 1546 5220 non
1599 5165 1822 5229 fictum,
1858 5164 1960 5221 sed

307 5251 465 5320 quod
498 5266 565 5305 ex
597 5251 914 5310 dilectione
947 5255 1231 5327 procedit.
1266 5278 1290 5305 ιι
1319 5255 1604 5310 Salutatio
1630 5271 1809 5310 manu
1831 5271 1965 5311 mea

303 5340 494 5395 Pauli.
532 5362 559 5391 »
592 5342 838 5415 PrOpria
876 5360 1059 5400 manu
1103 5345 1527 5400 salutationem
1590 5343 1647 5398 in
1714 5344 1964 5416 epistola

310 5430 567 5502 scripsit.
611 5454 636 5480 ιι
664 5431 719 5485 Si
750 5433 882 5505 quis
903 5451 1024 5489 non
1055 5433 1548 5490 amatDominum
1577 5454 1607 5483 »
1641 5432 1764 5489 Uno
1787 5434 1962 5491 verbo

309 5536 518 5577 omnes
548 5522 783 5586 terruit.
815 5522 915 5594 qui
974 5523 1065 5579 vcl
1121 5524 1193 5579 ab
1253 5523 1600 5579 hominibus
1657 5525 1963 5596 cognomi-

306 5613 623 5681 nabantur,
650 5613 744 5671 vel
762 5619 1142 5682 scortatores,
1174 5615 1266 5670 vel
1292 5614 1655 5673 offendicula
1679 5615 1962 5674 fratribus

302 5710 596 5775 ponentes
628 5705 862 5763 edendo
896 5704 1250 5780 idolothyta,
1310 5705 1403 5762 vel
1457 5706 1959 5769 resurrectionem

2069 4710 2153 4764 δτι
2182 4707 2274 4763 τὸν
2310 4705 2458 4761 οἶκον
2498 4702 2793 4775 ἐκκλησίαν
2841 4702 3280 4776 ἑπεποιήκεισαν.
3342 4732 3368 4758 ιι
3418 4706 3505 4762 Ἐν
3550 4702 3722 4784 φιλή-

2071 4819 2202 4873 ματι
2236 4796 2398 4873 ἁγίῳ.
2437 4819 2464 4844 υ
2494 4796 2571 4853 Τὸ
2591 4799 2688 4851 τοῦ
2712 4794 2872 4872 ἁγίου
2893 4794 3210 4874 φιλήματος
3235 4793 3344 4852 ὧδε
3375 4796 3535 4870 μόνον
3560 4794 3729 4870 πρόσ-

2068 4908 2265 4957 κειται,
2333 4883 2424 4941 διὰ
2495 4887 2559 4942 τὸ
2618 4883 2765 4940 πολὺ
2824 4885 3018 4948 αὐτοὺς
3082 4882 3374 4946 διεστάναι,
3432 4885 3576 4960 Ἐγὼ
3621 4886 3729 4964 γάρ

2069 4977 2209 5052 εἶμι,
2241 4976 2399 5056 φησὶ,
2436 4973 2675 5037 ΙΙαύλου,
2708 4973 2817 5048 ἐγὼ
2862 4972 2920 5031 δὲ
2976 4974 3256 5041 Ἀπολλὼ,
3292 4976 3397 5052 ἐγὼ
3452 4973 3508 5032 δὲ
3540 4979 3727 5053 Κηφᾶ.

2067 5070 2261 5143 ’Ἀγιον
2294 5063 2351 5121 δὲ
2385 5065 2549 5140 Λέγει,
2583 5064 2646 5120 τὸ
2677 5065 3033 5140 ἀνυπόκριτον
3092 5066 3180 5121 καὶ
3245 5065 3297 5137 ἐξ
3329 5068 3565 5144 ἀγάπης,
3603 5091 3631 5118 ιι
3664 5068 3730 5124 'O

2070 5164 2354 5237 ἀσπασμὸς
2383 5164 2451 5235 τῇ
2503 5159 2610 5237 ἐμῇ
2671 5169 2823 5239 χειρῖ
2874 5160 3113 5218 Παύλου.
3148 5184 3179 5218 υ
3211 5160 3533 5239 Ἰδιόχειρον
3562 5160 3732 5240 ἔγρα-

2071 5258 2137 5331 ψε
2161 5253 2251 5309 τὸν
2283 5254 2565 5327 ἀσπασμὸν
2612 5249 2664 5307 ἐν
2701 5255 2770 5327 τῇ
2798 5250 3084 5328 ἐπιστολῇ.
3148 5278 3176 5306 ιι
3213 5251 3282 5310 Εἴ
3331 5274 3415 5315 τις
3475 5254 3540 5308 οὐ
3574 5252 3733 5331 φιλεῖ

2068 5345 2161 5402 τὸν
2194 5344 2411 5420 Κύριον.
2447 5369 2474 5396 ››
2509 5342 2584 5398 Δι’
2620 5341 2738 5405 ἑνὸς
2767 5340 3016 5418 ῥήματος
3046 5342 3252 5408 πάντας
3308 5338 3566 5418 ἐφόϐησε,
3597 5342 3731 5408 τοὺς

2072 5435 2178 5492 ἀπὸ
2227 5432 2524 5509 ἀνθρώπων
2583 5430 3046 5504 ὀνομαζομένους,
3103 5433 3229 5496 τοὺς
3285 5431 3543 5507 πόρνους,
3598 5431 3734 5498 τοὺς

2073 5521 2535 5595 σκανδαλίζοντας
2563 5521 2692 5583 τοὺς
2724 5518 2994 5599 ἀδελφοὺς
3050 5525 3119 5597 τῇ
3175 5527 3287 5578 τῶν
3341 5519 3729 5586 εἶδωλοθύτων

2073 5616 2295 5695 βρώσει,
2338 5612 2466 5677 τοὺς
2512 5614 2582 5686 τῇ
2615 5610 2902 5667 ἀναστάσει
2952 5610 3335 5677 ἀπιστοῦντας,
3397 5612 3465 5671 Οἱ
3524 5612 3628 5690 γὰρ
3660 5612 3733 5671 τὰ

2067 5709 2294 5763 τοιαῦτα
2322 5702 2677 5781 πράσσοντας,
2702 5698 2763 5757 οὐ
2790 5699 3014 5785 φιλοῦσι
3043 5702 3138 5760 τὸν
3166 5701 3366 5783 Κύριον
3401 5702 3735 5783 Μαραναθά,
