4080 6380
311 372 430 436 905

1241 368 1656 434 GOMMENT.
1704 368 1782 431 ΙΝ
1827 368 2082 432 EPIST.
2129 371 2188 431 II
2232 370 2338 431 AD
2381 368 2754 433 CORINTH.

3604 374 3723 437 906

305 508 623 570 Τουτέστιν,
654 506 682 562 ὁ
709 504 908 580 Κύριος
941 503 1099 576 ἦλθε.
1131 504 1309 562 Τοῦτο
1338 501 1396 560 δὲ
1425 523 1582 586 φησι,
1613 505 1715 573 τὴν
1740 502 1952 559 ο”κονο-

2081 522 2191 562 non
2220 507 2551 564 credentes.
2585 509 2726 563 Nam
2755 508 2855 580 qui
2901 508 3044 565 talia
3101 516 3307 591 agunt,
3363 527 3486 568 non
3517 518 3728 569 amant

309 596 437 669 μίαν
471 590 705 672 βεϐαιῶν
733 593 822 650 καὶ
888 595 988 662 τήν
1043 593 1349 662 ἀνάστασιν,
1408 592 1497 649 καὶ
1554 591 1817 659 ἐντρέπων
1877 590 1961 647 ὅτι

309 687 337 743 ὁ
369 685 646 757 Δεσπότης
679 685 812 760 ὑπὲρ
868 686 1029 757 ἡμῶν
1089 686 1369 752 ἀπέθανεν,
1421 683 1578 758 ὑμεῖς
1639 681 1698 738 δὲ
1751 703 1962 757 παρορ-

304 777 488 853 γίζετε
556 774 737 843 αὐτὸν,
796 775 1124 848 πράττοντες
1178 772 1376 829 ἄτοπα.
1439 778 1520 838 Τῆ
1578 766 1845 848 Ἐϐραῖκῇ
1904 767 1963 827 δὲ

301 862 575 945 κέχρηται
608 862 772 937 λέξει,
805 860 1018 925 δεικνὺς
1047 862 1212 919 ὅτιού
1247 861 1409 935 μόνον
1437 860 1536 917 οὐκ
1563 862 1960 938 ἀποστρέφεται

301 943 727 1023 censimum,
762 950 908 1008 ἀλλὰ
937 953 1027 1007 καὶ
1060 952 1395 1026 σεμνύνεται.
1449 952 1526 1009 Τὸ
1580 950 1683 1027 γὰρ
1739 943 1964 1025 Ἑϐραῖ-

373 1042 388 1064 \
421 1039 455 1098 λ
563 1048 587 1059 ν
671 1039 725 1064 ’.Ἷ
995 1042 1009 1063 2
1087 1046 1111 1058 θ
1174 1041 1187 1059 Ἰ
1441 1042 1460 1059 Ρ
1722 1046 1744 1056 ε-
1900 1043 1924 1055 -

303 1064 389 1099 στι
460 1042 639 1108 αλειν,
675 1041 916 1098 ιοιωτεία
947 1062 1139 1105 αυτοις
1170 1037 1347 1097 εδόκει
1404 1061 1521 1096 ουσι
1581 1060 1793 1120 σοφοις.
1824 1045 1963 1094 Του-

302 1154 369 1189 το
401 1131 472 1215 ἒξ
486 1137 659 1203 ποιεῖ,
695 1134 968 1204 καθαιρῶν
996 1134 1089 1188 τὸν
1117 1135 1284 1212 τῦφον
1310 1136 1419 1187 τῶν
1457 1135 1660 1207 σοφῶν.
1719 1164 1784 1174 -
1815 1127 1960 1186 Ἀλ-

306 1223 446 1285 λως.
466 1214 808 1297 [ΟΙΚΟΥΜ.]
838 1226 1010 1279 Τοῦτο
1038 1222 1100 1278 οὐ
1122 1228 1224 1292 τῆς
1252 1214 1519 1297 Ἐϐραίων
1578 1221 1721 1284 τινὲς
1755 1217 1963 1276 ὑπελα-

305 1308 423 1380 ϐον,
449 1310 597 1367 ἀλλᾶ
624 1318 724 1382 τῆς
764 1309 950 1386 Σύρων
981 1313 1123 1367 εἶναι
1154 1318 1363 1389 φωνῆς.
1394 1309 1786 1387 Ἑρμηνεύεται
1821 1307 1899 1379 δί,
1931 1309 1960 1364 ὁ

304 1402 511 1480 Κύριος
540 1402 700 1472 ἦλθε.
732 1401 953 1460 Τέθεικε
984 1398 1041 1457 δὲ
1069 1403 1168 1472 τήν
1199 1401 1363 1475 λέξιν,
1398 1406 1505 1457 τῶν
1538 1399 1625 1457 ἐπὶ
1650 1399 1960 1478 εύγλωττίᾳ

299 1489 714 1568 σεμνυνομένων
747 1492 1051 1569 Κορινθίων
1084 1493 1184 1564 τήν
1216 1491 1381 1572 ὀφρὺν
1414 1489 1823 1563 καταστέλλων,
1867 1492 1959 1547 καὶ

301 1581 573 1641 διδάσκων
624 1582 701 1645 ὡς
745 1582 808 1637 ού
866 1577 1222 1649 παιδεύσεως,
1283 1580 1430 1638 ἀλλᾶ
1476 1581 1711 1643 πίστεως
1770 1581 1958 1644 αὐτοῖς

299 1672 483 1754 χρεία.
522 1697 549 1725 οι
578 1678 635 1728 Ἦ
672 1670 837 1747 χάρις
865 1676 963 1727 τοῦ
1025 1671 1229 1747 Κυρίου
1278 1671 1463 1742 Ἰησοῦ
1521 1674 1781 1748 λριστοῦ,
1844 1672 1961 1745 μεθ’

305 1765 521 1836 ὑμῶν»)
541 1765 721 1820 Τοῦτο
748 1759 1177 1829 διδασκάλου,τὸ
1202 1763 1278 1835 μὴ
1311 1761 1477 1836 μόνον
1506 1759 1959 1837 παραινεῖν,ἆλλὰ

2077 598 2394 654 Dominum
2450 623 2474 647 «
2515 597 2872 654 Maranatha.
2906 621 2935 649 »
2966 596 3026 654 ld
3059 605 3168 664 est,
3226 600 3513 656 Dominus
3542 601 3726 657 venit.

2076 687 2197 743 Hoc
2229 694 2427 744 autem
2459 686 3125 759 dixitdispeusationem
3147 705 3213 745 ac
3228 691 3730 747 resurrectionem

2077 778 2459 834 confirmans.
2488 784 2545 832 et
2575 778 2907 833 admonens
2929 778 3087 849 quod
3110 780 3395 836 Dominus
3416 799 3523 854 pro
3553 780 3730 838 nobis

2077 874 2348 922 mortuus
2369 872 2476 922 est.
2496 883 2595 922 vos
2617 874 2837 930 autem,
2874 868 3089 939 inquit.
3125 883 3261 923 eum
3293 869 3539 925 irritatis
3569 869 3731 925 indi-

2074 971 2190 1027 gna
2218 961 2655 1028 perpetrantes.
2684 955 2972 1013 Hebraica
3003 973 3136 1012 vero
3162 974 3305 1013 usus
3336 963 3424 1014 est
3469 959 3731 1014 dictione

2076 1044 2400 1101 ostendens
2421 1046 2578 1118 quod
2598 1063 2717 1101 non
2732 1046 2926 1103 solum
2950 1063 3070 1102 non
3094 1047 3729 1114 averseturinscitiam,

2078 1133 2180 1189 sed
2212 1141 2270 1191 et
2298 1135 2587 1208 glorietur
2612 1135 2682 1191 de
2714 1152 2802 1192 ea.
2834 1136 2983 1192 Nam
3036 1135 3320 1193 Hebraice
3352 1137 3537 1209 loqui,
3564 1138 3733 1211 igno-

2074 1225 2271 1281 rantia
2301 1224 2447 1297 ipsis
2475 1224 2782 1281 videbatur
2810 1243 2947 1281 cum
2979 1227 3281 1299 sapientes
3339 1232 3563 1285 essent.
3613 1227 3733 1283 Hoc

2073 1321 2272 1371 autem
2301 1314 2688 1383 facit,tollens
2710 1316 2927 1371 fastum
2959 1317 3319 1388 sapientum.
3340 1318 3545 1372 ——Alio
3573 1316 3733 1373 modo

2072 1406 2192 1461 Hoc
2222 1405 2466 1476 quidam
2526 1422 2645 1461 non
2705 1405 3085 1462 Hebraeorum
3117 1407 3262 1463 581
3300 1406 3405 1463 sed
3451 1408 3733 1479 Syrorum

2072 1513 2201 1553 esse
2233 1513 2433 1553 vocem
2466 1496 2749 1569 suspicati
2781 1498 3128 1554 suntSonat
3156 1503 3377 1567 autem,
3410 1498 3458 1554 si
3482 1497 3733 1570 quisin-

2074 1592 2454 1659 terpretetur,
2490 1588 2753 1643 Dominus
2782 1589 2951 1643 venit.
2988 1585 3151 1644 Hanc
3183 1593 3381 1644 autem
3406 1574 3734 1644 dictionem

2071 1676 2687 1750 posuit,supercilium
2715 1676 3121 1749 comprimens
3155 1677 3596 1734 Corinthiorum
3630 1677 3733 1750 qui

2072 1782 2203 1822 sese
2235 1766 2307 1822 de
2335 1767 2681 1839 eloquentia
2706 1766 3037 1839 jactabant,
3072 1773 3131 1823 et
3160 1766 3382 1823 docens
3422 1765 3582 1839 quod
3613 1783 3734 1823 non

302 1852 397 1907 καὶ
427 1851 763 1909 ἒπεύλεσθαι.
799 1851 931 1909 Εἶτα
960 1849 1150 1920 ἐπειδὴ
1181 1851 1360 1906 αὐτῶν
1414 1848 1603 1906 πολλὰ
1648 1851 1957 1925 καθήψατο,

339 1945 366 1955 ν
435 1952 452 1958 -
636 1941 649 1958 Ι
785 1940 797 1958 9
877 1940 889 1957 κ
1040 1940 1054 1958 \
1092 1938 1106 1958 θ
1195 1941 1208 1958 1
1433 1940 1507 1958 τὴν
1638 1940 1651 1958 \
1889 1940 1902 1958 ἢ

2081 1856 2432 1920 eruditione,
2454 1855 2558 1911 sed
2578 1855 2693 1912 fide
2714 1856 2860 1929 ipsis
2884 1873 3034 1929 opus
3059 1862 3207 1913 erat.
3228 1879 3256 1907 ‹‹
3286 1857 3484 1913 Gratia
3498 1855 3735 1913 Domini

2081 1949 2096 1958 .
2247 1936 2298 1958 τῇ
2363 1945 2373 1955 .
2419 1944 2454 1958 ..
2515 1944 2550 1958 ..
2663 1944 2676 1958 .
2705 1946 2715 1955 .
3037 1946 3081 1958 ..
3448 1951 3456 1958 .
3539 1945 3551 1957 .
3717 1949 3727 1958 .

307 1945 400 1996 νῦν
430 1941 708 2015 θεραπεύει
737 1940 936 2003 αὐτοὺς
967 1940 1056 1997 καὶ
1088 1938 1398 2018 ἐπεύχεται.
1433 1940 1536 2012 Εἶή
1592 1940 1721 2016 γὰρ,
1773 1940 1959 2019 φησῖν,

303 2034 338 2102 ἠ
376 2028 553 2106 ἀγάπη
587 2054 698 2104 μου
734 2033 848 2106 μεθ’
881 2032 1057 2111 ύλλῶν.
1091 2032 1281 2090 Ἔσται
1323 2028 1380 2087 δὲ
1434 2035 1596 2087 τοῦτο
1637 2034 1755 2093 πῶς
1791 2053 1806 2100 ;
1839 2030 1961 2087 Ἐὰν

299 2122 485 2198 ὀρθῶς
518 2118 801 2198 βαδίζητε.
838 2122 971 2181 Εἶτα
997 2122 1084 2178 ’ἱνα
1117 2124 1193 2195 μὴ
1227 2121 1497 2197 νομίσωσι
1527 2120 1818 2184 κολακείας
1849 2121 1965 2177 εἶνα

298 2212 365 2267 τὸ
403 2211 582 2287 ῥῆμα,
615 2209 827 2290 ἐπαγειο
866 2237 894 2265 ‹‹
926 2214 1015 2269 Ἑν
1044 2212 1264 2288 Χριστῷ
1296 2213 1494 2282 Ἰησοῦ.
1530 2237 1557 2263 ››
1587 2209 1756 2269 Ούδὶν
1778 2211 1961 2289 φησὶν,

301 2301 643 2374 ἀνθρώπινον
689 2303 725 2373 ἢ
787 2304 1042 2378 σαρκικὸν
1073 2304 1199 2380 παρ’
1260 2301 1408 2378 ἐμοί’
1471 2301 1524 2357 ἐν
1592 2302 1697 2378 γὰρ
1746 2302 1964 2376 Χριστῷ

298 2387 448 2447 ἔσται
481 2394 512 2463 ἡ
540 2392 723 2468 ἀγάπη
760 2413 867 2467 μου
891 2393 1009 2465 μεθ’
1044 2392 1220 2467 ὑμῶν.

2068 1949 2212 2001 Jesu
2242 1936 2457 2002 Christi
2480 1944 2559 2001 sit
2586 1944 2914 2003 vobiscum.
2958 1967 2987 1996 »
3037 1946 3157 2001 Hoc
3203 1945 3587 2020 praeceptoris
3648 1949 3736 2001 est

2072 2053 2194 2092 non
2224 2036 2526 2092 adhortari
2561 2035 2892 2101 solum,s_ed
2916 2041 2974 2093 et
2993 2037 3246 2109 precari.
3282 2038 3550 2110 Denique
3580 2042 3737 2110 post-

2074 2141 2253 2196 quam
2284 2125 2347 2181 iu
2378 2124 2583 2180 multis
2612 2125 2774 2197 ipsos
2807 2123 3157 2199 objurgavit,
3192 2143 3353 2182 nunc
3383 2126 3735 2198 obsequitur

2073 2214 2194 2270 illis
2225 2231 2293 2271 ac
2325 2219 2455 2270 orat
2480 2213 2686 2269 dicens
2712 2230 2725 2267 :
2760 2213 2845 2268 Sit
2875 2213 3116 2271 dilectio
3156 2232 3291 2271 mea
3311 2215 3633 2271 vobiscum.
3666 2214 3733 2270 Id

2074 2311 2271 2360 autem
2302 2321 2419 2376 quo
2451 2309 2623 2376 pacto
2656 2303 2805 2359 fiet?
2834 2304 2891 2358 Si
2925 2309 3083 2381 recte
3125 2304 3435 2362 incedatis.
3468 2305 3731 2361 Tandem

2076 2411 2152 2450 ne
2182 2394 2243 2449 id
2274 2392 2633 2449 adulationis
2674 2409 2804 2449 esse
2845 2393 3206 2464 existiment,
3239 2395 3578 2468 subjungit:
3605 2418 3634 2447 «
3666 2394 3731 2451 ln

305 2484 540 2541 Christo
564 2485 722 2542 Jesu.
755 2507 784 2535 ››
813 2484 993 2555 Nihil,
1025 2484 1243 2556 inquit,
1275 2485 1607 2541 humanum
1638 2489 1743 2541 aut
1770 2483 2009 2541 carnale
2040 2482 2199 2557 apud
2219 2500 2315 2540 me
2346 2489 2437 2540 est
2464 2501 2480 2551 ς
2511 2500 2651 2541 nam
2680 2499 2787 2555 per
2816 2482 3117 2541 Christum
3148 2485 3263 2541 erit
3281 2484 3526 2543 dilectio
3591 2502 3727 2544 mea

307 2585 635 2642 vobiscum.

304 2707 499 2780 Τέλος,
575 2709 668 2765 σὺν
741 2712 878 2783 Θεῷ,
955 2715 1057 2785 τῇς
1153 2709 1291 2785 πρὸς
1344 2709 1670 2785 Κορινθίους
1733 2709 1961 2783 πρώτης

962 2782 1262 2852 Ἐπιστολῇ
1274 2804 1317 2845 ς.

373 2871 616 2950 Ἐγράφη
649 2871 759 2927 ἀπὸ
789 2869 1086 2927 Φιλίππων
1120 2870 1210 2927 διὰ
1234 2875 1482 2950 Στεφανᾶ
1529 2871 1622 2927 καὶ
1675 2877 1961 2948 Φουρτου-

305 2962 493 3034 νάτου,
523 2961 616 3018 καὶ
648 2962 925 3041 Ἀχαϊκοῦ
956 2961 1047 3017 καὶ
1078 2962 1375 3036 Τιμοθὲου.

2071 2711 2248 2779 Finis,
2281 2711 2471 2766 divino
2498 2712 2720 2780 favente
2752 2710 2988 2838 ἓαφὶἕίιῖ.
3016 2711 3230 2781 prioris
3287 2711 3363 2768 ad
3420 2711 3734 2771 Corinthios

2801 2797 2889 2838 ms
2915 2799 2946 2837 ο
2968 2797 3042 2838 «ιε.

2795 2797 3042 2853 putatae.

2070 2872 2248 2929 Missa
2278 2878 2369 2929 est
2396 2888 2432 2929 a
2461 2862 2750 2944 Philippis
2783 2886 2887 2942 per
2916 2871 3307 2944 Stephanum,
3339 2878 3399 2930 et
3435 2874 3729 2939 Fortuna-

2321 2968 2470 3033 tum,
2505 2968 2565 3018 et
2613 2959 2936 3019 Achaicum
2980 2978 3050 3018 ac
3081 2963 3476 3022 Timotheum.

1682 3281 2313 3380 ΥΠΟΘΕΣΙΣ

1167 3508 1313 3566 ΤΗΣ
1355 3508 1538 3567 ΠΡΟΣ
1569 3509 1992 3567 ΚΟΡΙΝΘΙΟΥΣ
2026 3507 2387 3565 ΔΕΥΤΕΡΔΣ
2436 3507 2874 3566 ΕΠΙΣΤΟΛΗΣ.

1582 3787 2448 3888 ARGUMENTUM

1204 4000 1664 4060 POSTERIORIS
1692 4000 1909 4059 PAULI
1956 4001 2051 4056 AD
2082 3995 2502 4058 CORINTHIOS
2533 3996 2908 4056 EPISTOLE.

387 4353 605 4425 Ταύτην
652 4349 962 4410 ἐπιστέλλει
1018 4351 1125 4408 ἀπὸ
1184 4346 1548 4414 Μακεδονίας.
1605 4350 1668 4406 Ἡ
1724 4345 1780 4403 δὲ
1838 4349 1969 4423 πρό-

2165 4349 2319 4407 588
2351 4350 2513 4405 Hanc
2534 4365 2568 4405 a
2588 4347 2933 4405 Macedonia
2954 4348 3156 4404 mittit.
3191 4348 3326 4404 Haec
3348 4353 3547 4404 autem
3580 4363 3746 4405 occa-

317 4466 482 4525 qmmc
515 4448 615 4511 τῆς
647 4440 984 4513 Ἐπιστολῆς
1022 4438 1181 4511 αὕτη.
1225 4439 1514 4515 Δεξάμενοι
1546 4438 1829 4513 Κορίνθιοι
1877 4438 1978 4505 τὴν

313 4529 590 4610 προτέραν
625 4530 982 4604 Ἐπιστολὴν,
1041 4528 1410 4605 κατενύγησαν
1471 4527 1559 4583 ἐπὶ
1612 4532 1682 4601 τῇ
1741 4526 1981 4603 ἁμαρτίᾳ

312 4628 418 4680 τοῦ
451 4618 717 4686 λαϐόντος
743 4623 841 4692 τήν
889 4621 1184 4697 μητρυιὰν,
1217 4619 1309 4675 καὶ
1364 4617 1713 4688 ἒλυπηθησαν
1775 4612 1851 4685 δὲ,
1906 4615 1982 4679 ὡς

314 4710 642 4788 παριδόντες
729 4717 792 4768 τὸ
830 4715 1084 4767 τοιοῦτον
1141 4709 1459 4785 ἁμάρτημα.
1522 4707 1660 4764 Εῗτα
1725 4705 1979 4784 ὑφηρπά-

312 4809 476 4874 ζοντο
507 4803 652 4879 παρά
673 4824 837 4859 τινων
869 4802 956 4859 καὶ
988 4800 1085 4863 τὰς
1134 4800 1433 4877 προφάσεις
1492 4797 1598 4854 τῶν
1656 4795 1982 4876 σχισμέτων

311 4893 647 4956 ποιούντων,
708 4892 846 4948 ὥστε
893 4887 1357 4967 παρακαθέζεσθαι
1413 4891 1491 4960 τῷ
1544 4886 1830 4965 γράμματι
1881 4889 1980 4942 τοῦ

312 4980 514 5055 νόμου,
546 4981 636 5036 καὶ
689 4976 986 5057 ἀδιάφορον
1046 4981 1299 5056 ἡγεῖσθαι
1343 4978 1444 5046 τὴν
1504 4976 1651 5051 παρᾶ
1712 4978 1808 5029 τοῦ
1841 4980 1980 5045 Χρι-

325 5075 456 5126 στοῦ
489 5073 678 5147 χάριν,
708 5070 798 5125 καὶ
835 5068 1049 5142 μᾶλλον
1097 5068 1389 5143 προσέχειν
1417 5072 1533 5129 τοῖς
1590 5066 1642 5120 ἐν
1699 5064 1981 5142 προσώπῳ

320 5162 731 5239 καιδχωμένοις.
769 5163 940 5218 Ἦσαν
976 5158 1033 5216 δὲ
1062 5158 1153 5214 καὶ
1186 5158 1310 5232 περὶ
1347 5165 1448 5228 τῆς
1505 5156 1696 5234 λογίας
1751 5164 1851 5225 τῆς
1903 5155 1980 5220 εἷς

317 5253 450 5316 τοὺς
502 5252 689 5329 ἁγίους
758 5251 1132 5329 φροντίζοντες
1188 5248 1393 5313 καλῶς.
1458 5247 1602 5325 Πρὸς
1661 5251 1827 5303 ταῦτα
1885 5244 1981 5301 οὖν

321 5343 638 5421 ἀντιγράφει
672 5342 700 5397 ὁ
761 5337 1124 5403 Ἀπὸστολος.
1188 5338 1297 5396 Καὶ
1354 5343 1571 5416 πρῶτον
1625 5340 1723 5413 μὲν
1779 5334 1980 5393 ἀποδέ-

323 5452 485 5508 χεται
534 5432 664 5494 τοὺς
721 5425 1055 5492 ἐκϐαλόντας
1101 5430 1193 5485 τὸν
1258 5430 1738 5505 παρανομήσαντα,
1799 5421 1983 5482 ἔπειτα

320 5522 612 5595 ἀξιώσασιν
707 5520 897 5581 αὐτοῖς
975 5518 1332 5586 καθικετεύει,
1397 5517 1489 5573 καὶ
1578 5519 1984 5591 μετανοήσαντα

317 5610 526 5668 ἰκεῖνον
567 5606 782 5667 κελεύει
815 5605 1104 5690 δεχθῆναι.
1138 5606 1227 5664 Ἐν
1259 5605 1399 5684 αὐτῇ
1454 5602 1514 5661 δὲ
1570 5601 1812 5662 διδάσκει
1856 5604 1980 5681 περὶ

313 5705 415 5759 τοῦ
443 5700 645 5775 νόμου,
679 5695 904 5776 διαιρῶν
933 5698 998 5756 τὸ
1026 5697 1277 5775 γράμμα,
1316 5696 1407 5753 καὶ
1452 5692 1718 5752 δείκνυσιν
1778 5694 1863 5752 ὃτι
1920 5694 1983 5750 οὗ

643 5824 889 5885 ΡΑΤῐιιΠ.
906 5867 921 5882 .
967 5820 1079 5884 Gn.
1126 5820 1324 5883 CXV“
1339 5818 1386 5882 Ι.

2093 4438 2178 4493 sio
2206 4438 2319 4493 fuit
2336 4437 2635 4509 Epistolas.
2661 4439 2805 4495 Cum
2830 4438 3091 4510 priorem
3141 4438 3465 4510 Epistolam
3489 4436 3749 4509 accepis-

2096 4534 2228 4583 sent
2256 4528 2569 4594 Corinthii,
2604 4528 2945 4600 compuncti
2974 4534 3114 4583 sunt
3143 4527 3217 4583 ob
3249 4528 3413 4584 illius
3436 4535 3752 4600 peccatum

2093 4618 2193 4688 qui
2221 4634 2531 4673 novercam
2566 4622 2910 4688 acceperat:
2936 4617 3250 4688 mmstique
3282 4618 3525 4673 fuerunt
3551 4623 3617 4671 ut
3647 4616 3750 4688 qui

2090 4705 2433 4777 hmusmodi
2454 4710 2761 4778 peccatum
2779 4705 3513 4762 dissimulassent.Deinde
3535 4722 3568 4761 ο
3598 4721 3753 4762 non-

2091 4796 2275 4853 nullis
2305 4794 2782 4867 surripiebantur
2813 4794 2911 4866 qui
2941 4795 3119 4850 etiam
3153 4794 3306 4850 datis
3360 4793 3750 4853 dissidiorum

2093 4884 2508 4941 occasionibus
2538 4884 2598 4939 id
2630 4882 2886 4956 agebant
2914 4890 2981 4939 ut
3011 4884 3156 4957 legis
3216 4882 3429 4940 litterae
3479 4884 3750 4941 adha-re-

2092 4981 2246 5042 rent,
2281 4981 2339 5030 et
2370 4973 2731 5045 superﬂuam
2763 4973 3050 5029 ducerent
3078 4973 3276 5029 datam
3301 4990 3335 5029 a
3364 4973 3596 5029 Christo
3617 4991 3749 5048 gra-

2092 5062 2512 5132 tiamzhisque
2546 5062 2731 5134 magis
2762 5061 3146 5118 intenderent
3195 5062 3297 5135 qui
3356 5062 3418 5118 in
3476 5079 3748 5134 personas

2093 5155 2373 5229 gravitate
2395 5151 2825 5225 gloriabantur.
2868 5152 3023 5208 Bene
3057 5154 3236 5208 etiam
3295 5151 3368 5209 de
3399 5152 3748 5210 collectione

2094 5246 2156 5300 in
2188 5250 2423 5300 sanctus
2451 5258 2653 5298 curam
2686 5240 3109 5297 habebant.Ad
3142 5243 3269 5298 haec
3300 5243 3499 5316 itaque
3531 5245 3750 5301 rescri-

2095 5335 2182 5390 bit
2214 5332 2544 5406 Apostolus.
2574 5334 2645 5387 Et
2693 5332 2953 5404 primum
2987 5331 3230 5403 quidem
3262 5333 3423 5405 ipsos
3455 5350 3755 5391 commen-

2096 5424 2185 5480 dat
2225 5422 2385 5494 quod
2416 5428 2915 5493 transgressorem
2943 5421 3285 5491 ejecissent.
3324 5422 3546 5478 Deinde
3595 5423 3754 5497 ipsos

2094 5514 2179 5569 ita
2206 5518 2522 5569 censentes
2552 5516 2701 5576 orat,
2735 5526 2803 5566 ac
2838 5509 3292 5583 resipiscentem
3341 5510 3518 5583 jubet
3545 5511 3753 5582 recipi.

2093 5604 2160 5661 In
2193 5602 2402 5660 eadem
2434 5605 2637 5659 autem
2672 5600 2848 5657 docet
2873 5598 2947 5656 de
2979 5599 3403 5676 lege,litteram
3423 5590 3753 5667 elevans,ac

2096 5692 2493 5751 ostenditnon
2517 5695 2793 5764 oportere
2821 5694 3059 5748 tantum
3087 5690 3236 5765 legis
3253 5689 3753 5761 sumerelitterao,

3428 5809 3511 5872 29
