4080 6392
368 365 485 467 9υέ

1453 394 1883 459 (ECUMENII
1928 390 2233 453 TBICCIE
2280 390 2661 454 EPISCOPI.

3675 396 3797 463 908

373 541 475 597 sed
504 554 741 595 sensum
770 538 872 607 qui
905 539 994 591 est
1023 536 1084 589 in
1108 534 1309 590 littera
1339 533 1593 589 scrutari
1631 534 1830 601 Neque
1853 527 2011 585 enim

2130 521 2212 580 δεῖ
2245 520 2549 599 λαμϐάνειν
2577 526 2646 582 τὰ
2690 526 2986 601 γράμματα
3048 528 3214 597 μόνον
3270 533 3369 585 τοῦ
3416 533 3616 604 νόμου,
3649 533 3799 593 ἀλλὰ

369 631 465 686 lex
489 630 677 684 solum
712 628 956 682 verbum
978 631 1089 693 est,
1132 624 1236 680 sed
1269 623 1327 678 in
1360 624 1556 679 verbis
1586 628 1755 677 estet
1783 618 2020 674 intelle-

369 726 497 775 ctus
529 719 793 791 spiritus.
831 715 1055 772 Deinde
1089 714 1249 786 quod
1283 715 1555 770 veniente
1612 711 1843 766 Christo
1875 724 2024 764 nova

370 809 446 863 sit
476 809 629 864 facta
657 815 929 863 creatura
964 822 976 860 :
1007 822 1116 861 nec
1174 810 1409 876 oportet
1447 806 1619 876 juxta
1674 806 2024 855 vetustatem

367 898 693 957 viveresed
724 898 783 952 in
818 895 1095 951 omnibus
1154 901 1439 965 tanquam
1496 892 1648 949 589
1708 892 1769 945 in
1808 904 2024 944 novam

368 989 639 1044 renovari
673 992 1005 1043 creaturam
1035 1002 1137 1040 :ac
1170 984 1451 1054 deinceps
1482 983 1733 1037 otiosam
1756 996 1885 1035 esse
1908 978 2026 1033 cir-

367 1078 818 1135 cumcisionem.
844 1074 1234 1130 Commendat
1262 1072 1439 1128 etiam
1472 1072 1635 1144 ipsos
1665 1069 1737 1125 de
1756 1068 2027 1123 ministe-

365 1167 555 1235 rio,ac
586 1168 933 1222 exhortatur
964 1171 1028 1219 ut
1057 1163 1207 1218 illud
1236 1163 1423 1235 magis
1480 1160 1716 1216 abunde
1764 1158 1886 1214 ﬁat.
1919 1159 2026 1211 Ac-

367 1273 586 1312 cusans
620 1262 816 1312 autem
853 1271 955 1309 eos
986 1253 1087 1324 qui
1121 1253 1183 1307 in
1208 1268 1475 1323 personae
1506 1249 1789 1324 gravitate
1811 1244 2026 1319 gloria-

365 1345 601 1410 bantur,
638 1350 850 1400 cuncta
892 1348 1163 1398 recenset
1217 1358 1348 1412 qua:
1409 1345 1649 1411 propter
1706 1336 2023 1391 Dominum

364 1451 575 1506 passus
606 1434 818 1499 fuerat,
878 1450 946 1488 ac
1002 1432 1263 1487 visiones
1311 1436 1516 1484 narrat
1571 1445 1718 1500 quas
1774 1425 2022 1491 viderat,

363 1532 491 1580 tum
524 1525 587 1580 in
618 1523 961 1597 paradisum
997 1528 1117 1576 tum
1152 1522 1211 1575 in
1263 1520 1501 1575 tertium
1535 1525 1739 1589 raptus
1785 1516 2019 1571 caelum.

365 1614 617 1670 Domum
646 1613 748 1669 ubi
782 1610 1066 1683 praecepit
1108 1627 1182 1665 ne
1222 1616 1489 1680 peccent,
1518 1607 1623 1663 sed
1682 1612 2023 1678 peccatores

366 1703 564 1775 potius
586 1702 965 1772 resipiscant,
998 1700 1059 1754 in
1090 1700 1419 1771 gratiarum
1450 1698 1685 1752 actione
1716 1693 2023 1751 concludit

366 1791 711 1865 Epistolam.
746 1792 925 1845 Totus
950 1790 1150 1861 itaque
1191 1804 1385 1843 sermo
1416 1786 1695 1858 Epistola:
1728 1785 1799 1839 de
1827 1784 2021 1854 seipso

366 1886 458 1938 est
488 1886 546 1935 et
574 1880 646 1935 de
677 1878 1003 1935 Corinthiis
1030 1884 1089 1932 et
1120 1877 1191 1932 de
1225 1876 1790 1950 pseudapostolis,et
1819 1891 1887 1928 ex
1911 1873 2021 1928 hoc
2055 1900 2100 1964 Β

366 1975 715 2043 argumento
748 1968 1018 2041 procedit
1050 1975 1108 2023 et
1137 1967 1210 2023 ad
1242 1984 1312 2022 ea
1343 1985 1472 2038 quae
1505 1966 1718 2020 divinae
1743 1970 2022 2036 suntgra-

365 2062 485 2130 tias,
521 2068 579 2116 et
608 2061 679 2116 de
710 2061 867 2116 bona
896 2060 1347 2115 conversatione
1403 2059 1561 2113 circa
1609 2057 1824 2111 bonam
1879 2071 2020 2110 con-

365 2151 677 2207 scientiam
709 2167 777 2205 ac
795 2156 1097 2205 certamen
1113 2154 1641 2219 contemptumque
1657 2145 1992 2201 divitiarum
2005 2185 2018 2212 ,

362 2246 421 2297 et
451 2240 523 2297 de
554 2240 951 2311 eleemosynm
983 2240 1195 2296 virtute
1231 2244 1289 2293 et
1317 2239 1389 2295 de
1421 2236 2019 2310 pseudapostolorum

349 2328 642 2401 jactantia
660 2345 729 2385 ac
757 2328 1063 2401 pravitate.

942 2562 1412 2620 THEODORETI.

350 2738 365 2746 μ
420 2680 674 2754 Dignum
699 2684 790 2736 est
816 2686 1235 2752 utqumramus
1266 2696 1444 2752 quam
1477 2680 1551 2736 ob
1578 2694 1818 2736 causam
1833 2678 2013 2736 addat

346 2771 673 2828 secundam
702 2771 1051 2843 Epistolam.
1085 2771 1233 2836 Quia
1289 2788 1424 2826 curn
1480 2772 1541 2826 in
1573 2770 1769 2843 priore
1801 2765 2013 2826 fuisset

344 2862 649 2935 pollicitus
678 2878 739 2917 se
772 2862 848 2917 ad
877 2862 1042 2933 ipsos
1075 2860 1622 2933 profecturum,nec
1644 2860 1855 2916 fuisset
1874 2876 2010 2932 pro-

342 2952 533 3008 fectus
578 2953 801 3024 Spiritu
833 2953 1028 3024 ipsum
1064 2954 1129 3007 in
1162 2952 1296 3007 aliis
1325 2957 1677 3024 occupante,
1703 2957 1761 3006 et
1790 2951 1931 3021 quia
1949 2951 2009 3006 in

347 3042 677 3119 afflictione
708 3043 1031 3099 inciderat:
1050 3060 1155 3116 per
1176 3044 1332 3099 hanc
1346 3043 1668 3098 secundam
1684 3042 2008 3114 Epistolam

347 3149 507 3190 nunc
526 3150 588 3188 se
620 3140 833 3206 purgat
849 3134 1011 3205 quod
1033 3151 1155 3190 non
1179 3134 1493 3202 venerit,et
1511 3139 1577 3189 ut
1600 3133 1801 3189 venire
1834 3132 2012 3188 etiam

350 3239 460 3295 per
492 3224 818 3294 Epistulam
850 3223 1452 3279 videatur.Praaterea
1468 3240 1703 3295 quoque
1730 3222 2008 3295 expriore

348 3311 615 3382 Epistola
634 3313 915 3367 meliores
947 3313 1141 3368 ell‘ecti
1177 3319 1385 3368 erant:
1420 3329 1657 3383 aequum
1673 3328 1809 3382 ergo
1826 3312 2014 3368 fuitut

349 3399 674 3454 secundam
710 3400 979 3471 accipere
1003 3408 1534 3471 mererentur,quo
1565 3401 1752 3474 magis
1791 3400 1865 3456 ad
1897 3401 2007 3456 viro

348 3494 539 3545 tutem
571 3491 955 3562 proficerent.

348 3622 506 3680 590
561 3623 907 3681 SECUNDE
971 3625 1068 3680 AD
1150 3623 1573 3682 COR’NTHIOS
1641 3625 2007 3683 EPISTOLE

1037 3713 1204 3771 CAP]
1211 3716 1326 3771 TA.

346 3858 396 3910 1.
431 3855 750 3912 Gratiarum
801 3856 949 3910 actio
977 3855 1043 3910 de
1073 3855 1264 3911 divino
1298 3856 1513 3911 auxilio
1542 3857 1603 3911 in
1659 3871 1770 3929 quo
1819 3858 1903 3912 ait
1952 3872 2008 3914 se

414 3946 584 4013 fuisse
614 3947 895 4009 conﬁsum.

348 4034 402 4087 2.
438 4034 508 4087 De
528 4033 823 4089 dilectione
853 4048 1020 4103 quam
1070 4051 1205 4104 erga
1259 4036 1404 4105 ipsos
1461 4035 1698 4090 habebat
1731 4052 1745 4090 :
1776 4040 1830 4091 et
1859 4035 2006 4107 quod

411 4123 725 4191 pepercerit
774 4139 841 4176 ne
897 4137 984 4177 eos
1042 4125 1413 4191 contristaret,
1462 4140 1799 4195 quamquam
1868 4142 2002 4181 mae-

419 4225 546 4264 rore
575 4210 845 4279 afﬁciens,
878 4211 1183 4266 utilitatem
1240 4212 1469 4282 aﬂ’erret
1500 4228 1519 4267 :
1570 4212 1748 4268 veluti
1799 4215 1859 4267 in
1941 4231 2003 4271 eo

322 4358 325 4361 _
420 4299 518 4368 qui
577 4298 644 4353 ob
702 4303 956 4368 stuprum
1012 4298 1341 4369 objurgatus
1420 4302 1627 4368 fuerat,
1674 4301 1766 4356 cui
1834 4303 2001 4358 etiam

349 4433 354 4438 .
415 4388 671 4454 ignoscit.

341 4477 394 4532 3.
427 4477 503 4532 De
542 4477 790 4533 utilitate
839 4494 946 4548 per
987 4480 1165 4548 ipsum
1218 4481 1475 4548 prestita
1524 4480 1608 4537 his
1658 4484 1757 4553 qui
1812 4482 2000 4541 idonei

409 4574 601 4636 essent,
632 4585 735 4640 per
756 4586 924 4639 quam
952 4575 1119 4623 etiam
1151 4571 1526 4626 commendari
1540 4588 1594 4627 se
1620 4573 1780 4628 dicit.

2131 613 2183 671 ἐν
2212 616 2362 688 αὖτῷ
2385 622 2465 689 τῷ
2501 617 2787 693 γράμματι
2834 618 2936 685 τήν
2989 614 3229 674 διάνοιαν
3280 620 3513 696 ἐρευνᾷν.
3557 625 3658 692 (Οὐ
3691 628 3794 704 γὰρ

2135 706 2301 778 μόνον
2332 706 2486 781 ῥῆμα
2518 705 2658 763 ἐστιν
2692 708 2720 762 ὁ
2749 709 2945 782 νόμος,
2982 704 3109 764 ἀλλ’
3166 706 3219 763 ἐν
3265 715 3382 773 τοῖς
3444 712 3639 787 ῥητοῖς
3681 714 3794 771 ἐστι

2130 794 2438 857 καὶὸνοῦς
2497 800 2595 852 τοῦ
2660 796 3017 871 πνεύματος.)
3074 797 3303 854 Ἔπειτα
3361 800 3445 855 ὅτι
3504 808 3599 858 τοῦ
3658 809 3798 881 Χρι.

2132 887 2259 937 στοῦ
2291 882 2545 947 ἐλθόντος
2576 888 2732 956 καινὴ
2775 886 2952 948 κτίσις
3011 886 3225 963 γέγονε,
3284 889 3373 943 καὶ
3416 890 3478 945 οὐ
3536 888 3789 953 δεῖκατά

2128 973 2192 1029 τὸ
2222 972 2457 1029 παλαιὸν
2488 974 2875 1048 ζῇν,ἀλλ’ὡς
2935 974 2986 1031 ἐν
3046 980 3208 1051 καινῇ
3266 979 3460 1050 κτίσει,
3517 981 3569 1036 ἐν
3629 990 3793 1043 πᾶσιν

2129 1064 2500 1151 ἀνανεοῦσθαι,
2532 1068 2623 1123 καὶ
2644 1066 2818 1145 ἀργὴν
2863 1069 3002 1125 εἶναι
3060 1068 3257 1126 λοιπὸν
3314 1073 3406 1128 τὸν
3463 1079 3792 1151 περιτομήν.

2133 1143 2491 1231 Ἀποδὲχεται
2524 1154 2582 1213 δὲ
2620 1158 2817 1220 αὐτοὺς
2870 1158 2960 1213 καὶ
3013 1159 3136 1233 περὶ
3185 1167 3283 1229 τῆς
3345 1143 3619 1225 διακονίας
3660 1143 3793 1221 ¹καὶ

2130 1246 2491 1320 προτρέπεται
2526 1245 2742 1318 μᾶλλον
2802 1248 2971 1319 αὐτὴν
3033 1246 3375 1320 πλεονάζειν.
3446 1253 3792 1328 Αἷτιώμενος

2131 1330 2187 1389 δὲ
2229 1336 2357 1398 τοὺς
2402 1336 2454 1391 ἐν
2514 1338 2796 1413 προσώπῳ
2854 1340 3271 1417 καυχωμένους.
3330 1342 3612 1418 καταλέγει
3654 1345 3794 1401 πάν-

2128 1445 2194 1479 τα
2224 1426 2358 1501 ἅπερ
2385 1429 2619 1483 πέπονθε
2641 1424 2731 1483 διὰ
2786 1429 2878 1484 τὸν
2936 1430 3160 1504 Κῦριον.
3220 1430 3315 1486 Καὶ
3374 1433 3469 1496 τᾶς
3522 1433 3786 1500 ὀπτασίας

2131 1511 2402 1589 διηγεῖται
2436 1517 2604 1591 ἇσπερ
2637 1518 2896 1591 ἑώρακεν,
2929 1516 3006 1581 ε”ς
3048 1541 3105 1575 τε
3161 1520 3252 1575 τὸν
3313 1520 3637 1597 παράδεισον
3694 1526 3789 1581 καὶ

2130 1604 2204 1666 εἷς
2242 1605 2333 1660 τὸν
2358 1606 2545 1681 τρίτον
2593 1607 2822 1680 οὐρανὸν
2873 1608 3157 1686 ἁρπαγείς,
3215 1611 3350 1667 Εἶτα
3409 1614 3792 1689 παραγγείλας

2134 1694 2209 1766 μὴ
2243 1694 2588 1769 ἁμαρτάνειν,
2623 1693 2771 1751 ἁλλὰ
2830 1703 3107 1770 μετανοεῖν
3157 1699 3283 1763 τοὺς
3342 1701 3779 1776 ἁμαρτάνοντας,

2130 1780 2181 1837 ἐν
2216 1784 2533 1859 εὐχαριστίᾳ
2556 1806 2614 1840 τε
2648 1791 2784 1855 ζειοῖ
2812 1788 2911 1856 τήν
2944 1787 3263 1858 ἐπιστολήν.
3318 1791 3378 1847 ⁸0
3435 1796 3537 1853 πᾶς
3592 1794 3783 1848 τοίνυν

2133 1871 2296 1947 λόγος
2327 1871 2468 1929 ἐστὶν
2502 1874 2553 1928 ἐν
2584 1879 2652 1949 τῇ
2686 1876 3009 1951 Ἐπιστολῇ,
3036 1878 3160 1952 περί
3183 1900 3241 1935 τε
3290 1882 3507 1947 ἑαυτοῦ,
3535 1882 3627 1937 καὶ
3661 1884 3792 1958 περὶ

2134 1964 2453 2037 Κορινθίων,
2483 1966 2714 2020 καὶτῶν
2759 1963 3243 2041 ψευδαποστόλων.
3307 1969 3408 2027 Καὶ
3468 1969 3526 2026 ἐκ
3583 1970 3791 2044 ταύτης

2129 2058 2230 2119 τῆς
2266 2052 2570 2115 ὑποθέσεως
2595 2054 2839 2127 πρόεισιν
2864 2052 2943 2117 εἷ’ς
2993 2077 3048 2111 τε
3105 2056 3172 2111 ti
3224 2063 3325 2127 τῆς
3364 2058 3593 2133 χάριτος
3627 2065 3790 2131 Θεοῦ,

2129 2138 2220 2193 καὶ
2251 2138 2373 2213 περὶ
2401 2139 2610 2215 ἀγαθῆς
2640 2141 2948 2211 πολιτείας,
2979 2146 3114 2198 κατὰ
3162 2144 3225 2199 τὸ
3285 2143 3663 2214 εὐσυνείδητον
3694 2147 3791 2203 καὶ

2129 2228 2191 2283 τὸ
2218 2228 2528 2304 ἐναγώνιον,
2561 2231 2652 2285 καὶ
2706 2232 2769 2286 τὸ
2828 2231 3314 2311 ἀφιλοχρήματον,
3359 2235 3449 2289 καὶ
3509 2235 3632 2310 περὶ
3692 2242 3794 2306 τῆς

2130 2313 2491 2391 μεταδοτικῆς
2520 2318 2741 2393 ἀρετῆς,
2772 2321 2861 2375 καὶ
2890 2320 3016 2397 περὶ
3047 2328 3147 2391 τῆς
3177 2326 3286 2378 τῶν
3318 2321 3785 2399 ψευδαποστόλων

2124 2404 2442 2477 ἀλαζονείας
2478 2408 2570 2464 καὶ
2603 2409 2887 2480 πονηρίας.

2729 2552 3169 2611 ΘΕΟΔΩΡΙΤΟΥ.

2190 2667 2250 2721 Τί
2283 2664 2489 2737 δήποτε
2509 2663 2757 2745 δευτέραν
2811 2670 3024 2740 τίθησιν
3085 2669 3437 2740 Ἐπιστολὴν,
3501 2676 3780 2744 ζητεῖσθαι

2119 2752 2266 2825 ἄξιον
2348 2758 2468 2811 ’Ὀτι
2551 2755 2605 2812 ἐν
2662 2761 2728 2813 τῖ
2889 2759 2899 2778 ’
3036 2758 3069 2813 ἀ
3144 2758 3175 2814 λ
3221 2766 3267 2791 -“
3465 2762 3476 2777 “
3616 2764 3629 2781 ’
3711 2765 3721 2781 “

2275 2799 2289 2815 .
2706 2796 2731 2832 ,ι
2789 2778 2980 2835 πρωτῃ
3076 2780 3139 2814 πε
3184 2771 3293 2824 θειν
3380 2782 3517 2836 προς
3568 2785 3771 2828 αυτους

2118 2842 2607 2921 ἐπαγγειλάμενος,
2668 2848 2757 2904 καὶ
2819 2872 2896 2924 μη
2959 2848 3236 2919 ἀπελθὼν,
3296 2855 3392 2905 τοῦ
3464 2853 3780 2921 Πνεῦματος

2119 2934 2195 2997 ε’ς
2223 2932 2380 3011 ’έτερα
2436 2936 2597 2992 αὐτὸν
2651 2937 3126 3015 ἁπασχολοῦντος,
3189 2940 3280 2995 καὶ
3322 2938 3410 2995 διὰ
3464 2940 3526 2996 τὸ
3582 2964 3773 3015 πειρα-

2120 3031 2281 3098 σμοῖς
2313 3023 2587 3100 ἐμπεσεῖν,
2619 3024 2709 3082 διά
2738 3030 2836 3097 τῆς
2867 3033 2961 3084 νῦν
3006 3026 3257 3104 δευτέρας
3287 3029 3347 3083 τὸ
3406 3031 3481 3103 μή
3512 3029 3771 3094 ἀπελθεῖν

2118 3112 2496 3188 ἀπολογεῖται,
2528 3116 2619 3172 καὶ
2647 3115 2739 3173 ’ίνα
2768 3117 2860 3173 καὶ
2890 3116 3149 3182 ἀπελθεῖν
3208 3114 3296 3173 διὰ
3355 3126 3453 3189 τῆς
3511 3121 3769 3177 Ἐπιστο-

2120 3206 2225 3275 λῆς
2260 3203 2412 3283 δόξῃ.
2448 3209 2677 3266 Ἔπειτα
2727 3212 2816 3266 καὶ
2859 3210 2994 3280 ἦσαν
3055 3207 3307 3284 βελτίους
3362 3209 3422 3266 ἐκ
3470 3218 3570 3281 τῆς
3624 3214 3783 3289 πρώ-

2126 3316 2193 3364 ττ,
2227 3297 2560 3369 Ἐπιστολῆς
2592 3301 2901 3377 γενόμενοι.
2946 3299 3193 3378 Εὕλογον
3250 3301 3347 3355 οὗν
3415 3302 3482 3370 ἧν
3527 3299 3781 3376 δευτέρας

2121 3384 2321 3448 αὐτοὺς
2404 3387 2719 3460 ἀξιωθῆναι,
2790 3387 2879 3443 ’ίνα
2977 3388 3168 3444 πλεῖον
3259 3386 3571 3445 ἐπιδώσωσι
3644 3392 3786 3468 πρὸς

2117 3474 2339 3549 ἀρετήν.

2119 3639 2475 3695 ΚΕΦΛΛΑΙΑ
2504 3637 2645 3695 ΤΗΣ
2689 3638 2871 3695 ΠΡΟΣ
2933 3640 3351 3698 ΚΟΡΙΝΘΙΟΥΣ
3411 3643 3777 3700 ΔΕΥΤΕΡΑΣ

2727 3728 3160 3785 ΕΠΙΣΤΟΛΙΙΣ.

2113 3856 2180 3913 α’.
2213 3853 2554 3930 Εὐχαριστία
2583 3852 2708 3928 περῖ
2750 3858 2885 3909 Θεοῦ
2932 3854 3213 3928 βοηθείας,
3273 3854 3325 3911 ἐν
3372 3854 3408 3930 ᾖ
3456 3857 3758 3913 πεποιθέναι

2226 3966 2370 4016 ησιν.

2226 3968 2370 4000 γσιν.

2117 3968 2384 4109 β’.φ⁴Περὶ
2442 4032 2660 4111 ἀγάπης
2746 4039 2849 4103 τῆς
2923 4034 3062 4110 πρὸς
3121 4034 3340 4106 αὐτοὺς,
3400 4037 3491 4091 καὶ
3549 4036 3775 4116 φειδοῦς

2182 4123 2258 4186 εἰς
2307 4124 2370 4178 τὸ
2427 4125 2504 4196 μή
2577 4123 2790 4193 λυπεῖν,
2848 4123 2895 4178 εἰ
2973 4125 3063 4180 καὶ
3136 4124 3327 4181 λυπῶν
3395 4125 3619 4207 ὠφελεῖ,
3699 4129 3779 4192 ὡς

2181 4212 2269 4269 ἐπὶ
2347 4217 2445 4268 τοῦ
2530 4210 2619 4268 διὰ
2692 4212 2943 4288 πορνείαν
3018 4212 3465 4289 ἐπιτιμηθέντος,
3552 4215 3597 4289 ᾦ
3681 4219 3776 4275 καὶ

2182 4308 2483 4379 συγχωρεῖ.

2103 4479 2168 4552 γ’.
2204 4478 2334 4554 Περὶ
2363 4483 2464 4548 τῆς
2495 4474 2568 4533 δι’
2598 4478 2766 4533 αὐτοῦ
2796 4474 3065 4557 ὠφελείας
3133 4482 3249 4540 τοῖς
3310 4476 3660 4552 ἐπιτηδείοις,
3692 4478 3765 4536 δι’

2176 4569 2243 4637 ἧς
2276 4567 2367 4623 καὶ
2399 4567 2745 4623 συνίστασθαί
2777 4588 2962 4641 φησιν.

334 4658 389 4714 4.
425 4658 495 4714 De
517 4661 825 4716 ministerio
857 4658 1155 4714 secundum
1186 4663 1447 4731 spiritum
1477 4668 1529 4716 et
1583 4662 1768 4733 gloria
1814 4667 1999 4739 magis

2128 4660 2169 4715 ς’.
2227 4657 2358 4732 Περὶ
2416 4664 2515 4728 τῆς
2569 4656 2705 4712 κατὰ
2762 4660 2975 4729 πνεῦμα
3035 4654 3379 4734 λειτουργίας
3456 4658 3543 4713 καὶ
3602 4654 3764 4728 δόξης

406 4747 609 4806 divina
646 4765 815 4820 quam
845 4765 909 4803 ea
938 4764 1059 4819 quae
1088 4750 1389 4805 secundum
1422 4749 1593 4821 legem
1614 4759 1757 4809 erat.

334 4840 387 4895 5.
422 4841 494 4894 De
524 4840 715 4894 divina
746 4838 931 4909 gloria
959 4846 1011 4894 et
1040 4843 1394 4911 consequenti
1419 4844 1557 4911 vita,
1589 4843 1743 4913 quod
1798 4859 1833 4898 a
1858 4859 1991 4899 san-

320 4986 329 4991 _
407 4929 509 4982 ctis
530 4936 920 4999 tognoscatur.

337 5017 388 5069 6.
432 5017 508 5069 De
530 5018 849 5083 inﬁrmitate
869 5019 1045 5087 juxta
1075 5034 1269 5089 corpus
1301 5025 1351 5074 et
1372 5018 1621 5090 corporis
1650 5019 1992 5091 depositione

326 5104 607 5174 plenaque
635 5109 1048 5176 ressumptione.

334 5197 386 5249 7.
425 5195 495 5248 De
526 5195 691 5249 Pauli
712 5213 845 5265 erga
867 5198 1028 5253 Deum
1056 5215 1238 5254 amore
1295 5216 1359 5256 ac
1400 5202 1661 5269 fraterna
1688 5202 1987 5257 secundum

402 5286 571 5339 Deum
601 5286 912 5341 dilectione.

330 5376 384 5431 8.
416 5376 495 5429 De
549 5376 1016 5431 commendatione
1071 5379 1391 5435 obedientiae
1452 5380 1861 5437 Corinthiorum
1932 5395 1986 5443 et

403 5463 694 5520 dilectione
716 5467 948 5520 Paulum
982 5467 1352 5527 exhilarante.

328 5556 381 5611 9.
404 5554 739 5612 Exhortatio
788 5556 861 5610 ad
917 5558 1226 5613 uberiorem
1272 5558 1646 5629 pel-uniarum
1703 5565 1984 5621 contribu-

394 5648 599 5704 tionem
628 5646 689 5701 in
714 5652 951 5717 sanctos,
974 5653 1029 5703 et
1057 5647 1126 5704 de
1183 5663 1374 5706 eorum
1402 5648 1607 5707 honore
1645 5652 1746 5724 qui
1781 5654 1855 5711 ad
1882 5655 1983 5713 hoc

390 5739 885 5808 proﬁciscerentur.

2177 4746 2448 4822 θειοτέρας
2480 4750 2578 4815 τῆς
2610 4746 2746 4802 κατὰ
2774 4745 2867 4801 τὸν
2899 4745 3092 4819 νόμον,

2106 4838 2163 4896 ε’.
2193 4838 2320 4911 Περὶ
2354 4836 2499 4898 θείας
2532 4833 2693 4908 δόξης
2720 4835 2811 4892 καὶ
2840 4839 2937 4891 τοῦ
2969 4833 3277 4893 ἀκολούθου
3313 4837 3458 4913 βίου,
3509 4836 3592 4894 ὅτι
3647 4842 3768 4902 τοῖς

2177 4928 2355 5003 ἁγίοις
2386 4926 2729 5001 γινώσκεται.

2103 5021 2169 5083 ς’.
2205 5018 2332 5092 Περὶ
2362 5024 2463 5087 τῆς
2488 5018 2625 5072 κατὰ
2659 5021 2820 5090 σῶμα
2845 5015 3113 5080 ἀσθενείας
3144 5016 3232 5071 καί
3255 5020 3355 5083 τῆς
3372 5021 3473 5072 τοῦ
3505 5019 3765 5091 σώματος

2174 5107 2505 5170 ἀποθεσεως,
2537 5107 2627 5161 καὶ
2658 5127 2761 5160 παν
2772 5104 3119 5179 αναλῆψεως.

2102 5204 2160 5268 ζ’.
2200 5197 2325 5268 ιΙερί
2354 5204 2453 5266 τῆς
2483 5196 2653 5252 αὐτοῦ
2682 5192 3082 5274 φιλοθεὸτητος
3137 5194 3228 5249 καὶ
3264 5192 3632 5275 φιλαδελφίας
3667 5202 3773 5268 τῆς

2169 5288 2305 5343 κατὰ
2336 5288 2592 5358 Χριστόν.

2099 5386 2167 5452 η’.
2203 5378 2332 5452 Περὶ
2361 5374 2651 5455 ἀποδοχής
2680 5377 2779 5439 τῆς
2813 5375 3119 5449 Κορινθίων
3156 5375 3526 5447 ὑπακοῆς,καῖ
3546 5375 3764 5454 ἀγάπης

2167 5467 2561 5543 εὐφραινούσης
2599 5463 2780 5519 αὐτόν.

2096 5562 2158 5619 θ’.
2246 5558 2540 5635 Ηροτροπή
2644 5555 2783 5630 πρὸς
2879 5551 3121 5611 ἐπίδοσιν
3225 5556 3535 5632 χρημάτων
3638 5562 3764 5621 τοῖς

2166 5645 2372 5724 ἁγίοις,
2443 5642 2535 5699 καὶ
2635 5642 2803 5716 τιμὴν
2906 5644 3019 5696 τῶν
3120 5637 3213 5698 διά
3283 5647 3444 5700 τοῦτο
3521 5638 3767 5719 ἐρχομέ-

2090 5759 2217 5796 νων.
