4080 6378
291 417 412 480 909

1260 423 1682 486 COMMENT.
1730 424 1808 485 IN
1851 422 2096 485 EPIST.
2130 424 2184 485 Il
2229 425 2333 486 AD
2364 423 2734 488 COHINTH.

3600 429 3719 492 910

319 549 350 606 '.
393 553 660 625 Διήγησις
692 555 802 606 τῶν
835 549 991 632 ἰδίων
1029 553 1210 609 πόνων
1243 553 1336 610 καὶ
1365 552 1671 630 προθέσεως
1725 554 1817 610 καὶ
1855 562 1941 624 τῆς

2071 561 2158 613 10.
2201 561 2568 629 Propriorum
2612 563 2866 615 narratio
2921 561 3172 616 laborum
3228 568 3281 616 et
3326 563 3609 634 propositi
3654 580 3719 619 ac

365 636 449 694 ἐπ’
500 639 649 712 αὐτῷ
711 639 938 716 χάριτος
968 642 1104 715 πρὸς
1162 644 1224 699 τὸ
1286 645 1363 717 μὴ
1420 651 1539 706 τοὶς
1598 641 1955 706 ἐπιπλάστοις

358 731 753 805 προστίθεσθαι
787 732 1119 807 Κορινθίοις.

2136 649 2337 719 gratiae
2366 665 2489 719 qua
2517 651 2580 705 in
2610 652 2727 721 ipso
2787 658 2969 720 erant,
2998 668 3069 708 ne
3124 654 3484 709 assentiretur
3508 655 3719 724 fucatis

2134 740 2452 796 Corinthiis.

377 892 3690 922 mw

1062 1050 1775 1182 ΠΑΥΛΟΥ
1884 1052 2979 1188 ΑΠΟΣΤΟΛΟΥ

625 1317 707 1410 Η
779 1313 1106 1411 ΠΡΟΣ
1195 1312 1969 1413 ΚΟΡΙΝΘΙΟΥΣ
2046 1315 2688 1416 ΕΠΙΣΤΟΛΗ
2770 1319 3384 1419 ΔΕΥΤΕΡΑ.

1005 1721 1904 1893 “"PAULI

2064 1745 3035 1901 APOSTOLI

434 1993 619 2087 AD
694 1992 1675 2089 CORINTHIOS
1759 1996 2666 2098 POSTERIOB
2735 2005 3571 2107 EPISTOLA.

1947 2220 2026 2249 ν

902 2397 1173 2452 ΚΕΦΑΔ.
1220 2396 1307 2452 Α’.

270 2503 615 2580 Εὐχαριστία
678 2501 804 2578 περὶ
880 2505 1016 2559 Θεοῦ
1075 2501 1356 2577 βοηθείας,
1412 2500 1465 2557 ἰν
1526 2503 1564 2574 ᾗ
1617 2503 1938 2559 πεποιθέναι

1022 2594 1137 2654 φησ
1162 2596 1210 2630 ν,

346 2691 565 2754 Παῦλος
621 2690 931 2754 ἆπᾶστολος
992 2693 1175 2764 Ἰησοῦ
1236 2694 1478 2767 Χριστοῦ
1542 2688 1632 2748 διὰ
1686 2691 1939 2766 θελήμα-

272 2804 367 2845 τος
425 2788 583 2850 Θεοῦ,
647 2781 737 2837 καὶ
796 2782 1066 2855 Τιμόθεος
1120 2783 1147 2835 6
1206 2778 1461 2858 ἀδελφὸς,
1535 2785 1605 2856 τῇ
1637 2780 1940 2855 Ἐκκλησία

276 2876 374 2928 τοῦ
428 2877 563 2929 Θεοῦ
621 2876 691 2943 τῇ
748 2868 886 2947 οῦσῃ
950 2869 1002 2925 ἐν
1083 2871 1359 2945 Κορίνθῳ,
1420 2870 1512 2926 σὺν
1591 2877 1709 2933 τοῖς
1757 2872 1940 2949 ἁγίοις

278 2968 407 3017 πᾶσι
461 2967 580 3024 τοῖς
631 2961 780 3016 οὖσιν
841 2960 893 3015 ἐν
969 2959 1072 3034 ὅλῃ
1130 2964 1199 3034 τῇ
1282 2961 1507 3038 Ἀχαῗᾳ,
1568 2960 1733 3039 χάρις
1810 2962 1937 3035 ὑμῖν

279 3051 369 3106 καὶ
401 3050 587 3125 εἰρήνη
621 3049 729 3105 ἀπὸ
756 3053 890 3104 Θεοῦ
923 3050 1133 3124 Πατρὸς
1165 3051 1352 3122 ἡμῶν,
1381 3048 1473 3104 καὶ
1521 3049 1719 3123 Κυρίου
1750 3050 1938 3120 Ἰησοῦ

279 3143 542 3213 Χριστοῦ.

357 3227 444 3282 Ἐν
475 3225 543 3300 τῇ
573 3227 762 3301 πρώτῃ
798 3224 1125 3301 Ἐπιστολῇ,
1169 3226 1387 3300 πέμψας
1444 3227 1557 3281 ἐκεῖ
1610 3227 1704 3282 τὸν
1751 3227 1935 3300 Τιμό-

287 3317 434 3383 θεον,
489 3315 575 3370 καὶ
632 3320 718 3371 νῦν
781 3311 1086 3372 ἀπολαϐὼν
1165 3316 1354 3387 αὐτὸν,
1424 3316 1602 3388 ἑαυτῷ
1660 3316 1934 3373 συνάπτει.

280 3408 424 3480 ’Ὅρα
452 3402 528 3461 δὲ·
559 3408 693 3462 ποτὲ
757 3406 851 3479 μὲν
898 3404 1081 3461 τέκνον
1140 3404 1300 3461 αὐτὸν
1359 3404 1537 3461 καλεῖ·
1573 3431 1600 3459 ‹‹
1632 3406 1722 3468 Ὠς
1773 3407 1937 3482 πατρὶ

274 3497 403 3571 γὰρ,
465 3496 617 3574 φησῖ,
677 3494 861 3550 τέκνον
914 3492 1204 3551 ἐδούλευσέ
1262 3513 1379 3569 μοι’
1426 3522 1448 3549 ι
1512 3495 1648 3551 ποτὲ
1703 3492 1761 3549 δὲ
1812 3517 1938 3550 συν-

274 3586 457 3663 εργόν³
491 3586 568 3642 Τὸ
593 3587 694 3661 γὰρ
731 3608 758 3639 ι
788 3579 943 3663 ἔργον
981 3585 1181 3659 Κυρίου
1235 3585 1512 3660 ἐργάζεται
1572 3585 1647 3647 ὡς
1706 3584 1880 3660 κάγώ·
1909 3609 1936 3636 ››

274 3681 370 3731 νῦν
405 3675 462 3732 δὲ
491 3674 748 3756 ἀδελφὸν,
784 3673 874 3731 διὰ
904 3676 1116 3731 πάντων
1175 3675 1487 3748 ἀξιόπιστον
1549 3674 1709 3729 αὐτὸν
1741 3680 1938 3734 ποιῶν.

278 3766 603 3840 Σημείωσαι
636 3764 693 3821 δὲ
722 3767 846 3836 τὴν,
881 3763 991 3835 διά,
1022 3766 1113 3820 καὶ
1144 3764 1233 3820 ἐπὶ
1288 3763 1517 3839 Πατρός.
1574 3789 1601 3817 ι‹
1660 3766 1766 3819 Σὺν
1825 3769 1941 3829 τοῖς

279 3856 463 3931 ἁγίοις
520 3863 704 3914 πᾶσιν.
760 3879 785 3909 ι
847 3857 1068 3932 Ἀγίου-ς
1153 3856 1353 3917 αὐτοὺς
1409 3854 1588 3921 καλεῖ,
1666 3852 1940 3935 ἐμφαίνων

276 3946 369 4003 ὅτι
418 3946 472 4002 εἴ
524 3969 606 4010 τις
666 3944 902 4024 γεώδης,
971 3945 1126 4003 ἐκτός
1187 3946 1298 4001 ἐστι
1354 3944 1558 4016 ταύτης
1616 3952 1716 4015 τῆς
1771 3966 1937 4021 προσ-

273 4036 533 4111 ηγορίας.
603 4039 834 4091 Δοκοῦσι
894 4033 952 4091 δὶ
1028 4036 1179 4090 οὗτοι
1239 4040 1397 4110 κοινῇ
1458 4033 1801 4104 σαλεύεσθαι,
1852 4033 1939 4090 διὰ

270 4131 440 4182 τοῦτο
491 4127 582 4181 καὶ
641 4127 831 4195 κοινήν
914 4130 1153 4181 ποιεῖται
1220 4128 1321 4194 τήν
1378 4123 1542 4181 ἴασιν.
1613 4127 1788 4183 Τοῦτο
1882 4122 1941 4181 δὲ

272 4217 418 4290 πρὸς
450 4213 699 4277 Γαλάτας
723 4216 812 4270 καὶ
841 4209 1128 4290 Ἑϐραίους
1186 4216 1407 4294 γράφων
1466 4219 1635 4270 ποιεῖ.
1679 4239 1707 4266 ‹‹
1767 4215 1936 4288 Χάρις

274 4308 410 4379 ὑμῖν
439 4305 530 4360 καὶ
558 4304 771 4381 εἰρήνη.
814 4329 841 4356 ››
871 4307 977 4374 Τὴν
1013 4306 1216 4376 συνήθη
1263 4302 1634 4379 προσηγορίαν
1671 4303 1762 4359 καὶ
1810 4303 1937 4359 τού-

265 4416 393 4456 τοις
425 4392 741 4473 ἐπεύχεται.

1959 2407 2008 2472 Β

2696 2411 2931 2469 CAPUT
2985 2414 3028 2471 Ι.

2047 2512 2373 2572 Gratiarum
2396 2520 2543 2573 actio
2568 2519 2633 2574 de
2663 2519 2856 2586 divino
2872 2520 3112 2589 auxilio,
3138 2524 3198 2578 in
3226 2538 3336 2595 quo
3353 2526 3435 2580 ait
3452 2539 3511 2581 se
3523 2525 3696 2593 fuisse

2732 2597 2992 2663 couﬁsum
3006 2634 3018 2650 .

2119 2696 2162 2758 Ι,
2200 2699 2251 2763 1,
2282 2696 2335 2749 2.
2370 2699 2634 2756 «Paulus
2649 2701 2956 2773 apostolus
2976 2703 3111 2758 Jesu
3142 2702 3354 2758 Christi
3370 2720 3477 2776 per
3497 2702 3701 2760 volun-

2049 2806 2076 2835 «
2104 2789 2286 2841 tatem
2311 2788 2432 2855 Dei,
2449 2796 2508 2844 et
2527 2791 2869 2847 Timotheus
2896 2793 3098 2861 frater,
3128 2792 3411 2850 Ecclesia
3434 2793 3537 2849 Dei
3570 2810 3703 2864 quas

2048 2892 2076 2921 «
2110 2878 2202 2927 est
2231 2874 2493 2930 Corinthi
2521 2894 2638 2934 una
2659 2895 2793 2934 cum
2826 2881 3102 2936 omnibus
3159 2882 3381 2937 sanctis
3429 2881 3531 2952 qui
3564 2884 3705 2938 sunt

2047 2981 2075 3009 ‹‹
2108 2961 2170 3016 in
2204 2967 2326 3020 tota
2354 2966 2597 3031 Achaia,
2629 2970 2817 3040 gratia
2846 2970 3009 3026 vobis
3042 2976 3100 3025 et
3144 2987 3260 3042 pax
3299 2986 3334 3027 a
3363 2972 3481 3026 Deo
3525 2972 3701 3027 Patro

2047 3071 2075 3099 ‹‹
2100 3058 2325 3121 nostro,
2359 3060 2416 3109 et
2440 3057 2691 3112 Domino
2719 3058 2860 3114 Iesu
2890 3059 3140 3115 Christo.
3176 3080 3205 3110 »

2117 3224 2263 3282 Cum
2294 3244 2415 3284 una
2445 3245 2581 3285 cum
2613 3229 2810 3301 priore
2835 3230 3101 3302 Epistola
3128 3230 3395 3286 misisset
3425 3247 3492 3287 eo
3510 3229 3705 3287 Timo-

2046 3316 2339 3386 theum,et
2366 3319 2738 3391 nuncipsum
2761 3319 3225 3392 recepisset,sibi
3243 3320 3699 3394 ipsiconjungit,

2044 3409 2369 3466 Considera
2425 3425 2583 3479 vero,
2635 3410 2791 3481 quod
2832 3410 3030 3482 ipsum
3087 3409 3331 3482 quidem
3390 3409 3694 3466 interdum

2047 3498 2236 3553 filium
2259 3504 2458 3554 vocat:
2494 3521 2521 3547 ι(
2556 3500 2699 3554 Nam
2728 3504 2795 3555 ut
2850 3500 3025 3572 patri,
3061 3498 3278 3572 inquit,
3337 3498 3500 3556 ﬁlius
3546 3499 3700 3555 mihi

2044 3588 2406 3644 ministravit
2437 3592 2453 3624 ι
2482 3610 2497 3656 ;
2529 3610 2559 3639 »
2589 3588 2893 3645 interdum
2950 3595 3150 3646 autem
3201 3596 3652 3662 cooperatorem
3686 3607 3700 3644 :

2046 3699 2073 3727 «
2110 3678 2267 3747 Opus
2295 3677 2454 3732 enim
2503 3677 2739 3733 Domini
2798 3686 3098 3751 operatur.
3157 3680 3374 3751 inquit.
3435 3679 3587 3735 sicut
3643 3683 3704 3735 et

1972 3784 2014 3851 ρ
2044 3783 2149 3838 ego
2183 3767 2203 3801 ²
2229 3787 2243 3832 ;
2279 3788 2306 3816 υ
2334 3783 2495 3822 nunc
2521 3784 2654 3823 vero
2686 3768 2927 3823 fratrem
2946 3786 3053 3840 per
3084 3769 3287 3825 omnia
3311 3767 3425 3823 {ide
3457 3767 3702 3835 dignum

2055 3874 2191 3912 eum
2215 3856 2839 3914 efﬁcitAnimadverte
2853 3864 3050 3914 autem
3083 3858 3568 3930 praepositionem
3591 3852 3701 3927 διά,

2048 3947 2108 4002 id
2141 3952 2247 4005 est.
2270 3963 2393 4017 per,
2429 3947 2606 4002 etiam
2639 3947 2710 4002 de
2734 3953 2898 4020 patre
2922 3947 3057 4003 dici.
3081 3973 3099 3998 α
3123 3948 3247 4004 Una
3268 3963 3402 4003 cum
3426 3946 3704 4002 omnibus

2049 4036 2289 4092 sanctis.
2317 4035 2602 4110 ››Ἀγίους,
2639 4037 2697 4091 id
2730 4044 2838 4103 est,
2870 4046 3085 4095 sanctos
3129 4044 3297 4094 vocat
3326 4039 3485 4110 ipsos
3508 4036 3703 4108 (quasi

2049 4124 2179 4181 sine
2212 4128 2407 4196 terra),
2442 4126 2763 4182 ostendens
2804 4127 2964 4199 quod
3016 4127 3064 4183 si
3110 4127 3244 4199 quis
3301 4133 3575 4183 terrenus
3606 4125 3705 4197 sit,

2048 4215 2279 4272 alienus
2311 4222 2402 4271 est
2428 4216 2500 4272 ab
2540 4218 2650 4273 hac
2681 4218 3059 4275 salutatione.
3094 4218 3383 4274 Videntur
3410 4223 3606 4274 autem
3641 4217 3705 4272 hi

2049 4306 2225 4362 simul
2257 4307 2577 4363 ﬂuctuasse
2603 4326 2615 4361 :
2641 4315 2957 4381 propterea
2976 4309 3156 4365 etiam
3175 4325 3554 4365 communem
3568 4306 3711 4368 facit

2049 4402 2109 4452 et
2136 4397 2290 4453 592
2324 4398 2720 4455 sanationem.
2755 4398 2877 4454 Hoc
2908 4416 3147 4470 quoque
3176 4399 3320 4455 facit
3349 4397 3425 4454 ad
3473 4396 3711 4454 Galatas

272 4486 551 4543 scribens
583 4494 642 4542 et
670 4486 746 4543 ad
777 4486 1077 4544 Hebrmos.
1104 4507 1131 4536 ‹‹
1167 4485 1367 4541 Gratia
1396 4484 1561 4540 vobis
1592 4489 1652 4539 et
1681 4500 1814 4556 pax.
1849 4506 1877 4535 »
1908 4485 2288 4541 Familiarem
2320 4502 2388 4542 ac
2411 4487 2523 4542 sibi
2555 4493 2902 4544 consuetam
2935 4489 3361 4546 salutationem
3400 4488 3582 4545 etiam
3612 4485 3707 4543 his

275 4594 544 4661 exoptat.

356 4684 686 4762 Εὐλογητὸς
788 4686 816 4740 ὁ
920 4685 1052 4747 Θεὸς
1142 4683 1231 4737 καὶ
1317 4683 1504 4752 Ιιατήρ
1566 4685 1666 4737 τοῦ
1743 4680 1943 4757 Κυρίου

277 4777 448 4846 ἡμῶν
482 4776 666 4846 Ἰησοῦ
699 4778 962 4849 Χριστοῦ,
1006 4774 1034 4828 6
1067 4773 1254 4845 Πατὴρ
1298 4771 1405 4827 τῶν
1466 4770 1792 4843 οἰκτιρμῶν,
1852 4771 1945 4825 καὶ

276 4864 415 4925 Θεὸς
496 4865 678 4935 πάσης
758 4861 1188 4940 παρακλήσεως,
1271 4861 1299 4915 6
1378 4860 1709 4936 παρακαλῶν
1797 4861 1944 4932 ἡμᾶς

276 4953 373 5010 ἐπὶ
425 4954 574 5028 πάσῃ
633 4957 703 5028 τῇ
760 4953 942 5027 θλίψει
992 4954 1175 5026 ἡμῶν,
1237 4951 1313 5012 εἷς
1368 4954 1431 5004 τὸ
1479 4947 1746 5013 ’δύνασθαι
1800 4952 1949 5022 ἡμᾶς

276 5043 621 5117 παρακαλεῖν
709 5042 837 5107 τοὺς
891 5042 942 5098 ἐν
1002 5043 1146 5116 πάσῃ
1237 5038 1448 5115 θλίψει,
1507 5036 1597 5094 διᾶ
1660 5047 1759 5109 τῆς
1842 5061 1949 5095 πα-

282 5133 610 5211 ρακλήσεως
695 5134 766 5202 ἧς
845 5130 1318 5207 παρακαλούμεθα
1418 5128 1573 5184 αὐτοὶ
1669 5128 1773 5184 ὑπὸ
1851 5132 1950 5185 τοῦ

282 5230 445 5286 Θεοῦ.

360 5340 389 5368 ‹‹
433 5313 759 5390 Εὐλογητὸς
811 5315 839 5369 6
883 5314 1035 5376 Θεός.
1092 5335 1120 5364 »
1151 5313 1415 5375 Ἐνταῦθα
1472 5312 1737 5368 στατέον.
1772 5335 1792 5361 ι
1842 5309 1947 5367 Καὶ

290 5406 485 5477 Πατὴρ
525 5408 624 5459 τοῦ
658 5403 856 5479 Κυρίου
885 5404 1049 5476 ἡμῶν
1119 5402 1299 5470 Ἰησοῦ
1355 5402 1609 5475 Χριστοῦ.
1673 5424 1699 5451 ι)
1760 5400 1950 5474 ⁸Ημῶν

296 5494 395 5566 μὶν
426 5492 526 5568 γὰρ
560 5494 714 5561 Θεὸς,
754 5496 855 5547 τοῦ
915 5489 972 5547 δὲ
1030 5490 1238 5564 Κυρίου
1305 5488 1466 5562 ἡμῶν
1506 5489 1686 5559 Ἰησοῦ
1740 5492 1948 5565 Πατήρ.

287 5583 505 5655 Ταύτην
535 5584 637 5651 τήν
674 5580 939 5656 διαίρεσιν
966 5581 1060 5636 καὶ
1091 5581 1119 5635 ὁ
1151 5579 1430 5649 Δεσπότης
1490 5580 1639 5652 ἡμᾶς
1693 5576 1946 5650 ἐδίδαξεν.

288 5674 380 5731 Ἐν
412 5674 518 5752 γὰρ
547 5677 667 5736 τοῖς
722 5673 895 5749 ἱεροῖς
952 5668 1317 5751 Εὐαγγελίοις
1374 5661 1501 5748 ἔφη,
1562 5693 1592 5723 ‹‹
1651 5668 1950 5744 Ἐξομολο-

291 5768 499 5854 γοῦμαί
525 5788 634 5843 σοι,
666 5766 866 5845 Πάτερ,
898 5765 1070 5846 Κύριε
1098 5771 1196 5823 τοῦ
1228 5764 1457 5843 οὐρανοῦ
1509 5763 1603 5820 καὶ
1631 5765 1732 5837 τῆς
1763 5771 1892 5842 γῆς,
1925 5789 1946 5817 ι

2127 4685 2172 4749 Ι,
2206 4686 2371 4747 3,4-.‹‹
2399 4685 2754 4741 Benedictus
2785 4687 2941 4742 Deus
2976 4691 3037 4741 et
3063 4687 3238 4740 Pater
3264 4682 3711 4741 Domininostri

2062 4793 2083 4822 ι
2107 4775 2243 4828 Jesu
2262 4773 2446 4829 Christ
2460 4773 2500 4841 i,
2517 4772 3246 4828 Patermisericordiarum
3262 4780 3321 4828 et
3340 4773 3495 4827 Deus
3512 4770 3715 4843 omnis

2061 4886 2082 4915 ι
2114 4863 2561 4933 consolationis,
2598 4864 2699 4935 qui
2722 4863 3069 4919 consolatur
3088 4879 3198 4918 nos
3221 4862 3283 4917 in
3311 4860 3478 4917 omni
3517 4859 3708 4918 afﬂic-

2057 4978 2086 5006 «
2121 4957 2281 5010 tione
2315 4961 2537 5021 nostra,
2566 4954 2629 5009 in
2659 4956 2770 5010 hoc
2802 4961 2867 5009 ut
2905 4954 3202 5026 possimus
3260 4969 3361 5009 eos
3410 4952 3713 5009 consolari

2059 5070 2088 5097 ‹‹
2122 5047 2223 5118 qui
2256 5051 2395 5101 sunt
2421 5045 2479 5100 in
2507 5045 2713 5117 quavis
2738 5044 3082 5101 afﬂictione.
3109 5061 3214 5117 per
3243 5042 3716 5100 consolationem

2059 5161 2087 5190 α
2121 5154 2241 5209 qua
2259 5138 2532 5209 nosipsos
2565 5135 2908 5193 consolatur
2936 5137 3112 5192 Deus.
3148 5156 3177 5186 ιο

2131 5332 2161 5361 ‹‹
2196 5310 2552 5366 Benedictus
2591 5311 2766 5364 Deus.
2802 5330 2829 5357 ››
2863 5309 2981 5363 Hoc
3029 5308 3159 5363 loco
3219 5304 3568 5379 ponendum
3626 5308 3718 5361 est

2059 5403 2436 5475 hypostigma
2464 5401 2584 5456 sive
2606 5398 3050 5456 subdistinctio.
3092 5421 3118 5449 «ι
3151 5399 3223 5453 Ει
3250 5399 3425 5453 Pater
3477 5392 3713 5452 Domini

2058 5493 2245 5548 nostri
2272 5494 2408 5548 Jesu
2438 5491 2677 5546 Christi.
2712 5512 2738 5540 ι)
2795 5488 3097 5560 Siquidem
3156 5488 3312 5544 Deus
3352 5493 3556 5543 noster
3602 5489 3712 5552 est,

2061 5582 2165 5640 sed
2198 5582 2433 5638 Domini
2466 5581 2653 5637 nostri
2679 5581 2816 5637 Jesu
2847 5579 3063 5635 Christi
3090 5580 3283 5634 Pater.
3319 5578 3478 5633 Hanc
3517 5578 3717 5630 autem

2062 5673 2415 5732 divisionem
2443 5672 2622 5728 etiam
2644 5670 2933 5728 Dominus
2965 5685 3076 5725 nos
3133 5667 3372 5724 docuit:
3430 5663 3513 5720 ait
3555 5660 3718 5717 enim

2060 5765 2124 5824 in
2151 5764 2336 5826 sacris
2356 5761 2686 5836 Evangeliis
2719 5777 2734 5815 :
2769 5782 2798 5811 ‹‹
2829 5759 3131 5818 Conﬁteor
3161 5756 3294 5827 tibi,
3336 5756 3537 5825 Pater,
3592 5749 3717 5807 Do-
