4080 6390
349 419 471 479 911¹

1383 428 1390 436 “
1480 415 1889 480 (ECUMENII
1930 409 2244 474 'l‘RICOE
2285 411 2635 474 EPISCOPI

3650 416 3783 476 ΜΞ

348 553 509 608 mine
540 549 669 606 caali
703 554 762 605 et
793 554 963 605 terra;
983 550 1023 618 ³,
1042 570 1072 601 ››
1103 550 1417 606 manifeste
1438 551 1659 606 docens
1682 548 1999 621 quodsuus

2115 548 2299 616 σαφῶς
2359 541 2650 613 διδάσκων,
2712 544 2789 606 ὡς
2841 543 3009 600 αὐτοῦ
3088 542 3183 620 μὲν
3229 543 3342 601 ἐστι
3400 547 3610 620 Πατήρ,
3670 550 3773 617 τῆς

352 640 592 713 quidem
620 639 698 693 sit
716 640 909 704 Pater,
927 646 1217 695 creatura:
1239 657 1373 696 vero
1404 641 1592 696 factor
1613 657 1679 695 ac
1695 638 2002 694 Dominus.

348 731 550 786 Priore
573 729 815 800 quidem
847 730 1111 801 Epistola
1140 732 1499 802 promiserat
1516 748 1576 787 se
1609 731 1680 785 ad
1700 731 1861 802 ipsos
1874 745 2008 782 ven-

350 828 574 886 turum,
626 821 731 876 sed
761 820 1097 892 prohibitus
1156 828 1246 877 est
1293 822 1524 895 magnis
1578 819 2008 876 afﬂictionibus

346 910 543 981 ipsum
575 910 1062 981 corripientibus.
1114 912 1267 966 Scite
1327 912 1506 985 igitur
1533 910 1746 981 incipit
1791 924 2003 980 purga-

345 1000 527 1056 tionis
559 1000 789 1055 semina
814 1000 1036 1071 jacere.
1071 1023 1099 1051 «
1150 1000 1376 1056 Gratias
1429 1017 1559 1073 ago,
1618 998 1836 1070 inquit,
1887 998 2004 1052 Deo

347 1089 507 1161 quod
530 1106 637 1145 nos
661 1090 1001 1145 consolatus
1018 1091 1092 1145 sit
1112 1090 1171 1144 in
1202 1091 1363 1145 omni
1396 1088 1721 1145 afﬂictione
1743 1095 2004 1143 nostra.»

346 1209 415 1219 —
436 1199 462 1230 ι
499 1179 673 1233 Pater
695 1180 1258 1235 misericordiarum.
1283 1201 1312 1230 ››
1342 1180 1539 1234 Sancti
1572 1179 1631 1233 id
1665 1179 2005 1247 habentpro

348 1284 513 1323 more
542 1268 721 1323 Deum
743 1286 810 1323 ex
842 1269 1101 1340 acceptis
1118 1269 1427 1326 beneﬁciis
1445 1264 2004 1342 appellareanelli

350 1358 591 1429 quidem
627 1359 909 1414 victoria:
939 1384 965 1408 «ι
999 1360 1245 1429 Diligam
1280 1367 1357 1425 te,
1421 1360 1690 1426 Domine,
1723 1356 2006 1413 fortitudo

347 1465 484 1503 mea
504 1450 544 1502 ⁴.
573 1449 817 1514 Quando
850 1456 1048 1505 autem
1081 1466 1115 1504 a
1146 1451 1362 1506 mentis
1394 1450 1646 1521 caligine
1669 1466 1736 1504 ac
1768 1447 2006 1503 obtene-

344 1536 619 1594 bratione
657 1538 946 1594 liberatus
1002 1545 1093 1594 est
1151 1556 1165 1594 :
1219 1561 1248 1590 «
1309 1540 1595 1594 Dominus
1646 1536 2005 1593 illuminatio

345 1643 481 1683 mea
506 1626 550 1682 ⁵.
585 1648 614 1677 ››
647 1629 813 1683 Nunc
846 1644 981 1684 vero
1010 1629 1195 1683 Deum
1221 1628 1770 1683 misericordiarum
1794 1632 2002 1681 etcon-

347 1714 659 1771 solationis
681 1716 974 1771 nominat.
999 1716 1322 1771 Considera
1352 1733 1490 1772 vero
1509 1732 1686 1788 quam
1708 1732 1836 1771 sese
1853 1714 2003 1769 divi-

346 1820 461 1859 nus
491 1804 589 1860 hic
605 1805 824 1861 Paulus
847 1805 1139 1861 demittat.
1157 1806 1461 1862 Liberatus
1481 1807 1553 1861 ab
1580 1804 2005 1861 afﬂictionibus

348 1910 481 1965 quas
520 1900 766 1966 propter
794 1895 1284 1968 praedicationem
1344 1899 1835 1968 supervenerant,
1880 1909 2002 1949 non

349 1982 495 2039 dicit
524 2001 587 2040 se
618 1984 937 2041 liberatum
960 1985 1118 2057 quod
1151 1986 1367 2058 dignus
1401 1987 1601 2050 fuerit,
1636 1986 1739 2042 sed
1761 2001 1869 2057 per
1889 1984 1999 2039 mi-

350 2074 707 2129 sericordias
736 2092 803 2130 ac
818 2075 1285 2132 miserationem.
1305 2076 1447 2142 «Qui
1476 2077 1820 2132 consolatur
1832 2091 1999 2131 nos.»

344 2164 473 2218 Non
505 2162 785 2231 dixit,Qui
814 2181 934 2219 non
970 2165 1261 2236 permittit
1286 2183 1394 2220 nos
1425 2166 1606 2239 afﬂigi
1639 2163 1999 2236 (novitenim

346 2250 526 2307 utiles
566 2268 695 2308 esse
725 2253 1296 2321 afﬂictiones),sed.«
1328 2255 1435 2321 Qui
1469 2256 1811 2311 consolatur
1832 2271 1999 2310 nos.»

346 2340 561 2397 Dicens
583 2347 804 2407 autem,
831 2364 860 2392 ‹‹
898 2345 960 2397 ln
991 2343 1155 2398 omni
1198 2342 1541 2411 afﬂictione,
1568 2366 1597 2394 ι»
1630 2344 1926 2414 signiﬁcat
1944 2348 2004 2399 et

345 2434 660 2491 continuas
684 2434 1041 2491 afﬂictiones
1073 2442 1133 2491 et
1180 2436 1496 2492 continuas
1538 2435 1999 2492 consolationes.

346 2543 375 2573 ιι
398 2523 464 2578 In
497 2523 609 2579 hoc
641 2529 707 2579 ut
734 2524 1034 2596 possimus
1056 2541 1157 2580 eos
1192 2525 1511 2582 consolari.
1550 2548 1577 2574 »ι
1606 2524 1747 2580 Vide
1807 2523 2002 2580 excel-

342 2615 565 2670 lentem
597 2615 779 2671 animi
812 2617 1166 2672 modestiam
1193 2634 1205 2672 :
1236 2619 1360 2672 Non
1383 2617 2005 2689 accepit,inquit,con-

345 2704 702 2760 solationem
731 2704 885 2777 quod
922 2707 1336 2762 consolatione
1388 2707 1603 2780 dignus
1652 2722 1867 2771 essem,
1901 2704 2006 2760 sed

343 2799 411 2849 ut
437 2795 710 2867 exemplo
742 2795 1173 2852 consolationis
1199 2813 1332 2868 quae
1365 2813 1505 2867 erga
1533 2813 1625 2852 me
1658 2796 2003 2863 factaesset,

343 2900 581 2956 possem
614 2891 675 2941 et
702 2884 852 2940 alios
884 2884 1292 2956 consolariqui
1313 2892 1450 2940 sunt
1470 2886 1532 2941 in
1554 2884 2003 2942 afﬂictionibus.

343 2975 548 3046 Itaque
578 2980 822 3046 propter
843 2974 1097 3030 aliorum
1130 2970 1605 3041 utilitatem,non
1630 2981 1874 3047 propter
1890 2990 2004 3040 me,

342 3063 824 3121 fuitconsolatio.
857 3066 994 3129 Aut,
1028 3064 1391 3135 Consolatio,
1421 3065 1638 3137 inquit,
1656 3082 1787 3138 qua;
1818 3064 1879 3120 in
1910 3080 2006 3121 me

342 3150 501 3207 facta
532 3156 641 3209 est.
675 3151 750 3207 ad
780 3151 1209 3209 consolandum
1245 3153 1425 3207 simul
1457 3158 1516 3209 et
1546 3152 1695 3208 alios
1741 3152 1872 3221 fuit,
1905 3168 2006 3209 eos

344 3258 561 3314 nempe
594 3243 693 3315 qui
718 3242 793 3299 ob
822 3260 986 3299 meas
1018 3243 1300 3299 dolebant
1338 3242 1717 3301 afﬂictiones.

416 3334 571 3390 598
605 3336 647 3399 l,
680 3336 798 3388 5-7.
822 3356 851 3384 «
875 3334 1165 3400 Quoniam
1198 3335 1353 3390 sicut
1381 3334 1687 3391 abundant
1733 3334 2004 3391 afﬂictio—
2032 3315 2075 3383 Ο

346 3446 373 3473 ι(
398 3437 507 3477 nes
527 3422 742 3478 Christi
762 3423 823 3477 in
868 3424 1089 3489 nos,ita
1135 3440 1242 3495 per
1287 3424 1590 3479 Christum
1634 3423 1900 3480 abundat
1947 3428 2006 3479 et

348 3511 721 3567 «consolatio
752 3513 1114 3569 nostra.Sive
1139 3519 1338 3568 autem
1358 3512 1700 3586 afﬂigimur,
1723 3513 1786 3568 id
1809 3514 1876 3569 fit
1896 3529 2003 3585 pro

346 3624 373 3651 «
397 3602 574 3657 vestri
607 3602 1017 3658 exhortatione
1036 3618 1104 3658 ac
1137 3602 1348 3670 salute,
1393 3620 1525 3675 quae
1557 3603 1814 3660 efficitur
1835 3604 1897 3658 in
1914 3609 2005 3659 to-

345 3716 373 3743 ‹‹
397 3691 653 3749 lerantia
683 3693 1028 3749 earumdem
1060 3693 1475 3757 afllictionum.
1503 3711 1650 3765 quas
1683 3700 1741 3749 et
1765 3711 1874 3750 nos
1898 3711 2004 3767 pa-

344 3806 372 3834 ‹‹
407 3784 675 3852 timur,et
696 3802 830 3857 spes
862 3792 1067 3841 nostra
1095 3784 1267 3840 firma
1290 3792 1381 3840 est
1405 3803 1510 3858 pro
1529 3785 1697 3842 vobis
1725 3785 1852 3841 Sive
1868 3803 2005 3842 con-

343 3897 371 3925 ‹‹
396 3876 749 3932 solutionem
773 3876 956 3948 accipi
969 3876 1186 3942 mus,id
1201 3876 1267 3931 fit
1280 3892 1384 3947 pro
1401 3877 1577 3932 vestri
1593 3876 2001 3933 consolatione

344 3987 371 4016 ‹‹
404 3982 472 4021 ac
488 3967 678 4022 salute
706 3983 719 4021 :
753 3982 887 4021 cum
921 3966 1180 4021 sciamus
1204 3966 1363 4037 quod
1387 3967 1541 4022 sicut
1565 3966 1884 4039 participes
1912 3983 2000 4021 es-

343 4076 372 4107 ιι
394 4056 469 4111 tis
489 4056 906 4125 afﬂictionum,
936 4056 1021 4112 sic
1041 4055 1224 4111 futuri
1248 4056 1380 4111 sitis
1406 4063 1465 4112 et
1489 4057 1937 4112 consolationis.
1972 4076 2000 4104 ››

414 4227 495 4282 Ne
529 4225 631 4298 qui
663 4225 1007 4282 existiment
1036 4226 1154 4281 Deo
1183 4241 1305 4280 non
1337 4240 1467 4280 esse
1500 4242 1657 4280 curas
1676 4226 1999 4298 apostolos,

344 4332 414 4372 eo
447 4314 607 4387 quod
628 4316 942 4371 continuas
955 4315 1290 4370 sustineant
1321 4312 1832 4381 afﬂictiones,vide
1855 4332 2000 4386 quo-

341 4407 519 4463 modo
550 4421 675 4460 rem
701 4404 1209 4473 extollat.Christi,
1242 4403 1457 4474 inquit,
1489 4410 1629 4460 sunt
1648 4405 2001 4463 afﬂictiones

343 4512 410 4554 ac
442 4495 811 4552 calamitates
838 4511 985 4567 quas
1008 4509 1118 4551 nos
1138 4493 1503 4551 sustinemus
1528 4495 1650 4551 :haa
1664 4512 1805 4552 sane
1820 4496 2000 4552 etiam

343 4587 654 4644 abundant
682 4586 744 4642 in
776 4585 970 4651 nobis,
1005 4600 1073 4640 ac
1105 4585 1152 4641 si
1186 4583 1411 4640 diceret
1434 4601 1446 4640 :
1468 4586 1593 4641 Non
1643 4585 1837 4643 solum
1868 4603 1999 4659 quae

2114 631 2171 691 δὲ
2200 634 2426 698 κτίσεως
2460 636 2703 706 Ποιητής
2757 636 2845 691 καὶ
2902 636 3199 707 Δεσπότης.
3265 637 3770 712 Ἐπαγγεελάμενος

2117 726 2211 798 μὶν
2245 725 2311 795 ἦν
2346 724 2398 780 ὲν
2428 728 2498 798 τῇ
2522 725 2713 802 πρώτῃ
2748 726 3052 800 Ἐπιστολῇ
3106 726 3316 783 ἀπιέναι
3357 729 3496 801 πρὸς
3548 729 3766 801 αὑτοὺς,

2112 815 2242 870 ἀΛΑ’
2307 814 2559 888 ἐκωλύθη
2610 820 2932 893 πειρασμῶν
2986 816 3239 893 μεγάλων
3308 818 3468 874 αὑτὸν
3526 817 3772 875 καταλα-

2113 900 2344 964 ϐόντων.
2402 912 2668 986 ’Δρχεται
2728 907 2820 962 οὗν
2872 907 3082 986 εὐφυῶς
3138 903 3501 964 καταϐάλλειν
3555 908 3770 966 ἀπολο-

2111 994 2230 1069 γίας
2277 993 2580 1072 σπέρματα.
2641 1021 2670 1049 ‹‹
2734 996 3059 1073 Εύχαριστῶ
3118 999 3245 1073 γὰρ,
3302 999 3455 1079 φησὶ,
3518 1003 3596 1069 τῷ
3654 1002 3773 1070 Θεῷ

2114 1084 2195 1140 ὅτι
2229 1085 2592 1160 παρεκάλεσεν
2620 1088 2769 1161 ἡμᾶς
2827 1086 2880 1142 ἐν
2946 1086 3092 1162 πάσῃ
3150 1090 3222 1161 τῇ
3282 1086 3464 1161 θλίψει
3519 1090 3702 1160 ἡμῶν.
3741 1112 3771 1140 η

2115 1200 2140 1227 ιι
2173 1179 2231 1234 Ὀ
2265 1177 2451 1252 Πατὴρ
2491 1180 2599 1232 τῶν
2633 1175 2961 1251 οἰκτιρμῶν.
3000 1204 3019 1226 ο
3078 1182 3243 1241 ’Ὶιθος
3297 1183 3413 1240 τοῖς
3469 1177 3649 1252 ἁγίοις
3708 1175 3771 1233 ἐκ

2110 1269 2218 1319 τῶν
2276 1265 2352 1327 εἰς
2409 1264 2608 1329 αὐτοὺς
2669 1266 2988 1343 εὐεργεσιῶν
3071 1264 3357 1339 ὀνομάζειν
3441 1266 3534 1321 τὸν
3616 1265 3768 1325 Θεόν.

2114 1356 2237 1411 Ἐπὶ
2271 1356 2367 1429 μὲν
2408 1356 2566 1428 νίκης
2624 1354 2908 1431 πολέμων·
2970 1380 3001 1408 ιι
3060 1356 3360 1433 Ἀγαπῆσω
3417 1376 3494 1415 σε.
3578 1356 3770 1431 Κύριε,

2110 1447 2145 1514 ἡ
2181 1444 2339 1521 ἰσχύς
2383 1467 2510 1519 μου.
2544 1469 2572 1499 ››
2602 1448 2769 1504 “ὐταν
2805 1443 2862 1501 δὲ
2921 1446 3088 1527 ζόφου
3143 1446 3232 1502 καὶ
3295 1446 3613 1507 σιοτώσεως
3670 1448 3770 1500 νοῦ

2112 1533 2389 1611 λυτρωθῇ.
2422 1560 2451 1589 ιι
2484 1535 2686 1611 Κύριος
2740 1537 3024 1617 φωτισμός
3073 1557 3198 1609 μου.
3263 1560 3291 1588 ››
3354 1538 3458 1590 Νῦν
3519 1532 3577 1590 δὲ
3632 1535 3765 1590 Θεὸν

2112 1626 2413 1701 οἰκτιρμῶν
2454 1626 2545 1681 καὶ
2601 1624 3002 1699 παρακλήσεως
3061 1624 3339 1700 ὀνομάζει.
3398 1632 3532 1702 Ὁρα
3591 1623 3647 1681 δὲ
3702 1625 3768 1680 τὸ

2110 1716 2360 1771 ταπεινὸν
2389 1720 2487 1772 τοῦ
2519 1717 2677 1791 ἁγίου
2736 1720 2962 1774 τούτου.
3022 1715 3334 1791 Λυτρωθεῖς
3386 1720 3493 1771 τῶν
3558 1712 3647 1770 διὰ
3704 1715 3770 1770 τὸ

2110 1808 2373 1883 κήρυγμα
2404 1813 2744 1882 πειρασμῶν,
2787 1805 2848 1862 οὗ
2909 1804 3061 1882 λέγει
3117 1808 3199 1862 ὅτι
3261 1807 3378 1861 κατ’
3433 1804 3582 1877 ἀξίαν
3643 1804 3771 1860 ἐλυ-

2108 1898 2353 1973 τρώθην,
2385 1895 2533 1952 ἀλλὰ
2560 1898 2677 1953 κατ’
2707 1896 3032 1972 οἷκτιρμοὺς
3063 1897 3154 1951 καὶ
3200 1895 3375 1953 ἔλεον.
3414 1920 3440 1949 ιι
3505 1896 3566 1953 Ὀ
3595 1914 3769 1970 παρα-

2111 1987 2296 2043 καλῶν
2329 1989 2499 2059 ἡμᾶς.
2550 2010 2577 2039 ιι
2635 1987 2757 2044 Οὐκ
2814 1986 2983 2052 εἶπεν,
3030 1986 3092 2043 Ὁ
3152 1987 3228 2060 μὴ
3285 1984 3387 2040 ἐῶν
3445 1986 3595 2057 ἡμᾶς
3643 1987 3771 2039 θλι-

2112 2071 2271 2146 ϐῆναι
2320 2073 2486 2149 (οἶδε
2529 2076 2632 2152 γὰρ
2676 2076 2773 2138 τὰς
2860 2074 3076 2150 θλίψεις
3132 2075 3554 2155 συμιξερούσας),
3614 2070 3767 2145 ἀλλ’,

2112 2190 2143 2221 ιι
2171 2166 2234 2226 ’0
2262 2165 2619 2242 παρακαλῶν.
2654 2191 2682 2220 ››
2710 2166 2894 2224 Εἰπὼν
2926 2164 3005 2236 δὲ,
3057 2192 3085 2220 ιι
3142 2168 3229 2223 Ἐν
3296 2165 3441 2239 πάσῃ
3491 2162 3698 2238 θλίψει,
3735 2187 3764 2216 ››

2114 2254 2281 2327 δηλοῖ
2308 2257 2397 2313 καὶ
2431 2262 2677 2333 συνεχεῖς
2728 2254 2963 2331 θλίψεις,
3021 2256 3111 2311 καὶ
3170 2262 3417 2335 συνεχεῖς
3474 2253 3772 2330 παρακλή-

2113 2369 2247 2412 σεις.
2282 2373 2310 2401 ιι
2344 2347 2438 2412 Εἷς
2473 2349 2535 2404 τὸ
2593 2345 2846 2403 δύνασθαι
2904 2349 3051 2421 ἡμᾶς
3118 2346 3477 2420 παρακαλεῖν.
3547 2369 3575 2398 ››
3631 2347 3775 2422 “Op:

2110 2437 2610 2519 ταπεινοφροσύνης
2644 2431 2980 2513 ὑπερϐολήν.
3042 2437 3118 2493 Οὐ
3176 2435 3549 2511 παρεκλήθην,
3608 2435 3769 2513 φησὶ,

2113 2526 2205 2584 διὰ
2232 2530 2297 2583 τὸ
2320 2527 2459 2583 εἶναί
2492 2548 2560 2602 με
2590 2524 2735 2598 ἄξιον
2785 2524 3206 2603 παρακλήσεως,
3248 2524 3375 2582 ἀλλ’
3428 2524 3519 2580 ’ἱνα
3558 2524 3619 2580 ἐκ
3672 2528 3772 2580 τοῦ

2119 2614 2523 2695 ὑποδείγματος
2594 2624 2696 2687 τῆς
2754 2616 2832 2681 εἰς
2906 2615 3005 2690 ἐμὶ
3087 2617 3510 2692 παρακλήσεως,
3568 2612 3779 2677 ἄλλους

2114 2706 2275 2769 ὄντας
2306 2705 2359 2762 ἐν
2410 2712 2741 2782 πειρασμοῖς
2796 2703 3012 2778 δυνηθῶ
3069 2703 3426 2782 παρακαλεῖν.
3465 2707 3627 2760 Ὥστε
3682 2701 3777 2759 διὰ

2111 2798 2212 2867 τὴν
2240 2801 2350 2851 τῶν
2390 2794 2580 2852 ἃλλων
2609 2794 2899 2876 ὠφέλειαν,
2934 2795 2996 2851 οὗ
3030 2793 3098 2851 δι’
3151 2795 3248 2871 ἐμὲ
3305 2798 3340 2866 ἡ
3400 2795 3770 2867 παράκλησις.

2111 2888 2181 2946 ’Ἡ
2215 2887 2413 2955 ὅτι,Ἥ
2459 2886 2534 2950 εἰς
2591 2884 2711 2962 ἐμὲ,
2772 2885 2928 2966 φησὶ,
2987 2884 3355 2962 παράκλησις,
3412 2884 3503 2940 καὶ
3560 2881 3772 2947 ἄλλους

2116 2974 2554 3055 συμπαρακαλεῖ,
2587 2977 2714 3039 τοὺς
2755 2977 2873 3032 οἷον
2907 2973 3232 3053 ἀλγοῦντας,
3290 2975 3377 3031 ἐπὶ
3433 2981 3550 3038 ταῖς
3604 2973 3764 3048 ἐμαῖς

2115 3065 2381 3143 θλίψεσιν.

2183 3330 2309 3388 Ὅτι
2408 3330 2590 3393 καθὼς
2693 3329 2997 3405 περισσεύει
3104 3322 3172 3386 τά
3274 3332 3572 3403 παθήματα
3672 3325 3770 3383 τοῦ

2110 3420 2343 3494 Χριστοῦ
2401 3419 2476 3483 εἷς
2561 3421 2734 3494 ἡμᾶς,
2798 3418 2974 3482 οὕτως
3031 3416 3120 3474 διὰ
3174 3422 3271 3475 τοῦ
3348 3420 3595 3494 Χριστοῦ
3669 3437 3773 3473 πει

2111 3511 2345 3584 ρισσεύει
2404 3509 2496 3565 καὶ
2555 3512 2592 3580 ἡ
2640 3507 2991 3585 παράκλησις
3047 3512 3233 3583 ἡμῶν.
3302 3509 3430 3568 Εἴτε
3477 3506 3534 3564 δὲ
3571 3502 3773 3573 θλιϐό-

2114 3603 2270 3674 μεοα,
2323 3600 2455 3674 ὑπὲρ
2514 3601 2613 3670 τῆς
2673 3600 2828 3673 ὑμῶν
2915 3597 3320 3676 παρακλήσεως
3407 3598 3497 3654 καὶ
3586 3619 3776 3668 σωτη-

2112 3691 2229 3768 ρίας
2278 3697 2379 3760 τῆς
2460 3687 2865 3769 ἐνεργουμένης
2920 3689 2972 3746 ἐν
3035 3691 3286 3764 ὑπομονῇ
3387 3692 3495 3743 τῶν
3596 3687 3777 3743 αὐτῶν

2107 3780 2474 3853 παθημάτων,
2534 3780 2609 3834 ὧν
2666 3779 2757 3835 καὶ
2816 3782 2980 3855 ἡμεῖς
3034 3778 3347 3856 πάσχομεν,
3396 3777 3551 3846 καὶὴ
3610 3775 3776 3839 ἐλπὶς

2109 3873 2270 3943 ἡμῶν
2307 3864 2499 3946 βεϐαία
2530 3869 2664 3945 ὑπὲρ
2698 3869 2874 3943 ὑμῶν.
2912 3867 3036 3927 Εἶ’τε
3086 3867 3574 3944 παρακαλούμεθα,
3635 3865 3775 3943 ὑπὲρ

2107 3968 2207 4031 τῆς
2276 3959 2429 4035 ὑμῶν
2485 3958 2893 4035 παρακλήσεως
2949 3958 3040 4014 καῖ
3080 3957 3382 4029 σωτηρίας,
3433 3954 3637 4018 εἰδότες
3684 3957 3775 4013 ’ὁτι

2110 4046 2290 4122 ὥσπερ
2319 4046 2577 4101 κοινωνοί
2610 4043 2728 4101 ἐστε
2757 4048 2864 4100 τῶν
2894 4045 3268 4117 παθημάτων,
3302 4043 3477 4107 οὕτως
3524 4043 3616 4099 καὶ
3664 4049 3769 4114 τῆς

2108 4134 2527 4212 παρακλήσεως.

2178 4228 2296 4282 Ἵνα
2348 4224 2424 4299 μὴ
2487 4221 2685 4295 ὃόξωσί
2732 4244 2872 4286 τινες
2930 4224 3129 4278 ὡσανεὶ
3182 4224 3257 4298 μή
3321 4221 3769 4300 φροντιζομένων

2108 4320 2215 4371 τῶν
2300 4313 2648 4385 ἀποστόλων,
2698 4316 2846 4390 παρὰ
2903 4311 3039 4370 Θεοῦ
3119 4314 3365 4390 γίνεσθαι
3427 4314 3613 4376 αὐτοῖς
3668 4312 3771 4377 τὰς

2109 4411 2358 4481 συνεχεῖς
2390 4403 2630 4481 θλῖψεις,
2728 4404 2829 4481 ὅρα
2919 4409 3037 4466 πῶς
3112 4403 3307 4480 ἐξαίρει
3380 4403 3444 4459 τὸ
3518 4408 3769 4479 πρᾶγμα,

2109 4494 2311 4575 λέγων·
2346 4498 2458 4552 Τοῦ
2489 4497 2726 4572 Χριστοῦ
2768 4493 2901 4550 εἶσιν
2958 4495 3013 4549 αἱ
3066 4492 3281 4569 θλίψεις
3337 4494 3430 4549 καὶ
3452 4494 3516 4549 τὰ
3582 4494 3772 4561 παθή-

2113 4607 2275 4661 ματα,
2306 4586 2533 4660 ’ἀι-ἡμεῖς
2571 4584 2937 4660 ὑπομένομεν.
2991 4582 3157 4642 Αῦται
3218 4580 3379 4654 δῆται
3428 4583 3518 4639 καὶ
3571 4600 3759 4655 περισ-

339 4693 551 4750 passus
582 4682 673 4733 est
701 4675 970 4732 Christus
1013 4673 1293 4746 patimur,
1354 4674 1458 4731 sed
1515 4680 1574 4748 et
1625 4675 1820 4748 plura.
1879 4677 1998 4732 Hoc

2113 4675 2459 4739 σεύουσινεῖς
2507 4677 2678 4747 ἡμᾶς,
2728 4674 2857 4730 ὡσεὶ
2908 4671 3113 4749 ἔλεγεν·
3170 4673 3290 4749 Οὐχ
3348 4675 3449 4730 ὃσα
3502 4671 3760 4734 πέπονθεν

340 4768 518 4828 etiam
550 4770 698 4827 dicit
726 4769 867 4827 alibi
897 4786 911 4824 :
950 4789 978 4822 ιι
1005 4768 1076 4823 Et
1104 4769 1351 4841 suppleo
1386 4785 1517 4841 quaa
1548 4768 1799 4826 deerant
1844 4769 1997 4827 afﬂi-

339 4862 605 4918 ctionum
636 4860 851 4916 Christi
884 4860 970 4912 ⁵.»
1001 4857 1261 4930 Idipsum
1297 4875 1532 4930 quoque
1565 4876 1673 4931 per
1692 4876 1754 4915 se
1772 4858 1998 4930 absque

342 4950 672 5006 divinaalia
701 4949 1285 5006 consolatione.satis
1305 4954 1395 5004 est
1407 4948 1480 5004 ad
1499 4948 1996 5018 consolationem,

341 5041 494 5097 scire
516 5041 737 5097 Christi
769 5058 897 5098 esse
928 5040 1283 5096 afﬂictiones
1315 5056 1465 5112 quas
1525 5040 1637 5112 ipsi
1689 5041 2001 5112 patiuntur

344 5132 521 5185 etiam
547 5130 595 5184 si
630 5147 748 5185 non
780 5129 1034 5187 addatur
1065 5130 1223 5200 quod
1255 5129 1582 5185 consolatio
1616 5129 1832 5184 Christi
1855 5146 1998 5185 exu-

340 5218 510 5274 beret
540 5234 677 5292 erga
707 5218 889 5289 ipsos,
921 5234 1052 5289 qua)
1096 5217 1449 5273 occasiones
1473 5216 1694 5271 laetitiae
1724 5216 1871 5289 ipsis
1894 5218 2001 5273 im-

338 5311 555 5374 mittat,
590 5325 657 5364 ac
687 5308 735 5363 si
759 5307 954 5363 dicat:
986 5305 1372 5363 Abundantes
1419 5313 1556 5363 sunt
1613 5307 1995 5378 afﬂictiones,

339 5399 445 5454 sed
478 5397 664 5453 multo
697 5398 883 5471 magis
929 5396 1281 5453 consolatio.
1326 5418 1354 5448 «
1398 5400 1484 5452 Ita
1540 5413 1649 5468 per
1695 5397 1996 5454 Christum

335 5488 602 5546 abundat
632 5492 692 5543 et
712 5485 1040 5542 consolatio
1074 5490 1298 5542 nostra.
1333 5507 1361 5536 ››
1402 5485 1724 5542 Abundant
1755 5487 1995 5559 quidem

332 5577 395 5636 in
424 5578 598 5635 nobis
619 5578 724 5647 ait,
756 5575 1116 5633 tentationes
1148 5580 1205 5631 et
1234 5574 1612 5643 afﬂictiones,
1649 5577 1753 5634 sed
1783 5583 1843 5635 et
1861 5577 1997 5650 plus

401 5761 424 5796 ³
453 5759 657 5817 Matth.
690 5772 770 5826 χι,
801 5751 892 5810 23.
928 5750 950 5790 4
977 5752 1132 5809 Psal.
1162 5764 1294 5819 ινιτ,
1329 5750 1385 5805 2.
1409 5746 1436 5784 ⁸
1469 5750 1624 5809 Psal.
1660 5770 1811 5823 xxvi,
1843 5757 1894 5812 l.

2110 4764 2421 4840 ὀΧριστὸς,
2470 4766 2778 4844 πάσχομεν,
2836 4762 2983 4820 ἀλλὰ
3028 4763 3119 4820 καὶ
3176 4760 3375 4820 πλείω.
3442 4766 3612 4821 Τοῦτο
3667 4759 3764 4815 καὶ

2110 4852 2366 4930 ἀλλαχοῦ
2393 4874 2547 4933 φησι·
2577 4880 2603 4905 «
2639 4853 2743 4911 Καὶ
2788 4851 3091 4928 ἆναπληρῶ
3147 4853 3214 4908 τὰ
3264 4853 3609 4926 ὑστερήματα
3667 4853 3768 4905 τοῦ

2108 4946 2370 5019 Χριστοῦ.
2407 4971 2427 4997 ι
2460 4946 2633 4999 Τοῦτο
2664 4943 2753 4997 καὶ
2784 4941 2916 4998 αὐτὸ
2962 4943 3083 5007 καθ’
3122 4942 3281 4998 ἑαυτὸ
3339 4938 3463 4998 ἄνευ
3522 4948 3622 5008 τῆς
3661 4939 3771 4996 ἀπὸ

2110 5037 2244 5090 Θεοῦ
2284 5031 2688 5108 παρακλήσεως
2720 5033 2877 5107 ἀρκεῖ
2906 5031 2982 5094 εἰς
3033 5032 3400 5107 παραμυθίαν,
3454 5032 3518 5087 τὸ
3571 5029 3772 5086 εἰδέναι

2109 5124 2195 5179 ὅτι
2219 5128 2317 5179 τοῦ
2339 5124 2590 5198 ’Χριστοῦ
2624 5123 2861 5199 ὑπάρχει
2890 5123 2953 5178 τὲ
2986 5123 3132 5193 πάθη
3181 5121 3216 5177 ἄ
3269 5121 3426 5177 αὐτοὶ
3466 5123 3771 5196 πάσχουσι,

2113 5216 2187 5288 μή
2250 5212 2332 5269 ὅτι
2384 5213 2474 5268 καὶ
2527 5213 2875 5289 παράκλησις
2930 5216 3026 5268 τοῦ
3082 5216 3319 5287 Χριστοῦ
3376 5211 3771 5284 περισσεύουσα

2108 5302 2176 5372 ἦν
2206 5301 2284 5363 εἰς
2314 5300 2529 5372 αὐτοὺς,
2579 5302 2842 5376 εὐθυμίας
2881 5302 3068 5364 αὐτοῖς
3128 5302 3382 5377 ἀφορμὰς
3433 5300 3764 5374 ἐμποιοῦσα,

2108 5392 2238 5448 ὡσεὶ
2278 5389 2455 5467 ἔλεγε’
2490 5392 2749 5467 Ηερισσαὶ
2805 5392 2900 5461 μὶν
2964 5394 3018 5448 αἱ
3061 5391 3300 5468 θλίψεις,
3359 5391 3507 5449 ἀλλὰ
3562 5390 3768 5466 πολλῷ

2107 5483 2299 5540 πλεῖον
2346 5486 2381 5554 ἡ
2424 5481 2792 5561 παράκλησις.
2855 5508 2884 5538 ιι
2951 5483 3143 5547 Οὕτως
3210 5481 3300 5540 διὰ
3365 5489 3464 5541 τοῦ
3523 5485 3767 5559 Χριστοῦ

2109 5573 2416 5651 περισσεύει
2459 5572 2552 5629 καὶ
2580 5576 2615 5645 ἡ
2665 5574 3015 5651 παράκλησις
3072 5577 3257 5651 ἡμῶν.
3289 5599 3318 5628 »
3375 5573 3768 5655 Περισσεύουσι
