4080 6408
283 425 402 488 913

1246 423 1663 487 COMMENT.
1712 424 1792 486 IN
1834 422 2083 486 EPIST.
2128 425 2184 486 Π
2229 423 2342 486 AD
2387 425 2760 488 CORINTH.

3595 435 3714 496 914

291 561 412 635 μὶν,
473 559 660 637 φησὶν,
718 556 773 614 ἐν
831 559 967 645 ἡμῖν
1025 558 1078 616 οἳ
1137 558 1436 636 πειρασμοῖ
1465 559 1557 616 καὶ
1600 561 1657 616 αἱ
1708 556 1949 634 θλίψεις,

2065 580 2243 636 quam
2302 565 2415 632 hac,
2466 563 2772 621 abundant
2826 569 3284 627 consolationes.
3328 572 3453 638 Quo
3484 579 3656 645 pacto
3684 574 3714 632 ?

287 648 435 704 ἄλλα
490 648 580 704 καὶ
636 647 845 704 τούτων
906 644 984 704 ἔτι
1041 646 1256 722 μᾶλλον
1316 649 1724 724 περισσεύουσιν
1753 650 1810 704 αἱ
1841 669 1948 704 πα-

285 736 605 813 ρακλήσεις·
667 743 835 806 πῶςς
893 737 977 794 ὅτι
1036 738 1098 794 ού
1159 738 1322 812 μόνον
1385 737 1791 810 διασκεδάζουσι
1848 739 1946 800 τὰς

283 830 522 902 θλίψεις,
600 827 747 884 ἀλλᾶ
822 830 910 884 καὶ
1003 829 1216 905 χαίρειν
1289 835 1778 906 παρασκευάζουσι,
1854 829 1944 884 καὶ

282 919 573 997 στειράνους
630 919 721 974 καὶ
785 915 1011 995 βραδεῖα
1066 923 1436 996 προξενο-Βσιν.
1497 921 1575 977 υύ
1633 923 1769 976 κατά
1819 920 1946 976 ἀνα-

282 1007 500 1083 λογίαν,
557 1011 714 1084 φησὶ,
801 1015 908 1064 τῶν
982 1008 1219 1082 θλίψεων
1279 1013 1315 1080 ἡ
1370 1009 1739 1086 παρακλησις,
1799 1009 1946 1065 ἀλλὰ

280 1097 483 1172 πολλῷ
538 1103 759 1171 μείζων.
814 1099 1124 1174 Περισσεύει
1169 1100 1296 1178 γὰρ,
1348 1101 1536 1180 φησῖν,
1586 1102 1620 1169 ἠ
1654 1099 1942 1175 παράκλη-

283 1211 392 1254 σις.
427 1215 455 1242 ‹‹
493 1189 615 1246 Ε’ἒτε
647 1185 971 1264 θλιϐόμεθα,
1033 1191 1215 1268 φησῗν,
1279 1193 1412 1265 ὑπὲρ
1469 1196 1570 1258 τῆς
1633 1192 1784 1265 ὑμῶν
1838 1213 1944 1246 σω-

279 1280 478 1352 τηρίας
533 1279 624 1334 καὶ
682 1279 1086 1354 παρακλήσεως
1169 1278 1492 1354 θλιϐόμεθα.
1547 1305 1575 1334 ››
1637 1286 1800 1350 Πῶςς
1860 1281 1947 1337 δτι

283 1368 408 1440 ἐξῆν
442 1371 580 1442 ἡμῖν
634 1370 1038 1444 ἀπάγορεύσασι
1097 1372 1160 1427 τὸ
1215 1371 1530 1445 κηρύσσειν,
1586 1370 1640 1426 ἐν
1671 1369 1825 1441 ἀδείᾳ
1854 1371 1945 1426 καὶ

282 1458 555 1536 ἀσφαλείᾳ
614 1459 770 1515 εἶναι.
830 1457 1008 1515 Ἀλλᾶ
1068 1457 1283 1534 μᾶλλον
1332 1461 1633 1536 αἱρούμεθα
1664 1455 1945 1525 θλίϐεσθαι

281 1549 378 1604 καὶ
410 1546 764 1618 κινδυνεύειν,
808 1548 898 1603 ἳνα
959 1549 1098 1621 ὑμᾶς
1156 1547 1245 1604 διὰ
1300 1554 1398 1605 τοῦ
1453 1551 1806 1626 κηρύγματος
1838 1550 1947 1604 σώ-

287 1660 470 1715 σωμεν
570 1640 662 1694 καὶ
762 1638 1228 1715 παρακαλέσωμεν
1331 1641 1466 1716 πρὸς

287 1731 502 1788 Οὐκοῦν
556 1729 689 1804 ὑπὲρ
746 1737 847 1798 τῆς
906 1730 1058 1804 ὑμῶν
1117 1737 1393 1805 σωτηρίας
1438 1731 1534 1792 τὰς
1566 1730 1779 1804 θλίψεις
1811 1731 1944 1786 ὑπο-

296 1819 547 1893 μένομεν,
603 1826 704 1888 τῆς
764 1818 1158 1895 ἐνεργουμένης
1217 1820 1269 1876 ἐν
1331 1822 1484 1894 ὑμῖν,
1541 1821 1842 1886 τουτέστιν,
1888 1822 1947 1876 ἐκ

1563 1643 1663 1712 τήν
1737 1661 1942 1696 πιστιν.

2058 655 2204 720 Quia
2235 672 2354 710 non
2387 655 2578 711 solum
2610 656 2904 728 dissipant
2941 660 3318 728 al‘ﬂictiones,
3353 663 3456 718 sed
3478 671 3537 720 et
3564 681 3706 738 gau-

2057 743 2220 798 dium
2245 744 2567 803 adducunt.
2603 752 2662 800 et
2691 762 2940 802 coronas
2972 766 3037 802 ac
3099 750 3298 806 bravia
3355 754 3700 809 conciliant.

2057 835 2181 888 Non
2214 833 2287 888 ad
2321 835 3010 907 proportionem,inquit,
3031 838 3421 896 afﬂictionum
3454 850 3544 898 est
3571 860 3707 901 con-

2058 922 2290 983 solatio.
2325 923 2424 978 sed
2469 925 2656 979 multo
2688 932 2999 994 majorest.
3030 929 3171 981 Nam
3199 928 3702 1004 abundatinquit,

2057 1012 2406 1068 consolatio.
2443 1035 2470 1062 ‹‹
2507 1013 2634 1069 Sive
2658 1014 2982 1083 afﬂigimur
3006 1017 3251 1088 (ait)pro
3285 1022 3456 1074 vestri
3491 1025 3702 1077 exhor-

2056 1104 2278 1159 tatione
2313 1113 2370 1160 et
2400 1105 2589 1161 salute
2623 1106 2962 1178 afﬂigimur.
2998 1131 3023 1157 ›ι
3049 1108 3356 1172 Quomodo
3377 1111 3707 1176 ?Quialice-

2055 1200 2147 1248 ret
2177 1194 2348 1250 nobis
2379 1211 2411 1250 a
2436 1195 2856 1266 praadicatione
2889 1199 3262 1255 cessantibus
3310 1200 3369 1254 in
3395 1203 3710 1259 securitate

2056 1289 2115 1338 et
2131 1283 2354 1355 absque
2373 1285 2581 1340 timore
2609 1284 2857 1357 degere:
2885 1286 2986 1342 sed
3012 1289 3208 1357 potius
3231 1289 3506 1362 eligimus
3529 1291 3711 1365 afﬂigi

2055 1373 2670 1444 acpericlitari,utvos
2695 1391 2798 1446 per
2822 1376 3303 1445 praedicationem
3330 1379 3522 1434 salvos
3538 1379 3717 1435 facia-

2059 1479 2213 1526 mus,
2245 1469 2306 1517 et
2333 1463 2407 1518 ad
2432 1462 2607 1518 ﬁdem
2663 1464 3065 1520 exhortemur.
3100 1466 3469 1523 Afﬂictiones
3510 1469 3711 1540 itaque

2057 1552 2421 1608 sustinemus
2445 1569 2548 1624 pro
2584 1559 2776 1608 vestra
2806 1555 3018 1617 salute,
3059 1555 3114 1609 id
3149 1563 3238 1610 est
3298 1573 3428 1627 quas
3465 1558 3521 1612 in
3549 1558 3711 1613 vobis

2056 1642 2452 1698 efl'citurboc
2481 1647 2570 1697 est
2600 1660 2670 1697 ex
2695 1643 2906 1698 virtute
2933 1644 3185 1714 Spiritus
3209 1661 3332 1700 sani
3353 1648 3394 1699 ti
3421 1648 3521 1717 qui
3544 1648 3713 1720 signa

2056 1732 2258 1786 efficit.
2294 1753 2320 1781 «
2341 1733 2479 1796 Quae
2511 1731 2786 1792 efficitur.
2826 1757 2845 1779 ιι
2882 1749 3098 1804 nempe
3129 1735 3189 1788 in
3221 1735 3400 1790 vobis.
3423 1761 3445 1784 ιι
3472 1738 3536 1792 ln
3557 1738 3713 1793 594

2058 1821 2375 1877 tolerantia
2431 1843 2459 1871 ››
2493 1822 2778 1880 Efﬁcitur.
2815 1822 3024 1893 inquit.
3051 1825 3210 1880 salus
3242 1825 3303 1879 in
3335 1825 3626 1898 vobis.qui
3651 1829 3713 1883 in

287 1916 395 1977 τῆς
425 1913 519 1964 τοῦ
549 1909 705 1983 ἁγίου
763 1909 1080 1982 Πνεύματος
1142 1907 1444 1985 δυνάμεως,
1501 1915 1600 1967 τοῦ
1646 1913 1712 1966 τὰ
1742 1917 1948 1985 σημεῖα

2063 1912 2388 1984 aequalibus
2420 1911 2731 1968 nobiscum
2767 1913 2911 1967 estis
2942 1912 3387 1970 afflictionibus.
3419 1917 3714 1980 Quemad-

295 2000 660 2077 ἐνεργοῦντος.
693 2024 719 2050 ‹‹
752 2006 864 2069 Τῆς
889 2000 1308 2078 ἐνεργουμένης,
1346 2027 1371 2053 ι»
1410 2004 1683 2058 τουτέστιν
1713 2000 1765 2057 ἐν
1795 2002 1945 2076 ὑμίν.

295 2113 327 2142 ‹‹
385 2091 472 2146 Ἐν
553 2089 826 2164 ὑπομονῇ.
906 2091 1239 2166 Ἐνεργεῖται
1298 2091 1349 2148 ἐν
1405 2093 1530 2167 ὑμῖν
1586 2095 1620 2162 ἡ
1681 2091 1948 2166 σωτηρία,

288 2179 475 2260 φησὶν,
517 2178 567 2234 ἐν
604 2180 854 2255 ὑπομονῇ
889 2178 1007 2235 οὖσι
1054 2185 1162 2236 τῶν
1217 2180 1351 2237 ’ἰσων
1406 2185 1542 2257 ἡμῖν
1587 2182 1946 2255 παθημάτων.

285 2272 492 2345 Ὠσπερ
553 2269 656 2343 γὰρ
713 2272 877 2342 ἡμεῖς
932 2270 1302 2345 κηρύσσοντες
1350 2272 1740 2346 πειραζόμεθα,
1774 2272 1948 2333 οὕτως

283 2355 376 2410 καὶ
437 2354 596 2429 ὑμεῖς
660 2356 1075 2426 μαθητεύοντες.
1136 2355 1364 2427 Πολλὴν
1424 2354 1481 2412 δὲ
1539 2358 1735 2431 ἀρετὴν
1765 2357 1951 2419 αὐτοῖς

292 2449 582 2519 μαρτυρεῖ,
637 2443 722 2498 ὅτι
784 2445 916 2516 μετὰ
1000 2450 1320 2521 πειρασμῶν
1405 2443 1659 2522 ἐδέχοντο
1728 2447 1791 2500 τὸ
1847 2447 1950 2516 κή-

294 2555 493 2609 ρυγμα.
539 2557 563 2588 ι
596 2533 698 2590 Καὶ
727 2536 761 2602 ἡ
795 2533 952 2598 ἐλπὶς
1003 2537 1186 2609 ἡμῶν.
1224 2559 1248 2587 ιδ
1310 2569 1380 2578 -
1436 2537 1648 2610 [ΦΩΤ.]
1697 2535 1829 2590 Ποία
1859 2533 1953 2590 ἐλ-

291 2624 420 2694 πίς;
455 2625 539 2679 ὃτι
581 2623 942 2698 ἐνεργουμένη
1003 2623 1152 2681 ἔσται
1212 2625 1262 2680 ἐν
1321 2626 1448 2700 ὑμῖν
1482 2629 1517 2696 ἡ
1550 2626 1822 2701 σωτηρία,
1853 2625 1950 2680 κᾶν

292 2714 362 2770 τὰ
419 2713 556 2769 αὐτὰ
612 2715 749 2785 ἡμῖν
835 2715 925 2768 καὶ
1015 2715 1143 2787 ὑμῖν
1225 2715 1568 2795 συνενεχθείη
1630 2717 1952 2788 παθήματα.

289 2810 458 2874 Πῶς;
524 2801 1040 2878 [Ιαρακαλούμενοι.
1104 2805 1238 2879 ὑπὲρ
1303 2812 1404 2873 τῆς
1467 2806 1621 2878 ὑμῶν
1679 2805 1954 2880 σωτηρίας

290 2891 785 2968 παρακαλούμεθα,
881 2892 1176 2968 ἀπόδειξιν,
1253 2894 1441 2972 φησὶν,
1547 2895 1781 2958 ἐντεῦθεν
1863 2893 1954 2949 καὶ

293 2989 492 3061 γνῶσιν
550 2979 1040 3062 ἀναμφισϐήτητον
1100 2981 1616 3058 λαμϐάνοντες,ὅτι
1673 2986 1764 3041 καὶ
1799 2987 1953 3058 ὑμεῖς

291 3073 801 3148 παρακληθήσεσθε,
863 3074 1002 3132 ὥστε
1079 3074 1234 3131 ούδὶν
1320 3079 1482 3146 ἦττον
1540 3074 1594 3130 ἐν
1652 3077 1740 3139 οἷς
1794 3075 1953 3130 αὐτοὶ

303 3162 546 3237 ῥυόμεθα
642 3168 751 3218 τῶν
853 3171 1169 3239 πειρασμῶν
1266 3164 1749 3241 παρακαλούμεθα,
1827 3162 1955 3220 ἀλλ’

302 3249 516 3321 ὁμοίως
547 3252 633 3305 καὶ
682 3251 732 3307 ἐν
778 3254 867 3315 οἷς
926 3259 1110 3328 σαφῶς
1168 3254 1328 3328 ἲσμεν
1379 3255 1466 3309 καὶ
1507 3255 1842 3328 μεπείσμεθα
1871 3253 1955 3309 ὅτι

642 3168 751 3218 τῶν

2059 2005 2304 2061 modum
2337 2004 2495 2060 enim
2531 2004 2852 2076 afﬂigimur
2881 2022 2990 2060 nos
3008 2006 3108 2076 qui
3134 2007 3636 2077 praedicamusﬁta
3661 2014 3719 2064 et

2056 2111 2156 2149 vos
2190 2095 2290 2166 qui
2323 2093 2573 2149 discitis.
2606 2097 2937 2149 Attestatur
2958 2101 3157 2149 autem
3178 2095 3264 2150 eis
3296 2096 3458 2167 quod
3488 2114 3716 2169 magnae

2058 2184 2178 2239 sint
2206 2183 2460 2247 virtutis,
2495 2182 2635 2253 quia
2663 2183 2819 2238 inter
2867 2182 3252 2240 afﬂictionem
3313 2185 3719 2257 suscipiebant

2057 2269 2565 2341 praedicationem.
2629 2291 2649 2317 ι
2687 2269 2757 2323 Et
2805 2286 2906 2340 spe
2955 2276 3242 2325 nostra.»
3303 2303 3371 2311 —
3429 2273 3713 2337 Quaenam

2059 2377 2193 2432 spes
2223 2360 2251 2414 ‘I
2273 2375 2487 2430 nempe
2538 2358 2697 2429 quod
2727 2359 3090 2430 perﬁcienda
3120 2361 3198 2415 sit
3227 2361 3287 2416 in
3338 2361 3502 2417 vobis
3529 2362 3712 2421 salus.

2059 2465 2424 2521 quamquam
2456 2448 2682 2503 easdem
2715 2448 2887 2502 nobis
2905 2465 2972 2503 ac
2993 2448 3157 2504 vobis
3189 2451 3537 2522 contingant
3561 2452 3714 2507 afﬂi-

2059 2537 2658 2602 ctiones.Quomodo?
2679 2538 3161 2596 Consolationem
3187 2539 3572 2610 accipientes,
3606 2558 3712 2611 pro

2058 2637 2254 2685 vestra
2285 2629 2474 2684 salute
2507 2629 3583 2702 consolamur,probationem,inquit,
3604 2649 3714 2689 no-

2061 2721 2372 2790 titiamque
2422 2719 2816 2775 indubitatam
2873 2720 3252 2790 accipientes,
3310 2721 3466 2792 quod
3514 2727 3572 2778 et
3617 2740 3715 2778 vos

2061 2809 2531 2866 consolationem
2559 2809 2951 2864 indubitatam
2971 2810 3365 2880 accipietismt
3383 2828 3501 2866 non
3518 2813 3716 2867 minus

2061 2899 2529 2957 consolationem
2554 2900 2990 2970 accipiamusin
3009 2900 3434 2956 afflictionibus
3455 2903 3718 2972 aquibus

2062 2990 2172 3062 ipsi
2197 2989 2654 3045 liberamur.sed
2682 2989 2987 3043 similiter:
3014 2991 3072 3043 in
3097 2989 3312 3060 quibus
3335 2991 3511 3046 etiam
3542 2991 3717 3061 plane

2063 3080 2284 3135 scimus
2308 3095 2376 3134 ac
2406 3078 2765 3133 conﬁdimus
2796 3079 2953 3149 quod
2987 3085 3046 3134 et
3090 3096 3188 3134 vos
3247 3080 3716 3136 consolationem

2063 3167 2559 3239 accipietis.Unde
2582 3168 2694 3224 hoc
2718 3167 3098 3222 manifestum
3122 3167 3258 3222 est?
3276 3169 3356 3222 Ex
3387 3168 3716 3233 codem,in-

2064 3258 2228 3329 quit;
2263 3273 2402 3311 nam
2435 3257 2589 3311 sicut
2617 3256 2936 3328 participes
2994 3257 3138 3312 estis
3187 3257 3587 3313 tentationum
3661 3264 3720 3314 et

303 3339 784 3414 παρακληθήσεσθε
844 3343 934 3399 καὶ
997 3322 1173 3416 ὑμεῖς.
1231 3322 1405 3410 Πόθεν
1440 3322 1950 3414 δὲίτοῦτονδῆλονς

2063 3347 2473 3410 afﬂictionum.
2501 3347 2585 3403 sic
2623 3347 2806 3402 futuri
2830 3346 2972 3402 estis
2994 3352 3052 3402 et
3069 3346 3510 3403 consolationis.
3541 3369 3569 3398 «
3591 3348 3717 3404 Fir-

303 3429 542 3498 αὐτόθεν,
616 3432 795 3512 φησίν.
874 3435 1075 3510 Ὥσπερ
1145 3434 1249 3511 γὰρ
1323 3435 1440 3491 ἐστὶ
1511 3436 1768 3491 κοινωνοὶ
1842 3440 1950 3490 τῶν

297 3525 617 3592 πειρασμῶν
669 3521 762 3577 καὶ
817 3527 926 3579 τῶν
985 3523 1252 3598 θλίψεων,
1314 3525 1490 3587 οὕτως
1522 3521 1704 3588 ἔσεσθε
1731 3525 1953 3592 καὶτῆς

290 3610 719 3683 παρακλήσεως.
787 3637 808 3664 ι
867 3608 1068 3670 Βεϐαία
1148 3615 1281 3689 ὑπὲρ
1335 3615 1510 3687 ὑμῶν,
1568 3638 1596 3666 ››
1652 3615 1952 3684 τουτέστιν,

291 3697 394 3754 ὅσα
448 3697 508 3754 ἄν
571 3703 846 3776 πάσχητε,
904 3701 1208 3778 θαβροἷμεν
1268 3702 1349 3759 ὅτι
1413 3703 1476 3758 ού
1531 3706 1957 3778 παρατραπτςσε-

291 3801 407 3858 σθε,
468 3786 596 3845 οὕτε
653 3789 1072 3866 ἀπαγορεύσετε,
1127 3791 1252 3848 οὔτε
1339 3793 1472 3868 ὑπὲρ
1529 3793 1602 3847 ὧν
1661 3793 1816 3865 ὑμεῖς
1850 3791 1957 3846 πά-

291 3899 475 3953 σχετε,
511 3875 636 3934 οὔτε
667 3878 799 3954 ὑπὲρ
850 3882 925 3936 ῶν
987 3884 1136 3955 ἡμᾶς
1195 3882 1510 3962 πάσχοντας
1543 3883 1741 3956 ὁρᾶτας
1773 3883 1954 3957 ὁρᾶτε.

295 3992 318 4018 α
355 3967 510 4043 Ὑπὲρ
541 3975 652 4041 μῆς
682 3969 833 4043 ὑμῶν
866 3972 1267 4046 παρακλήσεως
1297 3970 1389 4026 καὶ
1420 3972 1715 4048 σωτηρίας.
1750 3995 1778 4024 ι)
1807 3977 1958 4029 "Avo:

290 4055 488 4121 εἰπὼν,
544 4057 629 4113 ὅτι
689 4059 849 4133 Ὑπὲρ
935 4062 1034 4129 τῆς
1110 4060 1372 4135 ὑμετέρας
1424 4061 1698 4134 σωτηρίας
1755 4055 1956 4124 θλιϐό-

292 4146 454 4217 μεθα,
484 4144 574 4200 ’ἱνα
607 4148 685 4221 μὴ
740 4143 868 4223 δόξῃ
929 4147 1180 4224 ἐπαχθής
1237 4170 1319 4212 τις
1375 4148 1537 4219 εἶναι,
1566 4153 1658 4203 νῦν
1692 4147 1840 4228 λέγει
1873 4148 1957 4204 δτι

294 4233 407 4292 Καὶ
462 4235 595 4309 ὑπὲρ
654 4243 754 4306 τῆς
807 4237 960 4310 ὑμῶν
1019 4239 1295 4315 σωτηράς
1350 4237 1836 4314 παρακαλούμεθα,
1868 4239 1960 4294 ἳνα

301 4327 385 4398 μή
491 4328 978 4405 ἀπαγορεύσαντες,
1053 4329 1426 4406 ἀμελήσωμεν
1505 4338 1603 4400 τῆς
1681 4329 1958 4403 σωτηρίας

291 4417 474 4488 ὑμῶν,
553 4416 587 4486 ἢ
663 4416 751 4472 ἳνα
823 4418 1240 4496 παρακληθῆτε,
1318 4423 1553 4496 ὁρῶντες
1627 4423 1775 4496 ἡμᾶς
1853 4421 1958 4477 ὑπὸ

296 4509 444 4562 Θεοῦ
501 4507 1047 4582 παρακαλουμίνους.
1105 4511 1310 4585 ’Ὠσπερ
1367 4511 1492 4584 γὰρ,
1550 4510 1706 4588 φησὶ,
1764 4530 1962 4565 κοινω-

300 4595 394 4649 νοί
449 4595 566 4651 ἐστε
622 4601 730 4651 τῶν
783 4599 1146 4675 παθημάτων,
1201 4600 1372 4662 οὕτως
1427 4595 1536 4654 ἔδει
1583 4599 1720 4654 κατὰ
1747 4601 1809 4654 τὸ
1839 4598 1961 4654 cino-

290 4683 500 4740 λουθον
573 4687 870 4746 κοινωνοὺς
954 4687 1087 4743 εἶναι
1172 4687 1262 4743 καὶ

294 4799 320 4829 ι
364 4773 586 4838 Εἱδοτες
645 4776 732 4832 ὅτι
788 4776 968 4854 ὥσπερ
1027 4777 1287 4834 κοινωνοί
1361 4777 1480 4834 ἐστε
1533 4782 1643 4832 τῶν
1700 4779 1960 4851 παθημά-

287 4886 423 4922 των.
461 4890 488 4916 ››
549 4866 720 4922 Τοῦτο
781 4867 884 4946 γὰρ
945 4865 1149 4930 εἰδότες
1206 4866 1391 4940 ἰσμὶν,
1469 4867 1554 4923 δτι
1610 4865 1794 4942 ὥσπερ
1843 4866 1963 4922 ἐστὶ

289 4959 405 5010 τῶν
465 4961 786 5032 πειρασμῶν
859 4959 1140 5027 κοινωνοὶ,
1226 4959 1398 5018 οὕτως
1467 4958 1606 5031 ὑμᾶς
1668 4956 1963 5032 ἐπάναγκες

285 5044 431 5100 εἶναι
474 5042 557 5100 δεῖ
615 5047 705 5100 καὶ
761 5053 863 5115 τῆς
914 5046 1317 5122 παρακλήσεως
1347 5048 1659 5111 κοινωνούς.
1693 5049 1961 5121 Ὁρῶντες

281 5133 388 5209 γὰρ
464 5137 613 5207 ἡμᾶς
670 5131 1212 5209 παρακαλουμένους,
1287 5134 1568 5200 εὐέλπιδες
1637 5134 1818 5192 ἔσεσθε
1872 5135 1963 5191 καί

285 5223 476 5297 ὑμεῖς,
538 5223 622 5280 ὅτι
683 5222 850 5281 ἐπειδ²
927 5224 986 5280 ἂν
1065 5231 1395 5301 πειρασμοῖς
1449 5225 1802 5302 περιπέσητε,
1859 5246 1961 5281 πα-

287 5313 706 5387 ρακληθήσεσθε
759 5316 852 5372 καὶ
914 5317 1072 5390 ὑμεῖς
1131 5318 1313 5393 ὥσπερ
1371 5317 1462 5372 καὶ
1518 5319 1706 5389 ἡμεῖς.
1757 5321 1963 5393 ’Ὠσπερ

287 5404 398 5480 γὰρ
427 5405 688 5461 κοινωνοί
744 5403 863 5462 ἔστε
921 5411 1028 5461 τῶν
1087 5409 1457 5480 παθημάτων,
1517 5406 1691 5470 οὕτως
1741 5407 1962 5474 καὶτῆς

293 5493 705 5569 παρακλήσεως
801 5498 1186 5568 κοινωνήσετε.
1295 5495 1647 5573 ΙΙαράκλησις
1745 5495 1800 5552 δὲ
1875 5495 1960 5566 εἲη

295 5583 389 5656 ἂν,
465 5585 500 5653 ἧ
577 5585 640 5639 τὸ
715 5593 1149 5662 περιαιρεθῆναι.
1226 5588 1354 5650 τοὺς
1429 5587 1794 5663 πειρασμοὺς,
1868 5587 1963 5642 καὶ

371 5762 396 5796 ⁸
421 5763 645 5826 Colon.
681 5780 723 5836 ι,
755 5763 844 5822 36.

2062 3454 2158 3493 ma
2205 3454 2312 3510 pro
2343 3436 2525 3492 vobis.
2563 3457 2584 3479 ιο
2608 3437 2724 3492 Poc
2755 3441 2864 3494 est.
2893 3441 3353 3508 quantacunque
3377 3436 3712 3508 patiamini,

2063 3526 2421 3583 conﬁdimus
2444 3525 2603 3597 quod
2636 3542 2755 3580 non
2774 3525 3190 3597 pervertemini
3227 3541 3419 3596 neque
3443 3525 3716 3596 despera-

2063 3617 2225 3683 bitis,
2257 3632 2367 3670 nec
2393 3615 2467 3672 ob
2492 3631 2559 3670 ea
2591 3631 2721 3687 quae
2755 3615 3050 3686 patimini,
3072 3631 3182 3671 nec
3212 3614 3286 3670 ob
3319 3615 3423 3670 illa
3455 3631 3585 3686 quae
3603 3633 3710 3672 nos

2065 3707 2185 3776 pati
2213 3705 2612 3775 conspicitis.«
2627 3707 2735 3760 Pro
2759 3705 2933 3761 vestri
2958 3703 3364 3759 consolatione
3387 3710 3447 3760 et
3464 3705 3712 3760 salute.»

2065 3795 2207 3850 Cum
2241 3794 2514 3865 superius
2547 3794 2830 3849 dixisset:
2868 3816 2894 3842 «
2930 3796 3042 3849 Pro
3073 3793 3248 3848 vestri
3279 3793 3470 3848 salute
3502 3793 3713 3865 affligi-

2069 3901 2257 3951 mur,»
2283 3900 2358 3939 ne
2378 3884 2570 3956 gravis
2592 3883 3030 3954 quodammodo
3047 3899 3242 3938 sermo
3270 3899 3400 3940 esse
3423 3883 3714 3950 videatur,

2068 3990 2228 4031 nunc
2260 3973 2461 4030 subdit
2488 3990 2500 4028 :
2536 3975 2646 4028 Pro
2669 3979 2860 4029 vestra
2883 3989 3119 4044 quoque
3143 3973 3333 4028 salute
3364 3973 3720 4030 consolatio-

2066 4081 2204 4120 nem
2220 4065 2547 4137 accipimus
2571 4080 2584 4118 :
2603 4080 2678 4120 ne
2700 4064 3330 4125 deﬁcientes.vestram
3353 4065 3578 4138 neglige
3591 4080 3722 4122 mus

2069 4155 2352 4221 salutem;
2379 4154 2467 4210 vel
2487 4159 2553 4210 ut
2565 4154 2957 4210 consolemini
2981 4153 3248 4209 videntes
3269 4170 3379 4209 nos
3400 4171 3435 4209 a
3455 4155 3570 4210 Deo
3589 4170 3724 4212 con-

2069 4245 2417 4302 solationem
2445 4246 2734 4316 accipere.
2760 4246 2903 4300 Nam
2927 4245 3082 4300 sicut
3110 4245 3495 4318 estis,inquit.
3529 4245 3724 4317 parti-

2069 4336 2232 4406 cipes
2253 4334 2760 4402 afﬂictionum,ita
2782 4351 2850 4390 ex
2873 4336 3262 4406 consequenti
3288 4341 3460 4407 oport
3503 4335 3551 4390 it
3577 4353 3726 4405 quo-

2069 4442 2184 4498 que
2198 4443 2328 4482 esse
2350 4432 2408 4480 et
2432 4425 2920 4482 consolationis.«
2946 4426 3086 4480 Cum
3123 4425 3378 4482 sciamus
3397 4424 3557 4496 quod
3577 4426 3730 4481 sicut

2069 4514 2391 4586 participes
2416 4517 2557 4570 estis
2611 4514 3025 4571 afilictionum.
3052 4534 3081 4564 ››
3105 4515 3226 4571 Hoc
3255 4514 3416 4569 enim
3448 4514 3722 4570 novimus

2069 4603 2232 4676 quod
2263 4604 2418 4660 sicut
2445 4603 2762 4675 participes
2784 4603 2926 4659 estis
2953 4605 3462 4665 tentationum,ita
3485 4618 3724 4674 quoque

1346 4694 1446 4756 τῆς
1529 4683 1948 4762 παρακλήσεως.

2069 4708 2313 4748 necesse
2346 4692 2456 4748 fuit
2484 4698 2550 4746 ut
2578 4708 2682 4748 vos
2704 4692 3025 4764 participes
3047 4691 3256 4746 essetis
3288 4691 3722 4748 etconsolatio-

2072 4782 2187 4838 nis.
2220 4781 2502 4836 Videntes
2533 4781 2692 4836 enim
2732 4797 2842 4836 nos
2900 4779 3370 4836 consolationem
3430 4779 3720 4850 accipere,

2073 4871 2229 4926 bono
2262 4869 2426 4925 eritis
2459 4875 2518 4925 et
2544 4886 2646 4925 vos
2694 4870 2916 4936 animo,
2951 4869 3108 4942 quod
3139 4867 3627 4940 quandoquidem
3661 4884 3722 4923 in

2071 4961 2458 5016 afﬂictionem
2481 4958 2834 5026 incideritis,
2855 4957 3326 5014 consolationem
3357 4973 3457 5014 vos
3489 4972 3726 5028 quoque

2071 5049 2375 5120 accipietis
2399 5049 2552 5104 sicut
2583 5053 2638 5102 et
2670 5065 2797 5103 nos.
2847 5049 3006 5104 Sicut
3037 5048 3197 5103 enim
3230 5046 3552 5118 participes
3586 5047 3730 5103 estis

2072 5138 2579 5206 afﬂictionum,ita
2607 5153 2843 5208 quoque
2871 5144 2930 5192 et
2961 5138 3020 5191 in
3053 5136 3458 5192 consolatione
3489 5135 3730 5207 partici-

2071 5229 2311 5302 pabitis.
2345 5227 2681 5283 Consolatio
2731 5234 2930 5284 autem
2973 5227 3088 5282 dici
3148 5231 3365 5299 potest.
3420 5225 3510 5281 vel
3571 5224 3731 5297 quod

2073 5318 2455 5373 auferrentur
2483 5317 2837 5373 afﬂictiones
2877 5317 2965 5372 vel
2999 5317 3159 5388 quod
3209 5333 3281 5372 ex
3349 5316 3653 5387 insperato
3701 5331 3735 5369 a

2071 5408 2469 5479 prassentibus
2501 5407 2898 5462 liberarentur
2928 5405 3214 5478 periculis
3248 5423 3261 5472 ;
3307 5411 3405 5461 aut
3461 5403 3620 5476 quod
3665 5404 3728 5458 in

2072 5499 2284 5554 mediis
2305 5500 2612 5555 constituti
2644 5497 3202 5570 periculis,viriiiter
3224 5512 3558 5568 magnoque
3594 5493 3724 5548 ani-

2071 5605 2170 5644 mo
2199 5588 2425 5643 ferrent
2455 5605 2585 5659 qua:
2607 5587 3301 5658 inciderent,futurorum
3317 5603 3422 5656 spe
3439 5581 3722 5640 roborati:
