4080 6414
341 429 461 493 918

343 660 548 711 noster
579 671 817 710 mauum
841 655 1187 727 porrigeret.

1470 427 1899 491 CECUMENII
1943 425 2252 489 TRICCB
2296 428 2652 491 EPISCOPI

346 563 505 639 quod
532 563 800 620 ﬂerinon
831 568 1055 636 posset,
1114 562 1233 619 nisi
1290 562 1558 618 Christus
1616 578 1788 617 verus
1842 562 1997 617 Deus

2118 558 2542 634 ἀπροσδοκήτως
2616 557 2677 616 ἐκ

2093 649 2505 725 ἀπαλλαγῆναι,
2571 649 2607 720 ἤ

3644 423 3767 488 916

2775 564 2887 617 τῶν
2964 558 3402 636 περιεστηκότων
3480 554 3764 637 δυσχερῶν

2686 652 2777 706 καὶ
2852 652 2914 707 τὸ
2989 649 3041 705 ἐν
3115 649 3299 711 αὐτοῖς
3369 651 3554 721 μέσοις
3594 644 3758 709 ὄντας

342 746 457 803 τοῖς
491 740 702 804 δεινοῖς,
737 742 999 817 εὐψύχως
1030 741 1119 795 καὶ
1149 740 1406 815 γενναίως
1435 761 1610 817 φερειν
1645 761 1710 796 τα
1742 738 2141 812 συμπίπτοντα,
2197 743 2266 813 τῇ
2324 745 2432 795 τῶν
2497 738 2817 813 μελλόντων
2849 737 3038 795 ἐλπίδι
3066 737 3487 814 νευρουμένους,
3515 737 3544 791 δ
3575 736 3675 791 οὑκ
3706 736 3767 791 ἃν

343 830 575 906 γένοιτο,
622 833 698 903 μὴ
733 833 970 901 Χριστοῦ
996 834 1092 885 τοῦ
1125 829 1392 902 ἀληθινοῦ
1424 829 1556 885 Θεοῦ
1587 831 1747 901 ἡμῶν
1773 835 1935 905 χεῖρα
1964 830 2326 904 παρέχοντος.

414 922 567 979 595
617 926 655 987 l,
690 923 773 976 8-l
794 926 837 975 Ι.
874 945 900 970 α
934 923 1061 976 Non
1091 921 1249 976 enim
1274 921 1544 976 volumus
1574 938 1673 975 vos
1702 921 1995 993 ignorare,

344 1032 373 1061 ιι
405 1009 640 1071 fratres.
674 1010 747 1064 de
776 1010 1097 1066 afllictione
1116 1018 1319 1065 nostra
1342 1028 1472 1081 qum
1495 1010 1665 1065 nobis
1696 1009 1913 1065 accidit
1936 1009 1997 1063 in

348 1121 378 1151 «
411 1100 570 1167 Asia,
604 1100 889 1170 quoniam
924 1116 1103 1171 supra
1129 1101 1368 1154 modum
1403 1100 1624 1173 gravati
1653 1098 1873 1154 fuimus
1904 1099 1999 1152 ul-

350 1210 376 1238 σ
412 1194 502 1243 tra
531 1189 686 1244 vires
709 1206 722 1245 :
742 1190 890 1245 adeo
914 1189 1068 1244 utde
1101 1190 1217 1244 vita
1248 1206 1486 1261 quoque
1518 1189 1992 1261 desperaremus.

350 1300 381 1329 α
411 1278 559 1345 Quin
594 1278 705 1350 ipsi
730 1280 791 1335 in
808 1278 1131 1351 nobisipsis
1161 1295 1512 1350 responsum
1539 1279 1745 1334 mortis
1776 1279 1995 1334 habue-

348 1389 378 1422 α
409 1386 614 1425 ramus
646 1385 719 1424 ne
749 1369 1188 1425 conﬁderemus
1231 1370 1294 1424 in
1348 1369 1521 1425 nobis
1554 1370 1720 1441 ipsis,
1780 1369 1883 1423 sed
1935 1369 1997 1423 in

350 1478 379 1510 ιι
411 1460 533 1514 Deo
562 1458 663 1529 qui
696 1458 943 1514 suscitat
987 1464 1274 1524 mortuos,
1321 1460 1421 1530 qui
1460 1474 1531 1512 ex
1590 1462 1755 1513 tanta
1804 1462 1994 1512 morte

346 1550 616 1621 «eripuit
658 1567 769 1605 nos
822 1555 880 1605 et
927 1550 1104 1622 eripit
1150 1566 1165 1603 :
1226 1550 1288 1606 in
1320 1567 1436 1621 quo
1470 1566 1637 1623 spem
1666 1550 1844 1604 fixam
1892 1550 1996 1603 ha-

349 1636 637 1706 «bemus,
691 1637 851 1709 quod
922 1638 1101 1693 etiam
1184 1638 1432 1709 posthac
1509 1644 1824 1708 erepturus
1897 1636 1994 1701 sit,

348 1747 377 1777 α
403 1726 584 1782 simul
633 1726 1053 1797 adjuvantibus
1093 1732 1151 1781 et
1193 1727 1356 1781 vobis
1377 1742 1483 1797 per
1522 1726 1999 1797 deprecationem

350 1836 380 1866 «
413 1830 518 1887 pro
541 1814 745 1870 nobis:
767 1821 833 1870 ut
853 1831 923 1870 ex
945 1815 1149 1871 multis
1169 1816 1442 1887 personis
1466 1831 1571 1886 pro
1621 1815 1777 1870 dono
1799 1814 1860 1868 in
1891 1830 2001 1869 nos

349 1927 381 1959 κ
413 1906 651 1975 collato,
684 1922 791 1978 per
818 1905 1039 1962 multos
1069 1907 1270 1979 gratias
1319 1912 1571 1979 agantur
1619 1923 1725 1978 pro
1755 1905 1938 1961 vobis.
1973 1926 1995 1956 ι

428 1994 647 2052 Deinde
669 2001 984 2068 postquam
1006 1994 1321 2051 indeﬁnite
1342 1997 1617 2051 meminit
1637 1995 2000 2064 afﬂictionis,

351 2084 498 2141 dicit
525 2101 686 2141 nunc
710 2085 882 2157 cujus
913 2084 1255 2140 afﬂictionis
1282 2102 1295 2139 :
1355 2091 1423 2140 ut
1452 2085 1601 2140 nihil
1634 2101 1838 2140 eorum
1870 2100 2002 2156 qum

349 2174 507 2232 circa
536 2191 652 2241 me,
685 2175 901 2246 inquit,
924 2180 1213 2247 geruntur
1243 2174 1528 2247 ignoretis
1555 2175 1737 2246 (quod
1764 2174 2000 2242 signum

349 2265 860 2333 estdilectionis);
890 2271 1085 2320 autne
1119 2266 1464 2339 ignorantes
1496 2281 1630 2336 quos
1665 2265 1811 2319 mihi
1844 2264 2003 2320 acci—

350 2353 587 2419 derunt,
621 2348 1014 2427 indignemini
1049 2370 1116 2408 eo
1153 2354 1312 2425 quod
1360 2356 1535 2426 juxta
1592 2354 1889 2426 promissa
1928 2351 2001 2409 ad

347 2457 449 2496 vos
479 2457 599 2496 non
625 2441 910 2496 venerim.
944 2463 973 2491 «
1006 2442 1086 2495 De
1116 2440 1439 2496 afllictione
1473 2446 1694 2497 nostra.
1728 2462 1757 2491 »
1791 2442 1910 2496 Hoc
1941 2440 2002 2494 in

348 2530 547 2603 priore
597 2546 837 2600 quoque
902 2529 1260 2601 pra-dixerat
1291 2530 1600 2601 Epistola:
1666 2531 2002 2595 «Quoniam

353 2619 595 2677 ostium.
631 2619 847 2690 inquit.
900 2619 1048 2673 mihi
1100 2625 1371 2691 apertum
1427 2624 1518 2674 est
1572 2624 1631 2675 et
1682 2620 2003 2675 adversarii

353 2707 527 2765 multi
549 2706 593 2762 ⁸.
628 2728 657 2757 ››
690 2738 758 2748 -
788 2729 816 2756 ‹‹
852 2707 1141 2772 Quoniam
1168 2723 1347 2780 supra
1368 2707 1612 2763 modum
1644 2710 1865 2781 gravati
1891 2710 2003 2765 fui-

350 2814 508 2854 mus.
536 2819 564 2846 »
596 2799 821 2870 Magna,
846 2797 1063 2868 inquit,
1097 2803 1226 2852 erat
1252 2797 1496 2852 afflictio
1526 2803 1585 2852 et
1623 2814 1784 2853 meas
1842 2816 2007 2854 exce-

350 2888 500 2944 dens
520 2888 700 2944 vires:
729 2904 867 2943 nam
897 2888 1190 2960 contingit
1210 2904 1479 2961 magnam
1506 2904 1742 2960 quoque
1761 2889 2010 2945 viriliter

351 2977 425 3035 ab
456 2978 658 3050 aliquo
680 2976 842 3033 ferri.
877 2999 905 3028 «
928 2978 1089 3034 Adeo
1120 2986 1187 3033 ut
1216 2978 1289 3034 de
1322 2979 1436 3035 vita
1463 2996 1700 3050 quoque
1731 2979 2007 3051 despera-

352 3083 578 3124 remus.
612 3089 641 3119 »
672 3067 1145 3140 Desperavimus,
1179 3068 1393 3138 inquit,
1434 3084 1545 3124 nec
1587 3068 1845 3125 victurOs
1897 3085 2008 3124 nos

2120 3064 2477 3137 Ἀπεγνώσοη
2489 3084 2605 3136 μεν,
2664 3063 2846 3140 φησὶν,

2102 3149 2260 3223 σθαι,
2319 3152 2447 3208 ἀλλ’
2505 3151 2556 3206 ἐν
2618 3153 2832 3213 ἑαυτοῖς
2890 3150 3275 3228 ἐλογισάμεθα,
3338 3153 3421 3209 ὅτι
3472 3155 3782 3218 ἀποθανοῦ-

364 3173 497 3214 esse
536 3156 1058 3229 sparabamus,sed
1073 3158 1229 3228 apud
1242 3173 1352 3212 nos
1371 3159 1531 3229 ipsos
1545 3158 2007 3214 existimavimus

352 3246 515 3320 quod
546 3246 791 3302 omnino
821 3262 1231 3302 moreremur:
1293 3263 1434 3302 nam
1493 3248 1606 3302 hoc
1663 3247 2005 3321 signiﬁcat:

356 3357 386 3387 «
418 3336 536 3407 Ipsi
565 3334 628 3390 in
654 3335 977 3406 nobisipsis
1018 3352 1373 3408 responsum
1428 3336 1639 3391 mortis
1695 3352 2009 3409 accepera-

353 3440 530 3490 mus;
565 3445 594 3474 ››
623 3424 686 3479 id
712 3424 887 3479 nobis
915 3425 1182 3495 pericula
1211 3425 1671 3496 respondebant,
1698 3427 1858 3497 quod
1880 3443 2011 3481 om-

355 3513 502 3569 nino
523 3528 913 3569 moreremur.
940 3515 1010 3567 Et
1034 3530 1214 3584 quam
1245 3514 1318 3569 ob
1343 3530 1581 3569 causam
1605 3516 1879 3587 permisit
1901 3532 2012 3571 nos

357 3603 515 3658 Deus
546 3601 620 3657 ad
648 3606 813 3658 tanta
840 3603 1149 3674 pervenire
1179 3603 1484 3674 pericula?
1514 3625 1541 3653 «
1575 3604 1655 3658 Ne
1678 3604 2014 3661 confidere-

361 3707 497 3749 mus
527 3690 588 3746 in
620 3690 963 3762 nobisipsis.
998 3712 1026 3740 »
1058 3690 1219 3756 Quod
1243 3698 1441 3748 autem
1472 3690 2014 3761 dicit,tantumdem

360 3787 453 3838 est
481 3797 549 3836 ac
570 3781 619 3836 si
651 3779 911 3837 diceret:
943 3782 1024 3835 Ne
1053 3781 1265 3836 cristas
1294 3782 1611 3854 erigamus,
1643 3798 1718 3837 ne
1744 3782 1819 3839 ob
1848 3800 2013 3851 egre-

358 3871 455 3945 gia
484 3870 751 3928 facinora
780 3870 1174 3938 extollamur;
1208 3871 1368 3942 quod
1400 3872 1580 3927 etiam
1621 3872 1683 3927 in
1732 3890 2014 3943 processu

359 3960 736 4019 manifestius
766 3959 929 4015 dicit.
963 3985 989 4010 u
1012 3962 1082 4014 Et
1108 3975 1182 4014 ne
1202 3960 1554 4017 excellentia
1584 3962 2013 4017 revelationum

361 4050 682 4107 extollerer
708 4049 880 4104 datus
910 4048 1021 4104 fuit
1050 4048 1195 4104 mihi
1225 4050 1473 4121 angelus
1504 4050 1734 4105 Satanas
1761 4052 1803 4116 ⁷,
1830 4073 1856 4099 ››
1919 4052 2011 4106 in-

363 4139 640 4211 telligens
670 4138 1001 4209 afﬂigentes
1024 4154 1086 4192 se
1105 4153 1172 4192 ac
1202 4145 1503 4201 vexantes,
1533 4145 1786 4194 etunum
1806 4156 2011 4210 quem-

365 4244 481 4299 que
513 4228 726 4284 horum
755 4227 1065 4283 hominum
1098 4233 1365 4281 satanam
1397 4228 1732 4299 appellans.
1758 4231 2012 4285 Permis-

365 4334 468 4374 sus
485 4332 637 4381 sum,
667 4316 882 4386 inquit,
909 4315 1268 4370 tentationes
1293 4321 1352 4370 et
1371 4316 1727 4372 aftlictiones
1759 4318 2015 4373 sustine-

362 4422 448 4469 re,
482 4411 549 4460 ut
579 4406 693 4460 mei
723 4405 1061 4475 desperatio
1090 4405 1151 4459 in
1185 4405 1380 4461 ofﬁcio
1413 4422 1509 4461 me
1555 4408 1914 4473 contineret,
1944 4426 2012 4464 ac

365 4494 670 4552 modestus
694 4510 824 4549 esse
853 4493 1164 4549 discerem.
1203 4493 1336 4549 Ideo
1368 4512 1605 4567 quoque
1649 4513 1782 4552 cum
1828 4499 2009 4553 Deum
2042 4462 2090 4526 Β

364 4585 797 4649 obsecrassem,
819 4600 940 4640 non
963 4601 1094 4639 sum
1120 4590 1428 4640 assecutus
1450 4586 1608 4657 quod
1640 4589 2013 4659 postulabam

363 4676 468 4732 sed
499 4675 798 4748 permansi
834 4673 1101 4746 quotidie
1125 4674 1386 4730 tolerans
1408 4675 1716 4733 modestiae
1734 4679 2017 4752 pharma-

363 4781 521 4828 cum.
552 4780 767 4838 nempe
811 4763 1219 4832 afﬂictionem,
1262 4765 1416 4821 596
1450 4755 1610 4822 Adeo
1643 4784 1860 4841 magna
1890 4773 2019 4824 erat

363 4854 632 4919 afﬂictio,
661 4853 879 4925 inquit,
902 4858 969 4909 ut
988 4869 1102 4915 nos
1125 4869 1153 4905 e
1185 4854 1301 4908 vita
1326 4854 1670 4924 expelleret.
1705 4858 2018 4927 Hujusmo-

364 4943 425 4998 di
454 4942 1020 4998 afflictionemvocat
1033 4941 1216 4996 David
1237 4948 1438 5012 portas
1459 4943 1678 4998 inferni
1710 4960 1779 4999 ac
1808 4946 2015 5001 mortis

367 5037 427 5087 et
454 5029 688 5085 dolores
715 5037 919 5101 partus
941 5046 1017 5085 an
1048 5029 1322 5084 umbram
1357 5032 1564 5086 mortis
1594 5032 1635 5085 ⁸.
1671 5054 1698 5081 ‹‹
1732 5034 1884 5098 Quin
1926 5036 2012 5106 ip-

368 5119 418 5174 si
446 5118 506 5173 in
536 5118 872 5189 nobisipsis
903 5134 1257 5190 responsum
1292 5120 1498 5174 mortis
1528 5121 1946 5180 habueramus.
1984 5147 2012 5175 »

369 5210 762 5279 Responsum,
812 5206 873 5263 id
908 5213 1015 5273 est,
1045 5206 1349 5262 decretum
1372 5224 1441 5263 ac
1471 5211 1853 5267 sententiam.
1916 5215 2017 5270 Est

366 5302 567 5352 autem
600 5296 973 5352 tantumdem
997 5312 1064 5350 ac
1096 5296 1144 5350 si
1177 5296 1437 5352 diceret:
1473 5298 1771 5362 Quantum
1802 5302 1875 5357 ad
1899 5320 2011 5359 nos

366 5393 751 5459 nostramque
782 5387 1222 5459 cogitationem,
1249 5388 1437 5444 adfuit
1468 5392 1676 5446 mortis
1699 5400 2011 5465 exspecta-

368 5478 471 5538 tio.
499 5476 602 5531 sed
643 5477 796 5531 Deus
826 5492 947 5531 non
978 5477 1249 5546 permisit
1280 5478 1467 5548 ipsum
1500 5478 1560 5532 in
1587 5496 1734 5550 opus
1764 5500 2012 5555 progre-

366 5567 447 5632 di,
474 5567 695 5623 docens
726 5581 836 5620 nos
867 5580 942 5619 ne
964 5564 1026 5619 in
1060 5565 1301 5636 propria
1334 5567 1771 5628 conﬁderemus
1799 5573 2013 5631 virtute

443 5745 467 5780 ⁸
495 5747 519 5800 Ι
549 5745 677 5800 Cor.
709 5761 817 5809 xu,
851 5746 904 5797 9.

2178 917 2256 975 ΟΒ
2313 916 2414 992 γὰρ
2473 916 2704 989 θέΛομεν
2797 918 2937 989 ὑμᾶς
3022 918 3258 991 ἀγνοεῖν,
3317 913 3570 985 ἀδελφοὶ,
3632 914 3768 989 ὑπὲρ

2105 1012 2206 1074 τῆς
2238 1005 2480 1080 θλίψεως
2547 1007 2706 1076 ἡμῶν
2770 1013 2872 1075 τῆς
2946 1006 3251 1083 γενομένης
3325 1008 3462 1077 ἡμῖν
3565 1002 3617 1059 ἐν
3694 1007 3767 1077 τῇ

2105 1094 2279 1166 Ἀσίᾳ,
2341 1097 2427 1150 δτι
2485 1097 2603 1150 καθ’
2689 1090 3005 1170 ὑπερϐολῆν
3075 1090 3420 1167 ἐϐαοὺοημεν
3483 1094 3613 1166 ὑπὲρ
3672 1089 3770 1148 δό-

2105 1206 2287 1257 ναμιν,
2377 1185 2518 1241 ὥστε
2596 1185 3004 1260 ἐξαπορηθῆναι
3086 1188 3235 1258 ἡμᾶς
3315 1184 3407 1240 καὶ
3488 1187 3589 1239 τοῦ
3648 1181 3764 1257 ζῇν.

2108 1273 2288 1334 Ἀλλά
2345 1276 2499 1331 αὐτοὶ
2556 1275 2608 1331 ἐν
2665 1277 2878 1338 ἑαυτοῖς
2936 1276 3000 1331 τὸ
3056 1271 3341 1350 ἀπόκριμα
3394 1279 3493 1330 τοῦ
3536 1276 3769 1329 θανάτου

2107 1365 2445 1440 ἐσχήκαμεν,
2501 1367 2591 1421 ἳνα
2653 1368 2730 1438 μή
2786 1367 3112 1428 πεποιθότες
3180 1367 3326 1440 ὦμεν
3382 1363 3464 1445 ἐφ’
3531 1366 3770 1435 ἑαυτοῖς,

2107 1453 2236 1510 ἀλλ’
2294 1456 2382 1511 ἐπὶ
2434 1460 2515 1528 τῷ
2572 1460 2688 1527 Θεῷ
2743 1460 2823 1527 τῷ
2893 1454 3157 1530 ἐγείροντι
3211 1456 3341 1517 τοὺς
3396 1453 3643 1530 νεκροὺς,
3708 1455 3771 1516 ὃς

2106 1542 2166 1599 ἐκ
2219 1543 2556 1613 τηλικούτου
2635 1546 2872 1608 θανάτου
2959 1544 3221 1621 ἐρρύσατο
3281 1546 3432 1617 ἡμᾶς
3488 1544 3579 1599 καὶ
3646 1544 3771 1618 ῥύε-

2105 1656 2211 1691 ται.
2274 1635 2369 1698 Εἰς
2429 1636 2487 1691 ὅν
2545 1634 2882 1708 ἠλπίκαμεν,
2945 1638 3031 1691 δτι
3087 1636 3179 1690 καὶ
3235 1629 3315 1690 ἔτι
3376 1634 3611 1710 ῥύσεται,
3646 1655 3772 1689 συν-

2114 1725 2507 1798 υπουρούγτων
2564 1726 2657 1779 καὶ
2715 1725 2869 1795 ὑμῶν
2958 1725 3093 1799 ὑπὲρ
3176 1726 3339 1796 ἡμῶν
3414 1722 3484 1798 τῇ
3566 1721 3771 1793 δεήσει·

2103 1810 2193 1867 θίνα
2222 1812 2282 1869 ἐκ
2311 1812 2539 1873 πολλῶν
2569 1814 2884 1889 προσώπων
2937 1814 3003 1869 τὸ
3065 1814 3141 1875 εἴς
3199 1816 3347 1887 ἡμᾶς
3378 1813 3649 1889 χάρισμα,
3681 1810 3775 1869 διὰ

2110 1901 2342 1958 πολλῶν
2375 1901 2747 1978 εὐχαριστηθῇ
2774 1904 2907 1979 ὑπὲρ
2941 1902 3120 1977 ὑμῶν.

2183 1993 2322 2048 Εἶτα
2376 1990 2563 2061 ἐπειδὴ
2624 1989 3098 2068 ἀπροσδιορίστως
3154 1991 3398 2067 θλίψεως
3464 1992 3769 2068 ἐμέμνητο,

2111 2084 2200 2135 νῦν
2235 2079 2386 2158 λέγει
2444 2080 2605 2142 ποίας
2662 2079 2922 2153 θλίψεως.
2978 2083 3091 2136 Ἳνα
3155 2079 3324 2155 μηδὲν
3379 2081 3610 2156 ἀγνοῆτε
3657 2086 3766 2137 τῶν

2108 2172 2226 2226 κατ’
2284 2169 2404 2243 ἐμὲ,
2464 2169 2650 2248 φησιν’
2728 2169 2860 2245 ὅπερ
2937 2171 3151 2247 ἀγάπης
3227 2170 3393 2226 ἐστίν·
3448 2173 3483 2241 ἦ
3542 2171 3630 2226 ἳνα
3690 2176 3772 2245 μή

2111 2260 2435 2337 ἀγνοοῦντες
2464 2262 2531 2315 τὰ
2579 2255 2862 2332 συμϐάντα
2911 2263 3072 2333 ἡμῖν,
3109 2262 3399 2337 μέμψησθε
3432 2258 3520 2316 διὰ
3551 2259 3606 2317 τί
3634 2261 3778 2316 κατά

2110 2349 2207 2410 τὰς
2266 2351 2588 2424 ὑποσχέσεις
2645 2349 2745 2403 οὐκ
2801 2348 3046 2422 ἤλθομεν
3106 2351 3243 2423 πρὸς
3303 2351 3461 2424 ὑμᾶς.
3522 2373 3553 2401 ‹‹
3612 2350 3773 2423 Ὑπὲρ

2111 2442 2211 2503 τῆς
2265 2433 2506 2510 θλίψεως
2563 2438 2745 2507 ἡμῶν.
2786 2460 2813 2487 »ι
2898 2440 3070 2492 Τοῦτο
3148 2437 3239 2492 καὶ
3296 2435 3348 2492 ἐν
3407 2441 3477 2509 τῇ
3535 2436 3780 2513 προτέρᾳ

2111 2521 2407 2600 προέλεγεν
2470 2526 2795 2599 Ἐπιστολῇ,
2854 2527 2939 2581 ὅτι
3002 2550 3027 2578 ι
3061 2526 3207 2601 Θῧρα
3240 2548 3335 2600 μοι
3367 2524 3654 2591 ἀνέιυκται,
3684 2528 3778 2582 καὶ

2111 2614 2475 2685 ἀντικείμενοι
2500 2613 2726 2671 πολλοί.
2754 2640 2777 2666 »ι
2804 2648 2871 2658 -
2896 2641 2920 2667 (ι
2950 2617 3068 2670 Ὅτι
3098 2618 3216 2680 καθ’
3245 2610 3557 2688 ὑπερϐολὴν
3583 2612 3780 2692 ἐϐαρῦε

2113 2705 2308 2775 θημεν.
2345 2728 2372 2755 n
2407 2704 2616 2781 Μέγας,
2641 2705 2831 2783 φησὶν,
2861 2705 2928 2775 ἦν
2961 2706 2987 2759 ὁ
3020 2707 3348 2781 πειρασμὸς,
3381 2705 3470 2761 καὶ
3500 2708 3599 2776 τήν
3635 2706 3775 2780 ἐμήν

2116 2788 2454 2865 ὑπερϐαίνων
2517 2791 2760 2867 δύναμιν.
2823 2797 2949 2851 "Evt
3006 2796 3109 2872 γὰρ
3168 2795 3256 2851 καὶ
3292 2795 3462 2871 μέγαν
3493 2791 3643 2860 ὅντα,
3677 2800 3780 2870 φέ-

2118 2886 2299 2957 ρεσθαι
2354 2883 2615 2958 γενναίως
2670 2884 2819 2960 παρά
2872 2905 3044 2957 τινος.
3108 2911 3128 2935 ιι
3166 2887 3327 2940 Ὥστε
3370 2886 3775 2959 ἐξαπορηθῆναι

2116 2975 2264 3045 ἡμᾶς
2320 2974 2411 3028 καὶ
2471 2977 2567 3029 τοῦ
2623 2975 2738 3045 ζῇν.
2803 2998 2831 3025 »
2890 3006 2956 3019 -~
3012 2976 3171 3048 [ΤΟΥ
3207 2976 3765 3052 ΧΙὙΣΟΣΤΟΜΟΥ]

2936 3063 2998 3118 οὑ
3072 3062 3558 3140 προσεδοκήσαμεν
3614 3067 3677 3134 ζὴ
3686 3085 3779 3121 σε-

2122 3244 2255 3316 μεθα
2308 3241 2538 3303 πάντως.
2598 3247 2771 3297 Τοῦτο
2829 3244 2932 3317 γὰρ
2991 3241 3158 3312 ἐστιν,
3222 3264 3243 3292 ι
3275 3242 3447 3300 Αὐτοὶ
3480 3241 3532 3297 ἐν
3565 3243 3783 3305 ἑαυτοῖς

2115 3336 2178 3389 τὸ
2209 3329 2492 3408 ἀπόκριμα
2536 3337 2634 3388 τοῦ
2691 3334 2923 3397 θανάτου
2982 3333 3314 3410 ἐσχήκαμεν.
3354 3359 3382 3385 η
3437 3339 3607 3390 Τοῦτο
3638 3338 3780 3407 ἡμῖν

2115 3424 2183 3479 τὰ
2236 3424 2529 3497 πράγματα
2584 3423 2937 3498 ἀπεκρίνατο,
2999 3425 3085 3480 ὅτι
3138 3423 3507 3498 ἀπολλύμεθα
3537 3424 3777 3485 πάντως.

2122 3514 2221 3571 Καὶ
2281 3512 2427 3575 τίνος
2483 3511 2655 3569 ἕνεκεν
2715 3513 3066 3588 συνεχώρησε
3126 3514 3295 3590 μέχρι
3348 3516 3624 3571 τοσούτων
3664 3537 3781 3570 κιν-

2123 3599 2294 3657 δύνων
2351 3601 2529 3665 ἐλθεῖν
2588 3604 2736 3673 ἡμᾶς
2791 3603 2819 3656 6
2878 3603 3049 3672 Θεὸςς
3111 3628 3138 3655 (ι
3174 3604 3287 3659 ’Ίνα
3348 3605 3425 3676 μὴ
3457 3603 3784 3669 πεποιθότες

2122 3697 2269 3768 ὦμεν
2330 3695 2411 3776 ἐφ’
2468 3697 2701 3758 ἑαυτοῖς,
2759 3720 2785 3748 ››
2845 3698 2911 3753 '0
2970 3695 3028 3752 δὲ
3086 3696 3253 3773 λέγει,
3311 3700 3563 3754 τοιοῦτόν
3611 3698 3782 3754 ἐστιν·

2122 3785 2233 3842 Ἵνα
2268 3786 2342 3858 μή
2381 3787 2517 3859 μέγα
2573 3791 2883 3866 φοονῶμεν,
2941 3788 3127 3860 φησὶν,
3186 3788 3272 3843 ἳνα
3317 3790 3392 3860 μή
3425 3788 3789 3864 ἑπαιρώμεοα

2120 3879 2238 3935 τοῖς
2270 3875 2714 3949 κατορθώμασιν,
2746 3875 2777 3931 6'
2804 3876 2895 3932 καὶ
2963 3877 3194 3949 προϊὼν,
3253 3876 3575 3954 σαφέστερον
3608 3876 3777 3953 λέγει·

2100 3986 2150 4015 Ἰ
2188 3965 2289 4020 Καὶ
2321 3966 2388 4038 τῇ
2448 3959 2730 4038 ὑπερϐολῇ
2791 3970 2897 4021 τῶν
2958 3964 3347 4041 ἐποκαλύψεων
3377 3967 3467 4021 ἳνα
3503 3969 3578 4037 μή
3612 3968 3779 4041 ὑπερ-

2122 4052 2387 4126 αἷρωμαι,
2421 4050 2582 4122 ἐδόθη
2619 4074 2715 4127 μοι
2744 4053 2976 4132 ἅγγελος
3008 4061 3201 4124 Σατᾶν,
3247 4080 3272 4105 »ι
3323 4054 3449 4117 τοὺς
3481 4051 3781 4120 θλίϐοντας

2122 4141 2287 4197 αὑτὸν
2346 4139 2522 4216 λέγων
2606 4142 2695 4197 καὶ
2777 4143 3179 4217 ἐπηρεάζοντας
3262 4144 3471 4200 τούτων
3548 4142 3780 4201 ἕκαστον

2123 4230 2407 4305 ἄνθρωπον
2471 4236 2644 4286 Σατᾶν
2704 4231 2911 4290 καλῶν.
2976 4236 3405 4309 Συνεχωρτςθην,
3469 4235 3784 4312 φησὶ.πει-

2124 4320 2366 4396 ρασμοὺς
2424 4321 2732 4395 ὑπομένειν,
2790 4321 2877 4376 ἳνα
2908 4325 2941 4391 ἡ
2975 4322 3204 4378 ἀπόνοια
3263 4345 3368 4397 μου
3398 4322 3788 4395 καταστέλλη-

2122 4430 2211 4466 ται
2240 4410 2330 4465 καὶ
2373 4412 2678 4486 μετριάζειν
2742 4412 2917 4482 μάθω.
2980 4412 3072 4467 Διὸ
3129 4412 3217 4467 καὶ
3277 4411 3658 4485 παρακαλέσας
3690 4419 3783 4471 τὸν

2125 4501 2277 4565 Θεὸν,
2310 4502 2412 4557 οὐκ
2468 4499 2665 4581 ἔτυχον
2720 4508 2820 4571 τῆς
2878 4503 3168 4573 αἰτήσεως,
3228 4501 3354 4560 ἀλλ’
3384 4499 3567 4579 ἔμεινα
3599 4503 3787 4573 διηνε-

2125 4595 2235 4652 κῶς
2292 4591 2576 4670 φάρμακον
2629 4594 3154 4669 ταμεινοφροσύντς,
3213 4594 3311 4662 τήν
3374 4593 3557 4669 θλίψιν
3606 4592 3777 4666 ἔχων.

2126 4682 2225 4737 Καὶ
2282 4681 2455 4744 οὕτως
2514 4682 2605 4751 ἦν,
2666 4683 2822 4759 φησὶ,
2887 4684 3058 4759 μέγας
3109 4685 3138 4739 ὁ
3195 4686 3522 4759 πειρασμὸς,
3578 4684 3653 4745 ὡς
3684 4684 3781 4739 καὶ

2126 4770 2292 4827 αὐτοῦ
2348 4776 2445 4825 τοῦ
2505 4775 2602 4845 ζῇν
2662 4770 3029 4848 ἐκδιωχθῆναι
3084 4776 3253 4845 ἡμᾶς.
3286 4774 3393 4831 Τὸν
3446 4772 3501 4830 δὲ
3529 4777 3786 4829 τοιοῦτον

2125 4863 2429 4935 πειρασμὸν
2461 4863 2489 4916 6
2521 4860 2683 4918 Δαυῖδ
2712 4862 2890 4924 πύλας
2948 4862 3078 4934 ’ᾅδου
3136 4863 3298 4919 καλεῖ
3320 4867 3409 4920 καὶ
3438 4864 3659 4932 ὠδῖνας,
3694 4867 3791 4922 καὶ

2126 4953 2277 5007 σκιὰν
2308 4952 2557 5016 θανάτου.
2619 4951 2860 5011 «Ἀλλὰ
2923 4954 3077 5009 αὐτοὶ
3133 4954 3184 5008 ἐν
3244 4954 3462 5017 ἑαυτοῖς
3518 4956 3582 5010 τὸ
3640 4957 3791 5012 ἀπό-

2123 5061 2296 5113 κριμα
2323 5046 2421 5096 τοῦ
2452 5041 2682 5099 θανάτου
2731 5040 3070 5123 ἐσχήκαμεν.
3108 5068 3135 5094 η
3164 5046 3241 5101 Τὸ
3269 5044 3576 5119 ἀπόκριμα,
3622 5067 3795 5103 τουτ-

2125 5132 2253 5185 ἐστι.
2286 5133 2385 5198 τήν
2418 5135 2619 5211 ψῆφον,
2677 5136 2776 5203 τήν
2831 5132 3029 5205 κρίσιν.
3086 5135 3152 5191 *Ο
3211 5131 3270 5189 δέ
3328 5133 3495 5209 λέγει,
3531 5137 3787 5193 τοιοῦτόν

2124 5218 2288 5273 ἐστιν’
2324 5226 2528 5296 ’Άχοις
2587 5224 2771 5295 ἡμῶν,
2832 5225 2988 5293 φησὶ,
3047 5224 3137 5278 καὶ
3195 5230 3297 5291 τῆς
3344 5228 3504 5298 ἡμῶν
3550 5224 3791 5297 ἐννοίας,

2123 5302 2250 5379 ἔστη
2315 5312 2349 5378 ἡ
2407 5314 2504 5365 τοῦ
2563 5312 2795 5366 θανάτου
2852 5310 3174 5386 προσδοκία.
3235 5315 3296 5371 Ὁ
3354 5314 3458 5390 γὰρ
3518 5316 3649 5377 Θεὸς
3688 5317 3796 5373 οὐκ

2125 5394 2299 5452 ε’ἶασεν
2361 5397 2531 5464 αὑτὴν
2589 5399 2664 5459 εἰς
2720 5398 2879 5475 ἔργον
2936 5399 3136 5465 ἐλθεῖν,
3200 5399 3470 5457 διδίσκων
3520 5406 3672 5474 ἡμᾶς
3710 5408 3794 5477 μή

2124 5488 2437 5542 πεποιθέναι
2467 5487 2555 5541 ἐπὶ
2597 5484 2707 5559 ἰδίᾳ
2750 5487 2977 5563 δυνάμει
3037 5493 3073 5561 ἢ
3135 5490 3335 5566 βουλῇ,
3369 5492 3497 5548 ἀλλ’
3528 5493 3613 5548 ἐπ’
3645 5494 3800 5568 αὐτῷ

2127 5575 2303 5649 μόνῳ,
2358 5576 2441 5631 ὅτι
2492 5579 2583 5632 καὶ
2632 5579 2698 5633 τὰ
2728 5581 2856 5655 παρ’
2914 5582 3049 5653 ἡμῖν
3083 5579 3375 5638 ἀνέλπιστα
3406 5583 3495 5638 καὶ
3529 5580 3798 5655 ἀδύνατα,

980 5742 1000 5776 ⁷
1032 5741 1209 5811 Infra,
1249 5747 1329 5799 t2.
1407 5746 1426 5781 ⁸
1458 5748 1551 5802 Ps.
1586 5764 1717 5819 xvu,
1751 5770 1887 5826 xm,
1919 5771 2078 5823 mu,
2110 5772 2279 5823 xnvu,
2311 5773 2503 5826 tum,
2531 5774 2608 5815 τι.
