  <div class='ocr_page' id='page_1' title='image "/cluster/home/n/w/nwhite01/storage/ocr_20150623/118:no.1/coo.31924054870229/474.png"; bbox 0 0 4080 6378; ppageno 0'>
   <div class='ocr_carea' id='block_1_1' title="bbox 300 405 418 467">
    <p class='ocr_par' dir='ltr' id='par_1_1' title="bbox 300 405 418 467">
     <span class='ocr_line' id='line_1_1' title="bbox 300 405 418 467; baseline -0.034 1"><span class='ocrx_word' id='word_1_1' title='bbox 300 405 418 467; x_wconf 77' lang='grc'><strong>917</strong></span> 
     </span>
    </p>
   </div>
   <div class='ocr_carea' id='block_1_2' title="bbox 1264 406 2761 473">
    <p class='ocr_par' dir='ltr' id='par_1_2' title="bbox 1264 406 2761 473">
     <span class='ocr_line' id='line_1_2' title="bbox 1264 406 2761 473; baseline 0.001 -1"><span class='ocrx_word' id='word_1_2' title='bbox 1264 409 1678 472; x_wconf 82' lang='lat' dir='ltr'><strong>COMMENT.</strong></span> <span class='ocrx_word' id='word_1_3' title='bbox 1722 408 1800 469; x_wconf 72' lang='grc' dir='ltr'><strong>ιιι</strong></span> <span class='ocrx_word' id='word_1_4' title='bbox 1847 406 2100 471; x_wconf 80' lang='lat' dir='ltr'><strong>EPIST.</strong></span> <span class='ocrx_word' id='word_1_5' title='bbox 2147 409 2203 470; x_wconf 89' lang='lat' dir='ltr'>II</span> <span class='ocrx_word' id='word_1_6' title='bbox 2246 408 2351 469; x_wconf 83' lang='lat' dir='ltr'><strong>AD</strong></span> <span class='ocrx_word' id='word_1_7' title='bbox 2394 408 2761 473; x_wconf 74' lang='lat' dir='ltr'><strong>CORINTH.</strong></span> 
     </span>
    </p>
   </div>
   <div class='ocr_carea' id='block_1_3' title="bbox 3614 413 3733 477">
    <p class='ocr_par' dir='ltr' id='par_1_3' title="bbox 3614 413 3733 477">
     <span class='ocr_line' id='line_1_3' title="bbox 3614 413 3733 477; baseline 0.034 -4"><span class='ocrx_word' id='word_1_8' title='bbox 3614 413 3733 477; x_wconf 88' lang='grc'><strong>918</strong></span> 
     </span>
    </p>
   </div>
   <div class='ocr_carea' id='block_1_4' title="bbox 292 534 1943 627">
    <p class='ocr_par' dir='ltr' id='par_1_4' title="bbox 292 534 1943 618">
     <span class='ocr_line' id='line_1_4' title="bbox 292 534 1943 618; baseline 0 -24"><span class='ocrx_word' id='word_1_9' title='bbox 292 535 443 611; x_wconf 80' lang='grc' dir='ltr'><strong>αὐτῷ</strong></span> <span class='ocrx_word' id='word_1_10' title='bbox 494 534 654 615; x_wconf 70' lang='grc' dir='ltr'>ῥᾴδια</span> <span class='ocrx_word' id='word_1_11' title='bbox 707 538 800 595; x_wconf 80' lang='grc' dir='ltr'><strong>καὶ</strong></span> <span class='ocrx_word' id='word_1_12' title='bbox 848 536 1072 597; x_wconf 86' lang='grc' dir='ltr'>δυνατά.</span> <span class='ocrx_word' id='word_1_13' title='bbox 1134 543 1314 600; x_wconf 88' lang='grc' dir='ltr'>Τοῦτο</span> <span class='ocrx_word' id='word_1_14' title='bbox 1373 537 1431 598; x_wconf 81' lang='grc' dir='ltr'><strong>δέ</strong></span> <span class='ocrx_word' id='word_1_15' title='bbox 1468 561 1600 618; x_wconf 75' lang='grc' dir='ltr'>φησι</span> <span class='ocrx_word' id='word_1_16' title='bbox 1672 541 1768 597; x_wconf 85' lang='grc' dir='ltr'>τὸν</span> <span class='ocrx_word' id='word_1_17' title='bbox 1818 540 1943 597; x_wconf 84' lang='grc' dir='ltr'>Θεὸν</span> 
     </span>
    </p>
   </div>
   <div class='ocr_carea' id='block_1_5' title="bbox 2053 534 3734 627">
    <p class='ocr_par' dir='ltr' id='par_1_5' title="bbox 2059 542 3734 627">
     <span class='ocr_line' id='line_1_5' title="bbox 2059 542 3734 627; baseline 0.003 -29"><span class='ocrx_word' id='word_1_18' title='bbox 2059 546 2163 598; x_wconf 87' lang='lat' dir='ltr'><strong>aut</strong></span> <span class='ocrx_word' id='word_1_19' title='bbox 2191 542 2585 612; x_wconf 90' lang='lat' dir='ltr'><strong>consilio,sed</strong></span> <span class='ocrx_word' id='word_1_20' title='bbox 2608 542 2670 599; x_wconf 92' lang='lat' dir='ltr'><strong>in</strong></span> <span class='ocrx_word' id='word_1_21' title='bbox 2707 545 2840 616; x_wconf 89' lang='lat' dir='ltr'><strong>ipso</strong></span> <span class='ocrx_word' id='word_1_22' title='bbox 2872 546 3018 604; x_wconf 89' lang='lat' dir='ltr'><strong>solo.</strong></span> <span class='ocrx_word' id='word_1_23' title='bbox 3052 548 3196 603; x_wconf 87' lang='lat' dir='ltr'><strong>Nam</strong></span> <span class='ocrx_word' id='word_1_24' title='bbox 3219 545 3291 603; x_wconf 88' lang='lat' dir='ltr'><strong>de</strong></span> <span class='ocrx_word' id='word_1_25' title='bbox 3325 545 3544 620; x_wconf 87' lang='lat' dir='ltr'><strong>quibus</strong></span> <span class='ocrx_word' id='word_1_26' title='bbox 3560 545 3734 627; x_wconf 72' lang='lat' dir='ltr'><strong>apud</strong></span> 
     </span>
    </p>
   </div>
   <div class='ocr_carea' id='block_1_6' title="bbox 291 628 1958 706">
    <p class='ocr_par' dir='ltr' id='par_1_6' title="bbox 291 628 1958 706">
     <span class='ocr_line' id='line_1_6' title="bbox 291 628 1958 706; baseline 0.001 -24"><span class='ocrx_word' id='word_1_27' title='bbox 291 628 672 699; x_wconf 83' lang='grc' dir='ltr'>πεποιηκέναι,</span> <span class='ocrx_word' id='word_1_28' title='bbox 708 628 816 685; x_wconf 72' lang='grc' dir='ltr'>οὐχ</span> <span class='ocrx_word' id='word_1_29' title='bbox 847 629 922 694; x_wconf 83' lang='grc' dir='ltr'><strong>ὡς</strong></span> <span class='ocrx_word' id='word_1_30' title='bbox 953 630 1121 687; x_wconf 74' lang='grc' dir='ltr'>αὐτοῦ</span> <span class='ocrx_word' id='word_1_31' title='bbox 1173 629 1391 686; x_wconf 76' lang='grc' dir='ltr'>Παύλου</span> <span class='ocrx_word' id='word_1_32' title='bbox 1439 628 1702 704; x_wconf 74' lang='grc' dir='ltr'><strong>δεομένου</strong></span> <span class='ocrx_word' id='word_1_33' title='bbox 1745 633 1958 706; x_wconf 58' lang='grc' dir='ltr'>μαθεῖν,</span> 
     </span>
    </p>
   </div>
   <div class='ocr_carea' id='block_1_7' title="bbox 290 717 1962 795">
    <p class='ocr_par' dir='ltr' id='par_1_7' title="bbox 290 717 1962 795">
     <span class='ocr_line' id='line_1_7' title="bbox 290 717 1962 795; baseline -0.001 -20"><span class='ocrx_word' id='word_1_34' title='bbox 290 717 408 790; x_wconf 81' lang='grc' dir='ltr'>(Τίς</span> <span class='ocrx_word' id='word_1_35' title='bbox 462 717 566 793; x_wconf 84' lang='grc' dir='ltr'><strong>γὰρ</strong></span> <span class='ocrx_word' id='word_1_36' title='bbox 625 719 792 773; x_wconf 69' lang='grc' dir='ltr'>αὐτοῦ</span> <span class='ocrx_word' id='word_1_37' title='bbox 855 718 1071 793; x_wconf 79' lang='grc' dir='ltr'>μᾶλλον</span> <span class='ocrx_word' id='word_1_38' title='bbox 1130 718 1258 795; x_wconf 73' lang='grc' dir='ltr'>ᾔδει</span> <span class='ocrx_word' id='word_1_39' title='bbox 1333 721 1419 788; x_wconf 80' lang='grc' dir='ltr'>τὸ,</span> <span class='ocrx_word' id='word_1_40' title='bbox 1479 720 1568 776; x_wconf 79' lang='grc' dir='ltr'><strong>ἐπὶ</strong></span> <span class='ocrx_word' id='word_1_41' title='bbox 1630 720 1783 793; x_wconf 78' lang='grc' dir='ltr'>μόνῳ</span> <span class='ocrx_word' id='word_1_42' title='bbox 1845 723 1962 792; x_wconf 86' lang='grc' dir='ltr'>Θεῷ</span> 
     </span>
    </p>
   </div>
   <div class='ocr_carea' id='block_1_8' title="bbox 288 803 1959 883">
    <p class='ocr_par' dir='ltr' id='par_1_8' title="bbox 288 803 1959 883">
     <span class='ocr_line' id='line_1_8' title="bbox 288 803 1959 883; baseline 0.001 -21"><span class='ocrx_word' id='word_1_43' title='bbox 288 803 532 878; x_wconf 68' lang='grc' dir='ltr'>ἐλπίζειν</span> <span class='ocrx_word' id='word_1_44' title='bbox 566 812 628 877; x_wconf 83' lang='grc'><strong>;),</strong></span> <span class='ocrx_word' id='word_1_45' title='bbox 661 805 792 862; x_wconf 85' lang='grc' dir='ltr'>ἀλλ’</span> <span class='ocrx_word' id='word_1_46' title='bbox 818 807 909 863; x_wconf 79' lang='grc' dir='ltr'>’ἱνα</span> <span class='ocrx_word' id='word_1_47' title='bbox 949 805 1020 863; x_wconf 86' lang='grc' dir='ltr'><strong>δι’</strong></span> <span class='ocrx_word' id='word_1_48' title='bbox 1051 812 1216 883; x_wconf 80' lang='grc' dir='ltr'>ἡμῶν</span> <span class='ocrx_word' id='word_1_49' title='bbox 1251 810 1304 864; x_wconf 74' lang='grc' dir='ltr'>οἱ</span> <span class='ocrx_word' id='word_1_50' title='bbox 1360 806 1530 865; x_wconf 77' lang='grc' dir='ltr'>ἄλλοι</span> <span class='ocrx_word' id='word_1_51' title='bbox 1558 813 1722 866; x_wconf 86' lang='grc' dir='ltr'>τοῦτο</span> <span class='ocrx_word' id='word_1_52' title='bbox 1768 808 1959 881; x_wconf 83' lang='grc' dir='ltr'>μάθω-</span> 
     </span>
    </p>
   </div>
   <div class='ocr_carea' id='block_1_9' title="bbox 293 895 1957 975">
    <p class='ocr_par' dir='ltr' id='par_1_9' title="bbox 293 895 1957 975">
     <span class='ocr_line' id='line_1_9' title="bbox 293 895 1957 975; baseline 0.003 -24"><span class='ocrx_word' id='word_1_53' title='bbox 293 918 397 952; x_wconf 88' lang='grc' dir='ltr'>σιν.</span> <span class='ocrx_word' id='word_1_54' title='bbox 456 928 527 939; x_wconf 91' lang='lat'><strong>--</strong></span> <span class='ocrx_word' id='word_1_55' title='bbox 592 898 663 953; x_wconf 74' lang='grc' dir='ltr'><strong>’Ἡ</strong></span> <span class='ocrx_word' id='word_1_56' title='bbox 748 895 945 959; x_wconf 64' lang='grc' dir='ltr'>οὕτως.</span> <span class='ocrx_word' id='word_1_57' title='bbox 1013 900 1353 973; x_wconf 81' lang='grc' dir='ltr'><strong>[ΟΙΚΟΥΜ.]</strong></span> <span class='ocrx_word' id='word_1_58' title='bbox 1450 899 1714 966; x_wconf 85' lang='grc' dir='ltr'>Ἑαυτῶν,</span> <span class='ocrx_word' id='word_1_59' title='bbox 1771 898 1957 975; x_wconf 74' lang='grc' dir='ltr'>φησὶν.</span> 
     </span>
    </p>
   </div>
   <div class='ocr_carea' id='block_1_10' title="bbox 288 982 1959 1061">
    <p class='ocr_par' dir='ltr' id='par_1_10' title="bbox 288 982 1959 1061">
     <span class='ocr_line' id='line_1_10' title="bbox 288 982 1959 1061; baseline 0.001 -22"><span class='ocrx_word' id='word_1_60' title='bbox 288 982 610 1059; x_wconf 86' lang='grc' dir='ltr'>ἀπέγνωμεν</span> <span class='ocrx_word' id='word_1_61' title='bbox 641 983 944 1054; x_wconf 74' lang='grc' dir='ltr'><strong>παντελῶς,</strong></span> <span class='ocrx_word' id='word_1_62' title='bbox 986 986 1078 1042; x_wconf 88' lang='grc' dir='ltr'>ἳνα</span> <span class='ocrx_word' id='word_1_63' title='bbox 1107 988 1209 1057; x_wconf 77' lang='grc' dir='ltr'>τήν</span> <span class='ocrx_word' id='word_1_64' title='bbox 1239 984 1439 1042; x_wconf 82' lang='grc' dir='ltr'><strong>ἐλπίδα</strong></span> <span class='ocrx_word' id='word_1_65' title='bbox 1480 985 1565 1042; x_wconf 80' lang='grc' dir='ltr'>ἐπὶ</span> <span class='ocrx_word' id='word_1_66' title='bbox 1632 987 1784 1061; x_wconf 84' lang='grc' dir='ltr'><strong>μόνῳ</strong></span> <span class='ocrx_word' id='word_1_67' title='bbox 1841 991 1959 1059; x_wconf 87' lang='grc' dir='ltr'>Θεῷ</span> 
     </span>
    </p>
   </div>
   <div class='ocr_carea' id='block_1_11' title="bbox 287 1071 1954 1153">
    <p class='ocr_par' dir='ltr' id='par_1_11' title="bbox 287 1071 1954 1153">
     <span class='ocr_line' id='line_1_11' title="bbox 287 1071 1954 1153; baseline 0.001 -27"><span class='ocrx_word' id='word_1_68' title='bbox 287 1077 538 1148; x_wconf 80' lang='grc' dir='ltr'>σχῶμεν.</span> <span class='ocrx_word' id='word_1_69' title='bbox 596 1073 658 1129; x_wconf 80' lang='grc' dir='ltr'><strong>Ὀ</strong></span> <span class='ocrx_word' id='word_1_70' title='bbox 721 1071 778 1128; x_wconf 81' lang='grc' dir='ltr'>δὲ</span> <span class='ocrx_word' id='word_1_71' title='bbox 844 1073 1041 1128; x_wconf 73' lang='grc' dir='ltr'>ἑαυτοῦ</span> <span class='ocrx_word' id='word_1_72' title='bbox 1101 1074 1645 1153; x_wconf 84' lang='grc' dir='ltr'>προαπογινώσκων,</span> <span class='ocrx_word' id='word_1_73' title='bbox 1709 1079 1827 1138; x_wconf 85' lang='grc' dir='ltr'>πῶς</span> <span class='ocrx_word' id='word_1_74' title='bbox 1896 1073 1954 1129; x_wconf 79' lang='grc' dir='ltr'><strong>ἃν</strong></span> 
     </span>
    </p>
   </div>
   <div class='ocr_carea' id='block_1_12' title="bbox 290 1159 1960 1240">
    <p class='ocr_par' dir='ltr' id='par_1_12' title="bbox 290 1159 1960 1240">
     <span class='ocr_line' id='line_1_12' title="bbox 290 1159 1960 1240; baseline 0.004 -26"><span class='ocrx_word' id='word_1_75' title='bbox 290 1161 470 1233; x_wconf 79' lang='grc' dir='ltr'>οἰκείᾳ</span> <span class='ocrx_word' id='word_1_76' title='bbox 507 1159 685 1237; x_wconf 81' lang='grc' dir='ltr'>βουλῇ</span> <span class='ocrx_word' id='word_1_77' title='bbox 717 1162 752 1233; x_wconf 73' lang='grc' dir='ltr'><strong>ἢ</strong></span> <span class='ocrx_word' id='word_1_78' title='bbox 787 1160 1034 1236; x_wconf 77' lang='grc' dir='ltr'><strong>δυνάμει,</strong></span> <span class='ocrx_word' id='word_1_79' title='bbox 1066 1162 1102 1234; x_wconf 70' lang='grc' dir='ltr'><strong>ἢ</strong></span> <span class='ocrx_word' id='word_1_80' title='bbox 1137 1163 1411 1240; x_wconf 81' lang='grc' dir='ltr'>ἀπολογίᾳ</span> <span class='ocrx_word' id='word_1_81' title='bbox 1477 1164 1740 1235; x_wconf 82' lang='grc' dir='ltr'>σώζεσθαι</span> <span class='ocrx_word' id='word_1_82' title='bbox 1801 1162 1960 1220; x_wconf 73' lang='grc' dir='ltr'>ἐλπί-</span> 
     </span>
    </p>
   </div>
   <div class='ocr_carea' id='block_1_13' title="bbox 291 1251 1954 1326">
    <p class='ocr_par' dir='ltr' id='par_1_13' title="bbox 291 1251 1954 1326">
     <span class='ocr_line' id='line_1_13' title="bbox 291 1251 1954 1326; baseline 0.001 -18"><span class='ocrx_word' id='word_1_83' title='bbox 291 1273 379 1308; x_wconf 87' lang='grc' dir='ltr'><strong>σοι</strong></span> <span class='ocrx_word' id='word_1_84' title='bbox 412 1272 426 1321; x_wconf 90' lang='lat'><strong>;</strong></span> <span class='ocrx_word' id='word_1_85' title='bbox 453 1253 542 1314; x_wconf 77' lang='grc' dir='ltr'>Ὠς</span> <span class='ocrx_word' id='word_1_86' title='bbox 576 1251 625 1325; x_wconf 75' lang='grc' dir='ltr'><strong>ἐξ</strong></span> <span class='ocrx_word' id='word_1_87' title='bbox 657 1252 966 1317; x_wconf 71' lang='grc' dir='ltr'><strong>ἀκολούθου</strong></span> <span class='ocrx_word' id='word_1_88' title='bbox 997 1254 1058 1309; x_wconf 89' lang='grc' dir='ltr'>τὸ</span> <span class='ocrx_word' id='word_1_89' title='bbox 1090 1254 1228 1310; x_wconf 77' lang='grc' dir='ltr'>ἅπαν</span> <span class='ocrx_word' id='word_1_90' title='bbox 1258 1255 1452 1309; x_wconf 70' lang='grc' dir='ltr'>ἑαυτοῦ</span> <span class='ocrx_word' id='word_1_91' title='bbox 1509 1252 1759 1309; x_wconf 75' lang='grc' dir='ltr'>ἐκδοῦναι</span> <span class='ocrx_word' id='word_1_92' title='bbox 1816 1255 1954 1326; x_wconf 83' lang='grc' dir='ltr'>Θεῷ,</span> 
     </span>
    </p>
   </div>
   <div class='ocr_carea' id='block_1_14' title="bbox 286 1339 1957 1422">
    <p class='ocr_par' dir='ltr' id='par_1_14' title="bbox 286 1339 1957 1422">
     <span class='ocr_line' id='line_1_14' title="bbox 286 1339 1957 1422; baseline 0.002 -23"><span class='ocrx_word' id='word_1_93' title='bbox 286 1375 357 1386; x_wconf 88' lang='lat'><strong>--</strong></span> <span class='ocrx_word' id='word_1_94' title='bbox 388 1339 639 1405; x_wconf 76' lang='grc' dir='ltr'>’Λλλως.</span> <span class='ocrx_word' id='word_1_95' title='bbox 676 1343 1060 1417; x_wconf 79' lang='grc' dir='ltr'><strong>[ΙΩΑΝΝΟΥ.]</strong></span> <span class='ocrx_word' id='word_1_96' title='bbox 1094 1344 1170 1401; x_wconf 86' lang='grc' dir='ltr'><strong>Τὸ</strong></span> <span class='ocrx_word' id='word_1_97' title='bbox 1227 1342 1535 1418; x_wconf 84' lang='grc' dir='ltr'>ἀπόκριμα,</span> <span class='ocrx_word' id='word_1_98' title='bbox 1591 1344 1691 1412; x_wconf 78' lang='grc' dir='ltr'><strong>τήν</strong></span> <span class='ocrx_word' id='word_1_99' title='bbox 1748 1347 1957 1422; x_wconf 73' lang='grc' dir='ltr'>ψῆφονν</span> 
     </span>
    </p>
   </div>
   <div class='ocr_carea' id='block_1_15' title="bbox 282 1427 1956 1509">
    <p class='ocr_par' dir='ltr' id='par_1_15' title="bbox 282 1427 1956 1509">
     <span class='ocr_line' id='line_1_15' title="bbox 282 1427 1956 1509; baseline 0.001 -22"><span class='ocrx_word' id='word_1_100' title='bbox 282 1431 384 1501; x_wconf 76' lang='grc' dir='ltr'><strong>τήν</strong></span> <span class='ocrx_word' id='word_1_101' title='bbox 457 1427 815 1505; x_wconf 72' lang='grc' dir='ltr'><strong>προσδοκίαν,</strong></span> <span class='ocrx_word' id='word_1_102' title='bbox 872 1432 971 1501; x_wconf 80' lang='grc' dir='ltr'><strong>τήν</strong></span> <span class='ocrx_word' id='word_1_103' title='bbox 1052 1432 1255 1508; x_wconf 63' lang='grc' dir='ltr'>κρίσιν.</span> <span class='ocrx_word' id='word_1_104' title='bbox 1335 1432 1604 1503; x_wconf 81' lang='grc' dir='ltr'>Γοιαύτην</span> <span class='ocrx_word' id='word_1_105' title='bbox 1667 1433 1817 1509; x_wconf 68' lang='grc' dir='ltr'>ἠφίει</span> <span class='ocrx_word' id='word_1_106' title='bbox 1889 1434 1956 1489; x_wconf 86' lang='grc' dir='ltr'><strong>τὰ</strong></span> 
     </span>
    </p>
   </div>
   <div class='ocr_carea' id='block_1_16' title="bbox 292 1518 1956 1599">
    <p class='ocr_par' dir='ltr' id='par_1_16' title="bbox 292 1518 1956 1599">
     <span class='ocr_line' id='line_1_16' title="bbox 292 1518 1956 1599; baseline 0.002 -23"><span class='ocrx_word' id='word_1_107' title='bbox 292 1522 593 1596; x_wconf 84' lang='grc' dir='ltr'>πράγματα</span> <span class='ocrx_word' id='word_1_108' title='bbox 646 1524 856 1599; x_wconf 62' lang='grc' dir='ltr'>φωνήν*</span> <span class='ocrx_word' id='word_1_109' title='bbox 915 1522 1173 1589; x_wconf 58' lang='grc' dir='ltr'>τοιαύτην</span> <span class='ocrx_word' id='word_1_110' title='bbox 1254 1522 1543 1597; x_wconf 71' lang='grc' dir='ltr'>ἀπόκρισιν</span> <span class='ocrx_word' id='word_1_111' title='bbox 1632 1518 1814 1578; x_wconf 71' lang='grc' dir='ltr'>έδίδου</span> <span class='ocrx_word' id='word_1_112' title='bbox 1890 1523 1956 1579; x_wconf 69' lang='grc' dir='ltr'><strong>τά</strong></span> 
     </span>
    </p>
   </div>
   <div class='ocr_carea' id='block_1_17' title="bbox 288 1604 1950 1687">
    <p class='ocr_par' dir='ltr' id='par_1_17' title="bbox 288 1604 1950 1687">
     <span class='ocr_line' id='line_1_17' title="bbox 288 1604 1950 1687; baseline 0.001 -22"><span class='ocrx_word' id='word_1_113' title='bbox 288 1604 596 1684; x_wconf 69' lang='grc' dir='ltr'>σ’δμϐἑντα,</span> <span class='ocrx_word' id='word_1_114' title='bbox 656 1611 740 1665; x_wconf 78' lang='grc' dir='ltr'><strong>ὅτι</strong></span> <span class='ocrx_word' id='word_1_115' title='bbox 802 1611 1225 1685; x_wconf 82' lang='grc' dir='ltr'>ἀποθανούμεθα</span> <span class='ocrx_word' id='word_1_116' title='bbox 1264 1613 1502 1673; x_wconf 81' lang='grc' dir='ltr'>πάντως.</span> <span class='ocrx_word' id='word_1_117' title='bbox 1535 1611 1608 1666; x_wconf 75' lang='grc' dir='ltr'>Ού</span> <span class='ocrx_word' id='word_1_118' title='bbox 1642 1613 1749 1685; x_wconf 72' lang='grc' dir='ltr'><strong>μὴν</strong></span> <span class='ocrx_word' id='word_1_119' title='bbox 1785 1609 1950 1687; x_wconf 71' lang='grc' dir='ltr'>μέχαι</span> 
     </span>
    </p>
   </div>
   <div class='ocr_carea' id='block_1_18' title="bbox 289 1697 1950 1777">
    <p class='ocr_par' dir='ltr' id='par_1_18' title="bbox 289 1697 1950 1777">
     <span class='ocr_line' id='line_1_18' title="bbox 289 1697 1950 1777; baseline 0.022 -27"><span class='ocrx_word' id='word_1_120' title='bbox 289 1707 394 1769; x_wconf 73' lang='grc' dir='ltr'>τῆς</span> <span class='ocrx_word' id='word_1_121' title='bbox 426 1700 616 1773; x_wconf 75' lang='grc' dir='ltr'>πείρας</span> <span class='ocrx_word' id='word_1_122' title='bbox 652 1698 807 1770; x_wconf 75' lang='grc' dir='ltr'>ἐξέϐη</span> <span class='ocrx_word' id='word_1_123' title='bbox 866 1705 1049 1762; x_wconf 77' lang='grc' dir='ltr'>τοῦτο,</span> <span class='ocrx_word' id='word_1_124' title='bbox 1120 1699 1269 1757; x_wconf 84' lang='grc' dir='ltr'>ἀλλᾶ</span> <span class='ocrx_word' id='word_1_125' title='bbox 1335 1697 1503 1777; x_wconf 74' lang='grc' dir='ltr'>μέχρι</span> <span class='ocrx_word' id='word_1_126' title='bbox 1539 1707 1641 1770; x_wconf 63' lang='grc' dir='ltr'><strong>τῆς</strong></span> <span class='ocrx_word' id='word_1_127' title='bbox 1695 1701 1950 1763; x_wconf 53' lang='grc' dir='ltr'><strong>ὑπονθὲας</strong></span> 
     </span>
    </p>
   </div>
   <div class='ocr_carea' id='block_1_19' title="bbox 298 1782 1948 1866">
    <p class='ocr_par' dir='ltr' id='par_1_19' title="bbox 298 1782 1948 1866">
     <span class='ocr_line' id='line_1_19' title="bbox 298 1782 1948 1866; baseline -0.001 -22"><span class='ocrx_word' id='word_1_128' title='bbox 298 1782 430 1859; x_wconf 67' lang='grc' dir='ltr'>ἵστη</span> <span class='ocrx_word' id='word_1_129' title='bbox 494 1797 593 1857; x_wconf 74' lang='grc' dir='ltr'><strong>τῆς</strong></span> <span class='ocrx_word' id='word_1_130' title='bbox 651 1790 945 1864; x_wconf 78' lang='grc' dir='ltr'>ἡμετέρας.</span> <span class='ocrx_word' id='word_1_131' title='bbox 1007 1789 1069 1845; x_wconf 87' lang='grc' dir='ltr'><strong>Ἦ</strong></span> <span class='ocrx_word' id='word_1_132' title='bbox 1131 1790 1226 1862; x_wconf 77' lang='grc' dir='ltr'>μὲν</span> <span class='ocrx_word' id='word_1_133' title='bbox 1282 1792 1382 1866; x_wconf 72' lang='grc' dir='ltr'><strong>γάρ</strong></span> <span class='ocrx_word' id='word_1_134' title='bbox 1443 1793 1550 1845; x_wconf 84' lang='grc' dir='ltr'>τῶν</span> <span class='ocrx_word' id='word_1_135' title='bbox 1614 1791 1948 1865; x_wconf 77' lang='grc' dir='ltr'>πραγμάτων</span> 
     </span>
    </p>
   </div>
   <div class='ocr_carea' id='block_1_20' title="bbox 292 1876 1950 1956">
    <p class='ocr_par' dir='ltr' id='par_1_20' title="bbox 292 1876 1950 1956">
     <span class='ocr_line' id='line_1_20' title="bbox 292 1876 1950 1956; baseline 0.001 -25"><span class='ocrx_word' id='word_1_136' title='bbox 292 1877 456 1956; x_wconf 80' lang='grc' dir='ltr'>φύσις</span> <span class='ocrx_word' id='word_1_137' title='bbox 512 1882 670 1934; x_wconf 85' lang='grc' dir='ltr'>τοῦτο</span> <span class='ocrx_word' id='word_1_138' title='bbox 738 1879 1073 1956; x_wconf 71' lang='grc' dir='ltr'>ἀπεφήνατο,</span> <span class='ocrx_word' id='word_1_139' title='bbox 1135 1882 1170 1950; x_wconf 80' lang='grc' dir='ltr'><strong>ἡ</strong></span> <span class='ocrx_word' id='word_1_140' title='bbox 1230 1876 1288 1935; x_wconf 73' lang='grc' dir='ltr'>δὲ</span> <span class='ocrx_word' id='word_1_141' title='bbox 1342 1883 1440 1935; x_wconf 86' lang='grc' dir='ltr'><strong>τοῦ</strong></span> <span class='ocrx_word' id='word_1_142' title='bbox 1512 1883 1647 1936; x_wconf 90' lang='grc' dir='ltr'>Θεοῦ</span> <span class='ocrx_word' id='word_1_143' title='bbox 1724 1877 1950 1955; x_wconf 78' lang='grc' dir='ltr'>δύναμις</span> 
     </span>
    </p>
   </div>
   <div class='ocr_carea' id='block_1_21' title="bbox 285 1964 1952 2047">
    <p class='ocr_par' dir='ltr' id='par_1_21' title="bbox 285 1964 1952 2047">
     <span class='ocr_line' id='line_1_21' title="bbox 285 1964 1952 2047; baseline 0.001 -24"><span class='ocrx_word' id='word_1_144' title='bbox 285 1968 396 2023; x_wconf 77' lang='grc' dir='ltr'><strong>οὐκ</strong></span> <span class='ocrx_word' id='word_1_145' title='bbox 425 1968 598 2045; x_wconf 74' lang='grc' dir='ltr'>ἀφῆκε</span> <span class='ocrx_word' id='word_1_146' title='bbox 634 1971 735 2039; x_wconf 76' lang='grc' dir='ltr'><strong>τήν</strong></span> <span class='ocrx_word' id='word_1_147' title='bbox 770 1971 1069 2047; x_wconf 63' lang='grc' dir='ltr'>ἀπόιρανσιν</span> <span class='ocrx_word' id='word_1_148' title='bbox 1131 1966 1207 2031; x_wconf 79' lang='grc' dir='ltr'><strong>είς</strong></span> <span class='ocrx_word' id='word_1_149' title='bbox 1264 1964 1424 2044; x_wconf 82' lang='grc' dir='ltr'>ἔργον</span> <span class='ocrx_word' id='word_1_150' title='bbox 1482 1967 1684 2040; x_wconf 71' lang='grc' dir='ltr'>ἐλθεῖν,</span> <span class='ocrx_word' id='word_1_151' title='bbox 1743 1968 1870 2026; x_wconf 85' lang='grc' dir='ltr'>ἀλλ’</span> <span class='ocrx_word' id='word_1_152' title='bbox 1899 1969 1952 2024; x_wconf 79' lang='grc' dir='ltr'>ἐν</span> 
     </span>
    </p>
   </div>
   <div class='ocr_carea' id='block_1_22' title="bbox 277 2053 1955 2139">
    <p class='ocr_par' dir='ltr' id='par_1_22' title="bbox 277 2053 1955 2139">
     <span class='ocr_line' id='line_1_22' title="bbox 277 2053 1955 2139; baseline 0 -27"><span class='ocrx_word' id='word_1_153' title='bbox 277 2060 350 2131; x_wconf 80' lang='grc' dir='ltr'><strong>τῇ</strong></span> <span class='ocrx_word' id='word_1_154' title='bbox 384 2054 595 2128; x_wconf 67' lang='grc' dir='ltr'>διανοίᾳ</span> <span class='ocrx_word' id='word_1_155' title='bbox 623 2059 788 2129; x_wconf 80' lang='grc' dir='ltr'>ἡμῶν</span> <span class='ocrx_word' id='word_1_156' title='bbox 820 2061 984 2113; x_wconf 88' lang='grc' dir='ltr'>τοῦτο</span> <span class='ocrx_word' id='word_1_157' title='bbox 1018 2053 1297 2132; x_wconf 74' lang='grc' dir='ltr'>συμϐῆναι</span> <span class='ocrx_word' id='word_1_158' title='bbox 1363 2061 1735 2139; x_wconf 85' lang='grc' dir='ltr'>συνεχώρησε.</span> <span class='ocrx_word' id='word_1_159' title='bbox 1780 2080 1802 2109; x_wconf 78' lang='grc' dir='ltr'>ι</span> <span class='ocrx_word' id='word_1_160' title='bbox 1861 2066 1955 2119; x_wconf 85' lang='grc' dir='ltr'><strong>Διὸ</strong></span> 
     </span>
    </p>
   </div>
   <div class='ocr_carea' id='block_1_23' title="bbox 280 2144 1952 2227">
    <p class='ocr_par' dir='ltr' id='par_1_23' title="bbox 280 2144 1952 2227">
     <span class='ocr_line' id='line_1_23' title="bbox 280 2144 1952 2227; baseline -0.001 -25"><span class='ocrx_word' id='word_1_161' title='bbox 280 2147 374 2202; x_wconf 74' lang='grc' dir='ltr'><strong>καὶ</strong></span> <span class='ocrx_word' id='word_1_162' title='bbox 435 2144 486 2200; x_wconf 75' lang='grc' dir='ltr'>ἐν</span> <span class='ocrx_word' id='word_1_163' title='bbox 548 2146 784 2216; x_wconf 75' lang='grc' dir='ltr'>ἑαυτοῖς,</span> <span class='ocrx_word' id='word_1_164' title='bbox 853 2145 1010 2227; x_wconf 69' lang='grc' dir='ltr'>φησῖ,</span> <span class='ocrx_word' id='word_1_165' title='bbox 1068 2148 1131 2203; x_wconf 87' lang='grc' dir='ltr'><strong>τὸ</strong></span> <span class='ocrx_word' id='word_1_166' title='bbox 1185 2146 1473 2222; x_wconf 80' lang='grc' dir='ltr'>ἀπόκριμα</span> <span class='ocrx_word' id='word_1_167' title='bbox 1543 2153 1641 2204; x_wconf 90' lang='grc' dir='ltr'><strong>τοῦ</strong></span> <span class='ocrx_word' id='word_1_168' title='bbox 1727 2147 1952 2203; x_wconf 81' lang='grc' dir='ltr'>θανάτου</span> 
     </span>
    </p>
   </div>
   <div class='ocr_carea' id='block_1_24' title="bbox 282 2234 1953 2313">
    <p class='ocr_par' dir='ltr' id='par_1_24' title="bbox 282 2234 1953 2313">
     <span class='ocr_line' id='line_1_24' title="bbox 282 2234 1953 2313; baseline -0.001 -21"><span class='ocrx_word' id='word_1_169' title='bbox 282 2237 627 2311; x_wconf 62' lang='grc' dir='ltr'>ἐσχήκαμεν.</span> <span class='ocrx_word' id='word_1_170' title='bbox 664 2260 692 2287; x_wconf 86' lang='grc'><strong>››</strong></span> <span class='ocrx_word' id='word_1_171' title='bbox 759 2237 966 2312; x_wconf 83' lang='grc' dir='ltr'>Ὥσπερ</span> <span class='ocrx_word' id='word_1_172' title='bbox 1025 2234 1283 2313; x_wconf 79' lang='grc' dir='ltr'>λέγομεν,</span> <span class='ocrx_word' id='word_1_173' title='bbox 1343 2236 1641 2312; x_wconf 78' lang='grc' dir='ltr'>Ἀπεκρίθη</span> <span class='ocrx_word' id='word_1_174' title='bbox 1702 2238 1737 2307; x_wconf 81' lang='grc' dir='ltr'><strong>ἡ</strong></span> <span class='ocrx_word' id='word_1_175' title='bbox 1795 2236 1953 2298; x_wconf 80' lang='grc' dir='ltr'>νόσος</span> 
     </span>
    </p>
   </div>
   <div class='ocr_carea' id='block_1_25' title="bbox 278 2325 1950 2402">
    <p class='ocr_par' dir='ltr' id='par_1_25' title="bbox 278 2325 1950 2402">
     <span class='ocr_line' id='line_1_25' title="bbox 278 2325 1950 2402; baseline 0.002 -21"><span class='ocrx_word' id='word_1_176' title='bbox 278 2326 359 2390; x_wconf 85' lang='grc' dir='ltr'>εἷς</span> <span class='ocrx_word' id='word_1_177' title='bbox 417 2325 645 2402; x_wconf 80' lang='grc' dir='ltr'>ὑγίειαν,</span> <span class='ocrx_word' id='word_1_178' title='bbox 705 2325 741 2396; x_wconf 72' lang='grc' dir='ltr'><strong>ἢ</strong></span> <span class='ocrx_word' id='word_1_179' title='bbox 825 2325 1091 2402; x_wconf 83' lang='grc' dir='ltr'>ἀπεκρίθη</span> <span class='ocrx_word' id='word_1_180' title='bbox 1178 2327 1255 2390; x_wconf 86' lang='grc' dir='ltr'>εἷς</span> <span class='ocrx_word' id='word_1_181' title='bbox 1338 2327 1590 2399; x_wconf 85' lang='grc' dir='ltr'>θάνατον,</span> <span class='ocrx_word' id='word_1_182' title='bbox 1648 2331 1950 2398; x_wconf 78' lang='grc' dir='ltr'>τουτέστιν,</span> 
     </span>
    </p>
   </div>
   <div class='ocr_carea' id='block_1_26' title="bbox 283 2412 1948 2491">
    <p class='ocr_par' dir='ltr' id='par_1_26' title="bbox 283 2412 1948 2491">
     <span class='ocr_line' id='line_1_26' title="bbox 283 2412 1948 2491; baseline 0.002 -20"><span class='ocrx_word' id='word_1_183' title='bbox 283 2412 468 2491; x_wconf 68' lang='grc' dir='ltr'>ἐξέϐη,</span> <span class='ocrx_word' id='word_1_184' title='bbox 563 2414 842 2487; x_wconf 79' lang='grc' dir='ltr'>ἐτελέσθη,</span> <span class='ocrx_word' id='word_1_185' title='bbox 929 2417 1376 2489; x_wconf 75' lang='grc' dir='ltr'>ἀπετελεύτησεν·</span> <span class='ocrx_word' id='word_1_186' title='bbox 1465 2418 1639 2481; x_wconf 69' lang='grc' dir='ltr'>οὕτως</span> <span class='ocrx_word' id='word_1_187' title='bbox 1696 2419 1787 2475; x_wconf 82' lang='grc' dir='ltr'>καὶ</span> <span class='ocrx_word' id='word_1_188' title='bbox 1840 2423 1948 2475; x_wconf 91' lang='grc' dir='ltr'>νῦν.</span> 
     </span>
    </p>
   </div>
   <div class='ocr_carea' id='block_1_27' title="bbox 282 2506 1949 2585">
    <p class='ocr_par' dir='ltr' id='par_1_27' title="bbox 282 2506 1949 2585">
     <span class='ocr_line' id='line_1_27' title="bbox 282 2506 1949 2585; baseline 0.004 -26"><span class='ocrx_word' id='word_1_189' title='bbox 282 2531 312 2559; x_wconf 89' lang='grc'><strong>‹‹</strong></span> <span class='ocrx_word' id='word_1_190' title='bbox 351 2507 667 2580; x_wconf 75' lang='grc' dir='ltr'>Ἀπόκριμα</span> <span class='ocrx_word' id='word_1_191' title='bbox 723 2506 979 2575; x_wconf 77' lang='grc' dir='ltr'>θανάτου,</span> <span class='ocrx_word' id='word_1_192' title='bbox 1017 2530 1043 2558; x_wconf 76' lang='grc' dir='ltr'><strong>υ</strong></span> <span class='ocrx_word' id='word_1_193' title='bbox 1103 2507 1166 2561; x_wconf 84' lang='grc' dir='ltr'>τὸ</span> <span class='ocrx_word' id='word_1_194' title='bbox 1220 2507 1382 2569; x_wconf 76' lang='grc' dir='ltr'>τέλος</span> <span class='ocrx_word' id='word_1_195' title='bbox 1428 2507 1597 2564; x_wconf 84' lang='grc' dir='ltr'>αὐτοῦ</span> <span class='ocrx_word' id='word_1_196' title='bbox 1657 2511 1769 2585; x_wconf 77' lang='grc' dir='ltr'><strong>χρὴ</strong></span> <span class='ocrx_word' id='word_1_197' title='bbox 1809 2515 1949 2565; x_wconf 90' lang='grc' dir='ltr'>νοεῖν</span> 
     </span>
    </p>
   </div>
   <div class='ocr_carea' id='block_1_28' title="bbox 284 2589 1947 2676">
    <p class='ocr_par' dir='ltr' id='par_1_28' title="bbox 284 2589 1947 2676">
     <span class='ocr_line' id='line_1_28' title="bbox 284 2589 1947 2676; baseline 0.001 -25"><span class='ocrx_word' id='word_1_198' title='bbox 284 2596 377 2651; x_wconf 72' lang='grc' dir='ltr'><strong>καὶ</strong></span> <span class='ocrx_word' id='word_1_199' title='bbox 437 2596 537 2662; x_wconf 73' lang='grc' dir='ltr'><strong>τήν</strong></span> <span class='ocrx_word' id='word_1_200' title='bbox 597 2589 841 2653; x_wconf 64' lang='grc' dir='ltr'>ἔκϐασν.</span> <span class='ocrx_word' id='word_1_201' title='bbox 939 2629 991 2639; x_wconf 94' lang='grc'><strong>-</strong></span> <span class='ocrx_word' id='word_1_202' title='bbox 1081 2598 1295 2671; x_wconf 39' lang='grc' dir='ltr'><strong>[ΦΩΤη]</strong></span> <span class='ocrx_word' id='word_1_203' title='bbox 1352 2597 1740 2673; x_wconf 68' lang='grc' dir='ltr'>Ἢπορηθημεν</span> <span class='ocrx_word' id='word_1_204' title='bbox 1822 2599 1947 2676; x_wconf 76' lang='grc' dir='ltr'>γὰρ,</span> 
     </span>
    </p>
   </div>
   <div class='ocr_carea' id='block_1_29' title="bbox 284 2684 1948 2765">
    <p class='ocr_par' dir='ltr' id='par_1_29' title="bbox 284 2684 1948 2765">
     <span class='ocr_line' id='line_1_29' title="bbox 284 2684 1948 2765; baseline 0.001 -25"><span class='ocrx_word' id='word_1_205' title='bbox 284 2685 440 2765; x_wconf 67' lang='grc' dir='ltr'>φησὶ,</span> <span class='ocrx_word' id='word_1_206' title='bbox 475 2688 572 2739; x_wconf 85' lang='grc' dir='ltr'><strong>τοῦ</strong></span> <span class='ocrx_word' id='word_1_207' title='bbox 602 2688 723 2757; x_wconf 75' lang='grc' dir='ltr'>ζῇν,</span> <span class='ocrx_word' id='word_1_208' title='bbox 777 2684 869 2740; x_wconf 80' lang='grc' dir='ltr'><strong>καὶ</strong></span> <span class='ocrx_word' id='word_1_209' title='bbox 932 2686 1067 2760; x_wconf 82' lang='grc' dir='ltr'><strong>μετά</strong></span> <span class='ocrx_word' id='word_1_210' title='bbox 1121 2690 1231 2741; x_wconf 83' lang='grc' dir='ltr'><strong>τῶν</strong></span> <span class='ocrx_word' id='word_1_211' title='bbox 1290 2692 1496 2763; x_wconf 81' lang='grc' dir='ltr'>νεκρῶν</span> <span class='ocrx_word' id='word_1_212' title='bbox 1559 2687 1948 2763; x_wconf 73' lang='grc' dir='ltr'>ἐΛογίσθημεν,</span> 
     </span>
    </p>
   </div>
   <div class='ocr_carea' id='block_1_30' title="bbox 279 2774 1945 2860">
    <p class='ocr_par' dir='ltr' id='par_1_30' title="bbox 279 2774 1945 2860">
     <span class='ocr_line' id='line_1_30' title="bbox 279 2774 1945 2860; baseline 0.001 -28"><span class='ocrx_word' id='word_1_213' title='bbox 279 2778 391 2853; x_wconf 80' lang='grc' dir='ltr'>οὐχ</span> <span class='ocrx_word' id='word_1_214' title='bbox 425 2776 511 2853; x_wconf 67' lang='grc' dir='ltr'><strong>ὑφ’</strong></span> <span class='ocrx_word' id='word_1_215' title='bbox 547 2774 769 2851; x_wconf 81' lang='grc' dir='ltr'>ἐτέρων,</span> <span class='ocrx_word' id='word_1_216' title='bbox 812 2774 941 2832; x_wconf 85' lang='grc' dir='ltr'>ἀλλ’</span> <span class='ocrx_word' id='word_1_217' title='bbox 998 2777 1162 2833; x_wconf 77' lang='grc' dir='ltr'>αὐτοὶ</span> <span class='ocrx_word' id='word_1_218' title='bbox 1222 2779 1274 2834; x_wconf 67' lang='grc' dir='ltr'>ἒν</span> <span class='ocrx_word' id='word_1_219' title='bbox 1330 2779 1544 2843; x_wconf 72' lang='grc' dir='ltr'>ἑαυτοῖς</span> <span class='ocrx_word' id='word_1_220' title='bbox 1595 2780 1658 2835; x_wconf 89' lang='grc' dir='ltr'>τὸ</span> <span class='ocrx_word' id='word_1_221' title='bbox 1715 2774 1945 2860; x_wconf 79' lang='grc' dir='ltr'>ἔσχατον</span> 
     </span>
    </p>
   </div>
   <div class='ocr_carea' id='block_1_31' title="bbox 277 2864 1949 2944">
    <p class='ocr_par' dir='ltr' id='par_1_31' title="bbox 277 2864 1949 2944">
     <span class='ocr_line' id='line_1_31' title="bbox 277 2864 1949 2944; baseline 0.002 -23"><span class='ocrx_word' id='word_1_222' title='bbox 277 2866 369 2921; x_wconf 74' lang='grc' dir='ltr'><strong>καὶ</strong></span> <span class='ocrx_word' id='word_1_223' title='bbox 455 2867 518 2920; x_wconf 81' lang='grc' dir='ltr'>τὸ</span> <span class='ocrx_word' id='word_1_224' title='bbox 576 2864 739 2926; x_wconf 88' lang='grc' dir='ltr'>τέλος</span> <span class='ocrx_word' id='word_1_225' title='bbox 790 2870 889 2921; x_wconf 88' lang='grc' dir='ltr'><strong>τοῦ</strong></span> <span class='ocrx_word' id='word_1_226' title='bbox 949 2866 1181 2930; x_wconf 79' lang='grc' dir='ltr'>θανάτου</span> <span class='ocrx_word' id='word_1_227' title='bbox 1268 2866 1578 2932; x_wconf 80' lang='grc' dir='ltr'>κατιδόντες</span> <span class='ocrx_word' id='word_1_228' title='bbox 1636 2870 1726 2923; x_wconf 90' lang='grc' dir='ltr'>καὶ</span> <span class='ocrx_word' id='word_1_229' title='bbox 1786 2868 1949 2944; x_wconf 87' lang='grc' dir='ltr'>λογι-</span> 
     </span>
    </p>
   </div>
   <div class='ocr_carea' id='block_1_32' title="bbox 274 2951 1944 3035">
    <p class='ocr_par' dir='ltr' id='par_1_32' title="bbox 274 2951 1944 3035">
     <span class='ocr_line' id='line_1_32' title="bbox 274 2951 1944 3035; baseline 0.002 -24"><span class='ocrx_word' id='word_1_230' title='bbox 274 2955 522 3029; x_wconf 77' lang='grc' dir='ltr'>σάμενοι.</span> <span class='ocrx_word' id='word_1_231' title='bbox 582 2956 647 3010; x_wconf 74' lang='grc' dir='ltr'>ὐ</span> <span class='ocrx_word' id='word_1_232' title='bbox 702 2951 759 3010; x_wconf 78' lang='grc' dir='ltr'>δὲ</span> <span class='ocrx_word' id='word_1_233' title='bbox 837 2953 963 3011; x_wconf 75' lang='grc' dir='ltr'>οὐδὲ</span> <span class='ocrx_word' id='word_1_234' title='bbox 1021 2955 1445 3029; x_wconf 79' lang='grc' dir='ltr'>Ἐλογισάμεθα,</span> <span class='ocrx_word' id='word_1_235' title='bbox 1529 2960 1717 3035; x_wconf 75' lang='grc' dir='ltr'>φησὶν,</span> <span class='ocrx_word' id='word_1_236' title='bbox 1796 2958 1944 3027; x_wconf 80' lang='grc' dir='ltr'>ἁλλ’,</span> 
     </span>
    </p>
   </div>
   <div class='ocr_carea' id='block_1_33' title="bbox 276 3041 1945 3122">
    <p class='ocr_par' dir='ltr' id='par_1_33' title="bbox 276 3041 1945 3122">
     <span class='ocr_line' id='line_1_33' title="bbox 276 3041 1945 3122; baseline 0.003 -24"><span class='ocrx_word' id='word_1_237' title='bbox 276 3047 718 3119; x_wconf 61' lang='grc' dir='ltr'>«Ὶεσχήγαμεν,</span> <span class='ocrx_word' id='word_1_238' title='bbox 765 3068 793 3097; x_wconf 84' lang='grc'><strong>››</strong></span> <span class='ocrx_word' id='word_1_239' title='bbox 851 3045 912 3099; x_wconf 86' lang='grc' dir='ltr'>τὸ</span> <span class='ocrx_word' id='word_1_240' title='bbox 975 3041 1360 3122; x_wconf 71' lang='grc' dir='ltr'>ἀναμφίϐολον</span> <span class='ocrx_word' id='word_1_241' title='bbox 1410 3050 1508 3101; x_wconf 89' lang='grc' dir='ltr'><strong>τοῦ</strong></span> <span class='ocrx_word' id='word_1_242' title='bbox 1568 3048 1795 3103; x_wconf 84' lang='grc' dir='ltr'>θανάτου</span> <span class='ocrx_word' id='word_1_243' title='bbox 1853 3049 1945 3103; x_wconf 86' lang='grc' dir='ltr'><strong>καὶ</strong></span> 
     </span>
    </p>
   </div>
   <div class='ocr_carea' id='block_1_34' title="bbox 273 3131 1945 3211">
    <p class='ocr_par' dir='ltr' id='par_1_34' title="bbox 273 3131 1945 3211">
     <span class='ocr_line' id='line_1_34' title="bbox 273 3131 1945 3211; baseline 0.001 -21"><span class='ocrx_word' id='word_1_244' title='bbox 273 3136 616 3208; x_wconf 66' lang='grc' dir='ltr'>παρεστηκώς</span> <span class='ocrx_word' id='word_1_245' title='bbox 679 3131 1110 3208; x_wconf 74' lang='grc' dir='ltr'>ἐνδεικνύμενος.</span> <span class='ocrx_word' id='word_1_246' title='bbox 1184 3134 1374 3199; x_wconf 67' lang='grc' dir='ltr'>Οὕτως</span> <span class='ocrx_word' id='word_1_247' title='bbox 1430 3137 1499 3206; x_wconf 78' lang='grc' dir='ltr'>ἦν</span> <span class='ocrx_word' id='word_1_248' title='bbox 1577 3135 1766 3211; x_wconf 79' lang='grc' dir='ltr'>θλίψις</span> <span class='ocrx_word' id='word_1_249' title='bbox 1824 3142 1945 3201; x_wconf 84' lang='grc' dir='ltr'>καθ’</span> 
     </span>
    </p>
   </div>
   <div class='ocr_carea' id='block_1_35' title="bbox 280 3220 1940 3300">
    <p class='ocr_par' dir='ltr' id='par_1_35' title="bbox 280 3220 1940 3300">
     <span class='ocr_line' id='line_1_35' title="bbox 280 3220 1940 3300; baseline 0.001 -20"><span class='ocrx_word' id='word_1_250' title='bbox 280 3220 593 3299; x_wconf 63' lang='grc' dir='ltr'>ὑπερϐολὴν</span> <span class='ocrx_word' id='word_1_251' title='bbox 628 3225 759 3300; x_wconf 66' lang='grc' dir='ltr'>ὑπὲρ</span> <span class='ocrx_word' id='word_1_252' title='bbox 793 3222 1049 3299; x_wconf 84' lang='grc' dir='ltr'>δύναμιν,</span> <span class='ocrx_word' id='word_1_253' title='bbox 1081 3223 1225 3282; x_wconf 82' lang='grc' dir='ltr'>ὥστε</span> <span class='ocrx_word' id='word_1_254' title='bbox 1274 3227 1303 3281; x_wconf 84' lang='grc' dir='ltr'>ὁ</span> <span class='ocrx_word' id='word_1_255' title='bbox 1360 3225 1579 3289; x_wconf 73' lang='grc' dir='ltr'>[Σαῦλος</span> <span class='ocrx_word' id='word_1_256' title='bbox 1607 3224 1717 3299; x_wconf 78' lang='grc' dir='ltr'>ἢδη</span> <span class='ocrx_word' id='word_1_257' title='bbox 1750 3230 1940 3300; x_wconf 76' lang='grc' dir='ltr'>τεθνη-</span> 
     </span>
    </p>
   </div>
   <div class='ocr_carea' id='block_1_36' title="bbox 279 3311 1938 3391">
    <p class='ocr_par' dir='ltr' id='par_1_36' title="bbox 279 3311 1938 3391">
     <span class='ocr_line' id='line_1_36' title="bbox 279 3311 1938 3391; baseline 0.004 -24"><span class='ocrx_word' id='word_1_258' title='bbox 279 3311 391 3373; x_wconf 85' lang='grc' dir='ltr'>κὼς</span> <span class='ocrx_word' id='word_1_259' title='bbox 414 3311 502 3382; x_wconf 72' lang='grc' dir='ltr'><strong>ἦν,</strong></span> <span class='ocrx_word' id='word_1_260' title='bbox 555 3311 676 3367; x_wconf 74' lang='grc' dir='ltr'>ὅσον</span> <span class='ocrx_word' id='word_1_261' title='bbox 725 3316 795 3387; x_wconf 81' lang='grc' dir='ltr'><strong>τῇ</strong></span> <span class='ocrx_word' id='word_1_262' title='bbox 861 3311 1090 3387; x_wconf 76' lang='grc' dir='ltr'>δυνάμει</span> <span class='ocrx_word' id='word_1_263' title='bbox 1154 3313 1339 3372; x_wconf 79' lang='grc' dir='ltr'>αὐτοῦ.</span> <span class='ocrx_word' id='word_1_264' title='bbox 1401 3313 1696 3391; x_wconf 31' lang='grc' dir='ltr'>Γέγονενδὲ</span> <span class='ocrx_word' id='word_1_265' title='bbox 1753 3321 1938 3385; x_wconf 89' lang='grc' dir='ltr'>τοῦτο,</span> 
     </span>
    </p>
   </div>
   <div class='ocr_carea' id='block_1_37' title="bbox 273 3402 1940 3482">
    <p class='ocr_par' dir='ltr' id='par_1_37' title="bbox 273 3402 1940 3482">
     <span class='ocr_line' id='line_1_37' title="bbox 273 3402 1940 3482; baseline 0.003 -25"><span class='ocrx_word' id='word_1_266' title='bbox 273 3403 428 3481; x_wconf 74' lang='grc' dir='ltr'>φησῖ,</span> <span class='ocrx_word' id='word_1_267' title='bbox 488 3402 575 3459; x_wconf 75' lang='grc' dir='ltr'><strong>καὶ</strong></span> <span class='ocrx_word' id='word_1_268' title='bbox 633 3407 760 3481; x_wconf 84' lang='grc' dir='ltr'>παρ’</span> <span class='ocrx_word' id='word_1_269' title='bbox 817 3403 1048 3467; x_wconf 72' lang='grc' dir='ltr'>ἱλπίδας</span> <span class='ocrx_word' id='word_1_270' title='bbox 1108 3406 1412 3479; x_wconf 70' lang='grc' dir='ltr'>ἱζήσαμεν,</span> <span class='ocrx_word' id='word_1_271' title='bbox 1478 3403 1566 3461; x_wconf 65' lang='grc' dir='ltr'><strong>ἵνα</strong></span> <span class='ocrx_word' id='word_1_272' title='bbox 1634 3406 1685 3462; x_wconf 74' lang='grc' dir='ltr'>ἐν</span> <span class='ocrx_word' id='word_1_273' title='bbox 1749 3404 1940 3482; x_wconf 81' lang='grc' dir='ltr'>μηδενὶ</span> 
     </span>
    </p>
   </div>
   <div class='ocr_carea' id='block_1_38' title="bbox 271 3490 1938 3569">
    <p class='ocr_par' dir='ltr' id='par_1_38' title="bbox 271 3490 1938 3569">
     <span class='ocr_line' id='line_1_38' title="bbox 271 3490 1938 3569; baseline 0.003 -22"><span class='ocrx_word' id='word_1_274' title='bbox 271 3490 420 3563; x_wconf 81' lang='grc' dir='ltr'>ὦμεν</span> <span class='ocrx_word' id='word_1_275' title='bbox 448 3490 845 3569; x_wconf 63' lang='grc' dir='ltr'>τεθαρρηκότες</span> <span class='ocrx_word' id='word_1_276' title='bbox 903 3493 1146 3565; x_wconf 66' lang='grc' dir='ltr'>ἑαυτοῖς,</span> <span class='ocrx_word' id='word_1_277' title='bbox 1204 3492 1335 3550; x_wconf 88' lang='grc' dir='ltr'>ἀλλ’</span> <span class='ocrx_word' id='word_1_278' title='bbox 1389 3492 1481 3550; x_wconf 71' lang='grc' dir='ltr'>ἰπὶ</span> <span class='ocrx_word' id='word_1_279' title='bbox 1546 3499 1626 3566; x_wconf 81' lang='grc' dir='ltr'><strong>τῷ</strong></span> <span class='ocrx_word' id='word_1_280' title='bbox 1682 3499 1801 3568; x_wconf 82' lang='grc' dir='ltr'>Θεῷ</span> <span class='ocrx_word' id='word_1_281' title='bbox 1857 3499 1938 3568; x_wconf 77' lang='grc' dir='ltr'>τῷ</span> 
     </span>
    </p>
   </div>
   <div class='ocr_carea' id='block_1_39' title="bbox 270 3578 965 3657">
    <p class='ocr_par' dir='ltr' id='par_1_39' title="bbox 270 3578 965 3657">
     <span class='ocr_line' id='line_1_39' title="bbox 270 3578 965 3657; baseline 0 -21"><span class='ocrx_word' id='word_1_282' title='bbox 270 3578 538 3655; x_wconf 69' lang='grc' dir='ltr'>ἀγείροντι</span> <span class='ocrx_word' id='word_1_283' title='bbox 564 3583 692 3644; x_wconf 80' lang='grc' dir='ltr'>τοὺς</span> <span class='ocrx_word' id='word_1_284' title='bbox 717 3583 965 3657; x_wconf 83' lang='grc' dir='ltr'>νεκρούς,</span> 
     </span>
    </p>
   </div>
   <div class='ocr_carea' id='block_1_40' title="bbox 2070 633 3727 709">
    <p class='ocr_par' dir='ltr' id='par_1_40' title="bbox 2070 633 3727 709">
     <span class='ocr_line' id='line_1_40' title="bbox 2070 633 3727 709; baseline 0.004 -22"><span class='ocrx_word' id='word_1_285' title='bbox 2070 648 2181 687; x_wconf 90' lang='lat' dir='ltr'><strong>nos</strong></span> <span class='ocrx_word' id='word_1_286' title='bbox 2212 633 2378 689; x_wconf 89' lang='lat' dir='ltr'><strong>nulla</strong></span> <span class='ocrx_word' id='word_1_287' title='bbox 2407 633 2660 689; x_wconf 87' lang='lat' dir='ltr'><strong>habetur</strong></span> <span class='ocrx_word' id='word_1_288' title='bbox 2690 653 2845 706; x_wconf 85' lang='lat' dir='ltr'><strong>spes,</strong></span> <span class='ocrx_word' id='word_1_289' title='bbox 2880 636 2982 692; x_wconf 90' lang='lat' dir='ltr'><strong>sed</strong></span> <span class='ocrx_word' id='word_1_290' title='bbox 3013 637 3408 709; x_wconf 82' lang='lat' dir='ltr'><strong>impossibilia</strong></span> <span class='ocrx_word' id='word_1_291' title='bbox 3428 638 3727 701; x_wconf 85' lang='lat' dir='ltr'><strong>videntur,</strong></span> 
     </span>
    </p>
   </div>
   <div class='ocr_carea' id='block_1_41' title="bbox 2070 724 3723 795">
    <p class='ocr_par' dir='ltr' id='par_1_41' title="bbox 2070 724 3723 795">
     <span class='ocr_line' id='line_1_41' title="bbox 2070 724 3723 795; baseline 0.004 -18"><span class='ocrx_word' id='word_1_292' title='bbox 2070 738 2139 778; x_wconf 90' lang='lat' dir='ltr'><strong>ea</strong></span> <span class='ocrx_word' id='word_1_293' title='bbox 2171 730 2311 778; x_wconf 90' lang='lat' dir='ltr'><strong>sunt</strong></span> <span class='ocrx_word' id='word_1_294' title='bbox 2341 724 2452 795; x_wconf 86' lang='lat' dir='ltr'><strong>ipsi</strong></span> <span class='ocrx_word' id='word_1_295' title='bbox 2485 724 2813 795; x_wconf 85' lang='lat' dir='ltr'><strong>possibilia,</strong></span> <span class='ocrx_word' id='word_1_296' title='bbox 2846 725 2965 780; x_wconf 90' lang='lat' dir='ltr'><strong>imo</strong></span> <span class='ocrx_word' id='word_1_297' title='bbox 3011 734 3068 780; x_wconf 88' lang='lat' dir='ltr'><strong>et</strong></span> <span class='ocrx_word' id='word_1_298' title='bbox 3124 727 3339 782; x_wconf 84' lang='lat' dir='ltr'><strong>facilia.</strong></span> <span class='ocrx_word' id='word_1_299' title='bbox 3377 728 3492 782; x_wconf 86' lang='lat' dir='ltr'><strong>Hoc</strong></span> <span class='ocrx_word' id='word_1_300' title='bbox 3523 734 3723 783; x_wconf 89' lang='lat' dir='ltr'><strong>autem</strong></span> 
     </span>
    </p>
   </div>
   <div class='ocr_carea' id='block_1_42' title="bbox 2070 812 3724 889">
    <p class='ocr_par' dir='ltr' id='par_1_42' title="bbox 2070 812 3724 889">
     <span class='ocr_line' id='line_1_42' title="bbox 2070 812 3724 889; baseline 0.003 -22"><span class='ocrx_word' id='word_1_301' title='bbox 2070 813 2256 868; x_wconf 89' lang='lat' dir='ltr'><strong>Deum</strong></span> <span class='ocrx_word' id='word_1_302' title='bbox 2307 812 2520 869; x_wconf 86' lang='lat' dir='ltr'><strong>fecisse</strong></span> <span class='ocrx_word' id='word_1_303' title='bbox 2580 813 2742 883; x_wconf 80' lang='lat' dir='ltr'><strong>dicit,</strong></span> <span class='ocrx_word' id='word_1_304' title='bbox 2805 831 2925 869; x_wconf 90' lang='lat' dir='ltr'><strong>non</strong></span> <span class='ocrx_word' id='word_1_305' title='bbox 2975 815 3132 886; x_wconf 81' lang='lat' dir='ltr'><strong>quod</strong></span> <span class='ocrx_word' id='word_1_306' title='bbox 3189 816 3299 886; x_wconf 89' lang='lat' dir='ltr'><strong>ipsi</strong></span> <span class='ocrx_word' id='word_1_307' title='bbox 3352 816 3532 871; x_wconf 87' lang='lat' dir='ltr'><strong>Paulo</strong></span> <span class='ocrx_word' id='word_1_308' title='bbox 3572 833 3724 889; x_wconf 85' lang='lat' dir='ltr'><strong>opus</strong></span> 
     </span>
    </p>
   </div>
   <div class='ocr_carea' id='block_1_43' title="bbox 2071 903 3723 978">
    <p class='ocr_par' dir='ltr' id='par_1_43' title="bbox 2071 903 3723 978">
     <span class='ocr_line' id='line_1_43' title="bbox 2071 903 3723 978; baseline 0.003 -21"><span class='ocrx_word' id='word_1_309' title='bbox 2071 918 2201 958; x_wconf 88' lang='lat' dir='ltr'><strong>esse</strong></span> <span class='ocrx_word' id='word_1_310' title='bbox 2232 903 2345 958; x_wconf 86' lang='lat' dir='ltr'><strong>hoc</strong></span> <span class='ocrx_word' id='word_1_311' title='bbox 2366 903 2596 960; x_wconf 85' lang='lat' dir='ltr'><strong>discere</strong></span> <span class='ocrx_word' id='word_1_312' title='bbox 2640 904 2804 976; x_wconf 93' lang='lat' dir='ltr'><strong>(Quis</strong></span> <span class='ocrx_word' id='word_1_313' title='bbox 2837 905 2997 960; x_wconf 89' lang='lat' dir='ltr'><strong>enim</strong></span> <span class='ocrx_word' id='word_1_314' title='bbox 3028 906 3213 977; x_wconf 77' lang='lat' dir='ltr'><strong>magis</strong></span> <span class='ocrx_word' id='word_1_315' title='bbox 3244 922 3421 976; x_wconf 84' lang='lat' dir='ltr'><strong>quam</strong></span> <span class='ocrx_word' id='word_1_316' title='bbox 3452 907 3578 978; x_wconf 85' lang='lat' dir='ltr'><strong>ipse</strong></span> <span class='ocrx_word' id='word_1_317' title='bbox 3613 924 3723 962; x_wconf 84' lang='lat' dir='ltr'><strong>uo-</strong></span> 
     </span>
    </p>
   </div>
   <div class='ocr_carea' id='block_1_44' title="bbox 2069 992 3724 1066">
    <p class='ocr_par' dir='ltr' id='par_1_44' title="bbox 2069 992 3724 1066">
     <span class='ocr_line' id='line_1_44' title="bbox 2069 992 3724 1066; baseline 0.004 -22"><span class='ocrx_word' id='word_1_318' title='bbox 2069 997 2233 1047; x_wconf 87' lang='lat' dir='ltr'><strong>verat</strong></span> <span class='ocrx_word' id='word_1_319' title='bbox 2262 992 2323 1047; x_wconf 88' lang='lat' dir='ltr'><strong>in</strong></span> <span class='ocrx_word' id='word_1_320' title='bbox 2356 992 2482 1048; x_wconf 92' lang='lat' dir='ltr'><strong>solo</strong></span> <span class='ocrx_word' id='word_1_321' title='bbox 2528 994 2644 1048; x_wconf 88' lang='lat' dir='ltr'><strong>Deo</strong></span> <span class='ocrx_word' id='word_1_322' title='bbox 2678 994 3039 1065; x_wconf 89' lang='lat' dir='ltr'><strong>sperandum</strong></span> <span class='ocrx_word' id='word_1_323' title='bbox 3098 1010 3229 1048; x_wconf 92' lang='lat' dir='ltr'><strong>esse</strong></span> <span class='ocrx_word' id='word_1_324' title='bbox 3258 994 3330 1065; x_wconf 81' lang='lat'><strong>‘?),</strong></span> <span class='ocrx_word' id='word_1_325' title='bbox 3364 994 3465 1049; x_wconf 91' lang='lat' dir='ltr'><strong>sed</strong></span> <span class='ocrx_word' id='word_1_326' title='bbox 3497 1002 3564 1050; x_wconf 93' lang='lat' dir='ltr'><strong>ut</strong></span> <span class='ocrx_word' id='word_1_327' title='bbox 3619 1012 3724 1066; x_wconf 88' lang='lat' dir='ltr'><strong>per</strong></span> 
     </span>
    </p>
   </div>
   <div class='ocr_carea' id='block_1_45' title="bbox 2069 1081 3723 1140">
    <p class='ocr_par' dir='ltr' id='par_1_45' title="bbox 2069 1081 3723 1140">
     <span class='ocr_line' id='line_1_45' title="bbox 2069 1081 3723 1140; baseline 0.003 -5"><span class='ocrx_word' id='word_1_328' title='bbox 2069 1097 2180 1136; x_wconf 90' lang='lat' dir='ltr'><strong>nos</strong></span> <span class='ocrx_word' id='word_1_329' title='bbox 2211 1081 2311 1136; x_wconf 84' lang='lat' dir='ltr'><strong>alii</strong></span> <span class='ocrx_word' id='word_1_330' title='bbox 2334 1081 2447 1137; x_wconf 89' lang='lat' dir='ltr'><strong>hoc</strong></span> <span class='ocrx_word' id='word_1_331' title='bbox 2479 1081 2802 1139; x_wconf 91' lang='lat' dir='ltr'><strong>discerent.</strong></span> <span class='ocrx_word' id='word_1_332' title='bbox 2838 1114 2902 1124; x_wconf 94' lang='lat'><strong>—</strong></span> <span class='ocrx_word' id='word_1_333' title='bbox 2932 1087 3039 1138; x_wconf 80' lang='lat' dir='ltr'><strong>Aut</strong></span> <span class='ocrx_word' id='word_1_334' title='bbox 3068 1083 3170 1138; x_wconf 85' lang='lat' dir='ltr'><strong>hoc</strong></span> <span class='ocrx_word' id='word_1_335' title='bbox 3203 1084 3380 1139; x_wconf 88' lang='lat' dir='ltr'><strong>modo.</strong></span> <span class='ocrx_word' id='word_1_336' title='bbox 3419 1084 3495 1138; x_wconf 78' lang='lat' dir='ltr'><strong>lle</strong></span> <span class='ocrx_word' id='word_1_337' title='bbox 3550 1085 3723 1140; x_wconf 88' lang='lat' dir='ltr'><strong>nobis</strong></span> 
     </span>
    </p>
   </div>
   <div class='ocr_carea' id='block_1_46' title="bbox 2069 1169 3724 1245">
    <p class='ocr_par' dir='ltr' id='par_1_46' title="bbox 2069 1169 3724 1245">
     <span class='ocr_line' id='line_1_46' title="bbox 2069 1169 3724 1245; baseline 0.002 -20"><span class='ocrx_word' id='word_1_338' title='bbox 2069 1169 2216 1242; x_wconf 87' lang='lat' dir='ltr'><strong>ipsis</strong></span> <span class='ocrx_word' id='word_1_339' title='bbox 2248 1171 2500 1227; x_wconf 87' lang='lat' dir='ltr'><strong>omnino</strong></span> <span class='ocrx_word' id='word_1_340' title='bbox 2550 1171 2994 1244; x_wconf 86' lang='lat' dir='ltr'><strong>desperavimus</strong></span> <span class='ocrx_word' id='word_1_341' title='bbox 3024 1177 3091 1228; x_wconf 92' lang='lat' dir='ltr'><strong>ut</strong></span> <span class='ocrx_word' id='word_1_342' title='bbox 3140 1188 3304 1245; x_wconf 85' lang='lat' dir='ltr'><strong>spem</strong></span> <span class='ocrx_word' id='word_1_343' title='bbox 3329 1172 3391 1227; x_wconf 90' lang='lat' dir='ltr'><strong>in</strong></span> <span class='ocrx_word' id='word_1_344' title='bbox 3450 1172 3576 1229; x_wconf 93' lang='lat' dir='ltr'><strong>solo</strong></span> <span class='ocrx_word' id='word_1_345' title='bbox 3609 1173 3724 1229; x_wconf 90' lang='lat' dir='ltr'><strong>Deo</strong></span> 
     </span>
    </p>
   </div>
   <div class='ocr_carea' id='block_1_47' title="bbox 2068 1252 3726 1333">
    <p class='ocr_par' dir='ltr' id='par_1_47' title="bbox 2068 1252 3726 1333">
     <span class='ocr_line' id='line_1_47' title="bbox 2068 1252 3726 1333; baseline 0.002 -20"><span class='ocrx_word' id='word_1_346' title='bbox 2068 1258 2448 1317; x_wconf 83' lang='lat' dir='ltr'><strong>haberemus.</strong></span> <span class='ocrx_word' id='word_1_347' title='bbox 2492 1262 2636 1316; x_wconf 87' lang='lat' dir='ltr'><strong>Nam</strong></span> <span class='ocrx_word' id='word_1_348' title='bbox 2682 1262 2783 1332; x_wconf 88' lang='lat' dir='ltr'><strong>qui</strong></span> <span class='ocrx_word' id='word_1_349' title='bbox 2847 1262 3014 1333; x_wconf 87' lang='lat' dir='ltr'><strong>prius</strong></span> <span class='ocrx_word' id='word_1_350' title='bbox 3071 1260 3143 1316; x_wconf 91' lang='lat' dir='ltr'><strong>de</strong></span> <span class='ocrx_word' id='word_1_351' title='bbox 3179 1262 3377 1333; x_wconf 90' lang='lat' dir='ltr'><strong>seipso</strong></span> <span class='ocrx_word' id='word_1_352' title='bbox 3427 1252 3726 1333; x_wconf 77' lang='lat' dir='ltr'><strong>desperat,</strong></span> 
     </span>
    </p>
   </div>
   <div class='ocr_carea' id='block_1_48' title="bbox 2070 1349 3730 1422">
    <p class='ocr_par' dir='ltr' id='par_1_48' title="bbox 2070 1349 3730 1422">
     <span class='ocr_line' id='line_1_48' title="bbox 2070 1349 3730 1422; baseline 0.002 -19"><span class='ocrx_word' id='word_1_353' title='bbox 2070 1349 2367 1419; x_wconf 92' lang='lat' dir='ltr'><strong>quomodo</strong></span> <span class='ocrx_word' id='word_1_354' title='bbox 2401 1351 2641 1422; x_wconf 85' lang='lat' dir='ltr'><strong>proprio</strong></span> <span class='ocrx_word' id='word_1_355' title='bbox 2675 1351 2928 1406; x_wconf 85' lang='lat' dir='ltr'><strong>consilio</strong></span> <span class='ocrx_word' id='word_1_356' title='bbox 2951 1357 3054 1407; x_wconf 91' lang='lat' dir='ltr'><strong>aut</strong></span> <span class='ocrx_word' id='word_1_357' title='bbox 3074 1350 3286 1405; x_wconf 87' lang='lat' dir='ltr'><strong>virtute</strong></span> <span class='ocrx_word' id='word_1_358' title='bbox 3309 1367 3411 1405; x_wconf 90' lang='lat' dir='ltr'><strong>seu</strong></span> <span class='ocrx_word' id='word_1_359' title='bbox 3434 1350 3730 1407; x_wconf 82' lang='lat' dir='ltr'><strong>defensio-</strong></span> 
     </span>
    </p>
   </div>
   <div class='ocr_carea' id='block_1_49' title="bbox 2066 1438 3728 1512">
    <p class='ocr_par' dir='ltr' id='par_1_49' title="bbox 2066 1438 3728 1512">
     <span class='ocr_line' id='line_1_49' title="bbox 2066 1438 3728 1512; baseline 0.002 -20"><span class='ocrx_word' id='word_1_360' title='bbox 2066 1454 2141 1492; x_wconf 90' lang='lat' dir='ltr'><strong>ne</strong></span> <span class='ocrx_word' id='word_1_361' title='bbox 2173 1438 2400 1492; x_wconf 90' lang='lat' dir='ltr'><strong>salvum</strong></span> <span class='ocrx_word' id='word_1_362' title='bbox 2460 1454 2521 1494; x_wconf 90' lang='lat' dir='ltr'><strong>se</strong></span> <span class='ocrx_word' id='word_1_363' title='bbox 2574 1439 2700 1494; x_wconf 85' lang='lat' dir='ltr'><strong>fore</strong></span> <span class='ocrx_word' id='word_1_364' title='bbox 2756 1439 3074 1512; x_wconf 80' lang='lat' dir='ltr'><strong>sperabit?</strong></span> <span class='ocrx_word' id='word_1_365' title='bbox 3131 1441 3202 1495; x_wconf 90' lang='lat' dir='ltr'><strong>Ut</strong></span> <span class='ocrx_word' id='word_1_366' title='bbox 3246 1455 3619 1510; x_wconf 76' lang='lat' dir='ltr'><strong>consequens</strong></span> <span class='ocrx_word' id='word_1_367' title='bbox 3651 1440 3728 1495; x_wconf 84' lang='lat' dir='ltr'><strong>sit</strong></span> 
     </span>
    </p>
   </div>
   <div class='ocr_carea' id='block_1_50' title="bbox 2065 1526 3716 1598">
    <p class='ocr_par' dir='ltr' id='par_1_50' title="bbox 2065 1526 3716 1598">
     <span class='ocr_line' id='line_1_50' title="bbox 2065 1526 3716 1598; baseline 0.002 -17"><span class='ocrx_word' id='word_1_368' title='bbox 2065 1526 2356 1598; x_wconf 78' lang='lat' dir='ltr'><strong>quidquid</strong></span> <span class='ocrx_word' id='word_1_369' title='bbox 2384 1527 2582 1595; x_wconf 84' lang='lat' dir='ltr'><strong>habet,</strong></span> <span class='ocrx_word' id='word_1_370' title='bbox 2618 1529 2677 1583; x_wconf 89' lang='lat' dir='ltr'><strong>id</strong></span> <span class='ocrx_word' id='word_1_371' title='bbox 2712 1530 2898 1584; x_wconf 86' lang='lat' dir='ltr'><strong>Deum</strong></span> <span class='ocrx_word' id='word_1_372' title='bbox 2932 1529 3189 1584; x_wconf 80' lang='lat' dir='ltr'><strong>dedisse.</strong></span> <span class='ocrx_word' id='word_1_373' title='bbox 3238 1559 3300 1570; x_wconf 91' lang='lat'><em>—</em></span> <span class='ocrx_word' id='word_1_374' title='bbox 3338 1529 3468 1583; x_wconf 83' lang='lat' dir='ltr'><strong>Alio</strong></span> <span class='ocrx_word' id='word_1_375' title='bbox 3518 1530 3716 1585; x_wconf 89' lang='lat' dir='ltr'><strong>modo.</strong></span> 
     </span>
    </p>
   </div>
   <div class='ocr_carea' id='block_1_51' title="bbox 2064 1617 3721 1689">
    <p class='ocr_par' dir='ltr' id='par_1_51' title="bbox 2064 1617 3721 1689">
     <span class='ocr_line' id='line_1_51' title="bbox 2064 1617 3721 1689; baseline 0 -17"><span class='ocrx_word' id='word_1_376' title='bbox 2064 1617 2456 1688; x_wconf 67' lang='lat' dir='ltr'><strong>Responsum,</strong></span> <span class='ocrx_word' id='word_1_377' title='bbox 2496 1617 2552 1672; x_wconf 94' lang='lat' dir='ltr'><strong>id</strong></span> <span class='ocrx_word' id='word_1_378' title='bbox 2585 1624 2692 1681; x_wconf 82' lang='lat' dir='ltr'><strong>est,</strong></span> <span class='ocrx_word' id='word_1_379' title='bbox 2757 1619 3080 1674; x_wconf 89' lang='lat' dir='ltr'><strong>decretum.</strong></span> <span class='ocrx_word' id='word_1_380' title='bbox 3117 1619 3616 1689; x_wconf 73' lang='lat' dir='ltr'><strong>exspectationem</strong></span> <span class='ocrx_word' id='word_1_381' title='bbox 3652 1636 3721 1673; x_wconf 89' lang='lat' dir='ltr'><strong>ac</strong></span> 
     </span>
    </p>
   </div>
   <div class='ocr_carea' id='block_1_52' title="bbox 2054 1705 3719 1779">
    <p class='ocr_par' dir='ltr' id='par_1_52' title="bbox 2054 1705 3719 1779">
     <span class='ocr_line' id='line_1_52' title="bbox 2054 1705 3719 1779; baseline 0.001 -19"><span class='ocrx_word' id='word_1_382' title='bbox 2054 1705 2351 1777; x_wconf 85' lang='lat' dir='ltr'><strong>judicium</strong></span> <span class='ocrx_word' id='word_1_383' title='bbox 2386 1707 2505 1761; x_wconf 83' lang='lat' dir='ltr'><strong>sive</strong></span> <span class='ocrx_word' id='word_1_384' title='bbox 2538 1709 2931 1762; x_wconf 84' lang='lat' dir='ltr'><strong>sententiam:</strong></span> <span class='ocrx_word' id='word_1_385' title='bbox 2966 1707 3309 1779; x_wconf 83' lang='lat' dir='ltr'><strong>hujusmodi</strong></span> <span class='ocrx_word' id='word_1_386' title='bbox 3338 1724 3532 1762; x_wconf 77' lang='lat' dir='ltr'><strong>vocem</strong></span> <span class='ocrx_word' id='word_1_387' title='bbox 3567 1708 3719 1778; x_wconf 84' lang='lat' dir='ltr'><strong>peri-</strong></span> 
     </span>
    </p>
   </div>
   <div class='ocr_carea' id='block_1_53' title="bbox 2062 1795 3717 1867">
    <p class='ocr_par' dir='ltr' id='par_1_53' title="bbox 2062 1795 3717 1867">
     <span class='ocr_line' id='line_1_53' title="bbox 2062 1795 3717 1867; baseline 0.002 -18"><span class='ocrx_word' id='word_1_388' title='bbox 2062 1795 2195 1850; x_wconf 90' lang='lat' dir='ltr'><strong>cula</strong></span> <span class='ocrx_word' id='word_1_389' title='bbox 2226 1796 2600 1861; x_wconf 81' lang='lat' dir='ltr'><strong>emittebant.</strong></span> <span class='ocrx_word' id='word_1_390' title='bbox 2661 1797 3003 1867; x_wconf 80' lang='lat' dir='ltr'><strong>hujusmodi</strong></span> <span class='ocrx_word' id='word_1_391' title='bbox 3037 1798 3598 1852; x_wconf 85' lang='lat' dir='ltr'><strong>condemnationem</strong></span> <span class='ocrx_word' id='word_1_392' title='bbox 3648 1814 3717 1852; x_wconf 89' lang='lat' dir='ltr'><strong>ac</strong></span> 
     </span>
    </p>
   </div>
   <div class='ocr_carea' id='block_1_54' title="bbox 1984 1888 3717 1992">
    <p class='ocr_par' dir='ltr' id='par_1_54' title="bbox 1984 1888 3717 1992">
     <span class='ocr_line' id='line_1_54' title="bbox 1984 1888 3717 1992; baseline 0.002 -49"><span class='ocrx_word' id='word_1_393' title='bbox 1984 1926 2031 1992; x_wconf 78' lang='grc' dir='ltr'><strong>Β</strong></span> <span class='ocrx_word' id='word_1_394' title='bbox 2061 1888 2288 1944; x_wconf 83' lang='lat' dir='ltr'><strong>exitum</strong></span> <span class='ocrx_word' id='word_1_395' title='bbox 2321 1889 2543 1946; x_wconf 87' lang='lat' dir='ltr'><strong>dabant</strong></span> <span class='ocrx_word' id='word_1_396' title='bbox 2571 1906 2640 1946; x_wconf 89' lang='lat' dir='ltr'><strong>ea</strong></span> <span class='ocrx_word' id='word_1_397' title='bbox 2668 1908 2799 1962; x_wconf 69' lang='lat' dir='ltr'><strong>quas</strong></span> <span class='ocrx_word' id='word_1_398' title='bbox 2833 1890 3440 1964; x_wconf 63' lang='lat' dir='ltr'><strong>contingebantquod</strong></span> <span class='ocrx_word' id='word_1_399' title='bbox 3473 1891 3717 1947; x_wconf 89' lang='lat' dir='ltr'><strong>omnino</strong></span> 
     </span>
    </p>
   </div>
   <div class='ocr_carea' id='block_1_55' title="bbox 2062 1984 3717 2056">
    <p class='ocr_par' dir='ltr' id='par_1_55' title="bbox 2062 1984 3717 2056">
     <span class='ocr_line' id='line_1_55' title="bbox 2062 1984 3717 2056; baseline 0.002 -20"><span class='ocrx_word' id='word_1_400' title='bbox 2062 1998 2451 2039; x_wconf 87' lang='lat' dir='ltr'><strong>moreremur.</strong></span> <span class='ocrx_word' id='word_1_401' title='bbox 2478 1984 2863 2055; x_wconf 87' lang='lat' dir='ltr'><strong>Nequaquam</strong></span> <span class='ocrx_word' id='word_1_402' title='bbox 2899 1984 3012 2040; x_wconf 90' lang='lat' dir='ltr'><strong>hoc</strong></span> <span class='ocrx_word' id='word_1_403' title='bbox 3042 1984 3103 2038; x_wconf 89' lang='lat' dir='ltr'><strong>in</strong></span> <span class='ocrx_word' id='word_1_404' title='bbox 3136 1984 3564 2056; x_wconf 85' lang='lat' dir='ltr'><strong>experientiam</strong></span> <span class='ocrx_word' id='word_1_405' title='bbox 3613 1985 3717 2040; x_wconf 91' lang='lat' dir='ltr'><strong>de-</strong></span> 
     </span>
    </p>
   </div>
   <div class='ocr_carea' id='block_1_56' title="bbox 2061 2069 3708 2144">
    <p class='ocr_par' dir='ltr' id='par_1_56' title="bbox 2061 2069 3708 2144">
     <span class='ocr_line' id='line_1_56' title="bbox 2061 2069 3708 2144; baseline 0.001 -18"><span class='ocrx_word' id='word_1_406' title='bbox 2061 2069 2306 2128; x_wconf 91' lang='lat' dir='ltr'><strong>ductum</strong></span> <span class='ocrx_word' id='word_1_407' title='bbox 2339 2076 2448 2131; x_wconf 88' lang='lat' dir='ltr'><strong>est.</strong></span> <span class='ocrx_word' id='word_1_408' title='bbox 2485 2071 2589 2127; x_wconf 89' lang='lat' dir='ltr'><strong>sed</strong></span> <span class='ocrx_word' id='word_1_409' title='bbox 2618 2073 2677 2127; x_wconf 90' lang='lat' dir='ltr'><strong>in</strong></span> <span class='ocrx_word' id='word_1_410' title='bbox 2703 2078 2908 2128; x_wconf 88' lang='lat' dir='ltr'><strong>nostra</strong></span> <span class='ocrx_word' id='word_1_411' title='bbox 2945 2072 3360 2144; x_wconf 87' lang='lat' dir='ltr'><strong>desperatione</strong></span> <span class='ocrx_word' id='word_1_412' title='bbox 3420 2070 3708 2129; x_wconf 84' lang='lat' dir='ltr'><strong>substitit.</strong></span> 
     </span>
    </p>
   </div>
   <div class='ocr_carea' id='block_1_57' title="bbox 2059 2159 3714 2233">
    <p class='ocr_par' dir='ltr' id='par_1_57' title="bbox 2059 2159 3714 2233">
     <span class='ocr_line' id='line_1_57' title="bbox 2059 2159 3714 2233; baseline 0.002 -19"><span class='ocrx_word' id='word_1_413' title='bbox 2059 2159 2363 2232; x_wconf 90' lang='lat' dir='ltr'><strong>Siquidem</strong></span> <span class='ocrx_word' id='word_1_414' title='bbox 2396 2161 2507 2216; x_wconf 90' lang='lat' dir='ltr'><strong>hoc</strong></span> <span class='ocrx_word' id='word_1_415' title='bbox 2541 2162 2945 2233; x_wconf 85' lang='lat' dir='ltr'><strong>periculorum</strong></span> <span class='ocrx_word' id='word_1_416' title='bbox 2976 2168 3189 2217; x_wconf 89' lang='lat' dir='ltr'><strong>natura</strong></span> <span class='ocrx_word' id='word_1_417' title='bbox 3246 2161 3714 2228; x_wconf 86' lang='lat' dir='ltr'><strong>demonstrabat,</strong></span> 
     </span>
    </p>
   </div>
   <div class='ocr_carea' id='block_1_58' title="bbox 2059 2248 3717 2323">
    <p class='ocr_par' dir='ltr' id='par_1_58' title="bbox 2059 2248 3717 2323">
     <span class='ocr_line' id='line_1_58' title="bbox 2059 2248 3717 2323; baseline 0 -18"><span class='ocrx_word' id='word_1_418' title='bbox 2059 2248 2161 2305; x_wconf 91' lang='lat' dir='ltr'><strong>Dei</strong></span> <span class='ocrx_word' id='word_1_419' title='bbox 2195 2267 2328 2305; x_wconf 89' lang='lat' dir='ltr'><strong>vero</strong></span> <span class='ocrx_word' id='word_1_420' title='bbox 2359 2251 2626 2322; x_wconf 88' lang='lat' dir='ltr'><strong>potentia</strong></span> <span class='ocrx_word' id='word_1_421' title='bbox 2649 2267 2769 2306; x_wconf 89' lang='lat' dir='ltr'><strong>non</strong></span> <span class='ocrx_word' id='word_1_422' title='bbox 2795 2251 3067 2323; x_wconf 88' lang='lat' dir='ltr'><strong>permisit</strong></span> <span class='ocrx_word' id='word_1_423' title='bbox 3089 2249 3149 2305; x_wconf 89' lang='lat' dir='ltr'><strong>id</strong></span> <span class='ocrx_word' id='word_1_424' title='bbox 3186 2250 3343 2322; x_wconf 90' lang='lat' dir='ltr'><strong>quod</strong></span> <span class='ocrx_word' id='word_1_425' title='bbox 3365 2250 3717 2306; x_wconf 90' lang='lat' dir='ltr'><strong>ostendeba-</strong></span> 
     </span>
    </p>
   </div>
   <div class='ocr_carea' id='block_1_59' title="bbox 2056 2339 3718 2413">
    <p class='ocr_par' dir='ltr' id='par_1_59' title="bbox 2056 2339 3718 2413">
     <span class='ocr_line' id='line_1_59' title="bbox 2056 2339 3718 2413; baseline 0.002 -20"><span class='ocrx_word' id='word_1_426' title='bbox 2056 2342 2156 2394; x_wconf 89' lang='lat' dir='ltr'><strong>tur</strong></span> <span class='ocrx_word' id='word_1_427' title='bbox 2180 2339 2242 2393; x_wconf 91' lang='lat' dir='ltr'><strong>in</strong></span> <span class='ocrx_word' id='word_1_428' title='bbox 2304 2356 2452 2411; x_wconf 90' lang='lat' dir='ltr'><strong>opus</strong></span> <span class='ocrx_word' id='word_1_429' title='bbox 2510 2340 2842 2413; x_wconf 82' lang='lat' dir='ltr'><strong>pervenire,</strong></span> <span class='ocrx_word' id='word_1_430' title='bbox 2909 2340 3014 2397; x_wconf 91' lang='lat' dir='ltr'><strong>sed</strong></span> <span class='ocrx_word' id='word_1_431' title='bbox 3062 2341 3123 2396; x_wconf 90' lang='lat' dir='ltr'><strong>in</strong></span> <span class='ocrx_word' id='word_1_432' title='bbox 3180 2345 3385 2396; x_wconf 87' lang='lat' dir='ltr'><strong>nostra</strong></span> <span class='ocrx_word' id='word_1_433' title='bbox 3429 2341 3718 2399; x_wconf 82' lang='lat' dir='ltr'><strong>duntaxat</strong></span> 
     </span>
    </p>
   </div>
   <div class='ocr_carea' id='block_1_60' title="bbox 2058 2430 3714 2503">
    <p class='ocr_par' dir='ltr' id='par_1_60' title="bbox 2058 2430 3714 2503">
     <span class='ocr_line' id='line_1_60' title="bbox 2058 2430 3714 2503; baseline 0.002 -19"><span class='ocrx_word' id='word_1_434' title='bbox 2058 2434 2261 2485; x_wconf 85' lang='lat' dir='ltr'><strong>mente</strong></span> <span class='ocrx_word' id='word_1_435' title='bbox 2293 2430 2403 2486; x_wconf 91' lang='lat' dir='ltr'><strong>hoc</strong></span> <span class='ocrx_word' id='word_1_436' title='bbox 2438 2430 2566 2486; x_wconf 82' lang='lat' dir='ltr'><strong>fieri</strong></span> <span class='ocrx_word' id='word_1_437' title='bbox 2599 2431 2913 2486; x_wconf 88' lang='lat' dir='ltr'><strong>concessit.</strong></span> <span class='ocrx_word' id='word_1_438' title='bbox 2940 2454 2968 2480; x_wconf 84' lang='lat'><strong><em>«</em></strong></span> <span class='ocrx_word' id='word_1_439' title='bbox 3004 2430 3145 2487; x_wconf 91' lang='lat' dir='ltr'><strong>Ideo</strong></span> <span class='ocrx_word' id='word_1_440' title='bbox 3195 2447 3434 2503; x_wconf 91' lang='lat' dir='ltr'><strong>quoque</strong></span> <span class='ocrx_word' id='word_1_441' title='bbox 3484 2436 3714 2501; x_wconf 87' lang='lat' dir='ltr'><strong>nostra,</strong></span> 
     </span>
    </p>
   </div>
   <div class='ocr_carea' id='block_1_61' title="bbox 2055 2517 3708 2594">
    <p class='ocr_par' dir='ltr' id='par_1_61' title="bbox 2055 2517 3708 2594">
     <span class='ocr_line' id='line_1_61' title="bbox 2055 2517 3708 2594; baseline -0.001 -22"><span class='ocrx_word' id='word_1_442' title='bbox 2055 2517 2278 2588; x_wconf 89' lang='lat' dir='ltr'><strong>inquit,</strong></span> <span class='ocrx_word' id='word_1_443' title='bbox 2311 2524 2511 2574; x_wconf 87' lang='lat' dir='ltr'><strong>mente</strong></span> <span class='ocrx_word' id='word_1_444' title='bbox 2543 2537 2897 2594; x_wconf 85' lang='lat' dir='ltr'><strong>responsum</strong></span> <span class='ocrx_word' id='word_1_445' title='bbox 2957 2521 3165 2576; x_wconf 90' lang='lat' dir='ltr'><strong>mortis</strong></span> <span class='ocrx_word' id='word_1_446' title='bbox 3224 2519 3646 2577; x_wconf 88' lang='lat' dir='ltr'><strong>habueramus.</strong></span> <span class='ocrx_word' id='word_1_447' title='bbox 3680 2541 3708 2571; x_wconf 71' lang='grc' dir='ltr'><strong>ιι</strong></span> 
     </span>
    </p>
   </div>
   <div class='ocr_carea' id='block_1_62' title="bbox 2055 2608 3712 2682">
    <p class='ocr_par' dir='ltr' id='par_1_62' title="bbox 2055 2608 3712 2682">
     <span class='ocr_line' id='line_1_62' title="bbox 2055 2608 3712 2682; baseline 0.002 -20"><span class='ocrx_word' id='word_1_448' title='bbox 2055 2608 2567 2672; x_wconf 81' lang='lat' dir='ltr'><strong>Quemadmodum</strong></span> <span class='ocrx_word' id='word_1_449' title='bbox 2602 2610 2857 2665; x_wconf 85' lang='lat' dir='ltr'><strong>dicimus</strong></span> <span class='ocrx_word' id='word_1_450' title='bbox 2892 2627 2905 2665; x_wconf 93' lang='lat'><strong>:</strong></span> <span class='ocrx_word' id='word_1_451' title='bbox 2940 2609 3176 2666; x_wconf 87' lang='lat' dir='ltr'><strong>Morbus</strong></span> <span class='ocrx_word' id='word_1_452' title='bbox 3203 2610 3593 2682; x_wconf 83' lang='lat' dir='ltr'><strong>responditin</strong></span> <span class='ocrx_word' id='word_1_453' title='bbox 3618 2626 3712 2666; x_wconf 87' lang='lat' dir='ltr'><strong>sa-</strong></span> 
     </span>
    </p>
   </div>
   <div class='ocr_carea' id='block_1_63' title="bbox 2053 2699 3710 2771">
    <p class='ocr_par' dir='ltr' id='par_1_63' title="bbox 2053 2699 3710 2771">
     <span class='ocr_line' id='line_1_63' title="bbox 2053 2699 3710 2771; baseline 0.001 -19"><span class='ocrx_word' id='word_1_454' title='bbox 2053 2699 2304 2753; x_wconf 83' lang='lat' dir='ltr'><strong>nitatem</strong></span> <span class='ocrx_word' id='word_1_455' title='bbox 2345 2704 2447 2754; x_wconf 92' lang='lat' dir='ltr'><strong>aut</strong></span> <span class='ocrx_word' id='word_1_456' title='bbox 2505 2699 2816 2771; x_wconf 88' lang='lat' dir='ltr'><strong>respondit</strong></span> <span class='ocrx_word' id='word_1_457' title='bbox 2846 2700 2906 2754; x_wconf 92' lang='lat' dir='ltr'><strong>in</strong></span> <span class='ocrx_word' id='word_1_458' title='bbox 2939 2706 3215 2767; x_wconf 89' lang='lat' dir='ltr'><strong>mortem,</strong></span> <span class='ocrx_word' id='word_1_459' title='bbox 3247 2699 3359 2755; x_wconf 92' lang='lat' dir='ltr'><strong>hoc</strong></span> <span class='ocrx_word' id='word_1_460' title='bbox 3390 2705 3480 2756; x_wconf 90' lang='lat' dir='ltr'><strong>est</strong></span> <span class='ocrx_word' id='word_1_461' title='bbox 3506 2699 3710 2767; x_wconf 85' lang='lat' dir='ltr'><strong>evasit,</strong></span> 
     </span>
    </p>
   </div>
   <div class='ocr_carea' id='block_1_64' title="bbox 2054 2785 3717 2862">
    <p class='ocr_par' dir='ltr' id='par_1_64' title="bbox 2054 2785 3717 2862">
     <span class='ocr_line' id='line_1_64' title="bbox 2054 2785 3717 2862; baseline 0.003 -21"><span class='ocrx_word' id='word_1_462' title='bbox 2054 2785 2257 2842; x_wconf 85' lang='lat' dir='ltr'><strong>ﬁnitus</strong></span> <span class='ocrx_word' id='word_1_463' title='bbox 2290 2794 2397 2855; x_wconf 81' lang='lat' dir='ltr'><strong>est,</strong></span> <span class='ocrx_word' id='word_1_464' title='bbox 2430 2788 2606 2843; x_wconf 77' lang='lat' dir='ltr'><strong>desit</strong></span> <span class='ocrx_word' id='word_1_465' title='bbox 2640 2789 2759 2844; x_wconf 87' lang='lat' dir='ltr'><strong>:ita</strong></span> <span class='ocrx_word' id='word_1_466' title='bbox 2803 2807 3041 2861; x_wconf 89' lang='lat' dir='ltr'><strong>quoque</strong></span> <span class='ocrx_word' id='word_1_467' title='bbox 3091 2796 3148 2845; x_wconf 92' lang='lat' dir='ltr'><strong>et</strong></span> <span class='ocrx_word' id='word_1_468' title='bbox 3180 2806 3340 2845; x_wconf 89' lang='lat' dir='ltr'><strong>nunc</strong></span> <span class='ocrx_word' id='word_1_469' title='bbox 3371 2812 3396 2840; x_wconf 83' lang='lat'><strong><em>«</em></strong></span> <span class='ocrx_word' id='word_1_470' title='bbox 3445 2791 3717 2862; x_wconf 81' lang='lat' dir='ltr'><strong>Respon-</strong></span> 
     </span>
    </p>
   </div>
   <div class='ocr_carea' id='block_1_65' title="bbox 2054 2880 3711 2953">
    <p class='ocr_par' dir='ltr' id='par_1_65' title="bbox 2054 2880 3711 2953">
     <span class='ocr_line' id='line_1_65' title="bbox 2054 2880 3711 2953; baseline 0.002 -21"><span class='ocrx_word' id='word_1_471' title='bbox 2054 2895 2182 2932; x_wconf 90' lang='lat' dir='ltr'><strong>sum</strong></span> <span class='ocrx_word' id='word_1_472' title='bbox 2204 2880 2432 2941; x_wconf 82' lang='lat' dir='ltr'><strong>mortis,</strong></span> <span class='ocrx_word' id='word_1_473' title='bbox 2461 2901 2486 2927; x_wconf 67' lang='grc' dir='ltr'>ιν</span> <span class='ocrx_word' id='word_1_474' title='bbox 2511 2880 2692 2934; x_wconf 80' lang='lat' dir='ltr'><strong>tinem</strong></span> <span class='ocrx_word' id='word_1_475' title='bbox 2714 2896 2783 2934; x_wconf 91' lang='lat' dir='ltr'><strong>ac</strong></span> <span class='ocrx_word' id='word_1_476' title='bbox 2807 2887 3078 2935; x_wconf 87' lang='lat' dir='ltr'><strong>eventum</strong></span> <span class='ocrx_word' id='word_1_477' title='bbox 3105 2880 3440 2953; x_wconf 78' lang='lat' dir='ltr'><strong>intelligere</strong></span> <span class='ocrx_word' id='word_1_478' title='bbox 3459 2886 3711 2952; x_wconf 88' lang='lat' dir='ltr'><strong>oportet.</strong></span> 
     </span>
    </p>
   </div>
   <div class='ocr_carea' id='block_1_66' title="bbox 2050 2968 3712 3040">
    <p class='ocr_par' dir='ltr' id='par_1_66' title="bbox 2050 2968 3712 3040">
     <span class='ocr_line' id='line_1_66' title="bbox 2050 2968 3712 3040; baseline 0.001 -19"><span class='ocrx_word' id='word_1_479' title='bbox 2050 2998 2119 3007; x_wconf 89' lang='lat'>—</span> <span class='ocrx_word' id='word_1_480' title='bbox 2151 2968 2629 3038; x_wconf 84' lang='lat' dir='ltr'><strong>Desperavimus,</strong></span> <span class='ocrx_word' id='word_1_481' title='bbox 2691 2968 2906 3040; x_wconf 87' lang='lat' dir='ltr'><strong>inquit.</strong></span> <span class='ocrx_word' id='word_1_482' title='bbox 2959 2970 3032 3024; x_wconf 94' lang='lat' dir='ltr'><strong>de</strong></span> <span class='ocrx_word' id='word_1_483' title='bbox 3086 2971 3239 3024; x_wconf 88' lang='lat' dir='ltr'><strong>vita:</strong></span> <span class='ocrx_word' id='word_1_484' title='bbox 3305 2975 3363 3024; x_wconf 89' lang='lat' dir='ltr'><strong>et</strong></span> <span class='ocrx_word' id='word_1_485' title='bbox 3418 2986 3531 3023; x_wconf 89' lang='lat' dir='ltr'><strong>nos</strong></span> <span class='ocrx_word' id='word_1_486' title='bbox 3571 2985 3712 3024; x_wconf 91' lang='lat' dir='ltr'><strong>cum</strong></span> 
     </span>
    </p>
   </div>
   <div class='ocr_carea' id='block_1_67' title="bbox 2049 3056 3714 3128">
    <p class='ocr_par' dir='ltr' id='par_1_67' title="bbox 2049 3056 3714 3128">
     <span class='ocr_line' id='line_1_67' title="bbox 2049 3056 3714 3128; baseline 0.001 -17"><span class='ocrx_word' id='word_1_487' title='bbox 2049 3056 2303 3111; x_wconf 83' lang='lat' dir='ltr'><strong>mortuis</strong></span> <span class='ocrx_word' id='word_1_488' title='bbox 2334 3058 2803 3128; x_wconf 85' lang='lat' dir='ltr'><strong>reputabamur:</strong></span> <span class='ocrx_word' id='word_1_489' title='bbox 2840 3075 2960 3113; x_wconf 90' lang='lat' dir='ltr'><strong>non</strong></span> <span class='ocrx_word' id='word_1_490' title='bbox 2988 3057 3060 3112; x_wconf 91' lang='lat' dir='ltr'><strong>ab</strong></span> <span class='ocrx_word' id='word_1_491' title='bbox 3091 3058 3247 3121; x_wconf 91' lang='lat' dir='ltr'><strong>aliis,</strong></span> <span class='ocrx_word' id='word_1_492' title='bbox 3277 3058 3379 3112; x_wconf 89' lang='lat' dir='ltr'><strong>sed</strong></span> <span class='ocrx_word' id='word_1_493' title='bbox 3412 3058 3473 3112; x_wconf 90' lang='lat' dir='ltr'><strong>in</strong></span> <span class='ocrx_word' id='word_1_494' title='bbox 3505 3057 3714 3113; x_wconf 89' lang='lat' dir='ltr'><strong>nobis-</strong></span> 
     </span>
    </p>
   </div>
   <div class='ocr_carea' id='block_1_68' title="bbox 2048 3144 3704 3216">
    <p class='ocr_par' dir='ltr' id='par_1_68' title="bbox 2048 3144 3704 3216">
     <span class='ocr_line' id='line_1_68' title="bbox 2048 3144 3704 3216; baseline 0.002 -18"><span class='ocrx_word' id='word_1_495' title='bbox 2048 3144 2196 3216; x_wconf 89' lang='lat' dir='ltr'><strong>ipsis</strong></span> <span class='ocrx_word' id='word_1_496' title='bbox 2230 3150 2562 3200; x_wconf 89' lang='lat' dir='ltr'><strong>extremum</strong></span> <span class='ocrx_word' id='word_1_497' title='bbox 2594 3163 2660 3201; x_wconf 88' lang='lat' dir='ltr'><strong>ac</strong></span> <span class='ocrx_word' id='word_1_498' title='bbox 2693 3146 2875 3201; x_wconf 84' lang='lat' dir='ltr'><strong>ﬁnem</strong></span> <span class='ocrx_word' id='word_1_499' title='bbox 2902 3147 3111 3201; x_wconf 89' lang='lat' dir='ltr'><strong>mortis</strong></span> <span class='ocrx_word' id='word_1_500' title='bbox 3145 3147 3446 3201; x_wconf 88' lang='lat' dir='ltr'><strong>intuentes</strong></span> <span class='ocrx_word' id='word_1_501' title='bbox 3504 3162 3572 3202; x_wconf 89' lang='lat' dir='ltr'><strong>ac</strong></span> <span class='ocrx_word' id='word_1_502' title='bbox 3603 3163 3704 3202; x_wconf 91' lang='lat' dir='ltr'><strong>c0-</strong></span> 
     </span>
    </p>
   </div>
   <div class='ocr_carea' id='block_1_69' title="bbox 2046 3233 3709 3307">
    <p class='ocr_par' dir='ltr' id='par_1_69' title="bbox 2046 3233 3709 3307">
     <span class='ocr_line' id='line_1_69' title="bbox 2046 3233 3709 3307; baseline 0.002 -21"><span class='ocrx_word' id='word_1_503' title='bbox 2046 3233 2327 3305; x_wconf 83' lang='lat' dir='ltr'><strong>gitantes.</strong></span> <span class='ocrx_word' id='word_1_504' title='bbox 2363 3233 2529 3299; x_wconf 90' lang='lat' dir='ltr'><strong>Quod</strong></span> <span class='ocrx_word' id='word_1_505' title='bbox 2575 3239 2770 3290; x_wconf 89' lang='lat' dir='ltr'><strong>autem</strong></span> <span class='ocrx_word' id='word_1_506' title='bbox 2805 3251 2926 3290; x_wconf 91' lang='lat' dir='ltr'><strong>non</strong></span> <span class='ocrx_word' id='word_1_507' title='bbox 2984 3235 3147 3301; x_wconf 91' lang='lat' dir='ltr'><strong>dicit,</strong></span> <span class='ocrx_word' id='word_1_508' title='bbox 3209 3235 3709 3307; x_wconf 79' lang='lat' dir='ltr'><strong>Cogitaveramus,</strong></span> 
     </span>
    </p>
   </div>
   <div class='ocr_carea' id='block_1_70' title="bbox 2055 3321 3711 3397">
    <p class='ocr_par' dir='ltr' id='par_1_70' title="bbox 2055 3321 3711 3397">
     <span class='ocr_line' id='line_1_70' title="bbox 2055 3321 3711 3397; baseline 0.001 -20"><span class='ocrx_word' id='word_1_509' title='bbox 2055 3322 2157 3377; x_wconf 89' lang='lat' dir='ltr'><strong>sed</strong></span> <span class='ocrx_word' id='word_1_510' title='bbox 2187 3344 2214 3372; x_wconf 85' lang='grc'><strong>‹‹</strong></span> <span class='ocrx_word' id='word_1_511' title='bbox 2251 3321 2680 3387; x_wconf 85' lang='lat' dir='ltr'><strong>Habueramus,</strong></span> <span class='ocrx_word' id='word_1_512' title='bbox 2712 3344 2739 3372; x_wconf 86' lang='grc'><strong>››</strong></span> <span class='ocrx_word' id='word_1_513' title='bbox 2773 3323 3193 3379; x_wconf 89' lang='lat' dir='ltr'><strong>certitudinem</strong></span> <span class='ocrx_word' id='word_1_514' title='bbox 3227 3340 3295 3380; x_wconf 90' lang='lat' dir='ltr'><strong>ac</strong></span> <span class='ocrx_word' id='word_1_515' title='bbox 3325 3324 3711 3397; x_wconf 64' lang='lat' dir='ltr'><strong>praesentiam</strong></span> 
     </span>
    </p>
   </div>
   <div class='ocr_carea' id='block_1_71' title="bbox 2049 3410 3707 3485">
    <p class='ocr_par' dir='ltr' id='par_1_71' title="bbox 2049 3410 3707 3485">
     <span class='ocr_line' id='line_1_71' title="bbox 2049 3410 3707 3485; baseline 0.002 -20"><span class='ocrx_word' id='word_1_516' title='bbox 2049 3410 2261 3466; x_wconf 87' lang='lat' dir='ltr'><strong>mortis</strong></span> <span class='ocrx_word' id='word_1_517' title='bbox 2289 3412 2571 3468; x_wconf 91' lang='lat' dir='ltr'><strong>ostendit.</strong></span> <span class='ocrx_word' id='word_1_518' title='bbox 2624 3412 2789 3469; x_wconf 83' lang='lat' dir='ltr'><strong>Adeo</strong></span> <span class='ocrx_word' id='word_1_519' title='bbox 2816 3413 2928 3468; x_wconf 86' lang='lat' dir='ltr'><strong>fuit</strong></span> <span class='ocrx_word' id='word_1_520' title='bbox 2956 3430 3136 3485; x_wconf 89' lang='lat' dir='ltr'><strong>supra</strong></span> <span class='ocrx_word' id='word_1_521' title='bbox 3187 3412 3430 3470; x_wconf 89' lang='lat' dir='ltr'><strong>modum</strong></span> <span class='ocrx_word' id='word_1_522' title='bbox 3462 3412 3707 3469; x_wconf 77' lang='lat' dir='ltr'><strong>afﬂictio</strong></span> 
     </span>
    </p>
   </div>
   <div class='ocr_carea' id='block_1_72' title="bbox 2049 3501 3705 3577">
    <p class='ocr_par' dir='ltr' id='par_1_72' title="bbox 2049 3501 3705 3577">
     <span class='ocr_line' id='line_1_72' title="bbox 2049 3501 3705 3577; baseline 0.002 -19"><span class='ocrx_word' id='word_1_523' title='bbox 2049 3501 2208 3558; x_wconf 89' lang='lat' dir='ltr'><strong>ultra</strong></span> <span class='ocrx_word' id='word_1_524' title='bbox 2235 3502 2409 3567; x_wconf 80' lang='lat' dir='ltr'><strong>vires.</strong></span> <span class='ocrx_word' id='word_1_525' title='bbox 2443 3509 2512 3559; x_wconf 90' lang='lat' dir='ltr'><strong>ut</strong></span> <span class='ocrx_word' id='word_1_526' title='bbox 2539 3504 2755 3561; x_wconf 87' lang='lat' dir='ltr'><strong>Paulus</strong></span> <span class='ocrx_word' id='word_1_527' title='bbox 2778 3505 2904 3575; x_wconf 90' lang='lat' dir='ltr'><strong>jam</strong></span> <span class='ocrx_word' id='word_1_528' title='bbox 2937 3511 3096 3559; x_wconf 85' lang='lat' dir='ltr'><strong>esset</strong></span> <span class='ocrx_word' id='word_1_529' title='bbox 3121 3512 3411 3574; x_wconf 87' lang='lat' dir='ltr'><strong>mortuus,</strong></span> <span class='ocrx_word' id='word_1_530' title='bbox 3441 3504 3596 3577; x_wconf 91' lang='lat' dir='ltr'><strong>quod</strong></span> <span class='ocrx_word' id='word_1_531' title='bbox 3630 3504 3705 3561; x_wconf 88' lang='lat' dir='ltr'><strong>ad</strong></span> 
     </span>
    </p>
   </div>
   <div class='ocr_carea' id='block_1_73' title="bbox 2048 3591 3701 3666">
    <p class='ocr_par' dir='ltr' id='par_1_73' title="bbox 2048 3591 3701 3666">
     <span class='ocr_line' id='line_1_73' title="bbox 2048 3591 3701 3666; baseline 0.003 -20"><span class='ocrx_word' id='word_1_532' title='bbox 2048 3606 2186 3647; x_wconf 87' lang='lat' dir='ltr'><strong>suas</strong></span> <span class='ocrx_word' id='word_1_533' title='bbox 2210 3591 2700 3664; x_wconf 85' lang='lat' dir='ltr'><strong>viresspectabat.</strong></span> <span class='ocrx_word' id='word_1_534' title='bbox 2727 3594 2846 3650; x_wconf 86' lang='lat' dir='ltr'><strong>Hoc</strong></span> <span class='ocrx_word' id='word_1_535' title='bbox 2876 3601 3073 3649; x_wconf 87' lang='lat' dir='ltr'><strong>autem</strong></span> <span class='ocrx_word' id='word_1_536' title='bbox 3103 3594 3321 3650; x_wconf 84' lang='lat' dir='ltr'><strong>factum</strong></span> <span class='ocrx_word' id='word_1_537' title='bbox 3349 3600 3459 3663; x_wconf 89' lang='lat' dir='ltr'><strong>est,</strong></span> <span class='ocrx_word' id='word_1_538' title='bbox 3482 3594 3701 3666; x_wconf 86' lang='lat' dir='ltr'><strong>inquit,</strong></span> 
     </span>
    </p>
   </div>
   <div class='ocr_carea' id='block_1_74' title="bbox 261 3675 3696 3755">
    <p class='ocr_par' dir='ltr' id='par_1_74' title="bbox 261 3675 3696 3755">
     <span class='ocr_line' id='line_1_74' title="bbox 261 3675 3696 3755; baseline 0.002 -26"><span class='ocrx_word' id='word_1_539' title='bbox 261 3678 327 3729; x_wconf 85' lang='lat' dir='ltr'><strong>et</strong></span> <span class='ocrx_word' id='word_1_540' title='bbox 356 3682 570 3745; x_wconf 80' lang='lat' dir='ltr'><strong>praeter</strong></span> <span class='ocrx_word' id='word_1_541' title='bbox 601 3690 770 3746; x_wconf 84' lang='lat' dir='ltr'><strong>spem</strong></span> <span class='ocrx_word' id='word_1_542' title='bbox 802 3675 1070 3740; x_wconf 79' lang='lat' dir='ltr'><strong>viximus,</strong></span> <span class='ocrx_word' id='word_1_543' title='bbox 1103 3679 1171 3731; x_wconf 88' lang='lat' dir='ltr'><strong>ut</strong></span> <span class='ocrx_word' id='word_1_544' title='bbox 1197 3675 1261 3732; x_wconf 86' lang='lat' dir='ltr'><strong>in</strong></span> <span class='ocrx_word' id='word_1_545' title='bbox 1282 3675 1452 3733; x_wconf 89' lang='lat' dir='ltr'><strong>nullo</strong></span> <span class='ocrx_word' id='word_1_546' title='bbox 1483 3692 1649 3748; x_wconf 86' lang='lat' dir='ltr'><strong>spem</strong></span> <span class='ocrx_word' id='word_1_547' title='bbox 1680 3693 2042 3748; x_wconf 87' lang='lat' dir='ltr'><strong>poneremus</strong></span> <span class='ocrx_word' id='word_1_548' title='bbox 2082 3680 2143 3735; x_wconf 88' lang='lat' dir='ltr'><strong>in</strong></span> <span class='ocrx_word' id='word_1_549' title='bbox 2173 3681 2349 3736; x_wconf 89' lang='lat' dir='ltr'><strong>nobis</strong></span> <span class='ocrx_word' id='word_1_550' title='bbox 2379 3682 2549 3753; x_wconf 85' lang='lat' dir='ltr'><strong>ipsis,</strong></span> <span class='ocrx_word' id='word_1_551' title='bbox 2607 3683 2757 3738; x_wconf 74' lang='lat'><strong>591</strong></span> <span class='ocrx_word' id='word_1_552' title='bbox 2823 3683 2926 3738; x_wconf 89' lang='lat' dir='ltr'><strong>sed</strong></span> <span class='ocrx_word' id='word_1_553' title='bbox 2986 3683 3047 3737; x_wconf 91' lang='lat' dir='ltr'><strong>in</strong></span> <span class='ocrx_word' id='word_1_554' title='bbox 3108 3684 3229 3738; x_wconf 89' lang='lat' dir='ltr'><strong>Deo</strong></span> <span class='ocrx_word' id='word_1_555' title='bbox 3287 3684 3388 3755; x_wconf 89' lang='lat' dir='ltr'><strong>qui</strong></span> <span class='ocrx_word' id='word_1_556' title='bbox 3445 3683 3696 3739; x_wconf 87' lang='lat' dir='ltr'><strong>suscitat</strong></span> 
     </span>
    </p>
   </div>
   <div class='ocr_carea' id='block_1_75' title="bbox 273 3769 569 3819">
    <p class='ocr_par' dir='ltr' id='par_1_75' title="bbox 273 3769 569 3819">
     <span class='ocr_line' id='line_1_75' title="bbox 273 3769 569 3819; baseline 0.003 -1"><span class='ocrx_word' id='word_1_557' title='bbox 273 3769 569 3819; x_wconf 87' lang='lat' dir='ltr'><strong>mortuos.</strong></span> 
     </span>
    </p>
   </div>
   <div class='ocr_carea' id='block_1_76' title="bbox 347 3858 1943 3942">
    <p class='ocr_par' dir='ltr' id='par_1_76' title="bbox 347 3858 1937 3939">
     <span class='ocr_line' id='line_1_76' title="bbox 347 3858 1937 3939; baseline 0.002 -23"><span class='ocrx_word' id='word_1_558' title='bbox 347 3861 443 3931; x_wconf 83' lang='grc' dir='ltr'><strong>Τῷ</strong></span> <span class='ocrx_word' id='word_1_559' title='bbox 474 3858 767 3935; x_wconf 71' lang='grc' dir='ltr'>ἐγείροντι,</span> <span class='ocrx_word' id='word_1_560' title='bbox 827 3861 1015 3936; x_wconf 80' lang='grc' dir='ltr'>φησὶν,</span> <span class='ocrx_word' id='word_1_561' title='bbox 1078 3860 1139 3923; x_wconf 78' lang='grc' dir='ltr'><strong>ὅς</strong></span> <span class='ocrx_word' id='word_1_562' title='bbox 1205 3860 1296 3916; x_wconf 85' lang='grc' dir='ltr'><strong>καὶ</strong></span> <span class='ocrx_word' id='word_1_563' title='bbox 1366 3862 1517 3934; x_wconf 80' lang='grc' dir='ltr'>ἡμᾶς</span> <span class='ocrx_word' id='word_1_564' title='bbox 1558 3863 1937 3939; x_wconf 68' lang='grc' dir='ltr'>,νεκρωθέντας</span> 
     </span>
    </p>
   </div>
   <div class='ocr_carea' id='block_1_77' title="bbox 2053 3858 3703 3942">
    <p class='ocr_par' dir='ltr' id='par_1_77' title="bbox 2121 3867 3703 3942">
     <span class='ocr_line' id='line_1_77' title="bbox 2121 3867 3703 3942; baseline 0.001 -18"><span class='ocrx_word' id='word_1_565' title='bbox 2121 3867 2229 3933; x_wconf 87' lang='lat' dir='ltr'><strong>Qui</strong></span> <span class='ocrx_word' id='word_1_566' title='bbox 2287 3868 2554 3935; x_wconf 88' lang='lat' dir='ltr'><strong>suscitat,</strong></span> <span class='ocrx_word' id='word_1_567' title='bbox 2590 3868 2805 3941; x_wconf 88' lang='lat' dir='ltr'><strong>inquit,</strong></span> <span class='ocrx_word' id='word_1_568' title='bbox 2840 3869 2942 3941; x_wconf 90' lang='lat' dir='ltr'><strong>qui</strong></span> <span class='ocrx_word' id='word_1_569' title='bbox 2987 3886 3100 3926; x_wconf 90' lang='lat' dir='ltr'><strong>nos</strong></span> <span class='ocrx_word' id='word_1_570' title='bbox 3142 3886 3381 3942; x_wconf 89' lang='lat' dir='ltr'><strong>quoque</strong></span> <span class='ocrx_word' id='word_1_571' title='bbox 3433 3874 3703 3926; x_wconf 84' lang='lat' dir='ltr'><strong>mortuos</strong></span> 
     </span>
    </p>
   </div>
   <div class='ocr_carea' id='block_1_78' title="bbox 270 3948 1938 4031">
    <p class='ocr_par' dir='ltr' id='par_1_78' title="bbox 270 3948 1938 4031">
     <span class='ocr_line' id='line_1_78' title="bbox 270 3948 1938 4031; baseline 0.004 -28"><span class='ocrx_word' id='word_1_572' title='bbox 270 3950 370 4004; x_wconf 86' lang='grc' dir='ltr'><strong>νῦν</strong></span> <span class='ocrx_word' id='word_1_573' title='bbox 396 3948 603 4023; x_wconf 71' lang='grc' dir='ltr'>ἤγειρε.</span> <span class='ocrx_word' id='word_1_574' title='bbox 660 3948 757 4005; x_wconf 80' lang='grc' dir='ltr'>Καὶ</span> <span class='ocrx_word' id='word_1_575' title='bbox 816 3949 917 4025; x_wconf 81' lang='grc' dir='ltr'><strong>γὰρ</strong></span> <span class='ocrx_word' id='word_1_576' title='bbox 969 3950 1034 4007; x_wconf 87' lang='grc' dir='ltr'>τὸ</span> <span class='ocrx_word' id='word_1_577' title='bbox 1085 3948 1391 4025; x_wconf 84' lang='grc' dir='ltr'>ἀπόκριμα,</span> <span class='ocrx_word' id='word_1_578' title='bbox 1450 3950 1607 4031; x_wconf 74' lang='grc' dir='ltr'>φησί,</span> <span class='ocrx_word' id='word_1_579' title='bbox 1646 3950 1743 4007; x_wconf 89' lang='grc' dir='ltr'><strong>τοῦ</strong></span> <span class='ocrx_word' id='word_1_580' title='bbox 1773 3954 1938 4009; x_wconf 88' lang='grc' dir='ltr'>θανά-</span> 
     </span>
    </p>
   </div>
   <div class='ocr_carea' id='block_1_79' title="bbox 273 4036 1938 4120">
    <p class='ocr_par' dir='ltr' id='par_1_79' title="bbox 273 4036 1938 4120">
     <span class='ocr_line' id='line_1_79' title="bbox 273 4036 1938 4120; baseline 0.003 -26"><span class='ocrx_word' id='word_1_581' title='bbox 273 4058 379 4095; x_wconf 74' lang='grc' dir='ltr'><strong>του</strong></span> <span class='ocrx_word' id='word_1_582' title='bbox 400 4036 452 4093; x_wconf 74' lang='grc' dir='ltr'>ἐν</span> <span class='ocrx_word' id='word_1_583' title='bbox 486 4038 698 4100; x_wconf 76' lang='grc' dir='ltr'>ἑαυτοῖς</span> <span class='ocrx_word' id='word_1_584' title='bbox 732 4038 1074 4114; x_wconf 66' lang='grc' dir='ltr'>έσχῆκαμεν,</span> <span class='ocrx_word' id='word_1_585' title='bbox 1103 4037 1193 4094; x_wconf 73' lang='grc' dir='ltr'><strong>καῖ</strong></span> <span class='ocrx_word' id='word_1_586' title='bbox 1222 4044 1388 4095; x_wconf 89' lang='grc' dir='ltr'>τοῦτο</span> <span class='ocrx_word' id='word_1_587' title='bbox 1431 4039 1561 4120; x_wconf 78' lang='grc' dir='ltr'>οὐχὶ</span> <span class='ocrx_word' id='word_1_588' title='bbox 1622 4038 1811 4098; x_wconf 77' lang='grc' dir='ltr'>ἄλλων</span> <span class='ocrx_word' id='word_1_589' title='bbox 1839 4063 1938 4099; x_wconf 87' lang='grc' dir='ltr'>πε-</span> 
     </span>
    </p>
   </div>
   <div class='ocr_carea' id='block_1_80' title="bbox 273 4126 1938 4203">
    <p class='ocr_par' dir='ltr' id='par_1_80' title="bbox 273 4126 1938 4203">
     <span class='ocr_line' id='line_1_80' title="bbox 273 4126 1938 4203; baseline 0.002 -22"><span class='ocrx_word' id='word_1_590' title='bbox 273 4126 335 4203; x_wconf 84' lang='grc' dir='ltr'><strong>ρὶ</strong></span> <span class='ocrx_word' id='word_1_591' title='bbox 366 4130 527 4201; x_wconf 78' lang='grc' dir='ltr'>ἡμῶν</span> <span class='ocrx_word' id='word_1_592' title='bbox 566 4127 1083 4203; x_wconf 80' lang='grc' dir='ltr'>ὑπολογισαμένων.</span> <span class='ocrx_word' id='word_1_593' title='bbox 1114 4126 1244 4185; x_wconf 84' lang='grc' dir='ltr'>ἀλλ’</span> <span class='ocrx_word' id='word_1_594' title='bbox 1280 4128 1438 4184; x_wconf 82' lang='grc' dir='ltr'>αὐτοὶ</span> <span class='ocrx_word' id='word_1_595' title='bbox 1471 4129 1524 4185; x_wconf 75' lang='grc' dir='ltr'>ἐν</span> <span class='ocrx_word' id='word_1_596' title='bbox 1548 4130 1781 4192; x_wconf 65' lang='grc' dir='ltr'>ἑαυτοῖς.</span> <span class='ocrx_word' id='word_1_597' title='bbox 1834 4131 1938 4189; x_wconf 81' lang='grc' dir='ltr'>Καὶ</span> 
     </span>
    </p>
   </div>
   <div class='ocr_carea' id='block_1_81' title="bbox 248 4214 1939 4295">
    <p class='ocr_par' dir='ltr' id='par_1_81' title="bbox 248 4214 1939 4295">
     <span class='ocr_line' id='line_1_81' title="bbox 248 4214 1939 4295; baseline 0.002 -22"><span class='ocrx_word' id='word_1_598' title='bbox 248 4214 379 4293; x_wconf 31' lang='grc' dir='ltr'>,οὐκ</span> <span class='ocrx_word' id='word_1_599' title='bbox 414 4215 803 4295; x_wconf 70' lang='grc' dir='ltr'>ἐλογισάμεθα,</span> <span class='ocrx_word' id='word_1_600' title='bbox 840 4217 991 4283; x_wconf 86' lang='grc' dir='ltr'>ἀλλ’,</span> <span class='ocrx_word' id='word_1_601' title='bbox 1027 4240 1056 4270; x_wconf 88' lang='grc'><strong>‹‹</strong></span> <span class='ocrx_word' id='word_1_602' title='bbox 1091 4216 1429 4293; x_wconf 71' lang='grc' dir='ltr'>ἐσχήκαμεν,</span> <span class='ocrx_word' id='word_1_603' title='bbox 1462 4242 1491 4271; x_wconf 67' lang='grc' dir='ltr'>ι)</span> <span class='ocrx_word' id='word_1_604' title='bbox 1550 4219 1685 4295; x_wconf 73' lang='grc' dir='ltr'>ὅπερ</span> <span class='ocrx_word' id='word_1_605' title='bbox 1715 4218 1939 4277; x_wconf 79' lang='grc' dir='ltr'>ἁδίστα-</span> 
     </span>
    </p>
   </div>
   <div class='ocr_carea' id='block_1_82' title="bbox 269 4300 1937 4383">
    <p class='ocr_par' dir='ltr' id='par_1_82' title="bbox 269 4300 1937 4383">
     <span class='ocr_line' id='line_1_82' title="bbox 269 4300 1937 4383; baseline 0.004 -21"><span class='ocrx_word' id='word_1_606' title='bbox 269 4326 408 4366; x_wconf 78' lang='grc' dir='ltr'>κτος</span> <span class='ocrx_word' id='word_1_607' title='bbox 447 4306 536 4360; x_wconf 75' lang='grc' dir='ltr'><strong>καὶ</strong></span> <span class='ocrx_word' id='word_1_608' title='bbox 573 4300 765 4382; x_wconf 75' lang='grc' dir='ltr'>βεϐαία</span> <span class='ocrx_word' id='word_1_609' title='bbox 825 4307 1024 4382; x_wconf 87' lang='grc' dir='ltr'>κρίσις,</span> <span class='ocrx_word' id='word_1_610' title='bbox 1081 4305 1221 4362; x_wconf 82' lang='grc' dir='ltr'>ὥστε</span> <span class='ocrx_word' id='word_1_611' title='bbox 1270 4304 1444 4377; x_wconf 81' lang='grc' dir='ltr'>δῆλον</span> <span class='ocrx_word' id='word_1_612' title='bbox 1505 4308 1554 4364; x_wconf 75' lang='grc' dir='ltr'>εἴ</span> <span class='ocrx_word' id='word_1_613' title='bbox 1605 4312 1681 4383; x_wconf 82' lang='grc' dir='ltr'>μή</span> <span class='ocrx_word' id='word_1_614' title='bbox 1723 4312 1752 4366; x_wconf 86' lang='grc' dir='ltr'>ὁ</span> <span class='ocrx_word' id='word_1_615' title='bbox 1808 4313 1937 4376; x_wconf 88' lang='grc' dir='ltr'>Θεὸς</span> 
     </span>
    </p>
   </div>
   <div class='ocr_carea' id='block_1_83' title="bbox 268 4394 1937 4475">
    <p class='ocr_par' dir='ltr' id='par_1_83' title="bbox 268 4394 1937 4475">
     <span class='ocr_line' id='line_1_83' title="bbox 268 4394 1937 4475; baseline 0.004 -25"><span class='ocrx_word' id='word_1_616' title='bbox 268 4394 490 4469; x_wconf 72' lang='grc' dir='ltr'>ἤγειρε,</span> <span class='ocrx_word' id='word_1_617' title='bbox 554 4396 711 4475; x_wconf 70' lang='grc' dir='ltr'>φησὶ,</span> <span class='ocrx_word' id='word_1_618' title='bbox 777 4397 1066 4457; x_wconf 81' lang='grc' dir='ltr'>τεθνεῶτες</span> <span class='ocrx_word' id='word_1_619' title='bbox 1124 4396 1184 4451; x_wconf 80' lang='grc' dir='ltr'>ἂν</span> <span class='ocrx_word' id='word_1_620' title='bbox 1242 4396 1455 4470; x_wconf 71' lang='grc' dir='ltr'>εἴημεν,</span> <span class='ocrx_word' id='word_1_621' title='bbox 1532 4398 1596 4456; x_wconf 73' lang='grc' dir='ltr'><strong>Εἴ</strong></span> <span class='ocrx_word' id='word_1_622' title='bbox 1656 4396 1715 4455; x_wconf 79' lang='grc' dir='ltr'>δὶ</span> <span class='ocrx_word' id='word_1_623' title='bbox 1768 4406 1937 4458; x_wconf 87' lang='grc' dir='ltr'>ταῦτα</span> 
     </span>
    </p>
   </div>
   <div class='ocr_carea' id='block_1_84' title="bbox 268 4483 1936 4566">
    <p class='ocr_par' dir='ltr' id='par_1_84' title="bbox 268 4483 1936 4566">
     <span class='ocr_line' id='line_1_84' title="bbox 268 4483 1936 4566; baseline 0.003 -25"><span class='ocrx_word' id='word_1_624' title='bbox 268 4483 496 4547; x_wconf 86' lang='grc' dir='ltr'>Ιιαῦλος</span> <span class='ocrx_word' id='word_1_625' title='bbox 541 4484 569 4539; x_wconf 90' lang='grc' dir='ltr'><strong>ὁ</strong></span> <span class='ocrx_word' id='word_1_626' title='bbox 601 4483 653 4539; x_wconf 76' lang='grc' dir='ltr'>ἐν</span> <span class='ocrx_word' id='word_1_627' title='bbox 679 4489 801 4548; x_wconf 88' lang='grc' dir='ltr'>ταῖς</span> <span class='ocrx_word' id='word_1_628' title='bbox 836 4484 1060 4560; x_wconf 81' lang='grc' dir='ltr'>θλίψεσι</span> <span class='ocrx_word' id='word_1_629' title='bbox 1116 4484 1556 4559; x_wconf 86' lang='grc' dir='ltr'>πλατυνόμενος,</span> <span class='ocrx_word' id='word_1_630' title='bbox 1612 4489 1640 4543; x_wconf 86' lang='grc' dir='ltr'><strong>ὁ</strong></span> <span class='ocrx_word' id='word_1_631' title='bbox 1699 4490 1936 4566; x_wconf 83' lang='grc' dir='ltr'>καθάπερ</span> 
     </span>
    </p>
   </div>
   <div class='ocr_carea' id='block_1_85' title="bbox 273 4572 1936 4654">
    <p class='ocr_par' dir='ltr' id='par_1_85' title="bbox 273 4572 1936 4654">
     <span class='ocr_line' id='line_1_85' title="bbox 273 4572 1936 4654; baseline 0.002 -25"><span class='ocrx_word' id='word_1_632' title='bbox 273 4574 567 4654; x_wconf 69' lang='grc' dir='ltr'>στεφάνοις</span> <span class='ocrx_word' id='word_1_633' title='bbox 595 4574 683 4629; x_wconf 79' lang='grc' dir='ltr'><strong>καὶ</strong></span> <span class='ocrx_word' id='word_1_634' title='bbox 714 4572 1044 4652; x_wconf 69' lang='grc' dir='ltr'>ἀναρῥήσεσι</span> <span class='ocrx_word' id='word_1_635' title='bbox 1074 4579 1192 4637; x_wconf 88' lang='grc' dir='ltr'>ταῖς</span> <span class='ocrx_word' id='word_1_636' title='bbox 1239 4573 1460 4649; x_wconf 81' lang='grc' dir='ltr'>θλίψεσι</span> <span class='ocrx_word' id='word_1_637' title='bbox 1516 4577 1936 4651; x_wconf 87' lang='grc' dir='ltr'>σεμνυνόμενος,</span> 
     </span>
    </p>
   </div>
   <div class='ocr_carea' id='block_1_86' title="bbox 272 4659 1935 4740">
    <p class='ocr_par' dir='ltr' id='par_1_86' title="bbox 272 4659 1935 4740">
     <span class='ocr_line' id='line_1_86' title="bbox 272 4659 1935 4740; baseline 0 -21"><span class='ocrx_word' id='word_1_638' title='bbox 272 4662 327 4719; x_wconf 72' lang='grc' dir='ltr'><strong>εἰ</strong></span> <span class='ocrx_word' id='word_1_639' title='bbox 356 4667 527 4718; x_wconf 84' lang='grc' dir='ltr'>ταῦτα</span> <span class='ocrx_word' id='word_1_640' title='bbox 554 4663 760 4725; x_wconf 69' lang='grc' dir='ltr'>έκεῖνος</span> <span class='ocrx_word' id='word_1_641' title='bbox 792 4659 965 4736; x_wconf 84' lang='grc' dir='ltr'>λέγει,</span> <span class='ocrx_word' id='word_1_642' title='bbox 997 4661 1087 4717; x_wconf 81' lang='grc' dir='ltr'><strong>καὶ</strong></span> <span class='ocrx_word' id='word_1_643' title='bbox 1122 4662 1185 4719; x_wconf 86' lang='grc' dir='ltr'><strong>τὸ</strong></span> <span class='ocrx_word' id='word_1_644' title='bbox 1216 4667 1320 4719; x_wconf 78' lang='grc' dir='ltr'><strong>πᾶν</strong></span> <span class='ocrx_word' id='word_1_645' title='bbox 1368 4670 1469 4733; x_wconf 74' lang='grc' dir='ltr'><strong>τῆς</strong></span> <span class='ocrx_word' id='word_1_646' title='bbox 1527 4666 1799 4740; x_wconf 73' lang='grc' dir='ltr'>σωτηρίας</span> <span class='ocrx_word' id='word_1_647' title='bbox 1860 4666 1935 4729; x_wconf 70' lang='grc' dir='ltr'>εἷς</span> 
     </span>
    </p>
   </div>
   <div class='ocr_carea' id='block_1_87' title="bbox 268 4749 1938 4834">
    <p class='ocr_par' dir='ltr' id='par_1_87' title="bbox 268 4749 1938 4834">
     <span class='ocr_line' id='line_1_87' title="bbox 268 4749 1938 4834; baseline 0.003 -27"><span class='ocrx_word' id='word_1_648' title='bbox 268 4751 369 4808; x_wconf 83' lang='grc' dir='ltr'>τὸν</span> <span class='ocrx_word' id='word_1_649' title='bbox 426 4753 557 4807; x_wconf 83' lang='grc' dir='ltr'>Θεὸν</span> <span class='ocrx_word' id='word_1_650' title='bbox 612 4749 950 4822; x_wconf 81' lang='grc' dir='ltr'>ἀνατίθησιν,</span> <span class='ocrx_word' id='word_1_651' title='bbox 999 4754 1163 4823; x_wconf 77' lang='grc' dir='ltr'>ἡμεῖς</span> <span class='ocrx_word' id='word_1_652' title='bbox 1217 4751 1270 4807; x_wconf 89' lang='grc' dir='ltr'><strong>τί</strong></span> <span class='ocrx_word' id='word_1_653' title='bbox 1315 4750 1442 4827; x_wconf 81' lang='grc' dir='ltr'>δρᾷν</span> <span class='ocrx_word' id='word_1_654' title='bbox 1498 4752 1793 4834; x_wconf 72' lang='grc' dir='ltr'>ὀφείλομεν</span> <span class='ocrx_word' id='word_1_655' title='bbox 1821 4753 1938 4812; x_wconf 75' lang='grc' dir='ltr'>ἕτε-</span> 
     </span>
    </p>
   </div>
   <div class='ocr_carea' id='block_1_88' title="bbox 269 4841 1938 4923">
    <p class='ocr_par' dir='ltr' id='par_1_88' title="bbox 269 4841 1938 4923">
     <span class='ocr_line' id='line_1_88' title="bbox 269 4841 1938 4923; baseline 0.002 -23"><span class='ocrx_word' id='word_1_656' title='bbox 269 4865 371 4921; x_wconf 89' lang='grc' dir='ltr'><strong>ρον</strong></span> <span class='ocrx_word' id='word_1_657' title='bbox 403 4864 416 4914; x_wconf 90' lang='grc'>;</span> <span class='ocrx_word' id='word_1_658' title='bbox 448 4844 485 4915; x_wconf 77' lang='grc' dir='ltr'><strong>ἢ</strong></span> <span class='ocrx_word' id='word_1_659' title='bbox 517 4849 634 4907; x_wconf 80' lang='grc' dir='ltr'><strong>πῶς</strong></span> <span class='ocrx_word' id='word_1_660' title='bbox 665 4844 883 4906; x_wconf 66' lang='grc' dir='ltr'>ἑαυτοῖς</span> <span class='ocrx_word' id='word_1_661' title='bbox 917 4841 1133 4920; x_wconf 78' lang='grc' dir='ltr'>θαρρεῖν</span> <span class='ocrx_word' id='word_1_662' title='bbox 1170 4844 1522 4921; x_wconf 77' lang='grc' dir='ltr'>ὑπαχθέντες,</span> <span class='ocrx_word' id='word_1_663' title='bbox 1566 4847 1669 4903; x_wconf 81' lang='grc' dir='ltr'>οὐκ</span> <span class='ocrx_word' id='word_1_664' title='bbox 1719 4846 1938 4923; x_wconf 71' lang='grc' dir='ltr'>ἐγκατα-</span> 
     </span>
    </p>
   </div>
   <div class='ocr_carea' id='block_1_89' title="bbox 269 4931 1934 5013">
    <p class='ocr_par' dir='ltr' id='par_1_89' title="bbox 269 4931 1934 5013">
     <span class='ocr_line' id='line_1_89' title="bbox 269 4931 1934 5013; baseline 0.002 -23"><span class='ocrx_word' id='word_1_665' title='bbox 269 4934 689 5013; x_wconf 68' lang='grc' dir='ltr'>λειφθησόμεθα</span> <span class='ocrx_word' id='word_1_666' title='bbox 717 4931 942 4996; x_wconf 79' lang='grc' dir='ltr'>δικαίως</span> <span class='ocrx_word' id='word_1_667' title='bbox 979 4934 1083 4989; x_wconf 86' lang='grc' dir='ltr'>ὑπὸ</span> <span class='ocrx_word' id='word_1_668' title='bbox 1113 4938 1211 4989; x_wconf 80' lang='grc' dir='ltr'><strong>τοῦ</strong></span> <span class='ocrx_word' id='word_1_669' title='bbox 1268 4935 1542 5005; x_wconf 86' lang='grc' dir='ltr'>σώζοντος</span> <span class='ocrx_word' id='word_1_670' title='bbox 1599 4936 1690 4991; x_wconf 88' lang='grc' dir='ltr'><strong>καὶ</strong></span> <span class='ocrx_word' id='word_1_671' title='bbox 1734 4938 1934 5013; x_wconf 78' lang='grc' dir='ltr'>ὑπερα-</span> 
     </span>
    </p>
   </div>
   <div class='ocr_carea' id='block_1_90' title="bbox 267 5023 1933 5101">
    <p class='ocr_par' dir='ltr' id='par_1_90' title="bbox 267 5023 1933 5101">
     <span class='ocr_line' id='line_1_90' title="bbox 267 5023 1933 5101; baseline 0.001 -21"><span class='ocrx_word' id='word_1_672' title='bbox 267 5024 561 5095; x_wconf 84' lang='grc' dir='ltr'>σπίζοντος</span> <span class='ocrx_word' id='word_1_673' title='bbox 593 5028 727 5079; x_wconf 88' lang='grc' dir='ltr'>Θεοῦ</span> <span class='ocrx_word' id='word_1_674' title='bbox 760 5043 774 5091; x_wconf 88' lang='grc'><strong>;</strong></span> <span class='ocrx_word' id='word_1_675' title='bbox 808 5047 836 5076; x_wconf 88' lang='grc'><strong>‹‹</strong></span> <span class='ocrx_word' id='word_1_676' title='bbox 862 5024 955 5095; x_wconf 83' lang='grc' dir='ltr'><strong>Τῷ</strong></span> <span class='ocrx_word' id='word_1_677' title='bbox 982 5023 1253 5098; x_wconf 76' lang='grc' dir='ltr'>ὲγείραντι</span> <span class='ocrx_word' id='word_1_678' title='bbox 1280 5024 1409 5087; x_wconf 77' lang='grc' dir='ltr'>τοὺς</span> <span class='ocrx_word' id='word_1_679' title='bbox 1439 5023 1681 5101; x_wconf 85' lang='grc' dir='ltr'>νεκρούς.</span> <span class='ocrx_word' id='word_1_680' title='bbox 1720 5051 1741 5076; x_wconf 73' lang='grc' dir='ltr'><strong>ιι</strong></span> <span class='ocrx_word' id='word_1_681' title='bbox 1775 5028 1933 5100; x_wconf 70' lang='grc' dir='ltr'>’Ἅμα</span> 
     </span>
    </p>
   </div>
   <div class='ocr_carea' id='block_1_91' title="bbox 270 5109 1929 5196">
    <p class='ocr_par' dir='ltr' id='par_1_91' title="bbox 270 5109 1929 5196">
     <span class='ocr_line' id='line_1_91' title="bbox 270 5109 1929 5196; baseline 0.002 -27"><span class='ocrx_word' id='word_1_682' title='bbox 270 5115 368 5189; x_wconf 77' lang='grc' dir='ltr'>μὶν</span> <span class='ocrx_word' id='word_1_683' title='bbox 401 5114 651 5193; x_wconf 68' lang='grc' dir='ltr'>ὶμφαίνει</span> <span class='ocrx_word' id='word_1_684' title='bbox 684 5114 748 5169; x_wconf 85' lang='grc' dir='ltr'>τὸ</span> <span class='ocrx_word' id='word_1_685' title='bbox 776 5116 874 5167; x_wconf 90' lang='grc' dir='ltr'><strong>τοῦ</strong></span> <span class='ocrx_word' id='word_1_686' title='bbox 901 5109 1154 5169; x_wconf 80' lang='grc' dir='ltr'>κινδύνου</span> <span class='ocrx_word' id='word_1_687' title='bbox 1200 5112 1445 5190; x_wconf 82' lang='grc' dir='ltr'>μέγεθος,</span> <span class='ocrx_word' id='word_1_688' title='bbox 1508 5115 1807 5196; x_wconf 85' lang='grc' dir='ltr'>μονονουχὶ</span> <span class='ocrx_word' id='word_1_689' title='bbox 1840 5115 1929 5172; x_wconf 80' lang='grc' dir='ltr'>λέ-</span> 
     </span>
    </p>
   </div>
   <div class='ocr_carea' id='block_1_92' title="bbox 266 5200 1931 5282">
    <p class='ocr_par' dir='ltr' id='par_1_92' title="bbox 266 5200 1931 5282">
     <span class='ocr_line' id='line_1_92' title="bbox 266 5200 1931 5282; baseline 0 -21"><span class='ocrx_word' id='word_1_690' title='bbox 266 5228 381 5282; x_wconf 88' lang='grc' dir='ltr'><strong>γων</strong></span> <span class='ocrx_word' id='word_1_691' title='bbox 416 5205 503 5260; x_wconf 78' lang='grc' dir='ltr'>’ὁτι</span> <span class='ocrx_word' id='word_1_692' title='bbox 529 5200 754 5279; x_wconf 71' lang='grc' dir='ltr'>νεκροὺς</span> <span class='ocrx_word' id='word_1_693' title='bbox 785 5202 1107 5279; x_wconf 82' lang='grc' dir='ltr'>γενομένους</span> <span class='ocrx_word' id='word_1_694' title='bbox 1132 5201 1439 5275; x_wconf 84' lang='grc' dir='ltr'>ἀνέστησεν,</span> <span class='ocrx_word' id='word_1_695' title='bbox 1474 5202 1586 5276; x_wconf 75' lang='grc' dir='ltr'><strong>ἃμα</strong></span> <span class='ocrx_word' id='word_1_696' title='bbox 1617 5201 1783 5260; x_wconf 77' lang='grc' dir='ltr'>δὲκαὶ</span> <span class='ocrx_word' id='word_1_697' title='bbox 1832 5210 1931 5262; x_wconf 90' lang='grc' dir='ltr'><strong>τοῦ</strong></span> 
     </span>
    </p>
   </div>
   <div class='ocr_carea' id='block_1_93' title="bbox 269 5291 1927 5368">
    <p class='ocr_par' dir='ltr' id='par_1_93' title="bbox 269 5291 1927 5368">
     <span class='ocr_line' id='line_1_93' title="bbox 269 5291 1927 5368; baseline 0 -17"><span class='ocrx_word' id='word_1_698' title='bbox 269 5302 373 5365; x_wconf 80' lang='grc' dir='ltr'><strong>τῆς</strong></span> <span class='ocrx_word' id='word_1_699' title='bbox 401 5293 741 5354; x_wconf 75' lang='grc' dir='ltr'>ἀναστάσεως</span> <span class='ocrx_word' id='word_1_700' title='bbox 775 5291 971 5347; x_wconf 81' lang='grc' dir='ltr'>αὐτοὺς</span> <span class='ocrx_word' id='word_1_701' title='bbox 1000 5292 1411 5366; x_wconf 64' lang='grc' dir='ltr'>ὑπομιμνήσκει</span> <span class='ocrx_word' id='word_1_702' title='bbox 1444 5291 1635 5368; x_wconf 70' lang='grc' dir='ltr'>λόγου,</span> <span class='ocrx_word' id='word_1_703' title='bbox 1667 5295 1726 5350; x_wconf 82' lang='grc' dir='ltr'><strong>δν</strong></span> <span class='ocrx_word' id='word_1_704' title='bbox 1753 5293 1927 5351; x_wconf 79' lang='grc' dir='ltr'>πολὺν</span> 
     </span>
    </p>
   </div>
   <div class='ocr_carea' id='block_1_94' title="bbox 266 5381 1927 5457">
    <p class='ocr_par' dir='ltr' id='par_1_94' title="bbox 266 5381 1927 5457">
     <span class='ocr_line' id='line_1_94' title="bbox 266 5381 1927 5457; baseline -0.001 -16"><span class='ocrx_word' id='word_1_705' title='bbox 266 5384 589 5456; x_wconf 72' lang='grc' dir='ltr'>ἐποιήσατο,</span> <span class='ocrx_word' id='word_1_706' title='bbox 621 5382 671 5436; x_wconf 79' lang='grc' dir='ltr'>ἐν</span> <span class='ocrx_word' id='word_1_707' title='bbox 701 5384 770 5456; x_wconf 79' lang='grc' dir='ltr'><strong>τῇ</strong></span> <span class='ocrx_word' id='word_1_708' title='bbox 786 5381 1359 5457; x_wconf 67' lang='grc' dir='ltr'>πρώτῃίσλπιστολ·ᾖ.ι‹</span> <span class='ocrx_word' id='word_1_709' title='bbox 1384 5385 1483 5445; x_wconf 82' lang='grc' dir='ltr'>Ὃς</span> <span class='ocrx_word' id='word_1_710' title='bbox 1516 5382 1576 5439; x_wconf 81' lang='grc' dir='ltr'>ἐκ</span> <span class='ocrx_word' id='word_1_711' title='bbox 1592 5382 1927 5455; x_wconf 76' lang='grc' dir='ltr'>τηλικούτου</span> 
     </span>
    </p>
   </div>
   <div class='ocr_carea' id='block_1_95' title="bbox 266 5468 1922 5544">
    <p class='ocr_par' dir='ltr' id='par_1_95' title="bbox 266 5468 1922 5544">
     <span class='ocr_line' id='line_1_95' title="bbox 266 5468 1922 5544; baseline -0.001 -15"><span class='ocrx_word' id='word_1_712' title='bbox 266 5474 521 5530; x_wconf 78' lang='grc' dir='ltr'>θανάτου.</span> <span class='ocrx_word' id='word_1_713' title='bbox 549 5495 577 5524; x_wconf 83' lang='lat'><strong>»</strong></span> <span class='ocrx_word' id='word_1_714' title='bbox 611 5471 725 5528; x_wconf 78' lang='grc' dir='ltr'><strong>Ούκ</strong></span> <span class='ocrx_word' id='word_1_715' title='bbox 756 5470 898 5541; x_wconf 81' lang='grc' dir='ltr'>εἶπε,</span> <span class='ocrx_word' id='word_1_716' title='bbox 933 5493 959 5523; x_wconf 77' lang='grc' dir='ltr'>ι</span> <span class='ocrx_word' id='word_1_717' title='bbox 993 5468 1273 5536; x_wconf 83' lang='grc' dir='ltr'>Κινδύνου,</span> <span class='ocrx_word' id='word_1_718' title='bbox 1308 5496 1336 5523; x_wconf 83' lang='grc'><strong>››</strong></span> <span class='ocrx_word' id='word_1_719' title='bbox 1364 5469 1531 5541; x_wconf 81' lang='grc' dir='ltr'>ἀλλὰ,</span> <span class='ocrx_word' id='word_1_720' title='bbox 1565 5497 1593 5525; x_wconf 89' lang='grc'>‹‹</span> <span class='ocrx_word' id='word_1_721' title='bbox 1627 5473 1922 5544; x_wconf 86' lang='grc' dir='ltr'>Θανάτου,››</span> 
     </span>
    </p>
   </div>
   <div class='ocr_carea' id='block_1_96' title="bbox 268 5557 1923 5638">
    <p class='ocr_par' dir='ltr' id='par_1_96' title="bbox 268 5557 1923 5638">
     <span class='ocr_line' id='line_1_96' title="bbox 268 5557 1923 5638; baseline -0.001 -18"><span class='ocrx_word' id='word_1_722' title='bbox 268 5562 403 5636; x_wconf 76' lang='grc' dir='ltr'>ὅπερ</span> <span class='ocrx_word' id='word_1_723' title='bbox 435 5562 618 5619; x_wconf 77' lang='grc' dir='ltr'>καὶτὸ</span> <span class='ocrx_word' id='word_1_724' title='bbox 654 5559 926 5638; x_wconf 81' lang='grc' dir='ltr'>ὑπερέχον</span> <span class='ocrx_word' id='word_1_725' title='bbox 952 5563 1058 5613; x_wconf 81' lang='grc' dir='ltr'>τῶν</span> <span class='ocrx_word' id='word_1_726' title='bbox 1116 5558 1377 5616; x_wconf 88' lang='grc' dir='ltr'>κινδύνων</span> <span class='ocrx_word' id='word_1_727' title='bbox 1438 5557 1624 5634; x_wconf 84' lang='grc' dir='ltr'>δηλοῖ,</span> <span class='ocrx_word' id='word_1_728' title='bbox 1681 5561 1770 5618; x_wconf 83' lang='grc' dir='ltr'><strong>καὶ</strong></span> <span class='ocrx_word' id='word_1_729' title='bbox 1821 5565 1923 5634; x_wconf 79' lang='grc' dir='ltr'><strong>τήν</strong></span> 
     </span>
    </p>
   </div>
   <div class='ocr_carea' id='block_1_97' title="bbox 265 5647 1924 5729">
    <p class='ocr_par' dir='ltr' id='par_1_97' title="bbox 265 5647 1924 5729">
     <span class='ocr_line' id='line_1_97' title="bbox 265 5647 1924 5729; baseline -0.001 -21"><span class='ocrx_word' id='word_1_730' title='bbox 265 5652 557 5709; x_wconf 81' lang='grc' dir='ltr'>ἀνάστασιν</span> <span class='ocrx_word' id='word_1_731' title='bbox 590 5647 755 5705; x_wconf 78' lang='grc' dir='ltr'>πάλιν</span> <span class='ocrx_word' id='word_1_732' title='bbox 789 5647 1164 5725; x_wconf 85' lang='grc' dir='ltr'>παρατίθεται,</span> <span class='ocrx_word' id='word_1_733' title='bbox 1199 5650 1275 5712; x_wconf 83' lang='grc' dir='ltr'>ὡς</span> <span class='ocrx_word' id='word_1_734' title='bbox 1325 5650 1374 5705; x_wconf 79' lang='grc' dir='ltr'><strong>εἷ’</strong></span> <span class='ocrx_word' id='word_1_735' title='bbox 1430 5647 1606 5729; x_wconf 73' lang='grc' dir='ltr'>ἔλεγε·</span> <span class='ocrx_word' id='word_1_736' title='bbox 1669 5650 1734 5708; x_wconf 92' lang='grc' dir='ltr'>Τί</span> <span class='ocrx_word' id='word_1_737' title='bbox 1793 5651 1924 5708; x_wconf 85' lang='grc' dir='ltr'>ἀπι-</span> 
     </span>
    </p>
   </div>
   <div class='ocr_carea' id='block_1_98' title="bbox 267 5737 1921 5820">
    <p class='ocr_par' dir='ltr' id='par_1_98' title="bbox 267 5737 1921 5820">
     <span class='ocr_line' id='line_1_98' title="bbox 267 5737 1921 5820; baseline -0.008 -18"><span class='ocrx_word' id='word_1_738' title='bbox 267 5743 452 5820; x_wconf 79' lang='grc' dir='ltr'>στοῦσί</span> <span class='ocrx_word' id='word_1_739' title='bbox 482 5761 624 5803; x_wconf 78' lang='grc' dir='ltr'>τινες</span> <span class='ocrx_word' id='word_1_740' title='bbox 653 5743 725 5815; x_wconf 75' lang='grc' dir='ltr'><strong>τῇ</strong></span> <span class='ocrx_word' id='word_1_741' title='bbox 757 5740 1043 5795; x_wconf 73' lang='grc' dir='ltr'>ἀναστάσει</span> <span class='ocrx_word' id='word_1_742' title='bbox 1078 5760 1093 5813; x_wconf 84' lang='lat'><strong>;</strong></span> <span class='ocrx_word' id='word_1_743' title='bbox 1125 5737 1234 5812; x_wconf 70' lang='grc' dir='ltr'>ἤδη</span> <span class='ocrx_word' id='word_1_744' title='bbox 1270 5737 1460 5798; x_wconf 79' lang='grc' dir='ltr'>δίδωσι</span> <span class='ocrx_word' id='word_1_745' title='bbox 1495 5737 1764 5820; x_wconf 73' lang='grc' dir='ltr'>δείγματα</span> <span class='ocrx_word' id='word_1_746' title='bbox 1790 5743 1921 5798; x_wconf 56' lang='lat' dir='ltr'><strong>suos-</strong></span> 
     </span>
    </p>
   </div>
   <div class='ocr_carea' id='block_1_99' title="bbox 2049 3957 3704 4030">
    <p class='ocr_par' dir='ltr' id='par_1_99' title="bbox 2049 3957 3704 4030">
     <span class='ocr_line' id='line_1_99' title="bbox 2049 3957 3704 4030; baseline 0 -16"><span class='ocrx_word' id='word_1_747' title='bbox 2049 3974 2210 4014; x_wconf 90' lang='lat' dir='ltr'><strong>nunc</strong></span> <span class='ocrx_word' id='word_1_748' title='bbox 2241 3958 2533 4014; x_wconf 81' lang='lat' dir='ltr'><strong>excitavit.</strong></span> <span class='ocrx_word' id='word_1_749' title='bbox 2568 3960 2800 4014; x_wconf 88' lang='lat' dir='ltr'><strong>Etenim</strong></span> <span class='ocrx_word' id='word_1_750' title='bbox 2832 3976 3186 4030; x_wconf 88' lang='lat' dir='ltr'><strong>responsum</strong></span> <span class='ocrx_word' id='word_1_751' title='bbox 3219 3960 3429 4014; x_wconf 88' lang='lat' dir='ltr'><strong>mortis</strong></span> <span class='ocrx_word' id='word_1_752' title='bbox 3451 3959 3510 4013; x_wconf 87' lang='lat' dir='ltr'><strong>in</strong></span> <span class='ocrx_word' id='word_1_753' title='bbox 3532 3957 3704 4014; x_wconf 88' lang='lat' dir='ltr'><strong>nobis</strong></span> 
     </span>
    </p>
   </div>
   <div class='ocr_carea' id='block_1_100' title="bbox 2047 4047 3702 4120">
    <p class='ocr_par' dir='ltr' id='par_1_100' title="bbox 2047 4047 3702 4120">
     <span class='ocr_line' id='line_1_100' title="bbox 2047 4047 3702 4120; baseline 0 -18"><span class='ocrx_word' id='word_1_754' title='bbox 2047 4047 2193 4119; x_wconf 86' lang='lat' dir='ltr'><strong>ipsis</strong></span> <span class='ocrx_word' id='word_1_755' title='bbox 2225 4047 2625 4104; x_wconf 89' lang='lat' dir='ltr'><strong>habueramus</strong></span> <span class='ocrx_word' id='word_1_756' title='bbox 2658 4063 2672 4115; x_wconf 89' lang='lat'><strong>;</strong></span> <span class='ocrx_word' id='word_1_757' title='bbox 2705 4065 2815 4104; x_wconf 88' lang='lat' dir='ltr'><strong>nec</strong></span> <span class='ocrx_word' id='word_1_758' title='bbox 2836 4049 2917 4119; x_wconf 67' lang='lat' dir='ltr'><strong>{id</strong></span> <span class='ocrx_word' id='word_1_759' title='bbox 2947 4050 3080 4105; x_wconf 88' lang='lat' dir='ltr'><strong>aliis</strong></span> <span class='ocrx_word' id='word_1_760' title='bbox 3112 4049 3184 4104; x_wconf 91' lang='lat' dir='ltr'><strong>de</strong></span> <span class='ocrx_word' id='word_1_761' title='bbox 3232 4047 3406 4103; x_wconf 90' lang='lat' dir='ltr'><strong>nobis</strong></span> <span class='ocrx_word' id='word_1_762' title='bbox 3454 4064 3702 4120; x_wconf 87' lang='lat' dir='ltr'><strong>respon-</strong></span> 
     </span>
    </p>
   </div>
   <div class='ocr_carea' id='block_1_101' title="bbox 2049 4138 3707 4213">
    <p class='ocr_par' dir='ltr' id='par_1_101' title="bbox 2049 4138 3707 4213">
     <span class='ocr_line' id='line_1_101' title="bbox 2049 4138 3707 4213; baseline 0.001 -19"><span class='ocrx_word' id='word_1_763' title='bbox 2049 4138 2349 4209; x_wconf 85' lang='lat' dir='ltr'><strong>dentibus,</strong></span> <span class='ocrx_word' id='word_1_764' title='bbox 2384 4140 2487 4195; x_wconf 92' lang='lat' dir='ltr'><strong>sed</strong></span> <span class='ocrx_word' id='word_1_765' title='bbox 2545 4139 2742 4206; x_wconf 87' lang='lat' dir='ltr'><strong>nobis,</strong></span> <span class='ocrx_word' id='word_1_766' title='bbox 2798 4140 3016 4212; x_wconf 89' lang='lat' dir='ltr'><strong>inquit,</strong></span> <span class='ocrx_word' id='word_1_767' title='bbox 3077 4141 3138 4196; x_wconf 90' lang='lat' dir='ltr'><strong>in</strong></span> <span class='ocrx_word' id='word_1_768' title='bbox 3172 4139 3343 4196; x_wconf 88' lang='lat' dir='ltr'><strong>nobis</strong></span> <span class='ocrx_word' id='word_1_769' title='bbox 3389 4139 3555 4213; x_wconf 86' lang='lat' dir='ltr'><strong>ipsis.</strong></span> <span class='ocrx_word' id='word_1_770' title='bbox 3590 4140 3707 4196; x_wconf 85' lang='lat' dir='ltr'><strong>Nec</strong></span> 
     </span>
    </p>
   </div>
   <div class='ocr_carea' id='block_1_102' title="bbox 2049 4228 3703 4302">
    <p class='ocr_par' dir='ltr' id='par_1_102' title="bbox 2049 4228 3703 4302">
     <span class='ocr_line' id='line_1_102' title="bbox 2049 4228 3703 4302; baseline 0.001 -18"><span class='ocrx_word' id='word_1_771' title='bbox 2049 4228 2214 4294; x_wconf 90' lang='lat' dir='ltr'><strong>dicit,</strong></span> <span class='ocrx_word' id='word_1_772' title='bbox 2272 4229 2853 4294; x_wconf 81' lang='lat' dir='ltr'><strong>Existimaveramus,</strong></span> <span class='ocrx_word' id='word_1_773' title='bbox 2888 4230 3013 4295; x_wconf 84' lang='lat' dir='ltr'><strong>sed,</strong></span> <span class='ocrx_word' id='word_1_774' title='bbox 3073 4230 3503 4297; x_wconf 86' lang='lat' dir='ltr'><strong>Habueramus,</strong></span> <span class='ocrx_word' id='word_1_775' title='bbox 3545 4228 3703 4302; x_wconf 89' lang='lat' dir='ltr'><strong>quod</strong></span> 
     </span>
    </p>
   </div>
   <div class='ocr_carea' id='block_1_103' title="bbox 2048 4318 3703 4392">
    <p class='ocr_par' dir='ltr' id='par_1_103' title="bbox 2048 4318 3703 4392">
     <span class='ocr_line' id='line_1_103' title="bbox 2048 4318 3703 4392; baseline 0.001 -18"><span class='ocrx_word' id='word_1_776' title='bbox 2048 4324 2278 4374; x_wconf 89' lang='lat' dir='ltr'><strong>certum</strong></span> <span class='ocrx_word' id='word_1_777' title='bbox 2309 4334 2379 4374; x_wconf 89' lang='lat' dir='ltr'><strong>ac</strong></span> <span class='ocrx_word' id='word_1_778' title='bbox 2409 4318 2649 4375; x_wconf 83' lang='lat' dir='ltr'><strong>ﬁrmum</strong></span> <span class='ocrx_word' id='word_1_779' title='bbox 2680 4319 2944 4375; x_wconf 90' lang='lat' dir='ltr'><strong>ostendit</strong></span> <span class='ocrx_word' id='word_1_780' title='bbox 2955 4319 3254 4392; x_wconf 89' lang='lat' dir='ltr'><strong>judicium</strong></span> <span class='ocrx_word' id='word_1_781' title='bbox 3277 4336 3344 4375; x_wconf 90' lang='lat' dir='ltr'><strong>ac</strong></span> <span class='ocrx_word' id='word_1_782' title='bbox 3375 4319 3703 4375; x_wconf 87' lang='lat' dir='ltr'><strong>decretum.</strong></span> 
     </span>
    </p>
   </div>
   <div class='ocr_carea' id='block_1_104' title="bbox 2047 4408 3702 4481">
    <p class='ocr_par' dir='ltr' id='par_1_104' title="bbox 2047 4408 3702 4481">
     <span class='ocr_line' id='line_1_104' title="bbox 2047 4408 3702 4481; baseline 0.002 -20"><span class='ocrx_word' id='word_1_783' title='bbox 2047 4408 2253 4479; x_wconf 86' lang='lat' dir='ltr'><strong>Itaque</strong></span> <span class='ocrx_word' id='word_1_784' title='bbox 2294 4409 2681 4465; x_wconf 81' lang='lat' dir='ltr'><strong>manifestum</strong></span> <span class='ocrx_word' id='word_1_785' title='bbox 2734 4415 2824 4465; x_wconf 88' lang='lat' dir='ltr'><strong>est</strong></span> <span class='ocrx_word' id='word_1_786' title='bbox 2853 4409 3013 4481; x_wconf 92' lang='lat' dir='ltr'><strong>quod</strong></span> <span class='ocrx_word' id='word_1_787' title='bbox 3043 4410 3158 4465; x_wconf 87' lang='lat' dir='ltr'><strong>nisi</strong></span> <span class='ocrx_word' id='word_1_788' title='bbox 3192 4411 3343 4465; x_wconf 88' lang='lat' dir='ltr'><strong>Deus</strong></span> <span class='ocrx_word' id='word_1_789' title='bbox 3375 4427 3484 4465; x_wconf 91' lang='lat' dir='ltr'><strong>nos</strong></span> <span class='ocrx_word' id='word_1_790' title='bbox 3515 4409 3702 4466; x_wconf 89' lang='lat' dir='ltr'><strong>susci-</strong></span> 
     </span>
    </p>
   </div>
   <div class='ocr_carea' id='block_1_105' title="bbox 2048 4498 3705 4568">
    <p class='ocr_par' dir='ltr' id='par_1_105' title="bbox 2048 4498 3705 4568">
     <span class='ocr_line' id='line_1_105' title="bbox 2048 4498 3705 4568; baseline 0.001 -18"><span class='ocrx_word' id='word_1_791' title='bbox 2048 4500 2251 4563; x_wconf 88' lang='lat' dir='ltr'><strong>tasset,</strong></span> <span class='ocrx_word' id='word_1_792' title='bbox 2292 4498 2502 4568; x_wconf 91' lang='lat' dir='ltr'><strong>utique</strong></span> <span class='ocrx_word' id='word_1_793' title='bbox 2530 4500 2750 4554; x_wconf 90' lang='lat' dir='ltr'><strong>mortui</strong></span> <span class='ocrx_word' id='word_1_794' title='bbox 2804 4516 3089 4556; x_wconf 87' lang='lat' dir='ltr'><strong>essemus.</strong></span> <span class='ocrx_word' id='word_1_795' title='bbox 3124 4498 3292 4565; x_wconf 86' lang='lat' dir='ltr'><strong>Quod</strong></span> <span class='ocrx_word' id='word_1_796' title='bbox 3322 4499 3371 4554; x_wconf 89' lang='lat' dir='ltr'><strong>si</strong></span> <span class='ocrx_word' id='word_1_797' title='bbox 3401 4499 3529 4554; x_wconf 75' lang='lat' dir='ltr'><strong>hazc</strong></span> <span class='ocrx_word' id='word_1_798' title='bbox 3560 4499 3705 4555; x_wconf 91' lang='lat' dir='ltr'><strong>dicit</strong></span> 
     </span>
    </p>
   </div>
   <div class='ocr_carea' id='block_1_106' title="bbox 2048 4584 3704 4660">
    <p class='ocr_par' dir='ltr' id='par_1_106' title="bbox 2048 4584 3704 4660">
     <span class='ocr_line' id='line_1_106' title="bbox 2048 4584 3704 4660; baseline 0.003 -22"><span class='ocrx_word' id='word_1_799' title='bbox 2048 4584 2394 4656; x_wconf 85' lang='lat' dir='ltr'><strong>Paulus,qui</strong></span> <span class='ocrx_word' id='word_1_800' title='bbox 2415 4587 2477 4641; x_wconf 90' lang='lat' dir='ltr'><strong>in</strong></span> <span class='ocrx_word' id='word_1_801' title='bbox 2498 4587 2925 4644; x_wconf 86' lang='lat' dir='ltr'><strong>afﬂictionibus</strong></span> <span class='ocrx_word' id='word_1_802' title='bbox 2947 4588 3203 4645; x_wconf 84' lang='lat' dir='ltr'><strong>exsultat</strong></span> <span class='ocrx_word' id='word_1_803' title='bbox 3219 4594 3277 4644; x_wconf 89' lang='lat' dir='ltr'><strong>et</strong></span> <span class='ocrx_word' id='word_1_804' title='bbox 3295 4588 3396 4660; x_wconf 90' lang='lat' dir='ltr'><strong>qui</strong></span> <span class='ocrx_word' id='word_1_805' title='bbox 3412 4588 3473 4643; x_wconf 88' lang='lat' dir='ltr'><strong>in</strong></span> <span class='ocrx_word' id='word_1_806' title='bbox 3504 4588 3704 4644; x_wconf 85' lang='lat' dir='ltr'><strong>adver-</strong></span> 
     </span>
    </p>
   </div>
   <div class='ocr_carea' id='block_1_107' title="bbox 2047 4671 3703 4747">
    <p class='ocr_par' dir='ltr' id='par_1_107' title="bbox 2047 4671 3703 4747">
     <span class='ocr_line' id='line_1_107' title="bbox 2047 4671 3703 4747; baseline 0.004 -21"><span class='ocrx_word' id='word_1_807' title='bbox 2047 4671 2321 4728; x_wconf 88' lang='lat' dir='ltr'><strong>sitatibus</strong></span> <span class='ocrx_word' id='word_1_808' title='bbox 2378 4673 2888 4731; x_wconf 83' lang='lat' dir='ltr'><strong>inenarrabilibus</strong></span> <span class='ocrx_word' id='word_1_809' title='bbox 2934 4682 3223 4747; x_wconf 87' lang='lat' dir='ltr'><strong>tanquam</strong></span> <span class='ocrx_word' id='word_1_810' title='bbox 3273 4675 3335 4730; x_wconf 89' lang='lat' dir='ltr'><strong>in</strong></span> <span class='ocrx_word' id='word_1_811' title='bbox 3366 4677 3603 4731; x_wconf 81' lang='lat' dir='ltr'><strong>coronis</strong></span> <span class='ocrx_word' id='word_1_812' title='bbox 3633 4692 3703 4732; x_wconf 90' lang='lat' dir='ltr'><strong>ac</strong></span> 
     </span>
    </p>
   </div>
   <div class='ocr_carea' id='block_1_108' title="bbox 2045 4757 3694 4834">
    <p class='ocr_par' dir='ltr' id='par_1_108' title="bbox 2045 4757 3694 4834">
     <span class='ocr_line' id='line_1_108' title="bbox 2045 4757 3694 4834; baseline 0.002 -19"><span class='ocrx_word' id='word_1_813' title='bbox 2045 4757 2266 4815; x_wconf 88' lang='lat' dir='ltr'><strong>braviis</strong></span> <span class='ocrx_word' id='word_1_814' title='bbox 2317 4759 2625 4831; x_wconf 79' lang='lat' dir='ltr'><strong>gloriatur,</strong></span> <span class='ocrx_word' id='word_1_815' title='bbox 2661 4778 3022 4834; x_wconf 89' lang='lat' dir='ltr'><strong>omnemque</strong></span> <span class='ocrx_word' id='word_1_816' title='bbox 3075 4763 3283 4819; x_wconf 87' lang='lat' dir='ltr'><strong>salutis</strong></span> <span class='ocrx_word' id='word_1_817' title='bbox 3315 4779 3597 4818; x_wconf 86' lang='lat' dir='ltr'><strong>ancoram</strong></span> <span class='ocrx_word' id='word_1_818' title='bbox 3631 4763 3694 4818; x_wconf 89' lang='lat' dir='ltr'><strong>in</strong></span> 
     </span>
    </p>
   </div>
   <div class='ocr_carea' id='block_1_109' title="bbox 2045 4848 3702 4923">
    <p class='ocr_par' dir='ltr' id='par_1_109' title="bbox 2045 4848 3702 4923">
     <span class='ocr_line' id='line_1_109' title="bbox 2045 4848 3702 4923; baseline 0.001 -19"><span class='ocrx_word' id='word_1_819' title='bbox 2045 4848 2232 4904; x_wconf 90' lang='lat' dir='ltr'><strong>Deum</strong></span> <span class='ocrx_word' id='word_1_820' title='bbox 2270 4849 2548 4920; x_wconf 86' lang='lat' dir='ltr'><strong>reponit:</strong></span> <span class='ocrx_word' id='word_1_821' title='bbox 2581 4850 2724 4923; x_wconf 90' lang='lat' dir='ltr'><strong>quid</strong></span> <span class='ocrx_word' id='word_1_822' title='bbox 2781 4868 2890 4908; x_wconf 88' lang='lat' dir='ltr'><strong>nos</strong></span> <span class='ocrx_word' id='word_1_823' title='bbox 2938 4850 3103 4907; x_wconf 89' lang='lat' dir='ltr'><strong>aliud</strong></span> <span class='ocrx_word' id='word_1_824' title='bbox 3140 4849 3334 4907; x_wconf 81' lang='lat' dir='ltr'><strong>facere</strong></span> <span class='ocrx_word' id='word_1_825' title='bbox 3366 4850 3702 4906; x_wconf 85' lang='lat' dir='ltr'><strong>debemus?</strong></span> 
     </span>
    </p>
   </div>
   <div class='ocr_carea' id='block_1_110' title="bbox 2045 4938 3737 5012">
    <p class='ocr_par' dir='ltr' id='par_1_110' title="bbox 2045 4938 3737 5012">
     <span class='ocr_line' id='line_1_110' title="bbox 2045 4938 3737 5012; baseline 0.002 -19"><span class='ocrx_word' id='word_1_826' title='bbox 2045 4942 2148 4993; x_wconf 90' lang='lat' dir='ltr'><strong>aut</strong></span> <span class='ocrx_word' id='word_1_827' title='bbox 2175 4938 2474 5009; x_wconf 90' lang='lat' dir='ltr'><strong>quomodo</strong></span> <span class='ocrx_word' id='word_1_828' title='bbox 2505 4939 2579 4994; x_wconf 90' lang='lat' dir='ltr'><strong>ad</strong></span> <span class='ocrx_word' id='word_1_829' title='bbox 2612 4939 2725 4996; x_wconf 90' lang='lat' dir='ltr'><strong>hoc</strong></span> <span class='ocrx_word' id='word_1_830' title='bbox 2750 4939 2988 4997; x_wconf 88' lang='lat' dir='ltr'><strong>adducti</strong></span> <span class='ocrx_word' id='word_1_831' title='bbox 3020 4946 3087 4995; x_wconf 87' lang='lat' dir='ltr'><strong>ut</strong></span> <span class='ocrx_word' id='word_1_832' title='bbox 3116 4940 3178 4996; x_wconf 90' lang='lat' dir='ltr'><strong>in</strong></span> <span class='ocrx_word' id='word_1_833' title='bbox 3203 4939 3375 4996; x_wconf 87' lang='lat' dir='ltr'><strong>nobis</strong></span> <span class='ocrx_word' id='word_1_834' title='bbox 3396 4940 3542 5012; x_wconf 88' lang='lat' dir='ltr'><strong>ipsis</strong></span> <span class='ocrx_word' id='word_1_835' title='bbox 3564 4957 3700 4996; x_wconf 89' lang='lat' dir='ltr'><strong>con-</strong></span> <span class='ocrx_word' id='word_1_836' title='bbox 3726 4945 3737 4955; x_wconf 89' lang='lat'><strong>&#39;</strong></span> 
     </span>
    </p>
   </div>
   <div class='ocr_carea' id='block_1_111' title="bbox 2043 5026 3699 5103">
    <p class='ocr_par' dir='ltr' id='par_1_111' title="bbox 2043 5026 3699 5103">
     <span class='ocr_line' id='line_1_111' title="bbox 2043 5026 3699 5103; baseline 0.003 -21"><span class='ocrx_word' id='word_1_837' title='bbox 2043 5026 2319 5095; x_wconf 84' lang='lat' dir='ltr'><strong>ﬁdamus,</strong></span> <span class='ocrx_word' id='word_1_838' title='bbox 2343 5044 2464 5084; x_wconf 89' lang='lat' dir='ltr'><strong>non</strong></span> <span class='ocrx_word' id='word_1_839' title='bbox 2498 5029 2710 5086; x_wconf 85' lang='lat' dir='ltr'><strong>merito</strong></span> <span class='ocrx_word' id='word_1_840' title='bbox 2742 5046 2774 5085; x_wconf 93' lang='lat' dir='ltr'><strong>a</strong></span> <span class='ocrx_word' id='word_1_841' title='bbox 2796 5030 3085 5086; x_wconf 80' lang='lat' dir='ltr'><strong>salvatore</strong></span> <span class='ocrx_word' id='word_1_842' title='bbox 3117 5048 3185 5087; x_wconf 90' lang='lat' dir='ltr'><strong>ac</strong></span> <span class='ocrx_word' id='word_1_843' title='bbox 3214 5036 3549 5103; x_wconf 88' lang='lat' dir='ltr'><strong>protectore</strong></span> <span class='ocrx_word' id='word_1_844' title='bbox 3582 5031 3699 5087; x_wconf 84' lang='lat' dir='ltr'><strong>lJeo</strong></span> 
     </span>
    </p>
   </div>
   <div class='ocr_carea' id='block_1_112' title="bbox 2042 5118 3700 5192">
    <p class='ocr_par' dir='ltr' id='par_1_112' title="bbox 2042 5118 3700 5192">
     <span class='ocr_line' id='line_1_112' title="bbox 2042 5118 3700 5192; baseline 0.001 -18"><span class='ocrx_word' id='word_1_845' title='bbox 2042 5118 2535 5192; x_wconf 88' lang='lat' dir='ltr'><strong>derelinquemur</strong></span> <span class='ocrx_word' id='word_1_846' title='bbox 2563 5120 2591 5176; x_wconf 80' lang='lat' dir='ltr'><strong>‘I</strong></span> <span class='ocrx_word' id='word_1_847' title='bbox 2620 5143 2649 5171; x_wconf 86' lang='lat'><strong>«</strong></span> <span class='ocrx_word' id='word_1_848' title='bbox 2681 5122 2788 5188; x_wconf 91' lang='lat' dir='ltr'><strong>Qui</strong></span> <span class='ocrx_word' id='word_1_849' title='bbox 2823 5122 3071 5178; x_wconf 86' lang='lat' dir='ltr'><strong>suscitat</strong></span> <span class='ocrx_word' id='word_1_850' title='bbox 3127 5128 3409 5177; x_wconf 88' lang='lat' dir='ltr'><strong>mortuos.</strong></span> <span class='ocrx_word' id='word_1_851' title='bbox 3444 5139 3477 5173; x_wconf 70' lang='grc' dir='ltr'>ι»</span> <span class='ocrx_word' id='word_1_852' title='bbox 3508 5120 3700 5178; x_wconf 90' lang='lat' dir='ltr'><strong>Simul</strong></span> 
     </span>
    </p>
   </div>
   <div class='ocr_carea' id='block_1_113' title="bbox 2042 5209 3697 5284">
    <p class='ocr_par' dir='ltr' id='par_1_113' title="bbox 2042 5209 3697 5284">
     <span class='ocr_line' id='line_1_113' title="bbox 2042 5209 3697 5284; baseline 0.002 -20"><span class='ocrx_word' id='word_1_853' title='bbox 2042 5209 2285 5279; x_wconf 89' lang='lat' dir='ltr'><strong>quidem</strong></span> <span class='ocrx_word' id='word_1_854' title='bbox 2315 5210 2579 5266; x_wconf 89' lang='lat' dir='ltr'><strong>ostendit</strong></span> <span class='ocrx_word' id='word_1_855' title='bbox 2608 5210 2857 5283; x_wconf 86' lang='lat' dir='ltr'><strong>periculi</strong></span> <span class='ocrx_word' id='word_1_856' title='bbox 2880 5211 3697 5284; x_wconf 81' lang='lat' dir='ltr'><strong>magnitudinem,propemo-</strong></span> 
     </span>
    </p>
   </div>
   <div class='ocr_carea' id='block_1_114' title="bbox 2042 5297 3697 5372">
    <p class='ocr_par' dir='ltr' id='par_1_114' title="bbox 2042 5297 3697 5372">
     <span class='ocr_line' id='line_1_114' title="bbox 2042 5297 3697 5372; baseline 0.002 -19"><span class='ocrx_word' id='word_1_857' title='bbox 2042 5297 2181 5354; x_wconf 88' lang='lat' dir='ltr'><strong>dum</strong></span> <span class='ocrx_word' id='word_1_858' title='bbox 2213 5299 2418 5355; x_wconf 90' lang='lat' dir='ltr'><strong>dicens</strong></span> <span class='ocrx_word' id='word_1_859' title='bbox 2451 5318 2464 5356; x_wconf 89' lang='lat'><strong>:</strong></span> <span class='ocrx_word' id='word_1_860' title='bbox 2499 5303 2613 5357; x_wconf 89' lang='lat' dir='ltr'><strong>Nos</strong></span> <span class='ocrx_word' id='word_1_861' title='bbox 2639 5301 2765 5372; x_wconf 91' lang='lat' dir='ltr'><strong>jam</strong></span> <span class='ocrx_word' id='word_1_862' title='bbox 2821 5307 3089 5356; x_wconf 90' lang='lat' dir='ltr'><strong>mortuos</strong></span> <span class='ocrx_word' id='word_1_863' title='bbox 3122 5301 3426 5358; x_wconf 84' lang='lat' dir='ltr'><strong>suscitavit</strong></span> <span class='ocrx_word' id='word_1_864' title='bbox 3456 5319 3469 5357; x_wconf 92' lang='lat'>:</span> <span class='ocrx_word' id='word_1_865' title='bbox 3517 5301 3697 5358; x_wconf 89' lang='lat' dir='ltr'><strong>simul</strong></span> 
     </span>
    </p>
   </div>
   <div class='ocr_carea' id='block_1_115' title="bbox 2036 5389 3694 5465">
    <p class='ocr_par' dir='ltr' id='par_1_115' title="bbox 2036 5389 3694 5465">
     <span class='ocr_line' id='line_1_115' title="bbox 2036 5389 3694 5465; baseline 0.002 -21"><span class='ocrx_word' id='word_1_866' title='bbox 2036 5406 2274 5460; x_wconf 90' lang='lat' dir='ltr'><strong>quoque</strong></span> <span class='ocrx_word' id='word_1_867' title='bbox 2307 5405 2643 5446; x_wconf 88' lang='lat' dir='ltr'><strong>sermonem</strong></span> <span class='ocrx_word' id='word_1_868' title='bbox 2687 5390 2758 5446; x_wconf 93' lang='lat' dir='ltr'><strong>de</strong></span> <span class='ocrx_word' id='word_1_869' title='bbox 2799 5389 3229 5446; x_wconf 87' lang='lat' dir='ltr'><strong>reserreclione</strong></span> <span class='ocrx_word' id='word_1_870' title='bbox 3262 5390 3384 5446; x_wconf 89' lang='lat' dir='ltr'><strong>illis</strong></span> <span class='ocrx_word' id='word_1_871' title='bbox 3415 5392 3694 5465; x_wconf 59' lang='lat' dir='ltr'><strong>suggerit,</strong></span> 
     </span>
    </p>
   </div>
   <div class='ocr_carea' id='block_1_116' title="bbox 2035 5479 3693 5561">
    <p class='ocr_par' dir='ltr' id='par_1_116' title="bbox 2035 5479 3693 5561">
     <span class='ocr_line' id='line_1_116' title="bbox 2035 5479 3693 5561; baseline 0.001 -28"><span class='ocrx_word' id='word_1_872' title='bbox 2035 5494 2213 5550; x_wconf 88' lang='lat' dir='ltr'><strong>quem</strong></span> <span class='ocrx_word' id='word_1_873' title='bbox 2245 5480 2307 5534; x_wconf 90' lang='lat' dir='ltr'><strong>in</strong></span> <span class='ocrx_word' id='word_1_874' title='bbox 2336 5480 2533 5551; x_wconf 87' lang='lat' dir='ltr'><strong>priore</strong></span> <span class='ocrx_word' id='word_1_875' title='bbox 2560 5479 2827 5552; x_wconf 88' lang='lat' dir='ltr'><strong>Epistola</strong></span> <span class='ocrx_word' id='word_1_876' title='bbox 2856 5480 3107 5535; x_wconf 91' lang='lat' dir='ltr'><strong>multum</strong></span> <span class='ocrx_word' id='word_1_877' title='bbox 3140 5479 3384 5561; x_wconf 76' lang='lat' dir='ltr'><strong>fecerat.</strong></span> <span class='ocrx_word' id='word_1_878' title='bbox 3418 5503 3445 5530; x_wconf 83' lang='lat'><strong>«</strong></span> <span class='ocrx_word' id='word_1_879' title='bbox 3481 5481 3587 5545; x_wconf 91' lang='lat' dir='ltr'><strong>Qui</strong></span> <span class='ocrx_word' id='word_1_880' title='bbox 3620 5496 3693 5535; x_wconf 81' lang='lat' dir='ltr'><strong>ex</strong></span> 
     </span>
    </p>
   </div>
   <div class='ocr_carea' id='block_1_117' title="bbox 2033 5570 3683 5637">
    <p class='ocr_par' dir='ltr' id='par_1_117' title="bbox 2033 5570 3683 5637">
     <span class='ocr_line' id='line_1_117' title="bbox 2033 5570 3683 5637; baseline -0.002 -13"><span class='ocrx_word' id='word_1_881' title='bbox 2033 5573 2201 5624; x_wconf 77' lang='lat' dir='ltr'><strong>tanta</strong></span> <span class='ocrx_word' id='word_1_882' title='bbox 2229 5575 2436 5625; x_wconf 89' lang='lat' dir='ltr'><strong>morte.</strong></span> <span class='ocrx_word' id='word_1_883' title='bbox 2474 5592 2503 5621; x_wconf 83' lang='grc'><strong>››</strong></span> <span class='ocrx_word' id='word_1_884' title='bbox 2537 5572 2662 5625; x_wconf 89' lang='lat' dir='ltr'><strong>Non</strong></span> <span class='ocrx_word' id='word_1_885' title='bbox 2694 5570 2864 5637; x_wconf 87' lang='lat' dir='ltr'><strong>dixit,</strong></span> <span class='ocrx_word' id='word_1_886' title='bbox 2899 5571 3192 5631; x_wconf 84' lang='lat' dir='ltr'><strong>Periculo.</strong></span> <span class='ocrx_word' id='word_1_887' title='bbox 3226 5571 3328 5626; x_wconf 87' lang='lat' dir='ltr'><strong>sed</strong></span> <span class='ocrx_word' id='word_1_888' title='bbox 3362 5593 3389 5620; x_wconf 73' lang='grc' dir='ltr'>ει</span> <span class='ocrx_word' id='word_1_889' title='bbox 3423 5572 3626 5636; x_wconf 85' lang='lat' dir='ltr'><strong>Morte,</strong></span> <span class='ocrx_word' id='word_1_890' title='bbox 3662 5594 3683 5620; x_wconf 79' lang='grc' dir='ltr'><strong><em>ι</em></strong></span> 
     </span>
    </p>
   </div>
   <div class='ocr_carea' id='block_1_118' title="bbox 2033 5657 3686 5735">
    <p class='ocr_par' dir='ltr' id='par_1_118' title="bbox 2033 5657 3686 5735">
     <span class='ocr_line' id='line_1_118' title="bbox 2033 5657 3686 5735; baseline 0.001 -22"><span class='ocrx_word' id='word_1_891' title='bbox 2033 5657 2191 5731; x_wconf 90' lang='lat' dir='ltr'><strong>quod</strong></span> <span class='ocrx_word' id='word_1_892' title='bbox 2225 5660 2407 5715; x_wconf 90' lang='lat' dir='ltr'><strong>etiam</strong></span> <span class='ocrx_word' id='word_1_893' title='bbox 2438 5660 2840 5733; x_wconf 87' lang='lat' dir='ltr'><strong>periculorum</strong></span> <span class='ocrx_word' id='word_1_894' title='bbox 2864 5661 3336 5735; x_wconf 81' lang='lat' dir='ltr'><strong>magnitudinem</strong></span> <span class='ocrx_word' id='word_1_895' title='bbox 3370 5659 3686 5732; x_wconf 80' lang='lat' dir='ltr'><strong>signiﬁcat,</strong></span> 
     </span>
    </p>
   </div>
   <div class='ocr_carea' id='block_1_119' title="bbox 2032 5747 3683 5823">
    <p class='ocr_par' dir='ltr' id='par_1_119' title="bbox 2032 5747 3683 5823">
     <span class='ocr_line' id='line_1_119' title="bbox 2032 5747 3683 5823; baseline 0 -19"><span class='ocrx_word' id='word_1_896' title='bbox 2032 5764 2392 5821; x_wconf 87' lang='lat' dir='ltr'><strong>rursumque</strong></span> <span class='ocrx_word' id='word_1_897' title='bbox 2425 5752 2704 5823; x_wconf 88' lang='lat' dir='ltr'><strong>proponit</strong></span> <span class='ocrx_word' id='word_1_898' title='bbox 2736 5751 3344 5808; x_wconf 80' lang='lat' dir='ltr'><strong>resurrectionem.Ac</strong></span> <span class='ocrx_word' id='word_1_899' title='bbox 3376 5750 3423 5804; x_wconf 88' lang='lat' dir='ltr'><strong>si</strong></span> <span class='ocrx_word' id='word_1_900' title='bbox 3450 5747 3683 5804; x_wconf 87' lang='lat' dir='ltr'><strong>diciret:</strong></span> 
     </span>
    </p>
   </div>
  </div>
