4080 6392
321 462 442 525 919

1446 431 1867 500 (ECUMENII
1908 427 2218 494 TBICCJE
2264 429 2623 492 EPISCOPI

3632 398 3757 483 920

327 589 517 666 Quare
530 586 805 650 nonnulli
830 580 1474 644 resurrectionem’non
1499 573 1747 632 credunt
1766 570 1990 639 ?hu';us
2020 618 2028 637 Α

2138 585 2201 635 ης
2233 567 2261 622 6
2302 565 2661 666 6364.:Hpa'c
2719 562 2825 666 γὰρ
2881 568 2961 636 τῷ
3017 560 3135 637 ὅλῳ
3195 562 3343 639 μέρει
3393 554 3759 635 νεκρωθὲντας

324 687 450 761 jam
481 674 703 741 indicia
730 694 797 735 ac
828 676 996 749 signa
1027 671 1233 727 tribuit
1259 671 1412 725 Deus
1445 685 1458 723 :
1494 682 1603 721 nos
1636 662 1793 719 enim
1828 657 1990 714 omni

334 748 803 851 parte’mortuos
861 748 1185 835 suscitavit.
1214 783 1241 808 «
1303 755 1469 822 Quod
1537 754 1713 809 etiam
1746 748 1992 822 posthac

338 839 652 935 erepturus
684 857 786 912 sit.
832 875 855 904 υ
891 854 1012 908 Ηοο
1044 847 1306 905 ostendit
1328 844 1518 917 ipsius
1546 841 1724 895 vitam
1756 839 1818 893 in
1850 852 1994 892 con-

339 954 509 1011 tinua
539 965 669 1007 esse
699 941 1142 1016 exspectatione
1166 930 1793 993 afﬂictionum.Dicere
1824 942 1997 981 nam-

341 1059 457 1117 que
487 1040 713 1111 Eripiet
740 1035 871 1107 ejus
898 1046 1092 1087 sermo
1121 1032 1228 1085 est.
1264 1025 1364 1097 qui
1400 1025 1641 1078 noverat
1671 1035 1732 1075 se
1793 1019 1994 1072 tenta-

341 1107 537 1189 tiones
563 1107 623 1184 et
638 1124 991 1182 afﬂictiones
1007 1133 1243 1189 semper
1263 1107 1775 1170 habiturum.Vide
1799 1112 1996 1162 autem

341 1214 720 1282 modestiam.
754 1213 971 1271 Paulus
1009 1207 1449 1265 Corinthiorum
1484 1202 1775 1259 auxilium
1839 1197 1999 1270 quod

342 1308 437 1371 est
467 1310 540 1369 ab
567 1298 834 1365 oratione
870 1299 1133 1376 postulat
1165 1316 1179 1353 :
1214 1299 1328 1353 hoc
1359 1301 1558 1351 autem
1594 1299 1685 1348 est
1731 1288 2000 1347 docentis

346 1404 524 1460 etiam
552 1390 830 1474 precandi
854 1391 1271 1449 necessitatem
1319 1411 1344 1435 α
1373 1383 1561 1440 Simul
1583 1379 2002 1453 adjuvantibus

346 1500 405 1552 et
433 1469 618 1548 vobis.
656 1510 684 1537 η
718 1484 940 1556 Eripiet
994 1486 1194 1536 autem
1255 1494 1366 1533 nos
1421 1479 1595 1541 Deus,
1627 1471 1792 1527 vobis
1822 1469 2003 1524 etiam

344 1574 689 1659 precatione
721 1571 1144 1648 adjuvantibus
1177 1587 1190 1626 :
1224 1574 1290 1624 ut
1341 1579 1745 1623 communem.
1788 1559 2004 1632 inquit,

349 1651 497 1731 mihi
555 1668 805 1745 gratiam
835 1681 903 1720 ac
932 1660 1098 1717 vobis
1147 1659 1368 1715 tribuat
1400 1672 1414 1711 :
1447 1661 1513 1709 ut
1542 1653 1605 1708 in
1636 1651 1840 1708 multis
1871 1666 2006 1722 per—

352 1761 539 1829 sonis,
571 1760 683 1815 hoc
714 1760 937 1826 est,per
969 1749 1189 1807 multas
1215 1761 1523 1820 personas,
1544 1759 1757 1814 nempe
1785 1746 2008 1795 vestras

351 1850 555 1929 gratias
588 1850 706 1904 Deo
737 1847 986 1918 agantur
1014 1857 1120 1914 pro
1152 1835 1307 1894 dono
1339 1833 1484 1892 mihi
1508 1832 1745 1913 collato.
1780 1863 1846 1872 —
1880 1829 2010 1884 Alio

2100 657 2341 736 ἤγειρεν.
2379 685 2405 709 α
2447 658 2575 716 ’Ὁτι
2604 657 2695 713 καὶ
2723 652 2802 712 ἔτι
2837 656 3074 731 ῥύσεται.
3110 678 3138 706 »
3167 656 3347 711 Τοῦτο
3379 648 3613 707 δείκνυσι
3658 649 3753 704 τὸν

2102 746 2266 801 αὐτοῦ
2299 746 2439 823 βίον.
2472 746 2555 802 ἀεὶ
2587 745 2715 801 ὄντα
2746 745 2797 801 ὲν
2832 742 3137 814 προσδοκία
3168 740 3433 818 θλίψεων.
3492 739 3564 797 T6
3621 741 3753 815 γὰρ,

2101 837 2371 903 Ῥὐσεται,
2404 835 2615 900 εἷῖὁτος
2646 840 2710 906 ἦν
2778 835 2863 891 ἀεὶ
2913 835 3049 906 ’ἐξειν
3119 831 3474 909 πειρασμούς.
3515 832 3659 905 "Op:
3697 828 3756 886 δὲ

2102 927 2624 1007 ταπεινοφροσύνην
2661 927 2877 989 Παῦλος
2913 931 3014 992 τῆς
3061 922 3364 999 Κορινθίων
3422 921 3596 995 εὐχῆς
3655 919 3754 987 τήν

2108 1017 2385 1094 συνεργίαν
2418 1017 2576 1073 αἰτεῖ.
2611 1019 2784 1075 Τοῦτο
2827 1012 2883 1071 δὲ
2926 1012 3061 1079 ἐστι,
3100 1013 3189 1068 καὶ
3250 1008 3600 1072 διδάσκοντος
3657 1014 3760 1078 τῆς

2109 1106 2281 1182 εὐχῆς
2312 1106 2375 1162 τὸ
2406 1107 2719 1182 ἀναγκαῖον.
2756 1131 2782 1157 ιι
2816 1101 3341 1179 Συνυπουργούντων
3386 1101 3477 1157 καὶ
3527 1100 3697 1172 ὑμῶν.
3735 1121 3765 1149 ι)

2109 1196 2350 1252 Ῥὑσεται
2384 1193 2440 1251 δὲ
2474 1199 2622 1268 ἡμᾶς
2664 1197 2692 1251 6
2723 1195 2878 1259 Θεὸς,
2936 1194 3028 1249 καὶ
3089 1193 3241 1268 ὑμῶν
3293 1189 3370 1253 sic
3436 1190 3535 1258 τήν
3592 1189 3768 1264 εὐχὴν

2113 1284 2663 1363 συνεργούντων”ίνα,
2699 1284 2855 1365 φτσὶ,
2894 1305 3081 1340 κοιντν
3140 1284 3239 1353 τὴν
3297 1280 3459 1357 χάριν
3524 1277 3648 1355 ἐμοί
3709 1297 3771 1333 τε

2112 1377 2203 1433 καὶ
2238 1378 2366 1449 ὑμῖν
2396 1375 2681 1451 παράσχῃ,
2741 1374 2831 1429 ἳνα
2883 1372 2935 1429 ἐν
2987 1370 3187 1446 πολλῷ
3245 1369 3546 1447 προσώπῳ,
3607 1389 3773 1425 τουτ-

2115 1463 2248 1534 έστι,
2279 1462 2372 1522 διὰ
2408 1462 2638 1521 πολλῶν
2668 1463 3004 1539 προσώπων,
3063 1467 3173 1518 τῶν
3241 1461 3516 1535 ὑμετέρων
3568 1455 3774 1527 δηλον-

2117 1558 2223 1627 ότι,
2255 1556 2630 1632 εὐχαριστηθῇ
2662 1554 2689 1608 6
2716 1555 2845 1615 Θεὸς
2877 1554 3009 1628 ὑπὲρ
3066 1559 3166 1621 τῆς
3222 1551 3299 1613 εἷς
3355 1548 3453 1622 ἐμὲ
3512 1550 3771 1626 χάριτος.

2117 1680 2185 1690 —-—
2216 1646 2317 1701 Καὶ
2349 1643 2558 1708 ἄλλως.
2596 1668 2623 1697 ‹‹
2653 1646 2760 1699 Ἵνα
2790 1643 2852 1699 ἐκ
2881 1639 3110 1698 πολλῶν
3148 1640 3479 1716 προσώπων,
3512 1663 3539 1690 »
3606 1659 3772 1695 τουτ-

2121 1735 2257 1805 ἐστι,
2287 1738 2395 1789 τῶν
2426 1734 2702 1809 ὑμετέρων
2768 1734 2870 1803 τὴν
2928 1728 3113 1799 δεησιν
3168 1727 3636 1807 προσδεχόμενος,
3679 1727 3774 1784 καὶ

2121 1820 2201 1881 ἔτι
2259 1822 2490 1901 ῥύσηται
2547 1825 2717 1898 ἡμᾶς,
2801 1821 2894 1877 καὶ
2951 1821 3067 1894 ’ἁμα
3139 1818 3516 1900 εὐχαριστηθῇ
3572 1819 3636 1875 τὸ
3696 1818 3775 1880 εἰς

354 1906 569 2016 Suoque
597 1936 778 1993 modo.
804 1956 832 1984 ‹‹
866 1934 941 1988 Ut
969 1948 1043 1987 ex
1100 1926 1307 1983 multis
1354 1922 1647 1997 personis.
1687 1943 1714 1971 »
1736 1906 1865 1975 'Hoc
1897 1924 2007 1984 est,

2138 1916 2275 2016 ἡμᾶς
2305 1910 2470 2016 αὐτοῦ
2517 1911 2735 2016 γεγρνὸς
2791 1910 3065 1984 χάρισμα.
3125 1907 3240 1967 Οὐκ
3292 1910 3407 1965 εἶπε
3469 1906 3547 1979 δὶ,
3571 1910 3685 1966 Ἵνα
3742 1910 3779 1978 ἡ

352 2036 613 2087 vestrum
628 2025 895 2082 omnium
911 2017 1393 2092 deprecationem
1410 2008 2015 2084 suscipiens.posthac

356 2122 535 2179 etiam
551 2134 661 2173 nos
681 2113 895 2186 eripiat
918 2108 1218 2179 simulque
1235 2104 1435 2179 gratiae
1449 2108 1701 2176 agantur
1727 2117 1833 2171 pro
1856 2098 2012 2154 dono

354 2213 418 2269 in
451 2226 561 2266 nos
594 2206 829 2263 collato.
882 2204 1009 2258 Non
1059 2198 1208 2255 dixit
1236 2202 1473 2252 autem:
1511 2194 1583 2249 Ut
1606 2190 1810 2265 gratias
1833 2205 2015 2262 agan-

358 2305 455 2357 tur
484 2315 591 2372 pro
625 2295 816 2368 gratia
845 2296 948 2348 aut
978 2282 1198 2346 auxilio
1233 2285 1381 2341 mihi
1414 2282 1651 2342 collato.
1705 2278 1807 2334 sed
1841 2301 1866 2326 α
1902 2279 2012 2332 Pro

358 2389 535 2446 dono.
564 2410 591 2436 »
615 2366 757 2442 Nam
786 2380 1038 2460 χάρισμα
1060 2378 1259 2433 dicere
1285 2371 1632 2429 solemusde
1655 2366 2014 2425 sublimibus

364 2485 425 2534 et
449 2457 843 2532 admirandis.
876 2483 1128 2541 qumque
1159 2466 1485 2519 humanam
1516 2457 1811 2515 excedunt
1840 2462 2013 2511 natu-

364 2583 516 2624 ram.
552 2562 707 2621 598
740 2560 899 2616 Dixit
949 2561 1146 2613 autem
1174 2571 1187 2608 :
1220 2577 1245 2602 «
1305 2554 1416 2607 Pro
1475 2550 1631 2604 dono
1664 2548 1726 2603 in
1750 2564 1861 2603 nos
1890 2545 2013 2601 col-

364 2658 508 2719 lato,
534 2670 641 2727 per
670 2650 913 2712 multos,
976 2647 1096 2701 sive
1148 2643 1359 2699 multa.
1418 2641 1622 2715 gratiae
1682 2643 1952 2709 agantur.
1986 2656 2016 2686 η

366 2724 740 2823 praemittens
764 2757 777 2795 :
805 2763 830 2789 u
867 2738 945 2792 Ex
974 2734 1177 2791 multis
1207 2731 1498 2806 personis.
1534 2752 1562 2779 »
1594 2724 2020 2795 Quamobrem?

368 2815 443 2894 an
476 2850 599 2890 non
647 2829 1030 2886 manifestum
1091 2829 1179 2879 est
1226 2821 1384 2893 quod
1416 2836 1520 2892 per
1546 2818 1607 2874 id
1638 2817 1796 2890 quod
1828 2815 1974 2871 dicit
2003 2831 2018 2871 :

370 2947 401 2978 «
432 2927 513 2981 Ex
546 2920 750 2978 multis
782 2914 1072 2990 personis.
1099 2934 1127 2963 »
1191 2909 1485 2985 significat
1510 2924 1611 2962 eos
1642 2906 1859 2962 debere
1891 2921 2024 2978 gra-

369 3015 482 3072 tias
512 3026 729 3086 agere;
762 3024 868 3081 per
916 3006 1027 3061 hoc
1087 3008 1286 3059 autem
1346 2998 1506 3072 quod
1562 2996 1728 3053 addit
1769 2990 1860 3049 ὂιά
1885 2992 2023 3048 πολ-

371 3103 508 3170 λῶν,
564 3083 626 3157 id
663 3104 774 3168 est,
835 3113 942 3169 per
999 3091 1206 3155 multa,
1261 3089 1468 3146 modos
1527 3086 1754 3141 indicat
1810 3083 2026 3156 quibus

370 3196 644 3269 oporteat
671 3188 889 3262 gratias
915 3182 1132 3251 agere?
1162 3182 1362 3251 Neque
1387 3179 1547 3234 enim
1582 3175 1726 3232 satis
1750 3179 1837 3230 est
1865 3174 2027 3246 ipsos

2123 2003 2289 2078 χάρις
2317 2001 2483 2057 αὐτοῦ
2515 2002 2549 2070 ἡ
2583 1999 2660 2061 εἷς
2712 1998 2810 2074 ἐμὲ
2868 1998 3268 2075 εὐχαριστηθῇ,
3316 1998 3377 2069 ἢ,
3427 2001 3462 2068 ἡ
3527 1999 3781 2073 βοήθεια,

2124 2090 2270 2148 ἀλλὰ
2324 2091 2387 2146 τὸ
2444 2090 2715 2166 χάρισμα,
2778 2089 2910 2165 ὅπερ
2969 2087 3239 2161 εἰώθαμεν
3296 2085 3470 2162 λέγειν
3544 2085 3783 2144 ἐπὶτῶν

2128 2178 2358 2258 ὑψηλῶν
2409 2181 2498 2235 καὶ
2555 2177 2900 2256 παραδόξων,
2961 2178 3050 2233 καὶ
3118 2179 3220 2246 την
3280 2178 3625 2254 ἀνθρωπίνην
3682 2178 3790 2256 ιρύ-

2125 2292 2207 2326 σιν
2237 2269 2664 2347 ὑπερκειμένων.
2713 2268 2850 2323 Ιιῖπε
2910 2264 2968 2323 δὲ
3023 2267 3108 2337 τὸ,
3170 2291 3197 2319 (ι
3254 2268 3354 2329 Εἰς
3407 2269 3557 2342 ἡμᾶς
3625 2266 3796 2322 αὐτοῦ

2127 2362 2378 2436 χάρισμα
2427 2358 2515 2414 διὰ
2568 2356 2797 2414 πολλῶν
2851 2355 3251 2436 εὐχαριστηθῇ,
3307 2380 3334 2409 ››
3388 2360 3653 2433 πρότερον
3713 2355 3798 2411 εί-

2124 2449 2266 2516 πὼν,
2301 2472 2329 2501 (ι
2366 2450 2459 2505 Ἐκ
2490 2446 2720 2504 πολλῶν
2752 2448 3085 2521 προσώπων.
3123 2470 3145 2498 ι
3180 2446 3245 2503 Τί
3291 2443 3358 2517 δή
3412 2466 3566 2513 ποτε,
3598 2446 3633 2516 ἢ
3691 2441 3799 2514 δῆ-

2125 2538 2246 2603 λον,
2280 2540 2366 2594 ὅτι
2396 2543 2476 2611 τῷ
2509 2538 2628 2613 μὲν,
2663 2563 2691 2589 ι(
2728 2539 2822 2595 Ἐκ
2849 2536 3079 2593 πολλῶν
3113 2536 3445 2608 προσώπων,
3480 2558 3509 2586 »
3552 2535 3652 2604 την
3704 2534 3801 2590 εὐ-

2124 2635 2410 2706 χαριστεῖν
2442 2626 2760 2709 ὄφε’λοντας
2790 2626 2996 2698 δηλῶν·
3031 2632 3112 2699 τῷ
3144 2624 3202 2683 δὲ
3232 2624 3323 2682 διά
3372 2623 3625 2696 πολλῶν,
3664 2628 3798 2686 τοὺς

2124 2717 2363 2791 τρόπους
2386 2719 2503 2773 καθ’
2535 2718 2627 2781 οὕς
2671 2716 2754 2773 δεῖ
2812 2716 3189 2793 εὐχαριστεῖν.
3247 2715 3326 2772 Οὐ
3383 2716 3491 2793 γὰρ
3549 2716 3802 2790 ἀρκεῖται

2133 2803 2201 2862 δι’
2234 2807 2350 2869 ἑνὸς
2381 2806 2578 2870 αὐτοὺς
2612 2808 2821 2883 τρόπον
2856 2807 3280 2883 εὐχαριστῆσαι,
3311 2802 3461 2862 ἀλλά
3491 2802 3582 2861 διὰ
3603 2805 3806 2862 πλειό-

2132 2917 2264 2964 νων,
2297 2894 2473 2958 οῧτιυς
2504 2895 2644 2951 ἐστὶν
2713 2896 3038 2971 εὐγνώμων,
3090 2895 3182 2950 καὶ
3245 2895 3420 2957 οὕτως
3488 2893 3609 2952 οἶδε
3668 2893 3810 2972 μέγα

2135 2984 2472 3061 εὐεργέτημα
2530 2986 2594 3041 τὸ
2655 2985 2731 3047 εἷς
2789 2986 2953 3042 αὐτὸν
3014 2982 3409 3063 γεγενημένον,
3468 2983 3684 3060 μᾶλλον
3748 2984 3813 3041 δὲ

2136 3073 2212 3135 ὡς
2243 3073 2449 3138 ἐκεῖνος
2472 3075 2630 3155 φησὶ,
2688 3075 2955 3151 χάρισμα.
3021 3078 3149 3134 ’Ότι
3209 3072 3337 3129 οὐδὲ
3397 3075 3584 3130 ἑαυτὸν
3644 3070 3809 3147 ἔξαρ-

2137 3173 2249 3222 κεῖν
2284 3166 2358 3229 εἷς
2391 3166 2743 3246 εὐχαριστίαν
2776 3167 3010 3237 νομίζει,
3043 3165 3171 3222 ἀλλ’
3203 3163 3333 3223 οὐδὲ
3383 3165 3511 3228 τοὺς
3543 3164 3803 3231 πολλοὺς

371 3252 499 3343 uim
526 3279 703 3338 modo
730 3275 951 3350 gratias
983 3269 1288 3345 agere,sed
1315 3265 1617 3340 pluribus:
1647 3264 1794 3320 adeo
1825 3267 2027 3336 gratus

2143 3255 2235 3312 σὺν
2270 3255 2440 3327 αὐτῷ,
2482 3255 2528 3312 εί
2560 3258 2635 3331 μὴ
2667 3255 2758 3310 καὶ
2790 3252 2878 3311 διὰ
2906 3254 3135 3312 πολλῶν
3167 3254 3610 3332 εὐχαριστήσωσι
3676 3257 3808 3333 τρό-

375 3378 468 3433 est
495 3369 764 3440 adeoque
793 3365 957 3420 novit
976 3360 1198 3435 grande
1218 3358 1438 3414 factum
1465 3372 1593 3411 esse
1626 3354 1685 3409 in
1718 3368 1781 3408 se
1813 3350 2033 3407 benefl-

378 3459 559 3523 cium,
593 3439 714 3510 imo
764 3451 962 3525 potius
993 3446 1267 3521 χάρισμα,
1301 3452 1368 3501 ut
1396 3445 1524 3516 ipse
1557 3441 1772 3512 inquit,
1807 3439 1918 3494 hoc
1949 3442 2039 3493 est

390 3549 617 3606 donum
648 3542 953 3599 eximium.
1000 3538 1148 3604 Quia
1198 3550 1393 3607 neque
1452 3533 1718 3603 seipsum
1766 3525 2039 3584 sufﬁcere

394 3637 695 3695 existimat
724 3632 793 3688 ad
822 3629 1043 3704 gratias
1094 3625 1410 3697 agendum,
1454 3621 1559 3677 sed
1598 3636 1793 3692 neque
1822 3618 2040 3672 multos

395 3743 620 3794 secum,
656 3722 772 3779 nisi
816 3717 1020 3776 multis
1042 3731 1280 3789 quoque
1311 3711 1505 3770 modis
1535 3710 1737 3779 gratiae
1768 3713 2040 3781 agantur,

394 3815 611 3876 deinde
679 3810 1025 3884 subjungit:
1089 3830 1110 3857 ι
1170 3807 1282 3861 Pro
1339 3802 1594 3858 vobis.»
1652 3799 1780 3856 Alio
1828 3813 2045 3870 quoque

392 3910 572 3966 modo.
606 3906 726 3962 Hoc
758 3908 847 3958 est
879 3918 891 3957 :
925 3900 1114 3965 Quare
1145 3893 1563 3967 deprecatione
1587 3890 1844 3962 teipsum
1872 3887 2044 3958 adju-

389 3997 664 4055 vabimus
689 3993 716 4049 ?
747 3993 937 4058 Quare
968 3986 1186 4062 gratias
1213 3999 1455 4057 agemus
1476 3980 1504 4036 ?
1534 3981 1682 4046 Quia
1712 3978 1871 4051 quod
1896 3977 2044 4031 libe-

390 4099 559 4145 ratus
581 4086 715 4148 sim,
738 4079 955 4152 inquit,
979 4084 1039 4132 et
1063 4071 1311 4147 posthac
1331 4071 1511 4128 etiam
1545 4068 1891 4124 liberandus
1909 4065 2044 4133 sim,

396 4192 517 4234 non
549 4188 746 4229 meum
782 4169 968 4225 solius
1006 4163 1297 4221 auxilium
1330 4167 1420 4216 est
1444 4166 1548 4216 aut
1576 4154 2048 4219 consolatio,sed

398 4261 710 4336 aequaliter
759 4257 934 4313 etiam
983 4262 1043 4310 et
1088 4264 1368 4307 vestrum.
1415 4248 1703 4318 Adjuvate
1735 4246 1915 4319 igitur
1943 4243 2047 4299 de-

398 4333 761 4428 precatione,
804 4336 1024 4419 gratias
1055 4341 1208 4414 agite
1239 4344 1520 4410 tanquam
1550 4335 1608 4391 id
1642 4351 1747 4408 pro
1777 4333 1939 4390 vobis
1963 4334 2050 4389 fa-

403 4425 629 4498 cientes
676 4437 801 4491 Mea
830 4433 991 4489 enim
1012 4428 1344 4487 consolatio
1366 4443 1433 4482 ac
1464 4427 1627 4481 salus
1657 4425 1833 4480 etiam
1857 4430 2051 4479 vestra

402 4536 511 4587 est.
536 4528 737 4598 Neque
777 4514 889 4579 hoc
917 4535 1078 4577 nunc
1109 4517 1441 4574 admonens
1473 4514 1627 4577 dico,
1647 4530 1846 4570 verum
1870 4515 2049 4569 etiam

401 4634 639 4692 semper
666 4617 728 4671 in
757 4613 870 4669 hoc
900 4600 1141 4683 glorior,
1176 4606 1335 4679 quod
1382 4608 1468 4661 ita
1498 4600 1690 4661 atTecti
1723 4603 1852 4659 sitis
1914 4619 2053 4673 erga

398 4726 517 4775 me,
548 4714 615 4765 ut
661 4720 858 4761 meam
890 4700 1144 4757 salutem
1177 4714 1245 4754 ac
1295 4694 1767 4757 consolationem
1798 4697 2051 4748 vestram

398 4799 649 4858 ducatis.
684 4799 827 4853 Nam
859 4790 1129 4866 gloriatio
1163 4804 1314 4853 mea,
1348 4786 1562 4858 inquit,
1596 4785 1723 4840 haec
1749 4789 1858 4849 est,
1891 4781 2053 4854 quod

396 4908 501 4947 vos
522 4891 604 4944 ita
632 4883 828 4944 aﬂ‘ecti
850 4882 981 4938 sitis
1001 4896 1141 4951 erga
1160 4883 1342 4946 me,et
1372 4876 1454 4932 ita
1484 4893 1577 4932 me
1609 4893 1716 4947 pro
1748 4873 1910 4929 vobis
1932 4870 2051 4927 exi-

402 4976 675 5036 stimetis.
710 4973 992 5039 Quisnam
1018 4967 1123 5023 tibi
1156 4966 1379 5022 remita
1407 4982 1469 5020 se
1490 4964 1706 5020 habere
1730 4961 2047 5034 persuasit,

404 5074 471 5123 nt
500 5068 581 5121 ita
610 5061 969 5137 gloriareris,
1004 5075 1037 5115 o
1070 5057 1248 5112 Paule
1282 5055 1309 5111 ?
1349 5052 1797 5111 Testimonium.
1831 5049 2048 5120 inquit,

405 5154 787 5214 conscientiw
818 5166 984 5205 meas.
1013 5165 1079 5203 ex
1114 5146 1208 5201 his
1239 5161 1369 5217 quae
1394 5144 1453 5198 in
1472 5159 1573 5197 vos
1590 5145 1867 5212 operatus
1896 5157 2050 5209 sum,

407 5266 481 5306 ex
513 5243 787 5303 maximis
844 5237 1129 5295 beneficis
1162 5251 1294 5307 quas
1339 5233 1461 5289 scio
1494 5246 1588 5287 me
1620 5230 1681 5285 in
1712 5246 1814 5285 vos
1845 5235 2055 5285 contu-

404 5339 545 5396 lisse
581 5352 691 5392 :ex
722 5349 789 5389 eo
821 5328 981 5402 quod
1037 5322 1440 5381 abundantius
1470 5320 1531 5376 in
1579 5319 1741 5374 vobis
1772 5334 1949 5391 quam
1996 5320 2056 5375 in

407 5426 638 5486 cieteris
669 5419 996 5480 certamina
1018 5411 1405 5471 sustinuerim
1443 5426 1456 5464 :
1487 5409 1615 5465 haec
1646 5409 1788 5464 mihi
1826 5425 2062 5480 persua-

406 5520 552 5575 dent
582 5512 740 5587 quod
772 5526 872 5565 vos
904 5521 1140 5577 quoque
1173 5517 1369 5558 meam
1404 5500 1654 5556 salutem
1688 5516 1755 5555 ac
1787 5498 2062 5554 consola-

407 5609 659 5670 tionem,
710 5604 965 5653 vestram
1014 5592 1243 5649 ducatis
1289 5590 1611 5662 prapriam.
1646 5594 1704 5645 et
1747 5596 2062 5661 propterea

410 5693 562 5752 illud
593 5691 773 5749 etiam
821 5684 972 5740 duco
1021 5679 1459 5754 gloriationem,
1494 5685 1750 5734 vestrum
1783 5677 1942 5734 circa
1968 5692 2061 5731 me

2144 3369 2287 3414 πων,
2321 3346 2458 3413 εἶ’τα,
2493 3368 2521 3397 ‹‹
2557 3345 2690 3421 ὑπὲρ
2735 3346 2912 3418 ὑμῶν,
2972 3368 3001 3398 ››
3061 3344 3244 3426 φησίν.
3310 3378 3375 3388 -—
3434 3345 3537 3402 Καὶ
3596 3344 3808 3415 ἄλλως,

2147 3436 2364 3510 [ΦΩῬ.]
2386 3436 2667 3501 Τουτὲστι,
2696 3435 2761 3492 Τί
2790 3431 2856 3506 δή
2892 3454 3024 3490 ποτε
3055 3432 3576 3512 συνυπουργήσομέν
3621 3457 3703 3492 σοι
3734 3440 3806 3510 τῇ

2148 3521 2329 3595 δεήσει
2363 3542 2377 3593 ;
2411 3524 2464 3579 τί
2489 3521 2557 3594 δή
2581 3544 2713 3579 ποτε
2741 3522 3213 3600 εὐχαριστήτομεν
3247 3544 3260 3594 ;
3293 3526 3416 3581 Ὅτι
3445 3526 3509 3580 τὸ
3542 3523 3808 3601 ρυσθῆναί

2152 3635 2219 3688 με
2249 3613 2337 3668 ιιαὶ
2370 3610 2445 3668 ἔτι
2481 3613 2695 3689 ῥύεσθαί
2751 3634 2839 3686 με,
2899 3614 3085 3693 φησὶν,
3141 3614 3241 3670 οὐκ
3296 3608 3406 3670 ἔστι
3469 3615 3636 3687 μόνον
3693 3613 3803 3689 ἒμὴ

2152 3704 2378 3779 βοήθεια
2408 3702 2498 3758 καὶ
2531 3701 2898 3777 παράκλησις,
2932 3701 3062 3757 ἀλλ’
3117 3701 3274 3758 οὐδὲν
3300 3718 3305 3719 ⁷
3330 3704 3499 3774 ἧττον
3530 3704 3621 3759 καὶ
3671 3704 3811 3778 ὑμε-

2148 3793 2295 3866 τέρα.
2332 3798 2829 3869 Συνυπουργησατε
2858 3791 3039 3847 τοίνυν
3067 3796 3136 3867 τῇ
3206 3788 3410 3865 δεήσει,
3469 3792 3814 3869 εὐχαριστή-

2153 3904 2297 3950 σατε,
2331 3882 2406 3944 ὡς
2440 3882 2573 3958 ὑπὲρ
2619 3882 2773 3957 ὑμῶν
2831 3886 3000 3937 ταῦτα
3054 3887 3366 3945 ποιοῦντες.
3413 3883 3479 3940 Ἡ
3534 3883 3640 3959 γὰρ
3698 3884 3812 3956 ἐμὴ

2152 3971 2497 4048 παράκλησις
2545 3971 2638 4025 καὶ
2696 3972 2966 4046 σωτηρία,
3021 3972 3254 4047 ὑμετέρα
3300 3972 3435 4029 ἔστί.
3490 3974 3594 4032 Καὶ
3645 3977 3816 4031 τοῦτο

2154 4061 2288 4141 οὐχὶ
2345 4065 2464 4130 νῦν,
2522 4059 2654 4136 φησῖ
2749 4058 2896 4138 λέγω
2957 4066 3264 4135 παραινῶν,
3333 4060 3479 4118 ἀλλὰ
3534 4063 3626 4118 καὶ
3678 4085 3819 4119 καυ-

2154 4156 2346 4230 χῶμαι
2380 4149 2459 4205 ἀεὶ
2498 4149 2552 4205 ἐν
2582 4149 2781 4224 τούτῳ,
2815 4152 2899 4206 δτι
2932 4147 3106 4212 οὕτως
3140 4149 3406 4209 διάκεισθε
3464 4152 3619 4226 ὑμεῖς
3674 4155 3820 4230 πρὸς

2158 4207 2263 4230 n.-
2732 4207 2781 4224 .~
3095 4207 3103 4212 -
3362 4207 3397 4209 η
3499 4207 3617 4226 ιν,
3684 4207 3818 4216 ηπ,

2156 4239 2273 4313 ἐμὲ,
2306 4240 2379 4301 ὡς
2420 4241 2520 4309 τήν
2553 4239 2690 4312 ἐμην
2738 4241 3012 4315 σωτηρίαν
3069 4241 3159 4296 καὶ
3215 4239 3561 4312 παράκλησιν
3623 4207 3823 4317 ὑμετέ-

2158 4348 2253 4403 ραν
2286 4331 2557 4406 ἡγεῖσθαι.
2590 4334 2652 4384 'H
2695 4329 2800 4403 γὰρ
2852 4330 3126 4406 καύχησις
3183 4333 3369 4404 ἡμῶν.
3424 4332 3613 4409 φησῖνν
3673 4328 3817 4406 αὕτη

2156 4418 2292 4485 ἐστὶ,
2325 4420 2388 4474 τὸ
2420 4418 2595 4484 οὕτως
2626 4416 2931 4475 διακεῖσθαι
2967 4420 3109 4493 ὑμᾶς
3141 4421 3276 4494 πρὸς
3324 4421 3441 4493 ἐμὲ,
3503 4423 3592 4477 καὶ
3641 4422 3823 4489 οὓτως

2162 4504 2569 4582 ὑπολαμϐάνειν
2601 4508 2699 4581 ἐμὲ
2729 4509 2851 4582 περὶ
2886 4509 3061 4583 ὑμῶ).
3094 4511 3192 4572 Τίς
3252 4531 3309 4566 σε
3366 4507 3575 4568 ἔπεισεν
3640 4511 3820 4574 οὕτως

2156 4592 2303 4674 ἔχειν
2336 4598 2426 4653 καὶ
2457 4599 2784 4674 καυχᾶσθαι,
2831 4598 2875 4652 ὧ
2938 4596 3164 4669 Dordle;
3224 4600 3302 4657 T6
3365 4601 3653 4676 μαρτύριον
3708 4606 3816 4667 τῆς

2162 4683 2520 4757 συνειδήσεώς
2556 4706 2683 4760 μου,
2735 4708 2916 4763 φησιν·
2978 4685 3027 4758 ἐξ
3083 4687 3156 4743 ὧν
3216 4683 3439 4764 ἔπραξα,
3500 4687 3675 4769 φησὶν,
3736 4687 3817 4751 είς

2164 4777 2331 4849 ὑμᾶς,
2370 4775 2422 4847 ἐξ
2453 4777 2525 4831 ὧν
2563 4773 2785 4831 σύνοιδα
2817 4777 3172 4853 εὐεργετήσας
3208 4779 3275 4834 τὰ
3336 4779 3585 4857 μέγιστα,
3635 4777 3684 4849 ἐξ
3744 4777 3822 4834 ὧν

2163 4865 2565 4942 περισσοτέρως
2592 4869 2703 4920 τῶν
2761 4862 2950 4921 ἄλλων
2996 4866 3047 4921 ἐν
3108 4868 3236 4940 ὑμῖν
3269 4869 3652 4945 ἠγωνισάμην·
3692 4874 3832 4925 ταῦ-

2159 4957 2225 5012 τά
2285 4977 2353 5028 με
2407 4957 2581 5010 πείθει
2629 4960 2773 5011 νοεῖν
2828 4955 2951 5031 περί
3015 4957 3186 5030 ὑμῶν,
3239 4959 3327 5014 ὅτι
3385 4959 3475 5014 καὶ
3537 4961 3693 5032 ὑμεῖς
3723 4960 3833 5027 τήν

2161 5045 2302 5118 ἐμὴν
2332 5042 2681 5119 παράκλησιν
2738 5045 2827 5099 καὶ
2889 5046 3160 5117 σωτηρίαν
3223 5045 3365 5103 ἰδίαν
3422 5050 3663 5126 ἡγεῖσθε.
3725 5050 3829 5105 Καὶ

2165 5133 2254 5190 διὰ
2281 5139 2442 5191 τοῦτο
2471 5136 2622 5208 xit-{di
2673 5138 2947 5211 καύχησιν
3003 5135 3134 5191 αὐτὸ
3187 5141 3475 5212 ποιοῦμαι,
3533 5140 3636 5207 τὴν
3700 5139 3835 5211 ὑμε-

2165 5225 2321 5298 τέραν
2370 5224 2493 5300 περὶ
2550 5222 2649 5299 ἐμὶ
2679 5226 2919 5301 στοργὴν
2948 5222 3210 5300 διάπυρον
3243 5226 3534 5304 ἀγάπησιν.
3568 5230 3666 5285 Ἐκ
3697 5229 3832 5286 ταύ-

2166 5334 2266 5383 της
2293 5315 2396 5390 γὰρ
2427 5314 2665 5371 τίκτεται
2715 5314 2805 5369 καὶ
2862 5316 2926 5370 τὸ
2983 5315 3083 5383 τήν
3142 5313 3283 5386 ἐμήν
3331 5314 3681 5390 παράκλησιν
3740 5320 3837 5375 καὶ

2172 5407 2444 5480 σωτηρίαν
2475 5403 2678 5459 οἰκείαν
2737 5406 2940 5460 ἑαυτῶν
3000 5407 3270 5481 ἡγεῖσθαι.
3330 5407 3392 5463 Ἡ
3448 5408 3551 5484 γὰρ
3610 5409 3840 5485 καύχη-

2173 5515 2256 5557 σις
2286 5497 2449 5567 ’ἱμῶν
2485 5492 2619 5562 αὕτη
2655 5493 2788 5559 ἐστὶ,
2845 5494 2981 5550 κατὰ
3028 5494 3091 5550 τὸ
3152 5497 3451 5573 μαρτύριον
3509 5504 3611 5567 τῆς
3663 5519 3842 5555 συνει-

2172 5582 2382 5656 δήσεώς
2414 5607 2542 5659 μου.
2575 5588 2704 5641 Ὅτε
2752 5583 2809 5641 δὲ
2866 5588 2901 5656 ἡ
2952 5583 3258 5657 συνείδησις
3312 5594 3594 5665 μαρτυρεῖ,
3654 5591 3840 5666 ἀναμ-

2171 5670 2403 5755 φίϐολος
2433 5677 2469 5745 ἡ
2499 5672 2751 5747 ἀλήθεια.

412 5795 679 5844 amorem
710 5776 1139 5844 ardentemque
1168 5768 1552 5826 dilectionem
1587 5786 1599 5823 :
1628 5786 1699 5826 ex
1728 5769 1840 5828 hac
1870 5766 2031 5824 enim
2063 5766 2253 5826 oritur
2298 5773 2366 5826 ut
2419 5782 2552 5827 mea
2610 5781 2847 5842 quoque
2905 5767 3083 5827 salus
3123 5784 3190 5825 ac
3249 5766 3603 5841 consolatio,
3631 5777 3837 5831 vestro.
