4080 6388
390 399 506 464 921

1321 394 1735 457 COMMEN’I‘.
1783 393 1862 454 IN
1909 390 2158 456 EPIST.
2203 391 2254 452 II
2299 392 2400 453 AD
2447 392 2813 455 CORINTH.

3692 397 3811 458 9‘22

390 555 633 633 propria
665 571 796 612 esse
828 551 1098 615 ducatur.
1132 548 1431 624 siquidem
1462 548 1736 617 gloriatio
1764 564 1897 603 mea
1924 547 2050 602 haec
2081 551 2173 603 est
2192 546 2366 620 juxta
2423 549 2831 606 testimonium
2889 549 3272 608 conscientias
3329 565 3517 608 mea:
3570 550 3814 625 quando

392 656 588 706 autem
622 645 823 702 consci
867 644 991 700 ntia
1024 641 1396 704 testiﬁcatur,
1431 639 1770 696 indubitata
1801 645 1892 693 est
1915 636 2154 692 veritas.

456 737 517 792 ἸΙ
578 734 682 809 γάρ
740 731 1010 807 καύχησις
1067 732 1228 802 ἡμῶν
1299 728 1435 799 αὕτη
1499 727 1613 784 ἐστὶ
1647 772 1662 795 ,
1719 728 1782 782 τὸ
1843 727 2044 801 μαρτυ-
2081 733 2134 794 Α

390 846 503 902 ριον
547 831 648 893 τῆς
710 819 1066 893 συνειδήσεως
1129 822 1310 893 ἡμῶν,
1371 817 1455 874 ὅτι
1514 815 1566 872 ἐν
1623 815 1899 881 ἁπλότητι
1958 814 2051 869 καὶ

388 914 730 990 εἰλικρινείᾳ
771 915 926 980 Θεοῦ,
991 909 1088 966 οὐκ
1140 910 1191 964 ἐν
1246 909 1408 986 σοφίᾳ
1466 911 1719 982 σαρκικῇ,
1781 904 1908 961 ἀλλ’
1967 905 2049 959 ἐν·

389 1006 580 1082 χάριτι
638 1006 773 1059 Θεοῦ
829 1002 1240 1078 ἀνεστράφημεν
1304 998 1355 1054 ἐν
1413 1002 1492 1068 τῷ
1558 997 1754 1069 κόσμῳ
1789 1039 1804 1066 ,
1863 1015 2048 1068 περισ-

385 1092 624 1171 σοτέρως
685 1090 744 1147 δὲ
799 1091 938 1162 πρὸς
1019 1090 1160 1161 ὑμᾶς
1194 1134 1206 1148 .
1270 1088 1348 1145 Οὐ
1407 1085 1513 1164 γὰρ
1568 1082 1714 1140 ἄλλα
1770 1085 2050 1164 γῑάφομεν

383 1184 514 1258 ὑμῖν
551 1226 567 1248 ,
637 1181 764 1238 ἀλλ’
833 1179 868 1236 ἆ
933 1179 1349 1254 ἀναγινώσκετε.
1407 1176 1654 1246 Ἐλπίζω
1697 1172 1754 1230 δὲ
1815 1174 1900 1230 ὅτι
1957 1173 2047 1228 καὶ

377 1274 488 1339 ἰως
579 1275 772 1337 τέλους
881 1273 1240 1349 ἰπιγνώσεσθε
1321 1269 1502 1334 καθὼς
1604 1267 1694 1323 καὶ
1779 1265 2049 1342 ἐπέγνωτε

383 1370 535 1441 ἡμᾶς
565 1367 671 1422 ἀπὸ
743 1363 960 1438 μέρους,
1023 1363 1106 1418 ὅτι
1161 1360 1433 1436 καύχημα
1489 1359 1644 1432 ὑμῶν
1706 1355 1890 1432 ἐσμεν,
1948 1376 2043 1410 κα-

382 1457 553 1531 θάπερ
583 1455 681 1510 παῖ
735 1455 894 1528 ὑμεῖς
949 1453 1132 1526 ἡμῶν,
1200 1449 1254 1507 ἕν
1327 1453 1397 1523 τῇ
1452 1449 1634 1524 ἡμὲρα
1684 1452 1781 1503 τοῦ
1841 1443 2046 1521 Κυρίου

383 1549 592 1618 Ἰησοῦο

452 1635 680 1702 Ἐπειδή
741 1635 891 1690 εἶπεν
953 1630 1064 1688 ἄνω
1109 1631 1198 1687 διὰ
1251 1635 1359 1686 τῶν
1407 1628 1708 1704 οἷ’κτιρμῶν
1755 1630 1853 1682 τοῦ
1909 1628 2045 1682 Θεοῦ

381 1725 673 1798 ἠλεῆσθαι.
701 1724 793 1777 ἳνα
843 1720 1133 1798 μὴ’ταῦτῃ
1189 1719 1280 1776 τὸν
1339 1718 1610 1794 ἀκροατὴν
1672 1715 2044 1790 ῥᾳθυμότερον

383 1815 607 1884 ποιήσῃ,
643 1811 790 1885 λέγει
821 1809 932 1866 δεῖν
972 1809 1184 1873 οἷ’κοοεν
1243 1802 1392 1883 ἔχειν
1449 1813 1550 1875 τῆς
1610 1804 1884 1880 σωτηρίας
1944 1802 2042 1866 τὰς

385 1900 650 1979 ἀφορμὰς,
701 1898 810 1954 ἀπὸ
893 1894 1202 1958 συνειδότος
1258 1898 1550 1972 χρηστοῦ.
1615 1894 1694 1951 Τὸ
1748 1889 2044 1979 μαρτύριον

383 1976 508 2066 κάρ,
558 1988 714 2070 φησὶ,
785 1991 885 2053 τῆς
941 1983 1301 2056 συνειδήσεως
1366 1987 1552 2060 ἡμῶν,
1602 1983 1678 2044 ὡς
1735 1982 1781 2037 εἰ
1839 1976 2039 2056 ἔλεγεν·

383 2081 464 2139 Τὸ
495 2069 739 2141 συνειδὸς
795 2081 956 2151 ἡμῶν
1021 2079 1328 2152 μαρτυροῦν
1377 2077 1512 2148 ἡμῖν
1581 2073 1775 2151 ἀγαθά,
1831 2071 1924 2162 καὶ
1957 2069 2042 2126 ὅτι
2074 2099 2120 2162 Β

378 2170 433 2226 ἐν
466 2169 737 2240 ἁπλότητι
796 2167 1205 2245 ἀνεστράερημεν
1263 2165 1314 2220 ἐν
1373 2169 1452 2236 τῷ
1502 2164 1720 2234 κόσμῳ,
1783 2161 2037 2238 μεγίστην

376 2258 780 2336 παρακλήσεως
813 2257 1079 2334 πρόφασιν
1115 2252 1343 2311 δέδυκεν
1385 2255 1546 2326 ἡμῖν,
1608 2249 1823 2325 μᾶλλον
1885 2247 1944 2304 δὲ
1975 2249 2037 2304 οὐ

373 2348 776 2424 παρακλήσεως
837 2347 998 2420 μόνον
1035 2391 1049 2416 ,
1106 2344 1252 2400 ἀλλᾶ
1307 2345 1394 2399 καὶ
1447 2344 1796 2422 καυχήσεως.
1852 2366 1878 2393 ‹‹
1913 2343 2036 2397 ’Ότι

375 2438 431 2496 ἐν
462 2438 760 2507 ἁπλότητι.
793 2462 820 2488 η
853 2437 1012 2494 Ἄνευ
1070 2432 1260 2498 δόλου,
1320 2430 1444 2489 ἄνευ
1498 2430 1833 2507 ὑποκρίσεώς
1889 2451 2037 2492 τινος

375 2530 470 2587 καὶ
501 2527 978 2601 ἐπικαλῦμματος.
1038 2550 1065 2577 «
1099 2523 1212 2580 υύκ
1255 2523 1310 2579 ἐν
1362 2522 1523 2601 coepi;
1549 2525 1802 2596 σαρκικῇ.
1838 2545 1865 2572 ››
1925 2519 2041 2578 Οὐκ

376 2619 432 2676 ἐν
492 2617 768 2690 δεινότητι
851 2615 940 2671 καὶ
1005 2619 1215 2692 στροφῇ
1273 2613 1456 2688 λόγων
1517 2612 1880 2686 συσκιαζουσῃ
1937 2613 2036 2681 τήν

375 2707 639 2781 ἀλήθειαν
662 2705 1088 2786 ἀνεστράφημεν.
1113 2705 1253 2778 Ὅρα
1285 2701 1361 2769 δὲ,
1415 2701 1496 2779 ἐρ’
1560 2702 1641 2763 οἷς
1698 2700 1840 2775 μέγα
1879 2699 2039 2777 ἐφρό-

376 2821 502 2855 νουν
537 2798 589 2852 οἱ
620 2791 1088 2872 ψευδαπόστολοι,
1131 2796 1298 2849 ταῦτα
1356 2789 1516 2855 αὐτὸς
1573 2789 1884 2846 ἀποσείεται
1949 2790 2041 2844 καὶ

379 2888 588 2967 φεύγει,
621 2911 649 2940 ‹‹
683 2882 843 2941 Ἀλλ’
882 2883 933 2938 ἐν
967 2886 1156 2960 χάριτι
1189 2887 1346 2951 Θεοῦ,
1381 2905 1405 2935 ι
1465 2883 1734 2949 τουτέστι,
1789 2880 2043 2953 σημείοις

381 2995 440 3036 τε
469 2980 559 3035 καὶ
585 2977 825 3048 τέρασιν,
885 2977 1039 3030 ἅτινα
1095 2973 1409 3050 χαρίσματα
1445 2974 1512 3043 ἦν
1570 2977 1724 3028 Θεοῦ.
1784 2996 1811 3023 ‹‹
1848 2977 2043 3047 Περισ-

387 3071 620 3141 σοτὲρως
655 3065 712 3123 δὲ
738 3067 875 3141 πρὸς
907 3066 1065 3138 ὑμᾶς.
1112 3097 1135 3122 η
1197 3070 1322 3125 Πῶς
1365 3083 1380 3132 ;
1448 3063 1532 3119 ὅτι
1596 3062 1732 3136 μετὰ
1787 3067 1892 3115 τῶν
1942 3082 2044 3132 ση-

394 3159 558 3232 μείων
582 3157 662 3212 ἓτι
718 3155 808 3210 καὶ
858 3151 1129 3210 ἀδάπανον
1162 3154 1287 3228 παρ’
1345 3152 1530 3214 αὐτοῖς
1589 3152 1650 3206 τὸ
1709 3149 2044 3226 Εὕα-(γὲλιον

389 3247 630 3318 ἐκήρυξε.
663 3245 764 3305 Καὶ
797 3246 898 3322 δρα
955 3245 1088 3319 ὅπερ
1147 3245 1211 3312 ἦν
1269 3239 1434 3298 αὐτοῦ
1491 3240 1848 3315 κατόρθωμα.
1877 3243 2042 3294 τοῦτο

385 3340 455 3412 τῇ
487 3337 668 3412 χάριτι
701 3339 800 3391 τοῦ
826 3339 960 3390 Θεοῦ
1017 3333 1349 3404 ἀνατίθησιν.
1421 3358 1447 3383 «ι
1482 3331 1562 3390 Οὐ
1592 3330 1693 3406 γάρ
1733 3327 1880 3385 ἄλλα
1907 3330 2041 3404 γρά-

388 3448 558 3509 φομεν
603 3427 749 3499 ὑμῖν.
787 3450 808 3480 ι
865 3421 1088 3491 Ἐπειδὴ
1126 3423 1264 3500 μέγα
1329 3422 1613 3502 ἐφθέγξατο
1672 3421 1795 3497 περὶ
1852 3421 2045 3477 ἑαυτοῦ

380 3507 444 3570 τὸ
465 3511 738 3571 ἀδάπανον
789 3512 1019 3588 κηρύξαι
1061 3511 1125 3567 τὸ
1179 3507 1532 3586 Εὖαγγέλιον,
1561 3509 1646 3565 ἳνα
1681 3513 1756 3584 μή
1816 3531 1898 3573 τις
1955 3531 2045 3566 v0-

385 3605 518 3680 μέσῃ
562 3603 780 3676 κόμπον
849 3601 984 3656 αὐτὰ
1042 3599 1306 3676 ῥημάτων
1362 3599 1516 3668 εἶναι,
1577 3599 1882 3674 γηρεῦοντα
1932 3605 2042 3655 τῶν

377 3688 576 3770 ἔργων,
611 3692 805 3754 αὐτοὺς
836 3696 934 3746 τοῦ
983 3689 1165 3760 ἀληθῆ
1222 3687 1404 3764 λέγειν
1455 3691 1682 3765 παράγει
1745 3688 2040 3764 μάρτυρας.

382 3785 462 3843 Οὐ
528 3783 634 3858 γὰρ
719 3780 866 3838 ἄλλα
946 3780 1247 3857 ἐγράφομεν
1341 3779 1494 3854 ὑμῖν,
1576 3777 1844 3849 τουτέστι,
1925 3781 2044 3850 ξὲνα

380 3874 475 3930 καὶ
535 3871 807 3948 ἀλλότρια
880 3873 1042 3943 ἡμῶν
1132 3868 1517 3946 (ἐγεγραςρῆκει
1585 3867 1689 3943 γὰρ
1757 3870 2038 3943 πρότερον,

385 3965 462 4028 ὦς
505 3962 781 4020 ἀδάπανον
831 3961 1057 4036 ἐκήρυξε
1111 3960 1174 4016 τὸ
1240 3957 1574 4036 Εὖαγγὲλιον
1627 3959 1755 4034 παρ’
1809 3959 2039 4030 αὐτοῖς)-

378 4056 512 4112 ἇλλ’
577 4055 758 4110 ἐκεῖνα
839 4051 988 4123 ὑμῖν,
1047 4051 1213 4124 φησὶν
1249 4095 1262 4118 ,
1312 4047 1638 4128 ἐγράφομεν,
1696 4049 1729 4105 ἂ
1787 4049 2042 4128 ἀναγινώτ

385 4166 538 4202 σκετε
573 4190 586 4212 ,
671 4140 947 4198 τουτέστιν
980 4183 995 4206 ,
1056 4138 1090 4195 ἃ
1145 4139 1629 4213 ὑπομιμνήσκεσθε
1662 4183 1675 4206 ,
1731 4139 1863 4195 εῗναι
1915 4123 2042 4212 παρ⁹

376 4237 534 4307 ¹ἡμῖν.
598 4235 929 4305 Ἀνάγνωσις
983 4228 1088 4306 γάρ
1145 4227 1286 4284 ἐστιν
1353 4229 1388 4298 ἠ
1463 4228 1792 4301 ὑπόμνησις,
1856 4227 1947 4282 καὶ
2005 4230 2040 4297 ἡ

380 4323 582 4380 ἄνωθεν
640 4325 858 4396 γνῶσις.
920 4318 1024 4377 Καὶ
1080 4317 1134 4373 τί
1188 4316 1356 4392 λέγω,
1415 4317 1598 4394 φησίν,
1632 4318 1787 4374 ἅτινα
1838 4317 2043 4389 ὑπομι-

381 4410 901 4489 μνήσκεσθηᾶτινα
953 4408 1048 4480 μὲν
1111 4406 1202 4462 οὗν
1263 4404 1648 4481 ἐπιγινώσκετε
1713 4407 1827 4462 εῖνα
1881 4408 2042 4477 ἡμῶν

379 4502 512 4571 ἴδια,
577 4503 718 4574 μήτε
787 4500 1204 4572 ὑπομνησθῆναι
1259 4493 1509 4568 δεόμενοι
1569 4492 1658 4551 διὰ
1707 4497 1770 4550 τὸ
1830 4493 2043 4570 πρόδη-

378 4592 476 4649 λον
505 4590 699 4646 αὐτῶν.
734 4586 881 4644 ἀλλὰ
924 4579 1168 4661 ἀκριϐῶς
1226 4583 1430 4648 εἰδότες
1482 4583 1572 4639 καὶ
1626 4585 1730 4658 πρὸ
1792 4583 2039 4656 ὑπομνή-

376 4702 537 4743 σεως.
568 4703 598 4733 ιι
625 4677 873 4746 Ἐλπίζω
905 4673 980 4733 δέ.
1015 4699 1043 4726 η
1072 4675 1234 4749 Ὁρᾷς
1265 4673 1348 4730 ὅτι
1399 4669 1552 4729 οὐδὲν
1603 4670 1912 4748 ἐπηρμένον
1939 4669 2041 4728 λα-

367 4769 493 4840 λεῖ,
524 4768 669 4825 ἀλλὰ
699 4771 780 4839 τῷ
811 4769 928 4838 Θεῷ
956 4763 1245 4835 ἀνατίθησι
1299 4763 1364 4818 τὸ
1423 4766 1525 4817 πᾶν
1559 4781 1573 4831 ;
1626 4761 1868 4832 Ἐλπιζω
1911 4761 2035 4836 γὰρ,

380 4859 570 4939 φησὶν,
603 4857 677 4919 εἰς
705 4856 798 4912 τὸν
833 4854 982 4926 Θεὸν,
1041 4854 1125 4910 ὅτι
1181 4852 1274 4908 καὶ
1329 4848 1434 4914 ἓως
1487 4850 1679 4915 τὲλους
1739 4850 2038 4926 ἐπιγνώσει

378 4963 472 5016 aee
503 4952 650 5022 ἡμᾶς
677 4946 959 5006 τοιούτους
991 4941 1168 5010 ὄντας,
1220 4939 1372 5004 οἵους
1427 4942 1484 4996 αἱ
1515 4940 1797 4998 ἐπιστολαὶ
1831 4939 2039 5012 δηλοῦ-

575 5038 588 5055 ,
642 5038 655 5049 .
713 5037 725 5050 ,
809 5033 866 5054 _,
1053 5032 1088 5049 ..
1314 5051 1334 5065 ρ
1457 5031 1470 5049 ς
1575 5029 1597 5048 κ
1718 5035 1742 5064 τ.
1937 5035 1946 5050 .

379 5062 454 5098 σι.
489 5042 591 5098 Και
631 5057 738 5093 απο
775 5055 970 5089 τυυτου
999 5054 1090 5088 και
1149 5033 1178 5086 6
1230 5029 1519 5106 παρελθών
1571 5029 1842 5098 οηλοδται
1892 5033 2034 5106 βιος,

377 5157 403 5186 ιι
432 5130 647 5197 Haec-3:,
681 5125 867 5203 φησὶν,
901 5125 1008 5180 ἀπὸ
1043 5121 1264 5196 μέρους,
1300 5146 1325 5173 o
1358 5122 1494 5189 οἷον,
1516 5128 1614 5179 Ἐκ
1645 5120 1841 5193 μέρους
1871 5119 2031 5197 ἔγνω-

375 5241 454 5280 τε.
505 5217 797 5292 Μετριάζει
855 5212 915 5270 δί
967 5217 1131 5268 τοῦτο
1172 5211 1367 5288 λὲγων·
1431 5213 1645 5288 [ΦΩἸΣ]
1707 5235 1732 5264 ι(
1763 5211 2031 5283 Ἐλπίζω,

376 5309 564 5390 φηστν,
620 5305 705 5363 ὅτι
781 5303 889 5366 ἱως
946 5301 1140 5365 τὲλους
1199 5300 1584 5376 ἐπιγνώσεσθε.
1645 5301 1760 5370 Τίς
1822 5323 1851 5352 ε(
1910 5303 2031 5361 Ὀτι

371 5401 642 5476 καύχημα
673 5397 826 5469 ὑμῶν
855 5393 1036 5468 ἰσμεν.
1070 5416 1097 5446 ι
1163 5393 1312 5466 Οὖγὶ
1347 5392 1509 5466 μόνον
1566 5390 1625 5449 δὲ
1673 5394 1858 5464 ἡμεῖς,
1885 5390 2035 5448 ἀλλὰ

369 5493 457 5548 καὶ
494 5492 650 5565 ὑμεῖς
691 5487 828 5558 ἐμοῦ
883 5483 1156 5563 καύχημά
1218 5482 1356 5541 ἐστε.
1415 5483 1506 5546 Ὠς
1557 5484 1660 5560 γὶρ
1715 5482 1775 5538 ἐκ
1831 5484 2031 5558 μὲρους

367 5585 460 5636 νῦν
481 5578 611 5634 αὐτὸ
641 5580 802 5632 τοῦτο
833 5574 1123 5648 ἐπέγνωτε,
1177 5572 1351 5636 οὕτως
1407 5570 1616 5642 ἐλπίζω
1657 5571 1742 5628 ὅτι
1797 5572 1888 5626 καὶ
1941 5593 2026 5628 τεο

373 5667 538 5732 λείως
596 5664 958 5740 ἐπιγνώσεσθε
1011 5661 1143 5718 αὐτὸ
1201 5661 1256 5717 ἰν
1314 5658 1489 5736 ἆιείνῃ
1545 5666 1614 5735 τῇ
1673 5659 1888 5734 ἡμέρᾳ,
1937 5660 2029 5718 ὅτε

371 5757 596 5822 ῧκωστος
650 5756 725 5813 ὧν
808 5749 1003 5832 ἔπραξε
1056 5754 1158 5826 τὴν
1239 5752 1578 5829 ἀντιμισθίαν
1645 5752 1886 5831 εόρήσει.
1943 5754 2027 5830 Ἐξ

2234 728 2278 788 Ι.
2321 729 2498 784 12-14.
2536 750 2558 780 ‹‹
2591 730 2735 784 Nam
2769 729 3039 801 gloriatio
3068 735 3274 785 nostra
3301 731 3818 786 hmcesttestimo—

2161 840 2187 866 ιι
2219 817 2382 872 nium
2416 819 2796 874 conscientia!
2830 819 3236 890 nostrm,quod
3267 836 3398 874 cum
3433 819 3813 891 simplicitate

2161 927 2189 956 α
2221 912 2280 960 et
2309 907 2650 962 sinceritate
2677 908 2800 971 Dei,
2825 925 2945 962 non
2978 925 3083 979 per
3109 909 3461 980 sapientiam
3483 910 3813 973 carnalem,

2164 1016 2192 1045 «
2227 996 2331 1051 sed
2357 1014 2462 1068 per
2489 998 2735 1069 gratiam
2773 998 2872 1052 Dei
2933 999 3263 1053 conversati
3321 1000 3470 1054 599
3528 999 3716 1056 simus
3748 1000 3808 1053 in

2163 1107 2190 1134 «
2225 1087 2470 1143 mundo.
2507 1086 2913 1143 abundantius
2945 1094 3143 1144 autem
3179 1104 3317 1160 erga
3347 1105 3466 1143 vos.
3501 1090 3624 1144 Non
3649 1089 3808 1143 enim

2161 1196 2190 1226 «
2223 1175 2338 1230 alia
2361 1176 2554 1232 scribo
2583 1177 2743 1233 vobis
2769 1193 2948 1250 quam
2980 1194 3112 1248 qua:
3144 1177 3339 1250 legitis
3365 1184 3468 1234 aut
3497 1178 3672 1233 etiam
3704 1195 3810 1233 co-

2164 1287 2185 1313 α
2220 1265 2523 1337 gnoscitis.
2554 1266 2735 1338 Spero
2760 1274 2958 1322 autem
2982 1267 3140 1337 quod
3173 1283 3362 1338 usque
3385 1267 3457 1322 ad
3476 1268 3652 1323 tinem
3675 1284 3813 1338 quo-

2159 1376 2186 1405 ‹‹
2216 1371 2330 1426 que
2361 1357 2714 1429 cognoscitis
2740 1356 3235 1427 quemadmodum
3253 1363 3314 1412 et
3337 1357 3816 1425 cognovistisnos

2157 1465 2185 1492 α
2220 1460 2290 1500 ex
2322 1450 2526 1516 parte:
2562 1445 2719 1517 quod
2750 1445 3024 1516 gloriatio
3057 1451 3250 1502 vestra
3279 1447 3486 1512 simus,
3523 1445 3814 1516 quemad-

2157 1556 2184 1583 «
2222 1535 2463 1590 modum
2487 1541 2545 1590 et
2571 1552 2673 1590 vos
2707 1544 2910 1590 nostra
2941 1537 3000 1590 in
3035 1537 3130 1591 die
3161 1536 3412 1592 Domini.
3449 1558 3476 1584 »

2227 1625 2375 1691 Quia
2406 1625 2678 1697 superius
2709 1625 2938 1681 dixerat
2977 1643 3083 1698 per
3113 1627 3214 1681 Dei
3255 1625 3696 1682 misericordias
3752 1643 3814 1682 se

2155 1717 2438 1788 adeptum
2471 1715 2652 1770 fuisse
2685 1715 3258 1784 misericordiam,ne
3291 1715 3818 1771 hocdictoaudito-

2155 1823 2281 1862 rem
2307 1805 2517 1860 reddat
2539 1805 2895 1878 segniorem,
2931 1806 3016 1860 ait
3073 1823 3108 1862 a
3170 1806 3367 1878 seipso
3399 1811 3672 1879 oportere
3713 1805 3819 1860 ha—

2155 1897 2296 1952 bere
2329 1895 2540 1951 salutis
2571 1895 2917 1951 occasiones
2951 1913 3020 1952 ex
3043 1895 3201 1951 bona
3239 1895 3626 1950 conscientia.
3652 1903 3731 1950 Ac
3763 1895 3812 1949 si

2155 1985 2418 2041 diceret:
2449 1985 2826 2040 Conscientia
2859 1991 3060 2040 nostra
3099 2002 3231 2056 quae
3262 1984 3437 2040 nobis
3469 1984 3624 2040 bona
3647 1985 3817 2039 testi-

2153 2075 2385 2138 ficatur,
2408 2080 2468 2130 et
2498 2074 2657 2147 quod
2689 2075 2748 2130 in
2782 2075 3160 2146 simplicitate
3181 2076 3510 2131 conversati
3539 2075 3727 2130 simus
3747 2075 3808 2130 in

2151 2166 2398 2232 mundo,
2432 2165 2751 2220 maximam
2780 2165 3205 2222 consolationis
3237 2166 3613 2220 occasionem
3647 2164 3812 2219 dedit

2143 2255 2318 2311 nobis
2351 2272 2364 2309 :
2401 2255 2589 2324 magis
2621 2261 2814 2310 autem
2849 2272 2968 2310 non
2995 2255 3426 2310 consolationis
3451 2254 3666 2323 solum,
3700 2253 3804 2309 sed

2145 2353 2204 2403 et
2230 2346 2623 2420 gloriationis.
2682 2370 2706 2390 η
2761 2347 2925 2412 Quod
2977 2365 3111 2403 cum
3163 2347 3630 2412 simplicitate.»
3668 2348 3805 2402 Sine

2145 2437 2301 2502 dolo,
2334 2436 2463 2491 sine
2497 2436 2734 2491 fictione
2767 2442 2869 2492 aut
2927 2437 3298 2509 operimento
3359 2437 3582 2508 aliquo.
3616 2460 3643 2485 «
3680 2439 3806 2492 Non

2145 2547 2252 2603 per
2281 2529 2637 2601 sapientiam
2673 2529 2973 2585 carnalem
3031 2552 3059 2579 ››
3093 2532 3217 2586 Non
3256 2546 3364 2602 per
3420 2529 3810 2586 calliditatem

2145 2637 2214 2676 ac
2246 2619 2567 2674 versutiam
2599 2619 2908 2674 verborum
2967 2636 3098 2690 qum
3131 2618 3449 2674 obumbrat
3477 2619 3808 2685 veritatem,

2145 2709 2473 2766 conversati
2509 2725 2734 2764 sumus.
2769 2708 3092 2764 Considera
3119 2725 3259 2764 vero
3282 2709 3442 2781 quod
3483 2726 3550 2765 ea
3578 2710 3811 2780 rejiciat

2147 2816 2215 2856 ac
2244 2799 2455 2872 fugiat.
2490 2798 2551 2854 in
2600 2798 2818 2870 quibus
2874 2798 3287 2872 gloriabantur
3338 2799 3810 2870 pseudapostoli.

2149 2913 2176 2940 «
2212 2889 2324 2945 Sed
2354 2905 2459 2960 per
2479 2890 2728 2955 gratiam
2765 2889 2887 2946 Dei.
2924 2912 2951 2939 »
2979 2891 3101 2946 Hoc
3131 2897 3221 2945 est
3249 2891 3417 2958 signa
3446 2907 3515 2946 ac
3543 2892 3813 2965 prodigia

2149 2995 2282 3051 qua:
2315 2978 2413 3034 Dei
2433 2977 2588 3034 dona
2604 2983 2831 3034 erantu
2855 2978 3270 3034 Abundantius
3285 2986 3482 3035 autem
3502 2997 3639 3051 erga
3654 2999 3754 3036 vos
3787 3005 3814 3031 ››

2148 3067 2452 3132 Quomodo
2475 3067 2502 3122 ?
2530 3067 2680 3132 Quia
2710 3083 2842 3122 cum
2874 3067 3084 3140 signis.
3119 3073 3406 3139 prmterea
3434 3069 3616 3124 etiam
3677 3070 3814 3125 sine

2151 3162 2390 3228 sumptu
2423 3155 2804 3224 Evangelium
2836 3156 2992 3226 apud
3025 3156 3187 3227 ipsos
3239 3157 3684 3228 prmdicaverat.
3746 3160 3816 3212 Et

2149 3243 2319 3300 vide:
2354 3243 2577 3298 bonum
2603 3261 2752 3316 opus
2783 3244 2940 3316 quod
2971 3245 3159 3317 ipsius
3207 3252 3354 3307 erat.
3387 3246 3659 3302 attribuit
3680 3263 3812 3320 gra-

2152 3333 2247 3390 tiae
2280 3333 2404 3390 Dei.
2429 3355 2458 3382 «
2484 3335 2610 3390 Non
2643 3333 2802 3390 enim
2843 3333 2962 3389 alia
3013 3334 3330 3391 scribimus
3362 3335 3546 3390 vobis.
3587 3359 3612 3384 n
3656 3337 3813 3402 Quo-

2155 3424 2318 3480 niam
2350 3423 2603 3479 multum
2635 3423 2707 3479 de
2739 3423 2934 3496 seipse
2984 3424 3218 3481 locutus
3275 3431 3399 3481 erat
3459 3426 3617 3498 quod
3683 3425 3812 3482 sine

2155 3521 2399 3588 sumptu
2427 3516 2807 3589 Evangelium
2831 3515 3232 3588 praedicasset.
3278 3534 3354 3572 ne
3386 3517 3519 3589 quis
3550 3518 3676 3574 haec
3734 3518 3816 3574 fa-

2154 3613 2312 3664 stum
2345 3609 2658 3665 verborum
2694 3626 2824 3666 esse
2853 3609 3195 3677 ducat,cum
3228 3610 3548 3666 destitutus
3576 3612 3652 3665 sit
3673 3628 3810 3682 ope-

2151 3698 2337 3759 ribus.
2373 3699 2533 3770 ipsos
2593 3699 2656 3754 in
2705 3704 2886 3755 testes
2943 3700 3188 3756 adducit
3244 3701 3401 3772 quod
3451 3718 3587 3756 vera
3628 3701 3810 3757 dicat-

2150 3789 2277 3843 Non
2329 3789 2490 3844 enim
2547 3789 2666 3844 alia
2724 3788 3074 3860 scripsimus
3133 3789 3318 3854 vobis,
3381 3791 3493 3846 hoc
3550 3795 3657 3858 est,
3716 3809 3810 3862 pe-

2149 3877 2389 3950 regrina
2413 3884 2472 3933 et
2500 3877 2752 3933 alienaa
2797 3877 2968 3932 nobis
3025 3879 3368 3950 (scripserat
3421 3879 3583 3934 enim
3643 3880 3808 3950 prius

2147 3967 2306 4039 quod
2330 3967 2458 4023 sine
2492 3974 2734 4040 sumptu
2767 3967 3150 4039 praedicasset
3199 3969 3343 4040 ipsis
3377 3969 3802 4040 Evangelium),

2146 4057 2250 4113 sed
2283 4057 2385 4112 illa
2421 4057 2582 4112 vobis
2641 4057 2990 4128 scripsimus
3051 4074 3184 4128 qua)
3243 4057 3459 4122 legitis,
3520 4057 3634 4114 hoc
3693 4065 3804 4124 est,

2149 4145 2221 4202 de
2249 4148 2466 4219 quibus
2501 4148 2835 4219 suggeritur
2866 4146 3028 4201 vobis
3089 4146 3246 4218 quod
3303 4147 3425 4202 sint
3477 4147 3538 4202 in
3585 4147 3758 4202 nobis
3793 4159 3806 4209 ;

2148 4239 2327 4296 lectio
2361 4241 2519 4295 enim
2553 4246 2643 4295 est
2673 4240 2995 4313 suggestio,
3021 4245 3079 4296 et
3112 4246 3298 4296 tracta
3329 4257 3397 4296 ex
3423 4239 3809 4312 prmcedenli-

2148 4328 2260 4386 bus
2293 4330 2506 4386 notitia
2549 4331 2620 4385 Et
2649 4329 2792 4401 quid
2833 4329 2986 4397 dico,
3019 4329 3318 4401 inquit,de
3351 4330 3574 4401 quibus
3607 4345 3809 4402 sugge-

2148 4420 2302 4476 ritur
2331 4419 2496 4475 vobis
2525 4419 2552 4475 ?
2575 4418 2871 4492 siquidem
2901 4437 3032 4491 qum
3067 4420 3430 4486 cognoscitis
3461 4419 3632 4475 nobis
3675 4437 3804 4475 es.~.o

2150 4509 2412 4580 propria,
2443 4521 2519 4565 ne
2549 4525 2698 4579 Opus
2721 4509 2963 4581 quidem
3009 4509 3240 4566 habetis
3289 4516 3352 4564 ut
3414 4515 3808 4582 suggerantur

2150 4596 2333 4656 vobis.
2366 4613 2498 4651 cum
2523 4597 2841 4652 manifesta
2861 4597 3113 4662 sint,sed
3127 4598 3302 4654 etiam
3321 4604 3460 4653 ante
3480 4600 3804 4670 suggestio-

2149 4701 2288 4741 nem
2323 4693 2524 4740 exacte
2557 4685 2740 4740 scitis.
2775 4706 2805 4736 «
2839 4685 3020 4756 Spero
3067 4693 3286 4742 autem.
3326 4710 3348 4738 ι
3413 4686 3586 4742 Vides
3645 4687 3805 4757 quod

2147 4773 2698 4840 nihilarrogantius
2729 4773 3026 4844 loquatur,
3061 4774 3164 4828 sed
3207 4791 3331 4830 rem
3391 4791 3631 4830 omnem
3687 4777 3806 4830 Deo

2149 4863 2480 4918 attribuat?
2511 4863 2668 4918 800
2692 4864 2833 4918 Nam
2869 4878 3064 4934 spero,
3093 4863 3307 4936 inquit,
3335 4863 3394 4918 in
3427 4864 3612 4919 Deum
3647 4865 3807 4936 quod

2149 4968 2336 5023 usque
2367 4951 2442 5008 ad
2475 4951 2655 5006 ﬁnem
2689 4967 2926 5022 quoque
2957 4951 3323 5025 cognoscetis
3353 4969 3462 5008 nos
3495 4953 3640 5009 tales
3672 4971 3802 5009 esse

2147 5042 2355 5114 quales
2387 5040 2728 5113 signiﬁcant
2757 5039 3026 5111 epistolas
3061 5057 3074 5107 ;
3104 5047 3163 5095 et
3191 5040 3265 5096 ab
3297 5042 3408 5098 hoc
3439 5043 3616 5098 etiam
3651 5061 3800 5114 prm-

2147 5132 2321 5189 terita
2349 5130 2684 5187 ostenditur
2713 5130 2850 5186 vita.
2885 5155 2909 5178 u
2946 5130 3702 5205 Quemadmodum,iuquit.
3732 5152 3801 5189 ex

2143 5227 2308 5294 parte
2343 5238 2357 5288 ;
2394 5242 2421 5268 »
2445 5219 2558 5276 hoc
2587 5224 2700 5282 est,
2734 5235 2805 5275 ex
2836 5224 3002 5290 parte
3034 5215 3427 5292 cognovistis:
3450 5223 3564 5280 hoc
3595 5233 3796 5281 autem

2141 5310 2394 5368 dicendo
2427 5327 2546 5382 prie
2575 5325 2638 5364 se
2669 5308 2784 5364 fert
2813 5309 3233 5366 modestiam.«
3268 5311 3472 5384 Spero.
3507 5314 3605 5369 ait.
3642 5316 3800 5386 quod

2141 5417 2332 5473 usque
2363 5400 2436 5456 ad
2468 5400 2645 5455 ﬁnem
2671 5399 3060 5470 cognoscetis.
3100 5421 3126 5446 »
3150 5400 3302 5466 Quid
3325 5401 3808 5477 ‘?«Quodgloria-

2140 5490 2224 5545 tio
2256 5496 2448 5544 vestra
2480 5488 2686 5543 simus.
2724 5509 2750 5534 ››
2781 5489 2904 5542 Non
2938 5487 3133 5544 solum
3189 5497 3387 5546 autem
3423 5508 3559 5552 nos.
3611 5493 3714 5547 sed
3745 5501 3804 5547 et

2139 5596 2239 5634 vos
2260 5595 2497 5652 quoque
2555 5592 2691 5633 mea
2734 5575 3008 5649 gloriatio
3067 5578 3232 5636 estis.
3283 5580 3445 5636 Sicut
3473 5581 3632 5635 enim
3677 5581 3790 5638 hoc

2137 5668 2334 5742 ipsum
2366 5683 2527 5722 nunc
2556 5682 2624 5722 ex
2657 5671 2822 5738 parte
2853 5667 3232 5738 cognovistis,
3289 5669 3372 5724 ita
3402 5684 3574 5739 spero
3636 5669 3788 5739 quod

2137 5756 2316 5815 etiam
2346 5756 2459 5815 hoc
2487 5756 2746 5832 perfecte
2776 5755 3144 5829 cognoscetis
3173 5756 3236 5816 in
3267 5756 3370 5814 illo
3396 5755 3512 5822 die,
3543 5756 3786 5828 quando
