4080 6424
243 413 361 474 923

1374 411 1621 475 mCUM
1635 411 1799 474 ENII
1845 406 2150 469 TRICCE
2194 405 2550 469 EPISCOPI

3554 410 3674 474 924

243 552 656 624 unusquisque
686 568 893 608 eorum
923 569 1057 624 quas
1087 551 1230 608 fecit
1257 550 1718 608 retributionem
1744 548 1899 602 inve-

2023 542 2090 597 ιῖιν
2127 544 2228 619 γὰρ
2259 542 2516 618 εὖρησετε
2564 542 2878 604 πεισθέντες
2923 543 3048 615 ἐμοὶ
3078 542 3172 599 καὶ
3202 547 3283 616 τῷ
3333 543 3671 619 κηρ·5γματι’

248 644 482 699 niet.Ex
514 643 605 698 his
638 643 802 697 enim
836 659 967 713 quas
1001 641 1460 709 nanciscemini,
1496 639 1634 695 dum
1657 636 1802 693 mihi
1837 652 1904 691 ac

246 732 652 805 praedicationi
686 732 1284 804 obtemperatis,tunc
1305 730 1565 803 perfecte
1587 742 1901 801 cognosce-

250 824 323 877 tis
355 830 416 879 et
440 839 562 878 non
594 839 662 877 ex
695 828 886 894 parte,
924 822 1082 893 quod
1115 821 1392 893 gloriatio
1422 825 1616 874 vestra
1669 818 1854 873 simus
1890 832 1902 870 :

249 919 307 967 et
336 928 440 984 ego
481 928 624 966 sane
675 917 933 967 vestram
969 911 1219 966 salutem
1255 916 1314 965 et
1351 924 1656 965 accessum
1687 906 1906 979 gloria-

247 1003 473 1058 tionem
507 1000 783 1056 efﬁciam.
821 1022 848 1050 ‹‹
877 1000 1042 1065 Quod
1081 999 1353 1072 gloriatio
1410 1004 1604 1054 vestra
1633 996 1838 1051 simus.
1874 1016 1902 1044 ››

249 1089 473 1146 Deinde
506 1106 581 1144 ne
610 1089 804 1162 gravis
835 1105 964 1143 esse
995 1087 1265 1143 videatur
1294 1088 1366 1143 de
1426 1088 1622 1159 seipso
1652 1085 1906 1156 loquens

247 1179 405 1235 bona
435 1196 543 1234 sua
575 1195 756 1251 opera
786 1178 983 1234 reddit
1010 1179 1372 1234 communia.
1408 1179 1551 1233 Nam
1583 1176 1632 1232 si
1662 1175 1797 1231 talis
1823 1174 1909 1228 in-

251 1269 400 1340 quit,
429 1269 873 1324 demonstratus
905 1268 1070 1323 fuero
1102 1268 1337 1340 qualem
1372 1268 1492 1324 dixi
1526 1289 1553 1318 ι(
1581 1267 1641 1322 in
1674 1266 1769 1322 die
1792 1265 1908 1320 Do-

248 1358 418 1421 mini,
452 1378 478 1409 ι
514 1358 626 1413 hoc
657 1364 765 1426 est,
796 1359 855 1412 in
881 1357 1111 1429 judicio
1144 1360 1357 1429 (neque
1389 1357 1549 1412 enim
1588 1354 1911 1427 praesentia

249 1446 469 1502 intueri
500 1453 753 1517 oportet,
787 1464 1009 1519 nempe
1042 1447 1362 1519 opprobria
1399 1452 1459 1502 et
1512 1445 1907 1502 contumelias

248 1552 394 1608 quas
421 1536 697 1592 audimus
732 1553 839 1592 nos
869 1537 1144 1607 apostoli)
1172 1553 1185 1603 ;
1229 1537 1276 1590 si
1310 1536 1460 1591 tales
1490 1552 1628 1608 ergo
1660 1534 1908 1589 demon-

250 1626 418 1681 strati
452 1626 762 1692 fuerimus,
799 1648 826 1674 ‹‹
858 1626 1133 1698 gloriatio
1184 1633 1379 1681 vestra
1431 1641 1655 1680 sumus.
1696 1646 1722 1673 υ
1751 1625 1903 1689 Quo-

249 1714 468 1772 modo?
484 1715 631 1781 Quia
650 1715 993 1787 hujusmodi
1025 1716 1285 1772 maxime
1312 1716 1402 1770 usi
1428 1714 1570 1771 estis
1592 1721 1909 1787 praecepto-

251 1803 419 1860 ribus
451 1805 549 1876 qui
584 1804 734 1858 nihil
768 1805 1097 1859 humanum
1130 1804 1478 1860 docuerunt.
1526 1804 1597 1857 Et
1626 1818 1736 1858 nos
1767 1817 1909 1857 sane

253 1894 314 1949 in
345 1892 510 1947 vobis
540 1892 933 1964 gloriabimur
962 1893 1120 1964 quod
1161 1892 1313 1949 tales
1342 1892 1515 1948 nobis
1546 1891 1905 1964 contigerint

255 1981 556 2054 discipuli,
590 1999 711 2038 non
744 1982 1092 2039 vacillantes
1122 1989 1225 2039 aut
1254 1983 1491 2051 offensi,
1540 1981 1683 2038 licet
1730 1980 1906 2037 malis

253 2071 639 2130 afﬁcerentur
668 2073 935 2145 ipsorum
965 2079 1382 2146 praeceptores.

916 2189 1146 2246 CAPUT
1177 2189 1249 2246 Π.

259 2300 337 2351 De
365 2296 657 2352 dilectione
686 2314 853 2369 quam
900 2314 1032 2368 erga
1063 2297 1210 2368 ipsos
1247 2298 1481 2353 habebat
1512 2316 1530 2352 :
1560 2304 1611 2352 et
1641 2296 1791 2368 quod
1808 2313 1909 2367 pe-

314 2370 557 2438 percerit
618 2386 683 2423 me
739 2386 826 2425 eos
874 2372 1252 2427 contristaret.
1312 2386 1632 2440 quanquam
1682 2384 1909 2424 mag-rora

319 2442 590 2509 afﬁciens,
622 2441 922 2495 utilitatem
945 2443 1175 2511 aﬂ’erret
1206 2439 1419 2496 :veIuti
1458 2443 1517 2495 in
1565 2456 1627 2494 eo
1683 2440 1785 2509 qui
1843 2439 1907 2495 ob

318 2518 572 2582 stuprum
602 2513 927 2583 objurgutus
953 2516 1162 2582 fuerat,
1200 2515 1291 2567 rui
1319 2516 1484 2569 etiam
1513 2514 1763 2581 ignosm't.

316 2620 445 2686 1,15
486 2623 614 2675 17.‹‹
650 2621 719 2675 Ει
740 2621 849 2676 hac
882 2620 1103 2676 fiducia
1135 2626 1457 2677 statueram
1489 2620 1563 2675 ad
1594 2621 1907 2677 vosvenire

246 2729 275 2757 ι(
311 2708 498 2779 prius.
534 2715 599 2764 ut
626 2708 879 2765 alteram
903 2710 1048 2764 60!
1090 2710 1390 2766 haberetis
1420 2711 1690 2783 gratiam,
1725 2716 1784 2765 et
1803 2726 1909 2781 per

247 2817 275 2845 ‹‹
308 2814 407 2853 vos
434 2799 690 2855 transire
724 2799 785 2855 in
841 2799 1247 2855 Macedoniam
1287 2816 1301 2853 :
1334 2815 1693 2871 rursumque
1724 2816 1760 2855 a
1788 2801 1903 2855 Ma—

254 2906 277 2936 ιι
315 2887 565 2943 cedonia
601 2889 803 2943 venire
843 2888 919 2944 ad
952 2905 1074 2955 vos,
1106 2905 1174 2944 ac
1205 2906 1240 2944 a
1270 2888 1438 2944 vobis
1469 2888 1681 2944 deduci
1715 2890 1776 2944 in
1805 2891 1909 2946 Ju-

253 3000 282 3029 ‹‹
312 2976 521 3031 daeam.
559 2977 676 3033 Hoc
707 2978 887 3045 igitur
916 2994 1050 3033 cum
1082 2980 1444 3043 statuissem,
1464 2978 1727 3035 nuncubi
1759 2979 1907 3034 lexi-

258 3088 280 3115 ι
320 3071 434 3120 tate
467 3082 610 3120 usus
638 3083 770 3122 sum
801 3068 829 3122 ?
857 3072 962 3121 aut
990 3084 1134 3124 num
1166 3084 1236 3123 ea
1280 3085 1411 3139 quin
1444 3072 1658 3126 statuo.
1693 3084 1907 3124 secun-

254 3177 275 3204 ι
304 3154 446 3210 dum
478 3171 722 3211 carnem
750 3157 999 3213 statuo?
1047 3164 1113 3214 ut
1168 3159 1292 3214 sint
1345 3158 1503 3230 apud
1564 3174 1658 3213 me
1715 3159 1906 3215 Etiam

254 3263 282 3296 α
313 3244 527 3303 Etiam.
560 3252 618 3299 et
645 3247 771 3301 Non
807 3245 931 3302 Non
964 3246 992 3302 ’ἶ
1024 3269 1050 3295 ››

321 3356 348 3383 (ι
384 3335 456 3388 Et
504 3334 617 3390 hac
675 3335 914 3392 fiducia.
947 3357 976 3385 ››
1037 3338 1359 3402 Quanam?
1415 3336 1576 3408 quod
1623 3337 1913 3410 gloriarer

249 3424 312 3480 in
371 3422 583 3489 vobis,
663 3425 820 3495 quod
912 3426 1185 3498 gloriatio
1243 3432 1440 3483 vestra
1491 3432 1650 3483 esset
1723 3428 1912 3483 nostri

257 3510 525 3575 dilectio,
568 3512 724 3582 quod
784 3512 1010 3569 nullius
1070 3513 1212 3570 mali
1268 3514 1444 3570 nobis
1500 3515 1721 3571 conscii
1755 3530 1912 3571 esse-

257 3619 412 3660 mus.
476 3632 541 3642 ——
600 3603 682 3658 Ob
732 3605 908 3673 hanc,
961 3605 1206 3677 inquit,
1267 3606 1581 3675 ﬁduciam,
1639 3606 1713 3662 ob
1760 3607 1915 3663 hanc

256 3709 423 3764 spem
457 3737 473 3759 ,
549 3693 705 3763 quod
791 3712 926 3751 mea
979 3696 1252 3769 gloriatio
1311 3697 1491 3753 etiam
1554 3714 1655 3752 vos
1704 3697 1914 3753 essetis

257 3782 555 3855 promissa
586 3782 645 3837 in
670 3782 773 3838 illo
808 3783 924 3842 die.
962 3792 1020 3840 et
1051 3801 1157 3859 ego
1189 3791 1388 3842 vestra
1417 3801 1629 3842 essem.
1666 3786 1834 3851 Quod
1864 3788 1912 3843 si

252 3870 325 3926 ob
357 3871 514 3926 hanc
549 3872 828 3929 ﬁduciam
858 3882 1184 3930 statueram
1223 3874 1297 3930 ad
1335 3892 1431 3930 vos
1465 3875 1685 3942 venire,
1720 3876 1915 3930 mani-

250 3959 467 4016 festum
504 3970 594 4017 est
624 3964 781 4035 quod
816 3972 1113 4020 maturum
1148 3981 1217 4021 ac
1243 3982 1525 4039 magnum
1557 3971 1685 4022 erat
1708 3965 1914 4021 consi-

253 4050 403 4105 lium
441 4068 676 4123 :neq:ie
728 4055 890 4109 enim
923 4056 1251 4110 huxranum
1304 4062 1451 4112 erat.
1513 4054 1618 4110 sed
1675 4061 1918 4127 propter

263 4159 580 4199 commune
612 4145 839 4201 lucrum
872 4164 942 4202 ac
997 4148 1246 4204 salutem
1305 4149 1662 4204 animarum.
1717 4148 1917 4203 Invitis

258 4232 462 4302 itaque
495 4233 734 4290 avulsus
767 4251 895 4289 sum
926 4250 959 4290 a
989 4236 1239 4291 consilio
1269 4255 1281 4291 :
1308 4238 1529 4292 etenim
1573 4235 1918 4308 hujusmodi

259 4320 493 4377 lucrum
526 4338 646 4376 non
671 4323 1214 4394 neglexissenrHoc
1229 4331 1429 4381 autem
1453 4325 1916 4397 posuit,firmam

260 4425 329 4464 ac
358 4410 727 4465 verissimam
761 4428 977 4483 parans
1010 4414 1420 4469 defensionem
1451 4430 1463 4467 :
1497 4413 1917 4469 adeoillicuraa

258 4515 321 4554 er
363 4499 553 4553 tnulli
580 4501 844 4571 praebere
868 4519 1071 4559 ansam
1107 4502 1474 4559 oﬂ'endiculi.
1510 4527 1536 4551 ‹‹
1566 4503 1638 4559 Ut
1665 4503 1916 4558 alteram

261 4587 562 4643 haberetis
593 4591 911 4663 gratiam.»
949 4594 1017 4647 Et
1044 4609 1152 4664 per
1182 4592 1438 4663 priorem
1465 4591 1915 4665 videlicetepis-

2012 632 2137 688 τότε
2192 631 2419 694 τελείως
2479 633 2863 710 ἐπιγνώσεσθε,
2909 633 3000 689 καὶ
3059 632 3158 688 οὐκ
3212 631 3274 688 ἐκ
3332 629 3553 708 μέρους,
3586 635 3672 692 ὅτι

2011 722 2282 802 καύχημα
2331 725 2483 795 ὑμῶν
2514 723 2694 797 ἐσμεν.
2730 722 2833 780 Καὶ
2885 723 2992 798 ἐγὼ
3025 721 3083 779 δὲ
3137 723 3291 797 ὑμῶν
3323 724 3423 792 τήν
3490 745 3674 795 σωτη-

2014 812 2128 888 ρίαν
2158 814 2247 869 καὶ
2269 815 2368 881 τὴν
2401 815 2815 890 προσαργωγήν,
2842 833 3112 889 καιχημα
3132 816 3460 886 ποιήσομαι.
3488 837 3513 868 α
3544 817 3672 870 ’Ότι

2012 902 2279 977 καύχημα
2309 905 2459 975 ὑμῶν
2499 904 2678 977 ἐσμεν.
2716 928 2744 956 »
2794 904 2930 961 Εἶτα
2985 905 3078 959 ’ἰνα
3139 906 3214 977 μή
3253 905 3478 982 φοτικὸς
3537 907 3674 960 εἶναι

2013 991 2143 1069 δόξῃ
2200 996 2324 1067 περὶ
2383 997 2581 1051 ἑαυτοῦ
2639 995 2835 1068 λέγων,
2889 996 3046 1050 κοινὰ
3096 996 3164 1051 τὰ
3215 996 3383 1051 αὐτοῦ
3438 1001 3675 1053 ποιεῖται

2010 1086 2431 1159 κατορθώματα,
2465 1085 2510 1139 εἰ
2566 1085 2669 1162 γὰρ
2734 1089 3010 1152 τοιοῦτος,
3073 1085 3233 1165 φησὶ,
3293 1083 3501 1161 δειχθῶ
3561 1087 3674 1142 οἶον

2013 1171 2208 1248 εἷ’ρηκα
2240 1199 2265 1225 ιι
2300 1173 2350 1228 ἐν
2392 1177 2461 1246 τῇ
2484 1174 2666 1250 ἡμέρᾳ
2694 1178 2790 1229 τοῦ
2824 1174 3053 1249 Κυρίου,
3089 1198 3116 1225 ››
3150 1174 3269 1230 οἷον
3328 1174 3381 1231 ἐν
3433 1179 3501 1249 τῇ
3554 1174 3678 1250 κρί-

2013 1286 2115 1320 σει·
2149 1263 2299 1340 (οὐδὲ
2325 1267 2429 1340 γὰρ
2461 1262 2541 1320 δεῖ
2570 1267 2637 1322 τὰ
2669 1265 2906 1339 παρόντα
2966 1270 3211 1335 σκοπεῖν,
3273 1267 3390 1322 οἷον
3441 1266 3508 1322 τὰ
3538 1265 3676 1321 ὀνεί-

2014 1353 2105 1426 δη,
2135 1356 2233 1418 τὰς
2264 1351 2467 1428 ὕϐρεις,
2527 1354 2589 1421 ἃς
2639 1356 2908 1428 ἂκουόμεν
2965 1359 3132 1428 ἡμεῖς
3188 1358 3242 1412 οἱ
3277 1353 3602 1429 ἆπόστολοι)
3630 1356 3675 1412 εἰ

2011 1449 2254 1501 τοιοῦτοι
2285 1450 2579 1522 τοιγαεοῦν
2637 1443 2973 1521 δειχθῶμεν,
3032 1471 3060 1499 ‹‹
3092 1446 3361 1522 καύχημα
3402 1449 3553 1521 ὑμῶν
3588 1446 3678 1501 ἐσ·

2019 1557 2134 1609 μεν.
2183 1561 2208 1585 υ
2245 1541 2365 1598 Πῶς
2402 1557 2415 1602 ;
2445 1538 2572 1594 ’Ὁτι
2601 1537 2868 1591 τοιοῦτων
2902 1537 3255 1611 ηὐπορησατε
3307 1535 3677 1609 διδασκάλων,

2014 1629 2123 1682 τῶν
2156 1624 2309 1681 οὐδὲν
2340 1626 2674 1691 ἀνθρώπινον
2720 1623 3073 1697 διδαξὰντων.
3139 1627 3239 1683 Καὶ
3296 1630 3463 1699 ἡμεῖς
3531 1626 3588 1683 δί
3628 1627 3679 1682 ἐν

2017 1715 2146 1788 ὑμῖν
2178 1715 2574 1790 καυχησόμεθα
2604 1715 2691 1770 ὅτι
2719 1716 2990 1771 τοιούτων
3047 1715 3439 1791 ηὐπορησαμεν
3494 1729 3678 1791 μαθη-

2014 1809 2147 1871 τῶν,
2210 1807 2285 1877 μή
2344 1803 2757 1878 σαλευομένων,
2824 1806 2859 1877 ἢ
2910 1803 3421 1879 σκανδαλιζομὲνων
3481 1805 3533 1862 ἐν
3593 1811 3676 1880 τῷ

2017 1895 2250 1971 πάσχειν
2277 1899 2459 1957 κακῶς
2491 1896 2618 1956 τοὺς
2646 1893 2823 1951 αὐτῶν
2856 1891 3242 1960 διδασκάλους.

2662 2177 2920 2234 ΚΕΦΑΛ.
2954 2177 3025 2234 Β“π

2018 2287 2145 2374 Περὶ
2177 2288 2393 2374 ἀγάπης
2423 2288 2707 2374 τῆὶςκπρός
2735 2286 2930 2374 eximiis
2961 2285 3059 2374 καί
3082 2284 3302 2374 φειὸρυς
3362 2287 3458 2374 εἷς..
3498 2288 3562 2374 τὸ
3597 2289 3676 2362 μὴ

2092 2348 2306 2439 λυπεῖν,
2341 2348 2386 2415 ἐξ
2417 2348 2505 2415 καὶ
2526 2348 2731 2439 Δλυῖιτιῖισι
2770 2348 3000 2439 ιῦφελεῖ,
3031 2348 3104 2421 ὡς
3135 2358 3222 2415 ἐπὶ
3281 2363 3377 2415 τοῦ
3431 2357 3521 2414 διὰ
3545 2348 3686 2435 πορί-

2088 2433 2233 2489 νείαν
2283 2433 2725 2506 ἒπιτιμηθέντος,
2759 2432 2805 2504 ᾦ
2833 2431 2922 2486 καὶ
2954 2436 3254 2507 συγχωρεῖ.

2086 2606 2189 2661 Καὶ
2216 2604 2385 2678 ταότῃ
2439 2608 2509 2679 τῇ
2568 2606 2891 2675 πεποιθήσει
2959 2597 3278 2675 ἐϐουλῦμην
3342 2604 3477 2678 πρὸς
3544 2604 3685 2676 ὑμᾶς

2014 2692 2190 2749 ἐλθεῖν
2247 2695 2310 2750 τὸ
2393 2693 2655 2769 πρνίτερον
2700 2738 2714 2763 ,
2769 2690 2865 2748 *ίνα
2948 2690 3196 2767 δευτέραν
3255 2692 3417 2768 χάριν
3488 2685 3690 2766 ἔχητε,

2012 2783 2103 2838 καὶ
2153 2780 2225 2837 δι’
2284 2783 2437 2855 ὑμῶν
2528 2781 2701 2838 ἐλθεῖν
2783 2783 2860 2843 εἰς
2930 2779 3294 2848 Μακεδονίαν,
3355 2783 3447 2836 καὶ
3513 2781 3680 2837 πάλιν

2013 2872 2119 2927 ἀπὸ
2152 2869 2485 2934 Μακεδονίας
2544 2870 2720 2936 ἐλθεῖν
2790 2872 2925 2943 πρὸς
2988 2873 3148 2945 ὑμᾶς,
3211 2871 3302 2926 καὶ
3364 2871 3454 2949 ὑφ’
3523 2872 3677 2946 ὑμῶν

2017 2969 2447 3039 προπεμφθῆναι
2502 2961 2578 3024 εἷς
2660 2963 2761 3029 τὴν
2837 2959 3121 3017 Ἰουδαίαν·
3181 2964 3344 3016 τοῦτο
3403 2962 3494 3015 οὖν
3553 2961 3681 3035 βου-

2017 3051 2341 3123 λευόμενος,
2395 3053 2471 3123 μή
2532 3072 2586 3107 τι
2645 3050 2747 3126 ἆρα
2802 3054 2873 3123 τῇ
2930 3049 3162 3130 ἐλαφρίᾳ
3218 3049 3596 3126 ἐλρησάμηνς
3636 3050 3671 3120 ἢ

2016 3143 2050 3200 ἃ
2103 3142 2448 3220 βουλεύομαι
2531 3144 2666 3199 κατὰ
2740 3143 2912 3218 σάρκα
3002 3140 3390 3216 βουλεύομαις
3473 3139 3563 3197 ’ίνα
3642 3140 3677 3216 ᾗ

2017 3235 2143 3309 παρ’
2176 3232 2301 3307 ἐμοὶ
2329 3233 2413 3300 τὸ,
2446 3232 2577 3303 Ναὶ,
2609 3233 2716 3294 ναὶ.
2740 3232 2829 3288 καὶ
2856 3233 2938 3299 τὸ,
2981 3232 3082 3290 Ob"
3118 3231 3203 3288 οὕ.

1941 3311 1984 3377 C
2094 3341 2234 3412 Ποίᾳ
2286 3340 2454 3416 ταύτῃ
2526 3339 2808 3417 θαῤῥτςσει,
2866 3339 3044 3409 ποίας
3095 3344 3176 3410 τῷ
3227 3342 3531 3416 καυχᾶσθαι
3600 3339 3686 3421 ἐφ’

2024 3433 2155 3502 ὑμῖν
2210 3435 2290 3501 τῷ
2369 3429 2639 3504 καύχημα
2698 3429 2852 3503 ὑμῶν
2931 3428 3070 3484 εἶναι
3136 3428 3199 3484 τὸ
3256 3428 3468 3506 ἀγαπᾶν
3522 3429 3684 3501 ὑμᾶς,

2020 3525 2102 3594 τῷ
2133 3517 2300 3591 μηδὲν
2360 3519 2573 3582 ἑαυτοῖς
2627 3514 2918 3572 συνειδέναι
2964 3518 3225 3587 πονηρόν.
3292 3518 3509 3592 [ΦΩΤ.]
3561 3518 3686 3575 Ἐπὶ

2020 3608 2212 3680 ’παῦ-ιη,
2246 3607 2403 3687 φησί,
2444 3610 2513 3680 τῇ
2561 3604 2884 3680 προσδοκίᾳ,
2917 3604 3006 3659 ἐπί
3059 3606 3228 3681 ταύτῃ
3274 3608 3343 3679 τῇ
3375 3604 3582 3675 ἐλπίδι,
3613 3610 3683 3679 τῇ

2022 3696 2112 3753 καὶ
2148 3697 2286 3768 ὑμᾶς
2319 3696 2450 3770 ἐμὸν
2510 3698 2649 3751 εἶναι
2699 3694 2969 3773 καύχημα
3035 3693 3354 3769 ἐγγυωμένη
3405 3693 3457 3749 ἐν
3509 3692 3687 3770 ἐκείνῃ

2022 3790 2091 3860 τῇ
2122 3787 2324 3859 ἠμέσᾳ.
2367 3785 2457 3840 καὶ
2501 3784 2598 3859 ἐμὲ
2638 3785 2797 3847 εῖναι,
2833 3783 3007 3855 ὑμῶν.
3069 3783 3134 3840 Εἴ
3200 3780 3258 3839 δί
3288 3782 3376 3839 ἐπὶ
3406 3783 3572 3854 ταύτῃ
3610 3787 3680 3858 τῇ

2024 3877 2311 3943 πεποιησει
2345 3873 2519 3930 ἐλθεῖν
2572 3867 2906 3944 ἐϐουλόμην,
2973 3870 3143 3942 δῆλον
3204 3870 3289 3928 ὅτι
3342 3870 3549 3953 σφοδρᾶ
3587 3871 3681 3931 καὶ

2023 3963 2217 4032 πολλὴ
2249 3965 2316 4034 ἦν
2340 3966 2374 4029 ἡ
2403 3961 2687 4038 βούλησις.
2725 3963 2806 4019 υύ
2829 3962 2935 4037 γὰρ
2965 3960 3275 4036 ἀνθρωπίνη
3301 3964 3392 4032 ἦν,
3426 3960 3573 4017 ἀλλὰ
3595 3959 3684 4017 διὰ

2023 4055 2207 4111 κοινὸν
2266 4050 2481 4123 κέρδος,
2540 4052 2631 4107 καὶ
2680 4051 3252 4127 σωτηςίανψυχικην.
3319 4055 3479 4108 Ὥστε
3535 4050 3683 4109 ἄκων

2024 4144 2283 4213 ὶνεκόπην
2314 4151 2416 4211 τῆς
2451 4141 2789 4219 βουλήσεως.
2838 4144 2915 4201 Οὖ
2947 4143 3049 4213 γὰο
3106 4141 3167 4198 ἂν
3223 4143 3360 4199 ἑκὼν
3429 4142 3685 4199 τοιούτου

2025 4230 2251 4303 κέρδους
2283 4229 2562 4305 ἠμέλησα,
2596 4233 2769 4286 Τοῦτο
2801 4227 2858 4285 δὲ
2892 4224 3115 4306 βεϐαίαν
3156 4232 3248 4287 καὶ
3304 4228 3687 4303 ἀληθεστάτην

2025 4320 2322 4396 ἀπολογίαν
2381 4321 2791 4389 κατασκευάζων
2842 4320 3096 4385 τέθεικεν·
3142 4321 3319 4383 οὕτως
3378 4320 3680 4401 ἐφρόντιζε,

2030 4407 2220 4486 μηδενὶ
2252 4406 2555 4465 σκανδάλου
2613 4414 2912 4486 παρασχεῖν
2975 4409 3265 4489 πρόφασιν.
3341 4436 3361 4462 ιι
3399 4415 3509 4469 Ἰνα
3567 4412 3687 4471 δευ-

2023 4500 2181 4576 τέραν
2212 4501 2372 4575 χάριν
2415 4496 2607 4578 ἔχητε.
2640 4522 2667 4552 ››
2703 4500 2817 4569 Τήν
2845 4519 2904 4553 τε
2952 4495 3041 4554 διὰ
3093 4506 3195 4567 τῆς
3254 4502 3524 4576 προτέρας
3564 4503 3685 4559 ἐπι-

2026 4589 2251 4659 στολῆς.
2283 4590 2373 4645 καὶ
2406 4586 2496 4643 διὰ
2540 4595 2640 4658 τῆς
2704 4586 2845 4662 ἐμῆς
2900 4587 3223 4663 παρουσίας.
3275 4590 3391 4645 Ἵνα
3449 4589 3678 4660 διπλῆν-

260 4677 445 4733 tolam
478 4684 534 4734 et
564 4696 671 4752 per
702 4697 895 4737 meam
926 4682 1332 4753 praesentiam.
1366 4682 1440 4738 Ut
1463 4682 1705 4755 duplam
1735 4682 1910 4738 habe-

2027 4680 2192 4757 χὰριν
2223 4675 2414 4755 ἔχητε,
2456 4678 2546 4732 καὶ
2601 4674 2689 4733 διὰ
2718 4682 2830 4733 τῶν
2888 4679 3232 4751 γραμμάτων
3288 4679 3379 4734 καὶ
3439 4678 3528 4736 διὰ
3581 4686 3680 4749 τῆς

260 4767 403 4824 retis
433 4769 703 4841 gratiam,
727 4787 943 4843 nempe
975 4777 1032 4827 et
1052 4772 1443 4844 epistolarum
1476 4779 1534 4828 et
1561 4773 1917 4846 praesentiae.

265 4856 520 4914 Gratiam
544 4867 742 4916 autem
776 4861 921 4917 dicit
948 4862 1251 4934 gaudium.
1277 4864 1384 4917 «Et
1413 4879 1519 4935 per
1548 4862 1917 4917 vostransire

262 4948 326 5000 in
352 4948 814 5005 Macedoniam.»
848 4951 1025 5022 Atqui
1053 4952 1115 5007 in
1147 4953 1344 5024 priore
1376 4951 1915 5023 Epistoladixerat:

262 5057 290 5084 ‹‹
329 5035 571 5092 Veniam
601 5045 798 5093 autem
830 5038 906 5093 ad
938 5056 1036 5095 vos
1067 5056 1202 5096 cum
1262 5040 1664 5096 Macedoniam
1724 5045 1917 5093 trans-

262 5127 386 5183 iero
418 5126 461 5195 θ,
495 5151 523 5179 υ
556 5131 651 5187 hic
681 5138 879 5187 autem
910 5134 993 5188 ait
1020 5150 1033 5187 :
1067 5139 1451 5189 Decreveram
1513 5134 1679 5205 prius
1718 5132 1919 5186 venire

265 5215 338 5270 ad
371 5231 489 5271 vos.
524 5219 673 5283 Quid
705 5236 842 5287 ergo
864 5220 892 5275 ‘I
922 5237 1065 5275 num
1097 5221 1209 5276 sibi
1242 5221 1356 5292 ipsi
1390 5221 1727 5276 contrarius
1775 5218 1921 5274 est?

270 5308 509 5364 Minime
540 5327 553 5376 ;
588 5310 691 5365 sed
722 5311 835 5366 hoc
857 5309 1037 5365 dicit:
1069 5312 1321 5366 Tantum
1352 5310 1544 5366 abfuit
1575 5315 1639 5364 ut
1668 5309 1917 5381 pigrita-

269 5414 367 5452 rer
392 5400 595 5454 venire
625 5400 699 5456 ad
731 5416 853 5465 vos,
885 5407 953 5453 ut
981 5408 1269 5471 quantum
1318 5401 1393 5456 ad
1452 5415 1651 5454 meum
1707 5399 1921 5455 attinet

269 5488 558 5546 animum.
590 5490 792 5545 etiam.
822 5488 1167 5558 priusquam
1200 5489 1601 5545 Macedoniam
1632 5488 1897 5543 viderem

266 5576 341 5631 ad
364 5594 463 5632 vos
491 5578 689 5632 venire
719 5575 956 5643 vellem,
1013 5581 1075 5630 at
1125 5594 1245 5633 non
1299 5582 1718 5634 successerunt
1772 5577 1920 5634 mihi

270 5774 287 5799 ι,
344 5731 366 5765 ⁸
391 5732 417 5786 Ῑ
439 5734 570 5816 cor.
603 5748 683 5799 vi,
711 5733 765 5784 5.

2027 4768 2344 4844 πσρουσίας.
2378 4768 2555 4840 Χάριν
2596 4764 2674 4835 δὲ,
2704 4767 2802 4833 τὴν
2836 4768 3011 4841 χαρὰν
3047 4766 3214 4843 λέγει.
3240 4791 3268 4819 ‹‹
3293 4767 3397 4826 Καὶ
3430 4766 3500 4825 δι’
3534 4771 3685 4844 ὑμῶν

2030 4856 2261 4914 διελθεῖν
2291 4856 2368 4918 είς
2437 4853 2793 4913 Μακεδονίαν.
2835 4880 2863 4908 ››
2922 4856 3029 4914 Καί
3083 4877 3168 4911 τοι
3227 4857 3278 4912 ἐν
3329 4862 3398 4931 τῇ
3448 4860 3689 4935 προτέρᾳ

2029 4946 2235 5021 εἰρηκει
2263 4944 2589 5019 Ἐπιστολῇ,
2624 4970 2650 4996 α
2685 4942 3017 5019 Ἐλεύσομαι
3055 4943 3113 5000 δὲ
3162 4946 3298 5021 πρὸς
3341 4947 3502 5020 ὑμᾶς,
3559 4949 3686 5004 ὅταν

2030 5034 2372 5094 Μακεδονίαν
2405 5032 2626 5103 διελθω,
2659 5058 2687 5086 »
2722 5034 2949 5097 ἐνταῦθα
2997 5032 3055 5089 δέ
3102 5056 3289 5114 φησιν,
3349 5036 3433 5092 ὅτι
3488 5032 3691 5093 Ἢόου.

2030 5124 2213 5198 λόμην
2244 5126 2509 5200 πρότερον
2561 5123 2736 5188 ἐλθεῖν
2795 5125 2932 5199 πρὸς
2989 5124 3151 5196 ὑμᾶς.
3192 5125 3255 5181 Τί
3312 5123 3454 5195 οὖν’;
3514 5128 3694 5200 ἑαυτῷ

2030 5216 2362 5271 ἐναντιοῦται
2407 5232 2421 5283 ;
2454 5215 2541 5281 Μὴ
2574 5213 2810 5291 γένοιτο.
2850 5211 3028 5270 Ἀλλὰ
3055 5218 3215 5269 τοῦτο
3248 5213 3419 5291 λέγει·
3477 5214 3696 5273 T0603-

2029 5325 2123 5360 τον
2162 5349 2176 5373 ,
2235 5302 2392 5382 φρσῖν
2479 5303 2721 5378 ἀπὲαχον
2789 5307 2886 5357 τοῦ
2941 5303 3252 5379 ῥᾳθυμῆσαι
3312 5302 3491 5360 ἐλθεῖν
3551 5306 3693 5380 πρὸς

2033 5394 2198 5467 ὑμᾶς,
2230 5392 2315 5448 ὅτι
2347 5391 2470 5448 ὅσον
2498 5394 2627 5462 ἧκεν
2665 5391 2741 5453 εἷς
2774 5413 2873 5458 την
2908 5390 3046 5459 ἐμὴν
3100 5393 3356 5469 γνώμην,
3416 5395 3506 5448 καὶ
3568 5395 3698 5467 πρὶν

2033 5481 2370 5541 Μακεδονίαν
2413 5479 2536 5547 ἴδω,
2566 5480 2740 5536 ἐλθεῖν
2789 5481 2924 5554 πρὸς
2987 5480 3127 5555 ὑμᾶς
3178 5481 3404 5556 ἤθελον,
3436 5479 3565 5537 ἀλλ’
3594 5482 3698 5538 οὐκ

2031 5568 2207 5644 ἀπέϐη
2253 5593 2369 5645 μοι,
2404 5572 2562 5649 φησὶ,
2588 5570 2724 5626 κατὰ
2781 5570 3011 5645 γνώμην
3074 5570 3143 5626 τὰ
3179 5573 3492 5647 πράγματα.
3526 5596 3554 5625 ι(
3588 5574 3694 5628 Καὶ
