4080 6408
408 399 529 463 925

1418 396 1828 461 COMMENT.
1877 398 1953 459 IN
2002 396 2251 459 EPIST.
2288 397 2343 459 II
2388 398 2493 461 AD
2537 397 2905 460 COBINTH.

3713 397 3834 463 926

407 531 500 611 ὐφ’
530 531 685 607 ὑμῶν
714 532 1136 607 προπεμφθῆναι
1191 530 1270 595 εἰς
1333 532 1433 601 τήν
1486 529 1778 590 Ἰουδαίαν.
1816 555 1845 584 »
1878 531 1966 590 Ἐν
1997 532 2067 605 τῇ

2183 548 2286 588 rex
2308 532 2482 604 juxta
2541 531 2931 589 voluntatem.
2975 554 3003 582 ‹‹
3034 534 3112 589 At
3140 548 3175 589 a
3202 530 3367 588 vobis
3390 529 3631 589 deducit
3650 530 3712 586 in
3737 531 3840 587 Ju-

411 620 654 697 προτέρᾳ
682 620 985 697 Ἐπιστολῇ
1019 622 1186 677 εἶπεν·
1220 623 1332 678 Ἵνα
1390 623 1549 695 ὑμεῖς
1584 643 1651 696 με
1682 620 2066 696 προπέμψητε,

412 712 505 769 οὗν
535 712 626 767 ἐὰν
655 711 999 786 πορεύωμαι.
1034 715 1143 768 Νῦν
1176 709 1235 766 6‘s
1265 709 1437 787 λέγει,
1467 714 1575 767 ποῦ
1607 705 1811 786 ἔμελλε
1841 710 2069 785 πορεύε-

412 804 557 872 σθαι,
589 823 671 856 οτι
706 800 758 858 ἐν
790 806 860 875 τῇ
892 798 1148 873 Ἰουδαίᾳ.
1198 803 1292 857 Καὶ
1354 802 1457 880 γάρ
1514 803 1637 857 τότε
1694 801 1905 878 ἠγνόει,
1965 803 2071 855 ποῦ

409 893 693 949 κελειὸεται
726 893 830 948 ὑπὸ
857 897 956 948 τοῦ
1006 893 1322 965 Πνεύματος
1353 891 1631 960 ἀπελθεῖν,
1664 896 1754 946 νῦν
1814 890 1891 962 δὲ,
1922 893 2071 962 ἠκη-

409 983 525 1041 κόει
572 983 792 1040 Λοιπόν.
853 983 1012 1055 Ὁρᾷς
1065 983 1226 1039 αὐτὸν
1285 982 1559 1055 Ηνεῦματι
1621 986 1906 1058 πανταχοῦ
1934 982 2072 1060 ἀγό-

414 1094 576 1147 μενον
612 1092 625 1140 ;
664 1097 691 1125 «
724 1074 900 1129 Τοῦτο
933 1073 1027 1128 οὖν
1063 1071 1486 1148 βουλευόμενος.
1526 1097 1553 1124 υ
1585 1075 1765 1130 Τοῦτο
1807 1075 1896 1128 οὖν
1939 1075 2073 1149 βου-

411 1164 708 1236 λευόμενος
759 1163 823 1219 τὸ
888 1160 1069 1226 ἐλθεῖν
1127 1164 1263 1236 πρὸς
1327 1164 1490 1235 ὑμᾶς,
1548 1162 1692 1226 τίνος
1755 1159 1926 1219 ἕνεκεν
1968 1162 2073 1218 οὐκ

408 1252 583 1322 ἦλθον
628 1271 643 1317 ;
675 1256 813 1322 ’Δρα
834 1251 909 1314 ὡς
941 1250 1176 1329 ἐλαφρὸς
1206 1252 1296 1306 καὶ
1336 1252 1648 1326 εὖρίπιστος
1702 1255 1791 1308 καὶ
1845 1258 1964 1315 τοῖς
1995 1254 2072 1308 οἱ·

407 1341 577 1403 κεὶοις
611 1340 1021 1413 ἐναντιοῦμενος
1057 1339 1293 1417 λόγοις;
1363 1343 1456 1410 Μὴ
1513 1344 1744 1416 γένοιτο,
1805 1340 1961 1400 Ἀλλ’
2017 1331 2072 1399 τί

405 1431 471 1487 τὸ
503 1429 681 1486 α’ἱτιον
716 1451 729 1499 ;
767 1450 780 1499 ;
813 1431 937 1488 ’Ότι
969 1429 1002 1486 ἃ
1026 1429 1370 1507 βουλεύομαι
1399 1432 1588 1512 φησὶν,
1621 1432 1683 1488 οὐ
1743 1433 1882 1488 κατὰ
1937 1433 2070 1508 σάρ-

406 1542 476 1577 κα
510 1519 872 1597 βουλεέομαι,
902 1519 988 1576 ἳνα
1017 1520 1051 1597 ᾗ
1083 1522 1208 1596 παρ’
1242 1520 1367 1596 ἐμοὶ
1399 1523 1461 1578 τὸ
1495 1521 1622 1590 Ναὶ,
1676 1523 1801 1591 Ναὶ,
1860 1523 1951 1578 καὶ
1980 1522 2066 1593 τό,

408 1609 509 1676 Οὖ,
539 1610 623 1667 οὗ.
654 1612 823 1687 Ὅπερ
853 1611 1016 1673 αὐτὸς
1082 1610 1512 1685 ἐρωτηματικῶς
1570 1614 1793 1668 τέθεκε.
1857 1613 1959 1670 Καὶ
2014 1608 2069 1668 τί

411 1698 693 1778 βούλεται,
752 1699 875 1775 δρα.
937 1700 999 1758 Ὁ
1083 1701 1341 1775 σαρκικὸς
1394 1701 1578 1778 φησὶν,
1634 1700 1918 1773 ἄνθρωπος
1977 1701 2067 1757 καὶ

412 1790 547 1846 κατὰ
586 1790 758 1864 σάρκα
812 1787 1241 1865 βουλευόμενος,
1284 1790 1401 1846 οἷον
1433 1792 1461 1846 6
1494 1812 1569 1864 μη
1626 1791 1897 1867 ἀγόμενος
1932 1794 2069 1867 πρὸς

2181 620 2393 678 dinam.
2428 643 2456 672 ιθ
2491 624 2556 678 In
2585 623 2783 694 priore
2809 622 3068 694 Epistola
3125 622 3391 678 dixerat:
3458 622 3529 677 Ut
3584 638 3683 676 vos
3742 636 3835 675 me

2183 710 2491 767 deducatis
2518 728 2874 783 quocunque
2906 712 3270 782 proﬁciscar,
3304 728 3468 766 nunc
3498 727 3634 766 vero
3693 709 3839 764 dicit

2182 818 2298 873 quo
2320 802 2694 873 profecturus
2717 806 2863 869 erat,
2893 816 3105 871 nempe
3131 800 3191 855 in
3213 800 3495 856 Iudaeam.
3532 799 3835 871 Siquidem

2184 896 2325 947 tunc
2356 889 2668 962 ignorabat
2698 906 2815 960 quo
2848 890 3041 960 ipsum
3067 889 3313 959 juberet
3342 889 3592 960 Spiritus
3650 888 3837 960 proli-

2181 980 2322 1037 cisci
2358 997 2371 1035 :
2405 996 2565 1035 nunc
2595 984 2795 1035 autem
2816 980 2946 1049 jam
2974 978 3265 1040 audierat.
3296 977 3466 1033 Vides
3496 982 3695 1049 itaque
3758 977 3840 1049 ip-

2181 1086 2310 1125 sum
2346 1069 2566 1141 ubique
2597 1085 2631 1124 a
2663 1068 2882 1140 Spiritu
2915 1068 3051 1124 duci
3086 1069 3114 1123 ?
3146 1090 3171 1118 «
3204 1069 3322 1123 Hoc
3353 1068 3532 1139 igitur
3562 1084 3694 1122 cum
3719 1078 3836 1123 sta-

2181 1160 2450 1215 tuissem.
2486 1184 2515 1207 »
2548 1161 2693 1215 Cum
2725 1158 2904 1231 igitur
2934 1158 3045 1213 hoc
3075 1157 3438 1218 statuissem,
3473 1172 3685 1227 nempe
3736 1173 3836 1211 ve-

2182 1248 2313 1304 nire
2343 1248 2420 1303 ad
2450 1265 2569 1312 vos,
2603 1265 2780 1320 quam
2815 1248 2888 1303 ob
2923 1264 3047 1303 rem
3075 1265 3197 1302 non
3229 1247 3360 1301 veni
3392 1246 3419 1303 ?
3450 1253 3539 1301 An
3571 1246 3631 1300 id
3662 1246 3837 1301 omisi

2181 1344 2463 1410 tanquam
2498 1338 2638 1393 levis
2669 1344 2729 1392 et
2757 1337 3077 1393 instabilis.
3112 1338 3333 1408 quique
3382 1335 3639 1408 propriis
3696 1352 3841 1391 con-

2178 1428 2396 1483 trarius
2452 1445 2581 1484 sum
2643 1427 3023 1482 sermonibus
3080 1426 3108 1481 ‘2
3191 1428 3598 1496 Nequaquam.
3685 1425 3837 1480 602

2181 1517 2333 1584 Quid
2367 1517 2542 1591 igitur
2573 1517 2634 1572 in
2667 1533 2848 1572 causa
2877 1515 2992 1570 fuit
3020 1515 3047 1570 ?
3100 1515 3249 1580 Quia
3305 1531 3437 1586 quas
3497 1520 3714 1581 statuo,
3748 1513 3841 1567 in-

2180 1608 2330 1680 quit,
2390 1624 2510 1662 non
2571 1607 2902 1662 secundum
2987 1621 3225 1661 carnem
3303 1611 3520 1671 statuo,
3578 1610 3645 1659 ut
3719 1604 3839 1659 sint

2181 1698 2338 1771 apud
2370 1714 2463 1753 me
2493 1699 2683 1754 Etiam
2720 1697 2931 1765 Etiam,
2993 1703 3051 1751 et
3106 1698 3231 1751 Non
3285 1697 3451 1750 Non:
3510 1695 3663 1764 quod
3713 1696 3837 1766 ipse

2180 1789 2599 1861 interrogative
2631 1794 2850 1860 posuit.
2884 1788 2954 1842 Et
2996 1787 3125 1842 vide
3186 1786 3329 1858 quid
3387 1786 3546 1841 velit.
3607 1786 3834 1854 Carnis,

412 1879 479 1935 τὰ
533 1877 766 1950 πρακτέα
823 1880 895 1951 τῇ
949 1878 1195 1954 ἐνεργείᾳ
1283 1884 1381 1935 τοῦ
1470 1880 1804 1953 Πνεύματος.
1879 1878 2067 1959 κύριός

2183 1878 2401 1950 inquit,
2428 1877 2606 1934 homo
2629 1883 2687 1934 et
2715 1876 3043 1933 secundum
3065 1893 3304 1932 carnem
3329 1881 3619 1939 statuens,
3653 1882 3718 1930 ut
3739 1875 3838 1947 qui

414 1970 551 2026 ἔστιν
577 1969 788 2025 ἀπιέναι
820 1969 959 2026 ὅπου
1004 1967 1288 2045 βούλεται,
1320 1971 1349 2026 6
1381 1967 1440 2026 δὲ
1497 1969 1559 2027 ἐκ
1610 1970 1709 2027 τοῦ
1760 1972 2069 2045 Ηνεόματος

412 2058 701 2132 ἀγόμενος,
742 2057 841 2114 οὐκ
869 2052 987 2134 ἔχει
1025 2056 1268 2131 ἐξουσίαν
1332 2058 1570 2135 βαδίζειν
1603 2061 1743 2117 ὅπου
1773 2061 1937 2117 θὲλει.
1975 2070 2068 2119 Δε-

408 2148 586 2221 σπόοῃ
615 2149 716 2223 γάρ
750 2148 1107 2204 ὑποτέτακται
1145 2152 1225 2221 τῷ
1259 2149 1632 2224 Ηαρακλῆτῳ.
1665 2149 1755 2206 καὶ
1794 2157 1874 2224 τῷ
1905 2151 2072 2208 αὐτοῦ

403 2235 632 2308 νεύματι
662 2236 826 2292 ε’κειν
859 2236 1238 2313 ἀναγκάζετρι,
1277 2239 1436 2294 Ὥστε
1503 2239 1567 2294 τὸ
1618 2237 1795 2304 ἐλθεῖν
1854 2242 1966 2316 οὐχ
1994 2241 2072 2303 ὡς

402 2325 717 2402 εὗρίπιστος
746 2325 837 2380 καὶ
874 2324 1109 2403 ἐλαφρὸς
1165 2327 1255 2382 καὶ
1313 2325 1655 2404 ψευδολόγος
1706 2329 2068 2404 ὑπερεθέμην.

403 2413 554 2472 ἀλλὰ
580 2420 678 2470 τοῦ
714 2413 1029 2489 ιινεῦματος
1074 2417 1120 2489 ᾧ
1150 2415 1381 2491 ἄγομαι,
1413 2419 1448 2486 ἠ
1480 2416 1655 2481 αἰτία,
1686 2422 1783 2474 τοῦ
1812 2417 2070 2494 ἀλλαχοῦ

402 2508 548 2582 ἤπερ
579 2501 893 2580 ἐϐουλόμην
922 2505 1162 2577 ἄξαντος.
1189 2509 1332 2583 ’Όρα
1362 2505 1419 2563 δὲ
1449 2509 1662 2586 σοφίανο
1692 2508 1826 2583 ὅπερ
1858 2510 1911 2565 οἱ
1952 2507 2068 2566 δια-

404 2593 707 2660 ϐάλλοντες
730 2598 996 2674 πρόφασιν
1018 2594 1298 2673 λοιδορίας
1327 2596 1637 2665 ἐποιοῦντο,
1663 2600 1727 2654 τὸ
1751 2600 2072 2675 ὑποσχόμε-

403 2709 493 2744 νον
523 2688 600 2763 μή
644 2685 845 2767 ἐλθεῖν,
876 2691 1040 2743 τοῦτο
1068 2687 1232 2752 αὐτὸς
1276 2708 1546 2767 προφασιν
1609 2688 1890 2766 ἐγκωμίου
1941 2712 2071 2746 ποι-

407 2780 574 2848 εῖται,
615 2766 790 2850 τομὴ
837 2775 1164 2849 ἑξουσιάζειν
1219 2778 1436 2845 ἑαυτοῦ,
1492 2776 1623 2833 ἀλλ’
1683 2777 1908 2857 ἄγεσθαι
1966 2779 2071 2835 ὑπὸ

405 2872 508 2923 τοῦ
541 2864 852 2939 Πνεύματος
886 2865 1024 2921 ὅπου
1054 2866 1208 2940 αὐτῷ
1265 2864 1429 2939 δόξει·
1491 2893 1518 2920 ιι
1551 2875 1602 2926 H
1650 2869 1684 2925 ἃ
1730 2867 2071 2945 βουλεύομαι

406 2958 547 3014 κατὰ
578 2957 750 3031 σάρκα
793 2954 1136 3030 βουλεύομαι
1170 2974 1184 3025 ;
1211 2979 1237 3008 ι)
1298 2990 1368 2999 -
1399 2960 1615 3033 [ΦΩΤ.]
1671 2960 1968 3034 Ἀποροῦσὶ
1996 2981 2074 3023 τι-

406 3067 494 3107 vs:
537 3043 810 3119 λέγοντες·
856 3044 1090 3118 Πότερον
1123 3042 1156 3100 ἃ
1187 3045 1447 3120 βούλεται
1502 3045 1717 3109 ΙΙαῦλος
1758 3047 1847 3103 καὶ
1906 3048 2074 3124 ἐπαγ-

413 3125 673 3199 γὲλλεται
709 3127 835 3197 περί
867 3130 975 3182 τῶν
991 3134 1093 3195 τῆς
1125 3127 1357 3191 πίστεως
1387 3125 1706 3205 δογμάτων,
1732 3129 1870 3184 κατά
1899 3129 2073 3203 σάρκα

421 3214 667 3291 βούλευ’
704 3215 793 3272 κοὶ
826 3214 1247 3293 ἐπαγγέλλεται,
1298 3215 1333 3285 ἢ
1393 3219 1530 3272 κατὰ
1577 3222 1808 3291 πνεῦμα.
1844 3217 1908 3275 Εἰ
1965 3218 2069 3293 γὰρ

418 3305 555 3360 κατά
581 3309 808 3377 πνεῦμα,
860 3303 961 3360 οὐκ
1015 3304 1160 3362 ἔσται
1220 3306 1388 3363 αὑτοῦ
1438 3308 1523 3376 τὸ,
1583 3333 1603 3357 ι
1658 3308 1761 3363 Ναὶ
1813 3307 1923 3377 vat,
1980 3302 2072 3363 καὶ
2105 3287 2146 3355 C

413 3395 497 3463 τὸ,
548 3392 622 3452 Οὖ
680 3395 765 3452 οὖ.
800 3417 828 3446 ››
887 3396 953 3452 E't
1011 3392 1071 3450 δὲ
1125 3395 1262 3451 κατὰ
1328 3397 1518 3471 σάρκα,
1572 3401 1689 3460 πῶς
1753 3399 1888 3462 θεῖα,
1947 3403 2067 3461 πῶς

410 3484 753 3557 πνευματικά
794 3507 809 3548 ;
840 3485 893 3539 τί
918 3484 1030 3548 οὗν,
1058 3484 1214 3560 φασίν
1256 3504 1271 3553 ;
1300 3486 1387 3541 δτι
1416 3487 1538 3561 περὶ
1570 3490 1675 3542 τῶν
1702 3494 1802 3556 τῆς
1831 3488 2069 3552 πίστεως

409 3571 730 3646 γογμάτων,
762 3569 887 3626 οὕτε
913 3592 973 3627 τε
1002 3569 1402 3646 ἐπαγγέλλεται
1433 3573 1597 3634 αὐτὸς
1662 3574 1788 3629 οὕτε
1841 3595 1896 3630 τι
1930 3575 2068 3650 βου-

411 3658 652 3717 λε·3εται.
696 3660 1017 3717 Δεσποτικαὶ
1048 3661 1152 3736 γάρ
1180 3661 1237 3715 αἱ
1289 3660 1638 3740 ἐπαγγελίαι,
1695 3662 1787 3719 καὶ
1844 3667 1944 3730 τῆς
1978 3684 2069 3736 με·

405 3750 583 3823 γάλης
625 3749 837 3825 βουλῆς
864 3749 931 3805 τά
965 3749 1213 3825 βουλεύμ
1244 3771 1329 3806 τα.
1368 3752 1540 3823 Κῆρυξ
1587 3749 1645 3806 δὲ
1705 3752 1869 3825 μόνον
1922 3752 2065 3809 ἐστὶν

410 3839 439 3894 6
476 3836 689 3900 Παῦλος
717 3839 806 3895 καὶ
859 3835 1135 3909 διάκονος,
1187 3840 1261 3902 ὡς
1318 3842 1408 3895 καὶ
1467 3840 1630 3902 αὐτὸς
1689 3861 1843 3919 φησι,
1903 3865 1931 3893 ‹‹
1965 3863 2066 3915 μυ-

411 3930 652 4002 στηρίων
709 3930 1024 4004 Χριστοῦ.»
1096 3928 1334 3994 Ε’κότως
1412 3930 1502 3985 οὖν
1564 3933 1724 3992 αὐτὸς
1780 3931 1831 4001 ἐξ
1875 3932 2068 3987 ἑαυτοῦ

519 4018 533 4038 ,
674 4017 689 4037 ,
896 4015 922 4033 υ
1223 4017 1251 4034 ν
1490 4020 1517 4039 υ

412 4039 537 4090 περι
595 4038 805 4073 τουτων
860 4040 986 4075 ours.
1045 4018 1373 4095 βουλευεται
1455 4041 1581 4077 ours
1648 4018 2066 4096 ἐπαγγέλλεται.

412 4108 570 4166 Ἀλλ’
602 4107 649 4163 εἰ
680 4108 936 4182 περὶτῶν
974 4115 1075 4176 τῆς
1107 4110 1343 4171 πίστεως
1392 4105 1686 4183 δογμάτων
1720 4110 1819 4167 οὐκ
1869 4107 2066 4183 ἔξεστιν

412 4197 581 4270 αὐτῷ,
605 4198 788 4277 φασὶν,
822 4195 945 4254 οὔτε
982 4197 1380 4274 βουλεύσασθαι
1439 4197 1563 4256 οὔτε
1617 4200 2069 4280 ἐπαγγείλασθαι,

408 4288 547 4343 κατᾶ
572 4290 742 4359 σάρκα
774 4285 832 4342 δὶ
863 4287 926 4343 οὐ
961 4285 1043 4342 δεῖ
1097 4285 1264 4343 πάλιν
1319 4288 1482 4345 αὐτὸν
1545 4288 1898 4365 βουλεύεσθαι
1957 4292 2069 4363 (καὶ

408 4378 513 4451 γὰρ
543 4379 792 4443 κάκεῖνος
819 4374 1202 4450 ἀποπέμπεται
1257 4383 1420 4434 τοῦτο
1476 4379 1529 4434 ἐν
1585 4385 1666 4452 τῷ
1716 4380 1916 4455 λέγειν’
1944 4383 2003 4439 Ἦ
2039 4382 2072 4438 ἃ

413 4464 752 4542 βουλεύομαι
781 4464 918 4521 κατό⁴
942 4470 1113 4543 σάρκα
1145 4466 1489 4541 βουλεύομαι
1524 4471 1583 4540 ;)·
1631 4468 1679 4523 εἰ
1735 4470 1831 4524 οὖν
1875 4468 1926 4525 ἑν
1959 4492 2071 4543 μη·-

413 4552 650 4629 δετὲροις
673 4552 999 4631 βουλεύεται
1016 4556 1051 4627 ἢ
1074 4555 1169 4616 τάς
1192 4554 1515 4632 ἐπαγγελίας
1538 4559 1824 4627 ποιήσεται
1848 4577 1862 4627 ;
1883 4560 2070 4632 Φαμὲν

2180 1968 2256 2025 ad
2278 1985 2347 2025 ea
2372 1985 2504 2039 quae
2527 1967 2760 2037 agenda
2782 1972 2920 2022 sunt
2937 1983 3058 2023 non
3079 1966 3317 2023 ducitur
3338 1966 3683 2039 operatione
3708 1964 3839 2036 Spi-

2178 2060 2353 2129 ritus,
2388 2059 2439 2114 is
2470 2059 2564 2113 sui
2590 2057 2869 2114 dominus
2901 2064 3014 2121 est,
3073 2057 3247 2127 eique
3301 2056 3558 2112 liberum
3612 2063 3704 2111 est
3751 2057 3839 2110 ire

2181 2166 2296 2221 quo
2319 2148 2573 2204 voluerit
2602 2165 2614 2203 :
2640 2148 2742 2219 qui
2764 2164 2899 2203 vero
2922 2165 2952 2203 a
2979 2148 3196 2219 Spiritu
3225 2147 3483 2213 ducitur,
3507 2146 3647 2203 huic
3699 2146 3842 2200 libe-

2178 2255 2307 2294 rum
2333 2255 2452 2294 non
2479 2244 2569 2293 est
2588 2239 2675 2294 ire
2698 2255 2816 2309 quo
2840 2238 2981 2293 velit
3005 2254 3017 2291 :
3043 2236 3334 2307 siquidem
3373 2236 3625 2291 Domino
3657 2238 3839 2291 Para-

2176 2328 2331 2384 cleto
2353 2328 2660 2399 subjectus
2683 2332 2794 2394 est,
2818 2327 3067 2397 ejusque
3084 2326 3257 2381 nutui
3298 2325 3540 2381 obedire
3584 2325 3833 2397 cogitur.

2177 2418 2382 2483 Itaque
2413 2433 2534 2471 non
2561 2422 2844 2487 tanquam
2878 2414 3200 2482 instabilis,
3236 2414 3382 2469 levis
3432 2421 3534 2470 aut
3584 2414 3837 2469 mendax

2176 2508 2382 2563 venire
2402 2507 2607 2563 distuli
2638 2524 2649 2561 :
2671 2508 2776 2563 sed
2798 2507 3069 2579 Spiritus,
3097 2523 3131 2561 a
3150 2523 3268 2578 quo
3291 2506 3495 2569 ducor,
3548 2506 3611 2560 in
3662 2522 3840 2561 causa

2178 2597 2312 2667 fuit,
2336 2598 2435 2669 qui
2454 2597 2571 2653 alio
2594 2614 2772 2668 quam
2808 2602 3132 2652 statueram
3169 2612 3262 2650 me
3295 2595 3481 2653 duxit.
3515 2595 3840 2650 Considera

2179 2704 2316 2743 vero
2348 2687 2704 2758 sapientiam
2739 2703 2752 2741 :
2787 2685 2947 2757 quod
2979 2685 3449 2740 calumniatores
3480 2700 3720 2740 causam
3751 2685 3841 2739 fa—

2180 2777 2416 2833 ciebant
2445 2776 2974 2846 convitii,nemque
2990 2775 3150 2846 quod
3171 2791 3306 2829 cum
3334 2774 3839 2845 promisissetnon

2178 2864 3107 2937 venisset,hocipseoccasionem
3125 2862 3320 2918 reddit
3363 2862 3651 2918 encomii:
3698 2869 3840 2934 puta

2180 2955 2338 3027 quod
2358 2955 2448 3010 sui
2465 2955 2652 3026 ipsius
2670 2960 3021 3025 potestatem
3042 2969 3161 3008 non
3177 2951 3413 3015 habeat,
3449 2952 3553 3007 sed
3574 2952 3840 3022 aSpiritu

2182 3044 2438 3100 ducatur
2469 3059 2826 3114 quocunque
2860 3042 2948 3096 illi
2980 3042 3170 3096 visum
3204 3040 3403 3096 fuerit.
3437 3063 3463 3091 «
3523 3043 3641 3095 Aut
3694 3057 3839 3096 num

2164 3150 2315 3204 quae
2338 3131 2889 3195 statuo,secundum
2915 3146 3155 3186 carnem
3177 3135 3374 3185 statuo
3390 3128 3445 3182 ‘I-
3472 3160 3531 3170 --
3553 3129 3837 3185 Hmsitant

2181 3222 2422 3294 quidam
2443 3222 2710 3277 dicentes
2733 3237 2745 3275 :
2763 3222 2966 3277 Utrum
2988 3237 3119 3291 quae
3135 3220 3340 3275 statuit
3354 3218 3571 3273 Paulus
3583 3225 3837 3290 autpro-

2178 3312 2363 3367 mittit
2390 3311 2464 3367 de
2490 3310 2629 3367 fidei
2661 3309 2979 3383 dogmatis,
3015 3308 3342 3366 secundum
3368 3323 3608 3364 carnem
3631 3309 3837 3364 statuit

2177 3418 2245 3459 ac
2263 3400 2572 3473 promittit,
2599 3417 2673 3456 an
2695 3400 3024 3456 secundum
3040 3399 3315 3471 spiritum
3332 3398 3359 3453 ‘I
3379 3415 3514 3455 nam
3540 3400 3589 3453 si
3627 3415 3835 3454 secun-

2177 3491 2316 3547 dum
2337 3491 2764 3562 spiritum.non
2790 3490 2901 3544 erit
2923 3488 3109 3561 ipsius
3133 3510 3161 3539 ‹‹
3185 3488 3373 3543 Etiam
3400 3487 3611 3558 Etiam,
3639 3490 3834 3544 etNon

2177 3585 2302 3639 Non
2321 3600 2335 3648 ;
2354 3605 2381 3632 ››
2406 3583 2454 3638 si
2471 3599 2609 3639 vero
2624 3580 2951 3637 secundum
2972 3579 3539 3650 carnem.quomodo
3557 3579 3838 3651 spiritua—

2176 3671 2279 3727 lia.
2312 3670 2463 3736 Quid
2495 3686 2655 3743 ergo.
2687 3669 2990 3741 inquiunt,
3024 3666 3343 3723 dicendum
3365 3667 3393 3722 ?
3414 3667 3579 3733 Quod
3603 3667 3675 3722 de
3699 3667 3836 3723 fidei

2182 3760 2477 3832 dogmatis
2520 3776 2715 3831 neque
2756 3760 2883 3830 ipse
2922 3758 3252 3829 quidquam
3295 3759 3609 3830 promittit.
3643 3774 3836 3828 neque

2177 3849 2504 3921 quidquam
2534 3848 2765 3917 statuit,
2798 3853 2939 3902 sunt
2968 3847 3125 3903 enim
3163 3847 3469 3903 Dominica
3523 3847 3834 3918 promissa,

2177 3938 2376 4011 magni
2406 3938 2568 3993 illius
2599 3937 2835 3992 consilii
2870 3936 3129 3991 decreta.
3191 3938 3389 3991 Praeco
3450 3942 3681 3992 tantum
3751 3941 3841 3991 est

2178 4029 2398 4086 Paulus
2430 4044 2499 4083 ac
2528 4027 2826 4093 minister,
2857 4027 3010 4082 sicut
3041 4027 3167 4099 ipse
3198 4026 3301 4088 ait,
3365 4049 3390 4075 «ι
3418 4025 3835 4097 mysteriorum

2179 4120 2394 4176 Christi
2427 4117 2492 4174 ¹⁰.
2526 4139 2554 4169 ››
2585 4118 2717 4189 Ipse
2748 4118 2947 4188 itaque
2978 4117 3191 4173 merito
3230 4134 3301 4172 ex
3369 4116 3563 4189 seipso
3632 4116 3702 4172 de
3744 4117 3835 4171 his

2178 4209 2357 4265 rebus
2372 4224 2566 4280 neque
2583 4208 2788 4264 statuit
2801 4223 2993 4278 neque
3007 4224 3111 4278 pro
3122 4206 3441 4263 mittit.Sed
3463 4207 3508 4262 si
3534 4206 3583 4262 si
3605 4205 3677 4262 de
3701 4205 3837 4261 fidei

2182 4298 2579 4373 dogmatibus.
2612 4298 2914 4369 inquiunt.
2946 4312 3067 4352 non
3100 4296 3240 4352 licet
3275 4296 3386 4367 ipsi
3437 4301 3696 4351 statuere
3738 4300 3838 4351 aut.

2179 4386 2550 4460 promittere,
2579 4385 2908 4441 secundum
2942 4400 3183 4441 caran
3230 4400 3367 4439 vero
3430 4400 3668 4440 rursum
3715 4400 3835 4440 non

2181 4481 2416 4547 oportet
2449 4492 2583 4531 eum
2619 4482 2877 4531 statuere
2910 4474 3231 4547 (siquidem
3268 4474 3392 4546 ipse
3442 4490 3679 4546 quoque
3729 4473 3838 4527 hoc

2179 4565 2397 4636 rejicit,
2431 4564 2573 4619 dum
2596 4565 2714 4619 ait:
2740 4588 2766 4613 ιι
2794 4567 2908 4619 Aut
2929 4580 3069 4618 num
3092 4581 3223 4635 quin
3248 4569 3467 4632 statuo,
3509 4562 3836 4619 secundum

412 4647 503 4702 οὖν
532 4647 615 4702 ὅτι
645 4644 760 4702 ’ἐστι
792 4647 909 4702 θεῖα
938 4646 1029 4701 καὶ
1077 4645 1418 4721 ἀνθρώπινα,
1448 4646 1509 4716 ἢ,
1565 4646 1611 4702 εἰ
1674 4647 1886 4722 βουλει,
1920 4668 2069 4704 πνευ-

2184 4669 2426 4709 carnem
2446 4653 2738 4723 statuo?);
2762 4654 2809 4708 si
2838 4669 2944 4722 ego
2969 4653 3029 4707 in
3052 4653 3283 4708 neutris
3328 4653 3534 4707 statuit
3573 4659 3675 4707 aut
3703 4669 3837 4723 pro~

414 4735 638 4808 ματικᾶ,
667 4736 758 4790 καὶ
791 4756 1040 4812 σαρκικα.
1077 4737 1175 4791 Καὶ
1239 4739 1346 4790 τῶν
1405 4741 1789 4811 πνευματικῶν
1846 4734 1904 4793 δε
1955 4736 2071 4794 ἒστι

394 4821 648 4903 ,διαφορᾶ
677 4824 890 4895 πολλὴ.
951 4822 1132 4883 Ἀλλὰ
1188 4823 1326 4887 τὲως
1382 4825 1517 4901 πρὸς
1574 4826 1635 4881 τὸ
1688 4825 2066 4902 προκείμενον.

410 4917 491 4973 Τά
525 4915 621 4988 μὲν
647 4914 781 4969 ελσιν
830 4914 1037 4989 ἀρεταὶ,
1068 4914 1138 4970 τὰ
1196 4912 1254 4969 δὲ
1308 4914 1472 4976 αὐτὸς
1502 4916 1531 4970 6
1559 4919 1657 4970 τοῦ
1712 4917 2070 4991 κηρύγματος

412 5003 607 5082 λόγος,
638 5005 706 5060 τά
737 5002 794 5060 δὲ
825 5005 927 5059 οὔκ
954 5004 1117 5066 αὖτὸς
1153 5003 1246 5075 μὲν
1290 5004 1472 5073 οὗτος,
1504 5002 1632 5060 ἀλλ’
1662 5004 1817 5080 ὅμως
1848 5006 2072 5071 ἐκεινοις

411 5094 671 5166 ἁρμόζων
705 5094 758 5148 οἱ
805 5092 896 5149 καὶ
942 5094 1035 5149 τὸν
1087 5097 1186 5148 τοῦ
1233 5093 1590 5171 κηρ·3γματος
1649 5094 1816 5173 λόγον
1872 5095 2073 5171 παιδεδὲ

412 5182 588 5255 ξαντο,
622 5181 655 5237 ἃ
683 5182 773 5239 καὶ
807 5181 1013 5256 Παύλῳ
1062 5175 1237 5238 ἔσεττι
1301 5183 1392 5238 καὶ
1456 5183 1807 5257 βουλεύεσθαι
1837 5186 1927 5242 καὶ
1960 5185 2074 5245 δια·

412 5272 714 5329 τάττεσθαι.
751 5271 855 5330 Καὶ
909 5272 1015 5349 γάρ
1074 5292 1262 5346 φησιν,
1329 5294 1356 5328 ι
1389 5274 1667 5348 Επιταγὴν
1720 5275 1924 5351 Κυρίου
1973 5277 2107 5333 οὐκ·

414 5356 552 5437 ἔχω,
585 5361 816 5439 γνώμην
850 5358 909 5417 δὲ
939 5358 1165 5435 δίδωμι,
1198 5361 1273 5423 ὡς
1312 5360 1625 5435 ἠλεημένος
1684 5364 1786 5419 ὑπὸ
1843 5365 2069 5441 Κυρίου,

413 5450 604 5511 πιστὸς
638 5449 796 5505 εἶναι.
828 5471 857 5503 ι

2184 4740 2389 4807 mittit,
2421 4740 2482 4794 in
2507 4740 2724 4811 quibus
2755 4756 2890 4807 ergo
2915 4739 3162 4796 omnino
3186 4745 3405 4795 statuet
3442 4744 3545 4794 aut
3582 4739 3839 4810 promis-

2183 4830 2383 4886 siones
2401 4828 2618 4884 faciet?
2633 4830 2892 4885 Dicimus
2911 4844 3050 4901 ergo
3066 4829 3227 4899 quod
3245 4835 3385 4884 sunt
3408 4826 3624 4885 divina.
3650 4835 3708 4882 et
3736 4828 3839 4883 liu-

2181 4918 2546 4976 mana.autsi
2566 4917 3117 4989 mavis.spiritua!ia
3130 4923 3189 4972 et
3227 4916 3529 4973 carnalia:
3558 4916 3836 4988 spiritua-

2180 5008 2328 5064 lium
2361 5024 2597 5079 quoque
2628 5023 2844 5079 magna
2867 5014 2956 5062 est
2980 5007 3235 5063 varietas
3262 5025 3275 5062 :
3311 5005 3416 5061 sed
3470 5005 3710 5062 interim
3764 5008 3836 5061 ad

2181 5096 2570 5170 propositum.
2608 5098 2711 5153 Hic
2752 5096 2994 5169 quidem
3053 5096 3511 5151 considerantur
3567 5097 3835 5161 virtutes,

2181 5188 2262 5243 ibi
2286 5204 2420 5243 vero
2449 5187 2575 5259 ipse
2599 5186 3041 5260 praedicationis
3059 5203 3254 5242 sermo
3277 5203 3290 5241 :
3315 5185 3458 5241 alibi
3487 5192 3685 5241 autem
3716 5203 3833 5241 non

2182 5276 2871 5349 quidemidemipse,sed
2898 5283 3094 5332 tamen
3123 5281 3418 5347 quatenus
3448 5276 3601 5332 (ωδ
3621 5292 3833 5348 oppor-

2182 5372 2326 5422 tuna
2355 5366 2597 5439 adaptat
2625 5367 2698 5421 iis
2729 5367 2829 5437 qui
2862 5365 3305 5438 prardicationis
3338 5382 3671 5421 sermonem
3709 5380 3834 5419 sus-

2181 5461 2485 5528 ceperant,
2509 5455 2805 5527 inquibus
2830 5454 3010 5510 Paulo
3030 5453 3172 5509 licet
3203 5459 3536 5510 etstatuere
3588 5460 3645 5509 et
3676 5471 3834 5524 pra:—

2181 5542 2398 5613 cipere.
2431 5542 2690 5606 Etenim,
2721 5564 2749 5592 ‹‹
2783 5544 3176 5613 Praeceptum.
3211 5540 3430 5611 inquit,
3462 5538 3690 5594 Domini
3716 5554 3835 5592 non

415 5623 627 5687 habeo,
656 5621 976 5680 consilium
1006 5627 1209 5681 tamen
1266 5622 1362 5691 d0,
1423 5628 1710 5697 tanquam
1768 5624 2243 5687 misericordiam
2302 5638 2660 5687 consecutus
2718 5647 2752 5686 a
2800 5630 3073 5700 Domino,
3124 5628 3198 5685 ad
3248 5629 3364 5685 hoc
3419 5632 3482 5682 ut
3533 5641 3725 5681 essem
3767 5626 3837 5680 ﬁ—

416 5711 568 5769 delis
602 5713 665 5769 “.
702 5734 730 5762 ι)

489 5809 536 5845 ¹⁰
564 5810 589 5869 Ι
617 5810 749 5869 Cor.
777 5814 936 5881 11,1.
975 5809 1015 5848 ιι
1050 5809 1232 5869 ICor.
