4080 6412
237 392 354 454 921

247 621 501 693 Spiritui,
527 618 798 690 quaedam
827 634 964 672 vero
993 635 1111 672 non
1139 627 1278 675 sunt
1300 621 1535 693 spiritui
1561 620 1856 677 contraria
1880 636 1893 676 :

242 712 359 766 alia
381 716 575 764 autem
603 707 1033 780 propemodum
1057 715 1194 763 sunt
1217 710 1424 765 eadem
1448 727 1581 766 cum
1619 710 1900 781 spiritua-

237 802 412 856 libus.
439 799 748 855 Contraria
780 797 1044 869 quidem.
1081 798 1257 853 veluti
1291 806 1430 854 sunt
1462 800 1760 870 impietas.
1811 799 1900 852 in-

235 889 513 956 ﬁdelitas,
550 888 797 952 furtum,
830 887 1212 950 adulterium,
1247 905 1314 942 ac
1347 888 1579 943 similia.
1640 891 1897 944 Rursum

235 979 352 1034 alia
379 984 606 1032 tantum
642 995 763 1032 non
795 983 935 1032 sunt
992 977 1312 1045 contraria,
1371 978 1710 1047 cujusmodi
1757 981 1899 1033 sunt

236 1068 424 1134 cibus,
460 1083 726 1129 somnus,
749 1067 962 1139 vigilia)
981 1083 1048 1121 ac
1073 1067 1314 1123 similia.
1359 1068 1650 1123 Exhibitis
1697 1068 1896 1138 itaque

236 1157 592 1214 diﬂ‘erenliis
653 1163 772 1212 tam
829 1157 1229 1228 spiritualium
1290 1174 1468 1228 quam
1539 1157 1894 1225 carnalium,

239 1253 530 1319 quantum
561 1246 863 1318 pioposito
897 1245 1240 1301 deserviunt
1274 1263 1288 1300 :
1321 1247 1434 1302 hoc
1467 1247 1644 1302 etiam
1709 1247 1900 1302 consi-

235 1335 446 1392 derare
472 1341 724 1407 oportet,
753 1336 909 1406 quod
930 1336 1436 1406 quemadmodum
1484 1342 1643 1392 certe
1704 1337 1775 1392 ab
1805 1337 1896 1392 his

235 1427 337 1498 qui
370 1427 730 1497 promittunt
759 1443 824 1480 ac
859 1427 1348 1483 statunntmulta
1365 1427 1598 1482 exsistit
1620 1428 1899 1483 diﬂ‘eren-

237 1518 338 1581 tia,
361 1516 442 1572 ita
463 1533 701 1587 quoque
724 1515 876 1570 etab
907 1517 999 1570 liis
1023 1533 1154 1586 quas
1180 1517 1610 1588 promittuntur
1656 1534 1723 1572 ac
1775 1523 1895 1572 sta-

234 1612 485 1661 tuuntur
515 1610 882 1676 consurgunt
913 1605 1288 1661 differentiae.
1322 1607 1470 1660 Nam
1504 1607 1560 1661 hi
1616 1607 1688 1661 de
1748 1623 1896 1662 uno-

239 1711 476 1767 quoque
510 1694 807 1749 dictorum
841 1695 1261 1766 promittentes
1284 1711 1352 1751 ac
1386 1702 1738 1760 statuentes,
1797 1701 1900 1751 aut

247 1784 575 1840 secundum
602 1800 840 1839 carnem
864 1791 967 1839 aut
996 1785 1322 1840 secundum
1375 1787 1670 1858 spiritum,
1705 1786 1898 1842 consi-

1343 392 1758 456 mCUMENlI
1802 393 2111 456 TRICCAE
2153 395 2510 460 EPISCOPI

315 530 656 588 Carnalium
689 545 924 600 quoque
956 527 1228 599 quaedam
1263 546 1404 586 sane
1435 531 1738 587 contraria
1759 534 1898 585 sunt
1930 531 1976 596 Α

3555 397 3676 460 928

2081 530 2175 586 Καὶ
2207 535 2316 586 τῶν
2348 537 2619 606 σαρκικῶν
2681 530 2758 602 δὲ,
2817 532 2883 587 τὰ
2945 533 3040 606 μὶν
3100 532 3232 588 εἰσιν
3294 530 3511 589 ἐναντία
3569 537 3667 591 τοῦ

2007 617 2338 693 πνεύματος,
2371 623 2436 678 τά
2466 620 2524 678 δὲ
2573 621 2670 678 οὐκ
2730 622 2942 678 ἐναντία
2997 627 3095 678 τοῦ
3154 622 3460 696 πνεύματος
3513 620 3670 699 ἕτερα

2007 703 2064 762 δὶ
2103 709 2265 780 μόνον
2299 711 2387 766 καί
2431 711 2560 786 ούχὶ
2611 712 2679 766 τά
2735 711 2868 766 αὐτὰ
2922 717 3040 772 τοῖς
3107 718 3513 787 πνευματικοῖς.
3550 715 3673 770 Έν-

2007 799 2158 852 αντία
2193 800 2312 871 μὲν,
2343 802 2466 857 οἷον
2513 796 2815 863 ὃυσσέϐεια.
2867 801 3111 868 ἀπιστία,
3143 799 3351 873 κλοπὴ,
3417 805 3670 882 μοιχεία,

2005 888 2096 941 καὶ
2127 890 2194 944 τὰ
2233 887 2422 962 ὅμοια.
2457 892 2654 966 Ἕτερα
2685 887 2741 946 δὲ
2768 891 2929 963 μόνον
2961 890 3051 945 καί
3083 891 3183 946 οὐκ
3240 891 3478 960 ἐναντία,
3535 914 3669 965 τρο-

2005 980 2104 1056 φῆ,
2138 979 2304 1041 ὕπνος
2337 979 2687 1057 ἐγρήγορσις,
2736 979 2826 1034 καὶ
2883 981 2948 1034 τὰ
3007 982 3196 1054 ὅμοια.
3259 978 3670 1056 Ἐπιδεδειγμὲ-

2005 1090 2114 1123 νωτ
2144 1070 2320 1126 τοίνυν
2350 1076 2456 1126 τῶν
2493 1069 2766 1149 διαφορῶν
2826 1075 2933 1126 τῶν
2993 1070 3130 1126 κατά
3183 1070 3246 1125 τὸ
3305 1072 3664 1145 προκείμενον

2003 1159 2140 1220 τὲως
2173 1165 2653 1233 χρησιμευουσῶν,
2705 1164 2811 1215 τῶν
2870 1181 2928 1214 τε
2985 1166 3365 1234 πνευματικῶν
3419 1161 3509 1216 καὶ
3553 1165 3662 1217 τῶν

2007 1253 2300 1319 σαρκικῶν,
2332 1246 2415 1305 δεῖ
2460 1249 2547 1305 καὶ
2606 1254 2768 1306 τοῦτο
2824 1249 3413 1325 προσεπιλογίσασθαι,
3447 1249 3528 1305 ὅτι
3563 1250 3678 1306 ὥσ·-

2005 1358 2104 1412 περ
2137 1339 2252 1393 οἷον
2286 1340 2391 1396 ἀπὸ
2419 1344 2527 1395 τῶν
2560 1337 2910 1417 ἐπαγγελτῶν
2951 1340 3039 1394 καὶ
3106 1339 3419 1415 βουλευτῶν
3476 1337 3665 1409 πολλή

2006 1425 2298 1481 ἆνακύπτει
2331 1424 2588 1504 διαφορὰ,
2619 1426 2793 1490 οὕτως
2840 1427 2931 1481 καὶ
2985 1428 3090 1482 ἀπὸ
3151 1432 3259 1482 τῶν
3321 1426 3668 1506 ἐπαγγελλο-

2010 1514 2184 1588 μὲνων
2214 1518 2300 1572 καὶ
2342 1516 2755 1592 βουλευομένων
2785 1517 3114 1592 ἀνακύψουσι
3160 1514 3437 1599 διαφοραί.
3500 1519 3672 1577 Οὗτοι

2007 1605 2265 1680 γάρπερὶ
2319 1607 2430 1668 ἑνὸς
2488 1606 2714 1661 ἑκάστου
2770 1610 2878 1661 τῶν
2942 1606 3245 1681 εἰρημένων
3309 1605 3672 1682 βουλεὸμενοι

2006 1699 2097 1754 καὶ
2174 1699 2664 1775 ἐπαγγελλόμενοι,
2816 1702 2951 1755 κατά
3007 1701 3239 1776 σάρκαῆ
3275 1701 3412 1756 κατά
3462 1706 3676 1773 πνεῦμα

2003 1788 2104 1856 τήν
2142 1788 2348 1863 βουλὴν
2389 1789 2480 1844 καὶ
2536 1790 2636 1856 τήν
2691 1789 3015 1865 ἐπαγγελίαν
3077 1792 3426 1860 ποιήσονται.
3489 1788 3667 1846 Ἀλλά

246 1875 394 1930 lium
427 1890 495 1928 ac
526 1873 985 1944 promissionem
1016 1874 1254 1929 facient.
1295 1877 1505 1930 Verum
1529 1875 1601 1930 de
1624 1875 1900 1946 praedica-

2013 1878 2128 1952 περὶ
2165 1878 2255 1950 μὲν
2290 1884 2386 1934 τοῦ
2416 1881 2775 1955 κηρύγματος
2805 1880 2832 1933 ὁ
2867 1877 3082 1941 Παῦλος
3133 1878 3255 1935 οὕτε
3287 1880 3418 1955 βου)
3433 1879 3665 1952 εύσεται,

245 1965 408 2018 tione
434 1963 674 2034 quidem
695 1963 909 2018 Paulus
935 1979 1128 2034 neque
1151 1969 1390 2021 statuet.
1415 1981 1610 2036 neque
1646 1964 1902 2036 promis-

245 2054 477 2108 sionem
493 2053 690 2115 faciet.
725 2053 827 2107 sed
844 2059 1070 2108 tantum
1089 2053 1519 2125 praedicabitac
1543 2052 1908 2110 ministrabit

245 2159 317 2198 eo
351 2143 544 2202 modo.
580 2159 694 2212 quo
728 2149 786 2196 et
816 2148 1155 2214 segregatus
1187 2149 1244 2198 et
1271 2144 1490 2199 missus
1539 2150 1629 2199 est
1660 2161 1672 2198 :
1728 2161 1901 2216 pseu-

249 2231 545 2302 dapostoli
571 2237 791 2299 vero,et
812 2237 1077 2287 statuent
1100 2237 1158 2287 et
1178 2233 1608 2304 promissiones
1654 2233 1901 2290 dabunt.

253 2320 561 2392 Siquidem
591 2327 1005 2392 cauponantur
1033 2329 1092 2377 et
1121 2322 1325 2377 dolose
1361 2329 1615 2378 tractant
1661 2323 1904 2379 verbum

254 2411 378 2466 Dei.
397 2412 578 2464 Porro
593 2409 664 2465 de
679 2411 770 2465 his
785 2428 917 2481 quae
938 2416 1275 2483 opportuna
1313 2418 1453 2468 sunt
1479 2413 1777 2482 ﬁdelibus,
1800 2413 1904 2469 sed

253 2518 288 2557 a
311 2502 542 2556 Christo
566 2502 794 2556 sancita
816 2517 936 2556 non
961 2507 1119 2568 sunt,
1151 2519 1282 2573 qua:
1334 2509 1393 2558 et
1439 2503 1568 2575 ipsa
1615 2511 1754 2560 sunt
1783 2504 1906 2574 spi-

250 2591 510 2652 ritualia.
536 2596 594 2644 et
616 2596 835 2646 statuet
852 2596 909 2645 et
930 2590 1250 2657 discernet,
1298 2592 1453 2648 sicut
1477 2593 1655 2648 etiam
1691 2592 1906 2664 praedi-

251 2680 470 2736 ximus.
505 2683 575 2735 Et
604 2680 989 2737 manifestum
1023 2685 1112 2735 est
1142 2680 1301 2751 quod
1333 2698 1400 2736 ex
1436 2681 1545 2737 hoc
1607 2682 1732 2737 solo
1794 2681 1904 2737 du-

248 2771 411 2826 bium
439 2770 696 2825 solutum
714 2775 820 2824 est.
848 2771 1252 2825 Naminventa
1299 2777 1440 2826 sunt
1480 2771 1553 2826 de
1603 2772 1817 2843 quibus
1849 2777 1905 2826 et

250 2856 471 2916 statuet
501 2866 558 2915 et
591 2859 890 2914 discernet
919 2865 979 2915 et
1008 2859 1197 2932 legem
1223 2860 1376 2916 feret
1429 2863 1725 2917 Praeterea
1753 2879 1906 2933 quo-

249 2966 363 3020 que
396 2949 589 3004 adhuc
620 2949 940 3004 dicendum
969 2955 1076 3004 est.
1111 2949 1413 3021 Siquidem
1447 2950 1520 3005 de
1564 2951 1904 3009 carnalibus

249 3040 425 3094 etiam
449 3038 984 3110 quaeadversantur
1006 3038 1238 3110 spiritui
1283 3040 1568 3096 decernet
1633 3057 1700 3098 ac
1734 3042 1904 3113 spiri-

249 3129 509 3195 tualiter,
541 3145 755 3199 nempe
787 3128 859 3184 ad
891 3129 1283 3184 delectionem
1312 3146 1380 3185 ac
1409 3131 1900 3204 fugamillorum:

246 3217 692 3290 pseudapostoli
725 3234 860 3272 vero
892 3217 1239 3284 decernent,
1271 3224 1333 3273 at
1390 3219 1718 3275 secundum
1769 3237 1898 3276 car-

249 3324 408 3376 nem,
434 3307 553 3360 sive
575 3307 846 3378 opposito
871 3306 1048 3362 modo
1071 3306 1144 3362 ad
1193 3307 1490 3379 spiritum.
1547 3309 1634 3364 Ad
1675 3310 1801 3366 hmo
1831 3311 1906 3367 de

247 3396 588 3452 carnalibus
618 3412 750 3466 quae
778 3412 899 3450 non
933 3401 1072 3451 sunt
1101 3397 1402 3453 contraria
1432 3398 1689 3469 spiritui.
1722 3399 1901 3456 etiam

245 3486 468 3542 Paulus
501 3485 573 3540 de
599 3484 692 3540 his
723 3492 964 3554 statuet,
1008 3487 1110 3540 sed
1142 3487 1403 3559 seipsum
1433 3487 1749 3558 dejiciens,
1799 3489 1903 3545 sed

250 3590 385 3631 cum
418 3573 574 3629 fame
603 3590 669 3629 ac
703 3575 796 3629 siti
832 3591 1136 3646 pugnans:
1187 3581 1244 3629 et
1295 3576 1541 3647 planum
1600 3585 1690 3633 est
1745 3578 1905 3650 quod

251 3665 677 3736 spiritualiter;
707 3665 1069 3720 contrarium
1105 3672 1303 3722 autem
1345 3674 1523 3739 agent
1571 3667 1907 3739 pseudapo-

249 3755 409 3811 stoli.
446 3755 707 3810 Breviter
737 3760 935 3811 autem
975 3771 988 3809 :
1025 3754 1360 3813 Secundum
1392 3773 1634 3813 carnem
1663 3759 1903 3831 quidem

249 3849 315 3900 ut
373 3844 451 3899 sit
511 3843 686 3899 modo
734 3844 966 3916 spiritui
999 3846 1314 3901 contrario.
1355 3862 1694 3919 nequaqum
1729 3853 1788 3903 et
1844 3848 1904 3903 in

247 3934 432 3990 nullis
451 3933 667 3990 Paulus
691 3939 948 4000 statuet;
981 3941 1042 3990 at
1070 3935 1395 3992 secundum
1430 3953 1692 4006 carnem,
1737 3944 1803 3992 ut
1829 3940 1908 3994 sit

249 4025 368 4081 alio
399 4024 576 4080 modo
607 4025 762 4080 604
795 4042 974 4097 quam
1009 4025 1224 4082 habeat
1265 4027 1570 4082 decretum
1626 4028 1903 4098 Spiritus,

249 4113 598 4186 frequenter
630 4115 838 4169 statuit
864 4110 933 4170 ac
966 4114 1168 4183 voluit,
1202 4120 1261 4171 at
1318 4131 1439 4172 non
1496 4117 1558 4172 in
1618 4117 1907 4188 praedica-

255 4201 654 4258 tione.Alisit!
680 4204 794 4257 Nec
819 4204 878 4258 in
916 4204 1050 4256 aliis
1087 4203 1518 4275 spiritualibus.
1557 4205 1660 4259 sed
1690 4205 1748 4261 in
1779 4222 1909 4260 car-

253 4292 490 4346 nalibus
523 4307 654 4362 quae
687 4306 806 4345 non
838 4297 975 4346 sunt
1033 4291 1266 4362 spiritui
1327 4293 1648 4348 contraria.
1707 4293 1908 4350 Noluit

251 4381 548 4436 verberari
575 4385 633 4435 et
662 4380 1004 4434 verberatus
1037 4387 1165 4447 est;
1200 4381 1387 4436 voluit
1437 4381 1510 4437 ad
1569 4382 1907 4438 Corinthios

248 4469 984 4543 proﬁcisci,etprohibitus
1003 4475 1112 4530 est.
1127 4470 1702 4527 noluitTimotheum
1720 4489 1873 4546 aegro
1890 4503 1902 4512 -

246 4566 371 4616 tare
404 4565 462 4614 et
491 4558 813 4631 aegrotavit.
861 4559 1098 4631 aliaque
1149 4566 1289 4616 sunt
1347 4561 1680 4618 innumera.
1743 4564 1910 4620 Nunc

2016 1965 2138 2022 οὕτε
2204 1966 2535 2045 ἐπαγγελίαν
2591 1971 2902 2039 ποιήσεται·
2958 1969 3178 2042 κηρύξει
3248 1966 3305 2024 δὲ
3362 1970 3528 2042 μόνον
3583 1971 3684 2024 καὶ

2015 2052 2377 2126 διακονήσει,
2427 2057 2606 2118 καθὼς
2671 2057 2761 2112 καὶ
2823 2057 3119 2136 ἐφώρισται
3176 2059 3265 2112 καὶ
3319 2056 3679 2117 ἀπέσταλται.

2017 2147 2084 2202 Οἱ
2117 2143 2174 2200 δὲ
2198 2143 2776 2220 ψευδαπόστολοι,καὶ
2837 2145 3224 2222 βουλεύσονται
3283 2147 3373 2202 καὶ
3435 2148 3679 2228 ὑποσχέ-

2018 2256 2127 2297 σεις
2159 2233 2418 2297 δώσουσι.
2452 2237 2548 2290 Καὶ
2605 2237 2710 2310 γάρ
2771 2233 2993 2291 δολοῦσι
3027 2236 3116 2291 καὶ
3148 2235 3523 2307 καπηλεύουσι
3581 2238 3674 2292 τὸν

2017 2323 2184 2400 λόγον
2214 2330 2312 2381 τοῦ
2347 2327 2564 2401 Κυρίου.
2620 2325 2744 2400 Περῖ
2784 2327 2880 2398 μὲν
2909 2346 2992 2380 τοι
3021 2331 3130 2380 τῶν
3165 2327 3518 2398 αρμοζόντων
3580 2328 3677 2400 μὲν

2015 2420 2132 2479 τοῖς
2159 2420 2396 2477 πιστοῖς,
2433 2416 2508 2488 μή
2558 2416 3032 2488 νομοθετηθέντων
3067 2412 3125 2470 δὲ
3185 2416 3286 2470 ὑπὸ
3346 2420 3610 2486 Χριστοῦ,
3645 2414 3680 2470 ἃ

2015 2502 2104 2558 καὶ
2136 2503 2270 2558 αὐτὰ
2301 2503 2411 2558 ἐστι
2446 2503 2801 2576 πνευματικὰ.
2834 2505 2924 2559 καὶ
2975 2504 3324 2580 βουλεύσεται
3382 2504 3472 2559 καὶ
3529 2527 3679 2579 γνω-

2019 2592 2291 2667 ματεύσει,
2323 2593 2500 2654 καθὼς
2533 2595 2623 2648 καὶ
2667 2596 2999 2672 προέιρημεν.
3062 2593 3158 2648 Καὶ
3214 2591 3384 2661 δῆλον
3440 2593 3524 2649 δτι
3583 2595 3677 2648 καὶ

1995 2682 2078 2737 -ὶκ
2102 2680 2297 2737 τούτου
2341 2683 2506 2754 μόνου
2535 2683 2598 2737 τὸ
2645 2681 2852 2756 ἄπορον
2913 2680 3159 2737 λέλυται·
3221 2681 3445 2757 εὕρηται
3506 2683 3610 2757 γάρ
3646 2681 3678 2736 ἃ

2016 2772 2105 2828 καὶ
2166 2772 2517 2847 βουλεύσεται
2571 2773 2660 2827 καὶ
2719 2772 3087 2846 γνωματεύσι,
3147 2773 3236 2826 καὶ
3296 2774 3680 2844 νομοθετήσει·

2017 2865 2232 2935 "Optme.
2264 2860 2341 2920 δὲ.
2374 2862 2463 2917 καὶ
2495 2858 2572 2917 ἔτι
2615 2861 2828 2936 ῥητὲον’
2863 2864 2988 2937 περὶ
3049 2863 3143 2935 μὶν
3204 2863 3308 2939 γὰρ
3337 2867 3446 2918 τῶν
3491 2881 3678 2937 σαρκι,

2017 2957 2150 3020 κῶν,
2173 2951 2205 3007 ἃ
2243 2952 2332 3007 καὶ
2363 2951 2570 3007 ἐναντία
2602 2951 2713 3006 ἐστὶ
2742 2956 2840 3006 τοῦ
2895 2952 3233 3026 πνούματος,
3288 2951 3678 3027 βουλεύσεται-

2017 3037 2166 3094 ἀλλά
2194 3044 2595 3112 πνευματικῶς,
2640 3038 2727 3094 ἐπὶ
2789 3037 3059 3114 ἀναιρέσει
3119 3039 3208 3093 καὶ
3269 3043 3413 3115 φυγῇ
3476 3037 3669 3103 αὐτῶν⁹

2017 3130 2083 3187 Οἱ
2115 3125 2173 3184 δί
2201 3127 2637 3202 ψευδαπόστολοι
2664 3127 3077 3196 βουλεύσονται,
3109 3126 3256 3182 ἀλλὰ
3314 3127 3452 3184 κατὰ
3507 3127 3680 3198 σάρκα

2016 3215 2141 3287 ἤτοι
2189 3218 2575 3290 ἀντικειμένως
2621 3221 2700 3290 τῷ
2757 3215 3044 3291 πνεύματι.
3080 3218 3206 3292 Περὶ
3272 3217 3366 3289 μὲν
3425 3237 3512 3271 τοι
3571 3218 3689 3270 τῶν

2019 3309 2095 3380 μή
2129 3306 2384 3362 ἐναντίων
2442 3311 2518 3377 τῷ
2574 3327 2844 3376 πνευματι
2909 3309 3202 3375 σαρκικῶν,
3257 3304 3348 3359 καὶ
3401 3303 3526 3377 περὶ
3553 3302 3688 3360 τού-

2011 3417 2120 3452 των
2184 3398 2396 3459 Παῦλος
2472 3395 2848 3471 βουλεύσεται,
2908 3393 3034 3449 ἀλλ’
3093 3393 3402 3464 ὐποπιέζων
3463 3394 3686 3466 ἑαυτὸν,

2013 3486 2159 3542 ἀλλὰ
2189 3486 2341 3558 λιμῷ
2371 3485 2460 3541 καὶ
2489 3484 2626 3558 δίψει
2667 3486 3008 3564 μαχόμενος,
3043 3484 3134 3539 καὶ
3167 3481 3366 3550 δῆλον
3399 3485 3484 3539 δτι
3514 3503 3680 3539 meu-

2017 3581 2283 3649 ματικῶς,
2314 3576 2631 3630 Τούναντίοο
2667 3575 2725 3629 δὲ
2756 3576 2808 3629 o't
2851 3571 3313 3646 ψευδαπόστολοι.
3373 3573 3675 3630 Συνελόντι

2016 3665 2091 3721 δέ.
2125 3666 2261 3721 ,ατὰ
2295 3667 2462 3740 σάρκα
2523 3665 2642 3737 μὶν,
2697 3665 2810 3719 οἷον
2871 3662 3120 3726 ἐναντίως
3181 3667 3276 3718 τοῦ
3334 3663 3676 3736 πνεύματος,

2014 3753 2258 3828 οὐδαμοῦ
2320 3755 2534 3816 Παῦλος
2598 3753 2973 3830 βουλεύσεται,
3032 3750 3162 3808 οὐδὲ
3221 3749 3272 3807 ἔν
3332 3773 3463 3809 τισι.
3532 3752 3678 3808 Κατᾶ

2014 3847 2184 3920 σάρκα
2221 3843 2299 3908 δὶ,
2331 3846 2449 3900 οἷον
2492 3844 2689 3918 ἒτὲρως
2723 3844 2899 3915 μόνων
2947 3842 3092 3916 παρᾶ
3152 3843 3252 3908 τήν
3308 3844 3404 3895 τοῦ
3436 3841 3678 3913 πνεύμα-

2014 3955 2108 3996 τος
2143 3932 2432 4008 βούλησιν,
2467 3931 2692 3988 πολλάκ
2718 3953 2743 3994 ς
2783 3927 3170 3998 ἐϐοιλεύσατο,
3201 3929 3330 3987 ἀλλ’
3364 3930 3464 3985 οὐκ
3511 3929 3561 3985 ἐν
3593 3933 3675 4000 τῷ

2015 4023 2634 4098 κηρύγματι.Ἀπαγεί
2696 4023 2813 4080 Ούκ
2842 4020 2893 4075 ἐν
2952 4026 3070 4082 τοῖς
3119 4019 3314 4083 ἀλλοις
3374 4039 3675 4092 πνευματι·

2015 4118 2153 4174 κοῖς.
2187 4109 2316 4167 ἀλλ’
2347 4111 2395 4167 ἐν
2428 4117 2544 4174 τοῖς
2596 4113 2670 4183 μη
2705 4109 2963 4171 ἐναντίοις
3020 4109 3115 4165 τοῦ
3173 4109 3489 4184 πνεύματος
3549 4128 3679 4183 σαρ-

2014 4205 2211 4261 κικοῖς.
2247 4200 2361 4260 Ούκ
2417 4198 2583 4269 ἤθελε
2609 4199 2920 4269 τύπτεσθαι,
2971 4199 3059 4254 καὶ
3115 4198 3390 4255 ἐτύπτετο.
3470 4196 3674 4254 Ἀπελ-

2017 4297 2126 4355 θεῖν
2159 4289 2344 4359 ἤθελε,
2401 4291 2492 4344 καὶ
2551 4288 2819 4346 ἐκωλύετο
2901 4288 3018 4348 Ούκ
3068 4288 3259 4358 ἤθελεν
3318 4288 3546 4351 ἀσθειεῖν
3581 4287 3671 4343 Τί-

2021 4380 2238 4455 μόθεον,
2268 4380 2356 4434 καὶ
2406 4381 2635 4449 ἡσθὲνει,
2687 4380 2775 4434 καὶ
2832 4379 2995 4454 μυρία
3039 4376 3208 4434 ἄλλα.
3263 4378 3440 4433 Αὐτὸς
3497 4374 3555 4431 ὂὶ
3585 4381 3676 4430 νῦν

2016 4471 2102 4544 τὸ,
2132 4470 2267 4526 κατὰ
2316 4469 2508 4544 σάρκα,
2567 4468 2685 4522 ἀντὶ
2743 4472 2841 4524 τοῦ
2895 4466 3274 4538 αὐτεξουσίως,
3336 4463 3672 4522 αὐτοδεσπό-

2014 4583 2161 4626 τως,
2219 4559 2658 4619 αὑτοκελεύστως
2698 4555 2947 4634 ἑξείληφε
2980 4599 2994 4612 .
3048 4557 3251 4613 Σκόπει
3305 4554 3363 4612 ὁὶ
3426 4556 3661 4611 κάκεῖνο.

245 4657 445 4707 autem
467 4647 604 4702 κατὰ
636 4646 824 4722 σάρκα.
859 4649 916 4705 id
942 4657 1049 4708 est.
1101 4650 1433 4706 secundum
1493 4669 1758 4720 carnem,
1801 4671 1902 4710 ac-

2013 4653 2067 4708 Tl
2100 4651 2229 4719 05v;
2274 4649 2301 4704 ὀ
2335 4647 2549 4710 [Ικῦλος
2587 4647 3047 4722 ὑπισχνούμενος,
3083 4645 3143 4700 οὐ
3177 4646 3312 4718 μετά
3361 4653 3461 4715 τῆς
3518 4645 3663 4718 ἐνερ-

245 4741 402 4812 cepit
432 4757 538 4812 pro
571 4756 640 4795 eo
672 4739 830 4812 quod
862 4745 946 4795 est
983 4739 1172 4796 libero
1196 4740 1462 4801 arbitrio.
1500 4744 1740 4815 propria
1795 4761 1899 4800 au-

244 4832 534 4893 ctoritate.
561 4829 1018 4902 propriojussu.
1045 4829 1438 4888 Verumillud
1488 4833 1666 4888 etiam
1709 4832 1901 4891 consi-

247 4920 572 4984 deraQuid
591 4919 769 4991 ergo?
799 4918 1013 4974 Paulus
1059 4919 1200 4974 dum
1246 4921 1641 4990 promitteret,
1678 4938 1800 4976 non
1831 4938 1904 4976 ex

245 5008 587 5078 operatione
611 5007 866 5076 Spiritus
888 5007 1406 5077 promittebat,sed
1428 5008 1709 5078 ignorans
1757 5023 1902 5062 num

245 5095 651 5165 completurus
667 5100 824 5149 esset
841 5111 1052 5166 eaque)
1069 5096 1729 5167 pr0u~ittebat?Dicinsus
1747 5096 1906 5166 quod

247 5185 582 5242 nonomnia
597 5183 953 5256 praavidehat
968 5186 1308 5256 Apostolus,
1335 5186 1470 5242 ideo
1488 5186 1664 5241 etiam
1684 5204 1786 5257 pro
1811 5186 1904 5241 his

248 5277 1164 5349 peccaturqurrnouexpediunt.
1192 5276 1345 5331 sicut
1387 5277 1458 5331 de
1499 5276 1741 5332 stimulo
1773 5293 1908 5332 car-

251 5365 928 5430 nissuae”;etrursum:
963 5367 1080 5420 Hoc
1104 5365 1262 5420 enim
1306 5366 1448 5437 quid
1491 5372 1765 5422 oraturus
1793 5367 1906 5421 sim

252 5455 926 5525 sicutoportetnonnovi
966 5455 1333 5526 ".ltemque
1368 5457 1430 5509 in
1449 5456 1609 5511 Actis
1648 5455 1692 5491 ³³
1712 5461 1908 5511 osten-

329 5684 377 5721 ¹²
405 5687 453 5741 Π
484 5685 593 5743 Cor
644 5691 747 5751 xu,
779 5683 834 5739 7.
869 5685 937 5722 ¹²⁶
968 5685 1135 5741 Rom.
1172 5699 1292 5750 vm,
1327 5686 1415 5740 26.
1449 5683 1494 5722 '3
1525 5684 1650 5742 Act.
1685 5701 1798 5754 xw,
1838 5689 1897 5742 7.

2012 4740 2160 4818 γείας
2218 4743 2315 4796 τοῦ
2396 4737 2704 4812 Πνεύματος
2766 4736 3105 4810 ὑπισχνεῖτο,
3166 4733 3294 4790 ἀλλ’
3351 4733 3560 4808 ἀγνοῶν
3619 4733 3668 4788 εἰ

2012 4829 2298 4907 πληρώσει
2330 4828 2424 4889 τὶς
2460 4826 2782 4902 ῦποσχὲσεις
2817 4843 2831 4893 ;
2865 4827 3055 4898 Φαμὲν
3081 4825 3163 4880 ὅτι
3197 4825 3259 4880 οῦ
3307 4825 3484 4881 πάντα
3535 4845 3668 4901 προ-

2011 4918 2132 4998 ῄδει
2167 4921 2194 4974 ὁ
2227 4916 2586 4979 Ἀπὸστολος.
2617 4919 2921 4990 Τοιγαροῦν
2952 4915 3043 4969 καὶ
3102 4913 3323 4990 εὔχεται
3356 4914 3672 4994 ἀσύμφορα,

2015 5012 2089 5073 ὡς
2121 5011 2210 5066 ἐπὶ
2247 5014 2348 5064 τοῦ
2398 5005 2673 5070 σκόλοπος
2700 5013 2800 5074 τῆς
2832 5007 2998 5061 αὐτοῦ
3048 5004 3266 5080 σαρκός.
3329 5005 3427 5059 Καὶ
3481 5003 3671 5060 πάλιν·

2014 5100 2084 5155 Τὸ
2113 5100 2236 5173 γὰρ,
2270 5098 2320 5155 τί
2351 5098 2718 5168 προσεύξομαι
2760 5096 2822 5151 τὸ
2853 5095 2984 5149 καθὸ
3042 5091 3146 5163 δεῖ,
3204 5094 3304 5148 οὐκ
3361 5091 3504 5150 οἴδα.
3565 5097 3668 5152 Καὶ

2015 5187 2067 5243 ἐν
2123 5193 2243 5247 ταῖς
2296 5187 2522 5258 [Ιράξεσι
2582 5183 2637 5239 δὲ
2696 5181 2967 5239 δείκνυται
3017 5183 3270 5246 ἀπελθεῖν
3328 5181 3672 5258 βουλόμενός

2015 5298 2121 5332 που
2153 5277 2240 5332 καῖ
2275 5275 2628 5349 κωλυόμενος
2691 5274 2792 5329 ὑπὸ
2850 5276 2945 5327 τοῦ
3001 5272 3335 5345 Πνεύματος.
3389 5273 3566 5328 Τοῦτο
3616 5269 3674 5327 δὲ

2017 5367 2407 5441 συμφερόντως
2449 5366 2681 5439 ἒγίνετο,
2731 5359 2833 5416 ’ίναι
2889 5363 2965 5433 μή
2995 5383 3137 5423 τινες
3200 5361 3416 5434 μείζους
3475 5362 3677 5423 αὐτοὺς

2020 5449 2345 5508 ὑπολάϐωσι
2401 5461 2500 5521 τῆς
2561 5451 2905 5527 ἀνθρωπίνης
2964 5450 3194 5529 φύσεως·
3257 5451 3360 5508 Καὶ
3428 5453 3530 5528 γάρ
3585 5452 3678 5506 καὶ
