4080 6394
343 429 469 489 9‘29

1303 426 1716 490 OOMMENT.
1766 428 1843 489 IN
1890 424 2136 490 EPIST.
2182 427 2237 490 Il
2280 428 2386 491 AD
2429 429 2801 493 CORINTH.

3656 442 3785 508 930.

332 560 821 640 ἀποτυγχάνουσιν
849 558 1036 624 αὐτοῖς
1074 558 1351 626 πολλάιις
1400 560 1545 617 θύειν
1599 554 1897 617 ἐϐούλοντο
1928 561 2003 623 ὡς

2126 562 2282 619 ditur
2304 566 2583 622 statuisse
2602 566 2805 638 aliquo
2823 567 3208 639 proﬂcisci,et
3228 569 3563 641 prohibitus
3595 572 3777 633 fuisse

338 652 484 712 θεοῖς
516 648 567 706 ἐν
600 658 642 706 Λ
656 650 902 723 λκαονέᾳ.

2125 670 2157 709 a
2175 656 2485 728 Spiritu.ld
2505 667 2707 715 autem
2731 660 2960 717 utiliter
2979 662 3378 736 contingebat,
3413 681 3486 720 ne
3520 667 3621 737 qui
3682 685 3779 723 su-

344 759 453 814 pra
484 742 745 798 humana
776 748 1056 799 naturam
1087 741 1247 814 ipsos
1279 757 1408 799 esse
1441 742 1906 815 suspicarentur.
1940 741 2244 814 Siquidem
2278 748 2389 804 hoc
2421 748 2598 806 etiam
2633 750 2810 807 modo
2867 750 3211 822 frequenter
3266 753 3387 808 illis
3445 756 3662 811 accidit
3713 770 3779 825 ut

337 832 489 904 ipsis
523 838 806 903 tanquam
836 831 950 888 diis
981 831 1315 888 sacriﬁcare
1346 833 1586 895 vellent.
1620 832 2128 904 quemadmodum
2162 834 2222 891 in
2256 836 2551 909 Lycaonia
2586 838 2649 893 ¹⁴.

417 921 615 983 ἷιιστὸς
645 918 760 976 8ὲὸ
813 921 965 991 Θεὸς,
1040 918 1125 975 ὅτι
1201 921 1230 976 6
1307 918 1475 999 λόγος
1550 923 1713 994 ἡμῶν
1787 920 1815 975 6
1866 919 2002 995 πρὸς

348 1008 510 1083 ὑμᾶς,
567 1009 670 1065 οὐκ
730 1008 938 1087 ἐγένετο
992 1008 1099 1066 Ναὶ
1148 1008 1240 1065 καὶ
1295 1006 1395 1065 υῦ.
1451 1014 1508 1063 '0
1561 1009 1663 1085 γὰρ
1719 1013 1818 1064 τοῦ
1875 1010 2013 1065 Ωεοῦ

342 1098 469 1160 Υἱὸς
553 1098 767 1168 Ἰησοῦς
850 1099 1103 1173 Χριστὸς,
1166 1099 1194 1154 6
1252 1096 1304 1155 ἐν
1371 1098 1498 1171 ὑμῖν
1568 1099 1660 1154 καὶ
1715 1095 1783 1153 δι’
1844 1100 2009 1173 ἡμῶν

342 1188 647 1264 κηρυχθεὶς
704 1184 779 1242 δι’
831 1185 967 1263 ἐμοῦ
1023 1187 1113 1244 καὶ
1172 1186 1476 1244 Σιλουανοῦ
1556 1187 1647 1243 καὶ
1706 1185 2004 1263 Τιμοθέου,

354 1277 454 1341 οὐκ
484 1276 698 1356 ἐγένετο
730 1277 833 1334 Ναὶ
881 1278 969 1333 καὶ
1031 1274 1133 1346 Οὔ,
1183 1274 1333 1334 ἀλλᾶ
1387 1278 1494 1334 λαὶ
1542 1276 1595 1333 ἐν
1650 1277 1799 1351 αύτῷ
1850 1276 2009 1356 γέγο-

340 1387 449 1425 νεν.
479 1369 641 1425 Ὅσαι
702 1367 806 1444 γὰρ
864 1367 1181 1445 ἐπαγγελίαι
1240 1366 1396 1436 Θεοῦ,
1453 1367 1505 1424 ἐν
1564 1367 1710 1441 αὖτῷ
1764 1367 1827 1423 τὸ
1879 1368 2010 1436 ικαὶ,

337 1456 431 1514 καὶ
487 1455 542 1513 ἐν
596 1456 747 1530 αὐτῷ
800 1457 865 1514 τὸ
922 1459 1133 1533 Ἀμὴν,
1186 1461 1268 1532 τῷ
1322 1459 1440 1533 Θεῷ
1496 1458 1637 1536 πρὸς
1722 1455 1885 1528 δόξαν
1938 1453 2008 1511 δι’

340 1549 527 1621 ἡμῶν.

415 1698 854 1756 Ἀνακύπτουσαν
903 1699 1170 1755 ἀντίθεσιν
1206 1698 1351 1760 λύει.
1405 1699 1479 1758 Εἴ
1528 1699 1770 1777 ἀγνοεῖς,
1822 1698 2010 1774 φησὶν,

2190 926 2214 979 Ι
2273 928 2449 981 18-20.
2481 928 2687 985 Fidelis
2716 935 2899 985 autem
2956 931 3093 986 Deus
3148 931 3296 1001 quod
3345 948 3519 990 sermo
3582 943 3770 991 noster

2121 1031 2255 1084 erga
2286 1033 2402 1086 vos,
2434 1034 2545 1072 non
2600 1022 2714 1088 fuit
2740 1020 2927 1074 Etiam
2983 1026 3035 1075 et
3089 1021 3230 1075 Non.
3290 1023 3429 1076 Nam
3482 1022 3585 1078 Dei
3619 1024 3768 1093 ﬁlius

2116 1105 2269 1161 Jesus
2301 1106 2543 1164 Christus
2571 1111 2668 1179 qui
2701 1111 2848 1164 inter
2876 1124 2968 1164 vos
2991 1125 3098 1180 per
3124 1126 3225 1166 nos
3276 1112 3622 1181 praedic-itus
3665 1120 3766 1178 est.

2117 1211 2310 1267 nempe
2329 1213 2436 1267 per
2463 1214 2547 1253 me
2584 1204 2636 1253 et
2662 1198 2947 1255 Silvanum
2977 1214 3041 1254 ac
3073 1200 3435 1271 Timotheum,
3490 1218 3601 1257 non
3655 1203 3768 1272 fuit

2118 1283 2302 1339 Etiam
2331 1291 2383 1340 et
2410 1287 2550 1354 Non,
2579 1286 2675 1342 sed
2707 1287 2891 1342 Etiam
2912 1304 3017 1357 per
3075 1289 3255 1357 ipsum
3303 1291 3438 1357 fuit.
3491 1290 3777 1360 Quotquot

2118 1374 2264 1428 enim
2293 1381 2422 1431 sunt
2440 1376 2832 1446 promissiones
2860 1376 2980 1444 Dei,
3004 1392 3112 1447 per
3147 1379 3329 1447 ipsum
3377 1384 3509 1434 sunt
3563 1380 3769 1447 Etiam,
3859 1422 3870 1433 .

2118 1468 2171 1517 et
2190 1479 2297 1534 per
2324 1466 2504 1536 ipsum
2533 1468 2732 1536 Amen,
2762 1467 2872 1522 Deo
2900 1465 2974 1521 ad
3011 1465 3248 1536 gloriam
3274 1484 3380 1537 per
3403 1483 3522 1525 nos.

2190 1702 2603 1774 Emergentem
2634 1702 2806 1758 solvit
2836 1702 3258 1776 objectionem.
3284 1703 3341 1759 Si
3386 1704 3647 1778 ignoras.
3679 1707 3771 1764 di-

354 1788 402 1843 ti
432 1786 575 1844 ἔσται
606 1785 642 1843 ἅ
683 1787 986 1865 ἐπηγγέλη,
1043 1791 1135 1846 καὶ
1187 1787 1469 1851 πολλάκις
1530 1788 1711 1866 λὲγεις
1769 1787 1821 1845 ἐν
1878 1789 2010 1864 πρά·

2126 1797 2286 1846 ceret
2303 1790 2543 1863 aliquis,
2566 1809 2640 1847 an
2663 1799 2839 1849 erunt
2859 1810 2991 1865 qum
3012 1793 3310 1866 promissa
3359 1800 3518 1861 sunt,
3568 1802 3625 1850 et
3655 1795 3771 1851 fre-

346 1899 573 1953 γματιιι
603 1879 728 1947 Ναὶ,
762 1901 788 1933 ιι
823 1879 913 1935 καὶ
964 1879 1272 1956 εὑρίσκεται
1330 1905 1351 1931 ι
1418 1877 1520 1952 Οἷὶ,
1586 1904 1615 1932 ››
1681 1876 2000 1953 δεδοίκαμεν

347 1969 426 2040 μή
460 1989 572 2031 πως
600 1967 692 2023 καὶ
715 1969 744 2023 6
775 1965 947 2043 λόγος
986 1989 1106 2037 σου,
1135 1968 1411 2026 τουτέστιν
1445 1971 1474 2026 6
1519 1968 1820 2046 κηρυχθεὶς
1866 1971 2002 2043 ἡμῖν

337 2057 465 2134 περὶ
496 2064 600 2127 τῆς
629 2056 894 2126 πίστεως,
923 2082 951 2111 ‹‹
983 2058 1087 2117 Ναὶ
1125 2082 1153 2111 ›ι
1193 2060 1282 2114 καὶ
1344 2084 1372 2112 ι(
1433 2056 1511 2117 Οῧ
1542 2084 1567 2113 ιι
1721 2057 1814 2114 καί
1844 2076 1999 2139 φησιο

332 2147 413 2205 T6
446 2147 542 2221 μὲν
575 2146 999 2225 ἐπαγγείλασθαι
1028 2147 1227 2218 ἐλθεῖν,
1286 2149 1417 2224 ἐμὸν
1472 2149 1568 2219 ἦν,
1630 2146 1717 2204 διὸ
1773 2148 1864 2203 καὶ
1895 2148 2003 2203 ἀπ-

334 2237 520 2316 έτυχε·
555 2238 620 2293 τὸ
651 2235 709 2292 δὲ
738 2239 996 2315 κήρυγμα
1025 2241 1123 2294 τοῦ
1172 2243 1307 2294 Θεοῦ
1361 2237 1495 2309 ἐστι,
1555 2238 1646 2294 καὶ
1707 2236 1808 2293 οὐκ
1864 2238 2001 2293 ἀπο-

334 2328 601 2397 τεύξεται.
634 2350 662 2379 ‹‹
696 2327 893 2389 Πιστὸς
927 2329 1053 2407 γὰρ,
1100 2329 1283 2406 φησὶν,
1339 2329 1368 2383 6
1426 2328 1580 2397 Θεὸς,
1633 2351 1663 2380 ››
1722 2326 2001 2383 τουτέστιν

338 2417 576 2489 ἀληθής.
611 2444 637 2471 ιι
670 2418 793 2476 Ὃτι
823 2418 852 2474 6
885 2417 1061 2497 λόγος
1091 2421 1275 2493 ἡμῶν.
1313 2443 1340 2470 ι)
1401 2418 1498 2476 Καὶ
1556 2418 1684 2495 γὰρ,
1725 2418 1911 2496 φησὶν,
1971 2417 2009 2472 δ’

337 2506 509 2585 λόγος
536 2507 626 2563 καὶ
657 2507 722 2563 τὸ
750 2511 1012 2585 κήρυγμα
1041 2510 1224 2582 ἡμῶν,
1262 2507 1324 2564 ού
1356 2509 1544 2585 γέγονε
1598 2510 1704 2566 Nai
1753 2507 1843 2563 καὶ
1897 2503 2002 2579 Οῦ,

347 2596 494 2653 ἀλλὰ
537 2598 638 2653 Ναὶ
691 2596 838 2654 ἔσται
895 2599 989 2654 καὶ
1046 2599 1169 2658 Ναί.
1249 2599 1346 2655 Διὰ
1393 2605 1556 2655 τοῦτο
1612 2598 1718 2676 γὰρ
1763 2597 1998 2669 anew

343 2684 536 2757 ἐπειδή
568 2686 631 2744 οὐ
658 2686 845 2764 γέγονε
874 2688 975 2744 Nai
1007 2676 1096 2745 καὶ
1131 2686 1226 2748 Οὕ.
1251 2689 1355 2747 Καὶ
1383 2688 1577 2746 λοιπὸν
1639 2689 1789 2766 λέγει
1844 2694 2003 2752 ποῖος

348 2775 513 2852 λόγος
542 2776 605 2834 ού
636 2779 831 2855 γέγονε
858 2776 961 2833 Ναὶ
991 2779 1082 2834 καὶ
1114 2776 1216 2849 Οὔ,
1250 2778 1395 2836 ἀλλᾶ
1424 2778 1724 2842 ἀσάλευτος
1772 2777 2001 2854 ἔμεινεν.

352 2892 378 2921 ιι
411 2868 474 2925 'U
502 2867 604 2942 γᾶρ
635 2867 761 2929 Υἱὸς
787 2871 885 2923 τοῦ
917 2873 1076 2933 Θεοῦ,
1106 2870 1289 2944 φησὶν,
1326 2870 1355 2925 6
1385 2867 1438 2924 ἐν
1497 2870 1623 2944 ὑμῖν
1678 2867 2000 2945 κηρυχθεῖς,

344 2958 412 3014 ού
454 2959 647 3035 γέγονε
702 2959 807 3016 Ναὶ
855 2957 947 3014 καὶ
1008 2955 1107 3017 06"
1170 2984 1199 3014 n
1260 2958 1556 3029 τουτέστιν,
1619 2959 1681 3016 οὗ
1754 2963 1847 3015 νῦν
1905 2959 2003 3033 μὲν

348 3043 605 3115 τοιῶσδε,
635 3044 836 3103 ἂκλοτε
867 3044 924 3103 δὲ
951 3046 1185 3104 τοιῶσδε
1215 3051 1568 3125 κεκήρυκται,
1599 3071 1631 3106 α
1669 3047 1844 3107 Ἀλλᾶ
1901 3049 2003 3105 Ναὶ

351 3136 405 3193 ἐν
426 3136 595 3210 αὐτῷ,
626 3162 646 3189 ι
681 3136 958 3193 τουτέστιν
982 3136 1404 3215 ἀπαρασᾶλευτα
1434 3140 1502 3197 τὰ
1557 3139 1633 3203 εἷς
1687 3139 1848 3195 αὐτὸν
1907 3139 1998 3195 τὸν

353 3225 596 3300 Χριστὸν
623 3226 970 3303 κυρηχθέντα
995 3229 1307 3304 γεγένηται.
1344 3230 1439 3284 Διὰ
1467 3233 1630 3285 τοῦτο
1658 3226 1716 3285 δὲ
1743 3229 1805 3285 τὸ
1851 3227 2002 3296 πλῆ-

364 3315 456 3376 θος
483 3318 590 3369 τῶν
646 3317 993 3390 κυρηξάντων
1045 3316 1355 3393 καταλέγει·
1421 3344 1442 3369 ι
1501 3319 1579 3375 Δι’
1633 3314 1793 3394 ἐμοῦ,
1842 3318 2000 3395 φησὶ,

356 3404 446 3459 καὶ
481 3402 787 3462 Σιλουανοῦ
816 3406 909 3462 καὶ
938 3408 1226 3481 Τιμοθέου,
1262 3405 1598 3479 »καὶπάλιη
1631 3432 1658 3460 ‹‹
1692 3404 2002 3483 δι’ἡμῶν,››

350 3492 430 3558 εἷς
481 3491 724 3564 πλῆθος,
779 3494 948 3570 ταύτῃ
1004 3500 1179 3552 ποιῶν
1234 3495 1545 3567 ἀξιόπιστον
1586 3496 1649 3553 τὸ
1720 3499 2004 3574 κήρυγμα,

345 3582 436 3640 καὶ
474 3586 980 3661 ταπεινοφροσύνην
1035 3584 1496 3663 ἐπιδεικνύμενος,
1559 3588 1645 3645 31s
1701 3588 1827 3652 τοὺς
1885 3589 2005 3644 εαυ-

349 3675 446 3729 τοῦ
482 3673 754 3747 μαθητὰς,
777 3675 868 3730 τὸν
898 3676 1174 3749 Τιμόθεον
1204 3675 1297 3731 καὶ
1351 3674 1679 3747 Σιλουανὸν,
1714 3677 2009 3739 κοινωνοὺς

350 3768 448 3820 τοῦ
479 3763 838 3841 κηρύγματος
873 3765 1152 3841 ὀνομάζει.
1190 3789 1219 3819 ι(
1279 3763 1460 3822 Ἀλλᾶ
1504 3766 1609 3825 Ναὶ
1666 3766 1718 3822 ἐν
1776 3766 1945 3840 αὐτῷ.
1980 3790 2008 3818 »

351 3886 421 3897 —
478 3854 860 3928 [lQANNOTJ
908 3855 1024 3913 Οὐκ
1070 3854 1356 3932 ἀνέτρεψα,
1413 3855 1600 3935 φησὶν,
1660 3859 1694 3912 ἄ
1746 3857 2009 3933 πρότερον

350 3942 504 3999 εἶπον
536 3939 589 3997 ἐν
622 3947 702 4015 τῷ
731 3942 1062 4021 κηρύγματι,
1106 3942 1253 4002 Ούδὶ
1311 3948 1405 4000 νῦν
1461 3946 1557 4020 μὲν
1587 3948 1773 4014 τοῦτο,
1804 3949 1894 4001 νῦν
1956 3941 2016 4001 δὲ

361 4030 505 4089 ἄλλο
538 4030 833 4109 διελέχθην
866 4032 1014 4108 ὑμῖν.
1054 4036 1231 4093 Τοῦτο
1287 4036 1388 4112 γὰρ
1451 4034 1550 4091 οὐκ
1588 4033 1700 4092 ἔστι
1758 4035 2013 4104 πίστεως,

355 4121 505 4178 ἀλλὰ
536 4121 963 4197 πεπλανημένης
1012 4121 1276 4190 διανοίας.
1341 4149 1371 4178 ι(
1423 4123 1601 4183 Ἀλλᾶ
1655 4126 1761 4184 Ναὶ
1816 4126 1907 4182 καὶ
1963 4124 2023 4182 ἐν

354 4211 504 4286 αὐτῷ
558 4214 768 4288 γέγονε,
830 4237 860 4265 ››
919 4213 1226 4287 τουτέστιν,
1284 4216 1418 4290 ’ὅπερ
1502 4215 1678 4290 εἷπον,
1731 4216 2017 4293 ἀπαρασά-

355 4299 663 4359 λευτονκαὶ
712 4296 933 4379 βεϐαιον
994 4306 1165 4379 μένει.
1223 4330 1251 4359 ι‹
1310 4307 1471 4363 Ὅσαι
1533 4304 1637 4383 γὰρ
1695 4304 2020 4381 ἐπαγγελίαι

361 4396 519 4449 Θεοῦ.
554 4416 582 4445 ››
613 4394 705 4450 ’Ev
734 4397 815 4466 τῷ
843 4394 1184 4470 κηρύγματι,
1216 4393 1405 4451 πολλά
1451 4393 1563 4450 ἐστι
1630 4395 1697 4450 τὰ
1754 4393 2019 4472 ἐπαγγελ-

359 4479 591 4554 λόμενα·
654 4482 943 4546 ἀνάστασις
1001 4490 1234 4560 νεκρῶν,
1291 4483 1535 4540 υἱοθεσία
1568 4530 1584 4556 ,
1651 4483 1869 4549 ἐλπίδες
1924 4489 2022 4541 τοῦ

361 4569 662 4646 μέλλοντος
694 4571 891 4636 αἰῶνος
947 4575 1122 4646 Φησῖν
1161 4572 1279 4630 οῦν·
1316 4574 1393 4632 Ού
1427 4573 1593 4648 μόνον
1645 4574 1708 4631 16
1762 4576 2021 4651 κήρυγμα

360 4660 441 4717 ἀεὶ
492 4661 752 4725 ὡσαύτως
808 4656 927 4744 ἔχει
979 4684 1039 4720 τε
1093 4663 1183 4721 καὶ
1232 4667 1587 4739 κεκήρυκται,
1635 4662 1784 4721 ἀλλᾶ
1824 4663 1914 4721 καὶ
1967 4665 2024 4720 αἱ

359 4747 414 4805 ἐν
442 4750 591 4825 αύτῷ
622 4751 962 4829 ἐπαγγελίαι.
997 4758 1131 4810 Θεοῦ
1182 4755 1284 4830 γάρ
1352 4753 1507 4811 εἰσιν.
1566 4754 1635 4812 Ἠ
1696 4752 2023 4832 ἐπαγγελίας

360 4838 489 4897 αὐτὸ
511 4842 575 4897 16
605 4845 863 4920 κήρυγμα
912 4841 1079 4920 λέγει.
1140 4845 1200 4902 Ὀ
1255 4846 1357 4920 γὰρ
1408 4840 1707 4917 σύνδεσμος
1767 4844 1817 4912 6,
1894 4846 2021 4922 γάρ,

367 4934 534 4987 τοῦτο
567 4929 754 5005 δηλοῖ.
794 4931 1080 5008 ιΙρόπαλαι
1109 4934 1213 5011 γὰρ
1244 4936 1278 5004 ἡ
1331 4933 1410 4999 εἷς
1441 4933 1675 5009 Χριστὸν
1702 4933 1884 4996 πῖστις
1927 4932 2023 4989 ἐπ-

365 5019 627 5096 ήγγελτο.
663 5045 692 5076 ι(
725 5024 814 5081 ’Ev
853 5022 1001 5096 αύτῷ
1055 5024 1116 5079 τὸ
1169 5025 1298 5083 Ναί.
1365 5048 1392 5075 υ
1447 5024 1606 5081 Ὅσαι
1655 5024 1780 5100 γὰρ,
1838 5023 2022 5104 φησὶν,

368 5108 698 5189 ἐπαγγελίαι
731 5116 866 5169 Θεοῦ
898 5113 950 5168 ἐν
982 5112 1133 5187 αύτῷ
1160 5118 1241 5187 τῷ
1299 5118 1437 5187 Θεῷ,
1497 5113 1745 5170 τουτέττι
1808 5110 1878 5166 δι’
1927 5111 2021 5167 αὖ-

362 5204 461 5256 τοῦ
488 5205 587 5257 τοῦ
618 5206 772 5272 Θεοῦ,
806 5204 868 5258 τὸ
902 5227 930 5256 ‹‹
956 5202 1054 5259 Nai
1088 5203 1176 5258 καὶ
1208 5207 1271 5258 16
1298 5205 1475 5277 Ἀμῆν
1509 5201 1700 5280 ἔχουσι
1756 5227 1783 5256 ι)
1817 5202 1893 5259 T6
1915 5201 2018 5280 γὰρ

360 5289 709 5366 πληροῦσθαι
739 5290 992 5372 ἔχουσαι,
1023 5293 1108 5362 τὸ,
1146 5317 1174 5346 ιι
1206 5293 1306 5349 Ναὶ
1336 5293 1429 5349 καὶ
1457 5293 1519 5348 τὸ
1562 5294 1615 5350 ἰδ
1633 5294 1742 5366 μὴν
1800 5286 2022 5368 ἔχουσιν

359 5380 438 5443 εἷς
468 5381 530 5436 τὸ
559 5380 808 5457 γενέσθαι
841 5380 999 5455 δόξαν
1030 5387 1109 5455 τῷ
1140 5385 1257 5457 Θεῷ
1291 5380 1357 5439 δι’
1389 5384 1575 5456 ἡμῶν.
1611 5406 1639 5435 »
1694 5384 1764 5440 Ἦ
1824 5382 2017 5444 οὕτως.

355 5471 519 5529 ’Όσαι
546 5472 651 5549 γὰρ
683 5472 1005 5550 ἐπαγγελία.
1035 5477 1192 5544 Θεοῦ,
1223 5470 1277 5528 ἐν
1313 5473 1464 5544 αύτῷ
1494 5466 1706 5550 ἔχουσι.
1746 5496 1775 5524 ‹‹
1807 5473 1871 5529 16
1915 5472 2017 5532 Nai

357 5562 451 5619 καὶ
476 5562 540 5619 τὸ
569 5563 749 5637 Ἀμήν
778 5559 850 5620 δι’
877 5563 1066 5640 ἡμῶν,
1102 5587 1131 5617 ››
1180 5562 1311 5619 ὡσεί
1352 5555 1553 5640 ἔλεγινο
1589 5561 1767 5627 Αὐτὸς
1813 5562 1910 5637 μὶν
1957 5561 2020 5618 16

433 5762 479 5803 “
506 5764 636 5825 Act.
668 5779 769 5821 xiv
796 5778 964 5844 seqq.

2119 1887 2375 1951 quenter
2404 1883 2465 1937 in
2497 1899 2559 1938 re
2592 1884 2795 1955 aliqua
2815 1883 2966 1940 dicis
2988 1901 3014 1931 (ι
3036 1884 3249 1955 Etiam,
3286 1907 3314 1935 ι)
3360 1890 3420 1941 et
3475 1886 3774 1958 reperitur

2126 1989 2146 2017 ι
2178 1970 2328 2039 Non,
2360 1992 2388 2021 ››
2418 1988 2693 2027 veremur
2722 1990 2797 2028 ne
2830 1990 2945 2045 quo
2975 1973 3153 2029 modo
3184 1991 3381 2030 sermo
3404 1975 3586 2031 etiam
3612 1981 3770 2044 tuus,

2118 2059 2352 2127 hocest,
2388 2062 2574 2133 quiJe
2592 2062 2707 2118 ﬁde
2721 2062 2893 2118 nobis
2908 2063 3264 2135 prazdicatus
3284 2070 3373 2119 est
3405 2064 3505 2134 ,sit
3528 2088 3554 2116 ‹‹
3580 2066 3769 2121 Etiam

2118 2150 2186 2203 Et
2208 2165 2328 2205 non
2354 2166 2368 2215 ;
2399 2173 2427 2199 υ
2458 2150 2591 2205 ideo
2623 2151 2707 2206 ait
2739 2167 2753 2206 :
2785 2151 2939 2208 Sane
2970 2151 3129 2222 quod
3164 2169 3256 2207 me
3287 2158 3603 2208 venturum
3635 2154 3765 2209 fue—

2115 2238 2229 2293 rim
2257 2238 2582 2310 pollicitus,
2614 2256 2814 2295 meum
2847 2246 2993 2296 erat.
3038 2240 3176 2296 Ideo
3235 2257 3473 2312 quoque
3528 2242 3766 2298 irritum

2116 2326 2257 2382 fuit:
2284 2327 2624 2399 praedicatio
2646 2345 2784 2384 vero
2811 2329 2910 2385 Dei
2931 2335 3038 2398 est,
3077 2347 3188 2386 nec
3238 2330 3406 2386 irrita
3454 2331 3586 2386 erit.
3618 2332 3766 2386 Nam

2117 2438 2144 2467 «
2178 2417 2419 2485 Fidelis,
2451 2418 2665 2489 inquit,
2689 2420 2865 2481 Deus.
2900 2442 2927 2470 ››
2986 2419 3045 2475 id
3103 2426 3213 2486 est,
3280 2437 3479 2477 verax.
3547 2442 3570 2474 α
3606 2420 3773 2487 Quod

2116 2523 2314 2563 sermo
2345 2513 2569 2564 noster.
2602 2529 2631 2559 ››
2666 2508 2972 2580 Siquidem
3005 2527 3223 2579 sermo,
3257 2510 3361 2567 ait.
3387 2517 3446 2567 et
3483 2511 3770 2583 prmdica-

2116 2595 2220 2665 tio,
2247 2602 2452 2653 nostra
2479 2613 2601 2652 non
2632 2597 2764 2662 fuit,
2794 2596 2986 2654 Etiam
3016 2603 3076 2653 et
3101 2600 3253 2666 Non,
3284 2599 3387 2655 sed
3419 2600 3610 2655 Etiam
3659 2600 3774 2654 erit

2117 2691 2176 2741 et
2203 2687 2417 2742 Etiam.
2472 2687 2615 2743 Nam
2675 2693 2990 2760 propterea
3044 2704 3237 2757 verax,
3298 2705 3417 2760 qua
3472 2706 3594 2744 non
3633 2687 3768 2758 fuit,

2115 2764 2306 2830 Etiam
2326 2782 2385 2831 et
2404 2777 2551 2833 Non.
2577 2777 2801 2835 Deinde
2821 2795 3059 2850 quoque
3082 2778 3229 2834 dicit
3250 2779 3384 2850 quis
3421 2795 3616 2834 sermo
3648 2796 3771 2834 non

2116 2865 2297 2920 fuerit
2315 2865 2504 2921 Etiam
2528 2873 2587 2921 et
2607 2868 2867 2931 Non,sed
2908 2868 3301 2923 inconcussus
3347 2869 3768 2940 permanserit.

2116 2976 2145 3005 ιι
2174 2954 2320 3010 Nam
2351 2956 2454 3011 Dei
2484 2957 2689 3017 Filius.
2721 2956 2937 3029 inquit.
2964 2958 3065 3029 qui
3099 2959 3255 3012 inter
3284 2973 3383 3012 vos
3413 2957 3773 3030 praedicatus

2117 3051 2226 3105 est.
2250 3047 2403 3103 605
2428 3064 2548 3102 non
2572 3046 2683 3102 fuit
2703 3048 2892 3103 Etiam
2926 3053 2984 3103 et
3010 3049 3140 3103 Non
3173 3067 3188 3116 ;
3226 3071 3254 3098 ››
3313 3049 3425 3103 hoc
3484 3054 3592 3117 est,
3644 3064 3768 3103 non

2113 3149 2283 3189 nunc.
2296 3133 2536 3205 quidem
2560 3135 2900 3204 taliter,alio
2914 3152 3053 3191 vero
3071 3142 3185 3191 tem
3197 3152 3337 3209 pore
3351 3137 3552 3193 taliter
3564 3136 3773 3210 prwdi-

2116 3230 2282 3281 catus
2312 3231 2421 3282 est.
2442 3249 2470 3275 ‹‹
2493 3225 2607 3281 Sed
2622 3226 2811 3282 Etiam
2830 3226 3200 3300 peripsum.»
3217 3229 3335 3284 Hoc
3352 3234 3463 3292 est,
3498 3228 3616 3284 ﬁxa
3633 3234 3774 3283 sunt

2119 3319 2176 3370 et
2205 3315 2561 3371 inconcussa
2587 3331 2719 3387 qua)
2751 3316 3071 3389 praedicata
3100 3316 3364 3387 fuerunt,
3398 3317 3678 3373 ducentia
3697 3316 3772 3373 ad

2119 3403 2314 3476 ipsum
2328 3404 2648 3460 Christum.
2674 3406 2996 3477 Propterea
3008 3410 3205 3462 autem
3221 3423 3426 3463 eorum
3444 3406 3781 3464 multitudi-

2117 3510 2254 3550 nem
2289 3501 2561 3550 recenset
2590 3494 2692 3566 qui
2724 3494 3148 3566 praadicarunt,
3204 3495 3449 3552 dicens:
3508 3497 3622 3552 Per
3676 3512 3775 3552 me

2121 3589 2180 3639 et
2205 3583 2507 3639 Silvanum
2538 3600 2605 3639 ac
2635 3583 3049 3651 Timotheum;
3086 3607 3113 3634 »
3175 3601 3537 3657 rursumque
3591 3584 3777 3641 colle-

2122 3672 2286 3734 ctim,
2320 3694 2347 3723 «
2380 3672 2493 3727 Per
2520 3688 2651 3738 nos,
2686 3693 2714 3722 ››
2745 3672 2858 3728 hoc
2891 3672 3065 3729 modo
3101 3679 3153 3728 et
3176 3673 3293 3729 ﬁde
3336 3673 3575 3748 dignam
3636 3673 3780 3729 red-

2122 3761 2269 3816 dens
2286 3760 2860 3833 praadicationem,et
2874 3762 3060 3817 animi
3077 3762 3431 3819 modestiam
3445 3763 3732 3819 exhibens
3759 3778 3775 3820 :

2123 3857 2258 3907 cum
2282 3867 2424 3907 suos
2454 3850 2780 3923 discipulos
2811 3851 3116 3907 Silvanum
3147 3869 3215 3908 ac
3243 3853 3618 3908 Timotheum
3677 3869 3775 3908 so-

2123 3941 2247 3997 cios
2279 3939 2424 3996 dicit
2442 3939 2905 4012 pra-dicationis.
2932 3962 2961 3991 «
2988 3941 3098 3998 Sed
3119 3941 3309 3997 Etiam
3339 3958 3445 4014 per
3492 3942 3709 4014 ipsum.
3748 3963 3776 3993 »ι

2120 4063 2191 4072 -
2210 4032 2338 4087 Non
2362 4030 2642 4098 subverti,
2665 4029 2881 4102 inquit,
2906 4047 3037 4102 quae
3060 4030 3226 4104 prius
3258 4032 3320 4087 in
3355 4031 3777 4105 praedicatione

2126 4121 2415 4188 dixeram,
2449 4136 2645 4193 neque
2676 4136 2836 4176 nunc
2867 4120 3109 4193 quidem
3138 4123 3442 4192 hoc,nunc
3472 4138 3607 4178 vero
3630 4120 3782 4177 illud

2127 4211 2292 4267 vobis
2315 4210 2570 4267 disserui
2597 4226 2609 4264 :
2633 4210 2746 4266 hoc
2768 4210 2930 4266 enim
2952 4228 3073 4267 non
3095 4211 3233 4267 ﬁdei
3280 4217 3392 4281 est,
3428 4212 3533 4269 sed
3562 4212 3782 4267 mentis

2132 4317 2394 4358 erronem
2424 4318 2437 4355 :
2469 4299 2594 4369 sed,
2629 4323 2658 4350 «
2689 4300 2880 4357 Etiam
2912 4318 3019 4374 per
3048 4302 3244 4374 ipsum
3271 4302 3417 4369 fuit;
3452 4325 3480 4353 ››
3525 4302 3639 4357 hoc
3671 4306 3782 4368 est,

2133 4392 2292 4462 quod
2313 4391 2890 4454 dixi,inconcussum
2916 4398 2974 4446 et
2994 4391 3230 4448 ﬁrmum
3283 4397 3504 4450 manet.
3539 4413 3566 4442 «
3599 4393 3780 4458 Quot-

2132 4486 2278 4553 quot
2306 4481 2468 4536 enim
2500 4480 3096 4552 suntpromissiones
3126 4481 3249 4537 Dei.
3287 4505 3314 4531 υ
3371 4483 3440 4538 In
3496 4480 3788 4554 praedica—

2130 4569 2293 4625 tione
2322 4569 2512 4624 multa
2542 4574 2682 4624 sunt
2737 4569 3053 4640 promissa,
3110 4571 3467 4626 resurrectio
3519 4576 3789 4626 mortuo-

2134 4674 2290 4727 rum,
2324 4657 2584 4729 adoptio,
2619 4672 2755 4729 spes
2784 4657 2968 4713 futuri
3002 4658 3222 4714 seaculi.
3255 4660 3354 4714 Ait
3410 4675 3548 4732 ergo
3583 4675 3597 4713 :
3657 4659 3785 4714 Non

2135 4746 2327 4804 solum
2349 4745 2693 4819 praedicatio
2717 4762 2955 4819 semper
2975 4746 3183 4803 eodem
3207 4747 3381 4803 modo
3407 4765 3469 4803 se
3505 4746 3685 4803 habet
3714 4762 3783 4803 ac

2133 4836 2456 4910 paa'dicata
2477 4841 2584 4893 est.
2607 4835 2713 4891 sed
2737 4836 2911 4892 etiam
2930 4836 3359 4909 promissiones
3382 4854 3513 4908 qua:
3559 4837 3620 4893 in
3653 4837 3786 4909 ipsa

2135 4934 2299 4984 sunt:
2323 4926 2427 4984 Dei
2450 4925 2607 4982 enim
2634 4932 2791 4982 sunt.
2815 4929 2933 4983 Aut
2951 4926 3541 5000 promissionesdicit
3588 4927 3780 4999 ipsam

2132 5018 2642 5091 praedicationem,
2702 5033 2841 5073 nam
2898 5018 3011 5074 hoc
3068 5018 3365 5093 signiﬁcat
3438 5019 3786 5093 conjunctio

2132 5112 2296 5167 enim.
2333 5107 2634 5180 Siquidem
2668 5108 2857 5164 multo
2887 5115 3024 5164 ante
3053 5115 3320 5183 tempore
3352 5108 3501 5167 ﬁdes
3532 5110 3592 5165 in
3624 5109 3791 5165 Chri-

2135 5204 2294 5277 stum
2324 5198 2620 5271 promissa
2650 5203 2741 5254 est
2791 5221 2819 5247 «
2854 5199 2965 5253 Per
2994 5198 3190 5270 ipsum
3213 5199 3424 5254 Etiam.
3449 5221 3475 5250 ι»
3502 5198 3789 5266 Quaecun-

2134 5293 2248 5362 que
2277 5288 2708 5362 promissiones
2763 5287 2890 5358 Dei,
2950 5288 3142 5344 Etiam
3200 5294 3259 5344 et
3312 5292 3503 5345 Amen
3562 5289 3790 5345 habent

2130 5396 2238 5452 per
2265 5378 2459 5451 ipsum
2492 5377 2679 5433 Deum
2738 5378 2881 5433 Nam
2942 5373 2997 5431 ἐν
3054 5374 3201 5449 αύτῷ
3259 5379 3493 5452 capitur
3551 5396 3658 5452 pro
3720 5374 3790 5432 δι’

2129 5467 2316 5538 αύτοῦ,
2350 5469 2409 5523 id
2443 5474 2551 5536 est,
2582 5470 2647 5524 In
2687 5471 2827 5539 ipso,
2857 5485 2965 5541 pro
3012 5470 3121 5525 Per
3170 5471 3372 5542 ipsum.
3434 5468 3580 5526 Cum
3630 5468 3791 5524 enim

2131 5558 2529 5634 complentur,
2559 5557 2783 5615 habent
2813 5581 2839 5609 ιι
2871 5548 3064 5616 Etiam
3087 5563 3147 5614 et
3169 5561 3384 5631 Amen,
3410 5581 3439 5611 ιι
3464 5559 3527 5614 in
3558 5559 3671 5612 hoc
3726 5560 3794 5612 ut
