4080 6378
278 433 393 493 931

1402 423 1831 487 (ΕΟΟΜΕΝΙΙ
1875 416 2181 483 ΤίίίΟυλΕ
2227 420 2573 484 EPlSCOPI

3579 416 3705 479 932

282 581 389 636 per
413 580 522 619 nos
553 563 653 617 Dei
687 561 874 634 gloria
903 540 1208 633 augeatur.
1243 558 1348 613 Aut
1380 557 1480 613 hoc
1510 558 1686 612 modo.
1750 556 1934 621 Quot-

2048 522 2154 610 Nai
2183 559 2304 618 ταῖς
2333 551 2561 616 οἰκείαις
2586 548 2810 607 δίδωσιν
2870 548 3241 624 ἐπαγγελίαις,
3292 546 3362 603 δι’
3429 549 3590 623 ἡμῶν
3648 545 3710 603 δὶ

287 660 432 724 quot
470 652 627 706 enim
660 650 1089 723 promissiones
1118 648 1221 704 Dei
1256 654 1417 713 sunt,
1452 664 1560 719 per
1589 647 1785 718 ipsum
1830 644 1935 701 ha-

278 744 423 799 bent
453 764 479 791 ‹‹
514 742 726 798 Etiam.
762 746 821 795 et
850 742 1039 794 Amen
1071 754 1178 810 per
1209 754 1340 803 nos,
1375 760 1402 787 ι»
1435 753 1503 793 ac
1566 735 1613 791 si
1663 735 1890 790 diceret
1923 751 1936 790 :

280 832 412 902 Ipse
444 830 686 901 quidem
724 828 847 884 suis
879 827 1379 900 promissionibus
1410 826 1510 881 dat
1534 826 1723 882 Etiam
1761 841 1774 879 :
1836 840 1943 897 per

275 936 383 975 nos
411 926 613 976 autem
641 920 753 974 hoc
782 918 948 983 facit,
975 922 1040 972 ut
1057 916 1423 989 glorificetur
1447 917 1621 984 Deus,
1647 914 1803 985 quod
1834 930 1943 986 per

290 1009 565 1064 homines
598 1013 763 1062 tanta
793 1007 990 1062 faciat.

352 1101 394 1163 l,
430 1102 489 1151 2t
533 1099 620 1151 23.
658 1099 830 1151 Porro
857 1099 956 1167 qui
1012 1096 1303 1166 conﬁrmat
1360 1112 1457 1151 nos
1509 1111 1622 1150 una
1658 1096 1942 1150 nobiscum

284 1193 339 1243 in
368 1188 666 1256 Christum,
699 1199 747 1241 et
778 1189 877 1256 qui
906 1188 1070 1241 unxit
1108 1201 1227 1250 nos,
1262 1187 1419 1251 Deus,
1479 1187 1580 1256 qui
1637 1187 1801 1240 etiam
1843 1183 1938 1238 ob-

283 1278 526 1346 signavit
560 1292 673 1342 nos,
708 1275 966 1345 deditque
1014 1277 1240 1329 arrham
1280 1275 1522 1345 Spiritus
1573 1276 1632 1329 in
1689 1273 1941 1329 cordibus

282 1367 505 1421 nostris.
535 1366 646 1433 Ego
674 1380 800 1419 vero
857 1370 1046 1419 testem
1102 1366 1294 1419 invoco
1352 1365 1519 1419 Deum
1575 1366 1634 1418 in
1694 1364 1939 1418 animum

278 1472 468 1521 meam,
512 1455 661 1525 quod
683 1470 919 1524 parcens
948 1454 1098 1509 vobis
1137 1454 1381 1508 nondum
1432 1453 1680 1508 venerim
1737 1454 1938 1508 Corin-

277 1545 431 1598 thum
465 1560 478 1597 :
511 1559 621 1597 non
651 1543 800 1612 quod
828 1543 1173 1597 dominemur
1195 1541 1327 1612 ﬁdei
1357 1549 1576 1607 vestrae,
1632 1542 1728 1599 sed
1781 1543 1942 1612 adju-

282 1641 422 1688 tores
452 1647 637 1687 sumus
667 1630 866 1701 gaudii
894 1633 1079 1687 vestri.
1110 1632 1247 1685 Nam
1274 1631 1382 1699 ﬁde
1403 1633 1577 1687 statis.

354 1722 508 1777 606
532 1721 823 1786 Quoniam
864 1719 1041 1774 dixit:
1091 1721 1204 1774 Per
1250 1737 1359 1774 nos
1405 1720 1780 1792 complentur
1811 1737 1939 1792 pro-

284 1810 621 1877 missiones,
655 1809 1082 1881 interpretatur
1112 1808 1281 1877 illud,
1332 1813 1391 1862 et
1446 1810 1529 1865 ait
1564 1826 1575 1864 :
1635 1811 1938 1880 Tanquam

277 1917 381 1971 per
403 1916 510 1955 nos
538 1898 782 1970 quidem
806 1898 904 1969 qui
936 1897 1193 1952 ministri
1220 1914 1449 1965 sumus,
1492 1898 1654 1964 facit,
1698 1899 1823 1970 ipse
1859 1905 1937 1954 ta-
1966 1938 2014 2003 Β

278 2005 414 2043 men
448 1990 644 2054 Pater,
677 2010 703 2037 ‹‹
738 1989 845 2052 Qui
878 1986 1194 2042 confirmat
1227 2004 1355 2054 nos,
1392 2010 1419 2037 ››
1480 1993 1539 2042 et
1586 1988 1687 2059 qui
1747 1986 1934 2056 dedit,

281 2079 542 2150 complet
571 2095 708 2133 suas
742 2077 1190 2149 promissiones.
1221 2109 1293 2119 --
1336 2077 1500 2144 Quod
1561 2078 1681 2135 ait:
1742 2101 1762 2127 ι
1825 2077 1934 2144 Qui

281 2171 600 2227 conﬁrmat
628 2188 757 2235 nos,
793 2193 821 2220 »
856 2175 914 2225 et
952 2176 1107 2239 cast,
1167 2176 1271 2226 ant
1325 2187 1433 2243 per
1490 2170 1788 2228 defectum
1845 2171 1934 2227 di-

278 2267 437 2317 ctum
471 2266 577 2329 est,
612 2266 678 2315 ut
707 2259 863 2315 desit
886 2260 1114 2333 integra
1137 2261 1455 2327 sententia,
1480 2267 1581 2317 aut
1628 2279 1734 2334 per
1764 2261 1930 2318 defe-

281 2357 441 2405 ctum
468 2350 655 2405 solius
678 2349 957 2404 dictionis
981 2352 1093 2406 Est.
1116 2356 1258 2421 puta
1283 2368 1295 2404 :
1347 2351 1455 2416 Qui
1480 2351 1796 2407 conﬁrmat
1824 2368 1933 2407 nos

281 2439 518 2510 aliaque
544 2439 704 2505 facit,
736 2439 893 2494 Deus
927 2444 1035 2494 est.
1070 2439 1232 2504 Quod
1266 2440 1314 2495 si
1348 2441 1432 2495 sic
1473 2457 1579 2513 per
1636 2440 1933 2498 defectum

278 2529 354 2583 sit
385 2527 685 2593 dictionis,
711 2534 946 2599 oportet
971 2527 1415 2585 distinctionem
1450 2548 1670 2602 ponere
1719 2531 1794 2587 ad
1841 2531 1934 2587 di-

276 2618 524 2676 ctiones.
561 2640 589 2667 «
622 2617 731 2682 Qui
763 2617 933 2672 unxit
962 2635 1092 2687 nos,
1131 2645 1149 2667 -
1183 2624 1248 2674 ut
1285 2627 1726 2691 consequenter
1746 2620 1934 2692 perfe-

275 2713 369 2762 cta
392 2706 774 2761 distinctione
802 2707 1194 2781 subiungatur
1219 2709 1390 2767 Deus.
1431 2714 1500 2765 ut
1543 2710 1619 2764 sit
1670 2726 1882 2765 sensus
1916 2726 1930 2765 :

278 2798 431 2851 Deus
464 2801 554 2850 est
586 2795 685 2867 qui
720 2795 1037 2852 confirmat
1064 2814 1195 2865 nos,
1233 2804 1290 2853 et
1320 2799 1421 2869 qui
1470 2799 1641 2853 unxit
1699 2816 1827 2858 nos.
1875 2805 1934 2855 et

279 2885 381 2956 qui
415 2884 746 2953 obsignavit
774 2903 904 2955 nos,
940 2892 998 2941 et
1027 2888 1127 2959 qui
1160 2888 1326 2943 dedit
1388 2888 1629 2944 arrham
1679 2888 1932 2961 Spiritus

280 2976 341 3029 in
363 2974 640 3030 cordibus
665 2977 905 3032 nostris.
930 2978 1001 3031 Et
1023 2977 1407 3033 manifestum
1431 2984 1521 3033 est
1554 2978 1713 3049 quod
1754 2978 1932 3033 etiam

280 3066 405 3120 haec
438 3065 707 3120 membra
739 3083 870 3137 quze
903 3074 1237 3136 sequuntur
1266 3066 1339 3122 ad
1370 3066 1713 3135 dictionem,
1753 3069 1930 3135 Deus,

279 3154 541 3226 perfecta
573 3153 958 3211 distinctione
992 3157 1282 3229 legentur.
1315 3157 1373 3214 Si
1421 3175 1555 3213 vero
1615 3175 1720 3229 per
1769 3156 1932 3212 defe-

271 3249 434 3298 ctum
454 3243 695 3314 integrae
715 3244 1007 3299 orationis
1023 3245 1476 3318 intelligatur,et
1499 3246 1704 3301 eadem
1738 3246 1931 3318 prima

2047 647 2210 699 τοῦτο
2235 649 2404 708 ποιεῖ,
2446 642 2521 704 εἷς
2550 642 2613 697 τὸ
2644 637 2967 712 δαξασθῆναι
3020 640 3112 695 τὸν
3143 638 3295 708 Θεὸν,
3349 637 3434 693 ’ὁτι
3493 635 3564 693 δι’
3612 638 3709 693 ἆν-

2047 733 2282 808 θρώπων
2316 735 2548 788 τοσαῦτα
2577 737 2746 792 ποιεῖ.

2115 1088 2177 1145 Ὀ
2209 1083 2268 1142 δὲ
2301 1082 2539 1164 βεϐαιῶν
2571 1089 2720 1162 ἡμᾶς
2750 1086 2841 1143 σὺν
2873 1090 3010 1160 ἡμῖν
3041 1088 3118 1151 εἰς
3157 1087 3419 1164 Χριστὸν,
3449 1087 3542 1142 καὶ
3573 1086 3707 1162 χρί-

2048 1196 2143 1239 σας
2171 1178 2321 1250 ἡμᾶς
2350 1176 2499 1243 Θεὸς,
2525 1178 2553 1232 6
2585 1178 2675 1232 καὶ
2714 1177 3150 1255 σφραγισάμενος
3208 1178 3380 1249 ἡμᾶς,
3433 1178 3523 1231 καὶ
3580 1173 3710 1239 δοὺς

2046 1267 2137 1322 τὸν
2167 1261 2456 1343 ἇρῥαϐὡνα
2483 1272 2581 1323 τοῦ
2613 1266 2929 1341 Πνεῦματος
2977 1268 3029 1322 ὲν
3089 1272 3211 1330 ταῖς
3254 1263 3502 1343 καρδίαις
3523 1266 3709 1338 ἡμῶν.

2044 1356 2192 1433 Ἐγὼ
2220 1353 2276 1412 δὲ
2311 1356 2556 1434 μάρτυρα
2585 1358 2678 1414 τὸν
2710 1360 2839 1413 Θεὸν
2869 1354 3240 1431 ἐπικαλοῦμαι
3273 1356 3360 1414 ἐπὶ
3416 1358 3516 1427 τῆν
3565 1356 3711 1428 ἐμήν

2044 1450 2254 1525 ψυχὴν,
2287 1449 2371 1505 ὅτι
2402 1448 2722 1530 φειδόμενος
2755 1451 2935 1524 ὑμῶν,
2968 1450 3068 1506 οὐκ
3107 1449 3186 1507 ἔτι
3243 1448 3419 1519 ἦλθον
3480 1449 3557 1514 είς
3594 1449 3707 1506 Κό-

2045 1543 2245 1617 ρινθον.
2282 1542 2404 1618 Οὐχ
2430 1545 2513 1600 δτι
2536 1541 2859 1618 κυριεύομεν
2898 1543 3052 1616 ὑμῶν
3109 1549 3213 1612 τῆς
3269 1540 3525 1605 πίστεως,
3556 1536 3709 1596 ἀλλὰ

2045 1632 2293 1706 συνεργοέ
2349 1630 2523 1705 ἐσμεν.
2573 1638 2673 1700 τῆς
2738 1636 2915 1708 χαρᾶς
3000 1632 3174 1705 ὑμῶν.
3231 1632 3314 1704 Τῇ
3373 1630 3478 1706 γὰρ
3526 1628 3706 1686 πίστει

2045 1720 2324 1790 ἒστήκατε·

2118 1807 2341 1878 Ἐπειδὴ
2374 1809 2509 1865 εἶπε·
2544 1816 2621 1865 Δι’
2650 1810 2811 1884 ἡμῶν
2843 1807 3184 1885 πληροῦνται
3217 1809 3272 1863 αἱ
3331 1806 3705 1883 ἐπαγγελείαι,

2046 1894 2453 1975 ἒπιδιορθοῦται
2486 1899 2642 1970 αὐτὸ,
2675 1897 2767 1955 καί
2798 1918 2981 1977 φησιν·
3009 1899 3097 1961 Ὠς
3147 1896 3218 1954 δι’
3273 1899 3434 1972 ἡμῶν
3494 1897 3589 1971 μὶν
3624 1892 3715 1951 ὅν·-

2042 2010 2152 2044 τιυν
2176 1985 2462 2062 διακόνων,
2496 1993 2647 2045 ποιεῖ
2677 1989 2842 2051 αὐτὸς
2872 1985 2929 2043 δὲ
2960 1989 2988 2044 6
3026 1990 3237 2064 Πατῆρ,
3292 2010 3320 2039 ‹‹
3351 1989 3410 2041 '0
3470 1981 3711 2061 βεϐαιῶν

2044 2080 2213 2151 ἡμᾶς,
2246 2103 2276 2131 ››
2306 2080 2395 2133 καὶ
2431 2078 2460 2133 6
2491 2075 2643 2145 δοὺς,
2686 2076 2899 2153 πληροῖ
2942 2078 3040 2141 τὰς
3082 2074 3220 2140 ἰδίας
3255 2075 3601 2151 ὑποσχέσεις.
3635 2107 3710 2119 -

2045 2170 2256 2243 [ΦΩΤ.]
2291 2171 2390 2235 Τὸ,
2423 2192 2450 2221 ι(
2485 2169 2513 2223 6
2544 2165 2602 2223 δὲ
2634 2160 2870 2244 βεϐαιῶν
2898 2170 3071 2242 ἡμᾶς,
3104 2190 3132 2219 n
3179 2167 3271 2222 καὶ
3304 2167 3448 2236 ἑξῆς,
3499 2165 3535 2235 ἢ
3566 2166 3709 2222 κατὰ

2043 2252 2291 2332 ἔλλειψιν
2326 2256 2466 2313 ἐστὶν
2523 2256 2813 2334 εῗρημένον
2868 2255 3008 2313 ’ὀλου
3061 2255 3347 2318 λείποντος
3408 2253 3598 2331 ῥητοῦ,
3639 2255 3707 2326 ἢ,

2041 2348 2178 2403 κατᾶ
2234 2343 2484 2420 ἔλλειψιν
2546 2345 2719 2421 μόνης
2772 2344 2972 2417 λέξεως
3028 2349 3130 2412 τῆς
3172 2349 3291 2416 τοῦ,
3350 2343 3518 2417 ἔστιν,
3551 2345 3697 2416 οἷον,

2041 2438 2103 2496 'U
2135 2432 2371 2513 βεϐαιῶν
2399 2438 2571 2510 ἡμᾶς,
2600 2435 2689 2492 καὶ
2748 2436 2815 2492 τὰ
2876 2433 3022 2491 ἄλλα
3081 2440 3277 2504 ποιῶν,
3338 2435 3469 2499 Θεός
3527 2434 3699 2494 ἔστιν.

2042 2524 2201 2584 Ἀλλ’
2231 2525 2276 2581 εί
2323 2527 2416 2600 μὲν
2457 2527 2576 2582 κατ’
2631 2520 2881 2601 ἔλλειψιν
2937 2522 3160 2596 λέξεως,
3220 2523 3296 2587 είς
3352 2523 3438 2589 τὸ,
3496 2523 3701 2600 Χρῖσας

2041 2619 2210 2689 ἡμᾶς,
2273 2638 2298 2668 υ
2362 2614 2671 2685 ὑποστίζειν
2731 2612 2833 2685 δεῖ,
2880 2612 3067 2689 ’ίναιῇ
3126 2615 3249 2687 ἑξῆς
3303 2613 3437 2668 κατὰ
3484 2612 3702 2668 τελείαν

2043 2706 2283 2782 στιγμῆν
2315 2704 2707 2785 ἐπιφερόμενον
2745 2703 2830 2771 τὸ,
2880 2704 3033 2765 Θεός.
3087 2703 3241 2761 υἶον·
3303 2702 3433 2764 Θεός
3467 2700 3609 2758 ἐστιν
3669 2703 3702 2758 6

2045 2790 2280 2871 βεϐαιῶν
2303 2794 2591 2865 ἡμᾶς,καὶ
2632 2790 2830 2869 χρίσας
2889 2795 3057 2866 ἡμᾶς,
3118 2793 3207 2848 καὶ
3267 2793 3705 2871 σφραγισάμενος

2041 2888 2215 2959 ἡμᾶς,
2241 2883 2330 2939 καὶ
2358 2881 2484 2945 δοὺς
2515 2883 2604 2938 τὸν
2633 2876 2923 2957 ἀρῥαὸῶνα
2970 2886 3066 2937 τοῦ
3126 2887 3438 2955 Πνε·5ματος
3498 2883 3549 2937 ἐν
3579 2888 3702 2944 ταῖς

2041 2971 2292 3049 γαρδίαις
2326 2975 2508 3045 ἡμῶν.
2545 2971 2650 3028 Καὶ
2683 2969 2856 3041 δῆλον
2888 2970 2972 3027 ὅτι
3001 2971 3089 3027 καὶ
3120 2974 3289 3028 ταῦτα
3319 2973 3386 3026 τὰ
3446 2970 3601 3027 κῶλα
3630 2971 3697 3027 τὰ

2041 3064 2232 3142 ἐφεξῆς
2260 3066 2378 3127 τοῦ,
2421 3062 2575 3131 Θεὸς,
2633 3062 2770 3116 κατά
2818 3060 3029 3117 τελείαν
3087 3062 3288 3136 σιγμῆν
3342 3061 3695 3136 ἀναγνωσθή-

2043 3174 2211 3208 σεται.
2246 3151 2306 3209 Εἰ
2341 3149 2387 3207 δ’
2419 3152 2492 3213 ὡς
2522 3151 2640 3207 κατ’
2671 3145 2918 3225 ἔλλειψιν
2948 3147 3084 3205 ὃλου
3143 3147 3316 3225 ῥητοῦ
3370 3147 3698 3229 ἑκληφθείη,

2042 3242 2131 3297 καὶ
2172 3241 2310 3312 αὐτὴ
2335 3244 2370 3310 ἡ
2403 3242 2596 3316 πρώτη
2628 3238 2882 3316 περίοδος
2911 3236 3017 3301 ἕως
3062 3243 3183 3308 τοῦ,
3233 3239 3385 3305 Θεὸς,
3418 3240 3557 3293 κατᾶ
3589 3238 3697 3313 μὲ-

276 3333 559 3403 periodus
579 3348 770 3403 usque
798 3333 870 3388 ad
894 3333 1237 3389 dictionem.
1266 3335 1440 3394 Deus.
1467 3353 1599 3406 quas
1639 3336 1701 3390 in
1732 3336 1929 3391 medio

2046 3354 2142 3403 σην
2170 3332 2671 3410 ἀνα-γνωσθήσεται,
2703 3332 2791 3386 καὶ
2834 3329 2896 3386 τὸ
2936 3330 3150 3408 ἐφεξῆς.
3191 3331 3269 3387 Τὸ
3339 3327 3395 3385 δὲ
3448 3329 3536 3384 ἐπὶ
3565 3326 3696 3384 τοῦ·

280 3421 866 3493 ponitur.l<-getur,et
886 3422 1023 3477 item
1048 3424 1207 3493 quod
1231 3424 1437 3479 ordine
1468 3424 1755 3496 sequitur.
1794 3427 1938 3479 Pro-

278 3516 486 3580 pterea
515 3516 714 3565 autem
747 3512 859 3566 erit
889 3511 1234 3574 difﬁcultas,
1271 3513 1411 3585 quia
1440 3513 1501 3567 id
1534 3514 1691 3585 quod
1735 3514 1938 3570 deﬁcit

274 3601 758 3658 subaudiendum
792 3603 985 3659 estad
1051 3622 1262 3660 se'nsus
1323 3607 1771 3678 perfectionem.
1833 3613 1936 3663 aut

276 3698 560 3763 tanquam
593 3692 877 3749 deficiens
908 3694 982 3749 ad
1016 3694 1412 3768 hypostigma,
1450 3696 1507 3751 id
1560 3702 1669 3761 est,
1722 3697 1937 3752 distin—

275 3781 535 3837 ctionem
567 3783 1007 3839 terminabitur.
1048 3810 1066 3833 -
1132 3785 1240 3850 Qui
1302 3786 1467 3841 unxit
1525 3803 1634 3841 nos
1693 3787 1927 3844 Deus.-

277 3871 384 3936 Qui
422 3873 484 3927 in
515 3873 695 3929 veteri
730 3879 1086 3929 testamento
1138 3876 1534 3948 ungebantur,
1589 3882 1692 3932 aut
1745 3894 1936 3933 sacer-

277 3960 445 4016 dotes
471 3967 640 4018 erant
665 3970 766 4018 aut
789 3964 1113 4035 prophetw.
1142 3971 1245 4020 aut
1266 3982 1468 4031 reges:
1523 3972 1581 4022 et
1627 3983 1808 4035 nunc,
1844 3967 1937 4021 in-

277 4052 427 4120 quit,
454 4052 753 4123 ungimur,
777 4059 845 4107 ut
864 4068 1032 4125 reges
1055 4053 1295 4124 quidem
1324 4053 1673 4118 efficiamur,
1723 4055 1936 4126 princi-

279 4145 484 4210 patum
546 4157 725 4212 super
781 4142 1131 4196 affectiones
1189 4143 1525 4210 habentes;
1597 4143 1937 4199 sacerdotes

281 4233 504 4296 autem,
537 4230 781 4299 propria
811 4231 1217 4285 sacriﬁcantes
1249 4248 1519 4302 corpora.
1549 4231 1720 4303 juxta
1751 4233 1934 4289 illud:

281 4339 307 4367 ‹‹
342 4319 412 4372 Ut
447 4333 517 4372 ex
570 4317 784 4372 ibeatis
841 4319 1112 4375 membra
1162 4325 1357 4375 vestra
1413 4321 1670 4377 hostiam
1737 4323 1938 4379 viven-

280 4411 399 4460 tem
434 4404 497 4460 ιδ.
534 4428 561 4455 ››
597 4406 908 4477 Propheta:
940 4424 1098 4473 vero,
1146 4401 1429 4479 tanquam
1482 4426 1695 4482 magna
1744 4410 1936 4468 edocti

278 4495 989 4567 mysteria.Ungitautem
1013 4502 1068 4553 et
1087 4498 1358 4570 obsignat
1402 4501 1576 4555 Pater
1615 4519 1721 4573 per
1761 4503 1939 4575 Spiri-

278 4590 404 4639 tum
428 4592 698 4640 sanctum
727 4602 900 4641 :nam
930 4586 1056 4642 base
1082 4586 1295 4658 inquit,
1322 4590 1524 4645 unctio
1564 4597 1623 4647 et
1666 4590 1938 4665 obsigna-

2041 3445 2121 3496 τῳ
2170 3422 2398 3493 ἀπορίαν
2454 3418 2580 3491 ἕξει,
2638 3421 3195 3496 προσυπονοουμένου
3253 3423 3350 3475 τοῦ
3407 3415 3699 3482 λείποντος

2042 3511 2121 3574 εἷς
2154 3510 2391 3582 τελείαν,
2424 3509 2460 3581 ἤ
2494 3513 2568 3574 ὡς
2610 3511 2895 3574 λείποντος
2964 3511 3041 3574 εἰς
3106 3512 3455 3586 ὑποστιγμήν
3494 3513 3698 3567 ἀποτεν

2043 3600 2321 3673 λευτήσει.
2359 3627 2386 3654 α
2422 3603 2523 3659 Καῖ
2554 3601 2755 3668 χρίσας
2800 3604 2948 3675 ἡμᾶς
3006 3601 3160 3663 Θεός.
3191 3624 3218 3655 ιι
3281 3600 3349 3658 υἱ
3409 3601 3701 3678 χρεόμενοι

2041 3691 2092 3748 ἐν
2116 3697 2186 3766 τῇ
2218 3690 2450 3763 παλαιᾷ,
2483 3692 2517 3763 ἢ
2550 3692 2716 3767 ἱερεῖς
2746 3695 2780 3763 ἢ
2812 3697 3094 3771 προφῆται
3124 3692 3158 3762 ἢ
3195 3690 3440 3767 βασιλεῖς
3493 3689 3703 3767 ἐγίνονο

2038 3804 2122 3838 το.
2169 3783 2268 3838 Καὶ
2304 3785 2415 3847 νῦν,
2450 3781 2606 3862 φησὶ,
2659 3782 2934 3857 χριόμεθα
2967 3778 3060 3836 ’ίνα
3119 3780 3401 3858 γενώμεθα
3450 3779 3702 3854 βασιλεῖς

2046 3871 2164 3945 μὲν,
2198 3872 2565 3947 κατάρχοντες
2605 3873 2714 3925 τῶν
2770 3874 2982 3936 παθῶν,
3041 3869 3208 3943 ἱερεῖς
3269 3865 3344 3928 δὲ,
3404 3868 3470 3923 τὰ
3524 3866 3705 3923 ὠκεῖα

2040 3963 2443 4037 ἱερουργοῦντες
2476 3960 2727 4034 σώματα,
2759 3959 2894 4014 κατά
2950 3958 3041 4026 τὸ,
3101 3982 3129 4011 ‹‹
3186 3960 3578 4033 ΙΙαραστήσατε
3632 3956 3704 4013 τὰ

2046 4051 2188 4126 μέλη
2226 4052 2376 4123 ὑμῶν
2411 4050 2593 4104 θυσίαν
2622 4054 2818 4119 ζῶσαν·
2858 4055 3194 4129 »προφῆται
3237 4044 3316 4115 δὲ,
3374 4049 3442 4103 τὰ
3489 4048 3706 4123 μεγάλα

2045 4141 2318 4214 μυστήρια
2381 4136 2787 4213 διδασκόμενοι.
2854 4139 3019 4213 Χρίει
3077 4134 3144 4192 δὲ.
3188 4137 3277 4193 καὶ
3337 4141 3617 4216 σφραγίζει
3669 4138 3701 4193 6

2043 4230 2230 4304 Πατήρ
2257 4229 2346 4284 διὰ
2399 4233 2495 4283 τοῦ
2559 4229 2719 4304 ἁγίου
2777 4228 3114 4302 Πνεύματος.
3174 4231 3352 4284 Ταῦτα
3408 4227 3532 4302 γὰρ,
3592 4249 3703 4307 φη·

2043 4318 2148 4385 σὶν,
2180 4320 2214 4390 ἡ
2253 4320 2437 4395 χρίσις
2468 4318 2558 4375 καὶ
2587 4322 2620 4389 ἡ
2655 4319 2909 4397 σφραγὶς,
2968 4312 3220 4394 ἆρῥαϐὼν
3254 4315 3369 4373 ἐστι
3434 4320 3530 4372 τοῦ
3586 4320 3703 4372 Πα-

2044 4407 2346 4486 ρακλητου.
2391 4409 2488 4464 Διὰ
2517 4413 2684 4465 τοῦτο
2718 4405 2774 4464 δὲ
2806 4407 2904 4463 οὐκ
2933 4409 3074 4477 εἷπε,
3115 4408 3176 4463 τὸ
3243 4411 3463 4481 Πνεῦμα
3545 4404 3702 4475 δοὺς,

2039 4499 2192 4563 ἀλλ’,
2226 4526 2252 4552 ιι
2285 4494 2615 4575 Ἀῥραὸῶνα
2672 4502 2774 4554 τοῦ
2834 4497 3172 4570 Πνεῦματος,
3238 4521 3265 4549 ι)
3312 4492 3547 4572 βεϐαιῶν
3604 4496 3701 4559 τὰς

2043 4587 2355 4663 μελλούσας
2388 4585 2641 4649 ἐλπίδας.
2672 4588 2733 4645 Ὀ
2764 4587 2863 4661 γὰρ
2898 4581 3152 4662 ἆρῥαϐὼν
3213 4580 3431 4662 βεϐαιοῖ
3479 4585 3540 4640 τὸ
3592 4588 3697 4637 πᾶν

279 4674 357 4729 tio
388 4675 568 4730 arrha
593 4681 683 4730 est
715 4674 1026 4732 Paracleti.
1062 4676 1366 4749 Siquidem
1399 4680 1472 4735 ob
1497 4680 1556 4754 id
1577 4699 1697 4738 non
1736 4681 1927 4737 dixit:

2046 4677 2417 4754 συνάλλαγμα
2481 4682 2782 4755 Τοιγαροῦν
2856 4676 2946 4731 καὶ
3033 4676 3061 4731 6
3140 4679 3234 4730 νῦν
3292 4670 3545 4750 ἆρῥαόὼν
3599 4672 3697 4730 τοῦ

277 4763 384 4830 Qui
420 4764 584 4820 dedit
634 4765 944 4837 Spiritum,
1005 4767 1126 4835 sed,
1188 4790 1216 4818 ‹‹
1283 4769 1530 4826 Arrham
1590 4772 1931 4844 Spiritus,»

272 4850 613 4910 futurorum
646 4872 813 4926 spem
841 4854 1205 4912 confirmans
1239 4874 1252 4912 :
1287 4859 1471 4914 etnim
1521 4860 1697 4915 arrha
1756 4876 1934 4916 omne

275 4948 516 5012 pactum
540 4945 857 5000 conﬁrmat
878 4963 945 5001 ac
965 4947 1209 5004 stabilit.
1239 4949 1439 5020 Itaque
1464 4957 1521 5005 et
1567 4967 1730 5004 nunc
1757 4949 1936 5006 arrha

277 5030 531 5100 Spiritus
555 5035 872 5089 confirmat
888 5035 1059 5091 nobis
1093 5037 1293 5092 futura
1335 5038 1510 5094 bona.
1561 5056 1692 5108 qua:
1724 5037 1934 5094 oculus

276 5136 393 5173 non
422 5120 568 5175 vidit
598 5112 849 5178 et‘auris
878 5141 999 5180 non
1027 5126 1250 5181 audivit
1284 5124 1348 5178 1⁸.
1407 5149 1435 5177 ‹‹
1488 5128 1556 5180 Et
1606 5128 1707 5197 qui
1771 5126 1936 5182 dedit

276 5209 512 5264 arrham
541 5210 811 5282 Spiritus.
838 5236 866 5264 ››
886 5215 1267 5270 Extrinsecus
1290 5214 1762 5271 subaudiendem
1803 5224 1893 5271 est
1917 5233 1931 5273 :

278 5298 376 5366 qui
401 5299 927 5359 conﬁrmatnosin
953 5305 1274 5362 Christum.
1322 5305 1420 5375 qui
1471 5305 1641 5359 unxit
1688 5313 1746 5360 et
1775 5306 1931 5361 obsi-

278 5389 494 5460 gnavit.
518 5390 798 5463 deditque
824 5394 1062 5448 arrham
1096 5393 1351 5465 Spiritus
1383 5393 1444 5448 in
1495 5394 1775 5451 cordibus
1822 5413 1935 5450 no-

281 5479 594 5553 stris,ipse.
621 5483 839 5555 inquit,
862 5485 1069 5555 estqui
1112 5501 1251 5540 suas
1296 5483 1558 5556 complet
1587 5487 1933 5558 promissio-

278 5585 406 5627 nes.
439 5572 765 5630 Considera
795 5574 1092 5647 quomodo
1125 5573 1614 5633 manifestissime
1660 5584 1931 5635 sanctam

344 5722 389 5757 ¹⁸
421 5725 587 5779 Rom.
621 5741 722 5796 xu,
756 5729 807 5780 ι.
838 5724 885 5764 ιο
908 5726 933 5779 Ι
960 5725 1092 5784 Cor.
1126 5742 1189 5797 ιι,
1229 5729 1283 5782 9.

2046 4768 2361 4841 Πνεῦματος
2416 4771 2702 4822 πιστοῦται
2733 4768 2872 4838 ἡμῖν
2903 4766 2969 4820 τὰ
3001 4761 3275 4839 μέλλοντα
3333 4764 3367 4819 ἅ
3416 4763 3705 4844 ὀφθαλμὸς

2087 4857 2100 4879 ἱ
2198 4855 2255 4876 ‘1'"
2385 4857 2399 4875 ἱ
2472 4856 2497 4876 ν
2604 4855 2642 4890 9.
2707 4858 2719 4877 Ι
2864 4877 2883 4887 ρ
3137 4852 3161 4872 '\
3199 4855 3211 4889 ἓ
3329 4856 3341 4870 \
3427 4853 3442 4871 9
3602 4858 3628 4870 υ

2046 4879 2146 4914 ουκ
2175 4874 2285 4913 ε.οε
2313 4880 2400 4913 και
2437 4878 2527 4918 ους
2559 4878 2662 4911 ουκ
2683 4857 2905 4926 ἤκουσε.
2938 4880 2966 4908 ‹‹
3001 4854 3105 4913 Καὶ
3133 4874 3259 4917 οοδς
3289 4876 3382 4910 τον
3416 4849 3707 4932 αρραϐωνα

2042 4953 2140 5003 τοῦ
2195 4949 2529 5021 Ilva-351.1104.
2596 4970 2623 5000 ιι
2683 4948 2918 5018 Ἕξωθεν
2977 4954 3467 5017 συνυπακουστὲον,
3528 4947 3556 5001 6
3619 4947 3709 5021 βε-

2045 5032 2216 5092 ϐαιῶν
2250 5039 2397 5109 ἡμᾶς
2422 5036 2498 5097 εἷς
2529 5038 2765 5112 Χριστὸν
2796 5038 2824 5092 6
2858 5038 3056 5113 χρίσας
3116 5036 3205 5090 καὶ⁵
3262 5035 3708 5113 σφραγισάμενος

2043 5127 2132 5182 καὶ
2164 5125 2290 5189 δοὺς
2322 5128 2411 5183 τὸν
2450 5122 2742 5201 ἀρῥαῦῶνα
2772 5129 2868 5182 τοῦ
2913 5126 3225 5199 Πνεῦμα-τος
3280 5125 3334 5180 ἐν
3392 5130 3512 5189 ταῖς
3572 5145 3709 5201 καρ-

2045 5213 2186 5278 δῖαις
2221 5219 2396 5288 ἡμῶν,
2430 5216 2591 5279 αὐτός
2625 5216 2765 5273 ἐστιν
2796 5217 2824 5270 6
2878 5215 3130 5291 πληρῶν,
3189 5215 3345 5296 φησὶ,
3404 5215 3502 5279 τὰς
3562 5214 3710 5281 ἰδίας

2046 5306 2392 5381 ὑποσχέσεις.
2455 5308 2595 5381 Ὅρα
2652 5310 2769 5361 πῶς
2828 5304 3194 5380 παρεδήλωσε
3252 5303 3555 5385 σαφέστατα
3604 5308 3707 5375 τήν

2042 5397 2198 5471 ἁγίαν
2230 5395 2457 5470 Τριάδα-
2492 5398 2554 5453 Ὀ
2589 5397 2774 5472 Πατὴρ
2806 5398 2833 5452 6
2874 5392 3111 5470 βεϐαιῶν
3143 5399 3295 5471 ἡμᾶς
3338 5394 3417 5459 εἲς
3446 5396 3713 5471 Χριστὸν,

2041 5486 2130 5542 καὶ
2163 5486 2357 5561 χρίσας
2390 5485 2480 5541 διὰ
2503 5490 2599 5542 τοῦ
2642 5487 2798 5563 ἁγίου
2859 5493 3201 5562 Πνευματος,
3266 5485 3430 5549 αὐτὸς
3498 5484 3718 5559 πληροῖ

2043 5575 2131 5633 καὶ
2160 5577 2254 5641 τὰς
2287 5579 2635 5654 ὑποσχέσεις,
2664 5579 2740 5635 Τὸ
2773 5574 2852 5648 δὲ,
2885 5577 3120 5655 πληροῖ,
3152 5576 3258 5634 ἀπὸ
3300 5580 3489 5635 κοινοῦ
3510 5574 3711 5649 νόησαι
